2528 3788
280 243 360 284 190

280 331 454 382 ἅνθρωπος
471 329 518 368 ὢν
544 332 603 369 καὶ
626 332 698 374 ταῖς
728 330 955 383 ἀνθρωπίναις
974 333 1105 385 ὀρέξεσι
1124 350 1302 387 κατεσχη-

279 388 401 439 μένος,
424 387 465 427 ἂν
496 388 742 442 καταφρονήσῃ
775 393 842 429 τῶν
873 393 977 440 θεῶν,
1003 392 1178 437 κάκείνους
1199 395 1305 444 μηδὲν

276 446 399 498 νομίσῃ
421 453 437 477 8
471 446 556 500 πρὸς
583 447 687 487 αὑτὸν
725 448 880 498 ἀνήκειν,
901 449 919 473 ¹¹
945 451 1064 505 πόρῤω
1099 451 1161 502 μὲν
1193 454 1305 492 αὐτῶν

276 505 515 557 ἀπῳκισμένος
534 507 568 544 ἐν
589 508 639 559 τῷ
659 509 741 557 ζῆν,
771 507 957 547 ἀπαθανὼν
987 508 1021 547 δὲ
1054 509 1131 548 οὐδὲ
1163 509 1213 550 ἔτι
1231 509 1277 548 ὤν
1291 541 1302 562 ,

273 564 408 613 ἕτοιμος
429 565 470 602 ἂν
491 565 581 604 ἔλθοι
605 565 688 618 πρὸς
709 566 748 604 τὸ
769 567 970 619 χαρίζεσθαι
998 569 1072 610 ταῖς
1093 568 1300 619 ἐπιθυμίαις.

272 621 398 660 Πίστιν
435 624 502 675 γὰρ
536 624 657 662 λαὸεῖν
686 625 766 678 περὶ
795 628 853 664 τοῦ
883 626 998 664 λαθεῖν
1030 627 1212 666 ἀδικοῦντα
1243 629 1304 667 οὐκ

272 680 457 733 ἀδύνατον,
490 682 531 720 ἂν
564 698 603 734 γε
627 683 825 736 ἀνθρώπους
850 684 911 737 δέῃ
943 683 1136 723 λανθάνειν·
1166 687 1204 724 οὐ
1235 685 1302 738 μὴν

276 740 462 791 ἀναγκαῖον
479 740 489 764 ¹
511 742 549 780 ἐκ
569 743 699 786 παντὸς
711 744 828 782 λαθεῖν
850 745 988 794 ζητεῖν,
1008 743 1090 782 ὅπου
1111 744 1150 796 γέ
1167 760 1217 790 τις
1235 748 1302 784 τῶν

269 798 524 850 πεφωρακότων
559 803 696 853 κρατεῖν
718 801 882 846 ἀδύνατός
907 803 1012 840 ἔστιν.
1043 800 1058 823 ¹¹
1077 799 1188 842 Ὥστε
1213 803 1302 844 ἕτοι-

269 857 331 906 μόν
354 874 386 896 τι
406 862 528 910 χρῆμα
549 862 632 912 πρὸς
649 861 784 900 ἀδικίαν
802 864 824 909 ἡ
846 864 906 909 τῆς
921 861 1081 914 προνοίας
1096 862 1300 914 ἀπόγνωσις.

269 915 422 961 Ἐκεῖνος
445 917 507 969 μὲν
534 919 676 972 γὰρκαὶ
696 920 787 959 πάνυ
815 921 966 973 χρηστός
989 923 1101 969 ἐστιν,
1133 919 1224 967 ὅστις
1239 923 1301 970 τὴν

266 975 392 1022 ἡδονὴν
415 980 499 1028 ἡμῖν
531 979 716 1033 προτείνας
737 981 782 1023 ὡς
805 980 955 1032 ἀγαθόν,
974 978 1033 1018 καὶ
1052 979 1116 1028 τὴν
1144 981 1182 1019 ἐκ
1216 985 1300 1021 θεῶν

267 1034 383 1072 ἄδειαν
406 1036 695 1089 παρασχόμενος,
719 1037 769 1076 ἔτι
791 1038 954 1090 μηχανὴν
973 1037 1058 1090 πρὸς
1087 1039 1124 1077 τὸ
1144 1038 1193 1090 μὴ
1223 1040 1298 1077 ἀδι·

265 1093 335 1132 κεῖν
356 1094 508 1146 πορίζειν
524 1096 644 1134 οἴεται·
672 1096 787 1147 ὅμοιόν
816 1112 850 1135 τι
879 1099 985 1136 ποιῶν
1009 1099 1137 1149 ἰατρῷ,
1155 1096 1217 1144 τὴν
1238 1098 1300 1147 μὲν

265 1151 315 1190 ἔτι
332 1154 456 1197 ζῶντος
476 1158 534 1192 τοῦ
555 1154 744 1204 κάμνοντος
766 1156 924 1206 βοήθειαν
940 1157 1109 1208 παρέντι,
1129 1155 1217 1205 μετὰ
1235 1157 1299 1194 θά-

265 1224 367 1248 νατον
401 1209 435 1248 δὲ
465 1211 604 1251 πλέκειν
634 1214 728 1256 τινὰς
754 1212 939 1264 μηχανὰς1
981 1212 1185 1265 πειρωμένῳ
1213 1215 1300 1266 πρὸς

263 1269 437 1321 σωτηρίαν
456 1274 514 1309 τοῦ
534 1274 728 1314 τεθνεῶτος.
760 1272 1026 1323 Παραπλησίως
1048 1273 1083 1310 δὲ
1109 1271 1219 1323 τούτῳ
1239 1273 1299 1311 καὶ

263 1328 281 1363 ὁ
301 1329 582 1379 περιπατητικός.
643 1330 695 1368 Οὐ
720 1329 783 1381 γὰρ
816 1329 923 1372 οὕτως
942 1333 963 1376 ἡ
986 1330 1062 1383 περὶ
1084 1328 1146 1376 τὴν
1173 1329 1298 1376 ἡδονὴν

264 1386 417 1438 σπουδή,
434 1387 479 1429 ὡς
494 1391 516 1435 ἡ
535 1388 613 1440 περὶ
633 1387 670 1425 τὸ
686 1388 791 1435 θεῖον,
810 1387 862 1426 ὅτι
881 1387 1032 1436 κήδοιτο,
1048 1388 1194 1425 ἀπιστία
1209 1416 1218 1434 ,
1234 1387 1297 1434 τὴν

262 1445 398 1483 ἀδικίαν
429 1446 669 1498 ἐπιρρώννυσι.
689 1446 735 1485 Τί
750 1442 827 1493 οὖν,
845 1447 955 1497 φήσαι
977 1461 1026 1490 τις
1050 1446 1106 1493 ἄν,
1128 1447 1163 1483 ἐν
1183 1446 1299 1499 ταύτῷ

262 1502 376 1549 θήσεις
406 1503 642 1555 Ἀριστοτέλην
674 1504 734 1543 καὶ
754 1504 983 1555 Ἐπίκουρον;
1007 1505 1106 1544 Πάνυ
1135 1503 1197 1554 μὲν
1219 1498 1298 1552 offui,

260 1559 306 1604 ὥς
342 1576 377 1612 γε
406 1562 489 1613 πρὸς
520 1562 557 1599 τὸ
591 1562 828 1614 προκείμενον.
863 1563 910 1601 Τί
943 1563 1009 1614 γὰρ
1031 1562 1183 1615 διαφέρει
1215 1563 1299 1615 πρὸς

261 1622 371 1668 ἡμᾶς,
393 1619 414 1666 ἢ
442 1624 499 1658 τοῦ
517 1620 648 1669 κόσμου
669 1621 708 1659 τὸ
729 1624 816 1659 θεῖον
848 1619 1081 1666 ἐξοικίσασθαι
1100 1621 1160 1660 καὶ
1184 1623 1295 1671 μηδε-

262 1678 343 1728 μίαν
364 1681 447 1728 ἧμῖν
464 1679 548 1730 πρὸς
568 1680 650 1717 αὐτὸ
666 1679 846 1718 κοινωνίαν
866 1680 1068 1727 ἀπολιπεῖν,
1086 1680 1107 1727 ἢ
1125 1682 1159 1718 ἐν
1176 1681 1298 1734 κόσμῳ

261 1736 339 1780 τοὺς
359 1737 453 1782 θεοὺς
474 1738 700 1790 καθείρξαντα
719 1740 788 1777 τῶν
809 1738 869 1777 ἐπὶ
889 1741 952 1790 γῆς
974 1740 1192 1791 πραγμάτων
1216 1743 1299 1778 ἀπο-

261 1797 410 1844 στῆσαι;
431 1797 523 1836 Κατ’
546 1796 619 1835 ἴσον
636 1796 703 1849 γὰρ
720 1798 925 1849 ἀμφοτέροις
946 1798 983 1836 τὸ
1001 1799 1040 1836 ἐκ
1065 1800 1149 1836 θεῶν
1173 1799 1298 1849 ἀμελὲς

260 1856 306 1898 εἷς
326 1855 404 1899 τοὺς
424 1855 644 1908 ἀνθρώπους,
670 1856 729 1894 καὶ
761 1856 819 1904 ἴση
840 1862 910 1900 τοῖς
941 1858 1098 1895 ἀδικοῦσι
1120 1857 1188 1896 ἀπὸ
1223 1861 1292 1897 τῶν

260 1915 343 1951 θεῶν
365 1913 478 1953 ἄδεια.
502 1915 553 1953 Τὸ
572 1914 608 1953 δὲ
629 1914 765 1952 ἐκείνων
788 1914 959 1965 μενόντων
979 1917 1057 1954 κατ’
1077 1915 1217 1965 οὐρανὸν
1239 1917 1297 1955 καὶ

258 1973 351 2022 ἡμᾶς
370 1988 404 2011 τι
427 1973 578 2025 χρηστὸν
598 1974 806 2023 ἀπολαύειν,
836 1974 993 2023 μάλιστα
1013 1973 1075 2023 μὲν
1093 1974 1209 2012 κοινὸν
1233 1974 1292 2012 καὶ

933 245 1096 286 ATTICl
1125 245 1398 287 PLATONICI
1429 249 1745 290 PHILOSOPHI

1368 335 1501 387 ἀλόγων
1515 337 1573 376 καὶ
1588 337 1746 390 ἀψύχων·
1765 336 1832 384 ἤδη
1861 336 1895 375 δὲ
1915 336 2024 391 ταύτῃ
2044 354 2082 391 γε
2114 339 2173 378 καὶ
2194 340 2271 378 κατ’
2292 337 2395 380 Ἐπί-

1366 410 1485 446 κουρον
1502 394 1616 442 ὄνησις
1628 397 1697 439 τοῖς
1713 395 1902 448 ἀνθρώποις
1919 396 1988 434 ἀπὸ
2014 401 2099 437 θεῶν
2118 397 2285 450 γίγνεται.
2318 397 2392 443 Τὰς

1365 456 1443 501 γοῦν
1462 454 1638 506 βελτίονας
1649 454 1839 508 ἀποῤῥοίας
1860 456 1972 494 αὐτῶν
1994 471 2077 509 φασι
2094 461 2163 500 τοῖς
2181 459 2394 510 μετασχοῦσι

1366 511 1526 561 μεγάλων
1537 516 1674 566 ἀγαθῶν
1683 513 1868 566 παραιτίας
1882 513 2056 565 γενέσθαι.
2070 514 2165 554 Ἀλλ’
2174 513 2252 554 οὔτε
2262 518 2392 565 τοῦτον,

1364 567 1442 607 οὔτε
1458 573 1585 610 ἐκεῖνον
1607 572 1736 611 δίκαιον
1757 574 1790 610 ἐν
1809 571 1971 623 προνοίας
1991 572 2209 624 ὑπερμάχων
2239 574 2392 626 ἀριθμεῖ-

1365 629 1443 666 σθαι
1467 629 1558 684 λόγῳ
1576 637 1612 669 ¹¹¹.
1631 630 1741 683 Εἴπερ
1761 630 1827 683 γὰρ
1845 630 1903 669 καὶ
1923 633 2001 669 κατ’
2026 630 2234 682 Ἐπίκουρον
2263 630 2303 670 τὸ
2330 634 2394 679 τῆς

1363 688 1523 737 προνοίας
1533 690 1682 742 οἴχεται,
1694 690 1805 728 καίτοι
1817 692 1887 728 τῶν
1898 691 1982 728 θεῶν
1992 691 2070 728 κατ’
2087 687 2190 728 αὐτὸν
2204 695 2320 729 πᾶσαν
2333 704 2396 736 κη-

1363 747 1522 798 δεμονίαν
1531 748 1684 800 ὑπὲρτῆς
1693 748 1864 800 σωτηρίας
1872 750 1940 787 τῶν
1952 748 2086 787 οἰκείων
2099 749 2235 799 ἀγαθῶν
2247 748 2397 800 εἰσφερο-

1363 809 1487 860 μένων·
1507 808 1614 853 οὸτως
1638 809 1679 848 ἂν
1696 810 1826 863 οἴχοιτο
1842 807 1903 847 καὶ
1923 808 1998 847 κατ’
2020 805 2259 860 Ἀριστοτέλην
2278 805 2318 846 τὸ
2333 808 2396 854 τῆς

1362 867 1543 919 προνοίας,
1568 870 1597 906 εἰ
1623 869 1681 907 καὶ
1707 868 1751 906 τὰ
1780 867 1856 907 κατ’
1888 866 2029 920 οὐρανὸν
2050 867 2084 905 ἐν
2104 865 2198 911 τάξει
2231 864 2298 904 τινὶ
2330 863 2397 905 καὶ

1361 928 1481 978 κόσμῳ
1498 926 1689 966 διοικεῖται.
1712 926 1885 980 Πρόνοιαν
1906 927 1972 978 γὰρ
1992 927 2159 977 ζητοῦμεν
2174 927 2259 976 ἡμῖν
2275 923 2396 977 διαφί-

1363 998 1509 1036 ρουσαν,
1525 979 1566 1031 ἧς
1580 986 1617 1023 οὐ
1636 985 1777 1036 μέτεστι
1788 987 1836 1038 τῷ
1857 984 1946 1036 μήτε
1962 983 2142 1032 δαίμονας,
2163 983 2251 1034 μήτε
2265 982 2394 1036 ἥρωας,

1363 1042 1450 1093 μήτε
1471 1042 1560 1088 ὅλως
1588 1044 1820 1096 ἐπιδιαμένειν
1855 1044 2020 1083 δύνασθαι
2043 1043 2104 1087 τὰς
2135 1041 2249 1096 ψυχὰς
2269 1056 2393 1093 συγκε-

1360 1102 1548 1154 χωρηκότι.
1607 1103 1742 1142 Ἐκεῖνο
1772 1103 1809 1142 δέ
1831 1118 1889 1154 μοι
1909 1106 2009 1155 κριτῇ
2031 1101 2092 1142 καὶ
2117 1099 2394 1154 αἷσχυντηλότι-

1363 1174 1418 1210 ρον
1450 1162 1467 1197 ὃ
1499 1159 1708 1213 Ἐπίκουρος
1742 1161 1836 1200 δοκεῖ
1867 1160 2109 1208 πεποιηκέναι.
2145 1159 2199 1199 ‘'ss
2209 1174 2294 1212 σπερ
2325 1158 2394 1214 γὰρ

1361 1217 1531 1269 ἀπογνοὺς
1562 1218 1729 1257 δύνασθαι
1759 1218 1837 1262 τοὺς
1870 1217 1966 1262 θεοὺς
1992 1217 2209 1268 ἀποσχέσθαι
2241 1220 2302 1265 τῆς
2333 1219 2394 1258 ἀν’-

1363 1278 1507 1328 θρώπων
1530 1278 1737 1328 κηδεμονίας
1752 1307 1762 1324 ,
1787 1280 1836 1321 εἷς
1853 1277 1979 1315 ταύτὸν
1996 1277 2157 1321 ἐλθόντας
2178 1278 2305 1326 αὐτοῖς,
2327 1293 2392 1318 κα-

1361 1335 1475 1386 θάπερ
1507 1337 1554 1379 εἷς
1576 1335 1778 1382 ἀλλοδαπὴν
1800 1336 1955 1387 ἀπῴκισε
1968 1365 1978 1381 ,
2008 1334 2069 1373 καὶ
2088 1334 2153 1379 ἔξω
2169 1350 2236 1374 που
2251 1338 2313 1374 τοῦ
2334 1334 2394 1375 κό-

1365 1407 1455 1442 σμου
1475 1393 1681 1445 καθίδρυσε,
1698 1393 1738 1433 τὸ
1755 1394 1985 1446 ἀπάνθρωπον
1999 1394 2112 1433 αὐτῶν
2137 1396 2181 1446 τῇ
2202 1393 2394 1433 ἀποστάσει

1361 1450 1421 1489 καὶ
1448 1454 1490 1502 τῇ
1510 1452 1594 1504 πρὸς
1614 1452 1709 1490 ἅπαν
1730 1452 1964 1506 ἀκοινωνησία
1981 1452 2272 1506 παραιτούμενος.
2293 1452 2339 1492 Ὅ
2356 1454 2392 1493 δὲ

1362 1508 1522 1559 περιττὸς
1550 1513 1637 1560 ἡμῖν
1667 1505 1760 1555 οὗτος
1787 1515 1848 1559 τ’ῆς
1878 1509 2012 1564 φύσεως
2047 1510 2207 1563 εὑρετής,
2237 1509 2298 1549 καὶ
2325 1512 2395 1550 τῶν

1360 1566 1458 1605 θείων
1479 1569 1697 1620 πραγμάτων
1715 1568 1921 1622 ἐπιγνώμων
1945 1569 2109 1621 ἀκριόής,
2132 1571 2191 1608 ὑπ’
2206 1568 2319 1615 αὐτὴν
2330 1568 2393 1616 τὴν

1358 1625 1435 1678 ὄψιν
1452 1628 1520 1664 τῶν
1537 1630 1622 1665 θεῶν
1642 1627 1687 1666 τὰ
1709 1627 1910 1681 ἀνθρώπινα
1930 1629 2123 1680 πράγματα
2143 1626 2279 1671 ὖποθείς
2291 1657 2302 1676 ,
2319 1626 2394 1666 εἴα·

1359 1699 1417 1722 σεν
1440 1684 1644 1735 ἀτημέλητα
1677 1685 1736 1724 καὶ
1765 1685 2001 1739 ἀφρόντιστα,
2033 1684 2133 1738 φύσει
2160 1684 2230 1725 τινὶ
2263 1683 2325 1724 καὶ
2351 1687 2392 1724 οὐ

1360 1742 1441 1795 θείῳ
1460 1744 1618 1796 λογισμῷ
1639 1743 1871 1795 διοικούμενα.
1907 1741 2018 1784 ‘'Oeev
2036 1743 2177 1789 εἰκότως
2197 1743 2238 1783 ἂν
2257 1743 2316 1784 καὶ
2334 1746 2394 1784 αὖ·

1357 1799 1414 1844 τὸς
1432 1801 1503 1839 οὐδ’
1522 1803 1633 1840 ἐκεῖνο
1652 1802 1691 1841 τὸ
1715 1802 1874 1855 ἔγκλημα
1896 1802 2058 1856 ἐκφύγοι,
2088 1803 2106 1842 ὃ
2130 1804 2208 1843 κατ’
2226 1802 2396 1844 Ἐπικοόο

1361 1873 1419 1908 ρου
1441 1865 1458 1882 “
1486 1860 1577 1904 τινὲς
1599 1861 1840 1910 μαντεύονται·
1871 1864 1918 1905 ὥς
1940 1863 2006 1914 ἄρα
2029 1861 2077 1916 μὴ
2111 1859 2202 1900 κατὰ
2228 1861 2392 1913 γνώμην,

1358 1918 1448 1956 ἀλλὰ
1481 1919 1537 1958 διὰ
1557 1920 1596 1959 τὸ
1617 1920 1702 1973 πρὸς
1733 1920 1926 1974 ἀνθρώπων
1955 1920 2030 1965 δέος
2049 1917 2119 1965 τοῖς
2137 1921 2222 1965 θεοῖς
2251 1920 2394 1960 ἀπένει-

1362 1991 1425 2027 μεν
1443 1981 1458 1999 ⁰
1493 1979 1528 2016 ἐν
1547 1980 1596 2030 τῷ
1616 1976 1722 2017 παντὶ
1759 1977 1900 2031 χώραν,
1935 1977 2054 2031 ὥσπερ
2081 1980 2114 2018 ἓν
2135 1978 2269 2031 θεάτρῳ
2298 1977 2390 2019 θέαν.

259 2085 343 2116 state
363 2086 474 2125 ornet,
491 2084 634 2116 humano
653 2085 753 2116 etiam
773 2085 886 2126 generi
912 2085 1108 2126 prospicere.
1149 2088 1189 2117 Et
1208 2095 1294 2127 pau-

260 2144 307 2175 cis
326 2143 506 2185 interjectis
527 2153 534 2172 =
554 2153 592 2176 ac
612 2144 704 2176 Plato
725 2144 880 2186 quidem,
908 2144 1024 2185 inquit,
1049 2144 1096 2176 ita
1119 2144 1232 2177 sentit.
1255 2146 1297 2177 At

261 2212 339 2235 vero
365 2203 554 2243 Aristoteli,
591 2204 670 2236 dum
707 2205 922 2237 excellentem
960 2204 1049 2236 illam
1085 2203 1297 2245 divinamque

260 2263 411 2294 naturam
430 2271 657 2302 summovens,
677 2271 768 2304 spem
788 2262 885 2295 simul
905 2263 1010 2295 futuri
1035 2272 1166 2295 omnem
1185 2263 1294 2296 animo

259 2324 451 2363 conceptam
471 2321 576 2362 tollit,
597 2322 695 2354 simul
721 2321 819 2355 etiam
834 2331 852 2355 e
867 2322 1008 2363 vestigio
1024 2331 1152 2355 omnem
1175 2323 1296 2355 adver-

261 2390 318 2413 sus
347 2381 428 2413 deos
455 2381 609 2422 pietatem
641 2381 768 2422 aufert,
803 2391 878 2422 quae
895 2381 1028 2414 tandem
1060 2391 1135 2414 cum
1162 2382 1296 2415 Platone

259 2440 476 2472 communitas
505 2449 577 2473 esse
605 2440 734 2481 possit?
771 2442 830 2473 aut
873 2441 1037 2482 quomodo
1077 2441 1119 2473 ad
1152 2441 1297 2474 Platonis

259 2500 420 2540 praecepta
443 2499 654 2541 percipienda
674 2499 872 2532 adhortetur
898 2501 1035 2541 ejusque
1051 2499 1144 2532 dicta
1165 2500 1232 2532 ulla
1257 2509 1295 2532 ex

259 2561 352 2600 parte
376 2559 574 2590 confirmet?
604 2560 726 2591 Contra
756 2568 836 2591 sane
855 2559 1012 2600 improbis
1040 2559 1228 2600 adjutorem
1261 2568 1296 2591 se

259 2617 366 2658 palam
396 2607 434 2649 ac
467 2618 600 2650 sceleris
643 2618 875 2650 administrum
906 2618 1093 2659 profitetur.
1141 2617 1297 2658 Quisquis

259 2678 346 2710 enim
363 2676 533 2708 homoest
554 2679 586 2708 et
608 2677 759 2709 humanis
788 2675 1025 2718 cupiditatibus
1043 2677 1204 2717 affectus,
1220 2676 1248 2708 is
1268 2676 1297 2708 si

259 2737 338 2769 deos
358 2737 456 2769 semel
484 2737 708 2777 contemserit,
732 2746 790 2769 nec
812 2746 866 2769 eos
891 2737 933 2769 ad
963 2746 998 2770 se
1021 2737 1202 2778 quidquam
1223 2745 1295 2778 per-

260 2796 366 2829 tinere
392 2795 579 2837 putaverit,
609 2798 781 2837 propterea
802 2797 890 2837 quod
909 2797 1026 2838 procul
1044 2797 1086 2829 ab
1105 2796 1145 2829 iis
1169 2796 1295 2836 disjun-

261 2857 334 2888 ctus
351 2855 406 2887 hic
420 2854 532 2895 vivat,
553 2864 611 2886 nec
630 2857 705 2895 post
723 2857 864 2887 mortem
883 2856 971 2888 ullus
991 2855 1035 2888 sit
1060 2857 1210 2895 futurus,
1232 2855 1294 2887 uti-

261 2924 327 2956 que
364 2914 505 2946 fidenter
522 2913 745 2954 voluptatibus
781 2914 917 2947 serviat.
980 2916 1062 2947 Nam
1094 2916 1121 2948 si
1148 2916 1295 2951 homines

260 2975 386 3006 tantum
421 2972 554 3005 fallendi
577 2974 693 3011 erunt,
717 2982 781 3004 non
811 2974 894 3014 erit,
925 2983 984 3006 cur
1019 2984 1088 3015 eOS,
1110 2985 1211 3016 quum
1231 2977 1294 3009 im-

261 3032 364 3074 probe
394 3032 507 3071 faciet,
530 3031 631 3064 latere
663 3040 698 3063 se
734 3040 830 3072 posse
860 3032 1014 3073 desperet
1054 3046 1061 3065 :
1101 3043 1161 3067 nec
1187 3038 1294 3069 tamen

260 3101 391 3134 quoquo
432 3091 530 3123 modo
567 3091 679 3123 sceleri
711 3091 869 3123 latebram
905 3093 1115 3132 quaerendam
1144 3095 1291 3136 putabit,

261 3150 523 3192 quandoquidem
549 3160 587 3183 ex
611 3150 651 3182 iis
669 3150 726 3190 qui
744 3150 1020 3191 deprehenderint
1050 3154 1159 3185 tenere
1185 3154 1293 3195 ipsum

261 3211 294 3242 et
312 3209 464 3242 cohibere
496 3218 591 3241 nemo
610 3209 744 3251 poterit.
791 3210 1010 3246 Quamobrem
1034 3212 1091 3252 qui
1113 3212 1154 3244 de
1180 3213 1290 3254 provi-

261 3268 371 3300 dentia
403 3268 647 3310 desperaverit,
686 3269 716 3300 ei
756 3268 858 3301 facilis
897 3271 948 3301 est
975 3270 1015 3301 ad
1052 3270 1292 3311 improbitatem

261 3327 417 3360 transitus
474 3329 614 3359 Prorsus
632 3327 716 3359 enim
746 3327 798 3359 vir
818 3327 923 3359 bonus
944 3328 997 3359 ille
1012 3327 1055 3360 sit
1077 3337 1210 3362 necesse
1228 3332 1289 3369 est,

261 3387 317 3427 qui
342 3389 515 3428 postquam
543 3387 639 3419 nobis
666 3386 742 3418 hinc
770 3386 972 3428 voluptatem
993 3389 1147 3428 tanquam
1169 3388 1291 3420 bonum

264 3446 395 3487 aIIquod
418 3446 619 3487 porrexerit,
646 3446 733 3478 illinc
757 3446 891 3479 deorum
914 3448 1036 3478 metum
1056 3455 1184 3479 omnem
1213 3456 1290 3478 sus-

1356 2087 1484 2128 tulerit,
1503 2088 1695 2129 prohibendi
1722 2090 1832 2122 tamen
1852 2090 1984 2123 sceleris
2012 2090 2172 2127 rationem
2194 2089 2256 2121 sibi
2285 2088 2394 2122 adhuc

1357 2145 1438 2178 inire
1454 2146 1618 2181 videatur.
1663 2149 1755 2182 Facit
1787 2150 1895 2182 autem
1927 2149 2080 2182 slmiliter
2109 2157 2149 2181 ac
2169 2149 2198 2181 si
2219 2148 2391 2189 medicus,

1358 2206 1536 2246 postquam
1566 2209 1688 2248 aegroto
1722 2208 1845 2240 nullam
1876 2208 1956 2241 dum
1986 2207 2096 2240 adhuc
2128 2207 2265 2241 vivebat
2299 2215 2393 2249 opem

1357 2266 1454 2307 tulit,
1487 2270 1618 2300 mortuo
1649 2267 1782 2301 demum
1818 2268 1913 2302 novis
1945 2268 2073 2302 artibus
2105 2269 2224 2302 afferre
2250 2268 2393 2302 salutem

1357 2327 1504 2358 conetur.
1548 2326 1634 2358 Huic
1654 2327 1770 2367 utique
1789 2326 1948 2359 finitimus
1972 2327 2084 2360 noster
2104 2327 2204 2359 etiam
2222 2325 2390 2368 Peripate-

1356 2382 1440 2415 ticus
1457 2385 1522 2418 est.
1569 2386 1681 2426 Neque
1695 2385 1782 2418 enim
1799 2385 1846 2417 ita
1865 2385 2042 2426 voluptatis
2062 2385 2244 2426 appetitio,
2261 2386 2299 2417 ut
2324 2392 2392 2417 cer-

1357 2445 1427 2474 tum
1445 2443 1486 2475 de
1508 2443 1572 2475 diis
1601 2453 1654 2477 res
1684 2443 1845 2476 humanas
1866 2453 1930 2476 non
1957 2443 2154 2476 curantibus
2188 2444 2391 2485 praeceptum

1356 2502 1397 2533 ad
1416 2502 1660 2544 improbitatem
1680 2501 1954 2535 corroborandam
1973 2502 2074 2536 valet.
2119 2502 2210 2541 Quid
2227 2510 2322 2544 ergo,
2337 2501 2391 2534 in-

1355 2561 1446 2602 quiet
1462 2561 1599 2603 aliquis,
1624 2563 1659 2594 tu
1680 2562 1795 2594 eodem
1819 2562 1893 2594 loco
1924 2561 2157 2603 Aristotelem,
2186 2570 2252 2602 quo
2271 2561 2391 2604 Epicu-

1356 2630 1430 2653 rum
1444 2621 1614 2654 habiturus
1628 2630 1664 2654 es
1676 2624 1690 2653 Ρ
1708 2621 1864 2660 Omnino,
1893 2623 2050 2662 quantum
2069 2621 2113 2654 ad
2131 2621 2217 2654 hanc
2233 2621 2390 2664 quaestio·

1355 2688 1440 2712 nem.
1456 2679 1540 2718 Quid
1558 2679 1643 2712 enim
1662 2681 1776 2712 nostra
1790 2680 1949 2721 interest,
1970 2681 2081 2713 utrum
2099 2689 2118 2713 e
2135 2679 2258 2713 mundo
2271 2688 2390 2714 numen

1355 2738 1502 2771 divinum
1525 2738 1722 2771 extermines
1735 2763 1744 2778 ‚
1771 2737 1931 2780 nobisque
1957 2747 2032 2770 cum
2054 2747 2093 2771 eo
2113 2738 2194 2771 nibil
2212 2737 2390 2771 communi·

1354 2796 1431 2830 tatis
1465 2796 1651 2838 relinquas,
1675 2806 1716 2829 an
1747 2797 1827 2830 deos
1855 2796 1889 2829 in
1919 2796 2040 2829 mundo
2070 2795 2214 2829 inclusos
2244 2804 2264 2828 a
2289 2795 2389 2829 rebus

1355 2856 1565 2889 terrestribus
1596 2865 1765 2890 semoveas
1798 2864 1838 2888 ac
1868 2855 2043 2897 sejungas?
2071 2855 2216 2896 AEqualis
2235 2854 2388 2889 videlicet

1355 2926 1396 2950 ex
1416 2918 1554 2958 utraque
1572 2916 1721 2949 doctrina
1738 2924 1812 2948 cum
1842 2915 1875 2947 in
1904 2914 1968 2947 diis
2000 2915 2177 2947 hominum
2198 2915 2383 2956 neglectio,

1354 2978 1423 3009 tum
1441 2977 1472 3008 in
1490 2975 1645 3017 improbis
1664 2973 1800 3007 deorum
1831 2975 1950 3006 ,metus
1977 2973 2126 3006 vacuitas
2155 2974 2384 3015 consequetur.

1355 3037 1435 3067 Nam
1453 3034 1543 3076 quod
1559 3044 1599 3067 ex
1618 3034 1677 3075 iis,
1694 3033 1773 3066 dum
1794 3032 1827 3065 in
1855 3032 1940 3064 coelo
1961 3033 2144 3073 versantur,
2175 3032 2304 3066 fructus
2323 3032 2386 3066 ali-

1354 3095 1433 3136 quid
1454 3104 1512 3127 nos
1545 3094 1645 3127 etiam
1669 3092 1862 3134 capiamus:
1891 3090 2033 3132 primum
2068 3093 2176 3124 totum
2207 3092 2271 3125 hoc
2287 3091 2383 3125 nobis
2434 3116 2440 3123 .

1356 3163 1433 3186 cum
1451 3153 1550 3186 rebus
1570 3162 1634 3185 non
1653 3151 1778 3184 ratione
1795 3149 1900 3182 solum
1912 3175 1920 3190 ‚
1940 3150 2000 3183 sed
2021 3149 2120 3183 etiam
2140 3150 2249 3182 anima
2266 3158 2382 3183 caren-

1354 3213 1441 3245 tibus
1457 3221 1626 3245 commune
1646 3213 1697 3244 est
1720 3220 1728 3242 :
1746 3208 1864 3242 deinde
1891 3209 2030 3242 similem
2050 3218 2180 3251 quoque
2205 3208 2383 3241 utilitatem

1353 3271 1399 3305 dii
1418 3269 1605 3304 hominibus
1631 3269 1770 3311 Epicuro
1795 3267 1908 3310 Judice
1934 3269 2088 3301 asserunt.
2135 3270 2216 3306 Quae
2235 3267 2324 3299 enim
2342 3266 2383 3299 ab

1352 3330 1414 3363 illis
1431 3329 1555 3372 optima
1574 3329 1737 3369 defluunt,
1757 3328 1875 3370 quibus
1894 3328 1962 3369 ipsa
1976 3326 2183 3367 contigerint,
2202 3325 2382 3367 ingentium

1353 3389 1510 3421 bonorum
1529 3398 1644 3421 causas
1663 3396 1735 3420 esse
1757 3387 1889 3420 docent.
1936 3388 1977 3418 At
2009 3395 2116 3427 neque
2148 3386 2255 3426 hunc,
2276 3393 2382 3426 neque

1351 3447 1441 3480 illum
1465 3456 1594 3489 aequum
1612 3449 1663 3480 est
1678 3446 1710 3480 in
1727 3445 1940 3488 providentiae
1957 3444 2188 3478 defensoribus
2206 3443 2378 3477 numerari.
