2528 3788
1069 217 1403 260 FRAGMENTA,

389 310 958 400 12—-13-(=12—3=9)3

71 424 73 426 ¹
99 469 119 474 r.
145 447 223 483 ,nos
241 433 348 473 enim
361 434 543 472 chordam
562 438 683 485 ipsam
710 445 778 472 seu
801 445 941 471 sonum
965 429 1199 483 primarium

146 506 223 547 pro
259 501 336 532 voto
363 491 575 541 habemus,
605 491 718 543 cujus
742 499 862 542 parte
902 498 1041 541 quarta
1071 489 1200 530 demta

146 551 390 593 diatessaron
430 551 603 604 relinqui
643 551 832 598 dicimus3
860 550 986 590 Graeci
1013 552 1198 601 reliquam

95 642 98 650 .
146 613 302 652 chorda·
324 621 475 664 partem
499 625 574 664 pro
608 620 680 649 toto
708 609 928 658 habebant,
959 609 1023 649 cui
1056 609 1200 649 deinde

83 694 98 709 ·.
147 664 412 725 adjiciebatur
425 673 546 724 (velut
560 670 608 710 ad
622 669 892 722 complendam
911 669 1110 722 chordam)
1124 679 1200 708 ter-

146 729 630 785 tiaey‘uspars(12÷13³
657 730 741 768 sive
767 743 812 767 12
831 734 921 775 -ff-l.
944 744 994 766 =
1022 729 1113 783 16).
1131 731 1200 769 At-

152 805 230 845 que
245 801 289 832 ut
301 792 542 833 diatessaron
554 803 603 829 ex
617 789 808 842 primario
824 802 922 828 sono
942 788 1197 840 colligebant,

146 852 203 892 ita
215 852 368 905 reliqua
391 863 549 904 quoque
565 848 776 888 intervalla
800 849 1045 888 constituere
1075 862 1202 888 assue-

147 920 302 952 verant.
329 909 453 949 Venio
469 909 550 962 jam
576 909 627 948 ad
651 921 836 947 numeros
853 938 865 959 ,
895 909 1041 960 quibus
1068 908 1199 947 Graeci

149 969 358 1010 intervalla
371 969 594 1020 signabant.
610 971 818 1006 Primarius
829 982 941 1006 sonus
955 968 1023 1007 tali
1038 981 1202 1007 numero

149 1029 345 1068 notandus
378 1037 482 1079 erat,
514 1027 643 1080 qualis
682 1026 796 1066 facile
836 1027 878 1065 in
905 1036 1036 1080 partes
1075 1026 1203 1066 dividi

149 1098 282 1142 posset
310 1088 342 1129 i.
369 1101 404 1130 e.
442 1087 556 1140 cujus
582 1087 718 1136 tertia,
750 1096 913 1139 quarta,
950 1096 1087 1127 octava
1110 1100 1202 1140 pars

148 1147 254 1189 haud
276 1147 492 1188 difficulter
522 1141 786 1187 inveniretur.
819 1146 949 1193 Quare
968 1146 1200 1199 philosophi

143 1207 229 1260 jam
245 1216 334 1248 ante
345 1207 555 1262 §Platonem
575 1221 770 1246 numerum
798 1221 870 1259 ¹9²
882 1211 1110 1260 primarium
1128 1220 1203 1260 po-

150 1277 326 1309 suerant.
349 1268 387 1309 [s
405 1280 595 1307 numerus
617 1267 737 1306 habet
764 1281 774 1305 ε

626 1341 685 1372 192
699 1337 740 1380 -ι-
756 1340 812 1371 192
828 1352 869 1365 =
883 1340 944 1371 384

149 1427 360 1463 niatessaron
376 1426 581 1472 (ἐπίτριτον).
629 1429 687 1460 192
701 1426 743 1468 4-
755 1399 822 1490 19Τ2
832 1441 874 1454 =
886 1429 948 1459 256

149 1338 580 1382 Diapassn...:....

150 1518 281 1552 'tonum
295 1515 494 1560 (ἐπόγδοον)
511 1515 582 1559 pri·
666 1518 671 1539 ‘
759 1543 816 1573 192

192 1578 287 1607 mum
295 1593 584 1606 .........
630 1572 688 1602 192
702 1569 744 1611 -Ι-
754 1587 820 1632 T
833 1582 875 1598 =
887 1573 948 1603 216

151 1671 280 1704 Tenum
290 1667 497 1715 secundum.
512 1636 515 1639 Ι
520 1692 842 1706 ..........
888 1674 949 1704 216
962 1671 1004 1714 -Ι-
1015 1642 1078 1733 2-ἓέ
1093 1686 1134 1698 =
1148 1672 1208 1703 243

58 1739 70 1772 ζ’
124 1775 125 1779 ’
150 1767 315 1810 mapente
334 1767 523 1811 (ἡμιόλιον).
539 1793 548 1802 .
573 1792 584 1803 .
631 1771 688 1802 192
704 1768 747 1811 -l-
758 1742 822 1832 Eg}
834 1784 875 1799 =
889 1774 948 1804 288

150 1867 346 1902 Proximum
367 1868 487 1903 deinde
506 1859 622 1903 ton‘um
626 1893 845 1905 .......
890 1874 951 1905 288
965 1871 1006 1914 -l-
1017 1847 1080 1937 ss
1093 1889 1133 1903 =
1149 1877 1209 1910 324

151 1969 302 2004 Alterum
316 1971 446 2005 tonum.
461 1995 472 2006 .
497 1995 508 2006 .
533 1995 543 2006 .
567 1995 578 2006 .
621 1974 684 2006 324
699 1945 816 2035 4-ss-

150 2065 344 2107 Caeterum
361 2067 612 2108 intervallum
631 2069 734 2108 inter
755 2069 831 2114 243
858 2067 1052 2123 (ἐπόγδοον
1067 2083 1208 2110 secun-

150 2127 268 2181 dum)
283 2137 323 2167 et
344 2128 422 2167 256
445 2127 552 2182 (sive
571 2128 839 2182 diatessaron)
859 2137 915 2168 est
932 2143 1120 2170 numerus
1146 2132 1208 2178 13,

151 2187 223 2240 qui
243 2201 367 2240 quum
385 2187 594 2241 prioribus
617 2190 791 2228 numeris
810 2202 890 2228 non
906 2189 1166 2240 contineatur,
1187 2205 1208 2230 a

153 2246 302 2286 Graecis
324 2246 604 2287 nominabatur
622 2248 784 2300 λεῖμμα,
805 2248 847 2287 id
878 2249 982 2300 quod
1005 2250 1207 2302 reliquum

152 2316 226 2359 est,
254 2307 340 2347 sive
366 2307 630 2347 hemitonium
659 2308 802 2347 minus.
831 2307 930 2347 Vide
960 2309 1207 2350 Mam-obium

152 2367 180 2406 l.
193 2379 229 2407 c.
251 2365 328 2405 Sed
341 2367 569 2406 octonarius
583 2367 624 2406 in
640 2369 717 2414 324
735 2381 816 2406 non
830 2368 1069 2417 continetur,
1093 2379 1210 2422 atque

151 2424 327 2475 idcirco,
358 2433 404 2464 ut
430 2427 486 2465 ait
510 2426 746 2467 Plutarchus
768 2427 843 2466 hoc
862 2429 950 2467 loco
970 2429 1211 2480 ἠναγκάζοντο

150 2483 259 2525 πάλιν
293 2483 372 2530 τοὺς
403 2484 574 2539 ἀριθμοὺς
601 2485 791 2539 ἐπανάγειν
821 2487 881 2526 καὶ
902 2487 1066 2539 μείζονας
1092 2494 1209 2529 ποιεῖν

156 2546 177 2596 (
183 2558 231 2584 ea
250 2553 381 2586 mente
405 2554 541 2599 utapro
562 2548 638 2593 324
670 2547 771 2587 alius
799 2547 1051 2588 inveniretur
1080 2563 1212 2590 nume-

99 2611 111 2620 ”
153 2618 248 2654 rus,
268 2619 349 2658 quo
373 2607 604 2647 octonarius
623 2608 893 2647 contineretur
909 2609 937 2661 )·
966 2607 1036 2650 ἔδει
1058 2609 1121 2661 μὲν
1140 2610 1210 2664 γὰρ

32 2701 35 2704 .
57 2707 71 2720 ,
113 2671 117 2676 '
153 2665 276 2720 ἐφεξῆς
293 2669 403 2720 (post
417 2667 621 2720 diapente)
642 2668 794 2722 ἐπόγδοα
814 2668 974 2721 γίνεσθαι
991 2669 1063 2709 δύο·
1086 2673 1148 2719 τῆς
1173 2670 1209 2710 δὲ

105 2779 111 2785 ἱ
154 2723 273 2771 ἑξάδος
303 2724 376 2765 οὔτ’
400 2725 546 2765 αὐτόθεν
581 2725 751 2780 ἐπόγδοον
787 2727 938 2782 ἐχούσης
960 2728 1105 2783 (quum
1136 2745 1208 2769 nu-

107 2788 110 2790 ’
155 2797 287 2825 merus
303 2785 379 2833 324
407 2786 590 2839 [sextum
610 2787 906 2838 diagrammatis
925 2803 1066 2830 sonum
1090 2791 1208 2842 signi-

78 2857 88 2869 ‘
130 2855 131 2858 ’
155 2843 304 2898 ficans]
331 2853 511 2885 octavam
530 2847 591 2886 sui
612 2856 762 2900 partem
786 2848 893 2887 intra
918 2862 959 2888 se
982 2863 1062 2888 non
1081 2849 1208 2889 habe-

86 2999 89 3002 Δ
197 2959 219 2991 6
252 2957 314 2991 ms
330 2958 378 2993 ita
401 2958 656 3004 demonstratis,
680 2962 846 3005 quomodo
868 2962 1094 3006 compleantur
1114 2963 1215 2997 inter-

104 3026 123 3037 *
154 3015 243 3059 valla
256 3019 292 3051 et
313 3017 503 3053 inserantur
522 3020 742 3063 medietates,
772 3021 903 3056 etiamsi
928 3031 1024 3056 nemo
1045 3023 1114 3065 jam
1139 3023 1215 3056 ante

105 3083 111 3094 ·
156 3080 468 3121 commati-asset,
498 3081 607 3114 tamen
623 3081 720 3115 vobis
746 3082 832 3115 hanc
851 3082 1121 3116 exercitationem
1137 3082 1215 3116 reli·
1242 3087 1246 3091 ’

80 3143 87 3160 ’·
109 3143 142 3162 1‘·
155 3135 316 3178 quinem.
359 3139 454 3172 Nunc
465 3148 570 3182 quum
599 3140 697 3174 multi
722 3143 757 3175 et
774 3141 896 3184 egregii
925 3141 991 3175 viri
1009 3141 1045 3174 id
1070 3142 1217 3184 perfece-

20 3190 38 3235 ἦ
108 3202 115 3219 ⁴
137 3192 236 3236 urim,
255 3194 394 3229 Crantor
405 3196 548 3231 maxime
560 3223 568 3238 ‚
589 3198 769 3234 Clearchus
782 3202 814 3234 et
831 3200 1023 3234 Theodorus
1039 3201 1190 3235 Solenses
1207 3213 1215 3233 ι

33 3247 38 3307 ἶ
69 3284 74 3296 ι,
118 3257 264 3294 -ιριιιοιι
294 3253 336 3287 de
366 3264 482 3289 eorum
515 3256 720 3293 dissensione
756 3259 887 3301 dicere,
914 3269 980 3293 non
1004 3260 1120 3294 inutile
1153 3261 1215 3293 est.

158 3309 352 3346 steodorus
365 3313 451 3347 enim
470 3324 546 3358 non,
562 3318 601 3350 ut
616 3317 662 3350 illi
674 3343 683 3360 ,
697 3317 782 3352 duos
798 3318 931 3352 ordines
943 3319 1139 3362 instituens,
1158 3319 1218 3352 sed

15 3364 20 3378 ”
71 3411 77 3436 ἲ
128 3384 130 3388 ·
157 3369 195 3404 h
214 3378 280 3404 nna
291 3370 376 3405 linea
393 3372 550 3418 deinceps
566 3375 686 3419 duplos
713 3378 896 3421 triplosque
912 3388 1056 3422 ponens,
1074 3379 1218 3421 primum

161 3427 280 3463 nltitur
301 3432 451 3466 materiae
475 3433 532 3468 illa
557 3444 658 3478 quam
677 3440 798 3471 vocant
828 3438 950 3471 fissura
977 3438 1011 3471 in
1038 3438 1217 3481 longitudi-

165 3493 241 3522 nem
252 3491 385 3532 patente
396 3516 405 3534 ,
423 3501 499 3535 quae
512 3492 595 3528 duas
609 3503 648 3530 ex
671 3505 755 3539 una,
782 3506 847 3532 non
863 3499 1009 3540 quatuor
1029 3507 1071 3533 ex
1087 3498 1218 3533 duabus
1247 3485 1251 3491 ¹

2234 214 2309 253 143

1263 307 1354 359 ret)
1378 304 1446 345 εἴτε
1467 305 1654 356 τέμνοιτο,
1678 301 1988 356 κερματιζομένων
2025 301 2073 346 εἷς’
2103 299 2210 354 μόρια
2240 302 2309 339 τῶν

1261 366 1422 417 μονάδων
1440 364 1683 419 δυσθεωρήτου
1701 366 1764 412 τῆς
1795 362 1982 415 μαθήσεως
2004 360 2172 413 ἐσομένης
2186 391 2196 410 ,
2220 359 2309 399 αὐτὸ

1259 423 1299 462 τὸ
1311 430 1460 479 πρᾶγμα
1472 424 1531 464 τὸν
1543 423 1864 475 πολυπλασιασμὸν
1874 421 2129 476 ὑπηγόρευσεν,
2144 419 2265 472 ὥσπερ
2275 420 2310 459 ἐν

1261 483 1435 538 ἁρμονικῇ
1455 484 1636 536 μεταὸολῇ
1666 487 1726 523 τοῦ
1762 483 2034 538 διαγράμματος
2056 482 2142 522 ὅλου
2169 495 2310 519 συνεπι-

1261 544 1460 596 τεινομένου
1488 546 1538 598 τῷ
1574 542 1705 597 πρώτῳ
1736 545 1806 582 Ιι’ἱῖὁν
1836 544 1996 595 ἀριθμῶν
2031 542 2158 595 (sicut
2189 554 2310 592 quum

1260 603 1401 642 musici
1421 603 1534 652 alicuj
1543 616 1589 642 us
1609 605 1857 642 instrumenti
1877 601 2033 641 chordae
2059 601 2108 639 ad
2128 600 2228 639 alios
2249 613 2314 639 so·

1261 676 1334 702 nos
1350 663 1573 702 reddendos
1596 662 1710 701 aliter
1743 662 1979 710 tenduntur,
2006 662 2180 700 omnium
2202 673 2317 698 sono-

1261 737 1349 762 rum
1372 722 1525 762 numeri
1544 722 1679 761 eodem
1706 722 1824 761 modo
1849 730 2064 769 mutantur,
2089 733 2168 772 quo
2187 732 2317 758 nume·

1262 796 1330 822 rus
1361 782 1537 835 primarii
1570 781 1700 835 soni.)
1731 780 1777 821 ‘O
1816 781 1879 833 μὲν
1910 774 1969 821 οῧν
2010 778 2177 832 Εὔδωρος
2201 778 2317 830 [vide

1261 840 1367 881 Phil.
1391 840 1462 879 Gr.
1490 839 1643 890 Fragm.
1667 839 1751 879 vol.
1777 839 1831 887 ΙΙ,
1858 852 1948 891 pag.
1973 837 2023 876 LI
2050 837 2157 888 seq.]
2181 837 2316 874 ἐπακο-

1261 898 1435 947 λουθήσας
1465 899 1643 952 Κράντορι
1659 899 1799 951 πρῶτον
1817 897 1924 936 ἔλαὸε
1944 896 2004 935 τὸν
2025 895 2105 935 τπδ’
2127 896 2232 948 (384
2249 894 2260 946 )
2282 893 2318 938 ὃς

1263 958 1398 1012 γίνεται
1419 961 1479 997 τοῦ
1499 956 1536 1003 ἓξ
1556 958 1615 997 ἐπὶ
1635 956 1680 995 τὰ
1705 955 1754 1002 ξδ’
1781 954 2179 999 πολλαπλασιασθέντος
2202 956 2251 1006 (6
2269 961 2317 997 ><

1265 1018 1518 1072 64).1taque
1534 1026 1659 1057 totum
1687 1017 1926 1068 diagramma
1954 1017 2027 1055 hac
2043 1016 2195 1054 ratione
2219 1015 2318 1053 tonis

1265 1078 1455 1131 compleri
1481 1077 1636 1131 potuit:

1348 1148 1542 1184 Primarius.
2022 1145 2247 1180 Diatessaron.

1415 1211 1476 1242 384
1645 1210 1705 1240 432
1875 1208 1937 1239 486
2107 1209 2167 1238 512

1363 1286 1535 1329 Diapente.
2054 1283 2231 1325 Diapason.

1423 1348 1485 1379 576
1654 1346 1714 1378 648
1884 1345 1944 1376 729
2112 1345 2172 1376 768

1320 1429 1350 1456 6.
1383 1411 1707 1465 Ὑποδεδειγμένων
1747 1410 1783 1450 δὲ
1804 1409 1960 1459 τούτων,
1994 1409 2034 1449 τὸ
2065 1408 2128 1461 μὲν
2158 1411 2325 1461 συμπλη-

1270 1478 1350 1529 ροῦν
1369 1473 1415 1513 τὰ
1434 1471 1663 1524 διαστήματα
1679 1470 1740 1510 καὶ
1759 1469 2016 1525 παρεντάττειν
2035 1469 2098 1514 τὰς
2112 1469 2323 1521 μεσότητας,

1269 1535 1299 1574 εἰ
1319 1534 1380 1574 καὶ
1401 1531 1524 1585 μηδεὶς
1544 1531 1717 1584 ἐτύγχανε
1737 1529 1942 1579 πεποιηκὼς
1965 1529 2135 1582 πρότερον
2151 1559 2161 1578 ,
2181 1529 2262 1580 ὑμῖν
2281 1529 2322 1567 ἂν

1270 1596 1388 1639 αὐτοῖς
1410 1592 1515 1631 ἕνεκα
1533 1590 1731 1645 γυμνασίας
1752 1593 1917 1644 παρῆκα.
1941 1592 2018 1632 Νῦν
2037 1589 2074 1630 δὲ
2096 1590 2240 1634 πολλοῖς
2257 1591 2325 1628 κά-

1269 1654 1388 1706 γαθοῖς
1420 1650 1587 1703 ἀνδράσιν
1618 1648 1887 1704 ἐξειργασμένου
1920 1648 2065 1700 τούτου,
2100 1649 2257 1701 μάλιστα
2285 1647 2322 1686 δὲ

1271 1714 1447 1767 Κράντορι
1475 1711 1535 1750 καὶ
1558 1710 1736 1764 Κλεάρχῳ
1766 1709 1827 1748 καὶ
1847 1709 2029 1763 Θεοδώρῳ
2051 1714 2122 1755 τοῖς
2144 1710 2321 1758 Σολεῦσι,

1271 1775 1382 1828 μικρὰ
1401 1775 1483 1829 περὶ
1499 1776 1561 1822 τ’ἧς
1581 1770 1715 1811 τούτων
1733 1771 1903 1826 διαφορᾶς
1921 1773 2032 1811 εἰπεῖν
2058 1771 2121 1810 οὔκ
2141 1770 2322 1824 ἄχρηστόν

1271 1835 1379 1875 ἐστιν.
1403 1834 1448 1875 Ὁ
1464 1834 1532 1887 γὰρ
1563 1830 1773 1884 Θεόδωρος,
1800 1832 1867 1884 οὐχ
1899 1831 1947 1876 ὣς
1979 1831 2132 1881 ἐκεῖνοι,
2170 1829 2231 1869 δύο
2251 1832 2325 1870 στί-

1269 1910 1354 1948 χους
1384 1896 1520 1943 ποιῶν,
1545 1892 1625 1931 ἀλλ’
1644 1889 1702 1929 ἐπὶ
1734 1896 1816 1943 μιᾶς
1847 1888 1984 1935 εὖθείας
2012 1889 2135 1943 ἐφεξῆς
2170 1889 2250 1934 τούς
2285 1906 2323 1929 τε

1271 1952 1476 1999 διπλασίους
1509 1950 1687 1992 ἐκτάττων
1709 1949 1770 1988 καὶ
1800 1948 1880 1995 τοὺς
1902 1949 2157 2002 τριπλασίους,
2181 1950 2324 2002 πρῶτον

1271 2012 1334 2066 μὲν
1366 2013 1587 2068 ἰσχυρίζεται
1604 2013 1650 2065 τῇ
1678 2009 1853 2063 λεγομένῃ
1877 2009 1971 2049 κατὰ
1994 2011 2105 2061 μῆκος
2124 2007 2242 2061 σχίσει
2262 2012 2324 2057 τ’ἧς

1270 2073 1411 2123 οὐσίας,
1443 2073 1504 2112 δύο
1523 2069 1675 2122 ποιούσῃ
1699 2069 1843 2123 μοίρας,
1874 2071 1922 2114 ὣς
1942 2070 1982 2108 ἐκ
2002 2073 2104 2121 μιᾶς,
2127 2070 2168 2108 οὗ
2194 2068 2327 2108 τέσσα-

1273 2149 1333 2187 ρας
1353 2135 1393 2174 ἐκ
1413 2133 1526 2173 δυεῖν·
1552 2129 1677 2171 ἔπειτά
1697 2145 1783 2183 φησι
1799 2128 1861 2174 τὰς
1880 2131 1951 2168 τῶν
1974 2126 2181 2178 μεσοτήτων
2196 2142 2328 2181 παρεν-

1270 2192 1409 2242 τάξεις,
1427 2188 1522 2232 οὔτω
1537 2189 1736 2242 λαμὸάνειν
1755 2188 1948 2242 προσήκειν
1977 2187 2098 2241 χώραν
2111 2199 2121 2210 ·
2143 2188 2172 2226 εἷ
2193 2186 2228 2226 δὲ
2253 2190 2324 2239 μή,

1269 2251 1433 2307 ταραχὴν
1459 2251 1521 2291 καὶ
1549 2249 1720 2304 σύγχυσιν
1743 2247 1908 2301 ἔσεσθαι,
1938 2247 1999 2286 καὶ
2017 2246 2254 2299 μεταστάσεις
2277 2250 2327 2292 εἷς

1270 2313 1311 2352 τὸ
1330 2314 1468 2366 πρῶτον
1484 2310 1583 2355 εὐθὺς
1602 2308 1810 2363 τριπλάσιον
1826 2309 1865 2347 ἐκ
1878 2310 1940 2346 τοῦ
1961 2306 2102 2361 πρώτου
2122 2306 2325 2356 διπλασίου,

1271 2376 1342 2412 τῶν
1374 2369 1677 2425 συμπληροῦντων
1723 2368 1888 2422 ἑκάτερον
1923 2368 2148 2422 ὀφειλόντων.
2180 2367 2265 2412 Τοῖς
2291 2367 2327 2406 δὲ

1272 2431 1353 2485 περὶ
1371 2431 1431 2471 τὸν
1457 2429 1646 2484 Κράντορα
1669 2430 1852 2481 βοηθοῦσιν
1882 2426 1921 2466 αἶ
1938 2442 1976 2466 τε
2001 2427 2112 2473 θέσεις
2137 2429 2207 2466 τῶν
2231 2427 2328 2481 ἀριθ-

1272 2493 1365 2542 μῶν,
1382 2491 1555 2530 ἐπιπέδων
1576 2488 1752 2532 ἐπιπέδοις
1775 2518 1785 2538 ,
1807 2486 1868 2526 καὶ
1886 2485 2122 2541 τετραγώνων
2142 2486 2329 2540 τετραγώ-

1272 2567 1365 2603 νοις,
1385 2551 1447 2591 καὶ
1480 2549 1598 2589 κύὸων
1628 2547 1746 2592 κύὸοις
1775 2546 1963 2592 ἀντιθέτως
1983 2546 2248 2599 συζυγούντων,
2283 2549 2329 2599 τῇ

1273 2628 1312 2652 τε
1333 2611 1383 2663 μὴ
1404 2610 1498 2650 κατὰ
1514 2608 1610 2655 τάξιν
1636 2610 1747 2648 αὐτῶν
1781 2607 1910 2661 λήψει,
1935 2605 2012 2647 ἀλλ’
2033 2605 2179 2652 ἐναλλὰξ
2201 2605 2331 2660 ἀρτίων

1273 2671 1335 2712 καὶ
1362 2670 1535 2711 ἐπιπέδων
1561 2668 1690 2722 ἀρτίοις
1724 2667 1785 2707 καὶ
1812 2666 1989 2712 ἐπιπέδοις
2025 2666 2193 2722 ἀντιθέτῳ
2223 2668 2328 2712 συζυ·

1272 2731 1344 2785 γίᾳ.

1329 2789 1590 2844 (Plutarchus
1624 2788 1672 2827 de
1705 2788 1828 2828 anim.
1863 2795 2062 2839 procreat.
2105 2786 2148 2825 in
2181 2785 2331 2825 'simaeo

1274 2863 1360 2902 cap.
1385 2864 1435 2888 20
1455 2849 1536 2890 vol.
1561 2847 1677 2897 X111,
1700 2861 1744 2900 p.
1777 2848 1853 2886 310
1875 2859 1957 2898 seq.
1989 2845 2049 2885 ed.
2074 2846 2233 2885 Hutten.
2256 2844 2332 2883 Ul-

1276 2964 1388 3007 partes
1404 2962 1493 2997 facit.
1539 2961 1666 2996 Delude
1682 2961 1899 2995 medietatum
1912 2985 1921 3002 ,
1942 2959 2062 3001 inquit,
2078 2956 2270 2992 insertiones
2286 2958 2334 2991 ita

1275 3023 1429 3058 convenit
1452 3023 1561 3057 locum
1575 3021 1723 3056 nancisci
1740 3031 1749 3051 ε
1772 3020 1898 3063 alioqui
1915 3029 1987 3054 rem
2003 3018 2237 3062 perturbatum
2250 3027 2331 3052 con-

1275 3084 1451 3126 susumque
1465 3082 1524 3125 iri,
1542 3092 1581 3117 ae
1596 3082 1805 3117 transitiones
1831 3081 1963 3114 futuras
1988 3079 2022 3113 iu
2048 3079 2194 3123 primum
2219 3079 2334 3113 statim

1274 3143 1410 3187 triplum
1423 3153 1461 3178 ex
1477 3143 1583 3186 primo
1605 3142 1723 3185 duplo,
1744 3150 1848 3183 quum
1873 3139 2116 3182 complementa
2135 3139 2332 3172 alterutrum

1276 3204 1406 3238 efficere
1434 3202 1585 3237 debeant.
1651 3203 1845 3236 crantorem
1870 3208 1951 3233 vero
1988 3198 2148 3242 adjuvant
2175 3200 2334 3242 positurae

1276 3271 1487 3297 numerorum
1501 3261 1616 3305 planos
1624 3262 1740 3305 planis,
1754 3260 1935 3304 quadratos
1951 3257 2134 3301 quadratis,
2153 3254 2256 3291 cubos
2270 3267 2333 3290 cu·-

1276 3322 1327 3357 bis
1343 3325 1543 3366 opponentes
1570 3324 1604 3356 et
1624 3321 1827 3364 copulantes,
1845 3322 1949 3362 utque
1975 3328 2039 3351 non
2065 3318 2179 3351 ordine
2197 3326 2333 3350 suman-

1276 3384 1332 3416 tur
1342 3407 1350 3423 ,
1371 3381 1432 3415 sed
1443 3381 1577 3415 alternis
1586 3390 1683 3424 pares
1698 3382 1732 3414 et
1745 3378 1832 3423 plani
1845 3379 1981 3422 paribus
1997 3380 2030 3412 et
2046 3377 2151 3420 planis
2163 3385 2332 3419 opponan-

1277 3441 1333 3472 tur
1349 3442 1382 3474 et
1393 3439 1595 3483 copulentur.
