2508 3776
274 203 354 242 362

270 290 370 329 ἔσται
386 290 446 329 καὶ
469 291 574 330 πόσαι
593 293 671 333 εἰσί.
692 296 766 334 Καὶ
783 298 919 349 πρῶτον
939 299 1019 353 περὶ
1035 304 1096 349 τῆς
1112 304 1270 358 ἀνδρείας
1284 305 1298 328 ‘¹

271 348 525 401 διαληψόμεθα.

321 406 338 423 *
357 406 444 446 “Ort
461 406 524 457 μὲν
546 402 603 447 οῧν
624 409 704 462 περὶ
722 411 846 463 φόὸους
867 415 927 454 καὶ
942 416 1050 471 θᾶρῤη
1062 419 1153 467 ἐστί,
1167 421 1228 460 καὶ
1248 421 1301 460 ὅτι

269 465 416 515 μεσότης
436 466 565 505 τούτων
588 468 678 507 ἐστὶν
700 471 969 523 ὑπερὸἄλλουσα
988 476 1048 525 μὲν
1063 478 1125 526 τὴν
1147 479 1277 518 δειλίαν
1291 510 1302 527 ,

264 523 470 564 ἐλλείπουσα
491 525 527 564 δὲ
544 530 604 574 τ’ἧς
623 529 855 581 θρασύτητος,
877 533 933 572 διὰ
956 537 1024 574 τῶν
1041 537 1301 590 προειρημένων

262 583 387 635 ἐφάνη·
413 585 532 638 ῥητέον
552 587 613 634 δέ,
635 588 724 627 τίσιν
750 593 956 633 ἀντίκειται.

314 642 351 660 **
374 643 419 683 Ὁ
440 645 503 695 μὲν
533 639 591 684 οῧν
620 647 722 700 φόὸος
742 649 826 701 πρὸς
848 650 893 689 τὰ
910 652 1043 704 φοὸερὰ
1061 654 1220 704 λέγεται,
1242 656 1302 696 καὶ

259 702 392 747 τούτοις
410 705 614 744 ἀντίκειται.
655 708 802 762 Φοὸερὰ
817 709 854 748 δέ
870 711 937 749 εἶσι
953 713 1102 751 καθόλου
1121 714 1237 753 πάντα
1256 714 1300 754 τὰ

259 761 424 800 δοκοῦντα
451 764 557 802 κακοί·
579 764 630 802 διὸ
647 765 707 804 καὶ
727 767 786 807 τὸν
807 767 911 820 φόὸον
937 770 1131 823 ὁριζόμενοί
1159 788 1264 825 φασιν
1281 780 1294 798 ²

257 814 344 859 εἶναι
375 823 584 873 προσδοκίαν
605 829 729 866 κακοῦ.
773 827 989 879 Φοὸούμεθα
1014 823 1072 869 οῧν
1106 830 1222 871 πάντα
1254 832 1300 871 τὰ

257 880 363 918 κακοί·
380 876 470 930 οἷον,
493 882 650 933 ἀδοξίαν,
682 885 824 934 πενίαν,
858 887 981 939 νόσον,
1006 889 1146 943 ἀφιλίαν
1161 921 1172 940 ,
1195 891 1299 930 θοίνα-

254 952 325 977 τον·
348 943 370 988 ἡ
388 939 423 979 δὲ
446 942 586 991 ἀνδρεία
606 944 644 980 οὔ
664 943 797 990 τούτοις
809 951 918 985 πᾶσιν
936 947 1144 987 ἀντίκειται·
1168 950 1207 987 οὗ
1229 948 1296 1003 γὰρ

253 999 333 1051 περὶ
351 999 466 1038 πάντα
486 1003 504 1038 6
521 1002 672 1054 ἀνδρεῖός
691 1004 778 1044 ἐστι.
798 1005 974 1045 Φοὸεῖται
994 1006 1061 1059 γὰρ
1078 1010 1096 1046 6
1118 1009 1290 1060 ἀνδρεῖος,

255 1058 277 1096 ἃ
297 1059 347 1096 δεῖ
378 1059 573 1110 φοὸεῖσθαι·
590 1064 628 1100 οὐ
649 1062 766 1101 πάντα
796 1064 831 1103 δὲ
852 1069 964 1103 ταῦτα
993 1065 1068 1105 δέον
1091 1067 1294 1120 φοὸεῖσθαι,

254 1119 330 1156 ἀλλ’
360 1117 448 1156 ἔνια·
475 1113 564 1166 οἷον,
597 1120 735 1166 ἀδοξίαν
770 1122 954 1175 φοὸεἵσθαι
985 1124 1047 1174 μὲν
1079 1126 1185 1165 καλόν
1199 1153 1208 1169 ‚
1244 1127 1292 1177 μὴ

251 1177 433 1229 φοὸεἷσθαι
463 1177 499 1216 δὲ
520 1180 665 1232 αἰσχρόν
682 1210 692 1228 ,
725 1182 765 1220 τὸ
798 1182 860 1232 μὲν
895 1182 963 1236 γὰρ
988 1183 1174 1235 αἷδήμονός
1201 1187 1293 1225 ἐστιν

249 1235 433 1286 ἀνθρώπου
445 1267 455 1284 ,
473 1236 512 1274 τὸ
527 1237 562 1275 δὲ
584 1238 829 1291 ἀναισχύντου·
850 1243 879 1280 εἷ
896 1242 955 1279 καὶ
974 1243 1127 1294 ἀνδρεῖος
1143 1246 1160 1282 ὁ
1178 1248 1291 1282 τοιοῦ-

247 1308 304 1336 τος
324 1295 482 1332 καλεῖται
513 1295 604 1335 κατὰ
637 1299 861 1351 μεταφοράν,
883 1299 935 1338 ὅτι
967 1300 1040 1352 ἔχει
1067 1316 1102 1338 τι
1136 1305 1196 1339 τοῦ
1231 1304 1292 1340 ἀν-

247 1352 360 1403 δρείου
373 1383 386 1402 ,
406 1354 446 1392 τὸ
467 1353 516 1403 μὴ
537 1354 651 1393 πάντα
672 1356 853 1408 φοὸεἱσθαι
874 1359 1048 1405 δηλονότι·
1074 1358 1203 1412 ἄφοδος
1223 1360 1289 1412 γάρ

245 1412 296 1454 τίς
315 1413 388 1449 ἐστι
411 1412 470 1450 καὶ
488 1416 506 1451 6
529 1414 694 1465 ἀνδρεῖος.
721 1417 850 1455 Πενίαν
878 1416 914 1455 δὲ
937 1418 997 1455 καὶ
1020 1417 1119 1457 νόσον
1149 1418 1231 1463 ἴσως
1249 1421 1289 1458 οὖ

244 1469 296 1507 δεῖ
323 1469 527 1522 φοὸεῒσθαι,
558 1472 619 1510 καὶ
651 1473 766 1510 πάντα
797 1473 862 1511 ὅσα
892 1473 941 1523 μὴ
957 1476 1017 1526 ἀφ’
1049 1478 1150 1526 ἡμῶν
1174 1478 1287 1515 αὐτῶν

242 1530 325 1577 ἡμῖν
345 1528 619 1580 συμὸαίνουσιν,
646 1530 746 1577 ἢδιὰ
778 1532 924 1572 κακίαν.
954 1531 1100 1586 εὨσπερ
1129 1532 1165 1572 δὲ
1197 1536 1215 1572 6
1236 1534 1285 1586 μὴ

240 1587 451 1640 φοὸούμενος
471 1587 494 1626 ἃ
513 1588 587 1627 δέον
605 1589 787 1641 φοὸεῐσθαι
807 1592 870 1629 οὐκ
902 1590 996 1630 ἔστιν
1032 1593 1210 1644 ἀνδρεῖος,
1235 1595 1284 1644 (εἰ

239 1645 289 1696 μὴ
310 1649 402 1686 κατὰ
423 1646 624 1700 μεταφοράν
639 1676 649 1695 ,
665 1655 676 1699 )
695 1647 804 1693 οὕτως
823 1648 900 1688 οὐδὲ
923 1653 941 1689 6
963 1649 1011 1700 μὴ
1035 1650 1247 1703 φοὸούμενος
1260 1652 1284 1691 ἃ

238 1706 287 1757 μὴ
306 1706 358 1744 δεῖ
388 1706 589 1759 φοὸεῒσθαι,
619 1707 773 1759 ἀνδρεῖός
801 1711 917 1755 ἐστιν,
944 1709 1036 1748 ἀλλὰ
1060 1709 1139 1748 καθ’
1160 1711 1283 1760 ὁμοιό-

238 1781 324 1812 τητα
345 1765 446 1816 μόνον
467 1766 606 1817 λέγεται
638 1767 802 1815 ἀνδρεῖος·
835 1766 894 1805 καὶ
919 1767 987 1820 γὰρ
1007 1767 1134 1806 πολλοὶ
1167 1773 1280 1808 ταῦτα

237 1825 286 1876 μὴ
316 1824 545 1877 φοὸούμενοι,
568 1824 659 1862 ἀλλὰ
680 1825 867 1877 ἐλευθέριοι
884 1825 980 1869 ὄντες
999 1826 1060 1864 καὶ
1081 1826 1168 1879 πρὸς
1183 1841 1276 1880 χρη-

237 1883 356 1932 μάτων
380 1883 555 1931 ἀποὸολὴν
589 1884 764 1934 εὐθαρσῶς
801 1883 958 1936 ἔχοντες,
989 1884 1095 1923 δειλοί
1127 1888 1212 1924 εἰσιν
1244 1889 1278 1926 ἐν

236 1948 304 1986 τοῖς
319 1942 521 1992 πολεμικοῖς
543 1941 725 1986 κινδύνοις.
746 1941 892 1995 ΕὨσπερ
913 1942 949 1981 δὲ
977 1946 995 1982 6
1015 1943 1229 1996 φοὸούμενος
1254 1946 1277 1984 ἃ

235 2001 286 2039 δεῖ
306 2000 354 2050 μὴ
376 2000 557 2053 φοὸεῖσθαι
575 2003 637 2040 οὔκ.
657 2004 751 2040 ἔστιν
775 2005 948 2054 ἀνδρεῖος,
969 2003 1076 2047 οὕτως
1095 2003 1172 2064 οιέδὲ
1192 2007 1209 2042 6
1228 2004 1277 2055 μὴ

234 2059 443 2114 φοὸούμενος
463 2059 485 2098 ἃ
506 2061 559 2098 δεῖ
579 2060 763 2112 φοὸεῐσθαι
791 2063 947 2114 ἀνδρεῖός
977 2065 1085 2111 ἐστιν·
1103 2066 1187 2111 οῖον,
1213 2064 1276 2111 τὴν

232 2118 311 2170 περὶ
327 2116 496 2165 παῖδας-ἢ
529 2124 681 2169 γυναῖκα
713 2118 813 2171 ὕὸριν
835 2123 853 2158 6
880 2119 944 2170 μὲν
973 2119 1186 2172 φοὸούμενος
1212 2124 1276 2162 οὔκ

231 2178 305 2217 ἔστι
330 2176 457 2226 δειλός,
479 2180 497 2216 ὃ
518 2176 555 2215 δὲ
588 2178 636 2228 μὴ
660 2178 876 2231 φοὸούμενος
902 2182 964 2218 οὐκ
994 2180 1085 2219 ἔστιν
1109 2181 1274 2233 ἀνδρεῖος·

231 2237 252 2285 ἢ
291 2237 347 2276 ἐάν
375 2253 427 2281 τις
455 2236 592 2287 μέλλων
626 2242 884 2290 μαστιγοῦσθαι
912 2242 949 2278 οὐ
982 2238 1156 2292 φοὸῆται,
1183 2241 1273 2279 ἀλλὰ

229 2298 352 2349 θαῤῥῇ·
373 2290 467 2335 οὗτοι
484 2296 551 2347 γὰρ
572 2295 594 2334 ἃ
614 2295 665 2334 δεῖ
684 2296 865 2349 φοὸεῖσθαι
895 2297 943 2348 μὴ
977 2297 1188 2349 φοὸούμενοι
1209 2300 1273 2338 οὐκ

229 2356 338 2394 sich-s
368 2356 528 2407 ἀνδρεῖοι.
550 2353 657 2394 Ἐστι
688 2356 801 2394 τοίνυν
839 2358 993 2408 ἀνδρεῖος
1018 2361 1036 2396 6
1058 2356 1104 2396 τὰ
1124 2357 1272 2408 μέγιστα

229 2413 291 2463 μὲν
309 2416 377 2452 τῶν
399 2414 517 2451 δεινῶν
540 2413 589 2462 μὴ
610 2414 834 2466 φοὸούμενος·
869 2415 979 2459 οὐδεὶς
1006 2415 1075 2468 γὰρ
1106 2432 1270 2470 καρτερι-

226 2472 375 2523 κώτερος
394 2476 453 2510 τοῦ
476 2472 646 2524 ἀνδρείου.
677 2475 754 2513 Οὐκ
783 2474 837 2513 ἀεὶ
863 2474 899 2513 δὲ
928 2474 1069 2524 ὁμοίως·
1104 2476 1182 2514 τινὰ
1203 2476 1270 2529 γὰρ

226 2534 293 2568 τῶν
315 2532 432 2569 δεινῶν
454 2531 511 2569 διὰ
530 2531 588 2568 τὸν
608 2532 733 2584 τρόπον
750 2536 827 2572 καθ’
847 2533 884 2572 ὃν
906 2532 1115 2586 ἐπάγονται,
1137 2535 1270 2596 φοξεροί

226 2593 291 2629 εἰσι
316 2591 377 2629 καὶ
397 2593 446 2642 τῷ
467 2589 624 2643 ἀνδρείῳ·
652 2585 741 2638 οἷον,
759 2595 776 2630 ὁ
805 2593 950 2636 θάνατος
971 2592 1033 2643 μὲν
1068 2594 1161 2632 δοκεῖ
1180 2598 1269 2633 εἶναι

224 2651 263 2688 τὸ
283 2650 429 2702 ἔσχατον
452 2651 521 2687 τῶν
550 2652 686 2697 κακῶν,
711 2651 763 2689 ὅτι
783 2652 893 2704 πέρας
911 2651 987 2690 ἐστὶ
1008 2656 1068 2690 τοῦ
1090 2652 1182 2704 βίου,
1207 2654 1268 2692 καὶ

225 2710 261 2747 οὗ
279 2707 422 2746 δυνατὸν
440 2709 492 2758 τῷ
523 2711 684 2747 τεθνεῶτι
702 2708 725 2756 ἢ
749 2711 878 2762 ἀγαθὸν
908 2710 931 2757 ἢ
951 2710 1059 2750 κακὸν
1089 2710 1265 2763 γενέ-σθαι·

223 2767 283 2806 καὶ
302 2766 422 2805 τούτου
440 2765 542 2804 ἕνεκα
562 2767 655 2805 δοκεῖ
675 2767 836 2819 μέγιστον
852 2762 940 2807 εἶναι
961 2768 1068 2809 δεινόν
1082 2799 1094 2819 ,
1115 2769 1176 2808 καὶ
1197 2775 1267 2815 τοῖς

223 2827 363 2878 ἀγαθοῖς
382 2824 444 2863 καὶ
460 2831 532 2867 τοῖς
551 2824 708 2877 φαύλοις.

274 2882 329 2900 ***
339 2883 431 2922 Ἀλλ’
448 2885 467 2921 6
488 2883 549 2934 μὲν
572 2883 641 2922 ἀπὸ
658 2886 812 2937 αἰσχρῶν
825 2885 1002 2937 γινόμενος
1022 2889 1141 2947 αἰτιὸέν
1158 2888 1261 2937 φοὸε-

223 2942 277 2996 ρός
297 2944 369 2981 ἔστι
386 2943 436 2994 τῷ
456 2942 615 2994 ἀνδρείῳ·
639 2946 656 2981 6
678 2942 712 2981 δὲ
735 2944 803 2982 ἀπὸ
816 2947 884 2983 τῶν
903 2945 1068 2999 ἀρίστων,
1085 2945 1155 2990 οἶός
1170 2947 1262 2984 ἔστιν

221 3003 239 3039 6
260 3002 294 3039 ἐν
313 3000 459 3052 πολέμῳ
482 2999 707 3050 συμὸαίνων,
740 3001 870 3049 οὐκέτι,
886 3017 903 3042 Ε
926 3003 1017 3042 ἀλλὰ
1049 3003 1108 3042 καὶ
1129 3004 1263 3056 σφόδρα

221 3059 402 3110 ἀγαπητός
420 3060 528 3096 ἔστιν·
551 3060 568 3096 6
589 3059 624 3096 δὲ
651 3061 684 3097 ε’ν
705 3059 797 3113 νόσῳ
824 3059 846 3106 ἢ
865 3062 899 3099 ἐν
916 3062 1072 3115 θαλάττῃ
1101 3062 1262 3110 θάνατος,

220 3119 298 3157 καθ’
312 3116 391 3156 ὅσον
408 3116 469 3169 μὲν
489 3118 550 3156 οὔκ
570 3118 702 3164 ἐπῆλθε
724 3119 816 3157 κατὰ
838 3124 965 3169 σεμνοῦ
986 3136 1095 3169 τινος,
1117 3120 1262 3173 φοὸερὸς

219 3177 318 3216 ἔσται
335 3180 385 3229 τῷ
405 3175 570 3230 ἀνδρείῳ,
590 3177 667 3215 καθ’
695 3177 773 3217 ὅσον
791 3177 827 3216 δὲ
843 3179 996 3231 λυπηρός
1017 3182 1107 3218 ἐστιν
1123 3210 1132 3228 ,
1154 3180 1262 3218 οὖδα-

219 3239 307 3288 μῶς.
331 3235 448 3275 “ssot-e
463 3236 599 3287 λέγοιτο
618 3236 659 3275 ἂν
681 3237 832 3289 ἀνδρεῖος
853 3239 870 3275 6
893 3237 973 3290 περὶ
989 3238 1047 3277 τὸν
1070 3239 1174 3278 καλὸν
1198 3238 1258 3276 θάη-

1107 213 1178 255 AN
1182 216 1388 259 DRONICI
1416 220 1593 263 RHODII

1370 315 1555 357 apparebit,
1571 319 1653 359 quot
1671 318 1746 353 sint.
1765 321 1812 354 Ac
1827 324 1971 364 prunum
1995 327 2130 370 quidem
2152 331 2194 365 de
2211 331 2404 379 fortitudine
2452 327 2454 330 ¹

2390 374 2401 389 Ι,
2410 375 2424 392 ›e'

1369 381 1513 414 agemus.

1407 433 1490 464 Eam
1503 435 1613 467 autem
1626 435 1660 468 in
1678 435 1851 472 formidIne
1868 442 1901 473 et
1914 441 2034 477 fiducia
2053 449 2178 482 versari
2189 475 2198 489 ,
2214 452 2318 494 atque
2332 439 2421 487 καί·
2476 463 2479 468 ·

1366 497 1480 522 earum
1501 491 1777 535 mediocritatem,
1807 506 1883 539 quae
1909 499 2119 537 timiditatem
2142 507 2278 549 quidem
2301 519 2402 555 supe-

1364 550 1426 588 ret,
1445 550 1502 582 sed
1518 551 1664 586 audaciae
1678 555 1784 596 cedat,
1802 565 1821 589 e
1836 559 2058 600 superioribus
2069 562 2196 606 liquido
2207 569 2318 612 patet;
2332 569 2403 614 jam

1364 617 1442 642 vero
1456 609 1629 645 dicendum
1645 616 1711 653 est,
1727 616 1847 658 quibus
1863 618 1905 650 sit
1926 621 2084 662 opposita.

1405 667 1514 701 Metus
1539 678 1615 711 ergo
1638 680 1754 706 eorum
1772 684 1848 716 quae
1869 679 2066 712 metuuntur
2089 684 2243 724 respectu
2267 676 2412 734 dieitur,

1363 718 1484 760 quihus
1506 723 1604 757 etiam
1621 728 1790 768 oppositus
1812 732 1872 763 est.
1891 733 1936 764 Ea
1960 735 2072 767 autem
2097 738 2174 769 sunt
2196 747 2404 784 quaecunque

1361 776 1396 808 in
1419 777 1610 812 universum
1640 783 1726 816 mala
1754 784 1846 818 nobis
1873 786 2028 821 videntur
2054 799 2064 823 ε
2084 799 2187 833 quare
2216 795 2250 826 et
2274 785 2414 829 metuin'

1362 831 1554 867 definientes
1578 836 1655 869 mali
1687 840 1963 881 exspectationem
1987 853 2059 877 esse
2086 845 2190 888 aJunt.
2210 847 2298 882 Mala
2322 858 2400 892 ergo

1360 888 1539 923 metuimus
1557 891 1685 931 omnia,
1701 895 1739 926 ut
1754 894 1943 937 infamIam,
1967 903 2213 943 paupertatem,
2232 904 2398 945 morbum,

1360 944 1540 978 amicorum
1561 946 1746 988 defectum,
1778 953 1918 984 mortem
1939 964 1946 984 ι
1965 962 2063 995 porro
2085 955 2248 989 fortitudo
2264 966 2330 990 non
2347 960 2400 992 est

1357 1001 1411 1034 his
1429 1002 1582 1036 omnibus
1605 1006 1758 1047 opposita
1777 1016 1785 1036 ε
1814 1017 1875 1041 nec
1890 1009 1978 1042 enim
2004 1010 2039 1043 in
2055 1012 2207 1046 omnihus
2226 1013 2281 1046 vir
2299 1012 2398 1048 fortis

1358 1058 1520 1090 versatur.
1543 1059 1626 1095 Quae
1640 1058 1727 1090 enim
1744 1059 1849 1092 metui
1860 1061 2000 1102 debent,
2016 1064 2138 1097 metuit
2158 1065 2211 1098 vir
2226 1065 2344 1106 fortis}
2362 1069 2398 1101 at

1356 1121 1421 1144 non
1439 1113 1548 1146 omnia
1571 1114 1644 1147 haec
1667 1116 1772 1147 metui
1800 1116 1938 1167 dehent,
1970 1119 2029 1152 sed
2053 1120 2210 1162 quaedam
2234 1114 2367 1157 taniam
2385 1137 2395 1158 z

1355 1169 1497 1211 exempli
1518 1169 1638 1211 gratia,
1658 1170 1828 1204 infamiam
1849 1175 1996 1207 metuere
2014 1174 2211 1218 pulchrum.
2234 1187 2304 1212 non
2318 1188 2392 1214 me-

1354 1226 1449 1258 tuere
1472 1227 1570 1267 turpe
1595 1227 1661 1264 est,
1689 1227 1768 1268 quia
1792 1227 1933 1261 alterum
1961 1231 2158 1273 verecundi,
2180 1233 2324 1268 alterum
2339 1235 2394 1268 in-

1352 1278 1530 1310 verecundi
1557 1281 1608 1311 est
1633 1280 1774 1314 hominis
1793 1296 1800 1314 2
1830 1291 1937 1325 neque
1956 1283 2076 1326 refert,
2095 1286 2125 1319 si
2149 1286 2248 1322 sortis
2271 1287 2395 1324 dicitnr

1320 1345 1322 1348 ·
1350 1332 1526 1375 improprie
1551 1335 1650 1368 homo
1675 1338 1857 1379 eJusmodi,
1881 1340 1960 1381 quia
1981 1341 2108 1384 aliquid
2125 1351 2300 1384 commuue
2316 1353 2394 1379 oum

1350 1388 1422 1421 viro
1454 1388 1533 1422 forti
1562 1390 1678 1430 habet,
1707 1393 1798 1434 quod
1827 1393 1984 1428 videlicet
2016 1405 2082 1429 non
2102 1399 2222 1431 cuncta
2240 1401 2390 1442 motuat3

1349 1442 1512 1486 siquidem
1532 1446 1565 1478 et
1584 1445 1682 1480 fortis
1695 1450 1788 1480 metu
1809 1450 1916 1482 vacat.
1960 1452 2195 1493 Paupertatem
2215 1463 2297 1500 vero
2322 1453 2393 1490 for-

1347 1501 1438 1534 tasse
1470 1502 1702 1544 pertimescere
1731 1513 1795 1537 non
1823 1506 1970 1546 oportet,
2003 1516 2111 1550 neque
2129 1509 2304 1551 morbum,
2330 1520 2392 1548 no-

1347 1563 1414 1596 que
1435 1564 1474 1588 ea
1490 1556 1618 1597 omnia,
1638 1566 1715 1599 quae
1733 1558 1829 1591 nobis
1850 1559 1947 1601 culpa
1969 1561 2003 1593 et
2015 1561 2099 1595 vitio
2129 1565 2317 1601 carentibus
2333 1575 2390 1600 ac-

1346 1611 1476 1645 cidunt.
1533 1612 1819 1651 Quemadmodum
1849 1623 1928 1647 vero
1946 1615 2004 1657 qui
2027 1625 2093 1650 non
2109 1619 2230 1652 metuit
2247 1629 2286 1655 ea
2312 1630 2389 1664 quau

1343 1668 1450 1701 metui
1472 1670 1622 1711 oportet,
1647 1678 1713 1702 non
1737 1672 1788 1702 est
1812 1669 1908 1703 fortis
1924 1671 2010 1711 (nisi
2030 1672 2208 1717 improprie
2227 1676 2276 1710 ita
2304 1675 2389 1711 dici-

1342 1722 1419 1764 tur)
1445 1734 1454 1756 2
1492 1723 1539 1756 sic
1564 1732 1626 1756 nec
1652 1723 1709 1756 ille
1739 1723 1799 1766 qui
1830 1733 1896 1757 non
1922 1725 2043 1759 metuIt
2080 1736 2159 1770 qum
2181 1730 2288 1763 metui
2322 1740 2388 1766 non

1341 1779 1490 1819 oportet,
1519 1777 1616 1811 fortis
1643 1780 1710 1820 est,
1739 1779 1798 1812 sed
1824 1782 1960 1822 propter
1984 1782 2236 1818 similitudinem
2253 1787 2387 1821 tantum

1341 1833 1436 1867 fortis
1459 1834 1644 1876 appellatur
1667 1847 1675 1866 :
1713 1834 1836 1876 quippe
1867 1835 1964 1868 multi
1993 1846 2109 1871 eorum
2135 1839 2195 1881 qui
2225 1839 2299 1874 haec
2319 1851 2386 1875 non

1340 1892 1510 1929 metuunt,
1540 1890 1599 1923 sed
1619 1890 1771 1922 liberales
1789 1893 1867 1923 sunt
1882 1901 1920 1924 ac
1938 1892 2078 1926 fidenter
2102 1895 2253 1936 pecuniae
2268 1897 2384 1939 jactu-

1339 1955 1411 1978 ram
1423 1944 1551 1984 ferunt,
1566 1946 1677 1977 tamen
1690 1945 1723 1977 in
1735 1945 1814 1979 belli
1823 1947 1979 1989 periculis
1996 1948 2106 1982 timidi
2117 1952 2195 1983 sunt
2209 1953 2243 1985 et
2256 1952 2381 1995 ignavi.

1338 2004 1382 2035 Ut
1402 2004 1515 2035 autem
1540 2002 1599 2044 qui
1616 2002 1738 2035 metuit
1756 2011 1795 2035 ea
1815 2012 1891 2045 quae
1922 2006 2070 2038 metuere
2087 2015 2154 2039 non
2173 2006 2294 2048 debet.
2313 2018 2381 2044 non

1338 2060 1388 2091 est
1402 2057 1515 2097 fortis,
1532 2058 1579 2090 ita
1594 2067 1654 2091 nec
1666 2057 1723 2090 ille
1740 2058 1799 2100 qui
1814 2067 1880 2091 non
1891 2059 2012 2092 metuit
2024 2069 2104 2103 quoe
2118 2061 2218 2095 debet
2230 2065 2382 2098 metuere

1337 2111 1432 2147 fortis
1448 2115 1499 2147 est
1522 2126 1530 2145 ε
1550 2113 1643 2146 verbi
1661 2123 1779 2154 causa,
1800 2113 1859 2155 qui
1885 2114 2120 2148 contumetiam
2142 2115 2178 2149 in
2204 2115 2327 2151 liberos
2345 2117 2380 2149 et

1336 2182 1475 2205 uxorem
1498 2172 1695 2210 extimescit,
1713 2181 1779 2204 non
1795 2172 1845 2204 est
1862 2170 2020 2213 timidus3
2047 2171 2105 2215 qui
2129 2181 2210 2206 vero
2234 2181 2302 2207 non
2313 2181 2376 2208 ex·-

1335 2227 1498 2266 timescit,
1517 2236 1581 2259 non
1594 2228 1645 2260 est
1668 2226 1764 2260 fortis
1793 2240 1801 2259 ι
1823 2230 1882 2261 aut
1899 2229 1928 2263 si
1951 2227 2028 2271 quis
2042 2237 2149 2270 quum
2163 2228 2380 2270 flagellandus

1334 2286 1403 2322 est,
1422 2292 1488 2316 non
1509 2282 1641 2320 metuit,
1664 2282 1722 2314 sed
1738 2281 1874 2314 confidit
1901 2293 1909 2313 :
1935 2281 2062 2314 scilicet
2078 2281 2114 2314 hi
2127 2306 2135 2320 ,
2169 2290 2276 2324 quum
2302 2291 2378 2325 quae

1333 2339 1437 2373 metui
1452 2340 1592 2381 oportet,
1609 2347 1675 2371 non
1690 2339 1856 2376 metuant,
1877 2346 1943 2370 non
1958 2338 2036 2370 sunt
2055 2336 2170 2370 fortes.
2198 2338 2260 2370 Est
2273 2336 2377 2379 igitur
2408 2350 2413 2357 2

1333 2395 1428 2429 fortis
1442 2395 1502 2437 qui
1519 2394 1663 2427 maxIma
1675 2392 1822 2435 pericula
1841 2401 1908 2425 non
1933 2390 2150 2425 reformidat:
2173 2398 2273 2424 nemo
2287 2392 2376 2427 enim

1332 2452 1439 2486 omnis
1453 2449 1652 2484 incommodi
1664 2448 1840 2491 patientior
1853 2450 1914 2487 est,
1932 2457 2034 2491 quam
2049 2447 2156 2482 fortis.
2172 2450 2246 2482 Non
2258 2449 2375 2483 eodem

1330 2509 1442 2540 tamen
1459 2512 1587 2546 semper
1598 2502 1698 2536 modo
1715 2511 1724 2531 τ
1741 2501 1898 2534 nimirum
1913 2500 2067 2543 quaedam
2081 2500 2229 2543 pericula
2240 2504 2374 2544 propter

1330 2569 1404 2593 eam
1434 2567 1502 2601 qua
1534 2556 1755 2598 importantur
1783 2554 1944 2586 rationem
1974 2552 2075 2586 etiam
2103 2552 2183 2586 forti
2213 2554 2374 2588 terribffia

1329 2613 1407 2645 sunt
1427 2625 1436 2643 ι
1459 2607 1602 2650 exempli
1622 2607 1835 2650 gratiamors
1850 2606 2016 2639 malorum
2027 2605 2176 2640 omnium
2185 2608 2372 2642 extremum

1329 2673 1400 2698 esse
1424 2663 1568 2700 videtur,
1598 2660 1678 2703 quia
1691 2678 1695 2682 -
1710 2659 1791 2694 vitae
1818 2659 1980 2693 terminus
2006 2661 2058 2693 est
2087 2667 2197 2702 neque
2228 2661 2371 2707 amplius

1327 2719 1458 2750 mortuo
1476 2717 1535 2749 aut
1550 2716 1674 2748 bonum
1693 2714 1752 2746 aut
1774 2713 1901 2746 malum
1916 2711 2047 2745 evenire
2070 2713 2181 2755 potest
2202 2723 2211 2744 ε
2230 2711 2371 2756 ideoque

1326 2770 1510 2804 maximum
1533 2768 1660 2802 malum
1681 2768 1756 2799 tum
1775 2766 1885 2808 probis
1900 2774 1973 2798 esse
1991 2764 2142 2804 videtur,
2157 2766 2232 2798 tum
2249 2764 2370 2808 impro-

1324 2824 1385 2857 bis.

1365 2894 1440 2926 Jam
1459 2901 1541 2925 vero
1557 2899 1648 2924 mors
1659 2915 1667 2927 .
1687 2898 1764 2932 qum
1783 2888 1937 2930 turpibus
1953 2887 2063 2921 causis
2090 2887 2191 2921 alicui
2212 2887 2365 2930 affertur,

1323 2951 1396 2984 viro
1419 2950 1498 2983 forti
1517 2948 1676 2983 terribilis
1693 2950 1744 2981 est
1761 2955 1773 2978 .·
1788 2949 1823 2979 at
1836 2946 2077 2979 honestissimis
2101 2948 2212 2980 causis
2238 2947 2367 2981 homini

1322 3010 1431 3048 illata,
1455 3010 1495 3042 ut
1520 3008 1580 3041 illa
1603 3015 1682 3050 quae
1704 3005 1739 3038 in
1765 3004 1852 3038 bello
1883 3005 2061 3046 oppetitur,
2091 3013 2157 3037 non
2185 3004 2278 3044 item,
2305 3004 2366 3039 sed

1322 3068 1420 3103 valde
1437 3066 1591 3109 optabilis
1606 3066 1657 3099 est
1674 3079 1682 3098 ι
1697 3073 1772 3107 quae
1788 3072 1868 3097 vero
1880 3073 1900 3095 a
1913 3063 2030 3096 morbo
2044 3063 2098 3096 vel
2111 3063 2146 3096 in
2168 3063 2255 3096 mari
2275 3062 2366 3098 acc-t-

1322 3128 1373 3161 dit
1403 3135 1505 3166 mors,
1541 3125 1706 3168 quatenus
1730 3131 1796 3155 nou
1819 3121 1912 3164 gravi
1941 3121 2055 3164 aliqua
2082 3130 2182 3155 causa
2207 3121 2360 3161 offertur,

1320 3186 1393 3220 viro
1414 3184 1493 3218 forti
1517 3182 1675 3217 terribilis
1699 3181 1782 3220 erit,
1807 3181 1972 3222 quatenus
1994 3181 2107 3213 autem
2128 3180 2268 3214 molesta
2294 3181 2357 3220 est,

1320 3243 1464 3276 minime.
1496 3240 1718 3280 Quamobrem
1742 3238 1837 3271 fortis
1859 3238 2000 3277 dicatur,
2020 3238 2080 3280 qu'i
2106 3239 2165 3271 aut
2188 3238 2361 3280 pulchram

259 3390 278 3408 ⁴¹
294 3390 371 3430 Gap.
391 3392 420 3422 6.
440 3390 490 3422 ὅτι
507 3389 562 3431 μὲν
585 3389 641 3421 οὖν
663 3390 802 3431 μεσότης
816 3390 887 3421 κτλ.
905 3406 947 3414 --
969 3390 1010 3409 Ἠ*
1031 3390 1227 3432 Φοὸούμεθα
1245 3390 1281 3422 δὲ
1301 3391 1450 3430 δηλονότι
1467 3390 1510 3422 τὰ
1519 3389 1642 3433 φοὸερὰ
1653 3389 1723 3421 κτλ.
1749 3406 1783 3411 —
1805 3386 1861 3406 ***
1883 3386 1991 3425 Δόξειε
2009 3387 2037 3419 δ’
2060 3387 2098 3419 ἂν
2124 3386 2197 3419 οὐδὲ
2210 3387 2284 3429 περὶ
2299 3383 2355 3419 θά-

217 3446 314 3470 νατον
332 3438 387 3470 τὸν
408 3438 441 3470 ἐν
456 3437 553 3470 παντὶ
568 3438 626 3471 κτλ

2486 2800 2508 2949 affl
2486 2879 2498 2885 Τ
2482 2785 2508 2803 ’“,.·
2486 2530 2508 2783 fflmfflnfstu
2480 2259 2508 2524 mma-‘uffhoe-K
2476 2122 2508 2252 :iz-nm„

2472 2955 2508 3251 '‘ttriffiff-‘Qssssazew
