2508 3776
122 313 366 370 Move
380 315 518 368 λέγειν,
531 314 567 360 ὃς
586 322 665 354 κατ’
685 315 810 370 ἀρετὴν
826 315 889 368 μὲν
905 292 1041 355 τελείαν
1065 314 1219 390 ἐνεργεῖ,

97 372 117 412 ’ἓ
110 371 401 432 wey-fiee<
418 375 455 414 δὲ
473 380 542 420 τοῖς
555 375 678 422 ἔξωθεν
690 377 797 416 πάλιν
813 377 860 421 εἷς
871 375 937 424 τὴν
957 374 1155 429 εὖτυχίαΛν
1140 390 1223 414 επα·

110 421 401 484 effluenter,
422 434 483 475 καὶ
498 429 652 480 ἱκανῶς(
640 435 707 475 υπὸ
732 439 801 475 τῶν
823 434 921 480 ἕκτος
939 435 1223 490 χορηγηθήσεται

156 489 332 548 ὴαθῶν,
349 495 389 535 οὗ
405 495 464 534 τὸν
479 495 633 548 τυχόντα
645 495 788 548 χρόνον,
800 494 892 533 ἀλλὰ
904 493 962 532 τὸν
980 493 1087 547 μέχρι
1101 494 1224 533 τελευ-

53 558 58 562 ’
94 548 263 606 ζμ’ῑῘ)4ῑῆς,
297 555 359 594 καὶ
381 554 600 608 βιωαᾶμενος
624 553 717 593 οὕτω
734 552 947 600 τελευτήσας
975 553 1067 592 κατὰ
1097 553 1220 604 λόγον·

117 607 406 669 Μπροστίθημι
425 614 462 653 δὲ
483 614 544 653 καὶ
559 613 606 653 τὰ
624 613 748 658 ἔξωθεν
778 613 921 664 ἀγαθά,
947 612 1007 651 διὰ
1028 612 1069 651 τὸ
1086 611 1151 659 τὴν
1172 612 1226 650 εὖ·

139 672 361 726 ’δαιμονίαν
381 672 480 718 τέλος
499 667 590 712 εἶναι
619 673 688 711 τῶν
710 671 936 724 ἀνθρωπίνων
958 670 1141 726 πράξεων,
1163 669 1224 708 καὶ

177 731 238 774 διὰ
255 735 359 773 τοῦτο
377 732 566 786 προσήκειν
585 731 717 771 τέλειον
740 730 870 781 ἀγαθὸν
890 723 980 768 εἶναι
995 729 1055 769 καὶ
1073 728 1222 780 μηδενὸς

151 788 362 833 mnium.
379 792 425 831 Εἰ
443 791 480 831 δὲ
507 806 610 830 τουτο
629 790 757 838 οὕτως,
785 790 825 828 οὗ
852 787 944 839 μετὰ
973 787 1038 836 τὴν
1057 786 1224 833 τελευτὴν

83 882 117 906 3
113 847 423 905 ἔβαδιαρίσομεν
444 850 524 896 τους
543 849 775 901 εὐδαίμονας,
805 847 899 888 ἀλλὰ
921 850 1054 893 ζῶντας
1074 847 1146 895 ἔτι,
1175 851 1225 891 οἱς

85 912 112 925 ‘
127 905 331 963 *Mun
345 910 406 950 καὶ
427 908 574 963 ὑπάρξει
594 909 640 949 τὰ
656 906 845 961 λεχθέντα.
866 906 1074 960 Μακαρίους
1095 905 1156 954 δέ,
1179 907 1226 951 ὡς

73 974 103 1012 ἐ
175 967 381 1021 &primove
413 967 477 1017 τὴν
515 967 737 1021 ἀνθρωπίνην
768 966 1033 1020 μακαριότητα,
1073 964 1150 1013 ἥτις
1185 966 1224 1004 οὗ

78 1034 116 1053 '³
143 1026 292 1082 Ὕπᾶντῃ
311 1027 444 1068 τέλειον
463 1028 538 1081 ἔχει
551 1027 592 1067 τὸ
606 1026 751 1080 ἀγαθόν.
776 1027 848 1066 Καὶ
867 1026 906 1066 τὸ
921 1026 1025 1077 μὲν“’
1004 1041 1058 1066 οτι
1073 1026 1125 1064 δεῖ
1141 1027 1226 1070 ζῶν-

7 1090 10 1091 ’
66 1098 106 1135 ij:
146 1091 239 1134 “ne
268 1087 349 1133 τοῢς
379 1087 588 1139 εὐδαίμονας
621 1084 857 1139 μακαρίζειν,
885 1085 944 1125 ἐπὶ
978 1087 1142 1124 τοσοῦτον
1171 1089 1226 1123 εῖ-

215 1206 436 1263 (Scrisssit
465 1211 482 1230 ⁸
505 1204 876 1257 συνακολουθοίημεν]
898 1205 990 1244 cod.
1014 1206 1227 1243 συνακολου-

143 1211 335 1319 foenum.
370 1287 426 1298 —
439 1267 542 1320 ι’γε]
562 1268 683 1316 vulgo
703 1263 776 1316 ὅγε.
796 1286 851 1295 -·
863 1264 1013 1316 Ωμόνον
1043 1265 1082 1303 οὔ
1103 1263 1221 1315 μακά-

137 1327 270 1409 giblos]
291 1327 378 1367 cod.
396 1324 545 1379 μονονου
566 1325 754 1378 μακάριος.
771 1322 847 1377 —-)

607 1441 700 1495 Κεφ.
734 1444 796 1490 ιη’.

66 1563 95 1590 J
176 1554 424 1588 Εἰκοινωνοΰσι
440 1556 498 1592 τῆς
519 1551 616 1595 τύχης
629 1552 697 1585 τῶν
715 1551 889 1594 ἀπογόνων
914 1554 944 1584 οἱ
960 1550 1116 1594 μακάριοι
1145 1548 1230 1592 μετὰ

134 1628 167 1645 ψ
210 1635 212 1640 ,
622 1600 791 1638 τελευτήν.

52 1694 54 1696 ,
77 1682 90 1694 v‘r
135 1684 186 1703 ²³55!

138 1805 186 1820 ,,,,,

148 1866 221 1911 ’ἷδι
233 1865 303 1912 των
321 1870 502 1923 ἀπογόνων
521 1869 545 1917 ἢ
562 1811 679 1914 ἄλλως
699 1867 835 1908 οἰκείων
859 1870 905 1912 εἷς
924 1884 1003 1912 τους
1023 1867 1230 1919 εὐδαίμονας

130 1927 387 2002 ί-’ίὲῃὲρχεσθαιῆ
421 1928 582 1983 εὐτυχίας
601 1927 625 1976 ἢ
653 1926 864 1980 δυστυχίας,
899 1926 1133 1976 ἀκοινώνητόν
1157 1942 1231 1966 εστι

130 1987 241 2030 Ἣ’ὲαὶ
279 1988 461 2042 ἀλλότριον
498 1989 568 2026 τῶν
610 1986 850 2039 ἀνθρωπίνων·
900 1985 1125 2038 (κοινωνικὸν
1163 1987 1231 2039 γὰρ

126 2035 200 2089 ⁹⁰⁴8
218 2046 411 2102 ἅνθρωπος·
421 2047 437 2101 )
459 2046 521 2086 καὶ
538 2047 624 2100 πρός
647 2061 686 2098 γε
706 2045 758 2085 ἔτι
787 2045 848 2084 καὶ
868 2046 945 2090 ταῖς
961 2051 1092 2090 κοιναῖς
1118 2045 1232 2090 δόξαις

131 2103 350 2157 fistivevttov
365 2107 466 2148 κοινὰ
484 2107 552 2160 γὰρ
572 2107 618 2146 τὰ
644 2123 715 2146 των
746 2107 856 2160 φίλων
885 2101 974 2147 εἶναι
1003 2114 1091 2146 πᾶσι
1120 2108 1227 2148 δοκεῖ.

182 2159 335 2211 Πολλων
351 2168 388 2208 δὲ
408 2167 518 2208 ὄντων
538 2183 607 2206 των
625 2166 892 2218 συμὸαινόντων
910 2167 981 2211 τοῖς
1004 2167 1143 2212 οἰκείοις
1161 2169 1231 2206 τῶν

142 2223 396 2304 μακαρίων,
411 2226 474 2266 καὶ
493 2226 662 2272 παντοίας
692 2226 847 2279 ἐχόντων
876 2226 1065 2280 διαφοράς,
1083 2226 1143 2265 καὶ
1162 2228 1232 2266 τῶν

184 2287 248 2340 μὲν
265 2288 400 2341 μᾶλλον
418 2285 675 2326 συντελούντων
696 2288 743 2331 εἷς
762 2282 826 2334 τὴν
847 2285 1093 2337 εὐδαιμονίαν,
1112 2289 1181 2326 τῶν
1197 2286 1233 2325 δὲ

127 2285 311 2415 ζμῆττον,
330 2346 372 2387 τὸ
394 2347 458 2399 μὲν
483 2345 577 2386 κατὰ
594 2346 697 2398 μέρος
716 2347 861 2400 διαιρεῖν
881 2346 989 2398 αὗταί,
1016 2346 1152 2422 μακρὸν
1173 2346 1233 2386 καὶ

127 2399 327 2464 Ὕῖπειρον
344 2404 520 2461 φαίνεται·
542 2407 572 2444 εἰ
595 2404 631 2444 δὲ
654 2407 851 2458 ὁλοσχερῶς
866 2406 971 2445 καὶ“
953 2422 999 2451 ως
1016 2408 1050 2445 ἐν
1069 2405 1169 2460 τύπῳ
1188 2405 1236 2445 εἴ-

176 2464 312 2518 ’ποιμεν
332 2465 414 2519 περὶ
431 2467 559 2511 αὐτῶν,
578 2464 730 2504 ἱκανὸν
713 2481 755 2503 αν
769 2465 837 2513 εἴη.
857 2466 1099 2518 Διαιρησομεν
1118 2466 1235 2506 τοίνυν

181 2525 246 2566 διαὶ
272 2539 410 2572 ταυτα,
440 2524 600 2578 καθάπερ
629 2523 673 2562 τὰ
709 2524 949 2574 συμὸαίνοντα
975 2525 1235 2578 δυστυχήματα

59 2580 82 2599 ‘²
124 2573 183 2632 ”f
178 2584 254 2628 τοῖς
278 2582 485 2636 μακαρίοις,
504 2582 557 2622 ὅτι
573 2583 618 2622 τὰ
639 2581 702 2634 μὲν
725 2583 864 2634 μεγάλα
885 2583 945 2622 καὶ
965 2583 1151 2637 ἀξιόλογα,
1173 2585 1235 2624 καὶ

58 2690 60 2694 ,
186 2641 292 2697 βάρος
309 2641 385 2696 ἔχει
401 2657 488 2695 προς
503 2658 562 2682 τον
584 2641 682 2695 βίον,
703 2643 748 2680 τὰ
769 2642 804 2680 δὲ
829 2643 939 2696 μικρὰ
959 2644 1020 2682 καὶ
1047 2643 1235 2697 ἐλαφρότε-

97 2718 142 2768 7³1²
143 2717 245 2780 Ἥρα.
261 2699 368 2756 Ἔχει
387 2701 423 2740 δὲ
440 2702 630 2755 διαφοράν,
649 2701 715 2740 ὅσα
735 2701 915 2747 ζώντων”
895 2719 946 2741 ετι
966 2707 1034 2743 τῶν
1049 2703 1234 2758 μακαρίων

54 2767 55 2770 ’
82 2758 84 2763 ’
125 2766 128 2771 '
156 2756 255 2807 τοῖς
277 2760 416 2806 οἰκείοις
442 2760 650 2813 συμὸαίνει,
679 2763 747 2800 τῶν
775 2761 1040 2813 συμὸαινόντων
1061 2765 1151 2814 μετὰ
1170 2763 1234 2813 τὴν

89 2869 92 2870 ⁷
147 2873 150 2874 ⁷
135 2812 301 2860 ἀὐτῶν
330 2821 517 2869 τελευτήν,
547 2820 633 2869 ὅσην
661 2818 736 2873 ἔχει
767 2820 813 2858 τὰ
847 2822 880 2859 ἐν
910 2827 987 2866 ταῖς
1020 2822 1233 2874 τραγῳδίαις

84 2883 150 2926 .ῗῇ
175 2879 412 2932 πλαττόμενα
430 2878 524 2919 κακὰ
540 2881 610 2918 τῶν
623 2879 921 2933 προϋπαρξάντων
936 2881 1170 2934 πραγμάτων,
1185 2898 1234 2922 ων

117 2925 171 2953 ⁴⁵⁴³
188 2941 302 2979 ταῦτα
321 2938 433 2978 σκιαί.

241 2998 281 3020 *⁹*
297 2993 530 3038 ΣδιεπτίονὟ
491 3013 549 3038 ουν
566 2997 645 3051 περὶ
664 3000 728 3045 τῆς
747 2999 927 3052 διαφορᾶς.
943 2999 1086 3046 Βέλτιον
1102 2998 1176 3039 δε’
1160 3016 1236 3044 εστι

170 3058 384 3124 σκέψασθαι
410 3059 440 3097 εἰ
469 3073 692 3098 κοινωνουσιν
730 3060 763 3097 οἱ
797 3058 966 3110 μακάριοι
989 3058 1062 3102 τοῖς
1095 3059 1234 3105 οἰκείοις

46 3133 74 3160 ³1
75 3108 148 3186 ’φ
170 3113 280 3180 μετὰ
298 3117 463 3167 τελευτὴν
485 3120 549 3165 τῆς
579 3118 700 3172 τύχης.
731 3117 908 3157 Φαίνεται
941 3117 1077 3167 τοίνυν,
1097 3118 1171 3167 ὅτι,
1205 3123 1235 3160 εἷ

39 3172 72 3192 '³
118 3161 129 3186 ”
151 3172 250 3218 διαὶ
265 3177 407 3232 ἔρχεταί
424 3193 458 3216 τι
476 3177 562 3230 πρὸς
581 3177 703 3222 αὐτους
722 3177 791 3216 ἀπὸ
814 3177 970 3225 τούτω-,ν
993 3178 1063 3216 εἴτε
1084 3179 1231 3230 ἀγαθόν,

119 3233 153 3249 ”“
191 3236 260 3277 ἐἴτε
275 3238 426 3290 φαυὶον,
443 3236 566 3276 ἅσθενε
552 3253 583 3281 ες
604 3236 749 3288 μέντοι’
766 3238 825 3276 καὶ
842 3235 978 3310 μικρόν.
999 3235 1051 3275 Ἢ
1074 3235 1161 3275 διότι
1176 3236 1235 3275 καὶ

189 3299 236 3348 τῇ
253 3298 377 3335 ἑαυτου
396 3295 496 3350 φύσει
517 3296 640 3349 μικρόν
657 3298 751 3336 ἐστιν
767 3326 778 3344 ς
799 3296 854 3343 ἢ
840 3296 981 3340 εκείνοις
1000 3295 1123 3348 μικρόν
1141 3327 1151 3347 ,
1169 3312 1234 3335 καν

192 3353 286 3408 μέγα
304 3354 468 3408 ὑπάρχῃ,
490 3355 547 3395 διὰ
566 3356 606 3395 τὸ
630 3355 680 3407 μὴ
703 3358 765 3403 ζῆν
785 3354 847 3403 τὴν
874 3357 1023 3395 ἐνταῦθα
1044 3354 1150 3405 ζωήν.
1181 3359 1227 3397 Εἴ

66 2447 84 2480 δῖ’»,
122 2447 185 2479 ’rh

650 225 956 267 ETHICORUM
984 206 1446 266 NICOMACHEORUM
1476 225 1861 267 PARAPHRASIS.

2251 229 2329 268 325

1282 318 1429 353 dictatus
1450 319 1493 353 ad
1504 320 1698 356 felicitatem
1710 322 1842 362 redeat,
1865 322 2026 366 bonisque
2038 323 2184 357 externis
2202 321 2332 357 medio—

1284 378 1385 412 criter
1405 378 1590 414 instructus
1610 380 1672 421 sit,
1690 391 1756 414 non
1774 382 1817 415 ad
1839 381 2012 425 quodlibet
2028 384 2175 425 tempus,
2192 381 2250 416 sed
2272 390 2333 414 us-

1285 447 1351 481 que
1366 438 1409 472 ad
1427 439 1509 472 vitae
1529 439 1647 480 finem,
1663 441 1806 484 talisque
1821 443 1855 474 et
1870 444 1985 484 postea
2006 442 2100 475 vivat
2118 443 2152 475 et
2176 439 2335 484 sapientis

1283 497 1319 531 in
1339 497 1476 532 modum
1499 499 1685 533 moriatur?
1708 501 1858 544 Adjungo
1874 503 1985 535 autem
2005 503 2040 535 et
2064 503 2202 535 externa
2225 501 2332 540 bona,

1283 558 1362 601 quia
1375 558 1597 592 humanarum
1606 560 1774 593 actionum
1785 560 1860 594 finis
1877 562 1928 594 est
1941 559 2091 600 felicitas,
2107 570 2146 594 ac
2160 561 2335 603 propterea

1284 618 1471 661 perfectum
1496 628 1569 653 esse
1593 619 1693 654 debet
1723 620 1787 654 hoc
1812 620 1936 654 bonum
1964 629 2072 663 neque
2087 620 2155 654 ulla
2175 629 2217 653 ex
2239 619 2333 662 parte

1285 687 1451 712 mancum.
1478 680 1561 717 Quae
1577 688 1682 722 quum
1703 679 1752 712 ita
1779 679 1864 719 sint,
1884 680 2001 713 beatos
2024 689 2089 712 non
2106 681 2181 722 post
2205 678 2335 711 obitum

1286 736 1452 776 dicemus,
1481 737 1540 770 sed
1552 738 1635 770 dum
1653 738 1774 771 vivunt
1797 738 1908 772 adbuc
1928 747 1984 772 eos
2000 738 2256 781 appellabimus,
2276 737 2335 780 qui

1285 795 1411 829 habent
1426 798 1460 829 et
1487 796 1659 830 habebunt
1683 806 1722 830 ea
1746 806 1823 840 quae
1849 807 1868 830 a
1884 797 1979 831 nobis
2007 807 2107 840 supra
2135 797 2225 830 dicta
2244 798 2334 829 sunt..

1286 856 1405 888 Beatos
1417 857 1531 905 autem
1547 857 1783 899 praedicamus,
1803 860 1841 890 ut
1855 857 2022 896 homines,
2045 857 2251 890 beatitudine
2270 857 2337 889 hu—

1286 922 1400 952 mana,
1427 923 1504 956 quae
1522 923 1586 948 non
1599 915 1747 958 undique
1762 915 1947 957 perfectum
1959 916 2060 949 habet
2073 917 2208 952 bonum.
2228 917 2336 958 Atque

1287 972 1360 1006 haec
1378 972 1515 1015 quidem
1525 973 1568 1006 de
1580 973 1739 1007 felicitate
1750 1001 1758 1013 ,
1776 984 1877 1017 quam
1902 985 1969 1008 non
1986 975 2128 1008 mortuis
2141 1001 2149 1014 ,
2170 974 2230 1009 sed
2250 974 2338 1007 vivis

1286 1031 1497 1065 tribuendam
1511 1041 1583 1066 esse
1598 1034 1756 1075 putamus
1765 1058 1774 1074 ‚
1795 1032 1884 1066 dicta
1900 1033 1967 1066 sint
1978 1033 2151 1066 hactenus.

1708 1447 1788 1489 Gap.
1813 1447 1934 1480 xvm.

1343 1556 1424 1585 Num
1443 1554 1525 1584 beati
1544 1555 1613 1592 post
1631 1554 1753 1585 obitum
1766 1556 1962 1592 posterorum
1977 1555 2109 1585 fortuna}
2123 1556 2289 1594 participes

1772 1602 1858 1632 liant.

1332 1693 1384 1726 Ad
1398 1693 1538 1726 alteram
1553 1702 1633 1726 vero
1648 1692 1868 1735 quaestionem
1877 1719 1884 1731 ‚
1907 1693 2121 1735 perveniatur
2141 1703 2183 1726 ex
2198 1692 2343 1727 infelici-

1290 1754 1360 1786 tate
1386 1754 1597 1795 posterorum
1623 1754 1682 1785 aut
1700 1752 1883 1784 amicorum
1909 1752 2022 1794 aliqua
2052 1752 2095 1785 ad
2121 1753 2237 1786 beatos
2260 1753 2346 1786 cala-

1290 1812 1392 1845 mitas
1403 1838 1411 1853 ,
1426 1821 1516 1845 nunc
1534 1811 1802 1854 respondendum
1818 1811 1892 1846 erit.
1917 1814 1991 1845 Jam
2009 1821 2090 1846 vero
2110 1812 2244 1846 omnino
2259 1813 2343 1846 nibil

1290 1881 1311 1905 a
1334 1871 1477 1914 posteris
1505 1871 1623 1905 aliisve
1646 1871 1841 1914 propinqniS
1866 1871 1937 1905 sive
1967 1881 2200 1914 prosperarum
2232 1881 2346 1905 rerum

1291 1934 1363 1968 sive
1387 1933 1604 1967 adversarum
1631 1934 1672 1966 ad
1698 1933 1814 1966 beatos
1846 1933 2037 1976 pervenire,
2069 1943 2089 1966 a
2113 1933 2343 1967 communione

1291 1994 1447 2027 abhorret
1459 1994 1494 2027 et
1515 1992 1702 2026 conditione
1713 1993 1860 2026 humana
1879 2003 1886 2023 :
1903 1994 2000 2034 (nam
2016 1992 2059 2025 ad
2072 1993 2345 2027 communitatem

1291 2054 1391 2087 natus
1408 2054 1460 2086 est
1473 2053 1574 2086 homo
1591 2063 1598 2084 :
1613 2052 1623 2094 )
1637 2052 1696 2085 sed
1710 2054 1834 2085 etcum
1850 2052 2002 2095 opinione
2020 2053 2187 2085 communi
2199 2055 2343 2096 pugnat:

1292 2112 1446 2145 omnibus
1471 2112 1560 2145 enim
1588 2112 1731 2152 videtur,
1750 2112 1938 2145 communia
1963 2121 2036 2146 esse
2063 2121 2140 2155 quae
2164 2113 2346 2147 amicorum

1294 2173 1373 2205 sunt
1407 2173 1538 2204 cuncta.
1577 2173 1689 2210 Quum
1711 2180 1790 2204 vero
1821 2171 1930 2204 multa
1952 2172 2127 2205 beatorum
2154 2173 2348 2216 propinquis

1293 2231 1464 2270 eveniant,
1484 2239 1590 2273 eaque
1614 2230 1687 2273 ipsa
1714 2230 1890 2263 dissimilia
1919 2230 1986 2263 sint
2007 2232 2042 2263 et
2067 2231 2220 2273 diversa,
2244 2232 2292 2265 ita
2310 2235 2348 2266 ut

1293 2289 1449 2333 quaedam
1465 2290 1587 2332 magis,
1610 2289 1674 2322 alia
1691 2289 1803 2322 minus
1819 2289 1862 2322 ad
1874 2290 2069 2323 felicitatem
2093 2290 2283 2331 conferant,
2300 2292 2348 2325 si-

1294 2350 1434 2394 gillatim
1451 2359 1490 2384 ea
1505 2349 1710 2391 distinguere
1722 2350 1859 2391 longum
1872 2352 1906 2383 et
1924 2350 2092 2384 infinitum
2108 2352 2259 2394 videtur;
2277 2353 2347 2386 uni-

1293 2419 1392 2444 verse
1409 2411 1523 2443 autem
1540 2409 1714 2442 ostendere
1738 2418 1777 2442 ac
1789 2409 1883 2442 velut
1901 2409 1978 2442 rudi
1990 2410 2133 2456 imagine
2146 2411 2348 2447 adumbrare

1295 2469 1433 2502 forsitan
1440 2469 1521 2501 satis
1536 2467 1648 2501 fuerit.
1662 2468 1916 2510 Distinguemus
1927 2478 2004 2511 ergo
2014 2470 2087 2503 haec
2099 2470 2212 2509 etiam,
2227 2481 2348 2513 quem-

1295 2527 1476 2561 admodum
1516 2529 1551 2560 et
1594 2527 1740 2569 reliqua,
1786 2529 1857 2560 tam
1887 2529 2031 2562 secunda
2059 2539 2161 2571 quam
2188 2530 2346 2571 adversa,

1295 2597 1372 2631 quae
1390 2587 1547 2621 eveniunt
1578 2586 1684 2619 beatis
1697 2613 1704 2626 ,
1730 2588 1768 2619 ut
1796 2587 1861 2620 alia
1887 2597 1960 2621 esse
1987 2587 2138 2622 dicamus
2168 2599 2287 2632 magna
2315 2593 2350 2625 ct

1295 2647 1431 2686 eximia,
1462 2655 1539 2689 quae
1560 2646 1690 2689 pondus
1715 2646 1851 2689 aliquod
1879 2649 1914 2680 et
1940 2650 2147 2682 momentum
2177 2649 2220 2682 ad
2244 2651 2349 2684 vitam

1295 2706 1451 2745 habeant,
1470 2706 1534 2739 alla
1547 2715 1650 2748 parva
1662 2708 1696 2739 et
1711 2706 1847 2740 leviora.
1866 2707 1933 2740 Sed
1947 2707 2034 2741 inter
2050 2717 2113 2748 res,
2130 2718 2207 2751 quae
2224 2719 2348 2752 quam-

1296 2766 1355 2800 diu
1387 2766 1507 2800 vivunt
1538 2765 1628 2799 beati
1643 2793 1650 2805 ,
1681 2775 1796 2799 eorum
1823 2767 2017 2810 propinquis
2049 2768 2222 2808 eveniunt!
2248 2772 2350 2814 atque

1295 2826 1383 2859 inter
1401 2835 1474 2865 eas,
1493 2835 1571 2868 quae
1588 2827 1665 2868 post
1682 2825 1818 2859 illorum
1830 2826 1960 2860 obitum
1977 2827 2019 2860 iis
2035 2828 2198 2868 accidunt,
2218 2831 2355 2863 tantum-

1295 2885 1434 2918 interest
1444 2910 1452 2923 ,
1465 2886 1629 2927 quantum
1643 2883 1731 2918 inter
1742 2885 1831 2918 mala
1845 2885 1881 2918 in
1893 2886 2062 2928 tragoediis
2082 2887 2160 2920 [icta
2179 2889 2212 2920 et
2230 2890 2349 2922 eventa

1295 2945 1384 2988 ipsa,
1403 2953 1550 2987 quorum
1563 2945 1636 2978 haec
1650 2946 1783 2978 tantum
1797 2945 1927 2980 umbrae
1943 2948 2032 2980 sunt.

1337 3003 1527 3037 Videndum
1543 3004 1656 3046 igitur,
1677 3005 1786 3047 qualis
1802 3005 1937 3038 illarum
1956 3016 2069 3041 rerum
2081 3006 2275 3041 differentia
2290 3008 2345 3043 sit.

1295 3064 1416 3098 Melius
1433 3065 1546 3098 autem
1560 3066 1611 3098 est
1622 3073 1790 3107 quaerere,
1809 3075 1890 3098 num
1907 3066 1997 3099 beati
2013 3068 2088 3109 post
2107 3069 2249 3101 mortem
2270 3078 2349 3111 pro-

1294 3124 1496 3166 pinquorum
1513 3122 1655 3157 fortunae
1672 3124 1849 3167 participes
1867 3125 1942 3158 sint.
1959 3127 2102 3169 Apparet
2117 3135 2225 3169 porro,
2248 3127 2347 3160 etiam

1295 3182 1322 3215 si
1341 3181 1423 3224 quid
1456 3181 1498 3215 ad
1514 3191 1572 3216 eos
1592 3183 1635 3217 ab
1656 3183 1710 3216 his
1735 3184 1923 3226 perveniat,
1956 3184 2026 3218 sive
2057 3185 2180 3218 bonum
2211 3185 2254 3218 sit
2277 3186 2347 3220 sive

1296 3241 1438 3281 malum,
1459 3243 1571 3275 tamen
1588 3242 1661 3277 leve
1672 3242 1737 3276 hoc
1755 3244 1789 3276 et
1807 3243 1964 3285 exiguum
1982 3252 2053 3278 esse
2078 3253 2086 3275 ε
2110 3243 2164 3277 vel
2182 3243 2273 3286 quod
2288 3253 2347 3286 per

1296 3312 1331 3336 se
1345 3303 1419 3336 leve
1439 3302 1484 3336 sit
1501 3305 1535 3337 et
1551 3304 1731 3346 exiguum,
1753 3305 1808 3338 vel
1829 3304 1919 3348 quod
1945 3305 2011 3338 illis
2032 3305 2074 3338 sit
2091 3305 2172 3342 tale,
2192 3305 2348 3347 quamvis

1296 3372 1355 3407 per
1372 3372 1409 3398 se
1427 3372 1585 3405 magnum
1595 3364 1657 3403 sit,
1677 3365 1757 3408 quia
1773 3374 1815 3399 ex
1827 3364 1891 3399 hac
1901 3365 1971 3399 vita
1988 3365 2090 3399 semel
2109 3364 2343 3398 discesserunt.

232 3495 253 3516 ⁴¹
269 3495 349 3539 Gap.
370 3499 418 3531 11.
443 3498 500 3537 τὰς
521 3499 557 3532 δὲ
575 3500 640 3533 τῶν
659 3500 832 3542 ἀπογόνων
849 3501 919 3533 κτλ.
935 3517 977 3524 -
996 3501 1036 3520 *²⁴²
1052 3500 1183 3534 Μᾶλλον
1202 3501 1230 3534 δ’
1247 3497 1326 3538 1ίσως
1341 3501 1380 3534 τὸ
1401 3501 1628 3544 διαπορεῖσθαι
1645 3502 1717 3535 κτλ,
