2528 3788
127 319 305 389 ww&
321 322 499 374 ἔπηυξήθη
530 323 575 364 τὰ
600 323 817 378 Θεωρήματα
838 321 900 363 καὶ
930 321 1102 375 προηλθεν
1130 322 1179 365 εἰς

285 383 496 437 ονικωτέραν
517 383 702 424 σύστασιν.
759 381 1054 435 Λεωδάμαντος
1035 380 1071 420 οὲ
1091 380 1176 419 νεώ-

242 443 505 491 ὃΝεοκλείδης
523 443 583 482 καὶ
613 445 632 483 6
661 442 784 483 τούτου
809 439 968 494 μαθητὴς
998 439 1116 489 Λέων,
1144 438 1178 479 οἳ

124 450 522 604 Ψςὰπροσιπόρισαν
541 505 612 548 τοῖς
627 502 695 556 πρὸ
712 503 838 550 αὐτῶν,
857 501 948 540 ὥστε
963 499 1022 539 τὸν
1042 498 1177 540 Λέοντα

110 607 111 610 ,
125 562 253 612 Mt·
271 571 432 618 στοψεῑα
454 566 628 603 συνθεῖναι
647 565 697 616 τῷ
722 577 762 602 τε
780 561 904 609 πλήθει
925 561 984 600 καὶ
1009 563 1054 615 τῇ
1074 561 1178 614 χρεία

80 607 198 676 ix&
227 623 460 675 δεικνυμένων
487 601 782 674 ἐπιμελέστερον,
806 620 867 661 καὶ
896 620 1095 674 διορισμοὺς
1119 622 1179 660 εὑ-

127 687 199 737 ριῖν
227 687 262 734 q,
289 683 375 726 πότι
395 681 540 723 δυνατόν
567 683 640 721 ἐστι
669 679 709 719 τὸ
737 678 949 730 ζητούμενον
981 678 1176 732 πρόὸλημα

126 742 190 790 καὶ
204 742 300 790 πότι
326 743 514 783 ἀδύνατον.
576 738 725 785 Εὔδοξος
751 738 786 777 δὲ
814 741 832 777 6
861 739 1003 782 Κνίδιος
1031 737 1180 784 Λέοντος

128 801 207 854 μὲν
216 801 327 857 ὀλίγῳ
344 801 531 854 νεώτερος,
551 801 689 850 ἑταῖρος
704 802 720 820 ¹'
740 796 776 836 62:
795 800 865 836 τῶν
889 796 970 850 περὶ
999 797 1178 837 Πλάτωνα

54 882 81 912 'L
125 860 325 930 pm,
336 876 474 914 πρωτος
490 862 559 899 τῶν
574 857 725 898 καθόλου
739 856 976 909 θεωρημάτων
994 855 1034 895 τὸ
1049 857 1180 903 πλῆθος

62 914 101 970 ⁵.ssss
124 913 260 969 ῃῦρμι
277 913 342 956 καὶ
358 919 435 958 ταῖς
458 911 571 966 τρισὶν
592 910 794 963 ἅναλογίαις
820 909 930 954 ἄλλας
952 914 1045 962 τρεῖς
1070 925 1180 962 προσ-

63 981 100 1016 ’-ι.·-
126 972 262 1027 (0333,
286 971 351 1014 καὶ
389 971 436 1013 τὰ
474 971 554 1026 περὶ
590 970 654 1019 τὴν
686 969 800 1022 τομὴν
833 967 993 1022 ’ἀρχὴν
1024 968 1180 1008 λαὸόντα

96 1079 108 1087 γ,
122 1031 227 1108 w&
250 1032 442 1085 Πλάτωνος
470 1033 518 1077 εἷς
545 1031 677 1079 πλῆθος
699 1028 882 1084 προήγαγε
903 1028 963 1068 καὶ
985 1034 1064 1074 ταῖς
1091 1031 1179 1068 ἀνα-

108 1091 268 1147 14λέπηιν
287 1092 344 1133 ἐπ’
359 1094 474 1133 αὐτων
490 1091 729 1144 χρησάμενος.
789 1088 965 1141 Ἀμύκλας
986 1089 1020 1128 δὲ
1037 1091 1056 1128 6
1071 1088 1181 1142 ι,Ηροι

88 1144 354 1206 ’ζ’-κλιέντης,
314 1167 346 1193 ε
343 1169 367 1194 ς
388 1167 457 1192 των
473 1150 666 1196 Πλάτωνος
685 1148 846 1204 ἑταίρων,
861 1149 921 1188 καὶ
941 1148 1182 1202 Μέναιχμος

129 1210 305 1268 &spontis
320 1209 370 1253 ὢν
389 1209 543 1258 Εὐδόξου
561 1210 623 1250 καὶ
638 1209 808 1251 Πλάτωνι
827 1207 864 1248 δὲ
882 1210 1098 1262 συγγεγονὼς
1119 1212 1181 1249 καὶ

74 1308 77 1311 ⁴
129 1274 149 1312 6
158 1272 308 1326 ἀδελφὸς
324 1272 430 1312 αὐτοῦ
443 1269 738 1324 Δεινόστρατος”
719 1285 771 1309 ετι
785 1269 1030 1323 τελεωτέραν’
1014 1269 1182 1318 εποίησαν

42 1333 62 1375 ’Δ
129 1331 309 1382 τὴνὸλην
334 1332 568 1386 γεωμετρίαν.
645 1330 829 1375 Θεύδιος
811 1329 848 1370 οὲ
873 1332 891 1369 ὁ
919 1329 1082 1382 Μάγνης
1099 1336 1114 1354 ¹¹
1146 1330 1182 1370 ἔν

64 1479 105 1519 ,Ὗ
130 1479 222 1515 nim
246 1481 384 1524 propter
412 1481 636 1514 mercaturam
668 1480 703 1512 et
734 1478 990 1522 negotiationem
1019 1479 1186 1522 exquisita

75 1562 87 1583 .·
130 1548 348 1575 numemrnm
383 1539 531 1574 scientia>
556 1541 670 1572 ortum
695 1538 817 1572 habuit
849 1550 860 1572 ι
891 1538 940 1572 ita
970 1539 1073 1573 etiam
1097 1539 1187 1582 apud

59 1605 83 1633 ῑ·
126 1598 305 1643 ‘mgnum
323 1598 505 1642 geometria
522 1598 566 1632 ob
589 1607 663 1632 eam
680 1607 784 1641 quam
802 1597 873 1631 dlxi
896 1607 1034 1632 eausam
1053 1599 1187 1632 inventa

70 1674 82 1704 ,·
126 1659 196 1708 ,κῐὶ
212 1656 335 1694 mes
351 1659 466 1692 autem
490 1657 620 1702 primus
642 1658 678 1691 in
701 1659 883 1700 AEgyptum
906 1658 1077 1701 profectus
1102 1659 1189 1692 hanc

56 1722 62 1767 j
73 1719 105 1755 37.
131 1718 252 1755 m
266 1717 443 1753 subtilium
467 1718 779 1761 contemplationem
799 1718 835 1751 in
853 1718 1017 1752 Graeciam
1035 1720 1188 1752 transtu-

132 1768 189 1819 Μ,
197 1777 344 1824 ‘ipseque
364 1779 440 1811 tum
459 1778 568 1811 multa
594 1777 757 1820 repperit,
775 1779 850 1811 tum
871 1778 1057 1811 multarum
1075 1787 1189 1812 rerum

51 1838 81 1867 ἕ
132 1835 296 1883 pffhaspia
321 1838 477 1881 posteros
500 1837 631 1877 docuit,
656 1846 763 1880 quum
783 1837 858 1870 aliis
889 1837 1043 1871 universe
1059 1847 1191 1871 omnem

54 1898 75 1931 ζ’
137 1895 240 1933 &Muti
259 1894 330 1932 vini
343 1897 558 1937 intendisset,
577 1897 661 1930 alias
681 1896 789 1939 magis
807 1897 960 1930 sensibus
976 1897 1188 1941 percepisset.

134 1954 322 1993 fflhuuc
335 1957 530 1996 Ameristus,
549 1956 731 1991 Stesichori
745 1958 852 1999 poetae
867 1956 982 1996 frater,
1003 1959 1042 1990 ut
1060 1966 1193 1999 geome-

26 2010 69 2056 ⁷22⁴
134 2015 213 2053 11ίὺ
224 2013 395 2052 studiosus
413 2019 628 2056 memoratur,
645 2027 748 2060 quom
767 2018 801 2050 et
819 2016 957 2060 Hippias
981 2017 1084 2051 Eleus
1111 2027 1192 2059 geo-

44 2066 82 2119 {⁷²
135 2073 267 2112 n'e'trioe
287 2076 474 2119 cognitione
487 2076 682 2111 inclaruisse
709 2075 858 2110 tradidit.
888 2077 1008 2110 Postea
1025 2077 1194 2120 Pythago-

63 2127 66 2132 *
137 2137 284 2180 rasejus
303 2135 454 2171 studium
479 2136 515 2169 in
542 2135 685 2169 formam
704 2135 866 2169 doctrinae
881 2135 1031 2169 liberans
1047 2136 1192 2180 redegit,

138 2195 300 2241 prhreipia
326 2196 398 2239 ejus
412 2195 510 2239 quasi
526 2205 546 2230 e
562 2195 698 2229 sublimi
713 2195 956 2238 contemplatus
977 2205 1017 2229 ac
1036 2196 1106 2230 sine
1122 2206 1196 2230 ma-

139 2254 243 2302 ἱστία,
263 2255 334 2290 solo
348 2254 504 2288 videlicet
530 2254 702 2288 intellectu
718 2254 926 2288 theoremata
946 2257 1193 2298 perscrutatus,

50 2304 71 2346 f
139 2313 211 2359 qui
220 2314 324 2350 etiam
343 2323 456 2349 rerum
470 2314 680 2357 proportione
702 2313 974 2357 respondentium
991 2314 1140 2348 studium
1162 2317 1197 2349 et

7 2387 12 2391 ’
140 2373 386 2417 m‘ttndnmmm
418 2374 604 2408 formarum
645 2373 901 2416 descriptionem
939 2374 1078 2408 invenit.
1116 2376 1198 2408 Post

140 2431 233 2478 him
245 2434 457 2477 Anaxagoras
471 2432 702 2468 Clazomenius
720 2433 885 2466 multum
875 2443 910 2466 m
923 2434 1104 2476 geometria
1119 2443 1198 2468 ver-

56 2487 60 2489 *
106 2491 107 2494 ’
143 2491 239 2530 dtus
269 2495 337 2534 est,
359 2493 452 2528 haud
482 2502 580 2527 secus
602 2494 705 2536 atque
729 2493 911 2536 OEnopides
946 2493 1050 2528 Chius
1080 2494 1200 2537 [semi-

58 2548 73 2605 '3
144 2555 263 2590 menn
288 2553 506 2599 quadraturae
529 2552 695 2592 inventor,
717 2554 751 2586 et
772 2553 967 2587 Theodorus
993 2553 1196 2598 Cyrenaeus]

71 2606 75 2611 ’
143 2614 259 2660 paullo
275 2614 388 2658 junior
408 2615 602 2657 Anaxagora
614 2641 622 2654 ,
646 2623 792 2657 quorum
812 2615 846 2648 et
867 2614 964 2648 Plato
977 2615 1010 2647 in
1025 2615 1200 2649 nivalibus

64 2717 89 2725 Μ
145 2666 348 2722 raditionem
367 2673 449 2717 fecit
465 2675 626 2717 tanquam
642 2673 815 2707 hominum
833 2673 868 2707 in
885 2674 1131 2709 mathematicis
1145 2685 1200 2708 ar-

10 2774 12 2778 ,
118 2730 239 2782 ΛΜ
256 2729 440 2774 ὡτοτυιτη
466 2734 542 2776 post
561 2741 647 2776 quos
664 2733 881 2775 Hippocrates
901 2733 1022 2773 Chius,
1051 2734 1201 2768 semicir-

69 2790 83 2818 1⁴²
104 2831 105 2834 ¹
145 2786 442 2835 &quadraturae
467 2792 632 2832 inventor,
652 2794 685 2826 et
704 2791 898 2826 Theodorus
920 2793 1099 2835 Cyrenaeus
1122 2803 1201 2836 geo-

145 2850 278 2886 αἰτίαν
306 2850 492 2894 cognitione
512 2851 618 2884 incliti
643 2851 783 2884 fuerunt
807 2862 814 2884 :
837 2851 1003 2894 siquidem
1031 2852 1118 2886 inter
1146 2861 1202 2886 eos

80 2919 90 2965 ¹*
122 2919 235 2956 «μοι
265 2911 525 2946 mernoravimus
561 2912 690 2956 primus
726 2913 943 2956 Hippocrates
971 2915 1005 2946 et
1040 2914 1202 2947 elementa

63 2994 78 3012 ,n
148 2970 284 3015 eoelptis
299 2971 482 3007 mandavit.
503 2972 588 3006 Dein
607 2973 703 3006 Plato
721 2973 833 3016 paullo
846 2974 946 3006 aetate
966 2973 1130 3016 posterior
1142 2983 1202 3007 sua

85 3014 121 3041 ¹
148 3029 315 3067 Mustela
330 3029 463 3072 effecit,
485 3033 525 3065 ut
543 3041 623 3065 cum
645 3034 774 3065 caeterae
802 3032 1002 3075 disciplinae,
1022 3034 1096 3066 tum
1123 3042 1203 3076 geo-

75 3104 107 3140 ;,«
149 3089 271 3127 mia
290 3088 448 3125 maximis
466 3091 680 3125 incrementis
702 3093 932 3135 augescerent,
957 3101 1058 3135 quem
1080 3092 1204 3126 scilicet

150 3148 367 3185 manifestum
388 3151 442 3186 est
462 3150 567 3184 libros
586 3151 687 3184 etiam
707 3160 786 3185 suos
802 3150 1050 3184 mathematicis
1063 3151 1204 3184 rationi-

58 3213 87 3247 ²².
152 3207 223 3246 hm
247 3208 440 3250 refer-sisse,
459 3211 495 3244 et
513 3210 638 3254 ubique
666 3211 919 3244 admirationem
940 3219 1056 3244 eorum
1075 3211 1136 3254 qui
1163 3210 1206 3244 ad

153 3267 398 3313 lffiilnsophiam
423 3269 692 3312 pertractandam
723 3280 759 3304 se
790 3269 972 3309 dederunt,
1009 3270 1097 3304 circa
1114 3270 1207 3304 illam

155 3326 365 3371 &delium
379 3329 552 3364 excitasse.
572 3330 639 3364 Sed
657 3339 696 3363 eo
706 3332 855 3373 tempore
875 3329 1059 3365 Leodamas
1074 3339 1208 3374 quoque

156 3385 300 3423 Mus
317 3387 383 3422 l'uit
397 3390 432 3421 et
445 3389 608 3432 Archytas
623 3390 821 3423 Tarentinus
834 3391 868 3423 et
887 3390 1080 3423 Theaetetus
1103 3389 1207 3423 Athe-

158 3445 299 3487 nlsmls,
321 3456 343 3481 a
359 3448 484 3491 quibus
511 3449 653 3484 adaucta
683 3452 761 3484 sunt
786 3450 994 3483 theoremata
1014 3451 1048 3483 et
1066 3449 1109 3483 ad
1129 3459 1209 3492 pro-

160 3505 328 3542 bationem
360 3508 506 3544 scientiae
535 3510 836 3545 convenientiorem
865 3511 1032 3553 provecta.
1061 3511 1209 3544 Fuerunt

1041 233 1381 278 FRAGMENTA.

2206 228 2284 268 267

1239 335 1277 358 τε
1308 318 1379 362 τοῖς
1408 317 1613 369 μαθήμασιν
1647 315 1760 362 ἔδοξεν
1791 309 1880 355 εἶναι
1904 311 2076 368 διαφέρων
2105 309 2166 351 καὶ
2192 308 2286 350 κατὰ

1238 377 1302 427 τὴν
1319 378 1429 425 ἄλλην
1443 377 1666 432 φιλοσοφίαν·
1681 375 1820 429 καὶγὰρ
1837 373 1882 414 τὰ
1902 378 2061 426 στοιχεῖα
2076 373 2194 416 καλῶς
2206 385 2288 411 συν-

1238 438 1337 482 έταξε
1382 453 1444 476 και
1490 437 1606 476 πολλὰ
1649 438 1717 475 τῶν
1773 437 1902 488 ὁρικων
1962 438 1978 457 ”
2028 429 2289 484 καθολικώτερα

1239 497 1397 546 ἐποίησε.
1419 496 1492 537 Καὶ
1505 495 1623 549 μέντοι
1640 495 1701 535 καὶ
1715 498 1733 534 6
1753 493 1948 542 Κυζικηνὸς
1965 491 2178 541 Ἀθήναιοςι
2161 490 2287 530 ικατὰ

1238 557 1316 603 τους
1351 556 1476 603 αὐτους
1512 555 1662 610 γεγονὼς
1705 555 1850 609 χρόνους
1882 553 1944 593 καὶ
1978 555 2013 593 ἐν
2059 558 2131 597 τοῖς
2168 551 2290 595 ἄλλοις

1241 617 1304 670 μὲν
1339 616 1551 669 μαθήμασι,
1581 615 1736 668 μάλιστα
1770 613 1806 653 δὲ
1840 612 1932 654 κατὰ
1960 611 2177 666 γεωμετρίαν
2210 611 2291 650 ἐπι-

1242 675 1352 728 φανὴς
1377 675 1512 728 ἐγένετο
1531 680 1560 715 ¹.
1619 677 1749 727 Διῆγον
1773 668 1831 712 ουν
1852 667 1949 712 οὗτοι
1970 671 2047 724 μετ’
2066 670 2232 719 ἀλλήλων
2254 671 2290 708 ἔν

1242 734 1460 788 Ἀκαδημία,
1481 734 1598 779 κοινὰς
1617 733 1821 784 ποιούμενοι
1844 731 1906 778 τὰς
1929 731 2105 780 ζητήσεις.
2163 727 2295 783 Ἑρμό-

1242 809 1341 845 τιμος
1364 794 1400 834 δὲ
1426 797 1445 833 6
1480 794 1703 848 Κολοφώνιος
1732 791 1775 831 τὰ
1808 793 1867 831 ὑπ’
1896 790 2082 836 Ἐὐδόξου
2109 804 2293 842 προηυπο-

1245 853 1381 907 ρημένα
1400 853 1461 892 καὶ
1480 852 1682 901 Θεαιτήτου
1702 851 1903 905 προήγαγεν
1924 851 1982 891 ἐπὶ
1998 850 2118 899 πλέον,
2138 848 2199 888 καὶ
2223 850 2293 888 τῶν

1243 912 1427 965 στοιχείων
1448 911 1564 951 πολλὰ
1596 913 1717 964 ἀνευρε
1744 910 1804 950 καὶ
1832 913 1900 949 τῶν
1933 909 2050 950 τόπων
2081 908 2160 950 τινὰ
2188 905 2294 946 συνέ-

1244 973 1391 1024 γ.ραψεν
1449 971 1635 1016 Φίλιππος
1667 970 1703 1010 δὲ
1744 973 1763 1010 6
1794 971 1978 1021 Μεδμαῖος
2007 972 2059 1019 ⁸⁸³,
2100 968 2294 1011 Πλάτωνος

1245 1027 1292 1068 ὢν
1325 1029 1507 1081 μαθητής,
1527 1046 1589 1069 και
1618 1030 1677 1068 ὑπ’
1708 1028 1840 1069 ἐκείνου
1869 1027 2083 1082 προτραπεὶς
2111 1029 2158 1072 εἷς
2185 1027 2224 1052 ¹²¹³
2251 1026 2298 1066 τὰ

1248 1089 1464 1141 μαθήματα,
1483 1105 1544 1129 και
1563 1087 1625 1133 τὰς
1645 1089 1842 1137 ζητήσεις’
1827 1093 1979 1127 εποιεῖτο
1995 1087 2088 1126 κατὰ
2113 1086 2172 1131 τὰς
2194 1085 2299 1126 Πλά-

1247 1165 1355 1194 τωνος
1377 1149 1588 1203 υφηγήσεις,
1611 1165 1672 1189 και
1699 1164 1810 1188 ταυτα
1842 1146 2065 1201 προῦὃαλλεν
2093 1147 2208 1199 ἑαυτῷ
2233 1144 2299 1185 ὅσα

1245 1208 1333 1264 ᾤετο
1350 1212 1394 1262 τῇ
1416 1209 1611 1255 Πλάτωνος
1631 1208 1817 1263 φιλοσοφία
1838 1208 2134 1247 συντελεῖν.οἱ
2162 1204 2223 1257 μὲν
2241 1209 2300 1243 οὖν

1243 1269 1308 1313 τὰς
1333 1267 1578 1322 γεωμετρικὰς
1613 1268 1769 1321 ιστορίας
1804 1267 2070 1322 ἀναγράψαντες
2092 1264 2257 1317 Εὔδημος
2284 1266 2305 1304 6

1246 1327 1530 1382 Περιπατητικὸς
1552 1344 1612 1368 και
1637 1328 1738 1368 ἄλλοι
1756 1327 1864 1382 μέχρι
1882 1343 2004 1367 τουτου
2021 1325 2214 1380 προάγουσι
2239 1323 2304 1372 τὴν

1247 1490 1346 1524 porro
1362 1481 1583 1515 Leodamante
1598 1480 1711 1524 ¹iunior
1728 1480 1902 1514 Neoclides
1920 1481 2023 1523 atque
2038 1479 2141 1522 huJus
2158 1478 2306 1521 discipu-

1249 1541 1302 1574 lus
1316 1542 1399 1580 Leo,
1416 1541 1476 1584 qui
1500 1540 1608 1574 multa
1630 1539 1857 1583 superioribus
1878 1539 2088 1582 adjecerunt,
2110 1538 2158 1571 ita
2178 1539 2217 1570 ut
2238 1539 2306 1571 Leo

1250 1601 1413 1634 elementa
1437 1610 1571 1644 quoque
1593 1609 1707 1634 rerum
1722 1600 2024 1633 demonstratarum
2039 1597 2257 1631 multitudine
2273 1600 2308 1631 et

1251 1659 1398 1694 utilitate
1435 1659 1628 1702 diligentius
1663 1659 1845 1702 composita
1879 1658 2011 1698 ederet,
2053 1667 2092 1691 ac
2129 1656 2305 1696 definiret,

1250 1718 1385 1762 quando
1406 1720 1576 1762 proposita
1600 1718 1746 1762 quaestio
1777 1718 1864 1751 solvi
1888 1719 2000 1760 posset
2029 1718 2063 1750 et
2089 1715 2224 1760 quando
2242 1725 2309 1749 non

1251 1780 1374 1822 posset.
1400 1780 1487 1812 Tum
1530 1779 1691 1812 Eudoxus
1717 1777 1856 1812 Cnidius
1887 1777 2003 1820 paucis
2038 1775 2176 1819 quidem
2215 1775 2310 1809 annis

1251 1838 1359 1871 minor
1373 1840 1514 1878 Leonte,
1534 1838 1594 1872 sed
1609 1836 1758 1871 Platonis
1773 1836 1896 1870 sodalis
1918 1836 2048 1879 primus
2066 1834 2308 1872 universalium

1252 1898 1498 1932 theorematum
1518 1897 1769 1932 multitudinem
1793 1896 1904 1936 auxit,
1927 1905 1966 1929 ac
1990 1895 2101 1929 tribus
2120 1897 2310 1938 proportio-

1253 1958 1354 1992 nibus
1369 1958 1451 1992 alias
1474 1960 1543 1992 tres
1567 1957 1703 2001 adJecit,
1731 1958 1765 1990 et
1787 1957 1957 1999 segmenta
1980 1955 2119 1989 inducta
2135 1964 2155 1988 a
2172 1955 2311 1988 Platone

1254 2018 1456 2058 cumulavit,
1480 2018 1516 2051 in
1540 2018 1582 2051 iis
1598 2017 1844 2060 propositarum
1860 2015 2084 2060 quaestionum
2101 2014 2203 2049 etiam
2224 2015 2312 2048 solu-

1254 2078 1344 2112 tione
1361 2088 1455 2112 usus.
1476 2078 1630 2122 Amyclas
1651 2087 1731 2111 vero
1749 2076 1979 2116 Heracleotes,
2002 2085 2090 2109 unus
2117 2085 2136 2109 e
2163 2074 2312 2108 Platonis

1255 2138 1443 2175 sodalibus.
1474 2140 1509 2171 et
1540 2138 1783 2177 Menaechmus,
1814 2136 1946 2175 Eudoxi
1975 2135 2119 2175 auditor,
2143 2135 2204 2178 qui
2234 2143 2311 2168 cum

1255 2197 1393 2232 Platone
1408 2199 1624 2232 conversatus
1641 2199 1708 2237 est,
1731 2198 1869 2240 ejusque
1894 2195 1998 2229 frater
2024 2195 2238 2228 Dinostratus
2255 2195 2311 2227 to-

1256 2260 1328 2292 tam
1341 2259 1556 2301 geometriam
1565 2257 1671 2300 magis
1689 2257 1790 2291 etiam
1806 2256 2034 2290 excoluerunt.
2052 2257 2191 2298 Insuper
2200 2255 2312 2289 Theu-

1257 2319 1334 2352 dius
1355 2320 1489 2361 Magnes
1508 2318 1545 2351 in
1567 2317 1697 2351 artibus
1723 2315 1970 2350 mathematicis
1991 2318 2092 2359 atque
2117 2315 2153 2348 in
2175 2314 2313 2358 reliqum

1258 2378 1427 2422 sapientiae
1449 2377 1622 2420 disciplina
1650 2376 1811 2410 excellere
1847 2375 1941 2409 visus
1969 2376 2020 2408 est
2053 2384 2057 2388 ·
2094 2375 2214 2407 etenim
2243 2374 2313 2408 ele-

1257 2440 1369 2472 menta
1402 2437 1486 2471 bene
1513 2436 1716 2480 composuit,
1747 2435 1937 2478 multasque
1972 2434 2182 2475 definitiones
2211 2434 2314 2469 latius

1257 2500 1371 2541 patere
1398 2497 1516 2531 voluit.
1550 2497 1659 2539 Atque
1689 2496 1791 2529 etiam
1821 2494 2001 2528 Athenaeus
2030 2494 2227 2537 Gszcenus,
2254 2493 2314 2537 qui

1258 2556 1378 2590 iisdem
1394 2556 1602 2599 temporibus
1617 2555 1703 2588 vixit
1713 2581 1720 2594 ,
1747 2563 1825 2588 cum
1841 2554 2047 2597 reliquarum
2064 2553 2315 2596 disciplinarum

1259 2620 1333 2650 tum
1350 2616 1496 2650 maxime
1514 2615 1704 2659 geometriae
1723 2614 1907 2656 cognitione
1923 2613 2059 2647 inclitus
2077 2611 2153 2646 suit.
2178 2613 2221 2646 Hi
2249 2612 2316 2657 igi-

1259 2680 1318 2710 tur
1335 2675 1453 2709 intima
1474 2673 1702 2708 familiaritate
1719 2673 1807 2706 inter
1831 2682 1867 2706 se
1891 2671 2058 2715 conjunc-ti
2082 2671 2119 2705 in
2138 2671 2316 2706 Academia

1260 2735 1492 2774 versabantur,
1524 2742 1631 2777 quum
1650 2741 1842 2766 communes
1867 2731 2070 2776 quaestiones
2087 2731 2314 2767 instituerent.

1261 2797 1303 2828 At
1325 2793 1552 2828 Hermotimus
1581 2791 1804 2836 Colophonius
1821 2791 1900 2825 data
1927 2792 2022 2834 prius
2054 2791 2096 2825 ab
2123 2791 2263 2824 Eudoxo
2282 2793 2316 2825 et

1261 2855 1432 2889 Theaeteto
1447 2854 1613 2896 praecepta
1630 2851 1826 2895 complevit,
1845 2851 2021 2894 multaque
2038 2851 2198 2885 doctrinas
2222 2851 2317 2885 initia

1262 2914 1387 2948 invenit
1405 2914 1439 2947 et
1466 2913 1556 2946 locos
1582 2911 1756 2945 nonnullos
1779 2911 1902 2946 htter1s
1918 2910 2134 2954 consignavit.
2165 2911 2317 2954 Denique

1263 2974 1437 3017 Philippus
1459 2972 1661 3014 Medmaeus,
1683 2971 1832 3005 Platonis
1855 2971 2055 3015 (ilscipulus,
2074 2972 2175 3014 atque
2197 2971 2240 3005 ab
2259 2971 2317 3004 illo

1265 3034 1308 3068 ad
1337 3032 1530 3067 tractandas
1547 3034 1637 3066 artes
1657 3031 1912 3065 mathematicas
1930 3031 2095 3074 impulsus
2117 3030 2318 3075 quaestiones

1265 3093 1364 3128 etiam
1395 3093 1493 3136 juxta
1518 3090 1668 3125 Platonis
1690 3091 1858 3134 praecepta
1880 3089 2095 3130 instituebat,
2118 3091 2153 3124 et
2180 3090 2317 3134 quidem

1265 3152 1331 3186 sibi
1355 3150 1578 3195 proponebat,
1597 3159 1806 3194 quaecunque
1833 3149 1876 3185 ad
1896 3150 2044 3183 Platonis
2073 3149 2317 3193 philosophiam

1266 3212 1430 3256 pertinere
1456 3211 1687 3246 arbitraretur.
1721 3209 1886 3250 Quocirca
1922 3209 2072 3244 historias
2110 3209 2317 3254 geometrIeae

1268 3271 1461 3314 scriptores,
1477 3269 1646 3304 Eudemus
1666 3269 1907 3312 Peripateticus
1927 3271 2019 3303 caetei
2027 3269 2122 3312 ique,
2145 3269 2318 3311 hucusque

1268 3332 1369 3374 hujus
1396 3330 1543 3365 scientiis
1570 3330 1793 3369 incrementa,
1824 3330 1985 3372 tanquam
2014 3328 2057 3362 ad
2090 3327 2318 3362 maturitatem

1270 3391 1467 3434 perducunt.
1493 3389 1555 3425 His
1585 3392 1698 3424 autem
1718 3398 1785 3423 non
1808 3389 1916 3423 multo
1935 3388 2043 3422 minor
2067 3389 2147 3420 natu
2175 3388 2226 3421 cst
2249 3388 2319 3422 Eu·

1270 3451 1383 3486 clides.
