2508 3776
99 62 143 82 ··.-.‘

150 239 216 295 ’ᾖς
242 237 395 297 ὁμοίων
424 240 464 279 οὗ
494 239 563 294 γάρ
590 242 724 288 ἐστινὴ
755 240 923 294 θηριωδία
942 241 1023 294 περὶ
1049 240 1093 279 τὰ
1114 240 1203 280 αὐτὰ

143 289 411 357 &jainaim
431 298 553 351 ὥσπερ
579 303 600 348 ἡ
621 301 743 346 ἅπλῶς
771 301 959 353 ἐγκράτεια
972 315 981 325 ·
1007 304 1029 348 ἡ
1052 300 1115 351 μὲν
1135 300 1203 353 γὰρ

72 371 180 405 ⁷02]
271 358 325 398 ία
353 358 435 412 περὶ
455 360 515 404 τὰς
536 361 686 413 φυσικάς
716 363 810 400 ἐστιν
829 360 958 407 ἡδονὰς
978 361 1122 411 ὁμοίως,
1142 359 1204 399 καὶ

80 408 179 497 ’ΒΛ
200 416 327 465 Ιιδηλῶς
359 418 565 473 ἐγκράτεια,
594 424 619 469 ἡ
649 419 685 459 δὲ
718 420 888 473 θηριωδία
914 420 997 474 περὶ
1016 419 1078 465 τὰς
1106 418 1205 473 παρὰ

11 509 15 512 -
41 505 46 507 Δ
75 496 131 525 »ρᾳ
183 493 267 520 W·

48 539 54 543 '
95 520 180 587 [ab
202 537 222 556 *
241 539 351 579 Πᾶσα
371 538 436 590 μὲν
465 538 535 591 γὰρ
554 539 828 592 ὖπερὸάλλουσα
847 539 978 590 κακία,
1000 539 1062 580 καὶ
1090 542 1202 595 ἀφρο-

95 589 253 650 :qh-BQ,
270 597 345 645 ¹mxl
365 598 493 651 δειλία,
522 599 585 638 καὶ
607 598 796 645 ἀκολασία,
830 599 891 636 καὶ
917 599 1134 652 χαλεπότης,
1166 601 1201 639 αἱ

94 694 107 700 ,
146 655 215 708 μὶν
233 655 429 711 θηριώδεις,
448 660 486 698 αἱ
509 658 550 698 δὲ
569 657 832 708 νοσηματώδεις
856 659 958 697 εἰσίν.
981 658 1027 698 Ὁ
1049 657 1111 709 μὲν
1132 658 1200 713 γὰρ

78 735 102 759 5
145 715 250 771 φὸαι
270 720 434 765 τοιοῦτος,
449 711 518 762 οἷος
533 718 680 758 δεδιέναι
696 717 825 766 πάντα,
844 715 910 756 κᾶν
929 716 1096 771 Γ’,ίιοφήση
1115 722 1196 767 μῦς,

67 804 76 826 ,ι
145 774 303 830 θηριώδη
322 775 455 816 δειλίαν
486 774 616 822 δειλός·
645 775 901 827 νοσηματώδης
933 776 987 827 δέ,
1009 770 1077 821 οἶος
1112 772 1154 826 ἦν
1184 781 1202 817 ὁ

69 862 88 870 .,
145 833 268 880 δεδιὸς
294 828 361 884 τῆν
378 836 493 888 γαλῆν
513 834 572 874 διὰ
604 834 704 874 νόσον
720 847 729 857 ·
749 835 811 874 καὶ
840 835 899 873 ἐπὶ
919 839 982 883 τῆς
1004 836 1201 889 ἀφροσύνης

144 887 260 945 οἷ’μᾶν
276 891 320 943 ἐκ
335 893 472 949 φύσεως
489 894 668 947 ἀλόγιστοι
690 895 750 934 καὶ
768 895 860 947 μόνῃ
879 895 1043 943 αἰσθήσει
1061 899 1198 946 ζῶντες,

63 956 100 990 ἠ
133 942 266 1008 ᾧὅσπερ
299 953 376 994 τινὰ
404 961 423 988 8
444 954 528 1008 γένη
559 957 630 996 τῶν
654 956 778 1010 πόρῤω
807 955 1009 1009 βαρὸάρων,
1043 956 1197 1010 θηριώδη

123 1009 344 1069 ιήροσύνην
367 1013 535 1069 ἄφρονες·
570 1017 604 1055 οἱ
624 1015 661 1055 δὲ
690 1016 748 1055 διὰ
770 1015 890 1061 νόσους
923 1017 1156 1065 ἐπιληπτικὰς
1175 1017 1198 1064 ἢ

132 1072 287 1127 ewice,
304 1074 581 1126 νοσηματώδεις.

79 1127 82 1154 ,·
201 1130 403 1178 **.Ta⁸5toec
424 1134 460 1173 δὲ
481 1133 544 1180 τὰς
565 1133 652 1180 ἔξεις
676 1135 822 1175 δυνατὸν
855 1134 917 1175 καὶ
945 1135 1038 1189 ἔχειν
1057 1136 1117 1176 καὶ
1146 1136 1196 1186 μὴ

63 1212 78 1244 22
141 1194 347 1246 κρατεῖσθαι
362 1193 420 1232 ὑπ’
437 1194 571 1234 αὐτῶν·
595 1193 716 1249 ὥσπερ
735 1197 766 1235 εἰ
782 1196 949 1249 Φάλαρις
977 1196 1116 1250 ἐκράτει
1133 1200 1197 1245 τῆς

71 1253 77 1266 ²
141 1252 338 1306 ἐπιθυμίας,
357 1254 536 1306 ἐπιθυμῶν
559 1255 701 1295 παιδίου
732 1261 869 1310 φαγεῖν,
894 1256 1038 1296 δυνατὸν
1067 1256 1103 1295 δὲ
1132 1257 1194 1296 καὶ

56 1323 71 1350 f
139 1327 164 1356 κ
245 1313 346 1354 ἶσθαι
361 1313 422 1353 ὑπ’
440 1316 572 1355 αὐτῶν.

59 1395 62 1398 ⁴
82 1367 83 1370 Ἰ
163 1327 251 1392 pti:
269 1371 348 1421 Τὴν
361 1376 444 1425 γοῦν
457 1374 624 1423 τοιαύτην
642 1374 817 1428 ἀκρασίαν
829 1375 891 1414 καὶ
907 1375 1114 1428 ἐγκράτειαν
1129 1377 1196 1430 οὐχ

62 1446 84 1476 χ.
141 1433 265 1479 ἅπλῶς
285 1433 460 1486 ἀκρασίαν
481 1433 543 1473 καὶ
563 1435 769 1487 ἐγκράτειαν
804 1436 966 1488 ἐροῦμεν,
990 1435 1082 1475 ἀλλὰ
1105 1436 1196 1487 μετὰ

58 1490 82 1547 ,τ’
138 1492 358 1546 προσθήκης,
379 1490 495 1538 καθὼς
513 1494 549 1532 ἐν
571 1499 643 1539 τοῖς
672 1493 836 1546 ἀνωτέρω
854 1493 1006 1548 εἴρηται,
1040 1496 1196 1548 ἀκρασία

62 1582 66 1584 ,
137 1549 328 1605 θηριώδης,
361 1549 386 1600 ἣ
423 1553 580 1605 ἀκρασία
611 1554 882 1605 νοσηματώδης,
916 1555 976 1593 καὶ
1007 1554 1194 1607 ἐγκράτεια

54 1607 74 1658 ’,
135 1609 327 1664 θηριώδους
345 1611 488 1663 κακίας,
503 1611 528 1661 ἢ
546 1613 735 1667 ἐγκράτεια
756 1613 1030 1664 νοσηματώδους
1050 1614 1192 1659 κακίας·

58 1687 85 1706 ι
134 1668 295 1725 &pecta
323 1669 361 1711 δὲ
380 1671 519 1721 ἅπλῶς,
550 1676 572 1721 ἡ
601 1673 682 1727 περὶ
716 1672 779 1721 τὴν
802 1673 1023 1727 ἀνθρωπίνην
1058 1675 1195 1712 ἀκολα-

134 1724 216 1772 &tw
235 1730 341 1783 μόνη.

36 1802 38 1804 ’
94 1805 99 1809 ’
146 1817 148 1819 -
190 1788 264 1810 *n*
280 1788 367 1833 Ὅτι
381 1791 445 1844 μὲν
455 1787 515 1832 οὖν
532 1792 688 1846 ἀκρασία
704 1793 766 1832 καὶ
784 1792 972 1846 ἐγκράτειά
986 1795 1061 1833 ἐστι
1075 1794 1193 1845 μόνον,

52 1859 75 1892 .’
108 1894 109 1897 ,
135 1849 219 1904 περὶ
245 1850 336 1906 ἅπερ
372 1852 547 1892 ἀκολασία
569 1852 629 1892 καὶ
649 1853 872 1906 σωφροσύνη,
892 1853 952 1891 καὶ
980 1852 1033 1892 ὅτι
1060 1856 1082 1900 ἡ
1113 1854 1194 1907 περὶ

131 1907 181 1957 ,τὰ
200 1908 294 1950 ἄλλα
313 1910 403 1958 ἡδέα
421 1911 510 1950 ἄλλο
524 1927 560 1951 τι
572 1924 590 1951 ιι
606 1905 693 1956 εἶδός
717 1914 810 1952 ἐστιν
829 1911 1001 1966 ἀκρασίας
1020 1912 1114 1952 κατὰ
1132 1929 1193 1964 με·

67 1987 69 1989 ’
132 1968 289 2024 ταφορὰν
306 1969 499 2022 λεγόμενον
514 1970 575 2010 καὶ
596 1973 637 2010 οὗ
654 1971 797 2024 κυρίως,
821 1971 974 2022 εἴρηται.

40 2033 55 2053 ’”
124 2022 125 2028 ¹
187 2028 400 2083 (Sci-ipsi:
432 2046 449 2067 ι
476 2029 556 2069 ἀλλ’
592 2028 615 2077 ἢ
643 2030 721 2070 καθ’
741 2031 951 2084 ὁμοιότητα]
985 2031 1072 2072 cod.
1099 2032 1191 2071 ἀλλὰ

98 2095 99 2098 ’
130 2089 213 2128 καθ’
228 2086 438 2140 ὁμοιότητα.
453 2109 509 2118 -
563 2088 685 2140 τοῦτο]
709 2088 794 2127 cod.
817 2087 936 2128 τούτο.
966 2111 1021 2121 —-
1036 2096 1051 2114 ⁰
1072 2088 1188 2144 ζῴοις]

40 2186 53 2195 ,,
131 2147 222 2189 eod.
257 2146 373 2195 ζώοις.
394 2168 450 2179 —-
472 2148 490 2172 ‘¹
506 2145 618 2202 ζῴων]
649 2148 737 2188 cod.
761 2148 873 2194 ζώων.
898 2172 952 2180 --
971 2154 988 2174 ⁶
1005 2150 1190 2202 ἀνθίσταν-

45 2198 67 2238 ἶ
130 2207 208 2262 ται]
220 2207 310 2250 eod.
324 2206 544 2256 ἀθίστανται.
565 2230 618 2239 --
655 2207 741 2261 κᾶν]
758 2209 847 2248 cod.
870 2207 951 2262 κᾷν.
968 2230 1023 2239 -
1068 2209 1189 2263 ὥσπερ

130 2263 226 2324 τινὰ]
256 2267 345 2308 cod.
378 2266 503 2322 ὥσπέρ
535 2282 628 2309 τινα.
652 2288 708 2298 —
746 2267 762 2292 ¹¹
793 2267 882 2307 ἄλλο
906 2266 956 2322 τι]
983 2267 1071 2308 cod.
1101 2269 1189 2309 ἄλλό

52 2372 60 2381 .
129 2336 181 2370 ³⁸·
201 2327 282 2382 ···)

579 2441 670 2494 Κεφ.
701 2440 739 2480 ι’.

211 2553 285 2588 Ὀτι
304 2555 326 2594 ἡ
337 2557 393 2594 τῆς
412 2555 578 2597 ἐπιθυμίας
599 2554 741 2597 ἀκρασία
754 2555 893 2598 αἰσχίων
909 2559 963 2594 τῆς
981 2557 1092 2597 θυμοῦ.

181 2639 274 2660 *****
286 2640 466 2690 Ζητητέον
487 2641 524 2680 δὲ
542 2641 694 2695 ὁποτέρα
718 2640 875 2694 ἀκρασία
899 2645 962 2689 τῆς
979 2642 1101 2694 ἑτέρας
1125 2644 1181 2681 αἰ·

74 2700 252 2764 ᾗξὲσχίων,
270 2702 374 2749 ἡτῶν
394 2702 588 2750 ἐπιθυμιῶν
603 2700 625 2747 ἢ
644 2703 735 2748 ἢτοῦ
750 2704 874 2751 θυμοῦ.
888 2704 995 2741 Δοκεῖ
1014 2701 1050 2740 δὲ
1069 2705 1091 2749 ἡ
1112 2705 1180 2741 τῶν

110 2759 319 2813 1Ἰιισῑθυμιὶἰὶν
329 2760 480 2814 αἰσχίων
489 2754 580 2800 εἶναι
589 2764 652 2808 τῆς
665 2764 725 2799 τοῦ
737 2764 848 2811 θυμοῦ
858 2760 1043 2814 ἀκρασίας.
1057 2760 1102 2800 Ὁ
1117 2762 1179 2811 μὲν

60 2810 195 2874 χάγὶρ
211 2820 426 2872 θυμούμενος
445 2821 484 2859 οὗ
500 2819 616 2873 πάντῃ
637 2819 838 2873 παρακούει
853 2824 915 2859 τοῦ
936 2819 1059 2871 λόγου,
1085 2822 1178 2861 ἀλλὰ

64 2875 77 2922 's
91 2875 219 2925 ζ.κατά
246 2894 282 2920 τι
314 2878 376 2918 καὶ
403 2877 573 2918 ὑπακούει
606 2878 668 2918 καὶ
702 2879 923 2931 παρακούει,
954 2880 1115 2934 καθάπερ
1146 2883 1178 2920 οἱ

59 2927 88 2994 ἐξ
110 2942 243 2993 παχεῖς
260 2940 330 2978 τῶν
351 2938 543 2987 διακόνων,
564 2937 599 2978 οἳ
629 2938 712 2992 πρὶν
737 2941 888 2978 ἀκοῦσαι
912 2945 984 2977 πᾶν
1005 2938 1045 2978 τὸ
1061 2955 1175 2992 προσ-

42 2998 334 3051 .“;·4ιαττόμενον
351 2998 527 3038 ἐκθέουσιν
540 3028 552 3046 ,
581 2991 658 3038 εἶτα
679 2998 959 3051 διαμαρτάνουσι
976 3001 1040 3045 τῆς
1059 3015 1174 3050 προσ-

38 3055 55 3100 s’.
73 3047 82 3073 3
116 3057 264 3111 τάξεως·
281 3058 306 3107 ἢ
326 3058 448 3114 ὥσπερ
469 3060 501 3098 οἱ
515 3057 637 3107 κύνες,
658 3057 743 3111 πρὶν
772 3059 972 3112 σκέψασθαι
993 3059 1024 3097 εἰ
1041 3059 1138 3111 φίλος
1159 3063 1177 3099 ὁ

108 3117 304 3174 &pomi-'tn
334 3119 421 3172 πρὸς
452 3118 511 3157 τὸν
531 3118 642 3172 ψόφον
675 3117 780 3168 μόνον
801 3119 1025 3157 ὗλακτοῦσιν·
1050 3117 1143 3156 οὕτω
1160 3121 1176 3141 ⁸

45 3178 60 3211 5'
121 3165 186 3225 tici
204 3181 224 3219 ὁ
239 3178 345 3230 θυμὸς
366 3177 426 3218 διὰ
443 3178 643 3232 θερμότητα
665 3177 726 3217 καὶ
740 3180 925 3230 ταχυτῆτα
946 3181 1007 3225 τῆς
1039 3177 1176 3231 φύσεως

26 3244 31 3252 “
122 3234 276 3283 Meae
289 3241 351 3278 τοῦ
368 3238 475 3290 λόγου
495 3239 620 3290 μόνον,
639 3239 702 3278 οὐκ
724 3237 905 3290 ἐπίταγμα
935 3236 972 3277 δὲ
993 3236 1147 3282 ἀκούσας
1159 3268 1171 3289 ,

46 2739 86 2786 ’νζ

59 2805 69 2812 ι

624 150 937 191 ETHICORUM
967 150 1423 194 NICOMACHEORUM
1453 154 1834 198 PARAPHRASIS.

2234 165 2317 203 469

1265 256 1374 290 neque
1390 248 1478 282 enim
1495 248 1610 283 feritas
1625 250 1659 284 in
1678 251 1796 285 iisdem
1817 255 1980 294 versatur,
2002 255 2037 288 in
2062 255 2187 300 quibus
2205 257 2322 291 intem-

1267 306 1421 349 perantia
1444 307 1602 347 cernitur,
1631 310 1717 342 sicut
1744 311 1884 354 simplex
1909 314 2112 348 continentia
2134 326 2237 350 :nam
2266 318 2319 349 in-

1266 366 1483 408 temperantia
1501 376 1598 410 aeque
1616 378 1655 400 ac
1678 369 1819 412 simplex
1842 371 2044 406 continentia
2062 373 2095 406 in
2113 375 2322 409 naturalibus

1267 425 1495 468 voluptatibus
1511 428 1666 468 vertitur,
1692 429 1726 462 in
1750 429 1792 463 iis
1817 433 1931 466 autem
1963 442 2041 476 quae
2064 437 2194 468 naturae
2220 444 2321 479 repu-

1265 487 1366 527 gnant
1388 485 1514 519 feritas.

1307 544 1425 577 Omnis
1443 546 1531 578 enim
1549 547 1687 580 modum
1703 549 1868 583 excedens
1887 550 2054 584 vitiositas
2076 554 2109 584 et
2127 553 2272 586 amentia
2287 556 2322 586 et

1265 596 1426 631 timiditas
1455 602 1489 632 et
1508 599 1763 643 intemperantia
1782 605 1817 636 et
1834 604 1963 636 saevitia
1990 605 2111 646 partim
2132 604 2238 639 serina
2257 609 2319 645 est,

1265 651 1386 692 partim
1412 651 1577 685 morbosa,
1599 655 1685 686 Nam
1711 654 1770 697 qui
1802 657 1923 688 natura
1948 656 2026 689 talis
2045 660 2116 696 est,
2148 661 2186 690 ut
2210 658 2322 691 omnia

1265 703 1459 736 extimescat
1473 731 1479 742 ,
1497 705 1629 738 etiamsi
1642 716 1719 739 mus
1733 707 1911 740 stridorem
1933 708 2093 747 ediderit,
2116 709 2220 743 ferina
2235 721 2322 754 qua-

1263 754 1341 787 dam
1366 755 1547 790 timiditate
1573 758 1713 792 timidus
1743 762 1794 792 est
1827 772 1836 792 ;
1871 761 1987 794 morbo
2016 765 2131 795 autem
2162 763 2240 796 talis
2261 763 2321 807 qui

1263 805 1361 841 felem
1391 809 1509 843 morbo
1544 810 1688 844 affectus
1716 813 1888 847 metuebat
1921 824 1928 846 t
1956 814 2139 858 eademque
2167 818 2321 850 amentiae

1262 862 1347 894 ratio
1366 865 1417 896 est
1449 877 1459 897 ε
1485 873 1561 897 nam
1591 865 1651 908 qui
1670 868 1790 899 natura
1812 867 1907 900 stulti
1926 870 1960 900 et
1985 869 2220 903 inconsiderati
2244 874 2321 904 sunt

1262 923 1429 958 sensuque
1468 916 1632 950 duntaxat
1660 919 1799 958 vivunt,
1832 920 2115 962 quemadmodum
2152 923 2321 956 nonnullae

1263 967 1517 1012 longinquorum
1560 970 1777 1005 barbarorum
1823 973 1990 1012 nationes,
2033 975 2140 1008 ferina
2170 976 2322 1010 laborant

1262 1023 1405 1056 amentia
1425 1024 1507 1066 :qui
1526 1033 1604 1056 vero
1633 1027 1767 1068 propter
1786 1026 1921 1059 morbos
1940 1028 2126 1062 comitiales
2143 1029 2195 1063 vel
2224 1029 2320 1063 furo-

1260 1084 1314 1109 res
1326 1101 1334 1116 ,
1352 1076 1375 1108 ii
1394 1077 1539 1110 morbosi
1559 1081 1648 1111 sunt.

1302 1137 1418 1169 Potest
1436 1138 1549 1169 autem
1574 1137 1644 1170 fieri
1656 1163 1664 1174 .
1691 1140 1730 1170 ut
1748 1137 1941 1180 hujusmodi
1961 1139 2115 1174 habitum
2133 1145 2226 1183 gerat
2243 1143 2318 1185 qui-

1260 1183 1338 1216 dem
1367 1183 1506 1226 aliquis,
1530 1184 1589 1217 sed
1613 1194 1653 1218 eo
1681 1195 1746 1218 non
1773 1186 1951 1218 vincatur:
1973 1187 2065 1219 velut
2092 1188 2121 1220 si
2148 1188 2317 1229 Phalaris,

1261 1230 1369 1263 tilium
1393 1231 1565 1266 comedere
1579 1232 1733 1274 cupiens,
1754 1233 1972 1274 cupiditatem
1994 1238 2182 1275 coerceret,
2202 1245 2318 1268 verum

1262 1277 1333 1311 lieri
1360 1278 1463 1311 etiam
1495 1282 1625 1322 potest,
1662 1282 1701 1312 ut
1726 1280 1843 1312 habitu
1873 1283 1907 1314 et
1929 1281 1987 1314 illa
2015 1282 2200 1324 cupiditate
2227 1283 2319 1316 fran-

1259 1327 1368 1367 gatur.

1303 1385 1416 1419 Talem
1445 1385 1547 1428 igitur
1581 1389 1654 1419 tum
1681 1386 1955 1423 incontinentiam
1976 1390 2048 1421 tum
2079 1389 2318 1424 continentiam

1260 1453 1325 1477 non
1348 1445 1499 1478 absolute
1519 1446 1794 1479 incontinentiam
1825 1449 1859 1480 et
1878 1447 2116 1481 continentiam
2135 1450 2318 1491 appellabi-

1259 1513 1345 1542 mus,
1362 1504 1421 1537 sed
1434 1514 1510 1537 cum
1524 1505 1719 1547 adjectione,
1740 1505 2023 1549 quemadmodum
2039 1517 2139 1550 supra
2152 1508 2311 1549 diximus,

1260 1561 1400 1596 ferinam
1429 1566 1488 1596 aut
1511 1564 1700 1597 morbosam
1730 1564 2003 1599 incontinentiam
2027 1567 2253 1609 appellamus,
2282 1570 2315 1601 et

1259 1622 1355 1656 ferini
1390 1623 1465 1656 vitii
1499 1626 1558 1656 aut
1595 1624 1740 1657 morbosi
1777 1625 2014 1658 continentiam
2045 1639 2052 1658 ;
2084 1627 2225 1669 simplex
2253 1637 2316 1660 au-

1258 1685 1326 1717 tem
1350 1684 1586 1717 incontinentia
1610 1685 1680 1718 sola
1702 1694 1741 1718 ea
1764 1687 1832 1725 est,
1860 1695 1938 1728 quae
1963 1686 1998 1720 in
2025 1686 2173 1720 humana
2197 1687 2315 1721 intem-

1256 1742 1406 1785 perantia
1426 1745 1588 1777 versatur.

1299 1802 1577 1836 Incontinentiam
1602 1802 1705 1846 igitur
1733 1805 1768 1836 et.
1785 1803 2023 1838 continentiam
2053 1806 2087 1839 in
2115 1806 2156 1839 iis
2182 1808 2314 1840 tantum

1257 1861 1383 1894 versari
1397 1888 1404 1900 ,
1421 1861 1457 1894 in
1478 1861 1603 1904 quibus
1623 1862 1882 1904 intemperantia
1895 1865 2032 1907 quoque
2045 1867 2079 1898 et
2096 1867 2314 1908 temperantia

1256 1921 1412 1961 vertitur,
1432 1924 1504 1954 tum
1527 1921 1620 1954 illam
1638 1931 1716 1964 quae
1731 1921 1765 1955 in
1781 1922 1921 1966 reliquis
1944 1924 2178 1967 voluptatibus
2204 1926 2314 1959 cerni-

1255 1982 1322 2019 tur,
1347 1980 1447 2013 aliam
1468 1990 1540 2014 esse
1566 1980 1728 2024 speciem,
1757 1991 1835 2024 quae
1867 1984 2007 2025 figurate
2034 1994 2072 2018 ac
2099 1994 2164 2018 non
2181 1985 2312 2028 proprie

1256 2039 1495 2075 incontinentia
1508 2043 1658 2080 vocatur,
1686 2041 1846 2076 diximus.

1706 2463 1786 2504 Cap,
1811 2464 1850 2495 X.

1246 2556 1454 2593 cupiditatum
1468 2554 1724 2584 incontinentiam
1743 2552 2033 2585 irae‘ineontinentia
2054 2555 2214 2586 foediorem
2228 2563 2302 2587 esse.

1287 2643 1477 2677 Videndum
1501 2646 1634 2681 autem,
1650 2646 1728 2676 utra
1750 2643 1794 2676 sit
1813 2642 1934 2676 foedior
1958 2643 2214 2684 incontinentia,
2242 2654 2303 2678 cu-

1244 2704 1423 2747 piditatum
1440 2712 1558 2745 nempe
1581 2713 1623 2735 an
1639 2702 1709 2735 irae.
1729 2702 1873 2735 Videtur
1890 2712 1971 2735 vero
1984 2703 2208 2746 cupiditatum
2231 2714 2302 2738 esse

1244 2763 1362 2796 foedior
1377 2773 1480 2806 quam
1497 2763 1555 2795 irae
1578 2762 1827 2796 incontinentia.
1855 2763 1922 2802 Qui
1937 2763 2024 2796 enim
2047 2763 2214 2802 irascitur,
2236 2774 2300 2798 non

1242 2823 1375 2857 omnino
1391 2823 1512 2856 rationi
1527 2832 1591 2855 non
1615 2822 1840 2865 obtemperat,
1858 2823 1918 2856 sed
1943 2832 1985 2856 ex
2003 2826 2097 2866 parte
2113 2825 2147 2857 et
2166 2824 2298 2858 obtem—

1240 2885 1394 2926 peratet
1423 2891 1488 2915 non
1524 2881 1752 2924 obtemperat,
1787 2881 2072 2925 quemadmodum
2104 2882 2299 2917 festinantes

1241 2943 1348 2976 solent
1373 2941 1479 2982 servi,
1504 2941 1565 2984 qui
1588 2941 1680 2984 prius
1695 2951 1799 2984 quam
1816 2944 1926 2975 totum
1943 2941 1978 2975 id
2003 2942 2095 2985 quod
2119 2943 2298 2977 mandatur
2359 2974 2362 2976 ,

1239 3003 1406 3037 audierint
1428 3004 1650 3045 procurrunt,
1679 3005 1782 3045 atque
1810 3003 1857 3036 ita
1882 3003 2086 3044 negligenter
2103 3013 2175 3037 rem
2198 3014 2295 3037 man-

1239 3063 1355 3097 datam
1375 3065 1495 3105 gerunt
1522 3074 1531 3094 :
1554 3064 1614 3095 aut
1638 3065 1676 3095 ut
1706 3071 1822 3103 canes,
1840 3063 1900 3105 qui
1927 3063 2121 3105 priusquam
2144 3063 2295 3097 animad-

1238 3123 1413 3161 verterint,
1427 3123 1514 3156 sitne
1526 3122 1653 3155 amicus
1673 3122 1733 3164 qui
1755 3122 1890 3156 advenit
1904 3149 1911 3161 ,
1935 3123 1979 3156 ad
1994 3123 2170 3165 strepitum
2186 3124 2293 3156 solum

1239 3182 1364 3214 latrant
1385 3193 1393 3213 :
1411 3181 1459 3214 sic
1475 3184 1509 3214 et
1526 3181 1575 3214 ira
1591 3184 1726 3224 propter
1752 3181 1919 3214 fervorem
1945 3184 1978 3214 et
2001 3182 2142 3214 celerem
2164 3186 2292 3215 naturae

1237 3244 1366 3274 motum
1388 3241 1483 3274 audit
1508 3240 1566 3274 illa
1587 3240 1725 3283 quidem
1757 3240 1934 3279 rationem,
1967 3239 2026 3272 sed
2060 3240 2199 3282 imperio
2225 3250 2291 3274 non

147 3357 180 3376 '⁴'
201 3358 303 3392 Πᾶσα
317 3358 380 3403 γὰρ
401 3359 651 3402 ὓπερὸάλλουσα
666 3358 767 3391 κακία
784 3359 852 3390 κτλ.
876 3375 916 3382 -
936 3358 972 3375 ⁶¹*
989 3358 1123 3391 Τούτων
1144 3358 1171 3390 δ’
1194 3358 1266 3390 ἐστὶ
1286 3357 1342 3399 μὲν
1360 3356 1446 3400 ἔχειν
1461 3358 1532 3389 κτλ.
1566 3375 1608 3381 -
1625 3356 1679 3376 ***
1694 3356 1824 3400 Ὥσπερ
1841 3356 1898 3390 οὖν
1913 3354 1968 3390 καὶ
1980 3355 2140 3400 μοχθηρία
2157 3356 2227 3390 κτλ.
2246 3373 2288 3381 —-

120 3405 200 3427 *Μ’
214 3405 292 3441 Ὀτι
311 3406 369 3451 μὲν
389 3407 446 3442 οὗν
465 3407 612 3450 ἀκρασία
624 3408 698 3441 κτλ.
711 3423 754 3432 —-
775 3406 870 3424 *****
890 3406 971 3449 Gap.
991 3409 1022 3440 6.
1040 3405 1117 3440 ’Ότι
1131 3406 1168 3439 δὲ
1185 3407 1241 3439 καὶ
1255 3406 1355 3448 ἧττον
1378 3406 1501 3466 αἰσχρὰ
1516 3407 1586 3439 κτλ.
