2508 3776
245 164 325 203 486

242 325 300 349 ται
322 308 432 369 δὲμὴ
449 307 585 360 φεύγειν
600 307 665 354 τὴν
682 307 796 354 λύπην
812 310 830 346 ὁ
851 307 1039 358 εὐδαίμων·
1059 308 1197 361 ἀνάγκη
1214 308 1282 362 γὰρ

243 368 381 415 ἥδιστον
401 370 489 405 εἰναι
505 365 562 404 τὸν
579 366 767 416 εὐδαίμονα
788 365 874 417 βίον·
894 369 996 406 τοῦτο
1013 366 1048 406 δὲ
1065 369 1104 407 οὔ
1125 369 1282 416 δυνατόν,

243 429 273 466 εἷ
292 427 342 477 μὴ
358 426 471 473 ἡδεῖαι
490 428 555 463 εἶεν
577 425 645 462 αἱ
630 424 798 477 ενέργειαι
819 440 879 465 του
894 426 1108 478 εὐδαίμονος·
1129 430 1203 472 πῶς
1214 425 1282 479 γὰρ

243 485 283 523 ἂν
305 485 442 533 ἥδιστος
462 483 618 535 γένοιτο;
649 485 679 522 εἷ
703 483 737 522 δὲ
761 483 849 534 μήτε
871 485 977 525 κακὸν
999 489 1021 533 ἡ
1039 486 1144 534 ἡδονή
1158 519 1167 535 ,
1193 486 1282 538 μήτε

241 547 301 583 οὐκ
315 543 442 595 ἀγαθόν
454 573 464 592 ,
482 542 535 590 εἴη
554 542 594 581 ἂν
614 542 754 594 ἀγαθόν.

296 603 462 655 (Scripsi
483 615 492 642 :
513 613 527 629 ²²
544 601 615 653 διὸ]
641 602 729 641 cod.
752 602 795 640 δι’
825 601 858 642 ὃ.
876 624 930 632 —
945 602 961 626 ¹‘
990 603 1068 655 πή]
1089 605 1177 644 cod.
1214 608 1278 658 πῇ.

239 685 292 692 -
312 675 325 691 ⁰
344 664 416 710 πή]
447 662 532 701 cod.
558 664 622 713 πῇ.
643 662 659 684 ‘¹
681 661 751 715 πὴ]
786 662 870 701 cod.
892 665 943 716 ’πῇ
971 685 1024 694 -
1049 675 1063 693 e
1084 666 1187 712 δῆλον
1208 663 1280 716 ὅτι]

240 723 328 763 cod,
356 720 530 770 δηλονότι.
564 743 616 750 -—
632 722 643 744 s
668 721 770 760 τοῦτό
800 723 913 775 τινες]
939 723 1027 763 cod.
1062 726 1163 763 τοῦτο
1181 723 1281 768 τινὲς.

238 792 323 815 -g
343 781 415 832 διὸ]
442 781 527 820 cod.
551 779 597 817 δι’
620 779 651 818 ὃ.
678 802 727 810 -
761 781 777 806 ¹⁸
798 780 1039 835 φημίζουσιν]
1071 797 1160 821 cum
1192 783 1280 823 cod.

242 840 481 888 Andronici3
512 848 602 878 sunt
622 849 750 879 autem
773 840 934 879 Hesiodi
961 855 1099 881 versus
1126 843 1201 894 Op.
1226 851 1276 883 et.

242 901 287 940 D,
311 901 498 948 762-763‚
523 900 564 937 in
598 899 742 950 quibus
775 901 889 938 lectio
909 901 1048 941 variat.
1067 901 1139 951 1μή
1164 902 1282 954 ἐστιν]

239 958 357 1007 vulgo
382 957 430 1009 μὴ
455 956 565 998 ἔστιν.
588 979 642 987 -
658 958 674 981 ⁸
698 959 783 1011 ζῆν]
804 959 887 998 cod.
905 961 981 1013 ζῇν.
1002 959 1080 990 -—-¹
1105 960 1154 1012 μή
1171 961 1281 1013 ἐστιν]

239 1017 357 1069 vulgo
378 1017 426 1068 μὴ
452 1015 559 1056 ἔστιν.
581 1018 655 1070 ——)

662 1141 755 1195 Κεφ.
786 1140 858 1194 κβ’.

243 1262 373 1308 Ἄπορία
392 1264 445 1297 διὰ
462 1264 494 1298 τί
519 1268 611 1298 πᾶσα
632 1265 714 1304 λύπη
736 1265 890 1307 φευκτόν,
914 1265 984 1297 ἐπεὶ
1009 1265 1046 1298 οὐ
1070 1268 1162 1298 πᾶσα
1182 1264 1283 1304 ἡδονὴ

589 1313 709 1354 ἀγαθόν
724 1337 730 1351 ,
746 1313 801 1344 καὶ
817 1312 915 1348 λύσις.

292 1410 307 1426 ”
328 1410 533 1463 Ἀπορήσειε
554 1411 582 1449 δ’
604 1410 646 1448 ἄν
667 1427 743 1463 τις,
766 1412 796 1449 εἰ
815 1409 903 1454 τινὲς
928 1410 1049 1458 ἡδοναὶ
1074 1410 1204 1462 ἀγαθαί
1219 1412 1285 1449 εἶσι

236 1469 297 1508 καὶ
319 1469 477 1522 αἱρεταί,
500 1469 589 1513 τινὲς
618 1469 654 1507 δὲ
683 1471 836 1522 φαῦλαι,
870 1469 990 1522 ὥσπερ
1023 1471 1057 1508 αἱ
1082 1469 1285 1521 σωματικαὶ

236 1528 315 1581 περὶ
336 1528 376 1572 ἃς
395 1533 412 1568 ὁ
431 1528 642 1576 ἀκόλαστος,
665 1527 722 1566 διὰ
742 1528 775 1566 τί
794 1533 893 1567 πᾶσα
910 1528 1006 1576 λύπη
1023 1528 1186 1582 μοχθηρά
1211 1529 1285 1568 ἐστι

238 1587 295 1625 καὶ
323 1587 469 1641 φευκτή·
506 1589 556 1626 δεῖ
576 1587 642 1640 γὰρ
671 1587 733 1635 τὴν
767 1588 829 1639 μὲν
851 1587 1010 1626 ἐναντίαν
1043 1593 1118 1632 ταῖς
1138 1591 1285 1639 ἀγαθαῖς

236 1648 376 1694 ἡδοναῖς
401 1647 517 1694 λύπην
541 1647 697 1699 πονηρὰν
717 1651 829 1694 εἶναι,
853 1647 916 1695 τὴν
951 1647 987 1686 δὲ
1019 1653 1096 1691 ταῖς
1133 1647 1284 1699 φαύλαις

237 1707 393 1745 ἐναντίαν
415 1707 564 1758 ἀγαθήν·
583 1709 683 1759 κακῷ
704 1707 771 1759 γὰρ
792 1706 945 1746 ἐναντίον
967 1708 1108 1759 ἀγαθόν·
1125 1708 1154 1746 εἷ
1172 1706 1208 1745 δὲ
1224 1710 1285 1745 καὶ

238 1766 325 1814 αὕτη
338 1769 358 1813 ἡ
376 1766 469 1814 λύπη
490 1782 553 1805 πον
558 1782 642 1818 ηρα
656 1747 818 1811 δόξειεν
802 1782 843 1804 αν
861 1765 922 1810 τὰς
937 1765 1142 1817 σωματικὰς
1159 1766 1285 1811 ἡδονὰς

237 1827 366 1875 ἀγαθὸν
387 1829 491 1865 εἰναι.
509 1825 604 1876 Πρὸς
618 1825 659 1872 δὴ
669 1829 780 1864 ταῦτα
791 1825 954 1876 λέγομεν,
967 1825 1070 1865 ὅτιαῖ
1081 1826 1284 1877 σωματικαὶ

236 1886 358 1933 ἧδοναι
386 1884 515 1935 ἀγαθαί
541 1886 627 1923 εἰσιν
649 1883 779 1935 οὕτως,
800 1883 892 1922 ὥστε
925 1884 974 1935 μὴ
998 1887 1087 1924 εἶναι
1106 1885 1227 1924 κακαί·
1244 1885 1284 1924 τὸ

237 1945 304 1997 γαρ
325 1944 373 1994 μὴ
403 1944 509 1983 κακὸν
542 1943 674 1995 ἀγαθόν
698 1945 788 1982 ἐστι.
811 1946 928 1983 Ἰοῧτο
947 1942 1015 1996 γὰρ
1048 1943 1155 1996 μέχρι
1174 1943 1280 1988 τινός.

237 2003 379 2054 Ἂγαθαὶ
398 2002 464 2055 γάρ
481 2004 547 2041 εἶσι
563 2001 660 2041 τόνδε
680 2001 738 2040 τὸν
764 2002 891 2055 τρόπον
911 2003 947 2040 αἱ
965 2001 1014 2052 μὴ
1037 2002 1282 2054 ὓπερὸοίλλου·

238 2078 309 2101 σαι·
343 2061 400 2101 διὰ
433 2065 534 2100 τοῦτο
557 2065 592 2099 αἱ
622 2062 762 2099 λῧπαιὸι
791 2062 828 2098 αἱ
869 2060 1024 2100 ἐναντίαι
1053 2063 1198 2107 ταύταις
1221 2064 1282 2101 οὐκ

237 2122 326 2162 εἰσὶν
358 2121 499 2174 ἀγαθαί·
521 2120 596 2160 επεὶ
631 2120 701 2174 γὰρ
716 2119 802 2166 ἕξεις
822 2121 859 2158 αἱ
879 2120 984 2171 μὲνυ
966 2120 1226 2173 ὓπερὸάλλουσι
1242 2122 1281 2161 τὸ

239 2181 418 2232 βέλτιστον
435 2180 496 2220 καὶ
517 2180 556 2218 τὸ
571 2180 670 2227 δέον,
689 2181 754 2218 αἱ
738 2179 772 2218 οὲ
790 2180 854 2232 οὐχ
869 2178 1160 2231 ὑπερὸάλλουσιν·
1176 2182 1281 2234 ὑπερ-

238 2240 410 2280 &omousi
432 2240 494 2291 μὲν
517 2241 553 2278 αἱ
577 2239 765 2290 ἀναγκαῖαι
789 2237 895 2287 ἕξεις,
930 2242 1023 2287 οἱον,
1046 2242 1067 2286 ἡ
1086 2240 1252 2292 Θρεπτική
1268 2273 1276 2287 ,

237 2298 296 2337 καὶ
319 2300 354 2335 αἱ
371 2298 474 2336 ἄλλαι
498 2301 707 2350 ἀναγκαῖαι
729 2296 788 2335 καὶ
807 2296 893 2341 ὅλως
911 2297 947 2334 αἱ
969 2298 1182 2349 σωυατικαί·
1201 2298 1275 2338 ἔστι

237 2358 302 2410 γὰρ
327 2357 431 2396 πλέον
461 2361 520 2395 τοῦ
543 2357 679 2401 δέοντος
700 2359 821 2400 αὐταῖς
840 2357 1055 2409 χρήσασθαι·
1076 2359 1142 2409 οὐχ
1173 2360 1279 2411 ὑπερ·

238 2417 405 2455 ὅάλλουσι
437 2416 493 2463 δέ,
525 2416 609 2454 ὅσαι
638 2415 891 2466 ἐπιτεινόμεναι
926 2419 993 2469 οὐχ
1020 2416 1281 2470 ὑπερὸάλλουσι

237 2475 275 2514 τὸ
296 2474 369 2513 δέον
387 2504 396 2522 ,
417 2475 492 2513 ἀλλ’
517 2475 570 2513 ἀεὶ
592 2474 722 2526 ἀγαθαί
743 2476 844 2524 εἰσιν,
863 2474 983 2527 ὥσπερ
1008 2477 1045 2514 αἱ
1066 2476 1278 2528 θεωρητικαὶ

237 2534 333 2579 ἕξεις.

291 2592 435 2643 ”flereat
455 2593 489 2631 δὲ
503 2594 538 2631 αἱ
551 2592 672 2640 ἡδοναὶ
688 2599 762 2637 ταῖς
773 2592 882 2638 ἕξεσιν
897 2594 1155 2643 ἀκολουθοῦσιν,
1173 2595 1281 2648 ἀνάγ-

238 2668 283 2699 κη
304 2651 364 2690 καὶ
388 2654 455 2689 τῶν
473 2653 603 2698 ἡδονῶν
629 2653 690 2696 τὰς
710 2653 772 2701 μὲν
793 2652 1023 2704 ὑπερὸοίλλειν
1045 2654 1084 2692 τὸ
1107 2654 1196 2702 δέον,
1216 2655 1279 2699 τὰς

240 2711 277 2750 δὲ
303 2712 352 2761 μὴ
373 2711 620 2763 ὑπερὸάλλειν.
655 2710 768 2751 εὈσαι
801 2712 914 2751 τοίνυν
944 2713 1205 2765 ὓπερὸάλλουσι
1240 2714 1280 2753 τὸ

239 2770 314 2809 δέον
336 2770 464 2820 φαῦλαί
485 2771 571 2819 εἶσι,
594 2771 652 2809 καὶ
674 2772 764 2810 κατὰ
785 2773 914 2817 ταύτας
934 2776 952 2812 ὃ
974 2773 1168 2818 ἀκόλαστός
1189 2777 1276 2823 ἐστι,

237 2829 297 2868 καὶ
318 2832 335 2867 ὁ
352 2829 516 2882 ἀκρατής·
538 2829 629 2868 κατὰ
646 2830 706 2874 τὰς
729 2831 765 2869 δὲ
784 2832 940 2876 ἐναντίας
953 2832 1067 2877 λύπας
1085 2833 1278 2879 ἀκόλαστος

239 2890 276 2927 οὔ
301 2887 382 2939 περὶ
396 2886 456 2931 τὰς
476 2888 707 2940 ὑπερὸολικάς
739 2891 852 2939 ἐστιν,
877 2890 968 2929 ἀλλὰ
1001 2893 1062 2936 τὰς
1085 2892 1147 2943 μὲν
1169 2895 1278 2945 ὓπερ-

239 2946 572 2993 ὅαλλούσαςὴδονὰς
585 2946 714 2996 διώκει,
736 2948 798 2992 τὰς
810 2950 845 2987 δὲ
864 2950 990 3004 μικρὰς
1008 2952 1121 2996 λύπας
1142 2952 1274 3029 φεύγει·

239 3006 329 3045 ωστε
354 3005 498 3058 φανερὸν
530 3005 582 3044 ὅτι
603 3011 680 3050 ταῖς
706 3008 1008 3060 ὓπερὸαλλούσαις
1027 3013 1167 3058 ἡδοναῖς
1186 3015 1223 3051 αι
1241 3013 1276 3050 ἐν

239 3082 289 3117 τῳ
322 3065 507 3118 ἀκολάστῳ
539 3067 655 3104 ἀντικε
642 3066 778 3117 ι’μεναι
810 3070 919 3108 λῦπαι
951 3073 1017 3123 οὐχ
1049 3071 1278 3145 ὑπερὸολικαί

239 3126 350 3174 εἶσιν,
383 3124 474 3164 ἀλλὰ
505 3123 670 3176 μέτριαι,
703 3142 762 3164 και
797 3127 837 3171 ἃς
871 3129 979 3173 οὐδεὶς
1014 3147 1056 3168 αν
1084 3131 1186 3184 φύγοι
1208 3135 1277 3170 τῶν

239 3184 457 3233 σπουδαίων,
477 3184 530 3224 ὅτι
550 3185 627 3223 οὔδε
648 3186 758 3224 λ’ὕπαί
786 3189 883 3224 εἰσιν·
908 3189 999 3226 ἀλλὰ
1033 3206 1084 3228 τω
1113 3190 1276 3229 διώκοντι

239 3243 301 3288 τὴν
322 3243 518 3296 ὖπερὸολὴν
539 3246 607 3282 τῶν
621 3244 752 3291 ἡδονῶν
776 3246 931 3297 ἀλγεινὸν
957 3247 1050 3285 δοκεῖ
1067 3248 1106 3286 τὸ
1128 3248 1277 3301 μετρίως

1074 160 1358 203 ANDRONICI
1387 162 1564 203 RHoml

245 253 317 289 ἐστι
336 248 502 302 φευκτόν;
525 250 563 287 Οὖ
591 248 657 320 γὰὶρ
685 263 832 300 φευχτον
854 250 882 287 Εἷ
900 248 951 298 μὴ
969 247 1093 289 κακόν“
1117 252 1156 289 Ου
1176 249 1281 288 δύνα-
1305 287 1307 289 ,

1345 259 1438 302 atqui
1454 269 1520 293 non
1536 261 1646 303 potest
1658 269 1722 293 non
1736 259 1848 303 sugere
1867 262 2013 297 dolorem
2028 264 2080 298 vir
2092 265 2164 298 beat
2172 273 2210 298 ns
2225 278 2232 298 ε
2255 274 2387 300 necesse

1344 318 1430 350 enim
1451 320 1503 350 est
1529 317 1804 359 ¹iucundissimam
1829 328 1900 353 esse
1926 321 1991 354 viri
2013 322 2101 356 beati
2129 324 2233 356 vitam
2258 333 2266 354 ι
2295 324 2387 367 quod
2427 343 2430 346 ·

1343 376 1479 419 quidem
1505 376 1573 410 fieri
1600 377 1733 420 nequit,
1752 378 1815 410 nisi
1842 379 1940 412 simul
1957 380 2098 414 hominis
2112 383 2200 416 beati
2223 383 2385 426 actusju·

1344 435 1443 468 cundi
1471 435 1538 468 sint
1566 445 1574 468 z
1597 436 1763 479 quomodo
1785 437 1871 470 enim
1891 438 2127 481 jucundissima
2151 451 2224 476 esse
2252 443 2388 487 posset?

1344 494 1394 527 sin
1419 497 1530 528 autem
1550 504 1656 538 neque
1675 496 1799 529 malum
1829 500 1880 530 est
1905 498 2077 541 voluptas,
2099 509 2206 544 neque
2231 510 2298 534 non
2327 501 2388 535 bo-

1344 564 1443 595 num,
1461 555 1613 599 sequitur
1633 555 1755 589 bonum
1774 565 1854 590 esse.

1772 1157 1850 1199 Cap.
1875 1158 1976 1189 xxii.

1346 1275 1511 1310 Quaeritur,
1531 1280 1587 1303 cur
1606 1272 1767 1310 fugiendus
1785 1273 1823 1302 sit
1844 1273 1943 1302 omnis
1962 1273 2062 1309 dolor,
2085 1281 2179 1311 quum
2206 1281 2268 1304 non
2288 1277 2389 1306 omnis

1570 1321 1708 1358 voluptas
1724 1321 1762 1349 sit
1781 1321 1881 1349 hona:
1900 1323 1932 1350 et
1945 1320 2158 1359 respondetur.

1387 1420 1598 1453 Dubitaverit
1611 1423 1722 1453 autem
1736 1421 1874 1463 aliquis,
1891 1422 1918 1455 si
1931 1421 2086 1464 quaedam
2102 1422 2288 1466 voluptates
2299 1422 2394 1458 bonae

1346 1481 1380 1512 et
1392 1479 1583 1522 expetendae
1596 1505 1602 1518 ,
1616 1479 1688 1512 aliae
1709 1479 1805 1512 malae
1824 1482 1901 1512 sunt
1917 1507 1923 1519 ‚
1939 1481 2055 1523 quales
2069 1481 2235 1515 habentur
2249 1482 2395 1525 corporis

1346 1535 1548 1577 voluptates,
1571 1534 1604 1566 in
1624 1534 1749 1576 quibus
1769 1537 1922 1568 versatur
1941 1535 2183 1579 intemperans,
2206 1545 2266 1570 cur
2289 1536 2395 1578 omnis

1346 1592 1439 1625 dolor
1452 1593 1560 1625 malus
1574 1602 1612 1625 ac
1630 1592 1806 1634 fugiendus
1821 1592 1864 1625 sit
1879 1603 1886 1624 :
1911 1595 2042 1635 oportet
2063 1593 2151 1627 enim
2171 1593 2319 1628 dolorem
2333 1594 2395 1627 bo-

1345 1650 1397 1683 nis
1422 1649 1647 1691 voluptatibus
1676 1649 1876 1682 contrarium
1894 1650 2021 1682 malum
2045 1659 2136 1689 esse,
2160 1651 2256 1684 malis
2281 1654 2394 1685 autem

1346 1706 1547 1738 contrarium
1563 1706 1685 1738 bonum
1704 1716 1711 1735 ι
1726 1705 1846 1747 quippe
1865 1706 1953 1738 malo
1969 1706 2171 1739 contrarium
2181 1706 2305 1740 bonum
2316 1708 2367 1740 est
2383 1720 2390 1739 :

1348 1761 1464 1805 quodsi
1485 1761 1585 1793 etiam
1609 1760 1664 1793 hic
1682 1760 1775 1792 dolor
1798 1762 1848 1793 est
1870 1761 1978 1793 malus
1993 1785 2001 1800 ‚
2029 1762 2176 1803 corporis
2203 1762 2394 1805 voluptates

1345 1821 1438 1853 bonae
1471 1828 1542 1852 esse
1576 1818 1786 1851 videbuntur.
1823 1818 1874 1850 Ad
1904 1819 1975 1851 haec
2006 1818 2107 1860 igitur
2136 1819 2392 1863 respondemus,

1345 1878 1392 1910 ita
1414 1876 1515 1908 bonas
1541 1883 1611 1906 esse
1634 1874 1780 1915 corporis
1810 1874 2016 1916 voluptates,
2035 1876 2154 1907 utnon
2177 1875 2244 1908 sint
2265 1875 2363 1909 malae
2383 1886 2391 1906 :

1345 1930 1501 1964 nimirum
1520 1931 1610 1973 quod
1631 1940 1695 1962 non
1724 1932 1774 1963 est
1798 1930 1943 1972 malum,
1970 1932 2153 1965 necessario
2177 1932 2301 1966 bonum
2329 1937 2391 1968 est.

1345 1991 1560 2034 Aliquatenus
1579 1989 1667 2022 enim
1680 1990 1742 2023 hoc
1758 1990 1916 2032 procedit.
1932 1992 2002 2024 Hoc
2014 1990 2168 2024 videlicet
2185 1991 2284 2027 modo
2298 1992 2393 2028 bonae

1344 2050 1439 2087 sunt,
1462 2057 1539 2091 quac
1552 2057 1616 2080 non
1632 2047 1796 2080 excedunt
1811 2047 1947 2080 modum
1967 2059 1975 2080 ι
2001 2048 2141 2091 ideoque
2161 2048 2292 2082 dolores
2306 2058 2393 2092 quo-

1343 2111 1409 2144 que
1426 2101 1485 2144 qui
1503 2101 1555 2134 his
1567 2102 1786 2143 opponuntur,
1805 2110 1870 2133 non
1886 2102 1963 2133 sunt
1983 2100 2060 2133 boni
2084 2111 2092 2130 ε
2107 2110 2213 2143 quum
2229 2102 2316 2135 enim
2336 2102 2394 2137 atii
2418 2115 2419 2118 ¹

1343 2155 1479 2189 habitus
1489 2145 1729 2196 facultatesque
1746 2154 1915 2193 excedant,
1932 2154 1987 2187 alii
2002 2164 2067 2187 non
2082 2154 2242 2189 excedant
2250 2155 2286 2188 id
2302 2156 2392 2199 quod

1344 2210 1393 2241 est
1413 2208 1574 2250 optimum
1594 2209 1627 2240 et
1651 2206 1789 2239 modum
1809 2219 1817 2238 :
1848 2206 2012 2239 excedunt
2044 2206 2180 2249 quidem
2201 2209 2392 2242 necessariae

1343 2261 1533 2300 facultates,
1557 2262 1595 2292 ut
1621 2259 1786 2293 nutriendi
1806 2259 1947 2292 facultas
1967 2259 2169 2302 reliquaeque
2187 2260 2388 2300 necessariae,
2414 2301 2415 2304 Ἴ

2055 2314 2159 2355 magis
2176 2313 2263 2346 enim
2289 2322 2391 2356 quam
2426 2324 2431 2329 <

1343 2325 1457 2348 omnes
1474 2314 1616 2356 denique
1640 2323 1715 2356 quae
1747 2315 1825 2346 sunt
1850 2313 1996 2355 corporis
2020 2326 2028 2345 ι

1343 2369 1437 2402 decet
1457 2368 1508 2400 uti
1530 2367 1596 2400 illis
1613 2369 1722 2409 potest
1744 2366 1864 2408 aliquis
1888 2375 1897 2395 τ
1916 2375 1980 2398 non
1998 2368 2076 2398 sunt
2101 2367 2213 2399 autem
2229 2366 2391 2400 immode-

1343 2426 1405 2459 rati
1423 2425 1556 2458 habitus
1576 2426 1608 2458 et
1624 2424 1816 2461 facultates,
1837 2422 1896 2465 qui
1916 2422 1942 2454 si
1963 2421 2188 2461 intenduntur,
2213 2432 2278 2455 non
2297 2431 2390 2457 exce-

1343 2483 1426 2516 dunt
1452 2481 1604 2519 modum,
1639 2480 1696 2513 sed
1729 2488 1856 2521 semper
1889 2480 1966 2512 sunt
1989 2478 2084 2517 boni,
2123 2478 2216 2511 velut
2242 2481 2390 2513 contem-

1342 2540 1453 2583 plandi
1470 2538 1620 2571 facultas.

1385 2602 1495 2638 Quum
1514 2599 1625 2630 autem
1654 2596 1840 2638 voluptates
1870 2596 2051 2637 sequantur
2077 2593 2227 2633 habitum
2257 2603 2390 2629 necesse

1343 2661 1394 2693 est
1409 2659 1509 2691 etiam
1523 2657 1603 2689 alias
1620 2655 1807 2697 voluptates
1827 2663 1898 2686 esse
1924 2662 2000 2696 quae
2019 2652 2198 2692 excedant,
2215 2653 2296 2687 alias
2312 2663 2388 2697 quae

1341 2728 1407 2751 non
1427 2716 1587 2750 excedant
1599 2714 1745 2747 modum.
1764 2715 1846 2751 Quae
1865 2721 1940 2755 ergo
1957 2711 2093 2744 modum
2112 2711 2295 2751 excedunt,
2311 2715 2388 2745 sunt

1341 2777 1453 2815 malae,
1477 2776 1511 2808 in
1537 2775 1644 2817 iisque
1669 2773 1890 2814 intemperans
1921 2772 2074 2804 versatur
2101 2772 2135 2804 et
2155 2770 2358 2805 incontinens
2379 2781 2386 2802 z

1341 2836 1432 2880 quod
1459 2845 1538 2869 vero
1558 2834 1601 2867 ad
1620 2832 1785 2875 oppositos
1815 2830 1945 2864 dolores
1972 2830 2112 2870 attinet,
2141 2839 2207 2863 non
2223 2830 2258 2863 in
2278 2830 2388 2864 nimiis

1342 2898 1493 2931 versatur
1502 2895 1741 2935 intemperans,
1759 2890 1817 2924 sed
1838 2889 2046 2923 incredibiles
2070 2899 2270 2933 magnasque
2281 2890 2388 2934 sequi-

1341 2958 1397 2989 tur
1420 2955 1622 2997 voluptates,
1641 2961 1759 2995 parvos
1773 2960 1853 2984 vero
1869 2950 1998 2983 dolores
2019 2948 2103 2991 fugit
2126 2948 2236 2982 :unde
2253 2950 2387 2992 apparet

1341 3016 1470 3048 dolores
1497 3014 1531 3046 in
1549 3013 1679 3046 homine
1697 3011 1935 3053 intemperante
1964 3018 2039 3041 cum
2056 3007 2307 3041 incredibilibus
2324 3017 2386 3041 vo-

1341 3074 1524 3117 luptatibus
1530 3074 1719 3116 pugnantes,
1733 3080 1797 3103 non
1803 3070 1931 3107 nimios,
1945 3067 2002 3101 sed
2009 3067 2190 3100 mediocres
2200 3076 2280 3106 esse,
2290 3067 2386 3101 tales-

1340 3143 1405 3177 que
1426 3134 1541 3176 quales
1553 3142 1648 3165 nemo
1660 3131 1820 3164 honestus
1832 3128 1924 3166 vitet,
1952 3127 2031 3169 quia
2043 3136 2083 3159 ne
2107 3124 2236 3159 dolores
2248 3126 2383 3169 quidem
2422 3164 2425 3165 ⁷

1340 3195 1416 3225 sunt
1434 3204 1440 3224 :
1461 3192 1518 3225 sed
1534 3192 1563 3225 ei
1577 3191 1635 3234 qui
1653 3190 1862 3231 voluptatum
1880 3185 2185 3219 immoderationem
2214 3185 2375 3227 sequitur,

1338 3252 1514 3285 molestum
1537 3250 1680 3288 videtur,
1711 3247 1838 3281 modice
1868 3246 1909 3279 iis
1947 3247 1981 3278 et
2007 3244 2126 3277 rationi
2153 3244 2383 3278 convenienter

278 3395 294 3411 *
313 3395 389 3437 Cap.
411 3398 458 3429 14.
474 3395 548 3440 περὶ
567 3395 602 3427 δὲ
621 3396 659 3435 δὴ
686 3396 751 3427 τῶν
772 3397 968 3439 σωματικῶν
990 3397 1116 3436 ἡδονῶν
1143 3399 1212 3429 κτλ.
1233 3415 1271 3421 -
1291 3397 1326 3415 **
1343 3398 1468 3436 Πάντες
1488 3398 1549 3442 γὰρ
1570 3397 1722 3440 χαίρουσι
1738 3397 1807 3430 κτλ.
