2508 3776
269 238 347 277 322>

267 326 377 374 θάπερ
398 322 441 360 τὰ
455 325 515 360 τοῦ
535 320 692 369 σώματος
705 321 811 373 μέρη,
830 321 890 359 καὶ
905 322 948 361 τὰ
965 322 1054 362 ἄλλα
1068 323 1112 362 τὰ
1131 324 1294 376 μεριστά,

266 381 288 428 ἢ
309 380 490 431 πράγματι
508 378 569 429 μὲν
591 378 626 416 ἕν
644 379 729 425 εἶσι,
747 378 839 431 λόγῳ
859 378 894 417 δὲ
912 379 994 432 δύο,
1017 381 1176 435 καθάπερ
1198 385 1232 422 ἐν
1253 386 1296 436 τῇ

266 438 465 491 περιφερείᾳ
484 438 522 476 τὸ
542 436 665 489 κυρτὸν
687 436 747 476 καὶ
776 438 814 476 ’τὸ
833 439 966 488 κοῖλον,
984 439 1040 493 (ἓν
1064 440 1127 491 μὲν
1148 442 1215 494 γάρ
1232 443 1298 481 εἶσι

266 502 413 550 πρᾶγμα
426 526 436 543 ,
458 495 517 533 καὶ
545 495 726 547 ἀχώριστα
746 495 875 548 πέφυκε
890 528 900 545 ,
930 500 980 550 τῷ
1000 502 1136 551 ὁρισμῷ
1169 500 1204 538 δὲ
1225 501 1299 538 δια-

265 555 435 607 φέρουσιν·
462 554 563 598 ἄλλος
582 553 649 606 γὰρ
665 554 807 605 ὁρισμὸς
832 558 894 602 τῆς
910 557 1134 627 περιφερίαςμ
1123 558 1207 597 καθὸ
1227 558 1298 597 κοί-

263 618 343 661 λης,
369 614 427 652 καὶ
454 612 557 656 ἄλλος
583 612 669 651 καθὸ
688 614 835 664 κυρτης)
872 617 972 652 τοῦτο
1005 614 1067 653 μὲν
1095 610 1153 654 οὖν
1175 619 1291 663 ζητεῖν

263 672 358 711 οὐδὲν
380 670 544 711 συντείνει
546 672 641 742 ωπρὸς
663 671 724 717 τὴν
745 671 977 722 προκειμένην
995 672 1151 723 μέθοδον.
1175 674 1298 728 Ἐροῧ-

265 748 327 782 μεν
348 730 383 769 δὲ
406 745 486 782 περι
508 744 568 767 του
584 729 725 779 ἀλόγου.
750 727 857 768 Ἔστι
878 730 990 768 τοίνυν
1011 747 1071 770 του
1091 732 1217 784 ἀλόγου
1238 737 1298 781 τῆς

263 792 377 842 ψυχῆς
397 788 436 826 τὸ
453 788 516 838 μὲν
533 787 693 841 φυτικόν,
714 789 806 840 λέγω
831 788 867 827 δὲ
892 788 931 828 τὸ
951 791 1134 842 θρεπτικὸν
1158 792 1217 831 καὶ
1238 795 1298 832 αὗ-

263 847 420 897 ξητικόν,
453 846 537 899 ὅπερ
569 847 679 887 κοινόν
713 848 786 886 ἐστι
813 864 872 886 και
901 854 972 893 τοῖς
1001 853 1118 901 φυτοῖς
1139 851 1199 890 καὶ
1227 857 1298 896 τοῖς

262 907 359 958 ζῴοις
374 912 492 944 πᾶσιν·
516 906 604 953 αύτη
633 906 699 959 γὰρ
719 911 741 955 ἡ
762 908 906 957 δύναμις
935 909 969 946 ἓν
991 908 1102 947 ἅπασι
1132 913 1202 954 τοῖς
1221 927 1298 964 τρε-

261 965 420 1017 φομένοις
440 963 536 1012 ἔστί,
559 980 620 1002 και
638 966 672 1002 ἐν
689 970 759 1009 τοῖς
786 965 962 1016 εμὸρύοις·
980 970 1002 1014 ἡ
1025 967 1112 1016 αὐτὴ
1129 968 1164 1007 δὲ
1182 969 1277 1008 καὶ’
1262 986 1295 1009 εν

261 1028 330 1067 τοῖς
351 1022 492 1066 τελείοις
517 1038 584 1060 των
607 1022 797 1095 ἀνθρώπων
817 1023 995 1063 ἐστίν·οὖ
1016 1024 1083 1079 γὰρ
1107 1026 1214 1075 ἄλλην
1240 1027 1294 1066 εὔ-

259 1083 360 1132 λογον
380 1079 508 1132 λέγειν.
537 1079 599 1119 Ἔν
621 1079 733 1131 ταύτῃ
757 1098 799 1132 με
786 1081 819 1119 lv
839 1076 897 1121 ουν
918 1085 960 1132 τῇ
983 1083 1128 1134 δυνάμει
1158 1087 1220 1124 οὐκ
1255 1086 1292 1125 ἔ-

261 1156 334 1178 στιν
357 1142 469 1192 εὑρεῖν
505 1139 599 1184 ἰδίως
630 1139 754 1192 ἀρετὴν
788 1142 1024 1193 ἀνθρωπίνην,
1048 1143 1140 1182 ἀλλὰ
1161 1146 1279 1193 κοινὴν

260 1198 405 1238 ἅπασιν.
439 1197 488 1237 ‘H
517 1197 584 1250 γὰρ
613 1197 759 1246 τοιαύτη
798 1199 925 1251 ἀρετή,
953 1201 993 1239 τὸ
1023 1201 1209 1255 τρέφεσθαι
1236 1203 1294 1242 καὶ

260 1257 483 1303 αὐξάνεσθαι,
498 1255 559 1294 καὶ
575 1255 809 1296 ὑπνώττουσιν
833 1260 1040 1310 ἐνεργεῖται,
1055 1260 1114 1298 καὶ
1136 1261 1292 1311 μάλιστα

258 1315 347 1354 τότε·
374 1318 394 1362 ἡ
416 1314 451 1353 δὲ
471 1315 666 1366 ἀνθρωπίνη
689 1315 815 1367 ἀρετή,
837 1317 1008 1367 οὐδαμῶς·
1038 1320 1055 1355 6
1083 1318 1151 1371 γὰρ
1171 1319 1296 1370 ἀγαθὸς

258 1374 317 1412 καὶ
337 1373 442 1416 κακὸς
461 1371 588 1419 ἥκιστα
613 1373 772 1419 διάδηλος
790 1374 992 1414 ὑπνώττων.
1027 1376 1098 1414 Καὶ
1118 1376 1175 1414 διὰ
1194 1378 1295 1417 τοῦτό

258 1447 343 1505 φασι
376 1430 481 1482 μηδὲν
504 1430 676 1483 διαφέρειν
709 1430 748 1468 τὸ
782 1430 891 1481 ἥμισυ
923 1437 981 1470 τοῦ
1018 1432 1097 1485 βίου
1123 1433 1204 1485 (τὸν
1234 1440 1294 1474 τοῦ

258 1491 364 1528 ύπνου
387 1490 505 1540 καιρὸν
526 1488 701 1537 δηλονότι,
709 1490 720 1539 )
744 1505 821 1533 τους
841 1491 1046 1541 εὐδαίμονας
1057 1508 1125 1530 των
1144 1493 1289 1532 ἀθλίων·

256 1547 316 1587 καὶ
336 1549 489 1590 εἰκότως·
510 1546 614 1598 ἀργία
631 1547 696 1599 γάρ
717 1548 807 1587 ἐστιν
826 1548 878 1587 6'
860 1565 962 1592 υπνος
980 1551 1038 1588 καὶ
1058 1554 1102 1603 τῇ
1121 1553 1293 1606 σπουδαία

255 1607 314 1644 καὶ
334 1608 377 1657 τῇ
401 1604 516 1659 φαύλῃ
534 1606 642 1658 ψυχῇ.
667 1606 766 1653 Πλὴν
790 1608 819 1645 εἷ
835 1607 884 1657 μή
903 1624 954 1651 τις
974 1610 1084 1647 εκεῖνο
1106 1609 1217 1660 εἴποι,
1240 1610 1293 1650 ὅτι

255 1681 315 1703 και
334 1664 401 1703 οῖ’
385 1680 485 1702 υπνοι
503 1680 571 1702 των
587 1664 786 1703 σπουδαίων
808 1666 965 1718 βελτίους
979 1697 988 1714 ,
1007 1670 1075 1705 τῶν
1097 1672 1294 1724 μεθημερι-

255 1726 321 1761 νῶν
339 1722 507 1770 κινήσεων
532 1722 657 1773 τρόπον
682 1722 761 1762 τινὰ
790 1724 849 1762 καὶ
882 1725 938 1764 ἐπὶ
959 1725 1037 1770 τοὺς
1057 1725 1183 1771 ὕπνους
1205 1729 1292 1780 διερ-

253 1781 434 1834 χομένων,
451 1780 511 1820 καὶ
533 1781 589 1819 διὰ
616 1797 716 1820 τουτο
739 1785 807 1820 τῶν
827 1785 904 1821 καθ’
935 1784 1060 1829 ὕπνους
1085 1787 1291 1838 φαντασμά-

253 1856 322 1878 των
345 1839 532 1888 ἀμεινόνων
568 1842 638 1882 τοῖς
671 1840 870 1885 σπουδαίοις
911 1842 1126 1893 γινομένων,
1163 1844 1185 1891 ἢ
1221 1848 1292 1890 τοῖς

253 1910 432 1949 τυχουσιν·
458 1895 547 1935 ἀλλὰ
568 1896 648 1948 περὶ
669 1898 796 1936 τούτων
823 1899 912 1942 ἅλις.
944 1900 995 1938 T6
1020 1901 1087 1953 γὰρ
1109 1903 1290 1954 θρεπτικὸν

257 1956 399 2008 ἄμοιρον
418 1958 478 2002 τῆς
493 1954 741 2006 ἀνθρωπίνης’
725 1971 869 2007 αρετης,
884 1957 963 2009 περὶ
980 1962 1021 2005 ἧς
1038 1962 1121 2010 ἡμῖν
1139 1964 1157 1999 6
1175 1961 1287 2011 λόγος.

251 2011 358 2053 Ἔστι
375 2013 410 2051 δὲ
432 2030 490 2052 και
508 2014 597 2061 ἄλλη
614 2029 665 2058 τις
680 2014 777 2064 φύσις
796 2031 857 2061 της
873 2018 988 2068 ψυχῆς
1006 2019 1043 2055 06
1066 2018 1181 2071 πάντῃ
1204 2020 1284 2058 ἄλο-

254 2089 311 2124 γος
330 2073 421 2111 κατὰ
438 2072 501 2119 τὴν
523 2072 727 2124 εἰρημένην,
746 2073 835 2112 ἀλλά
858 2090 906 2121 πη
924 2081 940 2097 ⁸
958 2075 1153 2127 μετέχουσα
1171 2077 1288 2128 λόγου,

254 2131 313 2170 καὶ
332 2130 518 2183 μαχομένη
533 2130 618 2183 πρὸς
635 2131 692 2169 τὸν
712 2131 828 2182 λόγον.
846 2134 900 2171 Δι’
915 2132 933 2170 ὃ
947 2133 1006 2171 καὶ
1021 2134 1078 2172 τὸν
1095 2138 1155 2173 τοῦ
1170 2137 1291 2188 ἐγκρα-

251 2194 330 2234 τοῦς
347 2192 465 2242 λόγον,
488 2189 548 2227 καὶ
569 2188 625 2226 τὸν
655 2193 712 2226 τοῦ
735 2190 904 2242 ἀκρατοῦς
924 2189 979 2239 δέ,
997 2191 1104 2230 ἐνίοτε
1126 2196 1290 2232 ἐπαινοῦ-

252 2264 314 2299 μεν
330 2278 340 2296 ,
353 2246 405 2286 ὅτι
421 2247 604 2300 ἀντέχουσι
620 2247 703 2298 πρὸς
713 2247 753 2285 τὸ
768 2249 968 2286 ἀντιτεῖνον·
988 2252 1005 2287 6
1027 2249 1088 2298 μὲν
1107 2250 1231 2304 μέχρις
1251 2247 1290 2291 οῧ

252 2308 325 2355 δεῖ,
348 2310 366 2346 6
386 2307 419 2344 δὲ
437 2305 542 2345 ἐνίοτε
557 2306 615 2344 καὶ
636 2304 740 2357 μέχρι
757 2306 858 2349 τινός.
883 2307 953 2346 Καὶ
974 2308 1030 2346 διὰ
1049 2314 1151 2350 τοῦτο
1171 2310 1289 2363 φαίνε·

250 2382 308 2405 ται
325 2365 410 2404 ἄλλο
420 2381 453 2403 τι
464 2366 525 2404 ον
536 2367 569 2403 ἐν
583 2366 801 2416 αὖτοῖςπαρα
815 2364 872 2403 τὸν
893 2366 1011 2417 λόγον,
1026 2366 1044 2405 ὃ
1061 2369 1213 2421 μάχεται
1230 2370 1290 2409 καὶ

253 2423 430 2462 ἀντιτείνει
449 2426 499 2460 τῶ
514 2422 622 2493 λόγῳ.
638 2423 806 2474 Ἀτεχνῶς
827 2423 906 2475 γάρ,
924 2425 1082 2477 καθάπερ
1105 2426 1148 2464 τὰ
1173 2443 1291 2480 παρα-

251 2480 422 2530 λελυμένα
444 2495 501 2518 του
525 2479 686 2531 σώματος
703 2481 828 2533 μόρια,
846 2483 894 2525 εἰς
918 2482 960 2520 τὰ
982 2482 1076 2528 δεξιὰ
1097 2500 1288 2538 προαιρου-

253 2540 364 2590 μένων
379 2541 534 2586 κινῆσαι,
546 2538 743 2578 τούναντίον
755 2555 813 2577 και
829 2541 875 2583 εἷς
889 2539 935 2577 τὰ
952 2541 1117 2593 ἀριστερὰ
1133 2545 1290 2597 παραφέ-

254 2611 362 2648 ρεται·
382 2596 470 2634 ούτω
491 2594 588 2633 καὶ’
573 2612 629 2634 επι
646 2600 706 2644 τῆς
726 2599 856 2649 ψυχῆς.
875 2597 960 2636 Ἐπὶ
980 2600 1147 2639 τάναντία
1165 2601 1232 2674 γὰρ
1253 2605 1289 2642 αἱ

253 2653 361 2706 ὃρμαι
382 2656 449 2691 τῶν
469 2657 627 2705 ἀκρατι)ν
646 2655 826 2727 φέρρνται,
842 2659 904 2702 τῆς
917 2672 975 2695 του
986 2658 1088 2710 λόγου
1104 2675 1286 2708 κινησεως.

253 2711 346 2750 Ἀλλ’
368 2726 402 2748 εν
419 2717 488 2753 τοῖς
516 2711 655 2762 σώμασι
680 2711 741 2762 μὲν
763 2714 897 2764 ὁρῶμεν
920 2715 960 2753 τὸ
988 2719 1286 2770 παραφερόμενον,

253 2768 311 2807 ἐπι
326 2768 361 2806 δὲ
378 2784 439 2814 της
458 2771 572 2820 ψυχῆς
602 2770 665 2821 οὔχ
687 2773 836 2821 ὁρῶμεν.
866 2774 909 2811 Εἰ
937 2772 973 2811 δὲ
998 2775 1058 2812 καὶ
1078 2775 1127 2825 μὴ
1146 2779 1286 2829 ὁρᾶται,

251 2843 346 2877 ομως
364 2826 437 2864 ἐστὶ
457 2827 706 2877 καὶνομιστέον
723 2823 811 2867 εἶναί
827 2846 859 2868 τι
873 2831 969 2882 παρὰ
990 2833 1047 2870 τὸν
1067 2834 1204 2886 λόγον’
1189 2851 1287 2874 εναν-

251 2889 428 2932 τιούμενον
446 2884 576 2938 τούτῳ,
591 2901 650 2923 και
665 2887 873 2926 ἀντιὸαῖνον·
890 2891 963 2932 πῶς
984 2890 1020 2927 δέ
1023 2892 1132 2942 ,πρὸς
1151 2894 1188 2929 τὸ
1201 2909 1287 2946 προ-

253 2943 410 2993 κείμενον
428 2946 540 2994 λέγειν
557 2944 653 2982 οὐδὲν
674 2947 838 2984 συντελεῖ.
865 2946 1039 2986 Φαίνεται
1055 2949 1089 2987 δὲ
1110 2966 1168 2989 και
1185 2956 1286 2991 τοῦτο

252 3002 354 3052 λόγου
377 3001 544 3054 μετέχον,
575 3002 693 3054 ὥσπερ
728 3003 892 3052 εἴπομεν,
925 3007 1070 3045 καθόσον
1106 3012 1156 3061 τῷ
1191 3011 1284 3064 λόγῳ

252 3064 450 3113 πειθαρχεῖ.
476 3061 548 3099 Καὶ
565 3060 631 3112 γὰρ
654 3064 703 3099 τῶ
722 3065 780 3099 τοῦ
801 3078 984 3115 εγκρατους
1010 3065 1101 3118 λόγῳ
1118 3072 1218 3107 τοῦτο
1245 3069 1284 3107 τὸ

251 3118 388 3170 ἄλογον,
410 3118 449 3157 τὸ
466 3119 608 3170 θυμικὸν
626 3120 716 3171 λέγω
738 3120 798 3158 καὶ
818 3121 856 3158 τὸ
876 3123 1140 3173 ἐπιθυμητικόν,
1163 3127 1223 3178 ἄγε
1227 3144 1284 3166 ται

255 3178 314 3216 καὶ
336 3177 505 3217 πείθεται.
523 3175 607 3217 Ἔτι
626 3178 661 3216 δὲ
686 3180 817 3228 μᾶλλον
839 3180 991 3219 πείθεται
1012 3183 1070 3221 καὶ
1092 3186 1285 3232 εὖηκοώτε-

254 3236 310 3288 ρόν
340 3238 413 3275 ἔστι
452 3239 501 3288 τῷ
522 3235 616 3289 λόγῳ
651 3241 710 3274 τοῦ
744 3237 916 3290 σώφρονος
958 3241 1016 3277 καὶ
1047 3243 1215 3295 ἀνδρείου·
1250 3262 1284 3283 εν

253 3296 347 3346 αὐτιγ)
369 3294 437 3347 γὰρ
457 3295 571 3333 πάντα
587 3297 635 3347 τῷ
667 3295 759 3347 λόγῳ
780 3303 969 3355 συμφωνεῖ.
991 3297 1105 3338 Ἵὶστε
1125 3303 1283 3353 φαίνεται

253 3352 290 3390 τὸ
311 3354 433 3404 ἄλογον
454 3369 513 3400 τ-ης
537 3355 650 3406 ψυχης
668 3354 780 3392 διττὸν
801 3357 898 3393 εἶναι·
925 3356 964 3394 τὸ
990 3357 1030 3405 μὲ
1036 3373 1051 3393 ν
1073 3358 1185 3411 πάντῃ
1202 3360 1282 3397 ἄλο-

253 3428 335 3463 γον,
349 3412 387 3450 τὸ
407 3413 572 3466 φυτικόν,
592 3414 630 3453 τὸ
655 3413 835 3462 αὐξητικὸν
858 3414 1038 3464 δηλονότι,
1061 3416 1118 3454 καὶ
1141 3422 1280 3471 θρεπτι-

1094 236 1367 276 ANDRONICI
1397 237 1569 278 RHODll

1358 331 1475 361 mutuo
1498 329 1564 362 sint
1590 330 1871 372 quemadmodum
1891 335 2036 376 eorporis
2055 338 2165 378 partes
2179 339 2212 371 et
2227 337 2392 384 quidquid

1357 386 1391 417 in
1410 387 1521 427 partes
1540 386 1643 418 secari
1659 388 1786 428 potest,
1809 396 1852 420 an
1866 397 1902 421 re
1915 388 1986 430 ipsa
2005 399 2109 423 unum
2129 390 2286 443 idemque
2304 382 2390 433 sint,

1358 443 1458 475 verbo
1482 444 1594 475 autem
1619 442 1775 483 diversas,
1803 444 1892 477 utin
1908 444 1996 478 linea
2018 446 2294 481 circumcurrente
2317 447 2392 482 tum

1357 506 1500 530 convexa
1524 506 1620 539 palnjs
1641 499 1714 530 tum
1735 507 1878 531 concava
1904 499 2001 540 (quae
2025 509 2129 541 quum
2156 500 2245 534 idem
2275 506 2392 534 revera

1357 552 1439 591 sint,
1453 561 1514 585 nec
1529 554 1654 595 possint
1665 554 1826 596 disjungi,
1842 553 2028 587 delinitione
2048 556 2157 588 tamen
2175 554 2261 588 inter
2279 553 2392 589 aedil:-

1357 608 1467 641 serunt
1491 623 1499 643 ε
1524 608 1589 643 alla
1613 610 1700 643 enim
1723 610 1818 643 lineae
1839 609 2124 642 circumcurrentis
2150 609 2302 644 definitio.
2316 611 2396 651 est?

1357 673 1423 706 qua
1452 673 1611 703 concava,
1641 666 1704 698 alia
1736 675 1803 709 qua
1834 675 1979 699 convexa
2008 666 2167 708 habetur)
2202 656 2392 710 hujus-iim

1357 721 1496 763 quaestio
1512 721 1554 754 ad
1577 721 1719 754 instituti
1736 722 1839 755 nostri
1864 722 2023 755 rationem
2037 731 2101 754 non
2114 721 2266 764 pertinet.
2282 723 2393 760 Qum

1356 777 1398 810 de
1410 786 1449 810 ea
1461 780 1554 820 parte
1562 804 1570 816 ,
1589 787 1664 820 quae
1677 779 1802 812 ratione
1814 780 1918 817 caret,
1941 778 2100 811 dicamus.
2113 778 2221 820 Huius
2231 786 2309 820 ergo
2320 785 2396 820 pu·

1357 833 1400 865 tis
1413 841 1488 875 quae
1501 833 1636 866 rationis
1649 842 1765 876 expers
1778 835 1847 874 est,
1866 833 2019 875 quaedam
2034 842 2111 875 pars
2123 834 2172 866 est
2188 830 2390 874 vegetabilis,

1356 896 1429 920 eam
1441 887 1514 920 dico
1528 897 1602 929 quae
1622 889 1730 921 alendi
1745 889 1948 931 augendique
1969 888 2113 930 corporis
2125 897 2222 920 causa
2237 886 2390 929 habebnt.

1356 942 1572 985 omnibusque
1595 943 1715 985 plantis
1734 945 1767 976 et
1783 943 1979 976 animalibus
2001 941 2183 976 communis
2203 942 2274 983 θεὴ
2292 941 2392 984 siqui-

1356 998 1430 1032 dem
1447 999 1531 1032 hanc
1547 1000 1647 1032 animi
1667 1000 1733 1032 vim
1755 1009 1832 1032 cum
1846 1000 1881 1033 in
1902 1001 2053 1034 omnibus
2067 1010 2144 1043 quae
2163 1001 2310 1042 aluntur,
2324 1001 2392 1034 ani-

1356 1055 1594 1089 madvertimus
1607 1082 1615 1097 ‚
1637 1058 1737 1098 atque
1767 1056 1848 1090 adeo
1866 1057 1901 1089 in
1927 1056 2049 1090 fetibus
2079 1057 2283 1097 immaturis,
2317 1058 2391 1091 tum

1356 1107 1456 1139 etiam
1479 1107 1514 1141 in
1536 1108 1724 1141 hominihus
1741 1107 1880 1149 adultis;
1901 1117 1978 1141 nam
1996 1108 2094 1141 aliam
2111 1109 2152 1142 iis
2170 1108 2315 1143 tribuere
2331 1108 2392 1143 ab·

1356 1160 1495 1193 surdum
1510 1163 1571 1194 est.
1593 1163 1631 1193 In
1646 1161 1708 1194 hac
1725 1161 1826 1203 igitur
1846 1161 1946 1194 animi
1960 1161 1995 1194 vi
2010 1171 2074 1193 non
2089 1161 2231 1194 hominis
2247 1161 2389 1205 propfia.

1356 1214 1414 1247 sed
1426 1214 1573 1247 omnium
1587 1215 1769 1247 communis
1797 1215 1959 1256 reperitur
1980 1215 2098 1248 virtus.
2114 1214 2202 1247 Talis
2218 1214 2306 1248 enim
2322 1213 2393 1248 vir-

1355 1267 1428 1304 tus,
1449 1274 1515 1307 qua
1527 1266 1580 1298 vel
1601 1266 1768 1298 nutriatur
1786 1275 1904 1308 corpus
1926 1265 1979 1298 vel
1997 1268 2122 1299 creseat
2144 1266 2245 1299 etiam
2266 1265 2392 1299 indor-

1354 1318 1548 1357 mientibus‚
1575 1327 1614 1351 ac
1633 1320 1702 1350 tum
1717 1318 1876 1356 maxime,
1900 1327 2036 1351 munere
2057 1327 2117 1351 suo
2132 1317 2281 1360 fungitur
2298 1329 2309 1351 τ
2327 1317 2393 1351 vir-

1354 1370 1411 1401 tus
1431 1379 1509 1402 vero
1528 1369 1669 1402 hominis
1693 1369 1827 1402 minime
1856 1381 1863 1401 :
1882 1370 2029 1403 homines
2048 1370 2136 1403 enim
2158 1369 2234 1404 boni
2258 1371 2294 1403 et
2312 1369 2392 1404 maii

1354 1421 1488 1454 minime
1499 1422 1533 1454 in
1549 1431 1661 1454 somno
1678 1422 1917 1454 discernuntur.
1931 1421 2015 1454 Hinc
2028 1419 2112 1455 illud
2123 1423 2174 1460 est
2182 1421 2273 1464 quod
2285 1422 2390 1464 aiunt,

1354 1475 1439 1507 inter
1457 1475 1570 1508 beatos
1589 1476 1622 1507 et
1639 1474 1775 1508 miseros
1792 1474 1962 1507 dimidiam
1981 1474 2059 1507 vitae
2074 1476 2201 1516 partem
2214 1473 2391 1517 (quamdiu

1354 1528 1510 1560 nimirum
1541 1527 1729 1568 dormiunt)
1759 1527 1841 1560 nihil
1871 1528 2029 1560 interesse
2060 1537 2069 1557 τ
2103 1536 2164 1560 nec
2198 1526 2365 1562 immerito
2379 1537 2387 1559 ε

1353 1580 1475 1622 quippe
1497 1589 1630 1613 somnus
1648 1582 1718 1613 tam
1734 1580 1811 1613 boni
1833 1590 1934 1623 quam
1955 1580 2034 1612 mali
2054 1580 2155 1612 animi
2176 1581 2227 1612 est
2249 1579 2390 1613 oeasatio

1353 1632 1547 1674 vacatioque
1565 1633 1606 1664 ob
1625 1640 1731 1674 opere.
1749 1632 1818 1665 Nisi
1844 1632 1919 1674 quis
1939 1632 2002 1664 hoc
2016 1631 2111 1670 dicit,
2139 1633 2310 1674 propterea
2327 1631 2390 1664 ho-

1352 1687 1521 1718 nestorum
1538 1695 1670 1727 quoque
1690 1685 1861 1718 hominum
1881 1694 2010 1717 somnos
2022 1684 2174 1718 meliores
2189 1693 2272 1725 esse,
2295 1684 2387 1728 quod

1352 1738 1461 1771 diurni
1482 1740 1593 1770 motus
1605 1737 1848 1780 quodammodo
1870 1738 1904 1769 in
1926 1746 2056 1769 somnos
2075 1738 2263 1775 transeunt,
2285 1738 2386 1779 atque

1351 1791 1474 1824 idcirco
1492 1791 1615 1832 species
1633 1790 1714 1823 viris
1735 1790 1828 1823 bonis
1846 1799 1904 1831 per
1922 1799 2073 1822 somnum
2093 1789 2220 1822 oblatas
2234 1789 2388 1822 meliores

1351 1852 1439 1881 esse,
1455 1852 1555 1884 quam
1568 1851 1644 1884 quae
1659 1842 1758 1884 vulgo
1769 1841 1951 1874 offerantur
1971 1852 1978 1873 ε
1997 1841 2055 1874 sed
2067 1840 2108 1874 de
2121 1841 2174 1874 bis
2184 1841 2274 1874 satis.
2291 1842 2387 1875 certo

1351 1906 1389 1930 ea
1414 1896 1514 1929 animi
1536 1905 1630 1937 pars,
1656 1904 1731 1937 quae
1745 1895 1852 1928 alendi
1869 1895 2012 1937 corporis
2027 1903 2127 1927 causa
2142 1895 2292 1934 habetur,
2322 1895 2388 1928 hu-

1349 1957 1456 1981 manae
1469 1947 1603 1980 virtutis
1615 1971 1623 1986 ‚
1637 1947 1679 1980 de
1690 1956 1756 1989 qua
1768 1956 1855 1979 nunc
1871 1947 2048 1989 loquimur,
2064 1955 2180 1989 expers
2193 1949 2255 1981 est.
2272 1947 2337 1982 Sed
2352 1950 2386 1982 et

1350 2001 1414 2034 alia
1432 2001 1586 2043 quaedam
1604 2000 1704 2033 animi
1723 2001 1775 2034 vis
1793 2002 1842 2033 est
1859 2010 1924 2033 non
1940 2001 2036 2043 plane
2050 2001 2186 2034 rationis
2202 2010 2331 2045 expete,
2349 2003 2387 2036 ut

1350 2054 1507 2096 superior,
1538 2063 1614 2096 quae
1630 2055 1741 2086 tamen
1761 2053 1872 2095 aliquo
1893 2053 1992 2086 modo
2010 2053 2081 2094 ejus
2101 2055 2149 2087 est
2168 2054 2334 2097 particeps
2349 2063 2388 2087 ac

1349 2106 1449 2139 simul
1465 2115 1542 2138 cum
1561 2115 1600 2139 ea
1620 2107 1753 2148 pugnat.
1775 2106 1995 2144 Quamobrem
2015 2107 2049 2138 et
2071 2106 2267 2151 continentis
2287 2108 2321 2149 et
2333 2106 2387 2151 in-

1349 2159 1546 2191 continentis
1563 2158 1724 2192 rationem
1741 2158 1906 2191 interdum
1925 2158 2114 2197 laudamus,
2137 2158 2216 2201 quia
2241 2162 2308 2192 non
2323 2151 2387 2192 sta-

1348 2213 1411 2246 tim
1429 2213 1567 2251 cedunt,
1589 2212 1647 2246 sed
1666 2212 1700 2245 in
1712 2212 1911 2245 contrarium
1928 2211 2079 2244 nituntur
2098 2221 2105 2242 :
2125 2211 2209 2244 alter
2227 2211 2385 2254 quamdiu

1349 2268 1494 2308 oportet,
1511 2266 1595 2299 alter
1620 2265 1663 2298 ad
1681 2267 1822 2307 tempus.
1841 2264 1999 2303 Quocirca
2016 2265 2149 2306 apparet
2165 2264 2200 2296 in
2223 2264 2271 2297 eis
2286 2265 2386 2298 etiam

1349 2321 1413 2354 alia
1432 2319 1586 2362 quaedam
1599 2327 1675 2360 pars
1689 2327 1709 2351 a
1726 2318 1852 2350 ratione
1869 2326 1983 2350 aversa
1998 2325 2075 2362 quae
2093 2316 2211 2349 rationi
2227 2319 2385 2360 repugnat

1350 2382 1388 2406 ac
1416 2372 1609 2404 reluctatur.
1623 2370 1723 2403 Plane
1745 2369 1848 2409 enim,
1866 2370 1905 2401 ut
1922 2368 2076 2401 resolutae
2091 2368 2235 2409 corporis
2256 2371 2366 2410 partes
2377 2395 2384 2407 ,

1349 2436 1453 2468 quum
1467 2434 1522 2458 eas
1533 2424 1743 2457 dextrorsum
1757 2431 1889 2454 movere
1901 2421 2047 2454 animum
2058 2420 2236 2460 inducunt,
2250 2421 2285 2454 in
2306 2431 2385 2454 con-

1348 2478 1484 2510 trariam
1501 2478 1629 2519 partem
1648 2475 1871 2507 sinistrorsum
1885 2481 2037 2515 perverse
2054 2471 2215 2511 feruntur,
2241 2473 2290 2506 sic
2305 2475 2339 2506 et
2353 2473 2387 2506 in

1350 2530 1458 2563 animo
1476 2528 1594 2561 evenit.
1611 2527 1738 2559 Abeunt
1757 2526 1843 2559 enim
1858 2525 1893 2557 in
1916 2524 2095 2557 contrarias
2110 2526 2231 2566 partes,
2251 2527 2354 2567 atque
2368 2535 2386 2558 a

1349 2584 1474 2616 ratione
1490 2582 1677 2619 trahuntur,
1710 2578 1982 2612 incontinentium
2009 2578 2233 2620 appetitiones.
2261 2577 2326 2611 Sed
2352 2578 2386 2611 in

1348 2635 1538 2677 corporibus
1554 2634 1589 2666 id
1600 2633 1690 2676 quod
1701 2641 1852 2675 perverse
1863 2632 2015 2663 movetur
2031 2630 2136 2663 oculis
2148 2631 2312 2663 cernimus
2323 2657 2330 2668 ‚
2349 2630 2384 2662 in

1348 2690 1456 2722 animo
1468 2697 1531 2720 non
1548 2687 1721 2720 cernimus.
1737 2684 1832 2723 Quod
1849 2683 1910 2717 etsi
1930 2682 1995 2716 nbn
2011 2682 2166 2731 cernitur,
2187 2684 2295 2715 tamen
2314 2681 2383 2715 for-

1347 2744 1434 2776 tasse
1449 2741 1636 2774 existimare
1648 2739 1815 2776 debemus,
1832 2738 1865 2770 in
1874 2737 1981 2769 animo
1990 2745 2124 2778 quoque
2135 2734 2258 2777 aliquid
2266 2735 2380 2773 inesse,

1346 2797 1465 2839 praeter
1492 2794 1667 2831 rationem,
1693 2791 1782 2834 quod
1808 2791 1839 2823 ei
1865 2790 2058 2823 adversetur
2083 2798 2121 2821 ac
2144 2789 2302 2830 repugnet
2321 2801 2329 2821 :
2349 2788 2383 2821 id

1347 2850 1458 2881 autem
1474 2845 1637 2888 quomodo
1660 2844 1734 2882 fiat,
1761 2852 1820 2885 pro
1845 2841 1985 2874 instituti
2002 2841 2106 2873 nostri
2126 2841 2252 2874 ratione
2273 2840 2382 2874 dicere

1347 2901 1427 2933 nihil
1447 2900 1573 2932 attinet.
1590 2897 1730 2930 Videtur
1746 2898 1833 2928 certe
1844 2897 1876 2927 et
1891 2895 1953 2926 hoe
1965 2893 2100 2926 rationis
2117 2894 2279 2936 particeps
2297 2903 2380 2933 esse.

1346 2952 1624 2997 quemadmodum
1641 2950 1800 2988 diximus,
1815 2949 1976 2990 quatenus
1995 2947 2112 2980 rationi
2130 2949 2237 2989 paret.
2251 2947 2380 2981 Etenim

1346 3008 1471 3040 ratione
1483 3005 1546 3038 viri
1558 3003 1750 3037 continentis
1762 3001 1818 3034 illa
1833 3000 1930 3033 animi
1941 3009 2025 3042 pars,
2042 3009 2118 3042 quae
2129 3000 2248 3033 mentis
2258 3000 2381 3034 lumine

1346 3061 1454 3097 caret,
1475 3056 1669 3090 irritabilem
1684 3054 1758 3087 dico
1772 3055 1806 3086 et
1818 3052 2040 3089 libidinosam.
2056 3052 2189 3085 ducitur
2206 3052 2303 3095 eique
2321 3062 2381 3095 pa-

1344 3113 1406 3144 ret.
1422 3110 1523 3153 Magis
1539 3118 1616 3142 vero
1632 3108 1732 3141 etiam
1743 3107 1988 3147 intemperante
1999 3107 2031 3137 et
2042 3104 2119 3137 forti
2134 3106 2227 3147 paret
2238 3106 2272 3138 et
2284 3105 2380 3138 ohse-

1343 3164 1458 3206 quitur
1487 3173 1494 3194 :
1527 3162 1562 3194 in
1582 3161 1639 3194 illo
1662 3159 1749 3192 enim
1774 3157 1882 3190 omnia
1909 3166 1985 3189 cum
2010 3157 2135 3190 ratione
2162 3156 2376 3190 consentiunt.

1345 3214 1565 3253 Quamobrem
1589 3212 1710 3254 duplex
1730 3211 1764 3243 in
1787 3209 1895 3242 animo
1913 3208 2045 3241 videtur
2064 3218 2140 3250 pars
2167 3208 2302 3241 rationis
2319 3217 2378 3241 ex-

1342 3277 1426 3312 pers,
1458 3267 1561 3300 altera
1591 3265 1679 3297 omni
1707 3262 1827 3296 mentis
1853 3261 1976 3294 lumine
1999 3270 2128 3299 carens,
2161 3260 2375 3302 vegetabilem

1342 3322 1433 3359 dico,
1452 3328 1528 3362 quae
1548 3317 1655 3351 alendi
1676 3315 1880 3357 augendique
1901 3314 2046 3356 corporis
2065 3322 2164 3346 causa
2184 3315 2254 3354 est3
2271 3313 2374 3346 altera

1343 3382 1418 3415 quae
1438 3381 1478 3403 ex
1494 3372 1586 3412 parte
1598 3368 1732 3401 rationis
1745 3369 1794 3400 est
1810 3366 1980 3409 particeps,
1998 3365 2191 3398 irritabilem
2203 3365 2276 3398 dieo
2289 3366 2322 3398 et
2334 3364 2375 3397 li-

1343 3424 1539 3460 bidinosam,
1567 3430 1642 3464 quae
1664 3423 1798 3454 eatenus
1810 3419 1945 3452 rationis
1956 3418 2119 3461 particeps
2133 3426 2205 3451 esse
2222 3416 2375 3461 perhibe*-
