2528 3788
247 257 323 298 152

1169 242 1452 285 CRANTORIS

246 344 404 382 infirma
422 349 536 390 atque
555 350 656 387 aegra
675 335 896 375 valetudine
910 346 994 373 esse
1006 346 1117 373 usum
1140 333 1279 382 Dioge·
1343 331 1408 377 25,
1430 338 1467 367 et
1481 329 1621 366 horum
1636 339 1816 364 versuum
1836 337 1970 362 sensus
1985 338 2072 362 cum
2091 325 2303 375 fragmento
2323 325 2369 363 13

246 413 313 438 nes
328 397 500 438 Laertius
515 396 578 442 lv,
595 400 643 439 24
658 423 669 442 ,
681 407 728 442 27
745 393 983 431 testificatur.
999 392 1190 438 Quocirca
1203 404 1279 428 non
1342 386 1623 440 quodammodo
1649 383 1840 433 congruit.
1858 383 1869 434 )

247 457 445 508 ignoravit
465 485 475 506 ,
504 462 683 505 quantam
705 452 908 490 utilitatem
929 451 1106 489 homines
1135 463 1179 488 ex
1201 450 1283 500 opi·

246 520 319 555 bus
339 515 603 567 perciperent,
626 524 820 563 quamque
848 510 1070 548 necessaria*
1088 510 1135 547 ad
1166 509 1284 546 beati-

246 574 418 613 tudinem
436 580 536 610 esset
553 571 756 609 commoda
774 568 970 607 valetudo.
1004 569 1130 616 Quum
1155 579 1273 617 porro

246 639 433 681 aegrotum
470 642 593 680 neque
624 629 777 667 divitiis
824 627 1008 665 delectari
1043 638 1168 675 neque
1202 625 1283 662 ulla

248 690 407 728 omnino
423 690 621 739 voluptate
649 687 726 725 frui
750 685 1003 733 intelligeret,
1022 683 1135 722 illum
1160 690 1283 720 tamen

246 750 367 788 multo
391 748 629 786 miseriorem
664 758 746 784 esse
777 745 979 793 cognovit,
1013 742 1081 793 qui
1109 741 1283 779 omnium

248 820 377 846 rerum
404 810 517 858 inops
536 812 750 855 aegrotaret.
770 802 826 840 Eo
844 801 1008 852 pertinet
1030 800 1285 850 fragmentum

254 873 315 914 14,
333 867 375 904 in
395 879 472 916 quo
492 865 587 903 nihil
607 870 775 913 egestate
798 860 979 898 miserius
998 871 1082 897 esse
1100 858 1276 902 affirmat,

250 934 363 974 atque
379 937 427 962 ex
444 924 518 961 hoc
538 923 750 972 fragmento
765 932 855 972 pars
869 932 1002 957 eorum
1021 931 1106 969 quae
1120 917 1168 955 ab
1183 918 1286 969 Opu-

249 983 367 1021 lentia
393 982 589 1027 dicuntur,
606 995 651 1020 v.
686 994 718 1019 ο.
751 976 922 1031 χρειώδης
951 975 1026 1026 εἰμὶ
1055 978 1196 1014 νοσοῦσι
1226 974 1285 1013 καὶ

252 1040 469 1092 ὑγιαίνουσι,
506 1040 599 1079 item
629 1038 733 1089 quod
769 1045 900 1088 postea
931 1035 1074 1084 legitur
1092 1035 1153 1072 οὒκ
1175 1031 1285 1071 ἔνεστι

249 1101 434 1145 κλινοπετῆ
454 1098 513 1136 καὶ
540 1101 709 1136 νοσοῦσαν
737 1098 929 1141 ὑποστῆναι
960 1092 1023 1140 τὴν
1043 1091 1284 1142 εὐδαιμονίαν.

251 1158 351 1203 Quid
367 1159 382 1195 i’
396 1157 501 1208 quod
524 1157 625 1194 inter
641 1155 867 1193 morborum
894 1152 1152 1190 cruciamenta
1172 1150 1286 1199 fragi-

251 1216 367 1254 litatis
386 1216 562 1254 humanae
571 1227 722 1252 memor
744 1214 1066 1261 fortunarumque
1081 1210 1164 1246 vice
1183 1221 1285 1246 com-

251 1284 378 1313 motus
389 1274 537 1312 caeteris
554 1272 733 1311 omnibus
747 1270 978 1322 posthabitis
1001 1269 1049 1307 ad
1066 1268 1287 1306 divinarum

251 1334 583 1383 humanarumque
605 1344 734 1369 rerum
759 1327 1053 1377 intelligentiam
1072 1338 1205 1378 omnes
1224 1339 1287 1361 co-

251 1391 456 1442 gitationes
475 1390 649 1428 intendit.
664 1389 765 1437 Ergo
780 1387 848 1425 ubi
868 1387 910 1424 in
924 1385 1183 1437 philosophiae
1204 1389 1289 1434 por-

252 1459 333 1489 tum
349 1462 390 1489 se
399 1449 579 1495 contulit,
598 1447 750 1490 virtutis
771 1444 897 1483 studio
917 1444 1120 1494 acquievit,
1136 1442 1288 1491 illisque

253 1508 477 1548 hominibus
499 1507 758 1545 felicissimam
779 1512 921 1542 sortem
942 1502 1126 1540 obvenire
1137 1501 1288 1552 judica-

254 1568 330 1615 vit,
347 1566 469 1617 quiin
492 1565 607 1603 rebus
628 1563 800 1601 adversis
829 1574 1026 1612 nunquam
1046 1561 1289 1598 demitterent

253 1627 424 1666 animum
437 1637 563 1675 neque
577 1622 898 1660 consideratiores
916 1614 1152 1664 insecunda‚
1176 1631 1290 1669 quam

253 1687 293 1723 in
307 1685 470 1723 adversa
482 1684 637 1721 fortuna
653 1689 794 1719 essent.
817 1679 945 1725 Quare
963 1679 1077 1716 finem
1098 1677 1289 1715 bonorum

255 1745 434 1782 virtutem
450 1755 533 1781 esse
553 1739 738 1791 censuit.)

365 1850 410 1877 14.
433 1833 511 1874 Οὔκ
544 1834 618 1872 ἔστι
638 1833 757 1876 πενίας
787 1831 883 1870 οὐδὲν
910 1829 1114 1882 ἀθλιώτερον

364 1898 398 1935 ἓν
425 1897 475 1946 τῷ
501 1894 565 1947 βίῳ
587 1892 800 1943 σύμπτωμα·
815 1889 874 1929 καὶΙ
894 1889 961 1942 γὰρ
982 1889 1022 1927 ἂν
1041 1889 1141 1942 φύσει

363 1955 548 1996 σπουδαῖος
570 1947 610 2004 ἧς
623 1982 632 1999 ,
654 1951 759 1997 πένης
778 1949 831 1999 δέ,
852 1948 1051 1999 κατάγελως
1074 1947 1157 1987 ἔσει.

315 2048 510 2100 (Stobaeus
528 2046 631 2085 Flor.
658 2043 787 2090 XCVI,
815 2044 859 2080 13
880 2041 1089 2094 Κράντορος.
1112 2041 1175 2079 Sic
1191 2042 1294 2079 enim

259 2107 477 2157 legendum.
497 2105 541 2143 In
555 2103 694 2141 Stobaei
710 2101 945 2140 membranis
958 2101 1101 2152 partim
1124 2100 1294 2152 Κράντω-

259 2183 312 2210 νος
329 2166 536 2217 reperitur,
563 2163 703 2214 partim
729 2160 937 2213 Κράτωνος,
961 2173 1075 2210 quam
1101 2161 1295 2210 posterio-

261 2239 341 2264 rem
367 2225 597 2274 scripturam
630 2221 785 2259 exhibet
815 2220 930 2257 etiam
961 2218 1151 2256 Maximus
1182 2218 1291 2257 Conf.

262 2285 314 2332 ΙΙ,
346 2284 443 2332 57ι,
469 2282 571 2320 unde
605 2280 791 2330 Bergkius
820 2274 995 2330 Κρίτωνος
1023 2277 1298 2316 restituendum

263 2341 427 2394 putavit.
459 2339 531 2377 Sed
559 2338 659 2376 bene
690 2334 903 2375 Meinekiu's
921 2335 1040 2373 edidit
1071 2334 1295 2388 Κράντορος,

263 2399 478 2453 praesertim
500 2411 587 2435 cum
611 2397 637 2433 F
642 2396 742 2435 loril.
765 2394 902 2432 XCVII
918 2423 928 2441 ,
949 2395 971 2431 6
996 2394 1071 2432 hoc
1091 2407 1229 2432 nomen
1259 2395 1298 2432 in

267 2457 448 2499 omnibus
497 2455 695 2494 codicibus
738 2461 971 2504 compareat.
1013 2452 1203 2491 Eri-arunt
1233 2454 1301 2504 qui

267 2533 354 2557 cum
375 2515 553 2553 Fabricio
574 2513 760 2551 Biblioth.
791 2512 860 2549 Gr.
884 2512 964 2550 vol.
994 2511 1041 2558 11,
1075 2525 1113 2562 p.
1137 2512 1212 2557 428
1238 2512 1299 2551 ed.

267 2574 416 2613 Harles.
446 2573 632 2610 comicum
651 2579 804 2620 poetam
824 2583 846 2608 a
864 2569 1014 2607 Stobaeo
1034 2577 1198 2620 utroque
1218 2569 1303 2606 loco

269 2632 376 2669 citari
395 2630 652 2669 crediderunt.
678 2627 831 2679 Quippe
847 2636 884 2664 et
901 2628 1072 2664 carmina
1100 2627 1304 2678 scripsisse.

270 2690 436 2728 traditur
463 2689 645 2735 Crantor,
681 2687 711 2724 si
739 2687 832 2723 fides
855 2686 1014 2734 Diogeni
1044 2685 1199 2724 Laertio
1228 2685 1302 2732 IV,

314 2837 364 2868 14.
393 2836 463 2867 Non
481 2834 531 2866 est
544 2833 734 2874 paupertate
762 2830 976 2863 miserabilior
1002 2831 1089 2863 ullus
1117 2832 1151 2864 in
1173 2833 1241 2865 vita
1260 2841 1307 2865 ta-

273 2903 330 2929 sus
346 2907 354 2927 :
375 2902 451 2926 nam
472 2893 499 2924 si
514 2894 632 2924 natura
649 2890 816 2924 studiosus
834 2890 935 2921 fueris
947 2914 955 2930 ‚
974 2890 1030 2922 sed
1050 2899 1189 2932 pauper,
1217 2891 1308 2924 ludi-

274 2953 344 2987 brio
362 2951 544 2986 habeberis.

319 3015 368 3045 15.
390 3012 475 3049 Nam
504 3009 623 3042 mentis
645 3007 835 3050 praestantia
866 3016 980 3040 omnes
1005 3008 1103 3041 etiam
1131 3009 1310 3050 prudentes

276 3070 405 3111 reddit,
419 3070 452 3102 et
475 3069 508 3101 in
523 3066 586 3101 hac
602 3077 638 3100 re
655 3067 724 3100 sola
739 3066 838 3099 animi
855 3066 979 3099 sanitas
991 3066 1086 3099 inest.

351 3145 399 3174 ⁴6.
420 3146 457 3174 In
470 3144 565 3174 dubio
577 3146 624 3174 est
638 3143 754 3172 animus
773 3142 908 3178 (clarum
925 3142 978 3171 tibi
998 3142 1079 3178 quod
1091 3149 1184 3178 genus
1197 3143 1306 3177 omne)

353 3194 381 3221 te
391 3189 495 3220 divum
508 3189 540 3218 in
559 3197 687 3219 numero
697 3190 867 3225 primumne
881 3188 996 3224 cupido
1013 3195 1168 3223 reponam,

1408 482 1415 490 '
1449 494 1494 521 15.
1527 479 1579 519 Τὸ
1598 478 1666 531 γὰρ
1678 477 1838 529 διάφορον
1851 475 1910 514 καὶ
1925 475 2108 528 φρονίμους
2118 476 2251 530 πάντας
2263 475 2370 522 ποιεῖ,

1447 538 1486 578 τὸ
1502 540 1688 590 σωφρονεῖν
1711 536 1741 573 δ’
1760 533 1890 573 ἔνεστιν
1910 535 1946 572 ἐν
1969 532 2081 586 τούτῳ
2100 532 2205 587 μόνῳ.
2262 559 2265 562 -

1399 632 1594 684 (Stobaeus
1621 629 1725 669 Flor.
1760 627 1920 674 CXVII,
1950 627 1973 664 6
2005 625 2216 679 Κράντορος.
2243 626 2374 673 Quum

1342 684 1595 747 praecedentia
1613 688 1822 741 perierint,
1856 687 1932 724 dici
1953 699 2032 724 non
2061 693 2187 736 potest
2203 713 2214 733 ,
2237 697 2316 736 quo
2336 682 2376 722 τὸ

1343 750 1410 802 γὰρ
1437 747 1597 799 διάφορον
1616 746 1817 785 referatur.
1849 743 1986 796 Itaque
2010 743 2075 781 alii
2095 743 2207 781 aliter
2236 743 2284 781 de
2314 741 2377 780 his

1345 808 1498 847 duobus
1531 804 1713 843 versibus
1735 803 1970 855 judicarunt.
1994 802 2042 841 Et
2070 800 2380 855 Gesnerusqui-

1345 868 1430 905 dem
1468 865 1742 914 interpretatur
1766 871 1784 900 ἰ
1819 871 1859 899 ut
1888 865 2025 899 lucrum
2059 863 2116 898 vel
2147 861 2380 898 commodum

1348 924 1504 974 aquuod
1529 923 1602 958 sibi
1616 929 1815 970 vomatur,
1837 934 1963 958 omnes
1981 923 2134 970 sapiunt
2159 931 2172 957 ε
2188 927 2235 957 ‘et
2251 919 2324 956 hac
2339 921 2380 955 iu

1349 997 1389 1020 re
1428 983 1513 1019 sola·
1550 984 1649 1016 inest
1673 983 1862 1029 sapientia
1870 993 1886 1024 ‚·
1928 977 2074 1030 parum‘
2103 973 2378 1029 probabiliter.

1346 1040 1502 1079 Rectius
1533 1038 1601 1076 alii
1632 1037 1671 1076 τὸ
1700 1037 1863 1090 διάφορον
1893 1037 2162 1076 excellentiam
2188 1035 2252 1075 vel
2271 1048 2380 1087 prae·
2430 1050 2434 1056 ·

1347 1097 1523 1137 stantiam
1554 1096 1797 1145 intelligunt,
1821 1095 2006 1134 natalium
2038 1093 2286 1147 splendorem
2318 1094 2380 1132 vel

1346 1156 1504 1195 divitias
1523 1169 1543 1192 a
1557 1163 1670 1205 poeta
1688 1154 1853 1206 spectari
1877 1154 2156 1193 existimantes.
2178 1151 2276 1191 Nam
2304 1150 2378 1190 ho-

1348 1216 1472 1253 mines
1505 1212 1656 1251 nobiles
1682 1225 1725 1250 ac
1753 1212 1891 1251 divites
1909 1211 2159 1263 philosophia
2186 1219 2225 1250 et
2243 1210 2383 1249 litteris

1347 1272 1532 1326 perpoliti
1562 1284 1645 1310 esse
1667 1272 1813 1321 solent,
1850 1283 2041 1322 pauperes
2070 1282 2162 1309 raro
2197 1268 2385 1308 accuratae

1347 1331 1529 1369 doctrinae
1562 1329 1778 1367 facultatem
1806 1337 2098 1380 consequuntur
2126 1327 2221 1374 Quae
2237 1328 2279 1366 *si
2294 1338 2387 1366 vera

1347 1397 1405 1427 est
1422 1388 1690 1440 interpretatio
1703 1417 1714 1435 ,
1735 1388 1901 1426 similem
1933 1387 1994 1424 hic
2027 1387 2136 1425 locus
2155 1385 2383 1425 sententiam

1350 1448 1550 1498 fragmenti
1582 1453 1626 1491 14
1661 1447 1793 1485 verbis
1817 1446 1978 1484 habebit
2005 1459 2015 1483 ι
2046 1444 2108 1484 καὶ
2132 1445 2200 1497 γὰρ
2221 1443 2387 1498 ἂνξφύσει

1349 1507 1533 1548 σπουδαῖος
1556 1499 1596 1557 ἧς
1610 1535 1620 1553 ,
1637 1506 1743 1552 πένης
1764 1503 1819 1551 δέ,
1835 1504 2038 1554 κατάγελως
2065 1502 2151 1543 ἔσει.
2173 1503 2225 1542 At
2242 1515 2291 1542 ne
2306 1503 2388 1542 haee

1349 1564 1506 1613 quidem
1523 1563 1731 1614 explicatio
1750 1563 1846 1601 mihi
1860 1562 2060 1613 satisfacit,
2078 1561 2244 1614 ideoque
2261 1560 2302 1600 τὸ
2314 1560 2389 1599 διά·
2440 1572 2442 1574 ’

1349 1634 1473 1673 φορον,
1501 1621 1605 1671 quod
1635 1622 1743 1659 locus
1774 1621 1958 1672 postulat,
1985 1621 2029 1658 in
2047 1632 2132 1658 eam
2156 1628 2313 1671 partem
2331 1632 2388 1657 ac-

1350 1680 1506 1731 cepi,‘ut
1520 1684 1653 1717 mentis
1663 1684 1930 1732 prce-stantiam
1965 1690 2049 1717 esse
2067 1678 2226 1718 vellem.
2241 1677 2252 1730 )

1460 1786 1503 1812 16.
1534 1773 1596 1811 Ἔν
1617 1774 1691 1824 δοιῇ
1712 1789 1769 1824 μοι
1785 1773 1912 1824 θυμός,
1938 1772 1958 1811 ὅ
1974 1788 2027 1811 τοι
2039 1771 2135 1824 γένος
2150 1771 2366 1825 ἀμφιὸόητον
2379 1801 2388 1819 ,

1457 1831 1480 1877 ἤ
1502 1845 1539 1869 σε
1557 1832 1642 1869 θεῶν
1665 1831 1721 1869 τὸν
1740 1833 1877 1883 πρῶτον
1895 1829 2076 1883 ἀειγενέων
2093 1859 2113 1880 „
2124 1829 2253 1884 Ἔρος,
2271 1829 2361 1877 εἴπω
2378 1861 2389 1883 ,

1457 1891 1525 1927 τῶν
1545 1889 1667 1933 ὅσσους
1682 1888 1832 1942 Ἔρεὸός
1846 1905 1885 1929 τε
1903 1890 2015 1930 πάλαι
2030 1889 2190 1943 βασίλειά
2206 1905 2245 1929 τε
2256 1889 2392 1934 ,παῖδας

1459 1948 1597 2000 γείνατο
1618 1947 1690 1992 Νὺξ
1709 1949 1918 2000 πελάγεσσιν
1937 1950 1996 1987 ὑπ’
2013 1947 2127 2000 εὒρέος
2144 1947 2339 1988 Ὠκεανοῖο·

1458 2006 1480 2053 ἤ
1506 2006 1546 2044 σε’
1560 2021 1599 2058 γε
1620 2005 1798 2058 Κύπριδος
1818 2000 1877 2046 υἷα
1890 2006 2114 2060 περίφρονος,
2130 2004 2175 2054 ἠέ
2199 2021 2239 2046 σε
2255 2004 2366 2055 Γαίης
2378 2035 2390 2057 ,

1460 2064 1481 2112 ἢ
1503 2065 1667 2117 Ἀνέμων·
1684 2066 1774 2110 τοῖος
1790 2065 1832 2105 σὺ
1847 2065 1943 2105 κακὰ
1965 2064 2118 2120 φρονέων
2134 2065 2310 2113 ἀλάλησαι

1462 2123 1655 2176 ἀνθρώποις
1673 2125 1728 2171 ἠδ’
1743 2124 1859 2163 ἐσθλά·
1878 2125 1918 2164 τὸ
1935 2125 1995 2164 καί
2015 2138 2074 2164 σεο
2091 2125 2196 2176 σῶμα
2216 2123 2365 2178 δίφυιον.

1411 2219 1624 2269 (Diogenes
1652 2218 1829 2257 Laertius
1846 2217 1920 2258 lib.
1950 2216 2016 2266 IV,
2051 2218 2179 2265 26-27
2200 2215 2340 2268 λέγεται
2359 2215 2396 2254 δὲ

1357 2278 1416 2317 καὶ
1437 2275 1625 2329 Ἀνταγόρα
1659 2279 1718 2315 τοῦ
1748 2279 1894 2324 ποιητοῦ
1928 2274 2009 2328 [sic
2037 2276 2142 2314 enim
2165 2271 2393 2325 legendum]
2428 2304 2429 2308 ,

1359 2339 1405 2381 ὥς
1422 2336 1616 2389 Κράντορος
1636 2337 1683 2380 εἷς
1701 2333 1849 2388 Ἔρωτα
1863 2333 2086 2386 πεποιημένα
2103 2333 2267 2387 φέρεσθαι
2279 2333 2395 2372 ταυτί·

1361 2397 1395 2435 ἐν
1429 2396 1503 2448 δοιῇ
1533 2409 1593 2446 μοι
1621 2394 1727 2444 θυμός
1755 2395 1832 2433 κτλ.
1866 2394 1994 2440 Quum
2020 2389 2224 2443 Antagor'ae
2254 2391 2399 2431 Rhodii

1359 2467 1519 2500 vei-sm,
1554 2466 1652 2504 quos
1679 2454 1727 2492 de
1754 2455 1895 2492 Amore
1916 2453 2148 2505 scripserat,
2170 2451 2352 2491 Crantori
2377 2464 2401 2490 a

1362 2512 1595 2564 quibusdam
1615 2512 1935 2560 vindicarentur;
1956 2524 2029 2550 nos
2049 2523 2206 2563 quoque
2231 2505 2401 2550 Solensis

1363 2570 1590 2623 philosophi
1620 2571 1795 2622 reliquiis
1828 2572 1904 2609 hoc
1931 2570 2207 2621 qualecunque
2243 2570 2402 2608 carmen

1365 2628 1533 2679 adjicere
1551 2642 1629 2667 non
1658 2629 1937 2668 dubitavimus.
1954 2629 2010 2667 De
2034 2628 2110 2667 hoc
2140 2627 2230 2666 vide
2258 2626 2401 2666 Jacob-

1333 2679 1338 2730 }
1364 2689 1464 2725 sium
1484 2689 1525 2725 in
1548 2688 1780 2737 Anthologia
1800 2688 1934 2739 priore
1947 2686 2036 2735 Vll,
2056 2701 2096 2739 p.
2120 2688 2210 2727 183.
2229 2687 2242 2738 )
2288 2699 2291 2701 ·
2352 2711 2354 2713 -

1438 2836 1518 2868 Quos
1535 2834 1706 2869 Erebusque
1724 2841 1814 2863 senex
1832 2836 1862 2864 et
1882 2835 1948 2864 Nox
1966 2834 2068 2871 regina
2085 2831 2244 2871 profundis

1438 2882 1547 2911 oceani
1564 2883 1613 2917 (ut
1626 2882 1815 2918 memorant)
1835 2881 1987 2918 quondam
2000 2887 2132 2917 genuere
2147 2879 2203 2909 sub
2219 2878 2309 2908 undis
2321 2888 2330 2906 ι

1438 2936 1476 2957 an
1493 2930 1626 2963 venere,
1647 2935 1685 2956 an
1701 2927 1821 2963 ventis,
1842 2934 1880 2956 an
1897 2929 1986 2957 Terra
1999 2929 2028 2956 te
2047 2933 2110 2956 esse
2127 2927 2265 2955 creatum

1440 2975 1538 3005 dicam
1556 2986 1563 3002 =
1578 2983 1706 3010 namque
1730 2982 1820 3011 vagus
1835 2973 1912 3004 mala
1930 2976 1976 3003 tot
1990 2972 2168 3003 mortalibus
2180 2971 2280 3007 affers,

1442 3025 1547 3060 totque
1563 3024 1642 3053 bona
1662 3033 1669 3050 =
1687 3023 1758 3052 hinc
1777 3029 1887 3059 corpus
1900 3022 2007 3051 tribuit
2022 3023 2128 3051 natura
2142 3019 2280 3050 biforme.
