<?xml version="1.0" encoding="UTF-8"?>
<!DOCTYPE html PUBLIC "-//W3C//DTD XHTML 1.0 Transitional//EN"
    "http://www.w3.org/TR/xhtml1/DTD/xhtml1-transitional.dtd">
<html xmlns="http://www.w3.org/1999/xhtml" xml:lang="en" lang="en">
 <head>
  <title>
</title>
<meta http-equiv="Content-Type" content="text/html;charset=utf-8" />
  <meta name='ocr-system' content='tesseract 3.04.00' />
  <meta name='ocr-capabilities' content='ocr_page ocr_carea ocr_par ocr_line ocrx_word'/>
</head>
<body>
  <div class='ocr_page' id='page_1' title='image "./fragmentaphiloso03mulluoft/fragmentaphiloso03mulluoft_0470.png"; bbox 0 0 2508 3776; ppageno 0'>
   <div class='ocr_carea' id='block_1_1' title="bbox 239 166 320 203">
    <p class='ocr_par' dir='ltr' id='par_1_1' title="bbox 239 166 320 203">
     <span class='ocr_line' id='line_1_1' title="bbox 239 166 320 203; baseline 0 0"><span class='ocrx_word' id='word_1_1' title='bbox 239 166 320 203; x_wconf 71' lang='lat'><strong>454</strong></span> 
     </span>
    </p>
   </div>
   <div class='ocr_carea' id='block_1_2' title="bbox 225 241 1286 3249">
    <p class='ocr_par' dir='ltr' id='par_1_2' title="bbox 240 241 1269 358">
     <span class='ocr_line' id='line_1_2' title="bbox 240 241 1269 303; baseline -0.005 -13"><span class='ocrx_word' id='word_1_2' title='bbox 240 251 348 303; x_wconf 83' lang='grc' dir='ltr'>ὄρεξιν</span> <span class='ocrx_word' id='word_1_3' title='bbox 369 253 427 288; x_wconf 84' lang='grc' dir='ltr'><strong>τοῦ</strong></span> <span class='ocrx_word' id='word_1_4' title='bbox 451 251 593 301; x_wconf 82' lang='grc' dir='ltr'>ἀγαθοῦ·</span> <span class='ocrx_word' id='word_1_5' title='bbox 616 248 656 286; x_wconf 83' lang='grc' dir='ltr'><strong>τὸ</strong></span> <span class='ocrx_word' id='word_1_6' title='bbox 676 246 711 286; x_wconf 83' lang='grc' dir='ltr'>δὲ</span> <span class='ocrx_word' id='word_1_7' title='bbox 732 244 858 284; x_wconf 73' lang='grc' dir='ltr'>εἰδέναι</span> <span class='ocrx_word' id='word_1_8' title='bbox 885 244 908 283; x_wconf 77' lang='grc' dir='ltr'>ἃ</span> <span class='ocrx_word' id='word_1_9' title='bbox 932 245 986 284; x_wconf 76' lang='grc' dir='ltr'><strong>δεῖ</strong></span> <span class='ocrx_word' id='word_1_10' title='bbox 1009 241 1174 299; x_wconf 73' lang='grc' dir='ltr'>πράττειν</span> <span class='ocrx_word' id='word_1_11' title='bbox 1211 247 1269 285; x_wconf 73' lang='grc' dir='ltr'><strong>τὸν</strong></span> 
     </span>
     <span class='ocr_line' id='line_1_3' title="bbox 241 304 890 358; baseline -0.011 -9"><span class='ocrx_word' id='word_1_12' title='bbox 241 311 446 358; x_wconf 83' lang='grc' dir='ltr'>σπουδαῖον,</span> <span class='ocrx_word' id='word_1_13' title='bbox 461 306 582 353; x_wconf 73' lang='grc' dir='ltr'>’ἄλλης</span> <span class='ocrx_word' id='word_1_14' title='bbox 603 305 678 344; x_wconf 80' lang='grc' dir='ltr'>ἐστὶ</span> <span class='ocrx_word' id='word_1_15' title='bbox 700 304 890 355; x_wconf 86' lang='grc' dir='ltr'>δυνάμεως.</span> 
     </span>
    </p>

    <p class='ocr_par' dir='ltr' id='par_1_3' title="bbox 225 362 1282 1951">
     <span class='ocr_line' id='line_1_4' title="bbox 233 362 1274 416; baseline -0.002 -11"><span class='ocrx_word' id='word_1_16' title='bbox 233 378 236 381; x_wconf 71' lang='grc'><strong>“</strong></span> <span class='ocrx_word' id='word_1_17' title='bbox 292 368 308 384; x_wconf 90' lang='lat'><em>*</em></span> <span class='ocrx_word' id='word_1_18' title='bbox 322 366 470 406; x_wconf 83' lang='grc' dir='ltr'>Λεκτέον</span> <span class='ocrx_word' id='word_1_19' title='bbox 486 365 527 412; x_wconf 88' lang='grc' dir='ltr'>δὴ</span> <span class='ocrx_word' id='word_1_20' title='bbox 545 364 626 416; x_wconf 84' lang='grc' dir='ltr'>περὶ</span> <span class='ocrx_word' id='word_1_21' title='bbox 641 363 767 410; x_wconf 81' lang='grc' dir='ltr'>ταύτης</span> <span class='ocrx_word' id='word_1_22' title='bbox 782 366 843 410; x_wconf 75' lang='grc' dir='ltr'><strong>τῆς</strong></span> <span class='ocrx_word' id='word_1_23' title='bbox 857 362 1035 414; x_wconf 87' lang='grc' dir='ltr'>δυνάμεως</span> <span class='ocrx_word' id='word_1_24' title='bbox 1048 362 1274 416; x_wconf 88' lang='grc' dir='ltr'>σαφέστερον.</span> 
     </span>
     <span class='ocr_line' id='line_1_5' title="bbox 238 421 1276 474; baseline -0.003 -11"><span class='ocrx_word' id='word_1_25' title='bbox 238 426 342 467; x_wconf 87' lang='grc' dir='ltr'>Ἔστι</span> <span class='ocrx_word' id='word_1_26' title='bbox 358 425 399 470; x_wconf 87' lang='grc' dir='ltr'>δή</span> <span class='ocrx_word' id='word_1_27' title='bbox 420 441 470 468; x_wconf 91' lang='grc' dir='ltr'><strong>τις</strong></span> <span class='ocrx_word' id='word_1_28' title='bbox 488 422 635 474; x_wconf 86' lang='grc' dir='ltr'>δύναμις</span> <span class='ocrx_word' id='word_1_29' title='bbox 648 453 658 471; x_wconf 91' lang='grc'>,</span> <span class='ocrx_word' id='word_1_30' title='bbox 676 421 719 469; x_wconf 78' lang='grc' dir='ltr'>ἣν</span> <span class='ocrx_word' id='word_1_31' title='bbox 739 423 885 462; x_wconf 77' lang='grc' dir='ltr'>καλοῦσι</span> <span class='ocrx_word' id='word_1_32' title='bbox 907 422 1102 470; x_wconf 82' lang='grc' dir='ltr'>δεινότητα·</span> <span class='ocrx_word' id='word_1_33' title='bbox 1128 421 1217 470; x_wconf 78' lang='grc' dir='ltr'>αὕτη</span> <span class='ocrx_word' id='word_1_34' title='bbox 1239 421 1276 461; x_wconf 84' lang='grc' dir='ltr'>δέ</span> 
     </span>
     <span class='ocr_line' id='line_1_6' title="bbox 238 480 1269 531; baseline -0.005 -7"><span class='ocrx_word' id='word_1_35' title='bbox 238 488 309 524; x_wconf 81' lang='grc' dir='ltr'>ἐστι</span> <span class='ocrx_word' id='word_1_36' title='bbox 327 482 491 530; x_wconf 83' lang='grc' dir='ltr'>τοιαύτη,</span> <span class='ocrx_word' id='word_1_37' title='bbox 513 481 602 520; x_wconf 87' lang='grc' dir='ltr'>ὥστε</span> <span class='ocrx_word' id='word_1_38' title='bbox 622 480 666 519; x_wconf 83' lang='grc' dir='ltr'><strong>τὰ</strong></span> <span class='ocrx_word' id='word_1_39' title='bbox 685 480 772 531; x_wconf 86' lang='grc' dir='ltr'>πρὸς</span> <span class='ocrx_word' id='word_1_40' title='bbox 803 481 861 519; x_wconf 83' lang='grc' dir='ltr'><strong>τὸν</strong></span> <span class='ocrx_word' id='word_1_41' title='bbox 898 482 1109 531; x_wconf 82' lang='grc' dir='ltr'>ὖποτεθέντα</span> <span class='ocrx_word' id='word_1_42' title='bbox 1139 482 1269 520; x_wconf 85' lang='grc' dir='ltr'>σκοπὸν</span> 
     </span>
     <span class='ocr_line' id='line_1_7' title="bbox 238 539 1275 600; baseline -0.006 -16"><span class='ocrx_word' id='word_1_43' title='bbox 238 544 452 584; x_wconf 84' lang='grc' dir='ltr'>συντείνοντα</span> <span class='ocrx_word' id='word_1_44' title='bbox 472 542 638 580; x_wconf 86' lang='grc' dir='ltr'>δύνασθαι</span> <span class='ocrx_word' id='word_1_45' title='bbox 658 544 769 579; x_wconf 80' lang='grc' dir='ltr'>ταῦτα</span> <span class='ocrx_word' id='word_1_46' title='bbox 793 539 980 594; x_wconf 86' lang='grc' dir='ltr'>πράττειν,</span> <span class='ocrx_word' id='word_1_47' title='bbox 1007 539 1068 578; x_wconf 83' lang='grc' dir='ltr'><strong>καὶ</strong></span> <span class='ocrx_word' id='word_1_48' title='bbox 1089 540 1275 600; x_wconf 36' lang='grc' dir='ltr'>τυγχάνιειν</span> 
     </span>
     <span class='ocr_line' id='line_1_8' title="bbox 237 593 1272 652; baseline -0.006 -9"><span class='ocrx_word' id='word_1_49' title='bbox 237 606 364 643; x_wconf 83' lang='grc' dir='ltr'>αὐτῶν·</span> <span class='ocrx_word' id='word_1_50' title='bbox 388 602 429 641; x_wconf 78' lang='grc' dir='ltr'>ἂν</span> <span class='ocrx_word' id='word_1_51' title='bbox 451 601 514 652; x_wconf 89' lang='grc' dir='ltr'>μὲν</span> <span class='ocrx_word' id='word_1_52' title='bbox 529 595 586 639; x_wconf 66' lang='grc' dir='ltr'><strong>οὖν</strong></span> <span class='ocrx_word' id='word_1_53' title='bbox 607 602 624 638; x_wconf 82' lang='grc' dir='ltr'>ὁ</span> <span class='ocrx_word' id='word_1_54' title='bbox 645 599 771 643; x_wconf 83' lang='grc' dir='ltr'>σκοπὸς</span> <span class='ocrx_word' id='word_1_55' title='bbox 793 593 815 651; x_wconf 74' lang='grc' dir='ltr'>ᾗ</span> <span class='ocrx_word' id='word_1_56' title='bbox 834 598 961 648; x_wconf 86' lang='grc' dir='ltr'>καλός,</span> <span class='ocrx_word' id='word_1_57' title='bbox 979 599 1144 646; x_wconf 81' lang='grc' dir='ltr'>ἐπαινετή</span> <span class='ocrx_word' id='word_1_58' title='bbox 1165 601 1272 649; x_wconf 84' lang='grc' dir='ltr'>ἐστιν,</span> 
     </span>
     <span class='ocr_line' id='line_1_9' title="bbox 236 658 1278 716; baseline -0.004 -14"><span class='ocrx_word' id='word_1_59' title='bbox 236 664 276 702; x_wconf 84' lang='grc' dir='ltr'>ἂν</span> <span class='ocrx_word' id='word_1_60' title='bbox 297 662 332 701; x_wconf 83' lang='grc' dir='ltr'>δὲ</span> <span class='ocrx_word' id='word_1_61' title='bbox 354 662 483 716; x_wconf 80' lang='grc' dir='ltr'>φαῦλος</span> <span class='ocrx_word' id='word_1_62' title='bbox 498 691 508 709; x_wconf 92' lang='grc'>,</span> <span class='ocrx_word' id='word_1_63' title='bbox 530 659 741 713; x_wconf 82' lang='grc' dir='ltr'>πανουργία·</span> <span class='ocrx_word' id='word_1_64' title='bbox 769 658 821 698; x_wconf 86' lang='grc' dir='ltr'><strong>διὸ</strong></span> <span class='ocrx_word' id='word_1_65' title='bbox 838 659 899 698; x_wconf 85' lang='grc' dir='ltr'><strong>καὶ</strong></span> <span class='ocrx_word' id='word_1_66' title='bbox 918 658 997 703; x_wconf 85' lang='grc' dir='ltr'>τοὺς</span> <span class='ocrx_word' id='word_1_67' title='bbox 1012 659 1198 711; x_wconf 82' lang='grc' dir='ltr'>φρονίμους</span> <span class='ocrx_word' id='word_1_68' title='bbox 1212 660 1278 698; x_wconf 89' lang='grc' dir='ltr'>δει-</span> 
     </span>
     <span class='ocr_line' id='line_1_10' title="bbox 235 712 1279 772; baseline -0.003 -12"><span class='ocrx_word' id='word_1_69' title='bbox 235 721 310 766; x_wconf 81' lang='grc' dir='ltr'>νοὺς</span> <span class='ocrx_word' id='word_1_70' title='bbox 326 721 386 763; x_wconf 80' lang='grc' dir='ltr'><strong>καὶ</strong></span> <span class='ocrx_word' id='word_1_71' title='bbox 406 719 622 772; x_wconf 81' lang='grc' dir='ltr'>πανούργους</span> <span class='ocrx_word' id='word_1_72' title='bbox 645 718 760 772; x_wconf 85' lang='grc' dir='ltr'>φαμὲν</span> <span class='ocrx_word' id='word_1_73' title='bbox 782 712 883 757; x_wconf 69' lang='grc' dir='ltr'>εἶναι·</span> <span class='ocrx_word' id='word_1_74' title='bbox 909 718 982 758; x_wconf 89' lang='grc' dir='ltr'>ἔστι</span> <span class='ocrx_word' id='word_1_75' title='bbox 1002 716 1040 756; x_wconf 85' lang='grc' dir='ltr'>δὲ</span> <span class='ocrx_word' id='word_1_76' title='bbox 1069 720 1090 765; x_wconf 84' lang='grc' dir='ltr'>ἠ</span> <span class='ocrx_word' id='word_1_77' title='bbox 1116 717 1279 771; x_wconf 88' lang='grc' dir='ltr'>φρόνησις</span> 
     </span>
     <span class='ocr_line' id='line_1_11' title="bbox 236 776 1277 834; baseline -0.005 -14"><span class='ocrx_word' id='word_1_78' title='bbox 236 783 300 834; x_wconf 82' lang='grc' dir='ltr'>οὔχ</span> <span class='ocrx_word' id='word_1_79' title='bbox 318 779 405 827; x_wconf 76' lang='grc' dir='ltr'>αὕτη</span> <span class='ocrx_word' id='word_1_80' title='bbox 423 781 445 826; x_wconf 80' lang='grc' dir='ltr'>ἡ</span> <span class='ocrx_word' id='word_1_81' title='bbox 466 778 609 828; x_wconf 83' lang='grc' dir='ltr'>δύναμις</span> <span class='ocrx_word' id='word_1_82' title='bbox 624 808 634 826; x_wconf 93' lang='grc'>,</span> <span class='ocrx_word' id='word_1_83' title='bbox 663 781 686 825; x_wconf 87' lang='grc' dir='ltr'>ἡ</span> <span class='ocrx_word' id='word_1_84' title='bbox 717 777 874 826; x_wconf 85' lang='grc' dir='ltr'>δεινότης</span> <span class='ocrx_word' id='word_1_85' title='bbox 891 808 902 828; x_wconf 95' lang='grc'>,</span> <span class='ocrx_word' id='word_1_86' title='bbox 926 778 1005 816; x_wconf 86' lang='grc' dir='ltr'>ἀλλ’</span> <span class='ocrx_word' id='word_1_87' title='bbox 1029 778 1091 816; x_wconf 84' lang='grc' dir='ltr'><strong>οὐκ</strong></span> <span class='ocrx_word' id='word_1_88' title='bbox 1118 776 1199 815; x_wconf 89' lang='grc' dir='ltr'>ἄνευ</span> <span class='ocrx_word' id='word_1_89' title='bbox 1217 780 1277 825; x_wconf 77' lang='grc' dir='ltr'><strong>τῆς</strong></span> 
     </span>
     <span class='ocr_line' id='line_1_12' title="bbox 236 835 1276 890; baseline -0.003 -13"><span class='ocrx_word' id='word_1_90' title='bbox 236 838 413 888; x_wconf 87' lang='grc' dir='ltr'>δυνάμεως</span> <span class='ocrx_word' id='word_1_91' title='bbox 426 836 565 884; x_wconf 85' lang='grc' dir='ltr'>ταύτης·</span> <span class='ocrx_word' id='word_1_92' title='bbox 579 835 708 883; x_wconf 85' lang='grc' dir='ltr'>ταύτης</span> <span class='ocrx_word' id='word_1_93' title='bbox 723 835 789 888; x_wconf 80' lang='grc' dir='ltr'>γὰρ</span> <span class='ocrx_word' id='word_1_94' title='bbox 801 838 860 883; x_wconf 74' lang='grc' dir='ltr'><strong>τῆς</strong></span> <span class='ocrx_word' id='word_1_95' title='bbox 872 835 1049 885; x_wconf 87' lang='grc' dir='ltr'>δυνάμεως</span> <span class='ocrx_word' id='word_1_96' title='bbox 1064 836 1170 890; x_wconf 84' lang='grc' dir='ltr'>ἀρετή</span> <span class='ocrx_word' id='word_1_97' title='bbox 1185 838 1276 875; x_wconf 82' lang='grc' dir='ltr'>ἐστιν</span> 
     </span>
     <span class='ocr_line' id='line_1_13' title="bbox 234 894 1278 950; baseline -0.001 -15"><span class='ocrx_word' id='word_1_98' title='bbox 234 901 256 944; x_wconf 84' lang='grc' dir='ltr'>ἡ</span> <span class='ocrx_word' id='word_1_99' title='bbox 274 897 450 950; x_wconf 89' lang='grc' dir='ltr'>φρόνησις.</span> <span class='ocrx_word' id='word_1_100' title='bbox 469 894 563 935; x_wconf 85' lang='grc' dir='ltr'>Οὔτε</span> <span class='ocrx_word' id='word_1_101' title='bbox 573 894 684 934; x_wconf 85' lang='grc' dir='ltr'>τοίνυν</span> <span class='ocrx_word' id='word_1_102' title='bbox 699 894 779 934; x_wconf 88' lang='grc' dir='ltr'>ἄνευ</span> <span class='ocrx_word' id='word_1_103' title='bbox 797 894 996 949; x_wconf 80' lang='grc' dir='ltr'>φρονήσεως</span> <span class='ocrx_word' id='word_1_104' title='bbox 1009 894 1209 943; x_wconf 82' lang='grc' dir='ltr'>τελειωθείη</span> <span class='ocrx_word' id='word_1_105' title='bbox 1235 894 1278 934; x_wconf 80' lang='grc' dir='ltr'>ἂν</span> 
     </span>
     <span class='ocr_line' id='line_1_14' title="bbox 233 953 1276 1007; baseline -0.002 -11"><span class='ocrx_word' id='word_1_106' title='bbox 233 960 255 1005; x_wconf 89' lang='grc' dir='ltr'>ἡ</span> <span class='ocrx_word' id='word_1_107' title='bbox 279 956 383 1004; x_wconf 88' lang='grc' dir='ltr'>ἠθικὴ</span> <span class='ocrx_word' id='word_1_108' title='bbox 412 954 544 1007; x_wconf 81' lang='grc' dir='ltr'>ἀρετή,</span> <span class='ocrx_word' id='word_1_109' title='bbox 569 953 631 1001; x_wconf 85' lang='grc' dir='ltr'><strong>τήν</strong></span> <span class='ocrx_word' id='word_1_110' title='bbox 653 970 690 993; x_wconf 89' lang='grc' dir='ltr'><strong>τε</strong></span> <span class='ocrx_word' id='word_1_111' title='bbox 725 953 889 1007; x_wconf 84' lang='grc' dir='ltr'>φρόνησιν</span> <span class='ocrx_word' id='word_1_112' title='bbox 917 954 1085 993; x_wconf 83' lang='grc' dir='ltr'>ἀδύνατον</span> <span class='ocrx_word' id='word_1_113' title='bbox 1117 955 1276 1006; x_wconf 81' lang='grc' dir='ltr'>ἐπιγενέ-</span> 
     </span>
     <span class='ocr_line' id='line_1_15' title="bbox 235 1013 1272 1070; baseline 0 -15"><span class='ocrx_word' id='word_1_114' title='bbox 235 1019 313 1055; x_wconf 91' lang='grc' dir='ltr'>σθαι</span> <span class='ocrx_word' id='word_1_115' title='bbox 333 1018 381 1069; x_wconf 83' lang='grc' dir='ltr'><strong>τῷ</strong></span> <span class='ocrx_word' id='word_1_116' title='bbox 397 1015 582 1067; x_wconf 81' lang='grc' dir='ltr'>πρακτικῷ</span> <span class='ocrx_word' id='word_1_117' title='bbox 605 1016 653 1066; x_wconf 83' lang='grc' dir='ltr'>νῷ</span> <span class='ocrx_word' id='word_1_118' title='bbox 673 1013 754 1051; x_wconf 86' lang='grc' dir='ltr'>ἄνευ</span> <span class='ocrx_word' id='word_1_119' title='bbox 775 1017 836 1061; x_wconf 81' lang='grc' dir='ltr'><strong>τῆς</strong></span> <span class='ocrx_word' id='word_1_120' title='bbox 857 1014 964 1062; x_wconf 85' lang='grc' dir='ltr'>ἄλλης</span> <span class='ocrx_word' id='word_1_121' title='bbox 997 1018 1115 1064; x_wconf 80' lang='grc' dir='ltr'>ἠθικῆς</span> <span class='ocrx_word' id='word_1_122' title='bbox 1134 1018 1272 1070; x_wconf 72' lang='grc' dir='ltr'>ἀρετῆς·</span> 
     </span>
     <span class='ocr_line' id='line_1_16' title="bbox 234 1074 1275 1129; baseline 0.002 -15"><span class='ocrx_word' id='word_1_123' title='bbox 234 1077 265 1114; x_wconf 80' lang='grc' dir='ltr'>οἲ</span> <span class='ocrx_word' id='word_1_124' title='bbox 282 1076 350 1129; x_wconf 83' lang='grc' dir='ltr'>γὰρ</span> <span class='ocrx_word' id='word_1_125' title='bbox 376 1074 602 1127; x_wconf 73' lang='grc' dir='ltr'>συλλογισμοὶ</span> <span class='ocrx_word' id='word_1_126' title='bbox 627 1075 694 1111; x_wconf 88' lang='grc' dir='ltr'><strong>τῶν</strong></span> <span class='ocrx_word' id='word_1_127' title='bbox 714 1077 900 1127; x_wconf 83' lang='grc' dir='ltr'>πρακτῶν,</span> <span class='ocrx_word' id='word_1_128' title='bbox 939 1074 996 1119; x_wconf 79' lang='grc' dir='ltr'><strong>οὒς</strong></span> <span class='ocrx_word' id='word_1_129' title='bbox 1017 1076 1175 1123; x_wconf 88' lang='grc' dir='ltr'>δηλονότι</span> <span class='ocrx_word' id='word_1_130' title='bbox 1196 1078 1275 1115; x_wconf 91' lang='grc' dir='ltr'>συλ-</span> 
     </span>
     <span class='ocr_line' id='line_1_17' title="bbox 234 1132 1274 1188; baseline -0.001 -14"><span class='ocrx_word' id='word_1_131' title='bbox 234 1135 449 1188; x_wconf 86' lang='grc' dir='ltr'>λογιζόμενοι</span> <span class='ocrx_word' id='word_1_132' title='bbox 479 1133 707 1187; x_wconf 86' lang='grc' dir='ltr'>πράττομεν,</span> <span class='ocrx_word' id='word_1_133' title='bbox 737 1132 849 1186; x_wconf 83' lang='grc' dir='ltr'>ἀρχὰς</span> <span class='ocrx_word' id='word_1_134' title='bbox 885 1133 1005 1186; x_wconf 88' lang='grc' dir='ltr'>ἔχουσι</span> <span class='ocrx_word' id='word_1_135' title='bbox 1026 1133 1071 1172; x_wconf 90' lang='grc' dir='ltr'><strong>τὰ</strong></span> <span class='ocrx_word' id='word_1_136' title='bbox 1091 1134 1175 1182; x_wconf 84' lang='grc' dir='ltr'>τέλη</span> <span class='ocrx_word' id='word_1_137' title='bbox 1206 1137 1274 1173; x_wconf 86' lang='grc' dir='ltr'><strong>τῶν</strong></span> 
     </span>
     <span class='ocr_line' id='line_1_18' title="bbox 234 1192 1278 1248; baseline 0 -16"><span class='ocrx_word' id='word_1_138' title='bbox 234 1194 407 1248; x_wconf 81' lang='grc' dir='ltr'>πράξεων·</span> <span class='ocrx_word' id='word_1_139' title='bbox 430 1193 499 1233; x_wconf 84' lang='grc' dir='ltr'>ἀπὸ</span> <span class='ocrx_word' id='word_1_140' title='bbox 514 1192 581 1245; x_wconf 87' lang='grc' dir='ltr'>γὰρ</span> <span class='ocrx_word' id='word_1_141' title='bbox 597 1194 666 1230; x_wconf 85' lang='grc' dir='ltr'><strong>τῶν</strong></span> <span class='ocrx_word' id='word_1_142' title='bbox 694 1194 801 1230; x_wconf 85' lang='grc' dir='ltr'>τελῶν</span> <span class='ocrx_word' id='word_1_143' title='bbox 825 1193 1117 1244; x_wconf 76' lang='grc' dir='ltr'>συλλογιζόμεθα,</span> <span class='ocrx_word' id='word_1_144' title='bbox 1144 1196 1173 1232; x_wconf 91' lang='grc' dir='ltr'><strong>εἷ</strong></span> <span class='ocrx_word' id='word_1_145' title='bbox 1194 1198 1278 1244; x_wconf 83' lang='grc' dir='ltr'>ἀγα·</span> 
     </span>
     <span class='ocr_line' id='line_1_19' title="bbox 235 1250 1274 1306; baseline 0 -15"><span class='ocrx_word' id='word_1_146' title='bbox 235 1252 292 1291; x_wconf 88' lang='grc' dir='ltr'><strong>θαί</strong></span> <span class='ocrx_word' id='word_1_147' title='bbox 312 1253 396 1291; x_wconf 83' lang='grc' dir='ltr'>εἰσιν</span> <span class='ocrx_word' id='word_1_148' title='bbox 413 1253 448 1290; x_wconf 81' lang='grc' dir='ltr'><strong>αἱ</strong></span> <span class='ocrx_word' id='word_1_149' title='bbox 464 1250 604 1303; x_wconf 84' lang='grc' dir='ltr'>πράξεις</span> <span class='ocrx_word' id='word_1_150' title='bbox 620 1250 643 1297; x_wconf 83' lang='grc' dir='ltr'><strong>ἢ</strong></span> <span class='ocrx_word' id='word_1_151' title='bbox 657 1251 822 1303; x_wconf 87' lang='grc' dir='ltr'>πονηραί·</span> <span class='ocrx_word' id='word_1_152' title='bbox 839 1251 899 1296; x_wconf 85' lang='grc' dir='ltr'><strong>τὰς</strong></span> <span class='ocrx_word' id='word_1_153' title='bbox 913 1251 949 1290; x_wconf 84' lang='grc' dir='ltr'>δὲ</span> <span class='ocrx_word' id='word_1_154' title='bbox 975 1251 1136 1296; x_wconf 86' lang='grc' dir='ltr'>τοιαύτας</span> <span class='ocrx_word' id='word_1_155' title='bbox 1149 1254 1274 1306; x_wconf 85' lang='grc' dir='ltr'>ἀρχάς,</span> 
     </span>
     <span class='ocr_line' id='line_1_20' title="bbox 234 1310 1275 1360; baseline 0 -10"><span class='ocrx_word' id='word_1_156' title='bbox 234 1311 278 1350; x_wconf 84' lang='grc' dir='ltr'><strong>τὰ</strong></span> <span class='ocrx_word' id='word_1_157' title='bbox 296 1310 378 1358; x_wconf 86' lang='grc' dir='ltr'>τέλη</span> <span class='ocrx_word' id='word_1_158' title='bbox 396 1310 576 1358; x_wconf 84' lang='grc' dir='ltr'>δηλονότι,</span> <span class='ocrx_word' id='word_1_159' title='bbox 600 1310 638 1348; x_wconf 82' lang='grc' dir='ltr'>οὗ</span> <span class='ocrx_word' id='word_1_160' title='bbox 654 1310 867 1360; x_wconf 86' lang='grc' dir='ltr'>γινώσκομεν</span> <span class='ocrx_word' id='word_1_161' title='bbox 899 1312 981 1348; x_wconf 89' lang='grc' dir='ltr'>ἄνευ</span> <span class='ocrx_word' id='word_1_162' title='bbox 1002 1313 1064 1358; x_wconf 73' lang='grc' dir='ltr'><strong>τῆς</strong></span> <span class='ocrx_word' id='word_1_163' title='bbox 1085 1311 1185 1356; x_wconf 74' lang='grc' dir='ltr'>ἕξεως</span> <span class='ocrx_word' id='word_1_164' title='bbox 1214 1315 1275 1359; x_wconf 77' lang='grc' dir='ltr'><strong>τῆς</strong></span> 
     </span>
     <span class='ocr_line' id='line_1_21' title="bbox 233 1368 1275 1422; baseline 0 -13"><span class='ocrx_word' id='word_1_165' title='bbox 233 1373 356 1418; x_wconf 80' lang='grc' dir='ltr'>ἠθικῆς</span> <span class='ocrx_word' id='word_1_166' title='bbox 381 1372 515 1421; x_wconf 74' lang='grc' dir='ltr'>ἀρετῆς·</span> <span class='ocrx_word' id='word_1_167' title='bbox 541 1369 687 1422; x_wconf 82' lang='grc' dir='ltr'>πονηρὸν</span> <span class='ocrx_word' id='word_1_168' title='bbox 714 1368 782 1422; x_wconf 84' lang='grc' dir='ltr'>γὰρ</span> <span class='ocrx_word' id='word_1_169' title='bbox 815 1368 979 1420; x_wconf 85' lang='grc' dir='ltr'>τιθέμεθα</span> <span class='ocrx_word' id='word_1_170' title='bbox 997 1369 1094 1414; x_wconf 81' lang='grc' dir='ltr'>τέλος</span> <span class='ocrx_word' id='word_1_171' title='bbox 1113 1370 1180 1409; x_wconf 83' lang='grc' dir='ltr'>ὑπὸ</span> <span class='ocrx_word' id='word_1_172' title='bbox 1201 1386 1275 1409; x_wconf 88' lang='grc' dir='ltr'><strong>πο-</strong></span> 
     </span>
     <span class='ocr_line' id='line_1_22' title="bbox 235 1427 1272 1481; baseline 0 -14"><span class='ocrx_word' id='word_1_173' title='bbox 235 1435 340 1481; x_wconf 82' lang='grc' dir='ltr'>νηρᾶς</span> <span class='ocrx_word' id='word_1_174' title='bbox 360 1429 482 1476; x_wconf 81' lang='grc' dir='ltr'>ἕξεως,</span> <span class='ocrx_word' id='word_1_175' title='bbox 507 1429 566 1466; x_wconf 80' lang='grc' dir='ltr'><strong>καὶ</strong></span> <span class='ocrx_word' id='word_1_176' title='bbox 592 1427 677 1480; x_wconf 84' lang='grc' dir='ltr'>πρὸς</span> <span class='ocrx_word' id='word_1_177' title='bbox 697 1431 800 1470; x_wconf 79' lang='grc' dir='ltr'>τοῦτο</span> <span class='ocrx_word' id='word_1_178' title='bbox 828 1428 891 1472; x_wconf 82' lang='grc' dir='ltr'><strong>τὰς</strong></span> <span class='ocrx_word' id='word_1_179' title='bbox 909 1427 1050 1480; x_wconf 81' lang='grc' dir='ltr'>πράξεις</span> <span class='ocrx_word' id='word_1_180' title='bbox 1080 1429 1272 1479; x_wconf 86' lang='grc' dir='ltr'>τάττομεν,</span> 
     </span>
     <span class='ocr_line' id='line_1_23' title="bbox 235 1486 1276 1541; baseline 0 -14"><span class='ocrx_word' id='word_1_181' title='bbox 235 1487 355 1540; x_wconf 83' lang='grc' dir='ltr'>ὥσπερ</span> <span class='ocrx_word' id='word_1_182' title='bbox 389 1489 435 1531; x_wconf 87' lang='grc' dir='ltr'><strong>εἰς</strong></span> <span class='ocrx_word' id='word_1_183' title='bbox 458 1486 606 1538; x_wconf 88' lang='grc' dir='ltr'>ἀγαθόν·</span> <span class='ocrx_word' id='word_1_184' title='bbox 645 1486 704 1525; x_wconf 87' lang='grc' dir='ltr'><strong>καὶ</strong></span> <span class='ocrx_word' id='word_1_185' title='bbox 735 1486 922 1537; x_wconf 75' lang='grc' dir='ltr'>συμὸαίνει</span> <span class='ocrx_word' id='word_1_186' title='bbox 953 1487 1015 1534; x_wconf 78' lang='grc' dir='ltr'><strong>τὴν</strong></span> <span class='ocrx_word' id='word_1_187' title='bbox 1046 1490 1173 1541; x_wconf 89' lang='grc' dir='ltr'>γνῶσιν</span> <span class='ocrx_word' id='word_1_188' title='bbox 1210 1491 1276 1527; x_wconf 84' lang='grc' dir='ltr'><strong>τῶν</strong></span> 
     </span>
     <span class='ocr_line' id='line_1_24' title="bbox 234 1538 1274 1600; baseline -0.001 -15"><span class='ocrx_word' id='word_1_189' title='bbox 234 1547 396 1586; x_wconf 88' lang='grc' dir='ltr'>τοιούτων</span> <span class='ocrx_word' id='word_1_190' title='bbox 419 1547 587 1598; x_wconf 82' lang='grc' dir='ltr'>πρακτῶν</span> <span class='ocrx_word' id='word_1_191' title='bbox 623 1544 672 1595; x_wconf 83' lang='grc' dir='ltr'><strong>μὴ</strong></span> <span class='ocrx_word' id='word_1_192' title='bbox 694 1538 782 1583; x_wconf 68' lang='grc' dir='ltr'>εἶναι</span> <span class='ocrx_word' id='word_1_193' title='bbox 804 1544 969 1598; x_wconf 78' lang='grc' dir='ltr'>φρόνησιν</span> <span class='ocrx_word' id='word_1_194' title='bbox 986 1575 996 1594; x_wconf 94' lang='grc'>,</span> <span class='ocrx_word' id='word_1_195' title='bbox 1016 1548 1038 1593; x_wconf 82' lang='grc' dir='ltr'>ἡ</span> <span class='ocrx_word' id='word_1_196' title='bbox 1058 1546 1125 1598; x_wconf 78' lang='grc' dir='ltr'>γὰρ</span> <span class='ocrx_word' id='word_1_197' title='bbox 1146 1545 1274 1600; x_wconf 83' lang='grc' dir='ltr'>φρόνη-</span> 
     </span>
     <span class='ocr_line' id='line_1_25' title="bbox 235 1603 1276 1659; baseline -0.001 -14"><span class='ocrx_word' id='word_1_198' title='bbox 235 1622 286 1650; x_wconf 85' lang='grc' dir='ltr'><strong>σις</strong></span> <span class='ocrx_word' id='word_1_199' title='bbox 306 1606 386 1659; x_wconf 79' lang='grc' dir='ltr'>περὶ</span> <span class='ocrx_word' id='word_1_200' title='bbox 406 1604 450 1643; x_wconf 80' lang='grc' dir='ltr'><strong>τὰ</strong></span> <span class='ocrx_word' id='word_1_201' title='bbox 473 1604 586 1657; x_wconf 79' lang='grc' dir='ltr'>ἀγαθὰ</span> <span class='ocrx_word' id='word_1_202' title='bbox 606 1608 666 1642; x_wconf 81' lang='grc' dir='ltr'><strong>τοῦ</strong></span> <span class='ocrx_word' id='word_1_203' title='bbox 697 1603 895 1657; x_wconf 81' lang='grc' dir='ltr'>ἀνθρώπου·</span> <span class='ocrx_word' id='word_1_204' title='bbox 934 1603 1026 1643; x_wconf 82' lang='grc' dir='ltr'>ὥστε</span> <span class='ocrx_word' id='word_1_205' title='bbox 1059 1604 1195 1656; x_wconf 87' lang='grc' dir='ltr'>ἀνάγκη</span> <span class='ocrx_word' id='word_1_206' title='bbox 1219 1606 1276 1645; x_wconf 83' lang='grc' dir='ltr'><strong>τὸν</strong></span> 
     </span>
     <span class='ocr_line' id='line_1_26' title="bbox 235 1662 1277 1717; baseline 0 -14"><span class='ocrx_word' id='word_1_207' title='bbox 235 1664 400 1717; x_wconf 87' lang='grc' dir='ltr'>φρόνιμον</span> <span class='ocrx_word' id='word_1_208' title='bbox 421 1663 461 1702; x_wconf 84' lang='grc' dir='ltr'><strong>τὸ</strong></span> <span class='ocrx_word' id='word_1_209' title='bbox 482 1662 610 1714; x_wconf 70' lang='grc' dir='ltr'>ἀγαθὸν</span> <span class='ocrx_word' id='word_1_210' title='bbox 631 1662 783 1701; x_wconf 89' lang='grc' dir='ltr'>τίθεσθαι</span> <span class='ocrx_word' id='word_1_211' title='bbox 805 1662 916 1707; x_wconf 82' lang='grc' dir='ltr'>τέλος·</span> <span class='ocrx_word' id='word_1_212' title='bbox 939 1663 999 1702; x_wconf 88' lang='grc' dir='ltr'><strong>καὶ</strong></span> <span class='ocrx_word' id='word_1_213' title='bbox 1029 1663 1086 1702; x_wconf 85' lang='grc' dir='ltr'><strong>διὰ</strong></span> <span class='ocrx_word' id='word_1_214' title='bbox 1115 1667 1218 1703; x_wconf 82' lang='grc' dir='ltr'>τοῦτο</span> <span class='ocrx_word' id='word_1_215' title='bbox 1239 1667 1277 1704; x_wconf 76' lang='grc' dir='ltr'>οὔ</span> 
     </span>
     <span class='ocr_line' id='line_1_27' title="bbox 225 1721 1276 1775; baseline -0.001 -13"><span class='ocrx_word' id='word_1_216' title='bbox 225 1723 379 1762; x_wconf 77' lang='grc' dir='ltr'>’δυνατὸν</span> <span class='ocrx_word' id='word_1_217' title='bbox 398 1724 459 1770; x_wconf 83' lang='grc' dir='ltr'><strong>τὴν</strong></span> <span class='ocrx_word' id='word_1_218' title='bbox 482 1721 646 1775; x_wconf 84' lang='grc' dir='ltr'>φρόνησιν</span> <span class='ocrx_word' id='word_1_219' title='bbox 670 1724 838 1769; x_wconf 78' lang='grc' dir='ltr'>συστῆναι</span> <span class='ocrx_word' id='word_1_220' title='bbox 869 1721 950 1761; x_wconf 83' lang='grc' dir='ltr'>ἄνευ</span> <span class='ocrx_word' id='word_1_221' title='bbox 972 1725 1035 1769; x_wconf 79' lang='grc' dir='ltr'><strong>τῆς</strong></span> <span class='ocrx_word' id='word_1_222' title='bbox 1058 1722 1169 1770; x_wconf 87' lang='grc' dir='ltr'>ἄλλης</span> <span class='ocrx_word' id='word_1_223' title='bbox 1199 1725 1276 1771; x_wconf 86' lang='grc' dir='ltr'>ἠθι-</span> 
     </span>
     <span class='ocr_line' id='line_1_28' title="bbox 235 1775 1282 1834; baseline -0.001 -13"><span class='ocrx_word' id='word_1_224' title='bbox 235 1785 298 1830; x_wconf 75' lang='grc' dir='ltr'><strong>κῆς</strong></span> <span class='ocrx_word' id='word_1_225' title='bbox 318 1783 453 1834; x_wconf 76' lang='grc' dir='ltr'>ἀρετῆς·</span> <span class='ocrx_word' id='word_1_226' title='bbox 473 1781 532 1820; x_wconf 84' lang='grc' dir='ltr'><strong>καὶ</strong></span> <span class='ocrx_word' id='word_1_227' title='bbox 552 1780 717 1819; x_wconf 88' lang='grc' dir='ltr'>ἀδύνατον</span> <span class='ocrx_word' id='word_1_228' title='bbox 733 1781 897 1833; x_wconf 87' lang='grc' dir='ltr'>φρόνιμον</span> <span class='ocrx_word' id='word_1_229' title='bbox 919 1775 1008 1820; x_wconf 72' lang='grc' dir='ltr'>εἶναι</span> <span class='ocrx_word' id='word_1_230' title='bbox 1023 1781 1074 1832; x_wconf 85' lang='grc' dir='ltr'><strong>μὴ</strong></span> <span class='ocrx_word' id='word_1_231' title='bbox 1096 1781 1179 1820; x_wconf 85' lang='grc' dir='ltr'>ὄντα</span> <span class='ocrx_word' id='word_1_232' title='bbox 1198 1783 1282 1834; x_wconf 84' lang='grc' dir='ltr'>ἀγα-</span> 
     </span>
     <span class='ocr_line' id='line_1_29' title="bbox 237 1833 1281 1894; baseline 0 -14"><span class='ocrx_word' id='word_1_233' title='bbox 237 1842 305 1881; x_wconf 86' lang='grc' dir='ltr'>θόν·</span> <span class='ocrx_word' id='word_1_234' title='bbox 327 1840 417 1879; x_wconf 81' lang='grc' dir='ltr'>οὕτω</span> <span class='ocrx_word' id='word_1_235' title='bbox 442 1840 503 1890; x_wconf 86' lang='grc' dir='ltr'>μὲν</span> <span class='ocrx_word' id='word_1_236' title='bbox 532 1834 593 1878; x_wconf 62' lang='grc' dir='ltr'><strong>οὖν</strong></span> <span class='ocrx_word' id='word_1_237' title='bbox 624 1839 784 1892; x_wconf 88' lang='grc' dir='ltr'>φαίνεται</span> <span class='ocrx_word' id='word_1_238' title='bbox 811 1840 874 1888; x_wconf 79' lang='grc' dir='ltr'><strong>τὴν</strong></span> <span class='ocrx_word' id='word_1_239' title='bbox 902 1840 1066 1894; x_wconf 86' lang='grc' dir='ltr'>φρόνησιν</span> <span class='ocrx_word' id='word_1_240' title='bbox 1105 1840 1155 1892; x_wconf 86' lang='grc' dir='ltr'><strong>μὴ</strong></span> <span class='ocrx_word' id='word_1_241' title='bbox 1193 1833 1281 1880; x_wconf 65' lang='grc' dir='ltr'>εἶναι</span> 
     </span>
     <span class='ocr_line' id='line_1_30' title="bbox 237 1899 1136 1951; baseline -0.001 -13"><span class='ocrx_word' id='word_1_242' title='bbox 237 1900 318 1938; x_wconf 87' lang='grc' dir='ltr'>ἄνευ</span> <span class='ocrx_word' id='word_1_243' title='bbox 339 1903 400 1946; x_wconf 78' lang='grc' dir='ltr'><strong>τῆς</strong></span> <span class='ocrx_word' id='word_1_244' title='bbox 421 1899 529 1946; x_wconf 83' lang='grc' dir='ltr'>ἄλλης</span> <span class='ocrx_word' id='word_1_245' title='bbox 548 1900 672 1945; x_wconf 77' lang='grc' dir='ltr'>ἠθικῆς</span> <span class='ocrx_word' id='word_1_246' title='bbox 693 1901 832 1951; x_wconf 82' lang='grc' dir='ltr'>ἀρετῆς.</span> <span class='ocrx_word' id='word_1_247' title='bbox 1131 1902 1136 1907; x_wconf 77' lang='grc'><em>“</em></span> 
     </span>
    </p>

    <p class='ocr_par' dir='ltr' id='par_1_4' title="bbox 237 1949 1284 2306">
     <span class='ocr_line' id='line_1_31' title="bbox 289 1949 1280 2011; baseline 0 -14"><span class='ocrx_word' id='word_1_248' title='bbox 289 1959 325 1979; x_wconf 74' lang='lat'><strong>⁴*</strong></span> <span class='ocrx_word' id='word_1_249' title='bbox 345 1958 505 2010; x_wconf 76' lang='grc' dir='ltr'>Φανερὸν</span> <span class='ocrx_word' id='word_1_250' title='bbox 530 1956 565 1996; x_wconf 87' lang='grc' dir='ltr'>δὲ</span> <span class='ocrx_word' id='word_1_251' title='bbox 588 1957 674 2006; x_wconf 85' lang='grc' dir='ltr'>μηδὲ</span> <span class='ocrx_word' id='word_1_252' title='bbox 701 1958 765 2007; x_wconf 83' lang='grc' dir='ltr'><strong>τὴν</strong></span> <span class='ocrx_word' id='word_1_253' title='bbox 783 1956 908 2009; x_wconf 86' lang='grc' dir='ltr'>ἀρετὴν</span> <span class='ocrx_word' id='word_1_254' title='bbox 934 1949 1022 1997; x_wconf 65' lang='grc' dir='ltr'>εἶναι</span> <span class='ocrx_word' id='word_1_255' title='bbox 1046 1957 1128 1997; x_wconf 85' lang='grc' dir='ltr'>ἄνευ</span> <span class='ocrx_word' id='word_1_256' title='bbox 1149 1957 1280 2011; x_wconf 85' lang='grc' dir='ltr'>φρονή-</span> 
     </span>
     <span class='ocr_line' id='line_1_32' title="bbox 238 2015 1279 2070; baseline -0.001 -14"><span class='ocrx_word' id='word_1_257' title='bbox 238 2029 337 2061; x_wconf 86' lang='grc' dir='ltr'>σεως·</span> <span class='ocrx_word' id='word_1_258' title='bbox 361 2017 420 2056; x_wconf 86' lang='grc' dir='ltr'><strong>καὶ</strong></span> <span class='ocrx_word' id='word_1_259' title='bbox 438 2016 504 2069; x_wconf 87' lang='grc' dir='ltr'>γὰρ</span> <span class='ocrx_word' id='word_1_260' title='bbox 520 2018 565 2060; x_wconf 83' lang='grc' dir='ltr'><strong>ὡς</strong></span> <span class='ocrx_word' id='word_1_261' title='bbox 579 2015 653 2068; x_wconf 86' lang='grc' dir='ltr'>ἔχει</span> <span class='ocrx_word' id='word_1_262' title='bbox 673 2020 694 2064; x_wconf 88' lang='grc' dir='ltr'>ἡ</span> <span class='ocrx_word' id='word_1_263' title='bbox 714 2015 878 2070; x_wconf 88' lang='grc' dir='ltr'>φρόνησις</span> <span class='ocrx_word' id='word_1_264' title='bbox 897 2017 983 2069; x_wconf 87' lang='grc' dir='ltr'>πρὸς</span> <span class='ocrx_word' id='word_1_265' title='bbox 1002 2015 1065 2063; x_wconf 81' lang='grc' dir='ltr'><strong>τὴν</strong></span> <span class='ocrx_word' id='word_1_266' title='bbox 1087 2016 1279 2065; x_wconf 87' lang='grc' dir='ltr'>δεινότητα,</span> 
     </span>
     <span class='ocr_line' id='line_1_33' title="bbox 237 2075 1282 2131; baseline 0 -15"><span class='ocrx_word' id='word_1_267' title='bbox 237 2079 274 2116; x_wconf 81' lang='grc' dir='ltr'>οὒ</span> <span class='ocrx_word' id='word_1_268' title='bbox 287 2078 411 2116; x_wconf 76' lang='grc' dir='ltr'>ταύτὸν</span> <span class='ocrx_word' id='word_1_269' title='bbox 434 2075 496 2127; x_wconf 87' lang='grc' dir='ltr'>μέν</span> <span class='ocrx_word' id='word_1_270' title='bbox 509 2106 519 2124; x_wconf 89' lang='grc'>,</span> <span class='ocrx_word' id='word_1_271' title='bbox 542 2075 659 2125; x_wconf 85' lang='grc' dir='ltr'>ὅμοιον</span> <span class='ocrx_word' id='word_1_272' title='bbox 684 2076 734 2115; x_wconf 85' lang='grc' dir='ltr'>δέ·</span> <span class='ocrx_word' id='word_1_273' title='bbox 756 2076 816 2116; x_wconf 80' lang='grc' dir='ltr'><strong>καὶ</strong></span> <span class='ocrx_word' id='word_1_274' title='bbox 833 2077 901 2129; x_wconf 78' lang='grc' dir='ltr'>γὰρ</span> <span class='ocrx_word' id='word_1_275' title='bbox 918 2079 941 2124; x_wconf 81' lang='grc' dir='ltr'>ἡ</span> <span class='ocrx_word' id='word_1_276' title='bbox 964 2076 1026 2126; x_wconf 86' lang='grc' dir='ltr'>μὲν</span> <span class='ocrx_word' id='word_1_277' title='bbox 1045 2076 1197 2124; x_wconf 84' lang='grc' dir='ltr'>δεινότης</span> <span class='ocrx_word' id='word_1_278' title='bbox 1216 2093 1282 2131; x_wconf 84' lang='grc' dir='ltr'>φυ-</span> 
     </span>
     <span class='ocr_line' id='line_1_34' title="bbox 238 2134 1284 2188; baseline 0.001 -15"><span class='ocrx_word' id='word_1_279' title='bbox 238 2136 318 2183; x_wconf 80' lang='grc' dir='ltr'>σική</span> <span class='ocrx_word' id='word_1_280' title='bbox 343 2138 435 2174; x_wconf 84' lang='grc' dir='ltr'>ε’στιν</span> <span class='ocrx_word' id='word_1_281' title='bbox 470 2134 707 2183; x_wconf 84' lang='grc' dir='ltr'>ἐπιτηδειότης</span> <span class='ocrx_word' id='word_1_282' title='bbox 746 2138 806 2183; x_wconf 76' lang='grc' dir='ltr'><strong>τῆς</strong></span> <span class='ocrx_word' id='word_1_283' title='bbox 835 2137 973 2188; x_wconf 68' lang='grc' dir='ltr'>ψυχῆς,</span> <span class='ocrx_word' id='word_1_284' title='bbox 1010 2139 1032 2183; x_wconf 85' lang='grc' dir='ltr'>ἡ</span> <span class='ocrx_word' id='word_1_285' title='bbox 1054 2135 1090 2174; x_wconf 83' lang='grc' dir='ltr'>δὲ</span> <span class='ocrx_word' id='word_1_286' title='bbox 1121 2134 1284 2188; x_wconf 89' lang='grc' dir='ltr'>φρόνησις</span> 
     </span>
     <span class='ocr_line' id='line_1_35' title="bbox 239 2193 1283 2247; baseline 0.002 -15"><span class='ocrx_word' id='word_1_287' title='bbox 239 2195 344 2247; x_wconf 82' lang='grc' dir='ltr'>ἀρετή</span> <span class='ocrx_word' id='word_1_288' title='bbox 367 2197 440 2234; x_wconf 82' lang='grc' dir='ltr'>ἐστι</span> <span class='ocrx_word' id='word_1_289' title='bbox 462 2197 524 2241; x_wconf 74' lang='grc' dir='ltr'><strong>τῆς</strong></span> <span class='ocrx_word' id='word_1_290' title='bbox 544 2194 707 2242; x_wconf 87' lang='grc' dir='ltr'>τοιαύτης</span> <span class='ocrx_word' id='word_1_291' title='bbox 739 2193 1034 2242; x_wconf 81' lang='grc' dir='ltr'>ἐπιτηδειότητος·</span> <span class='ocrx_word' id='word_1_292' title='bbox 1054 2193 1145 2234; x_wconf 73' lang='grc' dir='ltr'>οὕτω</span> <span class='ocrx_word' id='word_1_293' title='bbox 1174 2195 1235 2234; x_wconf 79' lang='grc' dir='ltr'><strong>καὶ</strong></span> <span class='ocrx_word' id='word_1_294' title='bbox 1261 2198 1283 2243; x_wconf 85' lang='grc' dir='ltr'>ἡ</span> 
     </span>
     <span class='ocr_line' id='line_1_36' title="bbox 237 2251 1087 2306; baseline -0.002 -13"><span class='ocrx_word' id='word_1_295' title='bbox 237 2253 341 2301; x_wconf 80' lang='grc' dir='ltr'>ἠθικὴ</span> <span class='ocrx_word' id='word_1_296' title='bbox 365 2252 469 2306; x_wconf 85' lang='grc' dir='ltr'>ἀρετὴ</span> <span class='ocrx_word' id='word_1_297' title='bbox 492 2252 576 2306; x_wconf 84' lang='grc' dir='ltr'>πρὸς</span> <span class='ocrx_word' id='word_1_298' title='bbox 602 2252 665 2300; x_wconf 89' lang='grc' dir='ltr'><strong>τὴν</strong></span> <span class='ocrx_word' id='word_1_299' title='bbox 689 2251 839 2306; x_wconf 80' lang='grc' dir='ltr'>φυσικὴν</span> <span class='ocrx_word' id='word_1_300' title='bbox 856 2251 980 2302; x_wconf 85' lang='grc' dir='ltr'>ἀρετὴν</span> <span class='ocrx_word' id='word_1_301' title='bbox 1002 2251 1087 2303; x_wconf 76' lang='grc' dir='ltr'>ἔχει.</span> 
     </span>
    </p>

    <p class='ocr_par' dir='ltr' id='par_1_5' title="bbox 238 2311 1284 2482">
     <span class='ocr_line' id='line_1_37' title="bbox 290 2311 1281 2366; baseline -0.001 -14"><span class='ocrx_word' id='word_1_302' title='bbox 290 2313 340 2330; x_wconf 85' lang='lat'><strong>***</strong></span> <span class='ocrx_word' id='word_1_303' title='bbox 362 2315 459 2352; x_wconf 86' lang='grc' dir='ltr'>Πᾶσι</span> <span class='ocrx_word' id='word_1_304' title='bbox 478 2311 545 2365; x_wconf 85' lang='grc' dir='ltr'>γὰρ</span> <span class='ocrx_word' id='word_1_305' title='bbox 566 2314 659 2351; x_wconf 90' lang='grc' dir='ltr'>δοκεῖ</span> <span class='ocrx_word' id='word_1_306' title='bbox 677 2314 745 2350; x_wconf 93' lang='grc' dir='ltr'><strong>τῶν</strong></span> <span class='ocrx_word' id='word_1_307' title='bbox 763 2314 892 2359; x_wconf 83' lang='grc' dir='ltr'>ἠθικῶν</span> <span class='ocrx_word' id='word_1_308' title='bbox 911 2313 1044 2364; x_wconf 87' lang='grc' dir='ltr'>ἀρετῶν</span> <span class='ocrx_word' id='word_1_309' title='bbox 1067 2311 1196 2359; x_wconf 78' lang='grc' dir='ltr'>ἑκάστη</span> <span class='ocrx_word' id='word_1_310' title='bbox 1214 2327 1281 2366; x_wconf 81' lang='grc' dir='ltr'>φυ-</span> 
     </span>
     <span class='ocr_line' id='line_1_38' title="bbox 238 2364 1284 2424; baseline 0.001 -14"><span class='ocrx_word' id='word_1_311' title='bbox 238 2371 318 2419; x_wconf 84' lang='grc' dir='ltr'>σική</span> <span class='ocrx_word' id='word_1_312' title='bbox 338 2387 409 2415; x_wconf 89' lang='grc' dir='ltr'><strong>πως</strong></span> <span class='ocrx_word' id='word_1_313' title='bbox 432 2364 531 2408; x_wconf 66' lang='grc' dir='ltr'>εἶναι·</span> <span class='ocrx_word' id='word_1_314' title='bbox 551 2370 612 2410; x_wconf 82' lang='grc' dir='ltr'><strong>καὶ</strong></span> <span class='ocrx_word' id='word_1_315' title='bbox 633 2371 700 2424; x_wconf 85' lang='grc' dir='ltr'>γὰρ</span> <span class='ocrx_word' id='word_1_316' title='bbox 721 2370 865 2419; x_wconf 88' lang='grc' dir='ltr'>δίκαιοι,</span> <span class='ocrx_word' id='word_1_317' title='bbox 890 2370 950 2409; x_wconf 76' lang='grc' dir='ltr'><strong>καὶ</strong></span> <span class='ocrx_word' id='word_1_318' title='bbox 971 2371 1202 2424; x_wconf 82' lang='grc' dir='ltr'>σωφρονικοί,</span> <span class='ocrx_word' id='word_1_319' title='bbox 1224 2372 1284 2411; x_wconf 83' lang='grc' dir='ltr'><strong>καὶ</strong></span> 
     </span>
     <span class='ocr_line' id='line_1_39' title="bbox 240 2429 1121 2482; baseline -0.003 -13"><span class='ocrx_word' id='word_1_320' title='bbox 240 2432 410 2479; x_wconf 82' lang='grc' dir='ltr'>ἀνδρεῖοι,</span> <span class='ocrx_word' id='word_1_321' title='bbox 431 2430 489 2468; x_wconf 82' lang='grc' dir='ltr'><strong>καὶ</strong></span> <span class='ocrx_word' id='word_1_322' title='bbox 509 2429 620 2468; x_wconf 85' lang='grc' dir='ltr'>τᾶλλα</span> <span class='ocrx_word' id='word_1_323' title='bbox 642 2429 767 2482; x_wconf 84' lang='grc' dir='ltr'>ἔχομεν</span> <span class='ocrx_word' id='word_1_324' title='bbox 788 2429 884 2473; x_wconf 73' lang='grc' dir='ltr'>εὐθὺς</span> <span class='ocrx_word' id='word_1_325' title='bbox 906 2431 945 2469; x_wconf 84' lang='grc' dir='ltr'>ἐκ</span> <span class='ocrx_word' id='word_1_326' title='bbox 965 2432 1121 2482; x_wconf 78' lang='grc' dir='ltr'>γενετῆς,</span> 
     </span>
    </p>

    <p class='ocr_par' dir='ltr' id='par_1_6' title="bbox 239 2487 1284 2600">
     <span class='ocr_line' id='line_1_40' title="bbox 291 2487 1284 2542; baseline 0.003 -17"><span class='ocrx_word' id='word_1_327' title='bbox 291 2488 359 2505; x_wconf 60' lang='grc'><strong>’““</strong></span> <span class='ocrx_word' id='word_1_328' title='bbox 380 2488 470 2526; x_wconf 88' lang='grc' dir='ltr'>Ἀλλ’</span> <span class='ocrx_word' id='word_1_329' title='bbox 494 2487 586 2538; x_wconf 80' lang='grc' dir='ltr'>ὅμως</span> <span class='ocrx_word' id='word_1_330' title='bbox 615 2491 783 2538; x_wconf 77' lang='grc' dir='ltr'>ζητοῦμεν</span> <span class='ocrx_word' id='word_1_331' title='bbox 814 2488 930 2542; x_wconf 80' lang='grc' dir='ltr'>ἕτερόν</span> <span class='ocrx_word' id='word_1_332' title='bbox 957 2504 1002 2527; x_wconf 90' lang='grc' dir='ltr'><strong>τι·</strong></span> <span class='ocrx_word' id='word_1_333' title='bbox 1029 2488 1225 2540; x_wconf 87' lang='grc' dir='ltr'>νομίζοντες</span> <span class='ocrx_word' id='word_1_334' title='bbox 1245 2490 1284 2528; x_wconf 79' lang='grc' dir='ltr'>οὔ</span> 
     </span>
     <span class='ocr_line' id='line_1_41' title="bbox 239 2541 846 2600; baseline 0 -14"><span class='ocrx_word' id='word_1_335' title='bbox 239 2547 367 2589; x_wconf 85' lang='grc' dir='ltr'>ταύτας</span> <span class='ocrx_word' id='word_1_336' title='bbox 388 2541 474 2585; x_wconf 67' lang='grc' dir='ltr'>εἶναι</span> <span class='ocrx_word' id='word_1_337' title='bbox 488 2547 548 2590; x_wconf 84' lang='grc' dir='ltr'><strong>τὰς</strong></span> <span class='ocrx_word' id='word_1_338' title='bbox 564 2548 689 2600; x_wconf 89' lang='grc' dir='ltr'>κυρίως</span> <span class='ocrx_word' id='word_1_339' title='bbox 709 2547 846 2599; x_wconf 88' lang='grc' dir='ltr'>ἀρετάς.</span> 
     </span>
    </p>

    <p class='ocr_par' dir='ltr' id='par_1_7' title="bbox 241 2600 1286 3249">
     <span class='ocr_line' id='line_1_42' title="bbox 293 2600 1283 2660; baseline 0.003 -17"><span class='ocrx_word' id='word_1_340' title='bbox 293 2605 399 2623; x_wconf 85' lang='lat'><em>******</em></span> <span class='ocrx_word' id='word_1_341' title='bbox 420 2600 534 2644; x_wconf 71' lang='grc' dir='ltr'>Α’ῧται</span> <span class='ocrx_word' id='word_1_342' title='bbox 552 2605 619 2658; x_wconf 83' lang='grc' dir='ltr'>γὰρ</span> <span class='ocrx_word' id='word_1_343' title='bbox 638 2606 698 2645; x_wconf 78' lang='grc' dir='ltr'><strong>καὶ</strong></span> <span class='ocrx_word' id='word_1_344' title='bbox 714 2607 814 2646; x_wconf 74' lang='grc' dir='ltr'>παισὶ</span> <span class='ocrx_word' id='word_1_345' title='bbox 828 2607 888 2646; x_wconf 81' lang='grc' dir='ltr'><strong>καὶ</strong></span> <span class='ocrx_word' id='word_1_346' title='bbox 903 2609 1031 2660; x_wconf 77' lang='grc' dir='ltr'>θηρίοις</span> <span class='ocrx_word' id='word_1_347' title='bbox 1047 2606 1283 2660; x_wconf 78' lang='grc' dir='ltr'>ὑπάρχουσαι,</span> 
     </span>
     <span class='ocr_line' id='line_1_43' title="bbox 243 2664 1285 2719; baseline 0.001 -15"><span class='ocrx_word' id='word_1_348' title='bbox 243 2665 414 2718; x_wconf 71' lang='grc' dir='ltr'>βλαὸεραὶ</span> <span class='ocrx_word' id='word_1_349' title='bbox 430 2664 581 2717; x_wconf 87' lang='grc' dir='ltr'>γίνονται</span> <span class='ocrx_word' id='word_1_350' title='bbox 593 2665 711 2714; x_wconf 85' lang='grc' dir='ltr'>ἐνίοτε,</span> <span class='ocrx_word' id='word_1_351' title='bbox 726 2666 782 2704; x_wconf 82' lang='grc' dir='ltr'><strong>διὰ</strong></span> <span class='ocrx_word' id='word_1_352' title='bbox 797 2667 837 2706; x_wconf 81' lang='grc' dir='ltr'><strong>τὸ</strong></span> <span class='ocrx_word' id='word_1_353' title='bbox 848 2666 928 2705; x_wconf 83' lang='grc' dir='ltr'>ἄνευ</span> <span class='ocrx_word' id='word_1_354' title='bbox 945 2670 1002 2705; x_wconf 78' lang='grc' dir='ltr'><strong>νοῦ</strong></span> <span class='ocrx_word' id='word_1_355' title='bbox 1018 2672 1207 2719; x_wconf 84' lang='grc' dir='ltr'>προσεῖναι·</span> <span class='ocrx_word' id='word_1_356' title='bbox 1226 2666 1285 2705; x_wconf 84' lang='grc' dir='ltr'><strong>καὶ</strong></span> 
     </span>
     <span class='ocr_line' id='line_1_44' title="bbox 242 2724 1286 2779; baseline 0.001 -16"><span class='ocrx_word' id='word_1_357' title='bbox 242 2725 401 2775; x_wconf 87' lang='grc' dir='ltr'>καθάπερ</span> <span class='ocrx_word' id='word_1_358' title='bbox 423 2724 561 2774; x_wconf 83' lang='grc' dir='ltr'>σώματι</span> <span class='ocrx_word' id='word_1_359' title='bbox 588 2728 722 2778; x_wconf 80' lang='grc' dir='ltr'>ἰσχυρῷ</span> <span class='ocrx_word' id='word_1_360' title='bbox 742 2726 934 2779; x_wconf 84' lang='grc' dir='ltr'>κινουμένῳ</span> <span class='ocrx_word' id='word_1_361' title='bbox 959 2726 1147 2776; x_wconf 76' lang='grc' dir='ltr'>συμὸαίνει</span> <span class='ocrx_word' id='word_1_362' title='bbox 1174 2724 1286 2779; x_wconf 87' lang='grc' dir='ltr'>σφάλ-</span> 
     </span>
     <span class='ocr_line' id='line_1_45' title="bbox 241 2783 1286 2838; baseline 0.002 -17"><span class='ocrx_word' id='word_1_363' title='bbox 241 2785 363 2823; x_wconf 88' lang='grc' dir='ltr'>λεσθαι</span> <span class='ocrx_word' id='word_1_364' title='bbox 381 2786 533 2836; x_wconf 72' lang='grc' dir='ltr'>ἰσχυρῶς</span> <span class='ocrx_word' id='word_1_365' title='bbox 547 2815 556 2832; x_wconf 89' lang='grc'>,</span> <span class='ocrx_word' id='word_1_366' title='bbox 578 2783 658 2822; x_wconf 77' lang='grc' dir='ltr'>ὅταν</span> <span class='ocrx_word' id='word_1_367' title='bbox 682 2784 762 2822; x_wconf 86' lang='grc' dir='ltr'>ἄνευ</span> <span class='ocrx_word' id='word_1_368' title='bbox 791 2785 900 2838; x_wconf 75' lang='grc' dir='ltr'>ὅψεως</span> <span class='ocrx_word' id='word_1_369' title='bbox 921 2787 1082 2833; x_wconf 74' lang='grc' dir='ltr'>κινῆται,</span> <span class='ocrx_word' id='word_1_370' title='bbox 1110 2784 1201 2823; x_wconf 74' lang='grc' dir='ltr'>οὕτω</span> <span class='ocrx_word' id='word_1_371' title='bbox 1226 2785 1286 2824; x_wconf 81' lang='grc' dir='ltr'><strong>καὶ</strong></span> 
     </span>
     <span class='ocr_line' id='line_1_46' title="bbox 243 2837 1285 2896; baseline 0.001 -15"><span class='ocrx_word' id='word_1_372' title='bbox 243 2843 303 2886; x_wconf 83' lang='grc' dir='ltr'><strong>τὰς</strong></span> <span class='ocrx_word' id='word_1_373' title='bbox 324 2842 486 2886; x_wconf 90' lang='grc' dir='ltr'>τοιαύτας</span> <span class='ocrx_word' id='word_1_374' title='bbox 510 2841 594 2886; x_wconf 80' lang='grc' dir='ltr'>ἔξεις</span> <span class='ocrx_word' id='word_1_375' title='bbox 614 2842 691 2881; x_wconf 84' lang='grc' dir='ltr'>ἄνευ</span> <span class='ocrx_word' id='word_1_376' title='bbox 714 2847 771 2881; x_wconf 81' lang='grc' dir='ltr'><strong>νοῦ</strong></span> <span class='ocrx_word' id='word_1_377' title='bbox 787 2843 941 2896; x_wconf 83' lang='grc' dir='ltr'>πονηρὰς</span> <span class='ocrx_word' id='word_1_378' title='bbox 963 2837 1052 2882; x_wconf 65' lang='grc' dir='ltr'>εἶναι</span> <span class='ocrx_word' id='word_1_379' title='bbox 1074 2842 1285 2894; x_wconf 75' lang='grc' dir='ltr'>συμὸαίνει,</span> 
     </span>
     <span class='ocr_line' id='line_1_47' title="bbox 246 2900 1283 2954; baseline 0.002 -14"><span class='ocrx_word' id='word_1_380' title='bbox 246 2901 335 2954; x_wconf 83' lang='grc' dir='ltr'>μετὰ</span> <span class='ocrx_word' id='word_1_381' title='bbox 355 2900 390 2939; x_wconf 81' lang='grc' dir='ltr'>δὲ</span> <span class='ocrx_word' id='word_1_382' title='bbox 411 2904 467 2939; x_wconf 82' lang='grc' dir='ltr'><strong>νοῦ</strong></span> <span class='ocrx_word' id='word_1_383' title='bbox 490 2900 633 2951; x_wconf 86' lang='grc' dir='ltr'>ἀγαθάς·</span> <span class='ocrx_word' id='word_1_384' title='bbox 657 2900 694 2939; x_wconf 83' lang='grc' dir='ltr'><strong>αἳ</strong></span> <span class='ocrx_word' id='word_1_385' title='bbox 710 2901 770 2939; x_wconf 81' lang='grc' dir='ltr'><strong>καὶ</strong></span> <span class='ocrx_word' id='word_1_386' title='bbox 787 2903 907 2954; x_wconf 78' lang='grc' dir='ltr'>ἀρεταὶ</span> <span class='ocrx_word' id='word_1_387' title='bbox 936 2902 1062 2954; x_wconf 86' lang='grc' dir='ltr'>κυρίως</span> <span class='ocrx_word' id='word_1_388' title='bbox 1082 2904 1283 2943; x_wconf 77' lang='grc' dir='ltr'>καλοῦνται.</span> 
     </span>
     <span class='ocr_line' id='line_1_48' title="bbox 248 2959 1285 3015; baseline 0.004 -17"><span class='ocrx_word' id='word_1_389' title='bbox 248 2960 320 3000; x_wconf 76' lang='grc' dir='ltr'><strong>Καὶ</strong></span> <span class='ocrx_word' id='word_1_390' title='bbox 338 2961 374 2998; x_wconf 75' lang='grc' dir='ltr'><strong>αἱ</strong></span> <span class='ocrx_word' id='word_1_391' title='bbox 397 2959 498 2998; x_wconf 76' lang='grc' dir='ltr'>αὐταὶ</span> <span class='ocrx_word' id='word_1_392' title='bbox 520 2959 604 3004; x_wconf 79' lang='grc' dir='ltr'>ἕξεις</span> <span class='ocrx_word' id='word_1_393' title='bbox 623 2965 682 2999; x_wconf 79' lang='grc' dir='ltr'><strong>νοῦ</strong></span> <span class='ocrx_word' id='word_1_394' title='bbox 701 2961 762 3009; x_wconf 86' lang='grc' dir='ltr'>μὲν</span> <span class='ocrx_word' id='word_1_395' title='bbox 787 2961 867 3000; x_wconf 86' lang='grc' dir='ltr'>ἄνευ</span> <span class='ocrx_word' id='word_1_396' title='bbox 888 2965 949 3001; x_wconf 78' lang='grc' dir='ltr'><strong>οὐκ</strong></span> <span class='ocrx_word' id='word_1_397' title='bbox 965 2962 1051 3000; x_wconf 84' lang='grc' dir='ltr'>εἷσὶν</span> <span class='ocrx_word' id='word_1_398' title='bbox 1082 2961 1203 3015; x_wconf 80' lang='grc' dir='ltr'>ἀρεταὶ</span> <span class='ocrx_word' id='word_1_399' title='bbox 1223 2978 1285 3002; x_wconf 85' lang='grc' dir='ltr'><strong>κυ-</strong></span> 
     </span>
     <span class='ocr_line' id='line_1_49' title="bbox 248 3018 1285 3073; baseline 0.003 -15"><span class='ocrx_word' id='word_1_400' title='bbox 248 3020 327 3072; x_wconf 88' lang='grc' dir='ltr'>ρίως</span> <span class='ocrx_word' id='word_1_401' title='bbox 343 3049 354 3070; x_wconf 95' lang='grc'>,</span> <span class='ocrx_word' id='word_1_402' title='bbox 382 3019 473 3069; x_wconf 83' lang='grc' dir='ltr'>μετὰ</span> <span class='ocrx_word' id='word_1_403' title='bbox 494 3018 531 3057; x_wconf 87' lang='grc' dir='ltr'>δὲ</span> <span class='ocrx_word' id='word_1_404' title='bbox 553 3025 612 3059; x_wconf 80' lang='grc' dir='ltr'><strong>νοῦ</strong></span> <span class='ocrx_word' id='word_1_405' title='bbox 634 3020 758 3073; x_wconf 87' lang='grc' dir='ltr'>κυρίως</span> <span class='ocrx_word' id='word_1_406' title='bbox 776 3021 898 3073; x_wconf 76' lang='grc' dir='ltr'>ἀρεταὶ</span> <span class='ocrx_word' id='word_1_407' title='bbox 917 3022 1082 3072; x_wconf 89' lang='grc' dir='ltr'>γίνονται·</span> <span class='ocrx_word' id='word_1_408' title='bbox 1106 3021 1199 3060; x_wconf 81' lang='grc' dir='ltr'>ὥστε</span> <span class='ocrx_word' id='word_1_409' title='bbox 1217 3037 1285 3061; x_wconf 89' lang='grc' dir='ltr'><strong>κα-</strong></span> 
     </span>
     <span class='ocr_line' id='line_1_50' title="bbox 247 3077 1286 3132; baseline 0.004 -16"><span class='ocrx_word' id='word_1_410' title='bbox 247 3079 357 3132; x_wconf 89' lang='grc' dir='ltr'>θάπερ</span> <span class='ocrx_word' id='word_1_411' title='bbox 379 3077 436 3117; x_wconf 76' lang='grc' dir='ltr'>ἐπὶ</span> <span class='ocrx_word' id='word_1_412' title='bbox 455 3081 516 3115; x_wconf 77' lang='grc' dir='ltr'><strong>τοῦ</strong></span> <span class='ocrx_word' id='word_1_413' title='bbox 536 3078 737 3123; x_wconf 80' lang='grc' dir='ltr'>δοξαστικοῦ</span> <span class='ocrx_word' id='word_1_414' title='bbox 758 3079 818 3117; x_wconf 89' lang='grc' dir='ltr'><strong>δύο</strong></span> <span class='ocrx_word' id='word_1_415' title='bbox 838 3079 923 3119; x_wconf 78' lang='grc' dir='ltr'>εἰσὶν</span> <span class='ocrx_word' id='word_1_416' title='bbox 939 3080 1012 3127; x_wconf 88' lang='grc' dir='ltr'>εἴδη</span> <span class='ocrx_word' id='word_1_417' title='bbox 1024 3112 1034 3130; x_wconf 90' lang='grc'>,</span> <span class='ocrx_word' id='word_1_418' title='bbox 1057 3081 1211 3128; x_wconf 87' lang='grc' dir='ltr'>δεινότης</span> <span class='ocrx_word' id='word_1_419' title='bbox 1226 3081 1286 3120; x_wconf 81' lang='grc' dir='ltr'><strong>καὶ</strong></span> 
     </span>
     <span class='ocr_line' id='line_1_51' title="bbox 248 3136 1284 3192; baseline 0.003 -18"><span class='ocrx_word' id='word_1_420' title='bbox 248 3136 427 3191; x_wconf 86' lang='grc' dir='ltr'>φρόνησις,</span> <span class='ocrx_word' id='word_1_421' title='bbox 441 3136 549 3180; x_wconf 78' lang='grc' dir='ltr'>οὕτως</span> <span class='ocrx_word' id='word_1_422' title='bbox 569 3136 625 3174; x_wconf 82' lang='grc' dir='ltr'>ἐπὶ</span> <span class='ocrx_word' id='word_1_423' title='bbox 644 3142 703 3175; x_wconf 79' lang='grc' dir='ltr'><strong>τοῦ</strong></span> <span class='ocrx_word' id='word_1_424' title='bbox 723 3138 845 3183; x_wconf 79' lang='grc' dir='ltr'>ἠθικοῦ</span> <span class='ocrx_word' id='word_1_425' title='bbox 866 3138 926 3176; x_wconf 89' lang='grc' dir='ltr'><strong>δύο</strong></span> <span class='ocrx_word' id='word_1_426' title='bbox 948 3139 1041 3190; x_wconf 84' lang='grc' dir='ltr'>ἐστί,</span> <span class='ocrx_word' id='word_1_427' title='bbox 1061 3138 1101 3177; x_wconf 87' lang='grc' dir='ltr'><strong>τὸ</strong></span> <span class='ocrx_word' id='word_1_428' title='bbox 1122 3138 1185 3190; x_wconf 86' lang='grc' dir='ltr'>μὲν</span> <span class='ocrx_word' id='word_1_429' title='bbox 1206 3140 1284 3192; x_wconf 86' lang='grc' dir='ltr'>ἀρε·</span> 
     </span>
     <span class='ocr_line' id='line_1_52' title="bbox 247 3195 769 3249; baseline 0.002 -14"><span class='ocrx_word' id='word_1_430' title='bbox 247 3196 292 3243; x_wconf 81' lang='grc' dir='ltr'><strong>τὴ</strong></span> <span class='ocrx_word' id='word_1_431' title='bbox 309 3195 457 3249; x_wconf 83' lang='grc' dir='ltr'>φυσική,</span> <span class='ocrx_word' id='word_1_432' title='bbox 476 3195 516 3235; x_wconf 83' lang='grc' dir='ltr'><strong>τὸ</strong></span> <span class='ocrx_word' id='word_1_433' title='bbox 532 3195 569 3235; x_wconf 80' lang='grc' dir='ltr'>δὲ</span> <span class='ocrx_word' id='word_1_434' title='bbox 589 3199 612 3243; x_wconf 83' lang='grc' dir='ltr'>ἡ</span> <span class='ocrx_word' id='word_1_435' title='bbox 629 3196 769 3249; x_wconf 85' lang='grc' dir='ltr'>κυρίως.</span> 
     </span>
    </p>
   </div>
   <div class='ocr_carea' id='block_1_3' title="bbox 1067 156 1553 198">
    <p class='ocr_par' dir='ltr' id='par_1_8' title="bbox 1067 156 1553 198">
     <span class='ocr_line' id='line_1_53' title="bbox 1067 156 1553 198; baseline -0.002 0"><span class='ocrx_word' id='word_1_436' title='bbox 1067 157 1275 198; x_wconf 80' lang='lat' dir='ltr'><strong>ANDRON</strong></span> <span class='ocrx_word' id='word_1_437' title='bbox 1279 157 1344 198; x_wconf 78' lang='lat'><strong>101</strong></span> <span class='ocrx_word' id='word_1_438' title='bbox 1375 156 1553 197; x_wconf 88' lang='lat' dir='ltr'><strong>RHODII</strong></span> 
     </span>
    </p>
   </div>
   <div class='ocr_carea' id='block_1_4' title="bbox 1337 237 2424 343">
    <p class='ocr_par' dir='ltr' id='par_1_9' title="bbox 1337 237 2424 343">
     <span class='ocr_line' id='line_1_54' title="bbox 1338 237 2424 294; baseline 0.001 -10"><span class='ocrx_word' id='word_1_439' title='bbox 1338 253 1432 285; x_wconf 91' lang='lat' dir='ltr'><strong>nerat</strong></span> <span class='ocrx_word' id='word_1_440' title='bbox 1446 263 1454 284; x_wconf 74' lang='grc' dir='ltr'><strong><em>ε</em></strong></span> <span class='ocrx_word' id='word_1_441' title='bbox 1475 251 1532 283; x_wconf 88' lang='lat' dir='ltr'><strong>illa</strong></span> <span class='ocrx_word' id='word_1_442' title='bbox 1547 253 1659 284; x_wconf 87' lang='lat' dir='ltr'><strong>autem</strong></span> <span class='ocrx_word' id='word_1_443' title='bbox 1671 250 1806 285; x_wconf 86' lang='lat' dir='ltr'><strong>scientia</strong></span> <span class='ocrx_word' id='word_1_444' title='bbox 1818 259 1930 285; x_wconf 88' lang='lat' dir='ltr'><strong>rerum</strong></span> <span class='ocrx_word' id='word_1_445' title='bbox 1943 251 2016 285; x_wconf 80' lang='lat' dir='ltr'><strong>viro</strong></span> <span class='ocrx_word' id='word_1_446' title='bbox 2027 251 2166 285; x_wconf 84' lang='lat' dir='ltr'><strong>honesto</strong></span> <span class='ocrx_word' id='word_1_447' title='bbox 2179 251 2380 294; x_wconf 81' lang='lat' dir='ltr'><strong>agendarum</strong></span> <span class='ocrx_word' id='word_1_448' title='bbox 2404 237 2424 250; x_wconf 50' lang='lat'><strong><em>⁹</em></strong></span> 
     </span>
     <span class='ocr_line' id='line_1_55' title="bbox 1337 308 1737 343; baseline -0.005 0"><span class='ocrx_word' id='word_1_449' title='bbox 1337 309 1472 343; x_wconf 86' lang='lat' dir='ltr'><strong>alterius</strong></span> <span class='ocrx_word' id='word_1_450' title='bbox 1493 308 1661 341; x_wconf 74' lang='lat' dir='ltr'><strong>facultatis</strong></span> <span class='ocrx_word' id='word_1_451' title='bbox 1676 310 1737 342; x_wconf 90' lang='lat' dir='ltr'><strong>est.</strong></span> 
     </span>
    </p>
   </div>
   <div class='ocr_carea' id='block_1_5' title="bbox 1339 367 2392 1932">
    <p class='ocr_par' dir='ltr' id='par_1_10' title="bbox 1339 367 2392 1932">
     <span class='ocr_line' id='line_1_56' title="bbox 1379 367 2384 411; baseline 0.002 -11"><span class='ocrx_word' id='word_1_452' title='bbox 1379 371 1427 401; x_wconf 93' lang='lat' dir='ltr'><strong>De</strong></span> <span class='ocrx_word' id='word_1_453' title='bbox 1440 377 1506 410; x_wconf 88' lang='lat' dir='ltr'><strong>qua</strong></span> <span class='ocrx_word' id='word_1_454' title='bbox 1521 367 1656 410; x_wconf 92' lang='lat' dir='ltr'><strong>quidem</strong></span> <span class='ocrx_word' id='word_1_455' title='bbox 1679 367 1838 401; x_wconf 82' lang='lat' dir='ltr'><strong>facultate</strong></span> <span class='ocrx_word' id='word_1_456' title='bbox 1858 367 1928 410; x_wconf 72' lang='lat' dir='ltr'><strong>iam</strong></span> <span class='ocrx_word' id='word_1_457' title='bbox 1941 368 2070 411; x_wconf 80' lang='lat' dir='ltr'><strong>planius</strong></span> <span class='ocrx_word' id='word_1_458' title='bbox 2095 369 2272 404; x_wconf 90' lang='lat' dir='ltr'><strong>dicendum</strong></span> <span class='ocrx_word' id='word_1_459' title='bbox 2288 367 2384 403; x_wconf 71' lang='lat' dir='ltr'><strong>nobis</strong></span> 
     </span>
     <span class='ocr_line' id='line_1_57' title="bbox 1339 426 2384 472; baseline 0.004 -13"><span class='ocrx_word' id='word_1_460' title='bbox 1339 428 1411 461; x_wconf 88' lang='lat' dir='ltr'><strong>erit.</strong></span> <span class='ocrx_word' id='word_1_461' title='bbox 1444 429 1505 460; x_wconf 83' lang='lat' dir='ltr'><strong>Est</strong></span> <span class='ocrx_word' id='word_1_462' title='bbox 1531 426 1632 469; x_wconf 86' lang='lat' dir='ltr'><strong>igitur</strong></span> <span class='ocrx_word' id='word_1_463' title='bbox 1657 426 1800 460; x_wconf 79' lang='lat' dir='ltr'><strong>facultas</strong></span> <span class='ocrx_word' id='word_1_464' title='bbox 1819 427 1973 469; x_wconf 77' lang='lat' dir='ltr'><strong>quaedam</strong></span> <span class='ocrx_word' id='word_1_465' title='bbox 1995 438 2095 472; x_wconf 89' lang='lat' dir='ltr'><strong>quam</strong></span> <span class='ocrx_word' id='word_1_466' title='bbox 2122 429 2305 463; x_wconf 81' lang='lat' dir='ltr'><strong>sollertiam</strong></span> <span class='ocrx_word' id='word_1_467' title='bbox 2323 437 2384 463; x_wconf 86' lang='lat' dir='ltr'><strong>vo-</strong></span> 
     </span>
     <span class='ocr_line' id='line_1_58' title="bbox 1339 486 2385 532; baseline 0.006 -14"><span class='ocrx_word' id='word_1_468' title='bbox 1339 488 1415 519; x_wconf 90' lang='lat' dir='ltr'><strong>cant</strong></span> <span class='ocrx_word' id='word_1_469' title='bbox 1439 495 1446 515; x_wconf 89' lang='lat'><strong>:</strong></span> <span class='ocrx_word' id='word_1_470' title='bbox 1473 486 1545 519; x_wconf 81' lang='lat' dir='ltr'><strong>haec</strong></span> <span class='ocrx_word' id='word_1_471' title='bbox 1570 488 1684 520; x_wconf 89' lang='lat' dir='ltr'><strong>autem</strong></span> <span class='ocrx_word' id='word_1_472' title='bbox 1712 487 1872 529; x_wconf 89' lang='lat' dir='ltr'><strong>ejusmodi</strong></span> <span class='ocrx_word' id='word_1_473' title='bbox 1894 489 1962 527; x_wconf 84' lang='lat' dir='ltr'><strong>est,</strong></span> <span class='ocrx_word' id='word_1_474' title='bbox 2001 490 2038 521; x_wconf 89' lang='lat' dir='ltr'><strong>ut</strong></span> <span class='ocrx_word' id='word_1_475' title='bbox 2054 497 2093 522; x_wconf 92' lang='lat' dir='ltr'><strong>ea</strong></span> <span class='ocrx_word' id='word_1_476' title='bbox 2117 498 2194 532; x_wconf 75' lang='lat' dir='ltr'><strong>quoe</strong></span> <span class='ocrx_word' id='word_1_477' title='bbox 2223 489 2266 524; x_wconf 82' lang='lat' dir='ltr'><strong>ad</strong></span> <span class='ocrx_word' id='word_1_478' title='bbox 2283 488 2385 523; x_wconf 79' lang='lat' dir='ltr'><strong>finem</strong></span> 
     </span>
     <span class='ocr_line' id='line_1_59' title="bbox 1339 544 2385 591; baseline 0.005 -14"><span class='ocrx_word' id='word_1_479' title='bbox 1339 544 1542 588; x_wconf 81' lang='lat' dir='ltr'><strong>proposItum</strong></span> <span class='ocrx_word' id='word_1_480' title='bbox 1555 548 1702 588; x_wconf 83' lang='lat' dir='ltr'><strong>spectant</strong></span> <span class='ocrx_word' id='word_1_481' title='bbox 1716 556 1811 589; x_wconf 88' lang='lat' dir='ltr'><strong>agere</strong></span> <span class='ocrx_word' id='word_1_482' title='bbox 1821 550 1853 580; x_wconf 89' lang='lat' dir='ltr'><strong>et</strong></span> <span class='ocrx_word' id='word_1_483' title='bbox 1868 548 2024 590; x_wconf 84' lang='lat' dir='ltr'><strong>consequi</strong></span> <span class='ocrx_word' id='word_1_484' title='bbox 2034 549 2151 590; x_wconf 85' lang='lat' dir='ltr'><strong>queat:</strong></span> <span class='ocrx_word' id='word_1_485' title='bbox 2173 546 2294 591; x_wconf 80' lang='lat' dir='ltr'><strong>quodsi</strong></span> <span class='ocrx_word' id='word_1_486' title='bbox 2309 547 2385 582; x_wconf 77' lang='lat' dir='ltr'><strong>nnis</strong></span> 
     </span>
     <span class='ocr_line' id='line_1_60' title="bbox 1340 605 2382 651; baseline 0.006 -15"><span class='ocrx_word' id='word_1_487' title='bbox 1340 605 1498 638; x_wconf 88' lang='lat' dir='ltr'><strong>honestus</strong></span> <span class='ocrx_word' id='word_1_488' title='bbox 1510 607 1571 645; x_wconf 86' lang='lat' dir='ltr'><strong>est,</strong></span> <span class='ocrx_word' id='word_1_489' title='bbox 1590 605 1789 648; x_wconf 88' lang='lat' dir='ltr'><strong>illaquoque</strong></span> <span class='ocrx_word' id='word_1_490' title='bbox 1809 606 1995 645; x_wconf 86' lang='lat' dir='ltr'><strong>laudabilis,</strong></span> <span class='ocrx_word' id='word_1_491' title='bbox 2022 607 2073 640; x_wconf 88' lang='lat' dir='ltr'><strong>sin</strong></span> <span class='ocrx_word' id='word_1_492' title='bbox 2090 607 2198 647; x_wconf 85' lang='lat' dir='ltr'><strong>malus</strong></span> <span class='ocrx_word' id='word_1_493' title='bbox 2209 605 2382 651; x_wconf 55' lang='lat' dir='ltr'><strong>actum,</strong></span> 
     </span>
     <span class='ocr_line' id='line_1_61' title="bbox 1340 664 2387 709; baseline 0.005 -13"><span class='ocrx_word' id='word_1_494' title='bbox 1340 664 1683 697; x_wconf 87' lang='lat' dir='ltr'><strong>versutia-nominatur</strong></span> <span class='ocrx_word' id='word_1_495' title='bbox 1695 678 1703 698; x_wconf 75' lang='grc' dir='ltr'><strong>ε</strong></span> <span class='ocrx_word' id='word_1_496' title='bbox 1717 665 1856 708; x_wconf 89' lang='lat' dir='ltr'><strong>ideoque</strong></span> <span class='ocrx_word' id='word_1_497' title='bbox 1871 666 2049 709; x_wconf 84' lang='lat' dir='ltr'><strong>prudentes</strong></span> <span class='ocrx_word' id='word_1_498' title='bbox 2063 668 2137 699; x_wconf 89' lang='lat' dir='ltr'><strong>tum</strong></span> <span class='ocrx_word' id='word_1_499' title='bbox 2151 665 2303 701; x_wconf 75' lang='lat' dir='ltr'><strong>sollertes</strong></span> <span class='ocrx_word' id='word_1_500' title='bbox 2313 674 2387 701; x_wconf 78' lang='lat' dir='ltr'><strong>esse</strong></span> 
     </span>
     <span class='ocr_line' id='line_1_62' title="bbox 1340 723 2384 768; baseline 0.004 -13"><span class='ocrx_word' id='word_1_501' title='bbox 1340 725 1413 756; x_wconf 87' lang='lat' dir='ltr'><strong>tum</strong></span> <span class='ocrx_word' id='word_1_502' title='bbox 1435 726 1584 757; x_wconf 88' lang='lat' dir='ltr'><strong>versutos</strong></span> <span class='ocrx_word' id='word_1_503' title='bbox 1597 723 1801 758; x_wconf 79' lang='lat' dir='ltr'><strong>affirmamus</strong></span> <span class='ocrx_word' id='word_1_504' title='bbox 1820 735 1827 755; x_wconf 90' lang='lat'>:</span> <span class='ocrx_word' id='word_1_505' title='bbox 1842 728 1893 758; x_wconf 88' lang='lat' dir='ltr'><strong>est</strong></span> <span class='ocrx_word' id='word_1_506' title='bbox 1909 728 2021 758; x_wconf 88' lang='lat' dir='ltr'><strong>autem</strong></span> <span class='ocrx_word' id='word_1_507' title='bbox 2042 724 2220 768; x_wconf 85' lang='lat' dir='ltr'><strong>prudentia</strong></span> <span class='ocrx_word' id='word_1_508' title='bbox 2234 727 2300 758; x_wconf 84' lang='lat' dir='ltr'><strong>non</strong></span> <span class='ocrx_word' id='word_1_509' title='bbox 2311 725 2384 768; x_wconf 79' lang='lat' dir='ltr'><strong>ipsa</strong></span> 
     </span>
     <span class='ocr_line' id='line_1_63' title="bbox 1341 782 2387 827; baseline 0.004 -12"><span class='ocrx_word' id='word_1_510' title='bbox 1341 782 1480 816; x_wconf 86' lang='lat' dir='ltr'><strong>facultas</strong></span> <span class='ocrx_word' id='word_1_511' title='bbox 1495 783 1568 825; x_wconf 88' lang='lat' dir='ltr'><strong>illa,</strong></span> <span class='ocrx_word' id='word_1_512' title='bbox 1584 793 1685 827; x_wconf 86' lang='lat' dir='ltr'><strong>quam</strong></span> <span class='ocrx_word' id='word_1_513' title='bbox 1701 785 1881 817; x_wconf 79' lang='lat' dir='ltr'><strong>sollertiam</strong></span> <span class='ocrx_word' id='word_1_514' title='bbox 1897 784 2043 818; x_wconf 81' lang='lat' dir='ltr'><strong>diximus</strong></span> <span class='ocrx_word' id='word_1_515' title='bbox 2053 810 2062 825; x_wconf 89' lang='lat'><strong>,</strong></span> <span class='ocrx_word' id='word_1_516' title='bbox 2084 785 2142 818; x_wconf 89' lang='lat' dir='ltr'><strong>sed</strong></span> <span class='ocrx_word' id='word_1_517' title='bbox 2163 794 2228 818; x_wconf 91' lang='lat' dir='ltr'><strong>non</strong></span> <span class='ocrx_word' id='word_1_518' title='bbox 2241 784 2311 819; x_wconf 82' lang='lat' dir='ltr'><strong>sine</strong></span> <span class='ocrx_word' id='word_1_519' title='bbox 2321 784 2387 819; x_wconf 77' lang='lat' dir='ltr'><strong>hac</strong></span> 
     </span>
     <span class='ocr_line' id='line_1_64' title="bbox 1340 842 2389 887; baseline 0.002 -11"><span class='ocrx_word' id='word_1_520' title='bbox 1340 842 1498 876; x_wconf 85' lang='lat' dir='ltr'><strong>facultate</strong></span> <span class='ocrx_word' id='word_1_521' title='bbox 1522 845 1573 876; x_wconf 90' lang='lat' dir='ltr'><strong>est</strong></span> <span class='ocrx_word' id='word_1_522' title='bbox 1595 857 1603 876; x_wconf 72' lang='grc' dir='ltr'><strong>ε</strong></span> <span class='ocrx_word' id='word_1_523' title='bbox 1631 843 1734 886; x_wconf 82' lang='lat' dir='ltr'><strong>hujus</strong></span> <span class='ocrx_word' id='word_1_524' title='bbox 1752 844 1875 887; x_wconf 85' lang='lat' dir='ltr'><strong>quippe</strong></span> <span class='ocrx_word' id='word_1_525' title='bbox 1892 843 2060 878; x_wconf 87' lang='lat' dir='ltr'><strong>facultatis</strong></span> <span class='ocrx_word' id='word_1_526' title='bbox 2083 844 2193 878; x_wconf 83' lang='lat' dir='ltr'><strong>virtus</strong></span> <span class='ocrx_word' id='word_1_527' title='bbox 2212 843 2389 887; x_wconf 77' lang='lat' dir='ltr'><strong>prudentia</strong></span> 
     </span>
     <span class='ocr_line' id='line_1_65' title="bbox 1341 901 2386 947; baseline 0.003 -13"><span class='ocrx_word' id='word_1_528' title='bbox 1341 903 1403 934; x_wconf 85' lang='lat' dir='ltr'><strong>est.</strong></span> <span class='ocrx_word' id='word_1_529' title='bbox 1422 903 1531 940; x_wconf 83' lang='lat' dir='ltr'><strong>Quare</strong></span> <span class='ocrx_word' id='word_1_530' title='bbox 1543 911 1604 935; x_wconf 90' lang='lat' dir='ltr'><strong>nec</strong></span> <span class='ocrx_word' id='word_1_531' title='bbox 1625 901 1694 935; x_wconf 90' lang='lat' dir='ltr'><strong>sine</strong></span> <span class='ocrx_word' id='word_1_532' title='bbox 1708 903 1883 945; x_wconf 87' lang='lat' dir='ltr'><strong>prudentia</strong></span> <span class='ocrx_word' id='word_1_533' title='bbox 1904 904 2013 937; x_wconf 89' lang='lat' dir='ltr'><strong>virtus</strong></span> <span class='ocrx_word' id='word_1_534' title='bbox 2032 903 2167 937; x_wconf 90' lang='lat' dir='ltr'><strong>moralis</strong></span> <span class='ocrx_word' id='word_1_535' title='bbox 2183 902 2386 947; x_wconf 76' lang='lat' dir='ltr'><strong>perficiatur,</strong></span> 
     </span>
     <span class='ocr_line' id='line_1_66' title="bbox 1340 961 2384 1006; baseline 0.003 -12"><span class='ocrx_word' id='word_1_536' title='bbox 1340 970 1447 1004; x_wconf 89' lang='lat' dir='ltr'><strong>neque</strong></span> <span class='ocrx_word' id='word_1_537' title='bbox 1465 961 1640 1003; x_wconf 90' lang='lat' dir='ltr'><strong>prudentia</strong></span> <span class='ocrx_word' id='word_1_538' title='bbox 1671 962 1714 995; x_wconf 92' lang='lat' dir='ltr'><strong>ad</strong></span> <span class='ocrx_word' id='word_1_539' title='bbox 1738 964 1882 996; x_wconf 86' lang='lat' dir='ltr'><strong>mentem</strong></span> <span class='ocrx_word' id='word_1_540' title='bbox 1915 962 2031 1004; x_wconf 87' lang='lat' dir='ltr'><strong>agendi</strong></span> <span class='ocrx_word' id='word_1_541' title='bbox 2060 963 2095 996; x_wconf 90' lang='lat' dir='ltr'><strong>vi</strong></span> <span class='ocrx_word' id='word_1_542' title='bbox 2111 962 2287 1006; x_wconf 80' lang='lat' dir='ltr'><strong>praeditam</strong></span> <span class='ocrx_word' id='word_1_543' title='bbox 2313 963 2384 998; x_wconf 85' lang='lat' dir='ltr'><strong>sine</strong></span> 
     </span>
     <span class='ocr_line' id='line_1_67' title="bbox 1341 1010 2388 1063; baseline 0.002 -11"><span class='ocrx_word' id='word_1_544' title='bbox 1341 1020 1469 1062; x_wconf 88' lang='lat' dir='ltr'><strong>reliqua</strong></span> <span class='ocrx_word' id='word_1_545' title='bbox 1482 1020 1608 1053; x_wconf 89' lang='lat' dir='ltr'><strong>virtute</strong></span> <span class='ocrx_word' id='word_1_546' title='bbox 1633 1020 1750 1053; x_wconf 88' lang='lat' dir='ltr'><strong>morali</strong></span> <span class='ocrx_word' id='word_1_547' title='bbox 1777 1021 1931 1055; x_wconf 86' lang='lat' dir='ltr'><strong>accedere</strong></span> <span class='ocrx_word' id='word_1_548' title='bbox 1959 1021 2063 1063; x_wconf 85' lang='lat' dir='ltr'><strong>possit</strong></span> <span class='ocrx_word' id='word_1_549' title='bbox 2088 1031 2096 1052; x_wconf 91' lang='lat'><strong>:</strong></span> <span class='ocrx_word' id='word_1_550' title='bbox 2122 1010 2388 1055; x_wconf 82' lang='lat' dir='ltr'><strong>ratiocinationes</strong></span> 
     </span>
     <span class='ocr_line' id='line_1_68' title="bbox 1340 1079 2388 1123; baseline 0.004 -12"><span class='ocrx_word' id='word_1_551' title='bbox 1340 1079 1462 1122; x_wconf 87' lang='lat' dir='ltr'><strong>quippe</strong></span> <span class='ocrx_word' id='word_1_552' title='bbox 1479 1087 1594 1111; x_wconf 87' lang='lat' dir='ltr'><strong>eorum</strong></span> <span class='ocrx_word' id='word_1_553' title='bbox 1610 1087 1686 1121; x_wconf 83' lang='lat' dir='ltr'><strong>quae</strong></span> <span class='ocrx_word' id='word_1_554' title='bbox 1703 1079 1767 1112; x_wconf 90' lang='lat' dir='ltr'><strong>sub</strong></span> <span class='ocrx_word' id='word_1_555' title='bbox 1783 1080 1945 1113; x_wconf 83' lang='lat' dir='ltr'><strong>actionem</strong></span> <span class='ocrx_word' id='word_1_556' title='bbox 1959 1079 2101 1120; x_wconf 85' lang='lat' dir='ltr'><strong>cadunt,</strong></span> <span class='ocrx_word' id='word_1_557' title='bbox 2124 1088 2210 1123; x_wconf 79' lang='lat' dir='ltr'><strong>quas</strong></span> <span class='ocrx_word' id='word_1_558' title='bbox 2229 1079 2388 1115; x_wconf 74' lang='lat' dir='ltr'><strong>nimirum</strong></span> 
     </span>
     <span class='ocr_line' id='line_1_69' title="bbox 1341 1138 2386 1182; baseline 0.004 -12"><span class='ocrx_word' id='word_1_559' title='bbox 1341 1138 1564 1171; x_wconf 88' lang='lat' dir='ltr'><strong>ratiocinando</strong></span> <span class='ocrx_word' id='word_1_560' title='bbox 1588 1138 1731 1180; x_wconf 83' lang='lat' dir='ltr'><strong>agimus,</strong></span> <span class='ocrx_word' id='word_1_561' title='bbox 1753 1140 1911 1182; x_wconf 86' lang='lat' dir='ltr'><strong>principia</strong></span> <span class='ocrx_word' id='word_1_562' title='bbox 1939 1139 2062 1173; x_wconf 89' lang='lat' dir='ltr'><strong>habent</strong></span> <span class='ocrx_word' id='word_1_563' title='bbox 2089 1140 2257 1174; x_wconf 84' lang='lat' dir='ltr'><strong>actionum</strong></span> <span class='ocrx_word' id='word_1_564' title='bbox 2272 1139 2357 1178; x_wconf 73' lang='lat' dir='ltr'><strong>fines</strong></span> <span class='ocrx_word' id='word_1_565' title='bbox 2377 1153 2386 1174; x_wconf 74' lang='grc' dir='ltr'><strong>ε</strong></span> 
     </span>
     <span class='ocr_line' id='line_1_70' title="bbox 1343 1196 2390 1237; baseline 0.002 -7"><span class='ocrx_word' id='word_1_566' title='bbox 1343 1196 1493 1230; x_wconf 81' lang='lat' dir='ltr'><strong>etinibus</strong></span> <span class='ocrx_word' id='word_1_567' title='bbox 1511 1196 1598 1229; x_wconf 90' lang='lat' dir='ltr'><strong>enim</strong></span> <span class='ocrx_word' id='word_1_568' title='bbox 1625 1196 1870 1237; x_wconf 86' lang='lat' dir='ltr'><strong>ratiocinamur,</strong></span> <span class='ocrx_word' id='word_1_569' title='bbox 1902 1199 2017 1230; x_wconf 90' lang='lat' dir='ltr'><strong>utrum</strong></span> <span class='ocrx_word' id='word_1_570' title='bbox 2042 1197 2128 1231; x_wconf 88' lang='lat' dir='ltr'><strong>bona</strong></span> <span class='ocrx_word' id='word_1_571' title='bbox 2154 1197 2220 1231; x_wconf 88' lang='lat' dir='ltr'><strong>sint</strong></span> <span class='ocrx_word' id='word_1_572' title='bbox 2244 1196 2390 1232; x_wconf 78' lang='lat' dir='ltr'><strong>facinora</strong></span> 
     </span>
     <span class='ocr_line' id='line_1_71' title="bbox 1342 1256 2390 1302; baseline -0.002 -8"><span class='ocrx_word' id='word_1_573' title='bbox 1342 1269 1384 1293; x_wconf 89' lang='lat' dir='ltr'><strong>an</strong></span> <span class='ocrx_word' id='word_1_574' title='bbox 1401 1261 1488 1293; x_wconf 85' lang='lat' dir='ltr'><strong>mala</strong></span> <span class='ocrx_word' id='word_1_575' title='bbox 1506 1273 1514 1293; x_wconf 77' lang='grc' dir='ltr'><strong>ε</strong></span> <span class='ocrx_word' id='word_1_576' title='bbox 1537 1259 1695 1302; x_wconf 88' lang='lat' dir='ltr'><strong>principia</strong></span> <span class='ocrx_word' id='word_1_577' title='bbox 1711 1268 1790 1292; x_wconf 88' lang='lat' dir='ltr'><strong>vero</strong></span> <span class='ocrx_word' id='word_1_578' title='bbox 1811 1256 1994 1300; x_wconf 76' lang='lat' dir='ltr'><strong>eJusmodi‚</strong></span> <span class='ocrx_word' id='word_1_579' title='bbox 2029 1257 2093 1290; x_wconf 91' lang='lat' dir='ltr'><strong>hoc</strong></span> <span class='ocrx_word' id='word_1_580' title='bbox 2109 1258 2182 1298; x_wconf 88' lang='lat' dir='ltr'><strong>est,</strong></span> <span class='ocrx_word' id='word_1_581' title='bbox 2199 1257 2290 1300; x_wconf 85' lang='lat' dir='ltr'><strong>ipsos</strong></span> <span class='ocrx_word' id='word_1_582' title='bbox 2308 1256 2390 1292; x_wconf 75' lang='lat' dir='ltr'><strong>fines</strong></span> 
     </span>
     <span class='ocr_line' id='line_1_72' title="bbox 1342 1315 2391 1360; baseline -0.005 -8"><span class='ocrx_word' id='word_1_583' title='bbox 1342 1319 1411 1352; x_wconf 88' lang='lat' dir='ltr'><strong>sine</strong></span> <span class='ocrx_word' id='word_1_584' title='bbox 1430 1319 1565 1352; x_wconf 89' lang='lat' dir='ltr'><strong>moralis</strong></span> <span class='ocrx_word' id='word_1_585' title='bbox 1586 1317 1723 1352; x_wconf 81' lang='lat' dir='ltr'><strong>virtutis</strong></span> <span class='ocrx_word' id='word_1_586' title='bbox 1741 1316 1860 1350; x_wconf 88' lang='lat' dir='ltr'><strong>habitu</strong></span> <span class='ocrx_word' id='word_1_587' title='bbox 1880 1325 1944 1348; x_wconf 91' lang='lat' dir='ltr'><strong>non</strong></span> <span class='ocrx_word' id='word_1_588' title='bbox 1975 1315 2202 1357; x_wconf 83' lang='lat' dir='ltr'><strong>cognoscimus</strong></span> <span class='ocrx_word' id='word_1_589' title='bbox 2227 1326 2236 1349; x_wconf 74' lang='grc' dir='ltr'>ι</span> <span class='ocrx_word' id='word_1_590' title='bbox 2266 1315 2391 1360; x_wconf 79' lang='lat' dir='ltr'><strong>quippe</strong></span> 
     </span>
     <span class='ocr_line' id='line_1_73' title="bbox 1341 1373 2390 1422; baseline -0.005 -9"><span class='ocrx_word' id='word_1_591' title='bbox 1341 1381 1475 1422; x_wconf 89' lang='lat' dir='ltr'><strong>propter</strong></span> <span class='ocrx_word' id='word_1_592' title='bbox 1487 1379 1614 1411; x_wconf 89' lang='lat' dir='ltr'><strong>malum</strong></span> <span class='ocrx_word' id='word_1_593' title='bbox 1630 1377 1780 1418; x_wconf 87' lang='lat' dir='ltr'><strong>habitum</strong></span> <span class='ocrx_word' id='word_1_594' title='bbox 1795 1375 1920 1408; x_wconf 89' lang='lat' dir='ltr'><strong>malum</strong></span> <span class='ocrx_word' id='word_1_595' title='bbox 1935 1383 2069 1416; x_wconf 84' lang='lat' dir='ltr'><strong>quoque</strong></span> <span class='ocrx_word' id='word_1_596' title='bbox 2093 1373 2192 1408; x_wconf 87' lang='lat' dir='ltr'><strong>finem</strong></span> <span class='ocrx_word' id='word_1_597' title='bbox 2202 1373 2300 1408; x_wconf 82' lang='lat' dir='ltr'><strong>nobis</strong></span> <span class='ocrx_word' id='word_1_598' title='bbox 2314 1383 2390 1418; x_wconf 84' lang='lat' dir='ltr'><strong>pro-</strong></span> 
     </span>
     <span class='ocr_line' id='line_1_74' title="bbox 1342 1431 2389 1480; baseline -0.002 -11"><span class='ocrx_word' id='word_1_599' title='bbox 1342 1437 1511 1480; x_wconf 86' lang='lat' dir='ltr'><strong>ponimus,</strong></span> <span class='ocrx_word' id='word_1_600' title='bbox 1539 1437 1639 1477; x_wconf 88' lang='lat' dir='ltr'><strong>atque</strong></span> <span class='ocrx_word' id='word_1_601' title='bbox 1657 1434 1700 1467; x_wconf 90' lang='lat' dir='ltr'><strong>ad</strong></span> <span class='ocrx_word' id='word_1_602' title='bbox 1722 1433 1825 1466; x_wconf 91' lang='lat' dir='ltr'><strong>istum</strong></span> <span class='ocrx_word' id='word_1_603' title='bbox 1854 1434 2014 1474; x_wconf 82' lang='lat' dir='ltr'><strong>tanquam</strong></span> <span class='ocrx_word' id='word_1_604' title='bbox 2029 1431 2072 1465; x_wconf 89' lang='lat' dir='ltr'><strong>ad</strong></span> <span class='ocrx_word' id='word_1_605' title='bbox 2088 1431 2213 1465; x_wconf 80' lang='lat' dir='ltr'><strong>bonum</strong></span> <span class='ocrx_word' id='word_1_606' title='bbox 2238 1431 2389 1467; x_wconf 78' lang='lat' dir='ltr'><strong>actiones</strong></span> 
     </span>
     <span class='ocr_line' id='line_1_75' title="bbox 1343 1487 2391 1531; baseline -0.003 -6"><span class='ocrx_word' id='word_1_607' title='bbox 1343 1494 1472 1525; x_wconf 86' lang='lat' dir='ltr'><strong>nostras</strong></span> <span class='ocrx_word' id='word_1_608' title='bbox 1506 1490 1680 1525; x_wconf 82' lang='lat' dir='ltr'><strong>referimus</strong></span> <span class='ocrx_word' id='word_1_609' title='bbox 1708 1503 1715 1522; x_wconf 75' lang='grc' dir='ltr'>ι</span> <span class='ocrx_word' id='word_1_610' title='bbox 1739 1498 1807 1531; x_wconf 88' lang='lat' dir='ltr'><strong>quo</strong></span> <span class='ocrx_word' id='word_1_611' title='bbox 1833 1489 1889 1528; x_wconf 86' lang='lat' dir='ltr'><strong>fit,</strong></span> <span class='ocrx_word' id='word_1_612' title='bbox 1923 1490 1963 1520; x_wconf 92' lang='lat' dir='ltr'><strong>ut</strong></span> <span class='ocrx_word' id='word_1_613' title='bbox 1995 1487 2157 1530; x_wconf 86' lang='lat' dir='ltr'><strong>ejusmodi</strong></span> <span class='ocrx_word' id='word_1_614' title='bbox 2188 1497 2300 1522; x_wconf 84' lang='lat' dir='ltr'><strong>rerum</strong></span> <span class='ocrx_word' id='word_1_615' title='bbox 2329 1489 2391 1522; x_wconf 85' lang='lat' dir='ltr'><strong>sub</strong></span> 
     </span>
     <span class='ocr_line' id='line_1_76' title="bbox 1342 1545 2388 1590; baseline -0.004 -7"><span class='ocrx_word' id='word_1_616' title='bbox 1342 1550 1503 1582; x_wconf 87' lang='lat' dir='ltr'><strong>actionem</strong></span> <span class='ocrx_word' id='word_1_617' title='bbox 1528 1549 1715 1582; x_wconf 89' lang='lat' dir='ltr'><strong>cadentium</strong></span> <span class='ocrx_word' id='word_1_618' title='bbox 1738 1546 1880 1587; x_wconf 85' lang='lat' dir='ltr'><strong>cognitio</strong></span> <span class='ocrx_word' id='word_1_619' title='bbox 1894 1555 1959 1578; x_wconf 91' lang='lat' dir='ltr'><strong>non</strong></span> <span class='ocrx_word' id='word_1_620' title='bbox 1981 1546 2024 1579; x_wconf 91' lang='lat' dir='ltr'><strong>sit</strong></span> <span class='ocrx_word' id='word_1_621' title='bbox 2048 1545 2243 1589; x_wconf 82' lang='lat' dir='ltr'><strong>prudentia,</strong></span> <span class='ocrx_word' id='word_1_622' title='bbox 2269 1551 2388 1590; x_wconf 83' lang='lat' dir='ltr'><strong>nempe</strong></span> 
     </span>
     <span class='ocr_line' id='line_1_77' title="bbox 1342 1602 2391 1646; baseline 0 -7"><span class='ocrx_word' id='word_1_623' title='bbox 1342 1606 1376 1638; x_wconf 89' lang='lat' dir='ltr'><strong>in</strong></span> <span class='ocrx_word' id='word_1_624' title='bbox 1391 1606 1534 1639; x_wconf 89' lang='lat' dir='ltr'><strong>hominis</strong></span> <span class='ocrx_word' id='word_1_625' title='bbox 1547 1605 1641 1638; x_wconf 89' lang='lat' dir='ltr'><strong>bonis</strong></span> <span class='ocrx_word' id='word_1_626' title='bbox 1661 1605 1815 1637; x_wconf 86' lang='lat' dir='ltr'><strong>versatur</strong></span> <span class='ocrx_word' id='word_1_627' title='bbox 1837 1602 2014 1645; x_wconf 89' lang='lat' dir='ltr'><strong>prudentia</strong></span> <span class='ocrx_word' id='word_1_628' title='bbox 2031 1615 2039 1635; x_wconf 89' lang='lat'><strong>:</strong></span> <span class='ocrx_word' id='word_1_629' title='bbox 2059 1602 2175 1646; x_wconf 87' lang='lat' dir='ltr'><strong>itaque</strong></span> <span class='ocrx_word' id='word_1_630' title='bbox 2189 1612 2323 1638; x_wconf 84' lang='lat' dir='ltr'><strong>necesse</strong></span> <span class='ocrx_word' id='word_1_631' title='bbox 2339 1606 2391 1639; x_wconf 79' lang='lat' dir='ltr'><strong>est</strong></span> 
     </span>
     <span class='ocr_line' id='line_1_78' title="bbox 1344 1660 2391 1706; baseline 0 -10"><span class='ocrx_word' id='word_1_632' title='bbox 1344 1664 1468 1696; x_wconf 86' lang='lat' dir='ltr'><strong>bonum</strong></span> <span class='ocrx_word' id='word_1_633' title='bbox 1485 1663 1549 1696; x_wconf 88' lang='lat' dir='ltr'><strong>sibi</strong></span> <span class='ocrx_word' id='word_1_634' title='bbox 1576 1662 1673 1695; x_wconf 88' lang='lat' dir='ltr'><strong>finem</strong></span> <span class='ocrx_word' id='word_1_635' title='bbox 1702 1662 1862 1704; x_wconf 86' lang='lat' dir='ltr'><strong>proponat</strong></span> <span class='ocrx_word' id='word_1_636' title='bbox 1880 1660 1932 1692; x_wconf 87' lang='lat' dir='ltr'><strong>vir</strong></span> <span class='ocrx_word' id='word_1_637' title='bbox 1952 1660 2099 1702; x_wconf 89' lang='lat' dir='ltr'><strong>prudens</strong></span> <span class='ocrx_word' id='word_1_638' title='bbox 2116 1673 2126 1694; x_wconf 74' lang='lat' dir='ltr'><strong><em>z</em></strong></span> <span class='ocrx_word' id='word_1_639' title='bbox 2156 1661 2297 1704; x_wconf 85' lang='lat' dir='ltr'><strong>ideoque</strong></span> <span class='ocrx_word' id='word_1_640' title='bbox 2313 1671 2391 1706; x_wconf 84' lang='lat' dir='ltr'><strong>pru-</strong></span> 
     </span>
     <span class='ocr_line' id='line_1_79' title="bbox 1342 1717 2392 1762; baseline 0.001 -9"><span class='ocrx_word' id='word_1_641' title='bbox 1342 1720 1454 1754; x_wconf 89' lang='lat' dir='ltr'><strong>dentia</strong></span> <span class='ocrx_word' id='word_1_642' title='bbox 1467 1720 1537 1753; x_wconf 89' lang='lat' dir='ltr'><strong>sine</strong></span> <span class='ocrx_word' id='word_1_643' title='bbox 1552 1719 1680 1761; x_wconf 88' lang='lat' dir='ltr'><strong>reliqua</strong></span> <span class='ocrx_word' id='word_1_644' title='bbox 1702 1717 1819 1750; x_wconf 88' lang='lat' dir='ltr'><strong>morali</strong></span> <span class='ocrx_word' id='word_1_645' title='bbox 1840 1717 1967 1750; x_wconf 89' lang='lat' dir='ltr'><strong>virtute</strong></span> <span class='ocrx_word' id='word_1_646' title='bbox 1994 1718 2145 1751; x_wconf 88' lang='lat' dir='ltr'><strong>constare</strong></span> <span class='ocrx_word' id='word_1_647' title='bbox 2169 1719 2309 1762; x_wconf 87' lang='lat' dir='ltr'><strong>nequit:</strong></span> <span class='ocrx_word' id='word_1_648' title='bbox 2330 1729 2392 1754; x_wconf 84' lang='lat' dir='ltr'><strong>ne-</strong></span> 
     </span>
     <span class='ocr_line' id='line_1_80' title="bbox 1342 1773 2388 1818; baseline 0 -9"><span class='ocrx_word' id='word_1_649' title='bbox 1342 1785 1408 1818; x_wconf 90' lang='lat' dir='ltr'><strong>que</strong></span> <span class='ocrx_word' id='word_1_650' title='bbox 1423 1775 1601 1818; x_wconf 86' lang='lat' dir='ltr'><strong>quisquam</strong></span> <span class='ocrx_word' id='word_1_651' title='bbox 1622 1774 1768 1816; x_wconf 86' lang='lat' dir='ltr'><strong>prudens</strong></span> <span class='ocrx_word' id='word_1_652' title='bbox 1786 1782 1857 1806; x_wconf 85' lang='lat' dir='ltr'><strong>esse</strong></span> <span class='ocrx_word' id='word_1_653' title='bbox 1879 1774 2005 1815; x_wconf 90' lang='lat' dir='ltr'><strong>potest,</strong></span> <span class='ocrx_word' id='word_1_654' title='bbox 2022 1773 2081 1816; x_wconf 91' lang='lat' dir='ltr'><strong>qui</strong></span> <span class='ocrx_word' id='word_1_655' title='bbox 2103 1782 2169 1806; x_wconf 89' lang='lat' dir='ltr'><strong>non</strong></span> <span class='ocrx_word' id='word_1_656' title='bbox 2188 1773 2232 1807; x_wconf 90' lang='lat' dir='ltr'><strong>sit</strong></span> <span class='ocrx_word' id='word_1_657' title='bbox 2253 1774 2361 1809; x_wconf 86' lang='lat' dir='ltr'><strong>bonus</strong></span> <span class='ocrx_word' id='word_1_658' title='bbox 2379 1787 2388 1809; x_wconf 76' lang='grc' dir='ltr'><strong>ι</strong></span> 
     </span>
     <span class='ocr_line' id='line_1_81' title="bbox 1343 1829 2390 1876; baseline 0.001 -10"><span class='ocrx_word' id='word_1_659' title='bbox 1343 1836 1444 1876; x_wconf 90' lang='lat' dir='ltr'><strong>atque</strong></span> <span class='ocrx_word' id='word_1_660' title='bbox 1459 1833 1507 1866; x_wconf 87' lang='lat' dir='ltr'><strong>ita</strong></span> <span class='ocrx_word' id='word_1_661' title='bbox 1523 1832 1659 1874; x_wconf 91' lang='lat' dir='ltr'><strong>quidem</strong></span> <span class='ocrx_word' id='word_1_662' title='bbox 1680 1832 1838 1873; x_wconf 88' lang='lat' dir='ltr'><strong>apparet,</strong></span> <span class='ocrx_word' id='word_1_663' title='bbox 1865 1829 1936 1863; x_wconf 87' lang='lat' dir='ltr'><strong>sine</strong></span> <span class='ocrx_word' id='word_1_664' title='bbox 1955 1829 2085 1872; x_wconf 84' lang='lat' dir='ltr'><strong>reliqua</strong></span> <span class='ocrx_word' id='word_1_665' title='bbox 2107 1831 2227 1864; x_wconf 88' lang='lat' dir='ltr'><strong>morali</strong></span> <span class='ocrx_word' id='word_1_666' title='bbox 2261 1831 2390 1867; x_wconf 80' lang='lat' dir='ltr'><strong>virtute</strong></span> 
     </span>
     <span class='ocr_line' id='line_1_82' title="bbox 1343 1887 1839 1932; baseline -0.01 -8"><span class='ocrx_word' id='word_1_667' title='bbox 1343 1900 1407 1924; x_wconf 91' lang='lat' dir='ltr'><strong>non</strong></span> <span class='ocrx_word' id='word_1_668' title='bbox 1425 1899 1520 1932; x_wconf 88' lang='lat' dir='ltr'><strong>posse</strong></span> <span class='ocrx_word' id='word_1_669' title='bbox 1531 1898 1603 1922; x_wconf 87' lang='lat' dir='ltr'><strong>esse</strong></span> <span class='ocrx_word' id='word_1_670' title='bbox 1618 1887 1839 1931; x_wconf 85' lang='lat' dir='ltr'><strong>prudentiam.</strong></span> 
     </span>
    </p>
   </div>
   <div class='ocr_carea' id='block_1_6' title="bbox 1344 1945 2392 2289">
    <p class='ocr_par' dir='ltr' id='par_1_11' title="bbox 1344 1945 2392 2289">
     <span class='ocr_line' id='line_1_83' title="bbox 1385 1945 2391 1991; baseline -0.001 -8"><span class='ocrx_word' id='word_1_671' title='bbox 1385 1949 1452 1983; x_wconf 87' lang='lat' dir='ltr'><strong>Sed</strong></span> <span class='ocrx_word' id='word_1_672' title='bbox 1473 1953 1506 1983; x_wconf 86' lang='lat' dir='ltr'><strong>et</strong></span> <span class='ocrx_word' id='word_1_673' title='bbox 1536 1947 1620 1981; x_wconf 90' lang='lat' dir='ltr'><strong>illud</strong></span> <span class='ocrx_word' id='word_1_674' title='bbox 1643 1945 1856 1980; x_wconf 83' lang='lat' dir='ltr'><strong>manifestum</strong></span> <span class='ocrx_word' id='word_1_675' title='bbox 1892 1945 1960 1987; x_wconf 81' lang='lat' dir='ltr'><strong>est,</strong></span> <span class='ocrx_word' id='word_1_676' title='bbox 1995 1954 2036 1979; x_wconf 90' lang='lat' dir='ltr'><strong>ne</strong></span> <span class='ocrx_word' id='word_1_677' title='bbox 2067 1946 2228 1980; x_wconf 85' lang='lat' dir='ltr'><strong>virtutem</strong></span> <span class='ocrx_word' id='word_1_678' title='bbox 2253 1948 2391 1991; x_wconf 85' lang='lat' dir='ltr'><strong>quidem</strong></span> 
     </span>
     <span class='ocr_line' id='line_1_84' title="bbox 1344 1995 2391 2043; baseline 0.002 -10"><span class='ocrx_word' id='word_1_679' title='bbox 1344 1999 1517 2043; x_wconf 90' lang='lat' dir='ltr'><strong>prudentia</strong></span> <span class='ocrx_word' id='word_1_680' title='bbox 1537 2007 1648 2031; x_wconf 84' lang='lat' dir='ltr'><strong>carere</strong></span> <span class='ocrx_word' id='word_1_681' title='bbox 1670 2010 1678 2030; x_wconf 90' lang='lat'><strong>:</strong></span> <span class='ocrx_word' id='word_1_682' title='bbox 1698 1997 1819 2030; x_wconf 88' lang='lat' dir='ltr'><strong>etenim</strong></span> <span class='ocrx_word' id='word_1_683' title='bbox 1843 1995 2124 2040; x_wconf 86' lang='lat' dir='ltr'><strong>quemadmodum</strong></span> <span class='ocrx_word' id='word_1_684' title='bbox 2145 1997 2321 2042; x_wconf 85' lang='lat' dir='ltr'><strong>prudentia</strong></span> <span class='ocrx_word' id='word_1_685' title='bbox 2347 2001 2391 2035; x_wconf 80' lang='lat' dir='ltr'><strong>ad</strong></span> 
     </span>
     <span class='ocr_line' id='line_1_85' title="bbox 1344 2047 2387 2092; baseline 0.001 -8"><span class='ocrx_word' id='word_1_686' title='bbox 1344 2051 1524 2085; x_wconf 87' lang='lat' dir='ltr'><strong>sollertiam</strong></span> <span class='ocrx_word' id='word_1_687' title='bbox 1542 2059 1577 2083; x_wconf 86' lang='lat' dir='ltr'><strong>se</strong></span> <span class='ocrx_word' id='word_1_688' title='bbox 1604 2048 1723 2087; x_wconf 86' lang='lat' dir='ltr'><strong>habet,</strong></span> <span class='ocrx_word' id='word_1_689' title='bbox 1745 2047 1792 2080; x_wconf 92' lang='lat' dir='ltr'><strong>ita</strong></span> <span class='ocrx_word' id='word_1_690' title='bbox 1814 2049 1853 2079; x_wconf 93' lang='lat' dir='ltr'><strong>ut</strong></span> <span class='ocrx_word' id='word_1_691' title='bbox 1878 2057 1942 2080; x_wconf 94' lang='lat' dir='ltr'><strong>non</strong></span> <span class='ocrx_word' id='word_1_692' title='bbox 1963 2047 2078 2081; x_wconf 89' lang='lat' dir='ltr'><strong>eadem</strong></span> <span class='ocrx_word' id='word_1_693' title='bbox 2103 2056 2156 2080; x_wconf 89' lang='lat' dir='ltr'><strong>res</strong></span> <span class='ocrx_word' id='word_1_694' title='bbox 2177 2049 2223 2082; x_wconf 85' lang='lat' dir='ltr'><strong>sit</strong></span> <span class='ocrx_word' id='word_1_695' title='bbox 2233 2058 2313 2083; x_wconf 90' lang='lat' dir='ltr'><strong>cum</strong></span> <span class='ocrx_word' id='word_1_696' title='bbox 2331 2059 2387 2092; x_wconf 82' lang='lat' dir='ltr'><strong>ea,</strong></span> 
     </span>
     <span class='ocr_line' id='line_1_86' title="bbox 1345 2097 2391 2142; baseline -0.001 -6"><span class='ocrx_word' id='word_1_697' title='bbox 1345 2103 1404 2136; x_wconf 84' lang='lat' dir='ltr'><strong>sed</strong></span> <span class='ocrx_word' id='word_1_698' title='bbox 1435 2101 1552 2135; x_wconf 86' lang='lat' dir='ltr'><strong>similis</strong></span> <span class='ocrx_word' id='word_1_699' title='bbox 1579 2100 1690 2142; x_wconf 89' lang='lat' dir='ltr'><strong>potius</strong></span> <span class='ocrx_word' id='word_1_700' title='bbox 1715 2111 1723 2131; x_wconf 69' lang='grc' dir='ltr'><em>ε</em></span> <span class='ocrx_word' id='word_1_701' title='bbox 1765 2098 1887 2140; x_wconf 90' lang='lat' dir='ltr'><strong>quippe</strong></span> <span class='ocrx_word' id='word_1_702' title='bbox 1913 2097 2059 2131; x_wconf 86' lang='lat' dir='ltr'><strong>sollertia</strong></span> <span class='ocrx_word' id='word_1_703' title='bbox 2089 2099 2251 2134; x_wconf 82' lang='lat' dir='ltr'><strong>naturalis</strong></span> <span class='ocrx_word' id='word_1_704' title='bbox 2289 2101 2391 2135; x_wconf 82' lang='lat' dir='ltr'><strong>animi</strong></span> 
     </span>
     <span class='ocr_line' id='line_1_87' title="bbox 1345 2149 2392 2193; baseline -0.001 -5"><span class='ocrx_word' id='word_1_705' title='bbox 1345 2154 1528 2188; x_wconf 83' lang='lat' dir='ltr'><strong>dexteritas</strong></span> <span class='ocrx_word' id='word_1_706' title='bbox 1556 2152 1708 2192; x_wconf 89' lang='lat' dir='ltr'><strong>habetur,</strong></span> <span class='ocrx_word' id='word_1_707' title='bbox 1735 2149 1898 2193; x_wconf 90' lang='lat' dir='ltr'><strong>ejusmodi</strong></span> <span class='ocrx_word' id='word_1_708' title='bbox 1923 2151 2035 2182; x_wconf 89' lang='lat' dir='ltr'><strong>autem</strong></span> <span class='ocrx_word' id='word_1_709' title='bbox 2051 2149 2263 2185; x_wconf 84' lang='lat' dir='ltr'><strong>dexteritatis</strong></span> <span class='ocrx_word' id='word_1_710' title='bbox 2282 2152 2392 2188; x_wconf 88' lang='lat' dir='ltr'><strong>virtus</strong></span> 
     </span>
     <span class='ocr_line' id='line_1_88' title="bbox 1346 2199 2392 2247; baseline -0.001 -9"><span class='ocrx_word' id='word_1_711' title='bbox 1346 2207 1395 2238; x_wconf 90' lang='lat' dir='ltr'><strong>est</strong></span> <span class='ocrx_word' id='word_1_712' title='bbox 1415 2203 1590 2247; x_wconf 85' lang='lat' dir='ltr'><strong>prudentia</strong></span> <span class='ocrx_word' id='word_1_713' title='bbox 1610 2215 1618 2236; x_wconf 76' lang='grc' dir='ltr'>ι</span> <span class='ocrx_word' id='word_1_714' title='bbox 1640 2202 1687 2235; x_wconf 91' lang='lat' dir='ltr'><strong>sic</strong></span> <span class='ocrx_word' id='word_1_715' title='bbox 1711 2203 1745 2234; x_wconf 88' lang='lat' dir='ltr'><strong>et</strong></span> <span class='ocrx_word' id='word_1_716' title='bbox 1772 2200 1881 2234; x_wconf 88' lang='lat' dir='ltr'><strong>virtus</strong></span> <span class='ocrx_word' id='word_1_717' title='bbox 1917 2199 2051 2233; x_wconf 83' lang='lat' dir='ltr'><strong>moralis</strong></span> <span class='ocrx_word' id='word_1_718' title='bbox 2079 2200 2121 2234; x_wconf 87' lang='lat' dir='ltr'><strong>ad</strong></span> <span class='ocrx_word' id='word_1_719' title='bbox 2151 2203 2336 2236; x_wconf 84' lang='lat' dir='ltr'><strong>naturalem</strong></span> <span class='ocrx_word' id='word_1_720' title='bbox 2356 2212 2392 2237; x_wconf 87' lang='lat' dir='ltr'><strong>se</strong></span> 
     </span>
     <span class='ocr_line' id='line_1_89' title="bbox 1345 2256 1456 2289; baseline 0 -1"><span class='ocrx_word' id='word_1_721' title='bbox 1345 2256 1456 2289; x_wconf 86' lang='lat' dir='ltr'><strong>habet.</strong></span> 
     </span>
    </p>
   </div>
   <div class='ocr_carea' id='block_1_7' title="bbox 1349 2303 2392 2391">
    <p class='ocr_par' dir='ltr' id='par_1_12' title="bbox 1349 2303 2392 2391">
     <span class='ocr_line' id='line_1_90' title="bbox 1390 2303 2392 2349; baseline -0.002 -7"><span class='ocrx_word' id='word_1_722' title='bbox 1390 2308 1552 2342; x_wconf 90' lang='lat' dir='ltr'><strong>Omnibus</strong></span> <span class='ocrx_word' id='word_1_723' title='bbox 1565 2306 1650 2340; x_wconf 90' lang='lat' dir='ltr'><strong>enim</strong></span> <span class='ocrx_word' id='word_1_724' title='bbox 1670 2304 1808 2347; x_wconf 77' lang='lat' dir='ltr'><strong>singulae</strong></span> <span class='ocrx_word' id='word_1_725' title='bbox 1830 2304 1973 2336; x_wconf 88' lang='lat' dir='ltr'><strong>virtutes</strong></span> <span class='ocrx_word' id='word_1_726' title='bbox 1982 2303 2124 2336; x_wconf 89' lang='lat' dir='ltr'><strong>morales</strong></span> <span class='ocrx_word' id='word_1_727' title='bbox 2142 2304 2300 2338; x_wconf 86' lang='lat' dir='ltr'><strong>videntur</strong></span> <span class='ocrx_word' id='word_1_728' title='bbox 2311 2315 2392 2349; x_wconf 89' lang='lat' dir='ltr'><strong>quo-</strong></span> 
     </span>
     <span class='ocr_line' id='line_1_91' title="bbox 1349 2344 2392 2391; baseline -0.003 -8"><span class='ocrx_word' id='word_1_729' title='bbox 1349 2349 1525 2383; x_wconf 89' lang='lat' dir='ltr'><strong>dammodo</strong></span> <span class='ocrx_word' id='word_1_730' title='bbox 1547 2347 1715 2381; x_wconf 82' lang='lat' dir='ltr'><strong>naturales</strong></span> <span class='ocrx_word' id='word_1_731' title='bbox 1735 2355 1807 2379; x_wconf 87' lang='lat' dir='ltr'><strong>esse</strong></span> <span class='ocrx_word' id='word_1_732' title='bbox 1822 2357 1830 2376; x_wconf 77' lang='grc' dir='ltr'>ε</span> <span class='ocrx_word' id='word_1_733' title='bbox 1857 2354 2000 2387; x_wconf 85' lang='lat' dir='ltr'><strong>namque</strong></span> <span class='ocrx_word' id='word_1_734' title='bbox 2015 2344 2057 2377; x_wconf 90' lang='lat' dir='ltr'><strong>ad</strong></span> <span class='ocrx_word' id='word_1_735' title='bbox 2073 2345 2251 2387; x_wconf 82' lang='lat' dir='ltr'><strong>justitiam,</strong></span> <span class='ocrx_word' id='word_1_736' title='bbox 2269 2349 2392 2391; x_wconf 84' lang='lat' dir='ltr'><strong>tempe-</strong></span> 
     </span>
    </p>
   </div>
   <div class='ocr_carea' id='block_1_8' title="bbox 1347 2391 2385 2482">
    <p class='ocr_par' dir='ltr' id='par_1_13' title="bbox 1347 2391 2385 2482">
     <span class='ocr_line' id='line_1_92' title="bbox 1349 2391 2385 2443; baseline -0.002 -13"><span class='ocrx_word' id='word_1_737' title='bbox 1349 2397 1511 2435; x_wconf 86' lang='lat' dir='ltr'><strong>rantiam,</strong></span> <span class='ocrx_word' id='word_1_738' title='bbox 1534 2395 1765 2443; x_wconf 67' lang='lat' dir='ltr'><strong>fortitudinem</strong></span> <span class='ocrx_word' id='word_1_739' title='bbox 1780 2394 1984 2434; x_wconf 81' lang='lat' dir='ltr'><strong>caeterasque</strong></span> <span class='ocrx_word' id='word_1_740' title='bbox 2007 2391 2152 2425; x_wconf 88' lang='lat' dir='ltr'><strong>virtutes</strong></span> <span class='ocrx_word' id='word_1_741' title='bbox 2172 2393 2243 2436; x_wconf 86' lang='lat' dir='ltr'><strong>apti</strong></span> <span class='ocrx_word' id='word_1_742' title='bbox 2258 2403 2385 2435; x_wconf 73' lang='lat' dir='ltr'><strong>sumus,</strong></span> 
     </span>
     <span class='ocr_line' id='line_1_93' title="bbox 1347 2439 1807 2482; baseline -0.013 -10"><span class='ocrx_word' id='word_1_743' title='bbox 1347 2449 1451 2482; x_wconf 91' lang='lat' dir='ltr'><strong>quum</strong></span> <span class='ocrx_word' id='word_1_744' title='bbox 1468 2439 1614 2481; x_wconf 89' lang='lat' dir='ltr'><strong>primum</strong></span> <span class='ocrx_word' id='word_1_745' title='bbox 1630 2443 1807 2474; x_wconf 87' lang='lat' dir='ltr'><strong>nascunur.</strong></span> 
     </span>
    </p>
   </div>
   <div class='ocr_carea' id='block_1_9' title="bbox 1347 2484 2392 2591">
    <p class='ocr_par' dir='ltr' id='par_1_14' title="bbox 1347 2484 2392 2591">
     <span class='ocr_line' id='line_1_94' title="bbox 1388 2484 2392 2528; baseline -0.003 -3"><span class='ocrx_word' id='word_1_746' title='bbox 1388 2491 1454 2525; x_wconf 88' lang='lat' dir='ltr'><strong>Sed</strong></span> <span class='ocrx_word' id='word_1_747' title='bbox 1469 2493 1579 2523; x_wconf 88' lang='lat' dir='ltr'><strong>tamen</strong></span> <span class='ocrx_word' id='word_1_748' title='bbox 1599 2487 1691 2521; x_wconf 89' lang='lat' dir='ltr'><strong>aliud</strong></span> <span class='ocrx_word' id='word_1_749' title='bbox 1715 2485 1873 2528; x_wconf 87' lang='lat' dir='ltr'><strong>quiddam</strong></span> <span class='ocrx_word' id='word_1_750' title='bbox 1901 2484 2118 2528; x_wconf 87' lang='lat' dir='ltr'><strong>requirimus,</strong></span> <span class='ocrx_word' id='word_1_751' title='bbox 2153 2486 2218 2519; x_wconf 88' lang='lat' dir='ltr'><strong>rati</strong></span> <span class='ocrx_word' id='word_1_752' title='bbox 2236 2496 2302 2521; x_wconf 90' lang='lat' dir='ltr'><strong>non</strong></span> <span class='ocrx_word' id='word_1_753' title='bbox 2327 2488 2392 2522; x_wconf 76' lang='lat' dir='ltr'><strong>has</strong></span> 
     </span>
     <span class='ocr_line' id='line_1_95' title="bbox 1347 2544 2097 2591; baseline -0.009 -6"><span class='ocrx_word' id='word_1_754' title='bbox 1347 2561 1418 2586; x_wconf 89' lang='lat' dir='ltr'><strong>esse</strong></span> <span class='ocrx_word' id='word_1_755' title='bbox 1429 2550 1515 2589; x_wconf 88' lang='lat' dir='ltr'><strong>illas,</strong></span> <span class='ocrx_word' id='word_1_756' title='bbox 1529 2558 1604 2591; x_wconf 84' lang='lat' dir='ltr'><strong>quae</strong></span> <span class='ocrx_word' id='word_1_757' title='bbox 1622 2547 1752 2590; x_wconf 83' lang='lat' dir='ltr'><strong>proprie</strong></span> <span class='ocrx_word' id='word_1_758' title='bbox 1770 2546 1923 2581; x_wconf 88' lang='lat' dir='ltr'><strong>dicantur</strong></span> <span class='ocrx_word' id='word_1_759' title='bbox 1946 2544 2097 2578; x_wconf 82' lang='lat' dir='ltr'><strong>virtutes.</strong></span> 
     </span>
    </p>
   </div>
   <div class='ocr_carea' id='block_1_10' title="bbox 1347 2603 2393 2955">
    <p class='ocr_par' dir='ltr' id='par_1_15' title="bbox 1347 2603 2393 2955">
     <span class='ocr_line' id='line_1_96' title="bbox 1388 2603 2391 2649; baseline -0.005 -5"><span class='ocrx_word' id='word_1_760' title='bbox 1388 2611 1430 2644; x_wconf 88' lang='lat' dir='ltr'><strong>Hi</strong></span> <span class='ocrx_word' id='word_1_761' title='bbox 1445 2610 1533 2643; x_wconf 85' lang='lat' dir='ltr'><strong>enim</strong></span> <span class='ocrx_word' id='word_1_762' title='bbox 1547 2608 1681 2641; x_wconf 87' lang='lat' dir='ltr'><strong>habitus</strong></span> <span class='ocrx_word' id='word_1_763' title='bbox 1694 2606 1752 2649; x_wconf 88' lang='lat' dir='ltr'><strong>qui</strong></span> <span class='ocrx_word' id='word_1_764' title='bbox 1767 2605 1801 2638; x_wconf 90' lang='lat' dir='ltr'><strong>in</strong></span> <span class='ocrx_word' id='word_1_765' title='bbox 1813 2604 1924 2647; x_wconf 88' lang='lat' dir='ltr'><strong>pueris</strong></span> <span class='ocrx_word' id='word_1_766' title='bbox 1939 2605 1972 2636; x_wconf 86' lang='lat' dir='ltr'><strong>et</strong></span> <span class='ocrx_word' id='word_1_767' title='bbox 1987 2604 2102 2637; x_wconf 86' lang='lat' dir='ltr'><strong>bestiis</strong></span> <span class='ocrx_word' id='word_1_768' title='bbox 2120 2603 2391 2639; x_wconf 85' lang='lat' dir='ltr'><strong>animadvertun-</strong></span> 
     </span>
     <span class='ocr_line' id='line_1_97' title="bbox 1348 2653 2390 2700; baseline -0.007 -4"><span class='ocrx_word' id='word_1_769' title='bbox 1348 2665 1422 2700; x_wconf 91' lang='lat' dir='ltr'><strong>tur,</strong></span> <span class='ocrx_word' id='word_1_770' title='bbox 1442 2668 1676 2700; x_wconf 86' lang='lat' dir='ltr'><strong>nonnunquam</strong></span> <span class='ocrx_word' id='word_1_771' title='bbox 1705 2657 1942 2690; x_wconf 88' lang='lat' dir='ltr'><strong>detrimentum</strong></span> <span class='ocrx_word' id='word_1_772' title='bbox 1968 2653 2133 2692; x_wconf 82' lang='lat' dir='ltr'><strong>afferunt,</strong></span> <span class='ocrx_word' id='word_1_773' title='bbox 2154 2655 2234 2697; x_wconf 88' lang='lat' dir='ltr'><strong>quia</strong></span> <span class='ocrx_word' id='word_1_774' title='bbox 2257 2655 2327 2689; x_wconf 89' lang='lat' dir='ltr'><strong>sine</strong></span> <span class='ocrx_word' id='word_1_775' title='bbox 2342 2657 2390 2689; x_wconf 87' lang='lat' dir='ltr'><strong>in-</strong></span> 
     </span>
     <span class='ocr_line' id='line_1_98' title="bbox 1347 2705 2391 2748; baseline -0.007 -2"><span class='ocrx_word' id='word_1_776' title='bbox 1347 2713 1483 2747; x_wconf 87' lang='lat' dir='ltr'><strong>tellectu</strong></span> <span class='ocrx_word' id='word_1_777' title='bbox 1499 2711 1565 2743; x_wconf 89' lang='lat' dir='ltr'><strong>illis</strong></span> <span class='ocrx_word' id='word_1_778' title='bbox 1584 2709 1697 2742; x_wconf 88' lang='lat' dir='ltr'><strong>insunt</strong></span> <span class='ocrx_word' id='word_1_779' title='bbox 1716 2719 1724 2738; x_wconf 90' lang='lat'>:</span> <span class='ocrx_word' id='word_1_780' title='bbox 1751 2710 1785 2741; x_wconf 89' lang='lat' dir='ltr'><strong>et</strong></span> <span class='ocrx_word' id='word_1_781' title='bbox 1803 2709 1840 2740; x_wconf 93' lang='lat' dir='ltr'><strong>ut</strong></span> <span class='ocrx_word' id='word_1_782' title='bbox 1856 2706 1966 2740; x_wconf 88' lang='lat' dir='ltr'><strong>valido</strong></span> <span class='ocrx_word' id='word_1_783' title='bbox 1993 2705 2122 2747; x_wconf 90' lang='lat' dir='ltr'><strong>corpori</strong></span> <span class='ocrx_word' id='word_1_784' title='bbox 2151 2705 2282 2746; x_wconf 82' lang='lat' dir='ltr'><strong>accidit,</strong></span> <span class='ocrx_word' id='word_1_785' title='bbox 2305 2716 2391 2748; x_wconf 88' lang='lat' dir='ltr'><strong>quo-</strong></span> 
     </span>
     <span class='ocr_line' id='line_1_99' title="bbox 1348 2755 2391 2802; baseline -0.006 -5"><span class='ocrx_word' id='word_1_786' title='bbox 1348 2764 1411 2797; x_wconf 90' lang='lat' dir='ltr'><strong>ties</strong></span> <span class='ocrx_word' id='word_1_787' title='bbox 1432 2764 1596 2799; x_wconf 90' lang='lat' dir='ltr'><strong>movetur,</strong></span> <span class='ocrx_word' id='word_1_788' title='bbox 1633 2762 1672 2792; x_wconf 89' lang='lat' dir='ltr'><strong>ut</strong></span> <span class='ocrx_word' id='word_1_789' title='bbox 1705 2759 1805 2802; x_wconf 86' lang='lat' dir='ltr'><strong>pedes</strong></span> <span class='ocrx_word' id='word_1_790' title='bbox 1834 2758 2046 2791; x_wconf 88' lang='lat' dir='ltr'><strong>vehementer</strong></span> <span class='ocrx_word' id='word_1_791' title='bbox 2081 2755 2246 2796; x_wconf 85' lang='lat' dir='ltr'><strong>offendat,</strong></span> <span class='ocrx_word' id='word_1_792' title='bbox 2287 2767 2391 2799; x_wconf 90' lang='lat' dir='ltr'><strong>quum</strong></span> 
     </span>
     <span class='ocr_line' id='line_1_100' title="bbox 1347 2806 2393 2846; baseline -0.009 0"><span class='ocrx_word' id='word_1_793' title='bbox 1347 2814 1418 2846; x_wconf 89' lang='lat' dir='ltr'><strong>sine</strong></span> <span class='ocrx_word' id='word_1_794' title='bbox 1450 2812 1584 2845; x_wconf 88' lang='lat' dir='ltr'><strong>videndi</strong></span> <span class='ocrx_word' id='word_1_795' title='bbox 1614 2820 1711 2844; x_wconf 88' lang='lat' dir='ltr'><strong>sensu</strong></span> <span class='ocrx_word' id='word_1_796' title='bbox 1742 2810 1910 2846; x_wconf 88' lang='lat' dir='ltr'><strong>movetur,</strong></span> <span class='ocrx_word' id='word_1_797' title='bbox 1945 2807 1992 2839; x_wconf 90' lang='lat' dir='ltr'><strong>ita</strong></span> <span class='ocrx_word' id='word_1_798' title='bbox 2015 2807 2113 2840; x_wconf 90' lang='lat' dir='ltr'><strong>etiam</strong></span> <span class='ocrx_word' id='word_1_799' title='bbox 2141 2806 2225 2840; x_wconf 84' lang='lat' dir='ltr'><strong>tales</strong></span> <span class='ocrx_word' id='word_1_800' title='bbox 2258 2807 2393 2843; x_wconf 72' lang='lat' dir='ltr'><strong>habitus</strong></span> 
     </span>
     <span class='ocr_line' id='line_1_101' title="bbox 1347 2857 2393 2898; baseline -0.005 -1"><span class='ocrx_word' id='word_1_801' title='bbox 1347 2864 1416 2897; x_wconf 88' lang='lat' dir='ltr'><strong>sine</strong></span> <span class='ocrx_word' id='word_1_802' title='bbox 1432 2863 1601 2896; x_wconf 88' lang='lat' dir='ltr'><strong>intellectu</strong></span> <span class='ocrx_word' id='word_1_803' title='bbox 1625 2862 1730 2895; x_wconf 88' lang='lat' dir='ltr'><strong>malos</strong></span> <span class='ocrx_word' id='word_1_804' title='bbox 1758 2869 1829 2893; x_wconf 89' lang='lat' dir='ltr'><strong>esse</strong></span> <span class='ocrx_word' id='word_1_805' title='bbox 1858 2859 2005 2898; x_wconf 85' lang='lat' dir='ltr'><strong>constat,</strong></span> <span class='ocrx_word' id='word_1_806' title='bbox 2028 2867 2105 2890; x_wconf 91' lang='lat' dir='ltr'><strong>cum</strong></span> <span class='ocrx_word' id='word_1_807' title='bbox 2123 2857 2295 2891; x_wconf 87' lang='lat' dir='ltr'><strong>intellectu</strong></span> <span class='ocrx_word' id='word_1_808' title='bbox 2312 2868 2393 2892; x_wconf 86' lang='lat' dir='ltr'><strong>vero</strong></span> 
     </span>
     <span class='ocr_line' id='line_1_102' title="bbox 1348 2909 2392 2955; baseline -0.004 -7"><span class='ocrx_word' id='word_1_809' title='bbox 1348 2916 1450 2949; x_wconf 88' lang='lat' dir='ltr'><strong>bonos</strong></span> <span class='ocrx_word' id='word_1_810' title='bbox 1475 2927 1481 2946; x_wconf 94' lang='lat'>:</span> <span class='ocrx_word' id='word_1_811' title='bbox 1502 2913 1590 2947; x_wconf 90' lang='lat' dir='ltr'><strong>unde</strong></span> <span class='ocrx_word' id='word_1_812' title='bbox 1603 2915 1638 2946; x_wconf 90' lang='lat' dir='ltr'><strong>et</strong></span> <span class='ocrx_word' id='word_1_813' title='bbox 1658 2912 1788 2955; x_wconf 88' lang='lat' dir='ltr'><strong>proprie</strong></span> <span class='ocrx_word' id='word_1_814' title='bbox 1809 2910 1953 2944; x_wconf 84' lang='lat' dir='ltr'><strong>virtutes</strong></span> <span class='ocrx_word' id='word_1_815' title='bbox 1968 2911 2140 2942; x_wconf 87' lang='lat' dir='ltr'><strong>vocantur.</strong></span> <span class='ocrx_word' id='word_1_816' title='bbox 2161 2911 2279 2950; x_wconf 82' lang='lat' dir='ltr'><strong>Itaque</strong></span> <span class='ocrx_word' id='word_1_817' title='bbox 2291 2909 2392 2944; x_wconf 87' lang='lat' dir='ltr'><strong>iidem</strong></span> 
     </span>
    </p>
   </div>
   <div class='ocr_carea' id='block_1_11' title="bbox 1347 2960 2392 3195">
    <p class='ocr_par' dir='ltr' id='par_1_16' title="bbox 1347 2960 2392 3195">
     <span class='ocr_line' id='line_1_103' title="bbox 1348 2960 2391 3004; baseline -0.008 -5"><span class='ocrx_word' id='word_1_818' title='bbox 1348 2966 1481 2999; x_wconf 90' lang='lat' dir='ltr'><strong>habitus</strong></span> <span class='ocrx_word' id='word_1_819' title='bbox 1509 2965 1578 2998; x_wconf 91' lang='lat' dir='ltr'><strong>sine</strong></span> <span class='ocrx_word' id='word_1_820' title='bbox 1604 2964 1773 2997; x_wconf 88' lang='lat' dir='ltr'><strong>intellectu</strong></span> <span class='ocrx_word' id='word_1_821' title='bbox 1790 2961 1921 3004; x_wconf 87' lang='lat' dir='ltr'><strong>proprie</strong></span> <span class='ocrx_word' id='word_1_822' title='bbox 1940 2960 2085 2993; x_wconf 88' lang='lat' dir='ltr'><strong>virtutes</strong></span> <span class='ocrx_word' id='word_1_823' title='bbox 2099 2969 2164 2992; x_wconf 90' lang='lat' dir='ltr'><strong>non</strong></span> <span class='ocrx_word' id='word_1_824' title='bbox 2188 2962 2284 2999; x_wconf 87' lang='lat' dir='ltr'><strong>sunt,</strong></span> <span class='ocrx_word' id='word_1_825' title='bbox 2313 2969 2391 2992; x_wconf 89' lang='lat' dir='ltr'><strong>cum</strong></span> 
     </span>
     <span class='ocr_line' id='line_1_104' title="bbox 1347 3006 2392 3053; baseline -0.007 -6"><span class='ocrx_word' id='word_1_826' title='bbox 1347 3014 1518 3047; x_wconf 90' lang='lat' dir='ltr'><strong>intellectu</strong></span> <span class='ocrx_word' id='word_1_827' title='bbox 1552 3014 1664 3045; x_wconf 92' lang='lat' dir='ltr'><strong>autem</strong></span> <span class='ocrx_word' id='word_1_828' title='bbox 1688 3009 1819 3053; x_wconf 91' lang='lat' dir='ltr'><strong>proprie</strong></span> <span class='ocrx_word' id='word_1_829' title='bbox 1845 3008 1988 3041; x_wconf 83' lang='lat' dir='ltr'><strong>virtutes</strong></span> <span class='ocrx_word' id='word_1_830' title='bbox 2025 3007 2108 3039; x_wconf 76' lang='lat' dir='ltr'><strong>fiunt</strong></span> <span class='ocrx_word' id='word_1_831' title='bbox 2136 3019 2144 3038; x_wconf 72' lang='grc' dir='ltr'><strong>ε</strong></span> <span class='ocrx_word' id='word_1_832' title='bbox 2165 3006 2392 3049; x_wconf 83' lang='lat' dir='ltr'><strong>quamobrem</strong></span> 
     </span>
     <span class='ocr_line' id='line_1_105' title="bbox 1349 3053 2392 3101; baseline -0.008 -7"><span class='ocrx_word' id='word_1_833' title='bbox 1349 3062 1435 3094; x_wconf 89' lang='lat' dir='ltr'><strong>sicut</strong></span> <span class='ocrx_word' id='word_1_834' title='bbox 1452 3061 1487 3094; x_wconf 91' lang='lat' dir='ltr'><strong>in</strong></span> <span class='ocrx_word' id='word_1_835' title='bbox 1501 3070 1538 3093; x_wconf 88' lang='lat' dir='ltr'><strong>ea</strong></span> <span class='ocrx_word' id='word_1_836' title='bbox 1556 3059 1655 3093; x_wconf 89' lang='lat' dir='ltr'><strong>animi</strong></span> <span class='ocrx_word' id='word_1_837' title='bbox 1670 3060 1783 3101; x_wconf 87' lang='lat' dir='ltr'><strong>parte,</strong></span> <span class='ocrx_word' id='word_1_838' title='bbox 1806 3064 1881 3099; x_wconf 84' lang='lat' dir='ltr'><strong>quae</strong></span> <span class='ocrx_word' id='word_1_839' title='bbox 1897 3054 1940 3088; x_wconf 88' lang='lat' dir='ltr'><strong>ad</strong></span> <span class='ocrx_word' id='word_1_840' title='bbox 1957 3053 2159 3096; x_wconf 90' lang='lat' dir='ltr'><strong>opinandum</strong></span> <span class='ocrx_word' id='word_1_841' title='bbox 2175 3053 2266 3087; x_wconf 81' lang='lat' dir='ltr'><strong>valet</strong></span> <span class='ocrx_word' id='word_1_842' title='bbox 2276 3079 2286 3094; x_wconf 95' lang='lat'><strong>,</strong></span> <span class='ocrx_word' id='word_1_843' title='bbox 2315 3053 2392 3088; x_wconf 80' lang='lat' dir='ltr'><strong>duae</strong></span> 
     </span>
     <span class='ocr_line' id='line_1_106' title="bbox 1349 3101 2391 3150; baseline -0.009 -8"><span class='ocrx_word' id='word_1_844' title='bbox 1349 3111 1426 3142; x_wconf 90' lang='lat' dir='ltr'><strong>sunt</strong></span> <span class='ocrx_word' id='word_1_845' title='bbox 1444 3107 1583 3150; x_wconf 86' lang='lat' dir='ltr'><strong>species,</strong></span> <span class='ocrx_word' id='word_1_846' title='bbox 1608 3106 1752 3139; x_wconf 87' lang='lat' dir='ltr'><strong>sollertia</strong></span> <span class='ocrx_word' id='word_1_847' title='bbox 1776 3113 1815 3137; x_wconf 92' lang='lat' dir='ltr'><strong>ac</strong></span> <span class='ocrx_word' id='word_1_848' title='bbox 1833 3102 2023 3146; x_wconf 85' lang='lat' dir='ltr'><strong>prudentia,</strong></span> <span class='ocrx_word' id='word_1_849' title='bbox 2050 3101 2102 3134; x_wconf 80' lang='lat' dir='ltr'><strong>ita&#39;</strong></span> <span class='ocrx_word' id='word_1_850' title='bbox 2124 3101 2159 3134; x_wconf 91' lang='lat' dir='ltr'><strong>in</strong></span> <span class='ocrx_word' id='word_1_851' title='bbox 2174 3101 2293 3134; x_wconf 84' lang='lat' dir='ltr'><strong>morali</strong></span> <span class='ocrx_word' id='word_1_852' title='bbox 2315 3101 2391 3135; x_wconf 79' lang='lat' dir='ltr'><strong>duoe</strong></span> 
     </span>
     <span class='ocr_line' id='line_1_107' title="bbox 1349 3147 2392 3195; baseline -0.009 -6"><span class='ocrx_word' id='word_1_853' title='bbox 1349 3157 1427 3188; x_wconf 86' lang='lat' dir='ltr'><strong>sunt</strong></span> <span class='ocrx_word' id='word_1_854' title='bbox 1437 3181 1445 3195; x_wconf 87' lang='lat'><strong><em>‚</em></strong></span> <span class='ocrx_word' id='word_1_855' title='bbox 1460 3155 1565 3188; x_wconf 89' lang='lat' dir='ltr'><strong>altera</strong></span> <span class='ocrx_word' id='word_1_856' title='bbox 1583 3153 1692 3187; x_wconf 85' lang='lat' dir='ltr'><strong>virtus</strong></span> <span class='ocrx_word' id='word_1_857' title='bbox 1703 3150 1864 3185; x_wconf 87' lang='lat' dir='ltr'><strong>naturalis</strong></span> <span class='ocrx_word' id='word_1_858' title='bbox 1877 3175 1885 3191; x_wconf 91' lang='lat'><strong>‚</strong></span> <span class='ocrx_word' id='word_1_859' title='bbox 1906 3149 2010 3183; x_wconf 88' lang='lat' dir='ltr'><strong>altera</strong></span> <span class='ocrx_word' id='word_1_860' title='bbox 2025 3157 2103 3192; x_wconf 82' lang='lat' dir='ltr'><strong>quae</strong></span> <span class='ocrx_word' id='word_1_861' title='bbox 2121 3148 2252 3191; x_wconf 86' lang='lat' dir='ltr'><strong>proprie</strong></span> <span class='ocrx_word' id='word_1_862' title='bbox 2270 3147 2392 3182; x_wconf 87' lang='lat' dir='ltr'><strong>dicitur</strong></span> 
     </span>
    </p>
   </div>
   <div class='ocr_carea' id='block_1_12' title="bbox 1350 3204 1469 3237">
    <p class='ocr_par' dir='ltr' id='par_1_17' title="bbox 1350 3204 1469 3237">
     <span class='ocr_line' id='line_1_108' title="bbox 1350 3204 1469 3237; baseline -0.008 0"><span class='ocrx_word' id='word_1_863' title='bbox 1350 3204 1469 3237; x_wconf 88' lang='lat' dir='ltr'><strong>virtus.</strong></span> 
     </span>
    </p>
   </div>
   <div class='ocr_carea' id='block_1_13' title="bbox 250 3285 2391 3304">
    <p class='ocr_par' dir='ltr' id='par_1_18' title="bbox 250 3285 2391 3304">
     <span class='ocr_line' id='line_1_109' title="bbox 250 3285 2391 3304; baseline -0.006 -3"><span class='ocrx_word' id='word_1_864' title='bbox 250 3285 2391 3304; x_wconf 51' lang='grc' dir='ltr'><strong>*ψ</strong></span> 
     </span>
    </p>
   </div>
   <div class='ocr_carea' id='block_1_14' title="bbox 290 3347 2391 3394">
    <p class='ocr_par' dir='ltr' id='par_1_19' title="bbox 290 3347 2391 3394">
     <span class='ocr_line' id='line_1_110' title="bbox 290 3347 2391 3394; baseline 0.002 -11"><span class='ocrx_word' id='word_1_865' title='bbox 290 3351 308 3368; x_wconf 85' lang='lat'><em>*</em></span> <span class='ocrx_word' id='word_1_866' title='bbox 322 3351 461 3384; x_wconf 83' lang='grc' dir='ltr'>Λεκτέον</span> <span class='ocrx_word' id='word_1_867' title='bbox 482 3351 510 3383; x_wconf 76' lang='grc' dir='ltr'>δ’</span> <span class='ocrx_word' id='word_1_868' title='bbox 529 3351 725 3389; x_wconf 79' lang='grc' dir='ltr'>ἐπιστήσασι</span> <span class='ocrx_word' id='word_1_869' title='bbox 748 3351 945 3394; x_wconf 81' lang='grc' dir='ltr'>σαφέστερον</span> <span class='ocrx_word' id='word_1_870' title='bbox 961 3352 1029 3384; x_wconf 74' lang='grc' dir='ltr'>κτλ.</span> <span class='ocrx_word' id='word_1_871' title='bbox 1042 3370 1083 3375; x_wconf 92' lang='grc'>-</span> <span class='ocrx_word' id='word_1_872' title='bbox 1102 3352 1139 3370; x_wconf 87' lang='lat'><strong>**</strong></span> <span class='ocrx_word' id='word_1_873' title='bbox 1156 3351 1232 3394; x_wconf 83' lang='lat' dir='ltr'><strong>Gap.</strong></span> <span class='ocrx_word' id='word_1_874' title='bbox 1261 3355 1310 3386; x_wconf 84' lang='lat'><strong>13.</strong></span> <span class='ocrx_word' id='word_1_875' title='bbox 1329 3353 1489 3387; x_wconf 86' lang='grc' dir='ltr'>Σκεπτέον</span> <span class='ocrx_word' id='word_1_876' title='bbox 1513 3353 1553 3392; x_wconf 85' lang='grc' dir='ltr'>δὴ</span> <span class='ocrx_word' id='word_1_877' title='bbox 1576 3352 1671 3386; x_wconf 86' lang='grc' dir='ltr'>πάλιν</span> <span class='ocrx_word' id='word_1_878' title='bbox 1695 3351 1769 3384; x_wconf 84' lang='grc' dir='ltr'>κτλ.</span> <span class='ocrx_word' id='word_1_879' title='bbox 1799 3365 1841 3373; x_wconf 91' lang='lat'><strong>·-</strong></span> <span class='ocrx_word' id='word_1_880' title='bbox 1867 3348 1920 3367; x_wconf 75' lang='lat'><strong>***</strong></span> <span class='ocrx_word' id='word_1_881' title='bbox 1942 3349 2033 3382; x_wconf 87' lang='grc' dir='ltr'>Πᾶσι</span> <span class='ocrx_word' id='word_1_882' title='bbox 2059 3347 2120 3388; x_wconf 72' lang='grc' dir='ltr'><strong>Υὰο</strong></span> <span class='ocrx_word' id='word_1_883' title='bbox 2146 3348 2239 3381; x_wconf 64' lang='grc' dir='ltr'>δοκεῖ</span> <span class='ocrx_word' id='word_1_884' title='bbox 2259 3347 2330 3382; x_wconf 65' lang='grc' dir='ltr'>κτλ·</span> <span class='ocrx_word' id='word_1_885' title='bbox 2349 3363 2391 3372; x_wconf 76' lang='grc'><strong>’-</strong></span> 
     </span>
    </p>
   </div>
   <div class='ocr_carea' id='block_1_15' title="bbox 250 3397 1338 3442">
    <p class='ocr_par' dir='ltr' id='par_1_20' title="bbox 250 3397 1338 3442">
     <span class='ocr_line' id='line_1_111' title="bbox 250 3397 1338 3442; baseline 0 -10"><span class='ocrx_word' id='word_1_886' title='bbox 250 3397 320 3416; x_wconf 67' lang='grc'><strong>””</strong></span> <span class='ocrx_word' id='word_1_887' title='bbox 343 3397 419 3432; x_wconf 72' lang='grc' dir='ltr'>Ἀλλ’</span> <span class='ocrx_word' id='word_1_888' title='bbox 435 3399 521 3440; x_wconf 81' lang='grc' dir='ltr'>ὅμως</span> <span class='ocrx_word' id='word_1_889' title='bbox 532 3400 602 3431; x_wconf 85' lang='grc' dir='ltr'>κτλ,</span> <span class='ocrx_word' id='word_1_890' title='bbox 619 3415 661 3421; x_wconf 93' lang='grc'>-</span> <span class='ocrx_word' id='word_1_891' title='bbox 681 3397 779 3418; x_wconf 68' lang='lat'><strong>**⁴‘**</strong></span> <span class='ocrx_word' id='word_1_892' title='bbox 798 3399 862 3431; x_wconf 89' lang='grc' dir='ltr'><strong>Καὶ</strong></span> <span class='ocrx_word' id='word_1_893' title='bbox 873 3399 934 3441; x_wconf 89' lang='grc' dir='ltr'>γὰρ</span> <span class='ocrx_word' id='word_1_894' title='bbox 952 3399 1045 3432; x_wconf 85' lang='grc' dir='ltr'>παισὶ</span> <span class='ocrx_word' id='word_1_895' title='bbox 1062 3399 1116 3432; x_wconf 83' lang='grc' dir='ltr'><strong>καὶ</strong></span> <span class='ocrx_word' id='word_1_896' title='bbox 1133 3400 1253 3442; x_wconf 84' lang='grc' dir='ltr'>θηρίοις</span> <span class='ocrx_word' id='word_1_897' title='bbox 1267 3401 1338 3432; x_wconf 81' lang='grc' dir='ltr'>κτλ.</span> 
     </span>
    </p>
   </div>
   <div class='ocr_carea' id='block_1_16' title="bbox 2474 0 2508 586">
    <p class='ocr_par' dir='ltr' id='par_1_21' title="bbox 2474 0 2508 586">
     <span class='ocr_line' id='line_1_112' title="bbox 2474 0 2508 586; baseline 0 3190"><span class='ocrx_word' id='word_1_898' title='bbox 2474 0 2508 586; x_wconf 95' lang='lat' dir='ltr'><strong> </strong></span> 
     </span>
    </p>
   </div>
  </div>
 </body>
</html>
