2508 3776
307 153 383 192 428

306 238 392 278 cod.
418 232 634 275 Andronici
659 233 706 275 ὡς
727 229 785 268 ἐπὶ
805 228 911 268 πλέον
924 258 935 279 ,
956 237 1001 272 ut
1029 228 1220 278 Stagiritae
1240 227 1342 266 liber

305 294 547 334 parisiensis.
569 313 623 320 —
640 301 654 318 θ
673 292 691 327 ὁ
711 286 1007 341 προσδιορισμός]
1043 288 1129 327 cod.
1152 286 1210 325 τὸν
1231 302 1342 338 προσ-

306 353 495 407 διορισμόν.
527 373 580 381 -
609 360 620 383 f
643 347 925 398 ἐπιὸουλεύσων]
958 346 1046 386 cod.
1080 344 1339 396 ἐμὸουλεύσων.

303 427 387 451 -g
415 410 584 462 ἐλλιπής]
613 405 1010 453 (ιοί1.ἐλλειπής.--11
1041 403 1269 456 μολύὸδινος]
1299 416 1348 441 ex

305 471 524 511 Aiistotelis
543 468 648 507 l1b1o
664 466 903 514 Pa11s1ens1
924 465 1011 504 cod.
1031 463 1246 502 Andronici
1259 475 1347 502 cum

305 532 392 570 aliis
411 529 605 579 Stagiritae
634 525 872 565 membranis
902 522 1108 575 μολίὸδινος.
1137 521 1214 553 -i
1236 520 1269 571 δ’,
1293 521 1346 574 τι]

306 590 393 631 cod.
416 587 482 628 ὅτι.
499 588 570 640 -)

732 701 825 752 Κεφ.·
859 695 914 743 ιζ’.

514 812 589 845 Ὅτι
604 811 641 845 οὐ
654 810 790 844 δυνατὸν
815 809 995 842 ἀδικεῖσθαι
1016 807 1143 840 ἑαυτόν.

360 913 507 964 Ῥητεόν
532 912 568 952 δὲ
591 911 671 963 περὶ
690 913 749 949 τοῦ
772 910 965 948 ἀδικεῖσθαι
986 907 1219 960 τελεώτερον,
1239 908 1267 945 εἷ
1288 905 1351 945 δύ-

307 975 408 1016 ναταί
429 990 513 1013 ποτε
541 970 694 1011 ἑκούσιον
716 962 818 1009 εἶναι.
841 968 1076 1008 Ἐπειτοίνυν
1101 971 1124 1015 ἠ
1148 966 1348 1015 δικαιοσύνη

308 1034 368 1075 καὶ
387 1037 409 1080 ἡ
426 1032 543 1071 ἀδικία
565 1034 585 1078 ἡ
605 1029 665 1081 μὲν
683 1028 852 1075 καθολική
867 1028 918 1073 τίς
933 1029 1006 1067 ἐστι
1023 1026 1082 1066 καὶ
1096 1025 1212 1065 τελεία
1229 1026 1348 1077 ἀρετη,

308 1093 422 1137 καθὼς
457 1093 648 1141 δέδεικται,
676 1089 801 1140 ὁμοίοις
828 1088 862 1127 δὲ
885 1087 945 1127 καὶ
965 1091 987 1135 ἡ
1023 1087 1140 1126 ἀδικία
1160 1086 1291 1136 κακία,
1327 1087 1349 1133 ἡ

310 1154 346 1192 δὲ
371 1152 510 1205 μερική·
534 1149 678 1222 φανερὸν
705 1147 757 1186 ὅτι
777 1146 854 1185 οὔτε
876 1146 966 1185 κατὰ
990 1146 1052 1194 τὴν
1077 1144 1246 1193 καθόλου,
1270 1143 1349 1182 οὔτε

313 1210 402 1252 κατὰ
430 1210 494 1257 τὴν
517 1208 661 1260 μερικὴν
686 1207 822 1245 ἀδικίαν
847 1204 990 1244 δυνατόν
1022 1221 1100 1243 τινα
1133 1204 1254 1242 ἑαυτὸν
1277 1204 1350 1241 ἀδι-

311 1277 395 1311 κεῖν·
417 1270 543 1309 δοκεῖ
526 1267 561 1307 οὲ
578 1266 720 1306 δυνατὸν
737 1260 839 1304 εἶναι
859 1264 927 1304 Διὰ
947 1268 1075 1312 ταῦτα,
1098 1269 1157 1304 τοῦ
1176 1264 1283 1315 νόμου
1304 1262 1352 1312 μὴ

312 1328 511 1371 κελεύοντος
536 1325 658 1364 ἑαυτόν
684 1340 763 1363 τινα
785 1323 1002 1362 ἀποκτείνειν
1017 1352 1028 1372 ,
1049 1322 1253 1375 παράνομόν
1280 1323 1353 1360 ἔστι

309 1389 349 1428 τὸ
371 1386 491 1427 ἑαυτόν
509 1401 586 1424 τινα
604 1383 834 1422 ἀποκτείνειν·
853 1381 870 1420 ὃ
890 1382 957 1434 γὰρ
976 1381 1024 1432 μὴ
1047 1381 1177 1421 κελεύει
1199 1384 1217 1420 6
1235 1381 1353 1432 νόμος,

313 1444 535 1498 ἀπαγορεύει·
555 1443 595 1482 τὸ
627 1442 663 1480 δὲ
693 1442 919 1494 παράνομον,
943 1439 1085 1487 ἄδικον,
1122 1441 1182 1479 καὶ
1210 1441 1355 1479 ἀδικεῖὁ

311 1505 431 1545 ἑαυτὸν
455 1501 673 1546 ἀποκτείνας·
694 1503 711 1539 6
730 1501 766 1539 δὲ
790 1501 917 1538 ἀδικῶν
938 1499 1016 1538 τινὰ
1036 1501 1159 1539 ἀδικεῖ·
1188 1501 1291 1549 δῆλον
1314 1498 1355 1546 δὴ

312 1565 365 1604 ὅτι
392 1563 513 1603 ἑαυτὸν
538 1563 661 1600 ἀδικεῖ·
689 1564 788 1599 τοῦτο
817 1559 854 1597 δὲ
882 1558 941 1597 καὶ
979 1559 1145 1604 ἑκουσίως
1181 1560 1355 1607 ἐποίησεν·

313 1622 476 1666 ἑκουσίως
497 1621 565 1674 ἄρα
588 1621 773 1658 ἀδικεῖται.
807 1617 892 1658 Ἔτι
914 1618 949 1657 δὲ
970 1619 1030 1658 καὶ
1059 1621 1077 1657 6
1095 1619 1194 1672 παρὰ
1217 1619 1276 1658 τὸν
1295 1617 1355 1657 νό-

316 1699 379 1736 μον
402 1681 566 1736 βλάπτων
593 1678 689 1727 τινά,
710 1678 770 1718 καὶ
791 1678 840 1729 μὴ
862 1678 1075 1728 ἀμυνόμενος
1107 1678 1167 1717 καὶ
1189 1677 1357 1722 ἀντιὸλά-

314 1758 432 1792 πτων,
455 1740 543 1779 ἀλλὰ
563 1738 818 1792 προκατάρχων
839 1741 901 1785 τῆς
924 1737 1080 1789 βλάὸης,
1101 1737 1188 1776 ἑκὼν
1219 1739 1354 1785 ἀδικεῖ,

313 1803 396 1840 ὅταν
416 1800 476 1839 καὶ
494 1797 649 1851 γινώσκῃ
666 1802 681 1820 ⁸
700 1797 763 1844 τὴν
786 1795 924 1850 βλάὸην
944 1795 1004 1834 καὶ
1024 1796 1081 1834 τὸν
1104 1796 1358 1849 βλαπτόμενον,

312 1861 373 1900 καὶ
396 1859 509 1898 τᾶλλα
525 1857 542 1881 ¹’
561 1856 606 1896 τὰ
628 1857 706 1909 περὶ
726 1856 766 1895 τὸ
796 1862 960 1907 πρᾶγμα·
992 1859 1010 1894 6
1031 1855 1066 1893 δὲ
1085 1857 1129 1893 δι’
1151 1857 1258 1909 ὀργὴν
1279 1858 1358 1894 ἑαυ-

314 1919 371 1958 τὸν
403 1915 606 1970 ἀποσφάξας
641 1915 718 1955 οὔτε
752 1915 922 1964 ἀμύνεται
952 1914 1100 1963 ἑαυτόν,
1120 1916 1180 1953 καὶ
1196 1914 1359 1965 γινώσκει

315 1978 374 2018 καὶ
395 1976 537 2023 ἑαυτόν,
565 1990 625 2013 και
641 1973 704 2021 τὴν
729 1973 890 2026 βλάὸην,
915 1974 973 2012 καὶ
994 1973 1111 2011 πάντα
1144 1973 1189 2012 τὰ
1219 1974 1300 2027 περὶ
1321 1973 1360 2011 τὸ

314 2043 484 2088 πρᾶγμα,
502 2033 589 2073 ἑκὼν
606 2033 674 2086 ἄρα
692 2034 816 2071 ἀδικεῖ·
833 2031 914 2070 εἰδὲ
934 2029 1021 2070 ἑκὼν
1039 2033 1174 2079 ἀδικεῖ,
1193 2032 1253 2070 καὶ
1273 2031 1359 2070 ἑκὼν

317 2098 500 2134 ἀδικεῖται.
544 2091 612 2132 Διὰ
632 2096 743 2130 ταῦτα
776 2090 838 2142 μὲν
870 2093 927 2129 οὖν
965 2091 1058 2129 δοκεῖ
1092 2090 1237 2129 δυνατὸν
1271 2094 1359 2129 εἰναι

317 2153 480 2197 ἑκουσίως
501 2149 699 2190 ἀδικεῖσθαί
718 2165 796 2188 τινα
828 2147 919 2188 κατὰ
950 2148 1012 2197 τὴν
1032 2150 1180 2188 καθόλου
1201 2149 1360 2198 ἀδικίαν,

322 2214 398 2262 ἥτις
418 2212 513 2251 ἐστὶν
535 2209 676 2249 ἐναντία
698 2212 741 2262 τῇ
763 2209 911 2247 καθόλου
935 2208 1133 2261 δικαιοσύνῃ
1148 2238 1159 2258 ,
1178 2208 1254 2256 ἥτις
1274 2212 1363 2261 χρῆ-

317 2273 368 2318 σίς
387 2275 461 2311 ε’στι
480 2271 597 2318 πάσης
621 2271 758 2322 ἀρετῆς.
776 2269 828 2308 Τὸ
844 2268 911 2322 γὰρ
936 2268 978 2306 δι’
1001 2268 1105 2321 ὀργὴν
1127 2268 1247 2307 ἑαυτὸν
1272 2271 1362 2307 ἀπο-

320 2332 482 2385 σφάττειν
503 2328 656 2369 ἐναντίον
675 2327 749 2366 ἐστὶ
769 2330 819 2380 τῷ
839 2329 931 2366 κατὰ
954 2327 1015 2375 τὴν
1040 2328 1226 2382 πραότητα
1245 2328 1359 2381 νόμῳ.

317 2395 432 2432 Τοῦτο
449 2390 484 2429 δὲ
508 2388 561 2428 ὅτι
578 2386 745 2426 ἀδύνατόν
763 2389 855 2425 ἐστιν
867 2418 879 2438 ,
903 2387 975 2425 ἀπὸ
1003 2389 1072 2426 τῶν
1099 2387 1362 2440 προειρημένων

321 2450 469 2502 ἐδείχθη·
490 2451 508 2487 ὃ
536 2447 603 2499 γὰρ
634 2445 777 2500 ὁρισμὸς
799 2449 858 2484 τοῦ
892 2447 1086 2486 ἀδικεῖσθαι
1116 2447 1268 2491 ἐναντίος
1290 2446 1363 2486 ἐστὶ

319 2511 370 2562 τῷ
391 2512 450 2546 τοῦ
469 2506 626 2545 ἑκουσίου
651 2506 761 2559 λόγῳ.

374 2566 389 2583 *
410 2565 455 2605 ‘O
477 2565 512 2603 δὲ
533 2564 685 2608 ἐναντίος
700 2564 825 2614 λόγος,
847 2565 993 2605 καθόσον
1016 2563 1080 2615 μὲν
1103 2563 1266 2608 ἑκουσίως
1287 2565 1365 2603 ἀδι-

321 2626 392 2664 κεῖν
418 2639 502 2677 φησι
521 2623 578 2661 τὸν
606 2622 856 2675 ἀποσφάξαντα
887 2623 1037 2674 ἑαυτόν,
1073 2623 1256 2671 ἀληθεύει,
1293 2639 1364 2662 κα-

322 2683 420 2724 θόσον
441 2682 480 2721 δέ
510 2696 613 2734 φησιν
635 2681 738 2720 αὐτὸν
772 2680 894 2721 ἑαυτὸν
928 2683 1081 2730 ἀδικεῖν,
1113 2681 1292 2735 ψεύδεται·
1325 2683 1363 2720 06

322 2742 389 2794 γὰρ
410 2740 510 2785 αὐτὸς
531 2741 716 2791 ἀδικεῖται,
732 2742 770 2779 06
785 2740 852 2793 γὰρ
864 2740 962 2794 παρὰ
976 2747 1041 2789 τήν
1064 2741 1235 2795 βούλησιν
1259 2744 1365 2781 αὐτοῦ

323 2800 363 2840 τὸ
393 2798 519 2848 κακόν,
548 2798 639 2838 ἀλλὰ
653 2803 675 2847 ἡ
696 2799 819 2851 πόλις,
841 2800 864 2848 ἣ
886 2803 1073 2852 ζημιοῦται
1104 2800 1362 2853 στρατηγόν,ἢ

324 2858 560 2912 στρατιώτην,
596 2858 619 2905 ἢ
656 2859 836 2910 οἰκοδόμον
849 2890 861 2911 ,
896 2859 919 2907 ἢ
954 2861 1101 2909 πολίτην
1125 2861 1264 2909 ἁπλῶς,
1306 2860 1366 2899 καὶ

324 2918 422 2970 παρὰ
450 2916 512 2965 τὴν
535 2919 640 2964 αὐτῆς
658 2917 839 2993 βρύλησιν.

379 2976 415 2993 **
436 2976 505 3016 Διὰ
522 2980 619 3015 τοῦτο
638 2992 696 3015 και
712 2980 758 3020 ὡς
773 2978 965 3029 ἠδικημένη
982 2978 1117 3023 δίκας’
1097 2983 1241 3018 απαιτεῖ
1252 2983 1267 3003 ⁰
1279 2981 1366 3032 παρ’

327 3039 454 3086 αὐτοῦ,
477 3036 674 3085 ἀμυνομένη
704 3037 804 3076 αὐτὸν
839 3039 881 3076 δι’
903 3042 950 3076 ὧν
982 3038 1193 3084 ἔξεστιν·οὔ
1222 3038 1290 3092 γὰρ
1323 3040 1365 3092 ἐᾷ

327 3097 468 3137 θάπτειν
492 3096 531 3133 τὸ
551 3099 670 3146 σῶμα.

378 3154 431 3172 *'‘*
445 3154 546 3194 Κατὰ
562 3154 622 3205 μὲν
637 3148 695 3194 οῧν
708 3154 772 3203 τὴν
783 3155 932 3195 καθόλου
947 3156 1100 3206 ἀδικίαν,
1119 3157 1173 3195 ὅτι
1190 3159 1256 3209 οὐχ
1270 3156 1368 3195 ἑκού-

328 3230 401 3254 σιον
421 3214 461 3253 τὸ
481 3215 696 3262 ἀδικεῖσθαι,
724 3214 910 3254 δέδεικται·
937 3215 1029 3254 κατὰ
1050 3216 1086 3254 δὲ
1105 3215 1169 3263 τὴν
1199 3216 1365 3268 μερικήν,

1086 140 1361 182 ANDRONICI
1393 138 1572 181 RHODH

1827 701 1904 743 Gap.
1933 700 2034 732 xvn.

1591 815 1748 845 Neminem
1764 821 1848 853 posse
1866 822 1898 844 se
1908 813 2007 851 ipsum
2026 811 2139 849 injuria
2149 811 2281 842 afficere.

1455 923 1505 954 De
1520 921 1639 963 injuria
1666 922 1777 954 autem
1804 919 1993 963 accipienda
2022 917 2151 962 plenius
2183 916 2360 952 dicendum
2386 921 2458 959 est,
2487 919 2491 930 “

1414 992 1495 1015 num
1513 981 1688 1024 aliquando
1707 991 1760 1015 res
1772 980 1958 1014 voluntaria
1975 989 2046 1013 esse
2060 978 2178 1022 possit.
2204 979 2316 1016 Quum
2332 976 2460 1020 ,ustitia
2489 1023 2491 1026 Α

1416 1049 1491 1081 ergo
1507 1041 1539 1073 et
1557 1039 1738 1081 injustitia,
1770 1039 1873 1071 altera
1901 1038 2036 1081 quidem
2064 1037 2269 1076 universalis,
2299 1035 2462 1081 quemad-

1415 1099 1551 1132 modum
1577 1098 1798 1137 ostendimus,
1833 1099 1866 1130 et
1894 1096 2052 1138 perfecta,
2085 1096 2194 1129 virtus
2224 1095 2289 1137 sit,
2327 1095 2463 1129 itidem·
2493 1079 2497 1098 ἲ

1416 1167 1482 1200 que
1510 1157 1576 1190 tale
1609 1166 1743 1199 quoque
1770 1156 1889 1188 vitium
1917 1155 2096 1198 injustitia,
2120 1155 2224 1188 altera
2251 1162 2332 1188 vero
2354 1154 2463 1197 singu-
2494 1177 2499 1187 2

1416 1216 1515 1256 laris,
1540 1214 1753 1248 manifestum
1769 1216 1830 1255 est,
1852 1223 1913 1247 nec
1939 1214 2123 1248 secundum
2147 1213 2372 1248 universalem
2399 1220 2461 1246 nec
2496 1215 2500 1257 ᾖ

1415 1334 1536 1376 juriam
1563 1332 1689 1375 facere,
1722 1333 1875 1375 quamvis
1903 1342 1999 1375 posse
2030 1332 2196 1384 videatur.
2245 1333 2462 1375 Quapropter,

1418 1404 1523 1435 quum
1539 1394 1592 1427 lex
1617 1403 1683 1426 non
1704 1394 1829 1437 jubeat,
1855 1395 1894 1426 ut
1920 1393 2041 1436 aliquis
2063 1403 2100 1427 se
2114 1393 2224 1436 ipsum
2246 1392 2317 1427 vita
2334 1393 2463 1436 privet,

1418 1453 1604 1486 voluntaria
1624 1462 1714 1486 mors
1734 1453 1862 1495 legibus
1888 1453 2053 1486 contraria
2081 1454 2170 1486 est·
2189 1451 2281 1495 quod
2299 1451 2388 1486 enim
2411 1451 2487 1490 lexa

1408 1274 1600 1307 secundum
1620 1274 1819 1316 singularem
1837 1273 2032 1316 injustitiam
2052 1283 2147 1317 posse
2168 1273 2313 1316 aliquem
2330 1271 2422 1306 sibi
2411 1281 2465 1305 ιιι·
2497 1275 2499 1281 '

2484 1327 2506 1388 '³

2500 1393 2505 1404 q

2489 1473 2508 1517 ς

1420 1520 1484 1543 ιιοιι
1512 1511 1625 1554 jubet,
1660 1511 1696 1544 id
1721 1511 1907 1554 prohihet·
1930 1511 2021 1554 quod
2046 1513 2159 1544 autem
2183 1510 2311 1553 legibus
2333 1506 2492 1543 contra-

1419 1570 1526 1608 rium,
1549 1569 1585 1602 id
1608 1569 1768 1611 injurium
1800 1572 1871 1610 est,
1892 1569 2041 1612 facitque
2067 1569 2222 1612 inJ‘uriam
2242 1569 2302 1612 qui
2325 1569 2467 1603 mortem

2504 1564 2508 1571 ι

2503 1579 2508 1600 ἒ

2502 1599 2508 1606 ι

1421 1629 1483 1661 sibi
1507 1629 1680 1661 consciscit
1702 1642 1710 1661 :
1734 1629 1793 1671 qui
1816 1638 1896 1662 vero
1914 1629 2071 1670 injuriam
2088 1627 2188 1670 facit,
2206 1627 2306 1662 alicui
2324 1636 2398 1662 eam
2415 1625 2468 1661 fa·-

1421 1688 1481 1729 cit;
1502 1688 1654 1730 sequitur
1668 1697 1744 1730 ergo
1760 1689 1797 1720 ut
1815 1697 1888 1721 cam
1909 1687 1972 1740 sibi
1983 1687 2106 1721 inferat
2121 1701 2128 1720 :
2148 1687 2215 1720 hoc
2231 1686 2340 1730 ipsum
2355 1688 2469 1720 autem
2505 1694 2508 1698 ·

1421 1749 1537 1790 sponte
1550 1747 1650 1780 etiam
1673 1746 1753 1780 facit
1773 1759 1782 1779 ι
1805 1756 1909 1789 quare
1926 1749 2042 1789 sponte
2057 1756 2192 1790 quoque
2213 1746 2368 1789 iniuriam
2379 1746 2468 1780 acci-

1420 1807 1480 1850 pit.
1501 1808 1667 1839 Praeterea
1686 1806 1745 1848 qui
1764 1808 1877 1838 contra
1891 1806 1995 1848 legem
2011 1805 2104 1839 laedit
2121 1805 2267 1848 aliquem
2278 1831 2287 1845 ,
2303 1814 2364 1839 nec
2388 1804 2423 1839 id
2434 1804 2468 1840 in

1422 1865 1582 1898 ultionem
1609 1864 1689 1897 facit
1721 1866 1781 1897 aut
1808 1864 1955 1897 vicissim
1986 1866 2101 1903 nocet,
2139 1864 2197 1897 sed
2225 1864 2316 1907 prior
2350 1865 2483 1911 nocem,

1426 1926 1542 1966 sponte
1570 1923 1726 1963 injuriam
1744 1922 1863 1961 infert,
1885 1932 1991 1964 quum
2011 1925 2046 1956 et
2064 1923 2303 1956 detrimentum
2314 1947 2324 1963 ,
2343 1925 2378 1956 et
2391 1931 2468 1956 eum

1424 1981 1478 2014 cui
1502 1982 1714 2023 importatur,
1745 1982 1778 2013 et
1798 1980 1927 2023 reliqua
1951 1989 2028 2023 quae
2047 1980 2090 2013 ad
2106 1990 2177 2014 rem
2196 1980 2379 2024 pertinent,
2402 1991 2467 2016 non

1422 2040 1514 2073 novit
1539 2051 1547 2071 ε
1565 2040 1625 2081 qui
1647 2048 1726 2071 vero
1745 2048 1804 2080 per
1820 2039 1906 2070 iram
1927 2047 2047 2071 manus
2071 2039 2134 2071 sibi
2152 2038 2264 2077 infert,
2287 2038 2395 2082 n'e'qiie
2414 2034 2469 2072 fil-

1425 2099 1560 2132 ciscitur
1581 2107 1616 2131 se
1635 2098 1762 2140 ipsum,
1785 2098 1820 2130 et
1842 2099 1916 2130 tum
1939 2106 1993 2137 se,
2020 2099 2093 2130 tum
2119 2097 2375 2140 detrimentum,
2395 2099 2470 2133 tum
2499 2087 2501 2090 Α

1424 2157 1533 2191 omnia
1555 2165 1764 2199 quaecunque
1783 2155 1826 2189 ad
1844 2165 1915 2189 rem
1936 2155 2103 2199 pertinent
2123 2157 2238 2198 novit3
2254 2160 2370 2200 sponte
2393 2167 2470 2202 ergo
2488 2155 2495 2194 ζ

1425 2217 1580 2260 injuriam
1610 2215 1689 2248 facit
1723 2229 1732 2248 ε
1764 2215 1885 2257 quodsi
1917 2217 2033 2258 sponte
2048 2215 2203 2258 injuriam
2231 2215 2328 2256 facit,
2355 2219 2470 2260 sponte

1426 2277 1527 2310 etiam
1556 2275 1686 2318 accipit.
1709 2273 1872 2313 Quocirca
1891 2274 1963 2325 fieri
1994 2283 2091 2317 posse
2122 2275 2267 2315 videtur,
2288 2277 2332 2309 ut
2354 2278 2471 2319 sponte

1424 2335 1547 2378 aliquis
1560 2334 1713 2376 injuriam
1733 2333 1915 2367 secundum
1932 2333 2155 2366 universalem
2174 2334 2322 2376 patiatur
2343 2334 2472 2377 injusti-

1424 2396 1527 2434 tiam,
1562 2403 1638 2436 quae
1680 2392 1857 2426 universali
1890 2392 2031 2434 justitiae
2067 2393 2231 2426 contraria
2265 2395 2336 2433 est,
2369 2403 2471 2436 quam

1425 2453 1532 2487 omnis
1559 2451 1695 2485 virtutis
1732 2459 1803 2484 esse
1837 2460 1935 2483 usum
1955 2451 2094 2483 constat.
2130 2452 2215 2484 Nam
2242 2451 2413 2494 peritam
2437 2462 2472 2487 se

1426 2513 1536 2556 ipsum
1555 2510 1743 2544 exanimare
1760 2518 1814 2542 res
1829 2510 1881 2542 est
1892 2508 2035 2541 molliori
2051 2509 2116 2551 legi
2132 2510 2309 2544 contraria.
2326 2512 2398 2544 Hoc
2411 2521 2472 2544 au-

1426 2573 1495 2604 tem
1513 2570 1584 2603 fieri
1602 2579 1668 2602 non
1687 2578 1799 2612 posse,
1820 2568 1929 2601 allatis
1947 2567 1982 2600 in
1998 2568 2159 2610 superiori
2175 2568 2400 2612 disputatione
2416 2579 2473 2605 ra-

1425 2629 1572 2662 tionibus
1587 2629 1686 2662 docui
1703 2641 1711 2661 :
1735 2637 1812 2660 nam
1837 2629 1980 2670 acceptae
1995 2627 2126 2669 inJ'uriae
2141 2627 2293 2661 definitio
2306 2630 2472 2663 contraria

1427 2690 1478 2721 est
1506 2687 1555 2720 rei
1584 2687 1784 2720 voluntariae
1802 2686 2021 2729 explicationi.
2054 2686 2227 2720 Contraria
2248 2696 2327 2722 vero
2350 2688 2470 2731 opinio,

1427 2750 1593 2791 quatenus
1609 2749 1725 2790 sponte
1744 2746 1900 2789 inJuriam
1917 2745 2024 2780 facere
2040 2746 2121 2780 dicit
2139 2755 2216 2780 eum
2233 2747 2294 2790 qui
2313 2757 2349 2782 se
2362 2747 2473 2792 ipsum
2505 2785 2508 2791 ἶ

1428 2807 1498 2840 vita
1517 2807 1646 2849 privat,
1671 2816 1790 2839 verum
1814 2805 1982 2848 loquitur3
2000 2808 2166 2848 quatenus
2183 2815 2265 2840 vero
2290 2806 2386 2843 illum
2411 2808 2474 2842 sibi

1428 2866 1585 2908 injuriam
1601 2866 1724 2899 inferre
1738 2865 1806 2904 ait,
1826 2865 1947 2898 falsum
1959 2865 2040 2898 dicit
2059 2876 2066 2898 ι
2085 2875 2193 2909 neque
2206 2866 2293 2900 enim
2309 2866 2381 2909 ipse
2389 2866 2476 2910 inJ'u-

1429 2926 1514 2959 riam
1534 2926 1670 2968 patitur,
1693 2924 1964 2968 quandoquidem
1984 2924 2245 2968 haudquaquam
2263 2925 2388 2960 nolenti
2410 2927 2475 2960 hoc

1427 2986 1554 3018 malum
1570 2984 1689 3017 accidit
1703 3010 1710 3023 ,
1730 2983 1788 3016 sed
1803 2983 1882 3016 urbs
1895 3009 1902 3022 ,
1922 2992 1998 3025 quae
2014 2983 2134 3016 ducem
2146 3009 2154 3024 ,
2172 2984 2227 3017 vel
2244 2984 2404 3027 militem,
2419 2985 2476 3020 vel

1429 3044 1665 3082 architectum,
1703 3043 1758 3075 vel
1790 3042 1923 3075 omnino
1961 3042 2069 3085 civem
2097 3051 2175 3075 cum
2207 3042 2328 3077 damno
2358 3053 2419 3078 suo
2438 3045 2477 3078 et*

1429 3105 1550 3146 praeter
1580 3103 1787 3136 voluntatem
1813 3111 1907 3134 suam
1936 3101 2071 3134 amittit.
2103 3102 2324 3140 Quamobrem
2351 3103 2471 3143 etiam!

1430 3165 1588 3205 tanquam
1620 3162 1663 3195 ad
1691 3171 1726 3195 se
1747 3163 1872 3204 spectet
1901 3161 2038 3202 injuria,
2065 3170 2177 3203 poenas
2201 3162 2244 3195 ab
2268 3172 2308 3196 eo
2332 3163 2470 3205 repetit,

1431 3231 1572 3264 eumque
1591 3221 1773 3260 ulciscitur,
1793 3222 1831 3253 ut
1859 3222 1969 3263 potest
1998 3234 2007 3254 ε
2029 3230 2137 3264 neque
2159 3221 2246 3255 enim
2265 3231 2385 3265 corpus
2404 3222 2477 3256 huc

371 3331 389 3350 *
406 3331 496 3367 Ἀλλὰ
514 3333 602 3375 τίνα,
626 3335 695 3367 κτλ.
719 3350 759 3357 —-
774 3333 813 3354 **
833 3334 891 3367 Διὸ
913 3335 969 3366 καὶ
984 3336 1005 3373 ἡ
1023 3334 1114 3371 πόλις
1130 3336 1199 3367 κτλ.
1220 3351 1262 3360 -
1277 3334 1332 3354 ***
1357 3333 1429 3367 Ἔτι
1442 3335 1511 3367 καθ’
1531 3334 1549 3367 ὃ
1565 3334 1676 3371 ἄδικος
1694 3335 1712 3366 ὁ
1733 3332 1829 3375 μόνον
1849 3333 1990 3373 ἀδικῶν,
2007 3335 2077 3366 κτλ.
