<?xml version="1.0" encoding="UTF-8"?>
<!DOCTYPE html PUBLIC "-//W3C//DTD XHTML 1.0 Transitional//EN"
    "http://www.w3.org/TR/xhtml1/DTD/xhtml1-transitional.dtd">
<html xmlns="http://www.w3.org/1999/xhtml" xml:lang="en" lang="en">
 <head>
  <title>
</title>
<meta http-equiv="Content-Type" content="text/html;charset=utf-8" />
  <meta name='ocr-system' content='tesseract 3.04.00' />
  <meta name='ocr-capabilities' content='ocr_page ocr_carea ocr_par ocr_line ocrx_word'/>
</head>
<body>
  <div class='ocr_page' id='page_1' title='image "./fragmentaphiloso03mulluoft/fragmentaphiloso03mulluoft_0592.png"; bbox 0 0 2508 3776; ppageno 0'>
   <div class='ocr_carea' id='block_1_1' title="bbox 263 158 344 197">
    <p class='ocr_par' dir='ltr' id='par_1_1' title="bbox 263 158 344 197">
     <span class='ocr_line' id='line_1_1' title="bbox 263 158 344 197; baseline 0.012 -1"><span class='ocrx_word' id='word_1_1' title='bbox 263 158 344 197; x_wconf 82' lang='lat'><strong>576</strong></span> 
     </span>
    </p>
   </div>
   <div class='ocr_carea' id='block_1_2' title="bbox 315 242 1304 303">
    <p class='ocr_par' dir='ltr' id='par_1_2' title="bbox 315 242 1304 303">
     <span class='ocr_line' id='line_1_2' title="bbox 315 242 1304 303; baseline 0.008 -22"><span class='ocrx_word' id='word_1_2' title='bbox 315 242 519 295; x_wconf 87' lang='grc' dir='ltr'>Παρέπεται</span> <span class='ocrx_word' id='word_1_3' title='bbox 544 242 580 280; x_wconf 81' lang='grc' dir='ltr'>δὲ</span> <span class='ocrx_word' id='word_1_4' title='bbox 598 245 642 296; x_wconf 83' lang='grc' dir='ltr'><strong>τῇ</strong></span> <span class='ocrx_word' id='word_1_5' title='bbox 662 243 802 297; x_wconf 73' lang='grc' dir='ltr'>ἀνδρεία</span> <span class='ocrx_word' id='word_1_6' title='bbox 821 247 842 291; x_wconf 83' lang='grc' dir='ltr'>ἡ</span> <span class='ocrx_word' id='word_1_7' title='bbox 865 244 1030 296; x_wconf 88' lang='grc' dir='ltr'>εὗτολμία</span> <span class='ocrx_word' id='word_1_8' title='bbox 1043 275 1053 294; x_wconf 88' lang='grc'>,</span> <span class='ocrx_word' id='word_1_9' title='bbox 1080 247 1140 286; x_wconf 82' lang='grc' dir='ltr'><strong>καὶ</strong></span> <span class='ocrx_word' id='word_1_10' title='bbox 1159 252 1181 297; x_wconf 86' lang='grc' dir='ltr'>ἡ</span> <span class='ocrx_word' id='word_1_11' title='bbox 1198 251 1304 303; x_wconf 80' lang='grc' dir='ltr'>εὔψυ-</span> 
     </span>
    </p>
   </div>
   <div class='ocr_carea' id='block_1_3' title="bbox 1104 161 1594 207">
    <p class='ocr_par' dir='ltr' id='par_1_3' title="bbox 1104 161 1594 207">
     <span class='ocr_line' id='line_1_3' title="bbox 1104 161 1594 207; baseline 0.012 -6"><span class='ocrx_word' id='word_1_12' title='bbox 1104 161 1387 204; x_wconf 89' lang='lat' dir='ltr'><strong>ANDRONICI</strong></span> <span class='ocrx_word' id='word_1_13' title='bbox 1417 165 1594 207; x_wconf 89' lang='lat' dir='ltr'><strong>RHODII</strong></span> 
     </span>
    </p>
   </div>
   <div class='ocr_carea' id='block_1_4' title="bbox 1406 258 2453 310">
    <p class='ocr_par' dir='ltr' id='par_1_4' title="bbox 1406 258 2453 310">
     <span class='ocr_line' id='line_1_4' title="bbox 1406 258 2453 310; baseline 0.011 -19"><span class='ocrx_word' id='word_1_14' title='bbox 1406 258 1570 301; x_wconf 85' lang='lat' dir='ltr'><strong>Adjuncta</strong></span> <span class='ocrx_word' id='word_1_15' title='bbox 1589 262 1639 292; x_wconf 84' lang='lat' dir='ltr'><strong>est</strong></span> <span class='ocrx_word' id='word_1_16' title='bbox 1655 262 1766 293; x_wconf 85' lang='lat' dir='ltr'><strong>autem</strong></span> <span class='ocrx_word' id='word_1_17' title='bbox 1786 260 1975 295; x_wconf 87' lang='lat' dir='ltr'><strong>fortitudini</strong></span> <span class='ocrx_word' id='word_1_18' title='bbox 1998 263 2134 298; x_wconf 62' lang='lat' dir='ltr'><strong>audaciai</strong></span> <span class='ocrx_word' id='word_1_19' title='bbox 2148 266 2182 298; x_wconf 86' lang='lat' dir='ltr'><strong>et</strong></span> <span class='ocrx_word' id='word_1_20' title='bbox 2200 265 2301 300; x_wconf 88' lang='lat' dir='ltr'><strong>animi</strong></span> <span class='ocrx_word' id='word_1_21' title='bbox 2316 276 2406 310; x_wconf 76' lang='lat' dir='ltr'><strong>proe-</strong></span> <span class='ocrx_word' id='word_1_22' title='bbox 2449 270 2453 274; x_wconf 68' lang='grc'><strong>“</strong></span> 
     </span>
    </p>
   </div>
   <div class='ocr_carea' id='block_1_5' title="bbox 260 285 2404 368">
    <p class='ocr_par' dir='ltr' id='par_1_5' title="bbox 260 285 2404 368">
     <span class='ocr_line' id='line_1_5' title="bbox 260 285 2404 368; baseline 0.011 -31"><span class='ocrx_word' id='word_1_23' title='bbox 260 301 343 353; x_wconf 75' lang='grc' dir='ltr'>χία,</span> <span class='ocrx_word' id='word_1_24' title='bbox 360 302 419 340; x_wconf 88' lang='grc' dir='ltr'><strong>καὶ</strong></span> <span class='ocrx_word' id='word_1_25' title='bbox 439 301 477 340; x_wconf 81' lang='grc' dir='ltr'><strong>τὸ</strong></span> <span class='ocrx_word' id='word_1_26' title='bbox 497 300 620 356; x_wconf 86' lang='grc' dir='ltr'>θάρσος</span> <span class='ocrx_word' id='word_1_27' title='bbox 639 303 656 328; x_wconf 76' lang='lat'><strong>¹¹</strong></span> <span class='ocrx_word' id='word_1_28' title='bbox 674 317 682 326; x_wconf 92' lang='lat'><strong>·</strong></span> <span class='ocrx_word' id='word_1_29' title='bbox 705 301 757 341; x_wconf 87' lang='grc' dir='ltr'><strong>ἔτι</strong></span> <span class='ocrx_word' id='word_1_30' title='bbox 778 302 813 341; x_wconf 82' lang='grc' dir='ltr'>δὲ</span> <span class='ocrx_word' id='word_1_31' title='bbox 830 306 853 351; x_wconf 89' lang='grc' dir='ltr'>ἡ</span> <span class='ocrx_word' id='word_1_32' title='bbox 873 304 1066 358; x_wconf 85' lang='grc' dir='ltr'>φιλονεικία</span> <span class='ocrx_word' id='word_1_33' title='bbox 1093 307 1154 346; x_wconf 84' lang='grc' dir='ltr'><strong>καὶ</strong></span> <span class='ocrx_word' id='word_1_34' title='bbox 1167 312 1189 356; x_wconf 86' lang='grc' dir='ltr'>ἡ</span> <span class='ocrx_word' id='word_1_35' title='bbox 1211 323 1300 362; x_wconf 88' lang='grc' dir='ltr'>καρ-</span> <span class='ocrx_word' id='word_1_36' title='bbox 1331 285 1337 351; x_wconf 70' lang='grc' dir='ltr'>ί</span> <span class='ocrx_word' id='word_1_37' title='bbox 1364 317 1469 351; x_wconf 87' lang='lat' dir='ltr'><strong>sentia</strong></span> <span class='ocrx_word' id='word_1_38' title='bbox 1491 321 1526 352; x_wconf 88' lang='lat' dir='ltr'><strong>et</strong></span> <span class='ocrx_word' id='word_1_39' title='bbox 1549 319 1691 353; x_wconf 86' lang='lat' dir='ltr'><strong>tiducia:</strong></span> <span class='ocrx_word' id='word_1_40' title='bbox 1717 322 1877 362; x_wconf 81' lang='lat' dir='ltr'><strong>praeterea</strong></span> <span class='ocrx_word' id='word_1_41' title='bbox 1895 321 2046 355; x_wconf 85' lang='lat' dir='ltr'><strong>certandi</strong></span> <span class='ocrx_word' id='word_1_42' title='bbox 2066 323 2169 357; x_wconf 88' lang='lat' dir='ltr'><strong>libido</strong></span> <span class='ocrx_word' id='word_1_43' title='bbox 2180 327 2214 358; x_wconf 90' lang='lat' dir='ltr'><strong>et</strong></span> <span class='ocrx_word' id='word_1_44' title='bbox 2234 326 2404 368; x_wconf 72' lang='lat' dir='ltr'><strong>patientia.</strong></span> 
     </span>
    </p>
   </div>
   <div class='ocr_carea' id='block_1_6' title="bbox 209 376 1302 946">
    <p class='ocr_par' dir='ltr' id='par_1_6' title="bbox 259 376 370 412">
     <span class='ocr_line' id='line_1_6' title="bbox 259 376 370 412; baseline 0.009 -14"><span class='ocrx_word' id='word_1_45' title='bbox 259 376 370 412; x_wconf 88' lang='grc' dir='ltr'>τερια,</span> 
     </span>
    </p>

    <p class='ocr_par' dir='ltr' id='par_1_7' title="bbox 209 419 1302 946">
     <span class='ocr_line' id='line_1_7' title="bbox 313 419 1300 476; baseline 0.008 -18"><span class='ocrx_word' id='word_1_46' title='bbox 313 420 483 473; x_wconf 86' lang='lat' dir='ltr'><strong>(Scripsi</strong></span> <span class='ocrx_word' id='word_1_47' title='bbox 504 434 513 460; x_wconf 91' lang='lat'>:</span> <span class='ocrx_word' id='word_1_48' title='bbox 537 425 551 443; x_wconf 56' lang='grc' dir='ltr'><strong><em>Β</em></strong></span> <span class='ocrx_word' id='word_1_49' title='bbox 586 419 765 473; x_wconf 82' lang='grc' dir='ltr'>ἀνδρείας]</span> <span class='ocrx_word' id='word_1_50' title='bbox 802 423 914 461; x_wconf 91' lang='lat' dir='ltr'>codd.</span> <span class='ocrx_word' id='word_1_51' title='bbox 938 422 1092 476; x_wconf 86' lang='grc' dir='ltr'>ἀνδρίας.</span> <span class='ocrx_word' id='word_1_52' title='bbox 1127 425 1209 464; x_wconf 76' lang='lat'><strong>·—.¹’</strong></span> <span class='ocrx_word' id='word_1_53' title='bbox 1239 428 1300 466; x_wconf 92' lang='grc' dir='ltr'>ἀν-</span> 
     </span>
     <span class='ocr_line' id='line_1_8' title="bbox 257 478 1297 534; baseline 0.005 -15"><span class='ocrx_word' id='word_1_54' title='bbox 257 480 369 534; x_wconf 88' lang='grc' dir='ltr'>δρεία]</span> <span class='ocrx_word' id='word_1_55' title='bbox 378 479 489 518; x_wconf 90' lang='lat' dir='ltr'><strong>codd.</strong></span> <span class='ocrx_word' id='word_1_56' title='bbox 503 478 638 531; x_wconf 85' lang='grc' dir='ltr'>ἀνδρία.</span> <span class='ocrx_word' id='word_1_57' title='bbox 649 501 703 510; x_wconf 93' lang='lat'><strong>-—·</strong></span> <span class='ocrx_word' id='word_1_58' title='bbox 713 483 728 502; x_wconf 74' lang='lat'><strong>⁰</strong></span> <span class='ocrx_word' id='word_1_59' title='bbox 740 479 953 534; x_wconf 76' lang='grc' dir='ltr'>θυμοειδοῦς]</span> <span class='ocrx_word' id='word_1_60' title='bbox 971 481 1083 522; x_wconf 90' lang='lat' dir='ltr'><strong>codd.</strong></span> <span class='ocrx_word' id='word_1_61' title='bbox 1099 485 1297 534; x_wconf 82' lang='grc' dir='ltr'>θυμοειδοῦ.</span> 
     </span>
     <span class='ocr_line' id='line_1_9' title="bbox 255 537 1300 595; baseline 0.006 -20"><span class='ocrx_word' id='word_1_62' title='bbox 255 562 307 569; x_wconf 90' lang='lat'><strong>--</strong></span> <span class='ocrx_word' id='word_1_63' title='bbox 325 537 342 561; x_wconf 80' lang='lat'><strong>‘¹</strong></span> <span class='ocrx_word' id='word_1_64' title='bbox 362 537 581 588; x_wconf 88' lang='grc' dir='ltr'>ὀρεγομένη]</span> <span class='ocrx_word' id='word_1_65' title='bbox 613 538 726 575; x_wconf 91' lang='lat' dir='ltr'><strong>codd.</strong></span> <span class='ocrx_word' id='word_1_66' title='bbox 758 538 985 590; x_wconf 83' lang='grc' dir='ltr'>ἐργαζομένη.</span> <span class='ocrx_word' id='word_1_67' title='bbox 1018 562 1071 570; x_wconf 94' lang='lat'>—</span> <span class='ocrx_word' id='word_1_68' title='bbox 1089 543 1104 566; x_wconf 59' lang='grc' dir='ltr'>θ</span> <span class='ocrx_word' id='word_1_69' title='bbox 1141 541 1300 595; x_wconf 84' lang='grc' dir='ltr'>φαύλοις]</span> 
     </span>
     <span class='ocr_line' id='line_1_10' title="bbox 209 595 1302 652; baseline 0.003 -16"><span class='ocrx_word' id='word_1_70' title='bbox 209 638 212 641; x_wconf 79' lang='grc'>,</span> <span class='ocrx_word' id='word_1_71' title='bbox 256 597 371 636; x_wconf 89' lang='lat' dir='ltr'><strong>codd.</strong></span> <span class='ocrx_word' id='word_1_72' title='bbox 391 595 549 647; x_wconf 88' lang='grc' dir='ltr'>φαύλοις.</span> <span class='ocrx_word' id='word_1_73' title='bbox 566 618 619 625; x_wconf 88' lang='grc'><strong>·-</strong></span> <span class='ocrx_word' id='word_1_74' title='bbox 635 595 648 618; x_wconf 71' lang='lat' dir='ltr'><strong>f</strong></span> <span class='ocrx_word' id='word_1_75' title='bbox 661 596 887 651; x_wconf 75' lang='grc' dir='ltr'>αὐτάρκειαν]</span> <span class='ocrx_word' id='word_1_76' title='bbox 917 598 1032 638; x_wconf 76' lang='lat' dir='ltr'><strong>codd,</strong></span> <span class='ocrx_word' id='word_1_77' title='bbox 1057 599 1230 652; x_wconf 74' lang='grc' dir='ltr'>αὐτάρκη.</span> <span class='ocrx_word' id='word_1_78' title='bbox 1249 623 1302 630; x_wconf 87' lang='grc'><strong>·-·</strong></span> 
     </span>
     <span class='ocr_line' id='line_1_11' title="bbox 253 654 1300 710; baseline 0.004 -16"><span class='ocrx_word' id='word_1_79' title='bbox 253 662 269 685; x_wconf 72' lang='grc'><strong>8</strong></span> <span class='ocrx_word' id='word_1_80' title='bbox 287 655 339 708; x_wconf 80' lang='grc' dir='ltr'>δὲ]</span> <span class='ocrx_word' id='word_1_81' title='bbox 354 654 466 693; x_wconf 92' lang='lat' dir='ltr'><strong>codd.</strong></span> <span class='ocrx_word' id='word_1_82' title='bbox 486 654 593 694; x_wconf 84' lang='grc' dir='ltr'>δ’.-</span> <span class='ocrx_word' id='word_1_83' title='bbox 605 657 621 679; x_wconf 78' lang='lat'><strong>¹¹</strong></span> <span class='ocrx_word' id='word_1_84' title='bbox 640 656 777 708; x_wconf 80' lang='grc' dir='ltr'>θάρσος]</span> <span class='ocrx_word' id='word_1_85' title='bbox 795 656 907 695; x_wconf 85' lang='lat' dir='ltr'><strong>codd.</strong></span> <span class='ocrx_word' id='word_1_86' title='bbox 931 657 1068 710; x_wconf 88' lang='grc' dir='ltr'>θράσος.</span> <span class='ocrx_word' id='word_1_87' title='bbox 1088 658 1174 704; x_wconf 88' lang='lat' dir='ltr'><strong>Qua</strong></span> <span class='ocrx_word' id='word_1_88' title='bbox 1193 661 1241 698; x_wconf 88' lang='lat' dir='ltr'><strong>de</strong></span> <span class='ocrx_word' id='word_1_89' title='bbox 1258 674 1300 699; x_wconf 91' lang='lat' dir='ltr'><strong>re</strong></span> 
     </span>
     <span class='ocr_line' id='line_1_12' title="bbox 254 714 1299 773; baseline 0.004 -20"><span class='ocrx_word' id='word_1_90' title='bbox 254 716 308 754; x_wconf 87' lang='lat' dir='ltr'><strong>sic</strong></span> <span class='ocrx_word' id='word_1_91' title='bbox 330 714 563 752; x_wconf 80' lang='lat' dir='ltr'><strong>Ammonius</strong></span> <span class='ocrx_word' id='word_1_92' title='bbox 583 715 626 752; x_wconf 91' lang='lat' dir='ltr'><strong>in</strong></span> <span class='ocrx_word' id='word_1_93' title='bbox 646 715 783 753; x_wconf 86' lang='lat' dir='ltr'><strong>libello</strong></span> <span class='ocrx_word' id='word_1_94' title='bbox 803 715 883 768; x_wconf 75' lang='grc' dir='ltr'>περὶ</span> <span class='ocrx_word' id='word_1_95' title='bbox 903 717 1032 767; x_wconf 87' lang='grc' dir='ltr'>ὁμοίων</span> <span class='ocrx_word' id='word_1_96' title='bbox 1049 717 1109 755; x_wconf 85' lang='grc' dir='ltr'><strong>καὶ</strong></span> <span class='ocrx_word' id='word_1_97' title='bbox 1127 717 1299 773; x_wconf 85' lang='grc' dir='ltr'>διαφόρων</span> 
     </span>
     <span class='ocr_line' id='line_1_13' title="bbox 252 773 1299 831; baseline 0.003 -18"><span class='ocrx_word' id='word_1_98' title='bbox 252 774 375 820; x_wconf 82' lang='grc' dir='ltr'>λέξεων</span> <span class='ocrx_word' id='word_1_99' title='bbox 397 788 405 811; x_wconf 88' lang='lat'>:</span> <span class='ocrx_word' id='word_1_100' title='bbox 423 773 548 825; x_wconf 85' lang='grc' dir='ltr'>θράσος</span> <span class='ocrx_word' id='word_1_101' title='bbox 571 774 630 812; x_wconf 85' lang='grc' dir='ltr'><strong>καὶ</strong></span> <span class='ocrx_word' id='word_1_102' title='bbox 650 774 775 828; x_wconf 84' lang='grc' dir='ltr'>θάρσος</span> <span class='ocrx_word' id='word_1_103' title='bbox 797 775 964 829; x_wconf 85' lang='grc' dir='ltr'>διαφέρει.</span> <span class='ocrx_word' id='word_1_104' title='bbox 995 776 1121 829; x_wconf 83' lang='grc' dir='ltr'>θράσος</span> <span class='ocrx_word' id='word_1_105' title='bbox 1149 777 1211 827; x_wconf 82' lang='grc' dir='ltr'><strong>μὲν</strong></span> <span class='ocrx_word' id='word_1_106' title='bbox 1231 778 1299 831; x_wconf 86' lang='grc' dir='ltr'><strong>γάρ</strong></span> 
     </span>
     <span class='ocr_line' id='line_1_14' title="bbox 251 832 1299 889; baseline 0.003 -17"><span class='ocrx_word' id='word_1_107' title='bbox 251 834 343 872; x_wconf 81' lang='grc' dir='ltr'>ἐστιν</span> <span class='ocrx_word' id='word_1_108' title='bbox 370 835 391 880; x_wconf 84' lang='grc' dir='ltr'>ἡ</span> <span class='ocrx_word' id='word_1_109' title='bbox 413 832 534 884; x_wconf 86' lang='grc' dir='ltr'>ἄλογος</span> <span class='ocrx_word' id='word_1_110' title='bbox 557 833 649 886; x_wconf 83' lang='grc' dir='ltr'>ὁρμή</span> <span class='ocrx_word' id='word_1_111' title='bbox 669 844 677 854; x_wconf 85' lang='grc'><em>·</em></span> <span class='ocrx_word' id='word_1_112' title='bbox 700 833 824 886; x_wconf 85' lang='grc' dir='ltr'>θάρσος</span> <span class='ocrx_word' id='word_1_113' title='bbox 857 833 893 872; x_wconf 82' lang='grc' dir='ltr'>δὲ</span> <span class='ocrx_word' id='word_1_114' title='bbox 925 834 1064 887; x_wconf 84' lang='grc' dir='ltr'>ἔλλογος</span> <span class='ocrx_word' id='word_1_115' title='bbox 1084 835 1191 889; x_wconf 86' lang='grc' dir='ltr'>ὁρμή.</span> <span class='ocrx_word' id='word_1_116' title='bbox 1217 837 1299 875; x_wconf 88' lang='lat' dir='ltr'><strong>Huc</strong></span> 
     </span>
     <span class='ocr_line' id='line_1_15' title="bbox 251 892 1295 946; baseline 0.005 -17"><span class='ocrx_word' id='word_1_117' title='bbox 251 892 399 930; x_wconf 83' lang='lat' dir='ltr'><strong>accedit</strong></span> <span class='ocrx_word' id='word_1_118' title='bbox 417 892 522 942; x_wconf 91' lang='lat' dir='ltr'><strong>quod</strong></span> <span class='ocrx_word' id='word_1_119' title='bbox 544 892 669 944; x_wconf 83' lang='grc' dir='ltr'>θράσος</span> <span class='ocrx_word' id='word_1_120' title='bbox 704 907 784 932; x_wconf 91' lang='lat' dir='ltr'><strong>non</strong></span> <span class='ocrx_word' id='word_1_121' title='bbox 810 894 955 944; x_wconf 82' lang='lat' dir='ltr'><strong>legitur</strong></span> <span class='ocrx_word' id='word_1_122' title='bbox 977 895 1081 946; x_wconf 85' lang='lat' dir='ltr'><strong>apud</strong></span> <span class='ocrx_word' id='word_1_123' title='bbox 1108 895 1295 934; x_wconf 86' lang='lat' dir='ltr'><strong>Aristote-</strong></span> 
     </span>
    </p>
   </div>
   <div class='ocr_carea' id='block_1_7' title="bbox 233 950 1292 3441">
    <p class='ocr_par' dir='ltr' id='par_1_8' title="bbox 254 950 1289 1106">
     <span class='ocr_line' id='line_1_16' title="bbox 258 950 1289 1004; baseline 0.005 -16"><span class='ocrx_word' id='word_1_124' title='bbox 258 951 353 999; x_wconf 87' lang='lat' dir='ltr'><strong>lem,</strong></span> <span class='ocrx_word' id='word_1_125' title='bbox 374 951 442 1001; x_wconf 91' lang='lat' dir='ltr'><strong>qui</strong></span> <span class='ocrx_word' id='word_1_126' title='bbox 470 950 595 1004; x_wconf 81' lang='grc' dir='ltr'>θάῤῥος</span> <span class='ocrx_word' id='word_1_127' title='bbox 616 952 743 990; x_wconf 85' lang='lat' dir='ltr'><strong>dicere</strong></span> <span class='ocrx_word' id='word_1_128' title='bbox 776 953 886 994; x_wconf 86' lang='lat' dir='ltr'><strong>solet.</strong></span> <span class='ocrx_word' id='word_1_129' title='bbox 904 954 962 994; x_wconf 89' lang='lat' dir='ltr'><strong>Cf.</strong></span> <span class='ocrx_word' id='word_1_130' title='bbox 988 954 1115 993; x_wconf 83' lang='lat' dir='ltr'><strong>Ethic.</strong></span> <span class='ocrx_word' id='word_1_131' title='bbox 1138 953 1289 993; x_wconf 88' lang='lat' dir='ltr'><strong>Nicom.</strong></span> 
     </span>
     <span class='ocr_line' id='line_1_17' title="bbox 254 1009 585 1062; baseline 0 -15"><span class='ocrx_word' id='word_1_132' title='bbox 254 1009 320 1048; x_wconf 93' lang='lat' dir='ltr'><strong>lib.</strong></span> <span class='ocrx_word' id='word_1_133' title='bbox 347 1009 403 1047; x_wconf 91' lang='lat'><strong>111</strong></span> <span class='ocrx_word' id='word_1_134' title='bbox 419 1023 503 1062; x_wconf 84' lang='lat' dir='ltr'><strong>cap.</strong></span> <span class='ocrx_word' id='word_1_135' title='bbox 528 1011 585 1061; x_wconf 92' lang='lat'><strong>6.)</strong></span> 
     </span>
     <span class='ocr_line' id='line_1_18' title="bbox 613 1064 928 1106; baseline 0.006 -10"><span class='ocrx_word' id='word_1_136' title='bbox 613 1064 688 1105; x_wconf 86' lang='grc' dir='ltr'>Περὶ</span> <span class='ocrx_word' id='word_1_137' title='bbox 711 1065 928 1106; x_wconf 79' lang='grc' dir='ltr'>σωφροσύνης.</span> 
     </span>
    </p>

    <p class='ocr_par' dir='ltr' id='par_1_9' title="bbox 243 1108 1292 1340">
     <span class='ocr_line' id='line_1_19' title="bbox 302 1108 1291 1163; baseline 0.003 -14"><span class='ocrx_word' id='word_1_138' title='bbox 302 1108 518 1163; x_wconf 79' lang='grc' dir='ltr'>Σωφροσύνη</span> <span class='ocrx_word' id='word_1_139' title='bbox 540 1109 578 1148; x_wconf 88' lang='grc' dir='ltr'>δέ</span> <span class='ocrx_word' id='word_1_140' title='bbox 599 1110 691 1148; x_wconf 83' lang='grc' dir='ltr'>ἐστιν</span> <span class='ocrx_word' id='word_1_141' title='bbox 712 1111 819 1163; x_wconf 84' lang='grc' dir='ltr'>ἀρετὴ</span> <span class='ocrx_word' id='word_1_142' title='bbox 844 1116 905 1151; x_wconf 80' lang='grc' dir='ltr'><strong>τοῦ</strong></span> <span class='ocrx_word' id='word_1_143' title='bbox 925 1114 1199 1163; x_wconf 72' lang='grc' dir='ltr'>ἐπιθυμητικοῦ,</span> <span class='ocrx_word' id='word_1_144' title='bbox 1214 1114 1291 1152; x_wconf 83' lang='grc' dir='ltr'>καθ’</span> 
     </span>
     <span class='ocr_line' id='line_1_20' title="bbox 247 1166 1292 1226; baseline 0.005 -21"><span class='ocrx_word' id='word_1_145' title='bbox 247 1166 290 1214; x_wconf 75' lang='grc' dir='ltr'>ἣν</span> <span class='ocrx_word' id='word_1_146' title='bbox 312 1168 490 1221; x_wconf 83' lang='grc' dir='ltr'>ἀνόρεκτοι</span> <span class='ocrx_word' id='word_1_147' title='bbox 519 1169 672 1221; x_wconf 88' lang='grc' dir='ltr'>γίνονται</span> <span class='ocrx_word' id='word_1_148' title='bbox 700 1170 779 1224; x_wconf 79' lang='grc' dir='ltr'>περὶ</span> <span class='ocrx_word' id='word_1_149' title='bbox 801 1175 862 1215; x_wconf 87' lang='grc' dir='ltr'><strong>τὰς</strong></span> <span class='ocrx_word' id='word_1_150' title='bbox 883 1171 1094 1215; x_wconf 84' lang='grc' dir='ltr'>ἀπολαύσεις</span> <span class='ocrx_word' id='word_1_151' title='bbox 1114 1174 1183 1210; x_wconf 87' lang='grc' dir='ltr'><strong>τῶν</strong></span> <span class='ocrx_word' id='word_1_152' title='bbox 1205 1171 1292 1226; x_wconf 86' lang='grc' dir='ltr'>φαύ-</span> 
     </span>
     <span class='ocr_line' id='line_1_21' title="bbox 243 1228 1290 1283; baseline 0.005 -20"><span class='ocrx_word' id='word_1_153' title='bbox 243 1228 315 1264; x_wconf 89' lang='grc' dir='ltr'><strong>λων</strong></span> <span class='ocrx_word' id='word_1_154' title='bbox 347 1228 494 1274; x_wconf 83' lang='grc' dir='ltr'>ἡδονῶν.</span> <span class='ocrx_word' id='word_1_155' title='bbox 524 1229 664 1267; x_wconf 88' lang='grc' dir='ltr'>Οἰκεῖαι</span> <span class='ocrx_word' id='word_1_156' title='bbox 697 1228 726 1267; x_wconf 83' lang='grc' dir='ltr'>δ’</span> <span class='ocrx_word' id='word_1_157' title='bbox 762 1231 851 1282; x_wconf 81' lang='grc' dir='ltr'>αὐτῇ</span> <span class='ocrx_word' id='word_1_158' title='bbox 874 1230 1062 1282; x_wconf 82' lang='grc' dir='ltr'>αὖστηρία,</span> <span class='ocrx_word' id='word_1_159' title='bbox 1086 1230 1290 1283; x_wconf 84' lang='grc' dir='ltr'>ἐγκράτεια,</span> 
     </span>
     <span class='ocr_line' id='line_1_22' title="bbox 245 1285 1235 1340; baseline 0.003 -17"><span class='ocrx_word' id='word_1_160' title='bbox 245 1285 414 1334; x_wconf 75' lang='grc' dir='ltr'>εὐτέλεια,</span> <span class='ocrx_word' id='word_1_161' title='bbox 435 1285 587 1337; x_wconf 76' lang='grc' dir='ltr'>λιτότης,</span> <span class='ocrx_word' id='word_1_162' title='bbox 607 1286 798 1337; x_wconf 83' lang='grc' dir='ltr'>κοσμιότης</span> <span class='ocrx_word' id='word_1_163' title='bbox 812 1318 822 1335; x_wconf 92' lang='grc'>,</span> <span class='ocrx_word' id='word_1_164' title='bbox 847 1288 1004 1335; x_wconf 80' lang='grc' dir='ltr'>εὐταξία,</span> <span class='ocrx_word' id='word_1_165' title='bbox 1032 1288 1235 1340; x_wconf 80' lang='grc' dir='ltr'>αὐτάρκεια.</span> 
     </span>
    </p>

    <p class='ocr_par' dir='ltr' id='par_1_10' title="bbox 242 1340 1288 1577">
     <span class='ocr_line' id='line_1_23' title="bbox 299 1340 1288 1398; baseline 0.001 -14"><span class='ocrx_word' id='word_1_166' title='bbox 299 1345 485 1398; x_wconf 82' lang='grc' dir='ltr'>Αύστηρία</span> <span class='ocrx_word' id='word_1_167' title='bbox 520 1345 583 1395; x_wconf 86' lang='grc' dir='ltr'><strong>μὲν</strong></span> <span class='ocrx_word' id='word_1_168' title='bbox 605 1340 663 1384; x_wconf 73' lang='grc' dir='ltr'><strong>οῧν</strong></span> <span class='ocrx_word' id='word_1_169' title='bbox 684 1348 778 1385; x_wconf 87' lang='grc' dir='ltr'>ἐστιν</span> <span class='ocrx_word' id='word_1_170' title='bbox 813 1347 880 1391; x_wconf 80' lang='grc' dir='ltr'>ἕξις</span> <span class='ocrx_word' id='word_1_171' title='bbox 895 1377 904 1394; x_wconf 88' lang='grc'>,</span> <span class='ocrx_word' id='word_1_172' title='bbox 936 1348 1013 1385; x_wconf 89' lang='grc' dir='ltr'>καθ’</span> <span class='ocrx_word' id='word_1_173' title='bbox 1030 1346 1072 1393; x_wconf 78' lang='grc' dir='ltr'>ἦν</span> <span class='ocrx_word' id='word_1_174' title='bbox 1090 1362 1179 1390; x_wconf 87' lang='grc' dir='ltr'>τινες</span> <span class='ocrx_word' id='word_1_175' title='bbox 1210 1345 1288 1386; x_wconf 86' lang='grc' dir='ltr'>οὔτε</span> 
     </span>
     <span class='ocr_line' id='line_1_24' title="bbox 244 1404 1286 1459; baseline 0.003 -17"><span class='ocrx_word' id='word_1_176' title='bbox 244 1406 498 1458; x_wconf 85' lang='grc' dir='ltr'>προσφέρουσιν</span> <span class='ocrx_word' id='word_1_177' title='bbox 514 1404 632 1448; x_wconf 87' lang='grc' dir='ltr'>ἄλλοις</span> <span class='ocrx_word' id='word_1_178' title='bbox 652 1405 714 1452; x_wconf 84' lang='grc' dir='ltr'><strong>τὴν</strong></span> <span class='ocrx_word' id='word_1_179' title='bbox 734 1408 802 1444; x_wconf 86' lang='grc' dir='ltr'><strong>τῶν</strong></span> <span class='ocrx_word' id='word_1_180' title='bbox 825 1407 964 1459; x_wconf 80' lang='grc' dir='ltr'>φαύλων</span> <span class='ocrx_word' id='word_1_181' title='bbox 980 1407 1109 1453; x_wconf 83' lang='grc' dir='ltr'>ἡδονῶν</span> <span class='ocrx_word' id='word_1_182' title='bbox 1124 1406 1264 1458; x_wconf 82' lang='grc' dir='ltr'>ὁμιλίαν</span> <span class='ocrx_word' id='word_1_183' title='bbox 1275 1436 1286 1454; x_wconf 85' lang='grc'>,</span> 
     </span>
     <span class='ocr_line' id='line_1_25' title="bbox 242 1462 1283 1519; baseline 0.003 -19"><span class='ocrx_word' id='word_1_184' title='bbox 242 1462 321 1501; x_wconf 89' lang='grc' dir='ltr'>οὔτε</span> <span class='ocrx_word' id='word_1_185' title='bbox 338 1465 422 1515; x_wconf 92' lang='grc' dir='ltr'>παρ’</span> <span class='ocrx_word' id='word_1_186' title='bbox 440 1463 556 1502; x_wconf 87' lang='grc' dir='ltr'>ἄλλων</span> <span class='ocrx_word' id='word_1_187' title='bbox 572 1463 702 1512; x_wconf 91' lang='grc' dir='ltr'>ταύτην</span> <span class='ocrx_word' id='word_1_188' title='bbox 723 1465 987 1518; x_wconf 71' lang='grc' dir='ltr'>προσδέχονταν</span> <span class='ocrx_word' id='word_1_189' title='bbox 1016 1464 1039 1512; x_wconf 87' lang='grc' dir='ltr'>ἢ</span> <span class='ocrx_word' id='word_1_190' title='bbox 1060 1464 1127 1510; x_wconf 78' lang='grc' dir='ltr'>ἕξις</span> <span class='ocrx_word' id='word_1_191' title='bbox 1146 1468 1283 1519; x_wconf 78' lang='grc' dir='ltr'>ψυχῆς,</span> 
     </span>
     <span class='ocr_line' id='line_1_26' title="bbox 244 1520 1230 1577; baseline 0.005 -18"><span class='ocrx_word' id='word_1_192' title='bbox 244 1520 294 1573; x_wconf 85' lang='grc' dir='ltr'><strong>μὴ</strong></span> <span class='ocrx_word' id='word_1_193' title='bbox 314 1521 510 1574; x_wconf 79' lang='grc' dir='ltr'>ἀνεχομένη</span> <span class='ocrx_word' id='word_1_194' title='bbox 531 1522 672 1573; x_wconf 84' lang='grc' dir='ltr'>ὁμιλίαν</span> <span class='ocrx_word' id='word_1_195' title='bbox 691 1523 832 1576; x_wconf 88' lang='grc' dir='ltr'>φαύλων</span> <span class='ocrx_word' id='word_1_196' title='bbox 847 1526 978 1572; x_wconf 83' lang='grc' dir='ltr'>ἡδονῶν</span> <span class='ocrx_word' id='word_1_197' title='bbox 998 1525 1087 1575; x_wconf 83' lang='grc' dir='ltr'>μηδὲ</span> <span class='ocrx_word' id='word_1_198' title='bbox 1104 1524 1230 1577; x_wconf 89' lang='grc' dir='ltr'>λόγων.</span> 
     </span>
    </p>

    <p class='ocr_par' dir='ltr' id='par_1_11' title="bbox 295 1580 1098 1636">
     <span class='ocr_line' id='line_1_27' title="bbox 295 1580 1098 1636; baseline 0.005 -17"><span class='ocrx_word' id='word_1_199' title='bbox 295 1580 510 1633; x_wconf 86' lang='grc' dir='ltr'>Ἐγκράτεια</span> <span class='ocrx_word' id='word_1_200' title='bbox 530 1582 567 1620; x_wconf 83' lang='grc' dir='ltr'>δὲ</span> <span class='ocrx_word' id='word_1_201' title='bbox 585 1581 652 1627; x_wconf 77' lang='grc' dir='ltr'>ἕξις</span> <span class='ocrx_word' id='word_1_202' title='bbox 665 1582 836 1631; x_wconf 87' lang='grc' dir='ltr'>ἀήττητος</span> <span class='ocrx_word' id='word_1_203' title='bbox 856 1586 915 1636; x_wconf 79' lang='grc' dir='ltr'>ὑφ’</span> <span class='ocrx_word' id='word_1_204' title='bbox 929 1585 1053 1632; x_wconf 83' lang='grc' dir='ltr'>ἡδονῆς</span> <span class='ocrx_word' id='word_1_205' title='bbox 1068 1588 1098 1623; x_wconf 75' lang='lat'><strong>⁸.</strong></span> 
     </span>
    </p>

    <p class='ocr_par' dir='ltr' id='par_1_12' title="bbox 242 1638 1288 1753">
     <span class='ocr_line' id='line_1_28' title="bbox 294 1638 1288 1695; baseline 0.004 -17"><span class='ocrx_word' id='word_1_206' title='bbox 294 1638 464 1678; x_wconf 79' lang='grc' dir='ltr'>Εὐτέλεια</span> <span class='ocrx_word' id='word_1_207' title='bbox 482 1639 517 1678; x_wconf 85' lang='grc' dir='ltr'>δὲ</span> <span class='ocrx_word' id='word_1_208' title='bbox 539 1638 605 1686; x_wconf 79' lang='grc' dir='ltr'>ἕξις</span> <span class='ocrx_word' id='word_1_209' title='bbox 626 1641 861 1695; x_wconf 85' lang='grc' dir='ltr'>ἀνυπέραρτος</span> <span class='ocrx_word' id='word_1_210' title='bbox 891 1644 924 1681; x_wconf 87' lang='grc' dir='ltr'>ἐν</span> <span class='ocrx_word' id='word_1_211' title='bbox 942 1642 1112 1688; x_wconf 89' lang='grc' dir='ltr'>δαπάναις</span> <span class='ocrx_word' id='word_1_212' title='bbox 1140 1642 1201 1682; x_wconf 82' lang='grc' dir='ltr'><strong>καὶ</strong></span> <span class='ocrx_word' id='word_1_213' title='bbox 1223 1659 1288 1682; x_wconf 87' lang='grc' dir='ltr'><strong>πα-</strong></span> 
     </span>
     <span class='ocr_line' id='line_1_29' title="bbox 242 1700 442 1753; baseline 0 -17"><span class='ocrx_word' id='word_1_214' title='bbox 242 1700 442 1753; x_wconf 86' lang='grc' dir='ltr'>ρασκευαῖς.</span> 
     </span>
    </p>

    <p class='ocr_par' dir='ltr' id='par_1_13' title="bbox 294 1756 1045 1814">
     <span class='ocr_line' id='line_1_30' title="bbox 294 1756 1045 1814; baseline 0.007 -17"><span class='ocrx_word' id='word_1_215' title='bbox 294 1757 443 1806; x_wconf 87' lang='grc' dir='ltr'>Λιτότης</span> <span class='ocrx_word' id='word_1_216' title='bbox 458 1757 493 1797; x_wconf 82' lang='grc' dir='ltr'>δὲ</span> <span class='ocrx_word' id='word_1_217' title='bbox 514 1756 580 1803; x_wconf 76' lang='grc' dir='ltr'>ἕξις</span> <span class='ocrx_word' id='word_1_218' title='bbox 600 1759 779 1812; x_wconf 87' lang='grc' dir='ltr'>ἀρκουμέη</span> <span class='ocrx_word' id='word_1_219' title='bbox 801 1761 871 1804; x_wconf 82' lang='grc' dir='ltr'>τοῖς</span> <span class='ocrx_word' id='word_1_220' title='bbox 889 1764 1045 1814; x_wconf 71' lang='grc' dir='ltr'>τυχοῦσι.</span> 
     </span>
    </p>

    <p class='ocr_par' dir='ltr' id='par_1_14' title="bbox 240 1817 1287 1986">
     <span class='ocr_line' id='line_1_31' title="bbox 298 1817 1287 1873; baseline 0.004 -16"><span class='ocrx_word' id='word_1_221' title='bbox 298 1817 497 1867; x_wconf 87' lang='grc' dir='ltr'>Κοσμιότης</span> <span class='ocrx_word' id='word_1_222' title='bbox 517 1817 552 1856; x_wconf 84' lang='grc' dir='ltr'>δὲ</span> <span class='ocrx_word' id='word_1_223' title='bbox 573 1819 752 1870; x_wconf 82' lang='grc' dir='ltr'>ἐπιστήμη</span> <span class='ocrx_word' id='word_1_224' title='bbox 773 1819 853 1871; x_wconf 78' lang='grc' dir='ltr'>περὶ</span> <span class='ocrx_word' id='word_1_225' title='bbox 873 1820 912 1860; x_wconf 79' lang='grc' dir='ltr'><strong>τὸ</strong></span> <span class='ocrx_word' id='word_1_226' title='bbox 936 1820 1066 1873; x_wconf 82' lang='grc' dir='ltr'>πρέπον</span> <span class='ocrx_word' id='word_1_227' title='bbox 1093 1822 1128 1859; x_wconf 88' lang='grc' dir='ltr'>ἐν</span> <span class='ocrx_word' id='word_1_228' title='bbox 1153 1821 1287 1871; x_wconf 82' lang='grc' dir='ltr'>κινήσει</span> 
     </span>
     <span class='ocr_line' id='line_1_32' title="bbox 242 1876 1284 1933; baseline 0.005 -18"><span class='ocrx_word' id='word_1_229' title='bbox 242 1876 303 1916; x_wconf 85' lang='grc' dir='ltr'><strong>καὶ</strong></span> <span class='ocrx_word' id='word_1_230' title='bbox 327 1877 486 1930; x_wconf 84' lang='grc' dir='ltr'>σχήματι</span> <span class='ocrx_word' id='word_1_231' title='bbox 521 1876 707 1928; x_wconf 87' lang='grc' dir='ltr'>σώματος·</span> <span class='ocrx_word' id='word_1_232' title='bbox 739 1877 921 1925; x_wconf 81' lang='grc' dir='ltr'>ἢεῦταξία</span> <span class='ocrx_word' id='word_1_233' title='bbox 958 1879 1039 1932; x_wconf 80' lang='grc' dir='ltr'>περὶ</span> <span class='ocrx_word' id='word_1_234' title='bbox 1070 1884 1195 1933; x_wconf 86' lang='grc' dir='ltr'>σχῆμα</span> <span class='ocrx_word' id='word_1_235' title='bbox 1224 1882 1284 1921; x_wconf 83' lang='grc' dir='ltr'><strong>καὶ</strong></span> 
     </span>
     <span class='ocr_line' id='line_1_33' title="bbox 240 1934 564 1986; baseline 0 -12"><span class='ocrx_word' id='word_1_236' title='bbox 240 1935 374 1983; x_wconf 88' lang='grc' dir='ltr'>κίνησιν</span> <span class='ocrx_word' id='word_1_237' title='bbox 390 1934 564 1986; x_wconf 86' lang='grc' dir='ltr'>σώματος.</span> 
     </span>
    </p>

    <p class='ocr_par' dir='ltr' id='par_1_15' title="bbox 240 1990 1285 2166">
     <span class='ocr_line' id='line_1_34' title="bbox 245 1990 1283 2051; baseline 0.003 -17"><span class='ocrx_word' id='word_1_238' title='bbox 245 1990 248 1993; x_wconf 58' lang='grc'>’</span> <span class='ocrx_word' id='word_1_239' title='bbox 296 1993 452 2038; x_wconf 84' lang='grc' dir='ltr'>Εὐταξία</span> <span class='ocrx_word' id='word_1_240' title='bbox 486 1994 521 2033; x_wconf 83' lang='grc' dir='ltr'>δὲ</span> <span class='ocrx_word' id='word_1_241' title='bbox 551 1994 715 2050; x_wconf 80' lang='grc' dir='ltr'>ἐμπειρία</span> <span class='ocrx_word' id='word_1_242' title='bbox 753 2001 1026 2049; x_wconf 80' lang='grc' dir='ltr'>καταχωρισμοῦ</span> <span class='ocrx_word' id='word_1_243' title='bbox 1058 1997 1232 2051; x_wconf 85' lang='grc' dir='ltr'>πράξεως·</span> <span class='ocrx_word' id='word_1_244' title='bbox 1260 1996 1283 2046; x_wconf 82' lang='grc' dir='ltr'>ἢ</span> 
     </span>
     <span class='ocr_line' id='line_1_35' title="bbox 240 2052 1285 2111; baseline 0.006 -21"><span class='ocrx_word' id='word_1_245' title='bbox 240 2053 322 2106; x_wconf 87' lang='grc' dir='ltr'>περὶ</span> <span class='ocrx_word' id='word_1_246' title='bbox 345 2054 406 2096; x_wconf 88' lang='grc' dir='ltr'><strong>τάς</strong></span> <span class='ocrx_word' id='word_1_247' title='bbox 424 2052 568 2106; x_wconf 80' lang='grc' dir='ltr'>πράξεις</span> <span class='ocrx_word' id='word_1_248' title='bbox 583 2053 714 2106; x_wconf 80' lang='grc' dir='ltr'>ἔχουσα</span> <span class='ocrx_word' id='word_1_249' title='bbox 735 2054 774 2093; x_wconf 82' lang='grc' dir='ltr'><strong>τὸ</strong></span> <span class='ocrx_word' id='word_1_250' title='bbox 795 2055 956 2106; x_wconf 77' lang='grc' dir='ltr'>βέὸαιον,</span> <span class='ocrx_word' id='word_1_251' title='bbox 970 2057 993 2103; x_wconf 86' lang='grc' dir='ltr'><strong>ἢ</strong></span> <span class='ocrx_word' id='word_1_252' title='bbox 1016 2056 1095 2100; x_wconf 82' lang='grc' dir='ltr'>τοὺς</span> <span class='ocrx_word' id='word_1_253' title='bbox 1116 2073 1285 2111; x_wconf 88' lang='grc' dir='ltr'>καταχω-</span> 
     </span>
     <span class='ocr_line' id='line_1_36' title="bbox 241 2112 663 2166; baseline 0.007 -16"><span class='ocrx_word' id='word_1_254' title='bbox 241 2113 385 2166; x_wconf 82' lang='grc' dir='ltr'>ρισμοὺς</span> <span class='ocrx_word' id='word_1_255' title='bbox 402 2116 471 2151; x_wconf 86' lang='grc' dir='ltr'><strong>τῶν</strong></span> <span class='ocrx_word' id='word_1_256' title='bbox 487 2112 663 2165; x_wconf 85' lang='grc' dir='ltr'>πράξεων.</span> 
     </span>
    </p>

    <p class='ocr_par' dir='ltr' id='par_1_16' title="bbox 239 2167 1284 2283">
     <span class='ocr_line' id='line_1_37' title="bbox 293 2167 1284 2228; baseline 0.004 -18"><span class='ocrx_word' id='word_1_257' title='bbox 293 2171 495 2223; x_wconf 79' lang='grc' dir='ltr'>Αὖτάρκεια</span> <span class='ocrx_word' id='word_1_258' title='bbox 526 2170 561 2208; x_wconf 84' lang='grc' dir='ltr'>δὲ</span> <span class='ocrx_word' id='word_1_259' title='bbox 582 2171 648 2217; x_wconf 80' lang='grc' dir='ltr'>ἕξις</span> <span class='ocrx_word' id='word_1_260' title='bbox 667 2172 864 2224; x_wconf 85' lang='grc' dir='ltr'>ἀρκουμένη</span> <span class='ocrx_word' id='word_1_261' title='bbox 895 2167 944 2218; x_wconf 68' lang='grc' dir='ltr'><strong>οἷς</strong></span> <span class='ocrx_word' id='word_1_262' title='bbox 961 2173 1033 2223; x_wconf 76' lang='grc' dir='ltr'>δεῖ,</span> <span class='ocrx_word' id='word_1_263' title='bbox 1057 2173 1178 2213; x_wconf 79' lang='grc' dir='ltr'>καὶτὰ</span> <span class='ocrx_word' id='word_1_264' title='bbox 1198 2174 1284 2228; x_wconf 82' lang='grc' dir='ltr'>πρὸς</span> 
     </span>
     <span class='ocr_line' id='line_1_38' title="bbox 239 2229 801 2283; baseline 0.005 -15"><span class='ocrx_word' id='word_1_265' title='bbox 239 2231 278 2271; x_wconf 79' lang='grc' dir='ltr'><strong>τὸ</strong></span> <span class='ocrx_word' id='word_1_266' title='bbox 296 2232 384 2278; x_wconf 52' lang='grc' dir='ltr'>ζῆνῑ)</span> <span class='ocrx_word' id='word_1_267' title='bbox 407 2229 605 2277; x_wconf 84' lang='grc' dir='ltr'>καθήκοντα</span> <span class='ocrx_word' id='word_1_268' title='bbox 623 2231 801 2283; x_wconf 84' lang='grc' dir='ltr'>ὁρίζουσα.</span> 
     </span>
    </p>

    <p class='ocr_par' dir='ltr' id='par_1_17' title="bbox 236 2291 1282 2401">
     <span class='ocr_line' id='line_1_39' title="bbox 291 2291 1282 2343; baseline 0.005 -15"><span class='ocrx_word' id='word_1_269' title='bbox 291 2291 437 2342; x_wconf 85' lang='lat' dir='ltr'><strong>Scripsi</strong></span> <span class='ocrx_word' id='word_1_270' title='bbox 465 2308 472 2329; x_wconf 91' lang='lat'><strong>:</strong></span> <span class='ocrx_word' id='word_1_271' title='bbox 502 2296 518 2312; x_wconf 73' lang='lat'><strong>³</strong></span> <span class='ocrx_word' id='word_1_272' title='bbox 544 2292 600 2343; x_wconf 82' lang='grc' dir='ltr'>ὑφ’</span> <span class='ocrx_word' id='word_1_273' title='bbox 634 2291 779 2343; x_wconf 83' lang='grc' dir='ltr'>ἡδονῆς]</span> <span class='ocrx_word' id='word_1_274' title='bbox 814 2291 925 2331; x_wconf 91' lang='lat' dir='ltr'><strong>codd.</strong></span> <span class='ocrx_word' id='word_1_275' title='bbox 966 2291 1025 2331; x_wconf 82' lang='grc' dir='ltr'><strong>ὑπ’</strong></span> <span class='ocrx_word' id='word_1_276' title='bbox 1063 2293 1200 2341; x_wconf 88' lang='grc' dir='ltr'>ἡδονῆς.</span> <span class='ocrx_word' id='word_1_277' title='bbox 1230 2316 1282 2324; x_wconf 91' lang='grc'>-</span> 
     </span>
     <span class='ocr_line' id='line_1_40' title="bbox 236 2349 669 2401; baseline 0.005 -14"><span class='ocrx_word' id='word_1_278' title='bbox 236 2350 254 2372; x_wconf 77' lang='lat'><strong>¹&gt;</strong></span> <span class='ocrx_word' id='word_1_279' title='bbox 273 2351 350 2398; x_wconf 69' lang='grc' dir='ltr'>ζῆν]</span> <span class='ocrx_word' id='word_1_280' title='bbox 371 2349 483 2387; x_wconf 81' lang='lat' dir='ltr'><strong>codd.</strong></span> <span class='ocrx_word' id='word_1_281' title='bbox 505 2350 581 2401; x_wconf 69' lang='grc' dir='ltr'>ζῇν.</span> <span class='ocrx_word' id='word_1_282' title='bbox 596 2350 669 2400; x_wconf 92' lang='grc'><strong>-)</strong></span> 
     </span>
    </p>

    <p class='ocr_par' dir='ltr' id='par_1_18' title="bbox 236 2405 1285 2694">
     <span class='ocr_line' id='line_1_41' title="bbox 289 2405 1279 2460; baseline 0.004 -14"><span class='ocrx_word' id='word_1_283' title='bbox 289 2405 405 2460; x_wconf 81' lang='grc' dir='ltr'>Ἔργα</span> <span class='ocrx_word' id='word_1_284' title='bbox 427 2406 461 2445; x_wconf 83' lang='grc' dir='ltr'>δὲ</span> <span class='ocrx_word' id='word_1_285' title='bbox 493 2407 715 2460; x_wconf 88' lang='grc' dir='ltr'>σωφροσύνης</span> <span class='ocrx_word' id='word_1_286' title='bbox 755 2407 793 2447; x_wconf 84' lang='grc' dir='ltr'><strong>τὸ</strong></span> <span class='ocrx_word' id='word_1_287' title='bbox 815 2409 863 2459; x_wconf 80' lang='grc' dir='ltr'><strong>μὴ</strong></span> <span class='ocrx_word' id='word_1_288' title='bbox 889 2410 1077 2460; x_wconf 86' lang='grc' dir='ltr'>θαυμάζειν</span> <span class='ocrx_word' id='word_1_289' title='bbox 1103 2409 1166 2455; x_wconf 87' lang='grc' dir='ltr'><strong>τὰς</strong></span> <span class='ocrx_word' id='word_1_290' title='bbox 1187 2412 1279 2450; x_wconf 87' lang='grc' dir='ltr'>ἀπο-</span> 
     </span>
     <span class='ocr_line' id='line_1_42' title="bbox 236 2463 1285 2519; baseline 0.004 -13"><span class='ocrx_word' id='word_1_291' title='bbox 236 2466 376 2511; x_wconf 86' lang='grc' dir='ltr'>λαύσεις</span> <span class='ocrx_word' id='word_1_292' title='bbox 392 2468 460 2505; x_wconf 77' lang='grc' dir='ltr'><strong>τῶν</strong></span> <span class='ocrx_word' id='word_1_293' title='bbox 486 2469 696 2518; x_wconf 85' lang='grc' dir='ltr'>σωματικῶν</span> <span class='ocrx_word' id='word_1_294' title='bbox 719 2469 872 2517; x_wconf 80' lang='grc' dir='ltr'>ἡδονῶν,</span> <span class='ocrx_word' id='word_1_295' title='bbox 896 2469 956 2508; x_wconf 77' lang='grc' dir='ltr'><strong>καὶ</strong></span> <span class='ocrx_word' id='word_1_296' title='bbox 978 2469 1019 2508; x_wconf 84' lang='grc' dir='ltr'><strong>τὸ</strong></span> <span class='ocrx_word' id='word_1_297' title='bbox 1039 2463 1126 2509; x_wconf 66' lang='grc' dir='ltr'>εἶναι</span> <span class='ocrx_word' id='word_1_298' title='bbox 1143 2469 1285 2519; x_wconf 77' lang='grc' dir='ltr'>ἁπάσης</span> 
     </span>
     <span class='ocr_line' id='line_1_43' title="bbox 238 2527 1281 2583; baseline 0.004 -20"><span class='ocrx_word' id='word_1_299' title='bbox 238 2527 499 2573; x_wconf 76' lang='grc' dir='ltr'>ἀπολαυστικῆς</span> <span class='ocrx_word' id='word_1_300' title='bbox 523 2528 672 2579; x_wconf 81' lang='grc' dir='ltr'>αἰσχρᾶς</span> <span class='ocrx_word' id='word_1_301' title='bbox 697 2528 821 2575; x_wconf 89' lang='grc' dir='ltr'>ἡδονῆς</span> <span class='ocrx_word' id='word_1_302' title='bbox 848 2527 1053 2580; x_wconf 87' lang='grc' dir='ltr'>ἀνόρεκτον,</span> <span class='ocrx_word' id='word_1_303' title='bbox 1073 2528 1133 2567; x_wconf 86' lang='grc' dir='ltr'><strong>καὶ</strong></span> <span class='ocrx_word' id='word_1_304' title='bbox 1152 2529 1192 2568; x_wconf 85' lang='grc' dir='ltr'><strong>τὸ</strong></span> <span class='ocrx_word' id='word_1_305' title='bbox 1219 2544 1281 2583; x_wconf 80' lang='grc' dir='ltr'><strong>φο·</strong></span> 
     </span>
     <span class='ocr_line' id='line_1_44' title="bbox 239 2582 1285 2641; baseline 0.006 -21"><span class='ocrx_word' id='word_1_306' title='bbox 239 2582 378 2621; x_wconf 71' lang='grc' dir='ltr'>δεῖσθαι</span> <span class='ocrx_word' id='word_1_307' title='bbox 406 2582 451 2621; x_wconf 82' lang='grc' dir='ltr'><strong>τὰ</strong></span> <span class='ocrx_word' id='word_1_308' title='bbox 473 2582 552 2636; x_wconf 85' lang='grc' dir='ltr'>περὶ</span> <span class='ocrx_word' id='word_1_309' title='bbox 573 2583 632 2622; x_wconf 84' lang='grc' dir='ltr'><strong>τὸν</strong></span> <span class='ocrx_word' id='word_1_310' title='bbox 665 2583 737 2636; x_wconf 88' lang='grc' dir='ltr'>βίον</span> <span class='ocrx_word' id='word_1_311' title='bbox 764 2585 890 2637; x_wconf 90' lang='grc' dir='ltr'>ὁμοίως</span> <span class='ocrx_word' id='word_1_312' title='bbox 914 2585 951 2624; x_wconf 85' lang='grc' dir='ltr'>ἔν</span> <span class='ocrx_word' id='word_1_313' title='bbox 975 2602 1012 2625; x_wconf 88' lang='grc' dir='ltr'><strong>τε</strong></span> <span class='ocrx_word' id='word_1_314' title='bbox 1040 2592 1200 2641; x_wconf 88' lang='grc' dir='ltr'>σμικροῖς</span> <span class='ocrx_word' id='word_1_315' title='bbox 1224 2586 1285 2626; x_wconf 80' lang='grc' dir='ltr'><strong>καὶ</strong></span> 
     </span>
     <span class='ocr_line' id='line_1_45' title="bbox 237 2641 415 2694; baseline 0.006 -14"><span class='ocrx_word' id='word_1_316' title='bbox 237 2641 415 2694; x_wconf 87' lang='grc' dir='ltr'>μεγάλοις.</span> 
     </span>
    </p>

    <p class='ocr_par' dir='ltr' id='par_1_19' title="bbox 234 2699 1276 2793">
     <span class='ocr_line' id='line_1_46' title="bbox 289 2699 1276 2757; baseline 0.008 -19"><span class='ocrx_word' id='word_1_317' title='bbox 289 2699 493 2753; x_wconf 89' lang='grc' dir='ltr'>Παρέπεται</span> <span class='ocrx_word' id='word_1_318' title='bbox 516 2700 550 2741; x_wconf 78' lang='grc' dir='ltr'>δὲ</span> <span class='ocrx_word' id='word_1_319' title='bbox 571 2704 614 2754; x_wconf 82' lang='grc' dir='ltr'><strong>τῇ</strong></span> <span class='ocrx_word' id='word_1_320' title='bbox 636 2702 840 2757; x_wconf 84' lang='grc' dir='ltr'>σωφροσύνῃ</span> <span class='ocrx_word' id='word_1_321' title='bbox 858 2705 1026 2757; x_wconf 82' lang='grc' dir='ltr'>εὐκοσμία</span> <span class='ocrx_word' id='word_1_322' title='bbox 1040 2735 1051 2756; x_wconf 86' lang='grc'>,</span> <span class='ocrx_word' id='word_1_323' title='bbox 1075 2706 1195 2756; x_wconf 82' lang='grc' dir='ltr'>αἰδώς,</span> <span class='ocrx_word' id='word_1_324' title='bbox 1218 2707 1276 2746; x_wconf 83' lang='grc' dir='ltr'><strong>εὖ·</strong></span> 
     </span>
     <span class='ocr_line' id='line_1_47' title="bbox 234 2753 374 2793; baseline 0.007 -1"><span class='ocrx_word' id='word_1_325' title='bbox 234 2753 374 2793; x_wconf 76' lang='grc' dir='ltr'>λάὸεια.</span> 
     </span>
    </p>

    <p class='ocr_par' dir='ltr' id='par_1_20' title="bbox 589 2807 927 2863">
     <span class='ocr_line' id='line_1_48' title="bbox 589 2807 927 2863; baseline 0.009 -15"><span class='ocrx_word' id='word_1_326' title='bbox 589 2807 679 2860; x_wconf 77' lang='grc' dir='ltr'>Περὶ</span> <span class='ocrx_word' id='word_1_327' title='bbox 711 2811 927 2863; x_wconf 83' lang='grc' dir='ltr'>ἐγκρατείας.</span> 
     </span>
    </p>

    <p class='ocr_par' dir='ltr' id='par_1_21' title="bbox 234 2864 1278 3037">
     <span class='ocr_line' id='line_1_49' title="bbox 289 2864 1276 2923; baseline 0.005 -18"><span class='ocrx_word' id='word_1_328' title='bbox 289 2864 502 2918; x_wconf 87' lang='grc' dir='ltr'>Ἐγκράτεια</span> <span class='ocrx_word' id='word_1_329' title='bbox 524 2866 559 2905; x_wconf 90' lang='grc' dir='ltr'>δέ</span> <span class='ocrx_word' id='word_1_330' title='bbox 580 2867 672 2905; x_wconf 87' lang='grc' dir='ltr'>ἐστιν</span> <span class='ocrx_word' id='word_1_331' title='bbox 695 2869 800 2920; x_wconf 86' lang='grc' dir='ltr'>ἀρετὴ</span> <span class='ocrx_word' id='word_1_332' title='bbox 831 2874 890 2909; x_wconf 82' lang='grc' dir='ltr'><strong>τοῦ</strong></span> <span class='ocrx_word' id='word_1_333' title='bbox 910 2874 1178 2923; x_wconf 80' lang='grc' dir='ltr'>ἐπιθυμητικοῦ,</span> <span class='ocrx_word' id='word_1_334' title='bbox 1199 2872 1276 2911; x_wconf 79' lang='grc' dir='ltr'>καθ’</span> 
     </span>
     <span class='ocr_line' id='line_1_50' title="bbox 234 2924 1278 2984; baseline 0.008 -23"><span class='ocrx_word' id='word_1_335' title='bbox 234 2925 277 2974; x_wconf 77' lang='grc' dir='ltr'>ἡν</span> <span class='ocrx_word' id='word_1_336' title='bbox 297 2924 458 2976; x_wconf 85' lang='grc' dir='ltr'>κατέχειν</span> <span class='ocrx_word' id='word_1_337' title='bbox 489 2926 538 2978; x_wconf 81' lang='grc' dir='ltr'><strong>τῷ</strong></span> <span class='ocrx_word' id='word_1_338' title='bbox 557 2926 715 2979; x_wconf 83' lang='grc' dir='ltr'>λογισμῷ</span> <span class='ocrx_word' id='word_1_339' title='bbox 740 2929 884 2968; x_wconf 86' lang='grc' dir='ltr'>δύναται</span> <span class='ocrx_word' id='word_1_340' title='bbox 904 2929 967 2978; x_wconf 83' lang='grc' dir='ltr'><strong>τὴν</strong></span> <span class='ocrx_word' id='word_1_341' title='bbox 991 2931 1197 2983; x_wconf 83' lang='grc' dir='ltr'>ἐπιθυμίαν,</span> <span class='ocrx_word' id='word_1_342' title='bbox 1219 2933 1278 2984; x_wconf 90' lang='grc' dir='ltr'><strong>ὁρ-</strong></span> 
     </span>
     <span class='ocr_line' id='line_1_51' title="bbox 235 2982 743 3037; baseline 0.01 -18"><span class='ocrx_word' id='word_1_343' title='bbox 235 2985 357 3030; x_wconf 88' lang='grc' dir='ltr'>μῶσαν</span> <span class='ocrx_word' id='word_1_344' title='bbox 377 2983 433 3021; x_wconf 84' lang='grc' dir='ltr'><strong>ἐπὶ</strong></span> <span class='ocrx_word' id='word_1_345' title='bbox 454 2982 587 3037; x_wconf 89' lang='grc' dir='ltr'>φαύλας</span> <span class='ocrx_word' id='word_1_346' title='bbox 606 2985 743 3031; x_wconf 76' lang='grc' dir='ltr'>ἡδονάς.</span> 
     </span>
    </p>

    <p class='ocr_par' dir='ltr' id='par_1_22' title="bbox 233 3038 1279 3273">
     <span class='ocr_line' id='line_1_52' title="bbox 287 3038 1279 3102; baseline 0.008 -21"><span class='ocrx_word' id='word_1_347' title='bbox 287 3038 404 3094; x_wconf 84' lang='grc' dir='ltr'>Ἔργα</span> <span class='ocrx_word' id='word_1_348' title='bbox 425 3041 460 3080; x_wconf 83' lang='grc' dir='ltr'>δὲ</span> <span class='ocrx_word' id='word_1_349' title='bbox 477 3043 586 3088; x_wconf 84' lang='grc' dir='ltr'>αὐτῆς</span> <span class='ocrx_word' id='word_1_350' title='bbox 611 3042 650 3081; x_wconf 83' lang='grc' dir='ltr'><strong>τὸ</strong></span> <span class='ocrx_word' id='word_1_351' title='bbox 672 3044 838 3084; x_wconf 89' lang='grc' dir='ltr'>δύνασθαι</span> <span class='ocrx_word' id='word_1_352' title='bbox 863 3047 1025 3100; x_wconf 82' lang='grc' dir='ltr'>κατέχειν</span> <span class='ocrx_word' id='word_1_353' title='bbox 1050 3050 1101 3102; x_wconf 80' lang='grc' dir='ltr'><strong>τῷ</strong></span> <span class='ocrx_word' id='word_1_354' title='bbox 1119 3049 1279 3101; x_wconf 80' lang='grc' dir='ltr'>λογισμῷ</span> 
     </span>
     <span class='ocr_line' id='line_1_53' title="bbox 233 3100 1278 3159; baseline 0.006 -20"><span class='ocrx_word' id='word_1_355' title='bbox 233 3100 297 3149; x_wconf 87' lang='grc' dir='ltr'><strong>τὴν</strong></span> <span class='ocrx_word' id='word_1_356' title='bbox 322 3100 508 3151; x_wconf 85' lang='grc' dir='ltr'>ἐπιθυμίαν</span> <span class='ocrx_word' id='word_1_357' title='bbox 528 3102 694 3153; x_wconf 85' lang='grc' dir='ltr'>ὁρμῶσαν</span> <span class='ocrx_word' id='word_1_358' title='bbox 729 3103 787 3142; x_wconf 79' lang='grc' dir='ltr'><strong>ἐπὶ</strong></span> <span class='ocrx_word' id='word_1_359' title='bbox 808 3103 869 3149; x_wconf 84' lang='grc' dir='ltr'><strong>τὰς</strong></span> <span class='ocrx_word' id='word_1_360' title='bbox 897 3106 1031 3159; x_wconf 83' lang='grc' dir='ltr'>φαύλας</span> <span class='ocrx_word' id='word_1_361' title='bbox 1070 3108 1278 3151; x_wconf 85' lang='grc' dir='ltr'>ἀπολαύσεις</span> 
     </span>
     <span class='ocr_line' id='line_1_54' title="bbox 233 3154 1279 3217; baseline 0.005 -18"><span class='ocrx_word' id='word_1_362' title='bbox 233 3154 301 3200; x_wconf 83' lang='grc' dir='ltr'><strong>τῶν</strong></span> <span class='ocrx_word' id='word_1_363' title='bbox 334 3161 486 3207; x_wconf 82' lang='grc' dir='ltr'>ἡδονῶν·</span> <span class='ocrx_word' id='word_1_364' title='bbox 512 3161 551 3200; x_wconf 83' lang='grc' dir='ltr'><strong>τὸ</strong></span> <span class='ocrx_word' id='word_1_365' title='bbox 585 3162 789 3214; x_wconf 84' lang='grc' dir='ltr'>καρτερικὸν</span> <span class='ocrx_word' id='word_1_366' title='bbox 819 3163 879 3202; x_wconf 78' lang='grc' dir='ltr'><strong>καὶ</strong></span> <span class='ocrx_word' id='word_1_367' title='bbox 911 3167 1162 3217; x_wconf 77' lang='grc' dir='ltr'>ὑπομονητικὸν</span> <span class='ocrx_word' id='word_1_368' title='bbox 1191 3160 1279 3206; x_wconf 59' lang='grc' dir='ltr'>εἶναι</span> 
     </span>
     <span class='ocr_line' id='line_1_55' title="bbox 234 3218 958 3273; baseline 0.004 -16"><span class='ocrx_word' id='word_1_369' title='bbox 234 3222 295 3266; x_wconf 85' lang='grc' dir='ltr'><strong>τῆς</strong></span> <span class='ocrx_word' id='word_1_370' title='bbox 320 3218 411 3258; x_wconf 81' lang='grc' dir='ltr'>κατὰ</span> <span class='ocrx_word' id='word_1_371' title='bbox 431 3218 532 3273; x_wconf 90' lang='grc' dir='ltr'>φύσιν</span> <span class='ocrx_word' id='word_1_372' title='bbox 557 3220 687 3265; x_wconf 89' lang='grc' dir='ltr'>ἐνδείας</span> <span class='ocrx_word' id='word_1_373' title='bbox 702 3236 740 3259; x_wconf 89' lang='grc' dir='ltr'><strong>τε</strong></span> <span class='ocrx_word' id='word_1_374' title='bbox 757 3221 816 3260; x_wconf 72' lang='grc' dir='ltr'><strong>καὶ</strong></span> <span class='ocrx_word' id='word_1_375' title='bbox 835 3223 958 3271; x_wconf 83' lang='grc' dir='ltr'>λύπης.</span> 
     </span>
    </p>

    <p class='ocr_par' dir='ltr' id='par_1_23' title="bbox 235 3274 1277 3441">
     <span class='ocr_line' id='line_1_56' title="bbox 585 3274 929 3328; baseline 0.009 -15"><span class='ocrx_word' id='word_1_376' title='bbox 585 3274 675 3328; x_wconf 84' lang='grc' dir='ltr'>Περὶ</span> <span class='ocrx_word' id='word_1_377' title='bbox 695 3275 929 3323; x_wconf 88' lang='grc' dir='ltr'>δικαιοσύνης.</span> 
     </span>
     <span class='ocr_line' id='line_1_57' title="bbox 236 3332 1277 3388; baseline 0.007 -18"><span class='ocrx_word' id='word_1_378' title='bbox 236 3333 239 3336; x_wconf 52' lang='lat'><strong>⁴</strong></span> <span class='ocrx_word' id='word_1_379' title='bbox 288 3333 498 3382; x_wconf 88' lang='grc' dir='ltr'>Δικαιοσύνη</span> <span class='ocrx_word' id='word_1_380' title='bbox 531 3332 624 3373; x_wconf 74' lang='grc' dir='ltr'>ἐστὶν</span> <span class='ocrx_word' id='word_1_381' title='bbox 646 3332 753 3388; x_wconf 79' lang='grc' dir='ltr'>ἀρετὴ</span> <span class='ocrx_word' id='word_1_382' title='bbox 772 3335 886 3388; x_wconf 86' lang='grc' dir='ltr'>ψυχῆς</span> <span class='ocrx_word' id='word_1_383' title='bbox 905 3338 966 3374; x_wconf 72' lang='grc' dir='ltr'><strong>τοῦ</strong></span> <span class='ocrx_word' id='word_1_384' title='bbox 982 3338 1061 3375; x_wconf 90' lang='grc' dir='ltr'>κατ’</span> <span class='ocrx_word' id='word_1_385' title='bbox 1086 3337 1183 3383; x_wconf 80' lang='grc' dir='ltr'>ἀξίαν</span> <span class='ocrx_word' id='word_1_386' title='bbox 1201 3338 1277 3377; x_wconf 89' lang='grc' dir='ltr'>δια-</span> 
     </span>
     <span class='ocr_line' id='line_1_58' title="bbox 235 3391 421 3441; baseline 0.022 -13"><span class='ocrx_word' id='word_1_387' title='bbox 235 3391 421 3441; x_wconf 87' lang='grc' dir='ltr'>νεμητική.</span> 
     </span>
    </p>
   </div>
   <div class='ocr_carea' id='block_1_8' title="bbox 1733 1034 2028 1078">
    <p class='ocr_par' dir='ltr' id='par_1_24' title="bbox 1733 1034 2028 1078">
     <span class='ocr_line' id='line_1_59' title="bbox 1733 1034 2028 1078; baseline 0.02 -12"><span class='ocrx_word' id='word_1_388' title='bbox 1733 1034 1782 1067; x_wconf 88' lang='lat' dir='ltr'><strong>De</strong></span> <span class='ocrx_word' id='word_1_389' title='bbox 1800 1037 2028 1078; x_wconf 81' lang='lat' dir='ltr'><strong>temperantia.</strong></span> 
     </span>
    </p>
   </div>
   <div class='ocr_carea' id='block_1_9' title="bbox 1402 1089 2406 1147">
    <p class='ocr_par' dir='ltr' id='par_1_25' title="bbox 1402 1089 2406 1147">
     <span class='ocr_line' id='line_1_60' title="bbox 1402 1089 2406 1147; baseline 0.002 -23"><span class='ocrx_word' id='word_1_390' title='bbox 1402 1089 1631 1132; x_wconf 70' lang='lat' dir='ltr'><strong>Temperantia</strong></span> <span class='ocrx_word' id='word_1_391' title='bbox 1662 1090 1803 1124; x_wconf 86' lang='lat' dir='ltr'><strong>habetur</strong></span> <span class='ocrx_word' id='word_1_392' title='bbox 1834 1094 1942 1127; x_wconf 89' lang='lat' dir='ltr'><strong>virtus</strong></span> <span class='ocrx_word' id='word_1_393' title='bbox 1968 1096 2040 1138; x_wconf 88' lang='lat' dir='ltr'><strong>ejus</strong></span> <span class='ocrx_word' id='word_1_394' title='bbox 2067 1097 2170 1131; x_wconf 85' lang='lat' dir='ltr'><strong>animi</strong></span> <span class='ocrx_word' id='word_1_395' title='bbox 2203 1100 2311 1142; x_wconf 56' lang='lat' dir='ltr'><strong>parti,</strong></span> <span class='ocrx_word' id='word_1_396' title='bbox 2319 1092 2406 1147; x_wconf 56' lang='lat' dir='ltr'><strong>&#39;⁵413ae</strong></span> 
     </span>
    </p>
   </div>
   <div class='ocr_carea' id='block_1_10' title="bbox 1360 1136 2406 1232">
    <p class='ocr_par' dir='ltr' id='par_1_26' title="bbox 1360 1136 2406 1232">
     <span class='ocr_line' id='line_1_61' title="bbox 1360 1136 2406 1185; baseline 0.014 -16"><span class='ocrx_word' id='word_1_397' title='bbox 1360 1136 1404 1169; x_wconf 80' lang='lat' dir='ltr'><strong>ad</strong></span> <span class='ocrx_word' id='word_1_398' title='bbox 1430 1136 1726 1177; x_wconf 87' lang='lat' dir='ltr'><strong>concupiscendum</strong></span> <span class='ocrx_word' id='word_1_399' title='bbox 1742 1147 1903 1181; x_wconf 86' lang='lat' dir='ltr'><strong>propensa</strong></span> <span class='ocrx_word' id='word_1_400' title='bbox 1916 1144 1977 1182; x_wconf 80' lang='lat' dir='ltr'><strong>est,</strong></span> <span class='ocrx_word' id='word_1_401' title='bbox 1996 1152 2064 1185; x_wconf 80' lang='lat' dir='ltr'><strong>qua</strong></span> <span class='ocrx_word' id='word_1_402' title='bbox 2079 1144 2128 1184; x_wconf 82' lang='lat' dir='ltr'><strong>fit,</strong></span> <span class='ocrx_word' id='word_1_403' title='bbox 2143 1147 2182 1178; x_wconf 87' lang='lat' dir='ltr'><strong>ut</strong></span> <span class='ocrx_word' id='word_1_404' title='bbox 2198 1146 2348 1183; x_wconf 73' lang='lat' dir='ltr'><strong>homines</strong></span> <span class='ocrx_word' id='word_1_405' title='bbox 2362 1150 2406 1183; x_wconf 85' lang='lat' dir='ltr'><strong>li-</strong></span> 
     </span>
     <span class='ocr_line' id='line_1_62' title="bbox 1360 1183 2406 1232; baseline 0.015 -16"><span class='ocrx_word' id='word_1_406' title='bbox 1360 1183 1584 1216; x_wconf 85' lang='lat' dir='ltr'><strong>bidinosarum</strong></span> <span class='ocrx_word' id='word_1_407' title='bbox 1602 1183 1808 1226; x_wconf 72' lang='lat' dir='ltr'><strong>voluptatum</strong></span> <span class='ocrx_word' id='word_1_408' title='bbox 1826 1186 1973 1226; x_wconf 83' lang='lat' dir='ltr'><strong>fructum</strong></span> <span class='ocrx_word' id='word_1_409' title='bbox 1988 1189 2171 1226; x_wconf 80' lang='lat' dir='ltr'><strong>fastidiant.</strong></span> <span class='ocrx_word' id='word_1_410' title='bbox 2188 1193 2274 1231; x_wconf 78' lang='lat' dir='ltr'><strong>Sunt</strong></span> <span class='ocrx_word' id='word_1_411' title='bbox 2292 1198 2406 1232; x_wconf 73' lang='lat' dir='ltr'><strong>autem</strong></span> 
     </span>
    </p>
   </div>
   <div class='ocr_carea' id='block_1_11' title="bbox 1361 1230 2404 1319">
    <p class='ocr_par' dir='ltr' id='par_1_27' title="bbox 1361 1230 2404 1319">
     <span class='ocr_line' id='line_1_63' title="bbox 1361 1230 2404 1281; baseline 0.018 -21"><span class='ocrx_word' id='word_1_412' title='bbox 1361 1231 1501 1272; x_wconf 86' lang='lat' dir='ltr'><strong>propriae</strong></span> <span class='ocrx_word' id='word_1_413' title='bbox 1527 1230 1597 1272; x_wconf 86' lang='lat' dir='ltr'><strong>ejus</strong></span> <span class='ocrx_word' id='word_1_414' title='bbox 1617 1232 1805 1273; x_wconf 87' lang='lat' dir='ltr'><strong>austeritas,</strong></span> <span class='ocrx_word' id='word_1_415' title='bbox 1826 1236 2037 1277; x_wconf 81' lang='lat' dir='ltr'><strong>continentia,</strong></span> <span class='ocrx_word' id='word_1_416' title='bbox 2060 1239 2270 1281; x_wconf 81' lang='lat' dir='ltr'><strong>parsimonia,</strong></span> <span class='ocrx_word' id='word_1_417' title='bbox 2295 1242 2404 1279; x_wconf 85' lang='lat' dir='ltr'><strong>victus</strong></span> 
     </span>
     <span class='ocr_line' id='line_1_64' title="bbox 1361 1277 2103 1319; baseline 0.016 -12"><span class='ocrx_word' id='word_1_418' title='bbox 1361 1277 1516 1315; x_wconf 84' lang='lat' dir='ltr'><strong>tenuitas,</strong></span> <span class='ocrx_word' id='word_1_419' title='bbox 1548 1277 1721 1318; x_wconf 86' lang='lat' dir='ltr'><strong>modestia,</strong></span> <span class='ocrx_word' id='word_1_420' title='bbox 1746 1280 1871 1314; x_wconf 82' lang='lat' dir='ltr'><strong>ordinis</strong></span> <span class='ocrx_word' id='word_1_421' title='bbox 1887 1286 2103 1319; x_wconf 81' lang='lat' dir='ltr'><strong>conservatio.</strong></span> 
     </span>
    </p>
   </div>
   <div class='ocr_carea' id='block_1_12' title="bbox 1363 1337 2407 1486">
    <p class='ocr_par' dir='ltr' id='par_1_28' title="bbox 1363 1337 2407 1486">
     <span class='ocr_line' id='line_1_65' title="bbox 1403 1337 2407 1392; baseline 0.02 -27"><span class='ocrx_word' id='word_1_422' title='bbox 1403 1337 1586 1388; x_wconf 77' lang='lat' dir='ltr'><strong>Austeritas</strong></span> <span class='ocrx_word' id='word_1_423' title='bbox 1606 1341 1742 1381; x_wconf 83' lang='lat' dir='ltr'><strong>quidem</strong></span> <span class='ocrx_word' id='word_1_424' title='bbox 1764 1348 1814 1378; x_wconf 88' lang='lat' dir='ltr'><strong>est</strong></span> <span class='ocrx_word' id='word_1_425' title='bbox 1826 1347 1928 1379; x_wconf 87' lang='lat' dir='ltr'><strong>animi</strong></span> <span class='ocrx_word' id='word_1_426' title='bbox 1947 1347 2185 1392; x_wconf 55' lang='lat' dir='ltr'><strong>assonam-qua</strong></span> <span class='ocrx_word' id='word_1_427' title='bbox 2199 1349 2250 1390; x_wconf 82' lang='lat' dir='ltr'><strong>fit,</strong></span> <span class='ocrx_word' id='word_1_428' title='bbox 2267 1351 2307 1383; x_wconf 88' lang='lat' dir='ltr'><strong>ut</strong></span> <span class='ocrx_word' id='word_1_429' title='bbox 2323 1342 2407 1385; x_wconf 79' lang='lat' dir='ltr'><strong>ilon-</strong></span> 
     </span>
     <span class='ocr_line' id='line_1_66' title="bbox 1363 1383 2407 1438; baseline 0.015 -22"><span class='ocrx_word' id='word_1_430' title='bbox 1363 1383 1446 1416; x_wconf 81' lang='lat' dir='ltr'><strong>nulli</strong></span> <span class='ocrx_word' id='word_1_431' title='bbox 1473 1394 1580 1427; x_wconf 87' lang='lat' dir='ltr'><strong>neque</strong></span> <span class='ocrx_word' id='word_1_432' title='bbox 1612 1388 1686 1421; x_wconf 89' lang='lat' dir='ltr'><strong>aliis</strong></span> <span class='ocrx_word' id='word_1_433' title='bbox 1718 1391 1970 1427; x_wconf 89' lang='lat' dir='ltr'><strong>libidinosarum</strong></span> <span class='ocrx_word' id='word_1_434' title='bbox 2006 1395 2222 1438; x_wconf 83' lang='lat' dir='ltr'><strong>voluptatum</strong></span> <span class='ocrx_word' id='word_1_435' title='bbox 2258 1395 2407 1431; x_wconf 63' lang='lat' dir='ltr'><strong>fructum</strong></span> 
     </span>
     <span class='ocr_line' id='line_1_67' title="bbox 1364 1433 2406 1486; baseline 0.013 -21"><span class='ocrx_word' id='word_1_436' title='bbox 1364 1433 1518 1474; x_wconf 84' lang='lat' dir='ltr'><strong>offerant,</strong></span> <span class='ocrx_word' id='word_1_437' title='bbox 1540 1447 1645 1480; x_wconf 88' lang='lat' dir='ltr'><strong>neque</strong></span> <span class='ocrx_word' id='word_1_438' title='bbox 1672 1438 1714 1471; x_wconf 85' lang='lat' dir='ltr'><strong>ab</strong></span> <span class='ocrx_word' id='word_1_439' title='bbox 1750 1440 1825 1474; x_wconf 84' lang='lat' dir='ltr'><strong>aliis</strong></span> <span class='ocrx_word' id='word_1_440' title='bbox 1844 1452 1920 1475; x_wconf 90' lang='lat' dir='ltr'><strong>eum</strong></span> <span class='ocrx_word' id='word_1_441' title='bbox 1942 1443 2104 1486; x_wconf 82' lang='lat' dir='ltr'><strong>accipiant</strong></span> <span class='ocrx_word' id='word_1_442' title='bbox 2125 1446 2211 1477; x_wconf 84' lang='lat' dir='ltr'><strong>:aut</strong></span> <span class='ocrx_word' id='word_1_443' title='bbox 2230 1445 2332 1479; x_wconf 74' lang='lat' dir='ltr'><strong>animi</strong></span> <span class='ocrx_word' id='word_1_444' title='bbox 2354 1444 2406 1478; x_wconf 78' lang='lat' dir='ltr'><strong>af-</strong></span> 
     </span>
    </p>
   </div>
   <div class='ocr_carea' id='block_1_13' title="bbox 1354 1481 2406 1576">
    <p class='ocr_par' dir='ltr' id='par_1_29' title="bbox 1354 1481 2406 1576">
     <span class='ocr_line' id='line_1_68' title="bbox 1364 1481 2406 1534; baseline 0.012 -21"><span class='ocrx_word' id='word_1_445' title='bbox 1364 1481 1462 1515; x_wconf 89' lang='lat' dir='ltr'><strong>fectio</strong></span> <span class='ocrx_word' id='word_1_446' title='bbox 1490 1486 1529 1515; x_wconf 88' lang='lat' dir='ltr'><strong>ut</strong></span> <span class='ocrx_word' id='word_1_447' title='bbox 1561 1485 1808 1521; x_wconf 84' lang='lat' dir='ltr'><strong>libidinosarum</strong></span> <span class='ocrx_word' id='word_1_448' title='bbox 1839 1489 2060 1532; x_wconf 86' lang='lat' dir='ltr'><strong>voluptatum,</strong></span> <span class='ocrx_word' id='word_1_449' title='bbox 2088 1489 2136 1524; x_wconf 90' lang='lat' dir='ltr'><strong>ita</strong></span> <span class='ocrx_word' id='word_1_450' title='bbox 2165 1491 2314 1534; x_wconf 86' lang='lat' dir='ltr'><strong>turpium</strong></span> <span class='ocrx_word' id='word_1_451' title='bbox 2331 1501 2406 1526; x_wconf 84' lang='lat' dir='ltr'><strong>ver-</strong></span> 
     </span>
     <span class='ocr_line' id='line_1_69' title="bbox 1354 1529 1682 1576; baseline 0.018 -14"><span class='ocrx_word' id='word_1_452' title='bbox 1354 1529 1473 1564; x_wconf 89' lang='lat' dir='ltr'><strong>borum</strong></span> <span class='ocrx_word' id='word_1_453' title='bbox 1497 1532 1682 1576; x_wconf 85' lang='lat' dir='ltr'><strong>impatiens.</strong></span> 
     </span>
    </p>
   </div>
   <div class='ocr_carea' id='block_1_14' title="bbox 1349 1593 2400 2294">
    <p class='ocr_par' dir='ltr' id='par_1_30' title="bbox 1401 1593 2400 1640">
     <span class='ocr_line' id='line_1_70' title="bbox 1401 1593 2400 1640; baseline 0.007 -15"><span class='ocrx_word' id='word_1_454' title='bbox 1401 1593 1608 1626; x_wconf 84' lang='lat' dir='ltr'><strong>Continentia</strong></span> <span class='ocrx_word' id='word_1_455' title='bbox 1636 1596 1687 1628; x_wconf 89' lang='lat' dir='ltr'><strong>est</strong></span> <span class='ocrx_word' id='word_1_456' title='bbox 1706 1595 1808 1628; x_wconf 89' lang='lat' dir='ltr'><strong>animi</strong></span> <span class='ocrx_word' id='word_1_457' title='bbox 1823 1594 1955 1629; x_wconf 74' lang='lat' dir='ltr'><strong>affectio</strong></span> <span class='ocrx_word' id='word_1_458' title='bbox 1974 1596 2139 1640; x_wconf 81' lang='lat' dir='ltr'><strong>voluptati</strong></span> <span class='ocrx_word' id='word_1_459' title='bbox 2153 1607 2220 1631; x_wconf 86' lang='lat' dir='ltr'><strong>non</strong></span> <span class='ocrx_word' id='word_1_460' title='bbox 2243 1596 2400 1632; x_wconf 81' lang='lat' dir='ltr'><strong>serviens.</strong></span> 
     </span>
    </p>

    <p class='ocr_par' dir='ltr' id='par_1_31' title="bbox 1354 1652 2398 1758">
     <span class='ocr_line' id='line_1_71' title="bbox 1398 1652 2398 1692; baseline 0.008 -8"><span class='ocrx_word' id='word_1_461' title='bbox 1398 1652 1601 1686; x_wconf 88' lang='lat' dir='ltr'><strong>Parsimonia</strong></span> <span class='ocrx_word' id='word_1_462' title='bbox 1619 1657 1670 1687; x_wconf 89' lang='lat' dir='ltr'><strong>est</strong></span> <span class='ocrx_word' id='word_1_463' title='bbox 1689 1655 1790 1689; x_wconf 89' lang='lat' dir='ltr'><strong>animi</strong></span> <span class='ocrx_word' id='word_1_464' title='bbox 1813 1655 1945 1690; x_wconf 83' lang='lat' dir='ltr'><strong>affectio</strong></span> <span class='ocrx_word' id='word_1_465' title='bbox 1971 1666 2036 1690; x_wconf 91' lang='lat' dir='ltr'><strong>non</strong></span> <span class='ocrx_word' id='word_1_466' title='bbox 2059 1656 2236 1691; x_wconf 82' lang='lat' dir='ltr'><strong>immodica</strong></span> <span class='ocrx_word' id='word_1_467' title='bbox 2253 1657 2290 1692; x_wconf 82' lang='lat' dir='ltr'><strong>in</strong></span> <span class='ocrx_word' id='word_1_468' title='bbox 2307 1666 2398 1692; x_wconf 87' lang='lat' dir='ltr'><strong>sum-</strong></span> 
     </span>
     <span class='ocr_line' id='line_1_72' title="bbox 1354 1704 2074 1758; baseline 0.004 -11"><span class='ocrx_word' id='word_1_469' title='bbox 1354 1713 1445 1747; x_wconf 85' lang='lat' dir='ltr'><strong>tibus</strong></span> <span class='ocrx_word' id='word_1_470' title='bbox 1463 1717 1496 1748; x_wconf 89' lang='lat' dir='ltr'><strong>et</strong></span> <span class='ocrx_word' id='word_1_471' title='bbox 1512 1715 1736 1758; x_wconf 87' lang='lat' dir='ltr'><strong>apparatibus.</strong></span> <span class='ocrx_word' id='word_1_472' title='bbox 2071 1704 2074 1706; x_wconf 18' lang='lat' dir='ltr'>v</span> 
     </span>
    </p>

    <p class='ocr_par' dir='ltr' id='par_1_32' title="bbox 1396 1774 2397 1819">
     <span class='ocr_line' id='line_1_73' title="bbox 1396 1774 2397 1819; baseline 0.005 -13"><span class='ocrx_word' id='word_1_473' title='bbox 1396 1774 1514 1807; x_wconf 85' lang='lat' dir='ltr'><strong>Victus</strong></span> <span class='ocrx_word' id='word_1_474' title='bbox 1522 1774 1666 1807; x_wconf 87' lang='lat' dir='ltr'><strong>tenuitas</strong></span> <span class='ocrx_word' id='word_1_475' title='bbox 1677 1776 1727 1808; x_wconf 89' lang='lat' dir='ltr'><strong>est</strong></span> <span class='ocrx_word' id='word_1_476' title='bbox 1738 1774 1838 1807; x_wconf 89' lang='lat' dir='ltr'><strong>animi</strong></span> <span class='ocrx_word' id='word_1_477' title='bbox 1852 1775 1986 1809; x_wconf 81' lang='lat' dir='ltr'><strong>affectio</strong></span> <span class='ocrx_word' id='word_1_478' title='bbox 1993 1775 2093 1810; x_wconf 90' lang='lat' dir='ltr'><strong>rebus</strong></span> <span class='ocrx_word' id='word_1_479' title='bbox 2103 1775 2226 1810; x_wconf 79' lang='lat' dir='ltr'><strong>vilibus</strong></span> <span class='ocrx_word' id='word_1_480' title='bbox 2233 1778 2397 1819; x_wconf 79' lang='lat' dir='ltr'><strong>contenta,</strong></span> 
     </span>
    </p>

    <p class='ocr_par' dir='ltr' id='par_1_33' title="bbox 1352 1833 2399 1999">
     <span class='ocr_line' id='line_1_74' title="bbox 1393 1833 2398 1879; baseline 0.003 -13"><span class='ocrx_word' id='word_1_481' title='bbox 1393 1833 1555 1867; x_wconf 85' lang='lat' dir='ltr'><strong>Modestia</strong></span> <span class='ocrx_word' id='word_1_482' title='bbox 1576 1836 1627 1866; x_wconf 81' lang='lat' dir='ltr'><strong>cst</strong></span> <span class='ocrx_word' id='word_1_483' title='bbox 1655 1834 1791 1867; x_wconf 87' lang='lat' dir='ltr'><strong>scientia</strong></span> <span class='ocrx_word' id='word_1_484' title='bbox 1821 1834 1933 1867; x_wconf 86' lang='lat' dir='ltr'><strong>decori</strong></span> <span class='ocrx_word' id='word_1_485' title='bbox 1957 1836 1992 1868; x_wconf 90' lang='lat' dir='ltr'><strong>in</strong></span> <span class='ocrx_word' id='word_1_486' title='bbox 2008 1838 2103 1868; x_wconf 85' lang='lat' dir='ltr'><strong>motu</strong></span> <span class='ocrx_word' id='word_1_487' title='bbox 2117 1837 2151 1869; x_wconf 85' lang='lat' dir='ltr'><strong>ct</strong></span> <span class='ocrx_word' id='word_1_488' title='bbox 2173 1837 2268 1878; x_wconf 81' lang='lat' dir='ltr'><strong>gestu</strong></span> <span class='ocrx_word' id='word_1_489' title='bbox 2283 1845 2398 1879; x_wconf 82' lang='lat' dir='ltr'><strong>corpo-</strong></span> 
     </span>
     <span class='ocr_line' id='line_1_75' title="bbox 1352 1891 2399 1938; baseline 0.004 -14"><span class='ocrx_word' id='word_1_490' title='bbox 1352 1891 1398 1925; x_wconf 88' lang='lat' dir='ltr'><strong>ris</strong></span> <span class='ocrx_word' id='word_1_491' title='bbox 1427 1904 1435 1925; x_wconf 85' lang='lat'>:</span> <span class='ocrx_word' id='word_1_492' title='bbox 1466 1892 1519 1926; x_wconf 87' lang='lat' dir='ltr'><strong>vel</strong></span> <span class='ocrx_word' id='word_1_493' title='bbox 1538 1892 1664 1926; x_wconf 86' lang='lat' dir='ltr'><strong>ordinis</strong></span> <span class='ocrx_word' id='word_1_494' title='bbox 1692 1892 1867 1936; x_wconf 75' lang='lat' dir='ltr'><strong>quusdam</strong></span> <span class='ocrx_word' id='word_1_495' title='bbox 1895 1894 1930 1927; x_wconf 95' lang='lat' dir='ltr'><strong>in</strong></span> <span class='ocrx_word' id='word_1_496' title='bbox 1951 1894 2097 1938; x_wconf 85' lang='lat' dir='ltr'><strong>corporis</strong></span> <span class='ocrx_word' id='word_1_497' title='bbox 2119 1896 2214 1928; x_wconf 86' lang='lat' dir='ltr'><strong>motu</strong></span> <span class='ocrx_word' id='word_1_498' title='bbox 2240 1896 2275 1928; x_wconf 85' lang='lat' dir='ltr'><strong>et</strong></span> <span class='ocrx_word' id='word_1_499' title='bbox 2302 1896 2399 1937; x_wconf 81' lang='lat' dir='ltr'><strong>gestu</strong></span> 
     </span>
     <span class='ocr_line' id='line_1_76' title="bbox 1352 1953 2393 1999; baseline 0.004 -15"><span class='ocrx_word' id='word_1_500' title='bbox 1352 1953 1567 1986; x_wconf 80' lang='lat' dir='ltr'><strong>conservatio.</strong></span> <span class='ocrx_word' id='word_1_501' title='bbox 2175 1995 2177 1999; x_wconf 53' lang='lat'><strong>.</strong></span> <span class='ocrx_word' id='word_1_502' title='bbox 2219 1992 2223 1997; x_wconf 23' lang='lat'>⁵</span> <span class='ocrx_word' id='word_1_503' title='bbox 2391 1997 2393 1999; x_wconf 25' lang='grc' dir='ltr'>Ι</span> 
     </span>
    </p>

    <p class='ocr_par' dir='ltr' id='par_1_34' title="bbox 1350 2012 2397 2178">
     <span class='ocr_line' id='line_1_77' title="bbox 1394 2012 2397 2056; baseline 0.002 -11"><span class='ocrx_word' id='word_1_504' title='bbox 1394 2012 1529 2045; x_wconf 83' lang='lat' dir='ltr'><strong>Ordinis</strong></span> <span class='ocrx_word' id='word_1_505' title='bbox 1547 2013 1752 2046; x_wconf 85' lang='lat' dir='ltr'><strong>conservatio</strong></span> <span class='ocrx_word' id='word_1_506' title='bbox 1775 2015 1826 2046; x_wconf 89' lang='lat' dir='ltr'><strong>est</strong></span> <span class='ocrx_word' id='word_1_507' title='bbox 1842 2013 1961 2056; x_wconf 88' lang='lat' dir='ltr'><strong>peritia</strong></span> <span class='ocrx_word' id='word_1_508' title='bbox 1988 2013 2127 2047; x_wconf 89' lang='lat' dir='ltr'><strong>actionis</strong></span> <span class='ocrx_word' id='word_1_509' title='bbox 2146 2013 2184 2049; x_wconf 88' lang='lat' dir='ltr'><strong>in</strong></span> <span class='ocrx_word' id='word_1_510' title='bbox 2200 2013 2397 2056; x_wconf 13' lang='grc' dir='ltr'>1900781]εοί-</span> 
     </span>
     <span class='ocr_line' id='line_1_78' title="bbox 1352 2072 2395 2117; baseline 0.002 -12"><span class='ocrx_word' id='word_1_511' title='bbox 1352 2072 1480 2114; x_wconf 83' lang='lat' dir='ltr'><strong>piendae</strong></span> <span class='ocrx_word' id='word_1_512' title='bbox 1502 2085 1510 2105; x_wconf 77' lang='grc' dir='ltr'><strong><em>ε</em></strong></span> <span class='ocrx_word' id='word_1_513' title='bbox 1546 2075 1604 2105; x_wconf 86' lang='lat' dir='ltr'><strong>aut</strong></span> <span class='ocrx_word' id='word_1_514' title='bbox 1631 2073 1776 2106; x_wconf 88' lang='lat' dir='ltr'><strong>retinens</strong></span> <span class='ocrx_word' id='word_1_515' title='bbox 1806 2073 1841 2105; x_wconf 91' lang='lat' dir='ltr'><strong>in</strong></span> <span class='ocrx_word' id='word_1_516' title='bbox 1868 2073 2053 2107; x_wconf 85' lang='lat' dir='ltr'><strong>actionibus</strong></span> <span class='ocrx_word' id='word_1_517' title='bbox 2081 2074 2316 2117; x_wconf 78' lang='lat' dir='ltr'><strong>constantiam,</strong></span> <span class='ocrx_word' id='word_1_518' title='bbox 2330 2075 2395 2110; x_wconf 60' lang='lat' dir='ltr'><strong>,aut</strong></span> 
     </span>
     <span class='ocr_line' id='line_1_79' title="bbox 1350 2131 2323 2178; baseline 0.003 -14"><span class='ocrx_word' id='word_1_519' title='bbox 1350 2132 1518 2164; x_wconf 89' lang='lat' dir='ltr'><strong>actionum</strong></span> <span class='ocrx_word' id='word_1_520' title='bbox 1540 2131 1574 2164; x_wconf 90' lang='lat' dir='ltr'><strong>in</strong></span> <span class='ocrx_word' id='word_1_521' title='bbox 1602 2132 1672 2165; x_wconf 86' lang='lat' dir='ltr'><strong>loco</strong></span> <span class='ocrx_word' id='word_1_522' title='bbox 1698 2131 1966 2174; x_wconf 89' lang='lat' dir='ltr'><strong>sucipiendarum</strong></span> <span class='ocrx_word' id='word_1_523' title='bbox 1998 2133 2160 2166; x_wconf 88' lang='lat' dir='ltr'><strong>rationem</strong></span> <span class='ocrx_word' id='word_1_524' title='bbox 2189 2132 2323 2178; x_wconf 53' lang='lat' dir='ltr'><strong>haben&amp;</strong></span> 
     </span>
    </p>

    <p class='ocr_par' dir='ltr' id='par_1_35' title="bbox 1349 2190 2395 2294">
     <span class='ocr_line' id='line_1_80' title="bbox 1391 2190 2395 2235; baseline 0.001 -12"><span class='ocrx_word' id='word_1_525' title='bbox 1391 2190 1574 2232; x_wconf 87' lang='lat' dir='ltr'><strong>Frugalitas</strong></span> <span class='ocrx_word' id='word_1_526' title='bbox 1599 2193 1649 2223; x_wconf 86' lang='lat' dir='ltr'><strong>est</strong></span> <span class='ocrx_word' id='word_1_527' title='bbox 1665 2191 1781 2233; x_wconf 18' lang='lat' dir='ltr'><strong>*animi</strong></span> <span class='ocrx_word' id='word_1_528' title='bbox 1808 2190 1940 2224; x_wconf 81' lang='lat' dir='ltr'><strong>affectio</strong></span> <span class='ocrx_word' id='word_1_529' title='bbox 1966 2193 2121 2224; x_wconf 88' lang='lat' dir='ltr'><strong>contenta</strong></span> <span class='ocrx_word' id='word_1_530' title='bbox 2146 2191 2248 2225; x_wconf 80' lang='lat' dir='ltr'><strong>rebus</strong></span> <span class='ocrx_word' id='word_1_531' title='bbox 2272 2190 2395 2235; x_wconf 82' lang='lat' dir='ltr'><strong>quibus</strong></span> 
     </span>
     <span class='ocr_line' id='line_1_81' title="bbox 1349 2247 2293 2294; baseline 0.003 -12"><span class='ocrx_word' id='word_1_532' title='bbox 1349 2249 1550 2294; x_wconf 84' lang='lat' dir='ltr'><strong>indigemus,</strong></span> <span class='ocrx_word' id='word_1_533' title='bbox 1568 2253 1601 2284; x_wconf 88' lang='lat' dir='ltr'><strong>et</strong></span> <span class='ocrx_word' id='word_1_534' title='bbox 1625 2247 1809 2284; x_wconf 87' lang='lat' dir='ltr'><strong>necessaria</strong></span> <span class='ocrx_word' id='word_1_535' title='bbox 1840 2250 1920 2284; x_wconf 81' lang='lat' dir='ltr'><strong>vitae</strong></span> <span class='ocrx_word' id='word_1_536' title='bbox 1947 2250 2103 2294; x_wconf 81' lang='lat' dir='ltr'><strong>praesidia</strong></span> <span class='ocrx_word' id='word_1_537' title='bbox 2121 2250 2293 2286; x_wconf 82' lang='lat' dir='ltr'><strong>definiens.</strong></span> 
     </span>
    </p>
   </div>
   <div class='ocr_carea' id='block_1_15' title="bbox 1346 2399 2392 2621">
    <p class='ocr_par' dir='ltr' id='par_1_36' title="bbox 1346 2399 2392 2621">
     <span class='ocr_line' id='line_1_82' title="bbox 1390 2399 2389 2444; baseline 0 -10"><span class='ocrx_word' id='word_1_538' title='bbox 1390 2401 1627 2444; x_wconf 83' lang='lat' dir='ltr'><strong>Temperantiae</strong></span> <span class='ocrx_word' id='word_1_539' title='bbox 1657 2403 1770 2434; x_wconf 90' lang='lat' dir='ltr'><strong>autem</strong></span> <span class='ocrx_word' id='word_1_540' title='bbox 1791 2399 1899 2434; x_wconf 86' lang='lat' dir='ltr'><strong>officia</strong></span> <span class='ocrx_word' id='word_1_541' title='bbox 1929 2403 2007 2435; x_wconf 89' lang='lat' dir='ltr'><strong>sunt</strong></span> <span class='ocrx_word' id='word_1_542' title='bbox 2040 2411 2105 2435; x_wconf 91' lang='lat' dir='ltr'><strong>non</strong></span> <span class='ocrx_word' id='word_1_543' title='bbox 2133 2401 2291 2435; x_wconf 87' lang='lat' dir='ltr'><strong>admirari</strong></span> <span class='ocrx_word' id='word_1_544' title='bbox 2316 2410 2389 2435; x_wconf 87' lang='lat' dir='ltr'><strong>cor-</strong></span> 
     </span>
     <span class='ocr_line' id='line_1_83' title="bbox 1347 2460 2391 2503; baseline 0.001 -10"><span class='ocrx_word' id='word_1_545' title='bbox 1347 2461 1437 2503; x_wconf 85' lang='lat' dir='ltr'><strong>poris</strong></span> <span class='ocrx_word' id='word_1_546' title='bbox 1465 2461 1675 2503; x_wconf 86' lang='lat' dir='ltr'><strong>voluptatum</strong></span> <span class='ocrx_word' id='word_1_547' title='bbox 1703 2460 1868 2500; x_wconf 89' lang='lat' dir='ltr'><strong>fructum,</strong></span> <span class='ocrx_word' id='word_1_548' title='bbox 1887 2463 1921 2494; x_wconf 88' lang='lat' dir='ltr'><strong>et</strong></span> <span class='ocrx_word' id='word_1_549' title='bbox 1936 2470 2066 2495; x_wconf 89' lang='lat' dir='ltr'><strong>omnem</strong></span> <span class='ocrx_word' id='word_1_550' title='bbox 2088 2463 2162 2494; x_wconf 88' lang='lat' dir='ltr'><strong>tum</strong></span> <span class='ocrx_word' id='word_1_551' title='bbox 2182 2461 2391 2494; x_wconf 86' lang='lat' dir='ltr'><strong>libidinosam</strong></span> 
     </span>
     <span class='ocr_line' id='line_1_84' title="bbox 1346 2518 2392 2562; baseline 0.002 -12"><span class='ocrx_word' id='word_1_552' title='bbox 1346 2519 1419 2550; x_wconf 89' lang='lat' dir='ltr'><strong>tum</strong></span> <span class='ocrx_word' id='word_1_553' title='bbox 1447 2520 1578 2561; x_wconf 83' lang='lat' dir='ltr'><strong>turpem</strong></span> <span class='ocrx_word' id='word_1_554' title='bbox 1612 2518 1816 2560; x_wconf 87' lang='lat' dir='ltr'><strong>voluptatem</strong></span> <span class='ocrx_word' id='word_1_555' title='bbox 1843 2527 2014 2561; x_wconf 85' lang='lat' dir='ltr'><strong>spernere,</strong></span> <span class='ocrx_word' id='word_1_556' title='bbox 2034 2521 2068 2552; x_wconf 87' lang='lat' dir='ltr'><strong>et</strong></span> <span class='ocrx_word' id='word_1_557' title='bbox 2096 2528 2192 2562; x_wconf 78' lang='lat' dir='ltr'><strong>oeque</strong></span> <span class='ocrx_word' id='word_1_558' title='bbox 2219 2518 2254 2552; x_wconf 86' lang='lat' dir='ltr'><strong>in</strong></span> <span class='ocrx_word' id='word_1_559' title='bbox 2280 2519 2392 2562; x_wconf 83' lang='lat' dir='ltr'><strong>parvis</strong></span> 
     </span>
     <span class='ocr_line' id='line_1_85' title="bbox 1346 2577 2214 2621; baseline 0.005 -12"><span class='ocrx_word' id='word_1_560' title='bbox 1346 2578 1445 2619; x_wconf 89' lang='lat' dir='ltr'><strong>atque</strong></span> <span class='ocrx_word' id='word_1_561' title='bbox 1476 2578 1511 2612; x_wconf 88' lang='lat' dir='ltr'><strong>in</strong></span> <span class='ocrx_word' id='word_1_562' title='bbox 1535 2578 1662 2621; x_wconf 86' lang='lat' dir='ltr'><strong>magnis</strong></span> <span class='ocrx_word' id='word_1_563' title='bbox 1679 2578 1779 2611; x_wconf 90' lang='lat' dir='ltr'><strong>rebus</strong></span> <span class='ocrx_word' id='word_1_564' title='bbox 1794 2577 1874 2611; x_wconf 88' lang='lat' dir='ltr'><strong>vitae</strong></span> <span class='ocrx_word' id='word_1_565' title='bbox 1889 2578 2035 2621; x_wconf 83' lang='lat' dir='ltr'><strong>pericula</strong></span> <span class='ocrx_word' id='word_1_566' title='bbox 2051 2578 2181 2613; x_wconf 86' lang='lat' dir='ltr'><strong>timere.</strong></span> <span class='ocrx_word' id='word_1_567' title='bbox 2209 2615 2214 2617; x_wconf 67' lang='grc'>,</span> 
     </span>
    </p>
   </div>
   <div class='ocr_carea' id='block_1_16' title="bbox 1340 2699 2385 3226">
    <p class='ocr_par' dir='ltr' id='par_1_37' title="bbox 1387 2699 2381 2749">
     <span class='ocr_line' id='line_1_86' title="bbox 1387 2699 2381 2749; baseline -0.005 -9"><span class='ocrx_word' id='word_1_568' title='bbox 1387 2706 1550 2749; x_wconf 87' lang='lat' dir='ltr'><strong>Adjuncta</strong></span> <span class='ocrx_word' id='word_1_569' title='bbox 1570 2707 1620 2739; x_wconf 90' lang='lat' dir='ltr'><strong>est</strong></span> <span class='ocrx_word' id='word_1_570' title='bbox 1635 2714 1715 2739; x_wconf 89' lang='lat' dir='ltr'><strong>vero</strong></span> <span class='ocrx_word' id='word_1_571' title='bbox 1740 2703 1967 2748; x_wconf 81' lang='lat' dir='ltr'><strong>temperantiae</strong></span> <span class='ocrx_word' id='word_1_572' title='bbox 1991 2701 2152 2742; x_wconf 87' lang='lat' dir='ltr'><strong>decentia,</strong></span> <span class='ocrx_word' id='word_1_573' title='bbox 2170 2699 2381 2735; x_wconf 84' lang='lat' dir='ltr'><strong>verecundia.</strong></span> 
     </span>
    </p>

    <p class='ocr_par' dir='ltr' id='par_1_38' title="bbox 1345 2766 2283 2865">
     <span class='ocr_line' id='line_1_87' title="bbox 1345 2766 1466 2799; baseline -0.008 0"><span class='ocrx_word' id='word_1_574' title='bbox 1345 2766 1466 2799; x_wconf 85' lang='lat' dir='ltr'><strong>cautio.</strong></span> 
     </span>
     <span class='ocr_line' id='line_1_88' title="bbox 1724 2822 2283 2865; baseline -0.005 -9"><span class='ocrx_word' id='word_1_575' title='bbox 1724 2825 1773 2856; x_wconf 91' lang='lat' dir='ltr'><strong>De</strong></span> <span class='ocrx_word' id='word_1_576' title='bbox 1793 2822 2009 2856; x_wconf 85' lang='lat' dir='ltr'><strong>continentia.</strong></span> <span class='ocrx_word' id='word_1_577' title='bbox 2281 2862 2283 2865; x_wconf 8' lang='grc' dir='ltr'>ξ</span> 
     </span>
    </p>

    <p class='ocr_par' dir='ltr' id='par_1_39' title="bbox 1343 2876 2385 3046">
     <span class='ocr_line' id='line_1_89' title="bbox 1386 2876 2384 2924; baseline -0.009 -5"><span class='ocrx_word' id='word_1_578' title='bbox 1386 2885 1594 2919; x_wconf 78' lang='lat' dir='ltr'><strong>Continentia</strong></span> <span class='ocrx_word' id='word_1_579' title='bbox 1624 2883 1732 2916; x_wconf 86' lang='lat' dir='ltr'><strong>virtus</strong></span> <span class='ocrx_word' id='word_1_580' title='bbox 1756 2885 1806 2915; x_wconf 85' lang='lat' dir='ltr'><strong>est</strong></span> <span class='ocrx_word' id='word_1_581' title='bbox 1828 2882 1929 2914; x_wconf 87' lang='lat' dir='ltr'><strong>animi</strong></span> <span class='ocrx_word' id='word_1_582' title='bbox 1953 2880 2059 2924; x_wconf 86' lang='lat' dir='ltr'><strong>partis</strong></span> <span class='ocrx_word' id='word_1_583' title='bbox 2084 2879 2127 2913; x_wconf 84' lang='lat' dir='ltr'><strong>ad</strong></span> <span class='ocrx_word' id='word_1_584' title='bbox 2156 2876 2384 2922; x_wconf 85' lang='lat' dir='ltr'><strong>concupiscen-</strong></span> 
     </span>
     <span class='ocr_line' id='line_1_90' title="bbox 1343 2937 2385 2987; baseline -0.009 -8"><span class='ocrx_word' id='word_1_585' title='bbox 1343 2945 1424 2978; x_wconf 90' lang='lat' dir='ltr'><strong>dum</strong></span> <span class='ocrx_word' id='word_1_586' title='bbox 1442 2954 1621 2987; x_wconf 78' lang='lat' dir='ltr'><strong>propensae,</strong></span> <span class='ocrx_word' id='word_1_587' title='bbox 1636 2954 1703 2987; x_wconf 87' lang='lat' dir='ltr'><strong>qua</strong></span> <span class='ocrx_word' id='word_1_588' title='bbox 1719 2945 1766 2983; x_wconf 82' lang='lat' dir='ltr'><strong>tit,</strong></span> <span class='ocrx_word' id='word_1_589' title='bbox 1787 2944 1826 2976; x_wconf 88' lang='lat' dir='ltr'><strong>ut</strong></span> <span class='ocrx_word' id='word_1_590' title='bbox 1843 2942 1970 2975; x_wconf 86' lang='lat' dir='ltr'><strong>ratione</strong></span> <span class='ocrx_word' id='word_1_591' title='bbox 1991 2939 2204 2982; x_wconf 85' lang='lat' dir='ltr'><strong>comprimere</strong></span> <span class='ocrx_word' id='word_1_592' title='bbox 2220 2937 2385 2972; x_wconf 82' lang='lat' dir='ltr'><strong>incensam</strong></span> 
     </span>
     <span class='ocr_line' id='line_1_91' title="bbox 1343 2999 2204 3046; baseline -0.007 -9"><span class='ocrx_word' id='word_1_593' title='bbox 1343 3004 1591 3037; x_wconf 89' lang='lat' dir='ltr'><strong>libidinosarum</strong></span> <span class='ocrx_word' id='word_1_594' title='bbox 1621 3001 2064 3046; x_wconf 78' lang='lat' dir='ltr'><strong>voluptatum&#39;cupiditatem</strong></span> <span class='ocrx_word' id='word_1_595' title='bbox 2090 2999 2204 3042; x_wconf 89' lang='lat' dir='ltr'><strong>possit.</strong></span> 
     </span>
    </p>

    <p class='ocr_par' dir='ltr' id='par_1_40' title="bbox 1340 3058 2384 3226">
     <span class='ocr_line' id='line_1_92' title="bbox 1382 3058 2384 3105; baseline -0.007 -9"><span class='ocrx_word' id='word_1_596' title='bbox 1382 3062 1499 3096; x_wconf 85' lang='lat' dir='ltr'><strong>Officia</strong></span> <span class='ocrx_word' id='word_1_597' title='bbox 1533 3065 1645 3096; x_wconf 84' lang='lat' dir='ltr'><strong>autem</strong></span> <span class='ocrx_word' id='word_1_598' title='bbox 1673 3063 1745 3105; x_wconf 85' lang='lat' dir='ltr'><strong>ejus</strong></span> <span class='ocrx_word' id='word_1_599' title='bbox 1772 3064 1849 3095; x_wconf 86' lang='lat' dir='ltr'><strong>sunt</strong></span> <span class='ocrx_word' id='word_1_600' title='bbox 1883 3061 2010 3094; x_wconf 87' lang='lat' dir='ltr'><strong>ratione</strong></span> <span class='ocrx_word' id='word_1_601' title='bbox 2042 3058 2256 3102; x_wconf 85' lang='lat' dir='ltr'><strong>comprimere</strong></span> <span class='ocrx_word' id='word_1_602' title='bbox 2288 3064 2384 3100; x_wconf 82' lang='lat' dir='ltr'><strong>posse</strong></span> 
     </span>
     <span class='ocr_line' id='line_1_93' title="bbox 1340 3113 2384 3161; baseline -0.006 -7"><span class='ocrx_word' id='word_1_603' title='bbox 1340 3122 1505 3156; x_wconf 89' lang='lat' dir='ltr'><strong>incensam</strong></span> <span class='ocrx_word' id='word_1_604' title='bbox 1528 3122 1743 3155; x_wconf 81' lang='lat' dir='ltr'><strong>fruendarum</strong></span> <span class='ocrx_word' id='word_1_605' title='bbox 1771 3113 2022 3155; x_wconf 81' lang='lat' dir='ltr'><strong>libidinosarum</strong></span> <span class='ocrx_word' id='word_1_606' title='bbox 2054 3119 2262 3161; x_wconf 86' lang='lat' dir='ltr'><strong>voluptatum</strong></span> <span class='ocrx_word' id='word_1_607' title='bbox 2294 3115 2384 3158; x_wconf 82' lang='lat' dir='ltr'><strong>cupi·</strong></span> 
     </span>
     <span class='ocr_line' id='line_1_94' title="bbox 1342 3176 2383 3226; baseline -0.008 -9"><span class='ocrx_word' id='word_1_608' title='bbox 1342 3184 1484 3217; x_wconf 88' lang='lat' dir='ltr'><strong>ditatem</strong></span> <span class='ocrx_word' id='word_1_609' title='bbox 1508 3195 1516 3216; x_wconf 89' lang='lat'>:</span> <span class='ocrx_word' id='word_1_610' title='bbox 1534 3184 1715 3226; x_wconf 84' lang='lat' dir='ltr'><strong>patientem</strong></span> <span class='ocrx_word' id='word_1_611' title='bbox 1741 3185 1774 3216; x_wconf 87' lang='lat' dir='ltr'><strong>et</strong></span> <span class='ocrx_word' id='word_1_612' title='bbox 1795 3183 1990 3215; x_wconf 86' lang='lat' dir='ltr'><strong>tolerantem</strong></span> <span class='ocrx_word' id='word_1_613' title='bbox 2003 3189 2075 3213; x_wconf 86' lang='lat' dir='ltr'><strong>esse</strong></span> <span class='ocrx_word' id='word_1_614' title='bbox 2091 3177 2254 3212; x_wconf 88' lang='lat' dir='ltr'><strong>naturalis</strong></span> <span class='ocrx_word' id='word_1_615' title='bbox 2265 3176 2383 3221; x_wconf 82' lang='lat' dir='ltr'><strong>inopiae</strong></span> 
     </span>
    </p>
   </div>
   <div class='ocr_carea' id='block_1_17' title="bbox 1339 3243 1962 3326">
    <p class='ocr_par' dir='ltr' id='par_1_41' title="bbox 1339 3243 1962 3326">
     <span class='ocr_line' id='line_1_95' title="bbox 1339 3243 1535 3276; baseline 0 -1"><span class='ocrx_word' id='word_1_616' title='bbox 1339 3252 1377 3276; x_wconf 86' lang='lat' dir='ltr'><strong>ac</strong></span> <span class='ocrx_word' id='word_1_617' title='bbox 1400 3243 1535 3276; x_wconf 86' lang='lat' dir='ltr'><strong>doloris.</strong></span> 
     </span>
     <span class='ocr_line' id='line_1_96' title="bbox 1751 3281 1962 3326; baseline 0 -11"><span class='ocrx_word' id='word_1_618' title='bbox 1751 3285 1800 3316; x_wconf 88' lang='lat' dir='ltr'><strong>De</strong></span> <span class='ocrx_word' id='word_1_619' title='bbox 1819 3281 1962 3326; x_wconf 87' lang='lat' dir='ltr'><strong>justitia.</strong></span> 
     </span>
    </p>
   </div>
   <div class='ocr_carea' id='block_1_18' title="bbox 1339 3339 2380 3444">
    <p class='ocr_par' dir='ltr' id='par_1_42' title="bbox 1339 3339 2380 3444">
     <span class='ocr_line' id='line_1_97' title="bbox 1378 3339 2380 3385; baseline -0.004 -9"><span class='ocrx_word' id='word_1_620' title='bbox 1378 3344 1514 3376; x_wconf 84' lang='lat' dir='ltr'><strong>Justitia</strong></span> <span class='ocrx_word' id='word_1_621' title='bbox 1541 3345 1590 3376; x_wconf 85' lang='lat' dir='ltr'><strong>est</strong></span> <span class='ocrx_word' id='word_1_622' title='bbox 1612 3343 1713 3376; x_wconf 86' lang='lat' dir='ltr'><strong>animi</strong></span> <span class='ocrx_word' id='word_1_623' title='bbox 1737 3343 1844 3375; x_wconf 86' lang='lat' dir='ltr'><strong>virtus</strong></span> <span class='ocrx_word' id='word_1_624' title='bbox 1861 3342 1918 3384; x_wconf 87' lang='lat' dir='ltr'><strong>jus</strong></span> <span class='ocrx_word' id='word_1_625' title='bbox 1937 3340 2116 3385; x_wconf 85' lang='lat' dir='ltr'><strong>unicuique</strong></span> <span class='ocrx_word' id='word_1_626' title='bbox 2145 3339 2294 3374; x_wconf 86' lang='lat' dir='ltr'><strong>tribuens</strong></span> <span class='ocrx_word' id='word_1_627' title='bbox 2321 3345 2380 3384; x_wconf 86' lang='lat' dir='ltr'><strong>pro</strong></span> 
     </span>
     <span class='ocr_line' id='line_1_98' title="bbox 1339 3401 1695 3444; baseline 0 -10"><span class='ocrx_word' id='word_1_628' title='bbox 1339 3401 1500 3443; x_wconf 85' lang='lat' dir='ltr'><strong>dignitate</strong></span> <span class='ocrx_word' id='word_1_629' title='bbox 1522 3402 1695 3444; x_wconf 77' lang='lat' dir='ltr'><strong>cujusque.</strong></span> 
     </span>
    </p>
   </div>
   <div class='ocr_carea' id='block_1_19' title="bbox 2500 2858 2508 3013">
    <p class='ocr_par' dir='ltr' id='par_1_43' title="bbox 2500 2858 2508 3013">
     <span class='ocr_line' id='line_1_99' title="bbox 2504 2858 2508 2905; baseline 0 0"><span class='ocrx_word' id='word_1_630' title='bbox 2504 2858 2508 2905; x_wconf 76' lang='grc' dir='ltr'><strong>ι’</strong></span> 
     </span>
     <span class='ocr_line' id='line_1_100' title="bbox 2501 2916 2508 2990; baseline 0 0"><span class='ocrx_word' id='word_1_631' title='bbox 2501 2916 2508 2990; x_wconf 69' lang='lat' dir='ltr'><strong>i</strong></span> 
     </span>
     <span class='ocr_line' id='line_1_101' title="bbox 2500 2994 2508 3013; baseline 0 0"><span class='ocrx_word' id='word_1_632' title='bbox 2500 2994 2508 3013; x_wconf 74' lang='lat' dir='ltr'><strong>-i</strong></span> 
     </span>
    </p>
   </div>
   <div class='ocr_carea' id='block_1_20' title="bbox 2474 3468 2508 3776">
    <p class='ocr_par' dir='ltr' id='par_1_44' title="bbox 2474 3468 2508 3776">
     <span class='ocr_line' id='line_1_102' title="bbox 2474 3468 2508 3776; baseline 0 0"><span class='ocrx_word' id='word_1_633' title='bbox 2474 3468 2508 3776; x_wconf 95' lang='lat' dir='ltr'><strong> </strong></span> 
     </span>
    </p>
   </div>
  </div>
 </body>
</html>
