2528 3788
287 197 363 234 224

287 281 464 335 πρόεισιν,
487 280 577 319 ὥστε
611 280 675 318 οὐκ
692 278 838 319 ἔσονται
858 279 925 317 τῶν
955 280 1074 332 ἀρχῶν
1104 281 1320 327 ἐπιστημαι·

288 341 394 394 ἀρχαὶ
411 341 477 392 γὰρ
497 333 583 377 εἶναι
600 339 757 377 δοκοῦσιν
779 339 815 376 αἱ
838 337 1006 391 ἀνώτεραι
1029 339 1097 378 ἀεί.
1119 339 1164 378 Εἷ
1185 337 1221 376 δὲ
1241 338 1322 386 στή·

288 413 405 436 σονται
432 396 492 434 καὶ
519 395 656 434 ἔσονταί
683 411 770 440 τινες
797 396 820 444 ’ἢ
852 396 911 435 καὶ
945 397 1008 448 μία
1038 414 1087 442 τις
1112 400 1179 436 τῶν
1202 398 1319 449 ἀρχῶν

287 455 396 494 οἰκεία
421 455 621 506 ἐπιστήμη,
646 454 834 502 ζητήσεται
854 454 915 495 καὶ
934 455 1037 507 λόγου
1058 456 1194 504 δεήσει,
1212 456 1267 495 διὰ
1288 456 1321 495 τί

285 513 372 560 αὕτη
406 513 468 564 μέν
499 514 570 552 ἔστι
604 515 672 551 τῶν
695 528 732 551 τε
758 515 814 566 ὑφ’
846 513 970 561 ἑαυτὴν
1000 513 1060 552 καὶ
1085 516 1152 553 τῶν
1186 515 1319 554 οἰκείων

284 573 401 623 ἀρχῶν
419 601 429 621 ,
450 573 484 610 αἱ
521 571 555 609 δὲ
587 571 692 610 ἄλλαι
721 571 774 613 οὔ.
804 573 1050 625 Πλασματικῷ
1073 573 1138 625 γὰρ
1167 574 1257 612 ἔοικε
1281 573 1320 613 τὸ

282 630 389 678 ἴδιον,
422 633 451 669 εἷ
473 630 521 681 μὴ
553 630 699 684 διαφορά
732 642 782 675 τις
809 631 1008 684 ἐμφέρεται.
1031 634 1156 672 Ταῦτα
1180 632 1242 683 μὲν
1263 627 1319 672 οῧν

283 688 400 740 ἑτέρας
428 689 469 727 ἂν
503 688 556 736 εἴη
588 689 790 742 φιλοσοφίας
823 689 1002 742 ἀκριῧοῧν.
1037 709 1052 724 υ
1082 690 1224 738 Ταύτην
1258 692 1320 742 μὲν

283 751 342 786 τοῦ
363 747 532 799 Εὐδήμου
564 747 655 792 λέξιν
684 751 803 801 σαφῶς
825 749 1048 799 ἐκτιθεμένην
1076 749 1139 797 τὴν
1166 751 1215 802 τῷ
1239 765 1320 803 προ-

286 804 439 856 Ελήματι
474 806 720 857 προσήκουσαν
743 806 892 859 ἀπορίαν
921 807 1004 856 ὅλην
1029 807 1230 861 παρεθέμην
1251 811 1321 852 τοῖς

282 866 581 941 Cutnuttxmre'potc.
644 867 713 905 Καὶ
734 869 751 905 6
772 867 833 918 μὲν
855 867 1018 917 Εὔδημος
1036 868 1097 915 τὴν
1120 868 1316 920 ἀπόκρισιν,

281 931 327 971 ὡς
347 929 462 973 εἶπον,
486 927 531 970 εἷς
549 926 759 978 τελειοτέρας
775 927 1016 978 πραγματείας
1039 926 1237 965 ἀνεὸάλετο.
1242 926 1255 977 >

335 1000 365 1024 5.
399 983 506 1036 Ἀρχὴ
533 983 567 1023 δὲ
596 983 790 1032 οἷκειοτοίτη
818 1001 963 1034 πασων,
985 985 1103 1032 ἐπειδὴ
1133 985 1316 1036 πολλαχως

283 1044 423 1095 λέγεται
443 1042 482 1080 τὸ
502 1041 557 1090 ὄν,
577 1042 658 1081 ἰδεῖν
674 1044 747 1087 πῶς
762 1042 917 1094 λέγουσιν
940 1045 970 1082 οἷ
990 1044 1148 1095 λέγοντες
1168 1037 1254 1081 εἶναι
1281 1042 1317 1080 ἓν

281 1102 324 1140 τὰ
351 1101 485 1149 πάντα,
507 1100 650 1152 πότερον
671 1100 788 1140 οὐσίαν
809 1101 854 1140 τὰ
873 1101 990 1140 πάντα
1009 1101 1031 1148 ἢ
1052 1103 1145 1140 ποσὰ
1164 1100 1200 1162 ἢυ
1221 1100 1319 1147 ποιοί,

281 1160 340 1198 καὶ
368 1161 474 1199 πάλιν
496 1158 639 1210 πότερον
672 1159 791 1197 οὖσίαν
822 1159 904 1210 μίαν
937 1160 979 1198 τὰ
1003 1160 1140 1211 πάντα,
1163 1163 1232 1197 οῖον
1262 1159 1320 1197 ἀν-

282 1221 418 1269 θρωπον
446 1217 505 1256 ἕνα
526 1216 584 1264 ἢ“’
571 1233 675 1256 ιππον
698 1216 757 1256 ἕνα
777 1217 798 1264 ἢ
828 1217 943 1271 ψυχὴν
973 1217 1076 1268 μίαν,
1096 1217 1118 1264 ἢ
1137 1216 1255 1264 ποιόν,
1283 1215 1318 1253 ἓν

282 1276 317 1315 δὲ
337 1291 461 1323 τουτο,
484 1279 552 1315 οἱον
578 1274 747 1314 λευκὸν
728 1292 750 1322 η
773 1276 937 1327 θερμὸν*
918 1293 940 1323 η
964 1279 1032 1314 τῶν
1054 1275 1168 1314 ἄλλων
1186 1291 1219 1313 τι
1250 1277 1318 1312 τῶν

280 1334 457 1374 τοιούτων.
514 1335 638 1373 Ταῦτα
662 1333 729 1386 γὰρ
759 1334 873 1372 πάντα
903 1334 1055 1387 διαφέρει
1088 1350 1125 1372 τε
1151 1333 1237 1372 πολὺ
1259 1333 1318 1371 καὶ

282 1392 435 1432 ἀδύνατα
451 1392 576 1443 λέγειν.
599 1394 643 1430 Ei
664 1393 726 1442 μὲν
744 1391 812 1442 γὰρ
829 1392 927 1430 ἔσται
945 1393 1004 1431 καὶ
1024 1392 1123 1431 οὐσία
1141 1392 1199 1430 καὶ
1214 1391 1318 1430 ποσὸν

280 1451 340 1490 καὶ
363 1450 477 1498 ποιόν,
497 1451 556 1488 καὶ
586 1454 697 1488 ταῦτα
730 1450 789 1488 εἴτ’
814 1451 1056 1501 ἀπολελυμένα
1079 1452 1139 1488 ἀπ’
1161 1450 1318 1496 ἀλλήλων

280 1509 347 1548 εἴτε
373 1509 443 1560 μή,
463 1507 576 1547 πολλὰ
605 1508 649 1546 τὰ
676 1508 771 1547 ὄντα.
837 1511 878 1548 Εἰ
910 1510 944 1548 δὲ
964 1510 1080 1548 πάντα
1100 1510 1196 1549 ποιὸν
1217 1509 1238 1556 ἢ
1257 1525 1318 1548 πο-

280 1568 358 1612 σόν,
383 1568 444 1606 εἴτ’
465 1567 569 1614 οὔσης
593 1566 711 1610 οὐσίας
738 1566 805 1605 εἴτε
833 1568 880 1618 μὴ
906 1569 1027 1617 οὔσης,
1045 1570 1194 1617 ἄτοπον,
1216 1571 1245 1608 εἰ
1268 1571 1319 1607 δεῖ

281 1626 411 1664 ἄτοπον
444 1625 556 1698 λέγειν
584 1625 622 1664 τὸ
643 1624 824 1665 ἀδύνατον.
886 1626 996 1666 Οὐθὲν
1020 1627 1087 1679 γὰρ
1108 1630 1177 1666 τῶν
1206 1627 1319 1666 ἄλλων

279 1683 451 1735 χωριστόν
490 1685 562 1722 ἐστι
595 1682 690 1735 παρὰ
721 1683 784 1729 τὴν
822 1684 959 1723 οὐσίαν·
991 1685 1106 1723 πάντα
1140 1685 1208 1736 γὰρ
1241 1687 1317 1723 καθ’

280 1742 530 1793 ὑποκειμένου,
555 1745 616 1789 τῆς
633 1741 766 1804 ..οὐσίας
794 1742 948 1794 λέγεται.
1008 1743 1183 1787 Μέλισσος
1217 1743 1253 1781 δε
1280 1744 1319 1782 τὸ

279 1800 315 1840 δν
327 1801 472 1854 ἄπειρόν
489 1817 595 1853 φησιν
619 1795 718 1841 εἶναι.
778 1801 892 1840 Ποσὸν
915 1802 983 1854 ἄρα
1003 1818 1035 1839 τι
1055 1801 1093 1839 τὸ
1113 1801 1168 1839 ἄν·
1189 1803 1227 1839 τὸ
1254 1802 1319 1854 γὰρ

280 1859 421 1911 ἄπειρον
440 1863 473 1898 ἐν
503 1862 551 1912 τῷ
572 1862 692 1912 ποσῷ,
715 1859 833 1898 οὐσίαν
857 1859 934 1897 &W
912 1859 1054 1912 απειρον
1076 1853 1164 1898 εἶναι
1184 1859 1205 1906 ἢ
1226 1860 1320 1898 ποιό-

279 1934 368 1965 τητα
389 1918 410 1965 ἢ
431 1919 537 1962 πάθος
565 1921 626 1957 οὐκ
647 1917 823 1970 ἐνδέχεται
849 1921 879 1957 εἷ
901 1918 948 1968 μὴ
969 1918 1061 1957 κατὰ
1079 1918 1191 1968 συμὸε
1195 1918 1318 1965 ὅηκός,

280 1978 309 2015 εἷ
331 1976 406 2027 ἅμα
427 1976 487 2014 καὶ
507 1975 600 2014 ποσὰ
634 1976 722 2014 ἄττα
747 1971 813 2014 εἶεν
827 1992 834 2000 ·
855 1979 872 2014 6
888 1977 955 2028 γὰρ
975 1981 1034 2015 τοῦ
1053 1976 1197 2030 ἀπείρου
1221 1977 1321 2028 λόγος

279 2038 328 2087 τῷ
346 2037 444 2088 ποσῷ
465 2037 704 2087 προσχρῆται,
731 2034 806 2072 ἀλλ’
833 2037 893 2074 οὐκ
912 2035 1012 2088 οὐσία
1032 2035 1110 2074 οὐδὲ
1133 2037 1182 2088 τῷ
1212 2037 1314 2088 ποιῷ.

282 2095 322 2132 Ei
341 2093 403 2143 μὲν
425 2093 536 2131 τοίνυν
563 2092 622 2131 καὶ
647 2092 745 2132 οὐσία
774 2093 847 2131 ἐστὶ
871 2094 929 2131 καὶ
949 2094 1056 2132 ποσόν
1070 2125 1079 2143 ,
1101 2093 1158 2132 δύο
1180 2093 1238 2132 καὶ
1257 2095 1322 2145 οὐχ

282 2152 318 2190 ἓν
338 2152 377 2190 τὸ
400 2152 448 2191 ὄν.
508 2154 552 2191 Εἰ
573 2151 607 2189 δὲ
626 2152 726 2190 οὐσία
751 2151 872 2202 μόνον,
892 2153 954 2190 οὐκ
973 2152 1115 2205 ἄπειρον
1133 2182 1143 2202 ,
1166 2151 1244 2190 οὐδὲ
1262 2151 1321 2203 μέ-

279 2214 372 2261 γεθος
390 2211 455 2255 ἕξει
476 2208 591 2248 οὐδέν·
616 2211 722 2249 ποσὸν
743 2210 809 2262 γάρ
831 2226 863 2248 τι
883 2210 996 2248 ἔσται.

320 2325 349 2352 5.
374 2321 438 2354 Sed
468 2321 671 2363 aptissimum
692 2321 839 2353 omnium
866 2322 1080 2364 principium,
1108 2322 1259 2363 quoniam
1288 2322 1321 2354 id

278 2379 368 2420 quod
380 2380 431 2412 est
446 2380 671 2422 multipliciter
684 2380 813 2420 dicitur,
832 2380 893 2413 erit
905 2381 938 2412 in
951 2382 1141 2422 quaestione,
1157 2381 1321 2422 quomodo

280 2438 443 2470 affirment
470 2438 526 2479 qui
544 2438 608 2471 hoc
633 2440 831 2471 contendunt
847 2449 947 2471 unum
969 2439 1076 2472 omnia
1096 2449 1183 2479 esse,
1208 2441 1320 2471 utrum

281 2495 500 2528 substantiam
525 2499 663 2538 cuneta,
678 2508 720 2531 an
738 2499 836 2531 certae
861 2498 1030 2540 cujusdam
1049 2498 1239 2539 quantitatis
1264 2500 1321 2530 aut

280 2553 463 2595 qualitatis,
496 2557 529 2587 et
561 2565 676 2589 rursus
715 2559 825 2589 utrum
860 2557 1077 2590 substantiam
1115 2567 1212 2590 unam
1248 2566 1320 2590 esse

279 2614 418 2652 cuncta,
450 2613 538 2645 velut
571 2614 734 2647 hominem
763 2625 867 2648 unum
884 2617 955 2656 aut
983 2625 1103 2659 equum
1128 2626 1232 2648 uuum
1263 2616 1321 2649 aut

278 2669 420 2703 animam
436 2680 551 2712 unam,
573 2682 613 2704 an
632 2674 842 2715 qualitatem,
863 2676 895 2707 et
914 2674 999 2707 hanc
1018 2674 1133 2707 itidem
1148 2684 1246 2707 unam
1259 2675 1321 2719 ant

279 2726 453 2760 candorem
479 2730 537 2760 aut
555 2729 695 2762 calorem
714 2733 771 2762 aut
791 2731 914 2772 aliquid
935 2732 1011 2764 tale.
1069 2734 1149 2764 Haeo
1166 2731 1253 2764 enim
1279 2741 1319 2764 o—

278 2785 377 2826 mnia,
391 2788 549 2826 quantum
566 2787 650 2819 inter
668 2796 702 2820 se
718 2788 851 2828 distent,
866 2788 931 2820 ‹lioi
948 2798 1011 2820 non
1031 2790 1148 2830 potest.
1194 2790 1277 2821 Nam
1290 2789 1318 2820 si

278 2845 329 2875 est
348 2843 530 2876 substantia
546 2847 577 2877 et
592 2846 757 2886 quantitas
770 2849 802 2878 et
817 2846 979 2887 qualitas,
1001 2847 1070 2879 sive
1086 2850 1236 2889 separata
1255 2847 1319 2880 sint

281 2910 319 2934 ea
348 2910 421 2943 qmae
449 2904 543 2941 sunt,
568 2903 637 2936 sive
665 2912 729 2936 non
757 2905 821 2936 sint
854 2907 1018 2946 separata,
1042 2914 1105 2937 non
1133 2915 1233 2938 unum
1261 2905 1317 2938 sec}

278 2958 376 2999 'plura
395 2959 540 3001 profecto
566 2963 651 2993 suut.
698 2961 751 2993 Sin
774 2965 883 2994 autem
912 2963 1050 3004 qualitas
1077 2963 1141 2996 sint
1167 2963 1319 2996 universa

278 3017 330 3051 vel
349 3018 530 3060 quantitas,
546 3018 615 3051 sive
631 3019 673 3051 sit
696 3020 877 3052 substantia
897 3022 965 3054 sive
984 3031 1046 3054 non
1064 3022 1118 3063 sit,
1138 3023 1318 3056 absurdum

280 3076 332 3109 ast
349 3085 427 3109 sane
439 3102 448 3117 ,
473 3076 500 3108 si
521 3076 553 3108 id
571 3077 659 3118 quod
677 3078 747 3110 fieri
764 3088 828 3110 non
848 3082 975 3120 potest,
993 3081 1174 3114 absurdum
1188 3084 1318 3124 oportet

278 3134 454 3177 appellare.
498 3135 584 3168 Nihil
599 3136 686 3168 enim
703 3138 896 3170 caeterorurn
919 3142 1104 3180 separatum
1120 3149 1192 3174 esse
1210 3142 1318 3183 potest

277 3194 397 3234 proeter
425 3193 651 3227 substantiam.
701 3195 856 3228 Universa
884 3196 969 3229 enim.
999 3198 1072 3230 haec
1100 3199 1141 3232 de
1171 3200 1317 3241 subjecto

277 3249 441 3292 dicuntur,
467 3251 508 3285 de
538 3252 718 3286 substantia
749 3254 880 3294 quidem
911 3255 993 3295 ipsa.
1039 3258 1081 3288 At
1106 3258 1256 3290 Melissus
1282 3259 1315 3291 id

277 3306 366 3353 'quod
385 3313 435 3345 est
450 3312 611 3346 infinitum
626 3322 698 3346 esse
718 3315 839 3347 censet.
883 3315 942 3347 Est
959 3315 1058 3355 igitur
1074 3324 1131 3349 ens
1149 3319 1315 3358 quantitas

277 3370 429 3412 quaedam
454 3384 461 3403 :
482 3371 637 3405 nimirum
658 3372 821 3406 inlinitum
846 3372 880 3405 in
904 3375 1084 3415 quantitate
1106 3375 1209 3411 inest,
1233 3377 1314 3409 sub-

279 3428 399 3462 stantia
417 3431 526 3464 autem
544 3430 669 3466 infinita
684 3433 742 3466 aut
766 3432 908 3474 qualitas
937 3433 994 3466 aut
1009 3433 1147 3467 affectus
1169 3434 1315 3469 infinitus

947 190 1146 231 EUDEMI
1174 189 1352 230 RHODlI
1380 156 1736 230 &ERIPATETICI

1432 279 1679 331 (Aristoteles
1697 278 1816 328 Phys.
1843 277 1912 317 lib.
1941 277 1957 315 1
1980 284 2065 330 cap.
2090 292 2112 316 2
2138 291 2224 330 pag.
2261 279 2350 320 185.
2370 291 2410 330 ρ.
2435 274 2457 287 ”“
2488 293 2491 294 ’

1383 352 1446 377 20.
1466 338 1524 377 ed.
1542 339 1700 377 Bekker.
1722 336 1894 388 Simplic.
1919 336 1986 377 fol.
2007 338 2052 374 16
2073 336 2112 375 b.
2128 336 2249 388 (conf.
2264 334 2411 381 Schell-

1380 397 1421 434 in
1456 396 1571 434 Arist.
1597 408 1684 446 pag.
1710 395 1800 433 328.
1834 394 1874 432 b.
1909 394 1969 433 ed.
2003 391 2186 446 Brandis)
2219 395 2308 439 ὅλως
2332 393 2413 442 8,ὲή

1381 453 1443 501 ὅλη
1466 454 1555 497 θέσις
1581 456 1648 491 τῶν
1676 452 1712 490 ἓν
1732 452 1770 490 τὸ
1792 451 1830 490 ὂν
1851 451 2020 504 λεγόντων
2052 452 2083 491 εἴ
2100 468 2150 496 τις
2178 451 2285 496 οὕτως
2306 450 2414 500 αὐτὴν

1381 512 1594 556 ἐπιπολαίως
1617 511 1814 564 ἕκδέχοιτο,
1835 510 2028 564 παράδοξός
2056 512 2129 550 ἔστι
2156 512 2215 550 καὶ
2234 509 2416 565 &mm-fli-

1381 586 1507 620 νουσα,
1528 571 1585 610 καὶ
1606 571 1698 621 ὅμως
1729 572 1839 623 φειδοῖ
1857 573 1924 609 τῶν
1947 569 2194 626 ἁπλουστέρων
2218 568 2416 622 &vt-Amin

1380 629 1526 676 ἠξίωται
1553 631 1648 682 παρὰ
1670 632 1735 671 τοῦ
1763 629 2039 682 Ἀριστοτέλους·
2069 630 2087 666 6
2110 628 2228 676 μέντοι
2248 626 2416 687 EQ

1381 687 1636 739 συντομώτερον
1657 687 1764 731 ου’τως
1790 688 1960 739 ἐπιχειρεῖ
1985 688 2034 739 τῷ
2054 685 2162 738 λόγῳ.
2225 703 2241 718 ⁸
2264 679 2414 733 Ἐπιιᾶὴ

1380 746 1470 798 γάρ,
1493 746 1599 799 φησί,
1619 745 1658 784 τὸ
1675 745 1712 784 ὂν
1734 748 1919 798 πολλαχῶς
1941 745 2096 795 λέγεται·
2126 744 2186 783 και
2204 743 2272 796 γὰρ
2297 742 2415 786 ὠσίαν

1380 803 1439 842 καὶ
1457 804 1561 843 ποσὸν
1584 805 1643 843 καὶ
1663 804 1759 843 ποιὸν
1780 804 1839 842 καὶ
1859 803 1901 843 τὰ
1921 803 2028 842 λοιπὰ
2050 806 2118 842 τῶν
2139 801 2230 841 κατὰ
2248 800 2415 849 τὰςδψιπ

1383 861 1491 914 ρέσεις
1510 856 1599 901 εἶναί
1614 878 1745 914 φαμεν,
1766 862 1863 914 παρὰ
1883 864 1979 901 ποῖον
1998 862 2066 914 ἄρα
2081 861 2210 900 τούτων
2230 857 2412 907 οὗκῖσςᾳι

1379 936 1412 958 τι
1433 920 1538 968 ἄλλο;
1560 923 1651 959 τοῦτ’
1672 921 1744 959 ἔστι
1769 920 1859 964 τίνος
1887 920 1982 964 ὄντος
2008 918 2150 958 δυνατὸν
2173 917 2219 957 τὰ
2250 917 2341 956 ἄλλα
2366 914 2418 966 μὴ

1381 981 1485 1027 εἰναι;
1503 995 1562 1017 και
1592 979 1771 1029 δηλονότι,
1795 979 1902 1032 φησί,
1923 978 2020 1031 παρὰ
2046 977 2108 1026 τὴν
2128 976 2244 1016 οὐσίαν
2264 976 2416 1028 μάλιστα

1381 1052 1421 1073 αν
1445 1036 1536 1075 εἴποι
1560 1053 1630 1081 τις·
1650 1036 1693 1076 τὰ
1721 1038 1782 1088 μὲν
1803 1037 1868 1090 γὰρ
1898 1035 2027 1076 ἄλλα’
2010 1053 2044 1076 εν
2074 1052 2142 1076 τινι
2132 1035 2320 1112 φαίνεται
2339 1033 2419 1083 ἀεί,

1379 1094 1468 1132 ὥστε
1499 1095 1637 1135 ἐκείνων
1665 1096 1772 1135 ὄντων
1801 1097 1900 1134 ἔσται
1918 1095 1977 1134 καὶ
2004 1095 2044 1134 τὸ
2071 1097 2104 1133 ἐν
2128 1089 2170 1148 ῳ.
2200 1092 2374 1168 pecte<
2377 1063 2416 1131 δέ

1380 1154 1484 1203 οὔσης
1504 1155 1599 1193 οὐδὲν
1628 1157 1721 1194 δοκεῖ
1742 1158 1955 1193 ὑποκεῖσθαι.
2012 1155 2057 1193 Ei
2080 1155 2115 1192 δὲ
2141 1151 2324 1197 υπόκειτᾳι
2336 1152 2414 1201 οὗ·

1380 1214 1454 1263 δέν,
1482 1216 1552 1266 ζῶα
1583 1216 1612 1252 δ’
1640 1214 1759 1262 ἔσται,
1783 1218 1850 1266 ἀρα
1871 1214 1910 1252 τὸ
1934 1213 2082 1265 βαδίζειν
2103 1214 2164 1252 ουκ
2190 1210 2312 1259 ἔσται,
2339 1209 2418 1258 οῦδὲ

1379 1271 1418 1308 τὸ
1439 1272 1605 1323 πράσσειν
1632 1273 1692 1310 καὶ
1712 1275 1881 1311 κινεῖσθαι
1902 1271 1979 1310 οὐδὲ
2001 1270 2104 1309 καλὸν
2133 1269 2209 1309 οῦδὲ
2236 1267 2418 1317 ‹ill-0552

1379 1330 1542 1368 τοιούτων
1568 1330 1688 1379 οὖθέν;
1705 1333 1778 1375 πῶς
1795 1325 1852 1368 oliv
1879 1332 1940 1368 οὐκ
1959 1329 2086 1368 ἄτοπον
2094 1345 2104 1378 ;
2124 1326 2220 1366 τὸδὲ
2234 1326 2282 1379 δὴ
2305 1325 2417 1378 πεσών

1380 1390 1442 1427 οὐκ
1463 1389 1638 1441 ἐνδέχεται
1668 1389 1716 1440 μὴ
1742 1390 1850 1429 ποιεῖν
1879 1391 1993 1432 αὐτοῖς
2017 1389 2084 1426 τῶν
2105 1387 2232 1427 ὄντων·
2253 1385 2333 1425 ουτε
2348 1385 2418 1438 γὰρ

1382 1449 1522 1501 ἄπειρον
1538 1448 1614 1487 οὔτε
1630 1447 1891 1502 πεπερασμένον
1907 1447 2127 1500 ἀποφαίνοιεν
2143 1446 2184 1486 ἂν
2199 1446 2238 1486 τὸ
2254 1444 2315 1494 ὄν,
2322 1444 2420 1498 αἴπερ

1381 1508 1452 1547 ἐστὶ
1471 1511 1579 1546 ταῦτα
1595 1507 1783 1554 ποσότητος
1801 1507 1948 1554 πάθη.»
1972 1504 2066 1545 ”Αλλ
2083 1504 2202 1553 ἐπειδὴ
2219 1503 2280 1544 καὶ
2291 1501 2344 1553 τὰ
2359 1507 2419 1550 τῶ
2434 1552 2435 1555 ¹

1382 1566 1547 1617 Εὖδήμου
1577 1566 1873 1619 προσιστόρηται,
1893 1566 1936 1604 τὰ
1956 1563 2048 1604 κατὰ
2078 1565 2140 1612 τὴν
2169 1562 2258 1610 λέξιν
2275 1561 2418 1611 ἐπιστά-

1381 1640 1465 1668 σεως
1487 1625 1564 1669 ἄξια
1586 1623 1804 1677 προσθετέον.

1493 1682 1573 1723 Ἔτι
1596 1683 1667 1722 ἐπεὶ
1688 1682 1747 1722 καὶ
1769 1683 1852 1722 αὐτὸ
1868 1681 1907 1720 τὸ
1925 1681 1958 1720 ἓν
1975 1682 2160 1733 πολλαχῶς
2180 1679 2335 1732 Mycena·-
2324 1677 2414 1728 ὥσ-

1380 1758 1444 1794 περ
1466 1742 1525 1781 καὶ
1553 1743 1592 1782 τὸ
1619 1742 1680 1790 ὅν,
1701 1741 1868 1781 σκεπτέον
1894 1740 1969 1780 τίνα
1999 1740 2124 1792 τρόπον
2149 1739 2308 1792 λέγουσιν
2326 1723 2418 1776 εἶναι

1380 1801 1416 1839 ἓν
1435 1801 1474 1840 τὸ
1501 1808 1586 1841 πᾶν.
1644 1800 1833 1852 Λέγεται
1815 1801 1843 1839 ο’
1864 1799 1900 1838 ἓν
1929 1799 1949 1846 ἢ
1971 1799 2009 1837 τὸ
2031 1797 2173 1851 συνεχὲς
2199 1797 2222 1844 ἢ
2238 1797 2276 1836 τὸ
2303 1795 2421 1837 ἀδιαί-

1386 1875 1481 1913 ρετον
1501 1859 1523 1906 ἢ
1543 1864 1589 1899 ὡν
1608 1862 1625 1898 6
1643 1859 1744 1910 λόγος
1764 1861 1782 1897 6
1806 1858 1905 1902 αὐτὸς
1923 1874 1982 1896 και
2004 1861 2049 1902 εἱς
2069 1860 2087 1896 6
2107 1861 2166 1896 τοῦ
2185 1856 2219 1895 τί
2237 1850 2278 1903 ἧν
2309 1848 2420 1904 εἶναι,

1381 1918 1499 1971 ὥσπερ
1520 1918 1612 1992 μέθυ
1624 1917 1682 1957 καὶ
1701 1922 1799 1962 οἰνος.
1856 1919 1899 1957 Εἰ
1914 1917 1975 1966 μὲν
1996 1916 2105 1956 τοίνυν
2124 1916 2285 1968 συνεχές,
2304 1913 2419 1962 πολλὰ

1380 1977 1420 2015 τὸ
1447 1976 1501 2016 ἕν·
1523 1978 1571 2020 εἷς
1591 1977 1730 2028 ἄπειρον
1738 1976 1831 2048 Ἡγὰρ
1846 1975 2013 2028 διαιρετὸν
2036 1975 2076 2014 τὸ
2103 1975 2255 2027 συνεχές,
2311 1972 2419 2027 Ἔχει

1382 2037 1412 2074 δ’
1432 2035 1582 2107 ἀπορίαν
1602 2034 1682 2087 περὶ
1701 2050 1760 2077 του
1789 2034 1910 2088 μέρους
1930 2034 1989 2072 καὶ
2016 2036 2075 2072 τοῦ
2095 2031 2239 2079 ὅλου,”
2225 2047 2307 2077 ισως
2325 2031 2362 2076 δὲ
2378 2032 2417 2069 οὐ
2451 2078 2452 2081 ¹

1382 2092 1466 2145 πρὸς
1484 2092 1541 2131 τὸν
1569 2092 1686 2141 λόγον
1697 2091 1771 2130 ἀλλ’
1793 2091 1899 2138 αὐτὴν
1929 2091 2004 2129 καθ’
2025 2089 2150 2139 αυτήν,
2170 2089 2326 2143 πότερον
2333 2088 2369 2128 ἓν
2395 2087 2419 2136 ἢ

1381 2150 1492 2190 πλείω
1515 2151 1554 2189 τὸ
1575 2149 1677 2203 μέρος
1699 2149 1759 2188 καὶ
1773 2150 1812 2188 τὸ
1828 2149 1921 2200 ὅλον,
1944 2148 2003 2188 καὶ
2018 2165 2090 2193 πως
2110 2148 2146 2187 ἓν
2166 2147 2189 2195 ἢ
2208 2148 2335 2199 πλείω,
2356 2146 2418 2185 καὶ

1384 2211 1413 2247 εἷ
1441 2209 1552 2249 πλείω
1566 2239 1575 2257 ,
1598 2213 1671 2253 πῶς
1698 2208 1832 2256 πλείω,
1852 2208 1911 2246 καὶ
1940 2207 2021 2260 περὶ
2038 2209 2130 2254 ,τῶν
2146 2209 2260 2260 μερῶν
2278 2210 2346 2246 τῶν
2366 2204 2416 2256 μὴ

1383 2330 1454 2354 osse
1474 2330 1538 2354 non
1557 2321 1666 2362 potest
1681 2319 1744 2352 nisi
1765 2328 1823 2361 per
1845 2318 1994 2352 accidens
2007 2343 2015 2359 ‚
2032 2318 2060 2351 si
2079 2318 2178 2351 simul
2193 2319 2227 2351 et
2243 2308 2341 2352 certae
2357 2325 2419 2351 cu·
2454 2359 2457 2362 ἱ

1380 2380 1510 2425 jusdam
1538 2379 1730 2421 quantitatis
1756 2378 1908 2419 quaedam
1928 2378 2003 2411 sint.
2048 2377 2174 2419 Quippe
2198 2375 2318 2410 infiniti
2335 2375 2420 2410 ratio

1382 2439 1566 2480 quantitate
1581 2438 1699 2478 utitur,
1715 2425 1781 2470 non
1793 2435 1975 2470 substantia
1991 2438 2048 2469 aut
2064 2427 2229 2477 qualitate.
2273 2435 2306 2470 Si
2320 2433 2419 2484 igitur

1380 2500 1425 2543 et»
1437 2497 1619 2543 substantia
1637 2497 1679 2529 sit
1707 2497 1740 2529 et
1758 2495 1922 2543 quantitas
1934 2520 1942 2535 ‚
1966 2495 2001 2527 id
2018 2494 2149 2536 quidem
2167 2494 2256 2536 quod
2274 2495 2330 2527 est.
2352 2501 2419 2526 non

1379 2565 1479 2588 unum
1492 2580 1501 2596 ‚
1522 2555 1579 2588 sed
1601 2555 1667 2587 duo
1686 2564 1758 2588 esse
1778 2554 1942 2603 videntur.
1985 2554 2019 2586 Si
2038 2563 2117 2587 vero
2141 2545 2324 2594 substantia
2341 2544 2415 2586 ian-

1378 2615 1449 2646 tum
1467 2613 1520 2654 sit,
1538 2613 1702 2657 infinitum
1718 2622 1795 2646 sane
1810 2622 1874 2645 non
1891 2613 1952 2652 est,
1969 2621 2073 2653 neque
2087 2606 2414 2653 magnitudinem‘ul-

1377 2672 1443 2704 lam
1461 2671 1594 2705 habebit
1611 2685 1619 2704 :
1635 2672 1695 2705 erit
1711 2672 1797 2704 enim
1815 2671 1982 2713 quantitas
1997 2670 2160 2711 quaedam.
2312 2662 2314 2664 ’

1418 2736 1449 2764 6,
1472 2732 1634 2764 Praeterea
1655 2740 1758 2772 quum
1774 2718 1997 2772 multipliciter
2021 2731 2054 2762 et
2070 2730 2176 2771 ipsum
2191 2736 2313 2767 unum,
2331 2726 2420 2759 sieut

1378 2791 1411 2822 et
1432 2788 1464 2822 id
1478 2778 1568 2830 quod
1585 2791 1651 2829 est,
1670 2789 1733 2822 dici
1750 2788 1871 2829 soleat,
1895 2787 2094 2823 considerari
2110 2786 2259 2836 oportet,
2275 2793 2417 2827 quonam

1378 2847 1477 2879 modo
1490 2847 1682 2880 universum
1694 2856 1797 2879 unum
1809 2854 1880 2878 esse
1896 2845 2072 2878 affirment.
2118 2846 2227 2877 Unum
2239 2845 2350 2876 autem
2362 2840 2414 2874 di-

1378 2906 1464 2938 citur
1492 2905 1614 2947 partim
1648 2905 1859 2945 continuum,
1889 2904 2008 2946 partim
2039 2902 2245 2935 individuum
2257 2927 2266 2943 ‚
2296 2900 2417 2943 partim

1350 2930 1355 2995 ί
1377 2973 1416 2996 ea
1440 2973 1580 3006 quorum
1607 2974 1672 2997 una
1697 2966 1796 3005 atque
1816 2964 1930 2996 eadem
1954 2962 2038 2996 ratio
2051 2987 2060 3004 ‚
2087 2961 2312 3004 quaerentibus
2335 2957 2414 3000 quid

1377 3022 1425 3055 rei
1441 3023 1501 3062 sit,
1518 3024 1670 3065 apparet,
1686 3024 1723 3055 ut.
1741 3023 1898 3055 temetum
1921 3023 1954 3054 et
1969 3021 2096 3054 vinum.
2144 3020 2176 3053 Si
2192 3020 2291 3062 igitur
2313 3026 2423 3057 unum¹

1376 3081 1459 3114 illud
1474 3081 1664 3114 continuum
1684 3082 1754 3120 est,
1773 3080 1951 3113 multitudo
1966 3080 2113 3128 profecto
2133 3080 2206 3112 est:
2227 3076 2420 3111 mutianum-

1378 3140 1463 3172 enim
1485 3140 1517 3172 in
1538 3140 1701 3173 infinitum
1717 3139 1820 3172 dividi
1840 3141 1959 3181 potest.
2005 3138 2114 3171 Habet
2136 3138 2249 3170 autem
2270 3135 2344 3169 hoec
2361 3142 2416 3168 res

1349 3190 1354 3218 ¹
1376 3200 1611 3233 dubitationem
1631 3200 1671 3233 de
1692 3201 1786 3242 parte
1801 3208 1840 3232 ao
1860 3200 1947 3238 toto,
1965 3208 2031 3231 non
2049 3198 2091 3231 ad
2107 3198 2208 3231 verba
2221 3198 2334 3230 nostra
2347 3195 2410 3228 for-

1377 3258 1460 3291 sitan
1481 3258 1758 3292 accommodatam
1770 3282 1779 3298 ‚
1797 3257 1856 3290 sed
1872 3254 1930 3299 per
1948 3266 1983 3290 se
1999 3255 2265 3290 considerandam
2275 3278 2284 3295 ,
2300 3255 2416 3287 utrum

1374 3313 1477 3352 unum
1503 3328 1546 3352 an
1569 3320 1664 3362 plura
1690 3318 1755 3351 sint
1777 3327 1853 3361 pars
1881 3327 1920 3350 ao
1947 3319 2073 3358 totum³
2094 3318 2129 3350 et
2151 3325 2216 3358 quo
2235 3315 2330 3358 pacto
2349 3313 2418 3346 sint

1374 3386 1476 3410 unum
1496 3378 1550 3410 vel
1575 3379 1690 3420 plura,
1717 3378 1750 3410 et
1769 3376 1796 3409 si
1812 3376 1878 3409 sint
1902 3376 2013 3418 plura,
2033 3374 2197 3417 quomodo
2219 3373 2286 3406 sint
2307 3372 2413 3415 plura.

1346 3452 1351 3457 ·
1372 3438 1415 3471 Et
1440 3437 1482 3470 de
1505 3436 1654 3479 partibus
1681 3444 1746 3470 non
1772 3434 1937 3469 coutinuis
1961 3434 2078 3469 eadam
2109 3434 2187 3468 sunt
2211 3429 2434 3476 quaerendaf
