2508 3776
273 234 352 273 306

276 319 329 357 ἀεὶ
349 317 512 358 ὡσαύτως
532 316 700 369 ἔχουσαν,
721 314 850 366 ἀμιγὴς
870 314 1074 364 ἡάλήθεια,
1093 316 1151 354 καὶ
1170 316 1266 355 οὐδὲν
1286 319 1307 364 ἦ

275 377 340 423 ὕλη
366 376 491 414 κωλύει
511 374 549 411 τὸ
577 372 736 425 ἀκριὸές·
763 373 797 410 ἐν
827 372 863 410 δὲ
883 378 954 416 τοῖς
973 372 1090 416 ἄλλοις
1105 405 1115 424 ,
1138 377 1171 413 ἐν
1194 369 1243 418 οἷς
1264 374 1309 413 τὰ

274 434 484 483 ὑποκείμενα
506 433 567 470 οὐκ
587 431 783 482 ἀναγκαῖα,
803 429 880 469 οὐδὲ
900 431 953 469 ἀεὶ
973 432 1100 483 ὁμοίως
1126 432 1220 486 ἔχει,
1245 434 1309 486 ἀρ·-

275 490 373 534 κετός
399 493 471 528 ἐστι
506 489 629 542 λόγος,
651 491 668 527 6
698 488 766 526 ἀπὸ
785 490 855 526 τῶν
888 490 935 532 ὡς
964 490 1021 527 ἐπὶ
1043 490 1083 528 τὸ
1114 493 1309 530 πλεῖστον’

276 550 446 599 συνάγων.
485 548 591 588 Οὕτω
627 547 662 586 δὲ
691 547 748 585 ἐπὶ
781 549 849 585 τῶν
886 548 1145 600 δημιουργικῶν
1176 551 1306 601 τεχνῶν

273 624 288 645 ε
290 620 369 659 χει
384 607 423 645 τὸ
440 607 506 660 γὰρ
520 606 687 658 τεχνητὸν
708 600 794 649 εἶδος
808 607 873 657 οὐχ
891 605 1045 655 ὃμοίως’
1031 606 1221 659 εφαρμόσει
1235 609 1311 651 ταῖς

273 666 391 709 ὕλαις·
409 667 484 703 ἀλλ
500 666 533 703 ἐν
550 667 611 715 μὲν
629 670 704 708 ταῖς
720 663 1008 716 ἐπιτηδειοτέραις
1020 693 1030 710 ,
1050 663 1310 717 ἀκριὸέστερον,

274 726 309 762 ἐν
330 723 365 762 δὲ
388 724 461 767 ταῖς
473 724 600 786 ἑτέρως
622 722 809 776 ἐχούσαις,
830 724 894 774 οὐχ
914 723 1054 794 ὁμοίως.
1075 723 1125 761 Ἰὸ
1155 722 1223 776 γὰρ
1247 725 1310 761 ἀν-

274 783 442 833 θρύπινον
463 775 550 826 εἶδος
570 783 636 835 οὐχ
652 782 777 833 ὁμοίως
804 781 996 834 ἐφαρμόσει
1016 785 1091 820 ταῖς
1118 780 1219 825 ὕλαις
1237 782 1255 820 ὃ
1274 797 1311 820 τε

275 842 433 888 πλάστης
451 841 509 878 καὶ
527 843 544 878 6
561 841 760 894 ζωγράφος·
781 842 798 877 6
825 839 888 891 μὲν
911 839 978 892 γὰρ
996 839 1174 892 ζωγράφος
1193 841 1253 878 και
1273 840 1313 878 τὸ

274 902 403 953 χρῶμα
419 900 631 952 παρίστησι,
652 898 751 937 καῖ’
731 914 835 950 ογκον
851 897 929 936 τινὰ
948 899 1040 936 δοκεῖ
1055 900 1236 949 μιμεῖσθαι
1253 900 1311 939 καὶ

277 959 459 996 διάστασιν
473 973 481 982 ·
501 962 524 1005 ἡ
550 957 618 1010 γὰρ
639 958 704 1004 ὕλη
726 960 914 1009 συγχωρεῖ.
936 956 983 997 Ὁ
1010 956 1046 995 δὲ
1076 958 1236 1004 πλάστης
1255 957 1313 996 τὸν

276 1015 338 1067 μὲν
358 1016 458 1068 ὄγκον
486 1016 676 1069 ἐφαρμόσει
697 1019 740 1067 τῇ
764 1015 853 1067 ὕλῃ,
878 1015 918 1054 τὸ
936 1018 1065 1069 χρῶμα
1093 1015 1129 1054 δὲ
1155 1017 1225 1055 ἀπὸ
1250 1020 1312 1064 τῆς

275 1074 358 1120 ὕλης
381 1077 440 1113 οὐκ
469 1074 542 1126 ἔχει
573 1073 699 1118 δεῖξαι·
721 1073 849 1124 ὁμοίως
874 1074 909 1112 δὲ
939 1074 1000 1112 καὶ
1021 1073 1079 1111 ἐπὶ
1100 1075 1168 1112 τῶν
1195 1074 1310 1113 ἄλλων

274 1135 419 1184 τεχνῶν.
439 1133 509 1171 Διὰ
531 1137 632 1171 τοῦτο
654 1135 693 1171 οὗ
706 1132 770 1179 τὴν
794 1131 901 1179 αὐτὴν
922 1132 1100 1184 ἀκρίὸειαν
1117 1132 1214 1184 παρὰ
1235 1134 1313 1172 πά-

275 1207 336 1239 σης
352 1191 477 1244 τέχνης
504 1193 664 1230 ἀπαιτεῖν
695 1192 768 1241 δεῖ,
801 1192 878 1229 ἀλλ’
907 1190 991 1238 ὅσην
1020 1194 1041 1238 ἡ
1071 1190 1135 1239 ὕλη
1172 1191 1311 1231 δίδωσι·

273 1250 420 1297 τοιαύτη
448 1250 484 1288 δέ
514 1251 588 1288 ἐστι
608 1249 666 1288 καὶ
687 1252 708 1295 ἡ
741 1251 800 1294 τῆς
828 1250 1011 1296 πολιτικῆς
1043 1248 1109 1296 ὕλη
1136 1249 1220 1301 πρὸς
1250 1249 1312 1296 τὴν

275 1309 453 1355 ἀλήθειαν.
473 1308 528 1347 Τὰ
545 1307 613 1360 γὰρ
632 1306 725 1345 καλὰ
742 1306 800 1344 καὶ
818 1306 862 1345 τὰ
884 1306 1001 1345 δίκαια
1014 1336 1023 1354 ,
1040 1307 1119 1359 περὶ
1140 1301 1187 1345 ὧν
1211 1310 1232 1354 ἡ
1250 1324 1314 1346 πο·-

272 1367 389 1413 λιτικὴ
426 1367 571 1417 σκοπεῖ,
606 1366 666 1404 καὶ
698 1365 789 1417 ἅπερ
823 1365 908 1412 υλην
943 1370 1116 1412 ποιεῖται,
1138 1365 1312 1412 τοσαύτην

275 1425 349 1478 ἔχει
387 1425 554 1478 διαφορὰν
587 1425 646 1462 καὶ
669 1423 830 1473 πλάνην,
858 1422 948 1461 ωστε
974 1423 1034 1461 καὶ
1062 1424 1174 1462 δοκειν
1199 1424 1247 1471 μὴ
1274 1425 1313 1463 τὸ

275 1484 381 1521 καλὸν
401 1483 501 1535 φύσει
521 1482 628 1520 καλὸν
648 1485 757 1528 εἶναι,
784 1482 871 1531 μηδὲ
893 1481 933 1519 τὸ
958 1482 1125 1520 δίκαιονῦ
1142 1482 1244 1535 φύσει
1261 1483 1313 1521 δι·-

280 1557 398 1590 καιον,
421 1541 510 1579 ἀλλὰ
534 1540 626 1578 θέσει
651 1553 717 1578 τινι
747 1541 808 1578 καὶ
832 1539 943 1592 νόμω.
971 1540 1041 1578 Καὶ
1068 1540 1124 1579 διὰ
1150 1557 1251 1579 τουτο
1275 1543 1315 1580 τὸ

276 1601 369 1639 κατὰ
400 1599 565 1646 ἀλήθειαν
596 1598 700 1637 καλον
721 1598 781 1636 καὶ
813 1598 947 1637 δίκαιον
971 1598 1136 1650 δυσχερές
1156 1601 1229 1637 ἐστι
1254 1605 1314 1639 τοῦ

277 1660 456 1701 δοκοῦντος
484 1658 622 1697 διελεῖν.
646 1658 700 1696 Οὐ
737 1656 839 1704 μόνον
863 1657 919 1706 δέ,
950 1658 1041 1695 ἀλλὰ
1068 1657 1127 1696 καὶ
1157 1658 1246 1697 αὐτὰ
1272 1659 1316 1698 τὰ

281 1715 395 1766 ἀγαθὰ
412 1714 445 1758 ἐξ
458 1709 505 1753 ὧν
522 1716 615 1752 δοκεῖ
629 1713 854 1752 συνίστασθαι
872 1717 892 1760 ἡ
914 1715 1115 1765 εὐδαιμονία
1139 1717 1314 1768 (ἀνδρείαν

276 1774 368 1826 λέγω
394 1774 416 1820 ἢ
453 1776 622 1822 πλοῦτον,
645 1771 667 1818 ἢ
699 1773 848 1811 τοιοῦτόν
874 1774 952 1822 τυ)
987 1773 1046 1811 καὶ
1067 1773 1157 1812 αὐτὰ
1178 1775 1314 1822 πλάνην

279 1833 353 1884 ἔχει
379 1831 512 1878 πολλήν
526 1861 537 1879 ,
557 1832 613 1869 διὰ
639 1831 677 1868 τὸ
699 1833 839 1874 πολλοῖς
872 1830 1076 1881 συμὸαίνειν
1099 1832 1233 1884 βλάὸας
1254 1835 1315 1871 ἀπ’

277 1892 409 1929 αὐτῶν.
429 1887 526 1936 Ἤδη
546 1889 614 1941 γάρ
630 1905 718 1931 τινες
736 1889 918 1926 ἀπώλοντο
937 1888 994 1927 διὰ
1011 1891 1160 1930 πλοῦτον
1173 1921 1182 1939 ,
1201 1891 1314 1943 ἕτεροι

277 1948 313 1986 δὲ
335 1948 377 1986 δι’
397 1947 568 1999 ἀνδρείαν.
586 1946 780 2000 Ἀγαπητὸν
801 1941 859 1986 οῧν
877 1947 956 1999 περὶ
972 1947 1137 1986 τοιούτων
1151 1948 1316 2000 λέγοντας

276 2007 337 2045 καὶ
359 2010 419 2045 τοῦ
447 2008 485 2044 ἐκ
504 2006 635 2044 τούτων
663 2006 798 2052 τέλους,
818 2007 984 2057 παχυλῶς
1010 2006 1071 2044 καὶ
1089 2008 1136 2051 ὡς
1156 2010 1191 2047 ἐν
1214 2008 1315 2060 τύπῳ

278 2065 340 2111 τὴν
360 2064 524 2111 ἀλήθειαν
542 2064 775 2108 ἐνδείξασθαι·
796 2063 856 2101 καὶ
876 2064 1025 2103 καθόλου
1041 2065 1122 2117 περὶ
1140 2067 1208 2103 τῶν
1227 2067 1318 2105 ἐνδε-

277 2123 435 2176 χομένων
459 2126 504 2167 ὡς
522 2123 578 2162 ἐπὶ
597 2123 636 2160 τὸ
655 2122 743 2160 πολὺ
772 2122 918 2174 λέγοντα
939 2123 999 2161 καὶ
1025 2127 1086 2161 τοῦ
1120 2125 1160 2162 ἐκ
1183 2124 1313 2163 τούτων

276 2181 392 2224 τέλους
405 2212 415 2229 ,
441 2181 559 2220 ἱκανὸν
580 2180 620 2218 ἂν
641 2179 694 2227 εἴη
715 2184 857 2218 τοιαῦτα
874 2179 934 2217 καὶ
948 2181 1260 2233 συμπεραίνεσθαι.

331 2242 352 2261 ¹*
367 2239 512 2291 ”Ωσπερ
531 2239 567 2278 δὲ
587 2241 605 2276 6
620 2238 700 2290 περὶ
714 2241 775 2284 τῆς
790 2239 970 2285 πολιτικῆς
989 2239 1100 2290 λέγων
1118 2241 1155 2278 οὐ
1172 2241 1316 2279 δύναται

279 2298 530 2351 ἀκριὸεστέραν
552 2297 717 2344 ἀλήθειαν
746 2298 880 2349 εὑρεῖν,
910 2295 1037 2344 ἢὸσην
1063 2300 1084 2344 ἡ
1117 2297 1181 2346 ὕλη
1210 2299 1316 2338 δίδω-

279 2372 351 2395 σιν·
374 2355 464 2394 οὕτω
487 2356 547 2394 καὶ
567 2358 585 2393 6
611 2355 736 2408 κρίνων
757 2355 833 2398 τοὺς
851 2355 1025 2400 τοιούτους
1050 2355 1170 2407 λόγους
1201 2359 1317 2403 καλῶς

281 2416 320 2454 ἂν
344 2417 476 2467 κρίνοι,
499 2418 528 2454 εἷ
563 2414 656 2454 κατὰ
675 2416 732 2454 τὸν
753 2414 825 2453 ἴσον
845 2413 971 2466 τρόπον
993 2414 1042 2464 μὴ
1064 2415 1316 2469 ἅκριὸεστέραν

280 2474 445 2520 ἀλήθειαν
467 2477 608 2513 ἀπαιτεῖ
624 2505 635 2523 ‚
656 2473 678 2520 ἢ
710 2474 794 2521 ὅσην
815 2477 837 2521 ἡ
867 2474 933 2521 ὕλη
956 2474 1120 2525 δίδωσιν,
1143 2475 1234 2513 ἀλλὰ
1255 2475 1316 2522 τὴν

283 2531 515 2584 ἐνδεχομένην
549 2533 779 2585 ἀποδέχεται·
813 2532 1092 2583 πεπαιδευμένου
1124 2532 1189 2585 γάρ
1221 2536 1315 2573 ἐστιν

281 2591 338 2628 ἐπὶ
355 2595 517 2629 τοσοῦτον
538 2591 577 2628 τὸ
601 2592 742 2643 ἀκριὲὲς
763 2591 937 2638 ἐπιζητεῖν
957 2595 1035 2630 καθ’
1057 2592 1204 2631 ἕκαστον
1222 2592 1317 2643 γένος

282 2647 447 2696 μεθόδου,
469 2649 521 2700 ἐφ’
550 2648 628 2686 ὅσον
664 2652 685 2695 ἡ
712 2653 772 2687 τοῦ
805 2649 1012 2701 πράγματος
1032 2650 1129 2702 φύσις
1158 2650 1317 2703 ἐπιδέχε-

279 2721 350 2743 ται.
410 2705 471 2744 Ἑν
494 2706 556 2755 μὲν
580 2705 646 2757 γὰρ
674 2709 723 2758 τῷ
743 2709 810 2744 τῶν
834 2711 1088 2757 μαθηματικῶν
1115 2708 1227 2759 γε’νει,
1249 2725 1317 2748 κα-

281 2764 347 2807 θὼς
372 2763 529 2815 εἴρηται,
563 2765 658 2803 οὐδὲν
693 2766 918 2818 ἐνδεχόμενον
948 2767 1192 2819 συγχωρήσει·
1225 2769 1259 2806 ἐν
1281 2768 1317 2807 δὲ

280 2827 352 2865 τοῖς
374 2824 545 2872 λογικοῖς,
562 2822 584 2868 ἢ
602 2824 671 2866 τοῖς
691 2825 870 2875 φυσικοῖς,
892 2824 915 2870 ἢ
937 2829 1008 2868 τοῖς
1025 2825 1139 2868 ἄλλως
1159 2825 1295 2877 ἔχουσιν

286 2881 353 2932 οὐχ
371 2880 550 2923 ὡσαύτως.
572 2882 830 2929 Παραπλήσιον
849 2883 918 2934 γάρ
948 2885 1044 2933 ἐστι,
1070 2887 1316 2935 μαθηματικοῦ

283 2939 590 2988 πιθανολογοῦντος
611 2939 869 2990 ἀποδέχεσθαι,
889 2941 948 2979 καὶ
971 2943 1150 2994 ῥητορικὸν
1171 2942 1314 2981 ἀποδεί-

283 2995 348 3040 ξεις
369 2998 542 3035 ἀπαιτεῖν.

335 3054 480 3105 Scripsi
502 3068 511 3092 :
531 3058 545 3076 Β
564 3054 621 3092 ἐπὶ
638 3055 677 3092 τὸ
699 3056 888 3109 πλεῖστον]
918 3058 1003 3098 cod.
1036 3059 1313 3099 ἐπιτοπλεῖστον.

281 3136 333 3143 —
350 3118 367 3142 Β
385 3114 473 3165 μηδὲ
492 3113 531 3152 τὸ
552 3115 683 3151 δίκαιον
699 3115 713 3165 ]
732 3116 817 3155 cod.
836 3115 910 3153 οὐδὲ
927 3116 965 3154 τὸ
984 3116 1195 3169 δίκαιον.-)

323 3225 339 3241 *
361 3225 422 3258 Τὸν
445 3225 541 3257 αὐτὸν
564 3225 599 3256 δὲ
612 3224 730 3268 τρόπον
750 3227 817 3257 κτλ.

1118 228 1397 270 ANDRONICI
1423 227 1607 269 RHODH
1661 227 1663 230 ’

1371 322 1447 355 dem
1465 320 1663 363 disciplinis,
1683 320 1804 363 quippe
1823 328 1899 363 quae
1925 321 2140 355 necessariam
2156 323 2189 355 et
2208 329 2336 363 semper
2348 320 2403 354 sui

1369 379 1511 411 similem
1526 378 1668 411 habeant
1683 377 1855 411 materiam
1868 403 1876 416 ,
1896 377 2035 420 simplex
2050 381 2101 412 cst
2122 379 2247 413 veritas
2262 405 2269 418 ,
2297 379 2346 412 ita
2363 378 2404 410 ut

1369 437 1507 469 materia
1537 435 1715 469 subtilitati
1745 445 1811 468 non
1837 435 1964 477 obstet3
1997 435 2032 468 in
2061 436 2197 479 reliquis
2214 439 2344 475 autem.
2369 435 2405 470 in

1370 495 1493 538 quibus
1509 504 1570 528 ncc-
1587 495 1768 528 necessaria
1785 496 1863 528 sunt
1875 497 2066 538 argumenta
2077 519 2086 535 ,
2104 504 2164 528 nec
2186 496 2300 530 eodem
2317 503 2406 530 seni-

1370 564 1429 597 per
1448 555 1546 587 modo
1563 563 1598 588 se
1613 554 1754 594 habent,
1776 564 1814 588 ea
1830 554 1973 588 sufficiet
1990 555 2074 588 ratio
2086 581 2094 594 ‚
2115 564 2191 597 quoe
2206 563 2248 588 ex
2261 555 2313 595 iis.
2329 563 2407 599 qun

1370 613 1516 646 maxima
1535 622 1575 646 ex
1605 615 1701 655 parte
1724 613 1773 646 ita
1793 622 1828 646 se
1855 613 1997 652 habent,
2021 612 2146 654 aliquid
2167 611 2300 655 colllglt.
2322 612 2406 647 Ham

1375 676 1409 702 et
1429 670 1477 703 ita
1495 671 1529 703 in
1549 671 1773 713 operariorum
1799 671 1928 704 artibus
1958 680 1994 704 se
2020 679 2072 703 res
2087 669 2189 703 habet
2207 681 2215 702 :
2235 677 2298 703 nee
2320 669 2409 706 uim

1372 728 1478 762 forma
1496 730 1673 763 artificiosa
1690 730 1804 763 eodem
1819 730 1917 763 modo
1941 729 2030 762 omni
2047 728 2218 763 conveniet
2235 727 2406 763 materis:

1372 788 1431 821 sed
1451 788 1485 821 in
1509 788 1691 831 aptioribus
1717 789 1824 831 magis
1855 788 2047 831 quadrabit,
2072 788 2107 821 in
2131 787 2204 821 aliis
2226 796 2293 828 nou
2314 786 2407 821 um.

1371 848 1575 886 Humanam,
1604 848 1744 890 exempli
1766 848 1871 890 gratia
1884 874 1891 887 ,
1923 847 2063 880 formam
2087 856 2152 880 non
2179 846 2332 880 similiter
2358 851 2412 880 ἰο-

1373 905 1596 939 commodabit
1616 906 1764 939 materiae
1791 906 1915 949 plastes
1945 908 1979 939 et
1996 906 2104 948 pictor
2124 918 2133 938 ε
2164 914 2242 939 nam
2265 906 2300 939 et
2326 903 2412 938 0010-

1371 972 1443 995 rem
1454 962 1560 1004 pictor
1577 963 1688 1003 addit,
1707 966 1741 997 et
1766 964 1887 997 molem
1899 963 2065 1006 quandam
2077 963 2210 997 videtur
2227 961 2412 1006 exprhnere

1373 1024 1406 1055 et
1423 1021 1634 1055 intervallum
1666 1037 1675 1056 ι
1706 1023 1846 1056 materia
1870 1023 1955 1056 enim
1979 1024 2043 1071 hoc
2065 1022 2238 1066 permittit.
2281 1021 2411 1058 mantes

1373 1090 1453 1114 vero
1484 1082 1609 1129 molem!
1620 1081 1756 1124 quidem
1788 1081 1879 1114 illam
1904 1082 2129 1114 accommodat
2158 1079 2327 1124 materia,
2352 1079 2412 1114 sed

1375 1140 1517 1174 colorem
1533 1141 1633 1173 simul
1647 1142 1684 1173 ut
1698 1140 1818 1179 addat,
1840 1149 1904 1172 non
1919 1139 2082 1182 permittit
2093 1139 2242 1173 materia.
2285 1138 2411 1173 Eadem

1374 1199 1516 1232 aliarum
1534 1208 1668 1241 quoqne
1680 1199 1802 1231 artium
1815 1198 1900 1231 ratio
1917 1200 1976 1231 est.
2022 1200 2132 1236 Quare
2147 1205 2210 1230 nec
2227 1205 2295 1240 par
2307 1196 2412 1230 subti-

1372 1256 1450 1289 litas
1479 1257 1521 1289 ab
1537 1256 1690 1288 omnibus
1711 1255 1886 1297 flagitanda
1899 1257 1969 1293 est,
1995 1254 2055 1287 sed
2078 1263 2179 1297 quain
2202 1253 2341 1289 materh
2356 1262 2414 1297 pu-

1373 1314 1456 1346 titur
1476 1328 1483 1346 :
1501 1316 1631 1346 tantum
1650 1322 1726 1354 ergo
1745 1313 1971 1346 adveritatem
1993 1313 2092 1346 etiam
2110 1312 2216 1346 civilis
2229 1311 2413 1355 prudentiae

1372 1374 1510 1407 materia
1528 1373 1628 1406 valet.
1674 1373 1801 1414 Quippe
1827 1373 1966 1405 honesta
1984 1374 2017 1405 et
2040 1372 2152 1414 ¹iusta,
2170 1381 2249 1415 quae
2265 1370 2412 1406 conside-

1373 1434 1425 1465 rat
1442 1432 1527 1464 ratio
1548 1431 1673 1470 civilis,
1694 1432 1727 1463 et
1741 1430 1776 1463 in
1789 1430 1912 1472 quibus
1927 1432 2086 1472 tanquam
2099 1429 2135 1463 iu
2152 1429 2291 1463 materia
2302 1438 2413 1464 verso-

1373 1492 1440 1529 tur,
1461 1490 1588 1522 tantam
1606 1488 1660 1521 vel
1678 1488 1912 1521 dissensionem
1933 1488 2058 1520 faciunt
2075 1487 2130 1521 vel
2145 1497 2288 1522 errorem
2305 1488 2413 1523 hnmi-
2474 1521 2482 1533 ·,

1374 1548 1472 1581 nibus
1489 1547 1668 1590 objiciunt,
1691 1549 1728 1579 ut
1748 1556 1809 1580 noc
1833 1547 2009 1580 honestum
2030 1548 2150 1580 natura
2166 1546 2320 1581 videami-
2335 1555 2413 1580 esse

1376 1608 1570 1645 honestum,
1601 1615 1708 1648 neque
1727 1606 1856 1647 justum
1879 1607 1998 1638 natura
2013 1605 2161 1647 Justum,
2185 1605 2244 1639 sed
2258 1605 2412 1639 instituto

1373 1665 1518 1707 quodam
1534 1666 1567 1698 et
1585 1665 1666 1706 lege.
1710 1665 1756 1696 Αο
1779 1665 1953 1706 propterea
1979 1663 2015 1696 id
2033 1663 2124 1706 quod
2153 1673 2190 1697 re
2204 1673 2286 1698 vera
2311 1663 2411 1697 hone-

1375 1726 1465 1757 stum
1482 1726 1532 1757 est
1554 1726 1587 1757 et
1604 1724 1731 1766 justum
1744 1749 1752 1762 ,
1778 1733 1844 1756 non
1870 1723 1969 1756 facile
1993 1723 2035 1756 ab
2053 1722 2262 1766 eodistingui
2276 1725 2408 1767 potest.

1374 1783 1464 1826 quod
1480 1782 1614 1815 videtur
1629 1783 1769 1815 tantum.
1813 1784 1879 1816 Nec
1895 1783 1958 1815 hoc
1973 1783 2120 1822 tantum,
2140 1781 2199 1816 sed
2212 1782 2312 1816 etiam
2326 1775 2408 1825 ipsi.

1374 1851 1393 1874 e
1417 1841 1539 1884 quibus
1556 1841 1697 1874 felicitas
1718 1842 1867 1874 constare
1884 1843 2032 1883 putatur,
2051 1841 2140 1875 bona
2155 1842 2166 1885 (
2181 1841 2409 1875 fortitudinem

1374 1899 1449 1932 dico
1467 1901 1499 1932 et
1514 1899 1647 1932 divitias
1671 1900 1705 1932 et
1731 1899 1767 1932 id
1790 1908 1892 1941 genus
1912 1900 1996 1940 alia)
2015 1899 2131 1932 multis
2147 1901 2181 1932 et
2207 1899 2279 1942 ipsa
2306 1899 2413 1942 impli-
2478 1937 2479 1941 γ

1375 1960 1449 1991 cata
1489 1960 1567 1991 sunt
1594 1957 1780 1996 erroribus,
1811 1958 1891 2000 quia
1929 1958 2088 2002 plurimis.
2110 1966 2206 1991 noxoe
2238 1959 2273 1992 et
2299 1957 2411 1991 damni
2481 1957 2484 1965 ’

1376 2025 1474 2049 causa
1493 2015 1639 2049 fuerunt.
1683 2017 1758 2048 Jam
1776 2015 1863 2048 euim
1878 2015 2014 2058 quidam
2028 2017 2161 2058 propter
2181 2015 2334 2055 divitias,
2354 2016 2413 2049 alii

1375 2076 1508 2116 propter
1538 2073 1769 2107 fortitudinem
1801 2074 1979 2115 perierunt.
2022 2075 2109 2116 Ergo
2143 2074 2225 2108 satis
2253 2074 2319 2108 erit
2339 2100 2348 2114 ,
2383 2074 2412 2108 si

1375 2142 1480 2175 quum
1500 2134 1543 2165 de
1562 2133 1687 2165 talibus
1718 2132 1818 2165 rebus
1839 2134 2007 2165 eteorum
2031 2131 2095 2165 fine
2122 2132 2224 2165 verba
2247 2131 2409 2172 fadmus,

1376 2191 1488 2234 pingui
1506 2200 1682 2233 crassaque
1693 2191 1841 2224 Minerva
1852 2199 1970 2227 verum
1987 2190 2199 2224 ostendamus
2213 2216 2221 2230 ,
2235 2193 2271 2224 et
2281 2190 2413 2224 omnino

1381 2258 1487 2292 quum
1504 2250 1546 2283 de
1565 2249 1664 2282 rebus
1679 2258 1754 2291 quae
1774 2249 1969 2291 plerumque
1986 2249 2142 2282 eveniunt
2155 2258 2333 2292 earumque
2347 2249 2413 2283 fine

1376 2308 1632 2351 disputationem
1657 2308 1835 2346 hahemus,
1854 2308 1933 2341 talia
1955 2316 2088 2350 quoque
2104 2308 2349 2342 concludamus.

1419 2367 1512 2401 Sicut
1532 2368 1643 2399 autom
1661 2366 1720 2408 qui
1748 2365 1957 2408 prudentiam
1990 2365 2122 2398 civilem
2148 2365 2270 2409 tradit,
2292 2362 2427 2400 verita?

1376 2428 1444 2459 tem
1464 2435 1529 2458 non
1547 2427 1655 2467 potest
1684 2424 1832 2457 invenire
1852 2424 2088 2458 accuratiorem
2102 2449 2110 2465 ‚
2129 2433 2230 2467 quam
2254 2427 2412 2468 quantam

1375 2486 1513 2519 materia
1541 2485 1752 2527 suppeditat:
1780 2484 1827 2517 ita
1849 2486 1882 2517 et
1905 2484 1963 2526 qui
1987 2484 2029 2517 de
2046 2484 2169 2518 talibus
2185 2484 2412 2526 disputationi-

1375 2544 1438 2578 bus
1467 2543 1676 2585 judicaturus
1695 2543 1764 2581 est,
1796 2543 1886 2574 recte
1915 2543 1988 2574 tum
2015 2541 2148 2574 demum
2171 2541 2354 2584 judicabit,
2383 2542 2412 2575 si

1377 2603 1490 2636 eodem
1508 2602 1605 2634 modo
1621 2601 1795 2634 veritatem
1812 2609 1876 2633 non
1890 2599 2123 2633 accuratiorem
2142 2600 2296 2643 requirit,
2310 2609 2412 2643 quam

1376 2661 1514 2693 materia
1529 2659 1712 2702 permittit,
1733 2667 1871 2700 eamque
1885 2667 1961 2701 quae
1976 2658 2090 2692 haberi
2115 2660 2224 2700 potest
2238 2659 2410 2693 admittit:

1377 2720 1427 2751 est
1451 2719 1538 2751 enim
1566 2717 1708 2751 hominis
1734 2709 1873 2756 eruditi,
1898 2718 2025 2750 tantam
2048 2716 2082 2749 in
2100 2726 2298 2760 unoquoque
2317 2718 2412 2752 ‹lisci-

1376 2778 1474 2820 plinae
1492 2786 1607 2819 genere
1623 2776 1841 2809 subtilitatem
1857 2774 2051 2814 desiderare,
2072 2777 2229 2817 quantam
2242 2775 2289 2810 rei
2306 2776 2411 2819 ipsius

1376 2839 1495 2869 natura
1523 2835 1659 2878 patitur.
1704 2834 1863 2873 Quocirca
1893 2833 1928 2866 in
1949 2842 2007 2872 eo,
2033 2835 2072 2866 ut
2098 2834 2224 2867 dictum
2247 2836 2317 2874 est,
2343 2844 2411 2878 quo

1376 2894 1618 2927 mathematicae
1633 2894 1721 2925 artes
1746 2891 1932 2930 traduntur,
1953 2891 2035 2923 nihil
2055 2891 2165 2925 niiuus
2191 2892 2412 2928 necessarium

1377 2952 1531 2984 admittet
1549 2962 1557 2984 z
1578 2952 1613 2984 in
1641 2951 1754 2992 logicis
1772 2951 1885 2983 contra
1903 2949 2112 2992 physicisque
2127 2952 2186 2983 aut
2199 2951 2242 2984 iis
2256 2960 2335 2994 quae
2349 2952 2411 2986 ali-

1376 3013 1427 3043 ter
1458 3020 1492 3043 se
1521 3010 1658 3049 habent,
1679 3019 1744 3042 non
1767 3009 1857 3041 item.
1904 3011 1987 3040 Nam
2009 3017 2103 3050 aeque
2133 3009 2314 3044 absurdum
2339 3014 2407 3051 est,

1376 3069 1645 3102 mathematicum
1663 3067 1843 3110 probabilia
1858 3066 2020 3099 dicentem
2036 3067 2171 3100 laudare
2181 3069 2215 3101 et
2226 3069 2269 3102 ab
2281 3072 2411 3103 oratore

1377 3128 1668 3161 demonstrationes
1683 3127 1819 3168 exigere.
