<?xml version="1.0" encoding="UTF-8"?>
<!DOCTYPE html PUBLIC "-//W3C//DTD XHTML 1.0 Transitional//EN"
    "http://www.w3.org/TR/xhtml1/DTD/xhtml1-transitional.dtd">
<html xmlns="http://www.w3.org/1999/xhtml" xml:lang="en" lang="en">
 <head>
  <title>
</title>
<meta http-equiv="Content-Type" content="text/html;charset=utf-8" />
  <meta name='ocr-system' content='tesseract 3.04.00' />
  <meta name='ocr-capabilities' content='ocr_page ocr_carea ocr_par ocr_line ocrx_word'/>
</head>
<body>
  <div class='ocr_page' id='page_1' title='image "./fragmentaphiloso03mulluoft/fragmentaphiloso03mulluoft_0486.png"; bbox 0 0 2508 3776; ppageno 0'>
   <div class='ocr_carea' id='block_1_1' title="bbox 275 178 1311 319">
    <p class='ocr_par' dir='ltr' id='par_1_1' title="bbox 275 178 1311 319">
     <span class='ocr_line' id='line_1_1' title="bbox 275 178 354 216; baseline 0.013 -1"><span class='ocrx_word' id='word_1_1' title='bbox 275 178 354 216; x_wconf 77' lang='lat'><strong>470</strong></span> 
     </span>
     <span class='ocr_line' id='line_1_2' title="bbox 276 263 1311 319; baseline 0.006 -17"><span class='ocrx_word' id='word_1_2' title='bbox 276 267 370 317; x_wconf 81' lang='grc' dir='ltr'>ὁρμᾷ</span> <span class='ocrx_word' id='word_1_3' title='bbox 397 263 481 317; x_wconf 89' lang='grc' dir='ltr'>πρὸς</span> <span class='ocrx_word' id='word_1_4' title='bbox 500 263 563 311; x_wconf 83' lang='grc' dir='ltr'><strong>τὴν</strong></span> <span class='ocrx_word' id='word_1_5' title='bbox 595 263 780 318; x_wconf 83' lang='grc' dir='ltr'>τιμωρίαν.</span> <span class='ocrx_word' id='word_1_6' title='bbox 805 263 851 305; x_wconf 78' lang='lat'><strong>‘0</strong></span> <span class='ocrx_word' id='word_1_7' title='bbox 882 264 944 317; x_wconf 79' lang='grc' dir='ltr'><strong>μὲν</strong></span> <span class='ocrx_word' id='word_1_8' title='bbox 963 264 1031 317; x_wconf 83' lang='grc' dir='ltr'><strong>γὰρ</strong></span> <span class='ocrx_word' id='word_1_9' title='bbox 1053 267 1219 319; x_wconf 80' lang='grc' dir='ltr'>λογισμὸς</span> <span class='ocrx_word' id='word_1_10' title='bbox 1239 269 1261 317; x_wconf 83' lang='grc' dir='ltr'>ἢ</span> <span class='ocrx_word' id='word_1_11' title='bbox 1291 274 1311 318; x_wconf 86' lang='grc' dir='ltr'>ἡ</span> 
     </span>
    </p>
   </div>
   <div class='ocr_carea' id='block_1_2' title="bbox 260 318 1312 1571">
    <p class='ocr_par' dir='ltr' id='par_1_2' title="bbox 265 318 1312 1023">
     <span class='ocr_line' id='line_1_3' title="bbox 275 318 1311 378; baseline 0.006 -18"><span class='ocrx_word' id='word_1_12' title='bbox 275 322 447 377; x_wconf 73' lang='grc' dir='ltr'>φαντασία</span> <span class='ocrx_word' id='word_1_13' title='bbox 470 325 571 360; x_wconf 83' lang='grc' dir='ltr'>τοῦτο</span> <span class='ocrx_word' id='word_1_14' title='bbox 589 322 739 360; x_wconf 86' lang='grc' dir='ltr'>δείκνυσι</span> <span class='ocrx_word' id='word_1_15' title='bbox 772 323 898 372; x_wconf 87' lang='grc' dir='ltr'>μόνον,</span> <span class='ocrx_word' id='word_1_16' title='bbox 921 323 975 363; x_wconf 79' lang='grc' dir='ltr'><strong>ὅτι</strong></span> <span class='ocrx_word' id='word_1_17' title='bbox 997 318 1095 370; x_wconf 62' lang='grc' dir='ltr'>οὗτος</span> <span class='ocrx_word' id='word_1_18' title='bbox 1115 326 1267 378; x_wconf 65' lang='grc' dir='ltr'>ὑδρίζει,</span> <span class='ocrx_word' id='word_1_19' title='bbox 1289 327 1311 375; x_wconf 84' lang='grc' dir='ltr'>ἢ</span> 
     </span>
     <span class='ocr_line' id='line_1_4' title="bbox 274 378 1311 452; baseline 0.004 -32"><span class='ocrx_word' id='word_1_20' title='bbox 274 381 509 452; x_wconf 77' lang='grc' dir='ltr'>καταφρονεῖ,</span> <span class='ocrx_word' id='word_1_21' title='bbox 524 378 547 427; x_wconf 84' lang='grc' dir='ltr'>ἢ</span> <span class='ocrx_word' id='word_1_22' title='bbox 566 382 695 430; x_wconf 86' lang='grc' dir='ltr'>ζημιοῖ·</span> <span class='ocrx_word' id='word_1_23' title='bbox 718 383 736 419; x_wconf 86' lang='grc' dir='ltr'>ὁ</span> <span class='ocrx_word' id='word_1_24' title='bbox 759 381 794 420; x_wconf 81' lang='grc' dir='ltr'><strong>δὲ</strong></span> <span class='ocrx_word' id='word_1_25' title='bbox 814 382 985 431; x_wconf 67' lang='grc' dir='ltr'>θυμός,“’</span> <span class='ocrx_word' id='word_1_26' title='bbox 960 399 1080 437; x_wconf 89' lang='grc' dir='ltr'>ωσπερ</span> <span class='ocrx_word' id='word_1_27' title='bbox 1102 386 1311 437; x_wconf 87' lang='grc' dir='ltr'>συλλογισά-</span> 
     </span>
     <span class='ocr_line' id='line_1_5' title="bbox 273 439 1310 495; baseline 0.007 -20"><span class='ocrx_word' id='word_1_28' title='bbox 273 455 370 488; x_wconf 84' lang='grc' dir='ltr'>μενος</span> <span class='ocrx_word' id='word_1_29' title='bbox 387 439 437 476; x_wconf 82' lang='grc' dir='ltr'><strong>ὅτι</strong></span> <span class='ocrx_word' id='word_1_30' title='bbox 456 439 509 476; x_wconf 84' lang='grc' dir='ltr'><strong>δεῖ</strong></span> <span class='ocrx_word' id='word_1_31' title='bbox 522 440 572 476; x_wconf 87' lang='grc' dir='ltr'><strong>τῶ</strong></span> <span class='ocrx_word' id='word_1_32' title='bbox 591 439 736 477; x_wconf 82' lang='grc' dir='ltr'>τοιούτω</span> <span class='ocrx_word' id='word_1_33' title='bbox 764 442 954 490; x_wconf 85' lang='grc' dir='ltr'>πολεμεῖν,</span> <span class='ocrx_word' id='word_1_34' title='bbox 976 442 1076 488; x_wconf 80' lang='grc' dir='ltr'>εὐθυς</span> <span class='ocrx_word' id='word_1_35' title='bbox 1092 443 1310 495; x_wconf 79' lang='grc' dir='ltr'>χαλεπαίνει.</span> 
     </span>
     <span class='ocr_line' id='line_1_6' title="bbox 271 496 1311 555; baseline 0.005 -19"><span class='ocrx_word' id='word_1_36' title='bbox 271 497 375 536; x_wconf 87' lang='grc' dir='ltr'>Ούτω</span> <span class='ocrx_word' id='word_1_37' title='bbox 391 496 454 547; x_wconf 84' lang='grc' dir='ltr'><strong>μὲν</strong></span> <span class='ocrx_word' id='word_1_38' title='bbox 471 512 529 535; x_wconf 92' lang='grc' dir='ltr'><strong>ουν</strong></span> <span class='ocrx_word' id='word_1_39' title='bbox 549 499 567 535; x_wconf 84' lang='grc' dir='ltr'>ὁ</span> <span class='ocrx_word' id='word_1_40' title='bbox 585 497 691 547; x_wconf 87' lang='grc' dir='ltr'>θυμὸς</span> <span class='ocrx_word' id='word_1_41' title='bbox 712 497 833 537; x_wconf 77' lang='grc' dir='ltr'>ἕπεται</span> <span class='ocrx_word' id='word_1_42' title='bbox 856 499 949 538; x_wconf 82' lang='grc' dir='ltr'>κατά</span> <span class='ocrx_word' id='word_1_43' title='bbox 971 517 1004 539; x_wconf 90' lang='grc' dir='ltr'><strong>τι</strong></span> <span class='ocrx_word' id='word_1_44' title='bbox 1032 504 1083 554; x_wconf 82' lang='grc' dir='ltr'><strong>τῷ</strong></span> <span class='ocrx_word' id='word_1_45' title='bbox 1103 501 1208 555; x_wconf 89' lang='grc' dir='ltr'>λόγῳ</span> <span class='ocrx_word' id='word_1_46' title='bbox 1232 505 1252 549; x_wconf 90' lang='grc' dir='ltr'>ἡ</span> <span class='ocrx_word' id='word_1_47' title='bbox 1276 502 1311 541; x_wconf 83' lang='grc' dir='ltr'><strong>δὲ</strong></span> 
     </span>
     <span class='ocr_line' id='line_1_7' title="bbox 272 555 1312 612; baseline 0.006 -18"><span class='ocrx_word' id='word_1_48' title='bbox 272 556 457 605; x_wconf 80' lang='grc' dir='ltr'>ἐπιθυμία,</span> <span class='ocrx_word' id='word_1_49' title='bbox 478 555 538 594; x_wconf 86' lang='grc' dir='ltr'><strong>ἐὰν</strong></span> <span class='ocrx_word' id='word_1_50' title='bbox 565 555 667 604; x_wconf 89' lang='grc' dir='ltr'>μόνον</span> <span class='ocrx_word' id='word_1_51' title='bbox 700 556 781 610; x_wconf 87' lang='grc' dir='ltr'>εἴπῃ</span> <span class='ocrx_word' id='word_1_52' title='bbox 802 560 824 604; x_wconf 86' lang='grc' dir='ltr'>ἡ</span> <span class='ocrx_word' id='word_1_53' title='bbox 854 557 1032 611; x_wconf 83' lang='grc' dir='ltr'>αἴσθησις,</span> <span class='ocrx_word' id='word_1_54' title='bbox 1062 558 1121 606; x_wconf 83' lang='grc' dir='ltr'><strong>ἢὸ</strong></span> <span class='ocrx_word' id='word_1_55' title='bbox 1148 561 1312 612; x_wconf 87' lang='grc' dir='ltr'>λογισμὸς</span> 
     </span>
     <span class='ocr_line' id='line_1_8' title="bbox 270 614 1312 674; baseline 0.006 -22"><span class='ocrx_word' id='word_1_56' title='bbox 270 614 548 668; x_wconf 83' lang='grc' dir='ltr'>διεφθαρμένος</span> <span class='ocrx_word' id='word_1_57' title='bbox 535 615 603 653; x_wconf 82' lang='grc' dir='ltr'><strong>υπὸ</strong></span> <span class='ocrx_word' id='word_1_58' title='bbox 618 632 681 663; x_wconf 89' lang='grc' dir='ltr'><strong>της</strong></span> <span class='ocrx_word' id='word_1_59' title='bbox 700 616 892 665; x_wconf 85' lang='grc' dir='ltr'>αἰσθήσεως</span> <span class='ocrx_word' id='word_1_60' title='bbox 908 647 918 665; x_wconf 90' lang='grc'>,</span> <span class='ocrx_word' id='word_1_61' title='bbox 941 620 994 657; x_wconf 79' lang='grc' dir='ltr'><strong>ὅτι</strong></span> <span class='ocrx_word' id='word_1_62' title='bbox 1011 618 1088 657; x_wconf 87' lang='grc' dir='ltr'>τόδε</span> <span class='ocrx_word' id='word_1_63' title='bbox 1107 618 1196 667; x_wconf 87' lang='grc' dir='ltr'>ἡδύ,</span> <span class='ocrx_word' id='word_1_64' title='bbox 1219 621 1312 674; x_wconf 79' lang='grc' dir='ltr'>ὁρμᾷ</span> 
     </span>
     <span class='ocr_line' id='line_1_9' title="bbox 270 673 1311 727; baseline 0.006 -16"><span class='ocrx_word' id='word_1_65' title='bbox 270 673 366 717; x_wconf 81' lang='grc' dir='ltr'>εὐθυς</span> <span class='ocrx_word' id='word_1_66' title='bbox 387 690 472 726; x_wconf 91' lang='grc' dir='ltr'>προς</span> <span class='ocrx_word' id='word_1_67' title='bbox 493 674 557 721; x_wconf 80' lang='grc' dir='ltr'><strong>τὴν</strong></span> <span class='ocrx_word' id='word_1_68' title='bbox 587 675 789 714; x_wconf 86' lang='grc' dir='ltr'>ἀπόλαυσιν·</span> <span class='ocrx_word' id='word_1_69' title='bbox 819 675 903 714; x_wconf 89' lang='grc' dir='ltr'>ωσθ’</span> <span class='ocrx_word' id='word_1_70' title='bbox 924 678 942 714; x_wconf 85' lang='grc' dir='ltr'>ὁ</span> <span class='ocrx_word' id='word_1_71' title='bbox 959 675 1020 727; x_wconf 83' lang='grc' dir='ltr'><strong>μὲν</strong></span> <span class='ocrx_word' id='word_1_72' title='bbox 1036 676 1140 727; x_wconf 86' lang='grc' dir='ltr'>θυμὸς</span> <span class='ocrx_word' id='word_1_73' title='bbox 1168 678 1311 717; x_wconf 87' lang='grc' dir='ltr'>ἀκολου-</span> 
     </span>
     <span class='ocr_line' id='line_1_10' title="bbox 269 734 1306 789; baseline 0.007 -19"><span class='ocrx_word' id='word_1_74' title='bbox 269 735 321 770; x_wconf 88' lang='grc' dir='ltr'><strong>θεῖ</strong></span> <span class='ocrx_word' id='word_1_75' title='bbox 343 749 391 786; x_wconf 89' lang='grc' dir='ltr'><strong>τῳ</strong></span> <span class='ocrx_word' id='word_1_76' title='bbox 416 734 509 787; x_wconf 86' lang='grc' dir='ltr'>λόγῳ</span> <span class='ocrx_word' id='word_1_77' title='bbox 525 749 620 783; x_wconf 88' lang='grc' dir='ltr'>πως,</span> <span class='ocrx_word' id='word_1_78' title='bbox 643 737 664 781; x_wconf 85' lang='grc' dir='ltr'>ἡ</span> <span class='ocrx_word' id='word_1_79' title='bbox 684 734 719 773; x_wconf 83' lang='grc' dir='ltr'><strong>δὲ</strong></span> <span class='ocrx_word' id='word_1_80' title='bbox 737 734 903 786; x_wconf 85' lang='grc' dir='ltr'>ἐπιθυμία</span> <span class='ocrx_word' id='word_1_81' title='bbox 919 735 970 775; x_wconf 86' lang='grc' dir='ltr'><strong>οὔ.</strong></span> <span class='ocrx_word' id='word_1_82' title='bbox 990 736 1148 789; x_wconf 89' lang='grc' dir='ltr'>Αἷσχίων</span> <span class='ocrx_word' id='word_1_83' title='bbox 1170 741 1229 776; x_wconf 83' lang='grc' dir='ltr'><strong>οὖν</strong></span> <span class='ocrx_word' id='word_1_84' title='bbox 1250 737 1306 777; x_wconf 84' lang='grc' dir='ltr'><strong>διὰ</strong></span> 
     </span>
     <span class='ocr_line' id='line_1_11' title="bbox 266 792 1306 849; baseline 0.006 -19"><span class='ocrx_word' id='word_1_85' title='bbox 266 795 367 831; x_wconf 87' lang='grc' dir='ltr'>τοῦτο</span> <span class='ocrx_word' id='word_1_86' title='bbox 389 795 406 831; x_wconf 87' lang='grc' dir='ltr'>ὁ</span> <span class='ocrx_word' id='word_1_87' title='bbox 424 794 509 846; x_wconf 82' lang='grc' dir='ltr'>πρὸς</span> <span class='ocrx_word' id='word_1_88' title='bbox 531 792 592 839; x_wconf 87' lang='grc' dir='ltr'><strong>τὴν</strong></span> <span class='ocrx_word' id='word_1_89' title='bbox 614 794 798 844; x_wconf 84' lang='grc' dir='ltr'>ἐπιθυμίαν</span> <span class='ocrx_word' id='word_1_90' title='bbox 823 795 977 847; x_wconf 82' lang='grc' dir='ltr'>ἀκρατὴς</span> <span class='ocrx_word' id='word_1_91' title='bbox 991 799 1054 834; x_wconf 87' lang='grc' dir='ltr'><strong>τοῦ</strong></span> <span class='ocrx_word' id='word_1_92' title='bbox 1073 796 1158 849; x_wconf 88' lang='grc' dir='ltr'>πρὸς</span> <span class='ocrx_word' id='word_1_93' title='bbox 1185 797 1306 848; x_wconf 87' lang='grc' dir='ltr'>θυμόν·</span> 
     </span>
     <span class='ocr_line' id='line_1_12' title="bbox 266 852 1306 909; baseline 0.006 -19"><span class='ocrx_word' id='word_1_94' title='bbox 266 855 284 890; x_wconf 83' lang='grc' dir='ltr'>ὁ</span> <span class='ocrx_word' id='word_1_95' title='bbox 305 852 366 901; x_wconf 83' lang='grc' dir='ltr'><strong>μὲν</strong></span> <span class='ocrx_word' id='word_1_96' title='bbox 387 852 453 905; x_wconf 81' lang='grc' dir='ltr'><strong>γὰρ</strong></span> <span class='ocrx_word' id='word_1_97' title='bbox 483 852 638 906; x_wconf 86' lang='grc' dir='ltr'>ἀκρατὴς</span> <span class='ocrx_word' id='word_1_98' title='bbox 668 857 727 892; x_wconf 85' lang='grc' dir='ltr'><strong>τοῦ</strong></span> <span class='ocrx_word' id='word_1_99' title='bbox 761 858 869 906; x_wconf 89' lang='grc' dir='ltr'>θυμοῦ</span> <span class='ocrx_word' id='word_1_100' title='bbox 899 857 1081 908; x_wconf 87' lang='grc' dir='ltr'>κρατεῖται</span> <span class='ocrx_word' id='word_1_101' title='bbox 1114 855 1182 895; x_wconf 79' lang='grc' dir='ltr'>ὑπὸ</span> <span class='ocrx_word' id='word_1_102' title='bbox 1202 856 1306 909; x_wconf 84' lang='grc' dir='ltr'>λόγου</span> 
     </span>
     <span class='ocr_line' id='line_1_13' title="bbox 266 911 1308 968; baseline 0.007 -19"><span class='ocrx_word' id='word_1_103' title='bbox 266 911 393 963; x_wconf 82' lang='grc' dir='ltr'>τρόπον</span> <span class='ocrx_word' id='word_1_104' title='bbox 418 912 515 961; x_wconf 85' lang='grc' dir='ltr'>τινά,</span> <span class='ocrx_word' id='word_1_105' title='bbox 545 915 563 950; x_wconf 85' lang='grc' dir='ltr'><strong>ὁ</strong></span> <span class='ocrx_word' id='word_1_106' title='bbox 584 911 620 951; x_wconf 83' lang='grc' dir='ltr'><strong>δὲ</strong></span> <span class='ocrx_word' id='word_1_107' title='bbox 651 915 713 960; x_wconf 79' lang='grc' dir='ltr'><strong>τῆς</strong></span> <span class='ocrx_word' id='word_1_108' title='bbox 741 913 924 965; x_wconf 81' lang='grc' dir='ltr'>ἐπιθυμίας</span> <span class='ocrx_word' id='word_1_109' title='bbox 960 914 1116 968; x_wconf 79' lang='grc' dir='ltr'>ἀκρατὴς</span> <span class='ocrx_word' id='word_1_110' title='bbox 1148 915 1215 956; x_wconf 77' lang='grc' dir='ltr'>ὑπὸ</span> <span class='ocrx_word' id='word_1_111' title='bbox 1246 919 1308 964; x_wconf 79' lang='grc' dir='ltr'><strong>τῆς</strong></span> 
     </span>
     <span class='ocr_line' id='line_1_14' title="bbox 265 970 657 1023; baseline 0.008 -16"><span class='ocrx_word' id='word_1_112' title='bbox 265 970 446 1020; x_wconf 83' lang='grc' dir='ltr'>ἐπιθυμίας</span> <span class='ocrx_word' id='word_1_113' title='bbox 465 977 657 1023; x_wconf 86' lang='grc' dir='ltr'>κρατεῖται.</span> 
     </span>
    </p>

    <p class='ocr_par' dir='ltr' id='par_1_3' title="bbox 260 1027 1306 1555">
     <span class='ocr_line' id='line_1_15' title="bbox 320 1027 1304 1093; baseline 0.006 -27"><span class='ocrx_word' id='word_1_114' title='bbox 320 1030 338 1048; x_wconf 69' lang='lat'><em>*</em></span> <span class='ocrx_word' id='word_1_115' title='bbox 373 1027 455 1068; x_wconf 77' lang='grc' dir='ltr'>’Ἔτι</span> <span class='ocrx_word' id='word_1_116' title='bbox 493 1034 570 1073; x_wconf 90' lang='grc' dir='ltr'>ταῖς</span> <span class='ocrx_word' id='word_1_117' title='bbox 591 1031 726 1080; x_wconf 84' lang='grc' dir='ltr'>μᾶλλον</span> <span class='ocrx_word' id='word_1_118' title='bbox 750 1037 910 1084; x_wconf 82' lang='grc' dir='ltr'>φυσικαῖς</span> <span class='ocrx_word' id='word_1_119' title='bbox 931 1031 1083 1093; x_wconf 80' lang='grc' dir='ltr'>ὀρέξεσιν</span> <span class='ocrx_word' id='word_1_120' title='bbox 1106 1034 1304 1074; x_wconf 83' lang='grc' dir='ltr'>ἀκολουθεῖν</span> 
     </span>
     <span class='ocr_line' id='line_1_16' title="bbox 265 1088 1304 1145; baseline 0.006 -20"><span class='ocrx_word' id='word_1_121' title='bbox 265 1088 470 1141; x_wconf 87' lang='grc' dir='ltr'>κουφότερον</span> <span class='ocrx_word' id='word_1_122' title='bbox 505 1088 611 1126; x_wconf 82' lang='grc' dir='ltr'>κακὸν</span> <span class='ocrx_word' id='word_1_123' title='bbox 646 1093 705 1129; x_wconf 87' lang='grc' dir='ltr'><strong>τοῦ</strong></span> <span class='ocrx_word' id='word_1_124' title='bbox 738 1091 883 1129; x_wconf 82' lang='grc' dir='ltr'>ἕπεσθαι</span> <span class='ocrx_word' id='word_1_125' title='bbox 904 1096 979 1135; x_wconf 89' lang='grc' dir='ltr'>ταῖς</span> <span class='ocrx_word' id='word_1_126' title='bbox 998 1095 1101 1139; x_wconf 86' lang='grc' dir='ltr'>ἡττον</span> <span class='ocrx_word' id='word_1_127' title='bbox 1129 1096 1304 1145; x_wconf 83' lang='grc' dir='ltr'>φυσικαῖς·</span> 
     </span>
     <span class='ocr_line' id='line_1_17' title="bbox 264 1146 1305 1202; baseline 0.007 -19"><span class='ocrx_word' id='word_1_128' title='bbox 264 1148 396 1196; x_wconf 82' lang='grc' dir='ltr'>μᾶλλον</span> <span class='ocrx_word' id='word_1_129' title='bbox 413 1147 478 1199; x_wconf 90' lang='grc' dir='ltr'><strong>γὰρ</strong></span> <span class='ocrx_word' id='word_1_130' title='bbox 508 1146 662 1192; x_wconf 78' lang='grc' dir='ltr'>ἀξιοῦται</span> <span class='ocrx_word' id='word_1_131' title='bbox 682 1149 723 1188; x_wconf 84' lang='grc' dir='ltr'><strong>τὸ</strong></span> <span class='ocrx_word' id='word_1_132' title='bbox 751 1153 905 1188; x_wconf 87' lang='grc' dir='ltr'>τοιοῦτον</span> <span class='ocrx_word' id='word_1_133' title='bbox 929 1150 1149 1202; x_wconf 83' lang='grc' dir='ltr'>συγγνώμης·</span> <span class='ocrx_word' id='word_1_134' title='bbox 1177 1152 1267 1191; x_wconf 77' lang='grc' dir='ltr'>ἀλλὰ</span> <span class='ocrx_word' id='word_1_135' title='bbox 1283 1155 1305 1199; x_wconf 90' lang='grc' dir='ltr'>ἡ</span> 
     </span>
     <span class='ocr_line' id='line_1_18' title="bbox 263 1207 1306 1263; baseline 0.006 -19"><span class='ocrx_word' id='word_1_136' title='bbox 263 1210 321 1245; x_wconf 90' lang='grc' dir='ltr'><strong>τοῦ</strong></span> <span class='ocrx_word' id='word_1_137' title='bbox 344 1209 454 1254; x_wconf 87' lang='grc' dir='ltr'>Θυμοῦ</span> <span class='ocrx_word' id='word_1_138' title='bbox 482 1207 635 1259; x_wconf 89' lang='grc' dir='ltr'>ἀκρασία</span> <span class='ocrx_word' id='word_1_139' title='bbox 671 1208 905 1261; x_wconf 85' lang='grc' dir='ltr'>φυσικώτερον</span> <span class='ocrx_word' id='word_1_140' title='bbox 937 1225 998 1256; x_wconf 88' lang='grc' dir='ltr'><strong>της</strong></span> <span class='ocrx_word' id='word_1_141' title='bbox 1028 1209 1200 1263; x_wconf 83' lang='grc' dir='ltr'>ἀκρασίας</span> <span class='ocrx_word' id='word_1_142' title='bbox 1237 1214 1306 1250; x_wconf 86' lang='grc' dir='ltr'><strong>τῶν</strong></span> 
     </span>
     <span class='ocr_line' id='line_1_19' title="bbox 263 1264 1306 1318; baseline 0.005 -16"><span class='ocrx_word' id='word_1_143' title='bbox 263 1267 466 1315; x_wconf 80' lang='grc' dir='ltr'>ἐπιθυμιῶν·</span> <span class='ocrx_word' id='word_1_144' title='bbox 501 1264 592 1317; x_wconf 84' lang='grc' dir='ltr'>λέγω</span> <span class='ocrx_word' id='word_1_145' title='bbox 625 1266 661 1304; x_wconf 84' lang='grc' dir='ltr'><strong>δὲ</strong></span> <span class='ocrx_word' id='word_1_146' title='bbox 681 1282 748 1304; x_wconf 87' lang='grc' dir='ltr'><strong>των</strong></span> <span class='ocrx_word' id='word_1_147' title='bbox 789 1266 837 1316; x_wconf 84' lang='grc' dir='ltr'><strong>μὴ</strong></span> <span class='ocrx_word' id='word_1_148' title='bbox 879 1266 1076 1318; x_wconf 86' lang='grc' dir='ltr'>ἀναγκαίων</span> <span class='ocrx_word' id='word_1_149' title='bbox 1113 1270 1306 1318; x_wconf 86' lang='grc' dir='ltr'>ἐπιθυμιῶν</span> 
     </span>
     <span class='ocr_line' id='line_1_20' title="bbox 263 1318 1304 1395; baseline 0.004 -34"><span class='ocrx_word' id='word_1_150' title='bbox 263 1323 339 1364; x_wconf 83' lang='grc' dir='ltr'>καὶ,</span> <span class='ocrx_word' id='word_1_151' title='bbox 344 1340 411 1362; x_wconf 89' lang='grc' dir='ltr'><strong>των</strong></span> <span class='ocrx_word' id='word_1_152' title='bbox 431 1324 727 1395; x_wconf 73' lang='grc' dir='ltr'>υπερὸαλλουσῶν</span> <span class='ocrx_word' id='word_1_153' title='bbox 745 1356 755 1373; x_wconf 92' lang='grc'>,</span> <span class='ocrx_word' id='word_1_154' title='bbox 788 1318 858 1363; x_wconf 65' lang='grc' dir='ltr'>οἷον</span> <span class='ocrx_word' id='word_1_155' title='bbox 886 1325 1078 1378; x_wconf 80' lang='grc' dir='ltr'>χρημάτων</span> <span class='ocrx_word' id='word_1_156' title='bbox 1111 1326 1168 1365; x_wconf 82' lang='grc' dir='ltr'><strong>καὶ</strong></span> <span class='ocrx_word' id='word_1_157' title='bbox 1196 1327 1304 1375; x_wconf 85' lang='grc' dir='ltr'>δόξης·</span> 
     </span>
     <span class='ocr_line' id='line_1_21' title="bbox 261 1381 1305 1437; baseline 0.004 -17"><span class='ocrx_word' id='word_1_158' title='bbox 261 1381 351 1421; x_wconf 82' lang='grc' dir='ltr'>ὥστε</span> <span class='ocrx_word' id='word_1_159' title='bbox 387 1383 609 1435; x_wconf 85' lang='grc' dir='ltr'>ἀνεκτότερον</span> <span class='ocrx_word' id='word_1_160' title='bbox 643 1383 751 1422; x_wconf 84' lang='grc' dir='ltr'>κακὸν</span> <span class='ocrx_word' id='word_1_161' title='bbox 783 1386 803 1430; x_wconf 86' lang='grc' dir='ltr'>ἠ</span> <span class='ocrx_word' id='word_1_162' title='bbox 838 1388 896 1422; x_wconf 85' lang='grc' dir='ltr'><strong>τοῦ</strong></span> <span class='ocrx_word' id='word_1_163' title='bbox 921 1388 1031 1435; x_wconf 90' lang='grc' dir='ltr'>θυμοῦ</span> <span class='ocrx_word' id='word_1_164' title='bbox 1066 1386 1219 1437; x_wconf 87' lang='grc' dir='ltr'>ἀκρασία</span> <span class='ocrx_word' id='word_1_165' title='bbox 1245 1390 1305 1435; x_wconf 78' lang='grc' dir='ltr'><strong>τῆς</strong></span> 
     </span>
     <span class='ocr_line' id='line_1_22' title="bbox 261 1439 1303 1497; baseline 0.005 -19"><span class='ocrx_word' id='word_1_166' title='bbox 261 1442 329 1478; x_wconf 85' lang='grc' dir='ltr'><strong>τῶν</strong></span> <span class='ocrx_word' id='word_1_167' title='bbox 347 1442 537 1492; x_wconf 85' lang='grc' dir='ltr'>ἐπιθυμιῶν</span> <span class='ocrx_word' id='word_1_168' title='bbox 549 1470 559 1489; x_wconf 88' lang='grc'>,</span> <span class='ocrx_word' id='word_1_169' title='bbox 582 1439 634 1480; x_wconf 80' lang='grc' dir='ltr'><strong>ὅτι</strong></span> <span class='ocrx_word' id='word_1_170' title='bbox 649 1442 684 1479; x_wconf 82' lang='grc' dir='ltr'><strong>δὲ</strong></span> <span class='ocrx_word' id='word_1_171' title='bbox 700 1442 739 1480; x_wconf 85' lang='grc' dir='ltr'><strong>τὸ</strong></span> <span class='ocrx_word' id='word_1_172' title='bbox 757 1443 890 1492; x_wconf 79' lang='grc' dir='ltr'>μᾶλλον</span> <span class='ocrx_word' id='word_1_173' title='bbox 908 1442 1052 1496; x_wconf 88' lang='grc' dir='ltr'>φυσικὸν</span> <span class='ocrx_word' id='word_1_174' title='bbox 1070 1445 1203 1493; x_wconf 85' lang='grc' dir='ltr'>μᾶλλον</span> <span class='ocrx_word' id='word_1_175' title='bbox 1221 1460 1303 1497; x_wconf 90' lang='grc' dir='ltr'>συγ-</span> 
     </span>
     <span class='ocr_line' id='line_1_23' title="bbox 260 1498 1304 1571; baseline 0.01 -36"><span class='ocrx_word' id='word_1_176' title='bbox 260 1498 433 1550; x_wconf 86' lang='grc' dir='ltr'>γνωστόν,</span> <span class='ocrx_word' id='word_1_177' title='bbox 464 1499 584 1545; x_wconf 80' lang='grc' dir='ltr'>δῆλον.</span> <span class='ocrx_word' id='word_1_178' title='bbox 618 1499 898 1571; x_wconf 80' lang='grc' dir='ltr'>Εγκαλούμενρς</span> <span class='ocrx_word' id='word_1_179' title='bbox 928 1501 997 1555; x_wconf 84' lang='grc' dir='ltr'><strong>γάρ</strong></span> <span class='ocrx_word' id='word_1_180' title='bbox 1025 1518 1076 1547; x_wconf 87' lang='grc' dir='ltr'><strong>τις</strong></span> <span class='ocrx_word' id='word_1_181' title='bbox 1111 1503 1163 1542; x_wconf 81' lang='grc' dir='ltr'><strong>ὅτι</strong></span> <span class='ocrx_word' id='word_1_182' title='bbox 1184 1505 1304 1545; x_wconf 83' lang='grc' dir='ltr'>τύπτει</span> 
     </span>
    </p>
   </div>
   <div class='ocr_carea' id='block_1_3' title="bbox 258 1556 1308 1613">
    <p class='ocr_par' dir='ltr' id='par_1_4' title="bbox 258 1556 1308 1613">
     <span class='ocr_line' id='line_1_24' title="bbox 258 1556 1308 1613; baseline 0.01 -20"><span class='ocrx_word' id='word_1_183' title='bbox 258 1556 315 1594; x_wconf 84' lang='grc' dir='ltr'><strong>τὸν</strong></span> <span class='ocrx_word' id='word_1_184' title='bbox 334 1556 495 1610; x_wconf 83' lang='grc' dir='ltr'>πατέρα,</span> <span class='ocrx_word' id='word_1_185' title='bbox 523 1558 726 1610; x_wconf 84' lang='grc' dir='ltr'>ἀπελογεῖτο</span> <span class='ocrx_word' id='word_1_186' title='bbox 756 1559 899 1611; x_wconf 83' lang='grc' dir='ltr'>φυσικὸν</span> <span class='ocrx_word' id='word_1_187' title='bbox 921 1560 1016 1613; x_wconf 76' lang='grc' dir='ltr'>αὐτῷ</span> <span class='ocrx_word' id='word_1_188' title='bbox 1048 1564 1135 1599; x_wconf 82' lang='grc' dir='ltr'>εἶναι</span> <span class='ocrx_word' id='word_1_189' title='bbox 1160 1562 1219 1601; x_wconf 84' lang='grc' dir='ltr'><strong>τὸν</strong></span> <span class='ocrx_word' id='word_1_190' title='bbox 1240 1566 1297 1602; x_wconf 91' lang='grc' dir='ltr'>θυ</span> <span class='ocrx_word' id='word_1_191' title='bbox 1303 1604 1308 1605; x_wconf 22' lang='lat'><em>⁷</em></span> 
     </span>
    </p>
   </div>
   <div class='ocr_carea' id='block_1_4' title="bbox 249 1616 1302 3322">
    <p class='ocr_par' dir='ltr' id='par_1_5' title="bbox 249 1616 1302 3322">
     <span class='ocr_line' id='line_1_25' title="bbox 259 1616 1302 1688; baseline 0.008 -35"><span class='ocrx_word' id='word_1_192' title='bbox 259 1631 322 1687; x_wconf 77' lang='grc' dir='ltr'><strong>μρν</strong></span> <span class='ocrx_word' id='word_1_193' title='bbox 340 1616 397 1653; x_wconf 83' lang='grc' dir='ltr'><strong>τὸν</strong></span> <span class='ocrx_word' id='word_1_194' title='bbox 418 1620 569 1655; x_wconf 88' lang='grc' dir='ltr'>τοιοῦτον</span> <span class='ocrx_word' id='word_1_195' title='bbox 584 1647 596 1688; x_wconf 77' lang='grc'>,</span> <span class='ocrx_word' id='word_1_196' title='bbox 626 1617 684 1655; x_wconf 74' lang='grc' dir='ltr'><strong>καὶ</strong></span> <span class='ocrx_word' id='word_1_197' title='bbox 704 1616 765 1663; x_wconf 88' lang='grc' dir='ltr'><strong>τὴν</strong></span> <span class='ocrx_word' id='word_1_198' title='bbox 786 1617 866 1669; x_wconf 77' lang='grc' dir='ltr'>περὶ</span> <span class='ocrx_word' id='word_1_199' title='bbox 900 1618 1004 1667; x_wconf 80' lang='grc' dir='ltr'>αὗτὸν</span> <span class='ocrx_word' id='word_1_200' title='bbox 1026 1621 1223 1673; x_wconf 78' lang='grc' dir='ltr'>ἀκρασίαν,</span> <span class='ocrx_word' id='word_1_201' title='bbox 1243 1622 1302 1661; x_wconf 81' lang='grc' dir='ltr'><strong>καὶ</strong></span> 
     </span>
     <span class='ocr_line' id='line_1_26' title="bbox 256 1672 1300 1746; baseline 0.009 -36"><span class='ocrx_word' id='word_1_202' title='bbox 256 1674 323 1746; x_wconf 82' lang='grc' dir='ltr'><strong>γὰρ</strong></span> <span class='ocrx_word' id='word_1_203' title='bbox 346 1676 406 1712; x_wconf 84' lang='grc' dir='ltr'><strong>καὶ</strong></span> <span class='ocrx_word' id='word_1_204' title='bbox 430 1674 487 1712; x_wconf 81' lang='grc' dir='ltr'><strong>τὸν</strong></span> <span class='ocrx_word' id='word_1_205' title='bbox 505 1674 641 1727; x_wconf 80' lang='grc' dir='ltr'>πατέρα</span> <span class='ocrx_word' id='word_1_206' title='bbox 664 1677 769 1714; x_wconf 78' lang='grc' dir='ltr'>αὐτοῦ</span> <span class='ocrx_word' id='word_1_207' title='bbox 784 1680 938 1715; x_wconf 86' lang='grc' dir='ltr'>τοιοῦτον</span> <span class='ocrx_word' id='word_1_208' title='bbox 959 1672 1049 1717; x_wconf 80' lang='grc' dir='ltr'>εἶναι</span> <span class='ocrx_word' id='word_1_209' title='bbox 1070 1680 1300 1732; x_wconf 85' lang='grc' dir='ltr'>πατραλοίαν,</span> 
     </span>
     <span class='ocr_line' id='line_1_27' title="bbox 256 1733 1302 1788; baseline 0.009 -18"><span class='ocrx_word' id='word_1_210' title='bbox 256 1733 314 1771; x_wconf 82' lang='grc' dir='ltr'><strong>καὶ</strong></span> <span class='ocrx_word' id='word_1_211' title='bbox 332 1734 383 1772; x_wconf 87' lang='grc' dir='ltr'><strong>ἔτι</strong></span> <span class='ocrx_word' id='word_1_212' title='bbox 399 1733 456 1772; x_wconf 83' lang='grc' dir='ltr'><strong>τὸν</strong></span> <span class='ocrx_word' id='word_1_213' title='bbox 473 1733 640 1783; x_wconf 75' lang='grc' dir='ltr'>πάππον,</span> <span class='ocrx_word' id='word_1_214' title='bbox 663 1751 723 1772; x_wconf 89' lang='grc' dir='ltr'><strong>και</strong></span> <span class='ocrx_word' id='word_1_215' title='bbox 741 1735 798 1774; x_wconf 81' lang='grc' dir='ltr'><strong>τὸν</strong></span> <span class='ocrx_word' id='word_1_216' title='bbox 822 1737 946 1775; x_wconf 81' lang='grc' dir='ltr'>ἑαυτοῦ</span> <span class='ocrx_word' id='word_1_217' title='bbox 963 1737 1038 1775; x_wconf 85' lang='grc' dir='ltr'>υιὸν</span> <span class='ocrx_word' id='word_1_218' title='bbox 1059 1737 1221 1788; x_wconf 85' lang='grc' dir='ltr'>ἔσεσθαι,</span> <span class='ocrx_word' id='word_1_219' title='bbox 1241 1740 1302 1780; x_wconf 80' lang='grc' dir='ltr'><strong>καὶ</strong></span> 
     </span>
     <span class='ocr_line' id='line_1_28' title="bbox 254 1792 1300 1847; baseline 0.009 -17"><span class='ocrx_word' id='word_1_220' title='bbox 254 1792 441 1840; x_wconf 82' lang='grc' dir='ltr'>τυπτήσειν</span> <span class='ocrx_word' id='word_1_221' title='bbox 465 1793 570 1832; x_wconf 79' lang='grc' dir='ltr'>αὐτὸν</span> <span class='ocrx_word' id='word_1_222' title='bbox 590 1793 730 1832; x_wconf 83' lang='grc' dir='ltr'>ἐπειδὰν</span> <span class='ocrx_word' id='word_1_223' title='bbox 751 1793 838 1847; x_wconf 85' lang='grc' dir='ltr'>ἀνὴρ</span> <span class='ocrx_word' id='word_1_224' title='bbox 863 1799 1019 1847; x_wconf 86' lang='grc' dir='ltr'>γένηται·</span> <span class='ocrx_word' id='word_1_225' title='bbox 1047 1798 1108 1836; x_wconf 88' lang='grc' dir='ltr'><strong>καί</strong></span> <span class='ocrx_word' id='word_1_226' title='bbox 1127 1814 1176 1843; x_wconf 87' lang='grc' dir='ltr'><strong>τις</strong></span> <span class='ocrx_word' id='word_1_227' title='bbox 1197 1800 1300 1839; x_wconf 79' lang='grc' dir='ltr'>ἑλκό-</span> 
     </span>
     <span class='ocr_line' id='line_1_29' title="bbox 257 1851 1301 1910; baseline 0.008 -21"><span class='ocrx_word' id='word_1_228' title='bbox 257 1867 357 1900; x_wconf 90' lang='grc' dir='ltr'>μενος</span> <span class='ocrx_word' id='word_1_229' title='bbox 377 1851 445 1890; x_wconf 81' lang='grc' dir='ltr'>ὑπὸ</span> <span class='ocrx_word' id='word_1_230' title='bbox 464 1855 524 1891; x_wconf 85' lang='grc' dir='ltr'><strong>τοῦ</strong></span> <span class='ocrx_word' id='word_1_231' title='bbox 544 1854 619 1891; x_wconf 82' lang='grc' dir='ltr'>υἱοῦ</span> <span class='ocrx_word' id='word_1_232' title='bbox 645 1853 802 1892; x_wconf 81' lang='grc' dir='ltr'>ἐκέλευεν</span> <span class='ocrx_word' id='word_1_233' title='bbox 825 1854 928 1893; x_wconf 82' lang='grc' dir='ltr'>αὐτὸν</span> <span class='ocrx_word' id='word_1_234' title='bbox 962 1855 1044 1908; x_wconf 83' lang='grc' dir='ltr'>πρὸς</span> <span class='ocrx_word' id='word_1_235' title='bbox 1078 1857 1151 1902; x_wconf 88' lang='grc' dir='ltr'>ταῖς</span> <span class='ocrx_word' id='word_1_236' title='bbox 1182 1858 1301 1910; x_wconf 86' lang='grc' dir='ltr'>θύραις</span> 
     </span>
     <span class='ocr_line' id='line_1_30' title="bbox 254 1911 1298 1966; baseline 0.009 -18"><span class='ocrx_word' id='word_1_237' title='bbox 254 1911 440 1951; x_wconf 78' lang='grc' dir='ltr'>παύεσθαι.</span> <span class='ocrx_word' id='word_1_238' title='bbox 463 1911 533 1951; x_wconf 76' lang='grc' dir='ltr'><strong>Καὶ</strong></span> <span class='ocrx_word' id='word_1_239' title='bbox 549 1912 618 1964; x_wconf 85' lang='grc' dir='ltr'><strong>γὰρ</strong></span> <span class='ocrx_word' id='word_1_240' title='bbox 636 1912 705 1965; x_wconf 83' lang='grc' dir='ltr'><strong>ἐγὼ</strong></span> <span class='ocrx_word' id='word_1_241' title='bbox 725 1913 782 1953; x_wconf 86' lang='grc' dir='ltr'><strong>τὸν</strong></span> <span class='ocrx_word' id='word_1_242' title='bbox 804 1914 939 1966; x_wconf 85' lang='grc' dir='ltr'>πατέρα</span> <span class='ocrx_word' id='word_1_243' title='bbox 954 1915 1012 1954; x_wconf 85' lang='grc' dir='ltr'><strong>τὸν</strong></span> <span class='ocrx_word' id='word_1_244' title='bbox 1035 1916 1119 1966; x_wconf 83' lang='grc' dir='ltr'>ἐμὸν</span> <span class='ocrx_word' id='word_1_245' title='bbox 1138 1916 1298 1966; x_wconf 76' lang='grc' dir='ltr'>εἵλκυσα,</span> 
     </span>
     <span class='ocr_line' id='line_1_31' title="bbox 254 1969 1298 2027; baseline 0.007 -20"><span class='ocrx_word' id='word_1_246' title='bbox 254 1970 358 2022; x_wconf 88' lang='grc' dir='ltr'>φησί,</span> <span class='ocrx_word' id='word_1_247' title='bbox 379 1969 510 2023; x_wconf 77' lang='grc' dir='ltr'>μέχρις</span> <span class='ocrx_word' id='word_1_248' title='bbox 525 1973 686 2010; x_wconf 85' lang='grc' dir='ltr'>ἐνταῦθα·</span> <span class='ocrx_word' id='word_1_249' title='bbox 708 1971 869 2025; x_wconf 84' lang='grc' dir='ltr'>φαίνεται</span> <span class='ocrx_word' id='word_1_250' title='bbox 892 1972 1004 2011; x_wconf 86' lang='grc' dir='ltr'>τοίνυν</span> <span class='ocrx_word' id='word_1_251' title='bbox 1030 1973 1082 2012; x_wconf 80' lang='grc' dir='ltr'><strong>ὅτι</strong></span> <span class='ocrx_word' id='word_1_252' title='bbox 1108 1975 1298 2027; x_wconf 88' lang='grc' dir='ltr'>ἀπολογίαν</span> 
     </span>
     <span class='ocr_line' id='line_1_32' title="bbox 254 2028 1296 2086; baseline 0.006 -20"><span class='ocrx_word' id='word_1_253' title='bbox 254 2028 331 2066; x_wconf 87' lang='grc' dir='ltr'>τινὰ</span> <span class='ocrx_word' id='word_1_254' title='bbox 351 2028 472 2067; x_wconf 88' lang='grc' dir='ltr'>δίδωσι</span> <span class='ocrx_word' id='word_1_255' title='bbox 495 2030 566 2073; x_wconf 85' lang='grc' dir='ltr'>τοῖς</span> <span class='ocrx_word' id='word_1_256' title='bbox 585 2031 765 2082; x_wconf 77' lang='grc' dir='ltr'>αἰσχροῖς,</span> <span class='ocrx_word' id='word_1_257' title='bbox 795 2031 835 2070; x_wconf 81' lang='grc' dir='ltr'><strong>τὸ</strong></span> <span class='ocrx_word' id='word_1_258' title='bbox 866 2031 1057 2085; x_wconf 78' lang='grc' dir='ltr'>πεφυκέναι</span> <span class='ocrx_word' id='word_1_259' title='bbox 1079 2034 1163 2086; x_wconf 82' lang='grc' dir='ltr'>πρὸς</span> <span class='ocrx_word' id='word_1_260' title='bbox 1184 2035 1296 2084; x_wconf 61' lang='grc' dir='ltr'>αὐτά»,</span> 
     </span>
     <span class='ocr_line' id='line_1_33' title="bbox 254 2087 1301 2144; baseline 0.007 -20"><span class='ocrx_word' id='word_1_261' title='bbox 254 2087 313 2124; x_wconf 81' lang='grc' dir='ltr'><strong>καὶ</strong></span> <span class='ocrx_word' id='word_1_262' title='bbox 335 2087 558 2140; x_wconf 84' lang='grc' dir='ltr'>ἀνεκτότερον</span> <span class='ocrx_word' id='word_1_263' title='bbox 583 2094 676 2127; x_wconf 86' lang='grc' dir='ltr'>ποιεῖ</span> <span class='ocrx_word' id='word_1_264' title='bbox 696 2089 735 2127; x_wconf 87' lang='grc' dir='ltr'><strong>τὸ</strong></span> <span class='ocrx_word' id='word_1_265' title='bbox 757 2088 931 2141; x_wconf 85' lang='grc' dir='ltr'>ἔγκλημα.</span> <span class='ocrx_word' id='word_1_266' title='bbox 955 2090 1041 2129; x_wconf 67' lang='lat' dir='ltr'><strong>“On</strong></span> <span class='ocrx_word' id='word_1_267' title='bbox 1057 2091 1092 2129; x_wconf 82' lang='grc' dir='ltr'><strong>δὲ</strong></span> <span class='ocrx_word' id='word_1_268' title='bbox 1119 2092 1178 2129; x_wconf 85' lang='grc' dir='ltr'><strong>καὶ</strong></span> <span class='ocrx_word' id='word_1_269' title='bbox 1198 2108 1301 2144; x_wconf 88' lang='grc' dir='ltr'>φυσι-</span> 
     </span>
     <span class='ocr_line' id='line_1_34' title="bbox 252 2144 1294 2201; baseline 0.006 -18"><span class='ocrx_word' id='word_1_270' title='bbox 252 2144 402 2199; x_wconf 81' lang='grc' dir='ltr'>κώτερον</span> <span class='ocrx_word' id='word_1_271' title='bbox 426 2149 447 2193; x_wconf 83' lang='grc' dir='ltr'>ἡ</span> <span class='ocrx_word' id='word_1_272' title='bbox 470 2149 529 2184; x_wconf 88' lang='grc' dir='ltr'><strong>τοῦ</strong></span> <span class='ocrx_word' id='word_1_273' title='bbox 565 2150 673 2197; x_wconf 88' lang='grc' dir='ltr'>θυμοῦ</span> <span class='ocrx_word' id='word_1_274' title='bbox 701 2147 856 2199; x_wconf 82' lang='grc' dir='ltr'>ἀκρασία</span> <span class='ocrx_word' id='word_1_275' title='bbox 889 2150 950 2195; x_wconf 73' lang='grc' dir='ltr'><strong>τῆς</strong></span> <span class='ocrx_word' id='word_1_276' title='bbox 980 2152 1048 2187; x_wconf 89' lang='grc' dir='ltr'><strong>τῶν</strong></span> <span class='ocrx_word' id='word_1_277' title='bbox 1079 2151 1294 2201; x_wconf 84' lang='grc' dir='ltr'>ἐπιθυμιῶν,</span> 
     </span>
     <span class='ocr_line' id='line_1_35' title="bbox 253 2205 1297 2261; baseline 0.007 -19"><span class='ocrx_word' id='word_1_278' title='bbox 253 2205 367 2251; x_wconf 76' lang='grc' dir='ltr'>δῆλον·</span> <span class='ocrx_word' id='word_1_279' title='bbox 398 2205 517 2248; x_wconf 87' lang='grc' dir='ltr'>ἁπλῶς</span> <span class='ocrx_word' id='word_1_280' title='bbox 543 2206 610 2256; x_wconf 81' lang='grc' dir='ltr'><strong>γὰρ</strong></span> <span class='ocrx_word' id='word_1_281' title='bbox 642 2209 832 2256; x_wconf 81' lang='grc' dir='ltr'>θυμοῦσθαι</span> <span class='ocrx_word' id='word_1_282' title='bbox 867 2206 1102 2261; x_wconf 84' lang='grc' dir='ltr'>φυσικώτερόν</span> <span class='ocrx_word' id='word_1_283' title='bbox 1135 2210 1208 2248; x_wconf 86' lang='grc' dir='ltr'>ἐστι</span> <span class='ocrx_word' id='word_1_284' title='bbox 1237 2214 1297 2249; x_wconf 88' lang='grc' dir='ltr'><strong>τοῦ</strong></span> 
     </span>
     <span class='ocr_line' id='line_1_36' title="bbox 253 2263 1297 2319; baseline 0.007 -19"><span class='ocrx_word' id='word_1_285' title='bbox 253 2263 432 2313; x_wconf 77' lang='grc' dir='ltr'>ἐπιθυμεῖν</span> <span class='ocrx_word' id='word_1_286' title='bbox 447 2265 516 2301; x_wconf 88' lang='grc' dir='ltr'><strong>τῶν</strong></span> <span class='ocrx_word' id='word_1_287' title='bbox 532 2263 580 2314; x_wconf 83' lang='grc' dir='ltr'><strong>μὴ</strong></span> <span class='ocrx_word' id='word_1_288' title='bbox 595 2264 807 2316; x_wconf 84' lang='grc' dir='ltr'>ἀναγκαίων·</span> <span class='ocrx_word' id='word_1_289' title='bbox 823 2265 862 2304; x_wconf 82' lang='grc' dir='ltr'><strong>τὸ</strong></span> <span class='ocrx_word' id='word_1_290' title='bbox 877 2265 939 2315; x_wconf 82' lang='grc' dir='ltr'><strong>μὲν</strong></span> <span class='ocrx_word' id='word_1_291' title='bbox 955 2266 1022 2318; x_wconf 84' lang='grc' dir='ltr'><strong>γὰρ</strong></span> <span class='ocrx_word' id='word_1_292' title='bbox 1037 2270 1228 2319; x_wconf 88' lang='grc' dir='ltr'>θυμοῦσθαι</span> <span class='ocrx_word' id='word_1_293' title='bbox 1240 2269 1297 2307; x_wconf 84' lang='grc' dir='ltr'><strong>διὰ</strong></span> 
     </span>
     <span class='ocr_line' id='line_1_37' title="bbox 254 2323 1297 2380; baseline 0.008 -20"><span class='ocrx_word' id='word_1_294' title='bbox 254 2323 428 2374; x_wconf 83' lang='grc' dir='ltr'>σωτηρίαν</span> <span class='ocrx_word' id='word_1_295' title='bbox 444 2326 507 2370; x_wconf 82' lang='grc' dir='ltr'>τ’ῆς</span> <span class='ocrx_word' id='word_1_296' title='bbox 522 2323 655 2375; x_wconf 85' lang='grc' dir='ltr'>φύσεως</span> <span class='ocrx_word' id='word_1_297' title='bbox 674 2324 809 2372; x_wconf 84' lang='grc' dir='ltr'>ἐνετέθη</span> <span class='ocrx_word' id='word_1_298' title='bbox 826 2328 872 2378; x_wconf 79' lang='grc' dir='ltr'><strong>τῇ</strong></span> <span class='ocrx_word' id='word_1_299' title='bbox 894 2325 1014 2378; x_wconf 86' lang='grc' dir='ltr'>φύσει,</span> <span class='ocrx_word' id='word_1_300' title='bbox 1031 2325 1090 2365; x_wconf 76' lang='grc' dir='ltr'><strong>ἵνα</strong></span> <span class='ocrx_word' id='word_1_301' title='bbox 1109 2329 1148 2366; x_wconf 83' lang='grc' dir='ltr'><strong>τὸ</strong></span> <span class='ocrx_word' id='word_1_302' title='bbox 1166 2328 1297 2380; x_wconf 76' lang='grc' dir='ltr'>βλαὸε-</span> 
     </span>
     <span class='ocr_line' id='line_1_38' title="bbox 253 2380 1296 2438; baseline 0.007 -20"><span class='ocrx_word' id='word_1_303' title='bbox 253 2380 310 2432; x_wconf 81' lang='grc' dir='ltr'><strong>ρὸν</strong></span> <span class='ocrx_word' id='word_1_304' title='bbox 341 2381 568 2430; x_wconf 86' lang='grc' dir='ltr'>ἀποσείηται,</span> <span class='ocrx_word' id='word_1_305' title='bbox 591 2382 650 2421; x_wconf 85' lang='grc' dir='ltr'><strong>καὶ</strong></span> <span class='ocrx_word' id='word_1_306' title='bbox 678 2384 724 2426; x_wconf 87' lang='grc' dir='ltr'><strong>εἷς</strong></span> <span class='ocrx_word' id='word_1_307' title='bbox 744 2386 845 2422; x_wconf 90' lang='grc' dir='ltr'>τοῦτο</span> <span class='ocrx_word' id='word_1_308' title='bbox 876 2382 982 2435; x_wconf 62' lang='grc' dir='ltr'>φέρεν</span> <span class='ocrx_word' id='word_1_309' title='bbox 1028 2387 1051 2432; x_wconf 84' lang='grc' dir='ltr'>ἠ</span> <span class='ocrx_word' id='word_1_310' title='bbox 1083 2385 1119 2424; x_wconf 86' lang='grc' dir='ltr'><strong>δὲ</strong></span> <span class='ocrx_word' id='word_1_311' title='bbox 1148 2388 1217 2424; x_wconf 87' lang='grc' dir='ltr'><strong>τῶν</strong></span> <span class='ocrx_word' id='word_1_312' title='bbox 1247 2389 1296 2438; x_wconf 87' lang='grc' dir='ltr'><strong>μὴ</strong></span> 
     </span>
     <span class='ocr_line' id='line_1_39' title="bbox 253 2439 1298 2494; baseline 0.01 -19"><span class='ocrx_word' id='word_1_313' title='bbox 253 2439 452 2491; x_wconf 84' lang='grc' dir='ltr'>ἀναγκαίων</span> <span class='ocrx_word' id='word_1_314' title='bbox 470 2440 636 2490; x_wconf 81' lang='grc' dir='ltr'>ἐπιθυμία</span> <span class='ocrx_word' id='word_1_315' title='bbox 654 2441 785 2491; x_wconf 81' lang='grc' dir='ltr'>οὐκέτι,</span> <span class='ocrx_word' id='word_1_316' title='bbox 844 2441 918 2480; x_wconf 87' lang='grc' dir='ltr'>ἔστι</span> <span class='ocrx_word' id='word_1_317' title='bbox 937 2442 1006 2494; x_wconf 75' lang='grc' dir='ltr'><strong>γὰρ,</strong></span> <span class='ocrx_word' id='word_1_318' title='bbox 1026 2443 1086 2482; x_wconf 83' lang='grc' dir='ltr'><strong>καὶ</strong></span> <span class='ocrx_word' id='word_1_319' title='bbox 1101 2444 1182 2484; x_wconf 83' lang='grc' dir='ltr'>ἄνευ</span> <span class='ocrx_word' id='word_1_320' title='bbox 1202 2446 1298 2494; x_wconf 88' lang='grc' dir='ltr'>νίκης</span> 
     </span>
     <span class='ocr_line' id='line_1_40' title="bbox 252 2494 1296 2553; baseline 0.01 -19.038"><span class='ocrx_word' id='word_1_321' title='bbox 252 2494 274 2541; x_wconf 79' lang='grc' dir='ltr'>ἢ</span> <span class='ocrx_word' id='word_1_322' title='bbox 295 2513 398 2548; x_wconf 86' lang='grc' dir='ltr'>τιμης</span> <span class='ocrx_word' id='word_1_323' title='bbox 418 2497 598 2543; x_wconf 82' lang='grc' dir='ltr'>διασώζειν</span> <span class='ocrx_word' id='word_1_324' title='bbox 621 2500 684 2547; x_wconf 84' lang='grc' dir='ltr'><strong>τὴν</strong></span> <span class='ocrx_word' id='word_1_325' title='bbox 705 2499 823 2553; x_wconf 85' lang='grc' dir='ltr'>φύσιν·</span> <span class='ocrx_word' id='word_1_326' title='bbox 847 2500 903 2539; x_wconf 86' lang='grc' dir='ltr'><strong>διὰ</strong></span> <span class='ocrx_word' id='word_1_327' title='bbox 936 2505 1036 2541; x_wconf 85' lang='grc' dir='ltr'>τοῦτο</span> <span class='ocrx_word' id='word_1_328' title='bbox 1055 2503 1115 2541; x_wconf 92' lang='grc' dir='ltr'><strong>και</strong></span> <span class='ocrx_word' id='word_1_329' title='bbox 1146 2505 1296 2544; x_wconf 87' lang='grc' dir='ltr'>κοινότε-</span> 
     </span>
     <span class='ocr_line' id='line_1_41' title="bbox 253 2541 1292 2635; baseline 0.009 -42"><span class='ocrx_word' id='word_1_330' title='bbox 253 2570 309 2605; x_wconf 88' lang='grc' dir='ltr'><strong>ρον</strong></span> <span class='ocrx_word' id='word_1_331' title='bbox 332 2555 370 2593; x_wconf 80' lang='grc' dir='ltr'><strong>τὸ</strong></span> <span class='ocrx_word' id='word_1_332' title='bbox 392 2559 584 2630; x_wconf 76' lang='grc' dir='ltr'>θυμοῦσθαι</span> <span class='ocrx_word' id='word_1_333' title='bbox 602 2559 670 2596; x_wconf 84' lang='grc' dir='ltr'><strong>τῶν</strong></span> <span class='ocrx_word' id='word_1_334' title='bbox 700 2541 893 2608; x_wconf 80' lang='grc' dir='ltr'>ἐπιθυμιῶν</span> <span class='ocrx_word' id='word_1_335' title='bbox 913 2575 983 2598; x_wconf 87' lang='grc' dir='ltr'><strong>των</strong></span> <span class='ocrx_word' id='word_1_336' title='bbox 1001 2560 1053 2635; x_wconf 84' lang='grc' dir='ltr'><strong>μὴ</strong></span> <span class='ocrx_word' id='word_1_337' title='bbox 1082 2563 1292 2614; x_wconf 86' lang='grc' dir='ltr'>ἀναγκαίων·</span> 
     </span>
     <span class='ocr_line' id='line_1_42' title="bbox 250 2613 1288 2676; baseline 0.011 -25"><span class='ocrx_word' id='word_1_338' title='bbox 250 2615 290 2652; x_wconf 83' lang='grc' dir='ltr'><strong>τὸ</strong></span> <span class='ocrx_word' id='word_1_339' title='bbox 315 2613 377 2664; x_wconf 84' lang='grc' dir='ltr'><strong>μὲν</strong></span> <span class='ocrx_word' id='word_1_340' title='bbox 407 2614 474 2668; x_wconf 86' lang='grc' dir='ltr'><strong>γὰρ</strong></span> <span class='ocrx_word' id='word_1_341' title='bbox 506 2616 564 2654; x_wconf 81' lang='grc' dir='ltr'><strong>καὶ</strong></span> <span class='ocrx_word' id='word_1_342' title='bbox 592 2633 697 2655; x_wconf 91' lang='grc' dir='ltr'>πασιν</span> <span class='ocrx_word' id='word_1_343' title='bbox 728 2618 921 2672; x_wconf 82' lang='grc' dir='ltr'>ἀνθρώποις</span> <span class='ocrx_word' id='word_1_344' title='bbox 953 2621 1013 2659; x_wconf 87' lang='grc' dir='ltr'><strong>καὶ</strong></span> <span class='ocrx_word' id='word_1_345' title='bbox 1040 2627 1130 2660; x_wconf 85' lang='grc' dir='ltr'>πᾶσι</span> <span class='ocrx_word' id='word_1_346' title='bbox 1162 2623 1288 2676; x_wconf 80' lang='grc' dir='ltr'><strong>ζώοιςο</strong></span> 
     </span>
     <span class='ocr_line' id='line_1_43' title="bbox 252 2672 1297 2731; baseline 0.012 -22"><span class='ocrx_word' id='word_1_347' title='bbox 252 2672 454 2724; x_wconf 88' lang='grc' dir='ltr'>πρόσεστιν,</span> <span class='ocrx_word' id='word_1_348' title='bbox 485 2676 520 2711; x_wconf 83' lang='grc' dir='ltr'><strong>αἱ</strong></span> <span class='ocrx_word' id='word_1_349' title='bbox 540 2674 574 2713; x_wconf 80' lang='grc' dir='ltr'><strong>δὲ</strong></span> <span class='ocrx_word' id='word_1_350' title='bbox 595 2675 672 2713; x_wconf 70' lang='grc' dir='ltr'>οὐδὲ</span> <span class='ocrx_word' id='word_1_351' title='bbox 699 2682 806 2714; x_wconf 82' lang='grc' dir='ltr'>πᾶσιν</span> <span class='ocrx_word' id='word_1_352' title='bbox 829 2677 1035 2731; x_wconf 83' lang='grc' dir='ltr'>ἀνθρώποις.</span> <span class='ocrx_word' id='word_1_353' title='bbox 1060 2679 1162 2720; x_wconf 76' lang='grc' dir='ltr'>Ἐπεὶ</span> <span class='ocrx_word' id='word_1_354' title='bbox 1190 2682 1226 2720; x_wconf 85' lang='grc' dir='ltr'><strong>δὲ</strong></span> <span class='ocrx_word' id='word_1_355' title='bbox 1257 2682 1297 2722; x_wconf 83' lang='grc' dir='ltr'><strong>τὸ</strong></span> 
     </span>
     <span class='ocr_line' id='line_1_44' title="bbox 253 2734 1296 2794; baseline 0.011 -25"><span class='ocrx_word' id='word_1_356' title='bbox 253 2735 443 2782; x_wconf 82' lang='grc' dir='ltr'>θυμοῦσθαι</span> <span class='ocrx_word' id='word_1_357' title='bbox 461 2735 526 2771; x_wconf 88' lang='grc' dir='ltr'><strong>τῶν</strong></span> <span class='ocrx_word' id='word_1_358' title='bbox 551 2734 714 2773; x_wconf 85' lang='grc' dir='ltr'>τοιούτων</span> <span class='ocrx_word' id='word_1_359' title='bbox 738 2738 929 2787; x_wconf 81' lang='grc' dir='ltr'>ἐπιθυμιῶν</span> <span class='ocrx_word' id='word_1_360' title='bbox 960 2741 1218 2794; x_wconf 82' lang='grc' dir='ltr'>φυσικώτερον,</span> <span class='ocrx_word' id='word_1_361' title='bbox 1235 2741 1296 2780; x_wconf 83' lang='grc' dir='ltr'><strong>καὶ</strong></span> 
     </span>
     <span class='ocr_line' id='line_1_45' title="bbox 252 2791 1296 2850; baseline 0.011 -22"><span class='ocrx_word' id='word_1_362' title='bbox 252 2793 286 2829; x_wconf 84' lang='grc' dir='ltr'><strong>αἱ</strong></span> <span class='ocrx_word' id='word_1_363' title='bbox 314 2791 505 2842; x_wconf 70' lang='grc' dir='ltr'>ὑπερὸολαι</span> <span class='ocrx_word' id='word_1_364' title='bbox 524 2797 584 2831; x_wconf 87' lang='grc' dir='ltr'><strong>τοῦ</strong></span> <span class='ocrx_word' id='word_1_365' title='bbox 607 2798 717 2845; x_wconf 86' lang='grc' dir='ltr'>θυμοῦ</span> <span class='ocrx_word' id='word_1_366' title='bbox 740 2796 974 2850; x_wconf 86' lang='grc' dir='ltr'>φυσικώτεραι</span> <span class='ocrx_word' id='word_1_367' title='bbox 998 2802 1060 2846; x_wconf 86' lang='grc' dir='ltr'>τ’ῆς</span> <span class='ocrx_word' id='word_1_368' title='bbox 1082 2803 1148 2839; x_wconf 86' lang='grc' dir='ltr'><strong>τῶν</strong></span> <span class='ocrx_word' id='word_1_369' title='bbox 1177 2802 1296 2840; x_wconf 85' lang='grc' dir='ltr'>ἐπιθυ-</span> 
     </span>
     <span class='ocr_line' id='line_1_46' title="bbox 251 2850 1295 2911; baseline 0.011 -24"><span class='ocrx_word' id='word_1_370' title='bbox 251 2852 339 2900; x_wconf 89' lang='grc' dir='ltr'>μιῶν</span> <span class='ocrx_word' id='word_1_371' title='bbox 359 2850 614 2903; x_wconf 74' lang='grc' dir='ltr'>ὑπερὸολῆς,</span> <span class='ocrx_word' id='word_1_372' title='bbox 596 2869 618 2899; x_wconf 87' lang='grc' dir='ltr'>η</span> <span class='ocrx_word' id='word_1_373' title='bbox 641 2853 708 2905; x_wconf 83' lang='grc' dir='ltr'><strong>ἄρα</strong></span> <span class='ocrx_word' id='word_1_374' title='bbox 730 2858 789 2893; x_wconf 88' lang='grc' dir='ltr'><strong>τοῦ</strong></span> <span class='ocrx_word' id='word_1_375' title='bbox 813 2859 920 2905; x_wconf 84' lang='grc' dir='ltr'>θυμοῦ</span> <span class='ocrx_word' id='word_1_376' title='bbox 955 2858 1108 2909; x_wconf 86' lang='grc' dir='ltr'>ἀκρασια</span> <span class='ocrx_word' id='word_1_377' title='bbox 1143 2859 1295 2911; x_wconf 83' lang='grc' dir='ltr'>φυσικώ-</span> 
     </span>
     <span class='ocr_line' id='line_1_47' title="bbox 251 2909 1289 2968; baseline 0.011 -22"><span class='ocrx_word' id='word_1_378' title='bbox 251 2924 371 2960; x_wconf 89' lang='grc' dir='ltr'>τερον,</span> <span class='ocrx_word' id='word_1_379' title='bbox 403 2924 462 2947; x_wconf 88' lang='grc' dir='ltr'><strong>και</strong></span> <span class='ocrx_word' id='word_1_380' title='bbox 495 2909 571 2948; x_wconf 91' lang='grc' dir='ltr'><strong>δια</strong></span> <span class='ocrx_word' id='word_1_381' title='bbox 584 2914 685 2950; x_wconf 91' lang='grc' dir='ltr'>τοῦτο</span> <span class='ocrx_word' id='word_1_382' title='bbox 718 2916 820 2959; x_wconf 86' lang='grc' dir='ltr'>ἡττον</span> <span class='ocrx_word' id='word_1_383' title='bbox 845 2915 977 2967; x_wconf 72' lang='grc' dir='ltr'>αἷσγρὰ</span> <span class='ocrx_word' id='word_1_384' title='bbox 1004 2919 1063 2964; x_wconf 82' lang='grc' dir='ltr'><strong>τῆς</strong></span> <span class='ocrx_word' id='word_1_385' title='bbox 1082 2918 1289 2968; x_wconf 82' lang='grc' dir='ltr'>ἐπιθυμιῶν.</span> 
     </span>
     <span class='ocr_line' id='line_1_48' title="bbox 361 2966 1289 3031; baseline 0.013 -26.283"><span class='ocrx_word' id='word_1_386' title='bbox 361 2966 445 3007; x_wconf 85' lang='grc' dir='ltr'><strong>Ετι</strong></span> <span class='ocrx_word' id='word_1_387' title='bbox 478 2971 545 3006; x_wconf 87' lang='grc' dir='ltr'><strong>τῶν</strong></span> <span class='ocrx_word' id='word_1_388' title='bbox 583 2970 711 3008; x_wconf 84' lang='grc' dir='ltr'>ἀδίκων</span> <span class='ocrx_word' id='word_1_389' title='bbox 733 2975 764 3010; x_wconf 83' lang='grc' dir='ltr'><strong>οἱ</strong></span> <span class='ocrx_word' id='word_1_390' title='bbox 785 2973 1043 3028; x_wconf 74' lang='grc' dir='ltr'>ἓπιὸουλότεροι</span> <span class='ocrx_word' id='word_1_391' title='bbox 1072 2978 1289 3031; x_wconf 83' lang='grc' dir='ltr'>ἀδικώτεροι.</span> 
     </span>
     <span class='ocr_line' id='line_1_49' title="bbox 250 3026 1292 3112; baseline 0.011 -46.193"><span class='ocrx_word' id='word_1_392' title='bbox 250 3026 532 3079; x_wconf 68' lang='grc' dir='ltr'>ἸΞπιὸουλοτερα</span> <span class='ocrx_word' id='word_1_393' title='bbox 556 3027 591 3066; x_wconf 86' lang='grc' dir='ltr'><strong>δὲ</strong></span> <span class='ocrx_word' id='word_1_394' title='bbox 621 3033 643 3075; x_wconf 80' lang='grc' dir='ltr'>ἡ</span> <span class='ocrx_word' id='word_1_395' title='bbox 664 3030 830 3080; x_wconf 85' lang='grc' dir='ltr'>ἐπιθυμία</span> <span class='ocrx_word' id='word_1_396' title='bbox 860 3036 918 3071; x_wconf 87' lang='grc' dir='ltr'><strong>τοῦ</strong></span> <span class='ocrx_word' id='word_1_397' title='bbox 942 3038 1073 3084; x_wconf 90' lang='grc' dir='ltr'>θυμοῦ·</span> <span class='ocrx_word' id='word_1_398' title='bbox 1098 3037 1292 3112; x_wconf 81' lang='grc' dir='ltr'>ἀδικωτέρα</span> 
     </span>
     <span class='ocr_line' id='line_1_50' title="bbox 250 3083 1291 3147; baseline 0.012 -24"><span class='ocrx_word' id='word_1_399' title='bbox 250 3085 333 3137; x_wconf 82' lang='grc' dir='ltr'><strong>ἄρα</strong></span> <span class='ocrx_word' id='word_1_400' title='bbox 354 3083 443 3125; x_wconf 86' lang='grc' dir='ltr'><strong>Ὅτι</strong></span> <span class='ocrx_word' id='word_1_401' title='bbox 474 3085 508 3123; x_wconf 83' lang='grc' dir='ltr'><strong>δὲ</strong></span> <span class='ocrx_word' id='word_1_402' title='bbox 542 3086 816 3140; x_wconf 74' lang='grc' dir='ltr'>ἐπιὸουλοτέρα,</span> <span class='ocrx_word' id='word_1_403' title='bbox 841 3091 961 3136; x_wconf 78' lang='grc' dir='ltr'>δῆλον.</span> <span class='ocrx_word' id='word_1_404' title='bbox 992 3094 1198 3142; x_wconf 88' lang='grc' dir='ltr'>Λεληθότως</span> <span class='ocrx_word' id='word_1_405' title='bbox 1223 3096 1291 3147; x_wconf 85' lang='grc' dir='ltr'><strong>γὰρ</strong></span> 
     </span>
     <span class='ocr_line' id='line_1_51' title="bbox 249 3144 1291 3203; baseline 0.011 -20"><span class='ocrx_word' id='word_1_406' title='bbox 249 3144 466 3198; x_wconf 78' lang='grc' dir='ltr'>εἰσέρχεται,</span> <span class='ocrx_word' id='word_1_407' title='bbox 502 3145 561 3183; x_wconf 83' lang='grc' dir='ltr'><strong>καὶ</strong></span> <span class='ocrx_word' id='word_1_408' title='bbox 596 3147 659 3184; x_wconf 79' lang='grc' dir='ltr'><strong>οὐκ</strong></span> <span class='ocrx_word' id='word_1_409' title='bbox 692 3147 838 3197; x_wconf 84' lang='grc' dir='ltr'>ἀθρόον,</span> <span class='ocrx_word' id='word_1_410' title='bbox 875 3148 994 3203; x_wconf 87' lang='grc' dir='ltr'>ὥσπερ</span> <span class='ocrx_word' id='word_1_411' title='bbox 1026 3155 1044 3190; x_wconf 88' lang='grc' dir='ltr'>ὁ</span> <span class='ocrx_word' id='word_1_412' title='bbox 1079 3154 1197 3203; x_wconf 89' lang='grc' dir='ltr'>θυμός·</span> <span class='ocrx_word' id='word_1_413' title='bbox 1231 3154 1291 3193; x_wconf 71' lang='grc' dir='ltr'><strong>καὶ</strong></span> 
     </span>
     <span class='ocr_line' id='line_1_52' title="bbox 249 3204 1289 3262; baseline 0.011 -20"><span class='ocrx_word' id='word_1_414' title='bbox 249 3206 278 3242; x_wconf 81' lang='grc' dir='ltr'><strong>οἷ</strong></span> <span class='ocrx_word' id='word_1_415' title='bbox 303 3204 512 3255; x_wconf 89' lang='grc' dir='ltr'>θυμούμενοι</span> <span class='ocrx_word' id='word_1_416' title='bbox 533 3205 675 3257; x_wconf 85' lang='grc' dir='ltr'>φανεροί</span> <span class='ocrx_word' id='word_1_417' title='bbox 702 3206 812 3253; x_wconf 86' lang='grc' dir='ltr'>εἰσιν,</span> <span class='ocrx_word' id='word_1_418' title='bbox 846 3209 877 3246; x_wconf 83' lang='grc' dir='ltr'><strong>οἱ</strong></span> <span class='ocrx_word' id='word_1_419' title='bbox 911 3208 948 3246; x_wconf 80' lang='grc' dir='ltr'><strong>δὲ</strong></span> <span class='ocrx_word' id='word_1_420' title='bbox 969 3211 1218 3262; x_wconf 78' lang='grc' dir='ltr'>ἐπιθυμοῦντες</span> <span class='ocrx_word' id='word_1_421' title='bbox 1250 3214 1289 3252; x_wconf 80' lang='grc' dir='ltr'><strong>οὗ</strong></span> 
     </span>
     <span class='ocr_line' id='line_1_53' title="bbox 249 3262 1289 3322; baseline 0.01 -21"><span class='ocrx_word' id='word_1_422' title='bbox 249 3262 339 3303; x_wconf 84' lang='grc' dir='ltr'>πάνυ</span> <span class='ocrx_word' id='word_1_423' title='bbox 358 3263 556 3315; x_wconf 88' lang='grc' dir='ltr'>φαίνονται,</span> <span class='ocrx_word' id='word_1_424' title='bbox 590 3264 643 3303; x_wconf 79' lang='grc' dir='ltr'><strong>ὅτι</strong></span> <span class='ocrx_word' id='word_1_425' title='bbox 664 3264 776 3317; x_wconf 81' lang='grc' dir='ltr'>λάθρα</span> <span class='ocrx_word' id='word_1_426' title='bbox 796 3282 869 3310; x_wconf 87' lang='grc' dir='ltr'><strong>πως</strong></span> <span class='ocrx_word' id='word_1_427' title='bbox 892 3266 951 3305; x_wconf 84' lang='grc' dir='ltr'><strong>καὶ</strong></span> <span class='ocrx_word' id='word_1_428' title='bbox 977 3268 1066 3322; x_wconf 83' lang='grc' dir='ltr'>δόλῳ</span> <span class='ocrx_word' id='word_1_429' title='bbox 1093 3271 1289 3322; x_wconf 87' lang='grc' dir='ltr'>κλεπτόμε-</span> 
     </span>
    </p>
   </div>
   <div class='ocr_carea' id='block_1_5' title="bbox 1071 154 1553 224">
    <p class='ocr_par' dir='ltr' id='par_1_6' title="bbox 1071 154 1553 224">
     <span class='ocr_line' id='line_1_54' title="bbox 1071 154 1553 224; baseline 0.01 -6"><span class='ocrx_word' id='word_1_430' title='bbox 1071 177 1349 222; x_wconf 68' lang='grc' dir='ltr'>ΑΝοιιοΝιοι</span> <span class='ocrx_word' id='word_1_431' title='bbox 1378 154 1553 224; x_wconf 74' lang='lat' dir='ltr'><strong>aucun</strong></span> 
     </span>
    </p>
   </div>
   <div class='ocr_carea' id='block_1_6' title="bbox 1375 273 2495 334">
    <p class='ocr_par' dir='ltr' id='par_1_7' title="bbox 1375 273 2495 334">
     <span class='ocr_line' id='line_1_55' title="bbox 1375 273 2495 334; baseline 0.013 -19"><span class='ocrx_word' id='word_1_432' title='bbox 1375 281 1531 315; x_wconf 87' lang='lat' dir='ltr'><strong>exaudito</strong></span> <span class='ocrx_word' id='word_1_433' title='bbox 1558 281 1600 315; x_wconf 88' lang='lat' dir='ltr'><strong>ad</strong></span> <span class='ocrx_word' id='word_1_434' title='bbox 1614 290 1726 325; x_wconf 86' lang='lat' dir='ltr'><strong>poenas</strong></span> <span class='ocrx_word' id='word_1_435' title='bbox 1741 286 1935 327; x_wconf 86' lang='lat' dir='ltr'><strong>repetendas</strong></span> <span class='ocrx_word' id='word_1_436' title='bbox 1951 289 2041 323; x_wconf 87' lang='lat' dir='ltr'><strong>omni</strong></span> <span class='ocrx_word' id='word_1_437' title='bbox 2057 290 2183 334; x_wconf 88' lang='lat' dir='ltr'><strong>impetu</strong></span> <span class='ocrx_word' id='word_1_438' title='bbox 2209 292 2325 327; x_wconf 81' lang='lat' dir='ltr'><strong>fertur.</strong></span> <span class='ocrx_word' id='word_1_439' title='bbox 2346 296 2414 328; x_wconf 83' lang='lat' dir='ltr'><strong>Ra·-</strong></span> <span class='ocrx_word' id='word_1_440' title='bbox 2437 273 2444 277; x_wconf 23' lang='grc' dir='ltr'><strong><em>μ</em></strong></span> <span class='ocrx_word' id='word_1_441' title='bbox 2491 278 2495 282; x_wconf 20' lang='grc' dir='ltr'><strong>Υ</strong></span> 
     </span>
    </p>
   </div>
   <div class='ocr_carea' id='block_1_7' title="bbox 1375 333 2415 433">
    <p class='ocr_par' dir='ltr' id='par_1_8' title="bbox 1375 333 2415 433">
     <span class='ocr_line' id='line_1_56' title="bbox 1376 333 2415 381; baseline 0.016 -18"><span class='ocrx_word' id='word_1_442' title='bbox 1376 333 1421 364; x_wconf 84' lang='lat' dir='ltr'><strong>tio</strong></span> <span class='ocrx_word' id='word_1_443' title='bbox 1451 333 1572 375; x_wconf 81' lang='lat' dir='ltr'><strong>quippe</strong></span> <span class='ocrx_word' id='word_1_444' title='bbox 1596 337 1654 366; x_wconf 88' lang='lat' dir='ltr'><strong>aut</strong></span> <span class='ocrx_word' id='word_1_445' title='bbox 1685 335 1877 378; x_wconf 77' lang='lat' dir='ltr'><strong>imaginatio</strong></span> <span class='ocrx_word' id='word_1_446' title='bbox 1897 338 1960 372; x_wconf 89' lang='lat' dir='ltr'><strong>hoc</strong></span> <span class='ocrx_word' id='word_1_447' title='bbox 1991 341 2098 375; x_wconf 86' lang='lat' dir='ltr'><strong>solum</strong></span> <span class='ocrx_word' id='word_1_448' title='bbox 2115 339 2288 381; x_wconf 85' lang='lat' dir='ltr'><strong>ostendit.</strong></span> <span class='ocrx_word' id='word_1_449' title='bbox 2311 345 2415 381; x_wconf 79' lang='lat' dir='ltr'><strong>istum</strong></span> 
     </span>
     <span class='ocr_line' id='line_1_57' title="bbox 1375 386 2415 433; baseline 0.015 -16"><span class='ocrx_word' id='word_1_450' title='bbox 1375 386 1539 419; x_wconf 89' lang='lat' dir='ltr'><strong>hominem</strong></span> <span class='ocrx_word' id='word_1_451' title='bbox 1561 387 1713 429; x_wconf 85' lang='lat' dir='ltr'><strong>injuriam</strong></span> <span class='ocrx_word' id='word_1_452' title='bbox 1728 388 1869 428; x_wconf 81' lang='lat' dir='ltr'><strong>inferre,</strong></span> <span class='ocrx_word' id='word_1_453' title='bbox 1886 394 2092 427; x_wconf 82' lang='lat' dir='ltr'><strong>contemnere</strong></span> <span class='ocrx_word' id='word_1_454' title='bbox 2105 398 2163 428; x_wconf 86' lang='lat' dir='ltr'><strong>aut</strong></span> <span class='ocrx_word' id='word_1_455' title='bbox 2178 396 2415 433; x_wconf 79' lang='lat' dir='ltr'><strong>detrimentum</strong></span> 
     </span>
    </p>
   </div>
   <div class='ocr_carea' id='block_1_8' title="bbox 1364 441 2416 1894">
    <p class='ocr_par' dir='ltr' id='par_1_9' title="bbox 1370 441 2416 1030">
     <span class='ocr_line' id='line_1_58' title="bbox 1376 441 2415 488; baseline 0.016 -16"><span class='ocrx_word' id='word_1_456' title='bbox 1376 441 1554 483; x_wconf 78' lang='lat' dir='ltr'><strong>importare</strong></span> <span class='ocrx_word' id='word_1_457' title='bbox 1569 455 1578 474; x_wconf 72' lang='grc' dir='ltr'><strong>ι</strong></span> <span class='ocrx_word' id='word_1_458' title='bbox 1598 442 1648 475; x_wconf 90' lang='lat' dir='ltr'><strong>ira</strong></span> <span class='ocrx_word' id='word_1_459' title='bbox 1664 452 1760 484; x_wconf 81' lang='lat' dir='ltr'><strong>vero,</strong></span> <span class='ocrx_word' id='word_1_460' title='bbox 1778 445 1913 487; x_wconf 83' lang='lat' dir='ltr'><strong>perinde</strong></span> <span class='ocrx_word' id='word_1_461' title='bbox 1928 455 1967 479; x_wconf 88' lang='lat' dir='ltr'><strong>ac</strong></span> <span class='ocrx_word' id='word_1_462' title='bbox 1989 447 2018 480; x_wconf 87' lang='lat' dir='ltr'><strong>si</strong></span> <span class='ocrx_word' id='word_1_463' title='bbox 2043 449 2266 486; x_wconf 76' lang='lat' dir='ltr'><strong>ratiocinando</strong></span> <span class='ocrx_word' id='word_1_464' title='bbox 2280 453 2415 488; x_wconf 77' lang='lat' dir='ltr'><strong>conclu-</strong></span> 
     </span>
     <span class='ocr_line' id='line_1_59' title="bbox 1375 495 2416 545; baseline 0.017 -17"><span class='ocrx_word' id='word_1_465' title='bbox 1375 497 1473 538; x_wconf 84' lang='lat' dir='ltr'><strong>serit,</strong></span> <span class='ocrx_word' id='word_1_466' title='bbox 1489 498 1566 531; x_wconf 91' lang='lat' dir='ltr'><strong>huic</strong></span> <span class='ocrx_word' id='word_1_467' title='bbox 1582 498 1640 532; x_wconf 86' lang='lat' dir='ltr'><strong>tali</strong></span> <span class='ocrx_word' id='word_1_468' title='bbox 1665 495 1789 533; x_wconf 90' lang='lat' dir='ltr'><strong>bellum</strong></span> <span class='ocrx_word' id='word_1_469' title='bbox 1806 501 1919 534; x_wconf 83' lang='lat' dir='ltr'><strong>inferri</strong></span> <span class='ocrx_word' id='word_1_470' title='bbox 1942 506 2110 545; x_wconf 87' lang='lat' dir='ltr'><strong>oportere,</strong></span> <span class='ocrx_word' id='word_1_471' title='bbox 2132 508 2288 543; x_wconf 88' lang='lat' dir='ltr'><strong>continuo</strong></span> <span class='ocrx_word' id='word_1_472' title='bbox 2299 518 2416 544; x_wconf 75' lang='lat' dir='ltr'><strong>excau-</strong></span> 
     </span>
     <span class='ocr_line' id='line_1_60' title="bbox 1374 551 2415 609; baseline 0.016 -25"><span class='ocrx_word' id='word_1_473' title='bbox 1374 551 1488 585; x_wconf 88' lang='lat' dir='ltr'><strong>descit.</strong></span> <span class='ocrx_word' id='word_1_474' title='bbox 1516 555 1622 597; x_wconf 84' lang='lat' dir='ltr'><strong>Atque</strong></span> <span class='ocrx_word' id='word_1_475' title='bbox 1645 555 1690 588; x_wconf 85' lang='lat' dir='ltr'><strong>ita</strong></span> <span class='ocrx_word' id='word_1_476' title='bbox 1709 556 1845 598; x_wconf 89' lang='lat' dir='ltr'><strong>quidem</strong></span> <span class='ocrx_word' id='word_1_477' title='bbox 1873 558 1984 600; x_wconf 86' lang='lat' dir='ltr'><strong>aliqua</strong></span> <span class='ocrx_word' id='word_1_478' title='bbox 2010 569 2052 593; x_wconf 81' lang='lat' dir='ltr'><strong>ex</strong></span> <span class='ocrx_word' id='word_1_479' title='bbox 2074 564 2167 603; x_wconf 87' lang='lat' dir='ltr'><strong>parte</strong></span> <span class='ocrx_word' id='word_1_480' title='bbox 2192 564 2242 599; x_wconf 82' lang='lat' dir='ltr'><strong>ira</strong></span> <span class='ocrx_word' id='word_1_481' title='bbox 2263 566 2415 609; x_wconf 61' lang='lat' dir='ltr'><strong>secuntur</strong></span> 
     </span>
     <span class='ocr_line' id='line_1_61' title="bbox 1374 609 2416 657; baseline 0.018 -18"><span class='ocrx_word' id='word_1_482' title='bbox 1374 609 1533 642; x_wconf 73' lang='lat' dir='ltr'><strong>rationem</strong></span> <span class='ocrx_word' id='word_1_483' title='bbox 1557 623 1565 642; x_wconf 73' lang='grc' dir='ltr'><strong>ι</strong></span> <span class='ocrx_word' id='word_1_484' title='bbox 1594 612 1757 654; x_wconf 82' lang='lat' dir='ltr'><strong>cupiditas</strong></span> <span class='ocrx_word' id='word_1_485' title='bbox 1786 617 1909 654; x_wconf 89' lang='lat' dir='ltr'><strong>autem,</strong></span> <span class='ocrx_word' id='word_1_486' title='bbox 1936 616 1964 648; x_wconf 88' lang='lat' dir='ltr'><strong>si</strong></span> <span class='ocrx_word' id='word_1_487' title='bbox 1993 625 2109 651; x_wconf 83' lang='lat' dir='ltr'><strong>sensus</strong></span> <span class='ocrx_word' id='word_1_488' title='bbox 2134 620 2232 654; x_wconf 89' lang='lat' dir='ltr'><strong>modo</strong></span> <span class='ocrx_word' id='word_1_489' title='bbox 2255 623 2315 655; x_wconf 82' lang='lat' dir='ltr'><strong>aut</strong></span> <span class='ocrx_word' id='word_1_490' title='bbox 2338 631 2416 657; x_wconf 78' lang='lat' dir='ltr'><strong>eor-</strong></span> 
     </span>
     <span class='ocr_line' id='line_1_62' title="bbox 1373 662 2415 718; baseline 0.017 -26"><span class='ocrx_word' id='word_1_491' title='bbox 1373 662 1470 702; x_wconf 84' lang='lat' dir='ltr'><strong>rupta</strong></span> <span class='ocrx_word' id='word_1_492' title='bbox 1498 671 1595 696; x_wconf 87' lang='lat' dir='ltr'><strong>sensu</strong></span> <span class='ocrx_word' id='word_1_493' title='bbox 1623 665 1728 703; x_wconf 86' lang='lat' dir='ltr'><strong>ratio,</strong></span> <span class='ocrx_word' id='word_1_494' title='bbox 1752 666 1815 699; x_wconf 91' lang='lat' dir='ltr'><strong>hoc</strong></span> <span class='ocrx_word' id='word_1_495' title='bbox 1848 667 1902 700; x_wconf 92' lang='lat' dir='ltr'><strong>vel</strong></span> <span class='ocrx_word' id='word_1_496' title='bbox 1924 668 2008 701; x_wconf 91' lang='lat' dir='ltr'><strong>illud</strong></span> <span class='ocrx_word' id='word_1_497' title='bbox 2029 670 2214 711; x_wconf 82' lang='lat' dir='ltr'><strong>jucundum</strong></span> <span class='ocrx_word' id='word_1_498' title='bbox 2232 673 2415 718; x_wconf 71' lang='lat' dir='ltr'><strong>essedlxe-</strong></span> 
     </span>
     <span class='ocr_line' id='line_1_63' title="bbox 1374 712 2416 765; baseline 0.017 -21"><span class='ocrx_word' id='word_1_499' title='bbox 1374 712 1436 749; x_wconf 83' lang='lat' dir='ltr'><strong>rit.</strong></span> <span class='ocrx_word' id='word_1_500' title='bbox 1454 715 1565 747; x_wconf 82' lang='lat' dir='ltr'><strong>statim</strong></span> <span class='ocrx_word' id='word_1_501' title='bbox 1594 716 1635 749; x_wconf 87' lang='lat' dir='ltr'><strong>ad</strong></span> <span class='ocrx_word' id='word_1_502' title='bbox 1670 717 1901 760; x_wconf 80' lang='lat' dir='ltr'><strong>perfruendam</strong></span> <span class='ocrx_word' id='word_1_503' title='bbox 1924 722 2128 765; x_wconf 90' lang='lat' dir='ltr'><strong>voluptatem</strong></span> <span class='ocrx_word' id='word_1_504' title='bbox 2149 724 2342 760; x_wconf 81' lang='lat' dir='ltr'><strong>incitatur.</strong></span> <span class='ocrx_word' id='word_1_505' title='bbox 2365 726 2416 762; x_wconf 65' lang='lat' dir='ltr'><strong>it·</strong></span> 
     </span>
     <span class='ocr_line' id='line_1_64' title="bbox 1373 767 2415 820; baseline 0.016 -22"><span class='ocrx_word' id='word_1_506' title='bbox 1373 767 1555 801; x_wconf 85' lang='lat' dir='ltr'><strong>rationem</strong></span> <span class='ocrx_word' id='word_1_507' title='bbox 1547 779 1595 802; x_wconf 81' lang='lat' dir='ltr'><strong>ira</strong></span> <span class='ocrx_word' id='word_1_508' title='bbox 1611 771 1854 813; x_wconf 83' lang='lat' dir='ltr'><strong>quodammodo</strong></span> <span class='ocrx_word' id='word_1_509' title='bbox 1879 775 2044 818; x_wconf 83' lang='lat' dir='ltr'><strong>sequitur,</strong></span> <span class='ocrx_word' id='word_1_510' title='bbox 2069 777 2234 820; x_wconf 76' lang='lat' dir='ltr'><strong>cupiditas</strong></span> <span class='ocrx_word' id='word_1_511' title='bbox 2253 788 2334 814; x_wconf 85' lang='lat' dir='ltr'><strong>vero</strong></span> <span class='ocrx_word' id='word_1_512' title='bbox 2347 781 2415 815; x_wconf 86' lang='lat' dir='ltr'><strong>mi-</strong></span> 
     </span>
     <span class='ocr_line' id='line_1_65' title="bbox 1372 819 2416 876; baseline 0.015 -25"><span class='ocrx_word' id='word_1_513' title='bbox 1372 819 1470 853; x_wconf 89' lang='lat' dir='ltr'><strong>nime.</strong></span> <span class='ocrx_word' id='word_1_514' title='bbox 1497 822 1657 859; x_wconf 82' lang='lat' dir='ltr'><strong>Quocirca</strong></span> <span class='ocrx_word' id='word_1_515' title='bbox 1671 824 1769 857; x_wconf 88' lang='lat' dir='ltr'><strong>etiam</strong></span> <span class='ocrx_word' id='word_1_516' title='bbox 1787 824 1905 859; x_wconf 84' lang='lat' dir='ltr'><strong>foedior</strong></span> <span class='ocrx_word' id='word_1_517' title='bbox 1920 829 1990 868; x_wconf 86' lang='lat' dir='ltr'><strong>est,</strong></span> <span class='ocrx_word' id='word_1_518' title='bbox 2009 829 2067 869; x_wconf 90' lang='lat' dir='ltr'><strong>qui</strong></span> <span class='ocrx_word' id='word_1_519' title='bbox 2085 829 2296 874; x_wconf 82' lang='lat' dir='ltr'><strong>cupiditatis,</strong></span> <span class='ocrx_word' id='word_1_520' title='bbox 2313 841 2416 876; x_wconf 75' lang='lat' dir='ltr'><strong>quam</strong></span> 
     </span>
     <span class='ocr_line' id='line_1_66' title="bbox 1371 873 2408 928; baseline 0.017 -24"><span class='ocrx_word' id='word_1_521' title='bbox 1371 873 1429 915; x_wconf 92' lang='lat' dir='ltr'><strong>qui</strong></span> <span class='ocrx_word' id='word_1_522' title='bbox 1444 873 1502 906; x_wconf 78' lang='lat' dir='ltr'><strong>iiae</strong></span> <span class='ocrx_word' id='word_1_523' title='bbox 1530 878 1579 907; x_wconf 90' lang='lat' dir='ltr'><strong>est</strong></span> <span class='ocrx_word' id='word_1_524' title='bbox 1602 875 1831 911; x_wconf 79' lang='lat' dir='ltr'><strong>incontinens.</strong></span> <span class='ocrx_word' id='word_1_525' title='bbox 1855 880 1914 923; x_wconf 90' lang='lat' dir='ltr'><strong>qui</strong></span> <span class='ocrx_word' id='word_1_526' title='bbox 1929 881 2016 914; x_wconf 90' lang='lat' dir='ltr'><strong>enim</strong></span> <span class='ocrx_word' id='word_1_527' title='bbox 2035 882 2095 916; x_wconf 80' lang='lat' dir='ltr'><strong>irae</strong></span> <span class='ocrx_word' id='word_1_528' title='bbox 2123 883 2330 921; x_wconf 81' lang='lat' dir='ltr'><strong>incontinens</strong></span> <span class='ocrx_word' id='word_1_529' title='bbox 2341 889 2408 928; x_wconf 83' lang='lat' dir='ltr'><strong>est,</strong></span> 
     </span>
     <span class='ocr_line' id='line_1_67' title="bbox 1371 928 2412 983; baseline 0.016 -25"><span class='ocrx_word' id='word_1_530' title='bbox 1371 928 1496 960; x_wconf 89' lang='lat' dir='ltr'><strong>ratione</strong></span> <span class='ocrx_word' id='word_1_531' title='bbox 1524 928 1752 970; x_wconf 86' lang='lat' dir='ltr'><strong>quadantenus</strong></span> <span class='ocrx_word' id='word_1_532' title='bbox 1782 932 1936 973; x_wconf 87' lang='lat' dir='ltr'><strong>vincitur,</strong></span> <span class='ocrx_word' id='word_1_533' title='bbox 1980 935 2039 977; x_wconf 90' lang='lat' dir='ltr'><strong>qui</strong></span> <span class='ocrx_word' id='word_1_534' title='bbox 2065 937 2258 980; x_wconf 79' lang='lat' dir='ltr'><strong>cupiditatis</strong></span> <span class='ocrx_word' id='word_1_535' title='bbox 2281 941 2412 983; x_wconf 69' lang='lat' dir='ltr'><strong>autem,</strong></span> 
     </span>
     <span class='ocr_line' id='line_1_68' title="bbox 1370 985 1752 1030; baseline 0.013 -14"><span class='ocrx_word' id='word_1_536' title='bbox 1370 985 1549 1027; x_wconf 87' lang='lat' dir='ltr'><strong>cupiditate</strong></span> <span class='ocrx_word' id='word_1_537' title='bbox 1568 990 1752 1030; x_wconf 88' lang='lat' dir='ltr'><strong>superatur.</strong></span> 
     </span>
    </p>

    <p class='ocr_par' dir='ltr' id='par_1_10' title="bbox 1364 1040 2415 1894">
     <span class='ocr_line' id='line_1_69' title="bbox 1411 1040 2415 1099; baseline 0.014 -30"><span class='ocrx_word' id='word_1_538' title='bbox 1411 1040 1575 1071; x_wconf 84' lang='lat' dir='ltr'><strong>Praeterea</strong></span> <span class='ocrx_word' id='word_1_539' title='bbox 1604 1041 1820 1082; x_wconf 88' lang='lat' dir='ltr'><strong>appetitiones</strong></span> <span class='ocrx_word' id='word_1_540' title='bbox 1847 1042 1952 1084; x_wconf 84' lang='lat' dir='ltr'><strong>magis</strong></span> <span class='ocrx_word' id='word_1_541' title='bbox 1977 1044 2145 1080; x_wconf 78' lang='lat' dir='ltr'><strong>naturales</strong></span> <span class='ocrx_word' id='word_1_542' title='bbox 2172 1047 2283 1090; x_wconf 83' lang='lat' dir='ltr'><strong>sequi,</strong></span> <span class='ocrx_word' id='word_1_543' title='bbox 2305 1048 2415 1099; x_wconf 78' lang='lat' dir='ltr'><strong>levius</strong></span> 
     </span>
     <span class='ocr_line' id='line_1_70' title="bbox 1370 1094 2415 1150; baseline 0.015 -25"><span class='ocrx_word' id='word_1_544' title='bbox 1370 1096 1420 1127; x_wconf 85' lang='lat' dir='ltr'><strong>est</strong></span> <span class='ocrx_word' id='word_1_545' title='bbox 1436 1094 1560 1127; x_wconf 90' lang='lat' dir='ltr'><strong>malum</strong></span> <span class='ocrx_word' id='word_1_546' title='bbox 1575 1104 1675 1137; x_wconf 85' lang='lat' dir='ltr'><strong>quam</strong></span> <span class='ocrx_word' id='word_1_547' title='bbox 1706 1105 1762 1128; x_wconf 85' lang='lat' dir='ltr'><strong>eas</strong></span> <span class='ocrx_word' id='word_1_548' title='bbox 1781 1106 1857 1139; x_wconf 84' lang='lat' dir='ltr'><strong>quae</strong></span> <span class='ocrx_word' id='word_1_549' title='bbox 1879 1099 1990 1133; x_wconf 86' lang='lat' dir='ltr'><strong>minus</strong></span> <span class='ocrx_word' id='word_1_550' title='bbox 2021 1104 2099 1135; x_wconf 84' lang='lat' dir='ltr'><strong>sunt</strong></span> <span class='ocrx_word' id='word_1_551' title='bbox 2123 1104 2319 1139; x_wconf 77' lang='lat' dir='ltr'><strong>naturales.</strong></span> <span class='ocrx_word' id='word_1_552' title='bbox 2335 1107 2415 1150; x_wconf 69' lang='lat' dir='ltr'><strong>quia</strong></span> 
     </span>
     <span class='ocr_line' id='line_1_71' title="bbox 1370 1153 2415 1208; baseline 0.015 -24"><span class='ocrx_word' id='word_1_553' title='bbox 1370 1154 1463 1186; x_wconf 86' lang='lat' dir='ltr'><strong>venia</strong></span> <span class='ocrx_word' id='word_1_554' title='bbox 1497 1153 1628 1196; x_wconf 84' lang='lat' dir='ltr'><strong>dignius</strong></span> <span class='ocrx_word' id='word_1_555' title='bbox 1661 1155 1726 1187; x_wconf 89' lang='lat' dir='ltr'><strong>tale</strong></span> <span class='ocrx_word' id='word_1_556' title='bbox 1760 1156 1843 1198; x_wconf 91' lang='lat' dir='ltr'><strong>quid</strong></span> <span class='ocrx_word' id='word_1_557' title='bbox 1880 1157 2071 1199; x_wconf 85' lang='lat' dir='ltr'><strong>judicatur.</strong></span> <span class='ocrx_word' id='word_1_558' title='bbox 2105 1161 2175 1204; x_wconf 73' lang='lat' dir='ltr'><strong>iam</strong></span> <span class='ocrx_word' id='word_1_559' title='bbox 2195 1171 2276 1198; x_wconf 80' lang='lat' dir='ltr'><strong>vero</strong></span> <span class='ocrx_word' id='word_1_560' title='bbox 2309 1166 2415 1208; x_wconf 77' lang='lat' dir='ltr'><strong>magis</strong></span> 
     </span>
     <span class='ocr_line' id='line_1_72' title="bbox 1369 1212 2414 1257; baseline 0.011 -11"><span class='ocrx_word' id='word_1_561' title='bbox 1369 1212 1529 1246; x_wconf 86' lang='lat' dir='ltr'><strong>naturalis</strong></span> <span class='ocrx_word' id='word_1_562' title='bbox 1543 1212 1602 1245; x_wconf 80' lang='lat' dir='ltr'><strong>irae</strong></span> <span class='ocrx_word' id='word_1_563' title='bbox 1627 1222 1728 1256; x_wconf 88' lang='lat' dir='ltr'><strong>qnam</strong></span> <span class='ocrx_word' id='word_1_564' title='bbox 1756 1215 1974 1257; x_wconf 88' lang='lat' dir='ltr'><strong>cupiditatum</strong></span> <span class='ocrx_word' id='word_1_565' title='bbox 1996 1218 2232 1254; x_wconf 80' lang='lat' dir='ltr'><strong>incontinentia</strong></span> <span class='ocrx_word' id='word_1_566' title='bbox 2253 1224 2330 1256; x_wconf 79' lang='lat' dir='ltr'><strong>est:</strong></span> <span class='ocrx_word' id='word_1_567' title='bbox 2357 1231 2414 1257; x_wconf 88' lang='lat' dir='ltr'><strong>cu·</strong></span> 
     </span>
     <span class='ocr_line' id='line_1_73' title="bbox 1368 1273 2414 1317; baseline 0.011 -12"><span class='ocrx_word' id='word_1_568' title='bbox 1368 1273 1523 1315; x_wconf 87' lang='lat' dir='ltr'><strong>piditates</strong></span> <span class='ocrx_word' id='word_1_569' title='bbox 1569 1276 1681 1306; x_wconf 88' lang='lat' dir='ltr'><strong>autem</strong></span> <span class='ocrx_word' id='word_1_570' title='bbox 1722 1275 1857 1309; x_wconf 88' lang='lat' dir='ltr'><strong>minime</strong></span> <span class='ocrx_word' id='word_1_571' title='bbox 1886 1278 2087 1312; x_wconf 88' lang='lat' dir='ltr'><strong>necessarias</strong></span> <span class='ocrx_word' id='word_1_572' title='bbox 2113 1281 2148 1313; x_wconf 88' lang='lat' dir='ltr'><strong>et</strong></span> <span class='ocrx_word' id='word_1_573' title='bbox 2180 1281 2414 1317; x_wconf 80' lang='lat' dir='ltr'><strong>immoderatas</strong></span> 
     </span>
     <span class='ocr_line' id='line_1_74' title="bbox 1368 1330 2411 1385; baseline 0.01 -21"><span class='ocrx_word' id='word_1_574' title='bbox 1368 1343 1489 1376; x_wconf 76' lang='lat' dir='ltr'><strong>opum,</strong></span> <span class='ocrx_word' id='word_1_575' title='bbox 1515 1334 1654 1376; x_wconf 83' lang='lat' dir='ltr'><strong>exempli</strong></span> <span class='ocrx_word' id='word_1_576' title='bbox 1677 1335 1800 1377; x_wconf 84' lang='lat' dir='ltr'><strong>gratia,</strong></span> <span class='ocrx_word' id='word_1_577' title='bbox 1819 1336 1872 1369; x_wconf 87' lang='lat' dir='ltr'><strong>vel</strong></span> <span class='ocrx_word' id='word_1_578' title='bbox 1891 1337 2003 1380; x_wconf 85' lang='lat' dir='ltr'><strong>gloriae</strong></span> <span class='ocrx_word' id='word_1_579' title='bbox 2016 1339 2215 1382; x_wconf 86' lang='lat' dir='ltr'><strong>cupiditates</strong></span> <span class='ocrx_word' id='word_1_580' title='bbox 2239 1330 2388 1385; x_wconf 73' lang='lat' dir='ltr'><strong>intelligo</strong></span> <span class='ocrx_word' id='word_1_581' title='bbox 2400 1353 2411 1374; x_wconf 73' lang='grc' dir='ltr'><strong>ε</strong></span> 
     </span>
     <span class='ocr_line' id='line_1_75' title="bbox 1367 1394 2413 1443; baseline 0.011 -19"><span class='ocrx_word' id='word_1_582' title='bbox 1367 1403 1472 1435; x_wconf 86' lang='lat' dir='ltr'><strong>quare</strong></span> <span class='ocrx_word' id='word_1_583' title='bbox 1506 1394 1711 1427; x_wconf 78' lang='lat' dir='ltr'><strong>tolerabilius</strong></span> <span class='ocrx_word' id='word_1_584' title='bbox 1738 1395 1863 1429; x_wconf 90' lang='lat' dir='ltr'><strong>malum</strong></span> <span class='ocrx_word' id='word_1_585' title='bbox 1890 1399 1940 1430; x_wconf 86' lang='lat' dir='ltr'><strong>est</strong></span> <span class='ocrx_word' id='word_1_586' title='bbox 1976 1397 2036 1431; x_wconf 84' lang='lat' dir='ltr'><strong>irae</strong></span> <span class='ocrx_word' id='word_1_587' title='bbox 2058 1408 2160 1442; x_wconf 88' lang='lat' dir='ltr'><strong>quam</strong></span> <span class='ocrx_word' id='word_1_588' title='bbox 2194 1399 2413 1443; x_wconf 74' lang='lat' dir='ltr'><strong>cupiditatum</strong></span> 
     </span>
     <span class='ocr_line' id='line_1_76' title="bbox 1367 1449 2408 1499; baseline 0.012 -18"><span class='ocrx_word' id='word_1_589' title='bbox 1367 1449 1621 1489; x_wconf 85' lang='lat' dir='ltr'><strong>incontinentia,</strong></span> <span class='ocrx_word' id='word_1_590' title='bbox 1663 1451 1748 1484; x_wconf 89' lang='lat' dir='ltr'><strong>illud</strong></span> <span class='ocrx_word' id='word_1_591' title='bbox 1773 1454 1885 1485; x_wconf 90' lang='lat' dir='ltr'><strong>autem</strong></span> <span class='ocrx_word' id='word_1_592' title='bbox 1923 1454 2014 1496; x_wconf 88' lang='lat' dir='ltr'><strong>quod</strong></span> <span class='ocrx_word' id='word_1_593' title='bbox 2040 1456 2144 1499; x_wconf 84' lang='lat' dir='ltr'><strong>magis</strong></span> <span class='ocrx_word' id='word_1_594' title='bbox 2168 1457 2320 1492; x_wconf 63' lang='lat' dir='ltr'><strong>naturate</strong></span> <span class='ocrx_word' id='word_1_595' title='bbox 2341 1461 2408 1496; x_wconf 69' lang='lat' dir='ltr'><strong>est,</strong></span> 
     </span>
     <span class='ocr_line' id='line_1_77' title="bbox 1366 1507 2412 1559; baseline 0.01 -21"><span class='ocrx_word' id='word_1_596' title='bbox 1366 1507 1462 1540; x_wconf 89' lang='lat' dir='ltr'><strong>venia</strong></span> <span class='ocrx_word' id='word_1_597' title='bbox 1492 1507 1592 1540; x_wconf 84' lang='lat' dir='ltr'><strong>etiam</strong></span> <span class='ocrx_word' id='word_1_598' title='bbox 1629 1508 1760 1549; x_wconf 85' lang='lat' dir='ltr'><strong>dignius</strong></span> <span class='ocrx_word' id='word_1_599' title='bbox 1790 1518 1862 1542; x_wconf 91' lang='lat' dir='ltr'><strong>esse</strong></span> <span class='ocrx_word' id='word_1_600' title='bbox 1901 1513 2046 1552; x_wconf 88' lang='lat' dir='ltr'><strong>apparet.</strong></span> <span class='ocrx_word' id='word_1_601' title='bbox 2083 1513 2167 1545; x_wconf 85' lang='lat' dir='ltr'><strong>Nam</strong></span> <span class='ocrx_word' id='word_1_602' title='bbox 2201 1513 2262 1556; x_wconf 88' lang='lat' dir='ltr'><strong>qui</strong></span> <span class='ocrx_word' id='word_1_603' title='bbox 2283 1515 2412 1559; x_wconf 75' lang='lat' dir='ltr'><strong>patrem</strong></span> 
     </span>
     <span class='ocr_line' id='line_1_78' title="bbox 1367 1563 2414 1610; baseline 0.01 -15"><span class='ocrx_word' id='word_1_604' title='bbox 1367 1563 1541 1597; x_wconf 86' lang='lat' dir='ltr'><strong>verberare</strong></span> <span class='ocrx_word' id='word_1_605' title='bbox 1562 1565 1773 1607; x_wconf 80' lang='lat' dir='ltr'><strong>arguebatur,</strong></span> <span class='ocrx_word' id='word_1_606' title='bbox 1794 1567 1842 1599; x_wconf 86' lang='lat' dir='ltr'><strong>ita</strong></span> <span class='ocrx_word' id='word_1_607' title='bbox 1865 1575 1900 1599; x_wconf 92' lang='lat' dir='ltr'><strong>se</strong></span> <span class='ocrx_word' id='word_1_608' title='bbox 1927 1568 2129 1609; x_wconf 81' lang='lat' dir='ltr'><strong>excusabat,</strong></span> <span class='ocrx_word' id='word_1_609' title='bbox 2147 1570 2188 1602; x_wconf 90' lang='lat' dir='ltr'><strong>ut</strong></span> <span class='ocrx_word' id='word_1_610' title='bbox 2200 1568 2337 1610; x_wconf 84' lang='lat' dir='ltr'><strong>diceret,</strong></span> <span class='ocrx_word' id='word_1_611' title='bbox 2357 1580 2414 1605; x_wconf 83' lang='lat' dir='ltr'><strong>ua-</strong></span> 
     </span>
     <span class='ocr_line' id='line_1_79' title="bbox 1366 1621 2409 1670; baseline 0.009 -17"><span class='ocrx_word' id='word_1_612' title='bbox 1366 1621 1509 1654; x_wconf 85' lang='lat' dir='ltr'><strong>turalem</strong></span> <span class='ocrx_word' id='word_1_613' title='bbox 1535 1621 1598 1654; x_wconf 85' lang='lat' dir='ltr'><strong>sibi</strong></span> <span class='ocrx_word' id='word_1_614' title='bbox 1627 1631 1699 1655; x_wconf 88' lang='lat' dir='ltr'><strong>esse</strong></span> <span class='ocrx_word' id='word_1_615' title='bbox 1725 1622 1824 1656; x_wconf 89' lang='lat' dir='ltr'><strong>talem</strong></span> <span class='ocrx_word' id='word_1_616' title='bbox 1853 1624 1936 1656; x_wconf 85' lang='lat' dir='ltr'><strong>iram</strong></span> <span class='ocrx_word' id='word_1_617' title='bbox 1960 1627 1994 1656; x_wconf 91' lang='lat' dir='ltr'><strong>et</strong></span> <span class='ocrx_word' id='word_1_618' title='bbox 2014 1624 2086 1666; x_wconf 81' lang='lat' dir='ltr'><strong>ejus</strong></span> <span class='ocrx_word' id='word_1_619' title='bbox 2119 1625 2409 1670; x_wconf 79' lang='lat' dir='ltr'><strong>incontinentiam3</strong></span> 
     </span>
     <span class='ocr_line' id='line_1_80' title="bbox 1366 1678 2412 1726; baseline 0.01 -17"><span class='ocrx_word' id='word_1_620' title='bbox 1366 1678 1488 1710; x_wconf 90' lang='lat' dir='ltr'><strong>etenim</strong></span> <span class='ocrx_word' id='word_1_621' title='bbox 1507 1680 1540 1710; x_wconf 89' lang='lat' dir='ltr'><strong>et</strong></span> <span class='ocrx_word' id='word_1_622' title='bbox 1554 1680 1681 1721; x_wconf 85' lang='lat' dir='ltr'><strong>patrem</strong></span> <span class='ocrx_word' id='word_1_623' title='bbox 1709 1689 1806 1712; x_wconf 90' lang='lat' dir='ltr'><strong>suum</strong></span> <span class='ocrx_word' id='word_1_624' title='bbox 1832 1681 2023 1723; x_wconf 78' lang='lat' dir='ltr'><strong>huJusmodi</strong></span> <span class='ocrx_word' id='word_1_625' title='bbox 2049 1683 2195 1724; x_wconf 87' lang='lat' dir='ltr'><strong>parentis</strong></span> <span class='ocrx_word' id='word_1_626' title='bbox 2207 1683 2412 1726; x_wconf 81' lang='lat' dir='ltr'><strong>pulsatorem</strong></span> 
     </span>
     <span class='ocr_line' id='line_1_81' title="bbox 1364 1734 2413 1780; baseline 0.009 -13"><span class='ocrx_word' id='word_1_627' title='bbox 1364 1734 1466 1767; x_wconf 87' lang='lat' dir='ltr'><strong>fuisse</strong></span> <span class='ocrx_word' id='word_1_628' title='bbox 1481 1738 1515 1768; x_wconf 87' lang='lat' dir='ltr'><strong>et</strong></span> <span class='ocrx_word' id='word_1_629' title='bbox 1534 1745 1633 1768; x_wconf 89' lang='lat' dir='ltr'><strong>avum</strong></span> <span class='ocrx_word' id='word_1_630' title='bbox 1645 1763 1652 1774; x_wconf 91' lang='lat'><strong>,</strong></span> <span class='ocrx_word' id='word_1_631' title='bbox 1668 1737 1750 1779; x_wconf 87' lang='lat' dir='ltr'><strong>quin</strong></span> <span class='ocrx_word' id='word_1_632' title='bbox 1763 1738 1862 1770; x_wconf 86' lang='lat' dir='ltr'><strong>etiam</strong></span> <span class='ocrx_word' id='word_1_633' title='bbox 1877 1738 1981 1770; x_wconf 83' lang='lat' dir='ltr'><strong>tilium</strong></span> <span class='ocrx_word' id='word_1_634' title='bbox 2006 1748 2104 1772; x_wconf 91' lang='lat' dir='ltr'><strong>suum</strong></span> <span class='ocrx_word' id='word_1_635' title='bbox 2126 1739 2227 1773; x_wconf 87' lang='lat' dir='ltr'><strong>talem</strong></span> <span class='ocrx_word' id='word_1_636' title='bbox 2247 1739 2328 1780; x_wconf 75' lang='lat' dir='ltr'><strong>fore,</strong></span> <span class='ocrx_word' id='word_1_637' title='bbox 2354 1741 2413 1776; x_wconf 83' lang='lat' dir='ltr'><strong>ubi</strong></span> 
     </span>
     <span class='ocr_line' id='line_1_82' title="bbox 1366 1795 2410 1843; baseline 0.008 -15"><span class='ocrx_word' id='word_1_638' title='bbox 1366 1795 1575 1834; x_wconf 86' lang='lat' dir='ltr'><strong>adolevisset,</strong></span> <span class='ocrx_word' id='word_1_639' title='bbox 1597 1798 1635 1828; x_wconf 90' lang='lat' dir='ltr'><strong>ut</strong></span> <span class='ocrx_word' id='word_1_640' title='bbox 1655 1806 1690 1829; x_wconf 86' lang='lat' dir='ltr'><strong>se</strong></span> <span class='ocrx_word' id='word_1_641' title='bbox 1706 1796 1897 1836; x_wconf 80' lang='lat' dir='ltr'><strong>verberibus</strong></span> <span class='ocrx_word' id='word_1_642' title='bbox 1913 1798 2054 1831; x_wconf 83' lang='lat' dir='ltr'><strong>caederet</strong></span> <span class='ocrx_word' id='word_1_643' title='bbox 2075 1811 2083 1831; x_wconf 91' lang='lat'><strong>:</strong></span> <span class='ocrx_word' id='word_1_644' title='bbox 2101 1801 2136 1832; x_wconf 88' lang='lat' dir='ltr'><strong>et</strong></span> <span class='ocrx_word' id='word_1_645' title='bbox 2150 1799 2236 1834; x_wconf 82' lang='lat' dir='ltr'><strong>alius</strong></span> <span class='ocrx_word' id='word_1_646' title='bbox 2255 1801 2410 1843; x_wconf 81' lang='lat' dir='ltr'><strong>quidam,</strong></span> 
     </span>
     <span class='ocr_line' id='line_1_83' title="bbox 1364 1851 2411 1894; baseline 0.01 -12"><span class='ocrx_word' id='word_1_647' title='bbox 1364 1851 1423 1893; x_wconf 91' lang='lat' dir='ltr'><strong>qui</strong></span> <span class='ocrx_word' id='word_1_648' title='bbox 1456 1861 1560 1894; x_wconf 87' lang='lat' dir='ltr'><strong>quum</strong></span> <span class='ocrx_word' id='word_1_649' title='bbox 1587 1861 1606 1884; x_wconf 91' lang='lat' dir='ltr'><strong>a</strong></span> <span class='ocrx_word' id='word_1_650' title='bbox 1642 1852 1707 1884; x_wconf 84' lang='lat' dir='ltr'><strong>filio</strong></span> <span class='ocrx_word' id='word_1_651' title='bbox 1743 1853 1941 1894; x_wconf 83' lang='lat' dir='ltr'><strong>traheretur,</strong></span> <span class='ocrx_word' id='word_1_652' title='bbox 1969 1853 2012 1887; x_wconf 86' lang='lat' dir='ltr'><strong>ad</strong></span> <span class='ocrx_word' id='word_1_653' title='bbox 2036 1853 2125 1888; x_wconf 82' lang='lat' dir='ltr'><strong>fores</strong></span> <span class='ocrx_word' id='word_1_654' title='bbox 2151 1864 2228 1889; x_wconf 89' lang='lat' dir='ltr'><strong>eum</strong></span> <span class='ocrx_word' id='word_1_655' title='bbox 2250 1855 2411 1892; x_wconf 77' lang='lat' dir='ltr'><strong>desistere</strong></span> 
     </span>
    </p>
   </div>
   <div class='ocr_carea' id='block_1_9' title="bbox 1364 1908 2426 1958">
    <p class='ocr_par' dir='ltr' id='par_1_11' title="bbox 1364 1908 2426 1958">
     <span class='ocr_line' id='line_1_84' title="bbox 1364 1908 2426 1958; baseline 0.008 -18"><span class='ocrx_word' id='word_1_656' title='bbox 1364 1908 1620 1950; x_wconf 74' lang='lat' dir='ltr'><strong>Jubebat..Nam</strong></span> <span class='ocrx_word' id='word_1_657' title='bbox 1645 1911 1679 1942; x_wconf 91' lang='lat' dir='ltr'><strong>et</strong></span> <span class='ocrx_word' id='word_1_658' title='bbox 1697 1919 1766 1951; x_wconf 87' lang='lat' dir='ltr'><strong>ego,</strong></span> <span class='ocrx_word' id='word_1_659' title='bbox 1795 1910 1924 1952; x_wconf 84' lang='lat' dir='ltr'><strong>inquit,</strong></span> <span class='ocrx_word' id='word_1_660' title='bbox 1950 1913 2078 1953; x_wconf 86' lang='lat' dir='ltr'><strong>patrem</strong></span> <span class='ocrx_word' id='word_1_661' title='bbox 2099 1920 2211 1946; x_wconf 89' lang='lat' dir='ltr'><strong>meum</strong></span> <span class='ocrx_word' id='word_1_662' title='bbox 2235 1911 2426 1958; x_wconf 69' lang='lat' dir='ltr'><strong>hucusque</strong></span> 
     </span>
    </p>
   </div>
   <div class='ocr_carea' id='block_1_10' title="bbox 1363 1965 2409 2067">
    <p class='ocr_par' dir='ltr' id='par_1_12' title="bbox 1363 1965 2409 2067">
     <span class='ocr_line' id='line_1_85' title="bbox 1363 1965 2409 2010; baseline 0.006 -14"><span class='ocrx_word' id='word_1_663' title='bbox 1363 1965 1449 1997; x_wconf 84' lang='lat' dir='ltr'><strong>traxi</strong></span> <span class='ocrx_word' id='word_1_664' title='bbox 1480 1978 1487 1997; x_wconf 78' lang='lat' dir='ltr'><strong><em>z</em></strong></span> <span class='ocrx_word' id='word_1_665' title='bbox 1508 1967 1600 2007; x_wconf 85' lang='lat' dir='ltr'><strong>patet</strong></span> <span class='ocrx_word' id='word_1_666' title='bbox 1627 1965 1738 2007; x_wconf 83' lang='lat' dir='ltr'><strong>igitur,</strong></span> <span class='ocrx_word' id='word_1_667' title='bbox 1766 1968 1876 2009; x_wconf 88' lang='lat' dir='ltr'><strong>turpia</strong></span> <span class='ocrx_word' id='word_1_668' title='bbox 1898 1967 2164 2009; x_wconf 85' lang='lat' dir='ltr'><strong>quoddammodo</strong></span> <span class='ocrx_word' id='word_1_669' title='bbox 2190 1971 2356 2010; x_wconf 84' lang='lat' dir='ltr'><strong>excusari,</strong></span> <span class='ocrx_word' id='word_1_670' title='bbox 2379 1969 2409 2005; x_wconf 86' lang='lat' dir='ltr'><strong>si</strong></span> 
     </span>
     <span class='ocr_line' id='line_1_86' title="bbox 1363 2022 2404 2067; baseline 0.007 -13"><span class='ocrx_word' id='word_1_671' title='bbox 1363 2022 1439 2063; x_wconf 88' lang='lat' dir='ltr'><strong>quis</strong></span> <span class='ocrx_word' id='word_1_672' title='bbox 1465 2022 1509 2054; x_wconf 88' lang='lat' dir='ltr'><strong>ad</strong></span> <span class='ocrx_word' id='word_1_673' title='bbox 1526 2031 1565 2055; x_wconf 89' lang='lat' dir='ltr'><strong>ea</strong></span> <span class='ocrx_word' id='word_1_674' title='bbox 1593 2025 1691 2055; x_wconf 87' lang='lat' dir='ltr'><strong>natus</strong></span> <span class='ocrx_word' id='word_1_675' title='bbox 1710 2023 1753 2055; x_wconf 88' lang='lat' dir='ltr'><strong>sit</strong></span> <span class='ocrx_word' id='word_1_676' title='bbox 1779 2025 1812 2056; x_wconf 87' lang='lat' dir='ltr'><strong>et</strong></span> <span class='ocrx_word' id='word_1_677' title='bbox 1831 2023 1938 2056; x_wconf 84' lang='lat' dir='ltr'><strong>levius</strong></span> <span class='ocrx_word' id='word_1_678' title='bbox 1962 2024 2025 2057; x_wconf 90' lang='lat' dir='ltr'><strong>hoc</strong></span> <span class='ocrx_word' id='word_1_679' title='bbox 2050 2027 2148 2067; x_wconf 87' lang='lat' dir='ltr'><strong>pacto</strong></span> <span class='ocrx_word' id='word_1_680' title='bbox 2173 2025 2247 2059; x_wconf 81' lang='lat' dir='ltr'><strong>fieri</strong></span> <span class='ocrx_word' id='word_1_681' title='bbox 2269 2027 2404 2064; x_wconf 89' lang='lat' dir='ltr'><strong>crimen.</strong></span> 
     </span>
    </p>
   </div>
   <div class='ocr_carea' id='block_1_11' title="bbox 1361 2084 2421 2129">
    <p class='ocr_par' dir='ltr' id='par_1_13' title="bbox 1361 2084 2421 2129">
     <span class='ocr_line' id='line_1_87' title="bbox 1361 2084 2421 2129; baseline 0.006 -14"><span class='ocrx_word' id='word_1_682' title='bbox 1361 2084 1443 2115; x_wconf 90' lang='lat' dir='ltr'><strong>Esse</strong></span> <span class='ocrx_word' id='word_1_683' title='bbox 1467 2085 1581 2116; x_wconf 88' lang='lat' dir='ltr'><strong>autem</strong></span> <span class='ocrx_word' id='word_1_684' title='bbox 1605 2084 1710 2124; x_wconf 85' lang='lat' dir='ltr'><strong>magis</strong></span> <span class='ocrx_word' id='word_1_685' title='bbox 1750 2084 1935 2117; x_wconf 85' lang='lat' dir='ltr'><strong>naturalem</strong></span> <span class='ocrx_word' id='word_1_686' title='bbox 1965 2085 2024 2117; x_wconf 89' lang='lat' dir='ltr'><strong>irae</strong></span> <span class='ocrx_word' id='word_1_687' title='bbox 2058 2094 2160 2127; x_wconf 89' lang='lat' dir='ltr'><strong>quam</strong></span> <span class='ocrx_word' id='word_1_688' title='bbox 2185 2085 2421 2129; x_wconf 77' lang='lat' dir='ltr'><strong>cupiditatum</strong></span> 
     </span>
    </p>
   </div>
   <div class='ocr_carea' id='block_1_12' title="bbox 1354 2138 2408 2928">
    <p class='ocr_par' dir='ltr' id='par_1_14' title="bbox 1354 2138 2408 2928">
     <span class='ocr_line' id='line_1_88' title="bbox 1361 2138 2408 2186; baseline 0.006 -16"><span class='ocrx_word' id='word_1_689' title='bbox 1361 2138 1651 2180; x_wconf 86' lang='lat' dir='ltr'><strong>incontinentiam,</strong></span> <span class='ocrx_word' id='word_1_690' title='bbox 1685 2139 1898 2173; x_wconf 84' lang='lat' dir='ltr'><strong>manifestum</strong></span> <span class='ocrx_word' id='word_1_691' title='bbox 1937 2142 1988 2174; x_wconf 84' lang='lat' dir='ltr'><strong>est</strong></span> <span class='ocrx_word' id='word_1_692' title='bbox 2017 2153 2027 2174; x_wconf 69' lang='grc' dir='ltr'><strong>ι</strong></span> <span class='ocrx_word' id='word_1_693' title='bbox 2066 2140 2258 2184; x_wconf 88' lang='lat' dir='ltr'><strong>simpliciter</strong></span> <span class='ocrx_word' id='word_1_694' title='bbox 2284 2142 2408 2186; x_wconf 85' lang='lat' dir='ltr'><strong>quippe</strong></span> 
     </span>
     <span class='ocr_line' id='line_1_89' title="bbox 1360 2195 2407 2244; baseline 0.007 -17"><span class='ocrx_word' id='word_1_695' title='bbox 1360 2195 1457 2228; x_wconf 84' lang='lat' dir='ltr'><strong>irasci</strong></span> <span class='ocrx_word' id='word_1_696' title='bbox 1473 2196 1577 2237; x_wconf 87' lang='lat' dir='ltr'><strong>magis</strong></span> <span class='ocrx_word' id='word_1_697' title='bbox 1592 2196 1741 2229; x_wconf 88' lang='lat' dir='ltr'><strong>naturale</strong></span> <span class='ocrx_word' id='word_1_698' title='bbox 1761 2199 1827 2235; x_wconf 87' lang='lat' dir='ltr'><strong>est,</strong></span> <span class='ocrx_word' id='word_1_699' title='bbox 1852 2206 1953 2239; x_wconf 89' lang='lat' dir='ltr'><strong>quam</strong></span> <span class='ocrx_word' id='word_1_700' title='bbox 1972 2207 2026 2231; x_wconf 86' lang='lat' dir='ltr'><strong>res</strong></span> <span class='ocrx_word' id='word_1_701' title='bbox 2048 2207 2114 2231; x_wconf 90' lang='lat' dir='ltr'><strong>non</strong></span> <span class='ocrx_word' id='word_1_702' title='bbox 2133 2199 2334 2234; x_wconf 83' lang='lat' dir='ltr'><strong>necessarias</strong></span> <span class='ocrx_word' id='word_1_703' title='bbox 2351 2209 2407 2244; x_wconf 87' lang='lat' dir='ltr'><strong>ap-</strong></span> 
     </span>
     <span class='ocr_line' id='line_1_90' title="bbox 1362 2252 2406 2292; baseline 0.007 -10"><span class='ocrx_word' id='word_1_704' title='bbox 1362 2253 1473 2292; x_wconf 86' lang='lat' dir='ltr'><strong>petere</strong></span> <span class='ocrx_word' id='word_1_705' title='bbox 1491 2265 1499 2283; x_wconf 89' lang='lat'>:</span> <span class='ocrx_word' id='word_1_706' title='bbox 1521 2252 1678 2284; x_wconf 90' lang='lat' dir='ltr'><strong>nimirum</strong></span> <span class='ocrx_word' id='word_1_707' title='bbox 1696 2252 1746 2284; x_wconf 88' lang='lat' dir='ltr'><strong>ira</strong></span> <span class='ocrx_word' id='word_1_708' title='bbox 1764 2252 1808 2284; x_wconf 88' lang='lat' dir='ltr'><strong>ad</strong></span> <span class='ocrx_word' id='word_1_709' title='bbox 1827 2255 1954 2286; x_wconf 82' lang='lat' dir='ltr'><strong>naturae</strong></span> <span class='ocrx_word' id='word_1_710' title='bbox 1971 2254 2253 2288; x_wconf 76' lang='lat' dir='ltr'><strong>conservationem</strong></span> <span class='ocrx_word' id='word_1_711' title='bbox 2264 2254 2406 2289; x_wconf 88' lang='lat' dir='ltr'><strong>homini·</strong></span> 
     </span>
     <span class='ocr_line' id='line_1_91' title="bbox 1360 2308 2405 2350; baseline 0.006 -10"><span class='ocrx_word' id='word_1_712' title='bbox 1360 2308 1422 2341; x_wconf 88' lang='lat' dir='ltr'><strong>bus</strong></span> <span class='ocrx_word' id='word_1_713' title='bbox 1440 2309 1538 2341; x_wconf 86' lang='lat' dir='ltr'><strong>insita</strong></span> <span class='ocrx_word' id='word_1_714' title='bbox 1556 2311 1625 2348; x_wconf 88' lang='lat' dir='ltr'><strong>est,</strong></span> <span class='ocrx_word' id='word_1_715' title='bbox 1648 2311 1686 2341; x_wconf 90' lang='lat' dir='ltr'><strong>ut</strong></span> <span class='ocrx_word' id='word_1_716' title='bbox 1702 2319 1798 2342; x_wconf 90' lang='lat' dir='ltr'><strong>omne</strong></span> <span class='ocrx_word' id='word_1_717' title='bbox 1817 2309 1975 2342; x_wconf 88' lang='lat' dir='ltr'><strong>damnum</strong></span> <span class='ocrx_word' id='word_1_718' title='bbox 1988 2311 2174 2350; x_wconf 88' lang='lat' dir='ltr'><strong>amoliatur,</strong></span> <span class='ocrx_word' id='word_1_719' title='bbox 2193 2313 2227 2345; x_wconf 86' lang='lat' dir='ltr'><strong>et</strong></span> <span class='ocrx_word' id='word_1_720' title='bbox 2247 2311 2315 2346; x_wconf 82' lang='lat' dir='ltr'><strong>huc</strong></span> <span class='ocrx_word' id='word_1_721' title='bbox 2331 2314 2405 2346; x_wconf 86' lang='lat' dir='ltr'><strong>ten-</strong></span> 
     </span>
     <span class='ocr_line' id='line_1_92' title="bbox 1359 2363 2401 2410; baseline 0.006 -15"><span class='ocrx_word' id='word_1_722' title='bbox 1359 2363 1409 2396; x_wconf 87' lang='lat' dir='ltr'><strong>dit</strong></span> <span class='ocrx_word' id='word_1_723' title='bbox 1435 2377 1444 2396; x_wconf 84' lang='lat'>:</span> <span class='ocrx_word' id='word_1_724' title='bbox 1474 2373 1587 2397; x_wconf 90' lang='lat' dir='ltr'><strong>eorum</strong></span> <span class='ocrx_word' id='word_1_725' title='bbox 1619 2373 1698 2397; x_wconf 86' lang='lat' dir='ltr'><strong>vero</strong></span> <span class='ocrx_word' id='word_1_726' title='bbox 1715 2373 1791 2406; x_wconf 81' lang='lat' dir='ltr'><strong>quae</strong></span> <span class='ocrx_word' id='word_1_727' title='bbox 1818 2374 1883 2397; x_wconf 90' lang='lat' dir='ltr'><strong>non</strong></span> <span class='ocrx_word' id='word_1_728' title='bbox 1914 2366 2098 2398; x_wconf 86' lang='lat' dir='ltr'><strong>necessaria</strong></span> <span class='ocrx_word' id='word_1_729' title='bbox 2126 2369 2204 2399; x_wconf 89' lang='lat' dir='ltr'><strong>sunt</strong></span> <span class='ocrx_word' id='word_1_730' title='bbox 2221 2367 2401 2410; x_wconf 78' lang='lat' dir='ltr'><strong>cupiditas,</strong></span> 
     </span>
     <span class='ocr_line' id='line_1_93' title="bbox 1360 2420 2403 2462; baseline 0.006 -10"><span class='ocrx_word' id='word_1_731' title='bbox 1360 2430 1424 2453; x_wconf 93' lang='lat' dir='ltr'><strong>non</strong></span> <span class='ocrx_word' id='word_1_732' title='bbox 1442 2420 1544 2462; x_wconf 83' lang='lat' dir='ltr'><strong>item3</strong></span> <span class='ocrx_word' id='word_1_733' title='bbox 1566 2430 1643 2454; x_wconf 90' lang='lat' dir='ltr'><strong>nam</strong></span> <span class='ocrx_word' id='word_1_734' title='bbox 1662 2423 1696 2454; x_wconf 89' lang='lat' dir='ltr'><strong>et</strong></span> <span class='ocrx_word' id='word_1_735' title='bbox 1712 2421 1780 2454; x_wconf 89' lang='lat' dir='ltr'><strong>sine</strong></span> <span class='ocrx_word' id='word_1_736' title='bbox 1796 2421 1934 2454; x_wconf 85' lang='lat' dir='ltr'><strong>victoria</strong></span> <span class='ocrx_word' id='word_1_737' title='bbox 1954 2425 2012 2454; x_wconf 90' lang='lat' dir='ltr'><strong>aut</strong></span> <span class='ocrx_word' id='word_1_738' title='bbox 2034 2423 2104 2455; x_wconf 84' lang='lat' dir='ltr'><strong>sine</strong></span> <span class='ocrx_word' id='word_1_739' title='bbox 2127 2423 2251 2457; x_wconf 89' lang='lat' dir='ltr'><strong>honore</strong></span> <span class='ocrx_word' id='word_1_740' title='bbox 2270 2433 2403 2458; x_wconf 86' lang='lat' dir='ltr'><strong>conser-</strong></span> 
     </span>
     <span class='ocr_line' id='line_1_94' title="bbox 1358 2477 2404 2521; baseline 0.004 -11"><span class='ocrx_word' id='word_1_741' title='bbox 1358 2478 1431 2511; x_wconf 88' lang='lat' dir='ltr'><strong>vari</strong></span> <span class='ocrx_word' id='word_1_742' title='bbox 1447 2480 1565 2510; x_wconf 84' lang='lat' dir='ltr'><strong>natura</strong></span> <span class='ocrx_word' id='word_1_743' title='bbox 1590 2479 1698 2520; x_wconf 88' lang='lat' dir='ltr'><strong>potest</strong></span> <span class='ocrx_word' id='word_1_744' title='bbox 1715 2490 1723 2509; x_wconf 88' lang='lat'>:</span> <span class='ocrx_word' id='word_1_745' title='bbox 1746 2477 1886 2519; x_wconf 88' lang='lat' dir='ltr'><strong>ideoque</strong></span> <span class='ocrx_word' id='word_1_746' title='bbox 1905 2478 1954 2511; x_wconf 90' lang='lat' dir='ltr'><strong>ira</strong></span> <span class='ocrx_word' id='word_1_747' title='bbox 1971 2478 2195 2521; x_wconf 86' lang='lat' dir='ltr'><strong>etiam&#39;magis</strong></span> <span class='ocrx_word' id='word_1_748' title='bbox 2219 2481 2404 2514; x_wconf 88' lang='lat' dir='ltr'><strong>communis</strong></span> 
     </span>
     <span class='ocr_line' id='line_1_95' title="bbox 1358 2534 2402 2580; baseline 0.003 -12"><span class='ocrx_word' id='word_1_749' title='bbox 1358 2537 1408 2568; x_wconf 91' lang='lat' dir='ltr'><strong>est</strong></span> <span class='ocrx_word' id='word_1_750' title='bbox 1429 2544 1530 2577; x_wconf 88' lang='lat' dir='ltr'><strong>quam</strong></span> <span class='ocrx_word' id='word_1_751' title='bbox 1546 2534 1745 2577; x_wconf 87' lang='lat' dir='ltr'><strong>cupiditates</strong></span> <span class='ocrx_word' id='word_1_752' title='bbox 1766 2543 1830 2580; x_wconf 83' lang='lat' dir='ltr'><strong>non</strong></span> <span class='ocrx_word' id='word_1_753' title='bbox 1858 2535 2052 2567; x_wconf 81' lang='lat' dir='ltr'><strong>necessariae</strong></span> <span class='ocrx_word' id='word_1_754' title='bbox 2074 2548 2081 2567; x_wconf 71' lang='grc' dir='ltr'><strong>ι</strong></span> <span class='ocrx_word' id='word_1_755' title='bbox 2102 2535 2160 2568; x_wconf 85' lang='lat' dir='ltr'><strong>illa</strong></span> <span class='ocrx_word' id='word_1_756' title='bbox 2186 2535 2274 2569; x_wconf 89' lang='lat' dir='ltr'><strong>enim</strong></span> <span class='ocrx_word' id='word_1_757' title='bbox 2293 2537 2402 2570; x_wconf 88' lang='lat' dir='ltr'><strong>omni-</strong></span> 
     </span>
     <span class='ocr_line' id='line_1_96' title="bbox 1361 2591 2403 2631; baseline 0.003 -7"><span class='ocrx_word' id='word_1_758' title='bbox 1361 2592 1422 2625; x_wconf 88' lang='lat' dir='ltr'><strong>bus</strong></span> <span class='ocrx_word' id='word_1_759' title='bbox 1446 2595 1480 2625; x_wconf 89' lang='lat' dir='ltr'><strong>et</strong></span> <span class='ocrx_word' id='word_1_760' title='bbox 1498 2592 1688 2626; x_wconf 85' lang='lat' dir='ltr'><strong>hominibus</strong></span> <span class='ocrx_word' id='word_1_761' title='bbox 1706 2592 1792 2624; x_wconf 87' lang='lat' dir='ltr'><strong>inest</strong></span> <span class='ocrx_word' id='word_1_762' title='bbox 1810 2593 1843 2624; x_wconf 88' lang='lat' dir='ltr'><strong>et</strong></span> <span class='ocrx_word' id='word_1_763' title='bbox 1858 2591 2070 2631; x_wconf 85' lang='lat' dir='ltr'><strong>animalibus,</strong></span> <span class='ocrx_word' id='word_1_764' title='bbox 2086 2592 2139 2625; x_wconf 81' lang='lat' dir='ltr'><strong>hae</strong></span> <span class='ocrx_word' id='word_1_765' title='bbox 2149 2601 2279 2627; x_wconf 82' lang='lat' dir='ltr'><strong>verone</strong></span> <span class='ocrx_word' id='word_1_766' title='bbox 2295 2594 2403 2627; x_wconf 90' lang='lat' dir='ltr'><strong>omni-</strong></span> 
     </span>
     <span class='ocr_line' id='line_1_97' title="bbox 1357 2650 2402 2695; baseline 0.005 -12"><span class='ocrx_word' id='word_1_767' title='bbox 1357 2650 1420 2684; x_wconf 89' lang='lat' dir='ltr'><strong>bus</strong></span> <span class='ocrx_word' id='word_1_768' title='bbox 1436 2651 1572 2694; x_wconf 88' lang='lat' dir='ltr'><strong>quidem</strong></span> <span class='ocrx_word' id='word_1_769' title='bbox 1589 2651 1788 2685; x_wconf 88' lang='lat' dir='ltr'><strong>hominihus.</strong></span> <span class='ocrx_word' id='word_1_770' title='bbox 1811 2652 1923 2689; x_wconf 89' lang='lat' dir='ltr'><strong>Quum</strong></span> <span class='ocrx_word' id='word_1_771' title='bbox 1938 2653 2051 2684; x_wconf 90' lang='lat' dir='ltr'><strong>autem</strong></span> <span class='ocrx_word' id='word_1_772' title='bbox 2073 2652 2123 2685; x_wconf 88' lang='lat' dir='ltr'><strong>ira</strong></span> <span class='ocrx_word' id='word_1_773' title='bbox 2141 2653 2247 2695; x_wconf 82' lang='lat' dir='ltr'><strong>magis</strong></span> <span class='ocrx_word' id='word_1_774' title='bbox 2264 2656 2402 2688; x_wconf 86' lang='lat' dir='ltr'><strong>natura-</strong></span> 
     </span>
     <span class='ocr_line' id='line_1_98' title="bbox 1362 2708 2401 2752; baseline 0.005 -10"><span class='ocrx_word' id='word_1_775' title='bbox 1362 2710 1403 2742; x_wconf 90' lang='lat' dir='ltr'><strong>lis</strong></span> <span class='ocrx_word' id='word_1_776' title='bbox 1425 2710 1468 2743; x_wconf 87' lang='lat' dir='ltr'><strong>sit</strong></span> <span class='ocrx_word' id='word_1_777' title='bbox 1484 2719 1585 2752; x_wconf 88' lang='lat' dir='ltr'><strong>quam</strong></span> <span class='ocrx_word' id='word_1_778' title='bbox 1606 2709 1766 2752; x_wconf 87' lang='lat' dir='ltr'><strong>ejusmodi</strong></span> <span class='ocrx_word' id='word_1_779' title='bbox 1788 2708 1987 2752; x_wconf 86' lang='lat' dir='ltr'><strong>cupiditates</strong></span> <span class='ocrx_word' id='word_1_780' title='bbox 1999 2736 2006 2748; x_wconf 91' lang='lat'><strong>,</strong></span> <span class='ocrx_word' id='word_1_781' title='bbox 2027 2712 2062 2743; x_wconf 91' lang='lat' dir='ltr'><strong>et</strong></span> <span class='ocrx_word' id='word_1_782' title='bbox 2081 2710 2204 2745; x_wconf 86' lang='lat' dir='ltr'><strong>nimius</strong></span> <span class='ocrx_word' id='word_1_783' title='bbox 2229 2711 2288 2746; x_wconf 81' lang='lat' dir='ltr'><strong>iroe</strong></span> <span class='ocrx_word' id='word_1_784' title='bbox 2302 2713 2401 2747; x_wconf 87' lang='lat' dir='ltr'><strong>ardor</strong></span> 
     </span>
     <span class='ocr_line' id='line_1_99' title="bbox 1355 2768 2400 2812; baseline 0.005 -11"><span class='ocrx_word' id='word_1_785' title='bbox 1355 2769 1460 2812; x_wconf 86' lang='lat' dir='ltr'><strong>magis</strong></span> <span class='ocrx_word' id='word_1_786' title='bbox 1482 2769 1642 2802; x_wconf 84' lang='lat' dir='ltr'><strong>naturalis</strong></span> <span class='ocrx_word' id='word_1_787' title='bbox 1659 2769 1719 2807; x_wconf 85' lang='lat' dir='ltr'><strong>sit,</strong></span> <span class='ocrx_word' id='word_1_788' title='bbox 1736 2777 1839 2811; x_wconf 88' lang='lat' dir='ltr'><strong>quam</strong></span> <span class='ocrx_word' id='word_1_789' title='bbox 1859 2768 2086 2802; x_wconf 83' lang='lat' dir='ltr'><strong>immoderatae</strong></span> <span class='ocrx_word' id='word_1_790' title='bbox 2099 2769 2316 2812; x_wconf 86' lang='lat' dir='ltr'><strong>cupiditates.</strong></span> <span class='ocrx_word' id='word_1_791' title='bbox 2345 2780 2400 2807; x_wconf 84' lang='lat' dir='ltr'><strong>se-</strong></span> 
     </span>
     <span class='ocr_line' id='line_1_100' title="bbox 1355 2827 2399 2873; baseline 0.003 -13"><span class='ocrx_word' id='word_1_792' title='bbox 1355 2828 1471 2870; x_wconf 87' lang='lat' dir='ltr'><strong>quitur</strong></span> <span class='ocrx_word' id='word_1_793' title='bbox 1501 2827 1560 2860; x_wconf 86' lang='lat' dir='ltr'><strong>irae</strong></span> <span class='ocrx_word' id='word_1_794' title='bbox 1587 2827 1860 2860; x_wconf 83' lang='lat' dir='ltr'><strong>incontinentiam</strong></span> <span class='ocrx_word' id='word_1_795' title='bbox 1891 2827 1996 2868; x_wconf 85' lang='lat' dir='ltr'><strong>magis</strong></span> <span class='ocrx_word' id='word_1_796' title='bbox 2023 2827 2207 2861; x_wconf 86' lang='lat' dir='ltr'><strong>naturalem</strong></span> <span class='ocrx_word' id='word_1_797' title='bbox 2218 2853 2227 2866; x_wconf 89' lang='lat'><strong>,</strong></span> <span class='ocrx_word' id='word_1_798' title='bbox 2257 2827 2399 2873; x_wconf 79' lang='lat' dir='ltr'><strong>ideoque</strong></span> 
     </span>
     <span class='ocr_line' id='line_1_101' title="bbox 1354 2885 2333 2928; baseline 0.001 -9"><span class='ocrx_word' id='word_1_799' title='bbox 1354 2886 1464 2919; x_wconf 89' lang='lat' dir='ltr'><strong>minus</strong></span> <span class='ocrx_word' id='word_1_800' title='bbox 1479 2885 1602 2919; x_wconf 81' lang='lat' dir='ltr'><strong>foedam</strong></span> <span class='ocrx_word' id='word_1_801' title='bbox 1617 2894 1689 2918; x_wconf 85' lang='lat' dir='ltr'><strong>esse</strong></span> <span class='ocrx_word' id='word_1_802' title='bbox 1701 2894 1801 2928; x_wconf 88' lang='lat' dir='ltr'><strong>quam</strong></span> <span class='ocrx_word' id='word_1_803' title='bbox 1818 2885 2037 2928; x_wconf 87' lang='lat' dir='ltr'><strong>cupiditatum</strong></span> <span class='ocrx_word' id='word_1_804' title='bbox 2054 2885 2333 2920; x_wconf 81' lang='lat' dir='ltr'><strong>incontinentiam.</strong></span> 
     </span>
    </p>
   </div>
   <div class='ocr_carea' id='block_1_13' title="bbox 1351 2954 2399 3296">
    <p class='ocr_par' dir='ltr' id='par_1_15' title="bbox 1351 2954 2399 3296">
     <span class='ocr_line' id='line_1_102' title="bbox 1396 2954 2399 2998; baseline 0.001 -10"><span class='ocrx_word' id='word_1_805' title='bbox 1396 2957 1560 2988; x_wconf 84' lang='lat' dir='ltr'><strong>Praeterea</strong></span> <span class='ocrx_word' id='word_1_806' title='bbox 1587 2954 1674 2988; x_wconf 90' lang='lat' dir='ltr'><strong>inter</strong></span> <span class='ocrx_word' id='word_1_807' title='bbox 1690 2954 1830 2996; x_wconf 77' lang='lat' dir='ltr'><strong>iniustos</strong></span> <span class='ocrx_word' id='word_1_808' title='bbox 1845 2963 1912 2996; x_wconf 92' lang='lat' dir='ltr'><strong>quo</strong></span> <span class='ocrx_word' id='word_1_809' title='bbox 1929 2954 2007 2996; x_wconf 88' lang='lat' dir='ltr'><strong>quis</strong></span> <span class='ocrx_word' id='word_1_810' title='bbox 2025 2954 2222 2994; x_wconf 86' lang='lat' dir='ltr'><strong>insidiosior,</strong></span> <span class='ocrx_word' id='word_1_811' title='bbox 2245 2963 2285 2988; x_wconf 89' lang='lat' dir='ltr'><strong>eo</strong></span> <span class='ocrx_word' id='word_1_812' title='bbox 2309 2955 2399 2998; x_wconf 77' lang='lat' dir='ltr'><strong>inju-</strong></span> 
     </span>
     <span class='ocr_line' id='line_1_103' title="bbox 1354 3013 2389 3057; baseline 0 -9"><span class='ocrx_word' id='word_1_813' title='bbox 1354 3015 1436 3048; x_wconf 88' lang='lat' dir='ltr'><strong>stior</strong></span> <span class='ocrx_word' id='word_1_814' title='bbox 1463 3017 1526 3048; x_wconf 87' lang='lat' dir='ltr'><strong>est.</strong></span> <span class='ocrx_word' id='word_1_815' title='bbox 1550 3014 1740 3048; x_wconf 87' lang='lat' dir='ltr'><strong>Insidiosior</strong></span> <span class='ocrx_word' id='word_1_816' title='bbox 1769 3016 1902 3052; x_wconf 75' lang='lat' dir='ltr'><strong>autem,</strong></span> <span class='ocrx_word' id='word_1_817' title='bbox 1924 3022 2026 3055; x_wconf 88' lang='lat' dir='ltr'><strong>quam</strong></span> <span class='ocrx_word' id='word_1_818' title='bbox 2044 3014 2112 3055; x_wconf 90' lang='lat' dir='ltr'><strong>ira,</strong></span> <span class='ocrx_word' id='word_1_819' title='bbox 2134 3013 2297 3057; x_wconf 83' lang='lat' dir='ltr'><strong>cupiditas</strong></span> <span class='ocrx_word' id='word_1_820' title='bbox 2316 3017 2389 3048; x_wconf 88' lang='lat' dir='ltr'><strong>est:</strong></span> 
     </span>
     <span class='ocr_line' id='line_1_104' title="bbox 1353 3073 2394 3118; baseline 0.001 -11"><span class='ocrx_word' id='word_1_821' title='bbox 1353 3084 1429 3117; x_wconf 85' lang='lat' dir='ltr'><strong>ergo</strong></span> <span class='ocrx_word' id='word_1_822' title='bbox 1447 3077 1481 3108; x_wconf 91' lang='lat' dir='ltr'><strong>et</strong></span> <span class='ocrx_word' id='word_1_823' title='bbox 1507 3074 1669 3117; x_wconf 86' lang='lat' dir='ltr'><strong>injustior.</strong></span> <span class='ocrx_word' id='word_1_824' title='bbox 1709 3073 1772 3107; x_wconf 89' lang='lat' dir='ltr'><strong>Sed</strong></span> <span class='ocrx_word' id='word_1_825' title='bbox 1800 3073 2037 3111; x_wconf 87' lang='lat' dir='ltr'><strong>insidiosiorem</strong></span> <span class='ocrx_word' id='word_1_826' title='bbox 2057 3082 2130 3107; x_wconf 90' lang='lat' dir='ltr'><strong>eam</strong></span> <span class='ocrx_word' id='word_1_827' title='bbox 2162 3083 2234 3108; x_wconf 80' lang='lat' dir='ltr'><strong>esse</strong></span> <span class='ocrx_word' id='word_1_828' title='bbox 2247 3077 2394 3118; x_wconf 82' lang='lat' dir='ltr'><strong>apparet.</strong></span> 
     </span>
     <span class='ocr_line' id='line_1_105' title="bbox 1353 3133 2396 3176; baseline 0.001 -9"><span class='ocrx_word' id='word_1_829' title='bbox 1353 3134 1489 3167; x_wconf 88' lang='lat' dir='ltr'><strong>occulte</strong></span> <span class='ocrx_word' id='word_1_830' title='bbox 1516 3134 1603 3167; x_wconf 87' lang='lat' dir='ltr'><strong>enim</strong></span> <span class='ocrx_word' id='word_1_831' title='bbox 1623 3133 1730 3173; x_wconf 91' lang='lat' dir='ltr'><strong>subit,</strong></span> <span class='ocrx_word' id='word_1_832' title='bbox 1757 3142 1822 3166; x_wconf 89' lang='lat' dir='ltr'><strong>non</strong></span> <span class='ocrx_word' id='word_1_833' title='bbox 1841 3141 1917 3165; x_wconf 90' lang='lat' dir='ltr'><strong>cum</strong></span> <span class='ocrx_word' id='word_1_834' title='bbox 1949 3133 2093 3176; x_wconf 88' lang='lat' dir='ltr'><strong>impetu,</strong></span> <span class='ocrx_word' id='word_1_835' title='bbox 2116 3133 2396 3176; x_wconf 85' lang='lat' dir='ltr'><strong>quemadmodum</strong></span> 
     </span>
     <span class='ocr_line' id='line_1_106' title="bbox 1351 3191 2396 3237; baseline 0 -10"><span class='ocrx_word' id='word_1_836' title='bbox 1351 3193 1401 3227; x_wconf 88' lang='lat' dir='ltr'><strong>ira</strong></span> <span class='ocrx_word' id='word_1_837' title='bbox 1418 3206 1426 3226; x_wconf 88' lang='lat'>:</span> <span class='ocrx_word' id='word_1_838' title='bbox 1443 3196 1478 3227; x_wconf 88' lang='lat' dir='ltr'><strong>et</strong></span> <span class='ocrx_word' id='word_1_839' title='bbox 1499 3193 1559 3237; x_wconf 92' lang='lat' dir='ltr'><strong>qui</strong></span> <span class='ocrx_word' id='word_1_840' title='bbox 1575 3194 1773 3232; x_wconf 85' lang='lat' dir='ltr'><strong>irascuntur,</strong></span> <span class='ocrx_word' id='word_1_841' title='bbox 1792 3194 1905 3235; x_wconf 89' lang='lat' dir='ltr'><strong>aperte</strong></span> <span class='ocrx_word' id='word_1_842' title='bbox 1921 3191 1956 3225; x_wconf 89' lang='lat' dir='ltr'><strong>id</strong></span> <span class='ocrx_word' id='word_1_843' title='bbox 1972 3192 2117 3231; x_wconf 85' lang='lat' dir='ltr'><strong>faciunt,</strong></span> <span class='ocrx_word' id='word_1_844' title='bbox 2139 3193 2198 3236; x_wconf 87' lang='lat' dir='ltr'><strong>qui</strong></span> <span class='ocrx_word' id='word_1_845' title='bbox 2220 3202 2299 3227; x_wconf 86' lang='lat' dir='ltr'><strong>vero</strong></span> <span class='ocrx_word' id='word_1_846' title='bbox 2315 3203 2396 3228; x_wconf 89' lang='lat' dir='ltr'><strong>con-</strong></span> 
     </span>
     <span class='ocr_line' id='line_1_107' title="bbox 1352 3250 2394 3296; baseline 0.001 -10"><span class='ocrx_word' id='word_1_847' title='bbox 1352 3255 1526 3296; x_wconf 88' lang='lat' dir='ltr'><strong>cupiscunt</strong></span> <span class='ocrx_word' id='word_1_848' title='bbox 1537 3279 1545 3292; x_wconf 96' lang='lat'>‚</span> <span class='ocrx_word' id='word_1_849' title='bbox 1567 3262 1632 3286; x_wconf 93' lang='lat' dir='ltr'><strong>non</strong></span> <span class='ocrx_word' id='word_1_850' title='bbox 1648 3251 1828 3286; x_wconf 87' lang='lat' dir='ltr'><strong>admodum</strong></span> <span class='ocrx_word' id='word_1_851' title='bbox 1843 3252 1965 3294; x_wconf 89' lang='lat' dir='ltr'><strong>aperte,</strong></span> <span class='ocrx_word' id='word_1_852' title='bbox 1986 3251 2066 3294; x_wconf 85' lang='lat' dir='ltr'><strong>quia</strong></span> <span class='ocrx_word' id='word_1_853' title='bbox 2091 3250 2210 3285; x_wconf 81' lang='lat' dir='ltr'><strong>furtim</strong></span> <span class='ocrx_word' id='word_1_854' title='bbox 2229 3252 2394 3296; x_wconf 83' lang='lat' dir='ltr'><strong>quodam-</strong></span> 
     </span>
    </p>
   </div>
   <div class='ocr_carea' id='block_1_14' title="bbox 249 3346 2391 3364">
    <p class='ocr_par' dir='ltr' id='par_1_16' title="bbox 249 3346 2391 3364">
     <span class='ocr_line' id='line_1_108' title="bbox 249 3346 2391 3364; baseline 0 412"><span class='ocrx_word' id='word_1_855' title='bbox 249 3346 2391 3364; x_wconf 95' lang='lat' dir='ltr'><strong> </strong></span> 
     </span>
    </p>
   </div>
   <div class='ocr_carea' id='block_1_15' title="bbox 290 3410 1542 3463">
    <p class='ocr_par' dir='ltr' id='par_1_17' title="bbox 290 3410 1542 3463">
     <span class='ocr_line' id='line_1_109' title="bbox 290 3410 1542 3463; baseline 0.007 -20"><span class='ocrx_word' id='word_1_856' title='bbox 290 3412 307 3428; x_wconf 85' lang='lat'><strong>*</strong></span> <span class='ocrx_word' id='word_1_857' title='bbox 331 3410 404 3444; x_wconf 88' lang='grc' dir='ltr'><strong>Ἔτι</strong></span> <span class='ocrx_word' id='word_1_858' title='bbox 420 3414 491 3449; x_wconf 88' lang='grc' dir='ltr'>ταῖς</span> <span class='ocrx_word' id='word_1_859' title='bbox 503 3414 652 3453; x_wconf 84' lang='grc' dir='ltr'>φυσικαῖς</span> <span class='ocrx_word' id='word_1_860' title='bbox 668 3412 737 3445; x_wconf 87' lang='grc' dir='ltr'>κτλ.</span> <span class='ocrx_word' id='word_1_861' title='bbox 759 3427 799 3437; x_wconf 86' lang='grc'><strong>-</strong></span> <span class='ocrx_word' id='word_1_862' title='bbox 812 3413 847 3431; x_wconf 74' lang='lat'><strong>**</strong></span> <span class='ocrx_word' id='word_1_863' title='bbox 862 3412 935 3449; x_wconf 80' lang='grc' dir='ltr'><strong>Ἐτι</strong></span> <span class='ocrx_word' id='word_1_864' title='bbox 951 3414 1142 3461; x_wconf 84' lang='grc' dir='ltr'>ἀδικώτεροι</span> <span class='ocrx_word' id='word_1_865' title='bbox 1161 3419 1190 3450; x_wconf 83' lang='grc' dir='ltr'><strong>οἱ</strong></span> <span class='ocrx_word' id='word_1_866' title='bbox 1209 3418 1452 3463; x_wconf 81' lang='grc' dir='ltr'>ἐπιὸουλὸτεροι</span> <span class='ocrx_word' id='word_1_867' title='bbox 1471 3420 1542 3453; x_wconf 84' lang='grc' dir='ltr'>κτλ.</span> 
     </span>
    </p>
   </div>
  </div>
 </body>
</html>
