2508 3776
261 187 340 224 578

315 271 505 325 Ἀφροσύνη
521 269 557 309 δὲ
580 273 602 317 ἡ
618 270 739 321 ἄγνοια
762 272 831 308 τῶν
853 271 968 310 αὐτῶν
984 282 994 292 ·
1025 270 1086 310 καὶ
1107 271 1250 325 ἄφρονες
1270 274 1303 311 οἱ

259 333 388 370 τούτων
414 347 446 370 τι
469 332 688 381 ἀγνοοῦντες,
719 329 780 368 καὶ
807 330 887 383 περὶ
915 334 1026 370 ταῦτα
1047 332 1301 384 διεψευσμένοι.

258 391 358 431 Ἐστὶ
378 390 445 443 γὰρ
464 388 642 443 ἀφροσύνη
661 389 784 441 ἄγνοια
799 393 861 428 τοῦ
882 390 967 428 ποῖα
989 391 1043 429 δεῖ
1061 397 1170 431 ποιεῖν
1182 421 1193 441 ,
1219 391 1303 431 ποῖα

259 450 288 488 δ’
302 449 356 489 οὔ.

311 506 570 548 Ὑποτέτακται
606 506 642 546 δὲ
679 508 722 559 τῇ
750 505 943 558 φρονήσει*
981 506 1145 546 εὖὸουλία
1156 538 1168 557 ,
1202 508 1301 546 εὐλο-

261 568 400 620 γιστία,
427 567 587 620 ἀγχίνοια
602 596 612 614 ,
642 564 820 616 νουνέχεια
835 594 846 616 ,
880 564 1065 618 εὐστοχία,
1087 566 1297 619 εὖμηχανία.

312 626 357 677 (*)·
376 627 420 665 ln
439 627 485 665 iis
500 640 588 678 quae
614 624 836 677 prudentiae
856 624 1023 662 subsunt
1049 625 1185 664 formis
1203 626 1302 664 desi·

259 686 388 724 derari
404 686 466 724 hic
487 686 549 732 τὴν
570 685 752 724 εὐδουλίαν
776 683 976 723 annotavit
995 684 1126 722 nescio
1145 684 1237 735 quis,
1258 685 1298 722 in

257 745 403 784 codicis
417 746 591 796 margine
612 747 664 784 ita
679 744 854 784 scribens
879 757 888 781 ι
903 739 1032 791 λείπει,
1053 735 1165 793 οἶμαι,
1182 742 1298 791 τὸτῆς

258 803 437 848 εὒὸουλίας
455 797 556 848 εἶδος.
571 804 583 857 )

311 863 522 914 Εὐλογιστία
554 862 591 901 δέ
639 864 730 901 ἐστιν
764 861 942 913 ἐπιστήμη
968 859 1299 914 συγκεφαλαιωτικὴ

256 925 324 961 τῶν
347 922 537 974 γινομένων
557 923 617 962 καὶ
632 921 891 961 ἀποτελεστέων
902 926 929 959 ⁸.

281 1002 284 1005 ⁴
305 982 480 1034 Ἀγχίνοιοί
496 983 587 1020 ἐστιν
602 981 619 1005 b
639 982 816 1032 ἐπιστήμη
837 979 994 1035 εὖρετικὴ
1012 984 1074 1019 τοῦ
1094 978 1303 1027 καθήκοντος

260 1044 495 1094 παραχρῆμα.

311 1101 507 1154 Νουνέχειοί
538 1101 656 1140 ἑστὶνῡ
692 1100 872 1150 ἐπιστήμη
917 1099 1085 1153 χειρόνων
1122 1098 1182 1138 καὶ
1222 1100 1302 1151 βελ-

304 1160 312 1173 ι

259 1176 393 1199 τιονων.

311 1219 491 1273 Εὖστοχία
539 1218 631 1258 ἐστὶν
685 1219 864 1270 ἐπιστήμη
911 1215 1132 1264 ἐπιτευκτικὴ
1173 1219 1234 1255 τοῦ
1270 1216 1305 1254 ἐν

258 1279 396 1332 ἑκάστῳ
417 1283 561 1318 σκοποῦ.

313 1339 526 1391 Εὐμηχανία
542 1337 634 1376 ἐστὶν
644 1336 822 1388 ἐπιστήμη
842 1334 1002 1388 εὑρετικὴ
1014 1333 1170 1379 διεξόδων
1190 1349 1303 1387 πραγ·

259 1398 393 1446 μάτων.
1086 1434 1088 1436 ,

316 1457 479 1508 (Scripsi
497 1460 530 1494 :⁸
546 1445 824 1506 ἀποτελεστέων]
834 1455 920 1495 cod.
943 1453 1306 1505 ἀποτελουμένων.-

258 1518 274 1538 1'
296 1517 457 1569 ἀγχίνοιά
481 1513 589 1569 ἐστιν]
626 1516 738 1553 codd.
762 1514 920 1568 ἀγχίνοια
956 1514 1064 1555 ἐστὶν.
1085 1536 1139 1545 -
1159 1521 1173 1538 ⁰
1191 1514 1305 1553 νουνέ-

256 1573 336 1626 χειά
357 1574 465 1625 ἐστιν]
488 1574 600 1612 codd.
622 1573 801 1626 νουνέχεια
823 1574 933 1613 ἐστὶν.
954 1572 1024 1625 -)

311 1633 572 1673 ‘Yuowlwmm
591 1636 636 1686 τῇ
659 1633 800 1686 ἀνδρεία
815 1633 1020 1687 δκαρτερία,
1046 1633 1300 1688 θαῤῥαλεότης,

260 1694 524 1746 μεγαλοψυχία,
545 1692 712 1745 εὐψυχία,
736 1691 934 1745 φιλοπονία.

271 1784 275 1787 ψ
313 1752 492 1805 Καρτερία
517 1752 608 1792 ἐστὶν
632 1753 811 1802 ἐπιστήμη
833 1750 982 1803 ἔμμονος
1002 1759 1071 1797 τοῖς
1091 1753 1197 1805 ὀρθῶς
1224 1767 1301 1806 κρι-

259 1812 361 1851 θεῖσι.

313 1870 563 1925 Θαῤῥαλεότης
578 1870 670 1909 ἐστὶν
691 1870 867 1922 ἐπιστήμη
881 1901 891 1918 ,
911 1870 988 1910 καθ’
1016 1870 1060 1918 ἢν
1079 1869 1234 1922 οἴδαμεν,
1253 1869 1306 1908 ὅτι

260 1931 322 1969 οὐκ
343 1928 583 1979 ἐκπεσούμεθα
599 1931 638 1968 ἐκ
652 1934 711 1968 τοῦ
737 1929 1011 1981 ἐπιτηδεύματος
1021 1932 1050 1969 ¹³.

254 1988 256 1993 ’
315 1989 477 2040 (Scripsi
508 2003 517 2027 :
546 1994 561 2011 ³¹
582 1988 721 2042 ἀνδρείᾳ
739 1991 753 2041 ]
774 1990 887 2030 codd.
908 1989 1042 2042 ἀνδρίᾳ.
1064 2012 1117 2020 —
1132 1990 1150 2013 Β
1179 1989 1231 2028 ὅτι
1245 1990 1306 2028 οὐκ

261 2047 502 2098 ἐκπεσούμεθα
517 2049 557 2087 ἐκ
576 2052 635 2086 τοῦ
659 2049 951 2101 ἐπιτηδεύματος]
974 2049 1088 2087 codd.
1114 2048 1167 2087 ὅτι
1187 2050 1225 2088 οὗ
1242 2064 1304 2086 πε·

263 2108 460 2160 ριπέσομεν.
483 2110 549 2158 -)
1068 2146 1074 2149 .

314 2166 573 2220 Μεγαλοψυχία
606 2166 697 2205 ἐστὶν
724 2166 904 2218 ἐπιστήμη
926 2169 995 2206 τῶν
1027 2165 1231 2221 πεφυκότων
1271 2168 1306 2206 ἐν

262 2226 460 2270 σπουδαίοις
483 2226 641 2279 γίνεσθαι
663 2226 722 2265 καὶ
746 2226 900 2279 φαύλοις.

315 2285 478 2338 Εὐψυχία
507 2285 597 2324 ἐστὶν
620 2285 799 2336 ἐπιστήμη
814 2288 930 2339 ψυχῆς
949 2284 1177 2338 παρεπομένη
1198 2286 1304 2337 ἑαυτῇ

263 2345 445 2392 ἀήττητος.

316 2403 512 2444 Φιλοπονία
537 2404 630 2443 ἐστὶν
662 2403 841 2455 ἐπιστήμη
880 2403 1108 2456 ἐξεργαστικὴ
1148 2402 1210 2453 μὲν
1243 2406 1304 2443 τοῦ

265 2461 503 2516 προκειμένου,
525 2464 563 2502 οὐ
583 2463 910 2515 καταναλισκομένη
935 2463 970 2502 δὲ
991 2463 1057 2502 ὑπὸ
1075 2463 1204 2502 πόνων.

724 2603 842 2648 Τέλος.

796 181 1075 222 ANDRONICI
1101 182 1280 223 RHODII
1302 183 1368 222 DE
1388 183 1709 224 AFFECTIBUS
1738 184 1902 225 LIBER.

1411 271 1638 314 Imprudentia
1665 281 1744 306 vero
1762 273 1942 306 earundem
1965 282 2077 307 rerum
2106 274 2236 309 inscitia
2261 278 2313 310 est
2337 289 2346 309 z
2375 280 2410 311 et
2434 270 2453 282 ⁹

1367 330 1594 373 imprudentes
1621 332 1680 378 qui
1703 331 1739 365 in
1766 341 1881 365 earum
1917 332 2117 374 ignoratione
2147 337 2332 376 versantur,
2357 337 2412 370 vel

1368 390 1402 422 in
1434 390 1476 422 iis
1504 392 1666 424 errarunt.
1687 392 1748 423 Est
1771 391 1858 423 enim
1893 391 2114 435 imprudentia
2142 394 2271 429 inscitia
2298 402 2411 432 rerum

1369 451 1403 483 et
1435 450 1635 492 agendarum
1664 452 1698 483 et
1718 459 1783 483 non
1801 450 2012 492 agendarum.

1394 509 1532 557 'Subest
1559 518 1642 557 ‘vero
1666 509 1855 557 prudentia}
1886 511 2010 543 consilii
2040 512 2189 555 bonitas,
2210 517 2338 550 consilii
2359 527 2412 552 ca·

1371 550 1707 625 pgessdtigleliberaum
1728 553 1899 594 sagacnas,
1925 552 2148 596 intelligentia,
2169 558 2408 602 perspicacitas,

1412 844 1545 876 consilii
1561 845 1709 887 capiendi
1734 847 1926 882 deliberatio
1959 852 2009 883 est
2029 851 2140 884 brevis
2161 851 2279 886 notitia
2297 848 2410 890 eornm

1372 913 1448 946 quae
1475 904 1558 936 fiunt
1584 907 1617 937 et
1640 907 1822 948 peragenda
1849 911 1937 942 sunt.

1417 963 1584 1004 Sagacitas
1610 966 1660 996 est
1689 966 1825 1001 scientia
1841 970 2005 1012 extemplo
2022 970 2226 1013 inveniendi,
2242 971 2333 1015 quod
2349 982 2411 1006 no-

1371 1025 1476 1056 strum
1496 1025 1540 1057 sit
1570 1025 1731 1060 officium.

1415 1084 1632 1127 Intelligentia
1657 1088 1690 1119 et
1706 1086 1908 1123 deteriorum
1930 1093 1965 1124 et
1992 1092 2166 1129 meliorum
2190 1093 2407 1131 scientiaea.

1413 1226 1649 1268 Perspieacitas
1674 1228 1725 1260 est
1750 1226 1885 1260 scientia
1913 1226 2110 1270 assequendi
2129 1225 2203 1271 finis
2223 1226 2257 1259 in
2279 1232 2411 1277 quaque

1374 1295 1409 1318 re
1434 1285 1604 1327 propositi.
2070 1281 2075 1284 ’
2231 1332 2235 1334 ἡ
2341 1279 2359 1334 '-

1414 1345 1563 1378 sollertia
1584 1347 1636 1379 est
1654 1344 1796 1380 facultas
1814 1346 2000 1380 inveniendi
2014 1345 2264 1389 explicationem
2283 1341 2408 1394 rernm.

1413 1637 1534 1670 Subest
1558 1629 1745 1670 fortitudini
1773 1634 1942 1678 patientia,
1966 1632 2099 1666 fidentia
2114 1657 2122 1672 ‚
2147 1629 2408 1674 magnanimitas,

1367 1696 1468 1729 animi
1489 1695 1674 1738 praesentia,
1692 1694 1863 1728 sedulitas.

1413 1755 1575 1788 Patientia
1600 1758 1651 1789 est
1676 1755 1811 1788 scientia
1831 1761 2044 1797 perseverans
2067 1752 2103 1784 in
2133 1750 2232 1784 rebus
2250 1751 2339 1783 recte
2353 1749 2407 1792 ju-

1367 1817 1496 1850 dicatis.

1412 1877 1561 1910 Fidentia
1583 1878 1634 1909 est
1656 1875 1810 1915 seientia,
1831 1883 1899 1917 qua
1915 1872 2048 1911 scimus,
2071 1868 2203 1918 forent
2220 1867 2411 1916 institutum
2455 1905 2463 1922 ,-

1373 1939 1523 1971 nostrum
1542 1939 1723 1969 teneamus.

1412 2177 1662 2219 Magnanimitas
1696 2179 1748 2210 est
1781 2175 1916 2210 scientia
1948 2182 2062 2207 eorum
2087 2179 2163 2214 quae
2193 2169 2227 2201 in
2254 2165 2348 2200 bonis
2375 2167 2410 2198 et

1369 2237 1466 2270 malis
1497 2237 1601 2271 inesse
1633 2226 1748 2270 solent.
2398 2274 2400 2278 .

1410 2297 1517 2329 Animi
1536 2297 1711 2339 praesentia
1733 2298 1783 2330 est
1814 2295 1949 2329 scientia
1967 2294 2076 2327 animo
2105 2293 2263 2333 tanquam
2287 2285 2409 2320 invicta

1369 2366 1477 2389 comes
1499 2356 1664 2399 adjuncta.-

1410 2415 1576 2448 sedulitas
1596 2417 1646 2448 est
1670 2415 1805 2458 quidem
1822 2414 1957 2447 scientia
1979 2413 2020 2446 ad
2035 2410 2238 2455 propositum
2255 2417 2407 2452 peragen-

1333 2464 1340 2492 ¹
1367 2473 1449 2507 dum
1480 2474 1607 2514 idonea,
1642 2473 1700 2507 sed
1728 2482 1805 2516 quae
1828 2472 1996 2506 laboribus
2013 2481 2079 2505 non
2106 2469 2288 2504 conficitur.

1807 2611 1909 2645 Finis.
