2528 3788
90 354 93 363 ἲ
254 308 273 330 ⁰
304 303 495 358 ἐπινοήσῃ,
514 303 591 344 οὔτε
611 303 652 344 τὸ
670 301 855 357 γενόμενον
879 303 1057 358 ἄφθαρτον
1070 331 1082 354 ,
1111 302 1191 342 οὔτε

141 362 257 421 ἂμὴ
270 363 537 419 φθαρησόμενον
563 364 744 417 γεννητόν.
765 362 882 404 Ὅταν
904 361 940 403 δὲ
958 362 1022 411 τὴν
1045 361 1192 415 ἀρίστην

98 420 154 477 ,ζ’
175 427 178 431 ’
207 425 327 465 αἰτίαν
351 424 526 477 ἐπιστήσῃ
546 424 611 472 τὴν
629 426 668 463 ἐκ
689 427 766 463 θεοῦ
779 453 789 472 ,
809 425 861 462 δεῖ
883 421 1017 470 ταύτην
1034 420 1191 472 ἡγεμόνα

104 485 133 518 ⁹⁴
175 478 197 530 ,⁶
229 483 372 524 πάντων
388 483 543 524 λαὸόντα
555 514 565 532 ,
587 484 695 536 μηδὲν
717 482 826 531 αὐτὴν
844 484 914 522 τῶν
934 481 1050 521 ἄλλων
1070 482 1191 520 αἰτιῶν

89 574 107 597 ,οἵ
226 552 229 553 ’
275 542 384 584 αίνειν
415 544 576 597 χείρονα.
610 535 752 584 Γελοῖον
772 541 855 596 γάρ,
873 541 961 582 διότι
987 540 1051 591 μὲν
1071 538 1193 594 γέγονέ

13 600 18 611 ’
44 600 56 636 ἶ
100 602 203 659 ’551³'
231 602 291 646 διὰ
317 606 421 644 τοῦτο
442 606 634 658 φθαρῆναι·
655 604 686 643 εἰ
715 601 752 642 δὲ
786 601 900 646 ὁθεὸς
927 600 1110 655 βούλεται,
1142 598 1192 651 μὴ

221 664 339 703 “vav
371 662 433 702 καὶ
458 662 546 702 διότι
575 662 638 714 μέν
668 672 702 701 τι
738 660 928 713 ἀγέννητόν
950 661 1044 699 ἐστιν
1058 687 1070 708 ,
1099 657 1192 712 ἔχειν

87 730 139 778 *J
199 721 244 764 ὒν
271 725 335 763 τοῦ
355 722 409 775 μὴ
436 725 632 776 φθαρῆναι·
655 715 719 770 τὴν
742 721 779 760 δὲ
799 719 898 774 παρὰ
919 722 997 759 θεοῦ
1024 719 1192 771 βούλησιν

87 776 272 835 ,,Ῐ’“χ»,“”ι“ν,
292 779 380 836 πρὸς
398 780 440 821 τὸ
455 780 631 836 ἄφθαρτον
655 780 810 833 τηρῆσαί
832 795 866 819 τι
883 781 952 818 τῶν
975 777 1189 831 γενομένων.

82 835 141 872 ¹¹3³
179 841 219 885 Ul
236 843 257 882 δ
284 835 349 894 μὲν
377 840 558 892 οἰκοδόμος
583 831 703 885 ἱκανδς
722 841 786 879 οὔκ
814 833 921 879 οὖσαν
949 837 1062 878 οἰκίαν
1082 853 1194 877 κατα-

16 890 19 924 Ῑ
75 888 405 954 ἶ’ἶῖζῖἆιιᾶσαιτθιιι·
435 899 559 945 ἱκανὸς
578 899 617 939 δέ
644 908 695 944 τις
714 899 773 939 καὶ
805 898 995 953 ἀνδριάντα
1025 897 1076 949 μὴ
1108 896 1193 936 ὄντα

82 956 117 991 ’ἶ
135 955 310 1016 ὶῇὒτιρον
321 989 333 1010 ,
345 959 431 1000 ὄντα
449 961 610 1007 ποιῆσαι·
627 957 689 998 καὶ
706 962 790 998 ναῦν
807 957 913 1002 ἄλλος
929 957 965 1003 ἐξ
981 956 1068 1006 ὕλης
1084 958 1194 1010 ἀργοῦ

141 1019 399 1075 ἱόῃτηνάμενος
421 1018 581 1074 παρέσχε
599 1015 670 1064 τοῖς
693 1017 869 1071 δεομένοις
881 1033 890 1043 ·
908 1017 969 1057 καὶ
986 1018 1054 1055 τῶν
1077 1015 1194 1055 ἄλλων

83 1075 90 1083 ”
141 1078 310 1135 ᾰχνντῶν
339 1078 505 1127 ἕκαστος,
526 1078 601 1118 ὅσοι
621 1081 662 1131 γί
681 1078 743 1124 τὰς
761 1077 947 1127 ποιητικὰς
975 1075 1118 1128 μετίασι
1139 1075 1195 1114 τὲ-

78 1184 79 1187 *
141 1134 251 1194 χνας,
272 1136 422 1190 δύναμιν
441 1137 574 1186 ταύτην
605 1136 765 1190 ἔχουσιν,
784 1135 830 1181 ὥς
849 1151 883 1175 τι
905 1136 974 1175 τῶν
1001 1135 1066 1173 οὐκ
1086 1132 1195 1173 ὄντων

79 1192 83 1224 f
144 1197 243 1250 ἄγειν
257 1199 306 1242 εἷς
317 1196 453 1238 οὐσίαν.
469 1195 516 1237 Ὅ
535 1195 572 1236 δὲ
588 1194 838 1248 παμὸασιλεὺς
852 1194 914 1234 καὶ
931 1192 1195 1248 ἀριστοτέχνης,

70 1278 71 1283 ’
142 1256 218 1298 οὔδ’
247 1256 328 1298 ὅσον
357 1256 574 1312 ἀνθρωπίνου
619 1255 778 1310 τεχνίτου
818 1255 999 1307 δυνάμεως
1041 1254 1195 1307 μεθέξει,

145 1317 291 1373 ἄμοιρος
314 1316 345 1357 δ’
371 1321 458 1369 ἡμῖν
477 1317 596 1364 πάσης
627 1310 727 1356 tem
744 1315 936 1369 γενέσεως;
962 1314 1047 1365 οὔκ,
1068 1315 1130 1355 ἐάν
1155 1330 1196 1367 γε

78 1374 87 1382 ”
144 1376 238 1418 κατὰ
265 1375 380 1432 βραχὺ
410 1375 505 1422 θείας
536 1375 652 1421 αἰτίας
685 1375 916 1428 ἐπιλογισμὸν
946 1369 1012 1414 οἷοί
1037 1390 1075 1414 τε
1098 1367 1196 1426 ὦμεν

143 1435 282 1482 λαβεῖν.
300 1435 409 1477 Ἀλλὰ
428 1438 575 1484 ποιῆσαι
595 1422 658 1487 μθν
685 1435 804 1481 ἱκανὸς
824 1435 886 1475 καὶ
912 1435 1128 1488 βουληθῆναι
1152 1434 1198 1474 τὰ

146 1592 214 1629 qua
229 1586 304 1619 tum
321 1592 399 1617 eum
417 1583 477 1625 qui
493 1585 592 1617 antea
619 1583 734 1616 nullus
753 1585 826 1616 erat
845 1582 1009 1615 mundum
1030 1581 1177 1615 effecerit
1189 1605 1198 1621 ,

103 1654 110 1666 ἑ
143 1642 218 1679 tum
232 1642 359 1677 notum
371 1641 442 1684 iarn
461 1650 482 1675 a
497 1650 534 1676 se
545 1667 554 1683 ,
570 1642 733 1685 perpetuo
749 1641 778 1675 si
795 1641 896 1683 velit,
915 1641 1085 1684 integrum
1101 1643 1136 1675 et
1150 1640 1198 1674 in-

74 1695 76 1707 *
102 1731 103 1734 ,
142 1700 471 1748 edumemsembit
491 1714 501 1735 ε
524 1701 624 1744 atque
645 1700 696 1734 ita
724 1700 872 1735 mundns
899 1700 1046 1735 Platonis
1074 1700 1200 1744 iudicio

144 1761 245 1799 imni
266 1763 365 1796 ortus
387 1760 454 1804 sit,
475 1760 576 1796 simul
604 1760 842 1803 sempiternus,
859 1761 935 1803 quis
955 1760 1092 1794 tandem
1109 1762 1199 1803 peri-

145 1820 366 1868 ntetioomm
382 1819 480 1854 nobis
505 1819 571 1854 ista
597 1819 783 1853 rationibus
813 1818 990 1860 probabit?
1025 1817 1200 1851 Enimvero

144 1881 252 1925 antee
272 1879 369 1915 nobis
383 1879 570 1914 monendus
585 1880 639 1913 est
655 1877 851 1922 dogmatum
869 1878 1011 1911 istorum
1031 1877 1198 1918 defensor,

144 1948 255 1984 mue
273 1939 303 1974 si
316 1939 401 1983 quial
419 1941 533 1974 ortum
550 1936 611 1980 sit,
630 1938 667 1972 id
683 1938 871 1972 necessario
888 1937 1041 1971 occidere
1059 1937 1199 1978 debere,

2 1978 5 1993 ἶ
69 2002 98 2043 ζ-
131 1990 259 2044 Ξιιι“ιιιιο
281 1998 313 2034 οἱ
326 1998 410 2042 quid
425 1997 572 2033 vicissim
592 2006 762 2040 nunquam
783 1996 927 2038 occidet,
950 1996 986 2030 id
1009 1996 1100 2030 nullo
1124 1997 1201 2029 ortu

1 2062 3 2070 ¹
60 2054 82 2086 s
97 2062 101 2064 ⁴
144 2062 339 2108 matum
354 2069 437 2096 esse.
457 2061 573 2102 Neque
588 2059 676 2092 enim
689 2059 748 2091 aut
763 2058 853 2100 quod
875 2058 1011 2092 interitu
1026 2054 1153 2098 careat,
1167 2056 1201 2089 id

82 2107 98 2150 ’Ῐ
145 2120 245 2157 auam
258 2119 385 2155 nullam
394 2145 403 2161 ‚
417 2128 519 2164 quam
528 2117 619 2161 quod
634 2117 740 2151 etiam
756 2119 832 2151 ortu
849 2119 960 2151 careat
971 2142 980 2159 ,
1001 2116 1203 2159 perpetuita-

71 2194 79 2221 ς
90 2223 97 2232 ,Α
145 2180 190 2215 lis
205 2189 279 2215 suo
296 2187 432 2214 eausam
447 2177 572 2212 habere
592 2176 841 2211 concedendum
857 2178 910 2210 est
928 2191 936 2211 ι
962 2179 1021 2210 aut
1040 2177 1130 2219 quod
1147 2186 1202 2211 se-

91 2259 93 2261 ·
147 2238 215 2274 mel
232 2240 345 2274 ortum
363 2237 540 2279 habuerit,
557 2237 590 2271 ei
614 2236 830 2271 inexorabilis
846 2235 1000 2278 quaedam
1017 2236 1203 2270 intereundi

4 2320 8 2356 -y
78 2280 97 2335 f
146 2298 330 2334 necesitas
343 2297 554 2342 imponenda.
569 2296 632 2330 His
647 2305 725 2340 ergo
744 2295 953 2330 stabiliendis
971 2296 1052 2338 quid
1068 2296 1202 2330 tandem

88 2382 89 2385 =
148 2368 192 2414 ⁸¹,
213 2357 405 2399 Aristotelis
431 2357 585 2392 doctrina
607 2355 756 2400 praesidii
781 2356 880 2389 nobis
912 2356 1202 2399 comparabimus?

5 2424 6 2433 ι
33 2420 36 2424 ⁴
86 2416 98 2435 ³³
147 2414 220 2477 ᾖ,
243 2430 362 2471 nempe
380 2420 545 2460 bominis,
573 2419 715 2462 quinon
743 2419 865 2461 obiter,
895 2420 962 2453 imo
991 2428 1054 2453 nec
1082 2429 1141 2462 per
1167 2428 1204 2453 se

7 2475 13 2522 ᾗ
143 2481 241 2519 md
260 2481 507 2528 disputationis
525 2488 630 2523 genus
648 2480 822 2520 contexat,
850 2479 909 2513 sed
929 2480 1019 2512 recta
1037 2479 1071 2512 in
1092 2479 1201 2512 Plato·

85 2557 89 2574 ς
146 2551 223 2584 nem
254 2542 397 2583 rentur,
413 2541 512 2583 eique
536 2539 627 2582 quod
644 2540 756 2573 ortum
775 2541 827 2573 est
845 2539 1006 2582 pereundi
1028 2539 1204 2573 necessita-

93 2618 104 2630 ε
146 2603 218 2651 m
243 2601 381 2644 afferam
397 2600 488 2644 quod
504 2609 586 2634 vero
614 2609 680 2633 non
707 2601 839 2643 pereat,
859 2599 895 2632 id
924 2609 962 2633 cx
990 2609 1031 2634 eo
1053 2601 1202 2642 tantum,

80 2651 94 2681 J
148 2661 242 2708 quod
269 2663 379 2696 ortum
404 2668 578 2703 nunquam
594 2659 660 2701 sit,
677 2660 846 2702 integrum
863 2669 997 2693 manere
1014 2660 1174 2694 defendat
1193 2673 1202 2694 z

93 2723 94 2726 ’
149 2723 320 2766 postremo
334 2729 378 2755 ue
393 2719 459 2754 ‹leo
473 2719 611 2762 quidem
625 2719 690 2762 ipsi
714 2719 793 2752 boni
812 2719 933 2761 ullius,
952 2719 983 2752 si
999 2719 1079 2753 velit
1090 2744 1099 2760 ,
1128 2720 1202 2753 effi-

90 2801 95 2804 -
148 2779 257 2816 oieuaii
281 2779 351 2814 vim
377 2788 419 2814 ac
438 2780 640 2825 potestatem
663 2779 855 2821 relinquat?
874 2779 971 2818 Quod
996 2779 1083 2813 enim
1112 2779 1204 2822 prius

148 2840 296 2878 nondum
311 2841 400 2881 erat,
418 2831 455 2873 id
471 2847 564 2882 esse,
578 2838 704 2881 inquit,
727 2839 842 2881 postea
858 2838 949 2872 nullo
966 2839 1066 2872 modo
1080 2841 1201 2882 potest.

82 2891 83 2895 ¹
150 2901 260 2945 Atque
277 2899 344 2934 hoe
365 2895 527 2934 orationis
552 2906 671 2942 genere
694 2899 822 2931 tantum
848 2897 960 2939 abest,
991 2899 1030 2932 ut
1054 2898 1204 2932 Platonis

80 2975 84 2979 ν
149 2956 337 2993 doctrinam
351 2953 568 2999 stabiliverit,
581 2957 623 2991 ut
637 2965 678 2990 eo
696 2955 892 2990 absterritus
910 2965 952 2990 cx
977 2957 1041 2990 illis
1059 2957 1202 2990 nonnul-

90 3059 94 3062 ,
149 3016 220 3059 los,
236 3015 296 3061 qui
313 3015 442 3050 Platoni
456 3025 591 3060 operam
617 3016 762 3058 dabant,
778 3016 821 3050 de
838 3025 877 3050 ca
901 3017 1065 3050 sententia
1089 3017 1204 3050 demo-

107 3078 110 3079 ’
149 3075 248 3121 urit.
267 3077 310 3111 At
326 3084 408 3110 vero
427 3075 476 3110 illi
503 3075 687 3117 intelligere
707 3084 778 3119 ,non
805 3076 1005 3117 potuerunt,
1035 3075 1064 3108 si
1091 3085 1203 3110 rerum

99 3131 112 3150 ·’
149 3133 300 3181 {purum
313 3136 436 3170 natura
449 3144 510 3180 per
521 3144 595 3170 sese
608 3137 706 3178 atque
718 3144 739 3168 a
755 3135 811 3168 dei
824 3135 995 3168 voluntate
1012 3143 1052 3168 ac
1069 3135 1204 3169 numine

17 3220 26 3243 ς
86 3214 92 3250 g
151 3195 302 3240 seiuncta
319 3196 501 3240 spectetur,
519 3204 628 3237 neque
641 3195 733 3237 quod
751 3197 860 3228 ortum
887 3194 988 3228 semel
1007 3196 1079 3235 est,
1102 3194 1138 3228 id
1162 3195 1204 3228 ab

17 3253 24 3262 '
102 3256 105 3257 ⁷
150 3254 288 3293 interitu
307 3255 451 3291 liberum
466 3256 618 3290 futurum
630 3280 639 3297 ,
663 3265 771 3298 neque
791 3255 938 3289 vicissim
950 3256 1037 3298 quod
1056 3255 1205 3290 interibit

76 3340 78 3342 -
152 3322 342 3358 numnam,
361 3313 452 3348 idom
469 3316 582 3348 ortum
602 3314 780 3357 aliquando
798 3323 870 3347 esse
886 3327 895 3346 ι
917 3314 967 3347 sin
984 3316 1095 3348 autem
1114 3322 1204 3357 prae-

80 3386 81 3411 3
153 3372 252 3419 εἰμι
279 3372 404 3417 divina
422 3382 534 3408 causae
560 3374 646 3408 ratio
667 3374 841 3414 habeatur,
874 3383 1009 3416 aequum
1035 3382 1110 3408 esse
1131 3383 1204 3417 pro-

88 3470 90 3475 ,
153 3431 260 3475 teob,
277 3441 350 3467 mm
364 3433 468 3466 senrel
483 3434 632 3467 omnium
650 3433 771 3467 ducem
789 3435 825 3467 et
843 3434 1023 3477 principem
1041 3434 1206 3468 constitu·

83 3500 86 3503 ⁴
154 3490 240 3534 tum,
257 3489 360 3527 nihilo
383 3491 501 3526 saltem
517 3492 732 3528 infirmiorem
759 3502 859 3535 quam
886 3495 1026 3527 coeteras
1045 3493 1198 3535 indicari.

326 3554 451 3579 unitos.
469 3554 573 3580 cnm.
595 3555 646 3580 m.

1063 211 1395 252 FRAGMENTA.

2225 207 2302 248 193

1253 302 1368 342 καλά·
1399 301 1529 352 ἀγαθός
1545 301 1627 354 γάρ,
1646 302 1794 355 (ἀγαθῷ
1811 299 1847 340 δὲ
1864 299 1975 345 οὐδεὶς
1999 298 2119 353 φθόνος
2140 297 2220 350 περὶ
2244 299 2306 336 οὖ-

1253 360 1393 410 δενός·)
1424 365 1577 414 τηρῆσαι
1604 361 1639 400 δὲ
1673 361 1734 399 καὶ
1761 360 1972 415 διαφυλάξαι
1994 359 2038 399 τὰ
2065 357 2235 412 γενόμενα
2268 359 2306 395 οὖ

1255 420 1420 468 δυνατός;
1446 421 1515 460 Καὶ
1534 419 1603 470 μὴν
1626 420 1687 459 καὶ
1705 421 1736 459 οἳ
1755 421 1874 459 λοιποὶ
1900 422 2061 473 τεχνῖται
2081 418 2168 471 πρὸς
2199 415 2306 470 ἄμφω

1253 478 1379 518 ἱκανοί.
1406 478 1451 518 ‘O
1476 482 1557 531 γοῦν
1589 479 1772 530 οἰκοδόμος
1800 478 1860 518 καὶ
1881 481 1899 517 ὁ
1927 476 2106 529 ναυπηγὸς
2138 477 2176 515 οὐ
2202 475 2306 527 μόνον

1253 538 1376 583 καινὰς
1406 538 1731 584 κατασκευάζονται
1757 542 1839 582 ναῦς
1872 538 1932 577 καὶ
1967 537 2096 586 οἰκίας,
2129 535 2221 575 ἀλλὰ
2249 534 2309 574 καὶ

1255 604 1331 643 ταῖς
1350 598 1418 637 ὑπὸ
1437 597 1564 652 χρόνου
1581 598 1880 652 διαφθειρομέναις
1897 597 2011 636 ἱκανοὶ
2031 599 2169 649 βοηθεῖν
2182 625 2192 644 ,
2206 595 2310 648 ἕτερα

1253 660 1323 697 τῶν
1343 657 1593 710 πεποιημένων
1617 656 1926 701 ἀντικαθιστάντες
1948 658 2084 700 αὐταῖς.
2109 654 2227 694 αΩστε
2248 653 2309 692 καὶ

1253 719 1304 771 τῷ
1321 721 1388 771 θεῷ
1405 717 1546 762 πάντως
1566 724 1583 749 8
1599 717 1639 758 τό
1655 733 1696 770 γε
1715 721 1879 756 τοσοῦτον
1900 715 2160 769 συγχωρητέον.
2174 713 2225 754 ‘³0
2243 713 2311 766 γάρ

1253 795 1304 824 τις
1340 778 1420 818 ὅλον
1449 781 1597 826 ποιῆσαι
1625 778 1790 826 δυνατός,
1820 780 1923 816 τοῦτο
1952 778 2027 821 πῶς
2055 775 2095 814 ἂν
2126 777 2165 814 ἐκ
2186 773 2313 826 μέρους

1255 838 1426 884 ἀδύνατος
1445 837 1500 887 εἴη
1518 843 1651 888 ποιεῖν;
1676 836 1750 878 Καὶ
1774 837 1935 889 γενέσθαι
1955 836 2070 875 τοίνυν
2092 851 2126 874 τι
2144 834 2196 873 δεῖ
2224 848 2312 872 και-

1254 898 1332 947 νόν,
1350 897 1420 950 εἴγε
1442 896 1565 949 μέλλοι
1583 898 1602 923 ¹¹
1623 913 1674 942 τις
1690 896 1779 939 ὅλως
1796 889 1886 935 εἶναι
1905 895 2055 943 ποιητής
2067 925 2077 943 ,
2098 893 2158 932 καὶ
2177 893 2218 932 τὸ
2237 908 2312 931 κα-

1254 957 1315 997 λὸν
1338 956 1438 1010 ἔργον
1460 956 1547 1009 πρὸς
1569 955 1662 994 ἅπαν
1685 954 1930 1000 διασώζεσθαι.
1954 954 2008 994 Τὸ
2024 954 2092 1008 γὰρ
2114 948 2152 993 εῧ
2172 951 2314 1005 γενόμε-

1255 1033 1313 1056 νον
1336 1016 1464 1056 ἐθέλειν
1484 1015 1602 1064 λύειν,
1627 1020 1755 1054 κακοῦ.
1779 1014 1919 1060 Μείζων
1939 1013 1975 1052 δὲ
2001 1012 2106 1058 ἀλλος
2125 1014 2173 1058 εἷς
2199 1027 2315 1059 σωτη-

1258 1077 1335 1130 ρίαν
1367 1078 1437 1116 τῶν
1466 1074 1662 1129 γενομένων
1694 1074 1821 1126 δεσμὸς
1852 1075 1917 1113 οὐκ
1952 1074 2028 1112 ἔστι
2059 1076 2122 1121 τῆς
2149 1075 2209 1112 τοῦ
2236 1074 2314 1110 θεοῦ

1258 1135 1472 1190 βουλήσεως.
1494 1135 1547 1175 Ἣ
1572 1133 1793 1188 ἀνθρωπίνης
1826 1133 1889 1184 μὲν
1912 1134 2070 1180 σπουδῆς
2098 1132 2159 1171 καὶ
2189 1129 2317 1184 βουλή-

1258 1212 1347 1241 σεως
1365 1194 1617 1247 μεταλαὸόντα
1635 1194 1770 1242 πολλά,
1791 1194 1851 1233 καὶ
1879 1191 1961 1240 ἔθνη
1977 1223 1988 1243 ,
2008 1192 2070 1231 καὶ
2091 1191 2234 1241 πόλεις,
2255 1188 2317 1228 καὶ

1259 1256 1366 1309 ἔργα,
1385 1254 1480 1306 μένει
1510 1253 1635 1308 χρόνον
1657 1252 1844 1306 ἀμήχανον
1863 1251 1944 1291 ὅσον
1970 1250 2140 1303 γενόμενα
2155 1280 2166 1298 ,
2194 1247 2316 1301 μηκέτ’

1260 1315 1357 1359 ὄντος
1379 1320 1439 1354 τοῦ
1459 1314 1688 1361 θελήσαντος·
1707 1312 1752 1351 τὰ
1777 1311 1814 1351 δὲ
1833 1315 1896 1360 τῆς
1915 1314 1976 1350 τοῦ
1993 1314 2071 1350 θεοῦ
2092 1309 2317 1362 μετασχόντα

1258 1374 1422 1427 γνώμης,
1439 1373 1501 1413 καὶ
1521 1374 1565 1412 δι’
1582 1373 1686 1412 αὐτὸν
1705 1372 1766 1412 καὶ
1787 1373 1847 1411 ὑπ’
1867 1374 1972 1411 αὐτοῦ
1993 1370 2181 1422 γενόμενα,
2201 1372 2317 1407 ταῦτα

1260 1432 1301 1480 δὴ
1332 1433 1401 1486 ἄρα
1433 1432 1605 1486 παρόντος
1633 1436 1693 1472 τοῦ
1726 1430 1940 1479 ποιήσαντος
1977 1430 2160 1484 οἰχήσεται
2193 1428 2252 1467 καὶ
2279 1430 2318 1466 οὔ

1262 1580 1393 1615 Etenim
1411 1580 1590 1614 ridiculum
1608 1580 1726 1623 utique
1741 1580 1840 1614 suerit
1851 1605 1859 1620 ,
1876 1579 1967 1622 quod
1981 1581 2094 1612 ortum
2111 1578 2236 1621 aliquid
2258 1577 2302 1611 sit

1260 1643 1432 1684 propterea
1451 1641 1488 1674 id
1505 1640 1689 1684 corrumpi3
1711 1640 1799 1674 idem
1819 1640 1848 1673 si
1863 1639 2030 1682 corrumpi
2054 1639 2138 1672 deus
2155 1638 2318 1679 voluerit,

1260 1708 1344 1732 non·
1365 1699 1532 1742 corrumpi
1563 1712 1573 1733 t
1608 1699 1774 1740 similiter,
1800 1699 1890 1741 quod
1920 1698 2047 1740 aliquid
2081 1700 2159 1730 ortu
2188 1699 2318 1738 careat,

1259 1761 1436 1802 propterea
1454 1759 1539 1793 illud
1561 1759 1718 1793 interitus
1749 1769 1769 1792 a
1788 1768 1824 1792 se
1844 1757 2060 1801 propulsandi
2083 1757 2152 1791 vim
2178 1757 2319 1799 babere3

1260 1819 1408 1852 divinam
1418 1821 1533 1852 contra
1549 1820 1755 1853 voluntatem
1765 1828 1830 1852 non
1843 1819 1926 1853 satis
1939 1819 1980 1851 ad
1994 1827 2111 1852 eorum
2123 1817 2318 1861 quidquam,

1259 1888 1338 1920 quae
1361 1880 1518 1921 generata
1543 1880 1641 1920 sunt,
1663 1878 1706 1912 ab
1734 1878 1870 1912 interitu
1896 1878 2106 1912 liberandum
2126 1878 2249 1912 valere.
2270 1882 2319 1910 An

1260 1948 1343 1972 vero
1360 1939 1515 1979 domum,
1527 1947 1604 1981 quae
1620 1947 1686 1972 non
1701 1939 1795 1979 erat,
1817 1937 2021 1972 architectus
2041 1937 2207 1972 aedificare
2225 1939 2320 1981 potc-

1261 1999 1308 2033 rit
1318 2025 1327 2041 ,
1349 2000 1499 2033 statuam
1515 1999 1603 2032 alius
1619 1999 1746 2040 facere,
1762 2008 1838 2042 quae
1855 2000 1954 2032 antea
1969 2008 2036 2032 non
2054 2000 2144 2033 esset
2156 2024 2164 2039 ‚
2182 1998 2265 2032 alius
2279 2009 2318 2032 cx

1260 2059 1337 2093 rudi
1351 2060 1491 2093 materia
1504 2068 1624 2093 navem
1639 2059 1829 2093 hominibus
1842 2059 1898 2092 illa
1910 2058 2085 2101 egentibus
2102 2060 2295 2092 construere
2310 2074 2318 2091 ι

1260 2121 1430 2163 postremo
1457 2120 1649 2162 quicunque
1676 2120 1711 2153 in
1727 2119 1859 2153 artibus
1877 2119 2027 2161 operosis
2051 2120 2239 2160 versantur,
2259 2119 2322 2152 ali-

1262 2180 1343 2222 quid
1360 2182 1399 2214 ut
1410 2180 1461 2214 -sit
1488 2181 1579 2223 quod
1602 2180 1694 2223 prius
1715 2190 1780 2213 non
1811 2183 1902 2220 erat,
1933 2179 2099 2213 efficiendi
2123 2181 2187 2213 vim
2218 2179 2320 2213 hahe—

1263 2240 1348 2273 bunt
1369 2253 1378 2273 ι
1400 2249 1567 2274 summum
1591 2240 1688 2273 illum
1708 2250 1818 2283 regem
1848 2243 1882 2273 et
1901 2239 2065 2282 optimum
2084 2240 2244 2273 artificem
2264 2249 2321 2281 po-

1262 2302 1395 2334 testatis
1411 2309 1454 2334 ne
1469 2303 1599 2334 tantum
1619 2301 1755 2343 quidem
1767 2325 1777 2342 ,
1798 2301 1959 2343 qnantum
1974 2301 2152 2334 mortalem
2169 2300 2319 2343 opificem

1262 2360 1386 2395 habere
1411 2361 1650 2402 concedemus,
1672 2361 1828 2404 omnique
1855 2370 1935 2394 eum
1961 2360 2138 2404 generandi
2163 2361 2320 2394 facultate

1262 2421 1490 2464 privabimus?
1504 2423 1679 2463 Nunquam
1696 2421 1861 2463 profecto,
1877 2422 1904 2455 si
1921 2421 2094 2464 paullatim
2114 2430 2250 2455 causam
2265 2421 2318 2454 di-

1262 2482 1375 2514 vinam
1391 2481 1592 2524 cogitatione
1609 2481 1786 2522 complecti
1805 2481 2001 2524 poterimus.
2021 2481 2111 2521 Quid
2132 2481 2257 2523 igitur?
2272 2479 2319 2514 An

1263 2541 1349 2574 forte
1380 2540 1560 2583 (quoniam
1591 2541 1660 2583 ipse
1679 2541 1786 2574 bonus
1818 2542 1892 2582 est3
1925 2541 2034 2575 bonus
2061 2542 2174 2575 autem
2198 2541 2319 2574 nemini

1264 2603 1447 2646 quidquam
1478 2602 1628 2644 invidet)
1656 2602 1815 2645 praeclara
1834 2602 1967 2637 efficere
1994 2612 2070 2636 cum
2099 2602 2227 2646 possit,
2248 2604 2319 2638 tum

1264 2662 1363 2695 etiam
1382 2660 1481 2702 velit,
1499 2670 1576 2702 quae
1591 2662 1704 2695 tamen
1719 2661 1841 2695 effecta
1855 2661 1921 2695 sint
1935 2670 2134 2696 conservare
2151 2662 2238 2696 idem
2251 2664 2321 2696 tue-

1263 2722 1358 2763 rique
1374 2730 1441 2754 non
1459 2720 1563 2763 possit
1574 2723 1589 2754 i'
1605 2721 1708 2763 Atqui
1736 2721 1852 2755 caeteri
1867 2721 2012 2756 artifices
2034 2724 2216 2765 uirumque
2238 2732 2320 2765 pos-

1263 2782 1354 2815 sunt.
1372 2781 1551 2815 Architecti
1570 2781 1704 2823 quidem
1733 2784 1769 2816 et
1789 2782 1925 2816 navium
1942 2782 2159 2817 fabricatores
2175 2793 2241 2817 non
2264 2794 2316 2817 so—

1265 2841 1333 2874 lum
1351 2850 1457 2875 novas
1468 2850 1529 2874 seu
1545 2841 1663 2875 domos
1683 2851 1743 2875 seu
1758 2851 1863 2876 navos
1879 2842 2062 2885 aediticant,
2085 2844 2143 2877 sed
2161 2844 2202 2877 iis
2221 2844 2319 2877 etiam

1263 2902 1410 2943 tempore
1426 2900 1552 2934 vitiatis
1567 2901 1680 2943 partes
1694 2902 1777 2935 alias
1794 2903 1828 2935 in
1843 2903 1938 2945 prius
1955 2891 2121 2938 factarum
2139 2905 2314 2946 corrupta-

1263 2969 1404 3002 rumque
1432 2960 1543 2994 locum
1574 2960 1823 3001 substituendo.
1856 2963 1983 2997 mederi
2013 2966 2166 3006 possunt.
2197 2966 2319 3002 Quam-

1264 3019 1381 3053 obrem
1396 3019 1530 3054 omnino
1555 3021 1672 3055 saltem
1689 3022 1885 3055 tantundem
1903 3022 1967 3056 deo
1987 3023 2235 3057 concedendum
2253 3025 2316 3056 est.

1263 3079 1360 3118 Quod
1379 3080 1468 3113 enirn
1493 3081 1601 3115 totum
1619 3080 1751 3115 efficere
1778 3082 1855 3124 quis
1886 3083 2052 3125 potuerlt,
2073 3083 2242 3125 quomodo
2275 3091 2316 3116 ex

1264 3140 1357 3180 parte
1373 3139 1408 3172 id
1424 3140 1534 3182 ipsum
1549 3140 1685 3175 efficere
1703 3144 1873 3184 nequeat?
1893 3145 2029 3186 ltaque,
2046 3143 2074 3176 si
2091 3143 2166 3185 quis
2184 3142 2318 3176 cumino

1263 3198 1402 3232 effector
1420 3199 1555 3233 tuturus
1572 3202 1625 3234 est
1637 3226 1647 3244 ,
1664 3210 1743 3235 cnm
1761 3202 1834 3244 eius
1852 3211 1975 3236 novum
2006 3203 2141 3245 aliquod
2153 3211 2237 3246 opus
2257 3212 2315 3236 cx-

1263 3260 1371 3300 stare,
1386 3260 1456 3291 tum
1473 3259 1556 3293 illud
1572 3259 1735 3296 sibonum
1753 3261 1852 3296 suerit
1864 3288 1872 3304 ,
1890 3271 1951 3305 per
1966 3271 2043 3296 cum
2062 3263 2105 3296 ab
2120 3263 2211 3296 omni
2231 3262 2317 3304 inju-

1263 3317 1311 3350 ria
1334 3317 1494 3352 vindicari
1511 3320 1693 3363 oportebit.
1713 3322 1806 3363 Opus
1836 3321 1922 3354 enim
1942 3321 2025 3355 bene
2053 3323 2316 3363 coagmentatum

1263 3375 1444 3411 dissolvere
1466 3377 1573 3421 vello,
1601 3379 1682 3413 mali
1711 3380 1830 3424 utique
1853 3381 1964 3414 fuerit.
1987 3383 2090 3414 Porro
2108 3380 2151 3412 ad
2175 3390 2214 3412 ea
2242 3389 2317 3420 quae

1263 3436 1352 3469 facta
1370 3439 1448 3470 sunt
1465 3440 1710 3482 conservanda,
1730 3449 1795 3473 non
1812 3440 1904 3473 aliud
1928 3441 2040 3473 divina
2057 3440 2226 3472 voluntate
2246 3440 2317 3471 sor-

1264 3495 1330 3530 tius
1355 3498 1408 3531 est
1426 3498 1605 3533 vinculum.
1626 3499 1716 3539 Quid
1735 3500 1847 3534 enim?
1865 3509 1907 3533 an
1924 3500 2058 3542 populi,
2076 3499 2176 3533 urbes
2189 3524 2197 3539 ‚
2216 3507 2316 3541 opera

2154 3555 2192 3586 13
