2508 3776
606 142 907 185 ETHICORUM
935 144 1385 188 NICOMAGHEORUM
1413 146 1786 190 PARAPHRASIS.

43 270 46 277 .
125 252 131 262 ·
162 234 183 256 *
175 236 259 292 τῷ
273 233 455 305 εὐδαίμρνι
471 231 508 272 δὲ
521 231 721 285 κάλλιον,”“
701 250 727 281 η
739 234 791 287 τῷ
809 235 928 279 κακῶς
943 233 1149 287 πράττοντι·

45 322 55 337 ·.-
106 273 181 338 διὰ
185 296 291 336 τουτο
310 294 348 333 ἔν
367 291 431 344 μὲν
453 297 528 338 ταῖς
546 291 710 346 ἀτυχίαις
725 293 765 332 οὐ
784 296 952 334 τοσοῦτον
976 295 1031 334 δεῖ
1049 294 1160 349 φίλων

14 379 16 398 5
47 378 67 383 -
95 353 332 412 σπουδαίων,
349 351 429 393 ὅσον
446 352 636 406 ὠφελίμων
655 351 716 392 καὶ
736 353 950 406 χρησίμων,
973 355 1010 394 ἓν
1032 353 1069 394 δὲ
1086 354 1162 399 ταῖς

13 427 17 472 j
61 447 86 459 ,
73 401 286 469 &QG-te
313 413 476 465 οὐδαμῶς
501 412 713 467 χρησίμων,
744 412 839 453 ἀλλὰ
861 415 1002 466 ἀγαθῶν
1028 413 1159 466 μόνον·

11 480 16 518 ;
38 500 48 514 ;
72 472 200 523 ἃς
197 471 274 528 γὰρ
294 473 459 518 ἐπιεικεῖς
479 474 512 513 οἳ
532 472 739 525 εὐδαίμονες
754 474 921 525 ζητοῦσι,
938 474 1001 514 καὶ
1018 474 1162 520 τούτους

12 520 14 562 ss
61 550 74 576 ,·
75 528 295 601 mmm
314 533 451 586 μᾶλλον
484 533 700 587 εὐεργετεῖν,
729 531 790 572 καὶ
811 531 903 585 μετὰ
924 530 1058 572 τούτων
1089 530 1163 570 διοί-

12 699 17 706 „
54 686 61 692 ,
139 604 199 671 ἰ*
211 649 322 694 Ἔστι
339 651 410 707 γὰρ
420 651 705 706 καὶὴ-παρουσία
723 651 814 701 αὐτὴ
825 653 896 692 τῶν
919 650 1031 704 φίλων
1041 651 1158 699 ἡδεῖα,

104 702 168 752 καὶ
189 712 226 758 ἐν
241 717 320 758 ταῖς
339 711 544 766 εὐτυχίαις·
558 711 782 766 κουφίζονται
804 710 872 765 γὰρ
892 713 925 751 οἱ
945 710 1161 761 λυπούμενοι

105 769 376 825 membresitanis!
397 772 517 816 αὐτοῖς
535 772 604 810 τῶν
626 769 753 825 φίλων.
780 769 850 811 Διὰ
868 773 972 810 τοῦτο
991 769 1091 809 καὶ’
1071 785 1159 810 απο-

8 879 9 882 Ὶ
58 857 63 864 ι
163 877 165 881 ⁴
261 829 304 871 ἄν
323 845 402 882 τις,
423 830 499 871 ἀνθ’
524 830 607 872 ὅτου
624 829 849 883 κουφίζονται
878 831 928 883 τῷ
950 830 1163 882 συναλγουν-

48 907 66 946 3,
101 889 268 937 macir<
289 888 410 946 φίλους
428 891 513 944 ὃρᾷν
531 902 540 912 ·
572 889 668 929 δοκεῖ
696 890 765 943 γὰρ
786 889 908 942 ὥσπερ
939 890 1046 944 βάρος
1066 905 1163 944 μερι-

44 999 50 1001 .‚
84 946 332 1004 ζόμενονκαὶ
350 947 439 1003 πρὸς
458 947 539 994 τοὺς
553 947 675 1003 φίλους
697 948 938 1002 κουφίζεσθαι.
960 949 1013 990 Τὸ
1037 949 1074 988 δὲ
1097 950 1163 989 οὐκ

47 1021 70 1040 ²
100 1007 224 1052 'lum
241 1009 320 1050 ἄλλ’
335 1012 361 1059 ἡ
379 1008 495 1063 ἔπὶτῇ
518 1010 697 1063 παρουσία
720 1011 791 1049 τῶν
815 1010 928 1063 φίλων
948 1009 1077 1059 ἡδονή,
1100 1008 1162 1050 καὶ

50 1101 54 1109 .
103 1067 149 1109 τὸ
166 1068 247 1116 τούς
268 1070 531 1122 συναλγουντας
554 1072 638 1124 δρᾶν
660 1069 766 1118 ἧδυ”
747 1085 808 1122 ον,
831 1069 969 1109 ἐλάττω
989 1069 1159 1118 ποιεῖτὴν

55 1134 58 1156 ³
103 1129 243 1190 λύπην·
270 1129 381 1180 ἡδονὴ
405 1129 475 1185 γὰρ
508 1130 625 1178 λύπην
654 1129 824 1170 ἐλαύνει·
846 1131 877 1168 εἰ
909 1129 973 1181 μὲν
1006 1124 1066 1170 ουν
1103 1129 1162 1170 διὰ

48 1185 58 1219 .'-
78 1183 87 1187 ³
104 1206 222 1248 ταυτα
238 1189 262 1240 ἢ
279 1190 323 1231 δι’
345 1189 434 1231 ἄλλο
459 1206 493 1230 τι
514 1190 767 1245 κουφίζονται,
787 1188 943 1246 ἀφείσθω
964 1193 1081 1238 ζητεῖν
1100 1190 1160 1230 ἐπὶ

50 1245 58 1266 ·‘
105 1255 166 1292 τοῦ
182 1249 372 1304 παρόντος·
392 1247 448 1308 ῥ’τι
468 1249 505 1289 δὲ
527 1249 628 1304 ῥάους
647 1249 803 1301 γίνονται
819 1251 851 1290 οἱ
870 1249 1083 1302 λυπούμενοι
1102 1249 1161 1292 διὰ

55 1303 63 1348 ζ
104 1309 171 1362 τὴν
185 1309 386 1364 παρουσίαν
402 1311 473 1349 τῶν
489 1309 599 1362 φίλων
611 1341 622 1360 ,
645 1310 793 1364 φανερόν
811 1312 898 1350 ἐστι.

39 1363 47 1371 ’
161 1366 362 1410 ffl’Eonxs
381 1369 417 1407 δὲ
439 1366 489 1419 μὴ
511 1369 674 1420 καθαρῶς
692 1366 830 1420 χαίρειν
850 1367 976 1414 αὐτους
989 1385 1060 1414 τοις
1077 1385 1160 1410 συν-

108 1412 219 1481 σλγου
197 1425 258 1468 ”et
281 1430 350 1468 τῶν
370 1426 506 1496 φίλων,
533 1424 626 1478 μηδὲ
652 1428 801 1476 ἄμικτον
833 1427 950 1472 αὐτοῖς
978 1421 1070 1468 εἶναι
1095 1430 1161 1478 τὴν

53 1494 80 1527 ξ’
105 1482 274 1530 τοιαύτην
295 1481 446 1532 ἡδονήν,
469 1483 563 1523 ἀλλὰ
581 1483 644 1524 και
661 1485 782 1537 ἀλγεῖν
805 1485 840 1524 ἐν
865 1488 916 1539 τῷ
933 1485 1048 1540 μέρει.
1065 1487 1164 1528 Αὐτὸ

39 1566 67 1598 2
107 1538 173 1596 μὲν
191 1543 263 1600 γὰρ
279 1543 322 1586 τὸ
343 1547 428 1600 ὀρᾷν
445 1545 524 1592 τους
550 1546 670 1601 φίλους
691 1547 778 1597 ἡδύ,
810 1549 967 1600 μάλιστα
993 1556 1063 1594 τοῖς
1083 1551 1165 1590 ἀτυ-

104 1606 237 1659 χοῦσι,
265 1603 328 1646 καί
360 1620 413 1651 τις
437 1606 535 1660 αὐτῷ
565 1605 698 1659 γίνεται
718 1607 903 1661 ἐπικουρία
923 1608 1010 1662 πρὸς
1040 1609 1081 1648 τὸ
1110 1610 1160 1662 μὴ

40 1671 63 1699 ἲἑ
105 1662 307 1712 λυπεῖσθαι.
338 1665 645 1726 Παραμυθητικὸν
663 1665 733 1720 γὰρ
754 1669 774 1707 ὅ
793 1667 907 1721 φίλος,
929 1668 990 1707 καὶ
1018 1669 1161 1741 δρώμε-

50 1730 66 1739 ”
103 1725 162 1774 νος
178 1721 241 1763 καὶ
260 1721 398 1780 λέγων,
419 1722 480 1762 ἐὰν
505 1727 527 1776 ᾐ
550 1723 738 1770 ἐπιδέξιος·
758 1725 923 1800 γινώσκει
940 1727 1007 1781 γὰρ
1023 1728 1082 1768 τὸν
1098 1734 1160 1770 τοῦ

46 1799 49 1837 j
105 1775 221 1836 φίλου
225 1782 378 1838 τρόπον,
408 1783 469 1824 καὶ
488 1777 538 1829 οἷς
554 1785 695 1838 χαίρει,
718 1802 779 1826 και
803 1790 853 1832 οῖς
882 1787 1072 1840 λυπεῖται,
1096 1790 1158 1829 καὶ

39 1859 42 1866 ²
104 1841 254 1881 δύναται
273 1843 601 1918 παραμυθήσασθαι
623 1845 764 1898 ῥαδίως.

157 1901 266 1943 Κατὰ
296 1905 418 1942 τοῦτον
453 1901 520 1954 μὲν
555 1896 615 1943 ουν
647 1903 707 1943 τὸν
740 1907 869 1957 τρόοπν
898 1907 1001 1956 ἡδεῖά
1021 1907 1114 1949 ἐστιν
1135 1913 1158 1959 ἡ

35 1958 48 2015 3'
102 1960 280 2016 παρουσία
299 1963 370 2002 τῶν
395 1961 519 2017 φίλων.
554 1962 608 2003 Τὸ
627 1963 663 2003 δὲ
691 1964 910 2017 λυπούμενον
932 1969 1158 2010 αἰσθάνεσθαι

34 2023 47 2069 'j
101 2017 161 2063 τὸν
180 2021 282 2079 φίλον
312 2021 372 2062 ἐπὶ
399 2029 478 2068 ταῖς
511 2025 640 2063 ἑαυτοῦ
669 2025 852 2079 ἀτυχίαις,
884 2027 1045 2082 λυπηρὰν
1066 2036 1159 2070 ποιεῖ

46 2107 50 2109 -
101 2085 296 2132 τηνικαυτα
317 2081 383 2131 τὴν
402 2082 588 2123 συνουσίαν
610 2086 678 2123 τῶν
699 2084 829 2139 φίλων·
849 2093 919 2131 πας
949 2087 1018 2141 γὰρ
1039 2090 1153 2138 λυπη

100 2142 164 2198 ρὸν
182 2143 325 2196 ἡγεῖται
347 2141 388 2182 τὸ
415 2142 530 2192 λύπης
550 2143 658 2190 αἴτιος
676 2145 838 2218 γενέσθαι
857 2152 928 2191 τοῖς
948 2148 1072 2201 φίλοις.
1091 2149 1160 2190 Διὰ

100 2218 206 2244 τουτο
227 2204 260 2243 οἱ
279 2201 343 2255 μὲν
365 2202 553 2257 ἀνδρώδεις
573 2203 637 2252 τὴν
655 2204 756 2258 φύσιν
780 2206 1009 2246 εὐλαὸοῧνται
1035 2210 1160 2248 συλλυ-

30 2283 31 2286 ’
55 2291 57 2293 -
99 2266 243 2303 κεῖσθαι
262 2261 342 2308 τοὺς
370 2262 492 2362 φίῆους
519 2264 636 2308 αὐτοῖς
650 2295 662 2316 ,
690 2263 754 2304 κᾶν
771 2270 786 2290 ³
808 2266 858 2317 μὴ
881 2267 1020 2320 μεγάλη
1043 2267 1106 2320 μὲν
1133 2273 1156 2317 ἡ

42 2343 50 2357 ι’
99 2326 310 2378 παραμυθία
331 2317 354 2376 ᾖ
375 2338 422 2362 κα
461 2323 519 2362 ἐπὶ
540 2323 723 2375 μεγίσταις
743 2326 943 2379 συμφοραῖς
956 2356 966 2375 ,
991 2328 1102 2382 μικρὰ
1120 2328 1157 2368 δὲ

39 2417 46 2425 .
103 2383 260 2433 ἡλύπη,
285 2382 330 2432 ἣν
352 2384 587 2436 συναλγοῦσιν
612 2385 752 2434 αὐτοῖς,
776 2387 841 2424 οὐκ.
877 2386 1063 2439 ἀνέχονται
1082 2404 1156 2428 κοι-

51 2468 55 2473 ·
98 2458 222 2484 νωνειν
242 2449 314 2489 τοῖς
333 2443 446 2499 φίλοις
473 2445 543 2483 τῶν
568 2446 710 2493 κακῶν,
741 2443 829 2490 ὅλως
849 2461 887 2485 τε
908 2445 987 2491 τους
1006 2451 1155 2501 συνθρη-

47 2515 64 2543 'a
98 2507 246 2549 νοῧντας
264 2504 305 2544 οὐ
325 2502 556 2558 προσίενται,
580 2503 639 2544 διὰ
658 2504 699 2543 τὸ
722 2505 813 2556 μηδὲ
837 2506 934 2545 αὐτοὶ
955 2509 1156 2560 θρηνητικοὶ

55 2581 61 2589 ·
98 2556 210 2613 εἶναι,
229 2561 324 2602 ἀλλὰ
343 2563 513 2617 γενναίως
532 2563 627 2618 ἔχειν
651 2564 739 2616 πρὸς
757 2564 802 2604 τὰ
822 2565 984 2619 λυπηρά.
1019 2566 1068 2606 Γ
1051 2583 1155 2607 υναια

50 2639 54 2641 ·
98 2622 136 2663 δὲ
155 2622 218 2663 καὶ
247 2623 281 2662 οἱ
308 2621 539 2676 γυναικώδεις
574 2625 643 2662 τῶν
672 2625 808 2677 ἀνδρῶν
839 2630 911 2670 τοῖς
947 2627 1155 2673 στενάζουσι

34 2683 62 2729 J
96 2682 291 2737 χαίρουσι,
311 2682 374 2723 καὶ
393 2684 593 2737 ιριλουσινε
573 2700 622 2729 ως
638 2683 760 2737 φίλους
791 2684 853 2723 καὶ
874 2687 1131 2738 συναλγοῦντας
1143 2703 1152 2713 ·

54 2751 62 2787 'z
97 2741 267 2782 δεῖδὲού
286 2741 430 2786 τούτους
450 2740 544 2781 ἀλλὰ
575 2740 654 2787 τοὺς
681 2742 864 2796 ἀνδρικοὺς
892 2747 1090 2796 μιμεῖσθαι·
1117 2748 1153 2786 ἐν

97 2798 213 2840 ἅπασι
229 2801 299 2856 γὰρ
321 2802 496 2857 προσήκει
512 2800 556 2840 τὰ
575 2802 704 2855 βελτίω
721 2803 872 2843 διώκειν·
894 2803 986 2844 οὕτω
1010 2806 1075 2859 μὲν
1092 2801 1151 2847 οῧν

38 2861 62 2906 „7'
95 2866 170 2906 τοῖς
184 2862 416 2915 δυστυχοῦσιν
439 2863 472 2902 οἱ
489 2861 584 2916 φίλοι
600 2865 800 2915 βοηθοῦσιν.

38 2917 51 2928 ⁴
150 2919 223 2939 *¹¹¹¹*
237 2921 283 2962 ‘H
297 2920 334 2960 δὲ
351 2922 387 2961 ἐν
401 2927 478 2966 ταῖς
496 2922 674 2975 εὐτυχίαις
688 2922 866 2977 παρουσία
886 2925 956 2963 τῶν
971 2924 1082 2979 φίλων
1102 2926 1153 2965 δι·

40 3034 41 3037 ¹
60 3004 65 3013 ³
95 2982 195 3027 πλῶς
209 2981 312 3030 ἡδεῖά
332 2984 446 3030 ἔστιν,
467 2980 520 3021 ὅτι
537 2997 575 3021 τε
596 2982 724 3029 ἡδίστη
749 2983 842 3024 ἐστὶν
857 2987 879 3032 ἡ
901 2983 993 3036 μετὰ
1010 2987 1080 3024 τῶν
1099 2984 1154 3040 φί-

95 3041 168 3082 λων
190 3042 376 3096 διατριὸή,
397 3044 477 3081 καθ’
510 3041 618 3082 ὅσονῦ
653 3042 747 3082 εἶσὶο
774 3045 890 3097 φίλοι,
911 3044 973 3083 καὶ
995 3043 1050 3084 ὅτι
1068 3045 1154 3098 βλέ-

45 3111 55 3146 ἶ
97 3118 203 3146 πουσι
221 3102 411 3159 χαίροντας
429 3109 501 3148 τοῖς
533 3104 648 3143 αὐτῶν
677 3107 818 3157 ἀγαθοῖς
832 3135 843 3155 ,
863 3104 882 3144 ὃ
905 3108 968 3154 τῆς
988 3106 1156 3159 μεγίστης

36 3157 54 3202 ’ἶ
97 3163 234 3208 εὐνοίας
253 3161 444 3217 τεκμήριόν
465 3164 576 3205 ἐστιν.

151 3221 242 3240 **‘**
264 3221 368 3263 Ἐπεὶ
382 3222 497 3262 τοίνυν
516 3227 762 3280 κοινωνοῦντες
781 3222 845 3275 μὲν
858 3230 930 3270 τοῖς
953 3224 1065 3280 φίλοις
1084 3227 1154 3266 τῶν

2193 154 2272 194 539

1264 241 1325 273 Est
1347 243 1460 274 autem
1476 242 1564 275 felici
1586 243 1768 277 amicorum
1785 245 1949 287 possessio
1967 245 2147 289 pulchrior,
2173 255 2276 289 quam

1223 298 1348 333 infelici
1370 312 1378 333 ι
1405 300 1547 344 ideoque
1566 302 1601 335 in
1631 303 1765 337 fortuna
1789 306 1930 339 adversa
1950 316 2015 340 non
2042 308 2112 340 tam
2129 307 2277 341 honestis

1222 367 1308 402 opus
1329 360 1380 392 est
1400 359 1524 399 amicis.
1544 371 1647 404 quam
1665 363 1805 397 utilibus
1821 366 1855 397 et
1869 364 1929 408 qui
1952 365 2108 408 prodesse
2124 369 2274 410 possunt.

1223 417 1258 451 in
1277 419 1421 452 secunda
1444 422 1556 453 autem
1578 421 1716 457 minime
1740 423 1891 464 utilibus,
1921 424 1979 458 sed
1999 425 2095 459 bonis
2123 427 2276 459 tantum:

1224 476 1346 520 probos
1365 478 1500 521 ·quippe
1521 483 1679 522 quaerunt
1698 481 1797 521 beati,
1829 491 1954 526 eosque
1980 484 2086 528 magis
2112 484 2278 519 beneficiis

1224 535 1360 571 afficere
1380 538 1536 581 gestiunt,
1565 542 1599 574 et
1614 549 1691 574 cum
1707 540 1748 575 iis
1767 541 1890 576 vivere.

1268 652 1343 694 Ipsa
1360 652 1447 686 enim
1467 653 1568 686 etiam
1585 653 1620 688 in
1636 655 1737 688 rebus
1755 656 1910 690 secundis
1925 660 2020 700 grata
2033 660 2084 692 est
2098 659 2281 694 amicorum

1224 707 1400 750 praesentia
1419 722 1427 741 ι
1447 708 1602 742 levantur
1618 710 1744 744 scilicet
1757 710 1871 745 dolore
1893 712 1918 746 ii
1938 713 1999 756 qui
2015 714 2140 755 dolent,
2165 716 2282 749 amicis

1225 771 1359 805 aequam
1379 763 1503 797 doloris
1523 767 1652 808 partem
1673 765 1868 800 ferentibus.
1895 769 2013 811 ltaque
2028 769 2182 804 dubitare
2208 781 2279 814 pos-

1226 819 1269 852 sit
1286 819 1424 862 aliquiS,
1442 829 1502 853 cur
1518 820 1631 855 dolore
1648 821 1813 864 leventur,
1831 833 1938 866 quum
1957 824 2070 859 dolere
2090 835 2202 860 secum
2228 828 2281 860 vi-

1225 876 1325 909 deant
1349 876 1475 910 amicos
1495 890 1503 910 :
1523 877 1659 911 videtur
1680 879 1767 912 enim
1789 880 1882 913 dolor
1905 883 2063 924 tanquam
2080 893 2164 917 onus
2181 885 2282 919 etiam

1225 941 1302 966 cum
1329 931 1444 965 amicis
1474 933 1758 967 communicatum
1791 935 1948 978 mitigari.
1977 937 2074 975 Quod
2096 941 2207 973 tamen
2236 941 2284 973 ita

1224 998 1291 1024 non
1312 991 1363 1022 est
1387 1002 1395 1021 z
1426 988 1484 1022 sed
1514 998 1551 1021 ea
1577 998 1654 1032 quae
1674 999 1715 1023 ex
1736 990 1917 1024 amicorum
1947 994 2124 1034 praesentia
2152 996 2283 1039 capitur

1224 1046 1391 1089 voluptas,
1422 1046 1625 1089 illorumque
1655 1057 1740 1090 quos
1766 1057 1878 1081 secum
1905 1048 2018 1082 dolere
2060 1051 2175 1084 vident
2203 1063 2283 1087 con-

1226 1104 1370 1146 spectus,
1392 1101 1514 1144 quippe
1533 1101 1593 1143 qui
1607 1101 1776 1143 jucundus
1798 1102 1852 1142 sit,
1884 1103 2044 1138 leviorem
2064 1105 2165 1139 efficit
2186 1107 2280 1140 dolo-

1224 1170 1316 1200 rem3
1354 1167 1474 1201 nempe
1507 1158 1663 1200 voluptas
1687 1158 1794 1203 abigit
1824 1159 2002 1194 dolorem:
2036 1165 2152 1196 utrum
2182 1165 2283 1206 igitur

1223 1217 1400 1260 propterea
1413 1223 1455 1246 an
1474 1215 1610 1256 propter
1628 1213 1718 1248 aliud
1738 1213 1820 1256 quid
1836 1214 1950 1248 dolore
1968 1216 2131 1257 leventur,
2150 1218 2183 1250 in
2201 1229 2282 1261 prae-

1226 1271 1333 1306 sentia
1366 1278 1518 1313 quaerere
1556 1269 1753 1302 omittamus
1787 1282 1796 1302 ι
1830 1279 1909 1303 nam
1942 1274 2033 1306 certe
2063 1275 2284 1316 praesentibus

1226 1327 1342 1362 amicis
1357 1325 1570 1358 moerentium
1586 1324 1736 1357 dolorem
1755 1324 1899 1367 mitigari
1919 1326 2135 1362 manifestum
2155 1331 2217 1363 est.

1268 1383 1434 1416 Videntur
1453 1383 1566 1415 tamen
1596 1390 1661 1414 non
1686 1390 1821 1424 prorsus
1853 1381 1896 1415 iis
1920 1383 2037 1417 amicis
2063 1385 2123 1427 qui
2149 1395 2283 1429 aequam

1226 1436 1351 1471 doloris
1366 1437 1496 1478 partem
1512 1434 1625 1468 ferunt
1642 1435 1813 1476 delectari,
1833 1445 1941 1479 neque
1956 1446 2047 1470 mera
2060 1438 2197 1472 videtur
2211 1449 2283 1474 esse

1227 1491 1304 1525 talis
1323 1500 1439 1524 eorum
1453 1490 1619 1532 voluptas,
1642 1489 1701 1522 sed
1721 1499 1798 1523 cum
1818 1490 1932 1524 dolore
1952 1491 2067 1534 aliquo
2094 1493 2281 1536 conjuncta.

1225 1548 1301 1589 Ipse
1322 1546 1410 1579 enim
1430 1554 1489 1587 per
1511 1553 1547 1577 se
1563 1544 1746 1577 amicorum
1766 1546 1882 1587 gratus
1898 1547 1950 1578 est
1968 1550 2177 1590 conspectus,
2196 1558 2280 1591 prae-

1225 1599 1341 1633 sertim
1361 1597 1575 1635 calamitosis,
1596 1598 1715 1639 estque
1738 1597 1802 1630 hoc
1821 1597 1918 1640 quasi
1935 1598 2071 1642 aliquod
2088 1600 2213 1634 doloris
2228 1612 2282 1636 re-

1225 1653 1385 1688 medium.
1407 1651 1571 1686 Nimirum
1591 1653 1702 1694 potest
1719 1651 1847 1684 amicus
1864 1654 1937 1685 tum
1957 1657 2093 1696 aspectu
2117 1658 2189 1689 tum
2211 1667 2281 1691 ser-

1222 1718 1320 1743 mone
1350 1705 1522 1746 consolari,
1547 1704 1575 1737 si
1602 1705 1645 1737 sit
1671 1705 1866 1739 commodus
1889 1709 1923 1740 et
1946 1707 2096 1742 urbanus
2122 1719 2224 1743 :nam
2249 1714 2283 1745 et

1222 1770 1332 1796 mores
1355 1759 1454 1793 amici
1478 1757 1585 1800 novit,
1610 1758 1802 1802 quibusque
1834 1760 1935 1793 rebus
1958 1760 2016 1794 ille
2040 1761 2224 1797 delectetur
2248 1767 2282 1798 et

1222 1817 1426 1856 offendatur,
1457 1816 1559 1855 tenet,
1582 1813 1725 1857 ideoque
1750 1812 1847 1847 facile
1871 1814 1902 1848 ei
1932 1817 1983 1849 est
2007 1816 2174 1859 lugentem
2199 1828 2281 1852 con-

1222 1871 1334 1906 solari.

1263 1926 1334 1958 Hoc
1352 1923 1454 1966 igitur
1484 1921 1585 1955 modo
1608 1922 1702 1964 grata
1729 1923 1782 1954 est
1811 1921 1995 1956 amicorum
2018 1925 2209 1966 praesentia.
2239 1927 2282 1959 At

1222 1980 1345 2015 sentire
1360 1979 1504 2012 amicum
1523 1977 1676 2010 molestia
1693 1986 1732 2010 ex
1749 1977 1871 2011 nostris
1887 1977 2020 2012 casibus
2035 1978 2186 2013 adversis
2204 1979 2280 2013 affi-

1221 2037 1265 2077 ci,
1283 2046 1337 2070 res
1351 2038 1403 2068 est
1419 2043 1497 2078 quae
1511 2034 1695 2067 amicorum
1713 2034 1998 2067 conversationem
2017 2036 2089 2068 tum
2105 2036 2280 2070 molestam

1222 2090 1370 2124 efficiat:
1395 2088 1520 2122 doloris
1553 2087 1640 2121 enim
1667 2097 1801 2120 causam
1826 2088 1973 2130 praebere
1998 2089 2126 2130 amicis,
2145 2091 2281 2124 cuilibet

1220 2145 1401 2178 molestum
1420 2142 1566 2176 videtur.
1597 2143 1718 2185 Itaque
1739 2141 1805 2174 viri
1824 2140 1929 2175 fortes
1955 2144 1988 2175 et
2007 2146 2127 2177 natura
2148 2154 2280 2186 magna·

1219 2199 1302 2238 nimi
1331 2199 1450 2230 cavent
1475 2205 1517 2230 ne
1532 2205 1645 2228 secum
1669 2205 1735 2228 uua
1759 2195 1894 2228 doleant
1914 2196 2030 2235 amici,
2059 2207 2098 2230 ac
2124 2198 2188 2231 nisi
2212 2209 2278 2232 ma-

1221 2261 1322 2295 gnum
1340 2250 1420 2294 ipsis
1437 2249 1594 2282 solatium
1611 2248 1748 2282 allaturi
1765 2250 1843 2281 sunt
1863 2250 1896 2282 et
1918 2248 1953 2282 in
1971 2250 2127 2284 maximis
2142 2251 2279 2285 calami-

1220 2310 1365 2352 tatibus,
1385 2308 1443 2341 sed
1463 2309 1579 2340 eontra
1606 2306 1634 2339 si
1650 2306 1792 2348 exiguus
1815 2309 1865 2340 est
1891 2307 1987 2341 dolor
2016 2318 2058 2342 ex
2079 2319 2148 2352 quo
2165 2320 2278 2344 secum

1218 2363 1407 2398 molestiam
1435 2361 1577 2395 tracturi
1608 2361 1685 2400 sint,
1704 2370 1770 2393 non
1794 2363 1959 2395 sustinent
1985 2364 2174 2397 communia
2200 2374 2294 2398 cum·

1220 2418 1335 2452 amicis
1350 2417 1474 2450 habere
1495 2415 1594 2454 mala,
1612 2414 1756 2457 denique
1770 2415 1991 2449 lamentorum
2008 2417 2115 2450 socios
2138 2427 2203 2451 non
2217 2419 2276 2451 ad—

1219 2474 1372 2511 mittunt,
1395 2471 1473 2513 quia
1495 2480 1536 2503 ne
1555 2469 1618 2513 ipsi
1635 2469 1773 2513 quidem
1791 2471 1833 2503 ad
1853 2470 2103 2505 lamentandum
2123 2473 2277 2516 propensi

1220 2529 1309 2569 sunt,
1337 2526 1392 2560 sed
1425 2526 1503 2559 forti
1527 2525 1640 2568 potius
1658 2525 1768 2558 animo
1786 2524 1956 2558 molestias
1978 2525 2102 2560 ferunt.
2136 2527 2276 2561 Mulier-

1224 2582 1307 2614 culae
1323 2582 1435 2613 autem
1452 2579 1585 2622 virique
1616 2578 1826 2612 muliereutis
1849 2578 1975 2612 similes
2001 2579 2193 2614 hominibus
2219 2591 2277 2623 ge-

1218 2635 1387 2668 mentibus
1411 2634 1632 2674 delectantur,
1653 2643 1775 2676 eosque
1797 2634 1836 2666 ut
1865 2633 1989 2667 amicos
2017 2636 2052 2667 et
2074 2634 2206 2677 doloris:
2219 2645 2275 2669 so-

1219 2689 1288 2722 cios
1310 2688 1454 2730 diligunt
1475 2700 1483 2719 :
1515 2687 1764 2730 quosquidem
1791 2686 1916 2720 imitari
1945 2696 2011 2720 non
2035 2690 2188 2731 oportet,
2218 2689 2276 2722 sed

1218 2742 1330 2776 viriles
1354 2741 1427 2774 illos
1447 2741 1559 2784 potius
1582 2754 1589 2773 :
1610 2740 1645 2773 in
1669 2740 1824 2773 omnibus
1853 2739 1942 2773 enim
1964 2749 2002 2773 ea
2027 2749 2105 2783 quae
2138 2741 2275 2774 meliora

1219 2798 1297 2829 sunt
1313 2795 1408 2839 sequi
1429 2804 1489 2828 nos
1514 2794 1612 2827 decet
1633 2806 1641 2827 :
1664 2793 1831 2837 sicigitur
1848 2792 2064 2828 infortunatis
2085 2794 2182 2828 amici
2202 2795 2275 2838 opi-

1217 2851 1378 2884 tutantur.

1259 2921 1297 2952 In
1319 2917 1420 2951 rebus
1439 2915 1592 2950 secundis
1609 2925 1688 2949 vero
1704 2915 1882 2959 dupliciter
1901 2917 1996 2958 grata
2013 2917 2064 2950 est
2090 2916 2273 2949 amicorum

1217 2978 1403 3021 praesentia,
1428 2979 1500 3010 tum
1516 2977 1596 3020 quia
1618 2976 1805 3019 jucundum
1824 2976 1958 3010 videtur
1975 2986 2050 3010 cum
2071 2977 2185 3010 amicis
2202 2986 2274 3010 ver-

1217 3038 1294 3078 sari,
1317 3040 1483 3081 quatenus
1499 3039 1577 3070 sunt
1601 3037 1709 3076 amici,
1734 3039 1807 3069 tum
1823 3036 1903 3079 quia
1928 3046 1985 3070 eos
2001 3037 2097 3071 bonis
2119 3037 2187 3070 suis
2213 3037 2271 3070 de-

1216 3098 1330 3132 lectari
1354 3097 1482 3139 vident,
1502 3097 1594 3141 quod
1619 3097 1775 3132 maximae
1794 3097 2033 3131 benevolentiae
2058 3098 2187 3140 signum
2207 3099 2269 3131 est.

1259 3223 1400 3263 Quando
1414 3223 1528 3267 igitur,
1543 3224 1679 3269 quoties
1694 3233 1773 3258 cum
1798 3223 1913 3257 amicis
1935 3223 2109 3256 adversam
2122 3223 2270 3255 nostram

138 3378 160 3396 *
178 3378 320 3412 Κάλλιον
337 3379 365 3411 δ’
386 3379 420 3411 ἐν
437 3382 510 3417 ταῖς
525 3380 688 3423 εὐτυχίαις
707 3382 776 3413 κτλ.
794 3398 837 3403 -—
853 3381 890 3399 *⁴¹
922 3381 1138 3424 Κουφίζονται
1156 3382 1219 3426 γὰρ
1244 3384 1275 3415 οἱ
1294 3382 1494 3425 λυπούμενοι
1522 3384 1591 3415 κτλ.
1617 3399 1658 3404 -—-
1679 3382 1737 3400 *⁴¹*
1760 3382 1870 3415 Ἐοικε
1900 3383 1927 3415 δ’
1947 3384 1966 3421 ἡ
1988 3381 2152 3424 παρουσία
2170 3381 2267 3424 μικτή

97 3435 146 3465 τις
164 3426 275 3461 αὐτῶν
292 3427 376 3460 εἶναι
398 3428 467 3462 κτλ.
497 3445 540 3454 —-
556 3428 638 3449 *Ἢ*
663 3427 705 3462 Ἡ
718 3429 747 3462 δ’
762 3429 795 3462 ἐν
814 3432 886 3467 ταῖς
903 3429 1067 3473 εὐτυχίαις
1086 3433 1156 3465 κτλ.
1178 3448 1221 3455 -
1237 3430 1332 3451 *****
1349 3431 1410 3464 Διὸ
1425 3431 1543 3470 δόξειεν
1558 3432 1597 3465 ἂν
1616 3431 1679 3465 δεῖν
1694 3432 1764 3465 κτλ.
