2528 3788
283 257 333 294 14
1062 247 1266 288 EUSEBII
1299 246 1636 288 FRAGMENTA.

280 340 444 388 τοιαύτης
468 340 526 378 καὶ
549 342 609 386 τῆς
635 339 689 376 ἐπ’
714 339 847 376 αὐτοῖσι
877 337 1015 388 μνήμης
1035 338 1114 385 ἤτοι
1135 338 1265 389 ἀγαθῆς
1290 334 1312 382 ἢ

280 403 431 451 πονηρῆς
462 398 675 447 τευξόμενος.
734 396 806 436 Καὶ
839 400 939 435 τοῦτο
971 396 1191 449 ἐπιφρασθεὶς
1226 394 1317 433 οὕτω

279 458 424 510 κρινέτω
443 461 456 479 ⁰
484 458 535 494 ἐπ’
564 455 726 508 ὁκοτέρην
755 457 823 493 τῶν
852 456 940 494 ὁδῶν
960 455 1020 494 καὶ
1040 454 1103 502 τὴν
1125 456 1179 493 ἐπ’
1199 454 1317 492 ὁκοτέ-

282 532 342 569 ρην
379 518 446 553 τῶν
476 515 640 565 μνημέων
674 514 825 566 ἄγουσαν
851 514 1043 567 τρέπηται,
1076 513 1136 552 καὶ
1175 513 1271 561 κοίην
1299 512 1315 535 ¹’

279 574 409 612 αὐτέων
425 577 492 612 τῶν
515 573 679 626 μνημέων
700 575 793 626 αὐτῷ
810 573 949 622 ἄμεινον
964 576 1177 626 προτιμῆσαι
1192 576 1224 612 ⁰.

333 634 531 684 (Stobaeus
555 634 581 671 F
586 635 657 673 lor.
680 633 818 680 XLVI,
841 634 886 671 31
909 637 970 672 τοῦ
991 635 1108 673 αὐτοῦ.
1132 632 1280 683 Scripsi
1303 644 1312 669 z

277 696 291 714 ⁰
324 692 468 744 κρινέτω
501 707 586 732 cum
616 693 846 740 Dindorfio;
879 692 994 732 codd.
1028 691 1190 744 κυρεέτω.
1218 714 1268 720 —-
1299 688 1316 712 b

278 750 374 797 κοίην
403 766 489 790 cum
520 752 675 790 Eldikio
704 752 875 802 Specim.
911 750 1063 802 Suspic.
1104 762 1187 800 cap.
1223 763 1244 785 2
1274 749 1316 786 in

277 810 460 848 Schaeferi
479 810 677 849 Thesauro
692 811 829 849 critico
846 823 950 848 novo
971 823 1057 860 pag.
1082 809 1153 847 188
1171 817 1208 846 et
1224 808 1314 844 Koe-

278 870 345 908 nio
364 870 412 907 ad
431 870 547 920 Greg.
566 870 744 909 Corinth.
761 885 801 922 p.
824 875 896 915 414
910 864 927 917 ,Δ
940 869 1052 907 codd.
1076 867 1207 915 κοινὴν.
1228 890 1280 898 -
1300 877 1316 896 (“

277 932 493 981 προτιμῆσαι
518 943 566 968 ex
587 930 674 970 cod.
697 931 742 967 Α.
768 929 870 981 apud
893 928 1172 976 Gaisfordum3
1199 928 1315 976 vulgo

276 990 513 1039 προτιμῆσθαι
533 988 595 1027 vel
616 991 844 1041 προτιμῆται.
866 987 944 1039 --)

329 1059 377 1086 45.
408 1045 535 1099 Ἀρχὴν
566 1045 656 1099 ἔχων
679 1046 727 1097 μὴ
748 1045 1032 1097 ἀπομνησικάκεε
1056 1044 1141 1098 πρὸς
1172 1044 1250 1088 τοὺς
1281 1046 1315 1083 ἐν

278 1105 482 1157 διχοστασίῃ
506 1120 558 1144 σοι
576 1105 740 1157 πρότερον
760 1104 1019 1158 γεγενημένους.
1077 1105 1130 1143 Οὐ
1146 1104 1212 1156 γὰρ
1231 1102 1317 1148 ὅκως

279 1163 433 1214 ἀμόνηαι
453 1167 468 1185 ⁸
491 1162 632 1216 ἐχθροὺς
654 1163 710 1202 ἐπὶ
742 1164 804 1210 τὴν
834 1162 946 1216 ἀρχὴν
978 1158 1009 1201 εἷ’
1026 1163 1257 1217 ἀραιρημένος
1278 1162 1315 1211 ¹³,

278 1224 356 1262 ἀλλ’
375 1222 462 1265 ὅκως
479 1222 538 1261 καὶ
557 1226 619 1269 τῆς
637 1225 720 1274 παρ’
737 1223 851 1261 ἄλλων
866 1222 1049 1268 ἐπιδουλῆς
1066 1221 1241 1274 ἀσφαλέας
1257 1221 1316 1260 καὶ

278 1281 582 1325 ἀνεπιὸουλεύτους
603 1281 754 1334 φυλάξῃς
773 1281 851 1325 τοὺς
885 1281 951 1319 ὑπὸ
978 1280 1032 1319 σοὶ
1059 1279 1288 1332 τεταγμένους
1303 1309 1313 1328 ,

277 1339 337 1377 καὶ
358 1341 445 1384 ὅκως
458 1343 517 1377 τοῦ
537 1341 635 1392 ὀρθοῦ
656 1339 767 1392 φύλαξ
786 1339 843 1391 ἔῃς
864 1344 878 1362 ⁰
897 1338 958 1377 καὶ
981 1342 1057 1377 θεοῦ
1073 1339 1244 1390 μεγάλης,
1266 1340 1315 1377 δι-

276 1397 483 1445 καιοσύνης,
505 1398 677 1450 ὑπηρέτης
704 1412 741 1435 τε
761 1396 823 1435 καὶ
850 1395 1030 1448 ἐξηγητής.

276 1456 318 1494 τὰ
346 1457 433 1508 αὐτῇ
461 1455 622 1494 δοκέοντα
642 1456 768 1495 ποιέων
788 1455 848 1494 καὶ
871 1458 977 1503 αὐτῆς
997 1455 1314 1507 καταψευδόμενος,

276 1516 322 1557 ὡς
345 1517 378 1558 ἐς
405 1514 479 1552 θεὸν
501 1514 668 1565 μεγίστην
689 1514 922 1566 ἁμαρτάνων,
944 1512 1004 1552 καὶ
1028 1515 1112 1564 παρ’
1134 1514 1237 1559 αὐτῆς
1256 1512 1316 1552 καὶ

277 1574 347 1610 τῶν
374 1570 453 1623 περὶ
474 1572 581 1618 αὐτὴν
608 1571 825 1622 τεταγμένων
844 1572 1017 1623 δαιμόνων
1046 1570 1176 1625 ἐφόρων
1196 1587 1233 1610 τε
1256 1571 1316 1611 καὶ

275 1633 436 1682 τιμωρῶν
452 1630 514 1678 τὴν
534 1633 601 1668 τῶν
620 1631 832 1681 ποιευμένων
849 1631 865 1654 ‘¹
882 1634 984 1683 μῆνιν
1004 1631 1191 1682 προσδέκεο
1208 1634 1237 1671 ‘²‘-

330 1690 533 1740 (Stobaeus
553 1690 655 1730 Flor.
674 1691 794 1729 XLV!
811 1722 821 1739 ,
844 1693 890 1729 32
914 1695 972 1730 τοῦ
990 1692 1108 1731 αὐτοῦ.
1132 1691 1278 1742 Scripsi
1304 1705 1311 1728 :

275 1752 290 1770 ⁸
310 1747 465 1798 ἀμύνηαι
484 1762 570 1786 cum
589 1749 766 1797 Halmio3
784 1750 898 1788 codd.
923 1748 1069 1800 ἀμύνεαι
1084 1750 1143 1788 vel
1166 1748 1309 1800 ἀμύνῃς.

278 1830 328 1836 -
344 1806 361 1829 ¹'
381 1801 413 1845 εἷ
437 1806 685 1858 ἀραιρημένος,
706 1808 819 1848 codd.
839 1807 1085 1860 παρῃρημένος
1106 1810 1315 1858 superscri-

277 1872 344 1914 pto
369 1866 397 1902 εἷ
414 1864 598 1917 ἠρημένος.
620 1888 672 1895 ——-
695 1869 710 1888 ⁰
727 1865 785 1912 ἕης
808 1879 895 1904 cum
916 1866 1090 1913 Halmio;
1114 1865 1207 1904 libri
1228 1868 1310 1913 εἴης.

341 1922 357 1945 ‘¹
372 1923 607 1974 ποιευμένων,·
622 1925 856 1963 membranae
871 1926 1097 1976 ποιουμένων.
1116 1948 1167 1956 -
1181 1929 1195 1947 ‘³
1210 1942 1317 1979 προσ·

280 1980 395 2029 δέκεο,
418 1982 532 2022 codd.
558 1982 761 2035 προσδέχεο.
797 2006 848 2013 -
875 1983 1064 2021 Caeterum
1086 1984 1133 2021 de
1163 1984 1318 2022 Justitia

279 2040 460 2078 similiter
492 2041 766 2079 Demosthenes
798 2051 898 2082 orat.
925 2042 942 2079 I
980 2042 1070 2081 adv.
1111 2043 1312 2092 Aristogit.

282 2111 365 2148 cap.
396 2100 433 2148 3,
457 2113 494 2149 p.
520 2113 593 2146 77²
616 2098 679 2145 τὴν
703 2099 942 2151 ἀπαραίτητον
961 2099 1021 2138 καὶ
1041 2099 1170 2150 σεμνὴν
1189 2101 1316 2147 Δίκην,

280 2155 322 2202 ἣν
343 2158 361 2193 ὃ
381 2157 443 2200 τὰς
464 2157 659 2208 ἁγιωτάτας
683 2160 766 2207 ἡμῖν
782 2158 921 2202 τελετὰς
938 2158 1143 2203 καταδείξας
1168 2158 1316 2211 Ὀρφεὺς

281 2214 378 2263 παρὰ
398 2215 455 2253 τὸν
476 2219 535 2254 τοῦ
555 2215 635 2259 Διὸς
654 2215 770 2267 θρόνον
790 2215 875 2269 φησὶ
898 2216 1120 2267 καθημένην,
1142 2217 1256 2255 πάντα
1273 2217 1316 2255 τὰ

780 2276 873 2321 Quae
895 2290 988 2314 vero
1006 2277 1054 2313 de
1072 2276 1229 2315 Justitia
1251 2290 1316 2327 ge-

278 2332 431 2370 nim-um
453 2333 571 2371 choro
592 2336 729 2385 stipata
755 2335 820 2372 hic
841 2336 1035 2383 dicuntur,
1055 2337 1314 2375 recentiorum

278 2390 566 2429 Platonicorum
595 2402 632 2430 et
651 2393 983 2443 Pythagoreorum
1007 2395 1192 2433 doctrinae
1222 2410 1312 2434 con-

278 2459 457 2488 sentanea
477 2460 580 2490 sunt.
606 2450 700 2489 Vide
718 2452 928 2503 Porphyrii
951 2455 1203 2504 fragmentum
1224 2455 1316 2493 libri

281 2276 349 2311 τῶν
372 2274 561 2326 ἀνθρώπων
583 2275 723 2327 ἐφορᾶν.

1088 1395 1199 1434 (Ὠστε
1220 1395 1316 1449 παρὰ
1352 1407 1357 1411 “

1379 335 1539 374 secundi
1569 335 1616 372 de
1635 332 1883 385 philosophia
1902 344 1949 369 ex
1973 345 2077 372 orac.
2098 331 2211 370 haur.
2242 331 2282 368 in
2305 315 2410 370 Phil.

1376 394 1444 434 Gr.
1462 394 1611 443 Fragm.
1628 393 1706 431 vol.
1723 392 1757 439 1,
1775 406 1817 443 p.
1843 405 1930 441 191.
1949 391 2023 442 -)

1428 478 1477 505 46.
1508 464 1648 508 Μεταξὺ
1667 466 1797 516 ἐχθρῶν
1817 463 1963 507 δικάζων
1977 464 2035 500 τοῦ
2052 459 2186 500 δικαίου
2200 460 2322 512 'sino'
2340 459 2411 508 ἐξει-

1376 524 1527 574 ταστής,
1549 523 1608 562 καὶ
1637 522 1721 576 πρὸς
1748 538 1850 561 τουτο
1872 522 1952 572 ῥέπε
1978 523 2021 573 τῇ
2041 519 2181 574 κρίσι.
2150 519 2168 544 ¹²
2204 517 2413 566 Δικαιοσύνη

1376 582 1442 634 γὰρ
1465 582 1526 621 καὶ
1546 583 1682 620 δαίυων
1706 584 1724 620 ὁ
1744 581 1873 629 ταύτης
1892 580 2040 633 εέφορος
2060 594 2119 618 του
2139 579 2245 632 ἔχθρῃ
2270 577 2414 632 χωρίζε·

1377 645 1455 680 σθαι
1475 644 1747 694 προτετιμῆσθαι
1769 639 1986 693 δικαιότεροι.

1432 714 1630 766 (Stobaeus
1647 714 1752 754 Flor.
1771 714 1911 762 XLVI,
1931 714 1977 750 33
1995 728 2054 752 του
2071 714 2187 752 αὗτου.
2209 712 2383 767 Scripsi:
2404 716 2420 735 ⁸

1376 772 1485 823 γίνεο,
1508 773 1619 812 codd.
1644 772 1775 824 γίγνου.
1799 795 1849 802 --
1872 771 1889 795 ¹³
1909 771 2022 824 κρίσι;
2040 771 2153 814 codd.
2179 771 2304 824 κρίσει.
2325 793 2378 802 --
2402 775 2417 795 ⁰

1376 830 1504 878 ταύτης
1521 845 1606 870 cum
1635 831 1828 879 Gesnero3
1852 831 2086 869 membranae
2105 829 2250 869 τούτων.
2273 831 2345 882 -)

1430 915 1476 942 ⁴7.
1506 902 1569 942 Ἐν
1592 903 1685 954 ἀρχῇ
1707 900 1797 952 ἐών,
1819 901 1940 940 ἔπειτα
1966 901 2092 954 ἔχθρης
2108 901 2361 975 μεμνημένος,
2375 905 2418 954 τῇ

1377 960 1505 1012 χείρονι
1524 960 1627 1013 μοίρῃ
1648 959 1832 998 8σεωυτὸν
1855 960 1986 1010 νεμέεις
2007 958 2066 998 καὶ
2087 975 2148 1006 της
2166 959 2419 1010 ἀπαιτεομένης

1378 1020 1411 1056 ἐν
1427 1021 1476 1057 τῶ
1494 1019 1636 1071 ἄρχοντι
1657 1018 1865 1067 σεμνότητος
1885 1018 2034 1057 σεωυτὸν
2054 1017 2340 1070 ἀποστερήσεὶςῦ
2357 1017 2418 1058 καὶ

1377 1077 1472 1130 παρὰ
1497 1081 1512 1100 ⁰
1537 1080 1604 1116 τῶν
1631 1077 1928 1126 ξυνεπισταμένων
1957 1076 2009 1116 ὅτι
2039 1077 2145 1130 ἔχθρῃ
2178 1078 2280 1122 διδοῖς
2311 1093 2420 1123 σεωυ-

1377 1135 1433 1173 τόν
1455 1134 1486 1184 ⁶,
1512 1135 1588 1174 ἀντὶ
1607 1138 1676 1173 τῶν
1697 1134 1915 1186 σεμνοτάτων
1931 1135 2132 1186 οὐνομάτων
2150 1135 2418 1175 δικάστεωθκαὶ

1378 1192 1541 1245 ἄρχοντος
1559 1194 1596 1233 τὸ
1614 1193 1925 1240 εὖδιαὸλητότατον
1943 1192 1955 1216 ¹
1970 1191 2101 1244 οὕνομα
2114 1193 2312 1233 ἀντιλαὸών
2322 1223 2333 1244 ,
2348 1197 2417 1232 τῶν

1379 1251 1609 1302 δικαζομένων
1633 1250 1754 1304 ἐχθρὸς
1773 1251 1960 1298 κεκλήσεαι
1975 1255 2005 1292 ⁸.
2328 1307 2332 1312 .

1432 1321 1633 1371 (Stobaeus
1668 1321 1771 1359 Flor.
1793 1321 1923 1369 XLVI,
1943 1324 1992 1368 34
2018 1325 2077 1360 τοῦ
2098 1324 2214 1364 estoit.
2234 1323 2383 1376 Scripsi
2407 1337 2416 1361 ε

1377 1383 1391 1401 ³
1412 1379 1536 1432 μοίρῃ,
1558 1380 1669 1420 codd.
1704 1378 1823 1432 μοίρᾳ.
1845 1402 1899 1409 --
1921 1378 1936 1401 υ
1973 1380 2122 1420 σεωυτὸν
2149 1382 2417 1436 ἀποστερήσεις,

1378 1439 1491 1478 codd.
1521 1439 1645 1477 ἑωυτὸν
1668 1437 1938 1489 ἀποστερήσεαι.
1968 1462 2021 1469 -
2040 1443 2055 1463 ⁰
2075 1439 2136 1478 καὶ
2161 1440 2258 1494 παρὰ
2266 1457 2278 1490 3
2300 1441 2425 1482 codd.

1377 1496 1486 1548 παρὰ.
1507 1519 1559 1525 -
1578 1496 1594 1519 ‘¹
1616 1496 1784 1544 σεωυτόν,
1811 1497 1923 1534 codd.
1956 1498 2098 1538 σαυτόν.
2116 1520 2169 1527 -
2191 1503 2206 1520 ⁰
2227 1499 2417 1547 δικάστεω;

1379 1555 1472 1593 libri
1493 1555 1569 1594 ἀντὶ
1590 1557 1764 1594 δικαστοῦ.
1783 1577 1835 1584 -
1852 1554 1863 1578 ¹
1882 1556 2192 1605 εὖδιαὸλητότατον
2211 1571 2300 1596 cum
2321 1558 2417 1597 Ges·

1363 1627 1473 1652 >nero
1493 1614 1534 1652 in
1555 1615 1727 1663 margine
1739 1629 1749 1661 ;
1769 1614 1863 1652 libri
1895 1615 2222 1661 ε’νδιαὸλητότατον.
2245 1639 2296 1646 -
2314 1621 2332 1646 ⁸
2359 1633 2418 1655 κε-

1377 1673 1522 1719 κλήσεαι
1546 1687 1631 1710 cum
1652 1673 1791 1710 Koenio
1810 1673 1857 1710 ad
1876 1673 1995 1724 Greg.
2014 1673 2192 1715 Corinth.
2212 1688 2300 1727 pag.
2318 1682 2418 1724 4113

1377 1732 1608 1770 membranas¹
1624 1732 1822 1777 κεκλῆσθαι.
1840 1732 1915 1784 —)

1429 1816 1477 1843 48.
1510 1805 1583 1842 Τοῦ
1604 1805 1766 1854 ἐπιτιμᾶν
1789 1818 1854 1841 τινι
1869 1803 2016 1842 θανάτου
2034 1803 2161 1853 ζημίην
2181 1802 2244 1851 τὴν
2264 1803 2419 1853 ἐξουσίην

1377 1855 1463 1899 εἶναι
1486 1861 1634 1912 ἡγέομαι
1658 1863 1720 1899 οὐκ
1740 1862 1774 1899 ἐν
1805 1863 1853 1914 τῷ
1874 1861 1990 1912 κύριόν
2011 1878 2089 1900 τινα
2109 1856 2197 1900 εἶναι
2215 1865 2275 1902 τοῦ
2301 1878 2418 1902 κοιτα-

1377 1920 1594 1972 ψηςρίσασθαι
1613 1926 1626 1942 ‘¹
1639 1950 1648 1967 ‚
1667 1920 1744 1958 ἀλλ’
1767 1921 1800 1958 ἐν
1820 1923 1868 1973 τῷ
1888 1915 1956 1959 οἷόν
1973 1937 2010 1959 τε
2030 1925 2118 1960 εἰναι
2137 1937 2195 1960 τον
2214 1921 2340 1974 ἔχοντα
2354 1923 2425 1969 τὴν·

1378 1977 1530 2025 ἐξουσίην
1552 1980 1680 2016 ἑωυτου
1701 1978 1872 2029 κρατέειν.
1931 1978 2003 2018 Καὶ
2023 1978 2126 2030 γὰρ’
2111 1995 2145 2018 εν
2168 1981 2416 2033 ἀσφαλεστάτη

1378 2036 1594 2088 ὄφειλοόσῃι)
1613 2041 1700 2075 εἶναι
1719 2037 1845 2089 κρίσιῧ
1865 2037 1966 2076 καὶ’
1951 2054 1983 2081 ες
2002 2038 2186 2089 ὁμογενέας
2204 2039 2239 2077 εἴ
2253 2054 2286 2078 τι
2303 2039 2418 2093 ἅμαρ-

1378 2095 1498 2142 τηθείη
1510 2126 1532 2164 .’.‚
1548 2097 1610 2133 οὐκ
1630 2095 1646 2118 ‘¹
1668 2089 1725 2134 οἷά
1747 2094 1785 2133 τέ
1809 2097 1882 2134 ἐστι
1902 2095 1951 2134 ἔτι
1973 2095 2255 2137 ἀνακαλέσασθαι
2273 2098 2418 2150 γινομέ-

1377 2156 1470 2199 νἠςε
1490 2169 1551 2199 της
1567 2154 1779 2205 ἁμαρτᾶδος.

1433 2217 1444 2267 (
1460 2217 1634 2256 Stobaeus
1649 2219 1754 2258 Flor.
1773 2219 1909 2266 XLVI,
1926 2220 1972 2257 35
1994 2222 2052 2257 τοῦ
2069 2220 2186 2260 αὐτοῦ.
2210 2220 2384 2274 5οῄρεί,2
2404 2226 2419 2244 “

1378 2279 1436 2312 τοῦ
1452 2276 1762 2330 καταψηφίσασθαι
1776 2292 1862 2316 cum
1882 2278 2056 2316 Gesnero
2070 2287 2107 2316 et
2126 2279 2212 2319 cod.
2225 2279 2281 2326 A;
2299 2281 2417 2330 vulgo

1381 2333 1501 2372 τούτου
1520 2335 1560 2374 τὸ
1584 2335 1906 2388 καταψηφίσασθαι.
1939 2359 1980 2365 -
2008 2334 2102 2374 ι’καὶ
2121 2335 2188 2389 γὰρ
2208 2339 2242 2375 ἐν
2263 2338 2417 2389 ἀσφαλε-

1382 2398 1490 2451 στάτῃ
1509 2399 1714 2452 ὂφειλούσῃ;
1737 2402 1850 2440 codd.
1875 2402 1910 2439 ἓν
1929 2401 2019 2439 ουτω
2041 2401 2288 2454 ἀσφαλεστάτη
2321 2404 2417 2455 ὄφει-

1380 2456 1520 2510 λεούσῃ.
1541 2480 1593 2487 --
1625 2463 1639 2481 ⁶
1666 2458 1782 2510 κρίσι;
1806 2459 1919 2498 codd.
1943 2457 2066 2511 κρίσει
2092 2482 2146 2489 —
2167 2458 2184 2483 ‘¹
2203 2462 2265 2499 οὖκ
2295 2454 2352 2500 οἶοί
2380 2463 2418 2501 τέ

281 2557 2411 2578 --——-—-—————————————-—————-——

278 2617 409 2649 demum
434 2619 575 2657 statuat,
606 2621 715 2650 utram
735 2620 819 2652 viam
840 2623 872 2653 et
899 2621 940 2653 ad
959 2624 1071 2655 utrum
1098 2623 1193 2656 famae
1215 2633 1316 2665 genus

278 2675 449 2707 ducentem
479 2675 688 2717 ingrediatur,
721 2679 754 2710 et
780 2679 869 2719 quali
892 2680 986 2712 famae
1019 2681 1126 2722 ipsum
1151 2682 1318 2715 consulere

279 2736 381 2776 magis
397 2739 650 2769 consentaneum
669 2738 722 2771 sit.

320 2798 372 2827 45.
394 2795 619 2836 Magistratum
641 2805 752 2838 gerens
780 2807 820 2830 ne
850 2799 1066 2833 reminiscaris
1092 2790 1218 2842 injuriae
1242 2801 1319 2834 olim

280 2852 339 2886 tihi
361 2853 460 2885 illatae
475 2862 512 2885 ac
526 2853 736 2887 dissensionis
747 2880 755 2896 ,
777 2856 805 2889 si
820 2865 884 2896 qua
902 2857 963 2889 tihi
980 2858 1070 2899 prius
1089 2868 1164 2891 cum
1181 2859 1318 2901 quibus·

279 2912 354 2943 dam
373 2912 445 2944 suit.
490 2915 562 2945 Non
581 2913 668 2946 enim
683 2916 913 2956 magistratum
929 2917 1067 2959 adeptus
1085 2928 1119 2951 es
1133 2944 1141 2958 ,
1158 2922 1196 2952 ut
1211 2919 1319 2951 inimi-

281 2978 336 3002 cos
354 2969 578 3011 ulciscereris,
597 2972 655 3004 sed
681 2974 719 3005 ut
738 2972 874 3015 imperio
897 2976 956 3007 tuo
979 2977 1142 3017 sthectos
1158 2978 1257 3010 etiam
1279 2978 1320 3010 ab

281 3030 418 3061 aliorum
441 3030 564 3062 insidiis
595 3033 683 3064 tutos
712 3034 810 3075 atque
838 3034 1016 3067 incolumes
1046 3045 1212 3077 servares,
1233 3040 1266 3071 ct
1282 3040 1321 3071 ut

283 3089 394 3120 custos
415 3097 504 3121 esses
522 3090 604 3122 recti
625 3092 658 3122 et
678 3100 803 3133 magnae
822 3092 893 3125 deae
917 3094 1059 3126 Justitiae
1078 3097 1148 3127 tum
1173 3096 1321 3130 minister

284 3149 358 3179 tum
384 3147 552 3189 interpres.
597 3150 710 3191 Itaque
734 3150 762 3182 si
791 3151 871 3191 quid
903 3152 1070 3185 admiseris
1101 3156 1219 3196 praeter
1252 3156 1321 3197 ejus

286 3205 478 3237 sententiam
511 3207 544 3238 et
571 3207 650 3239 falsa
678 3207 739 3249 ipsi
769 3209 950 3251 affinxeris,
983 3214 1135 3252 tanquam
1166 3213 1199 3245 in
1225 3214 1320 3246 deam

285 3263 461 3297 maximam
479 3273 633 3306 peccanS,
659 3266 775 3307 partim
792 3267 832 3299 ab
851 3268 936 3309 ipsa,
957 3270 1074 3310 partim
1091 3280 1110 3302 a
1137 3272 1321 3304 constitutis

285 3321 372 3354 circa
401 3331 472 3355 eam
506 3324 626 3364 geniis,
644 3324 880 3366 inspectoribus
913 3328 946 3359 et
978 3328 1138 3362 ultoribus
1163 3330 1321 3362 sactorum
1352 3335 1355 3339 '

285 3380 396 3413 ostium
425 3384 458 3414 et
472 3391 602 3423 poenam
629 3386 826 3425 exspectato.

326 3441 376 3472 46.
402 3441 488 3474 Inter
507 3441 653 3475 inimicos
666 3442 769 3483 judex
789 3444 1005 3485 constitutus,
1020 3446 1076 3486 jus
1091 3446 1137 3478 ita
1153 3447 1312 3487 examina,

1377 2626 1414 2656 ut
1430 2625 1589 2657 sententia
1611 2625 1652 2657 ad
1667 2625 1748 2658 illud
1767 2626 1924 2658 tuendum
1940 2626 2084 2660 inclinet.
2127 2629 2145 2660 J
2150 2627 2263 2660 ustitia
2277 2628 2366 2662 enim.
2381 2632 2418 2663 et

1379 2682 1550 2724 praefectus
1568 2684 1598 2716 ei
1615 2684 1729 2725 genius
1742 2685 1784 2717 ob
1803 2684 1957 2725 majorem
1969 2684 2158 2726 dignitatem
2174 2685 2416 2720 inimicitiarmu

1379 2742 1607 2783 gratificationi
1623 2743 1773 2784 praeferri
1793 2743 1924 2776 debent.

1419 2803 1471 2833 47.
1496 2801 1530 2834 Si
1555 2802 1784 2843 magistratum
1803 2803 2000 2834 consecutus
2016 2802 2192 2836 inimicitiae
2213 2804 2414 2847 memineris,

1378 2859 1447 2901 ipse
1464 2859 1616 2901 iniquiori
1638 2861 1812 2893 conditioni
1834 2863 1867 2894 te
1887 2860 2018 2893 addices
2043 2862 2075 2894 et
2094 2862 2253 2903 gravitate
2278 2873 2317 2896 ac
2344 2873 2415 2896 san-

1378 2917 1490 2950 ctitate
1502 2943 1509 2957 ,
1531 2927 1605 2959 quae
1626 2928 1645 2950 a
1665 2918 1806 2960 principe
1830 2918 2005 2960 flagitatur,
2023 2920 2055 2951 te
2078 2919 2237 2962 privabis,
2255 2920 2417 2962 simulque

1379 2976 1420 3008 ab
1436 2976 1476 3008 iis
1493 2977 1550 3018 qui
1566 2977 1671 3010 sciunt
1686 2979 1720 3010 te
1732 2976 1908 3010 inimicitiae
1926 2976 2093 3019 indulgere
2105 3004 2113 3018 ,
2131 2987 2189 3020 pro
2201 2979 2416 3013 sanctissimis

1378 3035 1561 3068 nominibus
1574 3061 1582 3076 ‚
1599 3045 1657 3077 pro
1669 3035 1798 3078 judice,
1820 3036 1968 3077 inquam,
1991 3038 2025 3068 et
2045 3037 2205 3078 principe,
2228 3038 2416 3081 turpissimo

1379 3093 1506 3127 nomine
1521 3094 1641 3126 inimici
1656 3094 1848 3136 litigantium
1864 3094 2085 3136 appellaberis.

1422 3155 1472 3186 48.
1497 3154 1652 3196 Supplicii
1665 3141 1742 3186 'aliis
1761 3153 1956 3186 decernendi
1970 3155 2164 3195 potestatem
2180 3164 2252 3188 esse
2278 3155 2416 3188 arbitror

1384 3221 1449 3243 non
1469 3212 1501 3244 in
1520 3212 1754 3245 condemnandi
1770 3213 1842 3254 jure
1855 3212 2014 3253 positam,
2041 3212 2151 3245 sedin
2170 3222 2208 3246 eo
2221 3213 2360 3255 versari,
2378 3216 2415 3246 ut

1381 3274 1437 3315 qui
1452 3274 1571 3306 habeat
1589 3275 1782 3316 potestatem
1805 3273 1912 3314 illam,
1929 3273 1991 3306 sibi
2007 3274 2166 3316 imperare
2184 3277 2293 3316 queat.
2334 3276 2414 3308 Ete-

1380 3332 1448 3363 nim
1469 3332 1494 3364 si
1524 3333 1602 3374 quid
1631 3333 1664 3365 in
1687 3332 1811 3374 judicio
1830 3332 1919 3373 quod
1946 3332 2169 3374 incorruptum
2201 3342 2272 3366 esse
2295 3333 2413 3374 debet,

1382 3393 1535 3430 peccetur
1555 3392 1654 3424 etiam
1676 3392 1709 3423 in
1728 3394 1898 3432 cognatos.
1916 3400 2087 3433 perperam
2103 3392 2227 3425 factum
2243 3392 2414 3425 emendare

1379 3450 1518 3491 amplius
1540 3459 1602 3482 non
1625 3450 1710 3484 licet.
