2528 3788
298 199 356 238 78'

347 298 397 335 ορ.
429 284 610 338 Ἑταιρεία
646 285 744 338 φιλία
778 284 871 325 κατὰ
899 287 1081 334 συνήθειαν
1104 289 1138 327 ἐν
1166 295 1235 334 τοῖς
1255 291 1331 329 καθ’

293 343 431 391 ἡλικίαν
448 345 702 397 γεγενημένοις.

348 417 396 443 61.
429 403 605 443 Εὐὸουλία
626 402 731 455 ἀρετὴ
748 403 916 454 λογισμοῦ
934 403 1120 459 σύμφυτος.

346 475 397 501 62.
430 462 554 507 Πίστις
572 462 746 515 ὑπόληψις
757 462 840 515 ὀρθὴ
856 467 916 503 τοῦ
937 463 1044 509 οὕτως
1059 459 1156 518 ἔχειν
1170 468 1217 511 ὥς
1236 468 1330 521 αὗτῷ

293 519 462 572 φαίνεται·
487 521 673 574 βεὸαιότης
692 521 809 570 ἤθους.

344 591 390 620 63.
432 579 591 629 Ἀλήθεια
641 579 708 625 ἕξις
741 582 776 619 ἐν
809 582 1007 636 καταφάσει
1044 584 1104 622 καὶ
1141 585 1329 638 ἀποφάσει·

291 638 470 689 ἐπιστήμη
494 639 647 687 ἀληθῶν.

344 710 388 736 64.
423 696 594 746 Βούλησις
615 698 730 752 ἔφεσις
752 697 844 750 μετὰ
863 698 967 751 λόγου
991 701 1104 753 ὀρθοῦ·
1134 702 1243 755 ὄρεξις
1273 701 1330 740 εὔ-

289 756 399 807 λογος·
417 756 524 809 ὄρεξις
546 757 635 809 μετὰ
655 758 760 810 λόγου
777 758 870 797 κατὰ
890 758 1009 811 φύσιν.

343 829 391 857 65.
425 817 688 868 Συμὸούλευσις
714 817 919 870 παραίνεσις
944 818 1050 872 ἑτέρῳ
1069 819 1138 872 πρὸ
1155 820 1325 872 πράξεως,

289 873 365 913 τίνα
389 875 440 913 δεῖ
458 876 584 928 τρόπον
602 877 781 929 πράττειν.

341 947 389 973 66.
422 935 595 990 Εὖκαιρία
611 935 736 988 χρόνου
760 935 928 982 ἐπίτευξις
940 965 951 985 ,
971 937 1006 976 ἐν
1024 930 1053 989 ᾧ
1067 935 1137 989 χρὴ
1153 937 1276 975 παθεῖν
1295 952 1328 974 τι

291 990 313 1039 ἢ
336 996 492 1042 ποιῆσαι.

343 1065 392 1093 67.
426 1053 607 1094 Εὖλοίὸεια
624 1053 763 1108 φυλακὴ
783 1057 904 1093 mxcii·
924 1051 1107 1104 ἐπιμέλεια
1126 1055 1302 1106 φυλακῆς.

339 1125 390 1153 68.
435 1112 542 1158 Τάξις
573 1113 736 1166 ἐργασίας
770 1113 931 1163 ὁμοιότης
960 1115 1030 1152 τῶν
1061 1112 1147 1164 πρὸς
1189 1114 1327 1161 ἄλληλα

285 1170 425 1211 πάντων
441 1170 561 1211 ὄντων·
583 1172 780 1226 συμμετρία
808 1171 1002 1216 κοινωνίας·
1029 1171 1125 1210 αἰτία
1146 1174 1216 1210 τῶν
1239 1172 1326 1224 πρὸς

286 1228 424 1276 ἄλληλα
443 1229 583 1269 πάντων
601 1230 726 1270 ὄντων·
746 1230 948 1285 συμμετρία
971 1229 1056 1283 πρὸς
1075 1230 1113 1269 τὸ
1133 1233 1271 1279 μαθεῖν.

338 1302 388 1329 89.
420 1289 589 1342 Πρόσεξις
609 1290 768 1330 συντονία
787 1294 905 1345 ψυχῆς
929 1289 1015 1343 πρὸς
1030 1289 1070 1328 τὸ
1092 1292 1324 1338 καταμαθεῖν.

337 1362 385 1389 70.
424 1346 562 1404 Εὒφυΐα
601 1350 706 1403 τάχος
743 1350 943 1402 μαθήσεως·
989 1350 1151 1401 γέννησις
1187 1347 1325 1401 φύσεως

285 1407 412 1459 ἀγαθή·
429 1409 536 1462 ἀρετὴ
557 1410 591 1447 ἐν
612 1409 726 1462 φύσει.

335 1479 383 1508 71.
422 1468 605 1520 Εὖμάθεια
634 1465 756 1522 εὐφυΐα
789 1469 903 1521 ψυχῆς
944 1467 1029 1520 πρὸς
1068 1466 1174 1519 τάχος
1205 1466 1325 1518 μαθή-

282 1540 383 1571 σεως.

336 1599 383 1624 72.
411 1583 502 1633 Δίκη
526 1584 699 1640 ἀπόφασις
733 1585 837 1638 κυρία
870 1584 951 1639 περὶ
985 1584 1324 1639 ἀμφισὸητουμένου

263 1643 501 1696 -πράγματος,

334 1715 383 1742 78.
414 1702 533 1753 Νόμος
554 1702 820 1756 ἀμφισὸήτησις
843 1702 923 1754 περὶ
939 1705 999 1742 τοῦ
1018 1703 1149 1740 ἀδικεῖν
1168 1699 1190 1748 ἢ
1217 1701 1279 1752 μή.

323 1853 374 1882 60.
393 1849 553 1883 sodalitas
571 1851 622 1882 est
641 1849 783 1882 amicitia
806 1859 863 1892 pro
878 1848 1116 1882 consuetudine
1132 1849 1217 1881 inter
1235 1848 1327 1890 juve-

286 1916 344 1940 nes
364 1909 543 1941 contracta.

326 1975 378 2006 61.
399 1972 618 2006 Consiliorum
639 1972 766 2006 bonitas
781 1975 831 2005 est
845 1972 952 2005 virtus
970 1971 1073 2021 menti
1091 1971 1200 2004 insita.

325 2040 376 2068 62.
394 2036 490 2069 Fides
499 2039 550 2070 est
562 2039 651 2070 recte
660 2036 839 2077 judicantis
855 2036 906 2069 ita
926 2045 998 2069 rem
1015 2045 1050 2069 se
1066 2035 1197 2076 habere,
1217 2036 1255 2068 ut
1268 2035 1329 2076 ipsi

284 2095 436 2129 videatur
456 2109 464 2128 ε
484 2096 602 2138 ingenii
619 2096 767 2128 firmitas.

325 2165 376 2194 63.
399 2160 529 2194 Veritas
544 2162 594 2194 est
611 2161 742 2194 habitus
757 2160 953 2193 affirmantis
969 2162 1003 2193 et
1013 2159 1158 2201 negantis
1171 2174 1179 2192 z
1194 2159 1330 2192 scientia

286 2229 400 2253 eorum
412 2230 486 2262 quae
507 2229 585 2253 vera
605 2222 692 2253 sunt.

324 2288 376 2318 64.
402 2286 560 2318 Voluntas
573 2287 624 2318 est
636 2285 802 2327 appetitus
824 2294 900 2318 cum
915 2286 1003 2318 recta
1020 2286 1143 2317 ratione
1170 2298 1177 2318 z
1198 2284 1327 2317 deside-

283 2342 368 2375 rium
389 2343 507 2376 rationi
524 2345 780 2376 consentaneum
800 2357 807 2375 :
828 2343 1029 2376 desiderium
1049 2353 1125 2376 cum
1140 2343 1265 2375 ratione
1282 2343 1320 2375 ad

284 2402 436 2434 naturam
451 2401 748 2434 accommodatum.

326 2468 378 2498 65.
398 2465 575 2498 Consilium
604 2467 656 2498 est
668 2466 851 2498 cohortatio
879 2465 1013 2498 alterius
1043 2467 1118 2498 ante
1145 2466 1327 2506 actionem,

284 2523 467 2564 declarans,
497 2524 661 2565 quomodo
678 2533 772 2566 agere
792 2526 953 2566 oporteat.

327 2584 379 2614 66.
406 2582 643 2624 Opportunitas
667 2584 718 2615 est
745 2582 855 2615 oblata
882 2583 1024 2625 patiendi
1054 2583 1177 2625 aliquid
1204 2585 1261 2617 aut
1279 2583 1325 2615 fa-

284 2642 390 2675 ciendi
408 2641 546 2675 occasio.

325 2709 378 2739 67.
399 2705 656 2747 Circumspectio
672 2707 724 2738 est
739 2706 848 2738 cautio
870 2706 947 2738 mali
964 2716 971 2734 ε
995 2706 1131 2739 cavendi
1153 2707 1310 2740 studium.

325 2770 377 2799 68.
404 2767 492 2800 Ordo
511 2769 562 2800 est
580 2767 726 2800 muneris
745 2767 926 2800 similitudo
947 2777 1062 2800 eorum
1085 2769 1232 2801 omnium
1253 2778 1327 2810 quae

283 2825 369 2858 inter
389 2834 424 2858 se
443 2824 654 2858 conseruntur
673 2837 681 2857 ι
710 2827 787 2867 apta
811 2825 975 2858 societatis
993 2826 1185 2867 compositio
1201 2834 1209 2855 z
1231 2835 1329 2859 causa

284 2892 400 2917 eorum
414 2883 559 2917 omnium
575 2893 650 2924 quae
664 2883 750 2917 inter
761 2892 797 2916 se
814 2883 1042 2916 conferuntur:
1056 2886 1134 2925 apta
1148 2885 1329 2926 disciplinae

284 2942 488 2984 compositio.

327 3009 378 3040 69.
398 3006 545 3039 Attentio
558 3005 657 3039 animi
668 3006 710 3039 ad
721 3006 981 3049 pernoscendum
996 3008 1147 3049 propensi
1163 3008 1330 3042 contentio

286 3067 349 3099 est.

330 3132 382 3162 70.
402 3128 571 3171 Ingenium
586 3129 637 3161 est
653 3129 719 3161 cito
733 3128 881 3161 discendi
899 3129 1038 3161 facultas
1057 3139 1065 3157 ι
1089 3129 1231 3170 ingenita
1244 3130 1329 3163 hona

289 3189 408 3221 natura
425 3197 434 3216 ε
452 3188 559 3220 virtus
574 3188 700 3220 naturae
718 3187 828 3220 insita.

329 3254 379 3284 71.
397 3250 555 3283 Docilitas
579 3252 643 3297 est·
660 3250 817 3284 naturalis
845 3251 962 3293 ingenii
979 3251 1021 3284 ad
1040 3251 1105 3283 cito
1134 3252 1326 3284 discendum

288 3309 479 3343 dexteritas.

331 3374 382 3405 72.
403 3371 571 3405 Judicium
589 3372 640 3403 est
662 3371 731 3403 rata
754 3371 915 3404 sententia
931 3370 972 3403 de
993 3380 1028 3403 re
1047 3379 1122 3412 quae
1144 3371 1176 3403 in
1193 3373 1326 3403 contro-

289 3431 429 3463 versiam
447 3431 596 3462 vocatur.

1230 202 1491 244 SPEUSIPPI

1450 305 1495 331 74.
1525 291 1686 342 Εὐνομία
1705 289 1896 343 πειθαρχία
1916 290 2031 342 νόμων
2051 292 2265 333 σπουδαίων.

1449 365 1494 390 75.
1526 349 1731 403 Εὖφροσύνη
1755 350 1811 389 ἐπὶ
1830 351 1900 394 τοῖς
1919 352 1981 389 τοῦ
2001 350 2174 405 σώφρονος
2188 352 2299 405 ἔργοις
2316 352 2426 405 χαρά.

1447 423 1491 450 76.
1521 409 1624 461 Τιμὴ
1638 409 1736 452 δόσις
1759 410 1896 462 ἀγαθῶν
1920 410 1954 447 ἓν
1974 412 2051 454 ταῖς
2074 409 2118 448 δι’
2138 410 2264 465 ἀρετὴν
2280 409 2431 464 πράξεσι

1394 469 1592 520 διδομένων·
1612 469 1747 520 ἀξίωμα
1778 470 1839 508 ἀπ’
1872 470 2010 521 ἀρετῆς·
2039 472 2164 522 σχῆμα
2205 469 2430 522 σεμνότητος·

1393 527 1537 582 τήρησις
1557 527 1764 579 ἀξιώματος.
2418 523 2420 526 V

1445 600 1495 627 77.
1529 586 1719 640 Προθυμία
1760 584 1979 639 ἐμφανισμὸς
2011 584 2246 639 προαιρέσεως
2280 598 2430 640 πρακτι-

1392 661 1468 694 κης.

1446 718 1496 745 78.
1529 705 1642 758 Χάρις
1676 704 1858 758 εὐεργεσία
1896 703 2065 748 ἑκούσιος·
2095 703 2259 749 ἀπόδοσις
2287 703 2431 756 ἀγαθοῦ·

1392 762 1561 815 ὑπουργία
1582 764 1616 801 ἐν
1637 765 1762 817 καιρῷ.

1444 835 1493 862 79.
1527 821 1694 874 Ὁμόνοια
1714 821 1879 874 ὁμοδοξία
1910 821 2090 875 ἀρχόντων
2115 821 2176 870 καὶ
2193 820 2428 875 ἀρχομένων,

1394 881 1438 925 ὥς
1459 883 1509 920 δεῖ
1529 880 1648 934 ἄρχειν
1672 882 1731 921 καὶ
1750 882 1932 935 ἄρχεσθαι.

1445 954 1494 980 80.
1531 941 1702 981 Πολιτεία
1720 940 1884 980 κοινωνία
1906 939 2060 986 πλήθους
2079 938 2270 992 ἀνθρώπων
2298 939 2431 992 αὐτάρ·

1397 1014 1460 1047 κης
1478 999 1564 1052 πρὸς
1581 998 1816 1050 εὖδαιμονίαν’
1838 998 2002 1038 κοινωνία
2022 998 2176 1046 πλήθους
2194 998 2350 1051 ἔννομος.

1444 1069 1494 1099 81.
1526 1057 1682 1109 Πρόνοια
1704 1055 1910 1111 παρασκευὴ
1930 1056 2015 1110 πρὸς
2037 1056 2211 1107 μέλλοντά
2226 1072 2319 1096 τινα.

1444 1129 1489 1154 82.
1519 1116 1636 1163 Βουλὴ
1658 1115 1777 1169 σκέψις
1806 1115 1887 1168 περὶ
1915 1117 1984 1154 τῶν
2017 1115 2215 1166 μελλόντων
2239 1117 2314 1161 πῶς
2345 1130 2433 1166 συμ-

1393 1188 1501 1226 φερει.

1443 1245 1491 1272 83.
1523 1231 1620 1281 Νίκη
1638 1232 1782 1281 δύναμις
1796 1232 1992 1285 κρατητικὴ
2007 1231 2086 1285 περὶ
2105 1233 2275 1284 ἀγωνίαν.

1444 1303 1493 1330 84.
1526 1291 1686 1343 Εὗπορία
1715 1291 1890 1344 εὗκρίνεια
1918 1289 2115 1344 κρατητικὴ
2144 1295 2206 1331 τοῦ
2235 1290 2429 1343 λογιζομέ-

1391 1365 1450 1388 νου
1468 1348 1491 1387 ¹.

1441 1420 1487 1446 85.
1508 1406 1633 1459 Δωρεὰ
1654 1406 1792 1458 ἀλλαγὴ
1816 1406 1975 1460 χάριτος.

2506 77 2528 407 {1

1440 1479 1486 1504 86.
1519 1465 1648 1518 Καιρὸς
1669 1464 1795 1519 χρόνου
1819 1465 1916 1516 ἀκμὴ
1942 1465 2029 1519 πρὸς
2046 1465 2086 1506 τὸ
2102 1464 2292 1520 συμφέρον·
2307 1464 2432 1519 χρόνος
2491 1521 2493 1524 Ι
2525 1509 2527 1513 ,

1389 1527 1519 1576 ἀγαθοῦ
1539 1540 1630 1569 τινος
1648 1524 1820 1577 συνεργός.

1439 1596 1485 1622 87.
1514 1583 1650 1635 Μνήμη
1672 1583 1824 1627 διάθεσις
1848 1586 1965 1637 ψυχῆς
1984 1583 2184 1638 φυλακτικὴ
2202 1586 2264 1632 τῆς
2281 1584 2315 1622 ἐν
2337 1583 2426 1635 αὖτῇ

1387 1641 1616 1695 ὑπαρχούσης
1636 1641 1814 1690 ἀληθείας.

1438 1713 1484 1739 88.
1513 1699 1658 1740 Ἔννοια
1674 1700 1834 1739 συντονία
1855 1700 2019 1744 διανοίας.

1432 1848 1484 1879 73.
1504 1848 1571 1878 Lex
1589 1848 1640 1879 est
1653 1845 1816 1879 contentio
1832 1845 1874 1879 de
1887 1846 1978 1886 juste
1994 1846 2053 1880 aut
2066 1845 2186 1887 iniuste
2209 1844 2314 1879 factis.

1433 1906 1483 1936 74.
1504 1905 1592 1936 Bona
1621 1904 1730 1946 legum
1756 1905 1946 1938 constitutio
1975 1905 2027 1938 est
2050 1903 2218 1946 praeclaris
2234 1903 2360 1945 legibus
2376 1903 2434 1936 ob-

1389 1962 1591 2003 temperatio.

1431 2022 1483 2053 75.
1515 2020 1644 2054 Laetitia
1661 2021 1712 2055 cst
1736 2020 1892 2062 gaudium
1911 2029 1953 2052 ex
1978 2020 2040 2053 viri
2058 2019 2220 2052 moderati
2241 2018 2337 2052 factis
2354 2027 2431 2060 per-

1389 2080 1532 2119 ceptum.

1431 2138 1480 2168 76.
1508 2137 1623 2168 Honor
1639 2137 1690 2168 est
1703 2135 1833 2177 largitio
1853 2136 2012 2168 bonorum
2040 2143 2117 2176 quae
2133 2133 2317 2167 actionibus
2330 2133 2432 2167 hone-

1389 2194 1449 2226 stis
1466 2193 1656 2236 contingunt
1672 2202 1682 2222 ι
1697 2193 1834 2236 dignitas
1852 2193 2026 2226 virtutibus
2039 2193 2133 2236 parta
2154 2202 2163 2223 =
2183 2192 2352 2238 gravitatis
2363 2201 2434 2234 spe·

1390 2253 1456 2286 cies
1475 2267 1483 2286 ι
1502 2253 1668 2295 dignitatis
1684 2253 1902 2287 conservatio.

1432 2315 1483 2347 77.
1502 2312 1660 2345 Alacritas
1672 2313 1723 2346 est
1737 2312 1900 2345 declarata
1915 2311 2055 2344 faciendi
2065 2299 2226 2343 uoluntas.

1433 2374 1484 2405 78.
1505 2372 1617 2404 Gratia
1635 2374 1686 2404 est
1697 2371 1912 2404 beneficentia
1938 2369 2122 2403 voluntaria
2139 2380 2147 2401 :
2161 2367 2311 2401 beneficii
2325 2375 2433 2400 remu-

1390 2430 1513 2462 neratio
1531 2438 1540 2458 τ
1555 2438 1655 2471 opera
1669 2430 1816 2471 tempore
1837 2429 2019 2470 opportuno
2032 2428 2161 2460 navata.

1431 2490 1483 2521 79.
1509 2487 1690 2520 concordia
1705 2488 1756 2520 est
1772 2486 1861 2519 idem
1873 2485 2056 2529 principum
2074 2494 2113 2517 ac
2133 2484 2254 2518 civium
2268 2484 2310 2516 de
2323 2483 2429 2526 impe-

1389 2546 1440 2579 rio
1455 2547 1489 2580 θῖ
1503 2544 1686 2579 obedientia
1697 2545 1868 2588 judicium.

1432 2609 1484 2640 80.
1515 2604 1711 2647 Respublica
1726 2605 1778 2637 est
1795 2602 2011 2637 communitas
2025 2601 2246 2635 multitudinis
2260 2600 2430 2635 hominum

1390 2675 1447 2708 per
1457 2675 1492 2699 se
1506 2665 1673 2698 sufficiens
1689 2664 1732 2697 ad
1745 2664 1933 2697 felicitatem
1951 2676 1960 2697 z
1977 2662 2197 2696 communitas
2213 2661 2430 2695 multitudinis

1388 2724 1544 2767 legitima.
2214 2738 2216 2741 ·

1431 2786 1482 2817 81.
1502 2781 1652 2816 Provisio
1670 2782 1722 2814 est
1737 2780 1930 2822 praeparatio
1944 2779 1985 2813 ad
2003 2779 2115 2812 futura
2137 2778 2302 2820 quaedam.

1431 2846 1483 2876 82.
1514 2837 1975 2875 Consultatioestdetiheratio
1984 2839 2029 2872 de
2049 2837 2148 2871 rebus
2172 2836 2317 2877 futuris„
2331 2817 2442 2878 quem'

1390 2911 1486 2935 usum
1503 2900 1650 2943 praehere
1665 2898 1800 2941 possint.

1431 2963 1485 2995 83.
1503 2958 1651 2994 Victoria
1662 2958 1714 2991 est
1728 2956 1866 2990 facultas
1881 2954 2031 2988 vincendi
2048 2954 2235 2989 certamine.

1436 3021 1490 3054 84.
1521 3017 1672 3051 Scientioe
1686 3015 1826 3050 facultas
1848 3014 1900 3048 est
1917 3013 2018 3047 animi
2038 3012 2208 3046 sinceritas
2233 3012 2332 3045 tenax
2349 3003 2429 3053 ‘ejus

1390 3077 1480 3120 quod
1494 3075 1731 3110 consideratur.

1430 3140 1480 3171 85.
1499 3139 1631 3170 Donum
1645 3135 1697 3168 θεῖ
1712 3132 1827 3176 gratiae
1839 3122 2062 3165 commutatio.

1431 3199 1484 3230 86.
1506 3195 1642 3228 Occasio
1657 3196 1707 3228 est
1725 3191 1880 3234 temporis
1895 3189 2119 3234 opportunitas
2133 3188 2176 3220 ad
2188 3187 2224 3220 id
2238 3186 2328 3229 quod
2345 3194 2426 3218 con-

1389 3255 1481 3289 ducit
1498 3270 1505 3288 :
1521 3255 1699 3298 tempestas
1714 3252 1791 3287 honi
1806 3251 1944 3293 alicujus
1957 3249 2109 3290 adjutrix.

1431 3317 1482 3348 87.
1497 3313 1656 3347 Memoria
1674 3313 1726 3347 est
1753 3309 1885 3345 affectio
1902 3308 2021 3350 animi,
2044 3306 2191 3340 veritatis
2213 3314 2287 3347 quae
2302 3305 2337 3337 in
2352 3304 2426 3347 ipso
2455 3328 2459 3331 ⁴

1389 3373 1441 3405 est
1462 3377 1582 3405 custos.

1432 3432 1482 3463 88.
1507 3429 1601 3462 Notio
1617 3427 1820 3470 cogitationis
1837 3424 1999 3461 contentio
2019 3426 2082 3457 est.
