2508 3776
266 156 349 194 510

267 242 328 282 καὶ
352 242 520 295 ἄρχονται
540 233 574 280 ἓν
590 242 641 294 τῷ
659 239 767 292 μέρει·
787 240 822 286 ἐξ
840 239 919 280 ’ίσου
942 239 985 289 δὴ
1004 240 1064 282 καὶ
1081 244 1104 291 ἡ
1123 243 1222 298 φιλία
1242 242 1302 283 καὶ

263 303 301 341 τὸ
320 302 462 340 δίκαιον.
483 300 571 344 Ταῖς
593 299 654 349 μὲν
676 293 733 338 oliv
753 299 865 351 ὑγιέσι
885 301 1076 347 πολιτείαις
1097 302 1158 342 καὶ
1180 318 1303 342 κοινω-

262 360 347 403 νίαις
365 358 471 402 οὕτως
487 361 508 405 ἡ
531 357 629 411 φιλία
647 360 828 398 ἀκολουθεῖ
849 358 909 398 καὶ
927 359 968 398 τὸ
985 360 1133 403 δίκαιον.

315 418 330 433 '‘
346 421 436 462 Ταῖς
450 417 486 456 δὲ
502 417 741 471 παρεκὸάσεσι
760 420 828 457 τῶν
846 423 1033 459 κοινωνιῶν
1049 419 1168 475 ὥσπερ
1188 419 1248 460 καὶ
1268 420 1306 459 τὸ

263 478 395 516 δίκαιον
410 477 468 515 ἐπὶ
481 476 602 530 μικρόν
616 478 723 525 ἐστιν,
740 477 831 517 οὕτω
841 478 931 526 καὶὴ
947 477 1059 533 φιλία.
1079 479 1182 519 Ἐπεὶ
1190 479 1226 518 δὲ
1238 482 1304 518 τῶν

262 535 511 589 παρεκὸάσεων
539 537 698 589 χειρίστη
716 538 806 576 ἐστὶν
832 540 853 585 ἡ
877 537 1056 591 τυραννίς,
1073 538 1109 556 **
1127 538 1183 578 διὰ
1205 542 1306 578 τοῦτο

261 596 420 645 οὐδαμῶς
448 597 482 634 ἐν
505 596 590 647 αὐτῇ
616 595 714 649 φιλία
743 595 968 649 εὑρίσκεται,
1006 597 1028 645 ἢ
1050 597 1141 638 πάνυ
1163 599 1301 652 μικρόν.

261 653 321 693 Ἐν
342 647 389 697 οἷς
404 653 471 706 γὰρ
498 653 604 704 μηδὲν
626 654 789 694 κοινωνόν
811 656 887 694 ἐστι
907 658 957 709 τῷ
986 656 1129 710 ἄρχοντι
1151 658 1211 697 καὶ
1239 659 1301 712 ἀρ-

259 710 419 764 χομένῳ,
442 711 518 750 οὐδὲ
538 711 650 764 φιλία.
673 713 766 752 Οὐδὲ
786 713 853 766 γὰρ
872 714 949 753 οὐδὲ
970 715 1116 754 δίκαιον·
1138 717 1216 756 ἀλλ’
1237 715 1304 755 ὥσ-

259 787 327 829 πξρ
358 768 554 823 ὅτεχνίτης
583 771 658 824 ἔχει
687 772 773 826 πρὸς
795 773 834 812 τὸ
866 773 1035 826 ὄργανον,
1062 775 1122 815 καὶ
1154 778 1176 823 ἠ
1205 776 1302 835 ψυχὴ

260 830 345 881 πρὸς
361 828 400 867 τὸ
415 831 518 880 σῶμα
535 859 545 880 ,
566 829 658 869 οὕτω
673 833 731 869 καὶ
747 831 919 881 δεσπότης
936 833 1036 872 ἔσται
1057 834 1142 888 πρὸς
1163 835 1303 886 δοῦλον,

263 887 322 926 καὶ
341 887 506 941 τύραννος
526 887 613 941 πρὸς
644 889 851 943 ἀρχόμενον·
878 892 1063 945 ὠφελεῖται
1095 892 1157 943 μὲν
1177 891 1244 946 γὰρ
1264 893 1303 932 τό

258 949 315 985 τεἰ
335 946 482 1000 ὄργανον
505 948 571 987 ὑπὸ
598 954 656 988 τοῦ
673 950 830 1003 τεχνίτου
847 981 858 1003 ,
876 952 936 990 καὶ
958 950 998 990 τὸ
1018 954 1122 1003 σῶμα
1153 951 1220 991 ὑπὸ
1241 954 1303 1000 τῆς

259 1007 395 1059 ψυχῆς,
419 1007 516 1059 φιλία
547 1006 582 1046 δὲ
603 1008 688 1060 πρὸς
717 1008 807 1049 αὐτὰ
841 1012 902 1049 οὐκ
920 1009 1028 1050 ἔστιν·
1062 1012 1101 1050 οὗ
1127 1011 1195 1064 γὰρ
1217 1011 1302 1066 πρὸς

258 1065 302 1104 τὰ
323 1065 443 1119 ἄψυχα
475 1066 573 1119 φιλία
596 1066 740 1107 δύναται
762 1064 862 1109 εἶναι·
895 1070 972 1109 οὐδὲ
996 1069 1131 1110 δίκαιόν
1163 1088 1197 1111 τι
1218 1072 1303 1124 πρὸς

259 1126 348 1165 αὐτά
382 1127 474 1165 ἔστιν
504 1127 572 1166 ἀπὸ
602 1130 671 1167 τῶν
701 1129 920 1181 χρωμένων,
954 1129 1075 1185 ὥσπερ
1104 1131 1183 1170 οὐδὲ
1219 1131 1303 1184 πρὸς

260 1188 341 1237 βοῦν
355 1215 366 1234 ,
386 1185 408 1233 ἢ
430 1184 515 1238 πρὸς
545 1186 645 1226 κύνα.
680 1188 752 1227 Τὸν
775 1189 877 1228 αὐτὸν
899 1189 942 1238 δὴ
965 1190 1092 1243 τρόπον
1120 1191 1198 1229 οὐδὲ
1218 1191 1302 1244 πρὸς

258 1243 376 1283 δοῦλόν
397 1245 469 1282 ἔστι
489 1244 586 1297 φιλία
617 1246 811 1295 δεσπότου,
837 1248 860 1295 ἢ
882 1248 967 1301 πρὸς
1002 1248 1216 1301 ἀρχομένους
1246 1266 1304 1288 τυ-

260 1303 391 1355 ράννῳ,
422 1305 500 1341 καθ’
520 1302 600 1341 ὅσον
616 1302 632 1326 ¹‘
653 1304 720 1343 εἶσὶ
747 1306 873 1345 δοῦλοι·
904 1306 1002 1344 οὐδὲν
1022 1307 1090 1359 γὰρ
1111 1307 1223 1346 κοινὸν
1245 1308 1300 1346 δε-

257 1360 403 1405 σπόταις
429 1361 488 1399 καὶ
508 1362 653 1406 δούλοις·
673 1365 691 1401 ὁ
716 1363 783 1415 γὰρ
800 1365 919 1409 δοῦλος
941 1365 1099 1417 ἔμψυχον
1130 1365 1297 1417 ὄργανον,

255 1419 314 1459 καὶ
330 1420 370 1459 τὸ
388 1419 534 1472 ὄργανον
565 1420 699 1473 ἄψυχος
720 1423 851 1467 δοῦλος·
874 1418 898 1474 ᾗ
917 1422 979 1474 μὲν
1000 1418 1059 1462 οῧν
1081 1425 1216 1472 δοῦλος,
1238 1427 1301 1464 οὖκ

256 1479 330 1517 ἔστι
348 1478 447 1532 φιλία
465 1479 550 1530 πρὸς
569 1479 684 1518 αὐτόν·
705 1474 728 1532 ᾗ
750 1480 786 1518 δὲ
806 1480 1007 1534 ἄνθρωπος,
1032 1482 1177 1521 δύναται
1199 1475 1299 1523 εἶναι.

254 1538 359 1575 Δοκεῖ
377 1537 444 1590 γὰρ
461 1531 547 1576 εἷναί
566 1554 599 1576 τι
615 1537 746 1579 δίκαιον
767 1540 871 1579 παντὶ
888 1541 1062 1596 ἀνθρώπῳ
1079 1542 1164 1596 πρὸς
1182 1542 1299 1582 πάντα

255 1595 434 1649 ἄνθρωπον
455 1596 513 1635 τὸν
531 1597 722 1648 δυνάμενον
744 1601 954 1647 κοινωνῆσαι
974 1601 1090 1652 νόμων
1109 1604 1213 1640 τινῶν
1235 1601 1296 1640 καὶ

255 1657 405 1705 θεσμῶψ
420 1658 442 1702 ἡ
458 1654 526 1709 γὰρ
547 1657 710 1696 κοινωνία
733 1660 801 1697 τῶν
825 1658 941 1710 νόμων
962 1659 1001 1698 τὸ
1022 1659 1106 1713 πρὸς
1127 1660 1299 1708 ἀλλήλους

253 1718 344 1752 ποιεῖ
369 1714 520 1762 δίκαιον,
541 1719 563 1763 ἡ
588 1715 623 1755 δὲ
647 1716 738 1755 κατὰ
757 1718 796 1757 τὸ
817 1717 949 1757 δίκαιον
968 1719 1131 1758 κοινωνία
1154 1720 1214 1759 καὶ
1235 1720 1298 1768 τὴν

253 1772 370 1824 φιλίαν
389 1773 535 1826 εἰσάγει.
557 1771 691 1815 Ἔσται
715 1776 829 1816 τοίνυν
850 1776 1009 1831 τυράννῳ
1030 1777 1114 1831 πρὸς
1139 1779 1296 1831 ἀρχομέ-

252 1845 329 1876 νους
345 1831 443 1885 φιλία
458 1862 468 1881 ,
493 1836 571 1872 καθ’
592 1833 671 1873 ὅσον
693 1834 778 1874 εἰσὶν
804 1836 990 1890 ἄνθρωποι·
1013 1836 1070 1876 διὰ
1085 1840 1187 1876 τοῦτο
1211 1840 1299 1889 ἀμυ-

253 1890 332 1942 δρόν
354 1907 387 1929 τι
409 1893 557 1931 ἐνταῦθα
579 1894 697 1933 καὶτὸ
717 1894 850 1934 δίκαιον
872 1896 932 1935 καὶ
954 1899 975 1944 ἡ
998 1895 1111 1950 φιλία.
1132 1912 1136 1917 ’

306 1949 356 1967 ***
377 1950 440 1990 Ἐν
462 1951 498 1990 δὲ
518 1955 560 2005 τῇ
579 1954 799 2008 δημοκρατία
818 1955 875 1994 ἐπὶ
896 1958 1072 1996 πλεῖστον·
1095 1955 1210 1996 πολλὰ
1230 1955 1297 2010 γὰρ

250 2008 294 2047 τὰ
313 2008 411 2047 κοινὰ
427 2008 515 2055 ἴσοις
535 2004 645 2052 offane.

307 2068 475 2120 (Scripsi
506 2081 516 2108 :
537 2074 551 2093 ⁸
572 2070 592 2108 ὅ
614 2071 679 2122 τε]
700 2073 819 2123 vulgo
851 2072 885 2123 ὅ,
906 2088 957 2113 τε.
993 2096 1047 2102 -
1065 2074 1083 2100 ¹>
1112 2075 1294 2126 ὑπεροχῇ]

250 2127 337 2167 cod.
368 2130 540 2181 ὑπεροχῆ.
572 2154 624 2159 -
643 2137 659 2157 ⁰
692 2135 752 2170 τοῦ
783 2131 851 2185 γὰρ
880 2131 966 2183 πρὸς
991 2132 1128 2185 πατέρα
1160 2133 1294 2172 δικαίου

249 2186 413 2239 ὑπερέχει
428 2189 468 2225 τὸ
488 2188 571 2239 πρὸς
585 2190 689 2242 υἱόν]
710 2191 796 2230 cod.
821 2191 860 2230 τὸ
880 2190 947 2242 γὰρ
969 2190 1055 2245 πρὸς
1086 2191 1223 2245 πατέρα
1247 2191 1296 2231 δί-

248 2261 346 2284 καιον
370 2246 535 2300 ὓπερέχει
556 2254 617 2288 τοῦ
651 2249 736 2302 πρὸς
757 2249 846 2291 υἱόν.
873 2251 953 2280 —‘¹
973 2251 1180 2303 κάνταῦθα]
1203 2253 1290 2292 cod.

247 2305 441 2359 κάνταῦθα,
465 2329 518 2336 -
538 2314 552 2332 ⁸
571 2306 663 2360 ἴσοι]
697 2309 782 2347 cod.
805 2302 893 2348 ἶσοι.
917 2332 971 2339 -
995 2309 1007 2332 s
1023 2311 1212 2364 ὁμομαθεῖς
1232 2310 1292 2349 καὶ

247 2363 429 2416 ὁμοήθεις]
446 2366 563 2415 vulgo
585 2368 791 2418 ὅμομαθεὶς,
818 2367 878 2407 καὶ
904 2366 1080 2416 ὃμοηθεὶς.
1099 2390 1151 2420 ἐ
1165 2375 1180 2399 g
1198 2368 1291 2421 ἴσοι]

242 2416 313 2461 ἶσοι
331 2424 415 2464 cod.
430 2423 446 2446 ¹¹
465 2424 499 2470 ἐξ
519 2425 612 2478 ἴσου]
633 2428 720 2468 cod.
745 2427 871 2473 ἓξίσου.
892 2450 946 2458 -
960 2425 968 2448 ³
982 2426 1023 2466 τό
1045 2428 1108 2480 τε]
1128 2427 1215 2470 cod.
1239 2428 1291 2478 τό,

246 2496 298 2520 τε.
319 2503 371 2512 -
390 2484 404 2508 ¹¹
425 2483 627 2537 xotfl’sscov]
648 2486 736 2526 cod.
759 2486 923 2528 καθόσον.
944 2486 1025 2539 -)

673 2599 766 2651 Κεφ.
802 2597 860 2642 ις’.

274 2701 349 2743 Περὶ
371 2702 527 2743 ἑταιρικῆς
546 2702 666 2744 φιλίας,
683 2705 738 2736 καὶ
753 2708 959 2746 συγγενικῆς,
981 2706 1035 2739 καὶ
1050 2706 1266 2747 οἰκονομικῆς.

299 2802 368 2819 ***''
389 2805 496 2843 Πᾶσα
518 2803 579 2854 μὲν
599 2799 656 2843 οῧν
675 2804 773 2858 φιλία
789 2808 823 2845 ἐν
843 2807 1004 2860 κοινωνίᾳ
1026 2807 1114 2860 ἔστί,
1133 2809 1289 2862 καθάπερ

246 2861 394 2914 εἴρηται·
424 2863 512 2912 μόνη
531 2863 566 2902 δὲ
588 2867 609 2911 ἡ
646 2866 830 2917 συγγενικὴ
861 2867 920 2905 καὶ
943 2868 1102 2920 ἑταιρικὴ
1124 2868 1221 2922 φιλία
1250 2869 1288 2906 οὗ

246 2921 401 2960 δοκοῦσιν
425 2923 459 2960 ἐν
475 2923 641 2976 κοινωνία
662 2918 762 2962 εἶναι·
784 2926 987 2964 κοινωνικαὶ
1001 2926 1068 2979 γάρ
1084 2928 1150 2966 εἷσι
1175 2926 1287 2981 φιλίαι

245 2982 279 3018 αἱ
303 2980 380 3019 καθ’
403 2982 589 3034 ὁμολογίαν
618 2982 677 3021 καὶ
711 2983 884 3031 συνθήκην
906 2985 983 3024 τινὰ
1013 2986 1284 3038 συνιστάμεναι,

244 3032 316 3078 οἷαί
342 3040 427 3078 εἶσιν
450 3042 485 3079 αἱ
516 3041 722 3095 φυλετικαί,
757 3043 817 3081 καὶ
849 3045 1091 3096 συμπλοϊκαί,
1119 3044 1179 3084 καὶ
1208 3045 1287 3085 ὅσαι

246 3103 419 3148 τοιαῦται,
450 3101 496 3144 εἷς
515 3100 643 3144 ταύτας
670 3100 706 3139 δὲ
732 3101 861 3147 τάξειεν
886 3102 927 3141 ἀν
952 3119 1004 3148 τις
1025 3104 1084 3143 καὶ
1111 3104 1174 3153 τὴν
1197 3105 1286 3151 ξενι-

279 3157 288 3171 Ι

243 3174 322 3206 κην.

298 3216 385 3234 *****
404 3216 450 3257 ‘H
470 3216 505 3256 δὲ
524 3217 707 3271 συγγενικὴ
727 3218 824 3271 φιλία
840 3219 900 3258 καὶ
921 3222 943 3267 ἡ
968 3221 1125 3275 ἑταιρικὴ
1146 3223 1184 3263 οὗ
1202 3223 1280 3263 καθ’

1104 151 1386 194 ANDRONICI
1414 153 1591 194 RHODII

1368 250 1429 283 sim
1448 252 1482 283 et
1494 251 1657 293 imperant
1676 251 1796 295 singuli
1809 255 1982 297 aequaliter
2007 259 2042 292 et
2067 262 2206 302 parent:
2224 256 2423 305 apudstttbs'
2473 235 2476 254 Σ

1368 292 1471 341 igitur·
1486 293 1571 341 juris
1605 296 1639 326 ct
1668 294 1823 328 amicitiae
1857 298 2064 371 ωιῖιιιὶξίἰίῑῑιε
2091 302 2264 344 reperitur.
2319 306 2407 353 Benp

1368 337 1559 366 constitutis
1581 343 1657 376 crgo
1678 336 1731 368 vel
1756 337 1898 379 rebuspu
1928 339 1997 374 licis
2025 341 2078 374 vel
2109 343 2324 379 societatibus
2346 344 2411 380 boc

1366 375 1465 407 modo
1481 377 1513 408 et
1527 376 1670 408 amicitia
1688 379 1720 409 et
1734 377 1790 419 jus
1807 380 1966 420 congruit.
2347 391 2349 394 ⁴
2380 387 2392 406 '²‘

1410 418 1447 450 In
1463 417 1735 451 declinationibus
1761 422 1871 453 autem
1900 430 1920 454 a
1946 425 2036 457 recta
2066 425 2256 469 reipublicae
2280 427 2407 470 forma,

1367 476 1647 518 quemadmodum
1674 477 1744 519 ,iuri
1770 487 1889 520 parum
1918 479 1983 513 loci
2010 481 2168 517 relictum
2195 486 2264 524 est,
2293 485 2349 522 sic,
2374 486 2410 520 et

1367 536 1531 570 amicitiae.
1553 539 1665 576 Quum
1684 547 1761 572 vero
1777 540 1926 573 omnium
1945 540 2204 578 declinationum
2227 545 2407 590 deterrimo

1366 596 1409 629 sit
1432 597 1603 639 tyrannis,
1635 597 1759 631 idcirco
1786 599 1820 632 in
1845 609 1883 633 ea
1912 602 1972 634 aut
1996 603 2128 636 omnino
2151 613 2217 637 non
2243 590 2410 650 reperitur

1367 656 1531 698 amicitia,
1547 659 1605 690 aut
1630 667 1748 700 parum
1779 659 1842 692 loci
1868 660 1979 694 habet.
2001 662 2091 696 Inter
2108 671 2193 705 quos
2216 663 2310 700 onim»
2327 663 2411 703 Uihil

1366 716 1416 748 est
1432 724 1604 750 commune
1623 716 1654 750 ei
1670 718 1729 761 qui
1751 718 1890 761 imperat
1918 729 1994 754 cum
2008 730 2047 755 eo
2065 721 2122 765 qui
2136 723 2242 765 paret,
2263 732 2312 761 ne
2324 723 2410 759 nmi-

1367 774 1442 807 citia
1455 774 1588 817 quidem
1606 779 1666 810 est.
1697 777 1870 821 Siquidem
1888 789 1948 814 nec
1966 781 2022 823 jus
2042 782 2093 814 est
2113 790 2122 810 z
2143 781 2202 816 sed
2220 781 2412 818 sicutnu-

1365 832 1421 867 sex
1442 833 1485 866 ad
1508 835 1783 879 instrumentum,
1801 838 1931 872 animus
1952 839 1995 872 ad
2020 849 2140 883 corpus
2166 850 2202 875 se
2224 841 2344 882 hahet.
2360 841 2411 878 ita

1365 892 1517 926 dominus
1532 894 1575 928 ad
1594 904 1727 929 servum
1739 921 1747 937 ‚
1775 899 1808 930 et
1834 900 1994 940 tyrannus
2009 899 2052 932 ad
2069 899 2159 934 cives
2173 900 2279 943 ipsius
2297 900 2410 944 impe-

1366 953 1413 985 rio
1425 954 1583 987 obnoxios
1600 964 1634 988 se
1647 955 1781 990 habebit
1802 969 1810 989 :
1826 958 1964 1000 juvatur
1985 959 2073 993 enim
2094 959 2354 995 instrumentum
2368 961 2411 995 ab

1365 1013 1504 1052 artifice,
1527 1023 1646 1056 corpus
1661 1015 1702 1047 ab
1717 1015 1843 1056 animo,
1861 1017 1952 1049 nulla
1969 1019 2080 1051 tamen
2094 1017 2182 1052 inter
2193 1018 2267 1052 haee
2294 1017 2411 1053 amici-

1364 1071 1410 1103 tia
1426 1071 1598 1106 intercedit
1615 1087 1622 1106 ;
1644 1074 1807 1116 siqnidem
1820 1074 1914 1108 nobis
1928 1075 2072 1109 amicitia
2084 1084 2162 1110 cum
2179 1076 2280 1110 rebus
2294 1076 2403 1114 inani-

1362 1130 1427 1163 mis
1445 1140 1516 1165 esse
1535 1141 1599 1165 non
1611 1134 1722 1174 potest
1743 1144 1752 1165 ε
1769 1134 1850 1166 item
1865 1133 2037 1167 utentibus
2048 1143 2092 1168 ne
2100 1135 2158 1177 jus
2178 1134 2318 1178 quidem
2330 1145 2409 1173 cum

1363 1190 1403 1223 iis
1437 1193 1505 1232 est,
1538 1192 1820 1234 quemadmodum
1852 1202 1912 1227 nec
1946 1203 2022 1226 cum
2050 1194 2135 1228 bove
2153 1196 2204 1228 est
2233 1197 2294 1229 ant.
2314 1202 2409 1229 cane.

1362 1248 1549 1292 Eodemque
1564 1252 1664 1284 modo
1686 1251 1776 1285 nulla
1795 1261 1872 1285 cum
1892 1262 1988 1286 servo
2001 1252 2146 1286 amicitia
2166 1253 2250 1288 hero
2265 1253 2409 1289 interce-

1362 1307 1430 1346 dit,
1454 1311 1512 1341 aut
1539 1318 1615 1342 cum
1637 1310 1764 1343 civibus
1786 1311 1851 1352 ipsi
1879 1310 2030 1344 obnoxiis
2057 1313 2215 1363 tyranno?
2241 1315 2408 1356 quatenns

1362 1368 1440 1399 sunt
1458 1368 1544 1400 servi
1565 1378 1572 1399 :
1591 1369 1673 1402 nihil
1687 1369 1807 1412 quippe
1826 1370 1916 1404 heris
1927 1380 2101 1405 commune
2117 1373 2170 1406 est
2182 1380 2260 1415 cum
2274 1373 2404 1411 servis:
2422 1419 2425 1421 Δ

1361 1436 1438 1459 nam
1450 1436 1567 1460 servus
1584 1428 1844 1462 instrumentum
1863 1432 1913 1463 est
1926 1430 2111 1464 animatum
2122 1457 2130 1470 ,
2146 1431 2406 1469 instrumentum

1361 1489 1473 1519 autem
1488 1495 1604 1521 servus
1617 1488 1781 1523 inanimus
1804 1500 1811 1521 :
1828 1499 1895 1531 qua
1913 1499 1991 1532 ergo
2006 1499 2124 1524 servus
2138 1493 2202 1533 est,
2222 1491 2406 1529 nulla-cum
2462 1501 2465 1506 “

1361 1552 1399 1575 eo
1416 1544 1560 1578 amicitia
1583 1545 1677 1579 nobis
1700 1546 1876 1580 intercedit
1894 1560 1901 1580 :
1928 1548 1986 1582 sed
2004 1558 2071 1592 qua
2087 1549 2190 1583 homo
2207 1552 2277 1591 est,
2294 1551 2405 1589 inter-

1360 1602 1476 1637 cedere
1507 1606 1630 1646 potest.
1665 1606 1809 1640 Cuilibet
1838 1607 1925 1640 enim
1955 1608 2082 1642 homini
2095 1609 2152 1651 jus
2176 1609 2312 1652 aliquod
2333 1619 2405 1644 esse

1359 1673 1436 1696 cum
1452 1664 1600 1706 quolibet
1616 1666 1749 1700 homine
1769 1667 1913 1706 videtur,
1936 1668 1994 1710 qui
2011 1668 2147 1711 quidem
2165 1669 2248 1711 legis
2264 1669 2406 1712 alicujus

1359 1725 1393 1756 et
1414 1723 1559 1757 instituti
1587 1726 1754 1769 particeps
1777 1735 1850 1760 esse
1869 1727 1974 1770 possit
1994 1738 2103 1762 ruam
2122 1729 2232 1770 legum
2252 1733 2404 1764 commu*

1358 1782 1413 1815 nio
1435 1782 1535 1816 efficit
1558 1784 1643 1817 illud
1655 1785 1712 1828 jus
1729 1786 1820 1828 quod
1839 1786 1925 1820 inter
1939 1788 2091 1822 homines
2110 1787 2306 1830 intercedit,
2327 1797 2404 1832 qum

1369 1843 1483 1875 autem
1514 1852 1555 1876 ex
1582 1844 1657 1886 jure
1689 1845 1838 1879 nascitur
1864 1847 2071 1888 communio,
2102 1846 2283 1881 amicitiam
2303 1846 2404 1884 etiam

1357 1902 1549 1937 introducit.
1572 1906 1682 1942 Quare
1701 1905 1845 1938 amicitia
1863 1906 1925 1939 erit
1955 1908 2095 1948 tyranno
2118 1916 2196 1942 cum
2219 1907 2336 1950 iisqui
2362 1907 2399 1941 in

1357 1961 1461 2004 ipsius
1478 1964 1642 2009 potestate
1655 1966 1749 2003 sunt,
1772 1966 1936 2006 quatenus
1953 1967 2031 1999 sunt
2049 1966 2199 1999 homines
2220 1979 2229 2000 ι
2255 1966 2397 2009 ideoque

1356 2020 1536 2054 obscurum
1553 2021 1722 2063 negotium
1738 2022 1794 2055 hic
1806 2025 1839 2056 et
1850 2024 1906 2066 jus
1925 2026 1975 2056 est
1995 2026 2028 2057 et
2041 2024 2200 2059 amicitia.
2252 2044 2257 2046 -

1397 2079 1439 2111 At
1460 2078 1666 2122 inpopulari
1692 2081 1860 2122 republica
1880 2081 2089 2126 plurimum:
2113 2083 2269 2119 nimirum
2293 2082 2399 2118 multu

1356 2137 1442 2171 inter
1460 2147 1516 2172 eos
1529 2138 1588 2181 qui
1604 2141 1680 2172 sunt
1694 2148 1791 2182 pares
1803 2143 1988 2175 communia
2005 2142 2096 2176 sunt.
2398 2135 2400 2138 ’

1777 2600 1856 2642 Gap.
1890 2601 1974 2633 XVI.

1457 2703 1500 2731 De
1511 2701 1656 2737 sodalitia,
1671 2701 1895 2738 consanguinea
1908 2703 1939 2732 et
1955 2701 2119 2731 domestica
2132 2701 2274 2732 amicitia.

1393 2807 1508 2840 Omnis
1524 2817 1600 2850 ergo
1617 2807 1761 2841 amicitia
1780 2807 1815 2841 in
1835 2808 2090 2850 communitate,
2113 2808 2395 2852 quemadmodum

1349 2867 1477 2900 dictum
1492 2869 1563 2907 est,
1581 2867 1749 2900 cernitur:
1774 2868 1844 2901 sola
1868 2870 1980 2900 autem
1998 2869 2213 2910 cognatorum
2235 2870 2270 2902 et
2296 2867 2394 2903 soda-

1349 2927 1429 2960 lium
1449 2927 1590 2960 amicitia
1612 2937 1676 2960 non
1685 2927 1819 2960 videtur
1834 2927 1869 2960 in
1885 2927 2121 2961 communitate
2137 2927 2319 2962 consistere
2336 2941 2344 2961 :
2359 2929 2394 2961 in

1349 2988 1586 3020 communitate
1613 2989 1725 3021 autem
1751 2987 1903 3020 amicitiae
1919 3014 1927 3029 ,
1949 2996 2025 3030 quae
2050 2989 2212 3020 convento
2244 2988 2278 3021 et
2295 2989 2393 3030 pacto

1349 3050 1522 3089 constant,
1539 3049 1724 3087 versantur,
1742 3047 1858 3090 quales
1879 3046 2054 3080 tribulium
2067 3048 2101 3080 et
2117 3055 2232 3080 eorum
2247 3047 2308 3090 qui
2323 3055 2390 3081 una

1347 3109 1502 3151 navigant
1529 3108 1703 3147 videntur,
1724 3110 1758 3141 et
1786 3117 1994 3151 quaecunque
2014 3100 2123 3150 'huJus
2145 3108 2274 3150 generis
2291 3111 2387 3149 sunt,

1347 3170 1468 3212 quibus
1481 3169 1580 3202 etiam
1598 3170 1685 3202 recte
1701 3168 1875 3210 hospitalis
1896 3168 2028 3210 adJungi
2039 3169 2161 3218 possit.

1388 3231 1605 3272 cognatorum
1623 3237 1702 3262 vero
1722 3230 1754 3261 et
1764 3227 1926 3261 sodalium
1942 3227 2084 3261 amicitia
2098 3237 2205 3271 neque
2217 3229 2386 3263 convento.

247 3294 2379 3312 -————————————-—--——-———-—-

285 3336 303 3355 '⁶
326 3336 378 3369 Ἐν
399 3337 434 3369 δὲ
451 3341 522 3374 ταῖς
543 3338 785 3380 παρεκὸάσεσιν
805 3340 874 3374 κτλ.
893 3356 935 3364 —
952 3339 987 3357 ⁴¹*
1007 3339 1060 3372 Ἐν
1083 3343 1245 3385 τυραννίδι
1273 3344 1335 3387 γὰρ
1360 3345 1452 3377 οὐδὲν
1468 3345 1538 3377 κτλ.
1564 3361 1605 3367 -
1625 3343 1685 3363 *⁴⁰*
1706 3345 1746 3376 Αἱ
1766 3342 1801 3375 δὲ
1825 3343 1858 3375 ἐν
1881 3345 1953 3380 ταῖς
1978 3344 2047 3376 κτλ·
2073 3358 2115 3368 -
2133 3342 2217 3363 *⁴²⁴³*
2233 3342 2311 3384 GaP·
2337 3345 2380 3375 ¹2·

261 3383 318 3415 Ἐν
333 3385 486 3428 κοινωνίᾳ
503 3386 560 3426 μὲν
579 3385 634 3417 οὗν
651 3390 744 3419 πᾶσα
758 3386 844 3428 φιλία
858 3388 927 3419 κτλ.
949 3405 990 3411 -
1009 3387 1103 3405 *****
1121 3391 1183 3421 Καὶ
1205 3393 1224 3428 ἡ
1245 3393 1416 3432 συγγενικὴ
1438 3392 1473 3424 δὲ
1490 3391 1636 3433 φαίνεναι
1650 3391 1720 3423 κτλ.

2503 2899 2508 2911 -
2483 2529 2508 2882 .2,..·n.--...·-h;l.'·c:'ax¹ssnvi.a⁴-
2489 2507 2508 2519 vt
2500 2483 2502 2485 ·
2506 2412 2508 2415 ,
2488 2358 2490 2360 ⁴

2467 3224 2471 3231 '⁸
2472 3106 2487 3173 μ’»
2468 3069 2490 3077 ζ
2479 3046 2482 3051 .

2492 3151 2502 3177 1⁴oe
