2528 3788
314 269 389 306 198

976 265 1141 306 ATTICl
1172 266 1436 306 PLATONiffl
1467 266 1776 306 PHILOSOPHI

313 355 497 404 teorolog.
514 354 584 391 lib.
605 353 660 390 lll
676 366 758 404 cap.
778 353 817 393 3.
834 373 885 382 —
906 357 920 376 ⁰
934 353 967 390 ἐν
986 356 1031 405 τῇ
1053 353 1215 407 δευτέρᾳ]
1232 355 1342 393 Plato
1369 354 1376 409 Ι
1403 355 1489 394 Vid.
1512 355 1678 393 Matthiae
1698 355 1871 395 Gramm.
1889 354 1957 393 Gr.
1976 356 1997 405 S
2015 330 2164 394 ὅοὸια.
2182 381 2224 387 -
2245 353 2255 377 ¹
2271 354 2349 393 ἀλλ’
2368 354 2434 406 66]

313 414 411 453 Tim.
435 428 473 464 1).
500 414 561 462 39.
583 414 654 463 φῶς
673 415 690 451 6
710 411 782 455 θεὸς
804 413 933 465 ἀνῆψεν
954 413 988 450 ἐν
1008 416 1050 465 τῇ
1071 413 1154 466 πρὸς
1174 417 1238 465 γῆν
1260 415 1342 452 δευ-

311 474 394 526 τέρα
414 474 480 509 τῶν
502 471 668 522 περιόδων
687 500 697 517 ,
721 469 738 507 ὂ
759 470 800 517 δὴ
822 474 880 508 νῦν
896 472 1117 521 κεκλήκαμεν
1138 472 1234 520 ἥλιον
1262 474 1338 510 κτλ.

309 531 418 570 Conf.
441 530 541 568 Phil.
558 530 627 566 Gr.
651 529 732 568 vol.
756 528 791 566 ll
822 542 910 581 pag.
941 531 1030 578 167.
1045 551 1098 559 ·-
1120 530 1135 552 ‘¹
1160 531 1341 583 φαίνοιτο]

310 589 451 627 habent
465 587 620 625 Eusebii
642 587 794 625 codices
813 595 927 638 atque
946 600 967 626 e
990 588 1200 628 Platonicis
1218 589 1344 627 Ricar-

309 647 466 694 dianus3
483 646 525 683 in
540 647 685 683 caeteris
706 655 762 683 est
781 645 910 698 φαίνοι.
932 667 983 675 -
1002 648 1018 668 ⁸
1038 646 1279 698 ἀποχωρήσεις
1294 662 1345 684 τι-

309 705 368 749 νὰς
396 705 508 742 αὐτῶν
543 704 600 742 καὶ
629 703 912 756 προσχωρήσεις]
944 704 1054 742 Plato
1086 704 1186 742 Tim.
1225 719 1264 756 p.
1296 711 1344 750 40

307 762 446 816 χορείας
474 762 509 800 δὲ
539 761 668 800 τούτων
701 764 815 800 αὐτῶν
835 762 894 801 καὶ
921 762 1126 815 παραδολὰς
1159 763 1341 810 ἀλλήλων,

308 823 366 862 καὶ
394 823 473 874 περὶ
497 821 557 865 τὰς
578 824 645 859 τῶν
665 821 801 860 κύκλων
821 821 906 874 πρὸς
936 821 1077 865 ἑαυτοὺς
1102 823 1345 870 ἐπανακυκλή-

308 897 375 925 σεις
390 882 448 920 καὶ
463 881 728 933 προσχωρήσεις
745 881 812 930 (al.
829 879 1107 935 προχωρήσεις),
1126 895 1211 932 quae
1228 882 1345 920 verba

307 942 443 980 Cicero
465 942 520 979 sic
541 941 668 978 reddit
692 955 699 977 :
728 943 928 977 Flexc‘ones
955 940 1108 992 (Steph.
1139 940 1242 991 conj.
1266 940 1343 979 Lu-

307 1001 436 1039 siones
450 1001 463 1053 )
479 1010 601 1038 autem
621 1003 774 1037 deorum
794 1009 831 1036 et
849 1004 945 1036 inter
976 1004 1074 1050 ipsos
1096 998 1234 1053 [deos]
1254 1014 1343 1037 cou-

306 1065 503 1105 cantionem,
539 1073 693 1108 qumque
712 1063 748 1095 in
769 1060 912 1095 orbibus
938 1072 1062 1094 eorum
1095 1063 1345 1095 conversiones

307 1122 644 1166 antecessionesque
663 1120 847 1162 eveniant,
871 1115 940 1153 ubi
977 1124 1136 1167 apparet
1164 1129 1250 1154 eum
1274 1129 1342 1154 ne-

308 1190 382 1228 que
397 1176 476 1228 περὶ
499 1188 718 1226 agnoscere,
734 1188 858 1225 neque
874 1175 1155 1226 προσχωρήσεις,
1176 1175 1242 1213 sed
1261 1190 1345 1227 προ-

307 1236 477 1288 χωρήσεις
498 1235 648 1283 legisse.
667 1233 762 1270 Vide
782 1232 1016 1284 Stephanum
1033 1233 1081 1270 ad
1099 1247 1183 1271 eum
1204 1234 1342 1271 locum.

308 1317 360 1323 —
389 1292 401 1316 ¹
421 1292 540 1345 ἑτέραν
568 1292 681 1335 αὐτοῖς
708 1290 868 1340 κίνησιν]
908 1291 1083 1329 Plotinus
1112 1291 1282 1329 Ennead.
1321 1305 1341 1328 2

310 1353 377 1392 lib.
402 1367 423 1390 2
445 1365 528 1403 cap.
559 1365 579 1388 2
603 1364 687 1402 pag.
714 1364 786 1400 109
807 1348 866 1387 καὶ
889 1349 1039 1387 Πλάτων
1061 1348 1096 1386 δὲ
1117 1353 1186 1392 τοῖς
1207 1347 1345 1400 ἄστροις

309 1412 346 1448 οὗ
369 1410 470 1461 μόνον
492 1410 553 1457 τὴν
579 1408 666 1457 μετὰ
685 1411 744 1446 τοῦ
767 1407 845 1445 ὅλου
867 1404 1053 1458 σφαιρικὴν
1073 1404 1229 1452 κίνησιν,
1254 1405 1344 1443 ἀλλὰ

309 1469 368 1508 καὶ
387 1469 522 1521 ἑκάστῳ
545 1466 665 1504 δίδωσι
700 1465 762 1512 τὴν
782 1464 861 1516 περὶ
881 1464 920 1502 τὸ
948 1463 1087 1515 κέντρον
1108 1464 1241 1501 αὐτῶν·
1264 1462 1343 1501 ἕκα-

310 1543 388 1565 στον
418 1527 496 1578 γάρ,
528 1520 564 1564 οῧ
595 1527 667 1563 ἐστι
698 1522 920 1576 περιειληφὸς
939 1521 996 1560 τὸν
1019 1521 1111 1568 θεόν,
1136 1522 1344 1572 ἀγάλλεται,

309 1589 346 1625 οὓ
367 1589 542 1637 λογισμῷ,
570 1584 657 1622 ἀλλὰ
678 1589 838 1636 φυσικαῖς
861 1582 1041 1633 ἀνάγκαις.
1064 1603 1116 1610 —
1135 1585 1152 1610 g
1171 1583 1188 1619 6
1209 1582 1264 1630 δέ,
1286 1582 1344 1621 καὶ

310 1645 435 1693 ταύτης
458 1645 655 1696 ἀφαιρεῖται
682 1640 850 1688 κινήσεως
871 1639 1017 1690 αὐτούς]
1042 1640 1268 1679 Aristoteles
1296 1641 1344 1679 de

311 1705 419 1742 Coelo
445 1703 517 1743 lib.
549 1703 585 1740 ll
609 1715 693 1753 cap.
730 1716 743 1738 1
781 1713 868 1751 pag.
894 1702 982 1744 284.
1015 1712 1048 1738 a.
1083 1700 1143 1738 ed.
1184 1700 1339 1739 Bekker.

311 1762 400 1801 ἀλλὰ
421 1761 489 1812 μὴν
510 1760 580 1799 οὐδ’
600 1760 666 1798 ὑπὸ
689 1761 802 1812 ψυχῆς
824 1756 962 1808 εὔλογον
995 1757 1254 1808 ἀναγκαζούσης
1284 1758 1344 1809 μέ·

311 1838 378 1861 νειν
409 1820 541 1859 ἀΐδιον·
562 1818 639 1858 οὐδὲ
666 1817 732 1870 γὰρ
759 1820 820 1863 τῆς
851 1819 966 1868 ψυχῆς
1002 1810 1071 1854 οἷόν
1098 1817 1130 1853 τ’
1165 1810 1252 1854 εἶναι
1282 1820 1345 1865 τὴν

311 1880 472 1928 τοιαύτην
494 1879 582 1926 ζωὴν
599 1879 728 1917 ἄλυπον
749 1876 808 1914 καὶ
829 1874 1022 1927 μακαρίαν·
1045 1874 1177 1926 ἀνάγκη
1198 1874 1264 1928 γὰρ
1286 1876 1344 1915 καὶ

311 1939 373 1986 τὴν
398 1939 531 1985 κίνησιν
553 1935 640 1987 μετὰ
669 1935 744 1988 βίας
774 1927 901 1982 οὖσαν,
924 1933 1022 1986 εἴπερ
1042 1936 1210 1971 κινεῖσθαι
1235 1950 1346 1987 πεφυ-

311 1997 407 2040 κότος
416 2000 477 2035 τοῦ
497 1995 635 2047 πρώτου
650 1993 809 2044 σώματος
824 1991 936 2035 ἄλλως
956 1997 1042 2029 κινεῖ
1055 1994 1220 2044 συνεχῶς,
1237 1992 1344 2044 ἄσχο·

311 2060 370 2096 λον
391 2048 477 2095 εἶναι
504 2055 562 2093 καὶ
583 2054 696 2101 πάσης
717 2050 991 2103 ἀπηλλαγμένην
1015 2050 1191 2104 ῥᾳστώνης
1211 2051 1344 2106 ἔμφρο-

315 2131 384 2162 νος,
406 2114 437 2152 εἴ
454 2130 492 2166 γε
515 2114 595 2164 μηδ’
617 2111 737 2164 ὥσπερ
758 2114 801 2163 τῇ
821 2113 916 2164 ψυχῇ
937 2113 981 2163 τῇ
1010 2113 1077 2149 τῶν
1098 2113 1226 2157 θνητῶν
1248 2111 1343 2164 ζῴων

311 2174 402 2214 ἐστὶν
434 2173 627 2215 ἀνάπαυσις
647 2174 668 2218 ἡ
687 2169 767 2222 περὶ
787 2170 844 2208 τὸν
873 2169 978 2208 ὕπνον
997 2171 1160 2222 γινομένη
1186 2174 1246 2209 τοῦ
1269 2172 1342 2210 σώ-

313 2247 420 2281 ματος
457 2231 594 2280 ἄνεσις,
618 2229 694 2267 ἀλλ’
729 2230 917 2279 ἀναγκαῖον
939 2227 1076 2272 Ἰξίονός
1102 2244 1190 2272 τινος
1219 2230 1342 2293 μοῖραν

312 2291 471 2343 κατέχειν
498 2287 605 2335 αὐτὴν
627 2286 734 2326 ἀΐδιον
760 2285 819 2325 καὶ
840 2284 994 2338 ἄτρυτον.
1023 2307 1074 2315 -
1095 2288 1113 2311 ¹¹
1133 2286 1237 2330 πάθος
1259 2293 1344 2327 εἶναι

312 2351 373 2396 τῆς
399 2347 569 2400 ἡμετέρας
595 2345 725 2398 ὅψεως]
755 2345 978 2383 Aristoteles
1002 2345 1049 2382 de
1079 2345 1187 2383 Coelo
1207 2345 1278 2385 lib.
1310 2347 1345 2386 Π

313 2422 396 2459 cap.
422 2410 443 2446 8
467 2419 554 2458 pag.
589 2419 679 2456 290.
706 2417 742 2444 a.
765 2403 824 2442 ed.
850 2404 1006 2442 Bekker.
1028 2407 1049 2450 ἦ
1070 2403 1136 2455 γὰρ
1168 2403 1242 2455 ὄψις
1264 2405 1347 2444 ἀπο.

313 2465 491 2516 τεινομένη
514 2463 651 2517 μακρὰν
667 2461 840 2500 ἑλίσσεται
861 2460 917 2498 διὰ
937 2460 998 2507 τὴν
1015 2460 1206 2499 ἀσθένειαν.
1228 2460 1345 2516 εὈπερ

315 2526 423 2564 αἴτιον
448 2524 529 2566 ἴσως
558 2522 697 2560 καὶτοῦ
719 2520 870 2559 στίλὸειν
897 2519 1077 2573 φαίνεσθαι
1098 2519 1175 2563 τοὺς
1200 2521 1346 2573 ἀστέρας

315 2584 390 2628 τοὺς
412 2579 671 2632 ἐνδεδεμένους,
692 2580 769 2624 τοὺς
791 2579 825 2618 δὲ
851 2578 1032 2626 πλάνητας
1051 2580 1099 2630 μὴ
1120 2579 1293 2618 στίλὸειν·
1315 2583 1345 2619 οἱ

316 2641 377 2691 μὲν
403 2640 469 2692 γὰρ
489 2639 661 2685 πλάνητες
696 2636 795 2689 ἐγγύς
823 2639 932 2684 εἰσιν,
955 2636 1038 2675 ὥστ’
1065 2639 1234 2691 ἐγκρατὴς
1263 2633 1346 2677 οῧσα

315 2700 399 2751 πρὸς
422 2696 543 2742 αὐτοὺς·
563 2697 755 2750 ἀφικνεῖται
772 2700 792 2743 ἡ
814 2696 910 2749 ὄψις·
926 2698 1009 2748 πρὸς
1029 2695 1065 2735 δὲ
1085 2696 1162 2742 τοὺς
1183 2697 1347 2748 μένοντας

316 2757 535 2811 κραδαίνεται
555 2756 611 2794 διὰ
635 2756 674 2794 τὸ
694 2758 821 2806 μῆκος,
843 2756 1090 2806 ἀποτεινομένη
1111 2755 1229 2810 πόῤῥω
1249 2757 1341 2797 λίαν.

316 2817 361 2856 ‘O
383 2817 418 2854 δὲ
443 2815 567 2868 τρόμος
585 2817 689 2860 αὐτῆς
710 2815 801 2853 ποιεῖ
822 2818 880 2853 τοῦ
898 2814 1023 2866 ἄστρου
1044 2817 1155 2854 δοκεῖν
1175 2812 1262 2855 εἷναι
1285 2817 1347 2863 τὴν

317 2875 470 2922 κίνησιν·
489 2874 582 2913 οὐθὲν
599 2874 666 2925 γὰρ
687 2874 839 2927 διαφέρει
858 2879 962 2911 κινεῖν
983 2874 1043 2921 τὴν
1064 2874 1140 2927 ὄψιν
1157 2875 1179 2922 ἢ
1201 2876 1239 2914 τὸ
1258 2877 1347 2928 ὁρώ-

319 2949 433 2983 μενον.
455 2956 506 2962 -—-
523 2931 532 2955 i
550 2935 567 2970 6
587 2933 632 2979 δ’,
653 2926 743 2983 ᾗπερ
769 2931 894 2984 ἄλλῳ]
922 2933 1144 2972 Aristoteles
1164 2934 1210 2972 de
1238 2929 1347 2972 Coelo

316 2993 383 3031 lib.
407 2993 421 3029 l
448 3005 531 3043 cap.
553 3005 590 3029 2.
621 3013 673 3019 -—
704 2989 720 3011 k
754 2990 980 3042 παρείχοντο]
1000 2992 1024 3029 i.
1056 3005 1088 3031 e.
1117 2992 1343 3045 παρέχονται.

356 3141 386 3172 7.
410 3138 469 3170 Sed
490 3137 531 3170 de
548 3136 655 3168 animo
668 3161 675 3175 ‚
693 3135 813 3176 inquit,
833 3135 914 3176 quid
929 3136 1098 3169 dicamus?
1117 3138 1250 3170 Constat
1261 3139 1347 3171 enim

314 3207 376 3231 non
390 3196 494 3229 solum
510 3195 594 3227 inter
611 3203 668 3226 eos
685 3194 742 3234 qui
758 3194 1043 3242 philosophantur,
1066 3196 1122 3228 sed
1141 3196 1239 3228 etiam
1264 3197 1347 3230 inter

314 3255 431 3289 idiotas
455 3254 554 3287 ferme
579 3262 707 3292 omneS,
739 3252 881 3284 animum
912 3262 931 3284 a
964 3253 1098 3286 Platone
1131 3255 1346 3288 immortalem

315 3312 511 3354 existimari,
529 3312 747 3354 plurimasque
767 3311 865 3342 simul
883 3311 923 3343 ab
941 3311 996 3342 ilio
1013 3320 1083 3343 eam
1102 3313 1133 3344 in
1151 3323 1218 3345 rem
1231 3313 1345 3355 dispu-

315 3373 454 3406 t'aiiones
477 3369 593 3404 haberi
607 3395 615 3411 ,
638 3369 735 3402 simul
751 3368 838 3401 omni
855 3369 1019 3402 rationum
1035 3379 1150 3411 genere
1178 3372 1345 3412 probatam

314 3433 398 3465 hane
416 3433 450 3464 et
476 3430 701 3463 confirmatam
726 3428 1000 3461 immortalitatem
1032 3428 1179 3471 relinqui.
1208 3432 1249 3462 Et
1269 3440 1346 3463 vero

314 3498 388 3523 cum
409 3489 443 3522 in
460 3488 659 3522 defendendo
679 3487 828 3528 Platone,
846 3489 917 3519 tum
938 3488 1118 3529 praesertim
1142 3487 1173 3519 in
1192 3487 1253 3520 hae
1276 3490 1345 3530 eJus

1404 415 1564 465 scripsi3
1586 415 1698 454 codd.
1719 414 1808 452 ἀλλὰ
1834 414 1887 452 οὗ.
1912 436 1964 442 ——-
1982 419 2007 437 ¹¹¹
2027 414 2129 463 σῶμα
2153 412 2269 463 ὅμοιον
2287 414 2322 451 ἐν
2339 411 2436 466 μέσῳ
2499 407 2511 448 ’.

1405 471 1497 511 τεθὲν
1518 473 1636 523 ὁμοίου
1658 471 1768 524 τινός]
1791 472 1946 510 videtur
1965 471 2109 510 dictum
2133 471 2180 509 de
2199 470 2362 522 globoso
2382 470 2435 510 si·

1405 531 1509 569 deris
1537 545 1713 583 corpore,
1734 531 1837 582 quod
1859 530 2019 580 globoso
2039 531 2128 568 item
2156 530 2254 568 coelo
2269 529 2437 568 includi-

1404 599 1480 629 tur.
1502 611 1556 620 —
1573 594 1590 612 ¹¹
1610 588 1671 628 εἴτ’
1686 589 1742 628 ἐπὶ
1763 589 1841 634 δεξί’
1862 588 1964 640 ἴωσι]
1985 588 2121 640 scripsi
2134 603 2144 636 ;
2159 587 2278 638 vulgo
2297 585 2358 627 εἶτ’
2379 585 2436 625 ἐπὶ

1404 646 1497 692 δεξιὰ
1515 645 1607 688 ἴωσι.
1622 648 1746 687 Petita
1771 656 1860 687 sunt
1871 648 1952 686 haec
1975 660 2023 685 ex
2040 646 2151 685 Iliad.
2174 645 2242 685 lib.
2263 643 2352 696 ΧΙῙ,
2375 658 2435 684 vs.

1408 708 1484 756 239
1513 719 1595 758 seq.
1621 706 1680 746 εἴτ’
1703 707 1760 746 ἐπὶ
1793 706 1874 751 δεξί’
1903 705 1982 744 ἴωσι
2001 705 2086 757 πρὸς
2104 706 2158 751 ἠῶ
2176 705 2207 743 τ’
2241 701 2357 751 ἠέλιόν
2376 716 2440 752 τε,

1405 764 1468 802 εἴτ’
1490 765 1544 802 ἐπ’
1571 764 1735 818 ἀριστερὰ
1764 764 1855 816 τοίγε
1883 766 1958 803 κτλ.
1988 787 2040 793 -—
2073 767 2088 786 ⁰
2119 761 2343 811 Ζητήσαντος
2372 761 2441 814 γὰρ

1409 823 1616 875 Πλάτωνος]
1637 824 1738 862 Tim.
1772 838 1809 876 p.
1833 825 1881 862 63
1901 823 1961 862 ed.
1990 822 2122 875 Steph.
2151 841 2208 853 --
2223 826 2241 851 Ρ
2258 817 2350 860 κατὰ
2376 818 2439 872 μὲν

1406 881 1468 924 τὰς
1482 883 1550 920 τῶν
1563 882 1736 933 σωμάτων
1756 879 1994 936 οἰκειότητας]
2010 881 2120 919 Plato
2135 881 2237 920 Tim.
2254 893 2294 931 p.
2313 878 2364 918 63
2377 875 2442 919 ed.

1405 939 1537 992 Steph.
1554 940 1631 980 τόδε
1651 956 1690 992 γε
1710 940 1779 991 μὴν
1796 941 1831 979 ἕν
1853 956 1885 978 τι
1904 938 2103 988 διανοητέον
2123 937 2202 991 περὶ
2219 937 2360 977 πάντων
2375 937 2440 975 αὖ·

1405 1002 1491 1048 τῶν,
1514 1002 1559 1043 ὡς
1578 1001 1600 1046 ἡ
1622 999 1683 1050 μὲν
1703 998 1787 1052 πρὸς
1805 999 1844 1038 τὸ
1879 999 2033 1051 ξυγγενὲς
2061 999 2135 1042 ὁδὸς
2156 997 2314 1042 ἑκάστοις
2332 991 2438 1044 οὖσα,

1407 1058 1497 1110 βαρὺ
1520 1057 1582 1109 μὲν
1601 1057 1641 1096 τὸ
1661 1057 1845 1111 φερόμενον
1866 1059 1979 1106 ποιεῖ,
2000 1058 2057 1097 τὸν
2078 1058 2113 1096 δὲ
2132 1057 2254 1106 τόπον,
2274 1059 2322 1100 εἷς
2344 1053 2381 1094 ὃν
2401 1054 2440 1094 τὸ

1406 1121 1556 1156 τοιοῦτον
1576 1115 1738 1170 φέρεται,
1756 1117 1875 1166 κάτω,
1894 1115 1939 1154 τὰ
1966 1116 2002 1155 δὲ
2018 1116 2149 1161 τούτοις
2164 1114 2290 1168 ἔχοντα
2303 1116 2351 1165 ὣς
2368 1113 2443 1153 ἑτέ-

1407 1190 1493 1227 ρως,
1514 1175 1654 1228 θάτερα.
1673 1197 1726 1204 -
1744 1180 1762 1205 ⁴1
1781 1175 1820 1214 τὸ
1841 1174 1959 1226 κάτω]
1981 1175 2094 1226 posui
2114 1187 2201 1213 cum
2223 1173 2355 1222 codd.;
2379 1173 2444 1212 Vi-

1409 1247 1523 1284 gel-us
1549 1234 1589 1273 τὸ
1608 1233 1668 1283 μὲν
1695 1233 1791 1272 κάτω
1818 1233 1937 1272 scribi
1959 1234 2129 1273 volebat.
2162 1254 2219 1263 —
2241 1235 2258 1256 ¹⁸
2284 1232 2375 1283 μήτε
2403 1233 2443 1271 τὸ

1409 1292 1536 1343 μέσον]
1556 1292 1666 1330 Plato
1691 1292 1795 1330 Tim.
1815 1306 1853 1343 p.
1877 1294 1926 1330 62
1947 1293 1965 1329 ὁ
1995 1291 2056 1342 μὲν
2074 1290 2141 1344 γὰρ
2167 1289 2272 1341 μέσος
2290 1291 2325 1330 ἐν
2348 1291 2443 1343 αὐτῷ
2472 1339 2476 1342 ,

1410 1351 1483 1404 (τῷ
1503 1349 1647 1404 κόσμῳ)
1664 1349 1789 1399 τόπος,
1806 1349 1884 1390 οὔτε
1904 1350 2000 1389 κάτω
2020 1348 2180 1404 πεφυκὼς
2196 1349 2283 1388 οὔτε
2298 1349 2370 1394 ἄνι’)
2387 1349 2443 1389 λέ-

1407 1412 1527 1460 γεσθαι
1547 1408 1699 1459 δίκαιος,
1720 1409 1796 1447 ἀλλ’
1821 1407 1925 1457 αὐτό,
1945 1410 1980 1448 ἐν
1999 1408 2096 1462 μέσῳ
2116 1422 2127 1434 ·
2147 1410 2166 1447 6
2186 1408 2222 1447 δὲ
2245 1406 2345 1461 πέριξ
2363 1407 2442 1448 οὔτε

1409 1467 1451 1514 δὴ
1485 1468 1605 1518 μέσος,
1632 1466 1703 1506 οὔτ’
1725 1466 1816 1520 ἔχων
1836 1466 1999 1521 διάφορον
2030 1469 2134 1506 αὑτοῦ
2168 1466 2272 1519 μέρος
2297 1465 2440 1521 ἕτερον,

1407 1526 1550 1578 θατέρου
1567 1528 1698 1576 μᾶλλον
1721 1526 1807 1580 πρὸς
1824 1526 1865 1566 τὸ
1885 1525 1987 1577 μέσον
2001 1556 2011 1574 ,
2032 1526 2054 1573 ἤ
2073 1542 2105 1565 τι
2127 1527 2194 1566 τῶν
2214 1525 2441 1580 καταντικρύ.
2487 1553 2490 1555 »
2526 1534 2528 1538 ’

1406 1608 1458 1614 -
1482 1588 1495 1607 ⁸
1516 1587 1534 1623 ὃ
1551 1585 1589 1623 ’δὲ
1613 1584 1827 1638 ἀντιτίθησι]
1857 1585 2083 1624 Aristoteles
2112 1587 2160 1625 de
2185 1585 2296 1624 Coelo
2324 1585 2393 1624 lib.
2417 1591 2437 1630 4

1406 1657 1492 1695 cap.
1520 1658 1536 1681 1
1554 1658 1594 1696 p.
1618 1645 1706 1684 308.
1725 1658 1757 1683 a.
1772 1644 1832 1682 ed.
1850 1644 2012 1683 Bekker.
2030 1643 2073 1683 τὰ
2094 1642 2156 1694 μὲν
2175 1642 2241 1696 γὰρ
2261 1643 2314 1683 ἀεὶ
2332 1643 2441 1697 πέφυ-

1407 1718 1464 1740 κεν
1487 1703 1556 1742 ἀπὸ
1577 1706 1636 1741 τοῦ
1659 1702 1766 1752 μέσου
1795 1701 1957 1756 φέρεσθαι
1971 1732 1981 1750 ,
2010 1701 2054 1740 τὰ
2073 1702 2104 1740 δ’
2133 1702 2187 1740 ἀεὶ
2214 1701 2298 1754 πρὸς
2316 1701 2357 1740 τὸ·
2376 1700 2438 1751 μέ-

1408 1775 1478 1798 σον.
1499 1760 1639 1800 Τούτων
1661 1759 1755 1804 δὲτὸ
1776 1760 1837 1808 μὲν
1860 1760 1930 1798 ἀπὸ
1950 1763 2009 1799 τοῦ
2035 1759 2140 1810 μέσου
2161 1759 2347 1814 φερόμενον
2367 1758 2440 1799 ἄνω

1407 1818 1499 1870 λέγω
1526 1818 1707 1872 φέρεσθαι,
1732 1818 1829 1857 κάτω
1857 1818 1893 1856 δὲ
1925 1818 1964 1858 τὸ
1982 1819 2068 1873 πρὸς
2096 1819 2136 1859 τὸ
2155 1818 2274 1870 μέσον.
2293 1814 2441 1859 Ἄτοπον

1406 1878 1472 1931 γὰρ
1492 1877 1530 1916 τὸ
1548 1877 1596 1928 μὴ
1615 1877 1765 1928 νομίζειν
1791 1871 1878 1915 εἶναί
1897 1894 1929 1916 τι
1949 1879 1983 1916 ἐν
2001 1881 2051 1931 τῷ
2072 1879 2206 1931 οὐρανῷ
2225 1877 2266 1916 τὸ·
2284 1877 2347 1928 μὲν
2369 1877 2440 1917 ἅνω

1407 1937 1445 1974 τὸ
1474 1935 1509 1974 δὲ
1539 1936 1656 1984 κάτω,
1678 1935 1833 1988 καθάπερ
1853 1936 1941 1981 τινὲς
1959 1937 2002 1988 [i.
2027 1950 2058 1976 e.
2087 1940 2106 1976 6
2127 1934 2307 1991 Πλάτων]
2327 1935 2442 1985 ἀξιοῦ-

1407 2010 1475 2035 σιν.
1498 1996 1552 2034 Οὐ
1569 1995 1636 2047 γὰρ
1654 1988 1742 2033 εἶναι
1760 1994 1799 2033 τὸ
1817 1993 1878 2045 μὲν
1896 1995 1967 2033 ἄνω
1985 1994 2024 2034 τὸ
2040 1994 2076 2035 δὲ
2089 1995 2187 2034 κάτω
2205 1995 2326 2048 φασίν,
2345 1994 2441 2048 εἴπερ

1406 2054 1521 2107 πάντῃ
1553 2052 1668 2105 ὅμοιός
1695 2054 1789 2102 ἐστι,
1812 2052 1871 2092 καὶ
1902 2053 2116 2106 πανταχόθεν
2149 2053 2311 2099 ἀντίπους
2341 2053 2439 2096 ἔσται

1407 2113 1635 2167 πορευόμενος
1663 2112 1806 2156 ἕκαστος
1838 2113 1938 2157 αὐτὸς
1971 2115 2080 2167 αὑτῷ.
2105 2113 2233 2165 Ἡμεῖς
2262 2112 2297 2152 δὲ
2316 2112 2356 2152 τὸ
2378 2117 2438 2153 τοῦ

1407 2172 1535 2217 παντὸς
1558 2171 1706 2224 ἔσχατον
1727 2172 1799 2210 ἄνω
1828 2171 1975 2223 λέγομεν
1988 2172 2040 2220 ,-ὃ
2070 2172 2127 2211 καὶ
2155 2171 2247 2212 κατὰ
2265 2172 2328 2221 τὴν
2347 2173 2440 2212 θέσιν

1408 2232 1498 2270 ἐστὶν
1526 2231 1598 2270 ἄνω
1621 2230 1679 2269 καὶ
1699 2233 1743 2284 τῇ
1767 2230 1867 2283 φύσει
1887 2234 2040 2283 πρῶτον.
2063 2231 2165 2271 Ἐπεὶ
2186 2233 2216 2270 δ’
2236 2230 2310 2270 ἐστί
2329 2246 2362 2270 τι
2380 2235 2439 2271 τοῦ

1406 2293 1552 2341 οὐρανοῦ
1574 2290 1722 2342 ἔσχατον
1742 2289 1801 2328 καὶ
1822 2289 1950 2341 μέσον,
1972 2291 2073 2337 δῆλον
2093 2289 2147 2329 ὅτι
2165 2290 2264 2329 ἔσται
2284 2290 2343 2329 καὶ
2367 2289 2439 2330 ἄνω

1406 2348 1465 2387 καὶ
1485 2347 1594 2387 κάτω.
1613 2347 1676 2398 —-)

1463 2421 1496 2448 7.
1527 2404 1637 2459 Ὑπὲρ
1657 2405 1692 2445 δὲ
1712 2408 1773 2453 τῆς
1801 2407 1912 2459 ψυχῆς
1938 2407 1972 2444 τί
1996 2406 2055 2446 καὶ
2083 2406 2240 2458 λέγοιμεν
2268 2407 2329 2456 ἄν;
2349 2408 2439 2455 δῆλα

1409 2466 1475 2519 γὰρ
1491 2469 1599 2505 ταῦτα
1617 2466 1655 2503 οὗ
1676 2465 1778 2515 μόνον
1799 2469 1869 2508 τοῖς
1890 2467 2134 2518 φιλοσοφοῦσιν
2149 2497 2160 2517 ,
2181 2465 2269 2504 ἀλλὰ
2291 2465 2332 2512 δὴ
2357 2481 2443 2518 σχε-

1409 2524 1464 2563 δὸν
1486 2523 1545 2564 καὶ
1564 2525 1632 2567 τοῖς
1650 2522 1800 2567 ἰδιώταις
1818 2522 1966 2562 ἅπασιν·
1989 2523 2042 2562 ὅτι
2061 2524 2213 2564 Πλάτων
2228 2523 2289 2575 μὲν
2311 2524 2441 2564 ἀθάνα-

1406 2597 1463 2621 τον
1483 2582 1546 2629 τὴν
1565 2581 1680 2635 ψυχὴν
1701 2581 1902 2630 ἀπολείπει,
1932 2581 1992 2621 καὶ
2025 2583 2174 2628 πολλοὺς
2203 2582 2289 2635 ὑπὲρ
2318 2582 2441 2624 τούτου

1408 2641 1525 2693 λόγους
1544 2646 1715 2690 ποιεῖται,
1735 2639 1899 2684 ποικίλως
1928 2639 1988 2679 καὶ
2018 2640 2188 2684 παντοίως
2212 2641 2415 2685 ἀποδεικνύς
2430 2671 2440 2690 ,

1407 2698 1459 2737 ὅτι
1478 2700 1568 2738 ἐστὶν
1590 2700 1754 2742 ἀθάνατος
1772 2702 1794 2745 ἡ
1816 2698 1927 2752 ψυχή.
1954 2699 2074 2745 Πολλὴ
2097 2699 2132 2737 δὲ
2148 2699 2207 2737 καὶ
2223 2697 2292 2743 τοῖς
2311 2699 2439 2738 έσπου-
2457 2705 2460 2708 ’

1407 2757 1528 2797 δακόσι
1541 2757 1620 2810 περὶ
1635 2756 1678 2795 τὰ
1701 2757 1888 2801 Πλάτωνος
1907 2759 1928 2803 ἡ
1960 2758 2138 2810 φιλοτιμία
2169 2757 2284 2810 γέγονε
2298 2786 2309 2806 ,
2331 2772 2440 2798 συνα-

1407 2815 1643 2869 γωνιζομένοις
1662 2818 1710 2868 τῷ
1728 2830 1764 2853 τε
1789 2814 1937 2867 δόγματι
1956 2814 2016 2853 καὶ
2035 2817 2084 2867 τῷ
2106 2814 2284 2854 Πλάτωνι.
2307 2812 2439 2869 Σχεδὸν

1407 2874 1475 2928 γὰρ
1495 2875 1533 2913 τὸ
1559 2874 1703 2927 συνέχον
1733 2874 1795 2921 τὴν
1829 2879 1944 2912 πᾶσαν
1965 2871 2095 2926 αἵρεσιν
2113 2873 2256 2926 τάνδρὸς
2276 2876 2372 2913 τοῦτ’
2400 2875 2438 2913 ἔ-

1409 2950 1496 2973 στιν.
1517 2933 1571 2973 ’Ἢ
1590 2948 1627 2972 τε
1646 2933 1713 2986 γὰρ
1730 2935 1797 2971 τῶν
1817 2935 1945 2980 ἠθικῶν
1968 2932 2149 2984 δογμάτων
2173 2931 2329 2977 ὑπόθεσις
2349 2935 2440 2980 ἐπη-

1407 2993 1594 3040 κολούθησε
1609 2995 1653 3045 τῇ
1670 2994 1730 3040 τῆς
1748 2995 1862 3045 ψυχῆς
1882 2992 2071 3045 ἀθανασίᾳ,
2099 2991 2139 3030 τὸ
2158 2991 2248 3044 μέγα
2267 2993 2327 3031 καὶ
2347 2994 2439 3044 λαμ-

1406 3139 1564 3172 sententia
1580 3138 1717 3180 tuenda,
1738 3138 1972 3171 assentatorum
1991 3137 2079 3170 illius
2103 3146 2278 3179 permagna
2302 3138 2365 3171 fuit
2378 3147 2438 3172 ve-

1405 3199 1601 3240 hemensque
1617 3199 1789 3232 contentio.
1812 3198 1938 3240 Quippe
1961 3198 2024 3231 hoc
2045 3207 2145 3240 prope
2162 3208 2265 3231 unum
2283 3200 2350 3239 est,
2374 3208 2440 3242 quo

1406 3256 1476 3297 ejus
1493 3255 1705 3299 philosophiae
1734 3255 1872 3289 formula
1901 3256 2043 3289 maxime
2068 3256 2261 3290 continetur.
2290 3259 2439 3301 Namque

1405 3314 1459 3346 illa
1476 3315 1647 3347 moralium
1668 3314 1919 3356 praeceptionum
1938 3314 2019 3347 silva
2037 3314 2136 3347 animi
2159 3314 2438 3350 immortalitatem

1405 3373 1516 3405 secuta
1531 3373 1688 3414 est‚quod
1704 3373 1892 3415 dignitatem
1902 3380 2007 3414 suam,
2019 3372 2222 3415 splendorem
2235 3374 2439 3418 adeoquege·

1404 3440 1554 3464 nerosum
1563 3432 1654 3465 illum
1663 3431 1810 3465 ardorem
1820 3430 2041 3474 impetumque
2051 3441 2148 3465 suum
2156 3432 2238 3466 tueri
2248 3442 2287 3466 ae
2295 3433 2437 3468 retinere

1404 3491 1507 3524 virtus
1520 3494 1652 3535 propter
1668 3492 1752 3525 hanc
1766 3492 1865 3526 animi
1880 3491 2082 3526 divinitatem
2100 3495 2210 3536 posset
2231 3502 2239 3522 ε
2257 3494 2437 3537 cunctaque
