2508 3776
273 188 354 227 478

274 273 315 312 ἂν
335 272 388 321 εἴη
412 272 470 310 δύο
489 271 638 320 κακιῶν,
665 263 714 309 ὧν
733 272 796 317 τῆς
823 268 886 321 μὲν
908 269 1213 321 ἐλαττωθήσεται,
1245 273 1307 320 τὴν

273 331 309 371 δὲ
341 330 547 382 ὅπερὸαλεῖ·
577 332 598 375 ἡ
633 327 696 378 μὲν
729 322 787 366 οῧν
824 327 978 380 ἀκρασίά
1007 331 1222 383 ὑπερὸάλλει
1247 332 1310 379 τὴν

271 389 496 443 ἐγκράτειαν,
517 392 538 435 ἡ
565 388 601 426 δὲ
623 388 832 427 ἐλλείπουσα
853 388 921 434 ἕξις
949 388 1139 439 ἀνώνυμος·
1170 391 1242 429 ἔστι
1275 390 1311 429 δὲ

270 448 347 488 καθ’
368 448 410 496 ἥν
434 463 521 491 τινες
538 446 684 493 ἥδονται
707 452 781 492 ταῖς
797 453 1017 497 σωματικαῖς
1042 450 1185 495 ἡδοναῖς
1206 449 1310 488 ἔλατ-

268 522 326 546 τον
347 511 406 545 τοῦ
426 506 571 550 δέοντος·
595 505 628 545 οἳ
646 507 706 545 καὶ
727 507 825 546 αὐτοὶ
844 512 904 547 τοῦ
924 509 1025 560 ὀρθοῦ
1041 508 1143 561 λόγου
1165 509 1312 561 διαμαρ-

265 567 441 606 τάνουσιν.
463 565 509 605 ‘O
529 565 591 616 μὲν
613 566 679 618 γὰρ
697 566 853 619 ἀκρατὴς
883 569 946 605 οὐκ
974 566 1118 616 ἐμμένει
1150 570 1202 620 τῷ
1218 568 1309 619 ὀρθῷ

265 626 377 678 λόγῳ,
398 624 455 663 διὰ
475 624 514 663 τὸ
535 626 687 674 μᾶλλον,
710 624 733 671 ἢ
754 624 947 678 προσήκει,
968 625 1107 677 χαίρειν
1127 631 1202 670 ταῖς
1223 628 1309 672 ἠδοξ-

264 690 359 733 ναῖς,
379 687 396 723 6
415 683 450 724 δὲ
468 685 640 724 ἐλλείπων
660 682 758 737 παρὰ
785 685 843 723 τὸν
863 683 962 737 ὀρθὸν
985 690 1076 723 ποιεῖ
1098 686 1199 737 λόγον
1217 716 1227 734 ,
1252 686 1310 724 διὰ

262 744 302 783 τὸ
319 745 483 791 ἔλαττον,
505 743 526 790 ἢ
548 745 623 794 δεῖ,
644 743 688 782 τὰ
711 744 796 791 ἡδέα
818 746 944 792 ζητεῖν·
959 747 978 783 ὁ
1000 743 1035 783 δὲ
1053 744 1228 797 ἐγκρατὴς
1245 747 1307 795 ἐμ-

264 803 358 853 μένει
378 805 426 854 τῷ
449 803 539 855 ὀρθῷ
561 802 679 856 λόγῳ,
714 803 774 842 καὶ
794 804 857 841 οὐκ
879 802 1061 848 ἐξίσταται
1081 805 1208 856 αὐτοῦ,
1231 804 1308 844 οὔτε

263 861 320 900 διὰ
343 861 472 914 μικρὰν
499 861 652 910 ἡδονήν,
683 861 761 901 οὔτε
797 861 853 901 διὰ
875 862 1049 913 μεγάλην
1084 862 1187 901 Ἐπεὶ
1221 863 1257 902 δὲ
1286 866 1308 911 ἡ

262 922 447 975 ἐγκράτεια
463 923 531 959 τῶν
553 922 745 960 ἐπαινετῶν
765 921 827 961 και
851 921 1051 962 σπουδαίων
1064 922 1231 974 ,ἀνάγκη
1248 923 1309 967 τὰς

260 982 348 1030 παρ’
371 980 520 1032 ἑκάτερα
548 978 633 1025 ἕξεις
653 981 789 1033 φαύλας
811 985 922 1031 εἰναι,
957 980 1018 1019 καὶ
1040 984 1083 1033 τῇ
1122 983 1307 1035 ἐγκρατεία

259 1039 436 1083 ἐναντίας·
461 1041 539 1079 ἀλλ’
562 1038 614 1078 δ’τι
647 1043 670 1088 ἡ
706 1041 915 1080 ἐλλείπουσα
947 1041 1014 1086 ἕξις
1042 1040 1219 1093 ἀνώνυμος
1246 1041 1307 1081 καὶ

258 1099 429 1152 ἐλάχιστα
449 1098 646 1149 συμὸαίνει·
668 1100 810 1139 σπάνιοι
842 1100 910 1152 γὰρ
941 1101 973 1139 οἱ
994 1094 1101 1147 ἧττον
1123 1105 1183 1140 τοῦ
1205 1100 1303 1140 δέον-

261 1173 317 1201 τος
349 1158 533 1211 χαίροντες
564 1163 640 1203 ταῖς
674 1164 892 1209 σωματικαῖς
923 1160 1075 1205 ἡδοναῖς·
1114 1158 1175 1198 διὰ
1205 1164 1306 1199 τοῦτο

259 1216 347 1266 μόνη
363 1220 386 1264 ἡ
409 1215 564 1268 ἀκρασία
586 1217 681 1256 δοκεῖ
702 1217 843 1256 ἐναντία
875 1211 982 1265 εἶναι,
1003 1216 1056 1255 ὅτι
1076 1219 1099 1264 ἡ
1126 1216 1303 1265 ἠλιθιότης

257 1274 414 1326 ὀλιγάκις
431 1275 644 1327 εὑρίσκεται.

312 1334 330 1351 *
353 1332 511 1387 Σώφρων
531 1333 573 1382 δὴ
601 1337 619 1372 6
650 1334 820 1387 ἐγκρατὴς
837 1334 1001 1386 λέγεται,
1021 1333 1082 1373 καὶ
1110 1335 1128 1372 ὁ
1147 1333 1305 1386 ἀκρατὴς

257 1393 475 1440 ἀκόλαστος,
496 1393 556 1431 καὶ
582 1393 622 1431 τὸ
651 1393 826 1432 ἀνάπαλιν
854 1395 932 1431 καθ’
954 1393 1159 1444 ὁμοιότητα·
1183 1394 1302 1432 πολλὰ

255 1451 326 1504 γὰρ
341 1451 556 1503 ὀνομάζομεν
580 1451 629 1489 ἑνὶ
646 1451 791 1501 ὀνόματι
814 1452 871 1489 διά
888 1466 966 1490 τινα
987 1451 1193 1502 ὁμοιότητα.
1227 1451 1301 1491 Καὶ

255 1508 324 1562 γὰρ
343 1509 424 1560 περὶ
445 1509 490 1547 τὰ
520 1508 610 1547 αὐτά
631 1510 725 1548 ἐστιν
755 1512 773 1548 6
798 1509 946 1562 σώφρων
976 1508 1038 1548 καὶ
1064 1512 1082 1548 6
1111 1510 1300 1563 ἐγκρατής,

255 1567 316 1606 καὶ
337 1568 436 1621 παρὰ
455 1567 512 1606 τὸν
535 1566 638 1619 λόγον
658 1566 755 1605 οὐδὲν
777 1571 939 1607 ποιοῦσιν
963 1567 1178 1622 ἀμφότεροι,
1199 1568 1303 1608 εἶκαὶ

255 1628 306 1679 τῷ
338 1627 491 1679 σώφρονι
518 1625 579 1677 μὲν
610 1626 646 1664 αἱ
674 1627 857 1678 ἐπιθυμίαι
887 1628 925 1665 οὐ
947 1628 1162 1679 πολεμοῦσι,
1183 1631 1233 1679 τῷ
1251 1630 1305 1680 ἐγ-

254 1688 375 1738 κρατεῖ
395 1684 431 1723 δὲ
463 1686 667 1735 πολεμοῦσι·
695 1685 756 1724 καὶ
778 1688 796 1724 6
818 1684 879 1736 μὲν
902 1685 1049 1739 σώφρων
1080 1685 1158 1725 οὐδὲ
1181 1686 1303 1734 ἥδεται

254 1744 350 1798 παρὰ
366 1744 423 1784 τὸν
439 1744 540 1797 λόγον
553 1775 563 1793 ,
576 1746 603 1782 '6
623 1743 659 1782 δὲ
683 1745 854 1798 ἐγκρατὴς
876 1744 1000 1793 ἥδεται
1025 1745 1088 1796 μέν
1102 1775 1113 1794 ,
1136 1747 1199 1785 οὐκ
1215 1746 1301 1798 ἄγε-

253 1819 312 1842 ται
346 1803 382 1841 δὲ
411 1802 478 1841 ὑπὸ
507 1805 576 1841 τῶν
608 1804 754 1849 ἡδονῶν·
787 1804 847 1843 καὶ
879 1807 897 1843 6
924 1805 1118 1850 ἀκόλαστος
1143 1804 1179 1843 δὲ
1207 1806 1266 1844 καὶ
1284 1808 1303 1844 6

255 1861 410 1916 ἀκρατὴς
441 1861 570 1914 ὁμοίως
598 1861 711 1912 ὅμοιοι
729 1867 745 1885 ⁸²
777 1863 840 1914 μέν
873 1864 964 1914 εἶσι,
988 1864 1065 1903 καθ’
1087 1864 1165 1903 ὅσον
1183 1863 1199 1888 ¹²
1232 1867 1301 1904 τῶν

254 1921 368 1959 αὖτῶν
401 1921 533 1968 ἡδονῶν
560 1923 747 1967 ἡττῶνται·
781 1920 986 1975 διαφέρουσι
1025 1921 1078 1970 δέ,
1102 1922 1154 1961 ὅτι
1186 1925 1204 1962 ὁ
1239 1923 1301 1975 μὲν

255 1979 449 2025 ἀκόλαστος
469 1979 580 2019 οἴεται
608 1980 677 2018 δεῖν
696 1979 833 2019 διώκειν
853 1980 915 2025 τὰς
932 1980 1060 2028 ἡδονάς
1071 2012 1082 2032 ,
1099 1983 1117 2020 6
1135 1982 1171 2021 δὲ
1191 1983 1301 2036 ἀκρα-

253 2038 316 2087 τὴς
337 2038 389 2078 οὔ.

308 2098 343 2115 **
362 2098 466 2138 Κατὰ
486 2098 544 2138 τὸν
566 2098 670 2138 αὖτὸν
686 2098 723 2138 δὲ
732 2099 859 2152 τρόπον
869 2099 1033 2145 καίτινας
1045 2101 1206 2154 ἀκρατεῖς
1222 2116 1301 2155 φρο-

254 2156 372 2206 νίμους
393 2157 601 2208 ὀνομάζουσι
622 2157 700 2196 καθ’
717 2157 907 2208 ὁμοιότητά
925 2173 1003 2197 τινα
1022 2158 1109 2212 πρὸς
1131 2158 1194 2206 τὴν
1217 2159 1301 2213 φρό-

253 2230 365 2263 νησιν·
389 2215 478 2261 τινὲς
504 2216 572 2269 γὰρ
592 2218 660 2254 τῶν
680 2218 843 2268 ἀκρατῶν
863 2216 966 2255 δεινοί
983 2218 1083 2255 εἰσιν·
1101 2219 1123 2264 ἡ
1141 2216 1177 2255 δὲ
1198 2217 1302 2257 δεινό-

251 2290 314 2322 της
345 2273 435 2313 ἔοικε
462 2277 506 2327 τῇ
529 2274 707 2328 φρονήσει·
745 2275 805 2313 καὶ
824 2274 892 2328 γὰρ
924 2277 955 2315 οἳ
976 2275 1079 2315 δεινοὶ
1109 2276 1201 2314 κατὰ
1236 2277 1298 2324 τὴν

253 2335 381 2385 γνῶσιν
403 2337 462 2372 τοῦ
484 2332 617 2377 δέοντος
637 2333 771 2372 ἐοίκασι
790 2339 860 2377 τοῖς
881 2333 1070 2388 φρονίμοις·
1089 2334 1166 2373 ἀλλ’
1181 2336 1213 2374 οἱ
1235 2335 1297 2385 μὲν

257 2391 467 2441 Ιγινώσκουσι
488 2391 593 2442 μόνον
610 2391 649 2430 τὸ
671 2391 767 2442 δέον,
789 2393 828 2430 οὐ
849 2397 1103 2446 προαιροῦνται
1125 2393 1162 2432 δὲ
1183 2393 1300 2446 πράτ-

256 2464 347 2497 τειν,
371 2449 447 2488 οὐδὲ
467 2450 690 2503 πράττουσιν·
714 2451 744 2489 οἳ
775 2450 810 2489 δὲ
833 2451 994 2505 φρόνιμοι
1014 2452 1243 2504 γινώσκοντες
1263 2453 1302 2492 τὸ

255 2507 329 2546 δέον
357 2507 418 2546 καὶ
449 2509 660 2562 πράττουσι·
697 2509 758 2548 καὶ
790 2509 848 2549 διὰ
873 2514 974 2550 τοῦτο
996 2514 1014 2550 6
1042 2512 1106 2563 μὲν
1138 2511 1302 2565 φρόνιμος

256 2568 441 2612 σπουδαῖός
463 2569 568 2607 ἐστιν·
603 2569 758 2623 ἀκρατὴς
778 2568 814 2609 δὲ
834 2569 931 2609 κᾶνῦ
962 2572 1069 2616 δεινὸς
1097 2575 1144 2624 ᾖ,
1175 2570 1303 2625 φαυλός

257 2628 329 2665 ἐστι
347 2628 406 2665 καὶ
425 2627 509 2681 ψεγε
513 2643 583 2669 ται

310 2684 363 2702 ***
386 2687 455 2724 Και
475 2687 538 2738 γὰρ
550 2687 579 2724 εἷ
598 2686 658 2725 καὶ
675 2686 838 2740 γινώσκει
857 2688 896 2727 τὸ
909 2688 998 2739 δέον,
1014 2690 1091 2728 ἀλλ’
1106 2688 1207 2741 οὗχ“’
1183 2704 1300 2742 ωσπερ

256 2746 274 2782 6
312 2743 474 2798 φρόνιμος
508 2746 661 2799 ἐνεργεία
693 2750 830 2797 θεωρῶν
857 2748 915 2786 καὶ
947 2749 1127 2802 χρώμενος
1149 2752 1192 2800 τῇ
1224 2749 1296 2786 ἐπι-

248 2803 401 2855 στήμῃ,
431 2803 520 2842 ἀλλὰ
546 2805 703 2858 καθάπερ
735 2805 890 2858 εἴρηται,
915 2809 961 2852 ὡς
989 2810 1007 2846 6
1037 2807 1213 2847 καθεύδων
1240 2806 1301 2846 καὶ

258 2861 456 2912 οἷνωμὲνος.
476 2863 543 2902 Διὰ
560 2863 690 2911 ταύτην
707 2864 747 2911 δὴ
761 2864 849 2911 τὴν
837 2866 1027 2940 ομοιότητα
1041 2870 1059 2905 6
1072 2867 1214 2911 δεινὸς’
1195 2882 1303 2921 ακρα-

258 2920 320 2967 τὴς
351 2920 514 2974 φρόνιμος
546 2922 774 2973 ὀνομάζεται,
809 2925 868 2962 καὶ
905 2926 994 2964 ἔοικε
1023 2926 1191 2979 φρονίμῳ·
1225 2925 1301 2965 ἐπεὶ

257 2978 317 3017 καὶ
352 2982 370 3017 ὃ
404 2978 523 3022 ἁπλως
556 2980 721 3055 ἀκρατὴνῆς
745 2983 784 3019 οὗ
818 2985 966 3036 πονηρὸς
999 2984 1185 3032 καθάπαξ,
1223 2984 1301 3023 ἀλλ’

257 3036 470 3090 ἡμιπόνηρός
489 3052 551 3083 τις·
575 3039 652 3078 οὐδὲ
680 3041 811 3085 ἄδικος·
848 3044 887 3080 οὐ
907 3042 974 3095 γὰρ
1002 3043 1197 3087 ἐπίὸουλος
1224 3043 1299 3083 ἐπεὶ

257 3095 324 3149 γὰρ
340 3094 429 3135 ἑκὼν
451 3102 542 3135 ποιεῖ
566 3097 609 3136 τὰ
626 3101 764 3152 φαῦλα,
797 3099 856 3138 καὶ
883 3101 980 3144 εἰδὼς
1001 3118 1052 3140 οτι
1075 3104 1219 3155 φαῦλα,
1241 3103 1301 3141 καὶ

258 3154 311 3193 ὅτι
329 3156 377 3199 εἷς
406 3157 537 3209 φαυλον
564 3156 704 3210 φέρουσι
727 3159 845 3207 τέλος,
868 3157 970 3208 καὶ
949 3175 1001 3198 οτι
1032 3161 1084 3198 δεῖ
1109 3161 1152 3199 τα
1175 3160 1301 3212 βελτίω

259 3218 367 3252 ποιεῖν
380 3242 390 3261 ,
412 3214 504 3253 κατά
524 3230 557 3254 τι
576 3214 638 3265 μὲν
656 3215 823 3292 πονηρός,
853 3217 944 3255 κατά
967 3234 1000 3256 τι
1020 3217 1054 3256 δὲ
1075 3219 1112 3256 οὖ
1139 3219 1299 3271 πονηρός·

259 3273 281 3317 ἡ
300 3270 362 3321 μὲν
400 3271 467 3324 γὰρ
487 3272 609 3326 πρᾶξις
625 3275 780 3326 πονηρά,
802 3278 824 3322 ἡ
849 3274 884 3312 δὲ
906 3275 1015 3327 κρίσις
1030 3277 1200 3324 ἐπιεικής·
1220 3281 1241 3324 ἡ
1264 3277 1300 3316 δὲ

1096 182 1376 226 ANDRONICI
1404 185 1584 227 RHODlI

1374 280 1464 322 patet
1492 279 1634 312 duorum
1660 278 1818 312 vitiorum
1844 281 1992 316 medium
2016 292 2107 323 esse,
2139 293 2283 328 quorum
2310 285 2416 319 altero
2456 280 2476 292 '¹

1374 333 1594 375 superabitur,
1617 334 1759 367 alterum
1775 336 1943 378 superabit
1962 348 1970 370 ι
2001 337 2236 373 incontinentia
2259 349 2336 382 ergo
2357 349 2416 374 su-

1375 391 1464 430 perat
1490 389 1741 429 continentiam,
1769 390 1828 433 qui
1856 401 1933 425 vero
1960 391 2098 427 inferior
2116 397 2167 428 est
2188 395 2326 428 habitus
2351 404 2414 429 no-

1372 445 1460 479 mine
1481 449 1577 480 vacat
1602 447 1659 480 :is
1687 450 1801 480 autem
1831 450 1898 489 est,
1930 458 1998 492 quo
2028 450 2137 485 minus
2155 461 2256 495 quam
2285 453 2416 494 oportet
2467 451 2472 456 ’

1371 501 1517 543 corporis
1543 502 1772 546 voluptatibus
1797 504 1947 538 homines
1969 506 2118 540 serviunt
2143 520 2152 541 ε
2180 508 2289 551 quiet
2311 508 2375 552 ipsi
2395 515 2416 540 a

1371 561 1462 591 recta
1480 559 1606 593 ratione
1623 560 1787 594 aberrant.
1811 562 2019 596 incontinens
2031 563 2119 596 enim
2133 563 2167 597 in
2181 567 2272 599 recta
2289 565 2416 600 ratione

1372 624 1436 648 non
1458 619 1645 658 permanet,
1666 618 1744 660 quia
1758 619 1862 662 magis
1877 629 1979 662 quam
1995 620 2089 654 decet
2110 621 2337 664 voluptatibus
2351 622 2414 658 de-

1371 670 1522 711 lectatur,
1553 672 1710 715 quivero
1741 674 1868 714 delicit,
1897 677 2020 718 praeter
2048 678 2175 710 rectam
2192 676 2354 712 rationem
2379 678 2416 720 et

1370 727 1440 769 ipse
1457 726 1549 768 facit,
1583 730 1739 772 quoniam
1762 731 1872 764 minus
1896 741 1998 774 quam
2024 734 2154 774 oportet
2181 722 2338 777 sequitui·
2353 733 2413 776 ju-

1370 784 1478 817 cunda
1493 795 1501 814 :
1517 785 1687 819 continens
1699 789 1811 820 autem
1827 788 1861 820 in
1876 791 1965 821 reeta
1979 788 2104 821 ratione
2122 789 2285 832 persistit,
2306 797 2416 834 neque

1369 840 1412 873 ab
1432 850 1470 874 ea
1499 844 1557 874 aut
1584 845 1718 885 propter
1736 853 1872 886 parvam
1894 845 2098 887 voluptatem
2113 847 2172 878 aut
2190 847 2326 889 propter
2341 853 2416 880 ma-

1368 905 1466 938 gnam
1480 896 1631 931 discedit.

1410 953 1522 988 Quum
1550 961 1629 984 vero
1657 953 1858 986 continentia
1883 956 1916 986 et
1942 954 2107 994 laudanda
2136 956 2170 988 et
2187 954 2326 988 honesta
2347 953 2410 993 sit.

1368 1013 1500 1037 necesse
1517 1008 1568 1038 est
1587 1015 1642 1039 eos
1671 1007 1730 1048 qui
1758 1007 1914 1052 utrinque
1951 1011 2029 1041 sunt
2058 1009 2214 1048 habitus,
2245 1007 2414 1052 improbos

1368 1067 1440 1091 esse
1453 1061 1486 1091 et
1511 1068 1588 1091 cum
1611 1060 1811 1093 continentia
1838 1070 1983 1103 pugnare
2000 1072 2008 1094 ε
2030 1062 2088 1095 sed
2106 1062 2186 1105 quia
2199 1061 2334 1096 inferior
2347 1061 2413 1095 ha-

1369 1110 1459 1143 bitus
1477 1112 1607 1145 nomine
1631 1116 1728 1145 vacat
1744 1123 1885 1156 raroque
1910 1123 1974 1147 usu
1998 1115 2091 1148 venit
2113 1124 2121 1144 ε
2144 1115 2212 1148 rari
2231 1115 2414 1149 enim‘sunt

1366 1164 1425 1206 qui
1438 1164 1547 1197 minus
1568 1174 1669 1207 quam
1685 1168 1815 1208 oportet
1830 1167 1977 1208 corporis
1993 1167 2224 1209 voluptatibus
2239 1167 2388 1202 serviunt
2402 1180 2410 1200 z

1366 1215 1487 1248 idcirco
1510 1216 1579 1248 sola
1603 1217 1769 1249 contraria
1803 1217 1937 1250 videtur
1962 1227 2037 1252 esse
2063 1218 2314 1259 incontinentia,
2337 1227 2412 1262 pro·

1365 1272 1477 1311 pterea
1493 1268 1583 1311 quod
1602 1278 1676 1301 raro
1697 1269 1861 1312 reperitur
1882 1270 2036 1304 stultitia.

1405 1329 1604 1370 Temperans
1619 1330 1732 1361 autem
1748 1329 1849 1362 etiam
1870 1329 1930 1372 qui
1947 1330 2118 1364 continens
2143 1332 2194 1364 est
2206 1357 2214 1371 ,
2233 1332 2268 1365 et
2285 1330 2412 1366 intem·
2438 1320 2439 1323 Ἴ

1366 1395 1483 1429 perans
1508 1386 1568 1429 qui
1594 1389 1645 1420 est
1663 1387 1883 1426 incontinens,
1903 1387 1983 1421 item
2010 1390 2126 1421 contra
2151 1397 2170 1422 e
2192 1387 2411 1423 similitudIne

1365 1445 1515 1478 dicitur:
1541 1446 1664 1489 quippe
1691 1447 1798 1479 multa
1813 1447 1856 1479 ob
1877 1447 2130 1480 similitudinem
2157 1447 2328 1491 quandam
2351 1457 2410 1495 eof-

1364 1504 1440 1538 dem
1461 1505 1592 1538 nomine
1608 1504 1825 1547 appellantur.
1842 1504 1973 1538 Etenim
1991 1505 2026 1538 in
2041 1505 2159 1540 iisdem
2173 1507 2208 1540 et
2225 1507 2413 1549 temperans

1364 1565 1517 1596 versatur
1536 1565 1569 1597 et
1585 1564 1774 1602 continens,
1790 1572 1899 1606 neque
1915 1565 2037 1606 praeter
2048 1564 2209 1598 rationem
2225 1564 2412 1609 quidquam

1364 1624 1461 1657 ambo
1483 1623 1626 1663 faciunt,
1658 1623 1812 1666 quamvis
1836 1623 2035 1666 temperanti
2051 1623 2188 1667 quidem
2204 1633 2270 1657 non
2289 1623 2410 1658 adver-

1364 1685 1487 1722 sentur,
1503 1683 1683 1716 continenti
1700 1692 1778 1716 vero
1800 1682 2017 1716 adversentur
2036 1683 2237 1726 cupiditates
2256 1692 2326 1717 sum
2345 1693 2353 1714 ε
2375 1685 2410 1717 et

1363 1745 1484 1786 praeter
1522 1742 1684 1776 rationem
1716 1742 1853 1785 quidem
1888 1752 1954 1775 non
1982 1742 2169 1776 delectatur
2204 1744 2406 1786 temperans,

1362 1801 1534 1834 continens
1552 1803 1665 1834 autem
1686 1800 1890 1840 delectatur,
1913 1800 1971 1834 sed
2002 1810 2067 1833 non
2085 1800 2234 1834 trahitur
2252 1801 2409 1844 volupta-

1362 1861 1453 1893 tibus
1477 1872 1485 1893 :
1506 1860 1690 1902 eodemque
1711 1859 1809 1892 modo
1821 1884 1830 1900 ,
1855 1860 2023 1901 quatenus
2046 1857 2166 1892 iisdem
2180 1859 2410 1903 voluptatibus

1363 1923 1573 1965 superantur,
1595 1921 1719 1954 similes
1736 1921 1823 1953 inter
1850 1929 1886 1953 se
1901 1922 1979 1953 sunt
2000 1919 2225 1963 intemperans
2245 1922 2280 1954 et
2294 1920 2408 1956 incon-

1363 1981 1472 2014 tinens
1495 1992 1502 2013 :
1522 1982 1585 2014 hoc
1603 1983 1715 2013 tamen
1733 1978 1895 2012 differunt
1907 2006 1915 2018 ,
1940 1978 2031 2022 quod
2045 1979 2204 2022 petendas
2221 1988 2294 2014 esse
2317 1980 2410 2013 volu-

1363 2043 1474 2083 ptates
1486 2042 1583 2082 putat
1603 2039 1843 2082 intemperans,
1857 2047 1922 2071 non
1938 2039 2035 2080 putat
2048 2037 2262 2071 incontinens,

1405 2100 1470 2133 Sed
1491 2099 1607 2133 eadem
1625 2099 1753 2132 ratione
1778 2108 1797 2131 a
1815 2097 2000 2140 prudentiae
2021 2097 2168 2140 quadam
2190 2095 2408 2131 similitudine

1363 2159 1603 2192 incontinentes
1612 2158 1741 2200 aliquos
1749 2156 1929 2200 prudentes
1935 2156 2147 2189 denominant
2156 2167 2163 2188 :
2179 2155 2318 2199 quidam
2323 2153 2415 2190 enim'

1363 2217 1603 2251 incontinentes
1631 2218 1708 2250 sunt
1723 2216 1875 2249 sollertes
1899 2228 1907 2248 ι
1931 2215 2082 2248 sollertia·
2092 2217 2204 2249 autem
2226 2214 2344 2248 similis
2359 2215 2410 2248 est

1363 2276 1548 2319 prudentiae
1564 2289 1571 2308 ε
1586 2276 1742 2309 nimirum
1753 2275 1903 2313 sollertes
1922 2274 2106 2317 cognitione
2118 2274 2191 2317 eius
2207 2273 2298 2317 quod
2315 2273 2410 2307 decet

1363 2335 1583 2377 prudentibus
1602 2334 1726 2368 similes
1740 2335 1818 2366 sunt
1838 2344 1845 2363 :
1863 2335 1897 2366 at
1912 2333 1962 2365 illi
1982 2332 2017 2365 id
2033 2332 2124 2376 quod
2141 2332 2235 2366 decet
2247 2333 2420 2366 noverunt..

1363 2395 1512 2435 tantum,
1537 2392 1596 2426 sed
1613 2392 1647 2425 id
1672 2401 1780 2434 neque
1810 2400 1906 2433 agere
1938 2392 2108 2431 statuunt,
2139 2398 2247 2432 neque
2274 2391 2377 2431 agunt
2397 2402 2406 2422 ι

1363 2455 1477 2486 contra
1506 2451 1686 2495 prudentes
1715 2451 1750 2484 id
1783 2450 1873 2493 quod
1904 2450 2000 2483 decet
2031 2451 2106 2483 tum
2133 2450 2296 2482 noverunt
2334 2450 2409 2481 tum

1363 2516 1465 2557 agunt
1498 2528 1506 2548 :
1527 2513 1668 2556 ideoque
1697 2511 1843 2555 prudens
1864 2510 1917 2543 vir
1945 2509 2052 2543 bonus
2081 2511 2132 2543 est
2163 2523 2172 2543 ι
2204 2508 2410 2558 incontinens

1363 2582 1462 2612 ver0,
1481 2572 1611 2606 etiamsi
1630 2571 1674 2605 sit
1700 2570 1832 2609 sollers,
1850 2569 2021 2612 improbus
2042 2571 2155 2602 tamen
2177 2570 2228 2602 est
2243 2571 2278 2603 et
2295 2577 2409 2612 repre-

1364 2632 1531 2666 henditur.
2194 2669 2198 2671 Δ

1405 2690 1537 2725 Etenim
1556 2690 1710 2733 quamvis
1728 2691 1816 2724 norit
1841 2691 1876 2725 id
1903 2691 1994 2734 quod
2017 2691 2132 2731 decet,
2149 2692 2260 2725 tamen
2285 2699 2350 2724 non
2369 2692 2408 2723 ut

1363 2744 1510 2788 prudens
1520 2743 1830 2786 contemplationem
1848 2754 1943 2778 suam
1958 2744 2001 2778 ad
2023 2744 2185 2777 actionem
2197 2743 2360 2776 convertit
2374 2744 2408 2775 et

1365 2799 1500 2831 scientia
1521 2798 1639 2838 utitur,
1671 2797 1730 2830 sed
1752 2797 2034 2840 quemadmodum
2062 2796 2192 2829 dictum
2223 2797 2275 2828 est
2290 2819 2300 2836 ,
2334 2794 2408 2828 dor-

1364 2851 1497 2885 mientis
1522 2852 1556 2883 et
1578 2851 1655 2884 vino
1667 2850 1794 2883 onerati
1813 2850 1917 2883 instar
1937 2850 2048 2883 habet.
2065 2849 2118 2883 Ob
2133 2849 2219 2882 hanc
2234 2848 2337 2890 igitur
2358 2847 2406 2880 si-

1363 2904 1587 2938 militudinem
1616 2904 1823 2936 incontinens
1850 2903 1909 2946 qui
1929 2903 2029 2936 simul
2054 2904 2088 2936 et
2104 2902 2220 2936 sollers
2246 2905 2314 2942 est,
2334 2905 2407 2936 tum

1363 2958 1507 3001 prudens
1519 2957 1652 2995 dicitur,
1665 2959 1737 2989 tum
1748 2955 1919 2998 prudentis
1932 2955 2183 2988 similitudinem
2197 2955 2406 2998 speciemque

1365 3011 1448 3054 gerit
1470 3023 1477 3043 ε
1495 3010 1659 3053 siquidem
1689 3012 1722 3043 et
1737 3010 1793 3042 ille
1816 3009 1875 3051 qui
1896 3008 2088 3051 simpliciter
2113 3007 2318 3041 incontinens
2333 3010 2403 3048 est,

1365 3075 1430 3098 non
1453 3068 1627 3107 propterea
1647 3064 1779 3096 omnino
1802 3062 1974 3105 improbus
2000 3062 2151 3100 habetur,
2177 3060 2237 3095 sed
2268 3061 2405 3095 dimidia

1365 3120 1495 3151 tantum
1520 3126 1561 3150 ex
1583 3118 1677 3158 parte
1694 3115 1819 3156 malus3
1847 3124 1955 3157 neque
1971 3116 2023 3147 est
2041 3114 2185 3156 injustus
2202 3125 2211 3146 ε
2229 3122 2294 3146 non
2313 3113 2403 3147 enim

1363 3169 1539 3203 insidiosus
1561 3171 1611 3202 est
1629 3182 1636 3202 :
1654 3168 1787 3211 quando
1812 3168 1899 3202 enim
1919 3169 2035 3210 sponte
2053 3167 2141 3200 mala
2157 3165 2304 3200 facinora
2318 3175 2405 3200 com-

1363 3221 1486 3261 mittit,
1505 3220 1611 3254 sciens
1624 3220 1712 3253 mala
1724 3229 1794 3253 esse
1810 3221 1843 3252 et
1859 3219 1901 3252 ad
1915 3219 2040 3252 malum
2058 3218 2155 3252 finem
2169 3217 2315 3258 tendere,
2335 3216 2403 3251 mi-

1363 3273 1517 3315 nimeque
1535 3273 1687 3315 ignorans
1703 3272 1760 3304 illa
1776 3280 1852 3313 quae
1863 3271 1999 3304 meliora
2015 3273 2093 3303 sunt
2112 3279 2183 3303 esse
2198 3269 2323 3312 agenda
2333 3295 2342 3309 ,
2360 3279 2402 3303 ex

303 3393 319 3409 *
338 3371 340 3374 Ι
348 3391 439 3426 Επεὶ
462 3393 584 3427 δὲκαθ’
610 3394 787 3435 ὁμοιότητα
803 3395 906 3427 πολλὰ
926 3395 1065 3437 λέγεται,
1086 3397 1155 3428 κτλ
1175 3416 1207 3420 —-
1236 3397 1272 3414 *³*
1295 3397 1373 3438 Cap.
1393 3400 1440 3429 10.
1459 3398 1537 3430 Οὐδ’
1555 3398 1622 3438 ἅμα
1645 3397 1798 3440 φρόνιμον
1818 3396 1872 3428 καὶ
1886 3396 2011 3439 ἀκρατῆ
2033 3396 2103 3428 κτλ.
2122 3410 2160 3418 ——
2186 3395 2243 3414 ⁴¹⁸*
2260 3394 2342 3427 Οὐδὲ
2361 3395 2400 3432 δὴ

260 3442 303 3476 ὡς
322 3438 340 3470 ὁ
363 3441 453 3478 εἰδὼς
470 3440 687 3485 καὶθεωρῶν,
706 3443 773 3475 κτλ.
