2528 3788
108 314 142 369 *A
177 335 269 386 ’λης-ν
325 331 415 370 ημα.
474 318 519 358 Εἰ
551 317 620 372 γὰρ
650 321 669 360 8
689 317 899 373 δημιουργὸς
921 318 1021 364 ὁτης
1054 316 1220 369 γενέσεώς

119 387 144 430 ’,η’
231 391 270 415 ν
286 374 434 429 ἀγαθός,
453 370 477 426 ἦ
499 393 567 417 που
589 377 691 417 ἔσται
714 377 775 417 καὶ
793 379 812 416 8
832 393 894 426 της
907 374 1027 420 ουσίας
1047 376 1219 429 δημιουρ-

111 442 134 471 ι’”
249 434 487 487 αὖτοάγαθον,
508 436 688 491 σύμφυτον
708 440 751 488 τῇ
773 435 887 490 οὐσία.
946 434 992 475 ‘O
1008 433 1075 488 γὰρ
1095 433 1215 474 δεύτε-

213 510 218 538 2
268 493 381 540 διττος
398 494 446 534 ὢν
467 495 593 547 αὐτός,
611 498 707 536 ποιεῖ
735 494 799 544 τήν
825 510 863 535 τε
883 493 978 534 ἰδέαν
999 495 1123 534 ἑαυτοῦ
1160 493 1219 532 καὶ

115 554 158 603 ”’,’
174 579 205 607 37-
243 553 398 605 κόσμον,
420 555 630 609 δημιουργὸς
656 553 719 594 ὤν·
747 554 869 595 ἔπειτα
887 552 1094 608 θεωρητικὸς
1111 552 1215 598 ὅλως.

146 615 158 662 ἦ
317 636 325 647 ι
355 613 505 668 ισμίνων
522 615 552 654 δ’
573 617 672 666 ἡμῶν
687 613 842 667 ὀνόματα
861 613 1037 666 τεττάρων
1053 613 1221 667 πραγμά-

234 703 263 728 9
291 672 444 728 τέτταρα
476 673 567 714 ἔστω
591 679 720 715 ταῦτα·
739 677 758 714 8
778 672 841 726 μὲν
873 673 1010 725 πρῶτος
1039 671 1130 720 θεός,
1152 672 1220 710 αὖ-

118 782 120 786 ,
212 787 214 790 .
257 734 356 775 α·θον
382 735 401 772 8
424 733 460 773 δὲ
481 732 604 774 τούτου
625 748 784 786 μιμητης
797 762 808 780 ,
833 730 1042 785 δημιουργὸς
1063 731 1215 784 ἀγαθός·

120 783 222 850 'r
205 816 226 846 ν·
262 783 388 840 nicta,
417 793 482 840 μία
510 791 572 844 μὲν
602 795 704 841 ἡτοῦ
734 790 900 844 πρώτου,
923 790 1026 844 ἑτέρα
1054 790 1090 829 δὲ
1117 793 1218 839 ἡτοῦ

99 843 208 915 ff}
226 850 342 907 τᾶρου·
361 846 403 901 ἧς
422 851 570 906 μίμημα
591 853 611 891 8
629 850 735 896 καλὸς
752 850 905 903 κόσμος,
927 849 1220 902 κεκαλλωπισμέ-

116 911 230 979 νῃς
238 910 410 965 μετουσίᾳ
425 914 486 952 τοῦ
499 913 622 951 καλοῦ.
679 910 752 955 Καὶ
772 912 806 950 ἐν
821 913 871 966 τῷ
887 909 979 964 ἕκτιι
994 910 1061 949 δὲ
1050 909 1216 963 ἐπιλέγει·

98 995 126 1025 ,γ
159 972 177 978 ι’
195 969 310 1027 ftklnt
323 971 360 1011 δε
381 971 489 1010 αὗτοῦ
498 970 553 1011 τὰ
576 969 793 1024 μετέχοντα,
810 950 904 1009 xoe'l’
889 986 924 1010 εν
943 969 1042 1024 ἄλλῳ
1065 968 1128 1021 μὲν
1150 971 1213 1008 οὗ-

90 1026 169 1085 ‘54
189 1015 280 1085 ἶ,
278 1031 314 1070 ἐν
330 1029 367 1071 δὲ
388 1030 484 1085 μόνῳ
502 1033 554 1085 τῷ
571 1033 719 1086 φρονεῖν·
741 1030 852 1084 ταύτῃ
873 1029 942 1083 ἄρα
959 1029 1020 1069 καὶ
1040 1033 1104 1079 τῆς
1124 1031 1216 1082 ἀγα-

92 1086 450 1158 sustenementum
462 1089 604 1131 ὀνίναιτ’
627 1090 690 1139 ἄν,
709 1089 822 1135 ἄλλως
837 1090 868 1128 δ’
890 1089 941 1130 οὔ.
1000 1090 1073 1130 Καὶ
1094 1088 1216 1142 μὲνδὴ

124 1132 209 1204 ab
239 1149 375 1206 φρονεῖν
404 1153 507 1190 τοῦτο
539 1149 686 1195 δεόντως
708 1156 725 1174 ⁸
763 1149 1000 1204 συντετύχηκε
1034 1149 1129 1224 μόνῳ
1166 1166 1217 1189 τι)

131 1208 310 1265 πρώτω·
332 1209 392 1264 ὕφ’
410 1204 510 1250 οὗ
469 1225 528 1250 ουν
548 1209 593 1249 τὰ
608 1209 738 1249 ἄλλα’
718 1209 971 1264 αποχραίνεται
984 1209 1044 1249 καὶ
1065 1213 1215 1260 ἀγαθοῦ-

27 1242 30 1259 Ι

26 1278 32 1334 ξ
83 1303 86 1316 2
160 1285 251 1322 ται,
270 1269 330 1311 ἐὰν
348 1273 450 1310 τοῦτο
477 1267 600 1324 ἐκείνῳ
621 1267 725 1322 μόνον
745 1269 843 1324 μόνω
868 1283 1005 1323 προσῃ,
1026 1267 1089 1307 ἀὸε
1077 1267 1217 1322 τλτέρας

29 810 37 866 3

168 1327 212 1378 ἂν
231 1326 289 1378 εἴη
305 1329 422 1384 ψυχης
435 1327 487 1368 ἔτι
509 1308 727 1382 ἀμφιλογεῖν.
787 1330 830 1368 E’
802 1325 915 1381 ιγὰρ
937 1328 1098 1381 ἀγαθός
1083 1343 1177 1367 εστιν
1200 1330 1216 1367 8

166 1386 325 1444 δεύτερος
349 1389 389 1429 οὔ
410 1387 495 1443 παρ’
533 1389 678 1436 ἑαυτοῦ,
697 1386 796 1441 παρὰ
826 1386 862 1427 δὲ
882 1391 942 1427 τοῦ
962 1386 1120 1440 πρώτου,
1141 1389 1217 1432 πῶς

162 1431 240 1496 ἐόν
257 1463 297 1488 τε
393 1441 432 1487 οὗ
450 1449 513 1496 τῆς
531 1446 748 1500 μετουσίαςῧ
767 1446 840 1486 ἐστὶ
842 1463 859 1485 ν
880 1451 978 1492 οὗτος
993 1445 1142 1501 ἀγαθός,
1165 1447 1215 1498 μὴ

167 1504 296 1561 ἇγαθὸν
315 1445 468 1557 Jvmst'
445 1506 562 1555 ἄλλως
593 1523 630 1546 τε
662 1506 730 1546 κᾶν
758 1506 849 1560 τύχῃ
880 1507 987 1547 αὑτοῦ
1007 1508 1054 1552 ὥς
1084 1509 1216 1558 ἀγαθοῦ

163 1565 380 1620 μεταλαχὼν
399 1568 418 1606 8
434 1565 616 1620 δεύτερος·
607 1596 618 1615 ,
637 1565 745 1606 Οὕτω
761 1582 815 1606 τοι
834 1569 852 1605 8
872 1565 1058 1608 Πλάτων’
1042 1583 1082 1606 εκ
1095 1567 1218 1606 συλλο-

136 1629 296 1682 gwy-off
309 1627 358 1680 τῷ
377 1624 436 1672 ὀξὺ
458 1625 663 1679 βλέποντι’
644 1641 711 1664 απε
704 1625 806 1664 ’δωκε
832 1625 872 1664 τὸ
903 1624 1034 1679 ἀγαθὸν
1049 1624 1135 1664 ὅτι’
1119 1625 1214 1665 εστὶν

97 1683 216 1744 ἡ.
273 1685 348 1727 Καὶ
378 1684 485 1725 πάλιν
520 1683 597 1732 ἐξης
627 1700 724 1738 φησι·
755 1687 870 1723 ταῦτα
897 1682 933 1724 δὲ
953 1684 1062 1729 ουτως
1087 1685 1212 1738 ἔχοντα

86 1784 132 1815 l
97 1735 232 1803 η’,ᾔδῃ
250 1743 326 1786 ἐστὶ
345 1744 409 1797 μὲν
425 1746 442 1784 8
459 1744 645 1787 Πλάτωνῦ
658 1745 748 1798 ἄλλῃ
768 1745 829 1783 καὶ
848 1744 939 1797 ἄλλῃ
953 1743 1123 1798 χωρίσας·
1145 1743 1216 1783 ἰδία

96 1785 228 1887 ,γ’μίν
252 1803 328 1859 γὰρ
350 1803 410 1845 τὸν
439 1804 604 1845 κυκλικον
639 1803 741 1857 λόγον
770 1805 787 1828 ‘²
819 1804 876 1844 ἐπὶ
911 1809 970 1844 τοῦ
1003 1806 1216 1857 δημιουργοῦ

101 1871 219 1978 ’Ξῆι
234 1919 335 1955 emt.
379 1919 507 1953 Revera
522 1918 611 1952 enim
639 1927 704 1952 non
728 1917 832 1957 sacili
864 1918 923 1951 sed
949 1927 1084 1960 prorsus
1106 1917 1217 1951 divina

102 1956 240 2038 bui
256 1977 473 2021 investigandi
486 1978 540 2012 via
555 1979 589 2012 et
606 1979 732 2012 ratione
746 1987 830 2021 opus
844 1979 905 2011 est.
951 1979 1024 2017 Quo
1042 1977 1074 2010 in
1097 1985 1217 2020 genere

111 2007 324 2098 chnum
345 2038 458 2080 fuerit,
472 2038 625 2073 omnibus
649 2038 689 2072 iis
706 2047 782 2081 quae
797 2038 860 2072 sub
879 2047 996 2072 sensus
1017 2038 1140 2071 cadunt
1156 2046 1215 2071 nc-

86 2112 95 2119 *-
95 2075 294 2157 ςέδῖοῑὶι,
319 2096 354 2130 in
374 2098 464 2131 artes
489 2097 742 2131 mathematicas
773 2097 985 2132 vehementer
1005 2096 1216 2136 incumbere,

150 2138 263 2202 ⁵21un
277 2153 335 2188 ubi
352 2162 564 2189 numerorum
587 2155 731 2189 rationes
755 2155 956 2199 inspexeris,
980 2157 1052 2189 tum
1081 2156 1215 2189 demum

162 2206 316 2248 instituta
336 2214 542 2256 quaestione,
567 2214 647 2258 quid
678 2215 722 2248 sit
747 2225 871 2255 unum,
900 2215 1073 2257 diligenter
1094 2224 1215 2258 cogno-

93 2295 130 2319 ·.
163 2282 268 2308 scere.
313 2274 394 2308 Haec
422 2273 455 2307 in
474 2273 580 2318 primo
597 2274 788 2308 Numenius.
834 2275 926 2309 Idem
959 2275 992 2308 iu
1025 2274 1140 2318 quinto
1171 2275 1216 2308 ili

5 2371 7 2379 ν
88 2325 121 2377 ζ
159 2322 302 2368 nubit:
319 2332 349 2368 si
373 2335 444 2367 tam
461 2333 626 2375 essentia;
653 2343 755 2376 quam
784 2334 858 2368 idea
899 2334 1101 2377 intelligibile
1116 2334 1215 2378 quid·

28 2399 32 2406 '
97 2390 118 2437 3³,
142 2376 321 2436 ‘'imm,
343 2395 379 2427 et
406 2393 435 2427 si
463 2395 604 2436 utraque
622 2393 860 2437 antiquiorem,
887 2394 989 2427 immo
1017 2395 1052 2428 et
1079 2403 1214 2428 causam

140 2438 334 2503 [meque
359 2455 506 2487 mentem
524 2461 599 2487 esse
619 2452 828 2493 confitemur,
854 2463 927 2488 eam
946 2454 1097 2498 profecto
1113 2454 1216 2487 solam

82 2503 114 2554 ‚²⁷
151 2503 285 2550 “flium
303 2521 376 2547 esse
394 2512 618 2556 intelligimus.
662 2514 746 2546 Nam
774 2513 802 2547 si
831 2513 940 2557 opifex
969 2513 1055 2547 deus
1084 2523 1216 2556 genera·

127 2614 129 2616 ᾖ
157 2571 262 2611 ,timis
274 2571 474 2616 principium
483 2573 560 2613 est,
576 2572 699 2606 bonum
722 2572 832 2616 ipsum
859 2573 928 2606 sine
948 2573 1049 2607 dubio
1064 2575 1215 2607 essentiae

91 2681 93 2683 ι
151 2625 356 2696 ‘principlmu
380 2632 456 2669 erit.
500 2633 678 2667 Enimvero
697 2634 736 2667 ut
767 2633 879 2676 opifex
902 2634 957 2667 ille
977 2634 1060 2668 deus
1084 2634 1123 2667 ad
1150 2635 1214 2668 bo-

28 2694 32 2698 '
93 2685 119 2723 ⁷²!
152 2702 252 2736 um,
269 2694 364 2738 cujus
383 2693 558 2728 oemulntor
582 2695 671 2729 est:
704 2695 751 2727 ita
778 2694 821 2727 ad
846 2695 1023 2728 essentiam
1047 2695 1215 2738 generatio

29 2788 32 2792 λ
112 2737 323 2799 {mun
348 2753 440 2798 quod
455 2753 528 2796 ejus
552 2754 661 2797 imago
677 2754 832 2796 quaedam
861 2756 895 2788 et
920 2754 1061 2788 imitatio
1080 2755 1134 2788 sit.
1182 2754 1215 2786 Si.

86 2766 135 2864 g}
126 2797 249 2878 ἦ*
263 2812 480 2857 generationis
495 2813 606 2856 opifex
619 2813 725 2847 bonus
741 2814 815 2847 est·
836 2814 952 2857 utique
971 2814 1122 2847 essentiae
1139 2813 1212 2856 opi-

102 2868 137 2889 Υ

98 2887 156 2947 5*ss-
241 2872 351 2917 {psum
378 2872 462 2908 illud
478 2882 537 2917 per
553 2883 590 2907 se
609 2873 731 2906 bonum
750 2873 834 2912 erit,
865 2875 969 2916 atque
986 2874 1136 2907 essentiae
1156 2883 1213 2906 co-

90 2923 308 2979 m
353 2933 482 2976 Quippe
502 2933 669 2967 secundus
685 2942 788 2974 quum
804 2933 874 2975 ipse
892 2933 1017 2975 duplex
1046 2934 1090 2966 sit
1104 2933 1212 2967 idem-

103 2990 368 3039 χλιιῃορίῐοι,
382 2992 528 3036 primum
545 2992 680 3036 quidem
689 2995 722 3026 et
740 2992 872 3026 ideam
864 3001 936 3036 lpse
954 3001 1048 3026 suam
1065 2994 1099 3027 et
1115 3002 1211 3026 mun-

93 3043 258 3105 §fin
255 3051 348 3088 hune
360 3051 483 3094 efficit,
503 3052 622 3086 deinde
639 3061 719 3087 vero
738 3052 770 3085 in
788 3061 855 3085 una
872 3061 984 3085 rerum
1008 3052 1212 3095 contempla·

240 3111 418 3148 mitat.
463 3114 593 3155 Quare,
614 3114 651 3146 ut
666 3121 707 3147 ex
723 3112 765 3146 iis
783 3121 858 3154 quoe
876 3111 966 3145 dicta
994 3113 1071 3146 sunt
1104 3121 1211 3146 rerum

110 3167 303 3221 m
326 3172 458 3207 nomina
475 3172 686 3216 colligamus,
706 3174 864 3215 quatuor
871 3172 943 3205 haec
961 3180 1035 3205 esse
1056 3172 1211 3214 possint·

100 3248 102 3250 ’
110 3216 247 3274 “ih
264 3231 646 3277 primus,quod·1psum
670 3242 730 3277 per
745 3242 781 3267 se
801 3232 924 3266 bonum
943 3233 1021 3266 est:
1043 3232 1115 3274 ejus
1134 3232 1212 3266 imi-

109 3285 249 3349 ξι*
269 3291 379 3336 opifex
394 3291 532 3327 bonus·
524 3293 692 3328 ·essentia
711 3293 845 3336 duplex,
866 3292 961 3335 primi
976 3292 1091 3334 altera,
1109 3292 1213 3326 altera

118 3345 590 3395 ‘15³5'Dundi.cu1uslmitat10
602 3354 653 3388 est
672 3353 811 3396 pulcher
830 3353 886 3385 ille
899 3352 1055 3393 munduS,
1082 3352 1212 3394 pulchri

79 3398 119 3458 ’ξ
151 3411 391 3446 ”munione
411 3415 559 3447 ornatus.
613 3414 780 3448 Praetcrea
808 3413 843 3447 in
865 3413 961 3446 sexto
990 3411 1213 3455 superioribus

159 3467 236 3505 ho
254 3470 452 3515 subjungit.
483 3472 642 3507 caeterum
671 3472 835 3515 quidquid
868 3472 902 3505 in
926 3472 999 3514 ejus
1020 3469 1210 3504 societatem

27 3564 35 3578 ν
78 3529 119 3574 ’ᾖ
156 3528 356 3572 vunnim,
372 3539 438 3565 non
455 3530 540 3566 alius
553 3531 601 3566 rei
620 3530 679 3565 sed
706 3530 874 3575 sapientiae
891 3530 966 3572 ejus
982 3531 1113 3566 tantum
1135 3538 1210 3575 par·

1074 229 1411 272 FRAGMENTA.

2252 237 2320 278 171

1284 319 1463 373 ἐγράψατο
1487 320 1523 360 ἐν
1542 321 1686 374 Τιμαίῳ
1707 322 1836 373 εἰπών,
1857 322 1986 374 ἀγαθὸς
2004 313 2063 368 ἦν·
2085 324 2120 363 ἐν
2146 323 2182 363 δὲ
2201 326 2246 379 τῇ
2265 339 2329 364 πο-

1283 377 1417 432 λιτεία,
1450 378 1491 419 τὸ
1517 379 1645 431 ἀγαθὸν
1668 360 1787 455 εἶπεν,
1826 383 1956 434 ἀγαθοῦ
1978 382 2028 423 ἰδέ
2013 398 2085 422 ‘otv-
2117 385 2164 429 ἇς)
2198 384 2239 432 δὴ
2270 387 2331 423 τοῦ

1285 437 1495 492 δημιουργοῦ
1530 439 1623 478 ἰδέαν
1658 433 1764 480 ουσαν
1784 457 1824 481 το
1854 441 2002 495 ἀγαθόν,
2033 442 2126 488 ὅστις
2154 443 2331 498 πέφανται

1283 500 1369 549 ἡμῖν
1402 499 1527 550 ἀγαθὸς
1556 500 1726 554 μετουσία
1760 504 1822 540 τοῦ
1858 501 2000 555 πρώτου
2037 518 2074 541 τε
2109 518 2169 542 και
2210 503 2331 555 μόνου.

1282 554 1410 603 “Οπως
1429 557 1497 612 γὰρ
1516 558 1694 612 ανθρωποι
1727 561 1790 611 μὲν
1821 560 1987 614 λέγονται
2016 563 2234 609 τυπωθέντες
2265 562 2332 616 υπῤ

1283 621 1346 664 τῆς
1365 617 1548 670 ἀνθρώπου
1569 617 1681 666 ἰδέας,
1711 619 1788 672 βόες
1817 620 1853 661 δὲ
1874 620 1935 660 καὶ
1959 620 2062 662 ἵπποι
2085 622 2152 662 ὑπὸ
2170 638 2233 671 της
2255 622 2333 675 βοὸς

1284 675 1344 715 καὶ
1357 674 1468 716 ἵππου
1485 675 1577 722 ἰδέας
1591 683 1620 702 ³·
1649 676 1740 717 οὕτω
1760 678 1821 718 και
1842 680 1983 725 εἰκότως
2002 682 2020 719 8
2050 680 2264 734 δημιουργὸς
2283 680 2332 720 εἴ·

1282 752 1349 790 περ
1365 736 1438 776 ἐστὶ
1460 736 1627 791 μετουσίᾳ
1647 741 1706 776 τοῦ
1724 737 1864 791 πρώτου
1881 740 2013 791 ἀγαθοῦ
2033 740 2177 792 ἀγαθός,
2198 739 2274 780 ἰδέα
2290 739 2332 780 ἂν

1284 795 1340 844 εἴη
1362 799 1380 836 8
1395 812 1532 849 πρωτος
1549 799 1644 845 νοῦς,
1667 795 1715 836 ὢν
1736 797 1966 850 αὗτοάγαθον.

1338 850 1552 902 (Eusebius
1584 853 1792 904 Praeparat.
1817 854 1961 904 Evang.
1995 852 2067 893 lib.
2101 852 2156 892 XI
2172 866 2257 904 cap.
2281 867 2330 892 αα

1283 909 1486 961 Νουμηνίου
1519 909 1600 964 περὶ
1630 911 1798 963 τάγαθοῦ.
1834 910 1879 948 In
1912 912 2217 962 praecedentibus
2241 914 2295 952 ait
2322 928 2330 951 ε

1282 969 1389 1009 πάλιν
1409 969 1445 1008 δὲ
1474 972 1493 1009 8
1526 969 1726 1018 Νουμήνιος
1749 971 1784 1009 ἐν
1805 975 1877 1016 τοῖς
1896 970 1975 1025 περὶ
2007 975 2068 1011 τοῦ
2097 974 2248 1024 ἀγαθοῦ,
2268 971 2332 1022 τὴν

1282 1032 1344 1069 τοῦ
1383 1027 1576 1074 Πλάτωνος
1610 1028 1764 1069 διάνοιαν
1796 1029 2020 1083 ἑρμηνεύων,
2047 1035 2166 1071 τοῦτον
2195 1030 2335 1077 διέξεισι

1281 1089 1338 1129 τὸν
1371 1087 1514 1142 τρόπον.
1538 1087 1683 1140 Scripsi
1706 1103 1714 1128 :
1745 1095 1762 1112 ⁸
1778 1089 1949 1142 δεόντως]
1971 1091 2088 1129 codd.
2126 1091 2212 1131 δεῖν.
2243 1113 2297 1122 -
2316 1092 2333 1114 ¹³

1281 1149 1337 1203 ὑφ’
1357 1142 1396 1188 οἷ
1422 1151 1484 1196 τῆς
1506 1148 1716 1201 μετουσίας]
1748 1147 1839 1187 libri
1864 1148 1922 1201 ὑφ’
1943 1143 1981 1188 οῦ
2005 1149 2205 1201 μετουσίας.
2233 1172 2288 1181 —
2319 1157 2333 1174 ⁶

1280 1212 1390 1248 ταῦτα
1406 1207 1442 1248 δὲ
1464 1207 1572 1253 οὕτως
1592 1208 1718 1261 ἔχοντα
1732 1207 1800 1256 ἤδη
1814 1206 1886 1246 ἐστὶ
1900 1206 1962 1259 μὲν
1983 1210 2001 1247 8
2021 1208 2200 1262 Πλάτων]
2217 1223 2329 1248 mem-

1279 1270 1409 1307 branae
1440 1270 1552 1307 ταῦτα
1589 1267 1625 1306 δὲ
1658 1265 1766 1311 οὕτως
1787 1265 1915 1320 ἔχοντα
1946 1266 2007 1315 ἔθη
2038 1267 2102 1319 μὲν
2123 1269 2141 1307 8
2162 1268 2331 1310 Πλάτων.

1279 1329 1363 1359 -d
1392 1327 1452 1368 τὸν
1471 1327 1636 1368 κυκλικὸν
1657 1328 1758 1380 λόγον
1781 1328 1861 1379 ἐπὶ]
1883 1341 1903 1366 e
1925 1329 2052 1379 Vigeri
2080 1328 2331 1381 conjectura3

1281 1390 1396 1430 codd.
1424 1389 1482 1429 τὸν
1504 1387 1672 1429 κυκλικὸν
1694 1387 1763 1428 ἐπί.
1787 1410 1841 1418 -
1859 1391 1874 1410 ⁰
1896 1387 1975 1441 βόες
1999 1386 2034 1427 δὲ
2054 1388 2115 1427 καὶ
2142 1388 2247 1428 ἵπποι
2266 1389 2333 1428 ὑπὸ

1279 1452 1341 1497 τῆς
1363 1448 1440 1500 βοὸς
1459 1448 1519 1488 καὶ
1532 1446 1641 1487 ἵππου
1663 1447 1783 1500 ἰδέας]
1803 1447 1920 1488 codd.
1951 1447 2029 1501 βόες
2057 1449 2087 1488 δ’
2109 1449 2176 1489 ὕπὸ
2189 1452 2251 1498 τῆς
2269 1448 2332 1490 ἵπ-

1280 1523 1346 1547 που
1367 1507 1473 1551 ἷόέας.
1482 1507 1493 1559 )

1335 1579 1379 1606 12
1413 1566 1457 1606 Ei
1486 1581 1529 1617 με
1514 1563 1548 1604 ὲν
1568 1564 1714 1620 γράφειν
1739 1564 2013 1616 υποτεινάμενος
2039 1567 2058 1605 8
2080 1565 2234 1607 Πλάτων
2253 1583 2332 1621 περι

1278 1627 1340 1672 τῆς
1358 1614 1533 1675 θεολογίας
1560 1639 1621 1671 της
1650 1626 1719 1664 τῶν
1745 1624 1960 1674 Ἀθηναίων,
1982 1617 2058 1664 εἶτα
2086 1625 2333 1680 ἐδυσχέραινεν

1279 1686 1369 1737 αὐτῇ
1385 1715 1395 1734 ,
1416 1684 1478 1723 καὶ
1511 1683 1729 1738 κατηγόρει,
1749 1684 1880 1738 ἐχούσῃ
1905 1684 2049 1730 στάσεις
2045 1684 2133 1756 ωμὲν
2153 1686 2240 1740 πρὸς
2270 1688 2333 1727 ἀλ-

1278 1743 1577 1795 ληλους,τέκνων
1599 1743 1635 1782 δὲ
1659 1745 1728 1782 τῶν
1765 1747 1828 1797 μὲν
1863 1742 1986 1796 μίξεις,
2021 1759 2090 1783 των
2113 1743 2151 1784 δὲ
2183 1745 2316 1787 ἐδωδά-

1278 1806 1347 1842 τῶν
1369 1802 1405 1841 δὲ
1425 1802 1503 1841 ἀντὶ
1533 1801 1666 1841 τούτων
1696 1801 1853 1854 πατράσι
1879 1802 2076 1857 τιμωρίας,
2109 1804 2271 1858 ἀδελφῶν
2295 1821 2332 1844 τε

1285 1914 1388 1958 ticeps
1409 1916 1470 1951 tit:
1490 1917 1610 1961 quippe
1629 1918 1718 1960 quod
1744 1919 1791 1952 iia
1809 1919 1946 1953 demum
1965 1928 2004 1952 ex
2027 1918 2131 1962 ipsius
2150 1918 2226 1952 honi
2247 1926 2326 1951 con-

1284 1974 1428 2011 sortione
1443 1977 1587 2012 fructum
1607 1978 1749 2022 aliquem
1769 1987 1887 2023 capere
1902 1979 2025 2023 possit3
2049 1979 2172 2022 alioqui
2189 1979 2325 2013 nullum.

1283 2037 1388 2078 Atque
1404 2036 1478 2071 hoec
1494 2037 1628 2080 quidem
1657 2039 1832 2082 sapientia,
1860 2040 1964 2083 primo
1985 2039 2092 2073 solum
2108 2039 2155 2073 illi
2176 2039 2327 2084 decenter

1282 2098 1418 2140 contiglt
1440 2108 1447 2128 =
1470 2108 1490 2132 a
1506 2108 1571 2142 quo
1590 2099 1678 2133 enim
1694 2101 1814 2135 caelera
1837 2100 2023 2134 colorantur
2047 2102 2082 2135 et
2109 2102 2323 2142 exornantur,

1282 2166 1362 2191 num
1382 2157 1428 2192 illi
1449 2158 1505 2192 uni
1518 2159 1591 2192 haec
1610 2160 1743 2203 perfecti
1762 2160 1840 2194 boni
1861 2159 2002 2204 dignitas
2015 2161 2110 2202 insit,
2135 2161 2172 2195 id
2194 2161 2329 2204 insuper

1280 2217 1431 2252 dubitare
1444 2243 1452 2259 ‚
1480 2218 1588 2252 stolidi
1610 2220 1758 2263 profecto
1782 2229 1821 2253 ac
1836 2220 1986 2254 vecordis
2006 2220 2108 2254 animi
2135 2219 2246 2256 fuerit.
2293 2221 2324 2255 Si

1280 2278 1364 2327 enim
1384 2279 1552 2313 secundus
1567 2289 1633 2314 non
1648 2288 1707 2323 per
1719 2289 1755 2314 se
1770 2280 1875 2314 bonus
1888 2283 1941 2315 est
1953 2306 1961 2322 ,
1975 2280 2034 2314 sed
2050 2280 2145 2324 primi
2159 2280 2324 2322 beneficio,

1280 2339 1337 2381 qui
1357 2339 1486 2372 tandem
1501 2340 1571 2373 fieri
1593 2341 1716 2383 potest,
1739 2342 1776 2375 ut
1793 2342 1890 2384 qu‘us
1912 2341 2010 2374 unius
2023 2341 2252 2375 communione
2265 2342 2308 2375 bo

1281 2408 1344 2432 nus
1361 2400 1441 2433 alter
1453 2400 1514 2433 iste
1527 2400 1589 2442 sit,
1604 2400 1632 2434 is
1643 2401 1749 2443 ipsum
1763 2410 1822 2444 per
1839 2410 1874 2435 se
1888 2401 2011 2435 bonum
2028 2411 2093 2435 non
2108 2402 2162 2443 sit,
2182 2410 2324 2445 praeser-

1284 2457 1343 2491 tim
1359 2458 1387 2491 si
1405 2459 1569 2492 secundus
1595 2468 1634 2493 eo
1648 2459 1809 2494 duntaxat
1829 2470 1894 2503 qua
1914 2460 2020 2494 bonus
2040 2462 2091 2495 est
2118 2461 2326 2504 perfruitur?

1283 2519 1332 2551 Ita
1347 2527 1423 2552 sane
1437 2519 1528 2552 Plato
1545 2518 1668 2552 bonum
1686 2529 1790 2553 unum
1805 2529 1895 2562 esse,
1915 2520 1944 2554 si
1958 2530 2027 2554 rem
2044 2522 2141 2555 acute
2160 2521 2325 2565 dispicias,

1283 2577 1370 2608 certa
1387 2576 1513 2609 ratione
1540 2576 1646 2610 docet.
1692 2578 1819 2611 Rursus
1847 2578 1880 2611 in
1909 2578 2125 2620 sequentibus
2151 2579 2198 2613 ait
2224 2589 2232 2612 ι
2254 2578 2325 2614 haec

1281 2632 1494 2675 philosophiae
1517 2634 1681 2675 praecepla
1705 2633 1800 2667 Plato
1833 2634 1911 2668 alibi
1940 2634 2038 2668 aliter
2063 2635 2187 2668 tradita
2212 2644 2252 2668 ac
2274 2636 2322 2668 di-

1281 2691 1398 2724 stincta
1415 2691 1547 2733 reliquit
1574 2705 1583 2725 2
1607 2700 1683 2724 nam
1705 2692 1762 2734 qui
1781 2692 1938 2735 privatim
1956 2692 1991 2726 in
2013 2693 2136 2727 Timaeo
2157 2694 2323 2737 vulgarem

1281 2747 1444 2789 quandam
1458 2747 1583 2791 opificis
1598 2748 1652 2782 dei
1664 2748 1825 2782 rationem
1839 2749 2028 2792 descripsit,
2045 2750 2124 2784 dum
2140 2751 2197 2791 ait,
2218 2751 2323 2785 bonus

1280 2807 1357 2839 erat
1371 2813 1384 2836 .·
1409 2805 1498 2838 idem
1516 2805 1549 2838 in
1565 2805 1744 2848 Republica
1762 2806 1883 2840 bonum
1903 2807 1981 2840 honi
2001 2807 2119 2841 eadem
2140 2816 2214 2842 esse
2231 2808 2320 2842 aftir-

1279 2863 1349 2895 mat
1360 2886 1369 2903 ,
1386 2863 1498 2905 utpote
1518 2862 1642 2896 bonum
1661 2863 1788 2906 opificis
1807 2863 1913 2898 ideam
1927 2873 2001 2898 esse
2016 2865 2187 2898 declarans
2199 2890 2209 2907 ,
2226 2875 2320 2908 querr

1279 2920 1373 2962 primi
1393 2919 1480 2954 illius
1492 2920 1659 2963 soliusque
1670 2920 1748 2955 honi
1764 2921 1996 2957 communione
2018 2923 2141 2957 bonum
2154 2932 2226 2958 esse
2238 2923 2322 2958 vidi-

1280 2990 1364 3014 mus.
1411 2982 1695 3020 Quemadmodum
1715 2983 1802 3017 enim
1825 2983 1975 3018 homines
1996 2984 2030 3018 in
2054 2984 2205 3024 humani,
2224 2985 2320 3018 boves

1279 3042 1388 3075 autem
1402 3043 1436 3075 et
1451 3042 1528 3085 equi
1550 3042 1583 3075 in
1606 3042 1719 3077 bubuli
1736 3045 1770 3077 et
1793 3043 1904 3087 equini
1927 3044 1995 3078 oris
2019 3044 2162 3088 speciem
2180 3045 2316 3078 assimu-

1280 3102 1334 3136 lati
1354 3102 1509 3136 dicuutur
1525 3116 1533 3137 ε
1553 3103 1602 3137 sic
1618 3104 1717 3138 etiam
1743 3103 1852 3147 opifex
1870 3104 1973 3146 deus,
2004 3114 2107 3147 quum
2126 3106 2226 3148 primi
2247 3105 2322 3140 honi

1278 3163 1505 3198 communione
1518 3163 1626 3198 bonus
1637 3163 1682 3198 sit
1696 3189 1704 3202 ,
1724 3163 1832 3207 prima
1848 3173 1959 3204 mens,
1987 3174 2063 3208 quae
2085 3165 2192 3208 ipsum
2214 3174 2274 3208 per
2290 3174 2323 3199 so

1280 3223 1400 3256 bonum
1413 3222 1476 3262 sit,
1494 3222 1567 3257 idea
1582 3225 1656 3266 Jurc
1670 3222 1782 3258 fuerit.
2093 3218 2095 3220 ’

1323 3287 1370 3317 12.
1393 3283 1427 3318 Si
1446 3283 1540 3316 Plato
1557 3283 1599 3317 dc
1623 3284 1868 3318 Atheniensium
1884 3285 2048 3326 theologia
2066 3285 2267 3327 scripturum
2287 3293 2322 3318 se

1278 3352 1351 3378 esse
1363 3342 1540 3388 pollicitus,
1554 3351 1593 3376 ac
1614 3341 1732 3377 deinde
1745 3336 1794 3377 rei
1811 3346 1973 3387 pertaesus
1995 3353 2067 3378 eam
2086 3342 2317 3387 reprehendis-

1279 3405 1344 3444 set,
1365 3403 1456 3446 quod
1480 3403 1600 3447 partim
1627 3405 1744 3437 mutua
1767 3403 1924 3438 deorsum
1952 3404 2088 3439 dissidia
2115 3403 2318 3444 contineret,

1278 3464 1396 3508 partim
1417 3465 1536 3499 liberos
1555 3474 1630 3498 cum
1643 3465 1833 3508 parentibus
1855 3466 2013 3499 coeuntes
2031 3465 2089 3497 aut
2104 3463 2146 3496 ab
2163 3463 2204 3497 iis
2221 3463 2321 3496 devo-

1279 3527 1368 3560 ratos
1380 3551 1388 3567 ,
1402 3525 1520 3571 partim
1538 3525 1671 3563 sceleris
1689 3525 1864 3573 utriusque
1882 3532 1981 3558 causa
2000 3532 2112 3571 poenas
2129 3522 2182 3557 vel
2200 3531 2316 3570 paren·
