2528 3788
214 355 216 358 ·
237 299 245 310 ³
294 297 403 339 ικικόί
436 298 482 338 τὰ
511 300 661 341 ἐπίπεδα
683 301 926 352 ὑποτίθενται,
950 303 1056 350 δῆλον
1078 304 1118 342 ἐκ
1149 307 1211 343 τοῦ

160 395 183 416 ·;
252 373 260 389 ·'
272 358 398 413 ’λέγειν
419 360 530 401 αὐτά·
547 362 602 401 διὸ
620 363 681 403 καὶ
698 365 764 410 τὴν
789 361 877 410 ὔλην
894 361 1062 415 πρότερον
1091 378 1209 416 παρα-

128 415 192 432 ⁹
240 442 246 447 -
312 419 612 473 διεσχηματίσθαι
629 423 763 471 ταύτην
789 420 898 461 εἴδεσί
915 436 954 460 τε
972 420 1033 460 καὶ
1054 422 1210 474 ἀριθμοῖς

146 476 241 593 ,ἱέρ’
257 490 320 519 σι.
352 479 425 520 Καὶ
445 480 548 525 αὐτὸς
575 481 613 521 δὲ
641 484 660 525 6
678 481 830 534 Ίίμαιος
849 482 884 520 ἕν
908 482 960 532 τῷ
979 479 1097 533 οἰκείῳ
1122 495 1210 532 συγ-

223 552 347 594 τματι
364 538 449 579 τάδε
476 539 670 595 γέγραφεν
691 539 799 594 ἀρχαὶ
825 533 944 592 μὲντ
918 555 967 579 ων
990 555 1060 578 των
1082 555 1211 592 γεννω-

149 619 165 633 ⁷·
207 611 213 624 ³
259 603 262 608 “
301 599 378 638 κτλ

163 657 477 711 (ἈθίωΡΙίαἰιιε
500 659 550 698 ad
578 659 799 699 Aristotelis
818 659 867 698 de
897 659 1006 698 Coelo
1034 658 1108 700 lib.
1131 658 1207 707 111,

118 741 191 774 e&
260 729 296 756 1
322 717 393 758 tot.
421 719 510 769 139.
530 721 571 757 B.
589 718 652 758 Cf.
678 717 812 759 Schol.
840 719 884 756 in
903 718 1022 757 Arist.
1053 731 1091 791 p.
1114 718 1204 758 510.

133 809 178 836 i
186 775 693 817 ed.Brandis.Caete1-urh
715 779 837 816 verba
853 776 962 830 ἀρχαὶ
981 769 1090 827 μὲνγ
1063 793 1112 816 ων
1139 793 1207 816 των

95 855 98 858 ’
119 838 192 894 ᾗ,
259 859 271 864 -=
317 850 384 874 νων
395 849 511 888 ,quae
529 836 715 876 librarii
704 851 746 876 ιιι
773 838 885 890 ἀρχὰς
905 835 968 887 μὲν
984 829 1045 875 ουν
1061 839 1130 874 τῶν
1145 852 1207 888 γε-

122 882 168 907 ³
179 891 289 932 ’ψ”ιι
324 903 601 964 corruperunt,
611 907 662 933 ex
674 895 760 963 ipso
778 895 970 949 scriptore
984 894 1204 937 emendavi.

250 962 361 994 ntur
373 954 479 993 enim
497 956 539 993 in
558 954 664 993 libro
679 955 748 1006 qui
763 954 836 993 sub
849 954 895 992 Γ
885 967 989 992 imaei
1003 953 1120 993 Locri
1137 968 1207 994 no-

91 995 270 1064 *be
288 1013 412 1054 fenur
434 1015 458 1066 §
481 1014 503 1052 5
524 1013 677 1055 Phil-,os
704 1014 834 1054 Gr.aec
857 1013 1014 1064 Fragm.
1045 1014 1126 1053 vol.
1150 1014 1204 1061 11,

78 1107 85 1110 .
234 1078 329 1121 ‘1-
343 1073 356 1128 )

66 1131 106 1189 ξ’
84 1071 260 1176 Ἢ
279 1134 330 1175 Bi
355 1135 388 1175 δ’
416 1132 512 1174 ἔστιν
533 1133 714 1188 ἀδιαίρετα
746 1133 875 1186 μεγέθη
896 1133 958 1173 καὶ
993 1135 1114 1184 ἀπαθῆ
1144 1134 1206 1175 καὶ

136 1193 277 1248 χωρὶς
281 1193 526 1247 ποιότητος,ε
507 1209 555 1239 ως
580 1196 612 1234 οἱ
638 1195 718 1248 περὶ
740 1194 962 1248 Δημόκριτον
979 1193 1117 1246 ἔλεγον,
1144 1195 1205 1234 καὶ

156 1251 384 1311 Μρατης
402 1252 553 1306 ἀτόμους
569 1254 742 1307 γραμμὰς
760 1253 1030 1306 ὑποτιθέμενος,
1051 1253 1086 1299 ἐξ
1105 1257 1205 1295 ἐναν-

150 1311 238 1359 ”vhe
252 1318 326 1358 τοῖς
347 1317 610 1364 μαθηματικοῖς
627 1312 671 1352 ἂν
689 1315 926 1367 ἀφομοιοῖντο.

8 1381 13 1393 1
52 1404 69 1425 .·
171 1385 178 1388 ·
208 1370 465 1425 (Simplicius
489 1372 538 1411 ad
572 1372 796 1412 Aristotelis
825 1372 873 1410 de
898 1373 1008 1411 Coelo
1034 1372 1104 1412 lib.
1128 1372 1202 1423 111,

73 1447 89 1467 τ.
148 1429 517 1484 oep.sfol.162.)

65 1486 99 1535 35.
207 1504 263 1532 ιιι.
287 1491 516 1545 Ξενοκράτης
535 1492 600 1543 μὲν
627 1490 714 1545 πρὸς
738 1492 803 1540 τὴν
839 1492 895 1531 ἐπ’
917 1491 1060 1545 ἄπειρον
1092 1491 1204 1544 τομὴν

75 1575 107 1611 1152
96 1549 218 1597 wie&
233 1551 385 1605 ἀτόμους
397 1550 567 1604 γραμμὰς
589 1550 796 1606 [εἷσάγει],
811 1550 868 1591 ἵνα
891 1552 1001 1606 φεύγῃ
1023 1551 1148 1591 ταυτὸν
1168 1552 1203 1592 ἕν

74 1610 75 1614 ’
86 1613 193 1670 ζιῇξ’*
210 1610 278 1651 καὶ
298 1609 416 1653 πολλὰ
434 1611 574 1663 λέγειν·
590 1611 634 1659 ἢν
651 1610 836 1665 ἀντίφασιν
857 1614 975 1656 κακῶς
994 1611 1205 1663 ὖπολαμὸά-

75 1687 77 1689 ·
90 1654 243 1713 ‘ibim
243 1668 355 1725 ’ἑτέρᾳ
381 1669 614 1723 περιέπιπτεν
635 1670 822 1723 ἀντιφάσει
840 1669 1093 1723 χαλεπωτέρᾳ,
1119 1687 1203 1710 ταυ-

85 1710 211 1780 ’Ἢ
239 1728 319 1782 ἅμα
339 1731 468 1769 ποιῶν
484 1729 627 1783 μέγεθός
652 1745 691 1769 τε
723 1729 784 1768 καὶ
815 1731 853 1768 οὖ
887 1729 1054 1780 μέγεθος·
1082 1728 1203 1768 καίτοι

81 1783 278 1846 im
297 1786 372 1840 μὲν
380 1787 417 1828 ἕν
450 1804 488 1828 τε
509 1790 570 1828 καὶ
589 1788 704 1828 πολλὰ
725 1787 838 1840 λέγειν
856 1789 919 1828 οὖκ
935 1786 1032 1827 ἔστιν
1051 1788 1201 1827 ἀντικεί-

67 1858 77 1861 ”
217 1875 218 1879 =
248 1876 263 1896 ‚
285 1849 316 1887 εἰ
336 1847 507 1902 διαιροῖτό
529 1863 582 1892 τις
603 1847 645 1887 τὸ
669 1848 818 1923 δυνάμει
837 1863 898 1886 και
917 1848 1093 1901 ἐνεργείᾳ,
1114 1863 1200 1887 ταυ·

81 1913 106 1958 ᾗ(
100 1902 211 1978 ὠ
230 1905 271 1948 δὲ
295 1913 409 1949 ποιεῖν
440 1907 614 1964 γραμμήν
643 1924 682 1947 τε
715 1908 776 1947 καὶ
807 1907 1004 1961 ἀδιαίρετον
1040 1908 1203 1961 ἄντικρύς

64 2006 84 2022 ν.
101 1959 228 2014 ιξ*“
245 1971 426 2014 memo<
449 1967 512 2017 τὴν
532 1967 702 2022 γραμμὴν
718 1968 756 2008 οὗ
773 1983 958 2020 γραμμην-

70 2030 77 2037 ”
189 2025 476 2082 (Themistius
504 2027 736 2079 Paraphtfflas
771 2026 1029 2078 Physicorum
1052 2026 1119 2066 A1
1109 2035 1202 2065 isto

115 2061 331 2127 belismi.
354 2086 388 2135 I,
430 2087 501 2129 sol.
533 2087 595 2126 18.
625 2086 673 2127 A.
705 2086 764 2127 Cf.
800 2086 934 2126 Schol.
962 2086 1004 2124 in
1040 2087 1200 2125 Aristot.

144 2159 192 2199 p.
216 2146 309 2192 334.
334 2145 383 2186 A.
405 2145 468 2186 ed.
490 2145 674 2186 Brandis.
697 2145 783 2184 Huc
803 2148 1003 2196 pertinent
1021 2146 1137 2184 etiam
1158 2159 1203 2184 ea

149 2216 242 2258 qum
256 2205 302 2245 in
333 2205 625 2244 Commentario
651 2206 693 2243 in
724 2205 946 2244 Aristotelis
981 2205 1125 2244 librum
1155 2205 1202 2244 de

77 943 79 946 ⁴
102 927 149 950 ’τις
186 943 187 946 ,

85 948 185 994 ‘2⁴¹'

103 2380 107 2382 .
124 2342 263 2378 fatoque
283 2343 328 2369 σα
339 2336 486 2378 punctis
503 2337 646 2369 constat
672 2334 786 2377 linea,
806 2345 919 2378 neque
932 2344 976 2369 ex
993 2335 1098 2369 lineis
1114 2335 1200 2379 pla-

72 2399 254 2447 “amum
274 2403 387 2440 neque
407 2405 454 2431 ex
469 2397 594 2441 planu
615 2396 772 2431 solidum
789 2409 799 2430 ι
828 2396 902 2430 haec
920 2397 1055 2439 quidem
1073 2397 1202 2430 ArIsto-

69 2442 259 2500 'iffi-im,
286 2456 328 2494 ut
344 2463 473 2499 semper
493 2455 580 2497 dixi,
600 2465 787 2490 occurrens
802 2457 833 2489 ei
853 2457 942 2499 quod
963 2458 997 2491 in
1019 2456 1084 2490 hac
1108 2466 1203 2500 quae-

50 2504 104 2560 ,ςῗὲ
108 2503 260 2559 m
274 2513 451 2548 verisimile
462 2515 528 2550 est.
543 2514 729 2548 Notandum
743 2524 842 2555 vero,
854 2515 1017 2557 siquidem
1033 2515 1128 2558 plana
1147 2515 1201 2548 di-

62 2562 125 2623 ᾖ,
142 2570 275 2615 mi
305 2573 541 2608 mathematica
571 2583 656 2616 esse,
685 2575 727 2607 ut
758 2575 864 2609 solam
894 2575 1134 2618 longitudinem
1170 2577 1204 2609 et

96 2632 346 2678 &Quintilem
366 2633 542 2676 habentia,
568 2633 627 2677 qui
644 2643 687 2667 ex
705 2635 810 2676 planis
838 2635 942 2667 solida
972 2645 1044 2669 esse
1072 2635 1200 2669 dicunt.

79 2689 237 2749 min
248 2691 347 2736 plana
363 2691 499 2735 quidem
516 2693 620 2726 solida
639 2693 821 2734 resolvunt,
840 2693 978 2735 pulchre
993 2694 1203 2744 Aristotelem

70 2743 72 2746 ’
199 2750 331 2788 iniciis
348 2750 500 2785 attulisse
523 2751 667 2785 absurda
684 2754 719 2784 et
744 2752 915 2794 sequentia
937 2753 1127 2787 allaturum.
1146 2754 1204 2787 Sin

38 2799 41 2810 ‘
71 2797 196 2846 ³⁴⁵7?ss
240 2809 416 2854 ·physica
434 2811 532 2854 plana
547 2813 679 2853 vocant,
694 2813 734 2844 ut
750 2821 815 2844 non
839 2813 946 2845 solum
962 2813 1201 2855 longitudinem

105 2871 432 2914 &latitudinem
463 2871 522 2906 sed
555 2873 590 2906 et
616 2873 827 2906 altitudinem
859 2873 1011 2914 habeant,
1043 2874 1132 2915 quod
1162 2874 1203 2908 ad

62 2924 65 2931 ³
143 2929 378 2976 ’ς’μὶιισῑρίιιιιι
367 2940 402 2964 ιιι
413 2931 559 2974 physicis
577 2932 842 2965 constituendum
859 2932 957 2972 valet,
979 2942 1041 2964 non
1062 2933 1205 2976 amplius

85 2947 150 3036 ,ᾗ
164 3002 181 3016 ·.
219 3001 253 3019 s·
279 2998 395 3024 eorum
422 2991 606 3033 sequuntur
623 2990 791 3031 absurda,
812 2989 920 3032 planis
940 2991 1100 3032 tanquam
1129 2990 1203 3024 alti-

212 3063 262 3077 ·w-
289 3047 481 3083 carentibus
509 3048 672 3092 opposita.
706 3050 831 3081 Ponere
855 3057 934 3081 vero
961 3057 1018 3081 eos
1044 3048 1201 3090 physica,

229 3107 465 3143 mathematica
479 3108 595 3152 plana,
612 3117 655 3142 ex
671 3108 736 3142 hoc
757 3107 960 3150 intelligitur,
985 3107 1076 3149 quod
1093 3109 1202 3142 mate-

141 3158 247 3203 ‘'st-un
257 3176 298 3202 ea
307 3166 709 3210 appellantzquamobrem
726 3167 826 3201 etiam
840 3168 1017 3209 postquam
1030 3167 1203 3202 materiam

133 3225 380 3273 ,ξωᾱστιιιιῂ
396 3226 482 3260 hanc
494 3227 584 3261 omni
601 3227 711 3270 specie
728 3230 763 3260 et
776 3236 914 3259 numero
932 3227 1111 3260 formatam
1127 3237 1203 3262 esse

137 3285 352 3335 imment„
370 3286 436 3320 sed
463 3287 535 3330 ipse
552 3295 684 3329 quoque
716 3287 860 3320 Timaeus
884 3286 919 3319 in
941 3285 1025 3320 libro
1052 3296 1114 3320 suo
1133 3288 1206 3323 haec

68 3370 79 3390 ..
113 3345 289 3392 ,saeripsit
305 3357 313 3379 :
333 3347 515 3390 Principia
530 3348 641 3390 igitur
655 3355 777 3381 rerum
797 3347 1014 3387 creatarum,
1028 3348 1093 3380 etc.

68 3397 78 3429 ³3
97 3406 146 3454 ‘3272'
203 3406 256 3439 24.
278 3406 313 3440 Si
330 3414 410 3440 vero
425 3407 502 3440 sunt
518 3406 763 3449 magnitudines
776 3407 847 3439 tum
870 3405 1022 3440 indivisae
1036 3432 1044 3448 ‚
1060 3407 1134 3440 tum
1155 3407 1204 3440 as-

50 3495 72 3523 Δ.
108 3494 114 3509 ,
135 3504 137 3507 ,
158 3464 358 3501 tentionibus
373 3469 534 3510 carentes,
554 3468 624 3500 tum
644 3466 813 3509 qualitatis
831 3468 1004 3510 expertes,
1024 3467 1064 3502 ut
1082 3468 1206 3502 Demo-

1069 214 1406 259 FRAGMENTA.

2234 216 2314 259 119

1270 305 1557 344 insecabilibus
1578 306 1691 344 lineis
1723 306 1908 344 dicuntur
1926 317 2015 357 pag.
2047 305 2139 355 930.
2163 303 2211 344 A.
2242 306 2314 344 Τοῦ

1272 363 1498 416 Παρμενίδου
1521 364 1679 416 λέγοντος
1695 363 1732 403 ἓν
1754 363 1793 402 τὸ
1812 363 1850 403 ὅν
1865 393 1876 415 ,
1890 362 1951 403 καὶ
1968 363 2008 402 τὸ
2023 363 2120 416 παρὰ
2139 363 2180 404 τὸ
2198 362 2235 403 ὃν
2257 365 2317 402 οὖ-

1271 422 1349 471 δέν,
1371 425 1418 467 ὡς
1437 422 1485 473 μὴ
1501 422 1538 461 ὅν
1552 452 1562 470 ,
1579 422 1637 462 ἵνα
1659 423 1709 475 μὴ
1731 422 1847 462 πολλὰ
1867 423 1978 473 λέγων
1993 423 2111 477 εἶσάξῃ
2131 423 2192 463 καὶ
2208 423 2246 464 τὸ
2263 424 2313 475 μὴ

1270 481 1308 522 ὅν
1322 512 1334 532 ,
1352 484 1384 522 οἱ
1406 483 1497 535 ἀμφὶ
1519 482 1744 537 Ξενοκράτην
1765 483 1825 522 καὶ
1850 483 2028 523 Πλάτωνα
2046 483 2240 524 ἐνεδίδοσαν
2266 486 2316 537 τῷ

1270 542 1384 595 λόγῳ,
1410 542 1471 581 καὶ
1503 548 1574 587 τοῖς
1606 542 1669 587 τὰς
1695 543 1899 596 διχοτομίας
1919 543 1979 582 καὶ
2011 544 2072 589 τὰς
2095 546 2150 584 ἐπ’
2171 543 2314 597 ἄπειρον

1271 601 1456 654 διαιρέσεις
1476 604 1537 639 τοῦ
1561 600 1657 646 ὄντος
1677 603 1876 654 εἰσάγουσιν
1890 631 1901 650 ,
1919 604 1965 646 ὡς
1988 602 2030 641 ἂν
2050 602 2089 642 τὸ
2108 603 2144 642 ἓν
2161 601 2313 656 δειχθείη
2353 599 2357 603 ’

1269 659 1407 708 πολλοί,
1428 659 1488 698 καὶ
1509 660 1546 698 οὖ
1565 660 1692 712 κυρίως
1709 659 1746 699 ἓν
1768 660 1822 709 εἴη
1849 660 1889 699 τὸ
1908 660 1945 700 ὄν
1958 693 1969 713 ,
1991 663 2021 700 εἰ
2042 661 2214 715 διαιρετὸν
2234 661 2288 709 εἴη
2302 692 2314 711 ,

1268 725 1315 763 ὼς
1351 718 1576 771 Παρμενίδης
1610 719 1830 773 ἰσχυρίζετο,
1859 721 1920 760 καὶ
1949 719 2010 760 σὺν
2041 722 2138 774 αὐτῷ
2165 720 2313 770 Ζήνων,

1269 779 1420 829 ἀναιρῶν
1445 777 1490 815 τὰ
1510 778 1644 827 πολλά,
1671 781 1717 822 ὡς
1736 778 1810 818 ἔστι
1839 781 1962 829 μαθεῖν
1984 780 2023 818 ἐκ
2041 783 2102 817 τοῦ
2127 781 2314 819 Πλατωνι-

1268 840 1329 875 κοῧ
1356 835 1601 889 Παρμενίδου·
1619 843 1689 882 τοῖς
1710 837 1875 882 τοιούτοις
1892 831 1952 877 ουν
1971 840 2005 877 οἱ
2028 838 2167 892 ἀμφι”““
2137 839 2315 892 εενοκροί-

1267 911 1330 944 την
1348 894 1409 935 καὶ
1430 894 1612 935 Πλάτωνα
1636 896 1880 940 ἀντιτείνοντες
1897 897 2078 949 ἀδιαίρετα
2095 897 2231 937 ἐποίουν
2252 914 2317 948 με·-

1267 955 1351 1007 γέθη
1365 985 1378 1008 ,
1397 958 1446 994 ὡν
1469 970 1528 993 και
1548 954 1588 993 τὸ
1607 953 1681 993 ἕν’
1666 957 1776 992 εκεῖνο
1797 955 1956 1005 ἐτίθουν,
1977 955 2062 995 ὥστ’
2088 950 2175 995 εἶναι
2198 956 2257 996 καὶ
2279 955 2316 995 ἓν

1266 1014 1326 1054 καὶ
1348 1013 1560 1065 ἀδιαίρετον.
1582 1014 1771 1052 Similiter
1798 1013 2042 1067 Philoponus
2072 1015 2118 1053 in
2147 1016 2312 1055 Aristot.

1267 1075 1384 1126 Phys.
1427 1073 1500 1113 lib.
1542 1073 1560 1112 1
1595 1074 1662 1111 fol.
1706 1073 1749 1121 B,
1788 1075 1833 1111 16
1865 1082 1904 1112 et
1936 1074 1982 1123 C,
2029 1088 2044 1111 1
2076 1073 2161 1126 πρὸς
2189 1074 2225 1113 δὲ
2257 1076 2316 1114 τὸν

1265 1134 1426 1182 Ζήνωνος
1462 1132 1586 1184 λόγον,
1593 1182 1597 1185 ¹
1624 1132 1683 1171 τὸν
1719 1132 1944 1206 Ξενοκράτην
1976 1131 2081 1185 φασὶν
2115 1134 2316 1181 ἀπαντῆσαι

1266 1191 1475 1243 ὑποθέμενον
1497 1190 1583 1242 μὴ’
1569 1191 1622 1230 επ’
1645 1191 1788 1244 ἄπειρον
1808 1190 1873 1238 τὴν
1896 1207 1964 1229 των
1986 1193 2142 1242 μεγεθων
2162 1190 2314 1243 γίνεσθαι

1264 1253 1397 1304 τομήν,
1417 1250 1628 1292 καταλύσειν
1644 1251 1710 1305 γάρ
1726 1252 1772 1295 εἷς
1794 1250 1943 1301 ἀτόμους
1959 1250 2127 1327 γραμμὰς
2143 1251 2316 1324 τεμνομέ-

1265 1328 1328 1359 νην
1360 1311 1424 1359 τὴν
1451 1311 1645 1365 γραμμήν·
1665 1310 1816 1363 ηγνόησε
1845 1310 1881 1349 δὲ
1913 1312 1974 1349 καὶ
2004 1314 2101 1354 οὗτος
2133 1311 2315 1364 ἀντιφάσει

1265 1370 1465 1424 περιπεσὼν
1483 1370 1539 1410 διὰ
1556 1375 1616 1411 τοῦ
1629 1372 1741 1410 δοκεῖν
1758 1369 1895 1424 φεύγειν
1913 1368 2011 1417 τὴν’
1992 1370 2190 1424 αντίφασιν.
2207 1370 2311 1409 Idem

1265 1433 1382 1484 paulo
1401 1439 1490 1483 post
1509 1431 1566 1470 sic
1587 1431 1746 1483 pergit:
1768 1430 1850 1470 ἔνιοι
1867 1428 1938 1468 δὲ’
1923 1445 1976 1468 ενε
1967 1429 2084 1469 ’δοσαν
2110 1432 2182 1473 τοῖς
2200 1429 2315 1482 λόγοις

1268 1490 1499 1545 ἀμφοτέροις·
1520 1490 1749 1544 ἀμφοτέροις,
1771 1489 1880 1543 φησί,
1902 1492 1973 1534 τοῖς
1994 1505 2034 1528 τε
2050 1492 2112 1529 τοῦ
2132 1489 2314 1541 Παρμενί-

1266 1551 1326 1588 δου
1353 1549 1505 1594 καὶτοῖς
1536 1553 1594 1589 τοῦ
1629 1553 1787 1600 μαθητοῦ
1808 1550 1914 1588 αὐτοῦ
1947 1549 2127 1597 Ζήνωνος·
2157 1550 2227 1594 τοῖς
2249 1549 2312 1600 μὲν

1264 1624 1325 1648 του
1349 1609 1565 1648 διδασκάλου
1594 1611 1612 1648 6
1646 1609 1854 1653 διδάσκαλος
1888 1608 2070 1660 Πλάτων,
2101 1614 2171 1654 τοῖς
2191 1609 2226 1647 δὲ
2250 1613 2311 1647 ἰτοῗιι

1266 1672 1422 1720 μαθητου
1444 1668 1606 1716 Ζήνωνος
1625 1671 1643 1708 6
1671 1668 1835 1736 μαθητὴς
1866 1669 2058 1713 Πλάτωνος
2090 1668 2164 1707 δ”
2132 1669 2313 1722 ι-ενοκρά-

1264 1746 1339 1777 της·
1356 1730 1369 1780 )

1319 1802 1370 1829 26.
1393 1787 1521 1829 Ἔνθεν
1549 1791 1567 1828 6
1596 1787 1825 1840 Ξενοκράτης
1857 1787 1980 1842 ἀνῄρει
2002 1787 2066 1835 τὴν
2092 1787 2147 1826 ἐπ’
2169 1787 2312 1841 ἄπειρον

1263 1849 1333 1886 τῶν
1352 1850 1510 1900 μεγεθων
1531 1847 1662 1899 τομήν·
1685 1846 1789 1891 αὐτος
1809 1862 1892 1899 γουν
1913 1849 2102 1900 πολλαχῶς
2122 1848 2313 1902 συγχωρή-

1264 1923 1327 1950 σας
1347 1907 1460 1960 τούτῳ
1484 1905 1647 1953 ἀληθεῐ”
1627 1922 1701 1945 οντι
1713 1906 1834 1957 ,ὅμως
1851 1906 2048 1946 ἐπελύσατο
2046 1910 2231 1978 μοναχῶς
2249 1906 2313 1956 τὴν

1268 1965 1440 2019 ἀπορίαν,
1468 1968 1504 2006 ἐν
1533 1969 1582 2010 οἱς
1602 1981 1662 2005 και
1682 1965 1786 2005 τοῦτό
1808 1981 1913 2020 φησιν
1943 1965 1997 2006 ὅτι
2021 1968 2089 2005 τῶν
2112 1969 2266 2019 μεγεθῶν
2289 1971 2311 2018 ἡ

1263 2025 1354 2077 τομὴ
1378 2026 1526 2077 δυνάμει
1547 2026 1611 2100 μέν
1636 2027 1730 2065 ἐστιν
1751 2025 1805 2064 ἐπ’
1831 2025 1996 2101 ἄπειρον,
2019 2026 2172 2080 ἐνεργεία
2196 2026 2310 2076 δὀὔ,

1264 2086 1434 2125 ἀδύνατον
1456 2084 1525 2139 γὰρ
1543 2085 1699 2139 ἐνεργείᾳ
1720 2085 1882 2137 γενέσθαι
1899 2085 1938 2124 τὸ
1961 2085 2121 2139 ἄπειρον·
2139 2084 2230 2125 ὥστε
2252 2101 2313 2124 και

1264 2150 1288 2195 ἡ
1309 2145 1446 2194 κίνησις
1471 2144 1619 2199 δυνάμει
1649 2145 1713 2197 μὲν
1744 2146 1788 2183 δι’
1813 2144 1968 2197 ἀπείρων
1991 2144 2195 2194 ἐλεύσεται,
2216 2147 2310 2199 ἐνερ-

1262 2205 1341 2259 γείᾳ
1365 2203 1401 2243 δὲ
1428 2203 1485 2244 διὰ
1514 2204 1815 2258 πεπερασμένων·
1843 2202 1921 2242 οὐδὲ
1952 2203 2020 2256 γὰρ
2049 2202 2142 2242 κατὰ
2166 2205 2310 2254 σημεῖον

1262 2335 1366 2368 critus
1381 2334 1514 2367 dicebat
1532 2335 1566 2367 et
1588 2335 1786 2367 Xenocrates
1818 2334 2011 2367 insecabiles
2032 2333 2134 2366 lineas
2150 2335 2311 2376 statuens,

1262 2403 1281 2428 e
1302 2394 1465 2427 contrario
1485 2393 1726 2427 mathematicis
1742 2392 1974 2427 assimilentur.

1305 2457 1355 2487 25.
1379 2455 1578 2487 Xenocrates
1594 2453 1729 2495 quidem
1748 2454 1864 2486 contra
1887 2452 2069 2486 sectionem
2096 2452 2130 2484 in
2147 2452 2312 2485 inlinitum

1260 2513 1365 2546 lineas
1380 2512 1574 2547 insecabiles
1593 2513 1702 2554 affert,
1719 2514 1759 2546 ut
1781 2514 1898 2546 caveat
1918 2512 2009 2545 idem
2030 2521 2134 2545 unum
2154 2513 2188 2545 et
2205 2512 2310 2545 multa

1262 2572 1388 2612 dicei-133
1413 2582 1514 2615 quam
1531 2573 1825 2606 contradictionem
1840 2572 1926 2605 male
1942 2572 2164 2615 interpretans
2179 2571 2213 2604 in
2226 2571 2310 2604 alte-

1261 2642 1333 2666 ram
1362 2632 1478 2666 incidit
1509 2633 1803 2666 contradictionem
1830 2641 1970 2674 eamque
2001 2632 2187 2674 graviorem
2200 2657 2209 2670 ‚
2236 2632 2314 2673 quia

1261 2691 1349 2725 idem
1372 2692 1474 2725 simul
1493 2691 1753 2734 magnitudinem
1775 2693 1810 2725 et
1836 2701 1902 2724 non
1931 2691 2191 2734 magnitudinem
2215 2691 2311 2724 facie·

1261 2752 1342 2785 bat:
1362 2752 1494 2785 tametsi
1520 2752 1609 2785 idem
1631 2751 1743 2785 dicere
1767 2761 1872 2785 uuum
1898 2754 1932 2784 et
1951 2751 2057 2785 multa
2085 2760 2151 2784 non
2182 2753 2233 2785 est
2252 2760 2310 2792 ea,

1263 2821 1338 2853 quae
1361 2811 1511 2854 opposita
1539 2812 1628 2853 sunt,
1653 2811 1744 2845 idem
1773 2811 1957 2854 appellare,
1987 2810 2017 2844 si
2036 2810 2110 2852 quis
2130 2810 2311 2853 potentiam

1262 2872 1296 2905 et
1312 2873 1425 2905 actum
1443 2872 1640 2915 distinguam
1657 2873 1694 2906 at
1711 2871 1799 2906 idem
1815 2872 1932 2915 putare
1947 2871 2067 2904 lineam
2085 2872 2119 2904 et
2140 2880 2210 2904 rem
2226 2870 2310 2904 inse·

1262 2931 1398 2964 cabilem
1416 2933 1527 2974 aperte
1547 2933 1599 2965 est
1614 2931 1737 2965 lineam
1755 2941 1821 2964 non
1834 2931 1957 2964 lineam
1975 2940 2048 2964 esse
2064 2930 2226 2973 fingentis.

1304 2997 1357 3026 26.
1382 2994 1590 3035 Quapropter
1617 2995 1816 3027 Xenocrates
1847 2992 2025 3026 sectionem
2050 2991 2311 3034 magnitudinum

1260 3051 1294 3085 in
1314 3051 1476 3085 infinitum
1495 3052 1631 3086 sustulit
1653 3065 1662 3086 ε
1683 3052 1754 3095 ipse
1775 3052 1911 3094 quidem
1931 3051 2083 3093 quamvis
2107 3050 2312 3083 multimodis

1262 3110 1342 3145 huic
1355 3111 1445 3154 quod
1459 3121 1576 3154 verum
1595 3114 1649 3146 est
1664 3121 1821 3146 assensus
1848 3113 1950 3152 esset,
1970 3113 2082 3144 tamen
2100 3119 2167 3143 uno
2182 3111 2311 3143 tantum

1262 3171 1364 3204 modo
1382 3172 1603 3215 quaestionem
1622 3172 1656 3204 in
1673 3171 1803 3215 scriptis
1825 3171 1946 3213 solvit,
1963 3160 2022 3204 ubi
2037 3172 2070 3203 et
2080 3170 2144 3203 hoc
2156 3169 2312 3209 affirmat,

1261 3231 1524 3274 magnitudinum
1543 3232 1723 3266 sectionem
1745 3232 1779 3264 in
1810 3230 1977 3264 infinitum
2005 3229 2154 3272 potentia
2178 3228 2312 3270 quidem

1262 3298 1347 3334 esse,
1364 3292 1442 3324 actu
1459 3291 1572 3324 autem
1586 3300 1651 3324 non
1669 3300 1753 3332 esse,
1775 3290 1852 3332 quia
1869 3290 1939 3323 fieri
1954 3291 2096 3332 nequeat
2113 3291 2151 3322 ut
2172 3289 2250 3321 actu
2267 3287 2312 3320 sit

1263 3349 1445 3390 infinitum3
1485 3350 1704 3393 quamobrem
1732 3351 1832 3384 etiam
1863 3351 1974 3384 motus
2002 3348 2149 3392 potentia
2178 3347 2313 3389 quidem

1264 3419 1323 3454 per
1353 3411 1479 3446 infinita
1506 3412 1714 3454 penetrabit,
1740 3414 1818 3444 actu
1853 3420 1936 3444 vero
1962 3419 2022 3452 per
2056 3407 2167 3447 finita3
2205 3415 2313 3448 neque

1263 3469 1350 3504 enim
1374 3479 1431 3514 per
1449 3473 1607 3514 punctum
1631 3471 1670 3505 fit
1692 3471 1820 3512 motus,
1836 3470 1893 3504 sed
1913 3479 1970 3513 per
1988 3467 2157 3501 definitam
2179 3465 2311 3509 magni-
