2508 3776
618 171 943 214 ·ETHICORUM
971 169 1425 214 NICOMACHEORUM
1460 171 1842 214 PARAPHRASIS.

49 247 59 255 “
134 260 211 318 μὴ
226 259 334 303 αὓτῦν
351 253 442 300 εἶναι
457 259 704 314 εὗεργέτην·ἢ
733 261 839 301 αὐτὸν
861 260 926 310 μὲν
951 259 1085 300 οἴκοθεν
1111 261 1209 313 εὔερ-

131 323 290 376 Μῖνι,
316 321 382 360 οὔκ
407 321 515 359 αὐτου
549 321 586 359 δὲ
610 319 715 360 ἕνεκα
743 337 803 361 του
825 315 863 360 εῧ
882 320 1101 374 πάσχοντος,
1129 320 1210 359 ἀλλ’

140 382 306 433 ίωῖτιοῢ,
327 379 390 420 καὶ
410 379 468 420 διὰ
488 379 529 420 τὸ
547 381 746 435 χρήσιμον·
778 396 893 420 ταυτα
919 380 958 420 δὲ
979 385 1074 420 ποιεῖ
1089 379 1149 420 τὸν
1173 372 1212 418 εῧ

78 438 344 497 -Ιάσχοντα
367 439 418 492 μὴ
438 439 531 480 πάνυ
553 439 709 493 βεὸαίως
738 440 797 480 τὸν
829 440 1088 493 εὐεργετοῦντα
1107 439 1210 490 γινώ-

71 498 75 501 ’
123 513 280 546 mm·
267 498 358 539 ·τὸν
377 497 530 552 μέντοιω
546 499 731 554 εὐεργέτην
747 499 826 540 οὐδὲ
827 515 846 539 ν
864 501 993 539 κωλύει
1012 499 1071 539 τὸν
1086 492 1125 539 εῧ
1144 499 1211 539 ποί-

130 572 290 614 qen&
299 558 498 614 γινώσκειν,
511 558 565 599 ὅτι
580 559 702 599 ἑαυτὸν
718 559 873 613 ἄκριὸῶς
888 558 1065 635 γινώσκει,
1084 558 1138 598 ὅτι
1158 559 1213 597 εὖ·

156 618 306 673 εργέτης
327 619 422 659 ἐστὶν
449 621 605 669 ἀληθως.
627 620 698 660 Διὰ
723 623 839 658 ταῦτα
861 622 880 659 ὁ
899 612 938 657 ευ
966 633 1077 658 ποιων
1096 621 1155 658 τὸν
1176 613 1216 659 εῧ

131 678 340 733 πάσχοντα
357 679 453 732 φιλεῖ
472 680 632 732 μᾶλλον,
655 677 712 726 ἢε
699 679 759 717 υπ’
781 678 915 718 ἐκείνου
937 678 1106 732 φιλεῖται.

196 739 404 792 (Scripsi.
425 745 443 763 ⁸
461 738 600 792 οὐκέτι]
619 739 706 780 cod
727 739 791 778 οὐκ
813 738 880 778 ἔτι.
900 759 954 768 -
970 736 988 762 ¹>
1005 736 1095 791 κᾶν]
1118 738 1208 779 cod.

125 797 236 854 κᾷν
251 815 308 831 ⁴·-
335 805 350 824 ⁶
372 797 398 847 ἡ
423 797 550 851 λόγος]
579 798 599 838 ὃ
625 799 742 852 λόγος.
773 820 829 830 -
853 800 869 824 ‘¹
900 797 1095 851 πράττειν]
1125 797 1209 836 cod.

128 863 336 913 κρατεῖν.
355 881 411 889 --
427 862 443 882 ⁶
461 861 541 899 καθ’
572 857 678 911 ὅσον]
705 859 794 900 cod.
825 857 989 899 καθόσον.
1010 880 1065 889 --
1090 856 1210 910 ῐᾶρα]

126 919 240 960 ·οοδ.
263 913 350 974 ἆρα.
369 924 455 950 -ῑ
481 919 550 959 εἴτε
571 918 656 972 καὶ]
681 920 770 959 cod.
795 921 826 959 εἰ
846 919 921 960 καὶ.
937 923 1018 951 ——h
1037 934 1098 958 του
1119 919 1214 971 εὐερ-

129 978 266 1034 ..⁷⁴sn'vw
263 978 295 1028 ἢ
309 982 374 1019 τοῦ
401 980 458 1020 eos
462 979 695 1032 ργετουμένου
712 980 790 1019 καθ’
807 978 908 1032 ὅσον]
930 980 1016 1019 cod.
1037 982 1098 1018 τοῦ
1118 979 1211 1030 εὐερ

147 1038 403 1094 musteum
423 1044 484 1079 τοῦ
498 1039 681 1095 εὐεργέτου
701 1039 864 1081 καθόσον.
878 1062 932 1071 -
941 1034 1102 1092 Ιἧττον]
1119 1039 1207 1080 cod.

149 1099 271 1150 ἦττον.
283 1099 301 1125 ¹
326 1099 477 1156 ῥαδίως]
509 1100 596 1141 cod.
630 1100 772 1155 ῥαδίως.
802 1122 855 1131 -
873 1099 953 1139 'eb
975 1100 1038 1151 μὲν
1067 1093 1106 1140 ευ
1140 1099 1210 1138 πά-

151 1158 273 1215 σχειν]
306 1159 396 1202 cod.
439 1159 480 1200 τὺ
508 1158 572 1213 μὲν
603 1160 775 1214 πάσχειν
798 1182 853 1191 -
880 1158 1083 1213 ιιιμέντοι]
1119 1159 1208 1200 cod.

153 1218 220 1271 μίν
232 1226 300 1261 τοι.
315 1219 394 1274 ·-)

163 1300 169 1311 ί
609 1325 701 1379 Κεφ.
732 1324 776 1365 θ’.

486 1435 566 1480 Περὶ
583 1438 640 1472 τῆς
656 1434 832 1473 φιλαυτίας.

196 1530 223 1555 ³*
240 1529 317 1572 Καὶ
337 1533 454 1570 ταῦτα
474 1529 539 1582 μὲν
559 1532 608 1574 εἷς
626 1533 806 1570 τοσοῦτον.
829 1529 1008 1578 Ζητητὲον
1032 1529 1068 1569 δὲ
1089 1530 1205 1569 κάκεῖ-

44 1621 58 1638 1,
201 1593 250 1642 ‚¹⁸
274 1589 425 1644 πότερον
457 1589 581 1630 ἑαυτὸν
604 1589 655 1628 δεῖ
686 1590 798 1641 φιλεῖν
831 1589 1014 1640 μάλιστα,
1043 1588 1067 1637 ἢ
1101 1589 1205 1628 ἄλλον

55 1643 58 1647 ’
94 1685 103 1693 ,.
146 1649 241 1690 τινά.
265 1652 373 1691 Δοκεῖ
392 1649 462 1703 γὰρ
481 1649 523 1688 τὸ
541 1641 664 1688 ἑαυτὸν
683 1648 842 1700 μάλιστα
856 1650 969 1703 φιλεῖν
985 1649 1049 1687 οὐκ
1067 1649 1208 1701 ἀγαθῶν

134 1708 285 1764 Ὧνδρῧν
305 1702 420 1749 εἶναι·
438 1708 500 1748 καὶ
519 1707 578 1748 διὰ
603 1712 708 1748 τοῦτο
737 1710 973 1760 ἐπιτιμῶνται
1002 1709 1034 1746 οἱ
1064 1707 1207 1753 ἑαυτους

149 1769 308 1823 μάλιστα
334 1770 558 1822 ἀγαπῶντες,
575 1767 676 1808 καὶ*
656 1785 704 1812 ως
723 1769 759 1807 ἐν
778 1761 918 1822 αἰσχρῷ
939 1767 1140 1821 φίλαυτοι’
1120 1784 1208 1807 απο-

147 1830 362 1870 κάλουνται·
383 1826 435 1867 ἔτι
455 1825 493 1867 δὲ
521 1827 582 1866 καὶ
612 1826 666 1867 ὅτι
697 1829 716 1866 ὁ
737 1827 802 1878 μὲν
826 1827 956 1881 φαῦλος
976 1827 1070 1866 δοκε
1040 1843 1070 1866 ει
1089 1827 1207 1867 πάντα

146 1889 317 1956 πράττειν
336 1889 466 1927 ἑαυτοῦ
495 1885 629 1942 χάριν,
657 1886 719 1926 καὶ
753 1885 909 1941 τοσούτῳ
942 1888 1101 1938 μᾶλλον,
1133 1887 1205 1941 ὅσω

146 1943 378 2022 φαυλότερος·
399 1945 462 1986 καὶ
493 1948 699 1999 ἐγκαλεῖται
720 1945 778 1986 διὰ
796 1961 922 1997 τουτο,
942 1945 995 1986 ὅτι
1015 1946 1113 1987 οὐδὲν
1136 1951 1204 1988 τῶν

125 2002 185 2049 (ἲ
196 2024 246 2050 ων
256 2006 367 2048 πλέον
383 2007 563 2054 ἐπιζητεῖ,
574 2007 655 2046 ἀλλ’
675 2008 799 2046 ἑαυτοῦ
815 2007 920 2060 χάριν
932 2006 1050 2047 πάντα
1066 2014 1170 2048 ποιεῖ·
1185 2011 1203 2048 ὁ

67 2115 70 2118 ,
176 2058 374 2117 ἕπιεικὴς
384 2064 442 2105 διὰ
462 2065 503 2105 τὸ
519 2067 626 2106 καλὸν
649 2066 766 2106 πάντα
783 2066 956 2119 πράττει,
969 2066 1029 2106 καὶ
1049 2067 1204 2122 τοσούτῳ

130 2143 177 2185 ‚ss
300 2124 404 2181 ,ὅσῳ
426 2124 574 2180 βελτίων
597 2126 692 2166 καὶ
676 2141 753 2166 επιε
758 2126 957 2180 ικέστερος·
964 2125 1042 2203 ῗκαὶ
1067 2126 1124 2167 διὰ
1143 2128 1202 2167 τὸν

129 2235 131 2238 ι
257 2218 269 2236 ,
299 2156 397 2227 καὶ*
383 2201 438 2224 ινα
461 2187 511 2240 δῷ
545 2191 617 2231 τοῖς
649 2185 767 2231 ἄλλοις
795 2188 935 2240 τυχεῖν,
960 2179 1008 2225 ων
1042 2187 1200 2237 δέονται,

127 2223 298 2301 ,παρίησι
318 2245 365 2290 τὰ
385 2247 529 2285 ἑαυτου·
553 2245 611 2285 διὰ
632 2262 744 2286 ταυτα
769 2246 834 2298 μὲν
855 2250 913 2285 οὐν
936 2247 1029 2285 δοκεῖ
1057 2245 1107 2298 μὴ
1129 2247 1199 2286 δεῖν

42 2301 86 2348 ζ*
128 2341 130 2343 ,
133 2304 304 2357 μᾴλιστα
321 2303 466 2350 πάντων
485 2306 598 2380 φιλεῖν
628 2305 766 2347 ἑαυτόν,
794 2305 940 2350 Τούτοις
970 2305 1006 2345 δὲ
1043 2305 1131 2344 τὰ
1111 2322 1199 2360 εργα

134 2364 335 2419 διαφωνεῖ,
373 2362 436 2405 καὶ
469 2365 534 2405 οὔκ
568 2363 718 2418 αλόγως.
756 2364 859 2405 Φασὶ
896 2365 964 2418 γὰρ
997 2364 1073 2404 δέον
1109 2360 1198 2406 εἶναι

41 2427 63 2442 ”
130 2422 303 2477 ,μάλιστα
320 2424 446 2479 φιλεῖν
451 2423 511 2463 τὸν
540 2423 698 2477 μάλιστα
719 2424 840 2478 φίλον,
866 2424 1023 2476 μάλιστα
1045 2424 1079 2464 δὲ
1101 2425 1197 2479 φίλος

52 2479 78 2521 ἶ,
115 2483 117 2485 ’
133 2484 172 2525 Ιδ
180 2482 305 2537 σώζων
320 2482 439 2524 πάντα
453 2483 500 2523 τὰ
515 2482 636 2537 φιλικὰ
654 2484 734 2537 περὶ
753 2484 811 2524 τὸν
829 2484 1060 2539 φιλούμενον·
1075 2485 1197 2537 φιλικὰ

48 2533 85 2568 ⁷¹5
143 2535 271 2584 δὲἒστι
284 2542 328 2583 τὸ
344 2542 531 2596 βούλεσθαι
549 2542 595 2582 τὰ
608 2542 723 2596 ἀγαθὰ
741 2545 791 2598 τῷ
813 2543 904 2598 φίλῳ
927 2543 1062 2583 ἐκείνου
1081 2544 1197 2595 ἕνεκα,

52 2610 105 2660 'NJ
131 2600 256 2643 -ιιιὶά
275 2601 399 2655 μηδεις
427 2601 559 2642 εἴσεται
587 2618 713 2653 τουτο,
743 2603 804 2643 καὶ
831 2619 871 2642 το
904 2607 1011 2652 συζῆν
1040 2604 1196 2656 μάλιστα

59 2665 84 2697 'J
131 2661 280 2713 ζητεῖν,
306 2660 367 2702 καὶ
387 2661 428 2702 τὸ
453 2665 639 2715 συναλγεῖν
666 2634 728 2702 κάὶ
763 2666 968 2718 συγχαίρειν
991 2682 1000 2691 ·
1024 2681 1138 2706 ταυτα
1158 2665 1195 2705 δὲ

127 2714 260 2762 ΔΝπάντα
280 2720 385 2768 αὑτός
398 2737 457 2768 -τις
477 2724 593 2776 ἐαυτῶ
621 2723 814 2775 ἀπονέμει,
846 2725 906 2764 καὶ
929 2726 1000 2765 ἀπὸ
1018 2728 1087 2765 τῶν
1111 2725 1197 2779 πρὸς

137 2774 268 2822 iambv
285 2781 348 2822 καὶ
366 2781 412 2822 τὰ
430 2782 518 2837 πρὸς
535 2782 615 2828 τοὺς
635 2782 756 2837 φίλους
777 2783 930 2839 ἐλήφθη,
953 2784 1068 2830 καθὼς
1091 2787 1125 2824 ἐν
1146 2788 1196 2840 τῷ

74 2841 79 2844 ’
141 2838 175 2880 δ’
201 2839 341 2899 εἴρηται
369 2841 567 2897 κεφαλαίῳ.
597 2842 744 2888 Τούτοις
776 2843 811 2883 δὲ
849 2845 910 2884 καὶ
936 2847 971 2885 αἱ
1007 2845 1196 2899 παροιμίαι

140 2902 256 2942 πᾶσαι
273 2905 502 2957 μαρτυροῦσι.
538 2901 632 2947 'laiac
650 2902 719 2956 γὰρ
745 2903 881 2959 σφόδρα
903 2905 1021 2959 φίλους
1045 2906 1188 2953 δηλουν-

107 2980 110 2987 ⁴
139 2974 225 3012 τις,
239 2957 304 3014 μία
324 2960 424 3016 ψυχή
446 2977 553 3014 φασι·
576 2961 626 3002 ἔτι
647 2961 682 3001 δὲ
703 2964 762 3001 καὶ
787 2963 827 3003 τὸ
852 2963 951 3004 κοινὰ
979 2964 1024 3003 τὰ
1043 2981 1112 3004 των
1133 2965 1192 3039 φί-

58 3043 78 3074 2²
207 3060 209 3062 ,
239 3019 288 3065 εἷς
306 3023 408 3060 τοῦτο
426 3019 548 3074 φέρει,
579 3021 639 3061 καὶ
661 3021 779 3071 ἰσότης
811 3023 978 3077 φιλότης,
1015 3024 1076 3063 καὶ
1109 3024 1192 3077 γόνυ

71 3082 94 3111 ’-
134 3070 278 3131 μνήμης
303 3078 436 3132 ἔγγιον.
464 3081 509 3120 Εἰ
535 3079 604 3134 γὰρ
629 3082 668 3122 τὸ
688 3082 822 3131 κοινόν,
845 3083 904 3123 καὶ
925 3086 946 3131 ἡ
970 3084 1112 3133 ἰσότης,
1134 3085 1194 3124 καὶ

70 3147 71 3150 ’
137 3136 179 3189 τὸ
197 3136 365 3192 Ῑγγιστα,
383 3138 506 3194 φιλία,
538 3139 570 3179 τί
591 3140 716 3193 γένοιτ’
738 3141 780 3181 ἂν
804 3142 945 3182 ἑκάστω
966 3143 1193 3197 φιλικώτερον

48 3215 61 3235 ,·-
137 3197 288 3247 ἦαυτοῧς
309 3197 513 3250 μάλιστα”
490 3215 559 3254 αρα
586 3201 684 3254 φίλος
716 3201 820 3247 αὐτος
840 3204 962 3255 ἑαυτῷ.
1006 3204 1047 3243 Εἰ
1076 3204 1111 3243 δὲ
1133 3204 1193 3244 τὸν

55 3256 82 3289 '³—
135 3255 296 3309 μάλιστα
310 3256 438 3311 φίλον
431 3257 590 3300 μάλιστα
610 3260 663 3299 δεῖ
675 3261 799 3314 φιλεῖν,
819 3261 943 3301 ἑαυτὸν
961 3263 1013 3302 δεῖ
1035 3263 1193 3314 μάλιστα

134 3315 264 3370 φιλεῖν.

2245 174 2322 214 531

1278 264 1445 298 beneficos
1478 264 1721 299 aeeomm'odari
1750 274 1847 307 posse
1874 265 2063 299 videantur.
2097 265 2211 307 Neque
2240 265 2328 298 enim

1273 323 1383 357 solum
1405 323 1439 356 in
1464 323 1547 357 bene
1571 324 1723 358 faciendo
1740 334 1852 367 operae
1876 326 1910 358 et
1932 323 2055 358 laboris
2074 323 2202 366 aliquid
2232 323 2328 356 insu-

1274 386 1380 422 munt,
1404 383 1463 417 sed
1486 385 1590 426 magis
1607 385 1708 418 etiam
1736 385 1857 426 sciunt,
1881 393 1917 418 se
1935 384 1978 417 de
1993 383 2068 417 aliis
2093 383 2177 417 hene
2194 383 2327 422 mereri,

1274 454 1377 487 quam
1396 444 1445 477 illi
1465 446 1676 487 exploratum
1694 445 1829 484 habent,
1855 454 1891 478 se
1916 444 1959 478 ab
1986 444 2040 478 his
2068 443 2227 477 benefic-ia
2241 443 2332 477 aeci-

1274 513 1360 546 pere.
1385 504 1472 538 Fieri
1493 505 1581 538 enim
1605 507 1726 547 potest,
1749 506 1788 538 ut
1819 503 1985 538 beneficus
2009 514 2074 537 non
2111 513 2171 537 sua
2194 505 2323 546 sponte,

1273 561 1332 595 sed
1360 563 1519 605 quoniam
1551 563 1647 596 alteri
1686 564 1894 605 gratificatur
1922 563 2119 597 beneficium
2159 562 2328 602 conserat,

1274 623 1374 664 atque
1390 623 1476 656 hane
1499 623 1542 656 ob
1571 632 1707 656 eausam
1737 632 1803 656 non
1831 623 1900 665 ipse
1938 623 2089 656 beneficii
2115 616 2232 657 aucto'r
2255 624 2299 659 sit
2321 636 2330 658 z

1273 681 1327 715 vel
1350 684 1389 715 ut
1415 682 1485 725 ipse
1508 682 1647 726 quidem
1670 683 1759 716 ultro
1788 682 1987 716 beneficium
2012 683 2171 723 conserat,
2207 685 2243 715 at
2268 692 2333 716 non

1273 740 1364 774 illius
1385 751 1496 782 causa,
1517 743 1552 776 in
1567 753 1670 786 quem
1691 742 1832 784 confert,
1852 742 1911 776 sed
1936 752 1997 775 sua
2018 751 2118 775 causa
2134 744 2168 776 et
2197 745 2334 786 propter

1274 802 1538 836 emolumentum
1565 813 1692 836 suum:
1716 812 1793 846 quae
1819 802 1946 835 faciunt
1972 804 2009 835 ut
2040 801 2099 844 qui
2132 801 2333 837 beneficium

1274 863 1394 906 accipit
1409 873 1474 896 non
1489 863 1614 906 optime
1632 863 1720 896 norit
1739 863 1889 896 beneficii
1914 862 2104 905 largitorem
2119 871 2128 895 ε
2147 861 2334 895 beneficum

1274 924 1386 955 autem
1402 923 1485 956 nihil
1501 923 1651 966 impedit,
1675 923 1855 966 quominus
1873 922 2042 955 hominem
2068 920 2227 955 beneficio
2247 920 2331 954 affe-

1274 984 1366 1015 ctum
1377 983 1474 1022 norit,
1490 984 1571 1026 quia
1588 993 1623 1016 se
1641 992 1720 1016 vere
1739 983 1925 1016 beneficum
1943 991 2015 1015 esse
2034 980 2134 1023 probe
2150 980 2225 1014 scit.
2245 983 2333 1020 Quo-

1275 1041 1363 1074 circa
1385 1042 1554 1075 beneficus
1571 1043 1740 1077 hominem
1758 1042 1917 1077 beneficio
1934 1043 2090 1077 ornatum
2112 1040 2218 1084 magis
2229 1043 2332 1080 amat,

1273 1111 1378 1146 quam
1403 1103 1445 1137 ab
1464 1103 1521 1136 illo
1535 1105 1680 1137 amatur.

1713 1333 1806 1366 cAP.
1828 1333 1884 1366 lx.

1683 1434 1727 1462 De
1740 1433 1788 1462 sui
1802 1440 1916 1463 amore.

1315 1535 1380 1569 Sed
1406 1535 1479 1568 haee
1507 1535 1682 1568 haetenus.
1717 1537 1793 1569 Jam
1819 1545 1900 1568 vero
1929 1537 1964 1568 et
1996 1534 2079 1568 illud
2110 1535 2333 1579 quaerendum

1271 1593 1334 1631 est,
1363 1593 1482 1624 utrum
1515 1600 1551 1624 se
1577 1591 1688 1634 ipsum
1718 1591 1864 1625 maxime
1890 1601 2002 1635 amare
2019 1594 2183 1635 oporteat,
2203 1602 2246 1626 an
2269 1592 2330 1626 ali-

1270 1656 1372 1690 quem
1398 1646 1513 1680 alium.
1528 1646 1670 1681 Videtur
1693 1647 1782 1680 enim
1801 1656 1836 1680 se
1853 1647 1943 1690 ipsos
1962 1648 2107 1681 maxime
2132 1657 2245 1682 amare
2266 1657 2332 1682 non

1270 1713 1343 1737 esse
1357 1703 1522 1736 bonorum
1540 1703 1726 1745 hominum,
1741 1712 1882 1747 eamque
1898 1704 1941 1737 ob
1960 1714 2095 1738 causam
2110 1705 2332 1748 objurgantur

1270 1759 1330 1802 qui
1354 1759 1407 1792 sui
1429 1762 1508 1793 sunt
1530 1759 1762 1799 amantissimi,
1787 1762 1821 1792 et
1843 1762 2004 1802 tanquam
2036 1761 2253 1803 ignominioso
2277 1770 2333 1793 no·

1271 1815 1359 1848 mine
1381 1817 1436 1850 sui
1458 1817 1624 1850 amatores
1650 1817 1814 1848 vocantur
1833 1817 2019 1858 :praeterea
2046 1816 2127 1858 quia
2159 1816 2333 1859 improbus

1269 1870 1381 1903 omnia
1409 1880 1471 1904 sua
1491 1880 1592 1904 causa
1617 1880 1714 1913 agere
1738 1870 1884 1909 videtur,
1911 1880 2017 1913 eoque
2036 1870 2152 1912 magis,
2171 1881 2240 1914 quo
2264 1871 2327 1904 im-

1270 1927 1404 1970 probior
1429 1930 1481 1962 est
1505 1928 1672 1971 :ideoque
1696 1929 1874 1961 accusatur
1892 1929 1927 1961 et
1953 1927 2220 1970 reprehenditur,
2239 1927 2330 1971 quod

1270 1983 1354 2018 nihil
1376 1984 1563 2018 studiosius
1597 1994 1699 2027 quam
1726 1993 1787 2017 sua
1810 1986 1915 2027 petat,
1941 1986 1974 2017 et
2007 1994 2068 2017 sua
2094 1994 2195 2018 eausa
2217 1985 2329 2018 omnia

1270 2043 1371 2076 saciat
1390 2055 1398 2075 :
1417 2042 1470 2075 vir
1494 2041 1601 2075 bonus
1618 2043 1731 2074 autem
1759 2041 1870 2074 omnia
1891 2043 2027 2084 propter
2052 2042 2230 2075 honestum
2247 2041 2327 2084 agit,

1268 2109 1374 2142 eoque
1396 2099 1514 2141 magiS,
1535 2108 1603 2142 quo
1618 2098 1736 2131 melior
1752 2100 1785 2130 et
1803 2098 1973 2131 honestior
1988 2100 2040 2131 est
2061 2112 2069 2132 :
2091 2098 2151 2141 qui
2174 2100 2208 2132 et
2228 2098 2327 2132 amici

1267 2154 1375 2197 gratia
1401 2156 1436 2187 et
1452 2156 1491 2187 ut
1520 2153 1601 2186 alios
1617 2156 1785 2196 compotes
1804 2152 1905 2186 faciat
1924 2163 2052 2193 eorum,
2072 2154 2197 2197 quibus
2219 2156 2325 2196 egent.

1267 2218 1328 2242 sua
1348 2208 1482 2250 negligit
1505 2218 1543 2241 ac
1570 2208 1821 2251 praetermittit:
1837 2209 1880 2241 ob
1903 2209 1976 2242 haee
2000 2209 2104 2252 igitur
2120 2209 2255 2243 videtur
2271 2209 2329 2242 ali-

1266 2264 1343 2308 quis
1359 2274 1425 2297 non
1437 2264 1559 2298 debere
1575 2274 1611 2298 se
1628 2275 1733 2305 unum
1741 2265 1891 2298 omnium
1904 2266 2049 2299 maximo
2062 2276 2185 2300 amare.
2201 2267 2327 2300 Verum

1267 2321 1310 2354 ab
1330 2321 1393 2354 hac
1408 2321 1557 2355 oratione
1573 2322 1660 2355 facta
1675 2322 1879 2365 discrepant,
1895 2332 2003 2366 neque
2021 2323 2202 2358 immerito.
2222 2324 2325 2366 Ajunt

1266 2378 1353 2410 enim
1370 2379 1515 2411 maxime
1528 2387 1606 2411 eum
1623 2388 1735 2412 amare
1751 2382 1914 2422 oportere,
1938 2380 1998 2423 qui
2011 2380 2157 2414 maxime
2172 2381 2216 2413 sit
2233 2381 2316 2414 ami-

1266 2441 1337 2472 cus,
1365 2434 1512 2467 maxime
1533 2436 1646 2467 autem
1664 2436 1715 2467 est
1742 2435 1870 2468 amicus
1887 2435 1947 2478 qui
1966 2435 2079 2468 omnia
2101 2435 2215 2468 officia
2237 2436 2269 2468 in
2287 2445 2327 2469 eo

1265 2498 1371 2531 quem
1392 2488 1500 2531 diligit
1511 2490 1646 2521 servat:
1665 2491 1716 2522 est
1730 2499 1808 2522 vero
1821 2490 1972 2523 benevoli
1987 2490 2146 2531 officium,
2168 2493 2326 2533 exoptare

1264 2545 1372 2578 amico
1384 2544 1470 2579 bona
1494 2545 1586 2578 illius
1608 2546 1713 2588 ipsius
1742 2547 1858 2588 gratia,
1889 2547 1991 2580 etiam
2019 2548 2048 2581 si
2067 2557 2164 2581 nemo
2181 2547 2246 2581 hoc
2259 2547 2325 2581 sci-

1264 2602 1362 2633 turus
1386 2601 1447 2640 sit,
1465 2602 1510 2634 -et
1531 2611 1597 2634 una
1617 2601 1763 2634 maxime
1785 2602 1899 2635 vivere
1924 2603 2058 2644 conari,
2092 2605 2127 2636 et
2152 2613 2218 2636 una
2250 2605 2324 2636 tum

1263 2656 1375 2690 dolere
1404 2659 1477 2689 tum
1506 2657 1613 2690 laetari
1643 2668 1651 2690 ε
1674 2657 1748 2691 haee
1770 2660 1884 2692 autem
1911 2659 2023 2691 omnia
2046 2659 2142 2692 nobis
2162 2659 2244 2702 ipsis
2266 2660 2325 2692 tri-

1263 2712 1365 2746 buere
1404 2713 1560 2752 solemus,
1592 2715 1696 2756 atque
1728 2713 1854 2747 idcirco
1890 2714 1933 2747 ab
1964 2714 2082 2748 officiis
2111 2724 2190 2758 quae
2227 2715 2324 2748 nohis

1262 2769 1461 2810 praestamus
1493 2768 1596 2801 etiam
1622 2767 1732 2801 officia
1749 2768 1866 2801 amicis
1884 2769 2071 2812 praestanda
2089 2769 2308 2812 repetivhnus

1261 2823 1547 2866 quemadmodum
1561 2824 1595 2858 in
1613 2827 1736 2868 quanto
1751 2825 1859 2868 capite
1878 2825 2008 2859 dietum
2024 2827 2090 2860 est.
2107 2826 2168 2859 His
2182 2836 2322 2860 consen-

1259 2884 1354 2915 tanea
1375 2882 1487 2915 omnia
1509 2882 1613 2916 etiam
1629 2884 1806 2926 proverbia
1837 2886 1927 2918 sunt.
1958 2886 2043 2919 Nam
2058 2884 2141 2918 dum
2166 2885 2320 2919 homines

1259 2938 1478 2972 amicissimos
1488 2939 1646 2980 indicant,
1663 2950 1730 2974 una
1746 2950 1840 2974 mens
1856 2941 2012 2985 idemque
2026 2942 2170 2983 animus,
2182 2942 2316 2975 dicunt:

1257 2994 1339 3037 quin
1375 2995 1477 3028 etiam
1503 2995 1599 3036 illud,
1627 2995 1812 3031 amicorum
1835 2998 1946 3031 omnia
1973 2998 2172 3038 communia,
2202 2998 2318 3031 eodem

1257 3051 1411 3092 pertinet,
1438 3053 1473 3084 et
1502 3052 1678 3096 oequalitas
1702 3055 1753 3087 est
1778 3054 1937 3095 amicitia,
1957 3057 1990 3088 et
2013 3064 2098 3098 genu
2124 3064 2220 3088 cru-re
2242 3063 2314 3096 pro-

1257 3105 1347 3148 pius.
1370 3106 1404 3140 Si
1419 3106 1508 3140 enim
1521 3107 1557 3141 id
1577 3108 1667 3151 quod
1680 3118 1855 3143 commune
1868 3112 1902 3143 et
1915 3110 2044 3153 aequale
2068 3111 2102 3143 et
2122 3110 2314 3152 proximum

1256 3162 1327 3200 est,
1357 3161 1505 3195 amicitia
1528 3162 1700 3205 vocanda,
1727 3164 1810 3207 quid
1851 3165 2032 3207 unicuique
2069 3164 2179 3197 carius
2214 3174 2316 3207 quam

1256 3215 1326 3258 ipse
1352 3216 1415 3250 sibi
1435 3226 1507 3251 esse
1532 3219 1661 3261 possit?
1684 3219 1747 3252 sibi
1767 3228 1846 3261 ergo
1864 3221 2007 3263 quisque
2030 3220 2174 3253 maxime
2188 3220 2316 3254 amicus

1255 3272 1317 3303 est.
1334 3270 1368 3304 Si
1381 3280 1464 3305 vero
1479 3272 1690 3307 carissimum
1704 3274 1851 3307 maxime
1868 3284 1980 3308 amare
1994 3277 2137 3318 oportet,
2148 3274 2209 3308 sibi
2219 3275 2315 3318 quis-

1254 3335 1321 3369 que
1340 3328 1488 3361 maxime
1507 3329 1671 3363 amandus
1693 3332 1756 3363 est.

140 3466 141 3469 ,
179 3435 194 3451 “
211 3435 291 3479 Gap.
310 3439 342 3471 8.
367 3435 552 3482 Ἀπορεῖται
569 3439 604 3472 δὲ
616 3439 759 3484 πότερον
781 3441 832 3475 δεῖ
846 3443 948 3484 φιλεῖν
968 3443 1085 3476 ἑαυτὸν
1105 3443 1259 3485 μάλιστα,
1276 3445 1335 3478 κτλ
