2508 3776
298 175 378 214 418

293 263 341 313 τῷ
371 260 472 312 δήμῳ
491 258 549 297 τὸν
570 256 779 308 Δημοσθένη
804 258 1043 310 στεφανῶσαι,
1076 257 1099 307 ἢ
1129 260 1191 300 τὸν
1219 263 1270 302 Θε
1259 278 1335 313 εμι-

294 318 442 358 στοκλέα
458 318 575 357 καλειν
593 316 804 367 Ὀλύμπιον·
824 319 938 354 ταῦτα
960 317 1030 371 γὰρ
1046 318 1127 372 πρὶν
1146 322 1332 374 ψηφισθῆ-

293 394 370 426 ναι,
396 376 601 429 ἀδιάφορα’
583 388 641 423 ην·
658 374 874 429 ψηφισθέντα
894 376 949 426 δέ,
969 377 1088 416 δίκαια
1110 379 1217 419 δοκεῖ,

346 436 362 452 *
372 434 473 479 Τινὲς
489 434 523 473 δὲ
538 433 730 484 νομίζουσι,
747 435 857 485 μηδὲν
873 406 1005 474 δίκάιον
1018 430 1106 475 εἶναι
1118 437 1230 490 φύσει,
1242 439 1334 478 ἀλλὰ

292 495 406 533 πάντα
420 494 559 544 νομικά.
576 493 702 532 Ποίντα
722 493 784 543 μὲν
803 491 871 546 γὰρ
884 493 928 532 τὰ
942 494 1073 548 φυσικὰ
1085 497 1330 547 ἀμετάὸλητα·

292 554 330 593 τὸ
362 553 433 606 γὰρ
451 556 520 605 πῦρ
541 555 724 605 πανταχοῦ
750 552 814 591 καὶ
841 553 1007 593 ἑκάστοτε
1034 556 1236 607 θερμαίνει,
1272 558 1333 597 καὶ

291 614 373 666 παρ’
394 614 479 663 ἡμῖν
497 611 557 650 καὶ
573 612 607 650 ἐν
624 611 791 665 Αἰγύπτῳ
811 612 951 662 ὁμοίως·
967 612 1012 651 τὰ
1030 613 1066 652 δὲ
1083 614 1202 654 δίκαια
1216 616 1333 655 πάντα

293 670 585 722 μεταὸάλλονται·
606 669 646 708 τὸ
665 669 733 723 γὰρ
751 671 966 716 δανείζεσθαι
985 671 1046 710 καὶ
1066 671 1115 724 μὴ
1130 675 1334 714 ἀποδιδόναι

293 730 388 783 παρά
407 745 477 768 τισι
499 730 629 768 δίκαιον
650 729 753 768 δοκεῖ·
773 729 832 768 καὶ
860 730 972 769 τᾶλλα
997 731 1123 782 ὁμοίως
1143 732 1216 785 ἔχει
1231 763 1242 784 ,
1274 733 1334 773 καὶ

293 791 330 829 οὐ
350 795 440 828 πᾶσι
458 789 575 828 δίκαια
599 788 752 828 δοκεῖτὰ
768 789 871 829 αὗταί·
897 789 988 828 ὥστε
1016 790 1133 831 πάντα
1153 791 1197 831 τὰ
1215 793 1334 833 δίκαια

291 848 417 901 νομικὰ
431 852 540 897 εἶναι,
558 848 619 888 καὶ
632 848 729 887 οὐδὲν
747 847 907 902 φυσικόν.
928 848 1021 902 Πρὸς
1036 850 1077 898 δὴ
1095 854 1208 890 ταῦτα
1226 853 1335 894 ε’κεῒνο

291 909 459 960 λέγομεν,
480 906 532 946 ὅτι
553 909 590 946 οὗ
605 906 765 952 καθάπαξ
785 910 931 947 κινεῖται
951 924 1021 947 παν
1042 909 1173 948 δίκαιον
1193 910 1254 950 καὶ
1271 927 1335 963 με·

291 967 469 1006 ταπίπτει·
491 967 519 1004 εἷ
537 965 605 1017 γὰρ
625 965 685 1004 καὶ
701 965 785 1018 παρ’
808 966 1000 1017 ἀνθρώποις
1023 966 1139 1007 πάντα
1155 972 1197 1016 ἠν
1218 969 1263 1009 τὰ
1283 970 1333 1009 δί-

291 1041 375 1064 καια
396 1024 619 1077 μεταὸλητοί,
638 1023 735 1077 παρά
750 1039 789 1076 γε
804 1024 823 1051 ¹²
841 1025 910 1069 τοῖς
933 1027 1021 1070 θεοῖς
1043 1026 1179 1079 ἀνάγκη
1201 1027 1333 1069 δίκαιον

291 1089 379 1124 εἶναι
400 1083 707 1136 &perdetur-most
683 1099 773 1124 ωστε
788 1076 876 1122 εἶναί
891 1100 926 1123 τι
944 1085 1089 1138 φυσικὸν
1110 1086 1255 1127 δίκαιον·
1274 1092 1334 1128 νῦν

291 1143 327 1184 δὲ
350 1144 411 1184 καὶ
438 1143 563 1197 παρά
542 1143 755 1197 ἀνθρώποις,
775 1144 845 1188 τοῖς
859 1159 897 1183 τε
916 1145 1024 1197 ὀρθῶς
1043 1145 1103 1184 καὶ
1117 1148 1220 1197 ὑγιως
1233 1146 1334 1200 ἔχου-

291 1220 363 1252 σιν,
380 1203 453 1243 ἔστι
469 1209 482 1227 ⁰
501 1204 630 1243 δίκαιον
651 1203 838 1253 ἀκίνητον,
860 1202 878 1241 ὃ
898 1203 1040 1258 φυσικὸν
1059 1203 1213 1256 λέγεται.
1235 1207 1281 1245 Εἰ
1298 1205 1334 1244 δὲ

288 1265 358 1308 τοῖς
374 1266 512 1303 νοσοῦσι
539 1262 601 1307 τὰς
632 1262 757 1316 φρένας
775 1277 835 1300 και
866 1263 1154 1315 διεστραμμένοις
1183 1265 1221 1302 οὔ
1242 1265 1335 1303 δοκεῖ

290 1323 445 1368 δίκαιον,
473 1322 570 1362 οὐδὲν
600 1321 784 1374 διαφέρει,
815 1321 892 1360 οὐδὲ
916 1322 983 1374 γὰρ
1015 1323 1089 1361 ὁλε
1074 1338 1160 1374 εγων
1190 1323 1230 1362 τὸ
1252 1325 1333 1375 μέλι

288 1379 397 1433 γλυκυ
419 1374 507 1420 εἶναι
525 1379 713 1431 ψεύδεται,
742 1379 828 1418 διότι
848 1380 918 1424 τοῖς
937 1383 1095 1419 νοσοῦσιν
1121 1383 1159 1419 οὔ
1181 1386 1334 1422 τοιοῦτον

289 1442 393 1480 δοκεῖ·
408 1439 448 1479 τὸ
463 1438 579 1479 τοίνυν
602 1439 735 1478 δίκαιον
755 1438 794 1477 τὸ
811 1438 956 1491 φυσικὸν
978 1438 1074 1478 δοκεῖ
1097 1438 1160 1491 μέν
1183 1456 1253 1480 τισι
1277 1442 1332 1481 δί-

286 1515 400 1548 καιον,
423 1500 518 1538 δοκεῖ
536 1498 571 1537 δὲ
594 1497 710 1542 ἄλλοις
732 1498 781 1547 μὴ
803 1497 936 1536 δίκαιον
957 1491 1062 1539 εἶναι.

339 1559 373 1578 *⁸*
395 1559 501 1599 Ἀλλὰ
517 1558 557 1597 τὸ
584 1557 646 1610 μὲν
672 1560 810 1611 πρῶτον
837 1557 980 1611 φυσικόν
1003 1559 1076 1598 ἐστι
1095 1558 1155 1599 καὶ
1174 1560 1331 1614 ὑγιεινῶν

286 1619 488 1673 ἀνθρώπων,
500 1616 517 1642 ‘¹
531 1617 571 1656 τὸ
585 1616 621 1656 δὲ
637 1615 795 1670 δεύτερον
811 1617 909 1670 παρὰ
921 1616 1022 1668 φύσιν
1036 1617 1097 1656 καὶ
1110 1620 1332 1669 μαινομένων

287 1678 486 1731 ἀνθρώπων·
511 1677 565 1717 ὅτι
586 1675 647 1728 μὲν
669 1670 726 1715 οῧν
744 1674 842 1715 οὐδὲν
856 1675 984 1714 κωλύει
1006 1676 1150 1729 φυσικὸν
1167 1673 1258 1717 εἶναι
1274 1679 1330 1717 δί-

285 1753 408 1788 καιον,
430 1735 484 1775 ὅτι
516 1735 601 1775 ἔνιοι
623 1735 754 1774 δίκαιον
782 1736 821 1774 οὗ
849 1734 1047 1786 νομίζουσιν
1082 1737 1188 1785 αὐτό,
1207 1734 1328 1785 δῆλον.

284 1796 386 1836 Ἐπεὶ
406 1795 442 1835 δὲ
461 1795 521 1834 καὶ
546 1795 584 1834 τὸ
612 1794 754 1846 νομικὸν
780 1794 914 1833 δίκαιον
943 1794 1082 1842 κινητόν
1112 1796 1187 1834 ἐστι
1214 1796 1333 1837 καὶτὸ

283 1855 424 1909 φυσικὸν
454 1854 492 1894 ὃν
521 1854 658 1906 εἴρηται
691 1854 839 1908 τρόπον,
860 1853 926 1892 τίνι
966 1854 1250 1906 διακριθήσονται
1270 1856 1330 1896 καὶ

284 1915 466 1970 ἀμφότερα
493 1914 701 1965 κινούμενα;
723 1913 782 1953 καὶ
805 1914 898 1953 ἔστιν
930 1916 953 1960 ἡ
989 1914 1160 1967 διάκρισις
1180 1915 1326 1967 φανεροί.

282 1975 377 2015 Αὐτὸ
404 1974 472 2028 γὰρ
503 1973 771 2021 ἐξετασθήσεται
801 1972 842 2012 τὸ
871 1972 1003 2011 δίκαιον
1038 1974 1117 2011 καθ’
1153 1974 1275 2023 ἑαυτό,
1299 1975 1328 2013 εἷ

283 2034 452 2087 συμφέρει
465 2038 570 2071 πᾶσιν
589 2031 751 2080 ἀκίνητον
771 2030 829 2079 ὅν,
851 2030 912 2069 καὶ
930 2031 961 2068 εἷ
977 2030 1170 2069 καταλυθὲν
1192 2031 1328 2083 βλάὸην

283 2095 476 2144 ἐπενεγκεῖν
508 2091 667 2131 δύναται.
691 2090 762 2130 Καὶ
796 2091 825 2129 εἷ
846 2088 953 2134 οὕτως
972 2088 1064 2142 ἔχει,
1099 2089 1244 2142 φυσικὸν
1272 2089 1325 2129 δί-

281 2152 379 2192 καιόν
399 2153 492 2190 ἐστιν
505 2180 515 2199 ,
533 2153 562 2189 εἷ
579 2150 613 2189 δὲ
634 2150 682 2201 μὴ
704 2154 855 2189 τοιοῦτον
871 2179 880 2197 ,
902 2148 1060 2200 νομικόν·
1086 2148 1146 2187 καὶ
1176 2148 1244 2202 γὰρ
1267 2152 1325 2188 ἐν-

282 2211 420 2264 δέχεται
438 2210 499 2262 μὲν
515 2209 651 2254 πάντας
670 2212 713 2262 τῇ
733 2212 901 2261 ἀριστερᾷ
917 2207 1028 2261 χειρί,
1045 2209 1091 2252 ὡς
1107 2206 1222 2261 δεξιᾷ,
1240 2209 1328 2261 χρή-

284 2273 413 2310 σασθαι
433 2301 443 2321 ‚
477 2271 501 2316 ἡ
537 2268 680 2320 μέντοιο
715 2268 810 2313 δεξιὰ
839 2266 940 2321 φύσει
970 2266 1128 2320 φαίνεται
1159 2267 1325 2321 κρείττων

282 2324 371 2369 εἶναι
390 2332 452 2377 τῆς
472 2332 669 2382 ἀριστερᾶς·
693 2326 737 2366 τὰ
757 2327 793 2366 δὲ
811 2325 941 2377 νομικὰ
962 2326 1080 2365 δίκαια
1097 2326 1188 2366 κατὰ
1203 2327 1327 2375 συνθή-

282 2404 347 2435 κην
368 2386 589 2461 τηρούμενα,
618 2386 725 2437 ὅμοιά
751 2386 826 2425 ἐστι
846 2390 918 2429 τοῖς
941 2383 1099 2438 μέτροις,
1126 2385 1214 2457 ἅπερ
1235 2385 1326 2425 ἄλλα

281 2449 437 2500 ἀλλαχοῦ
455 2445 619 2498 γίνονται·
640 2445 684 2483 τὰ
705 2445 772 2498 γὰρ
792 2447 915 2496 οἰνηρὰ
929 2445 988 2483 και
1013 2443 1139 2497 σιτηρὰ
1160 2444 1271 2506 μέτρα
1287 2447 1326 2484 οὐ

280 2505 488 2557 πανταχοῦΓ
505 2506 590 2542 εἰσιν
618 2504 698 2552 ἴσα,
726 2503 803 2542 ἀλλ’
823 2507 861 2543 οὗ
883 2502 985 2554 μὲν’
966 2507 1136 2542 ωνοῦνται
1157 2503 1215 2542 τὸν
1236 2507 1324 2543 οἶνον

280 2563 303 2611 ἢ
323 2564 380 2603 τὸν
400 2566 494 2601 σῖτον
507 2592 517 2611 ,
539 2562 646 2613 μείζω
667 2562 712 2601 τὰ
736 2561 847 2613 μέτρα
864 2566 1046 2610 ποιοῦσιν,
1075 2566 1113 2600 οὗ
1132 2562 1167 2600 δὲ
1187 2564 1325 2601 πωλοῦ-

283 2638 363 2671 σιν,
383 2621 529 2661 ἐλάττω·
546 2620 604 2660 τὸν
626 2620 727 2659 αὐτὸν
756 2620 798 2667 δὴ
815 2619 942 2672 τρόπον
962 2620 1035 2672 ἔχει
1051 2632 1111 2659 και
1125 2621 1169 2658 τὰ
1193 2621 1240 2671 μὴ
1261 2636 1326 2674 φυ-

283 2652 366 2721 σικά
379 2711 390 2733 ,
414 2679 505 2718 ἀλλὰ
526 2678 749 2732 ἀνθρώπινα,
770 2678 831 2717 καὶ
851 2678 944 2717 κατὰ
966 2678 1140 2726 συνθήκην
1161 2680 1324 2731 γινόμενα

281 2740 415 2780 δίκαια.
435 2741 488 2778 Οὔ
503 2738 570 2791 γὰρ
588 2737 632 2777 τὰ
649 2738 739 2777 αὐτὰ
758 2741 951 2790 πανταχοῦ·
973 2737 1049 2776 ἐπεὶ
1070 2737 1147 2783 οὐδὲ
1165 2739 1324 2777 πολιτεία

282 2801 345 2852 μία
368 2805 489 2845 πᾶσιν,
507 2798 598 2837 ἀλλὰ
618 2797 682 2848 μία
705 2802 885 2850 πανταχοῦ
906 2796 1084 2846 πολιτεία,
1104 2799 1124 2844 ἣ
1141 2798 1232 2837 κατὰ
1255 2798 1323 2851 φύ-

281 2874 334 2899 σιν
355 2858 493 2909 ἀρίστη·
517 2855 635 2907 ὥσπερ
649 2856 708 2895 καὶ
723 2857 762 2895 τὸ
782 2856 924 2910 φυσικὸν
940 2856 1072 2896 δίκαιον
1093 2855 1130 2895 ἓν
1144 2860 1325 2909 πανταχοῦ

282 2921 316 2958 ἐν
337 2919 413 2960 ταῖς
432 2914 701 2966 εὐνομουμέναις
721 2916 930 2960 πολιτείαις.

337 2975 391 2993 **'‘
413 2974 486 3015 Καὶ
501 2973 605 3017 οὕτως
620 2974 694 3026 ἔχει
712 2975 795 3026 πρὸς
807 2975 867 3018 τὰς
884 2976 918 3013 ἐν
931 2975 1054 3019 αὐταῖς
1066 2973 1217 3027 πράξεις,
1228 2976 1275 3019 ὣς
1285 2974 1324 3014 τὸ

280 3035 426 3076 καθόλου
444 3034 530 3086 πρὸς
547 3032 592 3072 τὰ
605 3032 684 3072 καθ’
699 3032 842 3072 ἕκαστα·
853 3040 868 3062 8
879 3034 923 3072 τὰ
941 3034 1003 3084 μὲν
1017 3033 1084 3086 γὰρ
1098 3033 1324 3086 πραττόμενα

282 3093 418 3142 πολλά,
438 3091 478 3130 τὸ
495 3091 531 3130 δὲ
553 3092 705 3142 δίκαιον,
729 3090 751 3137 ἢ
768 3091 807 3129 τὸ
820 3091 968 3142 νόμιμον
981 3120 992 3142 ,
1011 3090 1059 3130 ἕν·
1083 3091 1230 3130 καθόλου
1256 3091 1323 3145 γάρ

282 3154 386 3192 ἔστιν·
410 3151 448 3190 οὗ
462 3149 530 3203 γὰρ
549 3149 646 3188 τόνδε
667 3150 725 3187 τὸν
743 3151 886 3201 ἀριστέα
912 3150 1045 3188 κελεύει
1062 3153 1244 3201 τιμᾶσθαι,
1262 3151 1323 3189 καὶ

284 3209 421 3250 τοιάνδε
449 3208 582 3260 τιμήν,
610 3207 700 3247 ἀλλὰ
718 3208 868 3247 καθόλου
888 3206 1004 3246 πάντα
1038 3209 1182 3260 ἀριστέα
1205 3208 1325 3253 ἅπλῶς

280 3272 472 3321 τιμᾶσθαι.Ι

1128 172 1408 218 ANDRONICI
1439 175 1614 217 RHODll

1394 270 1647 305 Themistoelem
1657 269 2043 314 Olymmumnominare:
2058 276 2131 311 haec
2145 278 2232 312 enim
2245 277 2439 324 priusquam*
2472 263 2483 326 ³3

1394 331 1527 365 decreta
1552 333 1681 372 essent,
1706 330 1881 365 arbitraria
1909 342 2000 370 erana

1395 393 1486 424 creta
1504 392 1602 430 sunt,
1619 391 1710 433 justa
1731 390 1898 426 videntur.

1435 450 1578 489 Quidam
1593 459 1672 484 vero
1688 451 1879 485 existimant
1889 479 1897 492 ‚
1916 453 2046 487 nullum
2059 457 2178 490 natura
2201 457 2256 500 ius
2269 467 2356 498 esse,
2379 457 2439 493 sed

1394 509 1540 552 legitima
1554 509 1672 543 omnia.
1687 511 1857 545 Naturalia
1874 511 1962 545 enim
1976 516 2095 547 cuncta
2108 515 2328 551 immutabilia
2339 520 2436 552 sunt:

1394 569 1516 612 quippe
1534 569 1619 612 ignis
1632 569 1755 612 ubique
1782 573 1815 604 et
1839 580 1967 615 semper
1984 572 2134 607 calefacit
2146 600 2154 613 ,
2175 576 2244 608 tam
2270 574 2360 618 apud
2379 584 2440 610 nos

1394 637 1496 670 quam
1513 628 1547 660 in
1566 630 1706 671 AEgypto
1725 641 1732 661 ε
1747 630 1823 672 jura
1843 633 1955 665 autem
1980 633 2089 666 omnia
2116 635 2290 668 mutantur
2306 646 2316 667 ε
2331 633 2437 678 siqui-

2028 344 2037 365 =
2054 338 2231 380 postquam
2251 341 2364 373 autem
2377 337 2438 375 de-

1393 686 1470 720 dem
1486 689 1605 720 mutuo
1619 687 1745 730 aliquid
1772 698 1917 731 sumere,
1941 700 2000 724 nee
2024 693 2135 725 tamen
2168 693 2341 735 acceptum
2362 691 2451 726 red-·

1394 746 1491 787 dere,
1514 747 1572 789 jus
1595 747 1682 790 apud
1706 748 1868 791 quosdam
1895 750 2035 784 habetur
2060 764 2069 784 ι
2093 750 2275 794 eademque
2302 753 2440 786 caetero-

1394 816 1470 840 rum
1483 807 1567 839 ratio
1585 809 1654 846 est,
1670 807 1728 841 sed
1746 817 1811 841 non
1832 809 1984 843 omnibus
2006 809 2120 843 eadem
2140 810 2296 845 videntur
2317 811 2409 854 justa
2429 823 2438 844 ε

1394 875 1436 899 ex
1452 875 1519 909 quo
1535 866 1695 909 sequitur,
1716 867 1861 909 legitima
1887 877 1959 902 esse
1975 869 2051 912 iura
2074 869 2184 904 omnia
2204 879 2315 914 neque
2333 870 2441 904 ullum

1394 925 1554 959 naturale.
1574 925 1625 959 Ad
1646 926 1709 960 hoc
1731 927 1987 970 respondemus,
2006 938 2070 962 non
2083 929 2216 963 omnino
2231 929 2358 963 moveri
2385 930 2442 971 jus

1393 994 1490 1018 omne
1502 986 1536 1018 et
1545 985 1691 1019 mutari:
1710 986 1865 1028 quamvis
1879 986 1965 1020 enim
1977 987 2066 1030 apud
2081 987 2230 1022 homines
2239 988 2316 1031 J'ura
2329 987 2440 1021 omnia

1394 1046 1622 1084 mutarentur,
1655 1044 1744 1087 apud
1772 1044 1851 1078 deos
1881 1047 1991 1079 tamen
2020 1035 2153 1080 nedesse
2170 1046 2257 1081 foret
2279 1047 2337 1090 ius
2364 1055 2436 1080 esse

1395 1102 1622 1144 immutabile,
1640 1113 1681 1137 ex
1710 1113 1777 1147 quo
1808 1103 2012 1144 efficeretur,
2050 1105 2200 1139 naturale
2231 1096 2366 1149 aliquod
2383 1106 2441 1147 jus

1395 1171 1488 1196 esse:
1517 1171 1604 1196 nunc
1626 1172 1706 1196 vero
1724 1163 1823 1196 etiam
1842 1162 1928 1196 inter
1950 1163 2099 1197 homines
2114 1163 2276 1206 sapientes
2296 1165 2330 1198 et
2344 1154 2440 1197 bonae

1393 1220 1481 1263 frugi
1496 1224 1547 1255 est
1568 1222 1624 1264 jus
1645 1222 1778 1264 aliquod
1792 1222 1976 1261 immobile,
2000 1222 2092 1265 quod
2126 1223 2278 1257 naturale
2302 1221 2436 1257 dicitur.

1395 1280 1520 1318 Quodsi
1539 1281 1726 1314 hominibus
1741 1281 1864 1314 insanis
1883 1284 1916 1315 et
1944 1284 2054 1316 mente
2081 1282 2186 1325 captis
2213 1291 2279 1316 non
2306 1281 2440 1316 videtur

1394 1349 1466 1373 esse
1480 1340 1546 1383 jus,
1566 1340 1649 1373 nihil
1663 1340 1824 1382 interest3
1844 1350 1951 1384 neque
1967 1342 2054 1375 enim
2073 1341 2131 1384 qui
2156 1341 2223 1375 mel
2247 1340 2344 1375 dulce
2367 1349 2440 1375 esse

1394 1399 1494 1440 dicit,
1519 1399 1689 1438 mentitur,
1721 1399 1801 1442 quia
1832 1399 2069 1434 insanientibus
2089 1410 2154 1434 non
2182 1400 2249 1434 tale
2275 1399 2436 1435 videtur:

1393 1467 1496 1502 quare
1514 1458 1571 1501 jus
1585 1458 1735 1492 naturale
1749 1458 1949 1501 quibusdam
1963 1460 2028 1503 jus,
2049 1459 2124 1493 aliis
2138 1468 2205 1493 non
2215 1458 2350 1494 videtur
2366 1467 2438 1494 esse
2474 1494 2497 1513 ‚-

1390 1518 1456 1561 jus.

1435 1579 1500 1613 Sed
1523 1579 1616 1622 prius
1631 1579 1714 1613 illud
1735 1582 1862 1615 naturae
1879 1580 2030 1623 congruit
2047 1581 2081 1614 et
2093 1588 2248 1614 sanorum
2266 1578 2436 1614 hommum

1393 1638 1463 1676 est,
1481 1635 1647 1678 posterius
1672 1637 1801 1670 natuiae
1833 1638 1994 1679 repugnat
2013 1637 2047 1669 et
2072 1635 2303 1678 desipientium
2328 1635 2437 1668 bonti-

1391 1702 1472 1727 num
1497 1690 1668 1734 proprium
1697 1691 1862 1724 habetur:
1882 1690 1973 1734 quod
1993 1690 2094 1732 igitur
2119 1689 2272 1723 nonnulli
2286 1688 2371 1722 illud
2381 1689 2438 1731 ‚ius

1391 1757 1456 1781 non
1471 1756 1543 1781 esse
1559 1747 1769 1787 existimant,
1801 1747 1837 1781 id
1859 1757 1925 1780 non
1943 1747 2083 1785 obstare,
2111 1745 2290 1789 quominus
2302 1745 2359 1788 ius
2374 1755 2435 1779 na·
2458 1773 2461 1776 .

1391 1803 1498 1836 turale
1514 1802 1577 1842 sit,
1593 1803 1805 1835 manifestum
1830 1805 1891 1837 est.
1909 1804 2020 1841 Quum
2036 1810 2116 1835 vero
2127 1801 2183 1843 jus
2201 1802 2385 1842 utrumque
2402 1802 2436 1834 et

1390 1859 1574 1902 legitimum
1589 1861 1624 1892 et
1646 1859 1796 1891 naturale
1812 1867 1853 1891 eo
1869 1866 1939 1900 quo
1955 1857 2101 1890 diximus
2121 1855 2221 1889 modo
2235 1855 2280 1888 sit
2295 1854 2433 1893 mobile,

1389 1925 1457 1958 quo
1469 1918 1565 1958 paolo
1577 1915 1808 1957 distinguetur,
1824 1913 1851 1946 si
1872 1915 2053 1956 utrumque
2066 1913 2110 1946 sit
2125 1911 2269 1946 mobile?
2282 1913 2344 1945 Est
2357 1920 2437 1946 'vero

1389 1970 1562 2005 manifesta
1574 1970 1753 2003 distinctio.
1774 1970 1886 2010 Ipsum
1902 1968 1989 2001 enim
2006 1977 2066 2011 per
2078 1977 2113 2001 se
2128 1968 2184 2010 ius
2197 1967 2432 2010 explorabitur,

1389 2028 1503 2058 utrum
1525 2023 1692 2056 immobile
1710 2032 1845 2056 manens
1863 2023 2016 2056 omnibus
2042 2022 2222 2061 conducat,
2257 2031 2300 2056 an
2319 2024 2432 2056 muta-‹-

1389 2083 1462 2113 tum
1483 2088 1599 2112 nocere
1614 2079 1726 2121 possit.
1751 2080 1825 2112 Jam
1849 2088 1928 2112 vero
1944 2079 1972 2112 si
1993 2078 2040 2111 ita
2063 2087 2099 2111 se
2120 2077 2218 2112 hahet
2231 2103 2239 2116 ,
2262 2077 2320 2120 ius
2333 2079 2433 2110 natu-

1389 2137 1456 2170 rale
1474 2138 1544 2178 est3
1569 2136 1596 2169 si
1611 2145 1675 2169 non
1691 2137 1740 2169 est
1755 2136 1831 2174 tale,
1856 2135 2040 2177 legitimum
2065 2133 2341 2167 existimandum:
2358 2143 2433 2167 nam

2491 409 2503 631 ι-αςῇῲςιᾉα-
2484 383 2488 398 ”’

2502 757 2505 777 n.
2497 718 2506 745 κε’
2496 633 2505 703 *A

1388 2193 1519 2226 evenire
1534 2192 1669 2235 quidem
1688 2193 1813 2234 potest,
1831 2192 1868 2223 ut
1888 2198 2001 2223 omnes
2017 2188 2167 2222 homines
2184 2188 2316 2222 sinistra
2330 2196 2432 2223 manu
2488 2203 2491 2214 ι

1388 2261 1484 2294 aeque
1495 2261 1532 2284 ac
1542 2250 1658 2283 dextra
1669 2251 1817 2288 utantur,
1831 2247 1889 2280 sed
1902 2249 2020 2279 natura
2034 2247 2145 2279 tamen
2163 2244 2300 2278 dextera
2315 2250 2434 2276 manus

1388 2307 1521 2341 videtur
1540 2314 1611 2339 esse
1634 2304 1751 2337 fortior
1771 2312 1872 2345 quam
1891 2302 2023 2334 sinistra
2043 2315 2050 2333 ε
2069 2300 2217 2342 legitima
2241 2308 2320 2333 vero
2335 2299 2431 2341 jura,

1386 2372 1463 2406 quae
1480 2371 1522 2396 ex
1537 2359 1702 2395 communi
1721 2366 1879 2392 consensu
1900 2357 2091 2394 servantur,
2116 2354 2280 2388 mensuris
2299 2355 2376 2387 sunt
2392 2352 2432 2386 si-

1386 2418 1493 2456 milia,
1513 2425 1590 2460 quae
1608 2415 1682 2449 aliae
1708 2413 1787 2447 alibi
1811 2414 1888 2445 sunt
1911 2419 2041 2453 :neque
2065 2409 2152 2443 enim
2181 2408 2335 2442 omnibus
2352 2406 2433 2440 loeis

1386 2472 1530 2516 aequales
1553 2472 1631 2513 sunt
1649 2469 1718 2503 vini
1733 2471 1766 2502 et
1778 2467 1935 2501 frumenti
1956 2474 2119 2500 mensurae
2131 2489 2141 2506 ‚
2155 2464 2214 2498 sed
2226 2463 2282 2497 ubi
2296 2462 2431 2506 quidem

1386 2530 1501 2563 emunt
1532 2526 1647 2561 vinum
1675 2526 1734 2558 aut
1763 2524 1982 2561 frumentum,
2007 2521 2149 2564 maj0res
2176 2519 2277 2553 etiam
2304 2517 2432 2551 faciunt
2456 2518 2466 2527 ⁴

1385 2590 1571 2619 mensuras,
1593 2580 1649 2613 ubi
1669 2588 1748 2613 vero
1777 2577 1943 2615 vendunt,
1978 2575 2121 2608 minores
2144 2572 2284 2607 :eodem
2298 2580 2431 2615 quoque

1385 2637 1484 2671 modo
1506 2646 1541 2670 se
1556 2636 1678 2670 habent
1695 2645 1751 2674 ea,
1775 2644 1851 2677 quae
1870 2643 1934 2667 non
1958 2632 2121 2665 naturalia
2132 2656 2140 2671 ‚
2159 2629 2217 2664 sed
2235 2630 2382 2663 humana
2396 2630 2430 2662 et

1386 2704 1427 2728 ex
1449 2693 1613 2727 communi
1633 2691 1805 2725 hominum
1818 2698 1978 2723 consensu
1996 2688 2160 2730 descripta
2169 2686 2245 2729 jura
2261 2687 2350 2719 sunt.
2367 2687 2429 2719 Ne·

1384 2756 1451 2790 que
1483 2746 1570 2779 enim
1597 2745 1712 2778 eadem
1736 2744 1860 2786 ubique
1893 2744 1989 2782 sunt,
2015 2739 2148 2784 quando
2175 2748 2217 2773 ne
2240 2738 2430 2782 reipublieae

1385 2799 1520 2843 quidem
1530 2802 1639 2832 status
1654 2807 1741 2831 unus
1756 2797 1909 2830 omnibus
1922 2797 1985 2836 est,
1999 2794 2058 2828 sed
2073 2802 2159 2826 unus
2170 2793 2295 2835 ubique
2309 2793 2428 2825 natura

1384 2856 1530 2898 optimus
1547 2865 1555 2886 ε
1574 2854 1660 2887 sicut
1676 2854 1732 2896 jus
1744 2852 1894 2886 naturale
1916 2860 2020 2884 unum
2037 2849 2161 2891 ubique
2175 2847 2210 2882 in
2223 2846 2312 2881 omni
2330 2855 2430 2890 repu-

1385 2913 1469 2946 blica
1481 2912 1575 2946 honis
1591 2911 1719 2954 legibus
1740 2911 1922 2952 temperata
1938 2910 2000 2941 est.

1428 2971 1517 3010 Quin
1536 2970 1635 3004 etiam
1651 2970 1698 3003 ita
1712 2969 1756 3002 ad
1773 2978 1826 3002 res
1844 2977 1921 3011 quae
1935 2967 1969 3000 in
1983 2966 2050 3000 illis
2063 2965 2253 2999 civitatibus
2270 2965 2428 3008 geruntur

1384 3033 1419 3057 se
1440 3023 1560 3063 habet,
1594 3023 1633 3054 ut
1654 3021 1807 3054 universa
1837 3019 1880 3052 ad
1907 3018 2054 3061 singula:
2076 3017 2154 3050 lieet
2175 3016 2262 3050 enim
2286 3015 2429 3049 actiones

1383 3075 1449 3108 sint
1466 3074 1599 3112 multae,
1626 3082 1730 3106 unum
1760 3074 1871 3104 tamen
1887 3072 1937 3103 est
1954 3069 2108 3110 idemque
2129 3067 2163 3100 id
2188 3066 2278 3110 quod
2298 3066 2427 3108 iustum

1383 3129 1441 3159 aut
1470 3126 1653 3168 legitimum
1680 3131 1870 3157 vocamus:
1891 3121 2013 3164 quippe
2029 3119 2216 3152 universale
2233 3120 2307 3151 est.
2322 3126 2429 3160 neque

1383 3178 1471 3209 enim
1490 3176 1580 3209 hunc
1600 3175 1743 3209 militem
1759 3172 1878 3206 fortem
1899 3173 1957 3203 aut
1976 3170 2071 3203 illum
2090 3171 2181 3202 certo
2201 3167 2348 3210 quodam
2363 3167 2426 3200 ho-

1384 3233 1462 3256 nore
1479 3222 1586 3264 affici,
1605 3222 1663 3256 sed
1681 3221 1835 3254 universe
1847 3219 2001 3262 quemvis
2015 3217 2136 3250 fortem
2149 3216 2290 3250 militem
2313 3216 2428 3258 utique

1384 3271 1535 3304 honorari
1550 3269 1690 3312 jubebit.

289 3337 2429 3356 Μ

322 3386 340 3405 *
357 3387 459 3421 Δοκεῖ
472 3384 507 3419 δὲ
526 3384 625 3424 ἐνίοις
645 3384 754 3418 πάντα
771 3385 855 3418 εἶναι
875 3387 1013 3417 τοιαῦτα
1032 3384 1103 3419 κτλ.
1127 3400 1168 3407 -
1187 3383 1226 3403 ⁴¹*
1245 3383 1350 3417 Ποῖον
1371 3382 1406 3416 δὲ
1428 3383 1522 3424 φύσει
1541 3382 1607 3414 τῶν
1623 3379 1842 3422 ἐνδεχομένων
1866 3379 1921 3412 κτλ
1950 3377 2061 3402 —-**'‘
2073 3378 2145 3410 Τῶν
2162 3376 2198 3410 δὲ
2217 3375 2351 3410 δικαίων
2371 3371 2426 3408 καὶ
2474 3417 2477 3422 Δ
2504 3412 2508 3414 ,

282 3435 428 3478 νομίμων
449 3434 588 3467 ἕκαστον
603 3457 612 3474 ,
635 3436 678 3470 ὡς
692 3433 732 3466 τὰ
752 3433 888 3465 καθόλου
904 3432 974 3464 κτλ.

2495 3717 2508 3776 ᾺᾺΛ
2506 3697 2508 3702 .
2499 3662 2508 3670 4ι
2503 3647 2506 3650 «
2504 3576 2508 3590 .,
