2508 3776
230 228 352 277 ἡδονὴν
375 230 536 270 ἐὸούλετο
553 231 693 279 λαὸεῖν,
713 234 840 276 ἱκανῶς
859 233 901 271 ἂν
920 228 1012 287 εἶχεν
1029 238 1050 283 ἧ
1072 239 1235 278 κοινωνία
1250 253 1260 263 ·

227 289 255 325 εἷ
276 288 311 326 δὲ
329 291 347 326 ὁ
374 288 436 338 μὲν
457 289 575 341 τέρψιν
611 289 744 339 ἐζήτει,
768 293 785 329 ὁ
813 290 849 329 δὲ
869 291 987 345 κέρδος
1002 323 1012 342 ,
1033 295 1094 334 καὶ
1113 298 1131 334 ὁ
1156 297 1221 348 μὲν
1248 297 1266 337 ὃ

226 346 339 393 ἐζήτει
370 347 518 395 ἔλαὸεν,
541 351 559 386 ὁ
592 347 628 387 δὲ
654 348 730 399 μή,
766 351 829 389 οὐκ
859 351 900 390 ἂν
934 353 986 400 εἴη
1020 354 1059 393 τὸ
1085 357 1176 396 κατὰ
1207 357 1268 405 τὴν

225 405 405 444 κοινωνίαν
439 407 554 451 καλῶς
577 420 585 429 ·
620 402 668 447 ὧν
703 407 770 462 γὰρ
797 410 941 456 ἕκαστος
975 413 1107 463 δεῖται,
1137 416 1267 456 τούτων

224 463 322 502 ἕνεκα
343 464 481 504 δίδωσιν
505 466 527 504 ἃ
545 467 712 520 τυγχάνει
736 469 946 519 κεκτημένος
966 473 1078 517 αὐτός.

278 522 471 576 (δονίρείε
535 526 698 577 ἐπειδὰν]
732 528 851 579 vulgo
876 530 950 569 ἐπεὶ
971 531 1000 570 δ’
1023 530 1080 573 ἂν.
1101 554 1154 563 -
1171 531 1190 557 b
1212 550 1265 573 κι-

223 583 396 636 θαρῳδῷ]
417 583 503 623 cod.
523 586 708 638 κιθαρωδῷ
725 610 777 616 —-
795 587 810 640 )

650 713 742 766 Κεφ.
776 711 825 764 β’.

221 822 296 863 Περὶ
313 826 368 855 τοῦ
384 823 465 860 τίνος
479 823 564 856 ἐστὶν
584 824 615 856 ἐν
627 828 665 866 τῇ
684 825 757 858 ἄνευ
783 826 986 867 διομολογίας
1008 830 1160 871 γινομένῃ
1181 830 1267 873 εὐερ-

262 871 356 914 γεσίᾳ
368 873 426 909 τήν
447 872 582 912 ἀμοιὸἠν
602 873 746 905 τάττειν·
769 875 823 905 καὶ
843 874 889 906 ἔτι
903 877 970 916 περὶ
987 879 1042 914 τῆς
1058 876 1129 909 κατ’
1154 878 1267 920 ἀρετὴν

261 919 315 950 καὶ
331 923 384 956 τῆς
404 920 486 951 κατὰ
504 921 540 953 τὸ
554 921 711 963 χρήσιμον
728 922 833 963 φιλίας
855 922 888 954 ἐν
910 923 930 964 ᾖ
946 924 1129 966 διομολογία
1156 927 1192 958 οὐ
1216 926 1265 966 γί·

261 977 359 998 νεται.

272 1067 287 1082 ²*
301 1065 360 1105 Ἐν
383 1065 445 1117 μὲν
458 1061 514 1105 οῧν
538 1073 611 1112 ταῖς
629 1067 801 1120 ἀνομοίοις
817 1069 946 1122 φιλίαις
960 1071 998 1109 τὸ
1019 1071 1187 1124 ἀνάλογον
1203 1073 1263 1112 καὶ

217 1126 295 1163 κατ’
319 1124 417 1170 ἀξίαν
442 1127 617 1173 ζητεῖται·
644 1127 775 1180 ἀπορία
799 1127 835 1165 δέ
858 1129 952 1177 ἐστι,
984 1129 1128 1183 πότερος
1149 1131 1266 1184 κύριος

217 1183 352 1224 τάττειν
376 1183 472 1229 ἀξίαν
495 1185 664 1235 ἀμοιὸήν,
687 1188 704 1224 ὃ
734 1187 934 1240 προϊέμενος
949 1218 959 1236 ,
978 1187 1001 1235 ἢ
1017 1191 1035 1227 ὁ
1055 1189 1260 1240 λαμὸάνων.

217 1240 263 1281 ‘O
288 1243 356 1296 γὰρ
386 1246 588 1296 προϊέμενος
611 1244 720 1284 ἔοικεν
745 1247 943 1299 ἐπιτρέπειν
975 1250 1024 1301 τῷ
1044 1249 1261 1299 λαμὸοίνοντι

215 1298 317 1344 τάξαι
335 1300 397 1348 τὴν
418 1302 515 1347 ἀξίαν
538 1304 709 1352 ἀμοιὸήν,
733 1303 852 1357 ὥσπερ
877 1306 1116 1358 Πρωταγόρας
1137 1307 1260 1346 ἐποίει·

214 1359 292 1404 τοὺς
318 1360 385 1413 γὰρ
415 1364 580 1414 φοιτητὰς
602 1367 663 1411 τῆς
693 1365 920 1414 διδασκαλίας
955 1366 1012 1403 τὸν
1046 1366 1167 1417 μισθὸν
1200 1369 1261 1406 οὐκ

215 1420 317 1465 αὐτὸς
344 1421 537 1473 ὁριζόμενος
558 1422 706 1474 ἀπῄτει,
740 1423 819 1461 ἀλλ’
843 1422 966 1467 αὐτοὺς
999 1425 1136 1462 ἐκέλευε
1155 1432 1260 1478 τιμᾷν

214 1478 296 1518 ὅσου
334 1481 529 1532 νομίζουσιν
580 1481 658 1526 ἄξια
693 1483 957 1534 μεμαθηκέναι,
997 1484 1057 1522 καὶ
1100 1489 1262 1524 τοσοῦτον

213 1538 425 1589 ἐλάμὸανεν.
464 1541 526 1580 Ἐν
561 1546 637 1586 ταῖς
669 1542 846 1586 τοιαύταις
883 1542 918 1581 δὲ
957 1542 1153 1588 κοινωνίαις
1180 1543 1261 1584 ἔνιοι

213 1603 289 1642 ταῖς
311 1599 492 1652 ἀναλόγοις
510 1599 674 1651 ἀμοιὸαῖς
696 1603 906 1654 ἀρκοῦνται,
926 1599 985 1640 καὶ
1006 1602 1170 1653 ἀγαπῶσι
1192 1603 1263 1647 τοῖς

213 1656 376 1697 Ἡσιόδου
392 1671 400 1681 ·

383 1760 504 1796 Μισθὸς
518 1758 544 1791 δ’
563 1760 654 1803 ἀνδρὶ
671 1760 777 1802 ἄρκιος
794 1759 842 1799 ε’ίη
857 1769 864 1777 ·
881 1769 896 1787 a

216 1847 250 1864 *¹¹
270 1849 316 1886 Οἱ
338 1847 372 1885 δὲ
397 1849 571 1900 ἀγοραῖοι,
596 1849 656 1888 καὶ
676 1851 754 1888 κατ’
783 1848 956 1903 ἐμπορίαν
972 1856 1048 1894 ταῖς
1068 1852 1261 1896 κοινωνίαις

211 1905 386 1957 χρώμενοι
402 1906 513 1945 πλείω
532 1910 717 1958 ζητοῦσιν,
740 1907 798 1947 oib
824 1908 883 1947 καὶ
903 1909 1136 1962 προλαὸόντες
1153 1911 1258 1951 ἐνίοτε

211 1965 410 2016 τάργύριον,
476 1966 536 2005 καὶ
556 1967 682 2006 αὐτίκα
714 1967 835 2007 δώσειν
861 1967 1175 2019 ἐπαγγειλάμενοι,
1197 1973 1258 2009 οὐκ

211 2024 434 2063 ἀποδιδόασιν
450 2055 461 2073 ,
484 2026 559 2065 οὐδὲ
583 2030 740 2065 ποιοῦσιν
764 2027 860 2066 οὐδὲν
883 2021 929 2065 ὧν
947 2027 1079 2080 ἔφασαν
1097 2040 1105 2048 ·
1126 2029 1187 2067 καὶ
1201 2031 1255 2080 ἐγ-

211 2085 400 2122 καλοῦνται
431 2085 594 2131 δικαίως,
627 2085 679 2124 ὅτι
713 2086 757 2125 τὰ
794 2086 877 2139 ἔργα
916 2092 992 2130 ταῖς
1033 2088 1259 2140 ἐπαγγελίαις

212 2144 469 2196 ὖπερὸάλλουσι
487 2157 496 2167 ·
535 2145 591 2183 διὰ
624 2148 725 2184 τοῦτο
755 2145 815 2184 καὶ
844 2147 875 2185 οἱ
897 2149 1059 2197 σοφισταὶ
1090 2150 1128 2186 οὐ
1162 2149 1257 2187 διδά-

211 2217 332 2241 σκουσι
362 2203 442 2255 πρὶν
478 2204 599 2253 μισθὸν
621 2204 741 2243 λαὸεῖν
772 2209 834 2252 τῆς
856 2206 1106 2255 διδασκαλίας,
1131 2208 1188 2247 διὰ
1213 2209 1253 2248 τὸ

210 2259 344 2310 μηδένα
364 2260 406 2299 ἂν
428 2262 546 2300 δοῦναι
574 2263 735 2315 ἀργύριον
759 2257 807 2302 ὧν
836 2264 1037 2314 μεμάθηκεν
1062 2266 1185 2313 ἕνεκα,
1203 2267 1256 2307 ὅτι

211 2321 348 2372 φαῦλα·
371 2322 666 2373 ἐπαγγελλόμενοι
694 2323 729 2361 δὲ
752 2323 890 2375 μεγοίλα
916 2325 1062 2370 διδάξειν
1079 2357 1089 2376 ,
1107 2326 1255 2377 λαμὸοί-

209 2394 305 2417 νουσι
326 2379 387 2430 μὲν
410 2381 467 2418 τὸν
489 2382 609 2429 μισθόν
629 2413 638 2429 ,
672 2382 875 2421 διδάσκουσι
895 2382 930 2421 δὲ
953 2384 997 2423 τὰ
1020 2385 1223 2437 φαυλότατα
1244 2400 1253 2410 ·

209 2432 300 2477 οὗτοι
325 2439 386 2489 μὲν
405 2434 462 2478 οὖν
483 2435 530 2479 ὧν
551 2441 677 2480 ἔλαὸον
697 2441 753 2481 τὸν
778 2442 898 2494 μισθὸν
923 2441 972 2495 μὴ
995 2448 1192 2496 ποιοῦντες,
1210 2448 1256 2486 εἷ-

209 2496 318 2540 κότως
338 2499 371 2535 ἐν
389 2499 608 2550 ἐγκλήμασίν
640 2503 742 2542 εἰσιν.

263 2554 316 2570 ***
342 2555 404 2595 Ἐν
426 2552 478 2602 αἷς
495 2558 530 2596 δὲ
549 2560 741 2605 κοινωνίαις
759 2562 797 2599 οὐ
819 2561 952 2614 γίνεται
973 2563 1175 2617 διομολογία
1194 2566 1256 2612 τ’ῆς

211 2614 358 2664 ἀμοιὸῆς
375 2614 397 2662 ἢ
417 2619 475 2664 τῆς
496 2620 703 2671 ὑπουργίας,
734 2622 763 2659 οἳ
787 2620 849 2671 μὲν
875 2623 1087 2674 ὠφελοῦντες
1108 2622 1185 2669 τοὺς
1200 2623 1255 2677 φί-

208 2673 287 2716 λους
306 2675 508 2735 διἀὒτούς,
526 2678 586 2715 καὶ
615 2678 812 2729 προϊέμενοι
832 2681 876 2719 τὰ
897 2683 1031 2720 ἑαυτῶν
1053 2685 1122 2721 τῶν
1145 2683 1253 2736 φίλων

208 2730 328 2781 ἕνεκα,
344 2734 409 2772 οἱοί
428 2737 513 2774 εἰσιν
533 2739 564 2775 οἱ
586 2739 791 2786 σπουδαῖοι,
814 2739 948 2792 εἴρηται
965 2740 1016 2779 ὅτι
1030 2741 1250 2792 ἀνέγκλητοι.

212 2791 367 2840 Τοιαύτη
401 2792 468 2846 γὰρ
500 2796 521 2840 ἡ
561 2798 640 2834 κατ’
662 2797 785 2848 ἀρετὴν
805 2799 922 2851 φιλία·
955 2799 1018 2848 τὴν
1043 2801 1195 2853 ἀμοιὸήν
1216 2818 1254 2840 τε

209 2850 370 2897 ποιητέον
397 2851 486 2890 κατὰ
507 2853 568 2899 τὴν
598 2854 799 2907 προαίρεσιν
818 2872 826 2880 ·
866 2857 953 2905 αὕτη
976 2859 1043 2912 γὰρ
1071 2863 1133 2898 τοῧ
1153 2860 1253 2914 φίλου

209 2907 269 2946 καὶ
297 2911 359 2956 τῆς
379 2911 526 2962 ἀρετῆς,
563 2915 608 2957 ὡς
637 2915 671 2952 ἐν
704 2916 773 2958 τοῖς
804 2917 1067 2970 προειρημένοις
1097 2920 1250 2973 ἐδείχθη.

209 2969 364 3018 Τοιαύτη
386 2969 424 3008 δέ
443 2973 516 3010 ἐστι
540 2974 598 3011 καὶ
618 2977 640 3021 ἡ
675 2975 765 3013 κατὰ
788 2978 990 3030 φιλοσοφίαν
1013 2979 1177 3017 κοινωνία
1197 2992 1205 3000 ·
1236 2981 1253 3017 ὃ

209 3027 277 3080 γὰρ
298 3029 504 3076 διδάσκαλος
526 3035 587 3079 τῆς
611 3034 812 3087 φιλοσοφίας
842 3036 898 3074 τὸν
921 3037 1080 3087 μαθητὴν
1101 3040 1139 3078 οὐ
1160 3039 1252 3092 χρή-

210 3102 306 3137 ματα
340 3090 502 3136 ἀπαιτεῖ,
545 3090 566 3138 ἢ
603 3092 708 3142 τιμὴν
744 3095 945 3144 ὡρισμένως
977 3108 987 3118 ·
1033 3097 1124 3147 μηδέ
1159 3100 1250 3137 ἐστιν

210 3145 302 3190 ἄξιόν
323 3162 355 3184 τι
375 3150 436 3194 τῆς
464 3150 666 3204 φιλοσοφίας
687 3151 763 3190 οὔτε
786 3154 819 3190 ἐν
839 3154 1019 3206 χρήμασιν
1041 3155 1118 3195 οὔτε
1138 3159 1173 3197 ἐν
1193 3172 1249 3195 τι-

210 3208 259 3258 μῇ
274 3235 285 3255 ,
309 3206 398 3245 ἀλλὰ
417 3206 479 3255 τὴν
499 3209 700 3262 προαίρεσιν
729 3212 870 3249 σκοπεῖ·
893 3212 989 3263 ἔργον
1010 3213 1044 3251 δὲ
1066 3214 1125 3252 καὶ
1148 3216 1251 3266 ἀμοι-

1061 148 1341 191 ANDRONICI
1371 152 1547 193 RHODII

1333 248 1462 278 caneret
1483 249 1576 279 tanto
1588 256 1622 280 se
1638 248 1732 290 plura
1753 249 1930 290 daturum,
1953 262 2050 287 mane
2070 254 2265 296 promissam
2284 264 2374 289 mer·
2416 258 2440 290 ζ’

1331 286 1443 319 cedem
1460 288 1603 329 exigenti
1627 290 1833 331 voluptatem
1860 301 1894 325 se
1911 301 1970 334 pro
1990 295 2163 338 voluptate
2186 295 2374 330 reddidisse

1331 328 1507 377 respondit.
1527 329 1558 363 Si
1580 339 1659 378 ergo
1683 334 1822 374 uterque
1847 333 2053 375 voluptatem
2075 345 2117 369 ex
2131 346 2170 370 ea
2201 346 2237 370 re
2255 346 2373 412 capere

1330 370 1506 407 volulsset,
1537 372 1705 405 societatis
1737 373 1821 405 ratio
1848 377 2018 409 constaret
2043 387 2051 407 t
2072 377 2123 410 sin
2147 379 2260 411 autem
2278 388 2299 411 ο
2322 377 2372 412 le-

1330 411 1507 444 ctationem
1523 412 1618 452 alter,
1640 414 1723 446 alter
1739 424 1814 447 vero
1840 415 1970 449 lucrum
1990 418 2139 459 petebat,
2165 421 2198 452 et
2221 419 2276 452 hic
2293 420 2373 463 qui-

1329 452 1404 484 dem
1420 453 1510 495 quod
1527 455 1658 495 petebat
1676 458 1847 497 acceperat
1864 480 1872 495 ‚
1893 457 1948 489 ille
1971 460 2083 491 autem
2103 469 2166 492 non
2180 460 2260 494 item
2274 485 2283 500 ,
2303 470 2368 494 non

1328 494 1436 535 potuit
1449 495 1549 536 hujus
1563 496 1728 529 societatis
1748 498 1795 529 lex
1809 498 1984 531 observata
2001 499 2106 532 videri
2126 510 2134 528 ι
2153 500 2272 543 singuli
2283 501 2372 536 enim

1328 537 1368 609 Eg
1369 536 1558 609 1{atccipianu
1578 537 1702 579 quibus
1719 540 1832 580 egent,
1850 538 1930 573 dare
1947 549 1986 574 ea
2007 541 2113 575 solent
2134 551 2211 585 quae
2230 542 2294 587 ipsi
2313 542 2371 577 ba-

1779 730 1857 773 Gap.
1879 732 1922 764 11.

1329 834 1423 869 Cujus
1437 833 1475 862 sit
1488 834 1518 862 in
1536 834 1571 862 iis
1582 841 1649 872 quae
1660 834 1724 864 sine
1737 837 1826 872 pacto
1838 836 2014 866 tribuuntur
2027 836 2180 867 beneficiis
2197 843 2371 869 remunera-

1366 881 1478 908 tionem
1497 881 1704 910 constituere:
1728 881 1800 910 item
1818 882 1855 911 de
1876 890 1909 912 ea
1933 891 2000 919 quae
2022 882 2062 912 ob
2084 883 2230 914 virtutem
2250 887 2282 915 et
2305 891 2373 922 qua

1364 929 1489 964 propter
1500 927 1741 956 emolumentum
1759 926 1822 957 sine
1837 934 1925 966 pacto
1940 928 2136 960 contrahitur
2147 930 2291 976 amicitia.

1369 1071 1406 1101 In
1429 1069 1647 1104 dissimilibus
1673 1081 1750 1114 ergo
1766 1072 1920 1106 amicitiis
1946 1073 2116 1116 proportio
2142 1075 2176 1108 et
2201 1074 2373 1118 dignitatis

1315 1122 1412 1159 ,ratio
1427 1123 1611 1165 requiritur
1626 1133 1633 1153 τ
1650 1125 1792 1167 quaestio
1808 1127 1920 1158 autem
1938 1126 2087 1168 ponitur,
2116 1128 2192 1160 uter
2207 1133 2269 1161 suo
2283 1128 2373 1163 whi-

1329 1177 1418 1207 tratu
1428 1176 1640 1213 ,constituere
1654 1178 1953 1212 remunerationem
1977 1180 2083 1221 possit
2095 1206 2102 1218 ‚
2121 1180 2193 1214 isne
2209 1181 2268 1225 qui
2284 1181 2375 1224 prior

1327 1226 1439 1265 dedit,
1457 1237 1497 1259 an
1515 1228 1572 1268 qui
1591 1229 1726 1270 accepit.
1750 1230 1815 1268 Qui
1832 1230 1919 1263 enim
1941 1231 2032 1273 prior
2049 1231 2154 1271 dedit,
2170 1232 2374 1268 videturne-

1327 1279 1459 1321 cipienti
1491 1281 1704 1322 permittere,
1733 1283 1771 1314 ut
1799 1282 1869 1324 ipse
1903 1283 2036 1325 dignam
2075 1286 2378 1326 remunerationem·

1326 1332 1524 1370 constituat,
1554 1333 1835 1375 quemadmodum
1866 1337 2062 1378 Protagoras
2079 1336 2220 1373 faciebat
2237 1350 2246 1372 ε
2265 1348 2374 1384 neque

1325 1385 1411 1418 enim
1425 1387 1549 1418 certam
1569 1385 1787 1419 institutionis
1808 1389 1995 1422 mercedem
2017 1390 2189 1434 discipulis
2208 1393 2372 1436 praetinie-

1325 1437 1401 1475 bat,
1426 1439 1484 1470 aut
1502 1438 1698 1480 praefinitam
1718 1440 1866 1481 pecuniae
1886 1450 2051 1474 summam
2078 1443 2120 1476 ab
2141 1443 2183 1477 iis
2209 1445 2371 1488 exigebat,

1325 1490 1382 1522 sed
1398 1490 1486 1531 ipsos
1500 1490 1664 1524 aestimare
1678 1492 1836 1534 jubebat,
1851 1493 1966 1534 quanti
1985 1503 2024 1527 ea
2040 1503 2111 1529 esse
2131 1495 2370 1538 existimarent,

1323 1552 1399 1585 quae
1418 1542 1628 1584 didicissent,
1648 1554 1686 1576 ac
1706 1546 1836 1577 tantum
1859 1546 2049 1588 accipiebat.
2074 1549 2112 1580 ln
2132 1548 2293 1591 ejusmodi
2310 1559 2372 1583 au-

1324 1599 1391 1629 tem
1411 1596 1623 1629 societatibus
1641 1598 1790 1630 nonnulli
1809 1599 1843 1631 in
1871 1601 2136 1634 remuneratione
2158 1601 2201 1634 ad
2224 1611 2294 1636 rem
2313 1611 2371 1638 ac-

1324 1650 1528 1683 commodata
1545 1651 1768 1692 acquiescunt,
1786 1652 1963 1694 probantes
1975 1653 2059 1687 illud
2071 1654 2206 1689 Hesiodi
2223 1665 2232 1686 :

1394 1765 1508 1794 Merces
1522 1772 1632 1801 nempe
1650 1765 1718 1794 viro
1733 1765 1811 1795 satis
1823 1769 1877 1796 est.

1323 1856 1465 1896 Quidam
1483 1860 1593 1891 autem
1623 1868 1735 1891 rerum
1763 1858 1943 1894 forensium
1972 1861 2070 1904 periti
2099 1863 2134 1895 et
2160 1870 2304 1906 quorum
2334 1863 2370 1897 in

1322 1909 1508 1940 mercatura
1531 1907 1681 1940 consistit
1699 1907 1856 1950 societas,
1877 1910 1976 1952 plura
2003 1913 2176 1952 quaerunt,
2192 1911 2250 1955 qui
2268 1911 2368 1946 etiam

1321 1967 1556 2000 nonnunquam
1576 1957 1749 1999 pecuniam
1769 1960 1844 1991 ante
1861 1961 2046 2001 acceptam,
2069 1970 2170 2003 quam
2197 1962 2311 1995 statim
2334 1971 2369 1996 se

1321 2007 1509 2041 reddituros
1534 2016 1604 2040 esse
1622 2007 1851 2050 promiserant,
1880 2018 1946 2041 non
1966 2009 2121 2050 reddunt,
2145 2020 2254 2055 neque
2274 2011 2368 2056 quid-

1320 2069 1420 2102 quam
1440 2069 1554 2092 eorum
1573 2068 1648 2101 quae
1667 2059 1885 2101 promiserant
1906 2057 2032 2091 faciunt
2053 2068 2061 2088 :
2083 2061 2184 2102 atque
2201 2059 2368 2094 himerito

1320 2110 1616 2151 reprehenduntur,
1637 2109 1728 2151 quod
1748 2109 1836 2141 facta
1856 2107 1955 2140 dictis
1976 2117 2042 2141 non
2070 2108 2288 2151 respondent,
2306 2108 2366 2143 sed

1321 2169 1396 2202 quae
1423 2161 1582 2201 praestant
1603 2158 1774 2201 promissis
1800 2158 1927 2191 minora
1959 2160 2036 2191 suut
2057 2171 2065 2192 ε
2092 2158 2234 2202 ideoque
2255 2161 2290 2192 et
2312 2169 2368 2193 so-

1321 2209 1438 2252 phistae
1468 2219 1534 2242 non
1556 2209 1660 2241 solent
1689 2207 1752 2240 n1si
1780 2210 1914 2250 accepta
1941 2209 2033 2251 prius
2062 2208 2215 2242 mercede
2233 2208 2364 2249 docere.

1319 2259 1474 2300 quoniam
1493 2268 1588 2292 nemo
1610 2258 1747 2301 pecunia
1773 2266 1880 2290 emere
1893 2258 1994 2291 vellet
2020 2267 2096 2300 quae
2114 2258 2156 2290 ab
2177 2257 2219 2290 iis
2236 2256 2368 2291 didicis-

1321 2310 1388 2348 set,
1409 2309 1488 2351 quia
1503 2318 1606 2351 prava
1621 2309 1699 2341 sunt
1714 2319 1721 2339 :
1735 2307 1803 2349 Jam
1820 2316 1896 2340 vero
1915 2317 2020 2350 quum
2034 2316 2150 2349 magna
2162 2306 2317 2349 quaedam
2332 2308 2366 2340 et

1319 2359 1477 2401 praeclara
1503 2369 1537 2392 se
1564 2359 1720 2392 docturos
1741 2366 1812 2390 esse
1838 2358 2066 2399 polliceantur,
2087 2357 2271 2390 mercedem
2287 2357 2366 2400 qui-

1318 2408 1394 2442 dem
1423 2409 1603 2451 accipiunt,
1626 2407 1686 2441 sed
1713 2407 1917 2449 ineptissima
1948 2416 2090 2450 quaeque
2119 2405 2257 2440 tradunt
2288 2417 2297 2438 e
2328 2406 2365 2439 hi

1318 2467 1395 2500 ergo
1411 2459 1489 2501 quia
1504 2468 1542 2491 ea
1564 2466 1707 2500 quornm
1718 2456 1904 2490 mercedem
1922 2458 2118 2499 acceperunt
2138 2465 2204 2489 non
2223 2455 2360 2497 faciunt,

1317 2505 1436 2539 merito
1452 2507 1659 2539 accusantur.

1359 2567 1397 2598 In
1413 2566 1533 2608 quibus
1550 2568 1662 2598 autem
1679 2565 1892 2599 societatibus
1912 2564 2001 2597 nulla
2017 2565 2053 2596 tit
2075 2563 2182 2606 pactio
2198 2562 2240 2596 de
2256 2572 2363 2596 remu-

1316 2626 1484 2659 neratione
1508 2626 1566 2658 aut
1583 2634 1682 2668 opera
1696 2651 1704 2664 ‚
1730 2625 1790 2667 qui
1810 2624 1926 2658 amicis
1949 2626 2084 2666 propter
2117 2623 2206 2666 ipsos
2223 2621 2362 2665 prosunt

1316 2694 1442 2728 suaque
1469 2685 1653 2718 amicorum
1681 2693 1782 2717 causa
1814 2683 2010 2722 effundunt,
2044 2682 2161 2726 quales
2191 2682 2270 2714 sunt
2298 2681 2361 2714 viri

1315 2745 1411 2784 boni,
1438 2754 1494 2778 eos
1510 2744 1658 2781 accusari
1676 2753 1741 2776 non
1767 2742 1864 2786 pos'se
1888 2743 2043 2776 diximus.
2084 2741 2173 2775 Talis
2195 2740 2282 2774 enim
2309 2742 2361 2774 est

1315 2813 1390 2846 quae
1409 2804 1451 2836 ob
1477 2803 1637 2836 virtutem
1652 2802 1866 2847 contrahitur
1888 2802 2034 2835 amicitia
2052 2814 2061 2835 ε
2082 2802 2182 2844 atque
2203 2800 2237 2832 in
2260 2809 2299 2833 ea
2319 2808 2360 2832 ex

1315 2864 1448 2898 consilio
1468 2863 1617 2896 facienda
1634 2865 1684 2896 est
1703 2862 1924 2895 remuneratio
1946 2874 1954 2894 :
1972 2862 2044 2894 haec
2069 2860 2191 2903 quippe
2211 2861 2244 2893 et
2263 2858 2360 2892 amici

1315 2927 1348 2957 et
1365 2924 1500 2957 virtutis
1516 2925 1582 2964 est,
1602 2925 1641 2956 ut
1655 2923 1690 2955 in
1706 2922 1930 2965 superioribus
1949 2920 2170 2954 ostendimus.
2230 2918 2357 2961 Hujus-

1313 2984 1403 3017 modi
1416 2986 1528 3017 autem
1538 2984 1587 3016 est
1601 2984 1634 3016 et
1646 2982 1815 3025 sapientiae
1828 2981 2054 3014 studiosorum
2069 2980 2212 3013 societas
2226 2993 2234 3013 ι
2250 2988 2358 3020 neque

1313 3043 1400 3076 enim
1424 3042 1592 3085 sapientiae
1607 3041 1722 3075 doctor
1732 3043 1790 3074 aut
1808 3040 1979 3083 pecuniam
1994 3049 2014 3072 a
2029 3039 2200 3082 discipulis
2215 3040 2273 3071 aut
2283 3047 2356 3080 pre-

1314 3103 1398 3135 tium
1413 3102 1545 3135 definite
1564 3101 1676 3144 exigit,
1696 3100 1852 3143 quoniam
1871 3108 1978 3142 neque
1990 3099 2026 3132 in
2042 3099 2181 3141 pecunia
2203 3106 2309 3140 neque
2322 3097 2356 3130 in

1312 3170 1509 3204 quocunque
1524 3160 1631 3204 pretio
1644 3159 1826 3203 quidquam
1841 3159 2047 3202 philosophia
2065 3158 2200 3201 dignum
2214 3159 2276 3198 est,
2297 3156 2356 3190 sed

1311 3215 1483 3253 consilium
1507 3221 1638 3252 tantum
1656 3221 1782 3261 spectat
1806 3231 1813 3251 :
1842 3220 1876 3251 et
1893 3218 2015 3251 idcirco
2036 3227 2119 3260 opus
2138 3226 2177 3250 ac
2197 3225 2353 3250 remune-

251 3328 270 3346 ⁴‘
290 3330 355 3367 Τὴν
377 3329 465 3367 ἀξίαν
486 3330 521 3362 δὲ
541 3330 684 3373 ποτέρου
701 3330 792 3368 τάξαι
815 3330 884 3363 κτλ.
899 3347 941 3354 -
960 3330 1000 3350 **
1018 3332 1059 3364 Οἱ
1076 3332 1111 3364 δὲ
1127 3333 1341 3373 προλαὸόντες
1363 3333 1401 3366 τὸ
1421 3333 1573 3376 ἀργύριον
1590 3334 1658 3366 κτλ.
1680 3349 1721 3356 —
1739 3331 1793 3350 ***
1814 3330 1868 3365 Ἔν
1888 3332 1934 3369 οἷς
1954 3332 1988 3364 δὲ
2013 3333 2055 3374 μή
2076 3332 2220 3374 γίγνεται
2236 3332 2347 3375 διομο-

209 3375 300 3417 λογία
321 3376 390 3409 κτλ.
