2508 3776
90 319 96 326 Ἴ,
203 274 249 321 ;,δ
265 271 422 328 ἀκρατὴς
441 273 492 327 τῷ
514 272 726 327 ἀκολάστῳ,
752 273 843 313 ἀλλὰ
866 274 1000 324 μᾶλλον
1020 271 1168 327 ψέγεται

144 332 356 379 immo<
369 362 381 382 ‚
405 334 452 376 ὡς
475 334 610 384 μᾶλλον
627 338 703 378 ταῖς
722 332 922 385 ἐπιθυμίαις
943 333 1118 373 δουλεύων
1130 345 1138 355 ·
1155 335 1173 372 ὁ

191 391 281 447 γὰρ
313 391 469 445 ἀκρατὴς
492 393 742 447 σφοδροτάτων
771 394 965 444 ἐπιθυμιῶν
996 395 1170 440 ἡττᾶται·

56 478 70 489 ε
141 455 155 501 ᾗ
167 450 256 508 ,γὰρ
274 445 320 500 ἦν
341 452 476 502 ἄλλως,
495 456 558 492 τοῦ
585 453 686 506 ὀρθοῦ
711 451 967 504 ὰνθισταμένου
994 453 1101 505 λόγου
1115 464 1125 474 ·
1155 455 1174 492 ὁ

14 528 30 566 ⁷.
50 497 372 571 ᾚρᾖκόλαστος
391 512 452 552 καὶ
473 514 610 565 μικρῶν
629 511 692 551 καὶ
712 512 870 550 ἀσθενῶν
890 513 1085 563 ἐπιθυμιῶν
1104 513 1173 559 ἡτ-

71 562 140 612 ,ᾧ
161 596 171 601 -
192 586 245 619 ι,
267 569 326 610 διὰ
344 570 385 610 τὸ
406 570 457 623 μὴ
484 570 732 623 ἀντιπράττειν
758 572 879 615 αὐταῖς
898 569 958 608 τὸν
986 570 1085 624 ὀρθὸν
1115 570 1173 610 λό-

60 631 203 689 (ζὶῖῂψ
233 630 294 670 καὶ
325 631 424 679 ζητεῖ
447 630 512 676 τὰς
540 629 762 684 ὗπερὸολοίς,
795 629 856 669 καὶ
879 629 997 684 φεύγει
1031 630 1174 685 μετρίας

55 727 75 750 ’,ζ
116 689 252 736 λύπας·
269 689 331 731 καὶ
350 691 381 730 εἰ
401 689 554 745 μετρίων
575 691 747 731 κινουσῶν
770 690 965 741 ἐπιθυμιῶν
990 689 1099 733 οὕτως
1126 692 1174 735 εἷς

59 762 74 800 gs
115 747 181 802 τὰς
210 748 412 803 ὕπερὸολὰς
441 750 606 805 φέρεται,
633 748 685 795 τίς
712 748 754 788 ἂν
781 748 936 800 γένοιτο,
959 750 990 788 εἷ
1021 748 1171 802 προσγέ-

33 839 54 863 4
115 823 209 853 νοιτο
220 810 320 864 αὖτῷ
337 809 511 863 ὃπιθυμία
528 807 695 862 νεανική,
709 807 772 849 καὶ
789 807 871 862 περὶ
891 807 953 853 τὰς
970 810 1040 848 τῶν
1059 809 1169 861 ἀναγ-

63 910 70 921 ‚
113 870 227 916 καίων
243 869 365 924 χρείας
378 867 475 918 λύπη
498 867 651 923 {qoph

42 944 81 988 '‘i-2*
170 928 347 983 ‘Scripsi
369 943 379 967 ι
405 946 420 965 ι
439 928 518 968 καθ’
535 927 633 975 ὅλου]
655 927 743 968 cod.
779 926 944 966 καθόλου.
967 949 1020 958 -
1041 939 1059 963 υ
1082 941 1170 965 νενι·

94 1023 95 1026 ,
111 989 263 1043 mehe]
287 987 377 1030 cod.
399 989 603 1037 νενικηκῶς.
620 1008 676 1018 -
695 992 710 1012 ‘³
727 987 890 1041 διάφορός
909 983 1021 1041 ἐστιν]
1051 986 1171 1037 vulgo

47 1043 89 1112 ,Ὗ
107 1046 399 1106 ''mest“'tw-
420 1047 496 1100 -)

566 1180 654 1234 Κεφ.
684 1178 730 1219 θ’.

118 1341 123 1348 Δ
163 1324 174 1334 κ
198 1294 278 1338 Πφὶ
293 1298 350 1335 τῆς
374 1292 542 1336 θηριωδίας
555 1292 610 1325 καὶ
634 1296 690 1332 τῆς
706 1290 777 1324 κατ’
797 1291 894 1330 αὐτὴν
914 1289 1083 1334 ἀκρασίας.

169 1392 193 1418 *
209 1392 327 1433 Πάλιν
343 1393 414 1433 τῶν
431 1390 545 1441 ἡδέων
564 1389 610 1430 τὰ
629 1388 693 1441 μέν
711 1389 786 1428 ἔστι
802 1387 903 1439 φύσει
925 1387 1055 1440 ἀγαθά,
1077 1387 1122 1427 τὰ
1134 1387 1169 1426 δὲ

43 1487 56 1508 f„
89 1450 218 1508 Αφύσει
249 1450 372 1502 κακά,
392 1450 439 1492 τὰ
473 1450 512 1490 δὲ
545 1447 692 1501 μεταξύ.
722 1448 798 1488 Καὶ
827 1447 930 1502 φύσει
962 1446 1024 1497 μὲν
1055 1447 1171 1499 ἀγαθὰ

114 1512 207 1560 ἡδέα
229 1511 340 1562 εἰσίν,
356 1510 384 1551 ἃ
410 1510 456 1550 δι’
475 1508 610 1557 ἑαυτά,
632 1510 692 1548 καὶ
715 1509 754 1547 οὗ
787 1507 832 1546 δι’
854 1506 947 1546 ἄλλα
979 1508 1170 1558 ζητοῦμεν·

54 1600 71 1623 3,
113 1563 208 1621 οἷον,
230 1569 355 1620 δόξαν,
373 1569 494 1620 νίκην,
516 1568 670 1620 ὑγίειαν·
687 1566 789 1620 φύσει
809 1565 847 1606 δὲ
867 1566 982 1615 κακοί,
1014 1559 1111 1617 οἷον,
1133 1565 1172 1604 τὸ

113 1628 443 1687 ραγιῖνᾶνθρωπον
456 1661 470 1682 ,
490 1627 553 1668 καὶ
570 1627 664 1667 πιεῖν
684 1625 839 1677 αἵματος
857 1625 1095 1678 ἀνθρωπίνου,
1110 1624 1171 1664 καὶ

47 1696 83 1731 j
105 1692 145 1741 ἡ
162 1686 263 1745 παρὰ
280 1687 385 1744 φύσιν
414 1686 610 1728 ἀκολασία·
634 1684 765 1738 μεταξὺ
790 1684 827 1724 δὲ
847 1684 1002 1733 τούτων,
1027 1683 1093 1724 ὅσα
1126 1683 1170 1724 δι’

47 1747 225 1801 ζ’,ῗῖιυτᾶ
244 1747 309 1801 μὶν
342 1747 423 1788 οὔτε
449 1745 566 1800 ἀγαθοί
591 1746 678 1785 εἰσιν
693 1775 705 1794 ,
725 1743 806 1783 οὔτε
829 1744 948 1796 κακοί,
967 1743 1060 1783 ἀλλὰ
1078 1743 1170 1797 χρή-

106 1805 208 1862 σιμα
226 1807 315 1863 πρός
332 1822 369 1848 τι
387 1807 518 1860 ἀγαθόν
531 1836 542 1856 ,
559 1799 650 1854 οἷον,
669 1802 716 1844 τὰ
735 1803 835 1843 σιτία
848 1834 859 1854 ,
882 1798 1002 1843 καὶτὸ
1017 1803 1172 1854 ἱμάτιον,

47 1875 78 1903 ’τί
113 1867 177 1909 καὶ
192 1867 356 1921 ὃγάμος·
373 1867 418 1906 τὰ
438 1865 503 1919 μὲν
524 1859 584 1906 οῧν
603 1864 705 1919 φύσει
725 1862 864 1915 ἀγαθά,
882 1862 945 1902 καὶ
962 1861 1007 1900 τὰ
1026 1861 1172 1914 μεταξύ,

33 1955 71 1986 ³52
114 1927 259 1971 ἀπαιδάν
278 1943 332 1973 τις
352 1929 455 1980 ζητῇ,
475 1925 702 1975 ἐπαινεῖται,
722 1922 784 1962 ἐὰν
804 1921 854 1975 μὴ
885 1921 1093 1976 ὕπερὸάλλῃ
1114 1922 1174 1962 τὸν

12 2007 31 2018 *¹¹
113 1987 217 2045 ὀρθῦν
236 1986 342 2042 λόγον
355 2018 367 2038 ,
389 1989 469 2028 ἀλλ’
489 1990 537 2032 ὡς
559 1989 720 2040 προσῆκε
740 1986 848 2036 ζητῇ.

87 2094 90 2095 ⁷
164 2044 212 2073 ᾖ*
231 2047 306 2091 Καὶ
325 2047 393 2102 γὰρ
414 2051 440 2096 ἠ
459 2045 638 2100 ὖπερὸολὴ
660 2046 695 2084 ἐν
722 2043 855 2083 ἅπασιν
872 2046 935 2083 οὐκ
962 2041 1145 2083 ἐπαινετόν
1160 2072 1171 2093 ,

43 2119 62 2154 J
115 2100 194 2149 ἀλλ’
226 2110 251 2156 ἡ
281 2106 346 2159 μὶν
370 2109 405 2146 ἐν
438 2107 511 2151 τοῖς
539 2106 642 2160 φύσει
665 2106 809 2157 ἀγαθοῖς
837 2102 1016 2156 ὓπερὸολὴ
1045 2102 1173 2157 ψεκτὸν

46 2186 62 2218 ·3
116 2163 182 2218 μὶν
211 2166 277 2206 οὒκ
298 2166 394 2206 ἔστιν
416 2165 495 2205 οὐδὲ
516 2164 722 2218 μοχθηρόν,
744 2162 797 2202 ὅτι
817 2162 862 2201 τὰ
891 2162 1110 2214 διωκόμενα,
1127 2163 1175 2206 ὡς

67 2229 70 2230 ’
115 2223 280 2280 εἴρηται,
301 2224 406 2280 φύσει
422 2225 509 2266 εἰσὶν
532 2224 670 2275 ἀγαθοί,
685 2223 746 2263 καὶΙ
766 2222 811 2262 δι’
833 2221 943 2262 ἑαυτὰ
964 2224 1173 2270 ζητοῦνται·

115 2285 266 2342 φευκτὸν
287 2285 327 2326 δέ
344 2286 421 2325 ἔστι
439 2284 501 2325 καὶ
522 2286 656 2338 φαῦλον
670 2299 679 2309 ·
701 2285 762 2322 τοῦ
783 2281 851 2336 γὰρ
866 2282 978 2336 φιλεῖν
995 2280 1075 2325 τοὺς
1093 2281 1176 2321 παῖ-

117 2344 199 2396 δας.
220 2344 325 2400 φύσει
337 2344 435 2391 ὄντος
457 2347 610 2397 ἀγαθοῦ,
631 2341 773 2398 φεύγειν
795 2342 847 2382 δεῖ
863 2341 927 2390 τὴν
951 2339 1172 2394 ὑπερὸολήν,

115 2403 181 2454 nn}
207 2403 259 2458 μὴ
297 2403 457 2458 καθάπερ
487 2407 510 2451 ἡ
539 2402 691 2454 Νιόὸη,
721 2401 744 2450 ἣ
769 2401 832 2441 καὶ
858 2400 944 2455 πρὸς
971 2399 1051 2445 τοὺς
1081 2398 1176 2445 θεοὺς

52 2459 86 2506 272⁴
111 2461 211 2518 δ’ᾳὶρ
229 2465 302 2504 τῶν
320 2462 452 2504 τίκνων
476 2461 653 2517 ἐμάχετο,
671 2461 694 2510 ἢ
716 2463 734 2501 ὃ
757 2461 917 2513 Σάτυρος
937 2460 986 2505 ὥς
1006 2458 1081 2498 θεὸν
1099 2461 1176 2499 ε’πι-

115 2522 333 2576 καλούμενος
360 2522 421 2563 τὸν
448 2521 607 2576 πατέρα·
633 2521 713 2561 λίαν
732 2520 801 2575 γὰρ
833 2520 946 2559 ἐδόκει
967 2518 1171 2572 μωραίνειν.

52 2578 57 2604 ¹.
82 2604 83 2607 ¹
127 2625 130 2627 ,
169 2581 232 2625 *⁸9
249 2581 346 2626 Ἀλλ’
366 2583 446 2624 οὖδὲ
465 2582 621 2637 ἀκρασία
646 2581 739 2620 ἐστὶν
759 2584 781 2628 ἠ
802 2574 948 2628 τοιαύτη
977 2578 1172 2631 ὓπερὸολή.

61 2651 90 2695 ’,ᾖ
116 2640 404 2699 ᾛγὰρᾶκρασία
420 2643 460 2683 οὗ
473 2643 577 2695 μόνον
595 2641 759 2696 φευκτόν,
774 2640 866 2680 ἀλλὰ
879 2639 1022 2679 καὶτῶν
1034 2640 1173 2693 ψεκτῶν

56 2702 218 2757 jul·
234 2701 379 2757 λίγεται
400 2702 437 2742 δὲ
464 2703 526 2742 καὶ
548 2700 703 2755 ἀκρασία
731 2701 775 2739 δι’
798 2699 995 2751 ὁμοιότητά
1018 2716 1118 2750 τινα,
1132 2699 1176 2747 ἣν

50 2759 89 2820 ,,”’·
116 2755 194 2818 12⁸1
210 2762 294 2818 περὶ
310 2762 372 2810 τὴν
394 2761 569 2816 ἀκρασίαν
589 2762 679 2814 μετὰ
700 2758 926 2813 προσθήκης,
943 2760 1060 2804 καθὼς
1080 2759 1174 2813 εἴρη·

64 2832 202 2874 2:332,
229 2821 384 2877 ἀκρασία
401 2821 545 2874 κέρδους
562 2820 584 2869 ἢ
603 2819 759 2874 ἀκρασία
780 2822 900 2870 τιμῆς.
928 2819 1002 2859 Καὶ
1019 2818 1177 2871 ἀκρατὴς

64 2873 186 2937 η’,ὃῦχ
206 2882 351 2934 ἁπλῶς,
370 2881 463 2920 ἀλλὰ
480 2880 637 2934 ἀκρατὴς
667 2882 793 2932 τιμῆς,
825 2878 847 2926 ἢ
882 2880 1124 2931 φιλοτεκνίας,
1153 2877 1176 2926 ἤ

71 2956 217 3006 μενος
244 2943 315 2982 τῶν
344 2941 530 2981 τοιούτων·
553 2940 676 2994 ὥσπερ
710 2938 820 2979 κακὸν
852 2938 974 2991 ἰατρὸν
1004 2939 1175 2992 λέγομεν,

60 2998 180 3052 τὸν
202 3001 300 3056 παρὰ
319 3001 383 3050 τὴν
406 3000 607 3051 ἐπιστήμην
629 2999 813 3054 χρώμενον
834 3003 906 3040 τοῖς
933 3002 1094 3045 νοσοῦσι,
1115 2996 1176 3036 καὶ

56 3086 74 3108 0,
112 3056 228 3106 ‘mbv
244 3059 456 3115 ὖποκριτήν,
475 3061 534 3102 τὸν
557 3060 606 3112 μὴ
628 3058 784 3114 ἀκριὸῶς
801 3057 1020 3110 μιμούμενον
1037 3055 1075 3095 ὃν
1092 3058 1178 3095 ὃπο-

120 3121 300 3175 ηθνιται,
321 3120 384 3161 καὶ
405 3121 474 3175 οὐχ
493 3121 614 3166 ἁπλῶς
635 3119 743 3160 κακόν
756 3135 764 3144 ·
781 3119 834 3158 ὅτι
855 3119 917 3157 οὐκ
934 3118 1008 3157 ἔστι
1031 3116 1138 3155 κακία
1154 3121 1176 3166 ἡ

72 3189 94 3219 ’-
118 3179 274 3230 §atatim
305 3179 543 3235 παρατροπή,
567 3181 647 3219 ἀλλ’
668 3179 691 3226 ἢ
725 3180 804 3217 καθ’
837 3176 1033 3229 ὁμοιότητα
1054 3182 1068 3200 ⁸
1087 3174 1177 3226 μετὰ

54 3236 74 3290 ,v
121 3240 340 3294 προσθήκης.
373 3239 421 3282 Ἦ
455 3239 519 3292 μὲν
557 3233 617 3279 οῧν
649 3238 732 3292 περὶ
766 3237 810 3276 τὰ
836 3236 938 3291 φύσει
971 3234 1087 3289 ἀγαθὰ
1116 3234 1174 3275 καὶ

47 3328 53 3362 '.
80 3300 94 3305 Ἀ
121 3298 210 3348 ἡδᾶα
226 3299 407 3355 ὀπιρὸολὴ
429 3299 538 3346 οὕτως
560 3300 651 3354 ἔχει.
671 3301 756 3340 Τῶν
774 3298 811 3339 δὲ
826 3296 956 3350 μεταξὺ
978 3298 1118 3350 ἀγαθῶν
1137 3296 1174 3335 αἱ

601 183 904 226 ETHICORUM
932 182 1390 225 NICOMACHEORUM
1420 185 1797 227 PARAPHRASIS.

2213 189 2293 227 467

1234 278 1326 312 tibus
1342 281 1497 312 versatur
1515 279 1743 320 incontinens,
1764 279 1870 323 magis
1894 281 2006 314 tamen
2034 279 2290 325 reprehenditur
2312 314 2315 318 ,

1234 339 1476 382 intemperans,
1505 342 1543 373 ut
1566 341 1626 383 qui
1651 340 1758 382 magis
1784 340 1910 374 serviat
1931 340 2164 384 voluptatibus
2189 354 2196 374 :
2222 344 2293 376 ete-

1234 398 1304 432 nim
1321 399 1492 433 acerrimis
1512 400 1755 443 cupiditatibus
1775 401 1981 435 incontinens
2000 401 2164 445 frangitur
2185 415 2192 435 :
2215 412 2292 437 nam

1235 462 1439 503 repugnante
1458 463 1551 494 recta
1573 461 1701 495 ratione
1717 462 1788 495 fieri
1804 462 1868 495 hoc
1886 462 1982 496 aliter
2011 472 2076 496 non
2093 465 2205 506 posset
2234 477 2242 496 :
2258 465 2293 496 at

1235 527 1314 551 vero
1328 518 1442 561 parvis
1471 520 1572 553 etiam
1599 522 1633 554 et
1652 521 1782 563 exiguis
1804 522 2044 564 cupiditatibus
2071 522 2294 565 intemperans
2356 510 2362 517 ’

1235 579 1357 616 servit,
1377 580 1457 623 quia
1477 590 1543 614 non
1568 580 1766 616 adversatur
1783 583 1825 616 iis
1841 585 1932 616 recta
1959 582 2045 616 ratio
2066 595 2074 616 ε
2098 582 2240 626 ideoque
2259 584 2292 616 et

1234 637 1375 672 nimium
1404 639 1550 681 appetit,
1580 642 1614 674 et
1646 642 1835 676 mediocres
1868 642 1999 676 dolores
2030 640 2115 684 fugit
2131 654 2139 674 ε
2171 640 2291 684 quodsi

1234 696 1374 730 modicis
1400 700 1534 732 tantum
1564 700 1804 743 cupiditatibus
1824 701 1988 744 impulsus
2011 700 2060 734 ita
2087 699 2130 733 ad
2152 699 2292 732 nimium

1234 757 1374 799 rapitur,
1393 758 1504 801 qualis
1524 758 1659 792 tandem
1679 759 1815 794 futurus
1831 761 1884 799 sit,
1915 761 1943 794 si
1965 760 2050 793 acris
2065 761 2099 793 et
2115 759 2292 792 vehemens

1238 818 1352 862 aliqua
1364 819 1531 863 cupiditas
1547 829 1625 854 eum
1643 820 1803 862 invadat,
1822 822 1882 854 aut
1902 819 1948 854 ob
1967 828 2080 853 rerum
2097 817 2293 852 necessaria·

1234 887 1309 912 rum
1329 880 1503 922 penuriam
1524 879 1619 914 dolor
1632 879 1768 923 gravis?

1684 1187 1763 1231 Gap.
1789 1188 1843 1220 lx.
1898 1223 1902 1228 ,

1382 1300 1424 1329 De
1445 1297 1565 1329 feritate
1577 1300 1607 1329 et
1622 1306 1694 1337 quae
1716 1298 1750 1328 in
1760 1305 1797 1329 ea
1813 1299 1894 1328 inest
1914 1295 2146 1328 incontinentia.

1244 1397 1249 1402 '
1276 1396 1407 1429 Rursus
1425 1403 1542 1429 eorum
1561 1402 1638 1437 quae
1658 1393 1807 1437 jucunda
1834 1394 1931 1432 sunt,
1964 1392 2029 1426 alia
2050 1394 2172 1425 natura
2194 1391 2292 1432 hona,

1237 1455 1302 1488 alia
1318 1454 1407 1488 mala
1431 1456 1530 1494 sunt,
1550 1454 1615 1488 alia
1639 1453 1762 1487 media.
1790 1455 1834 1487 Et
1861 1455 1981 1486 natura
1995 1452 2136 1496 quidem
2152 1451 2237 1486 bona
2255 1461 2294 1485 ea

1237 1517 1315 1548 sunt
1333 1514 1483 1558 jucunda
1495 1539 1504 1556 ‚
1523 1523 1600 1557 quae
1621 1522 1682 1557 per
1697 1522 1733 1547 se
1750 1522 1816 1546 non
1835 1514 1972 1556 propter
1997 1511 2090 1545 aliud
2110 1511 2258 1555 petimus
2283 1523 2292 1543 :

1235 1577 1273 1608 ut
1289 1575 1414 1618 gloria,
1431 1574 1586 1616 victoria,
1606 1574 1693 1608 bona
1706 1573 1866 1607 valetudo
1886 1585 1894 1606 :
1911 1574 2031 1606 natura
2046 1582 2127 1606 vero
2139 1571 2239 1611 mala,
2254 1573 2295 1604 ut

1235 1635 1403 1668 hominem
1424 1644 1561 1675 vorare,
1583 1634 1776 1676 sanguinem
1805 1633 1993 1667 humanum
2019 1632 2143 1672 bibere,
2165 1634 2200 1665 et
2217 1641 2294 1675 quae

1235 1697 1351 1728 contra
1370 1696 1526 1728 naturam
1543 1696 1595 1728 est
1610 1693 1868 1736 intemperantia
1884 1704 1891 1726 :
1907 1692 2016 1726 media
2031 1694 2145 1726 autem
2160 1692 2294 1733 horum,

1234 1764 1312 1799 quae
1330 1765 1390 1799 per
1413 1765 1456 1789 se
1470 1764 1531 1788 nec
1557 1754 1643 1788 bona
1665 1756 1763 1793 sunt,
1791 1763 1852 1787 nec
1884 1753 1972 1786 mala
2018 1752 2077 1786 sed
2097 1752 2141 1786 ad
2170 1752 2295 1785 bonum

1236 1815 1406 1860 quoddam
1434 1814 1637 1853 conducunt,
1660 1813 1805 1857 exempli
1824 1813 1955 1856 gratia,
1977 1813 2063 1853 cibi,
2088 1814 2208 1851 vestes,
2231 1821 2296 1845 nu-

1235 1876 1315 1920 ptioe
1340 1888 1347 1909 :
1370 1884 1447 1918 quae
1463 1875 1566 1918 igitur
1585 1876 1705 1908 natura
1725 1873 1809 1907 bona
1828 1874 1907 1906 sunt
1923 1875 1957 1906 et
1975 1881 2054 1916 quoe
2076 1874 2154 1906 sunt
2172 1871 2294 1912 media,

1235 1935 1264 1969 si
1282 1935 1361 1979 quis
1386 1944 1425 1968 ea
1450 1934 1497 1967 ita
1530 1936 1623 1977 petat
1637 1960 1645 1973 ,
1666 1936 1703 1967 ut
1723 1943 1743 1966 a
1770 1934 1862 1967 recta
1881 1933 2009 1966 ratione
2031 1942 2097 1966 non
2119 1931 2293 1971 deflectat,

1236 1995 1295 2030 sed
1313 1995 1469 2028 decenter
1487 1996 1591 2037 petat,
1621 1993 1790 2027 laudatur.

1276 2057 1392 2098 Neque
1407 2055 1495 2088 enim
1514 2054 1548 2087 in
1564 2053 1720 2087 omnibus
1733 2052 1835 2086 nlmia
1851 2052 2044 2090 laudantur,
2069 2050 2128 2085 sed
2149 2050 2240 2094 quod
2262 2050 2296 2083 in

1235 2115 1335 2148 rebus
1351 2116 1470 2148 natura
1488 2114 1584 2147 bonis
1603 2113 1743 2147 nimium
1763 2115 1814 2146 est
1832 2122 1897 2146 non
1917 2112 2055 2155 quidem
2072 2111 2293 2153 vituperatur,

1237 2177 1297 2202 nec
1314 2167 1440 2201 malum
1460 2166 1613 2205 habetur,
1645 2165 1726 2209 quia
1750 2174 1827 2208 quae
1853 2166 2068 2207 expetuntur,
2099 2166 2139 2196 ut
2161 2163 2290 2196 dictum

1237 2224 1312 2263 est,
1334 2224 1455 2255 natura
1475 2223 1553 2254 sunt
1572 2220 1658 2253 bona
1675 2221 1709 2253 et
1735 2228 1795 2263 per
1812 2228 1847 2252 se
1867 2220 2068 2262 quaeruntur
2091 2231 2098 2250 ·.
2119 2216 2290 2250 nihilomi-

1238 2285 1300 2309 nus
1321 2277 1432 2308 tamen
1450 2275 1484 2308 et
1517 2272 1711 2315 fugiendum
1739 2273 1791 2306 est
1813 2274 1847 2305 et
1864 2271 1991 2304 malum
2014 2283 2022 2303 ι
2049 2269 2145 2303 verbi
2174 2277 2292 2307 causa,

1236 2339 1343 2373 quum
1368 2337 1480 2362 amare
1505 2326 1630 2360 liberos
1646 2328 1767 2359 natura
1787 2325 1829 2359 sit
1848 2325 1973 2358 bonum
1987 2349 1996 2365 ,
2013 2322 2191 2357 vitandum
2208 2321 2297 2354 nihi-

1238 2383 1381 2417 lominus
1398 2382 1433 2416 in
1455 2391 1493 2416 eo
1522 2389 1639 2424 genere
1654 2380 1689 2413 id
1705 2378 1796 2423 quod
1813 2378 1955 2412 nimium
1975 2379 2047 2416 est,
2071 2385 2180 2419 neque
2198 2383 2294 2417 agere

1238 2436 1399 2470 debemus
1424 2436 1463 2468 ut
1480 2434 1603 2472 Niobe,
1635 2442 1713 2476 quae
1735 2441 1813 2465 cum
1829 2431 1894 2464 diis
1921 2440 1981 2474 pro
2003 2429 2118 2464 liberis
2139 2431 2210 2462 suis
2228 2437 2294 2471 pu-

1237 2488 1378 2533 gnabat,
1397 2490 1452 2522 aut
1483 2489 1624 2530 Satyrus
1651 2487 1709 2529 qui
1738 2488 1899 2528 tanquam
1926 2485 2028 2517 deum
2044 2485 2174 2526 patrem
2195 2491 2294 2516 suum

1239 2542 1415 2577 invocabat
1433 2554 1440 2574 :
1461 2540 1596 2574 omnino
1610 2540 1697 2573 enim
1714 2539 1858 2572 insanire
1875 2536 2064 2570 videbatur.

1281 2602 1348 2637 Sed
1368 2611 1409 2635 ne
1421 2598 1660 2634 incontinentia
1673 2597 1809 2641 quidem
1824 2596 1902 2630 talis
1913 2597 1965 2629 est
1981 2594 2146 2628 nimietas.
2168 2593 2297 2636 Quippe

1240 2653 1476 2689 incontinentia
1490 2662 1555 2695 non
1571 2651 1680 2684 solum
1698 2648 1855 2692 fugienda
1869 2650 1941 2690 est,
1957 2647 2017 2681 sed
2032 2647 2133 2680 etiam
2146 2646 2181 2679 in
2198 2646 2298 2679 rebus

1239 2706 1518 2751 vituperabilibus
1537 2705 1733 2738 numeratur
1755 2713 1763 2735 ε
1786 2701 1911 2735 dicitur
1929 2702 2043 2733 autem
2059 2699 2161 2734 etiam
2179 2699 2296 2732 incon-

1239 2761 1378 2796 tinentia
1423 2761 1557 2803 propter
1590 2755 1844 2791 similitudinem
1883 2754 2072 2798 quandam,
2110 2752 2295 2794 adjectione

1239 2816 1328 2850 facta
1347 2815 1394 2849 rei
1419 2823 1496 2858 quae
1519 2812 1561 2846 ad
1580 2812 1653 2855 ejus
1675 2809 1927 2845 similitudinem
1944 2807 2092 2847 accedit,
2114 2809 2153 2840 ut
2168 2806 2296 2839 dictum

1239 2871 1289 2902 est
1302 2895 1309 2907 ,
1328 2867 1567 2901 incontinentia
1583 2865 1669 2899 lucri
1687 2866 1746 2898 aut
1765 2861 2003 2896 incontinentia
2019 2859 2165 2906 lionoris.
2188 2859 2231 2891 Et
2250 2858 2297 2890 in-

1240 2912 1410 2955 continens
1430 2929 1494 2953 non
1519 2910 1724 2962 simpliciter,
1756 2914 1816 2950 sed
1836 2914 2044 2948 incontinens
2066 2912 2220 2951 honoris,
2239 2913 2297 2943 aut

1239 2975 1362 3022 amoris
1385 2983 1454 3018 quo
1483 2973 1605 3006 liberos
1635 2971 1689 3005 vel
1707 2969 1799 3004 aliud
1821 2968 1903 3012 quid
1932 2966 2148 3011 prosequitur
2170 2978 2178 2998 :
2210 2965 2299 2997 sicut

1238 3029 1365 3062 malum
1398 3027 1605 3071 appellamus
1635 3025 1822 3061 medicum.
1851 3023 1911 3067 qui
1933 3023 2050 3056 contra
2078 3020 2160 3054 artis
2192 3019 2296 3060 legem

1240 3085 1336 3116 curat
1355 3090 1480 3124 aegros,
1510 3082 1544 3114 et
1568 3079 1694 3113 malum
1713 3078 1930 3115 histrionem,
1948 3074 2008 3118 qui
2024 3083 2089 3106 non
2111 3074 2202 3105 recte
2221 3070 2298 3103 imi-

1240 3139 1331 3170 tatur
1361 3144 1439 3169 eum
1459 3134 1556 3177 quus
1576 3141 1754 3176 personam
1781 3131 1947 3169 sustinet,
1974 3137 2039 3161 non
2062 3128 2173 3159 autem
2199 3124 2298 3157 abso-

1240 3191 1309 3224 lute
1328 3189 1455 3223 malum
1473 3200 1481 3221 ι
1502 3187 1583 3231 quia
1598 3196 1663 3220 non
1679 3188 1731 3220 est
1756 3185 1878 3219 vitium
1899 3180 2094 3226 hujusmodi
2111 3177 2289 3215 aberratio,

1240 3245 1302 3278 nisi
1320 3246 1456 3287 propter
1478 3242 1528 3276 rei
1550 3241 1804 3275 similitudinem
1835 3248 1913 3273 cum
1944 3235 2137 3279 adjectione.
2177 3232 2296 3265 Nimiae

1240 3299 1343 3342 igitur
1359 3300 1462 3342 atque
1480 3295 1712 3331 immoderatae
1731 3303 1846 3329 rerum
1862 3294 1983 3326 natura
2005 3288 2217 3324 bonarum-et
2237 3286 2294 3328 Ju-

134 3382 2292 3412 -.-.--.———....—.-.--.---—-—----—-—-—-—-

142 3517 146 3522 .
165 3472 181 3491 *
203 3471 295 3508 Ἐπεὶ
316 3475 351 3509 δὲ
365 3478 430 3509 τῶν
444 3474 618 3518 ἐπιθυμιῶν
633 3474 689 3508 καὶ
700 3476 764 3507 τῶν
778 3473 909 3513 ἡδονῶν
927 3472 996 3504 κτλ.
1012 3487 1055 3495 -·
1077 3470 1111 3489 ''*
1127 3471 1187 3504 Διὸ
1202 3470 1276 3503 ὅσοι
1296 3469 1354 3511 μὶν
1372 3467 1461 3511 παρὰ
1474 3468 1530 3501 τὸν
1544 3467 1639 3508 λόγον
1658 3467 1729 3499 κτλ.
1752 3480 1794 3490 —-
1811 3466 1862 3483 *⁴*
1877 3462 2048 3506 Μοχθηρία
2063 3460 2121 3502 μὲν
2141 3457 2197 3492 οὖν
2217 3454 2290 3488 κτλ.
