2508 3776
259 175 337 214 464

255 261 499 314 ἁμαρτάνοντα
516 257 642 296 ἄτοπόν
663 272 742 296 τινα
759 257 959 309 ἡγούμεθα,
979 259 1038 297 καὶ
1058 262 1284 314 θαυμάζομεν

254 323 284 360 εἰ
321 322 395 358 ἔστι
427 334 478 362 τις
508 318 615 361 οὕτως
647 317 759 368 ἔχων·
786 316 845 356 τὸν
878 317 989 368 δὲμὴ
1022 320 1203 373 χρώμενον
1233 322 1293 360 καὶ

253 378 523 430 ἁμαρτάνοντα,
545 377 719 426 οὐδαμῶς.

306 438 322 453 ”
336 435 433 487 Ἔτι,
449 437 487 474 οὗ
506 434 621 488 τούτῳ
641 435 737 488 μόνῳ
758 435 978 488 διαφέρουσιν
996 438 1028 476 οἱ
1049 439 1288 490 ἐπιστάμενοι,

251 497 301 547 τῷ
327 494 404 538 τοὺς
422 494 483 544 μὲν
498 494 592 545 ἔχειν
610 494 671 532 καὶ
690 496 864 547 χρῆσθαι,
884 495 962 540 τοὺς
982 495 1017 534 δὲ
1036 497 1128 548 ἔχειν
1150 498 1214 548 μέν
1227 529 1236 545 ,
1252 498 1290 535 οὖ

250 556 402 606 χρῆσθαι
429 554 488 601 δέ,
517 553 609 592 ἀλλὰ
630 553 691 591 καὶ
719 555 798 592 κατ’
826 553 911 592 αὐτὸ
933 554 973 592 τὸ
999 555 1091 606 ἔχειν
1113 557 1293 608 διαφέρου·

251 628 329 651 σιν·
348 614 386 651 οὔ
407 612 473 665 γὰρ
495 612 660 663 ὁμοίως”
642 627 762 664 εχουσι
782 613 844 658 τὰς
870 615 1068 664 ἐπιστήμας
1086 616 1117 654 οἱ
1147 615 1293 655 ἐπιστά-

252 686 371 721 μενοι·
400 672 476 710 ἔστι
501 671 569 723 γὰρ
600 672 726 725 ἔχοντά
754 687 831 710 τινα
855 674 1077 724 ἐπιστήμην,
1108 674 1157 724 μὴ
1178 674 1289 727 ἔχειν·

251 732 343 777 οῖον,
360 729 419 767 τὸν
445 730 683 782 καθεύδοντα,
714 731 775 770 καὶ
797 732 1032 782 μαινόμενον,
1063 732 1123 771 καὶ
1146 732 1292 784 οἰνωμέ-

250 800 331 826 νον·
353 788 445 827 κατὰ
476 803 595 828 τουτον
619 789 654 828 δὲ
685 789 744 829 τὸν
763 789 889 842 τρόπον
915 791 1036 844 ἔχουσι
1056 790 1121 838 τὴν
1149 793 1293 840 ἐπιστή-

255 864 325 898 μην
345 848 406 887 καὶ
436 849 466 886 οἱ
498 849 532 886 ἐν
557 853 629 892 τοῖς
655 848 802 887 πάθεσιν
827 848 936 893 ὄντες·
955 849 1119 900 μεθύουσι
1145 850 1211 904 γὰρ
1227 850 1293 889 ὑπὸ

248 910 311 954 τῆς
342 908 548 959 ἐπιθυμίας,
585 908 645 947 καὶ
677 908 859 960 μαίνονται
894 909 962 948 ὑπὸ
991 915 1049 949 τοῦ
1071 915 1203 961 θυμοῦ·
1232 911 1291 950 καὶ

249 964 368 1019 ὥσπερ
389 966 446 1005 ἐπὶ
468 968 537 1005 τῶν
568 968 791 1017 μαινομένων
813 968 873 1006 καὶ
898 970 1119 1020 οἷνωμένων,
1144 969 1204 1008 καὶ
1232 972 1293 1008 αὖ·

248 1027 317 1063 τῶν
336 1024 381 1064 τὰ
399 1024 549 1077 σώματα
572 1026 793 1065 ἀλλοιοῦνται
809 1028 869 1066 καὶ
891 1028 1116 1078 μεθίστανται
1137 1031 1293 1081 φανερῶς

248 1084 315 1123 ὑπὸ
342 1087 411 1123 τῶν
437 1084 602 1123 τοιούτων
623 1088 765 1124 παθῶν·
797 1102 857 1125 και
891 1087 958 1140 γὰρ
987 1087 1047 1126 καὶ
1075 1089 1205 1140 χρῶμα
1232 1087 1290 1126 καὶ

252 1143 416 1194 βλέμμα,
445 1144 529 1181 ἔνιοι
561 1142 597 1181 δὲ
630 1143 689 1182 καὶ
719 1147 881 1195 καθαρως
910 1145 1108 1195 μαίνονται·
1144 1146 1291 1198 φανερὸν

249 1205 330 1246 οὖν,
355 1202 408 1239 ὃτι
440 1203 462 1248 ἡ
494 1202 674 1251 ἐπιστήμη
693 1205 761 1241 τῶν
793 1204 955 1255 ἀκρατῶν
988 1205 1115 1254 ὁμοίως
1145 1204 1220 1256 ἔχει
1247 1207 1291 1256 τῇ

247 1261 317 1299 τῶν
338 1260 532 1310 μεθυόντων
548 1259 609 1299 καὶ
631 1262 864 1312 μαινομένων.

303 1318 338 1335 **
349 1320 394 1358 Εἴ
410 1318 444 1358 δὲ
463 1319 522 1358 καὶ
536 1319 676 1372 λέγουσι
691 1321 812 1372 λόγους
826 1324 888 1369 τῆς
902 1321 1099 1374 ἐπιστήμης
1110 1352 1120 1369 ,
1138 1323 1177 1360 οὗ
1194 1321 1292 1374 παρὰ

246 1383 348 1419 τοῦτο
371 1379 551 1432 φαίνονται
583 1378 632 1429 μὴ
654 1381 782 1429 ὁμοίως
801 1381 894 1432 ἔχειν
916 1386 986 1425 τοῖς
1003 1382 1217 1434 εἰρημένοις·
1233 1381 1292 1420 καὶ

247 1437 315 1491 γὰρ
349 1438 410 1476 καὶ
443 1439 475 1476 οἱ
509 1438 691 1489 μεθύοντες
728 1438 919 1484 ἀποδείξεις
945 1439 1006 1479 καὶ
1034 1441 1103 1488 ἔπη
1133 1442 1292 1492 λέγουσιν

247 1497 546 1547 Ἐμπεδοκλέους·
572 1496 693 1548 ὥσπερ
714 1497 774 1536 καὶ
798 1499 830 1536 οἱ
851 1498 931 1551 ἄρτι
959 1499 1193 1549 μανθάνοντες
1209 1504 1292 1537 παῖ-

246 1556 302 1600 δες
323 1554 517 1608 συνείρουσι
542 1555 604 1607 μὲν
627 1555 706 1600 τοὺς
731 1557 878 1609 λόγους,
907 1557 1006 1597 ἴσασι
1035 1558 1071 1597 δὲ
1093 1558 1191 1597 οὔπω
1209 1558 1291 1611 πρὶν

246 1615 281 1652 ἐν
298 1614 365 1652 ἔθει
382 1614 569 1666 γενέσθαι,
589 1615 650 1653 καὶ
671 1614 790 1668 ὥσπερ
806 1620 1014 1669 συμφῦναι,
1034 1617 1119 1669 ὅπερ
1144 1617 1201 1656 διὰ
1222 1632 1289 1667 μα-

247 1677 330 1725 κροῦ
349 1673 483 1724 γίνεται
502 1673 647 1726 χρόνου·
669 1673 760 1714 ὥστε
778 1674 943 1727 καθάπερ
963 1673 1043 1718 τοὺς
1063 1674 1292 1726 ὑποκρινομέ-

247 1746 324 1775 νους
338 1760 349 1779 ,
370 1731 479 1776 οὕτως
499 1733 723 1782 ὑποληπτέον
745 1734 859 1784 λέγειν
878 1733 937 1772 καὶ
963 1732 1042 1777 τοὺς
1061 1731 1292 1786 ἅκρατευομέ-

245 1806 342 1840 νους,
360 1789 393 1828 οἳ
419 1791 594 1842 πρόσωπα
619 1792 886 1844 ὑποκρινόμενοι
905 1790 951 1830 τὰ
978 1793 1014 1830 ἐν
1044 1796 1114 1835 τοῖς
1138 1791 1292 1842 ποιήμα-

247 1864 300 1888 σιν
321 1848 388 1897 ἔπη
408 1848 546 1901 λέγουσι
561 1849 579 1874 b
601 1850 664 1900 μέν
677 1881 687 1898 ,
706 1851 803 1889 ἴσασι
825 1851 861 1891 δὲ
877 1844 926 1890 ὧν
940 1849 1102 1903 λέγουσιν
1124 1850 1235 1888 οὐδέν.

300 1906 352 1924 ***
367 1906 450 1947 Ἔτι
463 1908 524 1947 καὶ
537 1908 635 1947 τόνδε
649 1907 706 1947 τὸν
721 1909 848 1961 τρόπον
865 1911 1019 1963 φυσικῶς
1035 1909 1075 1947 ἄν
1093 1924 1144 1952 τις
1160 1907 1290 1947 συνίδοι

246 1965 308 2014 τὴν
336 1966 450 2005 αἰτίαν
466 1996 476 2014 ,
498 1967 540 2005 δι’
570 1967 614 2014 ἣν
636 1966 869 2018 γινώσκοντες
895 1968 926 2006 οἳ
951 1968 1115 2020 ἀκρατεῖς
1135 1967 1174 2005 τὸ
1191 1968 1292 2018 ζάγα-

247 2025 305 2064 θὸν
326 2027 392 2078 οὐχ
413 2027 610 2077 αἱροῦνται·
633 2027 708 2064 ἔστι
728 2027 809 2073 δόξα
835 2026 1003 2074 καθόλου,
1031 2025 1091 2064 καὶ
1118 2025 1192 2064 ἔστι
1210 2025 1291 2070 δόξα

247 2085 405 2138 μερική,
438 2083 515 2131 ἥτις
559 2084 600 2131 δὴ
632 2084 758 2138 μερικὴ
796 2087 880 2138 περὶ
906 2085 952 2125 τὰ
994 2085 1143 2134 αἰσθητά
1179 2087 1288 2124 ἐστιν·

246 2145 330 2182 ὅταν
350 2143 386 2182 δὲ
407 2143 478 2183 ἀπὸ
494 2146 556 2191 τῆς
576 2144 726 2184 καθόλου
747 2146 885 2192 καὶτῆς
905 2148 1049 2198 μερικῆς
1069 2144 1168 2191 δόξης
1181 2144 1291 2191 ἄλλην

246 2201 323 2240 τινὰ
351 2202 608 2253 συναγάγωμεν
640 2203 761 2252 δόξαν,
795 2204 960 2256 ἀνάγκη,
989 2205 1019 2242 εἷ
1053 2203 1116 2253 μέν
1147 2203 1240 2242 ἐστιν
1268 2205 1290 2250 ἡ

246 2259 327 2305 δόξα
359 2261 579 2312 θεωρητική,
608 2261 810 2316 καταφάναι
841 2264 905 2311 τὴν
935 2263 1113 2311 διάνοιαν,
1146 2261 1207 2300 καὶ
1235 2277 1292 2300 πι-

246 2333 388 2357 στευσαι
408 2318 462 2356 ὅτι
492 2319 601 2364 οὕτως
627 2319 720 2372 ἔχει·
739 2323 768 2360 εἷ
796 2321 866 2359 δέ’
852 2337 926 2362 εστι
941 2320 1124 2381 πρακτικὴ
1141 2323 1162 2368 ἡ
1182 2320 1262 2365 δόξα
1277 2351 1287 2370 ,

247 2379 382 2430 ἀνάγκη
399 2378 567 2430 πράττειν
589 2379 739 2427 εὐθύς,
722 2396 764 2418 αν
784 2379 833 2431 μή
849 2396 902 2424 τις
916 2380 1058 2432 κωλύῃ·
1090 2382 1188 2428 οιον,
1206 2383 1291 2418 θεω-

247 2437 372 2490 ρητικὴ
393 2438 454 2487 μὲν
474 2437 576 2485 δόξα,
598 2438 650 2477 ὅτι
673 2439 859 2494 ἐλλέὸορος
881 2439 1075 2492 βλαὸερόν,
1099 2438 1123 2486 ἢ
1143 2455 1183 2478 το
1211 2439 1290 2492 μέλι

245 2497 355 2548 γλυκύ
371 2526 380 2544 ,
403 2497 487 2550 ὅπερ
515 2499 544 2535 εἷ
567 2498 843 2550 συναγάγωμεν,
866 2499 1079 2549 πιστεύομεν
1108 2497 1231 2548 μόνον,
1251 2499 1290 2537 οὗ

245 2554 460 2606 πράττομεν·
492 2557 669 2608 πρακτικὴ
703 2557 759 2606 δέ,
783 2557 836 2596 ὅτι
865 2573 926 2596 του
953 2559 1096 2610 γλυκέος
1127 2557 1289 2608 γεύεσθαι

247 2614 317 2651 δεῖ·
334 2612 420 2663 ὅπερ
439 2615 468 2652 εἷ
490 2617 770 2667 συναγάγωμεν,
787 2616 965 2669 πράξομεν
983 2617 1044 2657 καὶ
1071 2617 1288 2669 γευσόμεθα·

247 2672 330 2710 ὅταν
351 2675 408 2710 οὖν
427 2673 462 2710 αι
481 2673 542 2723 μὲν
561 2673 675 2723 δόξαι,
690 2691 751 2714 και
776 2679 798 2723 ἡ
828 2676 1006 2726 καθόλου,
1023 2675 1085 2716 καὶ
1102 2679 1122 2724 ἡ
1142 2675 1286 2729 μερική,

247 2730 416 2769 κελεύωσι
436 2731 603 2783 πράττειν
631 2749 683 2782 τι,
709 2737 803 2786 οἱον,
823 2735 875 2774 δεῖ
904 2735 1068 2788 γεύεσθαι
1096 2737 1213 2781 τοῦδε,
1237 2736 1289 2774 ὅτι

248 2789 327 2827 τόδε
353 2789 484 2841 γλυκύ,
512 2793 573 2828 τοῦ
591 2790 626 2829 δὲ
656 2792 799 2843 γλυκέος
825 2793 988 2844 γεύεσθαι
1014 2794 1088 2846 δεῖ,
1108 2797 1130 2842 ἡ
1153 2793 1220 2833 δὲ’
1208 2810 1288 2833 επι-

253 2845 372 2896 στήμη
418 2846 543 2900 κελεύῃ
571 2849 629 2887 καὶ
660 2851 677 2888 ὁ
710 2851 859 2890 καθόλου
889 2853 989 2905 λόγος
1016 2853 1065 2905 μὴ
1094 2853 1286 2906 γεύεσθαι,

248 2904 340 2957 τύχῃ
363 2904 397 2942 δὲ
416 2904 476 2943 καὶ
498 2907 664 2958 ἐπιθυμία
685 2909 809 2948 ἐνουσα
830 2926 890 2949 του
911 2912 1119 2964 πράγματος
1133 2942 1144 2962 ,
1167 2915 1206 2953 τὸ
1226 2914 1288 2965 μὲν

249 2965 286 3002 ἐκ
314 2962 446 3002 τούτων
474 2965 709 3017 συναγόμενον
738 2968 911 3020 ἐνέργειαν
949 2971 1040 3023 ἔχει,
1071 2971 1133 3010 καὶ
1157 2987 1288 3025 χρηται

247 3023 366 3076 αὐτῷ,
385 3022 425 3061 τὸ
446 3022 481 3061 δὲ
503 3024 651 3063 καθόλου
671 3026 798 3065 κωλύει
815 3028 998 3079 γεύεσθαι,
1021 3033 1044 3077 ἡ
1068 3029 1096 3068 δ’
1120 3031 1286 3081 επιθυμία

250 3083 338 3134 μετὰ
366 3098 428 3129 της
457 3081 556 3130 δόξης
589 3085 649 3124 ἐπὶ
675 3085 715 3123 τὸ
743 3086 885 3133 γευστὸν
915 3087 1008 3139 ἄγει·
1043 3088 1189 3128 δύναται
1220 3090 1287 3144 γὰρ

247 3147 353 3180 κινεῖν
382 3142 531 3181 ἕκαστον
552 3144 621 3181 τῶν
653 3143 803 3196 μορίων,
822 3146 914 3196 λέγω
942 3146 977 3185 δὲ
999 3147 1060 3192 τὰς
1080 3149 1208 3193 οἰκείας
1229 3150 1286 3188 αἰ·-

249 3201 386 3248 σθήσεις
406 3204 455 3240 τῶ
483 3204 709 3256 ἐπιθυμητῷ,
729 3202 850 3256 ὅρασιν
872 3207 900 3242 εἰ
921 3207 1074 3258 ὁρατόν’
1060 3223 1131 3246 εστι
1147 3208 1185 3246 τὸ
1205 3208 1284 3257 ἡδύ,

247 3259 264 3298 ὃ
294 3261 378 3314 πρὸς
398 3267 412 3285 ⁰
433 3262 538 3301 ἑαυτὸ
572 3262 684 3311 ἕλκει,
720 3264 777 3302 καὶ
805 3268 920 3314 γεῦσιν
953 3266 992 3303 τὸ
1013 3267 1174 3318 γευστόν·
1195 3267 1284 3307 ὥστε

1082 170 1366 215 ANDRONICI
1395 173 1571 214 RHODII

1354 271 1486 311 peccat,
1508 268 1658 311 ineptum
1687 268 1890 312 judicemus.
1923 270 2150 315 miremurque
2169 271 2395 312 vehementer.
2425 256 2446 268 ’Δ

1354 328 1380 360 si
1400 328 1477 360 talis
1506 328 1606 361 homo
1623 328 1809 361 inveniatur
1829 340 1837 361 ε
1868 337 1945 363 eum
1978 332 2090 365 autem
2112 331 2172 375 qui
2197 340 2262 366 non
2289 331 2399 366 utitur

1355 386 1489 420 scientia
1510 389 1544 419 et
1565 389 1699 429 peccat.
1720 387 1812 420 nullo
1829 387 1938 422 modo.

1395 446 1560 478 Praeterea
1587 454 1653 478 non
1683 445 1747 478 hoc
1770 447 1901 479 tantum
1929 446 2089 482 differunt
2115 449 2266 484 homines
2283 458 2399 483 rerum

1355 500 1512 540 scientes,
1539 500 1629 544 quod
1663 501 1720 534 alii
1747 502 1916 536 scientiam
1957 503 2090 546 quidem
2108 502 2261 539 'habeant
2289 511 2396 549 eaque

1354 560 1502 598 utantur,
1525 558 1579 592 alii
1604 559 1747 593 habeant
1766 561 1921 604 quidem,
1944 570 2064 595 verum
2091 571 2157 595 non
2174 564 2323 603 utantur,
2338 561 2398 596 sed

1355 614 1455 646 etiam
1466 614 1537 657 ipsa
1553 615 1693 649 habendi
1708 618 1835 651 ratione
1847 617 2008 651 differunt
2023 630 2031 651 :
2050 626 2158 661 neque
2179 618 2266 652 enim
2282 617 2399 653 eodem

1354 669 1453 702 modo
1485 671 1656 706 scientiam
1682 673 1805 707 habent
1830 683 1942 707 rerum
1972 675 2112 707 scientes
2138 687 2147 708 z

1354 730 1479 770 potest,
1510 731 1549 763 ut
1582 730 1682 764 homo
1713 732 1848 764 scientia
1871 731 2050 773 praeditus,
2085 733 2198 768 tamen
2227 729 2398 765 scientiam

1353 794 1419 818 non
1446 786 1566 820 habeat
1583 799 1591 819 ι
1613 787 1722 830 qualis
1742 790 1795 821 est
1820 788 1850 820 is
1868 788 1927 830 qui
1946 787 2089 828 dormit,
2122 790 2157 821 et
2176 786 2344 828 furiosus,
2365 787 2399 820 et

1355 843 1556 877 temulentus
1575 858 1583 877 ι
1609 846 1642 877 et
1667 845 1730 877 hoc
1751 843 1887 887 quidem
1907 844 2007 877 modo
2033 844 2132 877 etiam
2153 843 2304 877 homines
2322 850 2399 885 per-
2438 887 2444 892 .

1354 897 1597 931 turbationibus
1626 897 1752 931 incitati
1783 898 1953 931 scientiam
1981 897 2104 931 habent
2129 909 2137 930 z
2167 906 2246 930 nam
2266 897 2301 930 et
2326 895 2400 929 ine-

1353 951 1503 984 briantur
1539 952 1719 994 cupiditate
1755 953 1788 984 et
1822 951 1871 984 ira
1907 951 2077 985 furibundi
2119 950 2305 984 redduntur
2327 961 2335 982 ι
2363 949 2397 982 et

1353 1004 1631 1046 quemadmodum
1652 1005 1685 1037 in
1706 1005 1941 1038 insanientibus
1959 1006 1993 1037 et
2011 1003 2110 1037 ebriis
2131 1013 2196 1036 usu
2224 1001 2327 1040 venit,
2350 1001 2396 1034 ita

1353 1056 1485 1089 illorum
1503 1067 1636 1100 quoque
1654 1066 1790 1100 corpora
1804 1057 1927 1090 talibus
1946 1055 2121 1090 affectibus
2135 1054 2311 1102 manifesto
2321 1062 2399 1088 mu-

1354 1111 1469 1144 tantur
1499 1115 1533 1146 et
1561 1112 1844 1153 transfigurantur
1864 1124 1872 1143 ε
1893 1121 1968 1144 nam
1989 1114 2022 1144 et
2044 1112 2186 1145 colorem
2209 1112 2345 1156 mutant
2365 1111 2399 1143 et

1353 1162 1484 1194 vultum
1498 1188 1505 1201 ‚
1529 1163 1676 1195 nonnulli
1693 1165 1805 1196 autem
1823 1163 1923 1196 etiam
1939 1163 2071 1196 omnino
2088 1162 2257 1196 insaniunt
2282 1174 2292 1196 ε
2311 1161 2400 1195 unde

1354 1218 1509 1256 apparet,
1538 1216 1812 1249 incontinentIum
1844 1217 2014 1249 scientiam
2045 1215 2138 1250 haud
2169 1224 2264 1250 secus
2297 1217 2400 1259 atque

1353 1268 1519 1301 ebriorum
1538 1271 1571 1302 et
1590 1268 1772 1302 furentium
1786 1278 1821 1303 se
1842 1269 1973 1303 habere.

1395 1328 1555 1365 Quamvis
1574 1330 1686 1361 autem
1707 1328 1854 1362 rationes
1872 1338 1892 1361 a
1908 1328 2044 1362 scientia
2059 1327 2224 1371 profectas
2241 1327 2397 1370 aflerant,

1353 1388 1394 1412 ne
1411 1382 1584 1422 propterea
1604 1381 1742 1423 quidem
1759 1381 1803 1415 iis
1824 1381 1983 1414 videntur
1999 1390 2070 1414 esse
2088 1380 2287 1423 dissimiles,
2312 1389 2397 1424 quos

1350 1434 1420 1476 Jam
1439 1435 1770 1468 commemoravimus
1790 1447 1798 1467 z
1815 1434 1937 1467 etenim
1953 1436 1987 1467 et
2004 1433 2086 1467 ebrii
2104 1433 2400 1468 demonstrationes

1354 1494 1441 1528 saepe
1469 1489 1527 1520 aut
1543 1496 1660 1520 versus
1682 1487 1890 1529 Empedoclis
1906 1486 2047 1520 recitant
2067 1500 2076 1520 ι
2099 1489 2138 1519 ut
2164 1486 2265 1520 etiam
2285 1486 2396 1529 pueri,

1353 1540 1412 1582 qui
1444 1549 1549 1582 nuper
1572 1540 1779 1579 didicerunt,
1810 1541 2009 1573 connectunt
2029 1539 2163 1582 quidem
2194 1539 2315 1580 verba,
2340 1537 2400 1572 sed

1352 1593 1499 1627 nondum
1528 1594 1736 1635 intelligunt,
1769 1596 1947 1636 antequam
1976 1593 2202 1633 assueverint,
2239 1594 2274 1626 et
2297 1592 2395 1635 quasi

1353 1649 1528 1688 cognatum
1545 1646 1710 1688 ingenium
1734 1645 1797 1678 sibi
1818 1645 2006 1683 induerint,
2026 1644 2117 1688 quod
2139 1643 2298 1687 temporis
2320 1643 2398 1677 diu-

1353 1699 1514 1732 turnitate
1538 1698 1575 1731 fit
1605 1709 1613 1730 ε
1643 1707 1746 1740 quare
1773 1698 1860 1731 sicut
1889 1697 2084 1736 histriones,
2114 1696 2163 1730 ita
2187 1694 2400 1730 existimandi

1353 1753 1431 1783 sunt
1448 1750 1558 1784 dicere
1577 1751 1834 1789 incontinentes,
1856 1750 1915 1792 qui
1942 1749 2082 1783 alienam
2099 1748 2197 1792 quasi
2223 1757 2396 1792 personam

1353 1806 1487 1846 agentes
1505 1806 1678 1845 poetarum
1695 1812 1812 1836 versus
1833 1802 1991 1841 recitant,
2009 1810 2120 1844 neque
2143 1801 2329 1845 quidquam
2345 1803 2400 1836 ta-

1353 1865 1429 1890 men
1445 1867 1559 1890 eorum
1577 1857 1765 1898 intelligunt
1777 1882 1784 1895 ,
1806 1865 1882 1898 quae
1899 1856 2025 1889 dicunt.

1396 1918 1562 1949 Praeterea
1584 1915 1648 1948 hoc
1667 1915 1765 1948 etiam
1794 1914 1894 1948 modo
1914 1915 2026 1948 nativa
2046 1914 2173 1948 ratione
2189 1915 2238 1948 rei
2263 1923 2398 1949 causam

1353 1975 1552 2018 perspicias,
1584 1976 1719 2017 propter
1749 1983 1851 2016 quam
1887 1973 2126 2007 incontinentes
2155 1983 2260 2017 quum
2289 1974 2399 2008 norint

1353 2035 1477 2068 bonum
1494 2043 1559 2067 non
1584 2036 1696 2067 tamen
1719 2035 1877 2076 expetant
1897 2045 1907 2066 ε
1937 2035 1989 2066 est
2008 2033 2095 2066 enim
2110 2033 2327 2074 universalis,
2347 2035 2399 2067 est

1353 2095 1386 2127 et
1413 2093 1589 2135 singularis
1613 2093 1739 2135 opinio,
1769 2101 1846 2135 quae
1878 2091 2014 2135 quidem
2039 2091 2213 2134 singularis
2238 2092 2274 2126 in
2297 2091 2399 2126 rebus

1353 2152 1563 2186 sensibilibus
1583 2154 1735 2185 versatur
1766 2165 1773 2185 :
1796 2151 1930 2194 quando
1957 2153 2070 2185 autem
2096 2161 2138 2185 ex
2164 2151 2343 2185 universali
2363 2153 2399 2186 et

1353 2212 1510 2253 singulari
1526 2211 1678 2254 opinione
1698 2211 1797 2245 aliam
1819 2210 1986 2254 quandam
2001 2211 2185 2254 opinionem
2200 2210 2395 2254 colligimus,

1352 2281 1485 2306 necesse
1502 2274 1554 2305 est
1565 2297 1574 2312 ,
1593 2271 1757 2314 siquidem
1780 2270 2037 2313 contemplativa
2058 2270 2102 2303 sit
2118 2269 2230 2313 opinio
2241 2296 2249 2309 ,
2267 2269 2398 2304 animus

1352 2342 1425 2366 eam
1442 2332 1629 2370 confirmet,
1650 2340 1786 2373 remque
1798 2330 1846 2363 ita
1864 2339 1898 2363 se
1914 2330 2037 2362 habere
2053 2328 2167 2362 credat
2186 2341 2196 2362 ι
2214 2329 2265 2362 sin
2287 2329 2396 2362 activa
2420 2335 2422 2337 ·

1351 2392 1480 2434 opinio,
1499 2400 1632 2425 necesse
1646 2392 1717 2431 est,
1739 2389 1802 2422 nisi
1823 2389 1899 2432 quis
1924 2388 2100 2431 impediat,
2125 2387 2255 2421 animus
2282 2387 2394 2421 statim

1352 2453 1427 2493 agat
1465 2464 1474 2484 :
1509 2451 1625 2489 velut,
1671 2448 1926 2491 contemplativa
1967 2447 2077 2490 opinio
2101 2448 2172 2488 est,
2214 2447 2395 2481 elleborum

1350 2510 1486 2543 noxium
1505 2519 1594 2549 esse,
1616 2511 1675 2542 aut
1694 2508 1761 2541 mel
1783 2507 1896 2546 dulce,
1927 2506 2018 2549 quod
2048 2505 2076 2539 si
2098 2506 2312 2549 colligamus,
2329 2515 2395 2540 non

1351 2577 1485 2611 agemus
1504 2568 1562 2602 sed
1579 2567 1751 2601 credemus
1766 2567 1920 2600 tantum:
1942 2567 1977 2598 at
1991 2574 2070 2598 vero
2087 2573 2163 2608 quae
2190 2564 2300 2598 dulcia
2318 2565 2395 2598 sunt

1351 2626 1514 2670 gustanda
1532 2636 1622 2665 esse,
1651 2626 1760 2660 activa
1783 2627 1834 2659 est
1858 2624 1989 2667 opinio:
2015 2623 2107 2666 quod
2130 2623 2160 2658 si
2181 2623 2392 2665 colligamus,

1351 2696 1486 2730 agemus
1516 2685 1640 2729 aliquid
1653 2712 1661 2725 ,
1687 2683 1751 2718 hoc
1782 2686 1846 2724 est,
1878 2683 2083 2727 gustabimus
2116 2695 2124 2715 ε
2158 2692 2263 2725 quum
2292 2682 2395 2724 igitur

1350 2746 1518 2789 opinIones
1533 2747 1604 2779 tam
1621 2744 1819 2778 universalis
1836 2753 1938 2787 quam
1961 2742 2136 2784 singularis
2153 2750 2248 2785 agere
2267 2741 2393 2784 aliquid

1350 2815 1409 2839 nos
1431 2805 1569 2847 jubent,
1588 2804 1682 2838 verbi
1699 2813 1798 2837 causa
1824 2803 1888 2836 hoc
1908 2801 2110 2845 gustandum
2136 2802 2208 2842 est,
2227 2800 2307 2844 quia
2330 2800 2393 2834 hoc

1349 2865 1446 2898 dulce
1471 2866 1538 2905 est,
1557 2873 1596 2897 ea
1629 2865 1741 2896 autem
1764 2871 1841 2906 quae
1866 2861 1976 2895 dulcia
1995 2861 2074 2893 sunt
2095 2858 2223 2902 gustari
2243 2860 2390 2902 oportet.

1350 2924 1486 2957 scientia
1514 2932 1594 2957 vero
1629 2924 1663 2956 et
1695 2921 1782 2955 ratio
1811 2920 2009 2954 universalis
2038 2918 2296 2962 haudquaquam
2332 2926 2392 2951 nos

1349 2986 1482 3026 gustare
1505 2983 1638 3025 jubent,
1673 2991 1712 3015 ac
1734 2983 1808 3014 tum
1838 2980 1923 3012 sorte
1950 2979 1997 3013 rei
2017 2978 2122 3021 ipsius
2146 2986 2224 3021 quae
2242 2977 2278 3010 in
2298 2976 2392 3010 nobis

1347 3038 1409 3077 e'sst'
1417 3042 1543 3076 accedit
1562 3041 1742 3084 cupiditas,
1769 3039 1805 3073 id
1823 3038 1911 3082 quod
1930 3047 1971 3072 ex
1988 3037 2042 3071 his
2057 3036 2222 3079 colligitur
2239 3036 2282 3070 ad
2307 3035 2389 3070 effe-

1348 3103 1439 3133 ctum
1459 3100 1636 3133 adducitur
1647 3099 1821 3140 utiturque
1837 3106 1876 3130 ea
1891 3105 1946 3137 re;
1965 3095 2150 3129 universale
2171 3095 2258 3128 enim
2276 3094 2391 3137 prohi-

1348 3160 1404 3193 bet
1430 3169 1490 3192 nos
1512 3160 1665 3201 gustare,
1696 3166 1772 3191 cum
1795 3156 1946 3199 opinione
1974 3164 2053 3188 vero
2075 3153 2239 3197 cupiditas
2260 3162 2322 3187 nos
2346 3152 2390 3187 ad

1349 3220 1547 3261 gustandum
1575 3217 1716 3261 impellit
1745 3229 1753 3249 ι
1780 3216 1902 3259 quippe
1934 3214 2079 3257 singulas
2111 3223 2245 3248 movere
2277 3215 2389 3256 partes

1346 3280 1470 3321 potest,
1488 3279 1535 3311 ita
1550 3286 1633 3311 voco
1646 3285 1761 3311 sensus
1773 3275 1821 3309 rei
1842 3274 2068 3308 desiderabilis
2087 3273 2256 3317 proprios,
2277 3272 2388 3307 visum

291 3379 308 3397 '⁹
331 3379 402 3412 Ἔτι
422 3381 460 3414 τὸ
476 3381 562 3423 ἔχειν
578 3382 636 3420 τὴν
648 3382 826 3424 ἐπιστήμην
844 3384 914 3415 κτλ.
932 3399 973 3407 —-
985 3384 1020 3401 **
1036 3385 1079 3416 Τὸ
1099 3385 1132 3416 δὲ
1148 3386 1248 3426 λέγειν
1267 3387 1341 3423 τοὺς
1360 3386 1470 3428 λόγους
1487 3387 1557 3419 κτλ.
1579 3402 1620 3409 —-
1634 3385 1689 3404 ***
1701 3384 1774 3419 Ἔτι
1797 3385 1852 3418 καὶ
1876 3381 1939 3418 ὧδε
1951 3385 2094 3426 φυσικῶς
2110 3385 2149 3417 ἄν
2169 3395 2216 3421 τις
2231 3384 2301 3416 κτλ.

2179 674 2303 718 quippe
2322 672 2400 710 nm
2459 696 2462 700 ·
