2508 3776
267 164 346 203 522

262 251 322 295 τὰς
349 249 474 304 φιλίας,
509 249 531 297 ἢ
564 248 635 300 μή·
663 248 735 302 ἔχει
754 248 821 302 γὰρ
842 249 1009 302 ἀπορίαν,
1041 252 1071 289 εἷ
1099 250 1173 291 δέον
1201 252 1295 291 ἐστὶν

263 309 367 348 ἐνίοτε
391 313 448 347 τοῦ
467 308 566 361 φίλου
583 308 783 362 στέργοντος
812 307 863 347 ἔτι
889 308 948 347 καὶ
971 310 1149 362 φιλοῦντος
1163 342 1172 358 ,
1196 312 1306 350 αὐτόν.

262 383 338 406 τινα
359 366 529 405 παύεσθαι
549 368 612 413 τῆς
635 366 763 420 φιλίας.

313 425 499 477 *Λέγομεν
520 424 647 475 τοίνυν,
664 424 717 465 ὅτι
731 426 814 479 πρὸς
832 425 895 477 μὲν
913 426 990 472 τοὺς
1002 427 1057 467 διὰ
1072 428 1110 467 τὸ
1125 429 1301 482 χρήσιμον

261 484 283 531 ἢ
302 484 365 531 ἡδὺ
388 484 635 535 φιλουμένους,
656 484 739 524 ὅταν
759 484 885 535 μηκέτι
909 487 1006 525 ταῦτ’
1032 487 1184 540 ἔχωσιν“,
1206 489 1302 526 οὐδὲν

263 543 389 581 ἄτοπον
410 542 634 582 διαλύεσθαι·
664 547 724 581 τοῦ
753 543 852 591 ἡδέος
882 544 950 597 γὰρ
981 544 1003 593 ἢ
1034 550 1092 584 τοῦ
1125 546 1302 598 χρησίμου

262 599 543 648 διαλιπόντος,
518 608 562 643 ὧν
582 598 670 650 ἦσαν
699 602 814 677 φίλοι,
839 602 978 655 εὔλογον
1002 604 1050 655 μὴ
1077 606 1202 659 φιλεῖν·
1222 604 1303 643 ὅταν

262 660 296 699 δὲ
318 662 349 699 οἱ
372 661 427 699 διὰ
449 661 488 700 τὸ
510 661 683 714 χρήσιμον
699 661 720 709 ἢ
743 662 807 710 ἡδὺ
840 665 1016 716 φιλοῦντες
1044 667 1305 718 προσποιῶνται

261 719 316 757 διὰ
336 718 375 758 τὸ
402 714 482 767 ηθος
501 723 631 775 φιλεῖν,
662 737 722 760 και
750 726 810 761 τοῦ
846 723 975 775 ἀγαθοῦ
1007 722 1129 772 ἕνεκα,
1155 724 1215 763 καὶ
1249 724 1304 763 διὰ

261 783 362 817 τοῦτο
387 780 607 830 διαλυόμενοι
630 781 865 834 ἐλέγχωνται,
889 784 1069 833 ἀδικοῦσι,
1089 786 1149 824 καὶ
1165 785 1305 829 δικαίως

262 840 295 877 ἓν
314 839 529 890 ἐγκλήμασίν
551 841 649 878 εἰσιν.
671 839 790 894 “Ortsp
809 841 873 894 γὰρ
891 843 925 881 ἓν
944 844 1036 895 ἀρχῇ
1067 842 1230 894 εἴπομεν,
1249 845 1304 896 ἐγ-

260 896 451 946 κλημάτων
469 900 504 937 αἱ
521 902 704 938 τοιαῦταιδ
727 900 836 952 φιλίαι
858 899 1046 953 γέμουσιν,
1073 900 1154 941 ὅταν
1178 901 1227 952 μὴ
1248 901 1305 941 διὰ

261 955 300 993 τὸ
319 956 401 994 αὐτὸ
419 956 477 995 καὶ
507 958 634 1009 ὁμοίως
653 960 822 1012 φιλῶνται
850 960 910 999 καὶ
931 962 1077 1013 φιλῶσιν
1102 961 1297 1012 ἀλλήλους,

263 1013 351 1065 μηδὲ
372 1014 512 1054 οἴωνται
531 1019 704 1069 φιλεῖσθαι
729 1015 847 1071 ὥσπερ
873 1019 1069 1071 φιλοῦνται,
1097 1020 1187 1059 ἀλλὰ
1210 1020 1304 1059 ἀπα-

261 1076 627 1121 τ()νται.1ηνικαῦτα
647 1075 713 1128 γὰρ
734 1077 965 1129 ελεγχομένης
989 1081 1049 1125 τῆς
1074 1078 1210 1125 ἀπάτης
1234 1081 1297 1130 ἐγ-

263 1133 424 1171 καλοῦσιν
447 1133 623 1181 ἀλλήλοις.
643 1133 759 1173 εὈταν
791 1153 831 1185 με
819 1136 852 1173 ὲν
882 1141 940 1175 οὖν
961 1138 1061 1190 διαψε
1066 1141 1152 1190 υσθῇ
1171 1154 1221 1181 τις
1243 1153 1301 1175 και

263 1191 423 1243 ὓπολοίὲῃ
446 1194 617 1245 φιλεῖσθαι
639 1193 695 1231 διὰ
722 1194 760 1232 τὸ
789 1198 891 1242 ἠθος,
914 1195 1020 1245 μηδὲν
1038 1200 1192 1235 τοιοῦτον
1214 1196 1304 1235 ἐκεί-

263 1264 320 1287 νου
343 1252 554 1303 πράττοντος
572 1252 594 1299 ἢ
616 1251 784 1304 λέγοντος,
806 1253 1010 1306 ὃπροσήκει
1029 1271 1080 1307 τῳ
1094 1255 1151 1293 διὰ
1167 1254 1206 1293 τὸ
1224 1259 1303 1302 ἠθος

263 1310 441 1359 φιλοῦντι,
461 1310 582 1349 ἑαυτὸν
615 1310 655 1349 ἂν
676 1313 817 1364 αἰτιῷτο
834 1318 847 1335 ⁰
871 1313 1012 1357 δικαίως
1032 1325 1040 1335 ·
1064 1312 1145 1351 ὅταν
1180 1312 1215 1351 δὲ
1237 1314 1305 1352 ὑπὸ

264 1371 325 1412 τῆς
349 1369 479 1408 ἐκείνου
497 1370 761 1423 προσποιήσεως
781 1372 963 1423 ἀπατηθῇ,
995 1371 1124 1410 δίκαιον
1146 1373 1304 1426 ἐγκαλεῖν

264 1429 312 1463 τῶ
327 1427 574 1478 ἀπατήσαντι,
593 1428 651 1467 καὶ
672 1430 844 1478 μᾶλλον
825 1446 848 1476 η
865 1437 934 1474 τοῖς
951 1429 989 1468 τὸ
1004 1430 1159 1480 νόμισμα
1179 1430 1305 1479 κιὸδη-

263 1484 437 1531 λεύουσιν,
460 1485 530 1538 ὅσῳ
550 1486 629 1539 περὶ
649 1486 693 1524 τὰ
714 1487 904 1539 τιμιώτερα
922 1492 944 1535 ἡ
967 1503 1097 1540 κακουρ
1100 1489 1174 1540 (ία.
1191 1488 1206 1512 ‘¹
1226 1491 1308 1534 Τοῖς

265 1541 306 1591 μὲ
310 1558 325 1579 ν
344 1548 402 1581 οὖν
423 1544 479 1582 διὰ
499 1544 538 1583 τὸ
558 1545 732 1597 χρήσιμον
752 1546 811 1585 καὶ
829 1546 894 1594 ἡδὺ
915 1547 1025 1601 φίλοις
1051 1563 1143 1587 ουτω
1162 1548 1304 1593 δικαίως

264 1601 449 1651 συμὸαίνει
469 1603 684 1645 διαλύεσθαι.

316 1662 356 1685 **
376 1664 420 1702 Ei
440 1663 476 1701 δέ
497 1679 546 1707 τις
564 1663 620 1702 διὰ
640 1662 679 1701 τὸ
694 1657 775 1711 ἦθος
791 1663 895 1718 φιλεῖ,
909 1664 1025 1710 καιῶς
1042 1664 1170 1717 ἀγαθὸν
1185 1666 1309 1705 ἀποδέ-

263 1737 384 1773 γεται,
406 1721 536 1774 γένοιτο
559 1722 594 1760 δὲ
616 1722 851 1775 μοχθηρός,
833 1739 854 1770 η
879 1739 937 1762 και
959 1724 1054 1762 δοκεῖ
1071 1739 1121 1776 τῳ
1143 1724 1310 1775 φιλοῦντι,

265 1784 331 1831 ἀρα
348 1781 544 1834 φιλητέον
568 1780 679 1828 ἔτι,ἢ
702 1782 902 1830 διαλυτέον;
918 1782 1038 1835 ῥητέον
1061 1782 1154 1829 δή,“’
1134 1798 1186 1820 οτι
1207 1782 1285 1822 οὐδὲ

265 1839 408 1878 δυνατόν
427 1843 499 1878 ἐστι
519 1839 575 1879 τὸν
607 1839 656 1890 μὴ
688 1840 817 1891 ἀγαθὸν
839 1843 1007 1880 δοκοῦντα
1029 1841 1172 1894 φιλητὸν
1196 1846 1307 1880 εἶναι·

263 1897 302 1936 τὸ
322 1898 387 1950 γαρ
405 1898 548 1952 φιλητὸν
569 1899 722 1951 ἀγαθόν,
740 1900 779 1938 τὸ
799 1899 836 1938 δὲ
855 1900 1004 1961 πονηρὸν
1032 1900 1108 1938 οὐδὲ
1127 1905 1143 1930 g
1164 1900 1308 1939 δίκαιον·

265 1957 493 2010 φιλοπόνηρον
513 1958 581 2011 γαρ
611 1959 648 1996 οὗ
677 1959 746 2011 χρή
765 1975 841 1998 τινα
864 1952 972 2006 εῖναι,
1004 1959 1075 1997 οὐδ’
1105 1961 1309 2009 ὁμοιοῦσθαι

265 2015 409 2069 φαύλῳ·
427 2018 456 2053 εἷ
479 2016 515 2054 δὲ
537 2018 646 2069 φιλει,
676 2023 774 2055 πᾶσα
795 2017 930 2069 ἀνάγκη
965 2019 1195 2068 ὁμοιοῦσθαι·
1215 2034 1309 2071 ειρη-

264 2090 321 2113 ται
343 2075 424 2125 γάρ,
445 2074 496 2113 ότι
501 2075 554 2137 ”rb
574 2075 693 2125 σ’μοιον
715 2079 764 2114 τῶ
784 2076 893 2130 ὁμοίῳ
914 2077 1024 2131 φίλον.

318 2133 378 2157 ***
399 2137 468 2187 ”Αρ
483 2138 541 2173 οὖν
562 2135 658 2180 εὐθυς
677 2116 879 2188 διαλυτέον;
895 2134 917 2182 ἢ
934 2136 971 2173 οὗ
987 2141 1093 2174 πᾶσιν
1114 2134 1210 2181 εὐθυς
1228 2137 1308 2175 δια-

264 2191 499 2244 λύεσθαιχρή,
518 2193 608 2232 ἀλλὰ
629 2200 699 2238 τοῖς
718 2195 870 2240 ἀνιάτοις
891 2196 934 2233 δι’
957 2195 1154 2248 ὑπερὸολην
1173 2200 1305 2249 μοχθη·

260 2250 362 2301 ,ρίαςς
383 2254 453 2295 τοῖς
473 2251 509 2290 δὲ
530 2251 654 2303 ἰάσιμα
675 2257 816 2292 νοσοῦσι
835 2253 895 2292 καῖ
928 2254 1130 2303 δυναμένοις
1154 2254 1304 2308 ἐπανόρ-

265 2312 368 2348 θωσιν
397 2310 581 2358 δέξασθαι,
618 2314 655 2351 οὐ
687 2313 884 2361 διαλυτέον,
920 2312 1012 2352 ἀλλὰ
1050 2315 1100 2353 δεῖ
1136 2317 1306 2366 βοηθῆσαι

265 2368 362 2420 πάσῃ
384 2370 536 2423 σπουδῇ,
565 2370 625 2408 καὶ
651 2370 689 2409 τὸ
711 2366 788 2419 ἦθος
820 2373 1082 2425 ἐπανορθῶσαι,
1116 2373 1176 2412 καὶ
1198 2376 1309 2412 σῶσαι

267 2429 381 2471 αὐτοῖς
402 2427 462 2474 τὴν
486 2428 611 2481 ἀρετὴν
632 2431 765 2479 μᾶλλον
783 2430 806 2478 ἢ
824 2431 887 2479 τὴν
910 2432 1027 2470 οὐσίαν
1047 2447 1056 2456 ·
1077 2431 1152 2471 ἐπεὶ
1175 2432 1308 2484 βέλτιον

267 2488 328 2531 τῆς
349 2486 463 2529 οὐσίας
493 2491 514 2534 ἡ
545 2487 677 2539 ἀρετή,
700 2489 760 2527 καὶ
787 2491 826 2528 τὸ
849 2491 895 2534 εἷς
918 2491 1047 2538 ταύτην
1077 2494 1212 2543 βοηθεῖν
1241 2495 1311 2535 τοῖς

268 2544 377 2595 φίλοις
404 2545 696 2598 φιλικώτερον,*
677 2564 699 2595 η
725 2547 782 2587 τὸν
811 2551 958 2588 πλοῦτον
993 2551 1259 2590 διασώσασθαι·
1280 2554 1310 2590 εἰ

269 2602 305 2639 δὲ
334 2603 454 2641 πενίαν
483 2605 688 2645 ἀπελαύνειν
714 2608 764 2646 δεῖ
797 2611 859 2656 τῆς
892 2614 950 2648 τοῦ
981 2610 1080 2663 φίλου
1118 2611 1228 2655 οἷκίας
1253 2627 1309 2649 τον

270 2661 480 2712 δυνάμενον,
504 2664 601 2719 πόσῳ
628 2667 868 2742 δικαιότεΗρον
861 2667 924 2715 τὴν
951 2668 1075 2720 ἀρετὴν
1102 2685 1306 2722 επαναγειν,

270 2720 383 2764 ἄλλως
402 2738 437 2760 τε
464 2738 524 2760 και
543 2724 746 2785 οἰκειότερον
769 2726 825 2774 ὄν,
848 2725 901 2765 ὅτι
924 2727 980 2765 διὰ
1010 2729 1072 2775 τὴν
1094 2731 1153 2781 ἀρε
1141 2729 1220 2775 τήν
1242 2731 1308 2767 εἷσι

270 2779 386 2832 φίλοι·
407 2780 446 2818 τὸ
464 2781 506 2831 μὲ
510 2798 526 2819 ν
551 2786 609 2820 οὖν
628 2783 784 2835 βέλτιον,
802 2785 841 2823 τὸ
859 2785 918 2824 καὶ
938 2787 1113 2838 μοχθηρὸν
1130 2786 1311 2838 γενόμενον

269 2853 326 2876 τον
347 2838 443 2890 φίλον
461 2840 610 2892 φιλεῒν”
591 2857 656 2887 ετι,
691 2842 751 2880 καὶ
772 2844 885 2889 ζητεῖν
910 2846 1140 2895 ἐπανορθοῦν,
1160 2847 1190 2882 εἷ
1210 2843 1247 2882 δέ
1263 2860 1313 2889 τις

271 2895 365 2940 εὐθυς
383 2898 569 2948 διαλύοιτο,
591 2902 628 2938 06
648 2900 741 2938 δοκεῖ
760 2903 868 2939 ποιεῖν
891 2901 955 2947 ἔξω
975 2902 1158 2954 λόγου·οὗ
1177 2902 1244 2955 γὰρ
1265 2905 1314 2956 τῷ

271 2959 439 3008 μοχθηρῳ
467 2930 614 3009 φίλος,Ν
592 2961 662 3005 ἠν,
687 2959 773 2997 ἀλλὰ
805 2977 855 3012 τῳ
890 2963 1032 3015 ἀγαΟῳ·
1060 2962 1118 3000 τὸν
1143 2961 1179 3000 δὲ
1218 2965 1314 3013 ἀγα-

272 3015 327 3054 θὸν
357 3016 483 3066 μηκέτι
503 3016 587 3054 ὄντα
615 3017 664 3068 μὴ
693 3020 801 3071 φιλῶν
842 3019 965 3058 οὐδένα
998 3021 1133 3059 ἀδικεῖ·
1157 3020 1215 3059 τὸν
1247 3021 1316 3060 τοί-

271 3089 330 3112 νυν
351 3075 478 3126 ἀγαθὸν
512 3076 746 3124 ἀλλοιωθέντα
766 3079 944 3117 ἀδυνατῶν
967 3081 1145 3119 ἀνασῶσαι
1165 3080 1315 3130 ἀφίστα-

272 3148 329 3170 ται
346 3136 405 3180 τῆς
425 3133 509 3184 πρὸς
526 3135 627 3173 αὐτὸν
647 3136 778 3188 φιλίας·
804 3138 833 3174 εἰ
855 3138 916 3187 μὲν
935 3132 993 3176 οῧν
1019 3142 1037 3177 ὁ
1056 3138 1152 3192 φίλος
1169 3139 1203 3184 ἐξ
1224 3141 1313 3192 ἀγα-

274 3195 332 3231 θοῦ
351 3193 500 3244 πονηρὸς
516 3193 668 3243 γένοιτο,
688 3194 778 3232 οὕτω
798 3195 969 3247 χρηστέον
990 3200 1034 3247 τῇ
1060 3197 1231 3238 διαλύσει.

1085 162 1373 203 ANDRONICI
1405 163 1582 203 RHODlI

1367 259 1432 292 sint
1451 258 1624 296 amicitiae,
1647 266 1772 291 annon
1789 257 1854 290 sint
1875 269 1881 290 :
1901 257 2046 291 dubitari
2063 258 2150 292 enim
2170 259 2297 301 potest,
2325 266 2407 290 num
2430 270 2451 281 κ
2470 255 2471 258 ’

1364 317 1440 360 quis
1456 317 1537 350 dum
1551 317 1593 350 ab
1612 317 1716 350 amico
1740 316 1951 350 vehementer
1968 316 2079 350 adhuc
2097 318 2228 350 amatur
2239 326 2278 350 ac
2296 314 2419 358 diligt-²
2471 319 2479 357 '¹

1367 379 1430 414 tur,
1450 375 1610 409 desistere
1630 376 1672 408 ab
1691 375 1836 408 aiilicitia
1851 374 1981 410 debeat.

1405 435 1554 468 Dicimus
1573 435 1683 477 igitur,
1709 434 1887 468 amicitiam
1904 444 1980 468 cum
1993 435 2033 468 iis
2050 435 2108 478 qui
2126 437 2261 479 propter
2279 434 2409 470 emolu-

1365 490 1515 521 mentum
1544 491 1601 520 aut
1628 487 1854 520 delectationis
1879 496 1978 521 causa
2008 490 2161 521 amantur
2181 490 2402 527 contractam,

1365 550 1469 583 quum
1504 541 1602 574 utiles
1628 543 1686 573 aut
1715 541 1853 583 jucundi
1884 549 1956 573 esse
1976 537 2152 580 desierint,
2189 541 2324 575 dissolvi
2344 550 2410 575 non

1367 603 1437 628 esse
1454 594 1661 628 absurdum:
1688 596 1865 637 postquam
1891 594 1979 627 enim
2007 595 2160 637 voluptas
2182 595 2237 629 vel
2261 595 2408 638 utititas,

1365 657 1507 690 quarum
1532 657 1643 681 rerum
1675 648 1770 681 amici
1799 650 1912 689 erant,
1936 657 1991 681 eos
2010 647 2153 689 defecit,
2179 648 2208 681 si
2224 648 2293 690 iam
2319 646 2410 683 desi-

1367 703 1445 734 nant
1459 711 1580 742 amare,
1597 711 1660 734 non
1676 701 1718 734 sit
1736 701 1877 734 mirum:
1894 711 1998 744 quum
2013 704 2124 735 autem
2140 701 2187 734 illi
2203 701 2262 745 qni
2278 702 2411 744 propter

1367 755 1627 787 emolumentum
1646 757 1704 788 aut
1730 755 1956 789 delectationis
1973 765 2071 788 causa
2092 758 2214 795 amant,
2242 755 2286 788 ob
2305 763 2413 788 mores

1367 809 1598 842 ethonestatis
1621 819 1720 842 causa
1740 819 1851 842 amare
1877 820 1911 842 se
1927 810 2098 848 simulant,
2121 812 2222 853 atque
2243 809 2365 844 idcirco
2378 810 2414 843 in

1367 861 1503 894 dissidio
1518 861 1820 903 deprehenduntur,
1845 863 1967 905 injuste
1993 865 2092 905 agunt
2109 862 2292 906 meritoque
2313 870 2412 896 accu-

1369 914 1493 945 santur.
1514 915 1598 945 Nam
1615 914 1706 955 quod
1733 914 1828 946 initio
1847 914 2038 947 dicebamus
2050 940 2057 952 ,
2084 913 2190 956 plenae
2203 913 2414 957 querelarum

1367 966 1559 1008 hujusmodi
1587 969 1738 1002 amicitiae
1769 973 1863 1010 sunt,
1881 972 2013 1015 quando
2038 981 2102 1004 non
2127 969 2241 1004 eadem
2258 967 2300 1001 de
2315 974 2414 999 causa

1369 1021 1469 1061 atque
1480 1019 1595 1053 eodem
1616 1022 1714 1055 modo
1735 1027 1889 1057 amantur
1903 1028 2003 1068 atque
2018 1026 2104 1058 inter
2119 1033 2154 1057 se
2168 1022 2290 1060 amant,
2308 1027 2414 1062 neque

1370 1073 1557 1106 existimant
1571 1083 1605 1106 se
1614 1074 1704 1116 diligi
1722 1086 1760 1109 ea
1781 1079 1907 1111 ratione
1922 1088 1988 1121 qua
2006 1079 2199 1120 diliguntur,
2221 1074 2280 1109 sed
2298 1073 2415 1107 fallun-

1370 1124 1434 1156 tur.
1453 1125 1545 1155 Tunc
1557 1123 1643 1155 enim
1666 1135 1771 1166 quum
1791 1127 1957 1169 detegitur
1977 1127 2082 1166 fraus,
2108 1127 2192 1160 alter
2203 1126 2348 1159 alterum
2365 1132 2416 1156 ac-

1373 1174 1477 1210 cusat.
1517 1174 1627 1210 Quum
1662 1175 1761 1215 igitur
1803 1186 1862 1209 sua
1906 1177 2050 1219 aliquem
2085 1175 2239 1210 fefellerit
2285 1173 2413 1216 opinio,

1370 1222 1634 1265 existimauitque
1651 1234 1686 1257 se
1702 1228 1834 1268 propter
1851 1236 1960 1260 mores
1975 1227 2082 1269 diligi,
2109 1226 2262 1269 quamvis
2284 1223 2340 1258 ille
2361 1222 2415 1256 al-

1378 1273 1427 1304 ler
1447 1271 1529 1304 nihil
1560 1273 1626 1305 tale
1658 1277 1735 1316 agat
1770 1276 1820 1308 vel
1860 1276 1967 1314 dicat,
2001 1276 2091 1319 quod
2123 1275 2217 1308 decet
2250 1270 2415 1307 hominem

1375 1321 1509 1361 propter
1524 1329 1632 1353 mores
1655 1325 1839 1362 amantem,
1855 1324 1974 1356 merito
1993 1324 2111 1366 seipse
2134 1323 2266 1356 accuset
2285 1334 2294 1355 ε
2311 1329 2414 1364 quum

1379 1379 1455 1402 vero
1475 1370 1563 1402 illius
1588 1371 1796 1406 simulatione
1815 1374 1970 1417 deceptus
1995 1374 2110 1412 suerit,
2134 1372 2252 1406 merito
2267 1371 2296 1404 is
2316 1378 2412 1404 accu-

1371 1420 1494 1453 sandus
1510 1424 1561 1454 est
1592 1423 1651 1464 qui
1675 1422 1810 1464 fefellit,
1835 1427 1996 1467 tantoque
2011 1424 2114 1466 magis
2127 1432 2228 1466 quam
2245 1420 2305 1465 qui
2319 1430 2418 1454 num-

1373 1479 1446 1503 mos
1461 1471 1670 1511 adulterant,
1690 1476 1815 1515 quauto
1840 1475 1873 1507 in
1892 1484 1927 1507 re
1946 1475 2139 1516 pretiosiore
2154 1475 2188 1507 et
2201 1472 2327 1506 cariore
2345 1479 2418 1504 ma-

1372 1520 1515 1553 leficium
1550 1522 1749 1556 admittitur.

1374 1571 1632 1603 emolumentum
1650 1574 1707 1604 aut
1728 1572 1954 1606 delectationis
1982 1582 2081 1606 causa
2105 1571 2284 1605 amicitiam
2305 1569 2419 1603 colunt

1371 1623 1418 1655 ita
1434 1624 1611 1665 contingit,
1639 1627 1677 1657 ut
1700 1626 1818 1658 merito
1844 1626 2073 1660 dissocientur.

1411 1684 1445 1716 Si
1462 1683 1538 1725 quis
1562 1694 1641 1717 vero
1654 1687 1788 1728 propter
1806 1695 1915 1719 mores
1930 1687 2075 1729 aliquem
2093 1687 2183 1719 amat
2199 1686 2233 1718 et
2246 1685 2284 1717 ut
2302 1682 2413 1716 virum

1370 1735 1493 1767 bonum
1512 1735 1547 1767 in
1572 1736 1751 1768 amicitiam
1773 1737 1898 1779 recipit,
1917 1737 1973 1770 ille
1996 1739 2109 1771 autem
2124 1735 2295 1778 improbus
2320 1735 2414 1776 post-

1372 1794 1410 1817 ca
1428 1784 1557 1822 evadat,
1577 1787 1635 1817 aut
1654 1787 1777 1819 amanti
1796 1787 1872 1819 talis
1899 1787 2062 1825 videatur,
2079 1789 2193 1819 utrum
2209 1785 2311 1818 etiam
2326 1790 2414 1817 nunc

1371 1834 1531 1867 amandus
1552 1837 1612 1874 est,
1627 1845 1668 1868 an
1689 1836 1827 1869 dissolvi
1843 1837 1988 1870 amicitia
2004 1837 2126 1871 debet?
2139 1833 2413 1878 Respondendum

1373 1893 1459 1923 sane,
1478 1893 1518 1917 ne
1533 1885 1603 1917 fieri
1620 1885 1755 1927 quidem
1776 1886 1881 1929 posse,
1907 1890 1945 1920 ut
1963 1888 2022 1930 qui
2040 1897 2104 1920 non
2123 1887 2229 1920 bonus
2247 1885 2412 1926 videatur,

1375 1936 1417 1967 sit
1437 1935 1587 1967 amabilis
1609 1947 1616 1967 ε
1641 1936 1675 1968 id
1697 1937 1783 1968 enim
1821 1937 1911 1979 quod
1938 1937 2078 1970 amabile
2103 1939 2164 1975 est,
2192 1937 2244 1969 est
2267 1935 2412 1977 bonum,

1372 1986 1462 2028 quod
1482 1996 1559 2019 vero
1582 1987 1769 2029 improbum
1791 1989 1851 2025 est,
1882 1996 1924 2019 ne
1949 1987 2078 2028 justum
2100 1986 2235 2031 quidem
2254 1987 2305 2019 est
2325 1998 2334 2018 ι
2355 1994 2415 2018 ne-

1372 2035 1494 2066 minem
1510 2034 1597 2067 enim
1621 2037 1679 2067 aut
1698 2045 1809 2067 rerum
1831 2035 1994 2067 malarum
2021 2034 2132 2067 studio
2156 2033 2260 2070 teneri
2275 2034 2335 2067 aut
2349 2032 2415 2064 im-

1372 2081 1463 2123 probi
1483 2082 1624 2114 hominis
1643 2082 1783 2114 similem
1801 2082 1886 2115 effici
1902 2085 2032 2124 oportet
2053 2096 2061 2115 ι
2085 2092 2162 2115 nam
2186 2082 2216 2114 si
2242 2083 2341 2119 amet,
2365 2080 2414 2112 illi

1372 2129 1572 2161 assimiletur
1589 2138 1720 2162 necesse
1739 2132 1788 2162 est
1813 2142 1820 2161 ;
1838 2130 1906 2171 jam
1920 2129 2008 2162 enim
2027 2138 2128 2171 supra
2142 2128 2289 2162 diximus
2315 2126 2415 2160 simili

1372 2176 1515 2208 amicum
1526 2186 1597 2209 esse
1609 2176 1724 2208 simile.
1745 2179 1861 2208 Utrum
1871 2177 1971 2218 igitur
1983 2177 2096 2209 statim
2104 2175 2412 2210 discindendaesunt

1373 2224 1457 2255 tales
1473 2224 1637 2261 amicitiae,
1654 2234 1695 2256 an
1711 2234 1774 2255 non
1791 2225 1938 2256 omnium
1953 2249 1960 2263 ,
1978 2223 2036 2256 sed
2055 2232 2169 2256 eorum
2193 2222 2311 2255 saltem
2329 2230 2416 2263 quo-

1372 2279 1448 2302 rum
1466 2270 1656 2302 insanabilis
1686 2273 1735 2302 est
1756 2271 1960 2312 improbitas,
1991 2270 2071 2312 quia
2101 2269 2237 2302 modum
2259 2267 2415 2302 excedit?

1374 2319 1408 2352 Si
1427 2328 1504 2351 vero
1525 2318 1572 2350 ita
1592 2318 1670 2359 aegri
1695 2321 1771 2350 sunt
1782 2343 1790 2358 ‚
1807 2321 1846 2350 ut
1865 2318 1974 2350 curari
1991 2321 2102 2350 tamen
2114 2317 2241 2359 possint
2257 2317 2290 2348 et
2303 2323 2415 2355 σοι-τεὴ

1372 2367 1515 2399 ctionem
1528 2365 1717 2402 admittant,
1729 2365 1863 2398 minime
1883 2365 2092 2398 dissolvenda
2107 2363 2264 2402 amicitia,
2282 2362 2341 2395 sed
2356 2370 2415 2403 po-

1373 2414 1440 2447 tius
1457 2413 1543 2445 omni
1566 2413 1677 2444 studio
1705 2412 1825 2444 talibus
1856 2412 2044 2444 hominibus
2073 2409 2337 2444 subveniendum
2352 2410 2413 2446 est.

1371 2470 1546 2503 moresque
1589 2469 1703 2492 eorum
1733 2462 1810 2492 sunt
1845 2459 2059 2497 emendandi,
2089 2460 2128 2490 ut
2155 2458 2270 2500 potius
2300 2465 2416 2490 eorum

1375 2509 1481 2543 virtus
1502 2517 1604 2549 qnam
1635 2517 1687 2539 res
1717 2506 1887 2538 familiaris
1904 2507 2118 2538 conservetur
2144 2516 2152 2537 ι
2175 2504 2339 2547 siquidem
2364 2504 2417 2537 di-

1374 2556 1463 2589 vitiis
1484 2555 1592 2587 virtus
1619 2557 1668 2587 est
1699 2553 1918 2596 praestantior,
1950 2555 2051 2595 atque
2083 2552 2125 2586 ad
2153 2561 2226 2585 eam
2252 2562 2323 2585 rem
2345 2551 2418 2594 opi-

1374 2602 1475 2636 tulari
1494 2601 1608 2634 amicis
1628 2601 1781 2634 amicitiae
1809 2600 2055 2633 convenientius
2084 2601 2146 2638 est,
2172 2607 2274 2642 quam
2302 2607 2418 2631 eorum

1375 2659 1453 2692 opes
1481 2658 1704 2682 conservare:
1721 2649 1839 2704 quodsi
1859 2648 2088 2691 paupertatem
2108 2645 2150 2679 ab
2181 2645 2278 2678 amici
2293 2645 2418 2678 familia

1374 2697 1566 2741 propulsare
1591 2697 1689 2729 debet
1709 2697 1767 2738 qui
1794 2698 1914 2739 potest,
1940 2696 2066 2738 quanto
2084 2693 2189 2735 magis
2223 2693 2317 2726 decet
2349 2693 2418 2725 vir-

1374 2747 1481 2777 tutem
1515 2744 1609 2786 quasi
1653 2744 1694 2776 de
1726 2744 1840 2776 exsilio
1875 2743 2047 2780 reducere,
2071 2740 2271 2790 praesertim
2314 2749 2419 2781 quum

1375 2786 1564 2818 hominibus
1607 2785 1884 2818 accommodatius
1923 2784 1984 2822 sit,
2022 2782 2101 2825 quia
2140 2781 2276 2814 virtutis
2320 2790 2420 2814 causa

1376 2827 1472 2859 amici
1500 2829 1608 2860 sunt:
1627 2828 1765 2868 praestat
1785 2827 1894 2868 igitur,
1924 2825 2066 2858 amicum
2089 2822 2239 2865 quamvis
2261 2823 2330 2865 jam
2354 2822 2420 2854 im-

1376 2874 1498 2915 probus
1518 2874 1660 2906 evaserit
1681 2873 1789 2905 adhuc
1812 2882 1921 2905 amare
1949 2880 2091 2912 eumque
2115 2869 2278 2911 corrigere
2305 2869 2416 2903 conari

1376 2922 1404 2953 si
1419 2921 1495 2963 quis
1514 2930 1595 2954 vero
1611 2920 1723 2953 statim
1740 2920 1782 2953 ab
1797 2930 1836 2953 eo
1852 2918 2015 2960 discedat,
2031 2918 2113 2950 nihil
2130 2919 2251 2959 praeter
2259 2917 2420 2949 rationem

1378 2968 1484 3002 facere
1505 2969 1638 3002 videtur
1662 2980 1670 3000 ε
1692 2977 1799 3009 neque
1823 2968 1911 3000 enim
1930 2965 2081 3019 improbo
2107 2965 2234 2997 amicus
2250 2966 2342 3005 erat,
2363 2964 2420 2997 sed

1376 3015 1489 3047 bono:
1510 3015 1643 3057 quando
1675 3017 1786 3047 autem
1805 3023 1883 3046 eum
1908 3013 1967 3054 qui
1984 3022 2047 3045 non
2072 3011 2214 3053 amplius
2240 3010 2347 3043 bonus
2369 3012 2420 3042 est

1377 3071 1490 3107 amare
1518 3062 1658 3101 desinit,
1675 3061 1796 3094 nemini
1810 3060 1966 3109 injuriam
1985 3058 2090 3092 facit:
2113 3067 2218 3100 quum
2235 3057 2322 3090 enim
2343 3067 2420 3090 eum
2472 3083 2473 3086 ,

1376 3110 1435 3151 qui
1452 3119 1492 3142 ex
1510 3110 1595 3142 bono
1618 3109 1649 3141 in
1669 3099 1856 3151 improbum
1873 3109 2024 3139 mutatus
2041 3107 2091 3138 est
2112 3113 2245 3138 servare
2263 3107 2420 3147 nequeat,

1351 3172 1360 3176 -
1378 3157 1419 3189 ab
1438 3156 1508 3198 ejus
1524 3156 1669 3189 amicitia
1690 3165 1725 3189 se
1742 3157 1923 3188 removet.
1943 3154 1970 3186 si
1994 3152 2097 3195 igitur
2115 3152 2243 3185 amicus
2270 3160 2311 3184 ex
2334 3151 2421 3184 bono

1375 3203 1548 3245 improbus
1567 3202 1697 3241 evadat,
1719 3203 1767 3235 ita
1783 3201 1919 3235 dissolvi
1937 3199 2082 3233 amicitia
2103 3199 2212 3232 debet.

324 3329 337 3345 '‘
356 3328 400 3360 ’Ὴ
417 3330 495 3371 πρὸς
514 3330 570 3370 μὲν
591 3331 664 3362 roo:
681 3331 734 3363 διὰ
752 3332 789 3363 τὸ
810 3332 968 3374 χρήσιμον
983 3333 1050 3366 κτλ
1077 3351 1111 3355 ——
1131 3333 1170 3352 Η
1196 3332 1272 3366 Ἐὰν
1292 3334 1328 3368 δε
1354 3334 1555 3379 ἀποδέχηται
1581 3337 1623 3372 ὡς
1644 3334 1778 3376 ἀγαθόν,
1802 3334 1870 3366 κτλ.
1890 3349 1932 3355 -
1948 3331 2011 3351 *Η
2034 3330 2099 3375 'Ap‘
2119 3331 2176 3365 οὖν
2197 3332 2285 3369 εὐθὺς
2309 3331 2418 3364 διαλυ-

280 3377 373 3414 τέον·
367 3401 375 3417 ,
395 3378 415 3416 ἢ
440 3377 477 3409 06
494 3380 608 3419 πᾶσιν,
625 3380 694 3412 κτλ.

1810 1526 1918 1566 Atque
1954 1525 1996 1557 iis
2029 1523 2163 1567 quidem
2197 1522 2258 1565 qui
2286 1522 2420 1565 propter
2469 1512 2475 1523 ”
2491 1499 2508 1533 “³
