2528 3788
31 1074 66 1205 ⁴1·²‡3÷.<212⁴
41 1045 70 1055 j

46 311 47 314 Ἰ
71 302 82 307 ,,
887 248 1097 290 EUSEBII
1128 248 1468 290 FRAGMENTA.

0 313 16 366 1
104 344 228 401 m
243 344 461 398 ἀποκείμενα
475 373 486 394 ,
505 343 565 384 καὶ
584 342 628 382 τὰ
645 341 783 382 ἐνεόντα
805 340 888 394 πρὶν
908 356 1060 395 φανηναι
1078 342 1154 380 δια-

103 401 293 456 ,swam

79 447 81 450 ’
74 458 364 514 -.ιεωωωε
383 462 490 502 mor.
513 460 728 509 xxxvm,
752 459 815 512 59.
839 459 1026 500 Εὖσεείου.
1051 459 1156 501 scri-

0 515 10 520 „
34 530 84 571 ’ζ’
104 520 169 574 ,d
189 535 200 561 ι
217 525 235 546 ⁸
251 521 367 562 πολλὰ
385 521 478 576 ἔχων
506 522 566 562 καὶ
591 519 756 574 χρηστὰς
778 519 892 561 codd.
915 518 1030 558 πολλὰ
1061 518 1152 572 ἔχων

9 579 16 616 Ῐ
103 581 259 635 χρηστά.
277 604 333 612 —
350 580 368 606 ¹’
382 583 493 632 τοῖσι;
511 580 606 620 libri
621 581 705 624 τοῖς.
727 601 783 610 -
800 583 816 604 ⁰
829 579 917 619 ἔοικε
931 593 943 630 ;
961 579 1073 619 codd.
1088 579 1156 624 ἔοι·

104 641 405 755 '‘vg-‘'And“
424 699 562 744 ’παῖδας
596 696 757 744 ἔπιζώειν
797 697 959 752 εὐτυχές,
991 696 1052 736 καὶ
1085 696 1156 769 χρὴ

105 761 221 802 τοῦτο.
229 756 332 814 πρὸ
356 760 427 807 τ’ἥς
450 757 561 812 τύχης
591 757 718 798 αἰτέειν
738 755 800 797 καὶ
819 756 898 801 τους
931 755 1022 808 μετὰ
1043 759 1156 796 ταῦτα

105 817 389 874 διώξομζνους,
419 815 482 858 καὶ
511 815 601 862 ὅκως
625 816 686 857 καὶ
715 815 886 857 αὖτέων“
917 817 1060 857 ἔκαστοι
1080 817 1158 863 τάξι

102 877 195 935 ἓτὶῗῑ
210 876 377 934 εἰρημένῃ
398 877 479 924 τους
501 876 570 931 πρὸ
587 879 727 917 ἑωυτῶν
747 877 984 931 διαδεχοίατο.
1044 877 1155 926 Κοινὴ

103 938 142 990 ᾗ
159 937 257 993 ἀχὴ
274 937 479 987 δικαιοτάτη
497 936 586 986 αὔτη
610 936 652 977 ἂν
669 936 766 991 παρὰ
793 938 934 977 πάντων
959 937 1156 991 φυλαχθείη

102 997 224 1053 Βεὶτῇ
249 998 449 1052 διαμονῇο
469 1013 530 1037 του
554 996 721 1050 μεγίστου
741 995 782 1046 ⁶,
804 996 870 1045 τὴν
896 997 1157 1050 ὑποδεχομένην

102 1054 269 1099 unm
286 1055 348 1097 καὶ
365 1054 601 1110 ἐκτρέφουσαν
622 1056 758 1101 πάντας
776 1056 931 1110 πατρίδα
950 1055 1011 1095 καὶ
1031 1057 1158 1096 δοῦσαν

72 1122 78 1133 ·’
101 1114 181 1164 τοὺς
203 1114 544 1170 προηγησαμένους,
563 1115 674 1165 αὐτήν
695 1132 732 1155 τε
763 1116 823 1155 καὶ
843 1118 928 1156 θεῶν
957 1117 1027 1155 τῶν
1046 1117 1157 1169 ἐγχω-

105 1174 189 1232 phu
205 1175 270 1222 τὰς
289 1175 536 1222 κατεστεώσας
554 1178 570 1199 ²
595 1175 700 1227 τιμὰς
733 1179 784 1232 τῷ
805 1177 929 1216 πλεῦνι
958 1175 1028 1215 αἰεὶ
1047 1177 1157 1229 ὑπερ-

103 1234 263 1277 Βάλλιιν.

159 1295 359 1351 (Stohaeus
372 1297 479 1336 Flor.
493 1296 669 1347 XXXIX,
686 1303 749 1344 24.
771 1296 961 1338 Εὐσεὸίου.
978 1295 1129 1349 Scripsi
1147 1309 1155 1335 :

101 1361 118 1382 ⁸
149 1355 304 1407 αὖτέωη
323 1357 439 1398 codd.
463 1358 591 1397 αὖτῶν.
615 1381 670 1387 -
690 1356 707 1381 ¹²
727 1356 831 1405 τάξι;
862 1357 956 1396 libri
975 1355 1085 1402 τάξει.
1106 1378 1160 1386 -

102 1420 119 1454 9
145 1416 205 1456 ὂπὶ
221 1419 268 1470 τῇ
289 1417 439 1471 διαμονῇ
458 1430 547 1456 cum
563 1416 749 1455 Jacobsio
766 1417 974 1456 Animadv.
989 1417 1031 1455 in
1048 1415 1157 1456 Stob.

101 1489 192 1530 pug-
211 1477 314 1526 2463
333 1476 448 1516 codd.
467 1476 650 1525 ἐπιτηδεία
668 1475 770 1527 μόνη.
788 1500 842 1506 --
860 1475 876 1500 ‘¹
892 1479 953 1515 τοῦ
968 1476 1158 1528 μεγίστου;

101 1534 198 1576 libri
215 1539 277 1575 τοῦ
302 1534 492 1589 μηκίστου.
512 1558 568 1567 —
586 1539 601 1558 ⁰
620 1535 890 1585 κατεστεώσας;
917 1536 1030 1576 codd.
1054 1538 1160 1575 καθε-

63 1590 80 1626 f
102 1592 254 1640 στῶσας.
271 1594 356 1649 —-)

154 1667 206 1696 Ο..
242 1655 404 1700 Πλοῦτος
427 1655 463 1694 ἐν
489 1653 573 1694 πόλι
590 1657 607 1678 ⁸
642 1657 687 1708 τῇ
716 1639 1157 1707 μελλούσῃιεῦδαιμονέειν

66 1732 70 1738 ·
103 1714 230 1768 We
248 1713 383 1766 μήκοτε
401 1713 419 1739 b
446 1714 702 1768 προτιμηθείη,
724 1713 814 1759 ὅκως
836 1714 886 1766 μὴ
917 1713 975 1754 διὰ
1005 1718 1107 1754 τοῦτο
1126 1716 1160 1759 ἐς

99 1772 169 1822 τὴν
186 1772 325 1814 tuebou—
350 1773 539 1826 ἐπιθυμίην
566 1773 707 1814 πάντων·
743 1773 964 1829 συῤῥεόντων
992 1774 1160 1828 ὀλιγωρίη

100 1832 165 1877 καὶ
183 1833 383 1889 ἄνισκησίη
415 1835 542 1888 ἀρετῆς
567 1835 705 1888 ψυχῇσι
723 1838 738 1858 ⁰
758 1837 829 1874 τῶν
851 1834 945 1874 κατὰ
974 1833 1037 1882 τὴν
1058 1833 1159 1874 πόλιν

32 1935 55 1943 ,1
103 1893 236 1948 ἷμφὶῇ.
295 1891 440 1947 Ἀρετῆς
466 1892 535 1946 γὰρ
554 1893 838 1946 ἀτιμαζομένης,
867 1895 1015 1938 πλοῦτος
1038 1897 1161 1944 μοῦνος

21 3097 23 3099 ⁴
0 2757 69 3051 fflffifflffl·
3 2707 47 2747 τῆς·
23 2671 44 2694 “t

102 1951 383 2007 σπουδαζόμενος
397 1952 460 1992 καὶ
475 1952 748 1998 ἐνδυναστεύσας
766 1952 883 2007 ὔὸριός
898 1968 937 1992 τε
956 1954 1016 1991 καὶ
1036 1954 1162 2006 ὑπερη-

78 2010 227 2066 ’φανίης
244 2010 421 2066 ὖπηρέτης
438 2011 501 2051 καὶ
517 2012 659 2052 πάντων
678 2015 798 2052 κακῶν
817 2012 862 2051 τὰ
885 2015 944 2051 ὑπ’
969 2011 1128 2060 ἐξουσίης
1145 2011 1162 2036 ‘¹

101 2085 143 2111 τε
157 2069 219 2110 καὶ
234 2074 295 2110 τοῦ
313 2071 575 2119 ἀνεπιπλήκτου
594 2075 657 2119 τῆς
679 2075 695 2094 ⁰
711 2071 940 2120 ἀπεστεώσης
959 2073 1084 2124 ἀρετῆς
1103 2073 1160 2110 οὖ-

104 2129 174 2174 &lc
193 2129 451 2170 ἅνακαλέσεται
463 2160 476 2180 ,
491 2130 643 2184 χορηγὸς
659 2131 808 2182 γίνεται.

150 2188 352 2242 (Stobaeus
369 2189 473 2229 Flor.
496 2189 636 2240 XLIII,
661 2195 750 2235 ¹42·
770 2189 958 2229 Εὐσεὸίου.
982 2191 1158 2242 Scripsi:

104 2250 122 2271 ²
138 2247 249 2299 πύλη
279 2249 394 2291 codd.
429 2249 546 2290 πόλει.
567 2271 623 2280 —-
643 2248 660 2272 ὓ
678 2252 835 2301 μήκοτε,
857 2251 970 2289 codd.
997 2249 1155 2301 μήποτε.

101 2363 237 2404 propter
253 2361 353 2395 animi
368 2361 566 2405 pravitatem
579 2362 805 2404 invidiamque
822 2363 895 2395 aliis
912 2372 986 2396 eam
1005 2365 1158 2405 appeten-

101 2419 191 2455 tibus
205 2421 377 2465 impertire
389 2421 504 2456 nolens
513 2448 522 2461 ‚
538 2421 653 2456 similis
670 2424 721 2456 est
735 2422 824 2456 malo
842 2422 933 2464 vasi,
951 2422 1039 2466 quod
1053 2423 1159 2456 multa

101 2476 240 2523 quidem
260 2480 296 2512 et
310 2478 398 2512 bona
412 2479 583 2513 recondita
597 2479 631 2512 in
659 2488 696 2513 se
714 2480 879 2522 continet,
898 2481 957 2514 sed
981 2482 1158 2523 antequam

102 2537 212 2572 lucem
229 2537 381 2579 videant,
398 2539 592 2582 corrumpit.

145 2599 199 2633 38.
220 2597 376 2631 Patribus
403 2598 599 2642 superstites
623 2607 775 2640 manere,
806 2599 1050 2632 fortunatorum
1078 2599 1160 2632 filio-

101 2665 180 2700 mm
193 2657 264 2699 est,
286 2656 389 2700 idque
410 2667 432 2691 a
451 2659 600 2692 Fortuna
614 2657 716 2691 etiam
737 2660 851 2701 petere
872 2658 1013 2692 heredes
1030 2659 1160 2692 futuros

101 2707 217 2759 decet,
234 2715 384 2760 itemque
401 2719 442 2750 ut
465 2716 615 2760 ipsorum
639 2726 772 2759 quoque
788 2717 886 2751 liberi
905 2717 1027 2759 singuli
1042 2717 1159 2751 eodem

102 2756 186 2832 iIIo
186 2776 296 2811 mnus
329 2777 445 2811 ordine
476 2777 622 2811 minores
650 2779 733 2811 natu
762 2778 944 2820 maioribus
966 2778 1157 2813 succedant.

102 2817 170 2872 Sed
183 2837 373 2871 communia
389 2846 498 2880 eaque
515 2838 701 2879 justissima
717 2840 796 2871 vota
813 2838 958 2871 universi
973 2838 1016 2871 de
1037 2838 1162 2871 incolu-

102 2896 219 2951 ΝΜΟ
236 2896 287 2931 rei
309 2897 461 2931 omnium
485 2897 691 2941 gravissimae
719 2898 826 2931 facere
844 2897 983 2938 debent,
1000 2899 1040 2930 ut.
1055 2896 1162 2940 patria

103 2962 180 3003 quo
192 2966 326 3002 semper
343 2958 484 3001 suscipit
499 2961 534 2992 et
550 2959 611 2992 alit
630 2960 787 2999 cunctos,
808 2961 842 2991 et
860 2967 934 2999 quoe
951 2957 1046 2990 nobis
1062 2957 1162 3000 majo-

103 3025 166 3051 m
182 3018 313 3059 nostros
339 3018 511 3059 exhibuit,
542 3021 614 3052 tum
637 3019 729 3062 ipsa,
757 3020 829 3051 tum
857 3017 997 3060 legitimi
1019 3016 1160 3050 deorum

105 3073 286 3126 indractum
307 3077 450 3112 honores
469 3078 575 3120 magis
604 3078 776 3120 magisque
804 3086 934 3120 semper
956 3078 1155 3118 augeantur.

147 3138 200 3171 39.
224 3138 264 3172 In
297 3137 450 3180 civitate,
479 3147 557 3181 quoe
590 3139 710 3172 florere
741 3138 858 3178 debet,
888 3147 1059 3179 nunquam
1080 3146 1161 3179 opes

51 3202 57 3221 ῑ
106 3195 220 3236 virtuti
239 3197 478 3240 anteponendae
495 3200 592 3239 sunt,
610 3208 651 3232 ne
668 3198 754 3232 hanc
770 3198 814 3231 ob
833 3206 988 3239 causam,
1008 3196 1161 3230 omnihus

105 3245 297 3295 divitiarum
321 3257 474 3300 cupidine
501 3257 736 3299 flagrantibus,
764 3256 899 3290 virtutis
918 3256 1104 3289 contemtus
1128 3257 1162 3289 et

106 3305 265 3371 neglectio
293 3318 418 3352 civium
445 3319 564 3352 animis
590 3320 792 3354 innascatur.
848 3317 975 3352 Etenim
996 3318 1161 3351 contemta

111 3375 230 3410 virtute
253 3386 358 3419 quum
377 3377 458 3411 solae
487 3378 615 3412 divitiae
649 3380 850 3422 expetuntur
877 3387 918 3411 ac
948 3377 1156 3420 praepollent,

109 3435 316 3473 contumeliae
331 3437 366 3470 et
377 3437 544 3480 superbiae
556 3438 734 3482 adJ'utrices
750 3438 967 3480 omniumque
984 3436 1160 3477 malorum,

108 3494 230 3536 quibus
262 3496 458 3530 auctoritate
485 3499 519 3530 et
551 3497 718 3541 inculpata
749 3497 784 3531 vi
811 3495 994 3531 deficientis
1027 3495 1161 3530 virtutis

109 3559 204 3586 nemo
218 3553 416 3598 medebitur,
432 3555 558 3589 semina
567 3556 660 3591 fiunt.

2218 257 2272 296 13

1218 347 1306 372 -θ
1345 343 1502 395 ψυχῇσι;
1528 342 1644 383 codd.
1674 345 1817 396 ψυχαῖς.
1839 367 1890 374 -
1915 342 1932 368 ‘¹
1963 345 2109 395 κακῶν,
2138 344 2184 385 τὰ
2213 347 2273 384 ὑπ’

1217 401 1395 449 ἐξουσίης;
1438 401 1534 439 libri
1569 404 1711 451 κακῶν,
1748 405 1808 443 ὕπ’
1848 403 2020 454 ἐξουσίης.
2054 427 2108 436 -
2137 407 2152 427 ²
2186 407 2273 457 τῆς;

1217 461 1454 500 membranae
1467 467 1528 506 τᾶς
1546 462 1606 500 vel
1623 461 1679 501 τὰ.
1697 461 1775 515 -)

1270 534 1321 560 40.
1352 517 1522 574 Ἀρχουσι
1547 524 1562 543 ⁸
1590 524 1613 569 ἡ
1655 523 1862 575 ὀφειλομένη
1895 524 1912 549 ¹²
1951 524 2056 570 αἰδὼς
2090 524 2150 564 καὶ
2188 526 2274 578 τιμὴ

1217 581 1463 634 φυλασσομένη
1478 579 1610 631 κόσμον
1628 580 1730 627 σώζει
1751 582 1869 629 πόλιος
1889 589 1905 608 ⁰
1920 584 1982 624 καὶ
1999 586 2190 638 διατηρέει.

1274 641 1477 693 (Stobaeus
1498 641 1602 682 Flor.
1624 642 1768 692 XLIII,
1791 645 1863 690 143
1880 648 1941 684 τοῦ
1958 646 2076 684 αὐτοῦ.
2092 645 2242 699 Scripsi
2262 660 2273 687 z

1217 704 1233 722 ⁸
1256 700 1430 753 ἄρχουσι;
1460 700 1558 740 libri
1579 700 1759 754 ἄρχουσιν.
1786 725 1837 734 ..,.
1855 702 1873 727 ¹’
1902 703 2131 757 ὃφειλομένη;
2160 705 2274 745 codd.

1217 761 1461 813 ὀφειλευμένη.
1486 782 1541 791 ·-
1561 765 1576 784 ⁰
1594 761 1735 811 πόλιος;
1753 763 1869 804 codd.
1889 763 2036 808 πόλεως.
2060 784 2111 794 -ν
2128 763 2140 816 )

1272 833 1322 861 4¹.
1355 818 1427 860 Τὸν
1453 822 1543 860 τοῖσι
1573 820 1711 861 ἄλλοισι
1725 826 1740 844 ⁸
1761 823 2034 863 ἐπιστατεύοντα
2048 823 2110 862 καὶ
2131 823 2277 864 ἐπιτάσ-

1220 895 1326 918 σοντα
1347 879 1416 933 χρὴ
1450 881 1488 918 οὗ
1511 882 1554 932 τῇ
1586 880 1723 934 ἕξουσίῃ
1745 882 1866 964 ι’μούνη
1891 899 1951 922 του
1974 883 2214 923 ἕπιστατευειν
2239 900 2277 923 τε

1219 937 1279 976 καὶ
1299 938 1521 988 ἐπιτάσσειν,
1544 940 1622 978 ἀλλ’
1645 939 1762 993 ἀξίῃῑ)
1783 941 1843 980 καὶ
1867 942 1992 996 γνώμῃ
2019 942 2182 997 προέχειν
2207 945 2277 982 τῶν

1220 996 1522 1049 ἐπιτασσομένων.

1274 1058 1476 1111 (Stobaeus
1496 1058 1760 1107 F101.XLVI,
1791 1061 1856 1099 28.
1878 1061 2067 1102 Εὔσεὸίου.
2089 1062 2240 1115 Scripsi
2264 1076 2275 1103 ε

1219 1121 1235 1140 ⁸
1261 1117 1349 1157 τοῖσι
1370 1118 1507 1157 ἄλλοισι
1533 1132 1608 1171 pro
1627 1120 1787 1170 vulgato
1807 1116 1877 1164 τοῖς
1897 1119 2028 1165 ἄλλοις.
2057 1144 2110 1151 -
2129 1119 2146 1144 b
2175 1120 2277 1174 ἀξίῃ,

1220 1177 1334 1218 codd.
1359 1177 1456 1230 ἀξίᾳ.
1477 1178 1548 1231 —-)

1275 1250 1327 1277 42.
1362 1237 1456 1290 Πρὸς
1475 1235 1553 1282 τοὺς
1569 1236 1668 1292 παρὰ
1696 1237 1797 1286 δίκην
1816 1238 1987 1290 ζώοντας,
2006 1238 2127 1279 ἔπειτα
2146 1239 2279 1285 ἀξιεῦν-

1220 1312 1282 1341 τας
1299 1298 1414 1336 ἄλλων
1432 1297 1612 1350 ἡγέεσθαι,
1636 1299 1792 1343 ἀπειθέες
1810 1298 2003 1349 ἄνθρωποι.
2063 1299 2279 1348 Εὗπειθηίην

1218 1359 1235 1378 ²
1256 1355 1293 1396 δὲ
1310 1355 1458 1395 εὐπετέα
1479 1355 1539 1396 ἐπὶ
1558 1356 1602 1395 τὰ
1627 1358 1944 1410 παραγγελλόμενα
1960 1360 2082 1413 ἑωυτῷ
2103 1359 2162 1399 καὶ
2181 1358 2280 1413 ἄλλῳ

1223 1415 1320 1470 παρὰ
1340 1419 1410 1456 τῶν
1444 1415 1653 1469 ἀρχομένων
1684 1418 1950 1470 παρασκευάζει
1972 1417 2064 1463 ἅπας
2093 1417 2114 1457 ὅ
2132 1434 2172 1470 γε
2192 1421 2278 1472 παρ’

1222 1477 1353 1515 ἑωυτοῦ
1388 1474 1434 1514 τὰ
1463 1474 1587 1514 δέοντα
1621 1477 1757 1530 σπουδῇ
1778 1476 1906 1516 ποιέειν
1937 1476 2192 1529 ἐπιστάμενος,
2219 1477 2280 1517 καὶ

1221 1535 1450 1588 παράδειγμα
1467 1537 1604 1589 τῶνπερ
1628 1535 1699 1588 χρὴ
1726 1536 1900 1590 πρήσσειν
1923 1543 2013 1576 τοῖσι
2040 1537 2280 1591 ὑποτεταγμέ·

1221 1611 1310 1634 νοισι
1329 1594 1346 1619 ¹³
1366 1594 1492 1634 ἑωυτὸν
1510 1595 1764 1647 παρεχόμενος.

1279 1654 1479 1706 (Stobaeus
1497 1653 1600 1693 Flor.
1626 1653 1764 1703 XLVI,
1785 1669 1835 1706 29
1851 1659 1912 1694 τοῦ
1934 1657 2054 1696 αὐτοῦ.
2073 1657 2221 1709 Scripsi
2239 1673 2247 1695 :
2266 1661 2281 1680 ⁶

1223 1714 1425 1761 εὖπειθηίην
1457 1727 1545 1752 cum
1570 1712 1807 1762 Gaisford03
1837 1716 1956 1766 vulgo
1977 1716 2168 1762 εὖπειθίην.
2187 1739 2242 1746 -
2264 1715 2282 1740 ¹³

1223 1779 1314 1813 τοῖσι
1330 1771 1645 1824 ὓποτεταγμένοισι
1654 1788 1665 1822 ;
1682 1774 1795 1814 codd.
1805 1776 1875 1818 τοῖς
1889 1775 2197 1827 ὑποτεταγμένοις.
2212 1778 2278 1828 -)

1277 1846 1325 1872 43.
1357 1830 1546 1884 Ἄρχοντος
1576 1832 1708 1883 ἀγαθοῦ
1735 1831 1855 1884 κέρδος
1886 1837 2011 1883 μοῦνον
2030 1838 2131 1873 τοῦτο
2150 1834 2281 1882 οἰκήῖον

1227 1892 1286 1931 καὶ
1309 1890 1444 1944 μυρίων
1460 1889 1611 1943 κερδέων
1628 1889 1743 1930 ἄλλων
1762 1890 1922 1937 ἀντάξιον
1933 1923 1944 1942 ,
1958 1892 2075 1931 πάντα
2091 1909 2150 1943 μιν
2169 1893 2283 1947 πρήσ-

1225 1967 1296 1992 σειν
1317 1950 1408 1990 ὥστε
1425 1950 1486 1990 καὶ
1506 1949 1604 2004 παρὰ
1628 1950 1686 1989 τὸν
1710 1951 1831 2005 καιρὸν
1848 1955 1911 2000 τῆς
1933 1954 2045 2006 ἀρχῆς
2063 1954 2124 1993 καὶ
2140 1969 2281 1992 παυσα-

1224 2011 1317 2065 μένῳ
1334 2013 1365 2050 ot
1380 2013 1498 2049 πάντα
1517 2009 1658 2062 χρηστὰ
1676 2010 1737 2049 καὶ
1758 2010 1983 2060 δικαιοσύνην
2001 2011 2099 2066 παρὰ
2121 2016 2189 2053 τῶν
2211 2014 2275 2066 ἀρ-

1222 2071 1375 2124 χθέντο)ν
1401 2069 1674 2124 μαρτυρέεσθαι.

1283 2131 1471 2183 (Stobaeus
1492 2129 1596 2167 Flor.
1613 2129 1746 2178 XLVI,
1769 2132 1817 2169 30
1837 2134 1897 2170 τοῦ
1916 2132 2036 2171 αὐτοῦ.
2053 2132 2065 2183 )

1281 2203 1327 2229 ⁴⁴.
1357 2190 1460 2243 Ἀνὴρ
1482 2188 1602 2242 ἄρχων
1619 2188 1679 2227 καὶ
1696 2189 1838 2237 ἰδιώτης
1859 2189 1894 2228 δὲ
1916 2188 2010 2234 ἅπας
2026 2190 2116 2229 ἴστω
2133 2190 2203 2230 ἀπὸ
2222 2193 2284 2239 τῆς

1225 2249 1346 2303 φύσιος
1373 2252 1442 2288 τῶν
1470 2249 1716 2302 πρηγμάτων,
1735 2254 1834 2290 ὁκοῖα
1857 2249 1897 2288 ἂν
1933 2250 2024 2289 αὐτὰ
2055 2250 2281 2304 παρέχηται,

1261 2366 1314 2396 4ο.
1340 2365 1449 2401 Quum
1476 2362 1726 2404 magistratibus
1746 2363 1930 2395 reverentia
1949 2365 1981 2395 et
2008 2363 2151 2396 honores
2178 2363 2285 2398 debiti

1222 2423 1404 2456 incolumes
1422 2423 1636 2465 permanent,
1657 2421 1804 2455 civitatis
1821 2422 1925 2455 decus
1940 2422 2130 2456 custoditur
2145 2425 2179 2456 et
2200 2431 2282 2456 con-

1219 2484 1382 2516 servatur.

1263 2544 1317 2575 41.
1338 2542 1438 2575 Illum
1454 2541 1512 2583 qui
1528 2541 1659 2575 caeteris
1683 2542 1805 2584 praeest
1820 2542 1920 2583 atque
1938 2541 2077 2583 imperat
2095 2551 2160 2575 norn
2183 2542 2283 2576 modo

1221 2603 1387 2645 potestate
1405 2601 1619 2644 praecipiendi
1638 2603 1740 2643 atque
1759 2600 1944 2644 imperandi
1956 2626 1965 2642 ‚
1990 2601 2051 2634 sed
2067 2601 2226 2644 dignitate
2248 2604 2282 2635 et

1220 2661 1349 2702 ingenio
1364 2661 1552 2694 hominibus
1567 2660 1631 2704 ipsi
1650 2652 1808 2702 subJect'is
1828 2660 2027 2694 antecellere
2043 2660 2149 2695 decet.

1262 2724 1315 2754 42.
1340 2721 1498 2754 Homines
1522 2730 1588 2753 non
1606 2720 1765 2754 obediunt
1784 2720 1866 2761 illis,
1886 2719 1946 2762 qui
1962 2729 2067 2762 quum
2086 2721 2206 2762 injuste
2226 2721 2280 2754 vi-

1221 2781 1289 2812 tam
1314 2781 1429 2822 agant,
1459 2779 1533 2812 aliis
1556 2788 1699 2821 praeesse
1727 2778 1854 2812 volunt.
1902 2778 2132 2812 obedientiam
2169 2782 2280 2814 autem

1221 2839 1349 2872 facilem
1367 2839 1520 2882 princeps
1538 2838 1582 2872 ad
1607 2847 1646 2872 ea
1660 2848 1736 2881 quae
1755 2839 1808 2872 vel
1829 2838 1900 2881 ipse
1916 2838 1967 2871 vel
1985 2847 2043 2880 per
2065 2839 2167 2872 alium
2191 2848 2279 2882 prm-

1221 2899 1301 2942 cipit
1332 2898 1421 2942 apud
1447 2898 1596 2932 homines
1626 2899 1690 2941 ipsi
1719 2898 1886 2939 subjectos
1915 2897 2038 2931 efficiet
2052 2923 2060 2939 ,
2093 2899 2282 2942 quicunque

1220 2960 1338 3000 sponte
1367 2958 1473 2991 officio
1491 2968 1552 2991 suo
1577 2958 1751 3001 diligenter
1782 2957 1972 2991 satisfacere
1997 2957 2060 2990 scit
2075 2983 2083 2998 ‚
2111 2959 2146 2991 et
2168 2967 2281 2991 eorum

1220 3027 1295 3060 quae
1313 3018 1366 3061 agi
1381 3018 1552 3059 convenit,
1570 3018 1699 3052 civibus
1717 3027 1753 3051 se
1771 3017 1959 3060 exemplum
1978 3018 2111 3060 praehet.

1263 3080 1316 3111 43.
1339 3079 1430 3111 Bono
1456 3078 1596 3120 principi
1626 3078 1690 3111 ho'c
1720 3077 1827 3111 solum
1859 3077 1990 3120 proprie
2014 3077 2221 3110 fructuosum
2250 3079 2280 3110 et

1221 3138 1453 3171 sexcentorum
1473 3138 1579 3171 instar
1596 3138 1738 3171 aliorum
1758 3137 1927 3170 lucrorum
1950 3139 2020 3178 est,
2039 3136 2148 3170 omnia
2164 3137 2212 3170 sic
2230 3137 2279 3170 sa-

1222 3206 1296 3231 cere
1309 3223 1318 3239 ‚
1335 3200 1374 3231 ut
1388 3199 1461 3231 tum
1479 3197 1674 3240 imperanti,
1691 3199 1761 3230 tum
1778 3206 1798 3229 a
1814 3196 1953 3239 negotiis
1970 3196 2108 3239 puhlicis
2124 3205 2160 3230 se
2172 3205 2279 3230 remo-

1221 3257 1314 3291 venti
1325 3257 1466 3300 justitioe
1495 3258 1528 3291 et
1556 3256 1704 3290 omnium
1727 3256 1891 3289 virtutum
1909 3256 2135 3289 testimonium
2160 3264 2180 3288 a
2196 3255 2279 3288 civi—

1219 3317 1286 3350 bus
1303 3317 1413 3351 detur.

1262 3378 1315 3410 44.
1339 3376 1491 3410 civitatis
1505 3376 1655 3419 princeps
1670 3384 1806 3409 necnon
1819 3374 1968 3417 privatus
1987 3374 2124 3418 quilibet
2138 3382 2155 3406 e
2167 3382 2277 3407 rerum

1221 3444 1305 3478 quas
1331 3436 1415 3479 gerit
1447 3438 1566 3469 natura
1599 3435 1780 3478 intelligat,
1812 3434 1928 3478 quales
1959 3443 2010 3466 res
2040 3433 2148 3475 gerat,
2180 3432 2277 3465 talem

1221 3504 1356 3539 quoque
1373 3504 1416 3530 ex
1448 3495 1529 3539 ipsis
1554 3495 1747 3528 memoriam
1781 3496 1816 3527 et
1837 3494 1978 3534 samam,
2003 3492 2054 3525 vol
2081 3491 2203 3525 bonam
2225 3491 2276 3524 vel

1223 3555 1342 3588 malam
1373 3563 1445 3589 sese
1470 3556 1728 3589 consecuturum
1758 3561 1840 3587 esse.
1889 3552 1946 3585 llis
1972 3550 2187 3584 consideratis
2205 3553 2277 3583 tum
