2508 3776
291 199 373 238 368

286 285 346 322 vit
370 282 606 321 Aristoteles.
638 305 689 312 —
708 287 724 311 ¹⁵
751 285 856 336 δριμὺ
889 285 919 324 δ’
953 287 1020 326 ἀνὰ
1052 291 1145 342 ῥῖνας
1180 290 1311 345 μένος]

285 398 410 449 θυμός,
442 398 508 436 ἀνὰ
528 400 622 451 ῥῖνας
653 399 690 437 δέ
711 402 742 438 οἱ
761 400 829 448 ἤδη
859 402 972 455 Δριμὺ
994 403 1094 455 μένος
1112 406 1310 460 προῦτυψε,

283 458 383 509 φίλον
420 457 540 510 πατέρ’
571 457 783 509 εἰσορόωντι.
817 463 893 489 —¹
919 465 1030 507 ἔζεσεν
1063 457 1181 516 αἷμα]
1212 467 1315 516 apud

282 515 529 553 Theocritum
548 515 630 567 XX,
653 516 698 554 15
714 517 794 556 haec
810 532 946 558 versus
966 523 1132 561 clausula
1146 525 1316 562 occurrit

280 572 358 622 ἐμοὶ
377 572 409 610 δ’
427 573 520 626 ἄφαρ
551 573 664 620 ἔζεσεν
685 568 794 627 αἷμα,
816 578 885 616 sed
917 579 1142 620 Aristoteles
1161 582 1210 620 ab
1239 583 1314 620 alio

709 708 801 759 Κεφ.
834 706 879 747 θ’.

278 811 346 845 Ἔτι
359 814 429 853 περὶ
444 814 600 857 ᾇνδρείας·
612 824 627 842 a
650 815 698 848 ὅτι
717 817 735 848 ὁ
760 817 898 859 ἀνδρεῖος
913 820 985 860 περὶ
1008 819 1048 851 τὰ
1062 821 1178 861 φοὸερὰ
1194 822 1248 853 καὶ
1261 829 1314 854 Au·

376 860 462 901 πηρά
478 862 547 893 ἐστι
563 863 691 904 μᾶλλον,
711 864 731 902 ἢ
748 864 818 906 περὶ
835 865 876 897 τὰ
890 865 1045 908 θαῤῥαλέα
1059 868 1114 899 καὶ
1128 868 1215 906 ἡδέα.

327 994 347 1016 *
359 995 461 1039 Τίνες
477 995 538 1046 μὲν
554 990 611 1035 οῧν
630 999 661 1036 οἱ
675 999 811 1046 ἀληθῶς
828 1002 998 1051 ἀνδρεῖοι,
1015 1001 1075 1040 καὶ
1093 1003 1181 1047 τίνες
1201 1006 1231 1042 οἱ
1251 1006 1313 1043 δο-

274 1057 410 1098 κοῦντες
431 1054 577 1107 εἴρηται.
595 1056 699 1096 Ἐπεὶ
714 1058 749 1096 δὲ
773 1059 852 1109 περὶ
872 1060 982 1113 θοίρῤη
1005 1061 1064 1098 καὶ
1079 1061 1205 1114 φόὸους
1221 1064 1312 1102 ἐστὶν

274 1115 295 1158 ἡ
314 1112 475 1163 ἀνδρεία,
500 1116 564 1166 οὐχ
586 1115 713 1165 ὁμοίως
739 1119 819 1169 περὶ
848 1117 954 1170 ἄμφω
974 1119 1083 1157 ἐστίν·
1107 1120 1198 1159 ἀλλὰ
1219 1124 1311 1171 μᾶλ-

273 1170 331 1208 λον
351 1172 430 1224 περὶ
444 1172 488 1211 τὰ
508 1173 649 1225 φοὸεροί.
670 1173 715 1214 Ὁ
735 1175 802 1227 γὰρ
819 1177 898 1228 περὶ
918 1176 960 1214 τὰ
978 1177 1109 1229 φοὸερὰ
1136 1179 1311 1232 ἀτάραχος

274 1230 407 1277 μᾶλλον
428 1231 580 1281 ἀνδρεῖός
605 1233 709 1281 ἔστιν,
740 1231 762 1279 ἢ
783 1235 800 1270 ὃ
821 1234 900 1286 περὶ
919 1234 963 1272 τὰ
984 1236 1173 1288 θαῤῥαλέα.
1224 1239 1312 1277 Μεί-

274 1287 341 1330 ζων
360 1287 427 1340 γὰρ
457 1291 474 1327 ὁ
496 1289 587 1338 ἀγὼν
620 1284 735 1340 οὗτος,
759 1290 782 1338 ἢ
805 1293 945 1336 ἐκεῖνος·
967 1293 1008 1331 τὸ
1032 1293 1099 1346 γὰρ
1124 1296 1308 1344 ὑπομεῖναι

271 1344 386 1392 λύπην
419 1346 665 1398 χαλεπώτερόν
687 1349 798 1399 ἐστιν,
820 1348 842 1395 ἢ
873 1353 941 1389 τῶν
970 1350 1080 1397 ἡδέων
1102 1352 1306 1404 ἀπέχεσθαι.

270 1403 338 1441 Διὰ
358 1407 459 1442 τοῦτο
476 1405 535 1443 καὶ
552 1406 705 1458 λυπηρὸν
732 1410 753 1454 ἡ
786 1408 924 1460 ἀνδρεία
939 1439 947 1455 ,
972 1409 1025 1447 ὅτι
1055 1411 1204 1462 ἀνδρεῖοί
1224 1413 1308 1449 εἰσιν

269 1463 299 1499 οἱ
314 1461 358 1500 τὰ
375 1465 512 1516 λυπηρὰ
534 1465 772 1515 ὑπομένοντες·
791 1466 912 1505 τούτου
934 1466 970 1505 δὲ
989 1466 1091 1519 χάριν
1111 1468 1171 1506 καὶ
1200 1471 1309 1508 ἐπαι-

268 1519 392 1560 νεῖται.
436 1521 480 1558 Ei
500 1520 568 1572 γὰρ
588 1522 648 1559 καὶ
669 1521 798 1569 ἡδονὴν
832 1523 905 1576 ἔχει
924 1524 1002 1562 τινὰ
1020 1527 1038 1563 ὃ
1067 1526 1220 1577 ἀνδρεῖος
1252 1526 1305 1565 διὰ

266 1577 306 1615 τὸ
336 1577 454 1626 τέλος,
478 1579 621 1632 (τὸγὰρ
651 1580 749 1625 τέλος
771 1582 874 1633 ἦδύ·)
899 1584 978 1621 ἀλλ’
1012 1583 1126 1634 ὅμως.
1153 1585 1219 1623 ὑπὸ
1238 1589 1306 1625 τῶν

266 1637 430 1688 λυπηρῶν
447 1631 495 1681 οἷς
514 1638 656 1677 παλαίει
673 1640 731 1678 καὶ
747 1640 876 1689 ταύτην
899 1641 1127 1695 ἀφανίζεσθαι
1151 1644 1305 1694 συμὸαί-

266 1708 328 1731 νει.
350 1696 518 1748 Καθάπερ
538 1696 599 1735 καὶ
618 1698 674 1735 ἐπὶ
692 1701 759 1736 τῶν
781 1703 958 1750 γυμνικῶν
978 1700 1120 1752 ἀγώνων
1138 1701 1222 1755 ἔχει·
1239 1704 1308 1747 τοῖς

268 1751 336 1804 γὰρ
356 1752 503 1798 πύκταις
523 1755 562 1793 τὸ
583 1755 646 1806 μὲν
670 1756 766 1800 τέλος
782 1757 863 1804 ἡδύ·
890 1759 1056 1811 στέφανος
1075 1759 1141 1812 γὰρ
1162 1760 1222 1798 καὶ
1249 1777 1306 1799 τι-

269 1810 345 1860 μαί·
366 1811 405 1849 τὸ
427 1813 464 1851 δὲ
483 1813 673 1853 τύπτεσθαι
701 1815 868 1868 ἀλγεινόν·
900 1817 1055 1868 σάρκινοι
1076 1819 1155 1870 γάρ·
1179 1825 1249 1864 τοῖς
1269 1819 1304 1858 δὲ

268 1867 434 1914 τοιούτοις
456 1872 610 1924 λυπηρὸν
642 1878 710 1916 πᾶς
734 1873 848 1923 πόνος·
873 1874 925 1913 ὅτι
946 1875 1057 1915 τοίνυν
1087 1876 1130 1914 τὰ
1161 1877 1224 1927 μὲν
1246 1879 1305 1916 λυ-

268 1927 368 1979 πηρὰ
392 1933 549 1981 μεγάλα,
570 1931 608 1969 τὸ
626 1931 661 1969 δὲ
678 1932 743 1979 ἡδὺ
764 1932 907 1984 μικρόν,
934 1935 1031 1972 οὐδὲν
1059 1934 1125 1982 ἡδὺ
1145 1937 1303 1976 δοκοῦσιν

268 1984 373 2038 ἔχειν·
392 1993 545 2028 τοιοῦτον
564 1989 605 2036 δή
626 2006 659 2029 τι
675 1989 735 2029 καὶ
755 1991 811 2030 ἐπὶ
835 1994 901 2030 τῶν
918 1992 1084 2044 ἀνδρείων
1105 1994 1302 2044 συμὸαίνει.

267 2043 313 2082 Ὁ
332 2045 394 2094 μὲν
423 2046 490 2099 γὰρ
511 2047 654 2091 θάνατος
675 2048 735 2086 καὶ
755 2049 800 2088 τὰ
822 2048 1007 2100 τραύματα
1036 2052 1177 2104 λυπηρά
1210 2055 1304 2092 ἔστιν

271 2104 411 2155 αὐτοῖς,
435 2105 495 2144 καὶ
519 2106 577 2144 διὰ
609 2111 711 2145 τοῦτο
743 2107 803 2146 καὶ
838 2109 998 2147 ἀκούσια·
1023 2111 1235 2162 ὑπομένουσι
1269 2112 1304 2150 δὲ

267 2161 374 2210 αὐτά,
396 2162 448 2202 ὅτι
470 2165 575 2204 καλὸν
596 2165 635 2204 τὸ
654 2165 833 2215 ὓπομένειν
848 2196 858 2214 ,
877 2166 899 2213 ἢ
921 2166 972 2205 ὅτι
989 2169 1134 2220 αἰσχρὸν
1155 2169 1203 2220 μὴ
1225 2172 1305 2208 ὓπο-

200 2247 205 2252 .
266 2217 395 2268 μένειν.
422 2223 493 2262 Καὶ
517 2228 675 2262 τοσοῦτον
703 2226 835 2275 μᾶλλον
858 2226 1012 2264 δοκοῦσιν
1027 2256 1038 2274 ,
1064 2227 1145 2266 ὅσον
1170 2227 1210 2267 ἂν
1233 2233 1299 2267 εἶεν

267 2276 388 2326 ἀγαθοὶ
407 2280 467 2318 καὶ
489 2281 665 2333 ἀνδρεῖοι,
684 2281 743 2320 καὶ
774 2282 996 2335 εὐδαίμονες,
1018 2283 1079 2323 καὶ
1104 2291 1221 2324 πᾶσαν
1242 2301 1305 2335 με-

266 2334 441 2380 τελθόντες
461 2338 602 2390 ἀρετήν·
628 2344 697 2383 τοῖς
713 2339 780 2392 γὰρ
799 2344 962 2385 τοιούτοις
984 2342 1138 2392 μάλιστα
1156 2347 1174 2382 ὁ
1192 2344 1303 2383 θάνα-

266 2406 323 2435 τος
342 2395 519 2448 λυπηρόν,
539 2396 592 2436 ὅτι
610 2397 649 2435 τὸ
669 2399 730 2445 ζῆν
745 2397 760 2421 ¹³
778 2401 906 2438 πολλοῦ
932 2415 1020 2445 τινος
1045 2400 1137 2445 ἄξιον
1157 2396 1197 2449 ἧν
1214 2430 1225 2449 ,
1247 2402 1303 2440 διὰ

266 2450 306 2487 τὸ
332 2452 456 2505 ἄριστα
477 2457 538 2501 ζῆν
553 2486 562 2502 ,
577 2456 636 2493 καὶ
652 2458 698 2499 ὡς
718 2461 890 2509 προσῆκεν
910 2458 1100 2513 ἀνθρώπῳ,
1122 2461 1182 2499 καὶ
1203 2463 1220 2499 ὃ
1241 2461 1303 2500 θά-

265 2525 367 2552 νατος
393 2511 515 2555 αὐτοὺς
543 2514 681 2551 πολλῶν
702 2515 934 2568 ἀποστερήσει
955 2521 1023 2556 τῶν
1046 2520 1202 2570 ἀγαθῶν,
1232 2520 1300 2559 Διὰ

266 2571 306 2609 τὸ
340 2569 481 2621 μέγεθος
505 2572 619 2610 τοίνυν
653 2575 719 2610 τῶν
742 2575 905 2626 λυπηρῶν
930 2577 1022 2615 δοκεῖ
1056 2576 1113 2617 τὸν
1144 2579 1300 2631 ἀνδρεῖον

267 2628 443 2679 μηδεμίαν
465 2629 591 2675 ἡδονὴν
624 2630 730 2682 ἔχειν·
751 2631 790 2670 τὸ
810 2631 846 2670 δὲ
865 2632 970 2677 οὕτως
999 2635 1114 2686 ἀλγεῖν
1142 2637 1200 2674 καὶ
1234 2637 1299 2674 δά-

265 2688 406 2725 κνεσθαι
421 2686 486 2724 ὑπὸ
503 2690 570 2725 τῶν
591 2689 754 2740 λυπηρῶν
771 2690 867 2728 οὐδὲν
882 2691 1007 2730 κωλύει
1021 2694 1174 2745 ἀνδρεῖον
1195 2687 1295 2733 εἶναι,

264 2744 317 2784 Τὸ
350 2743 412 2794 μὲν
442 2745 509 2796 γὰρ
537 2749 707 2792 ἡττᾶσθαι
734 2749 803 2784 τῶν
823 2749 988 2801 λυπηρῶν
1017 2751 1076 2789 καὶ
1106 2754 1299 2804 ὑποχωρεῖν

266 2805 331 2841 οὒκ
353 2802 510 2853 ἀνδρείου
524 2832 534 2849 ,
555 2803 645 2841 τὸδὲ
667 2804 853 2844 δάκνεσθαι
872 2807 933 2845 καὶ
953 2809 1138 2848 λυπεῖσθαι
1160 2812 1223 2848 οὐκ
1239 2810 1301 2849 ἔτι·

265 2860 344 2899 ὅσον
365 2859 434 2913 γὰρ
459 2862 589 2909 μᾶλλον
610 2863 794 2913 λυπεῖται,
821 2865 880 2903 καὶ
900 2867 1112 2918 λυπούμενος
1139 2869 1301 2918 ὑπομένει

265 2918 323 2957 διὰ
342 2918 381 2956 τὸ
402 2918 542 2968 ἀγαθόν,
561 2925 719 2959 τοσοῦτον
738 2924 891 2974 ἀνδρεῖος
909 2924 949 2962 ἂν
970 2925 1021 2972 εἴη
1040 2926 1178 2978 κυρίως.
1197 2926 1300 2966 Ἐπεὶ

268 2976 328 3014 καὶ
354 2977 389 3013 ἐν
411 2977 542 3020 πάσαις
560 2980 635 3021 ταῖς
658 2978 779 3022 ἄλλαις
809 2982 948 3032 ἀρεταῖς
974 2985 1119 3033 οὐδεμία
1149 2985 1300 3037 ἐνέργεια

270 3033 347 3084 μεθ’
366 3034 491 3081 ἡδονῆς
509 3036 581 3074 ἐστι
605 3035 682 3074 καθ’
710 3039 854 3083 ἑαυτήν·
878 3041 968 3079 ἀλλὰ
989 3042 1090 3091 μόνον
1114 3043 1199 3080 διότι
1218 3043 1302 3094 πρὸς

269 3092 311 3130 τὸ
351 3091 445 3135 τέλος
482 3092 608 3143 ἀγαθὸν
643 3094 742 3144 ἄγει,
770 3097 868 3141 ἡδεῖα
897 3099 989 3136 δοκεῖ
1015 3102 1064 3152 τῷ
1097 3102 1300 3152 ἐνεργοῦντι.

270 3152 333 3191 Ἔν
357 3152 393 3189 δὲ
412 3157 483 3196 τοῖς
505 3153 733 3203 στρατιώταις
764 3153 846 3204 ἴσως
878 3158 938 3195 οὐκ
962 3158 1097 3210 ἀνάγκη
1123 3167 1221 3198 πᾶσα
1243 3161 1301 3199 τὸν

269 3210 396 3262 ἀκριὸἦ
418 3214 478 3258 τῆς
492 3210 649 3264 ἀνδρείας
664 3211 739 3263 ὅρον
761 3215 884 3260 ζητεῖν·
918 3217 1048 3263 μᾶλλον
1070 3215 1106 3254 δὲ
1120 3218 1302 3269 χρησιμώ-

269 3284 360 3322 τεροι
376 3267 417 3306 ἂν
433 3263 498 3307 εἶεν
515 3269 598 3322 πρὸς
610 3269 667 3308 τὸν
685 3269 834 3320 πόλεμον
852 3273 882 3308 οἱ
900 3273 1057 3324 ἀνδρείας
1072 3274 1115 3325 μὲ
1154 3276 1192 3312 οὐ
1209 3275 1301 3315 πάνυ

315 3404 332 3419 *
352 3403 431 3448 Gap.
447 3406 478 3437 9.
499 3405 573 3447 περὶ
590 3404 689 3448 θάῤῥη
708 3406 744 3438 δὲ
762 3406 817 3438 καὶ
834 3407 948 3447 φόὸους
968 3409 988 3445 ἡ
1007 3407 1141 3451 ἀνδρεία
1159 3408 1243 3441 οὖσα
1260 3409 1331 3442 κτλ.

1104 201 1383 248 ANDRONICI
1413 206 1587 246 RHODII

845 354 847 357 y
1087 351 1109 361 .-
1384 302 1497 345 poeta
1513 293 1617 332 istud
1637 293 1820 333 versiculi
1847 294 2100 346 fragmentum
2121 308 2318 339 mutuatus
2332 306 2447 368 ²⁸²4*

289 343 478 381 Homerus
501 341 642 391 Odyss.
664 341 804 390 XXIV,
839 344 914 393 317
943 359 1026 398 seq.
1048 363 1108 386 του
1128 349 1158 386 δ’
1176 350 1318 401 ὠρίνετο
1378 373 1432 382 —-
1450 361 1475 379 ¹¹³
1494 351 1588 406 κᾶν]
1624 352 1712 392 cod.
1748 351 1841 405 κᾷν]
1863 375 1917 382 -
1935 359 1954 378 ¹
1974 357 2036 394 οὐκ
2056 357 2164 408 εἰσὶν]
2193 359 2311 408 vulgo
2343 356 2443 411 οὔκω(
2462 411 2464 415 ,

1376 410 1475 448 εἰσιν.
1492 413 1573 439 ——0
1594 411 1656 447 οὔκ
1673 407 1762 462 εἰσὶ]
1780 411 1900 460 vulgo
1919 411 1980 450 οὔκ
2000 414 2078 453 εἶσι.
2097 434 2150 444 -
2169 418 2187 444 1>
2206 415 2324 455 εὐέλπι

1376 469 1461 506 cod.
1482 468 1668 511 εὐέλπιδες.
1690 489 1744 498 -
1762 477 1778 501 ‘1
1795 469 1996 521 αἰφνιδίοις]
2014 471 2098 510 cod.
2120 473 2300 525 ἀφνιδίοις.
2323 497 2370 507 -
2383 478 2398 496 ‘
2416 455 2434 525 ὀἳ

1375 527 1392 562 ὁ
1413 523 1494 577 μὲν]
1516 525 1602 565 cod.
1623 524 1642 563 ὃ
1661 526 1738 577 μὲν.
1754 548 1807 558 —-
1826 543 1837 561 ι
1857 527 2036 580 ἀνδρείας]
2056 529 2141 569 cod.
2162 531 2312 583 ἀνδρίας.
2331 555 2376 562 --
2390 529 2422 584 )
2471 582 2479 590 ἱ

1802 710 1878 751 Cap.
1906 711 1961 743 lx.

1375 817 1482 846 Adhuc
1493 816 1530 847 de
1541 817 1718 848 fortitudine
1734 829 1740 846 =
1756 818 1865 850 fortem
1882 820 2022 850 videlicet
2033 821 2126 858 magis
2135 822 2168 851 in
2179 822 2215 852 iis
2226 829 2294 860 qua
2306 821 2421 869 (οι-χαί(

1409 864 1509 894 dolosa
1524 867 1594 894 sunt
1606 868 1636 896 et
1651 866 1774 896 molesta
1783 888 1791 903 ,
1809 876 1900 904 quam
1913 876 1979 905 quae
1993 869 2103 899 fiducia
2115 869 2270 907 complent
2280 870 2406 907 animun,

1409 914 1460 940 aut
1476 920 1541 948 quae
1553 913 1689 948 jucunda
1706 917 1778 944 sunt
1795 916 1916 945 versari.

1413 999 1475 1037 Qui
1492 999 1593 1041 igitur
1614 1010 1692 1034 vere
1709 1001 1810 1036 fortes
1829 1003 1905 1043 sint,
1925 1004 1958 1036 et
1974 1003 2220 1046 quivideantur
2238 1013 2327 1044 esse,
2345 1013 2409 1039 su-

1370 1064 1430 1097 pra
1445 1057 1696 1093 declaravimus.
1727 1060 1791 1094 Sed
1806 1070 1910 1103 quum
1921 1061 1956 1094 in
1975 1062 2096 1095 fiducia
2115 1064 2274 1105 metuque
2293 1056 2406 1105 ferse·

1370 1116 1427 1147 tur
1455 1116 1632 1155 fortitudo,
1659 1127 1724 1150 non
1747 1120 1858 1151 tamen
1890 1121 2089 1162 peroequein
2109 1123 2263 1164 utroque,
2295 1121 2404 1155 sedin

1370 1174 1469 1207 rebus
1485 1175 1702 1209 formidolosis
1714 1177 1818 1218 magis
1831 1178 1987 1211 cernitur.
2016 1180 2101 1211 Nam
2112 1179 2220 1221 quiin
2237 1179 2292 1213 hin
2303 1175 2407 1214 intre-

1369 1231 1466 1273 pidus
1484 1235 1628 1275 apparet,
1648 1233 1765 1267 fortior
1778 1237 1829 1268 est
1845 1244 1894 1274 eo,
1916 1236 1975 1278 qui
1989 1236 2025 1269 in
2044 1237 2143 1270 rebus
2159 1246 2234 1280 quae
2249 1238 2406 1274 fiduciam

1369 1289 1514 1323 afferunt
1532 1292 1750 1325 constantiam
1764 1302 1859 1326 suam
1875 1294 2006 1328 retinet.
2028 1295 2192 1330 Nimirum
2210 1297 2319 1340 maius
2340 1287 2408 1332 hoe

1369 1350 1419 1381 est
1439 1351 1604 1383 certamen
1616 1375 1624 1391 ‚
1642 1360 1743 1393 quam
1769 1351 1853 1385 illud
1867 1364 1875 1392 ;
1891 1353 1971 1395 quia
1985 1352 2152 1387 difficilius
2167 1354 2310 1389 habetur
2331 1365 2406 1391 mo-

1367 1407 1497 1440 lestiam
1520 1409 1699 1449 sustinere,
1732 1419 1834 1452 quam
1855 1420 1875 1443 a
1887 1411 2042 1453 jucundis
2064 1421 2100 1446 se
2115 1413 2288 1447 abstinere.
2311 1416 2405 1453 Quo-
2470 1436 2474 1458 ‹‚
2495 1399 2498 1402 Δ

1367 1466 1454 1499 circa
1484 1467 1622 1501 molesta
1642 1477 1774 1511 quoque
1790 1470 1840 1502 est
1863 1469 2041 1510 fortitudo,
2069 1470 2148 1513 quia
2165 1470 2270 1505 fortes
2299 1473 2406 1507 molo-

1368 1525 1466 1558 stiam
1478 1526 1643 1560 sustinent
1659 1539 1669 1560 =
1689 1529 1790 1570 atque
1803 1528 1889 1561 hanc
1903 1529 1946 1562 ob
1961 1538 2094 1562 causam
2118 1530 2217 1564 etiam
2235 1525 2407 1569 laudatur:

1369 1584 1528 1621 Quamvis
1549 1584 1636 1617 enim
1662 1585 1762 1618 etiam
1779 1586 1950 1629 voluptate
1977 1588 2120 1630 quadam
2147 1588 2279 1624 fi‘uatur
2306 1589 2405 1624 fortis

1366 1643 1499 1683 propter
1512 1641 1610 1674 finem
1625 1644 1718 1682 (nam
1732 1643 1805 1676 finis
1817 1643 1889 1685 ejus
1906 1646 1957 1677 est
1969 1645 2154 1688 jucundus)
2169 1647 2404 1692 mihilominus

1365 1700 1476 1732 tamen
1489 1699 1647 1733 molestiis
1672 1700 1793 1743 quibus
1810 1702 2025 1742 conflictatur,
2048 1703 2132 1737 hanc
2155 1705 2328 1750 obscurari*
2348 1708 2403 1740 at-

1365 1765 1431 1799 que
1453 1756 1534 1790 adeo
1552 1757 1654 1790 deleri
1676 1760 1814 1792 constat.
1839 1759 2030 1802 cujusmodi
2061 1761 2222 1803 quiddam
2236 1763 2331 1796 etin
2353 1763 2402 1796 lu·

1365 1814 1418 1847 dis
1436 1815 1593 1857 gymnicis
1618 1816 1758 1849 accidit:
1774 1817 1895 1860 quippe
1914 1819 2082 1860 pugilibus
2101 1819 2176 1853 finis
2197 1820 2268 1863 ipse
2284 1817 2403 1864 estiu-

1366 1873 1502 1913 cundus,
1518 1883 1636 1907 corona
1648 1875 1771 1908 scilicet
1783 1877 1884 1918 atque
1898 1876 2038 1910 honores
2055 1890 2065 1911 z
2081 1880 2116 1910 at
2133 1878 2311 1912 molestum
2327 1882 2379 1913 est
2388 1905 2396 1919 ‚

1364 1932 1556 1970 verberibus
1572 1933 1671 1971 caedi,
1688 1933 1768 1975 quia
1791 1941 1832 1966 ex
1856 1942 1953 1967 carne
1970 1937 2143 1969 constant:
2160 1936 2303 1980 ideoque
2322 1936 2406 1972 tali--

1365 1991 1428 2024 hus
1441 1999 1571 2023 omnem
1586 1990 1733 2024 lahorem
1747 1991 1924 2025 molestum
1948 2001 2020 2026 osse
2039 1995 2132 2035 patet
2147 2006 2156 2027 ε
2177 2003 2283 2038 quum
2295 1995 2400 2038 igitur

1364 2058 1489 2091 magnae
1511 2059 1627 2083 eorum
1645 2050 1710 2083 sint
1724 2050 1904 2090 molestiae.
1934 2059 2036 2094 parva
2048 2053 2212 2096 voluptas,
2228 2053 2319 2087 mina
2331 2053 2400 2088 frui
2423 2076 2426 2078 v
2487 2034 2491 2052 ³

1366 2110 1534 2152 voluptate
1549 2110 1705 2144 videntur
1721 2121 1730 2143 ε
1752 2110 1944 2153 hujusmodi
1958 2111 2040 2154 quid
2060 2113 2160 2146 etiam
2179 2113 2214 2146 in
2235 2114 2318 2147 viris
2337 2113 2404 2148 for-

1365 2168 1454 2201 tibus
1479 2166 1780 2204 animadvertimus.
1816 2172 1899 2204 Nam
1926 2180 2014 2203 mors
2038 2173 2071 2204 ct
2097 2171 2236 2205 vulnera
2261 2172 2402 2206 molesta

1365 2230 1458 2268 sunt,
1483 2238 1522 2261 ac
1537 2231 1710 2272 propterea
1731 2235 1796 2262 non
1815 2231 2001 2264 voluntaria
2018 2240 2027 2262 ε
2052 2232 2087 2264 et
2104 2233 2215 2264 tamen
2233 2240 2273 2265 ea
2291 2231 2402 2274 perfe-
2414 2240 2430 2252 -’
2479 2274 2484 2276 .

1363 2289 1453 2327 runt,
1470 2288 1549 2329 quia
1563 2290 1597 2320 et
1612 2287 1756 2330 perferre
1779 2289 1955 2322 honestum
1977 2290 2016 2326 ,et
2040 2298 2105 2333 non
2132 2289 2279 2331 perferre
2302 2293 2401 2334 turpe
2421 2338 2429 2347 ,-
2492 2293 2508 2332 ᾖ

1363 2348 1424 2379 est.
1436 2347 1542 2388 Atque
1558 2355 1596 2378 eo
1609 2346 1716 2388 magis
1729 2347 1794 2379 ista
1808 2347 1947 2380 molesta
1961 2347 2128 2388 videntur,
2145 2356 2212 2390 quo
2226 2348 2331 2391 magis
2344 2349 2399 2382 vel

1363 2404 1440 2436 honi
1455 2404 1509 2437 vel
1526 2403 1630 2437 fortes
1648 2407 1726 2437 sunt
1739 2431 1746 2444 ‚
1764 2405 1818 2438 vel
1836 2405 1958 2444 felices,
1976 2406 2065 2439 omni
2077 2405 2219 2449 denique
2234 2406 2398 2440 virtutum

1363 2471 1477 2503 genere
1501 2462 1633 2504 praediti
1658 2476 1667 2495 :
1687 2472 1803 2505 nempe
1821 2463 1943 2496 talibus
1967 2464 2199 2497 molestissima
2220 2473 2311 2498 mors
2327 2467 2395 2504 est,

1362 2520 1441 2562 quia
1456 2521 1603 2562 ipsorum
1618 2521 1688 2554 vita
1704 2521 1878 2555 laudabilis
1896 2521 1961 2554 suit
1972 2546 1980 2562 ,
2001 2531 2107 2564 quum
2122 2524 2156 2555 et
2167 2523 2290 2565 optime
2305 2522 2399 2557 vive-
2416 2529 2422 2533 “

1362 2580 1435 2611 rent
1458 2580 1492 2611 et
1511 2581 1550 2611 ut
1562 2579 1728 2612 hominem
1748 2579 1884 2612 decebat
1900 2581 1934 2613 et
1960 2580 2039 2622 quia
2058 2589 2147 2613 mors
2164 2589 2221 2613 eos
2242 2580 2397 2623 plurimis

1364 2637 1459 2670 bonis
1481 2637 1653 2679 privatura
1672 2640 1733 2672 est.
1762 2638 1813 2672 Oh
1835 2638 2060 2671 molestiarum
2082 2639 2184 2680 igitur
2198 2639 2398 2681 magnitudi-

1361 2704 1437 2728 nem
1457 2695 1588 2728 videtur
1609 2697 1660 2729 vir
1675 2696 1770 2730 fortis
1787 2697 1878 2729 nulla
1900 2696 1967 2729 frui
1985 2697 2177 2739 voluptate:
2198 2697 2257 2730 sed
2276 2706 2394 2740 quam-

1361 2753 1390 2786 si
1405 2755 1473 2787 vita
1483 2753 1591 2786 doleat
1604 2756 1636 2787 et
1648 2755 1806 2787 molestiis
1818 2754 2032 2794 conflictetur,
2050 2753 2132 2786 nihil
2146 2755 2257 2787 tamen
2269 2754 2391 2793 obstat,

1360 2813 1538 2854 quominus
1552 2813 1596 2846 sit
1610 2812 1717 2845 fortis.
1737 2812 1901 2845 Nimirum
1916 2811 2128 2844 succumbere
2143 2813 2177 2844 et
2189 2811 2306 2845 cedere
2318 2820 2396 2845 mo-

1360 2870 1464 2904 lestiis
1484 2881 1549 2904 non
1571 2873 1622 2904 est
1636 2871 1700 2903 viri
1715 2870 1828 2909 fortis,
1848 2869 2026 2903 conflictari
2046 2869 2113 2902 illis
2142 2873 2175 2902 et
2193 2869 2304 2903 dolere
2329 2879 2396 2903 non

1359 2929 1440 2962 item
1455 2943 1463 2962 :
1480 2939 1547 2972 quo
1559 2930 1645 2962 enim
1657 2929 1760 2971 magis
1776 2929 1885 2968 dolet,
1901 2937 1940 2961 ac
1955 2930 2066 2961 tamen
2079 2928 2226 2961 dolorem
2238 2928 2395 2962 honesta-

1361 2989 1405 3021 tis
1420 2998 1519 3021 causa
1533 2988 1610 3030 fert,
1631 2998 1669 3022 eo
1682 2988 1785 3030 magis
1798 2987 1927 3030 proprie
1942 2986 2039 3020 fortis
2050 2988 2101 3019 est
2118 2986 2288 3020 dicendus.
2310 2987 2395 3020 Nam

1360 3056 1420 3080 nec
1442 3047 1476 3079 in
1500 3047 1636 3089 reliquis
1658 3046 1840 3080 virtutibus
1867 3045 1935 3078 ulla
1952 3045 2039 3077 inest
2067 3054 2243 3078 munerum
2267 3043 2394 3078 functio
2453 3089 2455 3092 ι

1361 3115 1419 3147 per
1444 3115 1479 3138 se
1494 3106 1697 3148 voluptaria,
1725 3104 1783 3138 sed
1797 3104 1876 3147 quia
1901 3103 1944 3137 ad
1973 3103 2096 3137 bonum
2113 3105 2214 3138 finem
2235 3103 2390 3141 adducit,

1359 3164 1482 3196 idcirco
1507 3165 1636 3197 tantum
1652 3163 1795 3206 jucunda
1815 3162 1948 3196 videtur
1972 3162 2098 3195 homini
2119 3162 2179 3205 qui
2196 3171 2235 3196 eo
2256 3169 2393 3195 munere

1360 3221 1517 3264 fungitur.
1534 3225 1570 3255 ln
1581 3222 1742 3254 militibus
1756 3222 1868 3254 autem
1879 3219 2018 3253 fortasse
2029 3230 2094 3253 non
2108 3223 2159 3254 est
2174 3228 2322 3259 πωπω
2335 3228 2394 3253 ψ
2448 3243 2454 3250 .

1363 3283 1510 3322 curatam
1526 3279 1729 3313 fortitudinis
1745 3278 1966 3313 definitionem
1983 3287 2157 3321 quaerere:
2183 3278 2264 3322 quin
2282 3277 2393 3320 potius
