2508 3776
111 307 364 379 *Mn-(ov,
379 316 478 364 καὶὴ
497 316 724 370 δικαιοσύνη,
747 319 959 370 μεσότητος,
991 319 1053 360 καὶ
1083 320 1206 369 ἰσότη-

119 385 151 430 JJ
177 385 183 389 ’
230 399 245 424 t
260 374 320 415 καὶ
340 374 530 427 ἀναλογίας
558 377 742 424 ποιητική.
766 377 838 417 Καὶ
868 378 972 430 μέσον
992 379 1055 430 μέν
1077 381 1151 419 ἐστι
1168 379 1209 419 rb

116 472 133 487 ,η
186 435 194 475 ᾗ
268 455 282 464 ν
299 464 310 482 ,
329 432 383 474 ὅτι
397 433 528 485 μεταξύ
549 436 622 474 ἐστι
642 439 702 475 τοῦ
718 452 758 474 σε
778 437 934 481 πλείονος
950 436 1011 477 καὶ
1027 438 1209 482 ἐλάττονος

31 496 36 504 “
62 498 67 500 '
161 502 164 506 ’
204 495 212 538 ζ
246 492 453 546 σοῦὺπὶρτὸ
464 493 539 532 δέον
548 492 611 533 καὶ
619 494 721 547 παρὰ
739 493 780 534 τὸ
798 495 1084 549 δέον··ὥσπερκαὶ
1095 503 1208 536 πᾶσαι

221 550 358 603 ἐραταί.
385 551 460 592 Καὶ
479 555 581 592 τοῦτο
601 552 714 593 κοινόν
734 554 811 592 ἔστι
831 558 874 608 τῇ
896 555 1100 607 δικαιοσύνῃ
1123 556 1207 609 πρὸς

122 617 160 667 ἐς
191 622 193 624 ’
239 608 351 655 ἄλλας
365 611 504 664 ἀρετάς·
519 611 560 650 τὸ
570 611 606 650 δὲ
620 611 696 652 ἴσον
703 611 790 652 ἴδιόν
805 615 880 652 ε’στι
891 616 954 660 τῆς
968 614 1205 663 δικαιοσύνης,

28 667 30 674 ’
99 675 138 724 ff}
201 690 211 716 ·.,
227 669 372 722 ἑκάστῳ
389 668 429 708 rb
439 669 593 721 ἁρμόζον
604 670 666 710 καὶ
678 670 717 710 rb
727 675 906 725 προσῆκον
923 674 1128 713 ἀποδίδωσι·
1147 673 1208 714 καὶ

24 749 27 782 4
103 720 320 782 ξῇξίδωσι
335 730 385 776 τῷ
399 727 619 779 λαμὸάνοντι
629 728 702 768 ἴσον
714 729 800 769 ἔστί·
816 729 863 769 τὰ
877 730 944 783 γὰρ
962 731 1203 785 ἐφαρμόζοντα

24 808 27 840 3
91 791 118 843 [3
138 782 241 838 {gh-
262 786 318 832 ’.Ιῖδ
343 786 382 825 δὲ
398 789 578 839 προσῆκον
596 788 726 840 τρόπον
741 788 820 828 τινὰ
846 790 1046 842 ἐφαρμόζει.
1074 790 1207 835 Ἄλλως

21 877 26 899 3
88 845 223 898 Q
242 844 319 887 ἕπε).
333 848 357 894 ἡ
380 845 499 885 ἀδικία
525 846 686 895 ἀνισότης
712 848 786 886 ἐστί
799 877 810 896 ,
832 847 894 888 καὶ
914 847 954 887 τὸ
985 847 1105 888 ἄδικον
1127 849 1203 887 ἄνι-

20 901 24 918 ²
77 910 246 960 ’,ῖς-Μ,
263 903 356 949 εἰκὸς
370 903 412 944 ἂν
435 904 492 952 εἴη
512 903 576 952 τὴν
597 906 820 955 δικαιοσύνην
845 905 993 956 ἰσότητα
1012 902 1122 955 εἶναι,
1144 906 1205 946 καὶ

86 958 204 1010 &ab
216 960 349 1006 δίκαιον
367 962 456 1013 ἴσον,
477 963 585 1015 μέσον
604 964 672 1018 γάρ
700 966 775 1005 ἔστι
791 971 852 1006 τοῦ
869 966 1030 1011 πλείονος
1056 966 1117 1006 καὶ
1144 969 1204 1005 τοῦ

83 1007 125 1072 ξ’.
139 1021 352 1077 ἐλάττονος·
368 1024 403 1063 ἐν
424 1022 527 1076 ὁποίᾳ
549 1022 618 1076 γὰρ
642 1024 768 1077 πράξει
792 1025 833 1064 τὸ
860 1025 966 1065 πλέον
989 1025 1064 1065 ἐστὶ
1086 1024 1205 1064 καὶτὸ

128 1097 130 1099 ’
144 1079 322 1131 ‚namon
344 1081 484 1135 ἀνάγκη
500 1082 562 1122 καὶ
574 1082 615 1123 τὸ
631 1082 706 1123 ἴσον
723 1078 824 1124 εἶναι·
839 1084 901 1125 καὶΙ
945 1084 1029 1139 ωρὶς
1043 1085 1080 1125 δὲ
1098 1085 1203 1138 λόγου

157 1139 248 1185 τινὸς
262 1140 355 1182 οὕτω
371 1147 462 1182 πᾶσι
481 1143 578 1182 δοκεῖ
594 1142 635 1182 τὸ
648 1142 783 1182 δίκαιον
801 1143 875 1184 ἴσον
894 1100 998 1186 estas.

144 1237 148 1241 .
209 1197 430 1253 *Ἀνάλογον
445 1199 483 1240 δέ
490 1202 599 1250 ἐστιν,
612 1201 665 1241 ὅτι
674 1201 766 1242 κατὰ
784 1202 847 1250 τὴν
864 1202 1032 1256 διανομὴν
1048 1203 1204 1256 ἀνάλογα

51 1254 55 1263 ’
143 1257 277 1306 ,τίθησι
290 1258 336 1299 τὰ
352 1259 592 1310 διανεμόμενα
609 1267 679 1305 τοῖς
698 1261 938 1313 λαμὸάνουσι.
993 1260 1068 1302 Καὶ
1081 1265 1202 1301 τοῦτον

60 1366 82 1373 ,
141 1316 214 1359 ,τὸν
233 1318 336 1369 λόγον
351 1318 428 1372 ἔχει
447 1318 494 1358 τὰ
509 1318 676 1367 διδόμενα
701 1320 788 1372 πρὸς
816 1321 956 1369 ἄλληλα
968 1352 980 1373 ,
1000 1320 1036 1360 ὃν
1057 1322 1090 1360 οἱ
1109 1322 1204 1371 λαμ·

73 1402 81 1430 q,
138 1376 318 1425 ιόάνοντες
337 1379 422 1432 πρὸς
441 1379 626 1427 ἀλλήλους·
649 1381 680 1419 εἰ
693 1379 761 1433 γὰρ
781 1384 799 1420 ὁ
814 1380 994 1434 Ἀχιλλεὺς
1011 1379 1072 1419 τοῦ
1089 1378 1202 1420 Αἴαν-

154 1450 218 1486 ξος
231 1437 450 1491 διπλασίων,
471 1439 554 1493 φέρε
575 1441 704 1487 εἰπεῖν,
718 1439 810 1479 κατὰ
825 1440 888 1488 τὴν
910 1439 1057 1493 ἀρετήν,
1077 1441 1101 1486 ἡ
1116 1437 1202 1491 πρὸς

63 1501 97 1547 j''
135 1493 213 1543 mbo
225 1494 396 1549 Ἀχιλλέα
407 1496 494 1548 τιμὴ
508 1500 571 1544 τῆς
588 1498 676 1550 πρὸς
688 1498 746 1538 τὸν
771 1498 908 1538 Αἴαντα
930 1497 1122 1540 διπλασίων
1143 1497 1200 1537 δο-

131 1551 298 1605 ..Mertai
317 1554 417 1608 παρὰ
436 1559 497 1594 τοῦ
517 1556 666 1596 δικαίου.
688 1556 763 1596 Καὶ
782 1557 929 1597 καθόσον
957 1557 1020 1608 μέν
1038 1560 1112 1597 ἐστι
1132 1556 1200 1606 μέ-

1 1606 6 1664 Ῐ
58 1612 82 1662 ⁴,
131 1646 140 1663 Ι,
153 1613 392 1659 ρον,,πολλῶν
410 1612 499 1662 ἔστι,
521 1616 566 1652 τὰ
584 1613 652 1666 γὰρ
673 1613 738 1660 ἔξω
758 1619 818 1654 τοῦ
847 1616 977 1665 μέσου,
993 1615 1095 1668 ἔγγὺς
1114 1614 1198 1654 ὄντα

2 1676 3 1680 ’
55 1707 58 1710 ,
131 1668 215 1722 Ὢημὶ
234 1670 355 1726 πόῤῥω
374 1673 508 1722 μᾶλλον
527 1671 590 1712 καὶ
613 1667 734 1723 ἧττον,
750 1674 876 1715 πολλά.

60 1751 62 1753 ·
203 1730 365 1774 Καθόσον
385 1730 423 1770 δὲ
443 1730 516 1770 ἴσον
529 1761 541 1782 ,
553 1733 614 1771 δύο
633 1734 736 1771 τινῶν
759 1734 854 1783 ἐστι,
873 1738 888 1756 ⁸
901 1735 961 1772 τοῦ
975 1748 1013 1772 τε
1027 1733 1042 1757 b
1059 1731 1199 1782 λαμὸά-

135 1804 286 1838 Nm,
304 1788 366 1831 καὶ
389 1793 451 1830 τοῦ
470 1789 594 1843 δώρου·
613 1791 654 1830 τὸ
672 1791 740 1844 γὰρ
756 1792 829 1830 ἴσον
846 1793 915 1830 τῶν
930 1791 1016 1844 πρός
1030 1808 1064 1830 τι
1084 1790 1123 1830 ὃν
1141 1789 1197 1830 αἰείΙ

150 1849 214 1898 δύο
237 1851 341 1895 τινῶν
365 1851 454 1891 ἔστι.
470 1860 486 1880 ⁶
510 1849 672 1890 Καθόσον
694 1849 731 1889 δὲ
761 1850 932 1902 ἀνάλογόν
967 1852 1040 1889 ἐστι
1073 1850 1113 1890 τὸ
1141 1852 1195 1890 δί-

140 1923 249 1958 m
266 1936 279 1959 ,
297 1907 338 1948 rb
363 1908 548 1963 ἐλάχιστον
566 1909 746 1962 τεσσάρων
766 1909 871 1948 ἐστίν·
893 1913 916 1957 ἠ
932 1909 1002 1962 γὰρ
1019 1910 1189 1961 ἀναλογία

52 1999 54 2002 ψ
146 1966 207 2020 §ql
225 1968 423 2020 τεσσάρων·
440 1971 464 2014 ἡ
483 1967 550 2019 γὰρ
571 1967 742 2020 ἀναλογία
759 1964 828 2006 ’δύο
853 1969 967 2019 λόγων
994 1968 1092 2008 ἐστὶν
1113 1969 1190 2007 ἶσό-

35 2019 46 2043 “’
74 2073 78 2077 ,
124 2041 229 2079 ,παις
241 2029 262 2066 ὃ
275 2025 316 2068 δὲ
328 2026 428 2078 λόγος
441 2028 477 2066 ἐν
493 2026 588 2066 δυσίν
605 2029 699 2066 ἐστιν
711 2027 812 2080 ὅροις·
827 2026 917 2067 ὥστε
930 2027 1086 2080 ἀνάγκην
1103 2021 1194 2069 εἶναι

31 2095 35 2102 ’
146 2085 211 2134 τὴν
239 2085 431 2137 ἀναλογίαν
457 2086 637 2138 τεσσάρων
658 2079 761 2126 εἶναι.
783 2081 869 2126 Οἶον
883 2115 894 2134 ,
915 2086 1017 2138 λόγος
1048 2085 1146 2126 ἐστὶν
1173 2090 1192 2126 ὅ

147 2145 347 2194 διπλάσιος,
377 2143 460 2198 φέρε
491 2145 627 2192 εἰπεῖν,
649 2144 672 2191 ἢ
704 2147 722 2183 ὃ
753 2144 973 2198 τριπλάσιος·
1001 2143 1062 2184 δύο
1089 2148 1192 2185 τινῶν

147 2202 252 2246 ἔστιει
271 2203 392 2259 σχέσις
410 2206 472 2244 τοῦ
505 2202 571 2254 μὲν
601 2202 696 2247 ὄντος
728 2204 1027 2255 διπλασίου,.τοῢ
1047 2202 1084 2242 δὲ
1105 2206 1192 2256 ἡμί-

122 2278 259 2315 soene,
291 2262 415 2315 ὥσπερ
440 2265 459 2302 ὃ
488 2262 598 2302 εἴκοσι
632 2267 694 2302 τοῦ
726 2262 822 2302 δέκα·
847 2262 939 2302 ὥστε
960 2262 1020 2301 δύο
1054 2263 1190 2314 ἀνάγκη

23 2335 41 2342 '¹
120 2358 122 2363 .
141 2322 247 2376 §poue
263 2324 316 2375 τῷ
335 2321 386 2362 ἑνὶ
405 2315 495 2360 εἶναι
517 2321 622 2376 λόγῳ·
642 2323 672 2361 εἷ
690 2322 725 2360 δὲ
742 2322 910 2373 λάὸοιμεν
931 2321 993 2361 καὶ
1011 2321 1070 2361 τὸν
1085 2323 1188 2362 αὐτὸν

118 2380 247 2435 «λόγον
271 2382 311 2432 ἦν,
331 2380 449 2426 ἄλλοις
465 2379 562 2420 δυσὶν
581 2381 673 2434 ὅροις
687 2410 698 2429 ,
721 2375 791 2422 οἷον
812 2385 863 2435 τῷ
885 2381 931 2435 ιβ’
955 2380 1017 2421 καὶ
1034 2380 1082 2430 ς’,
1103 2382 1187 2421 ἀνα-

46 2455 47 2458 ¹
115 2439 265 2491 ..Ao-{tm
289 2438 506 2490 ποιήσομεν,
535 2439 597 2479 καὶ
617 2439 718 2480 ἔσται
735 2443 780 2483 ὡς
813 2444 831 2480 ὃ
858 2439 891 2480 κ’
908 2440 994 2493 πρὸς
1030 2440 1067 2488 ι’,
1094 2443 1112 2480 ὁ
1141 2440 1190 2494 ιβ’

134 2498 230 2552 πρὸς
246 2499 300 2547 ς’·
318 2497 381 2538 καὶ
395 2497 504 2543 οὕτως
524 2497 580 2538 ἀεὶ
597 2498 695 2539 ἔσται
711 2502 733 2546 ἡ
754 2499 943 2550 ἀναλογία,
965 2501 1000 2538 ἐν
1018 2499 1188 2554 τέσσαρσι

132 2557 397 2611 -ὢλλάχιστον-
421 2558 565 2597 δυνατὸν
585 2558 653 2611 γὰρ
667 2557 728 2599 καὶ
745 2560 780 2598 ἓν
803 2559 956 2598 πλείοσιν
972 2552 1074 2598 εἶναι.

135 2640 155 2659 m
194 2614 298 2666 Εἰδὶ
318 2618 412 2670 τρεῖς
436 2616 626 2668 συμὸαΐνει
654 2617 824 2662 πολλάκις
850 2617 948 2670 ὅρους
973 2617 1095 2656 λαὸεῖν
1125 2617 1187 2657 καὶ

141 2675 329 2727 ἀναλογίαν
350 2677 509 2723 ποιῆσαι·
533 2674 655 2729 ὥσπερ
674 2675 743 2728 γὰρ
759 2679 778 2716 ὁ
803 2676 836 2714 κ’
855 2676 940 2729 πρὸς
962 2675 1000 2724 ι’,
1021 2678 1039 2715 ὁ
1057 2675 1080 2714 ι’
1099 2677 1187 2730 πρὸς

21 2760 28 2777 ,
91 2729 96 2731 ’
140 2731 186 2790 οὗ·
205 2733 284 2774 02²
299 2732 352 2773 ὅτι
365 2733 424 2773 τὸν
442 2733 527 2774 δέκα
542 2733 594 2778 δὶς
612 2733 842 2784 λαμὸάνομεν
854 2763 865 2783 ,
883 2733 1050 2786 τέσσαρες
1069 2735 1183 2787 γίνον-

138 2807 199 2833 ται
213 2794 332 2834 πάλιν.
350 2794 522 2834 Καλεῗται
539 2792 576 2832 δὲ
592 2797 614 2842 ἡ
638 2793 701 2839 μὲν
720 2792 865 2840 τοιαύτη
887 2793 1055 2844 ἀναλογία
1076 2810 1182 2834 συνε-

137 2855 262 2906 χήςμὴ
278 2851 316 2892 δὲ
336 2853 395 2892 διὰ
408 2851 588 2906 τεσσάρων
607 2851 714 2906 ὅρων,
733 2851 946 2905 διῃρημένη.
980 2851 1179 2905 Ἑκατέραν

139 2910 177 2950 δὲ
195 2910 439 2965 γεωμετρικὴν
459 2911 651 2963 ἀναλογίαν
674 2914 707 2950 οἱ
728 2909 972 2962 μαθηματικοὶ
1005 2912 1178 2962 καλοῦσι,

50 2995 67 3014 u
138 2969 255 3010 διὰτὸ
281 2969 343 3010 καὶ
374 2970 488 3018 ἄλλην
510 2969 700 3021 ἀναλογίαν
731 2962 835 3018 εἶναι,
866 2969 945 3017 ἥτις
967 2969 1179 3023 ἀριθμητικὴ

135 3027 304 3080 ἀναλογία
322 3028 494 3069 καλεῖται.

32 3077 42 3085 .
187 3083 295 3128 Ἔστι
314 3087 352 3126 δὲ
371 3087 587 3141 ἀριθμητικὴ
611 3087 782 3138 ἀναλογία
796 3117 806 3135 ,
825 3085 907 3124 ὅταν
925 3085 965 3124 τὸ
983 3101 1005 3123 α
1022 3084 1179 3138 ὑπερέχῃ

135 3149 199 3186 τοῦ
217 3149 240 3200 β
259 3151 442 3195 τοσοῦτον,
461 3146 542 3186 ὅσον
559 3146 599 3186 τὸ
616 3162 638 3197 γ
658 3147 826 3199 ὑπερέχει
839 3148 900 3184 τοῦ
923 3146 955 3183 δ.
975 3144 1026 3184 Τὸ
1046 3143 1083 3182 δὲ
1100 3145 1177 3182 δια-

4 3245 6 3250 ,
131 3204 321 3255 ,νεμητικὸν
343 3203 474 3244 δίκαιον
497 3204 666 3256 ἀνάλογόν
685 3206 761 3244 ἐστι
783 3202 874 3243 κατὰ
899 3202 964 3250 τὴν
983 3217 1175 3255 γεωμετρι·

0 3261 10 3314 ζ
135 3260 200 3310 κῆν
222 3263 431 3316 ἀναλογίαν
458 3263 500 3304 τὸ
524 3263 561 3303 δὲ
580 3262 691 3303 αἴτιον
711 3267 871 3316 ἐροῦμεν,
893 3261 1116 3302 Ὑποκείσθω
1132 3260 1176 3310 δὴ

3 3319 5 3321 ’
135 3319 176 3359 τὸ
201 3321 264 3373 μὲν
289 3322 536 3374 διανεμόμενον
571 3323 678 3374 τιμή,
707 3323 792 3375 πρὸς
823 3322 879 3366 οὒς
913 3321 1135 3372 διανέμεται,
1155 3323 1175 3360 ὁ

179 3441 196 3460 *
211 3440 306 3477 Ἔστι
319 3443 355 3477 δὲ
366 3444 404 3478 τὸ
420 3445 495 3479 ἶσον
511 3445 545 3479 ἐν
559 3445 739 3489 ἐλαχίστοις
759 3445 850 3478 δυσίν
862 3471 871 3486 ,
892 3447 960 3478 κτλ.

662 230 959 273 ETHICORUM
986 232 1432 279 NICOMACHEORUM
1459 238 1829 286 PARAPHRASIS.

2230 253 2309 293 405

1270 328 1359 363 tione
1378 332 1591 375 respondens,
1608 337 1642 368 et
1657 337 1895 373 mediocritatis
1906 365 1914 379 ,
1935 342 2104 384 aequitatis
2119 353 2159 377 ac
2172 353 2313 387 propor-

1269 387 1368 423 tionis
1389 389 1542 426 effectrix
1558 393 1700 436 justitia.
1715 399 1762 430 Ac
1784 399 1932 433 medium
1950 401 2083 443 quidem
2097 405 2148 437 est
2159 403 2310 447 justum.

1268 443 1348 483 quia
1368 445 1442 477 tum
1454 444 1540 479 inter
1559 447 1593 480 id
1602 449 1693 490 quod
1704 450 1780 492 plus
1790 453 1823 485 et
1835 452 1947 486 minus
1956 479 1964 492 ‚
1981 456 2057 488 tum
2070 454 2159 489 inter
2170 456 2204 490 id
2220 458 2313 500 quod

1269 504 1369 538 supra
1392 496 1445 531 fas
1465 501 1499 532 et
1511 503 1625 534 contra
1642 502 1788 538 officium
1809 507 1860 539 est
1880 506 2054 541 intercedit
2080 520 2089 541 ε
2111 509 2203 543 haud
2217 519 2313 544 secus

1268 550 1370 592 atque
1382 560 1496 586 omnes
1508 555 1659 589 virtutes.
1673 558 1717 590 Et
1728 558 1792 591 hoc
1800 559 1933 602 quidem
1940 561 2081 603 justitiae
2091 571 2167 596 cum
2176 564 2314 607 reliquis

1267 603 1451 638 virtutibus
1467 615 1640 642 commune
1656 613 1707 644 est
1722 622 1730 644 :
1753 613 1923 655 proprium
1939 624 2018 648 vero
2032 616 2103 658 ejus
2114 617 2258 651 habetur
2269 627 2312 651 α’,-

1267 667 1383 700 quum,
1398 660 1478 702 quia
1494 661 1632 704 singulis
1643 665 1734 706 quod
1746 667 1898 700 convenit
1910 677 1949 701 ac
1966 669 2107 703 debetur
2120 671 2279 713 persolvit
2301 683 2310 704 ε

1267 714 1301 745 et
1318 713 1407 754 qued
1420 714 1593 757 accipienti
1613 719 1724 751 nescio
1740 719 1796 752 cui
1817 721 1940 763 tradit,
1957 731 2094 766 aequum
2115 727 2166 758 est
2184 734 2192 755 τ
2216 734 2314 768 aequa

1267 766 1355 798 enim
1374 771 1452 800 sunt
1469 778 1546 811 quae
1563 773 1774 806 conveniunt.
1789 775 1872 812 Quae
1885 778 1997 810 autem
2010 777 2185 819 debentur,
2201 778 2314 821 aliquo

1267 821 1365 853 modo
1378 823 1589 858 conveniunt.
1601 827 1778 868 Praeterea,
1793 839 1899 872 quum
1918 832 2078 874 injustitia
2086 834 2128 866 sit
2143 833 2310 876 iniquitas,

1266 873 1428 916 injustum
1448 886 1530 910 vero
1545 878 1697 922 iniquum
1709 907 1716 918 ,
1731 882 1910 917 verisimile
1933 895 2068 928 quoque
2083 889 2134 920 est
2147 887 2313 930 ¹justitiam

1266 929 1458 970 aequitatem
1485 933 1519 963 et
1536 933 1627 974 quod
1641 934 1770 975 justum
1792 940 1843 970 est
1870 948 1942 971 esse
1957 949 2112 982 aequum,
2135 941 2216 984 quia
2239 950 2313 975 me-

1265 980 1358 1014 dium
1375 985 1426 1015 est
1443 985 1517 1026 eJus
1532 986 1622 1026 quod
1642 987 1718 1029 plus
1736 990 1787 1021 est
1802 991 1835 1022 et
1853 991 1944 1032 quod
1963 992 2072 1025 minus
2088 1003 2095 1024 ε
2115 993 2150 1026 in
2162 1003 2314 1036 quaeun-

1265 1044 1331 1077 que
1356 1036 1444 1069 enim
1460 1038 1588 1071 actione
1610 1039 1686 1080 plus
1702 1043 1752 1073 est
1770 1044 1803 1074 et
1826 1043 1947 1084 minus,
1971 1045 2005 1077 in
2022 1055 2060 1078 ea
2075 1055 2210 1089 aequum
2227 1056 2314 1090 quo-

1265 1099 1331 1132 que
1346 1090 1454 1123 inesse
1477 1099 1611 1125 necesse
1627 1095 1678 1126 est
1694 1104 1702 1123 τ
1723 1094 1782 1127 sed
1800 1097 1834 1128 et
1851 1097 1942 1130 nulla
1955 1098 2082 1132 ratione
2103 1100 2203 1134 allata
2219 1101 2311 1143 quod

1261 1145 1390 1187 justum
1409 1148 1459 1180 est
1474 1147 1627 1181 omnibus
1646 1148 1780 1183 videtur
1799 1159 1870 1184 esse
1896 1160 2043 1194 aequum.

1306 1205 1524 1247 Proportione
1552 1209 1667 1240 autem
1700 1209 1896 1252 respondet,
1924 1211 2003 1253 quia
2024 1212 2059 1244 in
2081 1212 2314 1248 distributione

1263 1269 1376 1292 rerum
1394 1260 1604 1303 proportione
1633 1261 1755 1295 similia
1783 1261 1883 1296 efficit
1907 1272 1947 1297 ea
1974 1273 2052 1307 quae
2076 1267 2312 1309 accipientibus

1263 1312 1521 1348 distribuuntur.
1543 1315 1758 1358 Eandemque
1771 1325 1847 1359 quae
1857 1316 1980 1351 dantur
1996 1318 2084 1352 inter
2100 1329 2135 1354 se
2150 1321 2313 1356 rationem

1262 1370 1404 1410 habent,
1439 1380 1542 1414 quam
1572 1371 1770 1414 accipientes
1800 1372 1887 1406 inter
1911 1382 1946 1407 se
1973 1374 2099 1407 habent
2116 1387 2125 1407 ε
2154 1375 2183 1408 si
2203 1377 2290 1410 enim
2302 1403 2310 1417 ,

1262 1424 1405 1466 exempli
1431 1424 1553 1466 gratia,
1583 1425 1729 1458 Achilles
1754 1425 1858 1468 duplo
1881 1426 2007 1469 majore
2035 1428 2161 1462 virtute
2179 1430 2312 1473 Ajacem

1261 1475 1376 1517 vincit,
1396 1477 1499 1520 duplo
1510 1479 1670 1521 maj0rem
1683 1479 1784 1512 etiam
1796 1479 1955 1513 honorem
1968 1481 2087 1514 Achilli
2101 1492 2203 1525 quam
2219 1486 2312 1527 AJaci

1261 1532 1316 1567 vir,
1324 1531 1439 1574 justus
1451 1531 1588 1565 tribuet.
1608 1533 1782 1570 Quatenus
1802 1535 1916 1566 autem
1940 1534 2089 1567 medium
2105 1538 2169 1578 est,
2183 1540 2310 1573 multo-

1246 1596 1335 1619 ·rum
1354 1588 1405 1619 est
1425 1595 1434 1616 τ
1453 1595 1531 1628 quae
1545 1586 1632 1619 enim
1647 1589 1742 1620 extra
1759 1587 1905 1620 medium
1929 1589 2019 1628 sunt,
2038 1598 2144 1631 quum
2157 1591 2222 1625 alia
2237 1603 2311 1635 pro-

1258 1636 1333 1676 pius
1362 1633 1471 1666 absint
1485 1633 1527 1667 ab
1546 1642 1602 1673 eo,
1629 1634 1694 1667 alia
1707 1634 1852 1677 longius,
1872 1635 1937 1668 alia
1951 1635 2063 1670 minus
2079 1637 2185 1679 longe,
2201 1641 2309 1675 multa

1258 1692 1391 1727 quoque
1412 1684 1501 1716 sunt.

1300 1744 1473 1781 Quatenus
1494 1751 1576 1774 vero
1596 1751 1733 1784 aequum
1752 1743 1822 1775 sive
1840 1743 1970 1785 aequale
1988 1744 2142 1785 hahetur,
2165 1746 2309 1782 duorum

1257 1798 1318 1835 est,
1333 1795 1434 1828 simul
1445 1794 1650 1836 accipientis,
1666 1795 1769 1835 simul?
1778 1795 1850 1837 ejus
1869 1796 1959 1838 quod
1971 1796 2070 1830 datur
2083 1811 2091 1830 :
2103 1808 2208 1841 quum
2221 1801 2308 1834 enim

1257 1858 1373 1882 eorum
1399 1857 1476 1891 quae
1495 1847 1537 1880 ad
1560 1848 1651 1881 aliud
1672 1847 1967 1890 quidlreferuntur
1989 1850 2032 1883 sit
2052 1852 2199 1894 aequale,
2222 1854 2308 1886 duo-

1256 1914 1331 1936 rum
1351 1911 1480 1944 semper
1498 1911 1570 1935 esse
1588 1904 1731 1944 oportet.
1761 1904 1934 1940 Quatenus
1958 1913 2038 1937 vero
2061 1914 2307 1950 aequapropor-

1256 1957 1344 1990 tione
1365 1955 1543 1998 respondet
1558 1955 1594 1988 id
1619 1955 1711 1998 quod
1734 1957 1786 1988 cst
1798 1955 1947 1997 justum,
1965 1957 2140 1990 minimum
2162 1962 2308 2001 quatuor

1255 2012 1324 2052 θεὴ
1339 2010 1504 2053 siquidem
1513 2010 1681 2052 proportio
1691 2018 1820 2051 semper
1836 2010 1879 2042 ad
1891 2012 2037 2052 quatuor
2051 2012 2212 2053 pertinet:
2228 2023 2305 2046 nam

1252 2064 1423 2106 proportio
1448 2064 1593 2097 duarum
1618 2062 1786 2095 rationum
1810 2063 1988 2105 aequalitas
2000 2066 2084 2104 lest,
2114 2065 2148 2097 in
2172 2065 2304 2099 duobus

1252 2130 1334 2154 vero
1352 2111 1503 2154 terminis
1515 2123 1567 2153 est
1587 2121 1674 2153 ratio
1692 2130 1700 2150 ε
1716 2120 1805 2154 unde
1826 2122 1979 2163 sequitur
1994 2123 2180 2156 necessario
2193 2149 2201 2163 ,
2220 2132 2303 2166 pro-

1251 2175 1437 2219 portionem
1449 2175 1492 2208 ad
1501 2177 1647 2218 quatuor
1655 2176 1829 2217 pertinere.
1840 2176 1940 2209 Verbi
1948 2186 2047 2209 causa
2055 2178 2141 2210 ratio
2151 2181 2201 2211 est
2210 2179 2304 2222 dupli

1252 2231 1312 2262 aut
1333 2229 1425 2271 tripti
1443 2242 1451 2261 :
1478 2228 1534 2261 hic
1555 2228 1678 2271 duplex
1695 2231 1746 2261 est
1762 2229 1895 2267 relatio,
1920 2231 1991 2261 tum
2007 2230 2112 2271 ipsius
2137 2225 2302 2273 duplicis',

1251 2285 1326 2314 tum
1341 2281 1414 2323 ejus
1431 2281 1522 2323 quod
1540 2280 1716 2313 dimidium
1731 2283 1801 2321 est,
1818 2281 1905 2313 sicut
1918 2282 2035 2322 viginti
2052 2283 2094 2315 ad
2107 2283 2222 2317 decem
2237 2296 2244 2317 :
2262 2290 2300 2319 ut

1249 2343 1383 2368 necesse
1403 2335 1446 2368 sit
1465 2334 1549 2367 duos
1565 2343 1636 2368 esse
1648 2334 1683 2367 in
1698 2343 1764 2367 una
1775 2334 1902 2367 ratione
1921 2335 2080 2369 terminos
2099 2346 2106 2365 :
2122 2337 2172 2370 sin
2187 2341 2301 2373 autem

1250 2388 1389 2422 eandem
1408 2388 1569 2420 rationem
1594 2388 1628 2420 in
1652 2387 1725 2420 aliis
1758 2387 1889 2420 duobus
1919 2388 2072 2422 terminis
2102 2399 2274 2425 sumamus
2288 2418 2296 2432 ,

1249 2442 1393 2485 exempli
1414 2442 1520 2485 gratia
1533 2442 1567 2474 in
1577 2441 1752 2474 duodecim
1772 2443 1805 2474 et
1821 2450 1879 2474 sex
1889 2467 1897 2481 ‚
1911 2443 2157 2484 proportionem
2176 2444 2299 2480 efficie-

1248 2505 1336 2536 mus,
1358 2498 1522 2537 eruntque
1535 2495 1622 2527 sicut
1644 2495 1759 2536 viginti
1782 2494 1825 2528 ad
1843 2495 1977 2536 decem,
1996 2497 2043 2529 ita
2062 2497 2236 2532 duodecim
2254 2501 2298 2533 ad

1187 2592 1192 2595 Ι
1248 2557 1308 2584 sex
1323 2561 1331 2582 ε
1354 2550 1456 2591 atque
1470 2548 1519 2581 ita
1534 2557 1664 2590 semper
1676 2548 1713 2582 in
1734 2550 1879 2590 quatuor
1893 2548 2068 2583 minimum
2089 2551 2152 2584 erit
2165 2561 2298 2594 propor-

1248 2604 1295 2636 tio
1317 2613 1324 2634 :
1345 2612 1422 2635 nam
1441 2604 1475 2635 et
1488 2604 1598 2644 potest
1616 2611 1687 2635 esse
1704 2602 1739 2634 in
1761 2602 1923 2644 pluribus.
1943 2603 2031 2641 Quin
2045 2605 2144 2637 etiam
2161 2605 2202 2638 ad
2221 2615 2297 2647 pro-

1246 2655 1432 2699 portionem
1461 2655 1671 2688 efficiendam
1699 2657 1768 2688 tres
1793 2664 1882 2697 saepe
1900 2655 2059 2689 terminos
2084 2666 2142 2690 ne?
2165 2667 2294 2692 :timere

1246 2710 1377 2742 constat
1396 2720 1404 2741 ε
1419 2711 1460 2742 ut
1480 2718 1587 2751 quum
1599 2707 1674 2741 dico
1686 2733 1694 2748 ,
1715 2707 1802 2741 sicut
1822 2708 1940 2750 viginti
1955 2708 1999 2742 ad
2016 2709 2149 2749 docem,
2167 2711 2214 2743 sic
2232 2712 2294 2744 de-

1245 2771 1317 2795 cem
1335 2761 1379 2795 ad
1396 2761 1543 2804 quinque
1559 2769 1595 2794 se
1613 2759 1736 2794 habent
1749 2775 1757 2801 ;
1771 2760 1830 2793 se'd
1844 2762 1955 2794 tamen
1971 2762 2052 2804 quia
2065 2762 2116 2795 bis
2129 2763 2292 2796 sumimus

1243 2817 1378 2853 decem,
1410 2823 1527 2847 rursus
1547 2813 1633 2846 fiunt
1656 2814 1810 2856 quatuor.
1852 2815 2066 2855 vocaturque
2101 2813 2291 2856 hujusmodi

1242 2867 1410 2912 proportio
1429 2866 1584 2900 continua
1600 2879 1608 2907 ;
1634 2867 1760 2909 atquae
1778 2874 1797 2899 e
1813 2868 1958 2909 quatuor
1977 2866 2126 2900 terminis
2141 2869 2288 2907 constat,

1241 2921 1418 2964 disjuncta.
1454 2921 1638 2961 Utramque
1667 2928 1747 2952 voro
1781 2920 2015 2963 geometricam
2046 2920 2290 2963 proportionem

1239 2974 1469 3008 mathematici
1495 2973 1630 3012 dieunt,
1654 2973 1896 3015 distinguentes
1914 2983 1988 3008 eam
2010 2975 2052 3008 ab
2070 2974 2191 3014 altera,
2213 2984 2289 3018 quae

1239 3027 1448 3062 arithmetica
1469 3025 1637 3069 proportio
1653 3027 1852 3061 nominatur.

1279 3088 1355 3123 Erit
1381 3089 1495 3121 autem
1523 3087 1753 3129 arithmetica,
1782 3081 1841 3121 ubi
1873 3088 1901 3120 A
1927 3089 2060 3120 tantum
2087 3090 2220 3131 superet
2247 3090 2283 3125 B.

1237 3153 1402 3192 quantum
1417 3148 1447 3182 G
1468 3149 1603 3190 superat
1617 3148 1659 3181 D.
1687 3148 1750 3181 Jus
1769 3156 1868 3187 vero,
1892 3147 1983 3190 quod
1999 3147 2034 3180 in
2052 3147 2285 3180 distributione

1235 3208 1401 3246 versatur,
1418 3206 1616 3249 geometrica
1640 3206 1851 3249 proportione
1869 3208 2014 3247 constat,
2035 3197 2131 3248 ciijns
2144 3206 2191 3238 rei
2204 3215 2283 3238 cau-

1236 3275 1308 3300 sam
1314 3265 1504 3299 afferemus;
1513 3265 1564 3299 Sit
1576 3265 1663 3299 enim
1672 3265 1769 3308 quasi
1778 3265 1927 3299 materiae
1937 3265 2008 3298 loco
2021 3265 2057 3298 id
2068 3264 2158 3307 quod
2168 3264 2282 3297 distri-

1235 3325 1362 3365 buitur,
1394 3325 1511 3365 honor,
1542 3324 1626 3359 item
1654 3325 1777 3368 quibus
1806 3324 2041 3363 distribuitur,
2072 3323 2214 3357 Achilles
2247 3325 2281 3356 et
