2508 3776
271 169 348 210 460

325 254 494 307 (Scripsi
514 267 524 293 :
541 264 554 284 ε
576 252 607 290 εἴ
625 251 692 303 τις]
714 252 800 291 cod.
822 251 919 296 εἴτις.
953 253 1033 283 —1’
1052 254 1191 308 νομίζῃ]
1219 256 1304 296 cod.

266 314 410 365 νομίζει.
433 334 485 342 —
498 317 511 338 0
530 311 615 363 ὅπερ
635 311 723 361 ἐστὶ]
757 311 844 352 cod.
868 309 954 364 ὅπέρ
974 313 1059 352 ἐστι.
1078 313 1151 366 -)

655 422 742 466 m-
773 414 805 464 γ’
837 413 917 466 [β’]-

263 522 338 562 Περὶ
354 524 407 559 τῆς
423 520 570 561 γνώσεως
586 522 642 551 τοῦ
659 519 836 560 ἀκρατοῦς,
859 518 880 559 ἦ
901 519 1068 560 γινώσκων
1090 521 1150 553 οὐκ
1165 521 1302 563 ἐμμένει.

315 621 335 645 *
354 620 494 669 Ζητητέ
495 636 530 659 ον
548 620 589 665 δὴ
609 636 688 673 περι
708 623 769 659 τοῦ
790 619 963 681 δευτέρου·
982 622 1112 675 ἀπορία
1129 623 1195 676 γάρ
1211 627 1305 675 ἐστι,

261 683 333 725 πῶς
351 679 607 731 ὖπολαμὸάνων
628 681 737 731 ὀρθῶς
757 681 836 732 περὶ
857 683 904 718 ὧν
923 680 1069 733 πράττει
1091 698 1160 730 τις,
1186 682 1306 722 ἔπειτα

261 739 504 792 ἀκρατεύεται.
524 739 596 778 Καί
610 738 694 792 φασί
709 755 797 783 τινες
818 744 848 789 ³,
866 738 918 778 ὅτι
933 741 970 778 οὗ
983 740 1146 814 γινώσκει
1163 744 1216 780 δ’
1197 758 1304 793 ακρα-

261 800 322 847 τὴς
353 799 375 837 ἃ
407 798 555 852 πράττει
591 799 709 852 φαῦλα
737 801 853 846 εἶναι,
891 799 964 838 οὐδὲ
995 799 1069 852 ἔχει
1105 801 1304 852 ἐπιστήμην

262 859 374 896 αὐτῶν
387 856 540 911 ,ὥσπερ
562 859 580 896 ὃ
613 858 806 911 Σωκράτης
826 856 960 908 ἔλεγεν,
986 859 1024 896 οὗ
1057 859 1201 898 δυνατὸν
1226 862 1303 899 ἐπι-

261 916 399 968 στήμης
433 916 573 964 ἐνούσης
612 916 699 956 ἄλλο
728 932 762 955 τι
788 916 806 941 Ῑ)
838 921 977 969 κρατεῖν
1014 917 1074 956 καὶ
1106 918 1301 972 περιέλκειν

258 975 378 1029 ὥσπερ
406 976 640 1029 ἀνδράποδον·
666 978 766 1020 ὀὗτος
785 975 822 1014 δὲ
860 977 878 1014 ὁ
908 975 1011 1028 λόγος
1043 978 1194 1022 ἐναντίος
1227 978 1302 1018 ἐστὶ

257 1034 328 1079 τοῖς
345 1039 521 1087 φανεροῖς·
542 1036 594 1074 ὅτι
611 1034 677 1089 γάρ
699 1036 791 1073 ἐστιν
805 1035 989 1097 ἀκρατής,
1009 1034 1069 1074 καὶ
1085 1030 1218 1081 οῧτός’
1203 1052 1296 1076 εστιν

257 1093 433 1146 ἀκρατής,
457 1096 475 1133 ὁ
505 1093 591 1148 πρὸς
611 1094 778 1133 τάναντία
800 1098 849 1133 ὡν
882 1088 970 1133 οἶδεν
995 1098 1136 1147 ἀγαθῶν
1153 1097 1300 1150 φερόμε-

257 1169 331 1202 νος,
354 1153 516 1207 φανερόν.
550 1153 615 1193 Διο
646 1154 834 1202 ζητητέον,
856 1154 885 1192 εἷ
916 1153 960 1191 δι’
987 1154 1130 1206 ἄγνοιαν
1151 1155 1296 1208 πράττει

259 1217 327 1257 πᾶς
350 1215 368 1250 ὁ
387 1212 552 1265 πράττων
571 1212 612 1252 τὸ
633 1213 805 1265 πονηρόν,
827 1212 888 1251 καὶ
913 1211 964 1257 τίς
985 1215 1004 1251 ὁ
1023 1213 1149 1266 τρόπος
1167 1214 1298 1266 γίνεται

259 1274 321 1319 τῆς
344 1271 501 1321 ἀγνοίας·
531 1271 631 1310 ἄλλοι
651 1271 687 1310 δὲ
706 1271 835 1310 οἴονται
864 1271 991 1310 εἰδέναι
1019 1271 1081 1322 μὲν
1102 1272 1125 1310 ἃ
1155 1273 1301 1326 πράττει

256 1329 313 1368 τὸν
348 1330 508 1381 ἀκρατη,
533 1329 734 1381 ἐπιστήμην
771 1328 807 1367 δὲ
836 1330 899 1367 οὐκ
928 1330 1020 1382 ἔχειν
1053 1330 1187 1377 αὐτῶν,
1208 1330 1299 1370 ἀλλὰ

258 1387 378 1433 δόξαν·
396 1390 434 1427 οὗ
453 1388 521 1441 γὰρ
550 1389 694 1428 δυνατὸν
719 1388 923 1438 ἐπιστήμην
951 1387 1077 1440 ἔχοντα
1094 1389 1299 1462 κρατεῖσθαι

257 1447 323 1485 ὑπὸ
345 1449 414 1486 τῶν
433 1449 588 1496 ἡδονῶν·
610 1447 707 1487 οὐδὲν
729 1447 797 1499 γὰρ
814 1451 902 1485 εἰναι
921 1450 982 1494 τῆς
1002 1447 1199 1498 ἐπιστήμης
1219 1449 1293 1487 ἐπι-

257 1507 511 1568 κρατέστερον·
543 1505 603 1545 διὰ
643 1511 744 1546 τοῦτο
777 1505 839 1553 τὴν
875 1510 934 1546 τοῦ
965 1508 1139 1559 ἀκρατοῦς
1169 1509 1297 1559 γνῶσιν

262 1564 361 1611 δόξαν
383 1559 472 1604 εἷναί
488 1581 614 1620 φασιν·
638 1566 729 1604 ἀλλὰ
750 1563 819 1616 μὴν
839 1565 869 1604 εἴ
884 1581 923 1618 γε
945 1570 960 1590 ⁰
977 1565 1059 1610 δόξα
1077 1565 1151 1604 ἐστὶ
1173 1565 1299 1618 καὶμὴ

259 1624 438 1674 ἐπιστήμη
452 1654 462 1674 ,
493 1624 571 1663 οὐδὲ
593 1623 723 1677 ἰσχυρὰ
744 1626 870 1676 γνῶσις
890 1629 951 1664 τοῦ
969 1624 1176 1677 πράγματος
1198 1626 1233 1664 ἐν
1248 1627 1298 1677 τῷ

256 1684 420 1736 ἀκρατεῖ,
441 1684 518 1722 ἀλλ’
542 1683 688 1730 ἀσθενής
709 1700 758 1728 τις
789 1683 849 1722 καὶ
869 1683 1049 1735 ἠρεμαία,
1083 1684 1242 1737 καθάπερ
1263 1685 1299 1723 ἐν

255 1744 323 1786 τοῖς
345 1741 543 1788 διστάζοιισι
557 1771 568 1790 ,
597 1741 791 1793 συγγνώμη
813 1741 853 1780 ἂν
869 1741 923 1790 εἴη
944 1747 1015 1786 τοῖς
1040 1743 1224 1796 ἀκρατέσι,
1245 1743 1295 1794 μὴ

254 1799 444 1852 ἐμμένουσι
470 1805 541 1843 τοῖς
567 1799 657 1838 οὕτω
685 1800 978 1852 γινωσκομένοις,
1013 1800 1136 1853 βιαίων
1168 1803 1288 1840 ἀνθελ-

255 1862 389 1899 κουσῶν
426 1858 638 1910 ἐπιθυμιῶν·
659 1861 722 1899 οὔκ
753 1860 821 1914 ἄρα
855 1859 1030 1912 μοχθηρὸν
1061 1863 1082 1907 ἡ
1124 1860 1296 1912 ἀκρασία·

255 1918 364 1957 οὐδενὶ
385 1916 452 1970 γὰρ
477 1918 668 1970 συγγνώμη
698 1922 767 1958 τῶν
792 1921 979 1971 μοχθηρῶν
1000 1918 1061 1958 καὶ
1080 1921 1217 1973 ψεκτῶν
1238 1919 1298 1959 καὶ

254 1978 429 2030 φευκτῶν·
458 1992 610 2016 τοιουτον
634 1976 746 2025 δὲὴ’
728 1978 896 2029 ακρασία.

307 2034 347 2058 **
362 2034 464 2074 Ἐπει
481 2035 517 2073 δὲ
538 2034 617 2074 οὔτε
636 2035 749 2081 δόξα’
735 2051 826 2075 εστιν
850 2039 870 2083 ἠ
887 2038 1012 2087 γνῶσις
1025 2039 1086 2076 τοῦ
1102 2038 1274 2090 ἀκρατοῦς
1286 2066 1296 2086 ,

254 2093 333 2134 οὔτε
355 2094 551 2145 ἐπιστήμη,
580 2096 674 2135 δοκεῖ
702 2095 867 2150 φρόνησις
888 2089 996 2134 εἶναι·
1029 2095 1118 2144 αυτη
1137 2096 1203 2150 γὰρ
1226 2097 1295 2136 λεί-

253 2167 356 2192 πεται
376 2168 436 2191 και
458 2155 552 2192 ἔστιν
574 2153 702 2207 ἰσχυρὰ
727 2157 876 2206 γνῶσις·
892 2154 955 2194 καὶ
971 2170 1073 2194 τουτο
1094 2154 1129 2194 δὲ
1152 2156 1292 2207 ἄτοπον·

253 2212 351 2251 ἔσται
353 2212 439 2285 '¹789
460 2212 538 2264 ἅμα
561 2213 621 2251 καὶ
654 2213 819 2274 φρόνιμος
842 2213 902 2253 καὶ
930 2215 1098 2267 ἀκρατής.
1121 2215 1246 2261 Οὖδεις
1267 2216 1298 2254 δ’

254 2268 295 2307 ἂν
336 2269 448 2320 εἴποι,
485 2272 653 2345 φρονίμου
694 2275 784 2310 εἶναι
816 2273 857 2312 τὸ
894 2272 1062 2325 πράττειν
1102 2273 1147 2312 τὰ
1183 2277 1299 2327 φαῦλα

253 2328 395 2367 ἑκόντα·
430 2330 506 2369 ἐπεὶ
540 2331 599 2369 καὶ
633 2331 846 2371 δέδεικται’
830 2347 865 2370 εν
898 2338 969 2376 τοῖς
1001 2332 1219 2385 ἔμπροσθεν,
1246 2333 1300 2373 ὅτι

253 2388 445 2440 πρακτικός
474 2404 513 2441 γε
534 2391 552 2428 ὁ
584 2390 774 2444 φρόνιμος,
802 2390 862 2429 καὶ
888 2390 969 2443 περὶ
1003 2391 1108 2435 αὐτάς
1133 2392 1209 2430 ἐστι
1237 2390 1299 2437 τὰς

255 2447 396 2501 πράξεις
421 2446 483 2492 τὰς
519 2449 684 2524 μερικρίς,
705 2450 766 2489 καὶ
799 2450 860 2495 τὰς
880 2450 990 2495 ἄλλας
1017 2450 1141 2503 ἀρετὰς
1165 2450 1299 2503 ἑπομέ-

255 2508 348 2551 ναςό
373 2507 462 2560 ἔχων
499 2507 532 2553 ἐξ
565 2508 738 2583 ἀνάγκης·
765 2511 829 2549 οὒκ
853 2508 921 2562 ἄρα
953 2508 1300 2582 φρονήσειγινώσκει

258 2567 427 2616 ἀκρατής.
451 2566 557 2606 Κατὰ
575 2567 639 2618 μὲν
660 2571 718 2606 οὐν
741 2568 820 2613 τους
841 2568 1043 2622 εἰρημένους
1073 2567 1221 2629 τρόπους
1239 2584 1296 2621 γι-

255 2627 399 2663 νώσκειν
432 2624 490 2663 τὸν
526 2627 663 2678 ἀκρατῆ
697 2627 869 2666 δέδεικται
902 2626 952 2677 μὴ
1011 2626 1154 2666 δυνατὸν
1189 2630 1298 2666 εἶναι·

257 2682 460 2732 ζητητέον”
438 2698 507 2736 αρα
527 2684 584 2722 τὸν
604 2684 743 2737 τρόπον.
763 2685 814 2726 t‘O
836 2684 926 2737 μετὰ
947 2686 1068 2739 μικρὸν
1087 2685 1297 2739 ἀκριὸέστε-

259 2757 314 2794 ρον
338 2742 622 2794 ἐπισκεψώμεθα.

312 2801 476 2853 (Scripsi
498 2815 536 2839 :a
567 2802 629 2839 καί
648 2802 734 2855 φασί
755 2805 858 2854 τινες]
880 2805 999 2855 vulgo
1022 2803 1081 2843 καί
1096 2819 1180 2857 φασι
1193 2819 1295 2849 τινες.

257 2882 311 2889 —-
330 2860 346 2882 ¹³
375 2859 465 2898 ἄλλο
479 2860 531 2911 τι]
557 2861 676 2910 vulgo
696 2861 783 2900 ἄλλό
804 2877 850 2902 τι.
873 2884 926 2892 —-
945 2869 958 2885 ⁰
979 2862 1011 2901 εἴ
1025 2863 1082 2915 γε]
1106 2862 1192 2901 cod.
1216 2861 1298 2915 εἴγε.

258 2941 311 2948 -
330 2921 344 2946 ⁶
365 2917 553 2970 ἑπομένας]
571 2920 655 2957 cod.
675 2919 859 2970 ἑπομένας.
878 2922 942 2972 -)

694 3027 785 3078 Κεφ.
816 3026 858 3066 δ’.

300 3136 376 3169 Ὀτι
397 3137 457 3170 οὐκ
476 3137 558 3169 ἔστιν
585 3138 602 3168 ὁ
627 3137 776 3177 ἐγκρατὴς
808 3138 940 3180 σώφρων
952 3140 1050 3180 ,οὔτε
1081 3142 1098 3172 ὁ
1123 3141 1255 3182 σώφρων

691 3196 854 3226 εγκρατης.

315 3281 373 3305 ***
394 3283 465 3321 Νῦν
484 3281 520 3320 δὲ
532 3284 719 3333 σκοπῶμεν
734 3282 883 3334 περὶτοῦ
896 3283 1022 3335 τρίτου,
1038 3286 1068 3323 εἷ
1084 3285 1227 3325 δυνατὸν
1237 3284 1295 3324 τὸν

1083 167 1362 208 ANDRONICI
1390 168 1567 210 RHODII

1770 441 1848 484 Gap.
1872 443 1920 475 111
1945 442 2013 486 [111.

1406 541 1448 569 De
1460 539 1636 576 cognitione
1654 540 1891 577 incontinentis,
1909 542 1940 571 in
1958 549 2016 580 qua
2037 545 2135 575 sciens
2157 553 2222 577 non
2232 547 2376 584 ueniunt.
2435 558 2442 565 ·

1408 629 1458 661 De
1479 629 1623 663 secundo
1648 630 1749 663 etiam
1774 631 1993 674 quaerendum
2009 634 2060 667 est
2085 647 2093 668 ε
2115 634 2288 670 dubitatur
2306 637 2409 678 enim,

1366 689 1434 722 quo
1447 682 1543 723 pacto
1557 708 1565 720 ,
1587 691 1693 725 quum
1713 684 1801 716 recte
1822 684 1944 726 aliquis
1962 685 2004 719 de
2028 685 2070 719 iis
2093 695 2170 729 quae
2189 687 2256 730 agit
2266 683 2410 731 iudicet,

1366 732 1579 767 nihilominus
1606 736 1717 767 tamen
1744 735 1983 770 incontinenter
2025 747 2060 771 se
2094 740 2197 781 gerat.
2227 739 2415 784 Dicuntque

1365 787 1529 827 nonnulli,
1558 788 1683 821 nescire
1710 788 1967 824 incontinentem
2002 801 2078 834 quae
2110 793 2178 835 agit
2208 793 2297 828 mala
2323 803 2412 834 csse,

1365 850 1507 884 eumque
1522 841 1584 874 hac
1605 841 1741 875 scientia
1763 851 1890 883 carere,
1911 844 1998 877 sicut
2015 845 2168 879 Socrates
2183 855 2253 890 prae
2274 856 2311 882 se
2325 846 2415 882 fere-

1364 894 1437 934 bat,
1465 894 1535 928 fieri
1558 905 1622 929 non
1670 907 1782 940 posse,
1825 898 1860 931 in
1889 908 1957 941 quo
1976 899 2055 932 insit
2076 899 2227 940 scientia,
2255 900 2348 935 utin
2375 909 2414 934 eo

1365 948 1457 982 aliud
1474 948 1635 991 quiddam
1653 950 1840 984 dominetur
1857 953 1891 984 et
1910 954 2069 994 tanquam
2097 953 2299 996 mancipium
2323 953 2413 988 ultro

1362 1001 1514 1044 citroque
1535 1002 1646 1035 trahat
1665 1015 1673 1035 :
1690 1012 1766 1046 quae
1783 1003 1918 1046 quidem
1933 1004 2018 1037 ratio
2037 1013 2114 1038 cum
2135 1005 2177 1038 iis
2204 1014 2283 1048 quae
2305 1005 2414 1040 mani-

1363 1055 1448 1090 festa
1476 1057 1554 1088 sunt
1580 1059 1705 1099 pugnat
1737 1069 1744 1089 :
1769 1066 1840 1090 esse
1865 1057 1952 1091 enim
1975 1058 2251 1099 incontinentem,
2278 1061 2312 1094 et
2336 1069 2412 1094 eum

1363 1120 1435 1144 esse
1450 1110 1726 1150 incontinentem,
1746 1111 1805 1153 qui
1819 1111 1854 1144 in
1880 1112 2082 1145 contrarium
2097 1112 2188 1146 illius
2211 1111 2319 1146 fertur
2332 1113 2411 1146 honi

1362 1165 1452 1208 quod
1470 1165 1577 1204 novit,
1595 1165 1630 1198 id
1647 1175 1724 1198 vero
1749 1164 1961 1199 manifestum
1975 1169 2037 1199 est.
2063 1168 2175 1205 Quare
2198 1166 2306 1210 quoeri
2317 1174 2412 1210 opor·
2457 1191 2462 1194 -

1362 1219 1430 1257 tet,
1447 1227 1528 1250 num
1546 1226 1604 1259 per
1627 1218 1846 1259 ignorantiam
1870 1220 1962 1260 agat,
1980 1218 2134 1261 quisquis
2149 1218 2237 1252 male
2253 1218 2351 1258 facit,
2374 1221 2410 1252 et

1362 1272 1438 1314 quis
1460 1272 1503 1304 sit
1524 1271 1717 1314 ignorantiae
1743 1270 1863 1304 modus
1887 1271 1968 1305 :alii
1987 1281 2067 1306 vero
2092 1272 2305 1312 existimant,
2325 1273 2410 1307 scire

1361 1324 1497 1368 quidem
1519 1334 1558 1358 ea
1588 1333 1665 1367 quae
1684 1324 1751 1367 agit
1776 1324 2052 1364 incontinentem,
2074 1334 2140 1359 non
2168 1327 2280 1360 tenere
2300 1328 2411 1369 tamen

1362 1387 1478 1411 eorum
1496 1377 1684 1417 scientiam,
1707 1376 1766 1411 sed
1786 1376 1972 1419 opinionem
1991 1379 2123 1412 tantum
2139 1378 2263 1414 habere
2276 1391 2286 1413 ε
2301 1389 2411 1424 neque

1362 1430 1449 1464 enim
1467 1429 1538 1463 fieri
1562 1438 1675 1472 posse,
1692 1431 1731 1463 ut
1757 1431 1816 1472 qui
1831 1429 1968 1463 scientia
1989 1430 2033 1463 sit
2048 1430 2208 1472 praeditus
2223 1431 2411 1476 avolupta-

1361 1485 1453 1518 tibus
1482 1486 1657 1527 superetur
1683 1497 1691 1517 ;
1725 1483 1807 1516 nihil
1841 1483 1964 1526 quippe
1992 1483 2129 1517 scientia
2160 1493 2232 1522 esse
2259 1483 2381 1520 fortius
2399 1498 2410 1520 ε

1361 1538 1502 1581 ideoque
1515 1538 1699 1580 opinionem
1724 1546 1795 1571 esse
1815 1536 1930 1569 volunt
1948 1535 2040 1569 illam
2053 1536 2285 1572 incontinentis
2299 1537 2412 1581 mgni-

1361 1590 1487 1624 tionem
1523 1603 1532 1623 z
1563 1590 1656 1632 atqui
1678 1589 1705 1622 si
1730 1588 1839 1631 opinio
1860 1590 1934 1628 est,
1955 1597 2020 1621 non
2043 1597 2123 1622 vero
2145 1589 2282 1624 scientia
2302 1599 2411 1634 neque

1362 1642 1455 1675 firma
1471 1643 1522 1676 rei
1535 1642 1568 1675 in
1582 1642 1805 1675 incontinente
1826 1640 1987 1683 cognitio,
2010 1641 2068 1674 sed
2079 1641 2209 1675 infirma
2225 1643 2356 1676 tantum
2371 1651 2410 1676 ac

1361 1695 1487 1734 tenuis,
1507 1695 1593 1727 sicut
1611 1694 1645 1726 in
1659 1693 1909 1731 dubitantibus,
1929 1692 2039 1726 danda
2057 1693 2122 1726 erit
2143 1694 2240 1728 venia
2266 1694 2410 1728 inconti-

1361 1748 1530 1786 nentibus,
1550 1747 1641 1790 quod
1665 1747 1699 1780 in
1718 1747 1760 1779 iis
1780 1754 1855 1788 quae
1882 1754 1920 1778 eo
1937 1745 2036 1778 modo
2063 1749 2228 1780 noverunt
2248 1756 2314 1781 non
2331 1757 2410 1792 per-

1360 1802 1531 1840 maneant,
1552 1800 1684 1842 quoties
1715 1799 1868 1832 violentae
1898 1797 2051 1831 libidines
2068 1807 2125 1832 eos
2145 1799 2181 1832 in
2211 1800 2408 1834 contrariam

1360 1856 1489 1896 partem
1507 1853 1672 1895 abripiunt
1691 1864 1698 1884 :
1727 1851 1883 1894 quocirca
1897 1860 1939 1884 ne
1951 1851 2038 1883 mala
2057 1851 2194 1894 quidem
2213 1853 2276 1886 erit
2301 1853 2411 1887 incon-

1361 1907 1499 1940 tinentia
1525 1915 1628 1948 :quae
1654 1905 1741 1938 enim
1770 1904 1858 1938 mala
1879 1905 1914 1937 et
1935 1904 2166 1946 vituperabilia
2194 1907 2230 1939 et
2255 1904 2410 1948 fugienda

1360 1963 1457 1999 sunt,
1479 1959 1572 1992 nulla
1589 1957 1668 1991 huic
1683 1957 1793 2000 generi
1812 1956 1909 1991 venia
1925 1956 2084 1990 tribuitur
2102 1969 2111 1991 ;
2126 1957 2203 1992 talis
2230 1960 2343 1993 autem
2361 1960 2409 1993 in·

1361 2007 1561 2041 continentia
1579 2007 1640 2039 est.

1402 2058 1514 2095 Quum
1530 2063 1609 2087 vero
1627 2061 1687 2087 nec
1706 2052 1816 2095 opinio
1835 2051 1879 2086 sit
1907 2051 2048 2094 cognitio
2067 2051 2299 2087 incontinentis
2312 2079 2320 2093 ,
2347 2063 2408 2088 nec

1361 2114 1516 2153 scientia,
1544 2113 1677 2147 videtur
1695 2121 1766 2146 esse
1783 2111 1958 2155 prudentia
1977 2124 1986 2145 ι
2009 2111 2080 2145 hoec
2108 2111 2196 2144 enim
2210 2108 2316 2146 restat
2336 2114 2408 2146 est-

1360 2184 1427 2219 que
1446 2175 1540 2207 firma
1562 2172 1705 2215 cognitio
1722 2184 1730 2205 :
1748 2173 1783 2204 at
1806 2171 1870 2204 hoc
1891 2170 2075 2204 absurdum
2093 2183 2102 2204 ε
2123 2170 2187 2204 erit
2205 2171 2294 2205 enim
2309 2171 2406 2206 simul

1360 2234 1506 2278 prudens
1538 2234 1572 2267 et
1612 2231 1827 2265 incontinens.
1855 2232 1960 2264 Nemo
1993 2231 2106 2263 autem
2127 2229 2300 2273 prudentis
2336 2240 2408 2265 esse

1360 2293 1482 2328 dixerit
1502 2302 1563 2326 sua
1586 2293 1701 2335 sponte
1733 2299 1788 2324 res
1819 2289 1987 2333 improbas
2009 2288 2200 2328 admittere,
2223 2289 2408 2332 praesertim

1360 2363 1466 2396 quum
1483 2361 1583 2395 supra
1600 2349 1843 2385 ostenderimus
1853 2375 1861 2388 ,
1880 2348 2078 2390 prudentem
2098 2346 2143 2381 ad
2158 2347 2321 2390 agendum
2335 2357 2407 2382 esse
2423 2340 2426 2343 ’

1361 2413 1589 2457 aptissimum,
1630 2413 1663 2444 et
1696 2410 1797 2444 simul
1830 2409 1975 2442 actiones
2005 2407 2188 2450 singulares
2222 2408 2405 2452 suscipere,

1360 2469 1460 2505 simul
1486 2467 1625 2512 reliquis
1650 2465 1832 2500 virtutibus
1851 2465 1911 2498 tali
1934 2464 2063 2507 ingenio
2084 2464 2270 2498 necessario
2283 2473 2406 2499 conve-

1360 2528 1527 2564 nientibus
1549 2526 1710 2560 excellere
1731 2538 1739 2558 :
1760 2525 1962 2568 quapropter
1978 2533 2044 2557 non
2067 2523 2245 2566 prudentia
2267 2523 2407 2559 edoctus

1356 2592 1582 2633 intemperans
1598 2587 1671 2622 scit.
1689 2586 1735 2620 Iis
1750 2595 1827 2629 ergo
1842 2594 1928 2629 quos
1949 2584 2209 2619 memoravimus
2234 2585 2343 2620 modis
2358 2585 2407 2620 in·

1361 2651 1598 2694 temperantem
1626 2655 1820 2690 cognoscere
1850 2654 1915 2678 non
1939 2653 2035 2688 posse
2069 2643 2401 2679 demonstravimus:

1360 2721 1462 2755 quare
1487 2719 1554 2753 quo
1596 2710 1694 2752 pacto
1728 2708 1916 2750 cognoscat,
1965 2705 2182 2749 quaerendum
2217 2706 2279 2740 est.
2306 2705 2405 2746 Quod

1361 2770 1459 2813 paulo
1477 2769 1552 2811 post
1578 2765 1766 2801 accuratius
1785 2764 2038 2799 consideremus.

1801 3047 1878 3089 Gap.
1904 3048 1959 3079 lv.

1405 3144 1616 3174 continentem
1635 3149 1698 3174 non
1712 3149 1776 3173 esse
1789 3142 2018 3178 temperantem,
2033 3146 2132 3177 neque
2144 3139 2361 3178 temperantem

1773 3188 1989 3218 continentem.

1399 3297 1494 3328 Nunc
1519 3303 1598 3328 vero
1625 3293 1668 3328 de
1691 3293 1806 3334 tertio,
1829 3292 1974 3335 possitne
1992 3294 2180 3336 temperans
2201 3300 2273 3328 esse
2295 3292 2403 3326 conti-

305 3409 318 3426 ’
340 3408 523 3453 Ἀπορήσειε
533 3409 559 3442 δ’
574 3410 611 3442 ἄν
627 3421 692 3450 τις,
706 3411 773 3442 κτλ.
783 3410 866 3434 —**
880 3411 1076 3453 Φρονήσεως
1085 3412 1149 3454 ἄρα
1157 3411 1393 3451 ἀντιτεινούσης
1408 3413 1477 3444 κτλ.
1487 3428 1529 3436 -
1539 3410 1601 3432 *4*
1611 3410 1682 3444 Ἔτι
1694 3412 1721 3444 εἰ
1733 3411 1787 3452 μὲν
1803 3412 1834 3443 ἑν
1849 3413 1895 3452 τῷ
1909 3409 2074 3452 ἐπιθυμίας
2088 3411 2175 3452 ἔχειν
2186 3398 2398 3454 ῐσχυρὰςκτλ.
