2528 3788
480 371 1249 464 ΣΑΛΛΟΥΣΤΙΟΥ

339 549 826 616 ΦΙΛΟΣΟΦΟΥ
885 558 1079 620 ΠΕΡΙ
1137 561 1375 624 ΘΕΩΝ

439 702 565 754 KAI
614 706 920 759 ΚΟΣΜΟΥ
964 710 1271 764 BIBAION.

744 865 968 880 w—oem.

771 1032 859 1082 Κεφ.
892 1031 937 1070 α’.

373 1139 451 1172 Οῐον
470 1140 516 1171 δεῖ
537 1140 614 1172 εἶναι
633 1141 688 1173 τὸν
706 1140 889 1182 &upoomivss²
909 1144 964 1175 καὶ
987 1145 1055 1186 περὶ
1072 1148 1177 1183 κοινῆς
1198 1144 1327 1182 ἐννοίας

382 1226 474 1270 Τους
494 1227 572 1280 περὶ
601 1230 686 1266 θεῶν
708 1229 842 1269 ἀκούειν
863 1231 1040 1277 ἐθέλοντας
1060 1233 1111 1271 δεῖ
1133 1233 1230 1282 μὲν’
1215 1250 1254 1273 εκ
1281 1234 1366 1273 παί-

333 1286 399 1324 δων
420 1280 527 1337 ἦχθαι
550 1287 687 1339 καλως,
708 1287 768 1326 καὶ
787 1288 837 1339 μὴ
868 1289 1022 1336 ἀνοήτοις
1042 1291 1290 1352 συντρέφεσθαι
1310 1292 1368 1331 δό-

329 1341 400 1386 ξαις
420 1345 454 1369 ¹³·
477 1343 527 1381 δεῖ
547 1343 582 1382 δὲ
609 1345 667 1383 καὶ
688 1345 751 1390 τὴν
780 1345 879 1399 φύσιν
897 1347 1076 1419 οἰγαθους.ν
1077 1341 1205 1387 εἶναι.13
1225 1349 1324 1388 noti*
1305 1366 1368 1400 εμ-

329 1416 456 1472 φρονας
469 1431 479 1451 ,
505 1401 589 1452 [ἵνα
614 1405 748 1456 ὀρθῶς]
763 1412 779 1430 ⁰
797 1405 998 1458 προσέχωσι
1021 1409 1090 1451 τοῖς
1108 1407 1242 1459 λόγοις·
1263 1409 1313 1446 δεῖ
1333 1408 1368 1446 δὲ

328 1458 448 1502 αὐτους
460 1459 519 1498 καὶ
539 1460 599 1504 τὰς
612 1463 729 1507 κοινὰς
746 1463 875 1508 ἐννοίας
889 1464 1030 1504 εἰδέναι.
1087 1466 1216 1505 Κοιναὶ
1230 1467 1266 1505 δέ
1283 1467 1367 1504 εἰσιν

328 1516 456 1556 ἔννοιαι
476 1517 493 1540 ‘¹
503 1518 617 1569 ,ὅσας
637 1521 763 1564 πάντες
782 1521 958 1574 ἅνθρωποι
990 1523 1215 1574 ἐρωτηθέντες
1243 1525 1367 1571 ὁμολο-

331 1573 516 1626 γήσουσιν·
553 1581 645 1627 οιον,
676 1577 728 1616 ὅτι
748 1584 816 1623 πᾶς
836 1579 908 1624 θεος
932 1580 1058 1630 ἀγαθός
1073 1583 1110 1629 e,
1131 1580 1184 1619 ὅτι
1209 1582 1366 1635 ἀπαθής,

324 1640 375 1678 ὅτι
397 1641 658 1688 ἀμετάὸλητος·
681 1648 750 1681 πᾶν
780 1643 848 1696 γὰρ
876 1643 915 1682 τὸ
937 1643 1247 1695 μεταὸαλλόμενον
1268 1645 1366 1692 ἢέπὶ

328 1698 368 1738 τὸ
386 1704 540 1752 κρεῖττον
561 1699 619 1747 ἢ’
604 1702 661 1740 επὶ
681 1701 720 1739 τὸ
737 1707 854 1754 χεῖρον
870 1702 892 1740 f.
924 1702 997 1741 Καὶ
1023 1705 1052 1741 εἷ
1074 1704 1136 1754 μὲν
1156 1704 1215 1742 ἐπι
1232 1704 1272 1742 τὸ
1287 1706 1367 1757 χεῖ-

327 1774 383 1810 ρον
398 1787 408 1805 ,
429 1758 636 1811 κακύνεται,
657 1761 685 1798 εἷ
711 1760 747 1798 δὲ
768 1760 825 1798 ἐπὶ
843 1761 883 1799 τὸ
904 1766 1059 1813 κρεῖττον
1073 1790 1084 1809 ,
1106 1766 1168 1808 τὴν
1190 1761 1304 1814 ἀρχὴν
1323 1757 1364 1810 ἦν

322 1832 443 1856 κακον.

375 1879 389 1897 ⁸
407 1875 603 1927 ἀκροατήν]
621 1877 837 1915 auditorem
858 1891 989 1916 eorum
1010 1879 1077 1928 qui
1105 1878 1152 1915 de
1172 1878 1289 1916 rebus
1308 1879 1366 1916 di—

322 1933 428 1972 vinis
455 1933 651 1973 disserunt
681 1936 864 1974 informat
893 1936 1056 1974 Proclus
1084 1935 1118 1973 Τ
1122 1936 1221 1975 heol.
1257 1936 1365 1974 lib.1

327 2004 409 2042 cap.
432 2005 468 2031 2.
491 1991 587 2030 Vide
603 1993 716 2030 etiam
747 2007 831 2043 quae
850 1994 959 2031 Plato
980 1994 1022 2031 in
1045 1993 1121 2031 fine
1147 1993 1240 2030 libri
1261 1992 1292 2030 V
1319 1994 1366 2030 de

323 2050 417 2100 Rep.
440 2058 476 2087 et
495 2051 692 2102 principio
712 2052 761 2090 Vl
780 2052 952 2103 disputat
968 2052 1016 2090 de
1033 2052 1191 2102 ingenio
1209 2052 1366 2091 studiis-

322 2122 396 2158 que
421 2109 506 2146 veri
534 2110 777 2161 philosophi.
800 2111 910 2148 Adde
930 2111 1135 2149 Alcinoum
1167 2124 1249 2162 cap.
1278 2125 1292 2148 1
1328 2121 1365 2149 et

320 2165 517 2204 Plotinum
541 2167 707 2207 Ennead.
735 2169 803 2207 lib.
827 2169 885 2207 ΙΙΙ
908 2183 992 2220 cap.
1024 2172 1064 2209 3.
1090 2193 1138 2198 —
1163 2173 1178 2198 b
1210 2169 1365 2216 ἀνοήτοις

321 2222 486 2275 δόξαις]“
477 2239 504 2263 1.
525 2238 559 2264 e.
584 2226 737 2265 fabulis.
757 2227 852 2265 Vide
870 2227 966 2265 Plat
984 2228 1054 2265 lib.
1072 2228 1108 2265 ΙΙ
1130 2228 1176 2266 de
1195 2228 1288 2279 Rep.
1313 2250 1365 2258 -—

326 2286 341 2304 ⁰
358 2282 504 2333 ἀγαθους
518 2287 626 2335 εἶναι]
644 2285 805 2324 Proclus
820 2286 958 2326 Theol.
980 2287 1071 2326 Plat.
1089 2287 1157 2325 lib.
1176 2288 1195 2325 Ι
1212 2300 1298 2338 cap.
1317 2301 1359 2326 11

321 2342 338 2377 ὃ
359 2340 387 2378 δ’
402 2345 444 2379 αὖ
468 2343 536 2380 τῶν
555 2344 791 2394 προκειμένων
813 2344 1036 2395 δογμάτων’
1017 2343 1189 2398 ακροατὴς
1210 2347 1285 2389 ταῖς
1302 2345 1364 2396 μὲν

323 2401 460 2445 ἠθικαῖς
486 2402 624 2453 ἀρεταῖς
644 2405 910 2454 κεκοσμημένος
933 2404 1149 2456 ὑποκείσθω,
1172 2405 1231 2443 καὶ
1251 2404 1366 2443 πάντα

322 2459 366 2496 τὰ
389 2462 513 2510 ἀγεννη
531 2462 627 2498 καὶ
609 2462 812 2515 ανάρμοστα
831 2479 891 2510 της
913 2465 1027 2516 ψυχῆς
1042 2464 1218 2514 κινήματα
1238 2465 1287 2502 τῶ
1303 2479 1364 2510 της

326 2518 449 2569 ἀρετ-’ἧς
469 2518 562 2580 λόγῳ
582 2521 868 2572 καταδησάμενος
881 2551 892 2569 ,
914 2522 973 2560 καὶ
992 2522 1077 2574 πρὸς
1095 2522 1130 2561 ἓν
1151 2522 1191 2561 τὸ
1209 2525 1270 2570 τῆς
1284 2538 1365 2575 φρο-

324 2575 454 2623 νήσεως
474 2571 594 2621 εἶδοςε
577 2578 744 2631 αρμόσας.
764 2580 826 2627 Μὴ
848 2584 989 2632 καθαρω
1010 2581 1076 2633 γὰρ
1097 2581 1199 2642 (φησὶ
1217 2582 1363 2632 Σωκρά-

325 2635 407 2688 της)
423 2639 577 2689 καθαρου
601 2637 812 2689 ἐφάπτεσθαι
834 2637 883 2689 μὴ
905 2640 942 2676 οὐ
960 2639 1096 2690 θεμιτὸν
1117 2643 1152 2691 ᾖ.
1174 2639 1234 2677 Cf.
1259 2640 1364 2677 Alci-

776 2823 854 2863 Cap.
883 2824 909 2854 Ι.

324 2913 448 2948 Qualem
480 2915 619 2950 oporteat
637 2920 702 2943 esse
723 2915 910 2951 auditorem,
935 2918 965 2944 et
991 2916 1028 2945 de
1048 2917 1199 2946 communi
1227 2917 1361 2946 notione.

366 3002 431 3040 Qui
463 3001 505 3034 de
537 3002 603 3035 diis
633 3011 799 3036 sermones
825 3005 938 3037 audire
967 3005 1118 3047 cupiunt,
1135 3015 1191 3039 eos
1210 3016 1229 3038 a
1253 3007 1362 3048 pueris

324 3059 451 3092 liberali
481 3060 628 3093 doctrina
652 3061 731 3094 satis
755 3062 899 3094 excultos
915 3071 987 3094 esse
1014 3064 1159 3104 oportet,
1191 3073 1250 3095 nec
1267 3062 1361 3095 vanis
1391 3061 1395 3067 '

321 3117 529 3159 opinionibus
547 3119 759 3160 postmodum
785 3120 872 3152 infici
894 3133 900 3151 ι
923 3122 1040 3153 natura
1066 3122 1167 3154 etiam
1196 3122 1297 3154 bonos
1327 3124 1360 3154 et

321 3176 499 3218 prudentes
515 3185 587 3210 esse
602 3177 696 3210 decet
710 3203 718 3218 ,
733 3181 771 3210 ut
786 3178 883 3211 dictis
907 3188 1003 3212 aures
1020 3180 1200 3220 praebeant,
1218 3181 1358 3221 denique

320 3243 512 3268 communes
527 3236 677 3268 notiones
695 3236 815 3269 habere
833 3237 993 3270 convenit.
1039 3239 1121 3272 Sunt
1138 3241 1248 3272 autem
1267 3249 1357 3273 com-

320 3302 437 3327 munes
454 3294 601 3328 notiones
612 3319 620 3334 ‚
639 3304 721 3336 quas
740 3304 853 3328 omnes
868 3296 1016 3329 homines
1035 3299 1138 3339 rogati
1159 3299 1355 3332 confitebun-

320 3353 388 3393 tur,
407 3353 500 3386 verbi
517 3362 615 3387 causa
634 3354 815 3396 quemlihet
830 3355 929 3388 doum
946 3356 1069 3389 bonum
1087 3365 1179 3397 esse,
1199 3357 1358 3399 impatibi-

1677 387 2249 477 SALLUSTII

1534 571 2016 632 PHILOSOPHI
2062 575 2163 634 DE
2209 577 2376 636 Dus

1644 729 1729 779 ET
1766 730 1999 784 MUNDO
2041 732 2253 784 LIBER.

1832 878 2068 893 —Qoeeffi-

1402 1047 1408 1090 ι
1435 1052 1533 1078 nous
1550 1054 1636 1091 cap.
1659 1055 1694 1080 1.
1714 1062 1766 1071 —
1783 1053 1798 1072 c
1824 1041 1880 1080 ἵνα
1899 1045 2006 1094 ὀρθῶς
2024 1045 2158 1096 προσ.]
2180 1045 2312 1084 deesse
2335 1045 2473 1086 viden-

1433 1106 1495 1136 tur
1514 1099 1555 1136 in
1576 1099 1770 1138 Holstenii
1784 1101 1928 1140 codice.
1955 1124 2010 1132 —
2032 1101 2049 1125 ‘¹
2068 1106 2182 1141 κοιναὶ
2198 1102 2346 1156 ἔννοιαι]
2370 1103 2473 1143 Iam-

1431 1157 1582 1195 blichus
1597 1158 1644 1195 de
1664 1159 1858 1209 mysteriis
1878 1159 1920 1208 1,
1941 1161 1962 1197 3
1979 1161 2192 1214 συνυπάρχει
2207 1163 2309 1212 ἡμῶν
2325 1162 2414 1215 αὐτῇ
2429 1165 2473 1215 τῇ

1431 1214 1536 1252 οὐσία
1550 1217 1572 1261 ἡ
1595 1215 1674 1268 περὶ
1694 1216 1818 1255 θεῶν
1799 1232 1947 1270 εμφυτος
1966 1220 2103 1269 γνῶσις.
2125 1220 2182 1257 De
2201 1204 2473 1259 communibus

1431 1273 1656 1312 notionibus
1696 1275 1776 1315 vid.
1812 1275 1913 1316 Just.
1959 1277 2114 1329 Lipsius
2160 1278 2384 1319 Manuduct.
2425 1280 2474 1318 ad

1429 1330 1550 1372 Stoic.
1589 1333 1686 1384 phil.
1716 1334 1785 1373 lib.
1817 1335 1855 1372 II
1887 1348 1973 1386 cap.
2013 1350 2028 1373 1
2041 1351 2054 1373 ι
2073 1352 2084 1384 ;
2117 1335 2308 1376 Eusebius
2339 1336 2468 1389 Praep.

1430 1390 1577 1441 Evang.
1593 1391 1661 1429 lib.
1682 1392 1717 1429 11
1740 1406 1822 1443 cap.
1845 1394 1889 1440 63
1913 1393 2228 1434 ProclusTheol.
2248 1394 2351 1434 Plat.
2367 1393 2472 1434 lib.1
2497 1389 2516 1405 ²

1429 1462 1513 1499 cap.
1539 1463 1583 1497 17
1601 1458 1639 1487 et
1658 1451 1811 1489 dissert.
1836 1450 1872 1488 ΙΙ
1896 1452 1937 1489 in
1958 1451 2085 1490 libros
2101 1452 2149 1490 de
2174 1451 2269 1504 Rep.
2289 1474 2343 1484 —-
2363 1455 2381 1475 ⁶
2399 1452 2473 1497 Θεὸς

1429 1507 1578 1559 ἀγαθός]
1593 1509 1753 1546 Proclus
1770 1509 1803 1546 T
1805 1509 1905 1549 heol.
1927 1510 2027 1550 Plat.
2043 1510 2113 1551 lib.
2134 1508 2151 1548 I
2171 1525 2254 1564 cap.
2275 1525 2319 1560 ¹7
2336 1513 2472 1564 πρῶτον

1429 1566 1491 1614 μὲν
1526 1565 1615 1610 ἀξιοῖ
1634 1567 1644 1618 (
1656 1569 1673 1604 ὃ
1705 1567 1878 1619 Πλάτων)
1913 1568 2005 1606 κατὰ
2042 1567 2104 1616 τὴν
2137 1569 2364 1622 ἀδιάστροφον
2392 1570 2472 1623 περὶ

1427 1625 1512 1661 θεῶν
1531 1623 1660 1663 ἔννοιαν
1677 1625 1812 1672 καὶτῆς
1836 1626 2048 1677 ἀγαθότητος
2066 1628 2202 1676 αὐτῶν,
2224 1627 2388 1666 ἁπάντων
2408 1628 2471 1678 μὲν

1431 1682 1568 1733 ἀγαθῶν
1587 1682 1708 1727 αὐτοὺς
1728 1684 1900 1737 χορηγοὺς
1923 1685 2128 1735 ἀποφαίνειν
2142 1716 2154 1736 ,
2175 1688 2286 1724 κακοῧ
2310 1685 2348 1724 ’δὲ
2376 1687 2471 1725 οὐδε-

1426 1740 1482 1784 νὸς
1498 1741 1611 1779 οὐδενί
1630 1757 1714 1780 ποτε
1735 1745 1801 1780 τῶν
1815 1741 1921 1781 ὄντων
1944 1743 2082 1788 αἰτίους.
2102 1766 2154 1773 ·-
2170 1743 2183 1768 ¹
2196 1744 2342 1784 scilicet
2360 1760 2470 1795 μετα-

1428 1798 1608 1840 ὅάλλεται.
1626 1802 1701 1850 --)

1862 1915 1948 1966 Κεφ.
1981 1912 2027 1965 β’.

1426 2022 1500 2055 ’Ότι
1523 2023 1540 2053 ὁ
1568 2022 1635 2058 θεὸς
1663 2021 1879 2063 ἁμετάὸλητος
1893 2047 1901 2063 ,
1921 2022 2105 2063 ἀγέννητος,
2139 2021 2255 2061 ἀΐδιος,
2281 2017 2466 2064 ἀσώματος,

1826 2070 1898 2102 οὐδὲ
1917 2070 1949 2102 ἐν
1968 2070 2068 2111 τόπῳ.

1480 2171 1551 2210 Καὶ
1585 2173 1602 2208 ὁ
1637 2170 1700 2222 μὲν
1727 2171 1862 2210 ἀκούων
1893 2170 1983 2210 ἔστω
2008 2174 2180 2214 τοιοῦτος·
2206 2171 2238 2209 οἱ
2273 2170 2310 2208 δὲ
2336 2169 2433 2224 λόγοι
2453 2175 2468 2193 ⁸

1425 2228 1549 2268 τοιοίδε
1565 2230 1801 2281 γενέσθωσαν.
1824 2231 1871 2268 Αἱ
1889 2231 1956 2267 τῶν
1974 2231 2058 2267 θεῶν
2074 2228 2187 2267 οὐσίαι
2205 2227 2283 2266 οὐδὲ
2298 2227 2470 2280 ἐγένοντο·

1428 2287 1493 2338 (τὰ
1521 2287 1587 2342 γὰρ
1614 2287 1668 2327 ἀεὶ
1689 2287 1772 2326 ὄντα
1794 2286 1957 2326 οὐδέποτε
1982 2286 2136 2336 γίνονται
2155 2286 2187 2324 ¹².
2213 2285 2284 2325 Ἀεὶ
2305 2285 2343 2325 δέ
2358 2287 2466 2334 εἶσιν,

1424 2346 1490 2385 ὅσα
1516 2345 1660 2397 δύναμίν
1681 2363 1718 2385 τε
1746 2345 1818 2398 ἔχει
1843 2345 1906 2393 τὴν
1926 2344 2067 2398 πρώτην
2087 2350 2102 2369 ⁰
2123 2343 2183 2383 καὶ
2200 2342 2351 2396 πάσχειν
2371 2342 2467 2382 οὐδὲν

1424 2404 1616 2458 πέφυκεν).
1642 2403 1736 2444 Οὐδὲ
1758 2406 1796 2442 ἐκ
1819 2403 1993 2454 σωμάτων
2015 2402 2081 2443 εἶσί
2095 2419 2103 2428 ·
2128 2403 2188 2442 καὶ
2218 2403 2285 2455 γὰρ
2303 2403 2370 2441 τῶν
2394 2417 2466 2440 σω-

1427 2463 1548 2512 μάτων
1568 2463 1605 2501 αἵ
1625 2463 1786 2513 δυνάμεις
1808 2462 2003 2512 ἀσώματοι.
2026 2462 2119 2502 Οὐδὲ
2139 2460 2236 2515 τόπῳ
2251 2459 2269 2484 ‘¹
2286 2460 2466 2513 περιέχον-

1423 2537 1501 2560 ται·
1522 2521 1694 2573 σωμάτιον
1712 2521 1778 2572 γὰρ
1803 2521 1904 2559 τοῦτό
1920 2535 1971 2571 γε.
1995 2520 2086 2559 Οὐδὲ
2109 2523 2172 2567 τῆς
2195 2518 2337 2572 πρώτης
2353 2518 2465 2562 αἰτίας

1423 2579 1445 2627 ἢ
1461 2579 1621 2627 ἀλλήλων
1639 2579 1866 2632 χωρίζονται,
1878 2579 1996 2630 ὥσπερ
2013 2578 2091 2618 οὐδὲ
2107 2583 2166 2617 νοῦ
2181 2580 2219 2616 αἱ
2236 2577 2372 2625 νοήσεις
2387 2576 2463 2615 οὐδὲ

1424 2639 1538 2691 ψυχῆς
1558 2638 1594 2676 αἳ
1614 2638 1818 2687 ἐπιστῆμαι.

1426 2821 1540 2854 melius
1554 2822 1701 2855 mutatur
1717 2821 1775 2852 aut
1789 2819 1822 2851 in
1840 2819 1933 2860 pejus
1957 2831 1963 2848 :
1982 2818 2011 2850 si
2029 2817 2062 2850 in
2081 2817 2173 2859 pejus
2185 2842 2193 2857 ,
2215 2817 2434 2859 corrumpitur
2452 2831 2458 2848 :

1424 2878 1451 2911 si
1464 2879 1497 2911 in
1509 2878 1643 2918 melius,
1664 2879 1731 2919 jam
1752 2876 1912 2919 principio
1928 2876 1998 2908 erat
2014 2875 2148 2908 malum.

1865 2993 1944 3033 Cap.
1969 2993 2013 3024 Π.

1427 3099 1518 3127 Deum
1544 3095 1762 3125 immutabilem
1791 3101 1870 3125 esse,
1910 3100 1974 3122 non
2001 3093 2197 3128 generatum,
2221 3089 2472 3127 sempiternum„

1579 3150 1807 3185 incorporeum,
1825 3146 1969 3181 nulloque
1983 3145 2049 3174 loco
2073 3142 2294 3173 circumscribi.

1461 3245 1501 3275 Et
1518 3243 1571 3275 hic
1591 3242 1724 3284 quidem
1751 3241 1807 3283 qui
1825 3239 1917 3273 audit
1935 3239 2007 3271 esto
2029 3238 2107 3271 talis
2123 3251 2132 3269 ·.
2153 3245 2316 3269 sermones
2340 3235 2450 3268 autem

1421 3301 1607 3343 hujusmodi
1621 3301 1812 3333 habeantur.
1833 3300 1975 3331 Deorum
1986 3298 2113 3330 naturae
2125 3303 2229 3336 neque
2242 3294 2337 3327 factoe
2349 3294 2427 3325 sunt
2443 3306 2452 3325 ι

1421 3360 1517 3401 (quae
1533 3360 1617 3393 enim
1641 3367 1767 3401 semper
1786 3359 1881 3398 sunt,
1898 3364 2065 3398 nunquam
2082 3354 2176 3387 fiunt.
2223 3355 2354 3394 Semper
2375 3359 2455 3383 vcro
2490 3365 2493 3367 >

320 3410 405 3453 lem,
420 3412 667 3446 immutabilem.
712 3413 937 3455 Quodcunque
961 3414 1049 3447 enim
1065 3417 1226 3449 mutatur.
1241 3418 1300 3448 aut
1323 3415 1358 3449 in
1423 3420 1514 3458 sunt,
1540 3426 1741 3460 quaecunque
1769 3419 1841 3450 tum
1858 3413 2045 3458 priman‘am
2064 3412 2184 3446 habent
2211 3411 2300 3452 vim,
2327 3411 2400 3442 tum
2420 3407 2455 3441 in

1378 3479 1429 3519 30
