2528 3788
297 215 377 255 262

297 301 432 354 ἀνάγκη
459 304 585 350 στῆναι
615 302 674 342 καὶ
695 303 744 354 μὴ
774 304 821 348 εἷς
849 303 989 360 ἄπειρον
1016 307 1128 348 ἰέναι·
1155 312 1184 350 εἰ
1212 311 1281 366 γὰρ
1307 315 1330 361 ἡ

296 360 468 414 βακτηρία
501 367 587 400 κινεῖ
612 364 663 415 τῷ
691 366 857 404 κινεῖσθαι
880 365 947 404 ὑπὸ
972 369 1038 415 τῆς
1055 369 1183 422 χειρός,
1208 374 1229 418 ἡ
1251 371 1330 426 χεὶρ

293 423 380 460 κινεῖ
397 419 458 468 τὴν
478 421 689 474 βακτηρίαν·
711 424 741 461 εἷ
760 423 796 462 δὲ
821 423 880 464 καὶ
900 425 1030 474 ταύτην
1051 429 1137 468 ἄλλο
1152 431 1251 479 κινεῖ,
1270 431 1330 471 καὶ

291 479 421 528 ταύτην
448 479 564 533 ἕτερόν
586 497 618 519 τι
636 481 675 521 τὸ
695 487 823 523 κινοῦν.
882 483 997 525 ’Ὀταν
1025 487 1068 534 δή
1094 504 1160 527 τινι
1180 492 1256 540 κινῇ
1277 489 1329 529 ἀεὶ

290 540 421 592 ἕτερον,
450 540 586 592 ἀνάγκη
608 534 697 580 εἶναι
717 540 883 595 πρότερον
908 543 947 582 τὸ
968 544 1051 584 αὐτὸ
1078 549 1171 600 αὑτῷ
1197 552 1326 590 κινοῦν.

289 601 334 640 Εἰ
355 594 412 639 οῦν
428 602 574 639 κινεῖται
590 600 652 651 μὲν
667 605 788 650 τοῦτο,
806 601 855 653 μὴ
875 601 961 643 ἄλλο
978 603 1014 642 δὲ
1035 603 1074 644 τὸ
1099 611 1211 646 κινοῦν
1227 608 1325 657 αὐτό,

289 659 424 712 ἀνάγκη
457 660 541 699 αὐτὸ
562 659 645 699 αὑτὸ
665 661 790 700 κινεῖν·
805 660 897 701 ὥστε
923 662 983 702 καὶ
1006 665 1097 705 κατὰ
1121 670 1239 706 τοῦτον
1269 668 1326 707 τὸν

286 717 385 769 λόγον
401 717 478 766 ἤτοι
498 717 594 763 εὐθὺς
614 718 653 757 τὸ
672 719 872 772 κινούμενον
899 721 965 761 ὑπὸ
979 726 1039 761 τοῦ
1057 724 1143 764 αὑτὸ
1155 730 1326 772 κινοῦντος

285 782 430 816 κινεῖται
450 777 472 824 ἢ
495 777 637 831 ἔρχεταί
658 794 741 818 ποτε
758 780 804 824 εἷς
818 779 856 818 τὸ
871 784 1039 822 τοιοῦτον.

338 837 595 888 (Aristoteles
616 838 731 889 Phys.
750 839 820 879 lib.
840 839 928 880 VlII
947 855 1031 893 cap.
1051 842 1072 880 5
1092 857 1134 895 p.
1162 845 1253 886 256.
1286 860 1322 886 a.

284 909 330 933 21
351 896 410 934 ed.
437 896 597 936 Bekker.
623 897 847 949 Simplicius
875 899 943 939 fol.
969 902 1059 946 282..
1080 901 1122 943 b.
1145 902 1198 942 ὅτι
1221 904 1286 954 μὲν
1307 907 1324 943 ὁ

282 952 383 998 αὖτός
402 955 473 993 ἐστι
492 953 591 1007 λόγος
610 950 704 1000 οὗτος
723 958 771 1008 τῷ
798 957 864 1010 πρὸ
884 959 989 998 αὐτοῦ
1009 959 1069 998 καὶ
1087 961 1188 1006 αὐτὸς
1207 963 1320 1015 λέγει·

282 1011 440 1066 διαφέρει
459 1013 510 1061 δέ,
533 1014 638 1068 φησὶν
658 1017 676 1053 ὃ
702 1015 936 1070 Ἀλέξανδρος,
955 1021 997 1071 τῇ
1019 1019 1150 1072 ἐφόδῳ,
1171 1020 1221 1059 ὅτι
1253 1024 1326 1061 ἐκεῖ

282 1071 344 1122 μὲν
365 1074 387 1119 ἡ
407 1072 501 1126 ἀρχὴ
523 1076 585 1121 τῆς
604 1074 739 1120 δείξεως
766 1075 836 1114 ἀπὸ
855 1080 915 1115 τοῦ
935 1077 973 1116 τὸ
994 1078 1193 1130 κινούμενον
1211 1080 1233 1128 ἢ
1258 1081 1323 1121 ὑπὸ

280 1131 375 1184 αὑτῷ
394 1135 568 1177 κινοῦντος
588 1134 793 1182 κινεῖσθαιῆ
811 1135 876 1187 οὐχ
898 1138 1005 1188 αὑτῷ,
1021 1138 1101 1176 ἀλλ’
1122 1139 1182 1177 ὑπ’
1197 1140 1321 1179 ἄλλου·

280 1190 428 1230 ἐνταῦθα
450 1190 487 1229 δὲ
509 1192 578 1232 ἀπὸ
599 1197 659 1232 τοῦ
681 1198 854 1238 κινοῦντος
874 1197 895 1242 ἡ
921 1194 1024 1241 δεῖξις
1044 1198 1140 1250 αὐτῷ
1159 1198 1317 1249 πρόεισι.

277 1249 464 1300 Λαμὸάνει
484 1250 552 1304 γὰρ
569 1258 639 1291 πᾶν
654 1252 693 1291 τὸ
715 1257 830 1292 κινοῦν
846 1253 966 1308 ὥσπερ
979 1271 1013 1293 τι
1029 1261 1137 1294 κινεῖ·
1154 1256 1320 1296 ἀδύνατον

276 1309 343 1361 γάρ
362 1326 396 1349 τι
416 1316 522 1350 κινεῖν
558 1312 636 1363 μέν,
661 1312 771 1361 μηδὲν
810 1312 846 1352 δὲ
880 1320 986 1353 κινεῖν
1004 1344 1015 1365 ,
1037 1313 1129 1353 οὕτω
1152 1315 1213 1354 καί
1251 1331 1320 1355 τινι

276 1372 397 1409 κινεῖν.
457 1370 607 1418 Μήποτε
632 1371 668 1410 δὲ
694 1373 732 1410 οὖ
756 1372 865 1425 ταύτῃ
887 1373 1126 1425 διενηνόχασιν
1147 1376 1177 1413 οἳ
1203 1375 1319 1427 λόγοι·

276 1429 336 1468 καὶ
351 1429 417 1482 γὰρ
441 1429 538 1469 καὶὸ
566 1431 634 1479 ἤδη
658 1433 771 1485 ῥηθεὶς
792 1432 860 1470 ἀπὸ
880 1436 941 1471 τοῦ
973 1437 1150 1478 κινοῦντος
1179 1437 1319 1489 ἐπεχει-

278 1487 365 1538 ρήθη
389 1487 498 1538 λέγων
512 1503 519 1512 ·
540 1488 563 1536 ἢ
584 1489 651 1541 γὰρ
680 1492 717 1528 οὐ
738 1491 783 1528 δι’
811 1490 914 1529 ἑαυτὸ
934 1490 973 1530 τὸ
1009 1495 1142 1540 κινοῦν,
1162 1495 1252 1532 ἀλλὰ
1274 1497 1318 1534 δι’

275 1546 392 1599 ἕτερον
415 1545 433 1584 ὃ
453 1552 542 1585 κινεῖ
561 1546 599 1585 τὸ
619 1551 734 1586 κινοῦν
749 1578 759 1596 ,
781 1547 861 1596 ἢδι’
876 1549 999 1588 ἑαυτό·
1019 1551 1098 1589 ἁλλ’
1118 1546 1141 1604 ᾗ
1163 1553 1317 1607 διαφέρει

273 1605 312 1644 τὸ
336 1605 381 1644 δι’
403 1605 506 1645 ἑαυτὸ
527 1607 634 1645 κινεῖν
651 1610 709 1646 τοῦ
726 1610 841 1661 ἑαυτῷ
861 1614 984 1658 κινεῖν,
999 1610 1058 1648 καὶ
1076 1610 1117 1650 τὸ
1137 1611 1183 1650 δι’
1203 1611 1317 1666 ἕτερον

272 1669 333 1704 τοῦ
358 1666 471 1719 ἄλλῳ,
495 1666 605 1720 ταύτῃ
628 1667 868 1720 διενηνόχασιν
892 1670 922 1708 οἳ
944 1668 1064 1720 λόγοι·
1092 1671 1247 1726 διαφέρει
1280 1673 1316 1712 δὲ

271 1729 383 1764 ταῦτα
409 1727 460 1778 τῷ
480 1725 602 1777 τὸμὲν
630 1726 674 1765 δι’
699 1726 802 1765 ἑαυτὸ
835 1731 949 1766 κινοῦν
978 1729 1025 1773 ὡς
1053 1730 1088 1767 ἐν
1121 1732 1215 1783 αὑτῷ
1253 1730 1314 1777 τὴν

271 1785 385 1837 ἀρχὴν
407 1789 469 1832 τῆς
502 1785 672 1833 κινήσεως
703 1784 785 1838 ἔχον
815 1787 920 1826 κινεῖν
934 1816 945 1835 ,
966 1786 1006 1825 τὸ
1025 1787 1062 1826 δὲ
1083 1790 1179 1840 αὑτῷ
1199 1793 1314 1829 κινοῦν

270 1845 316 1887 ὡς
329 1847 508 1896 προσεχῶς
523 1845 760 1898 ἐφαπτόμενον
777 1849 837 1884 τοῦ
846 1845 1048 1896 κινουμένου
1066 1846 1105 1885 τὸ
1127 1849 1189 1894 τὴν
1202 1848 1314 1901 ἀρχὴν

272 1905 334 1949 τ’ἧς
348 1903 520 1950 κινήσεως
542 1907 576 1943 ἐν
598 1905 695 1956 αὑτῷ
710 1903 804 1956 ἔχον.
865 1907 980 1944 Τοῦτο
1000 1904 1068 1958 γὰρ
1095 1907 1259 1958 σημαίνει
1275 1907 1314 1946 τὸ

274 1960 376 2013 ῥηθὲν
399 1962 460 2000 ὑπ’
492 1964 613 2001 αὐτοῦ·
644 1958 712 2002 οἷον
735 1962 914 2014 ἅνθρωπος
942 1963 963 2011 ἢ
993 1965 1094 2009 αὐτὸς
1122 1965 1145 2012 ἢ
1177 1969 1220 2019 τῇ
1244 1969 1314 2019 βα-

272 2020 411 2074 κτηρίᾳ,
433 2020 493 2058 καὶ
521 2024 538 2060 ὁ
560 2021 686 2071 ἄνεμος
705 2021 934 2069 κατέὸαλενῆ
961 2023 1062 2067 αὐτὸς
1081 2022 1136 2071 ἢὸ
1158 2023 1249 2068 λίθος
1277 2025 1314 2064 ὃν

269 2079 389 2120 ἔωσεν.
445 2077 585 2133 σΩσπερ
611 2075 670 2119 οῧν
702 2081 869 2134 πρότερον
898 2081 938 2120 τὸ
976 2082 1019 2120 δι’
1039 2082 1173 2135 ἕτερον
1194 2088 1311 2123 κινοῦν

268 2138 442 2190 ἀνήγαγεν
458 2140 505 2183 εἷς
520 2139 559 2178 τὸ
580 2139 624 2177 δι’
640 2139 742 2178 ἑαυτὸ
764 2143 880 2179 κινοῦν
898 2139 958 2178 καὶ
981 2140 1120 2189 ἔδειξεν,
1137 2141 1192 2181 ὅτι
1212 2142 1270 2181 ἐὰν
1289 2138 1312 2194 ᾗ

266 2197 306 2236 τὸ
329 2198 371 2236 δι’
403 2199 519 2251 ἕτερον
553 2202 668 2237 κινοῦν
684 2229 695 2249 ,
734 2199 869 2250 ἀνάγκη
905 2199 944 2238 τὸ
980 2200 1028 2238 δι’
1060 2201 1163 2240 ἑαυτὸ
1198 2205 1311 2240 κινοῦν

266 2258 520 2312 προϋπάρχειν,
539 2257 629 2296 οὕτω
649 2257 687 2297 τὸ
708 2252 735 2311 ᾧ
761 2264 849 2297 κινεῖ
870 2258 908 2297 τὸ
928 2263 1044 2298 κινοῦν
1068 2259 1173 2311 μέσον
1195 2260 1231 2300 ὂν
1251 2265 1312 2300 τοῦ

266 2332 303 2354 τε
317 2318 459 2369 πρώτου
474 2320 647 2363 κινοῦντος
664 2317 722 2357 καὶ
738 2321 798 2356 τοῦ
812 2318 962 2371 ἐσχάτου
974 2320 1177 2370 κινουμένου
1193 2320 1312 2373 ἀνάγει

266 2378 314 2421 εἷς
332 2376 372 2415 τὸ
389 2379 483 2430 αὑτῷ
507 2381 638 2428 κινοῦν,
665 2376 726 2415 καὶ
752 2376 922 2417 δείκνυσιν
940 2376 993 2416 ὅτι
1019 2377 1101 2416 ὅταν
1131 2378 1199 2417 τινὶ
1230 2385 1309 2435 κινῇ

267 2436 321 2474 ἀεὶ
338 2436 465 2489 ἕτερον,
489 2436 625 2488 ἀνάγκη
643 2431 730 2475 εἶναι
754 2436 923 2489 πρότερον
943 2436 982 2475 τὸ
1010 2438 1095 2477 αὐτὸ
1120 2440 1234 2493 ἑαυτῷ
1254 2456 1309 2479 κι-

265 2499 344 2534 νοῦν
359 2526 370 2545 ,
390 2495 408 2534 δ
429 2496 488 2535 καὶ
505 2495 567 2543 τὴν
587 2496 701 2549 ἀρχὴν
718 2497 752 2535 ἓν
771 2498 886 2550 ἑαυτῷ
901 2500 963 2544 τῆς
980 2497 1148 2545 κινήσεως
1162 2498 1236 2552 ἔχει
1250 2501 1310 2541 καὶ

266 2554 437 2608 προσεχές
458 2557 532 2593 ἐστι
554 2558 603 2608 τῷ
637 2555 831 2609 κινουμένῳ
863 2556 923 2594 καὶ
943 2557 981 2594 οὔ
1007 2556 1052 2594 δι’
1086 2557 1193 2596 ἄλλου
1226 2559 1310 2599 αὑτὸ

263 2619 365 2653 κινεῖ.
425 2613 518 2657 Τοὺς
534 2613 595 2665 μὲν
612 2608 668 2653 οῦν
683 2614 804 2665 λόγους
819 2614 941 2664 οὕτως,
954 2608 1064 2667 οἶμαι,
1088 2617 1156 2669 χρὴ
1176 2619 1309 2672 διακρί-

263 2688 331 2712 νειν
358 2678 417 2712 τοῦ
437 2673 604 2724 Εὐδήμου
633 2674 692 2730 καὶ
713 2673 926 2728 συνάψαντος
951 2673 1076 2719 αὐτοὺς
1101 2677 1134 2713 ἐν
1158 2669 1207 2720 οἷς
1223 2693 1308 2729 φησι

268 2749 289 2770 ιι
309 2732 348 2771 τὸ
368 2733 411 2779 δὴ
434 2737 548 2771 κινοῦν
568 2732 590 2779 ἢ
612 2733 656 2771 δι’
679 2733 762 2772 αὑτὸ
778 2740 868 2773 κινεῖ
886 2733 908 2781 ἢ
927 2734 972 2772 δι’
999 2734 1098 2783 ἄλλο,
1119 2734 1178 2773 καὶ
1195 2737 1308 2790 ἐαυτῷ

263 2791 286 2840 ἢ
309 2792 420 2845 ἄλλῳ.
450 2809 465 2826 υ
522 2792 753 2832 Aristoteles
784 2803 992 2846 postquam
1028 2796 1182 2844 omnia,
1221 2810 1307 2847 quae

262 2860 486 2899 moventur,
509 2853 556 2888 ab
577 2852 709 2902 aliquo
724 2853 861 2901 agitari
883 2853 977 2905 (ὑπό
1000 2854 1089 2898 τινός
1117 2855 1305 2909 κινεῖσθαι)

261 2910 409 2958 docuit,
432 2918 559 2948 motus
584 2910 825 2961 principium
856 2912 904 2950 ab
938 2925 983 2950 eo
1005 2912 1112 2951 ducit
1129 2914 1234 2964 quod
1267 2928 1307 2953 se

260 2970 390 3021 ipsum
405 2978 643 3008 commoveat
665 2970 747 3007 sive
764 2971 866 3020 qnod
888 2985 957 3009 suo
979 2981 1086 3010 motu
1105 2974 1249 3011 cieatur
1271 2983 1307 3012 et

262 3037 397 3078 agatur
416 3028 497 3081 (ὑφ’
518 3030 625 3066 αὑτοῦ
645 3027 886 3080 κινούμενον).
945 3029 1099 3081 Quippe
1124 3031 1167 3070 in
1188 3030 1306 3071 rebus

262 3089 429 3137 cunctis,
454 3102 540 3140 quae
567 3088 695 3126 alieno
715 3089 831 3139 pulsu
854 3089 1048 3138 agitentur
1070 3090 1126 3140 (ἐν
1155 3095 1225 3133 τοῖς
1247 3091 1305 3128 ὑπ’

263 3148 371 3187 ἄλλου
396 3147 633 3198 κινουμένοις)
663 3147 716 3184 ait
745 3148 896 3198 requiri
925 3148 1087 3199 aliquod
1123 3151 1305 3188 movendi

259 3207 515 3260 principium,
533 3206 638 3258 quod
659 3219 727 3245 sua
748 3215 898 3257 sponte,
921 3219 998 3245 non
1018 3208 1143 3246 aliena
1166 3208 1207 3247 vi
1232 3222 1302 3247 ex—

270 3310 294 3321 ιι·

304 3374 355 3405 78.
375 3370 462 3403 Fieri
481 3370 583 3411 igitur
609 3369 740 3413 nequit,
759 3370 798 3401 ut
819 3368 855 3401 id
877 3368 967 3410 quod
991 3370 1084 3401 motu
1101 3378 1160 3402 suo
1182 3369 1300 3409 cietur,

263 3440 299 3463 se
320 3432 428 3462 totum
451 3429 583 3471 penitus
604 3430 746 3461 moveat.
777 3429 887 3460 Unum
920 3427 1007 3459 enim
1038 3429 1071 3459 et
1095 3427 1305 3460 individuum

263 3489 371 3532 specie
385 3489 511 3523 feretur
527 3490 636 3522 totum
656 3487 837 3529 eademque
864 3486 987 3524 latione
1005 3485 1110 3525 feret,
1130 3487 1163 3519 ct
1192 3486 1304 3519 varia-

971 219 1167 263 EUDEMI
1194 223 1371 268 RHODII
1402 226 1756 270 PERIPATETICI

1391 315 1580 356 trinsecus
1607 318 1795 358 excitetur
1822 318 1981 373 (ἀνάγκη
2003 338 2036 361 τι
2061 315 2150 363 εἶναι
2174 328 2288 365 κινοῦν
2313 325 2333 366 ὃ
2355 328 2433 383 οὗῇ

1389 375 1450 412 ὑπ’
1479 374 1585 415 ἄλλου
1622 377 1796 430 πρῶτον),
1831 391 1956 430 neque
1993 382 2118 421 media
2143 384 2185 422 in
2221 385 2434 426 infinitum*

1389 432 1399 485 (
1411 434 1458 478 εἰς
1479 433 1640 488 ἄπειρον)
1659 437 1859 491 ρτοςνοάἱ,
1879 437 1972 488 quia
1998 439 2239 481 infinitorum
2267 444 2430 484 nulluw

1388 492 1439 531 sit
1459 493 1615 532 initium
1645 496 1734 545 (τῶν
1763 495 1914 548 ἀπείρων
1943 499 2079 550 πρῶτον
2095 500 2124 550 ).
2158 499 2422 547 Quamobrem

1388 551 1571 591 movendi
1590 554 1675 592 fons
1704 554 1866 607 (πρῶτον
1897 557 2032 608 κινοῦν)
2054 557 2219 607 agitatur
2246 561 2421 612 quidem,

1388 611 1453 649 sed
1486 624 1567 651 non
1603 612 1863 663 aliunde({›-1t'
1885 613 2037 667 ἄλλου),
2058 629 2192 654 verum
2219 631 2242 656 a
2270 620 2348 671 se(
2362 619 2423 672 ὑφ’

1387 671 1530 723 αὑτοῦ).
1555 671 1664 710 Idem
1695 681 1931 724 praeceptum
1969 682 2006 712 et
2037 674 2132 713 alibi
2167 676 2423 728 philosophus

1386 728 1473 767 aliis
1493 728 1640 778 verbis,
1666 743 1742 767 non
1765 731 1841 769 alia
1859 731 2009 770 ratione
2025 732 2102 772 dat.
2121 732 2255 786 Itaque
2269 746 2348 774 non
2363 744 2423 777 est

1386 787 1490 837 quod
1519 802 1605 826 cum
1646 789 1868 828 Alexandro
1903 798 1940 828 et
1971 790 2174 843 Simplicio
2206 793 2420 836 verborum

1385 846 1594 886 discrimen
1615 847 1820 898 fingamus,
1838 850 1941 900 quod
1963 850 2046 902 ipse
2062 851 2284 891 Aristoteles
2301 852 2423 894 haud-

1385 919 1577 956 quaquam
1599 907 1699 947 fecit.
1756 908 1928 960 Namque
1961 918 2004 948 ut
2028 910 2188 950 eandem
2215 911 2418 952 notionem

1384 964 1525 1003 habent
1553 967 1609 1018 ὑφ’
1621 968 1741 1014 αὑτοῦ,
1764 965 1808 1005 δι’
1831 967 1914 1006 αὑτό
1941 977 1978 1007 et
2006 972 2101 1023 αὑτῷ
2134 973 2302 1010 κινεῖσθαι
2333 985 2344 1012 :
2367 973 2423 1012 ita

1383 1023 1543 1061 eandem
1563 1023 1644 1062 vim
1671 1024 1812 1063 babere
1832 1024 1889 1064 ὑπ’
1910 1026 2031 1078 ἄλλου,
2064 1027 2105 1066 δι’
2134 1026 2248 1081 ἕτερον
2271 1037 2309 1068 et
2323 1028 2421 1084 ἄλλῳ

1382 1086 1550 1121 κινεῖσθαι
1571 1092 1746 1135 apertum
1760 1092 1828 1123 est.
1848 1085 2008 1124 Accedit
2025 1086 2130 1138 quod
2144 1086 2346 1137 Stagirites
2373 1089 2416 1127 in
2432 1084 2435 1085 ⁷

1382 1142 1512 1179 eadem
1529 1142 1876 1193 comprehensione
1893 1145 2020 1183 variat
2033 1146 2242 1185 dictionem
2262 1151 2304 1198 p.
2323 1147 2417 1196 267.

1380 1199 1422 1240 b.
1443 1201 1489 1238 18
1505 1201 1610 1252 διχῶς
1627 1202 1693 1253 γὰρ
1711 1195 1753 1248 ἦν
1770 1206 1875 1240 κινεῖν
1889 1231 1900 1250 ,
1915 1202 1954 1241 τὸ
1972 1203 2033 1254 μὲν
2049 1202 2112 1242 ὑπ’
2129 1203 2236 1244 ἄλλου
2258 1206 2419 1256 κινούμε·

1381 1273 1436 1296 νον
1454 1258 1552 1306 αὐτό,
1573 1258 1612 1297 τὸ
1630 1258 1659 1297 δ’
1672 1261 1782 1313 αὑτῷ.
1802 1259 1889 1299 Non
1905 1261 2121 1300 audiendus
2149 1263 2271 1312 igitur
2287 1262 2419 1303 Eude-

1381 1331 1479 1367 mus,
1511 1318 1580 1369 qui
1611 1318 1686 1356 hoc
1716 1327 1754 1356 et
1783 1320 1959 1370 sequenti
1995 1320 2081 1358 loco
2103 1328 2183 1358 tum
2206 1319 2252 1358 δι’
2277 1320 2421 1360 αὓτόκοτ

1381 1378 1494 1429 ἑαυτῷ
1509 1405 1520 1425 ,
1538 1385 1618 1415 tum
1634 1376 1678 1415 δι’
1695 1377 1780 1415 ἄλλο
1800 1386 1839 1416 et
1860 1378 1958 1431 ἄλλῳ
1979 1379 2212 1429 distinguit,
2234 1393 2321 1431 quae
2335 1383 2425 1420 non·

1379 1436 1421 1474 in
1447 1449 1590 1485 rerum,
1612 1436 1681 1475 sed
1707 1437 1749 1475 in
1779 1437 1863 1476 sola
1882 1437 2093 1477 verborum
2114 1440 2298 1478 varietate
2329 1452 2419 1480 ver-

1379 1503 1527 1534 santur.
1546 1495 1560 1544 )
2364 1518 2366 1520 ·

1430 1567 1480 1593 78.
1510 1552 1694 1593 Ἀδύνατον
1724 1554 1766 1602 δὴ
1795 1554 1834 1594 τὸ
1862 1556 1945 1595 αὒτὸ
1966 1555 2050 1595 αὑτὸ
2068 1559 2182 1595 κινοῦν
2207 1557 2322 1605 πάντη
2355 1556 2419 1597 κι-ἑι

1377 1618 1445 1651 νεῖν
1468 1612 1550 1651 αὐτὸ
1574 1613 1677 1652 ἑαυτό
1686 1614 1702 1638 ·’
1720 1615 1856 1667 φέροιτο
1879 1615 1945 1668 γὰρ
1975 1614 2016 1654 ἂν
2046 1615 2123 1654 ὅλον
2150 1615 2210 1655 καὶ
2238 1618 2336 1670 φέροι
2354 1617 2418 1665 τὴν

1378 1670 1487 1719 αὐτὴν
1509 1671 1629 1724 φοράν,
1648 1671 1682 1711 ἓν
1699 1672 1735 1711 ὂν
1754 1674 1811 1712 καὶ
1835 1673 1962 1725 ἄτομον
1979 1677 2028 1727 τῷ
2049 1676 2144 1723 εἴδει,
2164 1677 2225 1714 καὶ
2245 1676 2417 1716 ἀλλοιοῖτο

1378 1729 1437 1768 καὶ
1472 1731 1616 1780 ἀλλοιοῖ,
1638 1729 1729 1769 ὥστε
1764 1732 1919 1771 διδάσκοι
1952 1732 1993 1771 ἂν
2021 1733 2080 1771 καὶ
2103 1733 2300 1774 διδάσκοιτο
2324 1734 2414 1787 ἅμα,

1378 1788 1438 1827 καὶ
1457 1789 1590 1840 ὖγιάζοι
1610 1788 1670 1827 καὶ
1687 1792 1861 1839 ὑγιάζοιτο
1880 1790 1942 1837 τὴν
1966 1789 2073 1838 αὐτὴν
2093 1791 2239 1842 ὑγίειαν.

1433 1847 1674 1901 (Aristoteles
1690 1849 1807 1900 Phys.
1824 1849 1894 1888 lib.
1909 1849 1998 1889 VIII
2014 1863 2099 1902 cap.
2121 1850 2141 1887 5
2163 1864 2202 1902 p.
2219 1851 2311 1900 257.
2331 1850 2373 1889 b.
2388 1866 2419 1890 2-

1375 1907 1436 1948 ed.
1462 1908 1620 1946 Bekker.
1642 1907 1866 1959 Simplicius
1891 1909 1956 1950 fol.
1981 1910 2074 1948 286.
2104 1909 2146 1948 b.
2175 1910 2238 1960 (cf.
2267 1909 2413 1950 Scholl.

1375 1966 1415 2003 in
1450 1965 1605 2004 Aristot.
1639 1979 1678 2017 p.
1705 1967 1795 2016 435,
1824 1981 1858 2006 a.
1891 1967 1954 2006 ed.
1986 1966 2179 2019 Brandis.)
2212 1970 2231 2006 ὃ
2263 1967 2326 2019 μὲν
2354 1963 2413 2008 οὖν

1376 2023 1540 2075 Εὔδημος
1560 2025 1814 2077 προϊστορήσας
1833 2025 1872 2064 τὸ
1892 2025 1975 2064 αὑτὸ
2006 2029 2121 2064 κινοῦν
2155 2029 2200 2071 ὡς
2222 2026 2290 2066 ὕπὸ
2311 2027 2414 2068 HM·

1374 2099 1478 2127 τωνος
1498 2082 1645 2131 διεδόθη,
1666 2084 1793 2136 διαιρεῖ
1810 2086 1946 2137 πρῶτον
1965 2083 2043 2128 τοὺς
2061 2083 2224 2138 τρόπους,
2245 2085 2329 2125 καθ’
2351 2085 2414 2132 οὓς

1374 2141 1552 2195 ἐνδέχεταί
1586 2157 1620 2179 τι
1653 2141 1877 2189 αὖτοκίνητον
1917 2141 2077 2193 λέγεσθαι
2108 2143 2252 2197 γράφων
2285 2143 2413 2190 οὕτως·

1374 2218 1390 2236 «
1411 2201 1489 2249 ἤτοι
1501 2200 1568 2254 γὰρ
1583 2200 1660 2239 ὅλον
1675 2200 1754 2240 ὅλον
1769 2206 1871 2252 κινεῖ,
1886 2199 1908 2248 ἢ
1928 2201 2030 2255 μέρος
2043 2202 2138 2251 ὅλον,
2151 2202 2173 2250 ἢ
2189 2202 2374 2252 ἀνάπαλιν,
2386 2203 2413 2251 ἢ

1375 2261 1477 2314 μέρος
1504 2259 1618 2314 μέρος.
1635 2262 1753 2300 Κινεῖν
1770 2261 1805 2299 δὲ
1817 2261 1965 2313 λέγομεν
1979 2260 2124 2314 πρώτως
2139 2262 2179 2301 τὸ
2196 2265 2289 2314 αὑτῷ
2305 2262 2411 2303 κινεῖν

1372 2323 1410 2360 οὔ
1431 2320 1470 2359 τὸ
1493 2319 1613 2373 ἑτέρῳ,
1635 2319 1695 2359 καὶ
1721 2320 1760 2359 τὸ
1789 2321 1833 2359 δι’
1855 2320 1938 2359 αὑτὸ
1958 2321 2018 2360 καὶ
2047 2323 2084 2361 οὗ
2107 2323 2150 2360 δι’
2172 2321 2272 2376 ἄλλο,
2292 2338 2308 2358 ν
2339 2321 2411 2362 Καὶ

1372 2379 1462 2418 οὕτω
1488 2378 1565 2424 τοὺς
1587 2381 1678 2431 τρεῖς
1697 2379 1843 2432 τρόπους
1871 2379 1948 2418 καθ’
1979 2379 2126 2420 ἕκαστον
2148 2379 2278 2420 ἀνελὼν
2303 2380 2410 2430 μόνον

1373 2438 1542 2477 δείκνυσιν
1564 2438 1790 2486 αὐτοκίνητον
1820 2438 2008 2487 δυνάμενον
2033 2431 2121 2478 εἶναι
2151 2439 2190 2478 τὸ
2213 2438 2312 2491 μέρει
2344 2438 2408 2490 μὲν

1372 2502 1503 2547 κινοῦν,
1536 2496 1633 2549 μέρει
1658 2496 1693 2535 δὲ
1723 2496 1941 2547 κινούμενον,
1972 2497 2032 2535 καὶ
2054 2496 2174 2537 τούτου
2201 2497 2241 2536 τὸ
2266 2497 2346 2550 ἔχον
2372 2500 2409 2537 ἐν

1373 2560 1467 2610 αὑτῷ
1486 2556 1526 2595 τὸ
1548 2556 1610 2607 μέν
1640 2573 1674 2595 τι
1701 2560 1829 2604 κινοῦν,
1852 2555 2013 2604 ἀκίνητον
2034 2555 2070 2595 ὂν
2094 2558 2172 2595 καθ’
2193 2557 2290 2604 αὑτό,
2312 2556 2353 2596 τὸ
2371 2555 2408 2596 δὲ
2458 2605 2466 2610 ·

1370 2616 1584 2667 κινούμενον.
1605 2614 1650 2654 Ὁ
1677 2614 1713 2654 δὲ
1733 2615 1973 2667 Ἀριστοτέλης
1999 2617 2035 2654 οὐ
2064 2614 2240 2668 προέλαὸε
2259 2614 2322 2666 μὲν
2342 2615 2406 2663 τὴν

1370 2674 1535 2727 διαίρεσιν
1563 2673 1708 2723 ταύτην,
1747 2674 1922 2727 προελθὼν
1956 2673 1992 2712 δὲ
2020 2673 2153 2721 τίθησιν
2185 2674 2292 2720 αὐτὴν
2325 2689 2406 2712 συν-

1371 2734 1486 2785 τόμως
1514 2733 1596 2772 ὅταν
1618 2733 1703 2786 λέγῃ
1725 2751 1740 2768 «
1762 2733 1800 2771 τὸ
1820 2732 1886 2785 γὰρ
1915 2733 1993 2772 ὅλον
2020 2734 2049 2771 εἷ
2076 2738 2223 2771 κινεῖται
2243 2732 2327 2772 αὗτὸ
2347 2734 2406 2786 ὖφ’

1369 2797 1508 2843 ἑαυτοῦ,
1541 2793 1617 2842 ἤτοι
1645 2793 1712 2832 ὑπὸ
1739 2795 1808 2832 τῶν
1839 2794 1942 2832 αὐτοῦ
1962 2807 2052 2836 τινος
2081 2792 2261 2838 κινήσεται
2281 2791 2304 2839 ἢ
2325 2791 2404 2831 ὅλον

1367 2855 1434 2893 ὑπὸ
1451 2853 1545 2893 ὅλου.
1571 2870 1587 2888 1>
1605 2855 1679 2893 Νῦν
1695 2852 1729 2890 δὲ
1747 2851 1846 2896 εὐθὺς
1863 2850 1925 2891 ἕνα
1941 2851 2087 2890 ἕκαστον
2105 2851 2405 2904 προχειριζόμενος

1367 2915 1436 2952 τῶν
1461 2913 1599 2965 τρόπων
1623 2911 1667 2950 τὰ
1691 2910 1846 2961 ἑπόμενα
1865 2910 1980 2949 ἄτοπα
2001 2910 2152 2949 δείκνυσι
2177 2909 2237 2949 καὶ
2264 2911 2403 2963 πρῶτον

1365 2973 1404 3012 τὸ
1432 2973 1471 3011 τὸ
1500 2973 1577 3011 ὅλον
1609 2971 1663 3023 ὑφ’
1684 2970 1764 3009 ὅλου
1784 2972 1907 3008 ἑαυτοῦ
1934 2972 2103 3008 κινεῖσθαι
2123 2969 2179 3008 διὰ
2200 2969 2400 3022 παραδειγ-

1368 3031 1487 3082 μάτων
1507 3033 1726 3084 ἀπεμφαῖνον
1749 3027 1876 3075 δείξας,
1900 3026 2021 3080 ἐφεξῆς
2041 3027 2094 3066 ὅτι
2121 3027 2288 3068 ἀδύνατόν
2309 3029 2402 3066 ἐστιν

1366 3089 1588 3137 ἐπιδείκνυσι,
1602 3087 1646 3127 τὰ
1661 3087 1696 3126 δὲ
1709 3085 2000 3138 παραδείγματα·
2017 3086 2114 3139 φέροι
2131 3085 2199 3138 γὰρ
2213 3085 2267 3134 ἄν,
2283 3085 2400 3138 φησίν,

1365 3147 1443 3188 ὅλον
1472 3148 1532 3187 καὶ
1553 3148 1690 3202 φέροιτο
1707 3145 1770 3193 τὴν
1794 3144 1900 3193 αὐτὴν
1918 3145 2042 3198 φοράν,
2064 3145 2103 3185 ’ἓν
2122 3145 2160 3184 ὂν
2189 3144 2250 3184 καὶ
2271 3145 2399 3196 ἄτομον

1364 3210 1413 3260 τῷ
1437 3206 1531 3257 εἴδει,
1560 3205 1583 3255 ἢ
1609 3207 1782 3246 ἀλλοιοῖτο
1802 3203 1862 3244 καὶ
1892 3205 2041 3255 ἀλλοιοῖ,
2068 3202 2157 3242 ὥστε
2178 3202 2336 3242 διδάσκοι
2355 3201 2399 3242 ἂν

1365 3368 1457 3401 bitur
1476 3369 1510 3401 et
1535 3367 1694 3407 variabit;
1719 3364 1934 3408 quamohrem
1961 3362 2061 3396 simul
2089 3361 2220 3395 docebit
2242 3369 2280 3393 ac
2299 3359 2400 3393 doce·-

1365 3428 1466 3468 bitur,
1487 3427 1668 3470 eademque
1685 3425 1823 3459 sanitate
1841 3425 1914 3458 tum
1934 3422 2063 3456 sanabit
2086 3423 2160 3455 tum
2178 3419 2356 3454 sanabitux.
2375 3446 2379 3453 ,
