2528 3788
131 356 252 407 langiu,
285 358 493 410 praemium
523 358 769 411 propositum
789 367 871 398 erat
892 359 929 397 ei
949 359 1018 409 qui
1047 360 1175 411 pluri-

88 412 239 468 ‘'jnum
259 415 450 466 bibisset,
482 431 627 457 corona
648 431 766 457 aurea
779 447 790 467 ,
814 431 930 468 quam
951 420 1095 457 meruit
1116 431 1178 457 so-

95 470 278 524 ,ξῇᾘίιιω
291 475 419 518 victor
428 475 668 516 Xenocrates
678 477 978 518 Chalcedonius.
1002 495 1018 512 «
1032 477 1178 516 Omitto

6 543 41 579 ξ’
87 537 271 586 Tjrssfloetera
302 548 390 586 quae
423 550 510 575 cuin
544 536 720 575 Athenaei
761 535 896 575 verbis
923 537 1175 578 concordant.

43 587 48 591 ⁸
91 591 312 646 ,τβοῑῃὶφιο
325 595 519 648 Diogenes
536 595 716 635 Laertius
734 595 814 647 (30)
833 595 907 637 lib.
927 596 994 645 IV,
1014 597 1037 634 8
1058 597 1116 636 sic
1131 597 1180 634 de

122 647 352 706 ‘xenocrate
384 667 395 694 ε
420 672 436 690 1>
469 667 670 707 quumque
700 654 743 693 in
775 653 941 694 bibendi
970 656 1181 694 certamine

129 712 249 767 apud,
265 713 498 766 Dionysium
527 714 769 765 (longiorum
790 713 854 753 die
875 715 972 753 sesto
992 715 1062 767 qui
1084 728 1180 766 quo·

69 770 262 829 'samiis
295 772 518 812 celebratur
549 785 666 812 aurea
695 786 842 813 corona
866 783 965 814 esset
990 775 1178 824 donatus,

132 840 335 873 ouantem
361 833 592 885 apposuisse
606 832 714 872 illam
736 833 921 873 Mercurii
941 843 1098 887 statuae,
1111 835 1180 875 ubi

41 919 50 935 „
75 887 90 930 :2
136 889 278 932 fimens
300 904 458 944 quoque
486 904 636 945 ponere
663 892 827 935 solebat.
848 912 864 927 u
889 893 977 933 Jam
1007 907 1103 934 vero
1128 895 1182 934 se-

0 997 2 1002 *
54 947 82 993 -J
136 959 239 991 mm
266 951 378 991 illum
397 951 502 990 diem
522 952 592 990 τῶν
611 952 714 992 Χοῶν
749 952 913 992 Athenis
943 962 1069 993 actutu
1100 967 1184 993 esse

0 1021 1 1028 ¹
136 1011 349 1063 ¹quotannis
393 1019 562 1057 veteres.
587 1013 803 1064 scriptores
842 1021 1046 1053 testantur.
1089 1013 1184 1052 Vide

66 1086 73 1101 τ’
137 1068 350 1111 Biennium
361 1071 404 1110 in
417 1063 570 1109 Graecia
585 1070 720 1109 feriata
736 1086 772 1111 v.
789 1071 1031 1126 Ἀνθεστήρια,
1049 1072 1180 1111 Ruhn-

134 1131 242 1171 kenii
281 1131 595 1183 Disputationem
647 1132 695 1171 de
747 1132 854 1172 festis
901 1133 1184 1184 Dionysiorum

134 1189 282 1242 opusc.
298 1190 389 1232 voi.
406 1190 441 1239 1,
454 1203 544 1243 pag.
561 1191 735 1230 οῦδ-215
746 1220 758 1240 ,
775 1191 864 1233 Car.
886 1193 952 1233 Fr.
969 1193 1185 1232 Hermanni

136 1250 270 1303 Antiq.
302 1262 403 1292 sacr.
429 1250 738 1303 (gottesdienstl.
761 1251 1093 1304 Alterthiimcr)§
1118 1251 1184 1291 58.

137 1307 274 1361 ltaque
290 1322 371 1349 non
387 1319 446 1350 est
463 1310 571 1363 quod
589 1323 677 1350 cum
695 1311 927 1350 Casaubono
947 1312 995 1351 ad
1010 1312 1184 1351 Athenaei

136 1368 267 1408 locum
284 1369 446 1409 citatum
467 1370 675 1422 Syracusis
695 1385 853 1424 quoque
872 1373 947 1411 tale
967 1373 1105 1412 festum
1124 1386 1186 1411 ce-

136 1427 328 1467 lebratum
348 1440 434 1469 esse
447 1429 662 1469 credamus.
683 1428 800 1468 Recte
817 1430 921 1468 enim
939 1430 1122 1469 Kuhnius
1138 1429 1186 1469 ad

132 1485 329 1526 Laertium
365 1490 540 1540 notavit,
570 1487 646 1528 hoc
666 1490 775 1528 nulla
799 1491 1053 1542 antiquorum
1080 1492 1187 1530 testi-

139 1546 362 1586 moniorum
384 1547 613 1586 auctoritate
641 1550 903 1589 demonstrari
934 1562 1063 1602 posse.
1086 1549 1186 1589 Hinc

135 1603 318 1652 efficitur,
344 1605 379 1645 si
411 1618 504 1644 vera
535 1607 669 1645 retulit
695 1606 890 1656 Timaeus,
920 1621 969 1647 ex
1000 1608 1110 1660 cujus
1140 1610 1192 1648 li·-

57 1702 79 1735 η’
98 1719 304 1776 8Ᾰῑίιιειιοο
336 1723 553 1776 profectum
586 1727 782 1777 apparatis
813 1728 941 1778 epulis
973 1742 1061 1767 cum
1091 1729 1190 1768 alios

46 1887 54 1891 ι
136 1846 263 1880 tamen
282 1854 489 1895 perperam
509 1843 559 1882 de
578 1842 725 1884 Laertii
746 1845 834 1884 loco
863 1846 1060 1898 judicavit
1080 1846 1188 1885 Kuh-

42 1906 70 1950 J
135 1901 250 1950 nius,
281 1902 352 1954 <pli
381 1903 582 1954 vulgatam
618 1906 851 1957 scripturam
891 1906 948 1944 sic
970 1915 1115 1956 tuetur,
1146 1915 1188 1944 ut

63 1971 72 2001 ᾗ
138 1960 282 2011 exigua
301 1962 516 2002 mutatione
537 1963 635 2002 sacta
656 1964 735 2015 legi
765 1964 904 2016 jubeat
936 1978 946 2005 :
975 1965 1045 2009 τοῖς
1079 1980 1189 2004 κατα-

43 2026 46 2027 ’
67 2064 70 2065 ⁷
90 2057 106 2061 Α
118 2056 120 2059 .
134 2018 382 2070 ῃᾳῦσὲπαρὰ
403 2020 587 2065 Διονυσίου
611 2022 638 2060 i.
658 2035 694 2059 e.
711 2037 787 2070 per
803 2036 867 2058 eos
888 2025 953 2071 qui
966 2035 992 2058 a
1011 2024 1191 2069 Dionysio

138 2078 245 2112 missi
257 2075 435 2112 Athenas
451 2079 712 2126 appulissent,
731 2087 775 2116 ut
794 2092 874 2116 non
894 2080 979 2131 ipse
999 2089 1190 2131 tyrannus

138 2133 323 2172 convivio
342 2133 590 2184 interfuerit,
625 2136 693 2174 sed
713 2137 800 2187 ejus
829 2138 960 2176 amici.
993 2138 1071 2177 Sed
1091 2153 1192 2191 quo-

145 2192 251 2230 niam
268 2191 493 2232 Ruhnkenii
513 2193 739 2246 conjectura
757 2198 880 2247 magis
900 2199 1086 2237 convenit
1105 2213 1193 2238 cum

142 2251 202 2290 rei
220 2256 341 2303 gestae
359 2252 549 2292 relatione
567 2267 654 2306 quae
674 2264 732 2294 est
751 2257 855 2308 apud
871 2257 1084 2308 Timaeum,
1102 2259 1194 2298 huic

143 2309 278 2349 aihum
300 2309 473 2363 adjicere
504 2311 696 2351 calculum
724 2328 803 2353 non
834 2316 1029 2356 dubitavi.
1061 2318 1194 2356 Enim-

142 2380 240 2408 vero
256 2370 405 2409 scimus
424 2369 681 2410 Xenocratem
701 2372 743 2411 in
766 2375 972 2414 Academia
997 2375 1127 2414 sedem
1150 2390 1194 2416 ac

141 2428 390 2469 dorniuilium
409 2428 595 2470 habuisse
615 2440 653 2470 et
672 2433 812 2472 studiis
832 2434 1008 2473 deditum
1031 2435 1193 2487 publico

138 2485 221 2527 fere
251 2489 447 2538 caruisse,
481 2503 562 2529 uno
595 2490 660 2529 die
690 2502 852 2545 excepto
884 2507 963 2545 quo
992 2494 1110 2534 homo
1138 2496 1195 2533 la·-

137 2544 321 2588 borioms
343 2549 555 2601 quotannis
575 2550 617 2589 in
646 2560 732 2590 astu
753 2565 794 2591 se
815 2553 1050 2601 contulerit,
1080 2552 1196 2592 Libe-

131 2605 309 2656 ralibus,
322 2616 366 2646 ut
383 2621 583 2648 novorum
607 2612 872 2661 tragoedorum
893 2612 1084 2650 solemnia
1103 2626 1195 2650 con·

138 2666 344 2706 decoraret
379 2668 474 2721 (31).
511 2667 620 2708 Licet
654 2669 776 2720 igitur
809 2671 874 2709 die
908 2671 1005 2710 festo
1034 2671 1203 2711 Athenis·

55 2731 59 2738 ‘
119 2734 265 2779 ..super
301 2727 438 2766 vinum
474 2737 513 2767 et
545 2728 680 2781 epulas
713 2731 755 2769 in
787 2728 952 2769 bibendi
986 2732 1198 2771 certamine

140 2785 268 2827 victor
300 2787 416 2827 fuerit
445 2787 705 2838 Xenocrates,
735 2790 826 2842 quis
857 2791 894 2829 ei
925 2791 1024 2830 vitio
1051 2801 1196 2841 vertet,

139 2952 374 2994 mendicum
388 2953 529 2997 vestigia
549 2956 639 2990 sarta
657 2957 745 2989 tecta
762 2955 874 2988 habui.
897 2976 935 2982 —-
953 2957 1017 2997 (30)
1034 2957 1195 3000 Diogenes

75 3012 78 3047 J
140 3000 291 3036 lanuinus
305 3001 364 3035 lib.
385 3004 442 3043 iv,
461 3006 480 3035 8
499 3004 552 3036 καὶ
567 3006 677 3047 χρυσῷ
695 3004 839 3046 στεφάνῳ
859 3005 1027 3046 τιμηθέντα
1041 3005 1091 3037 ἐπ’
1106 3006 1193 3047 ἅθλῳ

52 3048 79 3108 ’ἒ
138 3048 336 3088 πολυποσίας
358 3053 422 3088 τοῖς
449 3051 519 3083 κατ’
546 3052 613 3089 ἔτος
635 3052 734 3085 Χουσὶ
761 3052 846 3094 παρὰ
874 3052 1051 3093 Διονυσίῳ,
1073 3053 1194 3089 ἐξιόντα

46 3143 79 3182 ω
137 3097 580 3190 ἵνῗέοέἱρὸὲεᾶἷένῗδὲζῗῗέἔῖ
585 3098 1023 3189 θΕιὲἳῖἶιὶέζῗΐὲἓίᾆῗῗέῗὲ
1037 3112 1103 3187 ξῗὲἑ
1121 3113 1193 3182 ἷέζῖ

140 3189 320 3233 ξιοςΧουσὶ
333 3194 420 3236 παρὰ
437 3195 594 3238 Διονυσίῳ
612 3205 673 3239 pro
692 3197 825 3239 vulgata
845 3197 986 3230 lectione
1005 3200 1069 3234 τοῖς
1088 3209 1190 3230 κατα·-

143 3244 260 3283 σχοῦσι
285 3241 373 3284 παρὰ
402 3243 569 3285 Διονυσίῳ.
609 3245 686 3277 Vid.
710 3244 895 3277 Ruhnkenii
922 3247 1044 3287 Opusc.
1069 3246 1135 3278 voi.
1162 3247 1190 3286 l,

141 3296 216 3331 pag.
239 3291 300 3322 213
325 3289 379 3322 ed.
399 3289 561 3323 Friedem.
583 3308 626 3315 —
645 3293 713 3333 (31)
727 3291 810 3324 Vide
833 3302 934 3334 supra
953 3292 1124 3335 Speusippi
1145 3293 1192 3326 vi-

140 3334 210 3369 tam
225 3338 294 3370 not.
317 3339 367 3370 82.
386 3354 425 3361 —-
445 3338 513 3379 (32)
534 3339 713 3382 Gregorius
731 3340 954 3372 Nazianzenus
970 3342 1054 3374 orat.
1075 3344 1094 3374 3
1111 3340 1187 3375 adv,

139 3381 306 3416 lulianum
322 3391 394 3426 pag.
415 3385 465 3417 78.
491 3386 532 3418 D.
550 3385 601 3419 ed.
624 3385 728 3419 Paris.
751 3387 826 3419 anni
848 3389 942 3419 1609.
958 3405 1001 3411 -
1023 3388 1090 3429 (33)
1106 3389 1193 3421 Non-

139 3437 204 3463 nus
222 3429 253 3462 in
267 3430 473 3467 ,collectione
491 3433 707 3475 profanarum
721 3433 931 3467 historiarum
942 3460 950 3473 ,
968 3443 1107 3476 quarum
1123 3444 1189 3469 me-

137 3476 236 3511 minit
260 3477 487 3512 Nazianzenus
508 3482 594 3513 orat.
618 3480 674 3514 cit.
697 3480 718 3523 §
739 3484 789 3514 23.
810 3498 853 3506 —
873 3482 940 3524 (34)
960 3482 1075 3515 Cicero
1091 3483 1188 3517 Tusa.

138 3522 198 3560 lib
217 3526 260 3567 V,
283 3534 356 3568 cap.
374 3528 424 3559 37.
448 3543 490 3552 -
509 3527 575 3569 (35)
591 3527 675 3561 Vide
692 3537 790 3571 supra
807 3531 875 3561 not.
894 3533 944 3562 20.
962 3548 1002 3555 —
1022 3528 1088 3571 (36)
1106 3529 1188 3563 Dio-

1016 269 1083 309 DE
1119 269 1440 310 XENOCRATE.

2215 269 2288 306 103

1239 360 1347 411 quod
1368 360 1486 399 semel
1509 373 1531 398 a
1551 360 1684 409 regula
1700 368 1737 398 et
1756 359 2051 410 praescriptione
2071 358 2162 397 vitae
2182 357 2290 396 aber-

1239 421 1365 456 ravit?
1386 419 1539 470 lnjuria
1559 431 1653 469 ergo
1673 419 1852 457 nonnulli
1877 418 1950 456 hac
1977 417 2201 457 narratione
2231 417 2292 455 in-

1239 477 1345 516 ducti
1360 479 1663 517 immoderatum
1686 486 1839 529 pastum
1857 486 2071 529 potumque
2086 477 2294 515 Xenocrati

1239 536 1448 588 objiciunt.
1470 537 1688 587 Gregorius
1704 538 1810 576 enim
1825 537 2092 575 Nazianzenus
2113 536 2194 588 (32)
2216 537 2296 589 ὀψο-

1240 595 1371 648 φαγίαν
1404 598 1439 635 ei
1479 595 1691 648 exprobrat
1720 596 1946 648 pariterque
1977 596 2177 634 edacitatis
2205 608 2293 635 eum

1240 655 1443 696 insimulat
1458 657 1620 696 Nonnus
1647 657 1745 710 (33).
1776 657 1919 695 Verum
1941 656 2012 694 hos
2035 656 2204 695 refutare
2225 670 2294 696 su-

1240 730 1521 770 pervacaneum
1541 723 1613 757 est.

1297 776 1551 815 Xenocratem
1563 776 1702 813 Cicero
1714 773 1792 827 (34)
1807 774 1857 812 iis
1874 782 2104 812 annumerat
2120 774 2297 825 philoso-

1243 836 1352 888 phis,
1374 837 1443 888 qui
1459 844 1588 874 aetates
1605 847 1695 873 suas
1714 834 1757 872 in
1774 842 1963 885 perpetua
1978 834 2297 885 peregrinatione

1243 903 1564 942 consumserunt,
1587 902 1632 932 ut
1661 893 1781 931 semel
1812 892 1961 942 egressi
1993 906 2194 943 nunquam
2226 892 2297 931 do-

1246 968 1351 995 mum
1375 953 1624 993 reverterint.
1644 952 1769 998 Quam
1787 963 1867 988 rem
1889 951 1943 988 ita
1962 964 2003 989 se
2017 950 2162 989 habere
2181 964 2297 990 nemo

1247 1029 1327 1054 non
1347 1014 1477 1061 videt,
1505 1012 1692 1064 quoniam
1712 1023 1800 1048 eum
1825 1019 1977 1048 mature
2005 1011 2141 1049 relicta
2171 1012 2299 1062 patria

1245 1084 1336 1128 post
1355 1074 1496 1112 multos
1516 1084 1641 1110 annos
1660 1071 1786 1109 natale
1808 1069 2003 1120 Bithyniae
2034 1070 2161 1108 solum
2185 1083 2298 1122 repe-

1249 1134 1358 1172 tiisse
1387 1141 1434 1171 ea
1453 1139 1605 1179 mente,
1625 1138 1669 1168 ut
1688 1129 1746 1167 ibi
1768 1139 2081 1177 consenesceret,
2104 1143 2296 1181 nusquam

1249 1193 1430 1243 legimus.
1467 1191 1714 1241 Quamquam
1756 1197 1883 1226 autem
1924 1188 2002 1226 alia
2033 1189 2118 1239 ejus
2159 1189 2301 1228 itinera

1247 1253 1496 1303 ignorantur,
1515 1258 1643 1288 tamen
1659 1261 1748 1286 eum
1767 1247 1868 1298 Syra
1894 1260 1982 1285 usas
2002 1247 2145 1286 adiisse
2165 1257 2299 1286 notum

1248 1321 1322 1353 est.
1350 1311 1480 1358 Quum
1513 1310 1617 1347 enim
1651 1316 1710 1346 ter
1742 1307 1782 1346 in
1815 1306 1990 1345 Siciliam
2024 1307 2226 1358 profectus
2252 1309 2302 1347 sit

1249 1371 1362 1410 Plato
1374 1399 1385 1419 ,
1407 1370 1524 1408 unius
1542 1367 1698 1407 itineris
1717 1366 1866 1405 socium
1886 1366 2005 1404 fuisse
2024 1365 2299 1414 Xenocratem,

1250 1432 1448 1481 Diogenes
1477 1427 1672 1478 Laertius(
1688 1426 1753 1477 35)
1773 1425 2019 1465 testificatur.
2041 1424 2115 1463 Sed
2139 1426 2181 1464 in
2214 1427 2303 1465 aula

1252 1490 1434 1542 Dionysii
1466 1489 1654 1535 eximium
1683 1486 1776 1524 fidei
1803 1494 1840 1522 et
1862 1485 2032 1533 amoris,
2055 1498 2135 1536 quo
2161 1498 2303 1537 praece-

1250 1559 1403 1601 ptorem
1438 1545 1764 1599 amplectebatur,
1788 1545 1987 1595 specimen
2015 1543 2135 1582 dedit.
2161 1543 2303 1582 Simul·

1252 1619 1368 1662 atque
1379 1608 1567 1648 videlicet
1582 1605 1799 1656 Dionysius
1814 1603 1968 1643 Platoni
1989 1603 2090 1642 dixit
2104 1602 2184 1656 (36)
2200 1617 2209 1641 :
2225 1606 2301 1641 col-

50 1654 69 1681 ”’·
131 1662 219 1704 bris
236 1665 368 1704 caeteri
387 1677 458 1704 sua
473 1666 671 1718 petierunt
684 1695 695 1714 ,
714 1667 949 1719 Dionysium
975 1668 1190 1719 aliquando
1219 1671 1223 1715 Ι
1255 1678 1330 1712 lum
1351 1677 1421 1712 tibi
1438 1676 1582 1723 aliquis
1600 1672 1764 1719 secabit,
1785 1668 2023 1707 Xenocrates
2041 1681 2151 1707 suum
2173 1677 2319 1713 Osiena

1253 1734 1349 1772 dens
1367 1731 1571 1784 respondit
1590 1744 1598 1768 ε
1615 1743 1724 1768 nemo
1742 1731 1785 1766 id
1798 1733 1903 1778 prius
1916 1742 2029 1778 quam
2049 1727 2120 1764 hoc
2133 1729 2280 1765 decidet
2290 1743 2303 1773 ;

43 1787 62 1834 ἶ
133 1782 336 1835 We
349 1811 361 1831 2
392 1791 474 1822 tum
497 1783 752 1824 Xenocratem
776 1787 1073 1839 philosophum.
1109 1787 1190 1826 Nec
1254 1807 1333 1844 quo
1354 1791 1459 1830 dicto
1477 1803 1518 1829 se
1535 1788 1812 1839 dignissimum
1828 1799 1911 1825 esse
1925 1787 1995 1837 qui
2013 1786 2110 1823 tanti
2127 1785 2307 1835 philoso-

1255 1852 1324 1904 phi
1343 1860 1381 1890 et
1399 1849 1620 1901 discipulus
1640 1856 1677 1885 et
1697 1859 1827 1885 comes
1845 1854 1946 1884 esset
1959 1874 1970 1894 ‚
1993 1845 2087 1883 satis
2106 1844 2304 1896 probavit.

1308 1910 1494 1961 Ejusdem
1532 1907 1688 1957 generis
1722 1904 1821 1943 illud
1854 1913 1933 1954 est,
1963 1903 2071 1954 quod
2109 1904 2308 1943 memoriae

1255 1969 1387 2020 prodit
1430 1965 1619 2004 AElianus.
1666 1963 1762 2002 Nam
1811 1975 1931 2013 quum
1970 1961 2207 1999 Xenocrates
2240 1963 2309 2000 ali-

1255 2025 1416 2078 quando
1437 2025 1478 2062 in
1498 2024 1666 2076 patriam
1683 2022 1759 2060 iter
1781 2021 1934 2064 fecisset
1947 2049 1959 2070 ,
1976 2019 2222 2071 Speusippus
2243 2034 2309 2058 au-

1257 2094 1332 2123 tem
1354 2091 1581 2134 aegrotaret,
1603 2080 1834 2120 Aristoteles
1861 2080 2063 2117 Platonem
2085 2077 2167 2130 jani
2197 2089 2307 2118 octo-

1256 2144 1458 2193 genarium
1475 2151 1512 2180 et
1529 2140 1770 2179 obliviosum
1789 2138 2006 2190 propositis
2024 2138 2309 2188 quaestionibus

1254 2204 1311 2241 ita
1330 2200 1589 2241 conturbasse
1611 2199 1748 2249 fertur,
1770 2207 1813 2237 ut
1838 2210 1957 2236 senex
1982 2198 2110 2234 locum
2132 2211 2245 2235 suum
2267 2198 2308 2237 in

1258 2261 1467 2300 Academia
1486 2260 1727 2310 relinqueret
1753 2273 1798 2298 ac
1820 2257 1928 2295 domi
1959 2270 2045 2294 cum
2069 2256 2207 2295 amicis
2228 2271 2307 2296 ma-

1254 2331 1379 2362 neret.
1402 2319 1550 2359 Tribus
1574 2317 1777 2357 mensibus
1796 2325 1886 2370 post
1903 2316 2028 2354 redux
2047 2314 2306 2365 Xenocrates,

1257 2380 1329 2419 hac
1349 2393 1480 2418 rerum
1499 2378 1713 2417 mutatione
1731 2378 1927 2423 offensus,
1942 2383 2024 2413 tum
2044 2375 2307 2428 Speusippum

1259 2437 1529 2489 reprehendit,
1551 2436 1658 2487 quod
1680 2435 1876 2475 Aristoteli
1898 2434 2100 2482 cessisset,
2118 2443 2199 2473 tum
2230 2434 2311 2474 Sta·

1256 2497 1396 2546 gii-iten
1415 2494 1665 2546 objurgatum
1688 2493 1907 2532 Academiae
1925 2492 2063 2544 spatiis
2081 2491 2196 2543 ejecit
2217 2493 2309 2532 Pla-

1258 2564 1466 2606 tonemque
1485 2554 1528 2592 in
1544 2554 1740 2603 integrum
1754 2553 1925 2591 restituit
1946 2552 1982 2602 (3
1990 2554 2040 2604 7).

1311 2615 1404 2652 l‘ost
1425 2612 1602 2651 Platonis
1626 2621 1791 2651 mortem
1813 2611 1944 2663 primo
1960 2610 2211 2662 Olympiadis
2236 2614 2310 2650 108

1259 2688 1362 2713 anno
1391 2673 1617 2712 Aristoteles
1637 2672 1686 2711 ad
1717 2670 1918 2711 Hermiam
1948 2679 2182 2722 tyrannum,
2215 2674 2309 2711 mni-

1261 2747 1348 2772 cum
1368 2742 1407 2771 et
1421 2733 1659 2784 discipulum
1672 2745 1801 2778 suum,
1819 2731 1960 2769 comite
1979 2730 2195 2770 Xenocrate
2218 2732 2252 2783 (3
2260 2732 2308 2783 S),

1260 2794 1462 2845 profectus
1481 2801 1559 2840 est;
1578 2792 1716 2843 ibique
1736 2791 1950 2829 triennium
1972 2790 2088 2828 ambo
2114 2799 2311 2842 transege-

1257 2966 1356 3000 genes
1374 2957 1524 2990 Laertius
1538 2956 1595 2990 lib,
1611 2958 1669 2996 lv,
1691 2958 1725 2988 11
1742 2956 1882 2994 εἰπόντος
1896 2957 1929 2988 δὲ
1944 2956 2113 2989 Διονυσίου
2131 2957 2206 2997 πρὸς
2220 2957 2307 2989 Πλά-

1253 3017 1340 3038 τωνα
1360 3008 1403 3043 ὡς
1435 3005 1600 3048 ἀφαιρήσει
1625 3016 1669 3042 τις
1692 3005 1788 3037 αὐτοῦ
1812 3005 1865 3037 τὸν
1890 3005 2064 3047 τράχηλον,
2083 3005 2192 3046 παρὼν
2220 3004 2308 3047 οὗτος

1253 3054 1307 3084 καὶ
1327 3053 1425 3090 δείξας
1446 3053 1498 3085 τὸν
1515 3052 1612 3092 ἴδιον,
1638 3053 1696 3085 οὐκ
1711 3053 1749 3084 ἄν
1762 3064 1798 3094 γε
1811 3078 1819 3090 .
1838 3053 1896 3093 ἔφη
1908 3077 1917 3093 ,
1944 3064 1989 3089 τις
2006 3052 2156 3095 πρότερον
2178 3053 2305 3085 τούτου.

1252 3120 1294 3128 -
1310 3100 1378 3143 (37)
1410 3100 1491 3134 Vide
1515 3100 1687 3142 Speusippi
1715 3100 1819 3132 vitam
1849 3102 1921 3134 not.
1954 3102 2007 3132 93.
2035 3117 2079 3124 —
2102 3097 2171 3141 (38)
2190 3099 2307 3131 Strabo

1253 3148 1310 3182 lib.
1332 3150 1421 3189 xiil,
1441 3157 1474 3190 p.
1495 3151 1557 3181 610
1577 3148 1710 3181 ἐνταῦθα
1738 3149 1770 3180 δὲ
1787 3149 1840 3180 καὶ
1863 3147 2071 3191 Ἀριστοτέλης
2091 3147 2228 3189 διέτριψε
2256 3146 2307 3178 διὰ

1251 3197 1307 3236 τὴν
1333 3198 1410 3239 πρὸς
1429 3196 1575 3239 Ἑρμείαν
1593 3197 1646 3229 τὸν
1674 3197 1820 3238 τύραννον
1846 3196 1987 3235 κηδείαν.
2014 3195 2079 3228 Ἶῐν
2103 3196 2135 3227 δὲ
2161 3194 2304 3236 Ἑρμείας

1251 3245 1416 3286 εὐνοῦχος,
1431 3243 1613 3286 τραπεζίτου
1639 3245 1721 3281 τινὸς
1745 3244 1885 3281 οἰκέτης·
1911 3244 2076 3285 γενόμενος
2099 3244 2126 3275 δ’
2140 3244 2168 3275 Ἀ
2177 3243 2304 3282 Οήνῃσιν

1249 3292 1429 3335 ἠκροάσατο
1442 3293 1496 3325 καὶ
1509 3293 1679 3330 Πλάτωνος
1692 3295 1745 3326 καὶ
1760 3292 1987 3333 Ἀριστοτέλους
1997 3300 2005 3308 ·
2022 3291 2198 3324 ἐπανελθὼν
2213 3291 2244 3322 δὲ
2258 3294 2303 3331 τῷ

1251 3339 1388 3381 δεσπότῃ
1405 3340 1670 3382 συνετυράννησε,
1691 3343 1815 3382 πρῶτον
1839 3340 2011 3381 ἐπιΟεμένῳ
2027 3342 2090 3375 τοῖς
2104 3339 2171 3379 περὶ
2196 3338 2301 3379 Ἀταρ-

1249 3387 1303 3418 νέα
1324 3387 1378 3419 xcxi
1399 3386 1515 3420 Ἄσσον
1534 3387 1682 3429 χωρίοις·
1707 3387 1814 3419 ἔπειτα
1834 3387 1988 3422 διεδέξατο
2012 3386 2141 3423 ἐκεῖνον,
2164 3385 2217 3416 καὶ
2243 3395 2301 3425 με-

1248 3434 1429 3475 τεπέμψατο
1439 3434 1493 3467 τόν
1506 3445 1540 3466 τε
1549 3434 1760 3476 Ἀριστοτέλην
1776 3435 1831 3467 καὶ
1845 3433 2041 3474 Ξενοκράτην
2055 3433 2108 3464 καὶ
2126 3431 2301 3472 ἐπεμελήθη

1250 3483 1432 3523 northw-ui>
1445 3482 1472 3514 δ’
1492 3481 1696 3523 Ἀριστοτέλει
1715 3483 1770 3514 καὶ
1795 3481 1949 3522 θυγατέρα
1970 3481 2102 3519 ἀδελφοῦ
2126 3479 2298 3520 συνῴκισε.

1249 3529 1382 3571 Μέμνων
1402 3530 1428 3563 δ’
1450 3532 1467 3562 ὁ
1478 3531 1596 3567 Ῥόδιος
1613 3532 1774 3572 ὑπηρετῶν
1784 3530 1855 3562 τότε
1871 3532 1936 3566 τοῖς
1951 3528 2087 3569 Πέρσαις
2099 3527 2154 3559 καὶ
2166 3538 2302 3569 στρατη·
