2528 3788
305 232 379 273 196

356 322 368 371 (
383 320 572 358 Eusebius
593 320 764 371 Praepar.
782 320 927 372 Evang.
947 323 1014 361 lib.
1034 324 1103 363 XV
1124 339 1208 378 cap.
1234 341 1252 374 7
1277 331 1334 366 τοῦ

300 380 405 417 αὐτοῦ
426 380 511 431 πρὸς
530 379 588 418 τὸν
610 378 730 428 αὐτόν,
753 379 916 430 πέμπτην
941 382 1113 431 σωμάτων
1133 386 1336 436 ὑποτιθέμε-

301 452 353 475 νον
383 437 529 485 οὐσίαν,
551 437 593 485 ἣν
627 438 702 476 οὔτε
726 440 858 485 Μωσῆς
886 439 963 479 οὔτε
986 442 1136 481 Πλάτων
1157 460 1333 496 γινωσκει.

297 495 376 534 >ci
367 510 440 548 ipsi
463 510 474 535 ε
495 500 510 518 ‘¹
541 496 597 534 ἐπὶ
630 496 671 546 μὲ
675 513 691 533 ν
714 499 782 534 τῶν
809 496 949 553 ἄλλων]
976 514 1061 538 cum
1095 502 1206 542 codd.
1241 508 1337 541 inter

294 565 447 596 coetera.
468 556 652 594 Similiter
673 556 884 609 Sophocles
905 559 1037 610 Antig.
1058 574 1115 600 vs.
1135 561 1211 612 789
1227 562 1287 601 καί
1304 562 1335 601 σ’

295 613 366 652 οὔτ’
392 615 572 653 ἀθανάτων
593 614 736 668 φύξιμος
764 616 893 663 οὐδείς,
915 617 983 656 οὔθ’
1005 618 1157 670 ἁμερίων
1187 619 1241 658 ἐπ’
1270 623 1334 659 ἀν-

294 672 463 725 θρώπων,
494 676 585 712 item
626 675 812 714 Aristides
843 676 1126 716 Panathenaico
1159 687 1251 718 tom.
1287 680 1329 728 Ι,

293 746 331 784 p.
350 734 400 782 96
419 732 506 784 μόνῃ
526 737 570 786 τῇ
587 733 720 772 πόλει’
706 750 761 772 επι
778 751 844 773 των
867 737 1071 784 ἑλληνικῶν.
1095 758 1148 766 -
1163 736 1242 782 ι’ὥς
1258 754 1333 776 τινα

291 789 391 853 θεῖα]
415 792 525 830 codd.
555 794 600 836 ὥς
619 792 702 831 ὄντα
734 794 781 831 Os
774 810 827 840 ια,
853 794 965 845 eujus
990 796 1074 834 loco
1094 796 1257 846 V1ge1us
1289 799 1334 841 ὡς

291 854 348 888 οὖν
372 850 414 888 τὰ
438 854 511 889 θεῖα
536 851 654 889 scribi
687 853 868 891 voluerat.
887 877 939 883 ——-
968 859 982 877 ⁰
1000 853 1182 908 ’Όμηρος]
1219 856 1329 896 lliad.

292 909 360 949 lib.
380 911 416 948 11
440 923 499 949 vs.
519 911 617 958 478-
603 917 716 960 -479
735 913 801 961 -)

396 967 445 1008 Γ
447 984 550 1007 πειτα
574 969 705 1014 τούτοις
733 945 887 1021 ἑπόμενοι
913 971 1044 1019 πολλά,
1067 974 1103 1011 ἐν
1133 976 1182 1016 οῖς
1212 974 1330 1025 διαφέ-

293 1043 426 1080 ρονται.
446 1028 491 1066 ‘O
517 1027 578 1076 μὲν
599 1029 666 1081 γάρ
689 1044 795 1081 φησι,
817 1029 862 1067 τὰ
888 1033 964 1068 κατ’
987 1031 1130 1083 οὐρανὸν
1149 1030 1212 1078 τὴν
1232 1031 1330 1070 πλεί·

291 1103 376 1133 στην
397 1086 530 1125 ἷδέαν’
516 1103 554 1124 εκ
571 1087 676 1139 πυρὸς
698 1087 844 1140 θέχειν·
861 1091 878 1126 ὁ
896 1088 954 1138 δέ,
976 1089 1161 1140 μηδαμῆὓ
1178 1092 1330 1140 μετεῖναι

290 1151 361 1189 τοῖς
387 1145 555 1197 οὐρανίοις
566 1145 702 1219 ὐᾖπυρός.
729 1146 798 1185 Καὶ
829 1149 846 1185 ὁ
878 1148 940 1197 μέν
962 1163 1084 1200 φησιν,
1115 1149 1245 1201 ἀνάψαι
1272 1149 1329 1186 τὸν

289 1204 363 1243 θεὸν
383 1206 454 1257 φῶς
485 1206 518 1243 ἐν
546 1220 588 1257 τῃ
621 1205 764 1258 δευτέρᾳ
795 1209 810 1228 ⁰
837 1206 922 1257 πρὸς
942 1209 1006 1257 γ’ἧν
1027 1207 1193 1277 περιόδῳ,
1213 1206 1257 1245 ἵν’
1278 1207 1329 1245 ὅτι

289 1263 447 1308 μάλιστα
459 1265 506 1306 εἷς
527 1263 665 1302 ἅπαντα
684 1263 838 1315 φαίνοιτο
854 1263 870 1287 ‘¹
885 1264 942 1309 τὸν
961 1266 1101 1318 οὐρανόν
1111 1265 1215 1317 ,περὶ
1231 1265 1329 1313 ἡλίου

287 1320 326 1359 τὸ
345 1325 498 1360 τοιοῦτον
520 1322 814 1374 ἀποφαινόμενος·
835 1325 852 1360 ὃ
874 1322 930 1370 δέ,
951 1322 1011 1361 ἅτε
1034 1325 1095 1361 οὔκ
1115 1323 1240 1361 ἐθέλων
1260 1328 1328 1376 πῦρ

288 1373 375 1418 εἶναι
394 1381 452 1419 τὸν
471 1381 590 1429 ἥλιον,
614 1381 653 1419 τὸ
676 1382 712 1420 δὲ
734 1397 805 1435 φως
825 1381 924 1425 εἰδὼς
948 1387 1016 1434 πῦρ
1045 1382 1220 1435 καθαρόν,
1246 1383 1268 1430 ἤ
1295 1399 1328 1421 τι

286 1439 392 1492 πυρὸς
409 1439 467 1488 ὅν,
484 1442 545 1479 οὒκ
560 1439 743 1491 ἐπιτρέπει
758 1443 827 1493 φῶς
846 1440 925 1493 περὶ
944 1441 1045 1479 αὐτὸν
1067 1443 1226 1493 ἀνηφθαι.
1242 1440 1326 1480 Ἔτι

285 1502 303 1538 ὁ
325 1498 412 1549 μέν,
440 1498 519 1538 κατ’
539 1492 625 1543 εἶδος
646 1500 841 1573 ἀφθαρσίαν
870 1499 1053 1550 ἀπονέμων
1074 1506 1144 1545 τοῖς
1171 1500 1248 1539 κατ’
1269 1501 1328 1539 οὖ-

287 1558 387 1609 ρανὸν
409 1557 562 1606 ἅπασιν,
585 1558 828 1611 ἀποχωρήσεις
845 1559 940 1602 τινὰς
956 1560 1069 1597 αὐτῶν
1089 1558 1148 1597 καὶ
1167 1575 1330 1612 προσχω-

289 1616 404 1668 ρήσεις
428 1621 443 1640 ⁰
463 1616 681 1670 συμμέτρους
703 1617 788 1670 φησὶ
818 1617 986 1670 γίνεσθαι.
1012 1617 1259 1670 Ἀναγκάζουσι
1291 1618 1326 1656 δὲ

285 1675 387 1713 αὐτὸν
408 1675 521 1727 λέγειν
541 1679 676 1723 ταῦτα,
691 1675 752 1720 τὰς
767 1674 830 1726 μὲν
850 1676 1070 1728 ἀποκρίσεις,
1093 1674 1180 1714 αἵτε
1196 1676 1328 1719 ἀκτῖνες

283 1739 342 1773 τοῦ
363 1733 462 1781 ἡλίου
493 1734 553 1773 καὶ
577 1735 784 1788 θερμότητες
813 1734 905 1774 κατὰ
928 1735 1119 1789 ἀπόρρυσιν
1142 1736 1248 1773 αὐτοῦ
1269 1751 1328 1786 γι-

288 1793 442 1843 αόμεναι·
466 1793 529 1838 τὰς
548 1793 583 1832 δε
604 1793 845 1846 προσκρίσεις,
867 1793 924 1841 ἠ”
911 1809 968 1840 ιση
990 1798 1050 1832 τοῦ
1076 1793 1239 1845 μεγέθους
1266 1795 1326 1831 αὐ-

284 1854 344 1890 τοῦ
366 1853 558 1904 φάσις.οὖ
579 1851 648 1904 γὰρ
679 1853 721 1890 ἂν
752 1851 907 1900 ἤθελεν”
894 1867 953 1890 ισα
974 1852 1182 1906 φαίνεσθαι,
1217 1853 1303 1903 μηδὲ
1307 1869 1324 1891 ν

284 1911 357 1948 ἀνθ’
372 1914 419 1949 ὧν
438 1910 559 1964 ἀφίησι
574 1910 814 1961 λαμὸάνοντα.
832 1909 878 1950 ‘O
893 1910 928 1949 δὲ
948 1910 1188 1964 Ἀριστοτέλης
1207 1910 1322 1959 πάντη

286 1969 401 2020 μένειν
436 1970 493 2008 ἐπὶ
523 1972 585 2017 τῆς
614 1970 718 2017 αὐτῆς
746 1969 863 2014 οὐσίας
895 1968 985 2008 αυτὰ
1016 1970 1198 2023 βούλεται,
1234 1970 1323 2021 μήτε

281 2028 371 2073 τινὸς
391 2029 504 2073 αὐτοῖς
533 2029 821 2081 ἀποχωροῦντος,
853 2028 941 2079 μήτε
964 2028 1176 2083 προσιόντος.
1199 2028 1280 2068 Ἔτι
1306 2031 1323 2066 ὃ

324 2180 355 2208 6.
373 2176 569 2217 Sequuntur,
586 2175 701 2218 inquit,
718 2175 780 2208 alia
796 2175 912 2208 demde
921 2176 1042 2216 multa
1052 2175 1085 2207 in
1097 2175 1217 2217 quibus
1230 2175 1327 2207 ambo

280 2234 367 2267 inter
398 2243 433 2267 se
462 2234 632 2267 dissident.
663 2235 791 2277 Quippe
821 2234 1003 2267 coelestium
1037 2243 1151 2267 nerum
1185 2235 1325 2277 speeiem

282 2293 424 2326 maxime
444 2293 537 2326 Plato
566 2294 643 2325 facit
661 2303 701 2326 ex
719 2293 814 2335 igne.
836 2294 1027 2326 Aristoteles
1047 2295 1142 2335 negat
1165 2293 1229 2326 illis
1248 2303 1325 2326 cum

282 2351 354 2393 igne
373 2352 550 2394 quidquam
568 2361 739 2385 commune
770 2361 852 2385 esse
876 2354 982 2394 Atque
998 2352 1052 2385 ille
1069 2353 1200 2394 quidem
1226 2353 1325 2385 deum

281 2411 326 2443 ait
345 2411 384 2444 ad
417 2411 596 2443 secundum
626 2420 723 2452 supra
749 2413 871 2443 terram
898 2410 1056 2443 ambitum
1078 2411 1185 2443 lumen
1208 2420 1324 2444 accen-

282 2470 393 2509 disse,
413 2471 452 2502 ut
471 2471 588 2502 cmlum
608 2470 730 2511 passim
749 2479 845 2503 omne
867 2479 966 2511 quam
988 2469 1130 2503 maxime
1148 2470 1323 2502 collustra-

283 2530 350 2568 ret,
381 2528 421 2560 de
441 2528 507 2561 sole
542 2529 605 2561 tale
633 2529 714 2570 quid
744 2528 988 2571 pronuntians.
1010 2528 1068 2562 sed
1094 2529 1165 2570 hie,
1188 2528 1276 2570 quod
1293 2530 1326 2561 et

285 2586 412 2619 solem·
403 2595 509 2627 lgnem
530 2595 602 2619 esse
622 2586 722 2625 nolit,
741 2589 775 2619 et
798 2587 908 2620 lumen
927 2589 986 2620 aut
1005 2586 1171 2629 puriorem
1195 2586 1323 2629 ignem,

283 2647 340 2677 aut
367 2645 493 2686 aliquid
517 2645 559 2677 ab
585 2646 657 2686 igne
684 2645 870 2687 profectum
888 2654 961 2679 esse
989 2645 1091 2686 sciat,
1113 2645 1224 2678 lumen
1252 2645 1325 2678 ideo

282 2705 369 2737 circa
387 2705 491 2737 solem
505 2713 677 2737 accensum
695 2713 842 2738 essenon
857 2705 1015 2738 concedit.
1037 2706 1200 2738 Praeterea
1213 2705 1325 2737 formae

284 2766 435 2806 respectu
461 2764 741 2797 immortalilatem
759 2765 947 2798 coelestibus
975 2764 1103 2798 cunetis
1124 2764 1323 2805 attribuens,

284 2822 490 2858 decessiones
517 2823 550 2855 in
586 2823 628 2856 iis
659 2824 928 2866 accessionesque
958 2825 1092 2858 mutuas
1120 2824 1326 2866 proportione

284 2882 425 2924 quadam
443 2882 575 2915 evenire
593 2881 700 2915 docet.
720 2885 779 2921 Qu
773 2892 824 2915 im
846 2882 1094 2924 philosophandi
1111 2882 1268 2916 rationem
1286 2881 1326 2914 ab

284 2951 323 2975 eo
341 2941 496 2984 expressit
518 2941 712 2983 necessitas,
730 2945 768 2974 ut
783 2942 987 2975 decessiones
1003 2942 1136 2984 quidem
1154 2943 1324 2981 statueret,

284 3001 373 3043 quod
391 3010 409 3034 e
425 3001 495 3033 sole
507 3000 590 3033 radii
611 3003 644 3033 et
660 3001 782 3033 calores
800 3010 858 3043 pei
874 3001 1040 3034 etssuvium
1059 3003 1194 3042 exeant,
1211 3009 1324 3034 acces-

286 3059 394 3093 si'ones
410 3069 510 3099 vero,
528 3060 615 3101 quod
634 3060 769 3102 equalis
788 3061 859 3101 ejus
879 3060 1068 3102 magnitudo
1082 3069 1210 3102 semper
1229 3068 1326 3102 appa-

290 3121 372 3152 reat.
389 3120 502 3161 Neque
527 3118 612 3151 enim
640 3118 800 3160 oeeualem
821 3118 929 3150 visum
948 3118 990 3151 iri
1008 3119 1238 3159 arbitrabatur,
1266 3118 1314 3151 nis
1318 3118 1326 3150 i

287 3180 357 3221 ejus
373 3178 462 3221 quod
477 3177 661 3210 dimitteret
688 3177 760 3210 loco
779 3177 901 3219 aliquid
917 3178 1169 3212 nancisceretur.
1198 3178 1328 3211 Aristo-

288 3238 368 3271 teles
388 3246 468 3270 vero
489 3237 578 3270 omni
597 3246 637 3269 ex
657 3239 749 3278 parte
770 3236 802 3268 in
821 3236 934 3268 eadem
953 3236 1024 3269 illas
1041 3237 1225 3270 substantia
1250 3247 1326 3279 per-

286 3306 418 3330 manere
437 3296 528 3337 vult,
540 3305 598 3328 nec
615 3296 655 3328 iis
670 3297 726 3328 aut
741 3295 899 3328 decedere
915 3295 1111 3337 quidquam,
1126 3298 1183 3329 aut
1198 3296 1328 3328 omnino

288 3354 454 3387 accedere.
474 3355 599 3386 Praeter
620 3362 826 3386 communem
842 3354 935 3386 illum
959 3357 1087 3387 motum
1099 3365 1191 3397 ,quo
1208 3356 1277 3388 suis
1293 3355 1324 3388 in

287 3413 427 3454 sphaeris
454 3413 588 3454 illigatae
616 3416 682 3446 tam
706 3414 885 3446 inerrantes
915 3423 1013 3455 quam
1048 3416 1194 3448 errantes
1225 3415 1328 3448 stellae

287 3473 491 3513 moveantur,
509 3481 605 3505 suum
629 3472 814 3515 quibusque
831 3473 923 3506 Plato
940 3482 978 3506 ac
998 3473 1167 3516 proprium
1186 3474 1327 3507 alterum

965 234 1130 275 ATTICI
1159 236 1430 279 PLATONICI
1459 239 1767 282 PHILOSOPHI

1398 329 1479 380 μέν,
1498 330 1581 383 πρὸς
1604 334 1648 383 τῇ
1677 334 1775 384 κοινῇ
1793 331 1927 379 κινήσει
1955 334 2023 371 τῶν
2045 335 2201 387 ἄστρων,
2231 340 2308 376 καθ’
2327 338 2370 386 ἣν
2391 340 2426 378 ἰν
2459 335 2461 337 ’

1395 395 1469 433 ταῖς
1491 390 1652 444 σφαίραις
1672 390 1884 442 ἐνδεδεμένοι
1916 398 2087 432 κινοῦνται
2115 395 2239 441 πάντες
2266 399 2296 436 οἱ
2318 397 2430 437 ἀστέ-

1397 463 1471 500 ρες,
1493 447 1527 487 οῖ’
1553 465 1589 488 τε
1611 451 1777 494 ἀπλανεῖς
1811 450 1872 489 καὶ
1901 452 1932 490 οἱ
1962 452 2199 504 πλανώμενοι,
2220 456 2279 494 καὶ
2306 457 2428 510 ἑτέραν

1395 508 1505 552 αὐτοῖς
1526 506 1538 530 ¹
1563 508 1701 556 κίνησιν
1721 509 1946 558 ἀποδίδωσιν,
1971 510 2013 558 ἢν
2031 511 2071 557 δὴ
2093 511 2150 550 καὶ
2179 513 2290 559 ἄλλως
2305 514 2426 555 καλλί-

1394 683 1579 735 σφαιρικὴν
1598 684 1638 722 ἄν
1655 700 1732 723 τινα
1757 684 1891 729 κίνησιν
1913 683 2057 728 ἕκαστος
2079 690 2207 723 κινοῖτο
2234 684 2428 737 περιδινοῦ-

1393 756 1513 791 μενος·
1535 743 1552 779 ὁ
1578 742 1635 789 δέ,
1665 741 1725 781 καὶ
1746 742 1873 789 ταύτης
1905 743 2104 795 ἀφαιρεῖται
2123 746 2140 772 8
2169 746 2230 790 τῆς
2257 742 2425 791 κινήσεως

1393 799 1534 873 αὐτούς,
1555 799 1596 846 ἢν
1616 801 1662 843 ὡς
1678 799 1828 853 ἔμψυχοι
1847 803 2045 848 κινοῦνται,
2066 801 2172 850 μόνην
2188 799 2223 838 δὲ
2243 800 2426 842 ἀπολείπει

1391 856 1486 904 ’τὴν<
1475 859 1531 895 υπ’
1548 856 1662 896 ἄλλων
1682 860 1751 896 τῶν
1767 858 2014 930 περιεχόντων,
2032 857 2152 931 ὥσπερ
2173 858 2319 912 ἀψύχοις
2337 874 2427 909 συμ-

1393 914 1595 956 ὅαίνουσαν.
1616 917 1687 955 Καὶ
1707 916 1748 963 δὴ
1769 915 1828 954 καί
1851 932 1936 969 φησι
1951 918 2012 963 τὴν
2030 917 2214 968 γινομένην
2231 916 2427 971 φαντασίαν

1392 976 1477 1022 ἡμῖν
1497 973 1565 1014 ἀπὸ
1587 991 1653 1014 των
1679 975 1832 1028 ἀστέρων
1852 979 1898 1020 ὡς
1915 975 2123 1027 κινουμένων
2138 976 2247 1022 πάθος
2264 970 2350 1035 εἶναι
2364 980 2427 1026 τῆς

1391 1032 1561 1085 ἡμετέρας
1574 1033 1682 1086 ὅψεως
1696 1036 1714 1060 ¹¹
1728 1035 1975 1086 ἀδυνατούσης,
1989 1050 2047 1073 και
2062 1030 2214 1088 ὡσπερεὶ
2231 1032 2425 1086 σειομένης,

1391 1091 1554 1138 ἀλήθειαν
1573 1092 1608 1132 δὲ
1630 1094 1693 1131 οὔκ
1718 1087 1823 1131 εἶναι·
1853 1093 1971 1146 ὥσπερ
1993 1094 2178 1138 Πλάτωνος
2210 1095 2279 1133 ἀπὸ
2297 1095 2426 1143 ταύτης

1390 1154 1451 1198 τῆς
1474 1151 1688 1203 φαντασίας,
1707 1152 1768 1200 τὴν
1787 1151 1872 1204 ὑπὲρ
1893 1169 1953 1199 της
1970 1153 2135 1199 κινήσεως
2152 1153 2267 1192 πίστιν
2283 1153 2426 1204 λαμὸά-

1390 1223 1523 1258 νοντος,
1542 1210 1619 1247 ἀλλ’
1642 1211 1701 1247 οὐκ
1727 1209 1799 1247 ἀπὸ
1817 1213 1877 1254 τοῦ
1897 1209 2012 1261 λόγου,
2043 1214 2101 1247 τοῦ
2119 1210 2354 1260 διδάσκοντος,
2373 1210 2422 1248 ὅτι

1391 1267 1525 1318 ἀνάγκη
1550 1266 1680 1305 τούτων
1702 1265 1859 1315 ἕκαστον,
1877 1267 2001 1319 ζῷον”
1981 1283 2063 1305 οντα
2082 1267 2143 1305 καὶ
2165 1267 2282 1320 ψυχὴν
2299 1267 2423 1320 ἔχοντα

1389 1325 1449 1362 καὶ
1482 1328 1604 1375 σῶμα,
1640 1328 1809 1382 κινεῖσθαι
1834 1326 1897 1372 τὴν
1927 1324 2016 1363 ἰδίαν
2047 1325 2201 1372 κίνησιν·
2233 1326 2243 1375 (
2260 1331 2330 1366 παν
2357 1326 2425 1379 γὰρ

1390 1399 1511 1434 σωμα,
1530 1387 1557 1437 ᾧ
1577 1384 1640 1432 μὲν
1659 1383 1779 1428 ἔξωθεν
1796 1382 1835 1421 τὸ
1854 1387 2021 1422 κινεῖσθαι
2033 1385 2206 1437 ,ἄψυχον-
2224 1387 2252 1437 ᾧ
2271 1383 2309 1423 δὲ
2329 1384 2425 1424 ἔνδο-

1389 1446 1443 1480 Θεν
1465 1441 1523 1480 καὶ
1540 1441 1573 1487 ἐξ
1591 1444 1729 1490 ἑαυτου,
1751 1441 1929 1494 ἔμψυχον·
1946 1443 1960 1492 )
1979 1442 2178 1492 κινούμενον
2196 1442 2244 1490 δέ,
2261 1442 2322 1481 ἅτε
2337 1447 2426 1484 θεῖον

1392 1494 1473 1532 ὄντα
1489 1495 1583 1542 ,τὴν
1604 1498 1798 1544 καλλίστην
1819 1501 1990 1536 κινεῖσθαι
2018 1498 2171 1545 κίνησιν·
2188 1498 2379 1549 καλλίστης
2399 1500 2429 1538 δ’

1391 1555 1495 1601 οὔσης
1509 1556 1571 1601 τῆς
1585 1555 1619 1593 ἐν
1638 1554 1755 1594 κύκλω
1772 1572 1954 1604 κινησεως,
1974 1558 2103 1606 ταύτην
2121 1559 2226 1598 αὐτὸν
2243 1559 2425 1599 κινεῖσθαι.

1389 1617 1435 1658 Ἥ
1457 1617 1492 1656 δὲ
1512 1617 1670 1665 αἴσθησις
1691 1616 1735 1655 τὰ
1758 1617 1819 1666 μὲν·
1837 1619 1876 1656 ἐκ
1895 1620 1955 1655 τοῦ
1975 1617 2077 1667 λόγου
2099 1622 2308 1692 μαρτυροῖτο
2321 1616 2397 1656 ἄν’
2378 1633 2424 1661 ως

1389 1675 1690 1723 ἀληθεύουσα,οὐ
1724 1677 1792 1728 μὴν
1817 1678 1906 1724 αὔτη
1932 1677 2090 1729 παρέσχε
2129 1675 2191 1723 τὴν
2220 1679 2336 1716 πίστιν
2361 1692 2424 1723 της

1387 1734 1564 1782 κινήσεως.
1586 1735 1676 1787 Περὶ
1697 1734 1732 1773 δὲ
1752 1751 1812 1782 της
1832 1738 1892 1774 τοῦ
1925 1735 2053 1779 παντὸς
2078 1735 2269 1785 κινήσεως,
2289 1737 2336 1780 ὡς
2361 1734 2423 1785 μὲν

1386 1794 1448 1832 οὒκ
1472 1796 1504 1832 ἐν
1532 1793 1650 1846 κύκλῳ
1670 1792 1737 1832 τινι
1757 1794 1912 1844 γίνεται,
1941 1793 2130 1845 νικώμενος
2148 1793 2216 1832 ὑπὸ
2235 1797 2298 1841 τῆς
2322 1795 2424 1846 ἐναρ-

1385 1853 1499 1904 γείας,
1521 1854 1584 1891 οὐκ
1604 1852 1702 1904 ἔσχεν
1727 1855 1898 1891 ἀντειπεῖν
1917 1853 2103 1892 Πλάτωνι
2125 1854 2273 1905 παρεῖχε
2290 1851 2326 1891 δὲ
2339 1853 2424 1892 κάν-

1385 1915 1496 1950 ταῦθα
1517 1911 1684 1963 διαφορὰν
1704 1928 1799 1964 αυτῳ
1814 1911 1852 1950 τὸ
1871 1911 1976 1951 καλὸν
1998 1915 2100 1950 τοῦτο
2117 1911 2253 1963 εύρημα
2271 1915 2332 1950 τοῦ
2351 1927 2423 1950 σιο-

1386 1985 1506 2021 ματος.
1538 1969 1583 2009 ‘O
1617 1969 1678 2020 μὲν
1710 1970 1777 2022 γὰρ
1804 1972 1976 2022 Πλάτων,
2011 1970 2072 2008 ἅτε
2104 1970 2209 2009 ὄντων
2245 1970 2422 2022 τεσσάρων

1385 2029 1581 2079 σωμάτων,
1602 2029 1661 2067 καὶ
1694 2028 1833 2068 πάντων
1855 2027 1958 2081 φύσει
1977 2028 2187 2079 κινουμένων
2221 2027 2338 2076 ἁπλῆν
2363 2028 2423 2067 καὶ

1386 2174 1545 2215 assignat,
1560 2183 1659 2215 quem
1672 2176 1706 2207 et
1717 2173 1841 2216 alioqui
1862 2173 2121 2215 pulcherrimum
2139 2182 2212 2207 esse
2230 2175 2263 2207 et
2279 2183 2354 2206 eum
2370 2175 2423 2207 ta-

1385 2233 1465 2265 lium
1490 2242 1666 2275 corporum
1687 2233 1805 2266 natura
1829 2232 2042 2275 conjunctum
2068 2241 2142 2266 esse
2158 2234 2296 2266 constat.
2314 2234 2423 2269 Quum

1384 2293 1470 2325 enim
1486 2293 1551 2325 illae
1575 2292 1717 2334 globosae
1739 2292 1820 2332 sint,
1841 2292 1915 2334 jure
1938 2291 2073 2324 volubili
2088 2291 2232 2333 quodam
2259 2294 2292 2325 et
2310 2291 2343 2324 in
2363 2299 2421 2324 01-

1386 2352 1457 2384 bem
1486 2353 1561 2384 acto
1586 2352 1680 2384 motu
1701 2351 1835 2393 singulae
1863 2351 2021 2383 cicantur.
2049 2351 2092 2383 At
2118 2350 2310 2382 Aristoteles
2338 2349 2425 2382 hunc

1385 2419 1516 2452 quoque
1533 2412 1661 2442 motum
1679 2410 1746 2442 illis
1761 2409 1874 2451 eripit,
1893 2417 1959 2450 quo
1975 2410 2134 2450 tanquam
2149 2408 2302 2441 animatae
2321 2416 2421 2450 agan-

1386 2474 1440 2503 tui
1445 2480 1612 2513 ,eumque
1626 2471 1732 2503 solum
1747 2469 1919 2512 relinquit,
1935 2469 1993 2512 qui
2012 2469 2055 2502 ab
2075 2468 2146 2502 aliis
2159 2468 2378 2503 ambientibus
2390 2468 2425 2501 et

1387 2531 1649 2572 continentibus,
1668 2533 1826 2573 tanquam
1841 2530 1994 2564 inanimis
2007 2530 2179 2563 afferatur.
2199 2529 2299 2562 Addit
2311 2529 2422 2569 etiam,

1385 2591 1472 2632 quod
1504 2591 1630 2623 moveri
1654 2590 1749 2622 nobis
1778 2590 1881 2622 stellae
1907 2589 2094 2629 videantur,
2126 2588 2159 2620 id
2182 2587 2366 2621 infirmioris
2391 2589 2426 2620 et

1385 2650 1479 2693 quasi
1499 2650 1692 2692 trepidantis
1713 2649 1799 2682 oculi
1815 2649 1896 2682 vitio
1913 2648 2005 2690 fieri,
2027 2657 2131 2692 neque
2153 2648 2200 2681 ita
2221 2657 2257 2681 se
2273 2657 2344 2681 rem
2361 2647 2423 2679 ha-

1384 2708 1498 2741 bere:
1519 2708 1653 2750 perinde
1683 2717 1722 2740 ac
1750 2708 1779 2740 si
1803 2708 1897 2740 Plato
1915 2707 2014 2740 talem
2040 2708 2168 2740 motum
2183 2707 2246 2739 hoe
2263 2705 2336 2739 viso
2360 2705 2423 2738 sibi

1385 2767 1605 2809 persuaserit,
1626 2776 1664 2800 ac
1682 2776 1746 2799 non
1773 2767 1884 2809 potius
1911 2766 2046 2799 rationis
2073 2766 2140 2798 vim
2166 2767 2200 2798 et
2220 2767 2423 2798 momentum

1385 2828 1553 2868 sequatur,
1569 2834 1644 2868 quae
1659 2825 1776 2866 docet,
1794 2825 2070 2868 quemadmodum
2086 2833 2293 2866 unaquaeque
2310 2832 2422 2856 carum

1385 2884 1531 2917 animans
1546 2884 1589 2917 sit
1598 2885 1738 2927 ,utpote
1753 2884 1860 2917 animo
1879 2884 1976 2917 simul
1991 2886 2025 2917 et
2044 2893 2179 2926 corpore
2201 2882 2358 2926 praedita.
2375 2882 2423 2915 sic

1387 2953 1447 2976 suo
1474 2944 1617 2985 quodam
1636 2946 1729 2977 motu
1748 2953 1820 2977 eam
1842 2943 1970 2976 incitari
1994 2956 2002 2976 ι
2034 2944 2174 2985 (corpus
2200 2942 2286 2975 enim
2307 2949 2421 2982 omne,

1385 3003 1473 3044 quod
1505 3006 1658 3036 moxetur
1687 3003 1912 3043 extrinsecus,
1938 3002 2116 3035 inanimum
2141 3004 2209 3042 est3
2232 3000 2321 3044 quod
2347 3010 2424 3033 vero

1385 3062 1537 3095 interiore
1549 3063 1583 3096 et
1599 3071 1658 3095 suo
1672 3064 1766 3095 motu
1782 3061 1898 3100 cietur,
1917 3061 2148 3102 animatum)
2168 3061 2219 3094 sin
2232 3062 2341 3094 autem
2356 3069 2425 3093 mo-

1387 3123 1516 3164 veatur,
1534 3121 1612 3163 quia
1627 3120 1737 3154 divina
1753 3120 1819 3161 sit,
1837 3120 2056 3162 pulcherrimo
2073 3130 2146 3153 eam
2162 3122 2256 3153 motu
2276 3119 2347 3161 uti,
2367 3118 2425 3162 qui

1386 3189 1490 3222 quum
1516 3190 1578 3213 non
1603 3180 1686 3213 alius
1705 3179 1765 3220 sit,
1789 3188 1888 3222 quam
1916 3179 1970 3212 hic
1995 3179 2027 3211 in
2050 3179 2164 3213 orbem
2189 3178 2421 3219 circumactus,

1387 3240 1475 3272 hunc
1500 3240 1598 3272 etiam
1624 3238 1755 3272 omnino
1780 3247 1852 3271 eam
1872 3237 1991 3271 sortiri.
2010 3239 2131 3273 Sensus
2154 3239 2264 3270 autem
2288 3243 2368 3270 vera
2389 3234 2424 3268 in

1388 3298 1450 3330 hoc
1476 3306 1592 3339 genere
1614 3296 1819 3336 renuntians,
1837 3294 1990 3336 quamvis
2015 3295 2101 3327 illam
2124 3293 2260 3327 rationis
2277 3300 2424 3325 normam

1386 3357 1572 3390 testimonio
1600 3366 1659 3389 suo
1678 3355 1867 3396 confirmet,
1891 3355 2001 3387 tamen
2027 3353 2179 3387 motionis
2201 3351 2298 3386 istius
2326 3349 2424 3384 fldem

1386 3425 1444 3457 per
1461 3425 1495 3448 se
1516 3425 1582 3449 non
1598 3414 1686 3448 facit.
1712 3413 1776 3448 Sed
1793 3412 1882 3454 quod
1910 3412 1950 3444 ad
1968 3411 2114 3444 universi
2136 3412 2264 3444 motum
2285 3409 2422 3448 attinet,

1390 3474 1577 3508 Aristoteles
1592 3483 1628 3508 re
1644 3472 1812 3516 perspicua
1833 3473 1867 3504 et
1882 3469 2026 3504 evidenti
2045 3469 2231 3511 convictus,
2251 3476 2352 3512 quum
2367 3467 2422 3500 ad·

2451 476 2466 492 Χ

1386 583 1470 615 στην
1491 562 1579 605 εἶναι
1611 566 1835 616 συμὸέὸηκε,
1866 565 1926 604 καὶ
1958 565 2205 616 προσήκουσαν
2237 567 2354 606 αὐτῶν
2380 571 2425 621 τῇ
2448 582 2455 589 ·

1386 627 1485 679 φύσει
1517 630 1576 665 τοῦ
1604 625 1778 675 σώματος.
1818 623 2002 676 Σφαιρικοὶ
2037 623 2105 675 γὰρ
2136 623 2251 673 ὄντες,
2283 625 2423 671 εἰκότως
