2508 3776
279 199 358 238 530

278 286 355 334 λον,
376 285 398 332 ἢ
419 283 476 322 τὸν
506 282 712 336 εὐεργέτην·
736 284 755 330 ἡ
775 282 842 336 γὰρ
863 281 1012 335 μεγίστη
1033 283 1175 337 φίλησίς
1197 288 1314 338 ἐστιν,

276 340 366 397 ᾗτις
398 344 489 397 φιλεῖ
518 339 743 381 ἑαυτόν-Ἔτι
765 342 800 380 δὲ
822 343 882 381 καὶ
913 342 966 382 ὅτι
991 345 1009 382 6
1041 344 1104 395 μὲν
1137 347 1319 399 εὐεργέτης

277 406 400 441 ἑαυτοῦ
421 403 551 454 γίνεται
575 401 720 453 βελτίων
741 403 951 454 εὐεργετῶν,
984 403 1044 442 καὶ
1075 405 1203 457 ἀγαθὸν
1222 407 1317 459 αὐτῷ

276 466 349 502 ἐστι
381 463 420 501 τὸ
446 464 638 516 εὐεργετεῖν
654 494 664 512 ,
697 462 758 502 καὶ
779 462 836 501 διὰ
864 468 965 502 τοῦτο
991 463 1110 517 χαίρει
1123 468 1172 517 τῷ
1193 460 1230 505 εὐ
1249 466 1318 505 πά-

275 537 405 594 σχοντι,
425 521 476 560 ὅτι
497 524 532 560 ἐν
561 523 655 575 αὐτῷ
670 525 792 574 θεωρεῖ
810 523 849 561 τὸ
871 525 998 562 ἑαυτοῦ
1019 525 1147 576 ἀγαθόν
1161 540 1169 550 ·
1187 528 1205 564 6
1226 525 1261 564 83
1281 522 1320 565 εὐ

273 583 421 634 πάσχων
442 583 480 620 οὐ
511 581 643 633 γίνεται
667 581 812 634 βελτίων
834 584 960 621 ἑαυτοῦ
982 599 1031 636 τῳ
1051 583 1223 637 πάσχειν·
1241 585 1318 624 οὐδὲ

274 642 308 678 ἐν
323 658 371 679 τω
386 640 548 702 εὐεργέτῃ
564 657 578 679 ε
582 656 678 694 χειτι
691 640 839 693 ἀγαθόν·
859 641 1007 694 βελτίων
1022 642 1105 714 γάρ..
1107 658 1158 689 τις
1174 643 1319 684 δύναται

273 700 430 752 γενέσθαι
451 700 484 745 εξ
515 703 561 739 ὧν
583 701 684 745 αὐτὸς
707 707 823 739 ποιεῖ·
844 703 879 740 ἐν
902 703 952 755 τῷ
973 702 1121 755 ἐνεργεῖν
1150 703 1219 757 γάρ
1238 706 1315 744 ἐστι

271 760 311 798 τὸ
328 759 541 813 ἀνθρώπινον
557 761 706 812 ἀγαθόν,
729 760 849 814 ὥσπερ
864 762 898 800 ἐν
914 766 988 806 τοῖς
1006 761 1200 814 ἔμπροσθεν
1216 762 1318 816 εἴρη-

271 835 344 859 ται.
367 820 435 858 Διὰ
461 824 559 858 τοῦτο
587 819 619 858 εἴ
646 819 679 858 τί
697 821 788 859 ἐστιν
808 819 874 867 ἡδὺ
895 823 945 874 τῷ
965 814 1003 859 εὐ
1024 822 1196 874 πάσχοντι
1213 824 1312 877 παρὰ

270 880 320 931 τῷ
340 878 517 931 εὐεργέτῃ,
535 880 597 917 οὐκ
611 879 739 930 ἀγαθόν
755 881 847 919 ε’στιν
863 881 969 918 αὐτοῦ
985 911 995 931 ,
1016 881 1107 919 ἀλλὰ
1123 881 1314 935 συμφέρον·

270 937 309 976 τὸ
326 936 360 976 δὲ
392 938 566 992 συμφέρον
599 940 665 991 οὐχ
697 939 801 983 οὕτως
833 939 898 988 ἡδὶ)
930 940 990 978 καὶ
1026 941 1170 992 φιλητόν
1193 943 1286 981 ἐστιν
1300 971 1311 991 ,

270 998 315 1038 ὡς
329 996 368 1035 τὸ
389 995 537 1047 ἀγαθόν·
567 997 604 1035 τὸ
627 998 694 1050 γὰρ
719 1000 848 1050 ἀγαθὸν
869 1000 967 1044 τέλος
988 1000 1062 1039 ἐστὶ
1092 1003 1151 1039 τοῦ
1173 1000 1310 1055 συμφέ-

272 1071 400 1108 ροντος,
412 1057 471 1095 καὶ
484 1056 540 1095 διὰ
558 1056 596 1096 τὸ
610 1057 739 1109 ἀγαθὸν
762 1058 821 1097 καὶ
837 1058 876 1098 τὸ
890 1058 1066 1112 συμφέρον
1081 1059 1224 1113 φιλητόν
1239 1061 1314 1099 ἐστι

269 1115 327 1154 καὶ
343 1117 431 1164 ἡδύ·
465 1118 598 1167 μᾶλλον
616 1117 684 1170 ἄρα
707 1117 718 1139 f
738 1121 830 1170 φιλεῖ
851 1121 869 1157 6
890 1120 1072 1172 εὐεργέτης
1092 1119 1149 1158 τὸν
1182 1114 1220 1158 εὐ
1238 1119 1310 1158 πά-

269 1190 399 1227 σχοντα
412 1206 422 1224 ,
442 1175 465 1223 ἢ
487 1178 545 1214 ὑπ’
561 1177 691 1215 ἐκείνου
714 1180 879 1231 φιλεῖται.
901 1177 983 1217 Ἔτι
999 1182 1058 1217 τοῦ
1071 1180 1199 1230 ἀγαθοῦ
1213 1178 1313 1226 ἡδεῖά

269 1235 344 1274 ἔστι
359 1236 418 1274 καὶ
438 1238 460 1283 ἡ
477 1235 647 1289 ἐνέργεια,
668 1236 728 1276 καὶ
745 1239 767 1284 ἡ
789 1238 904 1285 ἐλπίς,
927 1238 985 1276 καὶ
1008 1241 1030 1286 ἠ
1049 1238 1172 1289 μνήμη
1188 1253 1197 1262 ·
1215 1238 1311 1291 ἐνέρ-

268 1310 345 1346 γεια
364 1294 427 1347 μὲν
441 1296 612 1348 παρόντος
632 1295 691 1335 καὶ
711 1297 910 1349 γινομένου,
931 1298 1029 1342 ἐλπὶς
1050 1298 1085 1336 83
1107 1297 1309 1348 μέλλοντος,

270 1354 391 1405 μνήμη
407 1354 442 1394 83
457 1356 736 1407 παρεληλυθότος
750 1368 760 1378 ·
782 1356 878 1404 ἥδιον
897 1357 932 1395 83
952 1357 1062 1408 παρὸν
1075 1357 1113 1395 τὸ
1122 1357 1267 1409 ἀγαθόν,
1287 1355 1309 1405 ἢ

269 1413 413 1463 μέλλον,
434 1413 494 1452 καὶ
513 1415 778 1465 παρεληλυθός
804 1414 878 1454 ἔστι
897 1414 968 1454 836
992 1415 1054 1466 μὲν
1077 1416 1311 1469 εὐεργετηθεὶς

267 1472 376 1523 παρὸν
402 1473 530 1525 ἀγαθὸν
553 1477 612 1511 τοῦ
624 1473 907 1525 εὐεργετηκότος·
927 1473 1023 1525 μένει
1040 1474 1107 1528 γὰρ
1127 1490 1167 1513 το
1182 1475 1311 1526 ἀγαθὸν

267 1532 326 1569 καὶ
348 1531 591 1594 ·tte›)a›2(p<5xn<5xem
597 1531 771 1580 ἐστιν,ὃ’
756 1549 790 1571 εν
812 1536 861 1583 τῷ
876 1536 912 1571 εὐ
934 1533 1077 1573 παθόντι
1096 1537 1114 1573 6
1132 1535 1312 1588 εὐεργετης

267 1593 411 1644 θεωρεῖ·
423 1595 483 1630 τοῦ
500 1591 535 1629 83
553 1595 590 1630 εὐ
617 1591 786 1636 παθόντος
806 1593 845 1632 τὸ
861 1594 989 1644 ἀγαθὸν
1021 1593 1099 1632 οὔτε
1117 1593 1234 1645 μένει*
1252 1598 1312 1637 καὶ

266 1649 334 1702 γὰρ
368 1650 544 1702 χρήσιμον
564 1654 631 1700 ἠν,
659 1651 720 1689 καὶ
743 1650 820 1702 ἅμα
837 1654 879 1704 τῇ
899 1651 1025 1705 χρήσει
1051 1654 1311 1706 παρελήλυθεν·

266 1709 343 1747 οὔτε
358 1709 513 1761 ἀγαθόν’
499 1726 572 1747 εστι
591 1710 733 1762 κυρίως·
755 1727 814 1749 και
833 1711 890 1749 διὰ
899 1717 1000 1751 τοῦτο
1019 1711 1087 1751 εἴτε
1102 1713 1161 1752 καὶ
1173 1713 1227 1743 8”
1204 1730 1312 1768 αμφω

266 1771 450 1822 παρῆσαν,
479 1769 609 1817 ἥδιον
593 1786 633 1808 αν
652 1773 692 1817 ἠν
713 1770 753 1809 τὸ
779 1774 839 1809 τοῦ
861 1771 1041 1823 εὐεργέτου
1075 1772 1218 1824 ἀγαθόν,
1242 1773 1311 1812 εἴτε

265 1829 325 1866 καὶ
346 1828 452 1881 ἄμφω
473 1830 651 1881 παρῆλθον
664 1859 674 1876 ,
698 1829 844 1876 ἡδίων
827 1846 867 1868 αν
883 1834 925 1878 ἠν
944 1835 966 1879 ἡ
986 1830 1108 1881 μνήμη
1129 1835 1189 1870 τοῦ
1211 1834 1310 1886 εὐερ-

265 1887 365 1940 γέτου
387 1887 411 1934 ἢ
429 1891 486 1926 τοῦ
510 1888 795 1940 εὐεργετουμένου
809 1919 818 1937 ,
837 1891 914 1927 καθ’
927 1888 1007 1927 ὅσον
1022 1888 1039 1911 ¹¹
1059 1893 1080 1937 ἡ
1101 1894 1159 1928 τοῦ
1181 1893 1310 1943 ἀγαθοῦ

267 1947 389 1999 μνήμη
419 1946 544 1995 ἡδίστη
572 1945 645 1986 ἐστὶ
667 1947 844 1999 μάλιστα,
862 1951 884 1995 ἡ
909 1948 943 1986 δὲ
976 1952 1035 1987 τοῦ
1064 1950 1242 2002 χρησίμου
1271 1954 1309 1991 οὐ

264 2007 374 2052 πάνυ,
409 2005 432 2053 ἢ
462 2002 565 2054 ἧττον
579 2006 585 2028 ³
600 2022 608 2031 ·
629 2008 658 2045 εἷ
678 2007 744 2060 γὰρ
767 2011 789 2055 ἡ
811 2008 1003 2061 προσδοκία
1031 2012 1100 2048 τῶν
1123 2011 1309 2064 χρησίμων

265 2066 436 2105 ἀνάπαλιν
462 2065 553 2119 ἔχει,
574 2066 634 2105 καὶ
655 2067 762 2113 ἡδίων
777 2068 850 2106 ἐστὶ
869 2070 930 2114 τ’ἤς
947 2068 1087 2119 μνήμης
1107 2071 1309 2122 παρεληλυ-

264 2125 371 2164 θότων
394 2127 532 2174 ἀγαθῶν
547 2141 555 2150 ·
575 2127 733 2178 φαίνεται
752 2126 865 2166 τοίνυν
887 2128 947 2166 καὶ
969 2127 1025 2166 διὰ
1043 2131 1155 2166 ταῦτα
1177 2131 1309 2179 μᾶλλον

263 2187 375 2239 φιλεῖν
397 2185 454 2223 τὸν
484 2185 665 2237 εὐεργέτην
689 2186 746 2224 τὸν
767 2179 804 2225 εὐ
830 2186 1028 2239 πάσχοντα,
1050 2186 1073 2235 ἢ
1099 2189 1160 2226 ὑπ’
1178 2189 1309 2230 ἐκείνου

262 2245 452 2297 φιλεῖσθαι.
485 2240 570 2283 ’Έτι
590 2247 612 2291 ἡ
642 2245 704 2295 μὲν
727 2245 866 2298 φίλησις
896 2246 1050 2299 ἐνεργείᾳ
1080 2245 1191 2295 ἔοικε,
1211 2248 1307 2288 τὸδὲ

260 2305 433 2357 φιλεῖσθαι
453 2303 578 2342 πάθει·
600 2309 670 2348 τοῖς
692 2304 806 2342 τοίνυν
825 2307 1001 2357 ἐνεργοῦσι
1021 2305 1066 2344 τὰ
1084 2307 1224 2360 φιλικά,
1247 2310 1307 2357 δη-

259 2363 373 2402 λονότι
406 2368 476 2406 τοῖς
503 2365 718 2416 εὐεργέταις,
746 2365 882 2414 μᾶλλον
919 2364 1089 2417 προσήκει
1110 2366 1149 2404 τὸ
1174 2369 1304 2418 φιλεῖν,

261 2421 369 2468 ἢτοῖς
389 2422 597 2474 πάσχουσιν.
621 2420 702 2461 Ἔτι
727 2422 771 2462 τὰ
791 2423 885 2476 πόνῳ
913 2425 1083 2470 κτηθέντα
1117 2426 1305 2480 στέργομεν

263 2483 396 2530 μᾶλλον
417 2482 475 2519 καὶ
507 2482 673 2533 φιλοῦμεν
710 2484 779 2520 τῶν
819 2482 969 2537 ῥᾳδίωςΙς
995 2484 1302 2536 κατορθωθέντων·

262 2539 338 2578 ὅθεν
377 2539 436 2577 καὶ
457 2540 499 2578 τὰ
519 2540 690 2592 χρήματα
712 2542 743 2579 οἱ
760 2542 977 2590 κτησάμενοι
1006 2545 1073 2582 τῶν
1094 2543 1302 2596 διαδεξαμέ-

261 2614 328 2636 νων
351 2600 482 2649 μᾶλλον
513 2601 685 2652 φιλοῦσιν·
715 2600 788 2639 ἔστι
810 2602 844 2639 δὲ
867 2602 993 2641 ἄπονον
1026 2602 1088 2652 μὲν
1110 2602 1149 2641 τὸ
1169 2597 1206 2642 εὐ
1232 2605 1303 2643 πά-

263 2673 376 2710 σχειν,
405 2659 551 2709 ἐργῶδες
571 2659 659 2697 δὲτὸ
681 2664 717 2698 εὐ
738 2663 872 2699 ποιεῖν·
891 2660 965 2700 ἔστι
980 2661 1015 2700 83
1034 2662 1072 2701 τὸ
1088 2680 1130 2713 με
1134 2679 1150 2700 ν
1172 2667 1208 2701 εὖ
1228 2665 1303 2702 πά-

263 2717 418 2770 σχεινῙ’
404 2733 436 2755 εν
466 2720 515 2770 τῷ
547 2719 662 2770 εὐεργε
667 2735 769 2769 τουμε
762 2721 841 2772 ’νῳ,
874 2721 914 2760 τὸ
935 2716 1035 2759 δὲ
998 2725 1033 2759 εὐ
1066 2724 1177 2761 ποιεῖν
1198 2725 1232 2761 ἐν
1252 2727 1303 2778 τῷ

262 2776 440 2828 εὐεργέτῃ·
461 2792 519 2814 και
547 2776 603 2815 διὰ
623 2781 723 2816 τοῦτο
744 2781 761 2816 6
783 2781 1064 2833 εὐεργετουμενος
1090 2785 1224 2835 μᾶλλον
1243 2783 1263 2831 ἢ
1286 2788 1303 2823 6

262 2836 444 2887 εὐεργέτης
463 2836 626 2888 φιλεῖται
653 2837 721 2874 Koa
744 2837 799 2875 διὰ
818 2842 920 2878 τοῦτο
937 2842 995 2879 καὶ
1019 2843 1054 2880 αἱ
1078 2842 1224 2896 μητέρες
1243 2859 1303 2896 φι-

259 2893 500 2946 λοτεκνότεραι
525 2895 680 2944 μᾶλλον,
698 2895 734 2933 ὅτ
739 2897 863 2950 ιπόνῳ
894 2915 1080 2951 γεννωσιν,
1108 2901 1130 2948 ἢ
1161 2905 1192 2940 οἱ
1221 2907 1304 2940 παῖ·

262 2953 316 2997 δες
346 2953 597 3007 φιλομήτορες,
626 2969 674 2991 τω
697 2957 783 3005 μηεδ
787 2972 804 2992 ν
835 2957 921 3010 ὑπὲρ
942 2965 1001 2999 τοῦ
1028 2964 1197 3014 τεχθηναι
1226 2976 1304 2999 ποι-

261 3027 364 3059 ησαι·
396 3012 456 3052 καὶ
479 3013 657 3062 μᾶλλον”
645 3029 759 3052 ισασιν
783 3018 817 3053 αἱ
840 3017 1004 3071 μητέρες,
1023 3021 1076 3059 ὅτι
1097 3020 1130 3066 εξ
1162 3021 1303 3060 ἐκείνων

261 3073 292 3109 οἳ
312 3070 485 3120 παῖδες,
467 3087 489 3117 η
510 3072 540 3108 οἳ
571 3072 704 3118 παῖδες
743 3075 796 3111 ὅτι
815 3077 917 3115 αὐταὶ
950 3079 1159 3130 παρήγαγον
1180 3082 1227 3124 εἷς
1242 3079 1302 3118 τὸν

264 3131 349 3183 βίον.
384 3133 507 3170 Ἰαῦτα
528 3132 561 3171 83
585 3133 758 3178 δόξειεν“λ
741 3152 784 3174 αν
816 3141 901 3176 εἶναι
936 3139 996 3177 καὶ
1019 3145 1089 3182 τοῖς
1111 3139 1304 3191 εὐεργέταις

262 3192 386 3231 οἰκεῖα.
406 3191 475 3229 Καὶ
489 3191 556 3243 γὰρ
570 3194 607 3231 οὐ
625 3194 727 3244 μόνον
737 3196 897 3235 ἐπίπονόν
913 3214 945 3235 τι
962 3203 1117 3236 ποιοῦσιν
1134 3198 1220 3250 ὑπὲρ
1235 3200 1304 3237 τῶν

262 3253 298 3287 εὐ
311 3249 531 3303 πασχόντων,
541 3251 631 3291 ἀλλὰ
640 3254 699 3292 καὶ
713 3255 876 3303 μᾶλΛον”
864 3272 975 3294 ισασιν
987 3257 1039 3295 οτι
1053 3258 1302 3308 εὐεργετοῦσιν,

262 3308 420 3355 ἢέκεῖνοι
436 3312 664 3363 γινώσκουσιν
692 3313 746 3352 ὅτι
778 3314 845 3352 ὑπὸ
861 3315 992 3353 τούτων
1024 3317 1299 3367 εὐεργετοῦνται.

264 3369 335 3407 Καὶ
355 3369 421 3423 γὰρ
441 3372 617 3425 ἐνδέχεται
634 3372 691 3411 τὸν
712 3367 750 3412 εὐ
772 3379 935 3413 ποιοῦντα
961 3376 1023 3413 οὐκ
1036 3373 1139 3413 αὐτὸν
1154 3375 1299 3421 οἴκοθεν,

263 3428 339 3466 ἀλλ’
369 3430 476 3483 ἑτέρῳ
496 3432 778 3485 ὑπηρετούμενον
801 3433 1016 3486 εὐεργετεῖν,
1038 3433 1098 3472 καὶ
1117 3434 1173 3472 διὰ
1199 3438 1301 3474 τοῦτο

1115 161 1391 240 ᾸΝΠΒΟΝῙΟΙ
1421 200 1599 240 RHODII

1665 157 1683 175 Ο

1379 295 1478 327 amat.
1504 296 1615 332 Quum
1635 295 1749 328 autem
1763 294 1908 329 maxime
1921 297 2160 341 semet-ipsum
2185 293 2307 343 aliquis
2319 302 2420 340 amet.

1378 352 1589 395 maximeque
1614 363 1712 386 suum
1732 353 1874 396 quisque
1901 364 1984 397 opus
2005 359 2103 398 amet,
2119 358 2218 391 etiam
2233 368 2308 392 eum
2321 368 2423 403 quem

1379 411 1536 444 beneficio
1566 412 1716 453 ornavit,
1746 418 1912 455 quatenus
1943 414 2048 456 ipsius
2082 425 2166 458 opus
2190 419 2253 458 est,
2278 418 2423 452 maxime

1379 471 1503 503 amabit
1524 483 1531 503 z
1551 471 1693 514 ideoque
1714 472 1813 505 etiam
1832 473 1937 515 magis
1962 483 2064 516 quam
2076 484 2153 509 eum
2167 486 2188 510 a
2211 486 2279 520 quo
2295 479 2346 512 est
2363 477 2423 512 be-

1378 530 1501 563 neficiis
1533 530 1675 564 affectus
1697 544 1706 565 ε
1733 532 1880 566 maxima
1904 533 2001 573 enim,
2017 544 2084 577 qua
2107 535 2183 578 quis
2209 536 2423 580 semetipm

1378 591 1486 629 amat,
1514 591 1635 623 amatio
1659 594 1719 626 est.
1737 593 1905 626 Praeterea
1926 593 2026 626 etiam
2043 593 2122 636 quia
2142 595 2324 636 beneficus,
2340 595 2424 637 dnm

1378 647 1460 681 bene
1477 648 1550 681 aliis
1571 648 1652 681 facit
1669 659 1703 682 se
1721 649 1792 692 ipso
1818 651 1934 683 melior
1946 651 1996 691 fit,
2021 651 2212 695 bonumque
2229 652 2277 687 illi
2297 652 2425 687 aab&

1378 706 1537 748 nefacere,
1564 707 1686 741 idcirco
1704 717 1836 751 quoque
1854 719 1893 742 eo
1917 710 1976 752 qui
1992 710 2190 744 heneficium
2213 710 2421 755 accipin-de-

1378 766 1530 807 lectatur,
1547 767 1638 809 quod
1660 767 1696 801 in
1714 777 1753 801 eo
1774 768 1898 802 bonum
1923 779 2022 802 suum
2043 770 2159 804 videt:
2174 772 2423 814 quumwwntra

1376 826 1476 858 homo
1496 823 1660 860 beneficiis
1681 830 1818 861 ornatus
1837 829 1979 871 acceptis
2001 829 2067 862 illis
2088 839 2153 863 non
2171 830 2230 863 liat
2253 822 2370 864 melini·
2386 839 2424 864 se

1379 884 1450 927 ipso
1462 910 1471 925 ‚
1509 895 1616 928 neque
1662 886 1698 920 in
1733 887 1967 921 beneficiorum
1998 891 2133 923 auctore
2162 889 2269 923 ullum
2301 889 2424 925 habeat

1376 941 1499 975 bonum
1522 954 1531 976 ε
1558 952 1598 976 ex
1624 943 1666 976 iis
1705 944 1792 977 enim
1816 954 1892 987 quae
1918 946 1989 987 ipse
2021 946 2142 989 aliquis
2175 947 2275 988 lacit,
2306 947 2423 982 melior

1377 1001 1448 1034 fieri
1467 1003 1605 1044 potest.
1625 1012 1768 1045 namque
1794 1004 1828 1036 in
1856 1004 1998 1046 agendo,
2023 1007 2062 1039 ut
2088 1015 2188 1048 supra
2209 1006 2337 1040 dictum
2358 1009 2421 1046 est,

1376 1060 1559 1094 humanum
1579 1062 1726 1094 cernitur
1738 1062 1871 1096 bonum
1888 1065 2009 1104 Quare,
2035 1065 2064 1098 si
2081 1065 2165 1107 quid
2184 1065 2234 1099 illi
2249 1066 2307 1100 cui
2319 1066 2422 1101 hene-

1376 1119 1489 1152 ficium
1522 1120 1622 1153 datur
1647 1120 1682 1153 in
1700 1130 1751 1162 e0,
1771 1131 1791 1154 a
1810 1131 1878 1164 quo
1897 1123 2028 1165 accipit,
2051 1117 2423 1166 Jucunditntiseduu'-

1376 1178 1485 1217 detur,
1504 1178 1540 1212 id
1563 1189 1627 1212 non
1652 1180 1776 1213 honum
1800 1181 1851 1213 illi
1867 1183 1928 1222 est,
1946 1182 2005 1215 sed
2020 1182 2130 1216 utile:
2157 1183 2201 1217 id
2206 1183 2424 1228 auoemqmd

1378 1237 1460 1271 utile
1480 1240 1542 1278 est,
1563 1239 1688 1272 nonita
1702 1242 1735 1272 et
1746 1241 1930 1282 Jucundum
1946 1243 1997 1274 est
2010 1244 2044 1275 et
2063 1242 2212 1282 amabile,
2227 1245 2266 1276 ut
2280 1242 2318 1277 id
2332 1243 2424 1287 quod

1377 1298 1428 1330 est
1449 1297 1573 1330 bonum
1592 1310 1600 1331 ε
1621 1298 1656 1331 id
1671 1299 1759 1332 enim
1777 1300 1868 1342 quod
1881 1301 2004 1334 honum
2021 1304 2082 1342 est,
2098 1301 2171 1335 finis
2183 1303 2234 1336 est
2246 1302 2318 1345 ejus
2331 1302 2423 1346 quod

1378 1359 1427 1390 est
1453 1357 1551 1397 utile,
1580 1359 1614 1390 et
1637 1361 1771 1401 propter
1794 1359 1976 1393 bonitatem
1997 1361 2126 1394 utilitas
2150 1361 2300 1395 amabitis
2321 1362 2423 1397 etiam

1377 1418 1410 1448 et
1426 1416 1572 1458 jucunda
1583 1419 1659 1451 est:
1678 1418 1782 1460 magis
1799 1428 1876 1461 ergo
1901 1420 2067 1454 beneficus
2083 1420 2251 1455 hominem
2265 1420 2422 1455 beneficio

1377 1474 1535 1508 affectum
1555 1478 1661 1516 amat,

1375 1534 1480 1577 ipsius
1502 1536 1647 1578 jucunda
1677 1539 1710 1571 et
1729 1537 1814 1570 actio
1845 1540 1878 1570 et
1904 1547 1978 1580 spes
2006 1541 2057 1572 est
2074 1541 2109 1572 et
2126 1539 2311 1574 memoria..-
2334 1541 2422 1574 actio

1374 1594 1509 1636 quidem
1525 1596 1697 1637 praesentis
1713 1598 1746 1629 et
1774 1597 1858 1629 dum>
1873 1597 1983 1630 adhuc
2003 1598 2144 1641 lit‚,spes
2158 1597 2276 1640 futuri,
2292 1608 2421 1633 memo-

1375 1655 1424 1688 ria
1456 1656 1614 1697 praeteriti
1645 1670 1653 1689 2
1682 1657 1862 1699 Jucundius
1889 1653 2000 1690 aute'm
2027 1660 2078 1692 est
2105 1659 2231 1692 bonum
2254 1668 2419 1703 proesemt,

1374 1722 1476 1755 quam
1494 1714 1646 1746 futurum
1668 1717 1701 1747 et
1717 1714 1927 1756 praeteritum
1944 1727 1954 1747 .-
1968 1717 2019 1748 est
2046 1717 2158 1748 autem
2172 1715 2273 1751 homo
2294 1717 2418 1752 henefi-

1375 1769 1435 1801 ciis
1467 1771 1604 1803 ornatus
1636 1778 1781 1811 praesens
1812 1770 1935 1803 bonum
1964 1770 2201 1805 beneficiorum
2234 1773 2382 1814 auctoris
2409 1786 2418 1806 τ

1373 1827 1485 1857 manet
1504 1825 1591 1857 enim
1624 1833 1662 1856 ac
1692 1824 1889 1857 diuturnum
1912 1827 1963 1857 est
1981 1825 2122 1863 bonum,
2151 1825 2244 1868 quod
2270 1826 2422 1874 itt-aeci-

1701 1487 1803 1520 quam
1832 1478 1875 1511 ab
1897 1479 1955 1512 illo
1982 1481 2124 1513 amatur.
2154 1481 2319 1515 Praeterea
2345 1480 2423 1518 boni
2470 1519 2479 1530 κ

1372 1882 1482 1923 piente
1504 1881 1746 1923 contemplatur
1761 1881 1790 1914 is
1816 1881 1875 1923 qui
1895 1881 1987 1914 dedit
2007 1895 2016 1915 ι
2037 1882 2110 1924 ejus
2122 1892 2202 1916 vero
2223 1882 2347 1921 bonum
2360 1883 2420 1926 qui
2467 1933 2470 1938 Δ
2498 1891 2508 1924 Ὶς

1373 1938 1569 1971 beneficium
1589 1938 1713 1980 accepit
1743 1947 1850 1980 neque
1883 1940 1994 1971 manet
2029 1950 2038 1971 ε
2074 1939 2197 1972 etenim
2226 1940 2309 1974 utile
2334 1943 2419 1982 erat,

1373 2003 1505 2036 unaque
1522 2003 1597 2026 cum
1614 2002 1678 2026 usu
1699 1992 1780 2026 abiit
1795 2002 1803 2022 ε
1823 2002 1929 2035 neque
1949 1994 2078 2036 proprie
2103 1997 2154 2028 est
2167 1986 2291 2029 bonum
2309 1993 2421 2046 :ideo-

1373 2059 1439 2092 que
1457 2049 1527 2082 sive
1550 2051 1730 2091 utrumque
1755 2051 1804 2081 est
1823 2058 1979 2091 praesens,
2004 2049 2185 2091 jucundius
2200 2049 2337 2097 benefici
2356 2051 2420 2089 Bo-

1372 2114 1453 2137 num
1475 2106 1535 2142 est,
1555 2104 1625 2137 sive
1642 2106 1823 2146 utrumque
1840 2104 2012 2146 praeteriit,
2028 2107 2139 2138 tamen
2160 2105 2344 2148 datiquam
2362 2097 2419 2139 acss·

1374 2160 1458 2202 copti
1483 2159 1630 2192 beneficii
1658 2159 1836 2201 jucundior
1857 2162 1906 2192 est
1936 2159 2133 2202 recordatio,
2156 2162 2322 2203 quatenus
2339 2159 2418 2194 boni

1371 2215 1524 2253 maxime,
1544 2214 1700 2246 utilitatis
1719 2223 1797 2246 velo
1816 2224 1879 2246 non
1903 2214 2092 2253 admodum,
2115 2217 2173 2248 aut
2199 2215 2310 2249 minus
2328 2208 2418 2249 (3ὲῆ6
2472 2234 2473 2238 =
2502 2208 2508 2224 ἶ

1369 2270 1515 2312 jucunda
1529 2271 1581 2302 est
1608 2268 1818 2301 recordatio.
1836 2269 1959 2311 quippe
1975 2269 2053 2302 licet
2069 2269 2225 2303 utilitatis
2244 2271 2357 2304 contra
2383 2275 2419 2304 se

1371 2325 1492 2357 habeat
1515 2323 1727 2366 exspectatio,
1748 2332 1824 2366 quae
1850 2324 2094 2366 praeteritorum
2126 2324 2288 2359 bonorum
2311 2328 2418 2360 reeor-

1371 2381 1502 2414 datione
1513 2383 1562 2414 est
1571 2380 1759 2422 jucundior,
1774 2382 1885 2413 tamen
1899 2380 2023 2413 idcirco
2036 2380 2141 2422 magis
2157 2390 2269 2415 amare
2283 2382 2416 2416 videtur

1371 2438 1522 2471 beneficii
1543 2440 1658 2470 auctor
1687 2437 1852 2470 hominem
1877 2437 2034 2470 beneflcio
2059 2439 2224 2479 ornatum,
2243 2446 2345 2481 quam
2373 2439 2416 2472 ab

1371 2492 1428 2525 illo
1456 2491 1570 2525 amari.
1593 2494 1755 2525 Praeterea
1784 2492 1906 2524 amatio
1937 2491 2058 2524 actioni
2082 2491 2200 2526 similis
2221 2494 2273 2526 est
2283 2502 2415 2536 >quum

1370 2550 1472 2582 amari
1489 2549 1532 2582 ad
1559 2549 1775 2591 perpessionis
1800 2547 2051 2581 similitudinem
2075 2547 2210 2582 accedat
2230 2561 2240 2581 ι
2257 2558 2315 2582 eos
2338 2558 2416 2592 ergo

1370 2606 1427 2648 qui
1459 2605 1612 2638 amicitiae
1653 2605 1850 2638 documenta
1883 2604 1984 2643 dant,
2020 2603 2056 2637 id
2086 2607 2149 2644 est,
2181 2604 2414 2639 beneficiorum

1369 2663 1521 2694 auctores
1551 2660 1656 2702 magis
1678 2669 1788 2693 amare
1815 2659 1909 2692 decet
1945 2668 2045 2702 quam
2070 2658 2220 2692 homiues
2250 2659 2416 2693 beneficiis

1370 2715 1517 2749 affectos.
1541 2717 1627 2754 Quin
1655 2716 1755 2749 etiam
1784 2725 1823 2748 ea
1841 2724 1918 2757 quae
1945 2714 2056 2748 labore
2080 2715 2176 2748 nobis
2205 2715 2412 2758 peperimus,

1367 2772 1471 2813 magis
1490 2771 1640 2804 amamus
1663 2771 1835 2813 magisque
1857 2769 2104 2812 amplectimur,
2125 2769 2228 2812 quam
2248 2778 2302 2803 res
2322 2770 2415 2809 nullo

1368 2829 1498 2869 negotio
1515 2829 1595 2860 bene
1611 2829 1719 2869 gestas
1741 2838 1748 2860 ε
1767 2828 1969 2869 quapropter
1987 2825 2087 2859 etiam
2109 2834 2188 2868 opes
2217 2834 2296 2869 suas
2310 2825 2415 2867 magis

1366 2886 1478 2916 amant
1495 2884 1543 2916 illi
1563 2884 1621 2926 qui
1641 2893 1697 2915 eas
1711 2882 1968 2925 acquisiverunt,
1989 2890 2090 2922 quam
2109 2880 2166 2923 qui
2182 2890 2201 2913 a
2222 2880 2414 2927 parentibus

1366 2948 1422 2971 eas
1442 2940 1639 2980 acceperunt
1662 2951 1669 2970 :
1683 2937 1753 2979 jam
1778 2945 1856 2968 vero
1873 2934 1968 2967 facile
1988 2936 2049 2974 est,
2069 2934 2226 2967 beneficia
2251 2934 2409 2977 accipere,

1366 2994 1499 3027 difficile
1530 2995 1603 3027 aliis
1620 2995 1702 3027 bene
1729 2993 1837 3026 facere
1861 3004 1869 3024 ι
1889 2993 1939 3024 est
1964 2992 2075 3024 autem
2096 2989 2251 3022 beneficia
2266 2989 2412 3033 accipere

1365 3049 1510 3082 hominis
1540 3049 1694 3082 beneficio
1729 3048 1853 3086 affecti,
1888 3046 1970 3079 hene
1991 3043 2099 3077 facere
2129 3053 2208 3077 vero
2236 3043 2372 3077 benefici
2401 3051 2409 3071 =

1365 3104 1506 3146 ideoque
1535 3103 1640 3145 magis
1668 3103 1726 3146 qui
1763 3103 1881 3145 accipit
1915 3100 2109 3134 heneficium
2140 3100 2281 3136 amatur,
2309 3106 2411 3140 quam

1366 3161 1545 3194 beneficus.
1567 3162 1680 3201 Neque
1706 3159 1769 3191 alia
1785 3161 1836 3192 est
1855 3167 1964 3196 causa,
1990 3165 2050 3189 cur
2069 3156 2190 3188 liberos
2209 3163 2287 3187 suos
2306 3152 2411 3195 magis

1366 3219 1475 3251 ament
1494 3219 1629 3256 matres,
1652 3217 1732 3258 quia
1755 3215 1912 3248 nimirum
1928 3223 2044 3255 magno
2064 3212 2175 3245 labore
2193 3220 2248 3244 eos
2262 3210 2407 3253 pariunt,

1364 3284 1464 3315 quam
1492 3273 1587 3305 liberi
1617 3274 1753 3310 matres,
1787 3273 1958 3313 propterea
1989 3269 2080 3312 quod
2110 3268 2193 3302 nihil
2228 3268 2351 3300 navant
2375 3268 2409 3299 et

1365 3328 1522 3367 efficiunt,
1541 3330 1579 3360 ut
1603 3328 1781 3360 nascantur
1805 3326 1998 3367 :magisque
2025 3325 2134 3357 sciunt
2158 3325 2294 3363 matres,
2312 3331 2354 3355 ex
2373 3330 2408 3354 se

1365 3384 1484 3415 liberos
1513 3392 1585 3415 esse
1622 3384 1728 3421 natos,
1759 3391 1859 3424 quam
1897 3381 1991 3414 liberi
2020 3388 2055 3413 se
2080 3380 2122 3413 ab
2151 3379 2217 3412 illis
2242 3380 2276 3412 in
2300 3378 2406 3412 lucem

1365 3439 1472 3472 editos
1487 3442 1520 3472 et
1539 3441 1709 3480 susceptos
1741 3447 1822 3471 esse.
1850 3439 1958 3480 Atque
1990 3437 2061 3470 haec
2077 3435 2212 3478 quidem
2239 3435 2341 3469 etiam
2363 3433 2406 3466 ad
