2508 3776
275 196 355 236 444

274 284 402 321 πολλοῦ
416 281 547 318 δεῖσθαι
562 275 624 323 τὴν
645 274 843 326 ἐμπειρίαν.
862 273 935 313 Καὶ
954 276 1055 313 τοῦτο
1076 272 1112 312 δὲ
1127 274 1312 313 ἀκόλουθον

275 340 491 392 σκέψασθαι,
519 338 592 378 πῶς
614 336 646 373 οἱ
664 333 734 372 νέοι
768 332 1011 383 μαθηματικοὶ
1043 332 1106 383 μὲν
1135 332 1312 385 γίνονται,

275 396 372 450 σοφοὶ
393 396 428 435 δὲ
447 395 470 442 ἢ
495 393 632 446 φυσικοὶ
654 393 828 443 οὐδαμῶς·
847 390 871 438 ἢ
893 390 945 430 ὅτι
971 394 1040 430 τῶν
1072 392 1135 442 μὲν
1159 394 1313 446 φυσικῶν

273 455 331 495 καὶ
350 457 411 501 τῆς
431 452 552 506 σοφίας
567 453 603 491 αἳ
621 450 731 504 ἀρχαὶ
752 449 822 488 ἀπὸ
840 452 908 489 τῶν
926 453 1004 489 καθ’
1026 449 1160 490 ἕκαστα
1177 449 1316 501 λαμὸοί-

272 528 413 561 νον-ταις
434 511 507 552 Καὶ
527 510 594 564 γὰρ
615 510 676 549 καὶ
693 510 756 558 τὴν
778 509 902 562 σοφίαν
921 539 931 558 ,
953 509 1030 557 ἥτις
1046 509 1188 563 περὶτὰ
1208 512 1314 560 ἀναγ-

272 574 358 612 καῖά
395 573 469 610 ἔστι
494 569 554 609 καὶ
583 570 680 608 ἀίδια
693 599 705 622 ,
743 567 911 607 ἀδύνατόν
947 570 1022 607 ἔστι
1055 571 1315 621 κατορθωθῆναι

272 632 352 671 ἄνευ
380 634 442 678 τῆς
472 630 668 682 ἐμπειρίας.
701 627 787 667 Ἀπὸ
820 627 888 679 γὰρ
909 630 977 666 τῶν
995 627 1079 678 ἡμῖν
1108 628 1168 666 καὶ
1185 630 1228 681 τῇ
1259 628 1315 665 αἷ-

271 689 392 737 σθήσει
405 689 588 742 γνωρίμων
608 686 665 726 ἐπὶ
681 686 726 725 τὰ
740 686 826 738 ὑπὲρ
841 685 1002 733 αἴσθησιν
1018 685 1185 738 ἀγόμεθα·
1205 686 1315 739 χωρὶς

273 749 335 801 μὲν
359 748 427 801 γὰρ
447 751 505 786 τοῦ
525 748 656 799 γνῶναι
676 745 754 785 τίνα
785 745 1020 796 συμὸαίνουσι
1039 746 1128 799 τῷδε
1147 744 1171 792 ἢ
1193 745 1314 800 ἐκείνῳ

273 810 322 860 τῷ
341 809 476 861 φυσικῷ
489 837 499 854 ,
522 805 580 844 τὸν
600 805 749 845 καθόλου
770 804 852 858 περὶ
874 806 985 843 αὐτῶν
1005 803 1123 855 λόγον,
1156 804 1195 843 οὖ
1214 805 1315 842 δυνα-

271 867 329 906 τὸν
359 870 605 919 συμπερᾶναιῐ
625 865 702 903 οὐδὲ
723 868 871 912 ποιῆσαι
894 863 1110 914 ἐπιστήμην.
1136 862 1255 903 Πάλιν
1278 864 1313 902 δὲ

271 925 379 979 χωρὶς
397 928 457 973 τῆς
471 928 617 977 φυσικῆς
631 923 830 974 ἐπιστήμης
848 922 1015 962 ἀδύνατον
1032 924 1090 962 ἐπὶ
1106 922 1169 970 τὴν
1190 922 1314 976 σοφίαν

272 986 394 1023 ἐλθεῖν*
416 983 504 1034 μετὰ
523 981 568 1021 τὰ
588 982 719 1035 φυσικὰ
741 982 810 1034 γὰρ
829 980 873 1019 τὰ
894 981 980 1034 ὑπὲρ
1001 980 1102 1035 φύσιν
1122 981 1316 1034 γιγνώσκο-

273 1058 348 1094 μεν·
369 1042 409 1081 τὸ
436 1041 470 1081 δὲ
488 1044 617 1093 γνῶναι
635 1041 680 1080 τὰ
709 1044 787 1080 καθ’
816 1042 972 1088 ἕκαστα,
993 1040 1175 1093 ἐμπειρίας
1207 1039 1312 1079 ἐστίν·

271 1105 294 1149 ἡ
315 1101 350 1141 δὲ
367 1102 531 1154 ἐμπειρία
551 1100 675 1153 χρόνου
695 1102 838 1139 πολλοῦ·
858 1100 918 1139 καὶ
934 1098 991 1138 διὰ
1010 1103 1112 1138 τοῦτο
1131 1099 1210 1143 τοὺς
1223 1099 1316 1143 νέους

272 1163 310 1200 οὗ
330 1161 472 1200 δυνατὸν
493 1158 658 1215 φυσικοὺς
679 1159 701 1206 ἢ
720 1163 844 1213 σοφοὺς
865 1152 968 1198 εἶναι.
991 1160 1070 1197 Τῶν
1093 1158 1128 1197 δὲ
1147 1162 1315 1210 μαθημα-

271 1221 377 1258 τικῶν
395 1221 431 1258 αἱ
452 1219 560 1273 ἀρχαὶ
582 1218 688 1272 χωρὶς
706 1221 769 1266 τῆς
791 1218 875 1266 ὕλης
896 1217 1155 1268 λαμὸάνονται·
1178 1217 1238 1256 καὶ
1259 1217 1315 1255 διὰ

272 1282 372 1317 τοῦτο
393 1280 431 1317 οὗ
452 1279 574 1331 χρείαν
610 1278 732 1330 ἔχουσι
764 1281 895 1329 γνῶσιν
919 1277 1011 1329 ἔχειν
1033 1279 1102 1314 τῶν
1129 1274 1207 1314 καθ’
1228 1275 1315 1313 ἕκα-

273 1353 351 1376 στα·
382 1338 442 1377 καὶ
469 1337 536 1388 γὰρ
566 1338 629 1375 οὔκ
646 1338 680 1375 ἓν
700 1339 744 1388 τῇ
767 1336 834 1389 ὕλῃ
867 1339 1036 1375 σκοποῦσι
1066 1334 1124 1374 τὸν
1144 1332 1271 1372 κύκλον
1292 1333 1315 1380 ἢ

272 1397 329 1435 τὸν
352 1395 517 1449 ἀριθμόν,
537 1398 571 1435 ἐν
597 1390 621 1447 ᾗ
640 1395 827 1443 πολυειδής
847 1411 919 1442 τις,
941 1397 987 1438 ὡς
1018 1394 1148 1442 εἰπεῖν,
1174 1392 1234 1431 καὶ
1254 1392 1316 1431 ἀό-

274 1471 387 1509 ριστος
407 1455 560 1507 γίνεται,
584 1454 742 1507 καθάπερ
774 1453 819 1492 τὰ
841 1453 974 1507 φυσικὰ
996 1455 1014 1492 ὁ
1046 1452 1200 1506 φυσικός·
1225 1451 1316 1492 ἀλλὰ

272 1514 454 1568 ἀφελόντες
473 1516 536 1561 τῆς
553 1513 636 1561 ὕλης
655 1513 714 1552 καὶ
733 1513 835 1552 αὐτὸν
851 1515 1061 1555 σκοποῦντες
1077 1511 1155 1550 καθ’
1175 1509 1312 1559 ἑαυτόν,

270 1572 393 1613 τούτου
413 1575 516 1624 χάριν
539 1571 618 1616 τοὺς
646 1572 741 1615 νέους
772 1572 871 1610 οὐδὲν
898 1570 1026 1610 κωλύει
1047 1568 1315 1621 μαθηματικοὺς

271 1626 372 1672 εἶναι·
389 1630 531 1684 καὶγὰρ
551 1630 611 1675 τὰς
629 1630 693 1681 μὲν
712 1632 781 1669 τῶν
802 1633 958 1684 φυσικῶν
977 1629 1111 1683 ἀρχάς,
1144 1629 1205 1668 καὶ
1226 1629 1314 1673 ὅλως

270 1688 314 1728 τὰ
334 1689 462 1744 φυσικὰ
482 1689 513 1727 εἰ
537 1690 598 1728 καὶ
627 1688 801 1741 λέγουσιν,
820 1688 898 1728 ἀλλ’
927 1690 989 1727 οὐκ
1015 1688 1134 1727 ἴσασιν
1165 1687 1316 1742 ἀκριὸῶς

271 1748 351 1800 περὶ
371 1749 484 1786 αὐτῶν
500 1777 513 1795 ,
534 1747 611 1787 οὐδὲ
632 1746 851 1786 πιστεύουσι·
873 1746 935 1791 τὰς
963 1747 1000 1785 δὲ
1021 1748 1089 1786 τῶν
1111 1750 1314 1798 μαθηματι-

271 1811 340 1848 κῶν
362 1808 421 1847 καὶ
441 1808 658 1846 πιστεύουσι·
690 1806 904 1858 γινώσκουσι
925 1806 993 1859 γὰρ
1017 1806 1075 1846 διὰ
1096 1806 1135 1844 τὸ
1160 1805 1315 1858 ὡρισμέ-

270 1884 346 1912 νους
366 1861 454 1906 εἷναι
473 1866 552 1910 τοὺς
576 1867 688 1905 αὐτῶν
710 1865 847 1916 λόγους.
871 1865 977 1906 Ἐπεὶ
1001 1865 1116 1904 τοίνυν
1139 1866 1285 1918 φανερόν
1300 1895 1311 1915 ,

271 1924 325 1964 ὅτι
341 1930 401 1973 τῆς
418 1925 617 1979 φρονήσεως
638 1928 703 1972 τῆς
720 1927 846 1972 ἠθικῆς
866 1924 962 1963 αἰτία
982 1923 1076 1963 ἐστὶν
1093 1927 1116 1971 ἡ
1138 1924 1314 1977 ἐμπειρία,

270 1984 332 2032 τὴν
353 1984 389 2023 δὲ
416 1984 599 2038 ἐμπειρίαν
634 1986 696 2022 οὐκ
722 1984 772 2022 ἔνι
794 1984 953 2036 γενέσθαι
987 1983 1101 2036 χωρὶς
1136 1984 1316 2029 κοινωνίας

272 2044 476 2092 πολιτικῆς,
508 2047 530 2090 ἡ
548 2043 584 2081 δὲ
604 2043 771 2090 πολιτικὴ
807 2042 970 2081 κοινωνία
1000 2044 1037 2081 οὖ
1058 2041 1206 2080 δύναται
1226 2036 1314 2082 εἶναι

273 2101 353 2140 ἄνευ
382 2105 443 2148 τῆς
464 2103 645 2147 πολιτικῆς
665 2102 883 2154 φρονήσεως,
900 2103 1003 2148 δῆλον
1026 2100 1079 2139 ὅτι
1105 2100 1169 2148 τὴν
1185 2102 1313 2149 ἠθικὴν

271 2160 435 2213 φρόνησιν
457 2162 496 2199 οὗ
518 2160 661 2199 δυνατὸν
689 2154 779 2198 εἶναι
809 2160 891 2198 ἄνευ
911 2163 973 2207 τῆς
1000 2161 1198 2206 πολιτικῆς.
1231 2159 1315 2200 Ἔτι

271 2219 347 2258 ἐπεὶ
363 2222 385 2266 ἡ
405 2219 567 2271 ἁμαρτία
589 2223 610 2267 ἡ
631 2219 712 2271 περὶ
731 2220 792 2264 τὰς
813 2219 952 2272 πράξεις
977 2218 1046 2257 ἀπὸ
1068 2218 1207 2269 ἀγνοίας
1227 2234 1316 2270 συμ-

272 2276 408 2326 ὅαίνει,
429 2276 452 2323 ἢ
483 2279 545 2321 τῆς
569 2276 736 2325 καθόλου,
761 2276 784 2324 ἢ
818 2279 879 2323 τῆς
903 2279 1051 2327 μερικῆς
1079 2274 1161 2326 (καὶ
1194 2275 1262 2328 γὰρ
1291 2279 1309 2315 ὁ

272 2338 403 2386 ἀγνοῶν
435 2335 603 2384 καθόλου,
628 2336 681 2373 ὅτι
713 2336 757 2374 τὰ
779 2335 1013 2389 βαρύσταθμα
1035 2334 1146 2373 ὕδατα
1178 2336 1312 2387 φαῦλα,

270 2394 330 2433 καὶ
350 2397 367 2432 ὁ
397 2398 498 2433 τοῦτο
517 2394 579 2444 μὲν
600 2393 719 2444 εἰδώς,
744 2396 876 2446 ἀγνοῶν
894 2394 931 2433 δὲ
961 2396 1134 2447 μερικῶς,
1155 2392 1211 2432 ὅτε
1228 2395 1312 2434 τάδε

271 2453 315 2491 τὰ
331 2453 440 2491 ὕδατα
461 2453 690 2506 βαρύσταθμα
701 2483 712 2501 ,
728 2453 856 2504 ὁμοίως
872 2453 1128 2507 ἁμαρτήσεται·
1142 2453 1315 2505 χρήσεται

272 2513 338 2565 γὰρ
358 2512 516 2563 ἑκάτερος
536 2516 604 2557 τοῖς
626 2513 767 2566 φαύλοις
794 2513 916 2563 ὕδασι)
942 2512 1115 2566 φανερόν,
1146 2517 1198 2554 ὅτι
1230 2514 1316 2568 πρὸς

272 2570 311 2609 τὸ
331 2571 379 2620 μὴ
396 2572 561 2623 ἁμαρτεῖν
583 2574 772 2623 ἀναγκαῖον
793 2573 842 2623 μὴ
861 2572 965 2624 μόνον
986 2572 1115 2611 εἷδέναι
1129 2603 1139 2623 ,
1158 2573 1211 2612 ὅτι
1231 2574 1315 2613 τάδε

273 2629 317 2668 τὰ
337 2630 445 2667 ὕδατα
465 2630 719 2682 βαρύσταθμα,
743 2631 835 2670 ἀλλὰ
855 2631 915 2670 καὶ
945 2631 996 2670 ὅτι
1017 2630 1061 2670 τὰ
1084 2631 1316 2685 βαρύσταθμα

275 2690 401 2741 φαῦλα·
417 2689 526 2726 δεῖται
545 2690 610 2741 ἄρα
625 2692 646 2736 ἡ
664 2689 787 2742 μερικὴ
808 2690 970 2743 φρόνησις
986 2693 1048 2738 τῆς
1062 2690 1211 2730 καθόλου
1231 2707 1315 2745 φρο-

274 2748 402 2794 νήσεως
421 2750 482 2793 τῆς
502 2748 694 2794 πολιτικῆς,
718 2748 778 2786 καὶ
799 2748 968 2790 ἀδύνατον
988 2749 1051 2797 τὴν
1085 2749 1210 2798 ἠθικὴν
1233 2752 1313 2790 ἄνευ

273 2808 335 2852 τῆς
355 2806 534 2851 πολιτικῆς
555 2809 747 2853 συστῆναι,
763 2805 881 2861 ὥσπερ
899 2809 958 2846 καὶ
978 2808 1041 2855 τὴν
1058 2808 1204 2861 μερικὴν
1225 2812 1314 2863 γνῶ-

274 2879 326 2901 σιν
353 2863 433 2901 ἄνευ
453 2866 513 2910 τῆς
541 2865 690 2904 καθόλου
710 2866 759 2915 μὴ
783 2866 999 2918 ἁμαρτάνειν
1027 2867 1206 2907 ἀδύνατον.

327 2921 348 2944 *
370 2921 454 2960 Ἀπὸ
474 2921 603 2961 τούτων
625 2924 660 2962 δὲ
681 2927 827 2979 φανερὸν
847 2927 906 2964 καὶ
931 2928 982 2965 ὅτι
1000 2931 1021 2975 ἠ
1052 2928 1215 2982 φρόνησις
1234 2928 1312 2967 οὔτε

273 2982 451 3029 ἐπιστήμη
469 2981 580 3029 ἐστίν,
600 2981 679 3020 οὔτε
698 2987 784 3027 νοῦς·
802 2985 978 3035 ἐπιστήμη
1000 2987 1079 3038 μέν,
1101 2986 1152 3025 ὅτι
1168 2987 1248 3039 περὶ
1268 2987 1312 3026 τὰ

273 3038 350 3078 καθ’
370 3038 502 3078 ἕκαστά
523 3041 633 3086 ἐστιν,
656 3041 746 3093 ἅπερ
767 3041 894 3095 ὕστερά
921 3045 985 3081 εἷσι
1015 3039 1058 3095 τῇ
1090 3037 1201 3098 φύσει·
1234 3048 1255 3092 ἡ
1277 3044 1312 3083 δὲ

274 3097 451 3148 ἐπιστήμη
472 3100 540 3136 τῶν
560 3098 706 3150 πρώτων
730 3103 773 3151 τῇ
808 3100 908 3152 φύσει
945 3103 1013 3139 τῶν
1046 3102 1196 3141 καθόλου
1226 3103 1311 3142 ἐστί·

273 3160 351 3200 νοῦς
368 3156 404 3195 δὲ
422 3159 444 3203 ἡ
467 3156 628 3210 φρόνησις
649 3160 710 3196 οὐκ
731 3160 837 3198 ἔστιν.

326 3215 368 3239 **
387 3214 471 3256 Ἔτι
489 3217 548 3255 καὶ
570 3217 760 3255 ἀντίκειται
777 3219 826 3270 τῷ
846 3220 906 3271 νῷ.
930 3219 1000 3258 Καὶ
1018 3219 1086 3273 γὰρ
1116 3222 1135 3258 ὁ
1154 3220 1216 3271 μὲν
1238 3226 1311 3265 νοῦς

275 3274 354 3327 περὶ
371 3273 418 3313 τὰ
433 3277 555 3328 πρῶτα
572 3275 631 3314 καὶ
651 3275 884 3315 ἀναπόδεικτα
897 3306 907 3324 ,
935 3277 1096 3331 φρόνησις
1116 3278 1151 3318 δὲ
1170 3278 1250 3330 περὶ
1266 3280 1309 3318 τὰ

1102 186 1382 227 ANDRONICI
1410 186 1590 227 RHomI

1972 142 1987 159 X

1374 278 1549 321 prudentia
1578 287 1690 311 rerum
1716 279 1919 322 singularum
1935 283 2005 320 est,
2030 292 2107 326 quae
2134 292 2197 317 usu
2213 286 2416 326 cognonen*

2370 228 2453 269 ..Σ-ς,-

1375 339 1440 375 tur,
1466 337 1654 370 adolescens
1675 339 1788 371 autem
1810 347 1918 381 neque
1936 348 2000 372 usu
2017 348 2124 383 neque
2149 340 2308 384 sapientia
2329 349 2417 384 prq-
2467 364 2469 369 «
2501 350 2508 375 2

1375 398 1460 436 stat,
1480 395 1560 438 quia
1583 395 1626 428 ad
1645 396 1765 429 talium
1798 406 1909 430 rerum
1926 407 2024 431 usum
2050 399 2300 442 percipiendum
2321 399 2418 444 Ioum
2462 410 2465 412 ’
2506 412 2508 414 ·

1374 458 1522 498 tempore
1534 465 1618 498 opus
1633 458 1693 489 est.
1714 456 1780 490 Sed
1794 457 1856 490 hoc
1869 467 2003 500 quoque
2017 462 2272 494 consentaneum
2286 462 2413 499 estam

1375 514 1554 556 dispicere,
1586 515 1644 557 qui
1672 515 1749 555 fiat,
1779 518 1818 549 ut
1846 516 2070 552 adolescentes
2091 519 2319 555 mathematici
2334 529 2418 562 exa-

1375 573 1474 612 dant,
1497 574 1659 616 sapientes
1685 584 1763 608 vero
1782 578 1840 608 aut
1860 576 1987 618 physici
2018 584 2225 621 nequaquam
2246 587 2326 623 κῃ,
2339 578 2419 623 qnia

1376 633 1585 675 physicorum
1599 636 1632 666 et
1645 635 1812 676 sapientia}
1828 635 1987 679 principia
2006 646 2026 669 a
2047 623 2418 687 singularibuesjfflnv

1375 691 1452 722 tur?
1468 691 1631 724 Nimirum
1652 692 1723 734 ipsa
1741 693 1917 735 sapientia,
1937 704 2014 737 quae
2035 695 2069 728 in
2091 696 2192 730 rebus
2214 697 2420 743 tuum

1375 749 1471 782 sariis
1495 752 1567 782 tum
1593 751 1725 784 aeternis
1741 755 1903 792 versatur,
1932 754 2002 787 sine
2021 755 2222 797 experientia
2234 749 2420 798 perffl[*÷nes

1377 808 1461 851 quit.
1486 809 1534 841 Ab
1558 809 1599 842 iis
1615 811 1701 843 enim
1716 837 1723 850 ‚
1739 821 1815 854 quae
1827 812 1920 846 nobis
1936 814 2155 857 sensibusque
2174 817 2252 861 nota
2267 815 2364 855 sunt,
2375 814 2420 854 ml

2123 886 2130 906 :
2156 883 2233 908 nam
2259 873 2325 908 nisi
2344 873 2421 917 quis
2476 889 2486 893 ··

1376 876 1413 900 ea
1437 877 1514 910 quae
1543 878 1659 903 sensus
1686 872 1869 905 excludunt
1898 873 2097 907 deducimur

1376 928 1524 967 noverit,
1545 939 1621 972 quae
1638 931 1810 970 eveniant,
1829 932 1891 965 hac
1913 935 1973 965 aut
1999 933 2055 966 illa
2074 942 2174 967 causa
2198 933 2343 968 naturali
2359 942 2421 968 an—

1376 984 1544 1018 tecedente
1556 1012 1563 1024 ,
1582 986 1616 1019 in
1634 987 1825 1020 universum
1852 988 1893 1021 de
1919 989 1960 1021 iis
1977 989 2086 1023 dicere
2101 992 2160 1023 aut
2176 989 2354 1024 artificium
2377 989 2421 1024 de
2464 972 2492 1033 ,b¹

1375 1044 1415 1077 iis
1435 1054 1627 1086 componere
1659 1054 1725 1077 non
1744 1046 1875 1087 poterit.
1898 1048 2093 1090 Rursusque
2121 1047 2191 1081 sine
2211 1047 2362 1090 doctrina
2378 1047 2421 1080 de
2474 1066 2482 1095 j

1376 1111 1487 1134 rerum
1506 1104 1625 1134 natura
1651 1102 1693 1134 ad
1725 1103 1916 1144 sapientiam
1936 1105 2108 1146 pervenire
2134 1114 2231 1139 nemo
2258 1104 2384 1149 poterit
2407 1115 2416 1136 z

1375 1157 1496 1199 quippe
1516 1160 1591 1199 post
1611 1158 1775 1190 naturalia
1792 1167 1844 1191 res
1867 1159 2075 1193 naturalibus
2091 1160 2232 1203 majores
2253 1159 2421 1206 cognomi?

1376 1222 1451 1245 mus
1470 1224 1478 1245 :
1505 1222 1601 1245 nosse
1627 1215 1739 1246 autem
1768 1214 1963 1256 singularia,
1996 1217 2047 1248 est
2068 1215 2276 1258 experientioe
2295 1211 2313 1250 ι’
2333 1215 2422 1261 longi

1377 1278 1455 1302 vero
1484 1269 1645 1311 temporis
1674 1270 1873 1312 experientia
1906 1281 1913 1303 ε
1948 1271 2088 1315 ideoque
2117 1272 2343 1309 adolescentes
2359 1282 2422 1310 ,nec

1376 1321 1504 1363 physici
1519 1329 1580 1353 nec
1597 1321 1759 1363 sapientes
1777 1331 1848 1355 esse
1864 1326 2002 1365 queunt.
2023 1325 2188 1358 Caeterum
2209 1319 2422 1373 mathemati-

1377 1387 1491 1416 corum
1518 1377 1677 1420 principia
1699 1378 1768 1412 sine
1793 1380 1933 1413 materia
1961 1383 2148 1421 sumuntur,
2178 1390 2219 1415 ac
2247 1383 2440 1429 propterea·

1378 1436 1423 1468 illi
1449 1435 1664 1477 singularium
1693 1436 1877 1478 cognitione
1899 1447 1963 1470 non
1989 1440 2084 1481 egent
2113 1451 2121 1472 :
2143 1448 2251 1482 neque
2279 1439 2366 1475 enim
2385 1439 2421 1477 in

1377 1490 1514 1523 materia
1535 1493 1594 1523 aut
1613 1490 1773 1524 circulum
1788 1494 1847 1524 aut
1865 1501 2040 1526 numerum
2058 1493 2283 1534 considerant,
2306 1489 2422 1538 in'qua

1377 1546 1590 1580 multiformis
1603 1549 1705 1590 atque
1716 1574 1724 1587 ,
1743 1550 1782 1580 ut
1801 1548 1848 1581 ita
1869 1548 1996 1590 dicam,
2022 1549 2213 1584 indefinitus
2229 1550 2269 1584 fit
2280 1577 2288 1590 ,
2302 1555 2422 1595 quem·-

1377 1603 1554 1636 admodum
1575 1605 1737 1637 naturalia
1756 1604 1913 1646 physicus
1936 1604 2122 1638 considerat
2141 1616 2149 1638 :
2171 1606 2230 1640 sed
2259 1605 2420 1640 circulum

1370 1664 1395 1691 'a
1418 1659 1557 1692 materia
1577 1663 1781 1703 segregatum
1812 1670 1870 1703 per
1903 1670 1938 1694 se
1954 1661 2228 1704 contemplantur,
2247 1664 2282 1696 et
2298 1661 2422 1696 idcirco

1375 1716 1456 1748 nihil
1477 1716 1603 1755 obstat,
1623 1718 1800 1760 quominus
1824 1718 2047 1752 adolescentes
2074 1719 2300 1753 mathematici
2326 1719 2392 1753 sint
2410 1731 2419 1752 ε

2488 1293 2508 1385 ‚3

1375 1775 1497 1808 etenim
1525 1774 1567 1807 de
1589 1783 1701 1807 rerum
1734 1774 1935 1807 naturalium
1966 1774 2134 1817 principiis
2154 1774 2354 1818 omninoque
2377 1774 2420 1810 de
2476 1776 2492 1791 ⁷

1375 1831 1474 1866 rebus
1494 1830 1702 1863 naturalibus
1730 1829 1884 1872 quamvis
1911 1829 2101 1872 loquantur,
2131 1831 2243 1864 tamen
2265 1830 2324 1864 illa
2357 1831 2420 1865 ele-

1375 1888 1488 1919 menta
1504 1896 1611 1929 neque
1629 1886 1757 1928 cognita
1773 1886 1916 1925 habent,
1935 1895 2043 1929 neque
2058 1886 2219 1920 credunt:
2239 1889 2275 1920 at
2292 1887 2420 1923 mathe-

1375 1942 1571 1974 maticorum
1592 1941 1751 1983 principia
1777 1941 1878 1973 etiam
1904 1940 2043 1974 credunt
2065 1951 2072 1973 :
2105 1942 2219 1974 tenent
2239 1939 2332 1975 enim
2354 1941 2420 1975 ista

1375 1999 1454 2041 quia
1472 2000 1562 2031 certa
1581 2007 1620 2031 ac
1631 1997 1765 2030 definita
1782 2006 1897 2030 eorum
1916 1997 2001 2030 ratio
2020 1999 2080 2030 est.
2100 1999 2212 2036 Quum
2227 2007 2304 2041 ergo
2318 1997 2421 2032 mani-

1376 2055 1498 2090 festum
1515 2056 1578 2094 sit,
1594 2064 1727 2088 causam
1740 2053 1924 2096 prudentiae
1940 2054 2075 2087 moralis
2087 2063 2159 2088 esse
2172 2055 2418 2097 experientiam,

1376 2112 1444 2145 sine
1469 2111 1625 2144 societate
1643 2110 1733 2142 civili
1752 2111 1863 2142 autem
1883 2118 1954 2142 esse
1975 2111 2117 2151 nequeat
2135 2110 2355 2153 experientia,
2371 2111 2421 2145 cia

1377 2168 1451 2201 vilis
1468 2177 1546 2201 vero
1566 2167 1704 2200 societas
1721 2167 1790 2200 sine
1807 2166 1897 2199 civili
1913 2166 2089 2208 prudentia
2113 2175 2185 2200 esse
2201 2176 2265 2200 non
2280 2168 2384 2210 possit
2399 2181 2418 2201 ⁷:

1376 2223 1509 2265 apparet
1534 2221 1742 2263 prudentiam
1758 2221 1915 2253 moralem
1934 2220 2002 2252 sine
2025 2219 2115 2252 civili
2140 2229 2212 2253 esse
2226 2229 2291 2253 non
2310 2229 2419 2264 posse.-

1375 2281 1539 2312 Praeterea
1559 2287 1665 2320 quum
1682 2277 1845 2320 quidquid
1863 2276 1897 2309 in
1915 2275 2098 2309 actionibus
2114 2278 2269 2319 peccatur
2286 2284 2425 2311 causam

1376 2335 1429 2368 vel
1451 2335 1683 2367 universarum
1719 2333 1773 2366 vel
1809 2333 2013 2374 singularum
2046 2341 2158 2365 rerum
2182 2332 2418 2374 ignorationem

1376 2390 1497 2422 habeat
1524 2389 1670 2430 (etenim
1707 2388 1767 2431 qui
1804 2388 1839 2420 in
1877 2387 2068 2420 universum
2097 2387 2261 2428 ignorabit
2302 2398 2419 2431 graves

1377 2454 1481 2487 aquas
1505 2444 1642 2478 vitiosas
1661 2452 1748 2482 esse,
1765 2445 1798 2476 et
1816 2443 1876 2485 qui
1890 2443 1953 2475 hoc
1971 2443 2072 2481 sciet,
2096 2442 2181 2476 illud
2195 2451 2274 2476 vero
2287 2451 2420 2486 separa—

1376 2500 1437 2533 tim
1465 2500 1646 2542 ignorabit,
1679 2499 1740 2532 has
1770 2498 1857 2541 ipsas
1890 2507 1994 2541 aquas
2020 2507 2136 2540 graves
2161 2508 2243 2539 esse,
2267 2500 2420 2534 similiter

1375 2554 1523 2587 errabit:
1552 2553 1630 2596 quia
1655 2555 1796 2595 uterque
1825 2552 1920 2595 aquis
1951 2552 2081 2585 vitiosis
2113 2554 2248 2595 utetur)
2282 2556 2419 2597 apparet

1374 2617 1505 2640 necesse
1518 2616 1609 2645 esse,
1631 2609 1670 2639 ut
1689 2606 1717 2639 si
1739 2606 1814 2649 quis
1833 2615 1942 2639 errare
1970 2605 2071 2645 nolit,
2091 2615 2156 2639 non
2178 2606 2287 2640 solum
2311 2607 2414 2647 sciat,

1374 2660 1435 2692 has
1467 2669 1571 2702 aquas
1583 2668 1700 2701 graves
1716 2667 1808 2697 esse,
1825 2658 1883 2691 sed
1903 2658 2003 2691 etiam
2028 2667 2144 2700 graves
2160 2658 2300 2692 vitiosas
2316 2668 2388 2693 esse
2407 2673 2415 2692 :
2443 2698 2449 2701 ,

1374 2713 1589 2754 quamobrem
1611 2710 1786 2753 prudentia
1803 2710 2014 2752 particularis
2038 2710 2218 2743 universali
2238 2710 2310 2744 sive
2327 2711 2417 2744 civili

1374 2764 1547 2807 prudentia
1561 2766 1650 2806 eget;
1676 2772 1736 2796 nec
1752 2763 1822 2796 fieri
1841 2765 1967 2805 potest,
1989 2764 2028 2795 ut
2047 2762 2116 2795 sine
2131 2761 2220 2796 civili
2242 2758 2417 2806 prudentia

1373 2818 1508 2852 moralis
1535 2817 1714 2854 consistat,
1742 2816 1829 2849 sicut
1855 2815 2064 2858 particularis
2092 2815 2235 2857 cognitio
2253 2815 2322 2851 sine
2340 2816 2416 2862 uni-

1373 2871 1493 2906 versali
1511 2881 1576 2904 non
1593 2873 1703 2913 potest
1730 2879 1796 2902 non
1809 2879 1927 2902 errare.
2397 2874 2403 2877 ·

1414 2933 1465 2964 Ex
1491 2930 1545 2963 his
1572 2929 1780 2971 intelligitur,
1804 2928 2015 2971 prudentiam
2039 2937 2101 2962 nec
2129 2928 2297 2961 scientiam
2322 2937 2414 2984 esse,⁷
2458 2927 2461 2932 '

1373 2999 1432 3024 nec
1447 2991 1592 3022 mentem
1610 3001 1618 3020 :
1637 2988 1808 3022 scientiam
1822 2988 1901 3030 quia
1915 2989 1950 3021 iu
1966 2987 2203 3030 singularibus,
2217 2997 2293 3031 quae
2309 2989 2416 3031 poste-

1372 3050 1460 3082 riora
1477 3049 1555 3081 sunt
1573 3048 1693 3079 natura
1710 3045 1854 3079 cernitur
1874 3056 1880 3077 :
1903 3045 1938 3078 in
1962 3045 2204 3079 universalibus
2225 3055 2314 3085 vero,
2327 3049 2414 3090 -qum
2465 3066 2468 3070 -

1372 3109 1478 3151 prima
1493 3108 1570 3140 sunt
1586 3107 1726 3143 natura,
1744 3106 1898 3137 versatur
1920 3105 2056 3137 scientia
2075 3118 2082 3137 :
2109 3114 2203 3139 mens
2223 3107 2335 3138 autem
2349 3111 2414 3138 non
2464 3104 2473 3113 ’·

1371 3170 1422 3201 est
1441 3166 1626 3209 prudentia.

1414 3226 1502 3265 Quin
1519 3225 1619 3259 etiam
1638 3223 1788 3267 opposita
1812 3225 1862 3256 est
1880 3223 1994 3256 menti.
2025 3223 2156 3256 Etenim
2174 3232 2268 3257 mens
2284 3223 2319 3256 in
2344 3223 2412 3266 pri-

1371 3286 1451 3324 mis,
1480 3294 1557 3327 quae
1574 3282 1795 3318 demonstrari
1814 3284 2000 3325 nequeunt,
2022 3282 2055 3314 in
2080 3282 2207 3316 ultimis
2231 3291 2310 3316 vero
2324 3284 2411 3324 Ἱππὼ

315 3411 335 3432 ‘¹‘
349 3411 425 3445 Ὅτι
447 3414 475 3447 δ’
492 3415 512 3453 ἡ
527 3412 675 3456 φρόνησις
692 3413 752 3446 οὐκ
768 3413 941 3455 ἐπιστήμη,
960 3415 1030 3448 κτλ.
1045 3430 1087 3441 —-
1108 3415 1148 3435 ⁴¹*
1170 3415 1358 3461 Ἀντίκειται
1382 3415 1438 3459 μὲν
1455 3416 1494 3454 δὴ
1512 3418 1557 3456 τῷ
1572 3415 1694 3456 νῷριτλ

2488 2147 2508 2214 l}

2474 2225 2508 2279 <t

2484 2092 2492 2101 ο
2495 2082 2508 2105 ι]
