2528 3788
79 343 108 413 NJ
122 364 320 416 gmtes
340 361 411 413 qui
430 370 468 399 et
493 361 681 413 privatim
716 358 934 410 discipulos
957 356 1126 395 instituit
1152 365 1190 395 et

101 416 142 444 ·‘·'
178 411 182 418 ¹
208 445 226 453 ι.
241 420 299 460 'ce
337 420 385 459 de
421 420 624 472 sapientiae
651 418 783 459 studio
821 416 1023 465 disseruit,
1068 427 1190 466 quum

219 478 287 519 lis
313 477 460 518 habitis
502 477 719 529 unicuique
752 475 888 515 adesse
914 474 1066 515 liceret.
1107 473 1191 512 Hu-

181 551 184 567 2
201 557 231 570 υ·
252 537 311 576 ·di
331 537 437 576 enim
465 535 724 589 disputationi
760 533 920 575 Polemo
941 531 1078 572 ebrius
1116 532 1190 571 ali-

119 588 154 612 '
171 588 181 597 ’
215 618 232 631 ..
253 611 295 636 ιο
314 597 398 651 (48)
414 597 606 636 interfuit.
625 593 898 634 Aristoteleam
911 605 1007 631 vero
1026 592 1192 632 docendi

116 652 146 700 ἵζ’
172 665 329 696 ‘mnem
349 657 454 696 haud
467 656 630 695 multum
647 654 862 705 diversam,
879 652 946 691 sed
965 653 1084 705 paulo
1103 667 1193 705 per-

212 716 340 755 ⁸·rem
367 715 488 756 fuisse
510 714 760 767 conjicimus.
793 712 986 752 Caeterum
1017 713 1191 763 singulas

101 767 221 809 Tu*
250 784 381 828 partes
401 774 519 814 certis
537 772 706 823 negotiis
729 772 932 824 assignans
958 771 1193 812 Xenocrates

12 875 15 879 ,
58 867 60 870 ,
81 824 130 882 ..ξ
159 832 191 882 f
220 854 237 868 -ι
268 842 422 887 tempus
441 831 631 872 docendis
652 832 967 871 adolescentibus
987 832 1195 871 constitue-

10 894 16 923 5
78 915 90 941 ,ζ
107 887 231 946 ΓΜ,
260 894 370 934 aliud
405 892 677 941 meditationi,
712 891 755 931 id
785 900 846 932 est
875 891 1193 931 commentationi

8 955 13 1004 ξ
64 950 346 1006 &sotim-iae,
369 954 606 994 attribuebat
618 985 630 1005 ‚
648 965 766 992 unam
794 951 965 1003 denique
982 951 1119 994 horam
1138 951 1194 990 si-

9 1009 10 1014 ’
71 1023 102 1062 3-
119 1009 267 1062 ,dontio
287 1011 508 1052 destinabat
531 1013 628 1064 (49).

6 1075 11 1120 .'
153 1103 158 1111 .
194 1070 228 1111 Ε
243 1069 476 1112 Xenocratis
503 1071 737 1124 discipulis,
760 1071 829 1122 qui
859 1083 940 1109 non
966 1070 1097 1108 minus
1118 1070 1193 1108 ho-

6 1156 21 1164 w.
140 1129 331 1180 nuribus,
363 1143 482 1183 quam
519 1143 651 1170 rerum
673 1138 869 1181 gestarum
892 1129 1017 1181 gloria
1042 1130 1191 1168 florue-

4 1190 8 1205 '
90 1181 94 1184 ⁴
139 1196 255 1240 runt,
272 1189 401 1243 primo
421 1190 510 1228 loco
528 1189 737 1242 ponendus
755 1198 814 1228 est
822 1189 999 1228 Phocion
1022 1187 1114 1241 (5ο),
1131 1189 1196 1227 vir

141 1248 292 1301 probus
310 1257 351 1288 et
374 1249 574 1298 eruditus,
592 1258 636 1289 ut
668 1250 738 1301 qui
762 1249 1076 1288 adolescentulus
1105 1249 1194 1287 Pla-

142 1308 248 1356 toni,
283 1307 426 1348 deinde
463 1309 507 1348 in
539 1309 747 1348 Academia
790 1307 1001 1348 Xenocrati
1037 1321 1196 1360 operam

54 1415 59 1420 Ζ
143 1366 314 1407 dedisset
347 1375 463 1419 atque
492 1367 543 1407 ab
574 1368 689 1407 initio
720 1369 843 1407 aetatis
867 1368 949 1419 jam
980 1367 1023 1406 in
1051 1367 1199 1419 optima

119 1429 123 1432 ⁴
143 1438 310 1478 qunque
327 1426 456 1466 studia
475 1427 733 1471 incubuisset.
762 1425 887 1466 Porro
906 1426 1072 1465 Chaeron
1103 1427 1194 1465 Pel-

54 1481 61 1497 '
143 1484 337 1534 lenensis,
359 1494 551 1538 tyrannus
569 1499 694 1526 saevus
722 1495 760 1525 et
779 1486 976 1525 violentus
989 1513 1000 1533 ,
1023 1485 1199 1525 Platonis

91 1595 94 1598 ἢ
145 1553 185 1585 et
206 1543 442 1586 Xenocratis
461 1559 548 1597 quae
567 1545 723 1584 tenebat
738 1554 954 1597 praecepta,
972 1545 1201 1584 crudelitate

58 1598 81 1659 [-
117 1647 119 1650 ,
145 1604 304 1659 vitaque
319 1604 421 1644 foeda
432 1613 472 1643 et
485 1604 707 1644 facinorosa
721 1604 1007 1657 refutavit(51).
1024 1604 1199 1643 Transeo

58 1670 100 1710 sp
145 1661 196 1705 &l
231 1674 300 1703 eos
329 1665 399 1715 qui
430 1671 588 1702 auctore
618 1662 838 1703 Xenocrate
871 1663 914 1702 in
946 1663 1200 1715 philosophia

145 1721 294 1763 muti
313 1730 467 1774 tempus
494 1722 618 1761 aetatis
637 1723 681 1761 in
705 1734 838 1760 reruin
868 1722 1199 1773 contemplatione

145 1788 460 1823 consumserunt.
480 1780 631 1820 Horum
651 1781 804 1832 primus
824 1789 883 1820 est
903 1781 1064 1819 Polemo
1083 1781 1200 1820 Athe·

146 1838 309 1880 niensis.
331 1838 369 1880 Is
387 1839 554 1891 perditae
571 1840 741 1879 luxuriae
756 1839 983 1879 adolescens
1003 1852 1131 1891 neque
1150 1841 1199 1878 il-

59 1903 98 1950 ἵ
144 1896 314 1940 lembi-is
334 1900 615 1938 tantummodo
630 1927 642 1948 ,
680 1900 748 1939 sed
774 1900 891 1952 etiam
923 1899 1010 1951 ipsa
1035 1899 1199 1939 infamia

37 1972 81 2007 :⁴⁸
96 1997 106 2003 ,,
144 1957 343 2011 gaudens,
380 1971 501 2010 quum
533 1972 556 1998 e
576 1959 764 1999 convivio
791 1972 872 1998 non
908 1967 997 2011 post
1019 1972 1198 1998 occasum

68 2011 438 2065 2·.-.snliuad'p0st
454 2026 584 2060 ortum
605 2018 861 2060 surrexisset,
890 2018 1128 2066 domumque
1145 2029 1201 2054 re-

35 2062 66 2110 J·
117 2109 122 2112 ,
146 2078 307 2123 petens,
325 2069 559 2110 Xenocratis
578 2072 805 2124 philosophi
826 2082 1018 2124 patentem
1036 2073 1198 2125 januam

48 2122 68 2128 '⁸
147 2128 336 2178 vidisset3
355 2129 452 2168 vino
471 2129 625 2181 gravis,
644 2132 854 2180 unguentis
876 2131 1096 2179 delibutus,
1115 2145 1197 2171 ser-

149 2341 228 2375 ποτὶ
241 2341 382 2379 ἐλθόντος
398 2343 443 2380 εἰς
457 2341 578 2382 Ἀθήνας
585 2344 639 2376 καὶ
647 2344 876 2386 ἀσπασαμένου
889 2345 1048 2386 αὐτόν,μὴ
1054 2346 1202 2389 πρότερον

149 2387 473 2434 ἀντιπροσαγορεῦσαι
488 2391 559 2433 πρὶν
575 2392 595 2430 ἢ
605 2391 660 2424 τὸν
675 2391 770 2432 λόγον
787 2392 821 2424 ὃν
840 2393 925 2434 ἔλεγε
942 2394 1200 2435 διαπεράνασθαι.

146 2450 191 2461 ·-
205 2437 273 2477 (40)
286 2435 451 2480 Diogenes
477 2438 629 2471 Laertius
646 2437 704 2471 lib.
727 2439 786 2478 lv,
812 2442 844 2472 11
869 2440 1067 2481 ἀτυφότατος
1085 2442 1119 2474 δὲ
1137 2443 1182 2475 ὤν
1193 2469 1201 2484 ,

146 2531 218 2572 σίν,
232 2530 371 2578 ἀπένεμε
385 2535 506 2575 σιωπῇ.
527 2533 682 2566 Stobaeus
704 2534 793 2567 Flor.
813 2537 961 2575 XXXIII,
986 2539 1021 2568 11
1040 2537 1199 2579 Ξενοκρά-

34 2579 48 2621 '37
146 2589 204 2619 της
225 2579 357 2621 διαιρῶν
379 2579 516 2612 Ικαστον
533 2581 625 2622 μέρος
641 2585 696 2620 τῆς
720 2583 838 2624 ἡμέρας
857 2584 900 2619 εἰς
920 2582 1029 2624 πρᾶξίν
1049 2594 1120 2615 τινα
1147 2586 1200 2616 καὶ

40 2630 65 2663 “,
83 2663 85 2669 ,
146 2630 320 2709 mim
347 2628 438 2670 μέρος
459 2628 594 2670 ἀπένεμε
611 2629 841 2672 (vid.-fragm.
865 2632 904 2663 75
919 2630 941 2673 ).
970 2631 1066 2666 Gonf.
1091 2633 1198 2674 Hesy-

62 2707 65 2709 ξ
90 2672 92 2674 ’
179 2712 182 2714 v
201 2682 243 2709 m
257 2674 406 2709 Hileeius
418 2683 451 2708 V.
471 2675 679 2719 Ξενοκράτης.
693 2696 737 2703 -
747 2677 814 2720 (50)
828 2678 1026 2713 Plutarchus
1041 2680 1099 2714 vit.
1115 2680 1198 2714 Pho-

42 2723 66 2749 ε’
95 2739 121 2765 ,q
135 2721 231 2769 don.
248 2731 321 2766 cap.
339 2724 361 2756 4
382 2723 449 2757 vol.
467 2725 510 2763 V,
531 2733 605 2767 pag.
628 2727 647 2758 5
662 2725 715 2759 ed.
732 2726 869 2759 Hutten.
888 2728 916 2759 εἰ
933 2727 994 2769 γὰρ
1010 2728 1066 2768 ἦν,
1087 2730 1129 2766 ὥς
1141 2740 1200 2770 φη·

43 2772 73 2814 ζ’,
125 2780 200 2814 Ζ>σιν
217 2769 411 2812 Ἰδομενεύς,
434 2771 658 2805 δοιδυκοποιοῦ
682 2772 821 2815 πατρός,
843 2774 904 2806 οὐκ
928 2775 966 2807 ἂν
992 2776 1024 2808 ἐν
1048 2779 1093 2817 τῷ
1113 2776 1199 2818 λόγῳ

147 2816 348 2854 Musaue<
361 2818 561 2860 &Timolao-0
571 2843 581 2861 ‚
598 2819 693 2862 μυρία
709 2821 902 2863 συνειληχὼς
915 2823 970 2855 καὶ
983 2824 1117 2864 εἰρηκὼς
1129 2824 1200 2857 κατ’

56 2895 75 2902 ,Ἴ
147 2862 246 2897 αὐτοῦ
263 2863 368 2906 κακά,
383 2865 441 2903 τὴν
461 2865 647 2907 δυσγένειαν
664 2870 807 2909 παρῆκεν
819 2876 827 2884 ·
843 2867 910 2900 οὐδ’
928 2869 966 2901 ἂν
988 2869 1089 2907 οὕτως
1109 2871 1196 2903 ἐλευ-

56 2926 69 2955 ,3
83 2939 86 2941 .
136 2911 252 2954 nepteo
268 2911 341 2954 βίου
357 2913 414 2945 καὶ
432 2913 595 2956 σώφρονος
612 2915 666 2946 καὶ
682 2914 827 2952 παιδείας
853 2915 1007 2957 μετέσχεν
1017 2941 1026 2957 ,
1041 2917 1124 2950 ὥστε
1144 2922 1198 2956 τῆς

41 2965 92 3014 <¹23
147 2958 315 2996 Πλάτωνος
328 2984 338 2999 ,
358 2959 403 2992 ἔτι
424 2960 587 3003 μειράκιον
605 2961 668 3000 ὤν,
691 2961 823 3003 ὕστερον
848 2962 881 2994 δὲ
906 2966 960 3001 τῆς
984 2963 1196 3006 Ξενοκράτους

43 3011 97 3051 -271‘
142 3006 304 3049 δνατριδῆς
317 3008 350 3040 ἐν
369 3006 548 3052 Ἀκαδημίᾳ
570 3012 762 3051 μετασχεῖν,
777 3010 832 3042 καὶ
849 3012 914 3042 τῶν
935 3009 1076 3051 ἀρίστων
1097 3013 1127 3050 ἐξ
1141 3013 1196 3054 ἀρ·

48 3049 61 3095 ’ᾗ
83 3056 94 3077 ἓ
140 3057 206 3096 ⁴1*
220 3054 480 3096 ἐπιτηδευμάτων
507 3056 648 3095 ζηλωτὴς
674 3057 830 3096 γενέσθαι.
858 3075 897 3080 -
926 3058 993 3099 (51)
1016 3058 1197 3093 Athenaeus

38 3097 113 3135 '4⁷7⁰
139 3099 203 3141 ΙΙ).
218 3101 277 3141 xl,
293 3110 367 3144 pag.
388 3104 462 3136 509.
483 3107 622 3136 τοιοῦτοι
641 3104 671 3136 δ’
686 3105 748 3136 εἰσὶ
769 3105 825 3137 καὶ
843 3108 896 3137 νῦν
919 3108 983 3137 τῶν
1007 3107 1195 3149 Ἀκαδημαϊ-

44 3150 110 3193 Ζ
142 3151 214 3183 «ὥν
235 3159 337 3187 τινες,
357 3149 494 3187 ἀνοσίως
514 3151 568 3183 καὶ
585 3151 703 3189 ἀδόξως
727 3153 876 3193 βιοῦντες.
895 3154 1071 3195 Χρημάτων
1093 3155 1151 3196 γὰρ
1166 3156 1197 3193 ἐξ

45 3206 66 3242 Ζ(
80 3198 87 3227 J
127 3195 292 3234 „Au-&cae
307 3197 363 3229 καὶ
381 3197 469 3238 παρὰ
485 3198 579 3239 φύσιν
601 3200 820 3241 κυριεύσαντες
834 3199 885 3231 διὰ
900 3199 1048 3239 γοητείαν
1065 3204 1118 3233 νῦν
1132 3203 1194 3234 εἰσι

74 3271 75 3274 ,
142 3242 348 3284 mima-tm.
361 3252 370 3261 ·
391 3245 500 3288 ὥσπερ
517 3247 573 3279 καὶ
590 3248 718 3289 Χαίρων
739 3248 757 3279 ὁ
776 3247 950 3285 Πελληνεύς
966 3271 975 3287 ,
991 3249 1024 3286 ὃς
1047 3250 1085 3282 οὐ
1101 3250 1196 3292 μόνον

39 3290 48 3297 “
149 3289 298 3324 Πλάτωνι
312 3291 487 3334 ἐσχόλακεν
499 3316 509 3333 ,
519 3293 598 3327 ἀλλὰ
609 3295 663 3327 καὶ
677 3294 875 3336 Ξενοκράτει.
891 3295 952 3327 Καὶ
970 3295 1060 3334 οὗτος
1074 3296 1127 3329 οὖν
1142 3302 1196 3336 τῆς

34 3358 38 3366 -
66 3359 74 3382 ¹-
147 3337 296 3380 πατρίδος
317 3342 436 3381 πικρῶς
461 3342 659 3383 τυραννήσας
679 3343 716 3375 οὐ
750 3342 845 3382 μόνον
873 3342 945 3378 τοὺς
968 3343 1113 3386 ἀρίστους
1132 3348 1195 3376 τῶν

28 3403 30 3410 -
54 3421 63 3429 Ζ
127 3400 131 3402 Ἴ
150 3384 287 3417 πολιτῶν
306 3386 475 3428 ἐξήλασεν,
497 3387 576 3420 ἀλλὰ
595 3389 649 3421 καὶ
675 3392 743 3426 τοῖς
765 3389 885 3422 τούτων
908 3391 1028 3428 δούλοις
1053 3392 1093 3424 τὰ
1117 3393 1194 3431 κτή-

147 3439 236 3472 ματα
256 3435 320 3464 τῶν
336 3433 498 3467 δεσποτῶν
519 3435 744 3477 χαρισάμενος,
760 3436 815 3468 καὶ
828 3436 882 3473 τὰς
900 3437 1028 3470 ἐκείνων
1045 3442 1194 3478 γυναῖκας

148 3479 308 3521 συνῴκισε
324 3480 399 3523 πρὸς
412 3481 516 3523 γάμου
539 3482 705 3515 κοινωνίαν
716 3491 724 3499 ·
741 3485 829 3515 ταῦτ’
843 3484 1008 3523 ὠφεληθεὶς
1025 3486 1060 3518 ἐκ
1070 3489 1123 3524 τῆς
1139 3498 1196 3518 κα·

142 3523 206 3567 ,λῆς
220 3526 384 3566 Πολιτείας
401 3531 455 3564 καὶ
470 3533 533 3564 τῶν
550 3530 740 3573 παρανὸμὼν
756 3531 886 3573 Νόμων.
907 3550 945 3556 -
962 3533 1027 3575 (52)
1042 3531 1194 3567 ValerIus

1017 268 1083 306 DE
1116 267 1448 306 XENOCRATE.

109 2507 111 2509 ·
148 2483 303 2522 πολλάκις
319 2484 423 2526 ἐαυτῷ
443 2488 499 2524 τῆς
515 2486 632 2528 ἡμέρας
652 2487 834 2529 διεμελέτα,
857 2489 911 2520 καὶ
930 2489 1014 2531 ὥραν
1031 2489 1124 2530 μίαν,
1148 2501 1203 2530 φα-

2224 269 2303 308 105

1255 356 1304 394 tis
1341 357 1467 408 capite
1503 357 1713 406 redimito,
1747 358 1943 409 pellucida
1978 366 2087 397 veste
2117 358 2306 409 amictus,

1255 416 1434 454 refertam
1455 415 1570 455 turba
1583 416 1786 456 doctorum
1807 418 2010 457 hominum
2028 417 2201 457 scholam
2222 417 2309 469 ejus

1255 475 1434 516 intravit.
1473 475 1552 514 Nec
1585 484 1790 515 contentus
1820 486 1895 515 tam
1932 477 2103 517 deformi
2140 477 2310 516 introitu

1255 534 1433 573 consedit
1446 535 1560 574 etiam
1571 565 1584 585 ‚
1603 544 1646 574 ut
1659 537 1920 576 clarissimum
1939 537 2142 589 eloquium
2158 546 2197 576 et
2211 551 2310 590 pru-

1253 594 1482 633 dentissima
1519 605 1712 648 praecepta
1756 597 1994 635 temulentiae
2027 597 2189 637 lascivia
2224 597 2310 638 elu-

1254 652 1381 694 deret.
1404 654 1499 693 Orta
1515 654 1678 702 deinde,
1696 664 1745 694 ut
1765 669 1836 707 par
1868 664 1975 704 erat,
1996 656 2174 696 omnium
2205 657 2312 695 indi-

1253 713 1457 763 gnatione,
1479 713 1714 754 Xenocrates
1734 715 1887 754 vultum
1921 714 1965 754 in
1994 715 2131 754 eodem
2170 715 2309 755 habitu

1254 772 1468 823 continuit,
1493 774 1727 826 omissisque
1757 774 1805 812 de
1832 773 1980 825 quibus
2000 774 2241 823 disserebat,
2265 775 2313 813 de

1258 831 1446 871 modestia
1466 846 1510 872 ac
1530 834 1791 885 temperantia
1809 834 1921 885 loqui
1940 835 2071 886 coepit.
2090 834 2212 886 Cujus
2226 848 2311 886 gra-

1257 891 1377 930 vitate
1394 893 1586 931 sermonis
1600 893 1832 945 resipiscere
1850 903 2012 933 coactus
2031 894 2192 933 Polemo
2205 923 2216 943 ,
2234 895 2315 947 pri·-

1259 963 1366 988 mum
1407 965 1591 990 coronam
1606 981 1617 1000 ‚
1664 953 1790 1004 capite
1838 953 2049 992 detractam
2064 984 2076 1005 ‚
2118 953 2310 1006 projecit,

1258 1009 1378 1061 paulo
1413 1019 1503 1062 post
1535 1010 1742 1050 brachium
1783 1013 1887 1051 intra
1925 1013 2087 1064 pallium
2133 1013 2310 1062 reduxit,

1259 1069 1492 1120 procedente
1522 1079 1698 1122 tempore
1718 1073 1802 1111 oris
1833 1072 2053 1111 convivalis
2078 1072 2316 1111 hilaritatem

1260 1127 1444 1179 deposuit
1455 1143 1467 1176 3
1492 1129 1540 1167 ad
1575 1129 1759 1168 ultimum
1797 1139 1916 1169 totam
1952 1131 2151 1169 luxuriam
2181 1133 2312 1180 exuit,

1261 1187 1459 1239 uniusque
1486 1190 1681 1228 orationis
1704 1189 1965 1229 saluberrima
1986 1191 2182 1229 medicina
2199 1204 2315 1229 sana-

1260 1255 1338 1298 tus,
1366 1260 1415 1286 ex
1458 1248 1597 1287 infami
1632 1261 1807 1300 ganeone
1837 1249 2032 1288 maximus
2064 1249 2318 1301 philosophus

1259 1307 1384 1346 evasit
1401 1307 1495 1358 (52).
1518 1307 1688 1347 Eandem
1702 1308 1908 1348 historiam
1925 1309 1981 1348 sic
1992 1309 2120 1359 tetigit
2133 1309 2317 1348 Horatius

1260 1364 1374 1404 Satir.
1394 1366 1448 1415 ll,
1470 1368 1492 1405 3
1516 1380 1574 1407 vs.
1602 1367 1677 1413 254
1698 1381 1759 1420 sq.

1345 1503 1478 1542 quaero
1491 1521 1502 1540 ‚
1527 1492 1697 1531 faciasne
1718 1493 1825 1544 quod
1845 1494 1939 1532 olim

1371 1550 1541 1590 Mutatus
1563 1551 1752 1590 Polemo?
1774 1567 1898 1605 ponas
1912 1553 2086 1604 insignia
2106 1554 2262 1602 morbi,

1371 1609 1594 1659 Fasciolas,
1617 1611 1764 1650 cubital
1780 1642 1790 1660 ‚
1815 1613 1973 1661 focalia,
1997 1622 2111 1665 potus
2134 1623 2177 1651 ut
2197 1614 2265 1652 ille

1370 1669 1528 1708 Dicitur
1550 1684 1599 1709 ex
1620 1671 1723 1709 collo
1753 1671 1887 1710 furtim
1912 1673 2103 1724 carpsisse
2128 1687 2292 1712 coronas
2306 1703 2317 1722 ,

1262 1727 1472 1778 Postquam
1486 1738 1544 1767 est
1562 1730 1754 1781 impransi
1776 1740 1981 1782 correptus
1995 1745 2091 1770 voce
2110 1733 2316 1783 magistri?

1318 1841 1492 1880 Fuerunt
1522 1843 1591 1894 qui
1621 1852 1804 1895 putarent
1833 1844 2094 1884 Xenocratem
2116 1859 2138 1884 a
2170 1848 2322 1888 Cratero

1263 1914 1421 1952 quoque
1443 1914 1527 1940 esse
1548 1903 1748 1952 auditum3
1782 1904 1852 1941 sed
1880 1903 1955 1942 hoc
1978 1905 2062 1942 sola
2095 1905 2320 1956 conjectura

1264 1961 1500 2008 continetur,
1525 1973 1652 2012 neque
1672 1961 1720 1999 ab
1740 1962 1915 2013 antiquis
1943 1964 2208 2016 scriptoribus
2229 1973 2311 2004 tra-

1262 2017 1386 2075 ditum
1407 2027 1464 2057 est
1484 2019 1575 2072 (53).
1601 2021 1650 2058 At
1666 2021 1834 2060 Crantor
1855 2022 2028 2062 Solensis
2043 2024 2123 2076 (54)
2138 2038 2258 2076 quum
2278 2026 2321 2064 in

1263 2088 1403 2126 magno
1424 2076 1574 2116 honore
1594 2079 1698 2130 apud
1719 2093 1810 2118 suos
1831 2090 1951 2130 esset,
1973 2091 2101 2122 motus
2122 2083 2319 2123 Xenocra·

1263 2134 1313 2173 tis
1331 2135 1460 2185 gloria
1482 2136 1653 2176 Athenas
1676 2139 1807 2186 venit,
1832 2149 1875 2177 ut
1895 2141 1983 2180 talis
2006 2143 2182 2192 magistri
2200 2144 2320 2183 disci-

189 2292 258 2337 (48)
274 2292 438 2336 Diogenes
455 2295 607 2328 laertius
621 2295 679 2328 lib.
705 2297 764 2336 IV,
784 2299 817 2328 11
838 2298 914 2338 φασὶ
928 2299 982 2330 καὶ
1000 2299 1202 2341 Ἀντιπάτρου
1265 2301 1431 2335 Maximus
1448 2302 1510 2335 Iib.
1528 2304 1584 2344 VI,
1613 2313 1685 2346 cap.
1715 2307 1734 2337 9
1753 2307 1827 2338 Ext.
1851 2310 1879 2339 1.
1910 2307 2071 2350 Diogenes
2091 2310 2242 2343 Laertius
2260 2314 2318 2353 IV,

1267 2351 1304 2381 16
1321 2351 1496 2393 Πολέμων,
1516 2353 1734 2393 Φιλοστράτου
1755 2354 1810 2394 μὲν
1828 2354 1895 2391 υἱὸς
1914 2354 1951 2395 ἦν
1963 2380 1971 2396 ,
1986 2354 2166 2399 Ἀθηναῖος,
2187 2361 2239 2392 τὸν
2261 2361 2320 2398 δῆ-

1264 2408 1323 2438 μον
1344 2398 1471 2437 Οἴηθεν.
1498 2400 1578 2437 Νέος
1595 2399 1624 2432 δ’
1640 2401 1685 2433 ὢν
1706 2401 1881 2440 ἀκόλαστός
1904 2414 1937 2435 τε
1956 2404 2013 2437 καὶ
2029 2405 2256 2449 διακεχυμένος
2281 2410 2320 2451 ἢν

1262 2445 1362 2482 οὕτως
1374 2470 1384 2485 ,
1399 2447 1483 2479 ὥστε
1502 2448 1556 2479 καὶ
1573 2449 1746 2490 περιφέρειν
1767 2449 1915 2492 ἀργύριον
1934 2452 2011 2495 πρὸς
2030 2453 2086 2490 τὰς
2102 2455 2246 2497 ἑτοίμους
2263 2457 2319 2490 λύ-

1263 2502 1328 2528 σεις
1344 2494 1406 2524 τῶν
1421 2493 1596 2534 ἐπιθυμιῶν
1609 2502 1617 2510 ·
1640 2495 1720 2528 ἀλλὰ
1732 2497 1788 2529 καὶ
1809 2498 1840 2529 ἐν
1853 2501 1919 2536 τοῖς
1933 2505 2108 2538 στενωποῖς
2122 2503 2316 2546 διέκρυπτεν.

1265 2539 1355 2573 Ἀλλὰ
1373 2540 1428 2573 καὶ
1455 2541 1486 2573 ἐν
1511 2541 1688 2585 Ἀκαδημίᾳ
1711 2545 1789 2586 πρὸς
1819 2546 1901 2580 κίονί
1919 2559 1981 2580 τινι
2011 2550 2184 2591 τριώὸολον
2210 2555 2318 2595 εὑρέθη

1261 2589 1572 2637 προσπεπλασμένον
1595 2591 1715 2632 αὐτοῦ,
1734 2592 1787 2624 διὰ
1814 2596 1872 2632 τήν
1901 2596 2015 2638 ὁμοίαν
2043 2602 2082 2640 τῇ
2108 2604 2318 2646 προειρημένῃ

1261 2634 1429 2677 πρόφασιν.
1449 2637 1513 2669 Καί
1531 2649 1609 2671 ποτε
1625 2639 1810 2682 συνθέμενος
1824 2646 1890 2680 τοῖς
1910 2645 2005 2685 νέοις,
2027 2647 2083 2679 καὶ
2096 2648 2315 2691 ἐστεφανωμέ-

1260 2692 1312 2720 νος
1323 2707 1333 2723 ,
1349 2685 1472 2726 μεθύων
1493 2687 1536 2723 εἰς
1562 2687 1620 2725 τὴν
1640 2687 1858 2731 Ξενοκράτους
1875 2690 1930 2732 ἦξε
1947 2694 2080 2735 σχολήν.
2100 2696 2141 2729 ‘0
2160 2696 2213 2739 δέ,
2229 2699 2318 2733 οὐδὲν

1261 2730 1443 2772 διατραπείς
1455 2757 1464 2772 ,
1480 2733 1536 2776 ἦρε
1553 2734 1607 2766 τὸν
1630 2734 1723 2776 λόγον
1738 2736 1858 2777 ὁμοίως
1872 2746 1880 2754 ·
1899 2739 1939 2780 ἦν
1954 2741 1987 2773 δὲ
2001 2742 2070 2783 περὶ
2090 2746 2295 2786 σωφροσύνης
2307 2757 2314 2763 ·

1261 2777 1378 2811 ἀκοῦον
1392 2780 1426 2812 δὲ
1448 2781 1484 2813 τὸ
1497 2781 1659 2823 μειράκιον
1673 2788 1748 2815 κατ’
1763 2784 1868 2826 ὀλίγον
1887 2786 2020 2829 ἐθηράθη
2035 2797 2042 2804 ·
2064 2791 2120 2823 καὶ
2133 2792 2233 2830 οὕτως
2252 2796 2317 2835 ἐγέ-

1259 2838 1332 2858 νετο
1358 2827 1542 2870 φιλόπονος,
1563 2831 1606 2867 ὡς
1622 2831 1871 2873 ὑπερὸάλλεσθαι
1891 2836 1963 2873 τοὺς
1987 2837 2120 2879 ἄλλους,
2147 2841 2201 2873 καὶ
2219 2842 2315 2876 αὐτὸν

1260 2876 1459 2914 διαδέξασθαι
1477 2877 1534 2915 τὴν
1553 2878 1672 2920 σχολήν
1686 2903 1695 2919 ,
1716 2879 1890 2923 ἀρξάμενον
1908 2883 1971 2916 ἀπὸ
1993 2889 2049 2927 τῆς
2072 2887 2163 2926 ἕκτης
2184 2891 2239 2922 καὶ
2260 2891 2315 2923 δε-

1259 2927 1354 2966 κάτης
1366 2928 1422 2960 καὶ
1444 2927 1620 2968 ἑκατοστῆς
1639 2930 1867 2974 Ὀλυμπιάδος,
1886 2934 1935 2967 ld.
1955 2936 2012 2976 IV,
2038 2939 2075 2970 19
2091 2940 2135 2976 ὡς
2154 2939 2246 2983 ἐῴκει
2263 2943 2314 2984 δή,

1259 2978 1276 3009 ὁ
1307 2979 1462 3019 Πολέμων
1493 2979 1577 3012 κατὰ
1603 2980 1710 3013 πάντα
1742 2983 1893 3021 ἐζηλώκει
1915 2986 1969 3017 τὸν
2003 2986 2204 3031 Ξενοκράτην
2216 2999 2226 3009 ·
2258 2993 2314 3026 καὶ

1259 3028 1426 3069 ἐρασθῆναι
1441 3030 1538 3062 αὐτοῦ
1555 3041 1649 3071 φησιν
1666 3031 1865 3074 Ἀρίστιππος
1879 3035 1912 3067 ἐν
1933 3037 2072 3081 τετάρτῳ
2087 3041 2157 3082 περὶ
2178 3042 2315 3081 παλαιᾶς

1257 3082 1385 3120 τρυφῆς.
1407 3079 1471 3112 Sed
1491 3079 1534 3114 de
1555 3079 1618 3113 hac
1638 3090 1675 3114 re
1694 3082 1771 3116 vide
1791 3083 1878 3118 Phil.
1908 3086 1974 3119 Gr:
1991 3088 2057 3121 vol.
2088 3091 2129 3130 ΙΙ,
2154 3099 2227 3134 pag.
2251 3094 2313 3126 403

1258 3137 1327 3171 seq.
1346 3131 1397 3164 De
1411 3130 1590 3165 Polemone
1610 3134 1723 3166 autem
1750 3134 1790 3167 ad
1812 3135 1972 3170 virtutem
1993 3141 2152 3173 revocato
2169 3142 2211 3174 cf.
2230 3143 2311 3176 Plu-

1258 3179 1394 3214 tarchus
1422 3190 1522 3224 super
1548 3182 1734 3217 adulatoris
1762 3186 1797 3218 et
1828 3186 1929 3219 amici
1955 3187 2143 3234 discrimine
2167 3201 2239 3234 cap.
2271 3197 2311 3227 47

1257 3230 1321 3264 vol.
1344 3233 1418 3274 VII,
1433 3241 1465 3274 p.
1482 3235 1542 3266 230
1562 3233 1614 3266 ed.
1636 3235 1773 3268 Hutten.
1796 3237 1905 3279 ὥσπερ
1920 3239 2032 3278 ἀμέλει
2056 3241 2111 3274 καὶ
2133 3243 2309 3284 Πολέμωνα

1257 3281 1453 3325 Ξενοκράης
1472 3284 1573 3325 ὀφθεὶς
1599 3285 1694 3325 μόνον
1721 3287 1752 3318 ἐν
1773 3291 1813 3329 τῇ
1837 3288 1982 3332 διατριὸῇ
1996 3314 2005 3331 ,
2033 3291 2088 3323 καὶ
2122 3292 2309 3336 ἀποὸλέψας

1256 3333 1332 3375 πρὸς
1346 3334 1459 3374 αὐτόν,
1477 3334 1628 3376 ἐτρέψατο
1641 3336 1697 3368 καὶ
1714 3338 1894 3377 μετέθηκεν.
1912 3339 2076 3373 Lucienus
2090 3340 2122 3372 in
2141 3341 2192 3374 bis
2208 3344 2309 3379 Aecu-

1255 3385 1328 3416 sato
1348 3386 1426 3418 tom.
1455 3386 1498 3424 11,
1519 3394 1591 3428 pag.
1615 3390 1686 3419 321.
1707 3387 1909 3422 'themistius
1931 3392 2016 3424 orat.
2045 3393 2086 3424 26
2103 3400 2135 3433 p.
2158 3394 2230 3426 303.
2262 3395 2304 3428 D.

1254 3433 1424 3476 Epictetus
1448 3434 1535 3468 mss.
1565 3435 1658 3477 111,1
1681 3446 1712 3478 p.
1741 3439 1814 3471 348.
1844 3439 2000 3481 Origenes
2029 3443 2144 3474 contra
2172 3442 2307 3478 Celsum

1254 3494 1286 3527 p.
1306 3487 1377 3518 379.
1402 3487 1439 3518 Α.
1459 3486 1494 3518 et
1507 3487 1580 3518 492.
1601 3488 1639 3519 A.
1656 3507 1697 3515 —
1719 3488 1786 3529 (53)
1807 3489 1855 3521 Cf.
1879 3490 1994 3522 Cicero
2017 3489 2057 3523 de
2077 3492 2160 3524 orat.
2183 3493 2242 3533 m,
2267 3495 2304 3527 18

1254 3538 1288 3568 et
1318 3537 1468 3570 Laertius
1486 3536 1542 3571 lib.
1575 3538 1633 3580 IV,
1665 3542 1771 3572 21-23.
1803 3558 1845 3565 -—
1876 3541 1941 3583 (54)
1965 3542 2128 3584 Diogenes
2153 3544 2305 3580 laertius
