2528 3788
1050 182 1115 222 DE
1146 181 1443 222 SPEUSIPPO.

179 269 297 311 nibus
314 269 596 317 disserebatur,
621 282 832 320 omnesque
859 270 1069 321 diligenter
1097 270 1222 320 magi-

175 336 300 369 strum
320 341 451 367 rerum
470 329 645 380 origines
667 338 898 370 scrutantem
918 329 981 368 vel
1001 329 1051 368 de
1069 342 1222 368 summo

20 406 22 414 ’
176 385 283 427 hono
309 386 501 428 divinitus
539 389 800 442 disputantem
839 387 1088 428 attendebant
1119 388 1218 438 (85).

82 474 86 483 4
108 455 110 457 ·
174 441 338 486 Ludicri
354 449 469 486 etiam
500 461 699 487 sermones
716 456 755 486 et
778 447 1007 499 joculariter
1034 447 1138 486 dicta
1157 447 1224 485 ad·

174 504 441 558 mittebantur,
454 506 650 546 interdum
664 506 805 546 litteris
819 505 1106 545 mandabantur
1121 507 1219 558 (86).

19 583 22 594 ›
57 566 138 623 ᾗ]
174 564 306 607 Porro
329 565 380 605 ad
410 566 599 606 decorum
620 565 918 606 custodiendum
947 565 1189 618 Speusippus
1206 596 1217 614 ‚

173 623 438 675 Xenocrates,
471 625 698 665 Aristoteles
732 625 1036 664 convivantibus
1054 625 1219 664 bibendi

171 684 281 738 leges
293 684 522 726 scribebant
544 685 640 738 (87).
663 684 716 724 Ut
741 685 878 737 paucis
899 685 1040 734 dicam,
1066 698 1151 725 eam
1180 686 1222 724 in

169 742 245 784 hc
265 743 415 784 familia
431 745 554 785 vitam
583 745 827 797 Speusippus
846 745 948 797 egit,
975 758 1091 796 quam
1121 746 1220 785 anti·

16 839 23 854 (
169 817 275 858 quus
284 803 420 844 rhetor
437 804 634 844 honorum
652 804 896 843 contentioni
914 812 954 843 et
970 804 1128 856 imperii
1145 819 1213 844 cu-

164 859 328 917 piditafi
355 871 594 916 anteponens
619 863 822 903 dfctaturae
846 873 1044 916 perpetuae
1063 877 1218 916 compa-

78 931 102 940 ·“
174 923 282 964 navit
308 921 406 977 (88).
433 921 558 963 Musis
590 923 637 962 in
655 923 865 962 Academia
896 923 981 962 sive
1013 936 1119 961 aram
1138 924 1223 963 sive

16 994 20 1008 ι
167 980 360 1034 implum
389 981 498 1021 Plato
523 981 723 1021 dicaverat
737 982 833 1035 (39).
862 982 1012 1021 Deinde
1034 983 1222 1035 Speusip-

170 1053 265 1094 pus,
301 1039 487 1081 avunculi
523 1049 721 1093 praeoepta
757 1049 933 1090 secutus,
966 1041 1036 1092 qui
1070 1040 1220 1082 Gratiis

168 1112 324 1153 ”uper
352 1099 565 1140 sacrificari
608 1100 808 1151 voluerat,
842 1113 1019 1139 museum
1056 1099 1115 1139 ibi
1147 1113 1217 1139 ex-

2274 182 2323 221 67

1285 270 1445 309 Postero
1474 278 1649 322 tempore
1672 271 1819 310 ibidem
1842 270 2018 310 Platonis
2045 270 2169 322 ipsius
2204 278 2326 307 statua

1284 329 1483 368 Silanonis
1501 343 1618 368 manu
1639 331 1738 369 facta
1754 345 1869 383 quam
1893 329 2136 370 Mithridates
2150 328 2271 368 Persa
2289 329 2325 366 ei

1284 399 1588 437 consecraverat,
1610 392 1926 443 conspiciebatur
1945 390 2036 443 (9¹)·
2053 390 2236 429 Joculare
2252 398 2324 436 est,

1274 447 1389 499 'quod
1407 447 1456 486 de
1488 448 1649 488 inventa
1677 463 1699 488 a
1723 450 1943 503 Speusippo
1970 450 2193 489 fiscinarum
2225 461 2329 487 com-

1285 506 1401 546 mode
1421 508 1698 559 portandarum
1726 511 1877 549 ratione
1896 510 2115 562 accepimus
2136 507 2229 560 (92).
2253 507 2327 546 Sed

1283 580 1362 617 quo
1387 568 1518 606 animo
1541 567 1767 608 Aristoteles
1783 570 1825 607 in
1846 570 2046 608 Platonem
2065 580 2196 607 senem
2216 575 2254 605 et
2272 566 2329 604 sa-

1284 626 1456 665 miliares
1483 627 1569 679 ejus
1598 628 1737 676 fuerit,
1760 642 1899 679 magna
1927 629 2090 680 quaestio
2110 636 2181 667 est.
2209 626 2329 665 AElia·-

1284 699 1358 725 nus
1375 685 1454 738 (93)
1477 688 1675 726 memoriae
1703 689 1835 740 prodit
1853 689 2070 735 Platonem,
2093 687 2157 725 cui
2177 686 2329 724 Aristo-

1283 746 1377 784 teles
1407 746 1459 785 ob
1480 748 1626 786 cultum
1658 756 1696 786 et
1732 747 1912 787 habitum
1947 746 2183 800 philosopho
2220 745 2328 784 indi-

1283 818 1403 854 gnum
1431 806 1680 858 displiceret,
1716 806 1995 855 Xenocratem,
2032 806 2319 858 Speusippum,

1283 865 1510 916 Amyclam,
1558 866 1658 905 alios
1701 866 1764 905 illi
1795 876 2032 918 praeoptasse
2066 878 2211 917 eosque
2248 873 2329 903 tum

1283 924 1372 963 aliis
1389 924 1567 964 affecisse
1588 924 1832 973 honoribus,
1861 935 1943 964 tum
1973 925 2019 963 ad
2045 923 2243 975 colloquia
2265 923 2331 961 ad.-

1283 985 1452 1025 misisse.
1479 984 1607 1031 Quum
1635 985 1757 1036 igitur
1781 984 2018 1023 Xenocrates
2053 983 2264 1035 aliquando
2290 983 2332 1020 in

1285 1045 1452 1095 patriam
1476 1044 1551 1082 iter
1571 1044 1740 1095 fecisset,
1762 1044 2005 1096 Speusippus
2022 1052 2149 1082 autem
2167 1050 2332 1093 aegrota-

1283 1113 1368 1152 ret,
1401 1104 1571 1156 ideoque
1598 1104 1853 1156 disputationi
1885 1104 2019 1142 adesse
2048 1116 2128 1141 non
2156 1109 2288 1153 posset
2321 1113 2331 1140 ε

171 1159 474 1200 strncmmfictis
492 1172 626 1200 earum
642 1159 884 1211 imaginibus
899 1159 1109 1199 adornavit
1123 1159 1221 1213 (90)·
1249 1163 1254 1200 Ι
1284 1163 1518 1202 Aristoteles
1543 1163 1746 1202 Platonem
1763 1163 1845 1214 jam
1873 1163 2168 1213 octogenarium
2199 1170 2238 1199 et
2254 1174 2333 1199 me-

172 1295 321 1340 ὀρινθείς,
342 1296 465 1335 brist?
491 1297 600 1334 αὐτοῖς
617 1296 710 1329 πάλιν
735 1297 766 1333 ἐξ
791 1296 888 1338 ἀρχῆς
917 1294 1117 1337 ἀφορίζεσθαι
1142 1296 1224 1334 τίνος

170 1344 238 1379 ἔστί
251 1344 373 1386 γένους·
397 1346 429 1378 οἱ
446 1345 480 1380 δὰ
504 1345 642 1386 διῄρουν.
672 1344 722 1379 Of.
747 1344 888 1378 Heinek.
917 1344 1034 1387 fragm.
1065 1353 1150 1378 com.
1172 1353 1210 1387 gr

170 1390 238 1439 vol.
255 1392 304 1424 111
318 1399 392 1434 pag.
408 1394 484 1426 370.
500 1391 682 1425 Athenaeus
704 1391 765 1424 lib.
779 1392 841 1424 XlI
859 1399 935 1434 pag.
964 1394 1038 1425 548.
1055 1400 1087 1424 a.
1105 1393 1143 1425 οὐ
1164 1392 1224 1434 γὰρ

169 1438 223 1472 ἱνα
236 1437 418 1482 συρρυέντες
442 1439 494 1472 ἐπὶ
516 1439 554 1471 τὸ
570 1440 649 1472 αὐτὸ
675 1442 730 1478 τῆς
759 1439 817 1475 ἕως
836 1443 892 1470 τοῦ
920 1438 1030 1480 ὄρθρου
1059 1439 1224 1479 γενομένης

168 1485 319 1528 τραπέζης
345 1485 594 1526 ἀπολαύσωσιν,
618 1487 639 1526 ἢ
659 1487 751 1527 χάριν
776 1485 928 1525 ἐξοινίας,
953 1485 1147 1524 ἐποιήσαντο
1168 1486 1233 1523 τὰς

166 1532 318 1570 συνόδους
335 1533 451 1571 ταύτας
472 1534 502 1566 o!
517 1533 587 1576 περὶ
604 1532 761 1566 Πλάτωνα
775 1533 829 1564 καὶ
851 1532 1064 1573 Σπεύσιππον,
1086 1533 1152 1565 ἀλλ’
1172 1533 1225 1565 ἵνα

15 1569 19 1595 ³
60 1568 91 1607 ³>
133 1612 136 1615 .
168 1579 342 1622 φαίνωνται
373 1582 433 1614 καὶ
456 1582 494 1614 τὸ
523 1582 606 1614 θεῖον
637 1583 807 1619 τιμῶντες,
835 1580 892 1612 καὶ
913 1581 1053 1620 φυσικῶς
1083 1580 1224 1618 ἀλλήλοις

169 1638 236 1671 ⁶⁹1¹·
382 1640 470 1670 μενοι
491 1629 548 1663 καὶ
561 1629 600 1661 τὸ
614 1629 762 1660 πλεῖστον
783 1628 887 1660 ἕνεκεν
910 1626 1046 1664 ἀνέσεως
1066 1628 1120 1660 καὶ
1136 1629 1222 1669 φιλο-

172 1674 294 1716 λογίας.
309 1673 335 1708 O
351 1699 360 1708 .
380 1674 535 1708 Eustath.
561 1674 738 1708 comment.
757 1672 790 1706 in
816 1672 936 1714 odyss.
957 1671 1016 1705 lib.
1042 1673 1070 1712 Ι,
1095 1681 1143 1706 vs.
1166 1676 1225 1706 110

169 1730 246 1767 με.
266 1723 345 1756 ¹8⁹8
364 1721 418 1755 ed.
437 1723 534 1756 Rom.
551 1739 594 1746 -
606 1721 676 1764 (85)
688 1720 765 1754 Vid.
785 1721 964 1753 Hermann.
982 1718 1010 1752 l.
1027 1718 1052 1752 l.
1075 1722 1115 1753 79
1130 1729 1223 1762 seqq.

170 1769 332 1804 w.
352 1770 443 1802 orat.
464 1769 540 1802 xxi
565 1777 640 1810 pag,
665 1770 737 1800 245.
762 1766 908 1800 Platonis
929 1766 971 1799 de
991 1774 1121 1798 summo
1139 1767 1224 1799 bono

169 1815 356 1852 doctrinam
371 1815 518 1858 numeris
533 1814 759 1858 Pythagoricis
773 1815 966 1847 exornatam
983 1812 1136 1855 discipuli
1154 1814 1224 1847 edi-

16 1836 19 1860 ?
67 1834 101 1890 ζ’.
169 1862 474 1906 mmmmm-fis
498 1862 717 1896 illustrarunt.
745 1861 961 1895 Aristoxenus
984 1862 1144 1895 Harmon.
1172 1862 1222 1901 11,

170 1907 213 1947 80
226 1911 280 1946 ed.
305 1909 460 1944 Meibom.
491 1909 673 1944 Alexander
702 1908 878 1950 Apin-odis.
900 1908 988 1950 apud
1017 1907 1222 1950 Simplicium

168 1959 394 1994 flammentur.
412 1956 450 1990 in
474 1957 608 1990 Aristot.
628 1955 772 1989 auscult.
802 1956 899 1998 phys.
921 1954 979 1987 fol.
997 1957 1051 1987 32.
1084 1954 1118 1987 b.
1146 1955 1223 1988 coll.

173 2009 246 2042 tu.
265 2006 316 2041 Of.
332 2004 496 2040 &amisii
523 2004 624 2038 distr.
648 2003 742 2037 acad.
767 2003 810 2036 de
825 2001 944 2044 perdit.
974 2001 1111 2035 aristot.
1132 2002 1226 2037 libris

171 2056 314 2093 deideis
335 2058 372 2090 et
393 2056 491 2097 bono,
509 2056 613 2088 Bonn.
636 2057 717 2088 1823
746 2063 819 2096 pag.
849 2056 887 2086 21
909 2061 1003 2095 seqq.
1031 2053 1223 2086 Ravaisson.

171 2104 215 2139 de
228 2105 329 2139 Arist.
348 2102 492 2146 Metaph.
522 2111 596 2145 pag.
616 2104 676 2134 214
699 2110 750 2143 sq.
777 2102 811 2134 et
828 2108 914 2142 quos
937 2099 1051 2132 laudat
1069 2100 1225 2132 Hermar-

172 2161 238 2186 nus
255 2150 281 2186 1.
295 2151 320 2185 l.
341 2159 416 2193 pag.
431 2150 497 2184 710
510 2158 561 2193 sq.
585 2167 626 2173 ——
644 2147 712 2190 (86)
729 2147 930 2181 Plutarchus
946 2145 1085 2179 eonviv.
1105 2146 1190 2189 (Περ.
1211 2149 1224 2179 l

173 2199 316 2234 Prooem·
333 2197 410 2231 Vol.
424 2198 470 2231 XI
483 2205 558 2240 pag.
582 2201 600 2230 2
625 2196 678 2229 ed.
695 2196 834 2228 Hutten.
851 2195 919 2227 ἐπεὶ
946 2193 980 2226 δὲ
997 2194 1052 2226 καὶ
1068 2194 1120 2227 σοὶ
1138 2195 1228 2227 δοκεῖ

169 2251 236 2283 ὢν
250 2248 306 2290 μὲν
318 2247 448 2288 &etium
465 2247 486 2284 ἡ
500 2245 578 2284 λήθη
593 2247 642 2286 τῷ
662 2241 728 2276 ὄντι
750 2244 834 2285 σοφὴ
849 2241 920 2274 κατ’
944 2241 1114 2282 Εὐριπίδην
1129 2242 1218 2284 εἶνα,

171 2299 210 2332 σὺ
225 2295 260 2330 δὲ
277 2295 359 2332 ὅλως
375 2294 569 2335 ἀμνημονεῖν
582 2294 646 2335 τῶν
663 2292 695 2324 έν
713 2290 811 2333 οῐκῳ,
832 2291 875 2331 μὴ
890 2289 985 2335 μόνον
1008 2291 1055 2330 τῷ
1072 2289 1227 2331 φιλοποιῷ

173 2343 333 2388 λεγομένῳ
346 2341 506 2384 μάχεσθαι
529 2343 584 2379 τῆς
603 2338 754 2381 τραπέζης
767 2361 776 2374 ,
802 2337 882 2369 ἀλλὰ
901 2338 956 2369 καὶ
970 2339 1034 2368 τῶν
1050 2336 1227 2379 φιλοσόφων

173 2386 246 2430 τὀὖς
261 2387 531 2431 ἐλλογιμωτάτους
552 2387 853 2428 ἀντιμαρτυροῦντας
870 2385 968 2426 ἔχειν,
988 2383 1147 2416 Πλάτωνα
1173 2384 1226 2415 καὶ

174 2441 382 2478 Ξενοφῶντα,
397 2437 453 2470 καὶ
468 2435 680 2477 Ἀριστοτέλην
693 2458 702 2474 ,
721 2433 777 2466 καὶ
796 2432 998 2464 Σπεύσιππον
1010 2455 1019 2470 ,
1038 2430 1222 2471 Ἐπίκουρόν

172 2498 210 2522 τι
227 2484 451 2528 καὶΠρύτανιν
468 2483 524 2518 καὶ
541 2482 745 2523 Ἱερώνυμον,
765 2481 818 2514 καὶ
836 2480 942 2513 Δίωνα
962 2481 1014 2512 τὸν
1033 2480 1072 2521 ἐξ
1095 2478 1227 2517 Ἀκαδη-

176 2535 268 2577 μίας,
287 2535 332 2571 ὡς
354 2531 439 2570 ἄξιόν
453 2542 536 2568 τινος
552 2530 690 2570 σπουδῆς
716 2525 946 2570 πεποιημένους
964 2528 1066 2568 ἔργον,
1090 2526 1227 2568 ἀναγρά-

173 2583 294 2626 ψασθαι
309 2579 423 2622 λόγους
442 2578 529 2621 παρὰ
556 2577 652 2611 πότον
679 2579 873 2616 γενομένους.
895 2593 939 2599 -
957 2574 1024 2616 (87)
1049 2573 1230 2607 Athenaeus

171 2629 260 2674 Epit.
292 2629 311 2662 1
336 2635 412 2671 pag.
450 2629 481 2660 3.
514 2625 539 2660 f.
572 2626 620 2658 ὅτι
655 2624 851 2666 Ξενοκράτης
880 2624 898 2655 ὁ
928 2621 1142 2661 Χαλκηδόνιος
1174 2623 1227 2654 καὶ

174 2677 376 2714 Mam
414 2676 434 2708 ό
474 2673 707 2715 Ἀκαδημαϊκὸς
743 2673 798 2704 καὶ
829 2670 1039 2713 Ἀριστοτέλης
1072 2680 1229 2710 συμποτι-

62 2739 63 2742 =
130 2751 139 2755 .
176 2725 255 2763 μὺς
278 2723 395 2766 νόμους
411 2721 564 2763 ὴραψαν.
586 2720 684 2753 cons.
707 2719 764 2752 lib.
791 2720 821 2751 V
842 2727 915 2761 pag.
946 2720 1018 2750 186.
1038 2717 1073 2750 h.
1096 2734 1140 2742 —
1163 2717 1230 2758 (88)

173 2771 379 2810 Themistius
407 2770 490 2803 orat
519 2769 622 2809 XXXI
641 2767 684 2800 de
709 2766 800 2800 sedis
820 2764 1040 2808 praerogativa
1062 2773 1136 2807 pag.
1166 2767 1226 2797 353

173 2820 228 2862 nd.
256 2818 364 2854 Paris.
393 2819 472 2851 1⁶84
498 2815 615 2855 ταύτην
655 2814 745 2857 ἀρχει
780 2814 836 2852 τὴν
872 2813 971 2854 ἀρχὴν
1001 2813 1090 2853 μέχρι
1125 2815 1178 2844 νῦν
1209 2819 1226 2844 ο

171 2905 174 2909 Δ
351 2878 384 2907 ς,
399 2865 514 2902 ταύτην
531 2863 757 2905 Ἀριστοτέλης,
778 2861 894 2898 ταύτην
910 2859 1113 2895 Σπεύσιππος
1124 2883 1134 2899 ,
1153 2859 1226 2891 ταύ·

174 2926 235 2956 mv
250 2913 458 2956 Ξενοκράτης.
481 2910 532 2945 of.
552 2908 690 2943 Aristid.
719 2909 909 2942 Platon.45.
924 2906 990 2939 vol.
1021 2907 1051 2937 ΙΙ
1071 2914 1145 2948 pag.
1170 2908 1229 2937 109

177 2963 233 2998 cd.
257 2959 409 2996 nindcrr.
437 2977 479 2982 —
499 2959 564 2999 (89)
590 2955 848 3000 olympiodorus
872 2954 932 2988 vit.
960 2953 1046 2987 Plat.
1079 2953 1233 2985 διδασκα-

175 3000 265 3047 λεῖον
300 3009 332 3042 ἐν
359 3010 399 3050 τῇ
427 3005 600 3050 Ἀκαδημίᾳ
631 3005 847 3044 συνεστήσατο
875 3003 965 3045 μέρος
992 3012 1021 3032 τι
1046 3001 1158 3033 τούτου
1175 3005 1233 3033 τοῦ

4 3032 21 3104 [ἶ
57 3035 100 3094 7,
147 3091 151 3094 .
178 3057 356 3106 mmm
381 3055 506 3095 τέμενος
529 3053 680 3096 ἀφορίσας
705 3055 773 3088 *²³⁶
800 3051 956 3088 M⁰⁶⁶⁰‘“·
988 3047 1042 3081 αῖ·
1071 3048 1131 3081 fit·
1157 3056 1235 3080 ³¹¹⁰*

175 3123 179 3130 ι
282 3130 292 3146 ,
311 3105 458 3137 Pausan.
475 3101 533 3135 lib.
565 3102 579 3135 1
597 3110 668 3143 cap.
685 3103 738 3142 30,
754 3104 784 3134 2.
804 3117 846 3124 —
863 3098 931 3141 (90)
950 3096 1111 3136 Diogenes
1137 3094 1234 3128 Laer-

263 3153 323 3193 lv,
342 3155 363 3185 ο
375 3150 429 3184 θύε
450 3151 519 3186 ταῖς
537 3146 861 3190 Xo'tpww‘xenocrati
876 3144 962 3178 dixit
977 3143 1084 3176 Plato.
1102 3142 1155 3175 Id.
1174 3144 1234 3183 lv,

18 3207 19 3210 ’
78 3211 82 3218 ·
181 3202 199 3235 ί
230 3198 373 3242 Χαρίτων
393 3207 429 3230 τε
461 3196 630 3237 ἂηάλματα
647 3196 794 3233 ἀνέθηκεν
813 3195 844 3226 ἐν
865 3196 912 3234 τῷ
942 3191 1082 3234 μουσείῳ
1101 3194 1147 3233 τῷ
1175 3193 1237 3224 ὑπὸ

3 3247 5 3251 ’
172 3247 356 3284 Πλάτωνος
372 3246 408 3279 δν
429 3243 605 3287 Ἀκαδημίᾳ
629 3244 794 3287 ἱδρυθέντι,
815 3263 857 3270 -
876 3239 945 3284 (91)
960 3240 1122 3282 Diogenes
1134 3240 1236 3272 Laer-

74 3294 88 3307 ”
181 3294 252 3331 ffl
264 3295 328 3335 m,
342 3297 385 3328 ²5
402 3294 435 3326 tv
450 3292 486 3325 δὲ
501 3295 547 3334 τῷ
559 3292 677 3334 πρώτῳ
690 3294 753 3325 τῶν
771 3287 1102 3331 ἀπομνημονευμάτων
1117 3286 1236 3320 Φαδω-

184 3349 274 3393 ρίνου
284 3349 407 3391 φέρεται
418 3372 428 3388 ,
440 3345 490 3380 ὅτι
508 3346 696 3389 Μιθριδάτης
715 3346 733 3378 ὁ
750 3345 873 3388 Πέρσης
890 3342 1056 3385 ἀνδριάντα
1073 3339 1240 3379 Πλάτωνος

188 3395 314 3430 διέθετο
345 3395 389 3431 εἰς
413 3393 470 3433 τὴν
494 3391 707 3434 Ἀκαδημίαν,
737 3391 792 3424 καὶ
820 3390 988 3432 ἐπέγραψε·
1014 3388 1201 3430 Μιθριδάτης
1222 3389 1242 3422 ὁ

186 3442 380 3478 ‘mov
398 3441 525 3484 Πέρσης
546 3440 688 3477 Μούσαις
714 3439 823 3473 εἰκόνα
847 3439 971 3471 ἀνέθετο
998 3437 1183 3479 Πλάτωνος,
1201 3437 1239 3477 ἣν

1285 1296 1436 1330 Σιλανίων
1462 1297 1604 1336 ἐποὶηὰε.
1625 1315 1667 1322 —-·
1683 1296 1751 1339 (92)
1778 1298 1941 1339 Diogenes
1967 1296 2117 1330 Laertius
2148 1297 2206 1336 IV,
2235 1299 2255 1328 3
2282 1296 2337 1328 καὶ

1284 1349 1405 1387 πρῶτος
1420 1345 1506 1387 εὗρεν
1522 1345 1550 1387 ᾧ
1559 1345 1599 1378 τὰ
1614 1345 1730 1387 φορμία
1746 1348 1808 1378 τῶν
1818 1344 1979 1387 φρυγάνων
1993 1343 2112 1385 εὔογκα
2125 1346 2279 1377 ποιοῦσιν.
2299 1361 2332 1367 --

1285 1398 1351 1434 (93)
1371 1393 1518 1426 AElianus
1533 1402 1604 1426 var.
1629 1393 1707 1426 hist.
1729 1394 1790 1434 ΠΙ,
1816 1395 1854 1425 19
1879 1393 2003 1433 λέγεται
2018 1393 2074 1431 τὴν
2093 1391 2240 1434 διαφορὰν
2256 1392 2337 1434 Ἀρι-

1284 1442 1447 1478 στοτέλους
1463 1441 1538 1482 πρὸς
1567 1440 1723 1472 Πλάτωνα
1750 1442 1806 1479 τὴν
1823 1440 1949 1482 πρώτην
1969 1439 2006 1471 ἐκ
2029 1439 2149 1471 τούτων
2177 1439 2333 1478 γενέσθαι.

1285 1491 1354 1523 Οὐκ
1370 1490 1504 1532 ἠρέσατο
1519 1487 1615 1519 αὐτοῦ
1625 1491 1670 1527 τῷ
1687 1486 1747 1528 βίῳ
1758 1487 1776 1518 ό
1796 1486 1948 1526 Πλάτων,
1962 1485 2033 1518 οὐδὲ
2050 1489 2088 1527 τῇ
2100 1489 2283 1527 κατασκευῇ
2298 1490 2337 1527 τῇ

1283 1538 1352 1579 περὶ
1367 1538 1404 1568 τὸ
1421 1539 1528 1576 σῶμα.
1543 1534 1605 1566 Καὶ
1626 1534 1686 1575 γὰρ
1706 1534 1814 1571 ἐσθῆτι
1830 1533 1948 1575 ἐχρῆτο
1959 1533 2113 1574 περιέργῳ
2133 1532 2151 1563 ό
2170 1532 2339 1573 Ἀριστοτέ-

1283 1586 1338 1623 λης
1354 1585 1407 1616 καὶ
1431 1582 1590 1615 ὑποδέσει“
1612 1581 1667 1612 καὶ
1691 1580 1808 1622 κουρὰν
1831 1580 1866 1612 δὲ
1891 1579 2027 1621 ἐκείρετο
2047 1579 2100 1610 καὶ
2123 1578 2239 1616 ταύτην
2257 1578 2338 1616 ἀήθη

1283 1632 1444 1667 Πλάτωνι.
1467 1630 1527 1661 Καὶ
1542 1627 1725 1663 δακτυλίους
1749 1627 1782 1659 δὲ
1799 1626 1937 1664 πολλοὺς
1955 1628 2058 1669 φορῶν
2084 1625 2268 1658 ἐκαλλύνετο
2287 1625 2338 1657 ἐπὶ

1283 1679 1397 1719 τούτῳ.
1430 1676 1493 1709 Καὶ
1521 1674 1630 1717 μωκία
1648 1674 1682 1706 δέ
1700 1684 1745 1711 τις
1761 1673 1799 1714 ἦν
1813 1674 1910 1706 αὐτοῦ
1927 1674 1997 1715 περὶ
2014 1674 2050 1705 τὸ
2069 1672 2260 1715 πρόσωπον,
2284 1673 2338 1704 καὶ

1286 1728 1414 1768 ἄκαιρος
1429 1722 1592 1764 στωμυλία
1606 1722 1771 1758 λαλοῦντος
1785 1720 1951 1762 κατηγόρει
1965 1720 2020 1752 καὶ
2039 1720 2122 1757 αὕτη
2145 1719 2198 1752 τὸν
2224 1719 2341 1761 τρόπον

1285 1775 1392 1807 αὐτοῦ,
1412 1771 1524 1805 Πάντα
1539 1770 1575 1802 δὲ
1591 1772 1693 1801 ταῦτα
1703 1793 1711 1809 ,
1726 1770 1769 1806 ὡς
1782 1768 1867 1800 ἐστιν
1883 1767 2030 1808 ἀλλότρια
2044 1767 2216 1808 φιλοσόφου
2233 1768 2339 1806 δῆλον·

1285 1822 1365 1863 άπερ
1376 1819 1432 1853 οὖν
1448 1820 1529 1860 ὁρῶν
1545 1818 1563 1850 ό
1576 1817 1709 1850 Πλάτων
1722 1816 1758 1848 οὐ
1774 1815 1921 1859 προσίετο
1937 1815 1991 1848 τὸν
2007 1813 2122 1855 ἄνδρα,
2139 1814 2294 1856 προετίμα
2306 1815 2339 1847 δὲ

1285 1870 1382 1902 αὐτοῦ
1395 1865 1593 1907 Ξενοκράτην
1607 1865 1661 1897 καὶ
1679 1863 1881 1896 Σπεύσιππον
1897 1863 1952 1894 καὶ
1969 1862 2123 1903 Ἀμύκλαν
2143 1862 2197 1893 καὶ
2215 1861 2339 1903 ἄλλους,

1284 1920 1323 1959 τῇ
1339 1927 1373 1948 τε
1384 1915 1479 1955 λοιπῇ
1497 1910 1690 1952 δεξιούμενος
1709 1909 1821 1947 αὐτοὺς
1844 1912 1940 1951 τιμῇ,
1958 1910 2013 1941 καὶ
2031 1908 2087 1941 οὗν
2101 1909 2154 1942 καὶ
2171 1911 2210 1951 τῇ
2222 1920 2342 1942 κοινω-

1285 1964 1336 2005 νίᾳ
1351 1965 1414 1995 τῶν
1424 1960 1539 2001 λόγων.
1557 1957 1747 1997 Ἀποδημίας
1762 1957 1796 1989 δέ
1807 1967 1885 1989 ποτε
1903 1957 2071 1998 γενομένης
2087 1959 2134 1998 τῷ
2151 1956 2340 1997 Ξενοκράτει

1286 2013 1329 2047 εἰς
1346 2011 1402 2049 τὴν
1428 2006 1580 2049 πατρίδα,
1599 2005 1727 2038 ἐπέθετο
1751 2006 1798 2046 τῷ
1823 2003 1971 2037 Πλάτωνι
1993 2003 2221 2045 Ἀριστοτέλης,
2249 2003 2341 2045 χορόν

1285 2069 1356 2092 τινα
1389 2059 1452 2090 τῶν
1480 2056 1638 2097 ὁμιλητῶν
1658 2056 1720 2085 τῶν
1756 2054 1871 2084 ἑαυτοῦ
1901 2051 2181 2094 περιστησάμενος·
2219 2051 2263 2083 ὧν
2303 2050 2341 2090 ἦν

1287 2106 1424 2139 Μνάσων
1436 2115 1471 2136 τε
1492 2104 1510 2135 ό
1522 2101 1671 2142 Φωκεύς,
1689 2101 1743 2133 καὶ
1767 2101 1854 2132 ἄλλοι
1870 2102 2018 2132 τοιοῦτοι.
2043 2099 2165 2132 Ἐνόσει
2183 2098 2216 2131 δὲ
2236 2098 2306 2130 τότε
2325 2099 2342 2130 ὁ

1287 2153 1506 2191 Σπεύσιππος,
1534 2149 1588 2181 καὶ
1618 2149 1670 2180 διὰ
1691 2150 1791 2180 ταῦτα
1819 2147 1969 2184 ἀδύνατος
1995 2147 2035 2187 ἦν
2063 2147 2261 2188 συμβαδίζειν
2296 2148 2342 2186 τῷ

1286 2200 1446 2234 Πλάτωνι.
1472 2198 1513 2229 Ὃ
1532 2196 1565 2228 δὲ
1589 2194 1724 2227 Πλάτων
1753 2194 1947 2233 ὀγδοήκοντα
1975 2194 2055 2226 ἐτῶν
2082 2194 2238 2234 ἐγεγόνει,
2261 2194 2340 2232 ὁμοῦ

1285 2259 1315 2280 τι
1331 2247 1386 2278 καὶ
1409 2245 1461 2278 διὰ
1486 2245 1543 2281 τὴν
1566 2243 1693 2278 ἡλικίαν
1725 2241 1919 2274 ἐπελελοίπει
1934 2241 1988 2272 τὰ
2011 2245 2066 2278 τῆς
2084 2240 2208 2282 μνήμης
2232 2238 2340 2272 αὐτόν.

1287 2294 1483 2335 Ἑπιθέμενος
1497 2291 1552 2324 οὗν
1571 2290 1676 2330 αὐτῷ,
1694 2289 1747 2320 καὶ
1770 2287 1980 2320 ἐπιδουλεύων
2000 2288 2017 2319 ὁ
2042 2287 2269 2330 Ἀριστοτέλης,
2288 2287 2342 2318 καὶ

1287 2341 1453 2384 φιλοτίμως
1477 2338 1560 2372 πάνυ
1581 2338 1636 2373 τὰς
1658 2336 1826 2378 ἐρωτήσεις
1845 2336 2030 2376 ποιούμενος
2042 2359 2050 2375 ,
2071 2336 2124 2366 καὶ
2143 2334 2258 2376 τρόπον
2273 2335 2343 2367 τινὰ

1287 2391 1341 2423 καὶ
1376 2389 1561 2429 ἐλεγκτικῶς
1575 2410 1584 2424 ,
1614 2385 1733 2417 ἀδικῶν
1756 2383 1842 2424 ἅμα,
1867 2384 1921 2415 καὶ
1946 2383 2139 2424 ἀγνωμονῶν
2169 2382 2208 2422 ἦν
2238 2383 2341 2421 δῆλος.

1289 2437 1352 2470 Καὶ
1371 2436 1423 2469 διὰ
1439 2437 1539 2467 ταῦτα
1559 2432 1700 2469 ἀποστὰς
1716 2432 1734 2464 ό
1758 2431 1892 2464 Πλάτων
1912 2433 1969 2463 τοῦ
1990 2430 2048 2467 ἔξω
2070 2430 2242 2472 περιπάτου
2258 2426 2343 2462 ἔνδον

1289 2484 1411 2521 ἐὸάδιζε
1427 2483 1486 2515 σὺν
1509 2484 1573 2517 τοῖς
1594 2479 1740 2522 ἑταίροις.
1761 2480 1865 2521 Τριῶν
1886 2478 1919 2510 δὲ
1939 2481 2046 2518 μηνῶν
2062 2478 2304 2519 διαγενομένων,
2325 2478 2343 2509 ὁ

1289 2529 1485 2572 Ξενοκράτης
1508 2528 1635 2570 ἀφίκετο
1663 2526 1699 2559 ἐκ
1722 2529 1777 2564 τῆς
1808 2525 2003 2567 ἀποδημίας,
2031 2526 2083 2558 καὶ
2106 2525 2343 2567 καταλαμόάνει

1289 2578 1342 2610 τὸν
1358 2575 1551 2618 Ἀριστοτέλη
1569 2575 1748 2616 βαδίζοντα,
1767 2572 1804 2605 οὗ
1822 2574 1970 2606 κατέλιπε
1984 2574 2038 2605 τὸν
2051 2572 2222 2606 Πλάτωνα.
2239 2573 2342 2613 Ὁρῶν

1290 2627 1322 2658 δὲ
1339 2626 1434 2658 αὐτὸν
1466 2623 1545 2665 μετὰ
1573 2626 1636 2654 τῶν
1665 2620 1829 2663 γνωρίμων
1861 2621 1899 2653 οὐ
1927 2621 2003 2662 πρὸς
2030 2621 2188 2655 Πλάτωνα
2219 2621 2341 2653 ἀναγω-

1290 2676 1402 2716 ροῦντα
1415 2672 1453 2704 ἐκ
1468 2673 1524 2703 τοῦ
1546 2669 1736 2711 περιπάτου,
1757 2669 1838 2701 ἀλλὰ
1853 2668 1922 2700 καθ’
1940 2669 2051 2700 ἑαυτὸν
2077 2668 2208 2700 απιὸντα
2225 2669 2268 2705 εἰς
2288 2669 2341 2706 τήν

1290 2722 1380 2754 πόλιν
1391 2745 1400 2759 ,
1417 2717 1510 2761 ἤρετό
1527 2729 1597 2751 τινα
1618 2721 1680 2750 τῶν
1697 2718 1731 2750 ἐν
1747 2720 1793 2759 τῷ
1805 2716 1966 2758 περιπάτῳ
1977 2741 1986 2756 ,
2010 2716 2081 2748 ὅποι
2098 2717 2172 2748 ποτὲ
2188 2717 2236 2753 εἴη
2257 2717 2344 2748 Πλά-

1291 2777 1365 2802 των·
1383 2767 1551 2800 ὑπώπτευε
1574 2766 1635 2807 γὰρ
1654 2765 1751 2798 αὐτὸν
1769 2764 2004 2805 μαλακίζεσθαι.
2023 2764 2063 2797 Ὁ
2084 2765 2116 2796 δὲ
2132 2763 2323 2805 ἀπεκρίνατο
2335 2774 2342 2781 ·

1291 2818 1409 2853 ἐκεῖνος
1427 2815 1482 2854 μὲν
1509 2814 1547 2845 οὐ
1566 2815 1674 2851 νοσεῖ,
1691 2813 1828 2853 ἐνοχλῶν
1850 2812 1882 2843 δὲ
1896 2812 1989 2844 αὐτὸν
2016 2812 2224 2853 Ἀριστοτέλης
2246 2822 2346 2853 παρα-

1292 2867 1436 2907 χωρῆσαι
1459 2860 1612 2899 πεποίηκε
1633 2863 1690 2892 τοῦ
1710 2858 1902 2902 περιπάτου,
1928 2859 1982 2891 καὶ
2013 2859 2223 2900 ἀναχωρήσας
2243 2859 2274 2890 ἐν
2301 2861 2346 2899 τῷ

1292 2913 1387 2953 κήπῳ
1407 2913 1454 2952 τῷ
1470 2911 1584 2942 ἑαυτοῦ
1601 2909 1774 2949 φιλοσοφεῖ.
1793 2906 1829 2939 Ὁ
1849 2906 1882 2938 δὲ
1901 2905 2098 2947 Ξενοκράτης
2120 2906 2261 2943 ἀκούσας
2278 2918 2339 2938 πα·

1294 2961 1441 3001 ραχρῑὴμα
1467 2956 1528 2997 ἧκε
1549 2956 1626 2996 πρὸς
1653 2954 1826 2992 Πλάτωνα,
1852 2954 1906 2985 καὶ
1937 2954 2093 2986 κατέλαὸε
2127 2952 2345 2994 διαλεγόμενον

1292 3009 1357 3043 τοῖς
1370 3005 1427 3038 σὺν
1440 3005 1556 3044 ἑαυτῷ.
1574 3000 1682 3035 Ἦσαν
1699 3002 1732 3034 δὲ
1755 3002 1839 3042 μάλα
1854 3001 1967 3042 συχνοὶ
1995 3002 2048 3033 καὶ
2069 3000 2149 3036 ἄξιοι
2170 3000 2265 3041 λόγου
2292 3002 2346 3033 καὶ

1294 3055 1325 3086 οἱ
1346 3052 1482 3094 μάλιστα
1500 3051 1662 3087 δοκοῦντες
1675 3053 1738 3081 τῶν
1750 3049 1829 3081 νέων
1842 3048 2010 3088 ἐπιφανεῖς.
2024 3047 2114 3081 Ἐπεὶ
2133 3048 2167 3079 δὲ
2185 3048 2346 3080 ἐπαύσατο

1294 3105 1348 3140 τῆς
1360 3100 1498 3141 ὁμιλίας,
1515 3097 1684 3138 ἠσπάσατό
1709 3107 1760 3135 τε,
1781 3098 1823 3133 ὡς
1838 3097 1874 3128 τὸ
1888 3095 1970 3132 εἰκός
1984 3121 1993 3137 ,
2013 3096 2067 3128 τὸν
2085 3093 2267 3136 Ξενοκράτη
2293 3108 2345 3135 φ;-

1295 3148 1482 3190 λανθρώπως
1492 3171 1501 3187 ,
1513 3147 1567 3179 καὶ
1583 3144 1624 3177 αὗ
1639 3145 1733 3177 πάλιν
1749 3144 1767 3176 ὁ
1786 3142 1982 3182 Ξενοκράτης
1998 3143 2117 3175 ἐκεῖνον
2130 3142 2257 3184 ὁμοίως.
2275 3149 2346 3174 Δια-

1295 3196 1439 3234 λυθείσης
1450 3194 1485 3227 δὲ
1502 3197 1556 3233 τῆς
1574 3191 1759 3231 συνουσίας,
1780 3192 1867 3223 οὐδὲν
1885 3190 1958 3223 οὔτε
1973 3191 2071 3223 εἰπὼν
2086 3192 2162 3232 πρὸς
2178 3193 2231 3222 τὸν
2261 3190 2345 3222 ΙΙλά-

1297 3255 1383 3277 τωνα
1401 3242 1615 3284 Ξενοκράτης,
1638 3240 1711 3273 οὔτε
1723 3239 1862 3276 ἀκούσας
1872 3264 1880 3279 ,
1900 3239 2087 3279 συναγαγὼν
2103 3239 2173 3274 τοὺς
2188 3239 2327 3278 ἑταίρους
2338 3262 2346 3276 ,

1297 3292 1352 3324 καὶ
1366 3294 1412 3333 τῷ
1425 3289 1618 3329 Σπευσίππῳ
1634 3288 1716 3320 πάνυ
1735 3288 1873 3329 ἰσχυρῶς
1894 3287 2045 3324 ἐπέπληξε
2055 3311 2064 3326 ,
2081 3285 2347 3326 παραχωρήσαντι

1299 3342 1355 3373 τοῦ
1373 3338 1545 3381 περιπάτου
1568 3336 1778 3379 Ἀριστοτέλει·
1800 3335 1892 3371 αὐτὸς
1912 3345 1946 3366 τε
1962 3334 2087 3366 ἐπέθετο
2103 3336 2148 3374 τῷ
2167 3333 2347 3374 Σταγειρίτῃ

1299 3387 1382 3420 κατὰ.
1395 3386 1432 3419 τὸ
1453 3384 1614 3426 καρτερόν.
1635 3383 1699 3415 Καὶ
1714 3383 1757 3419 εἰς
1771 3385 1922 3414 τοσοῦτον
1938 3381 2082 3422 περιῆλθε
2094 3380 2266 3420 φιλοτιμίας
2278 3404 2286 3418 ,
2304 3382 2347 3417 ὡς

1301 3433 1442 3473 ἐξελάσαι
1463 3432 1576 3470 αὐτόν,
1599 3431 1653 3463 καὶ
1675 3430 1846 3463 ἀποδοῦναι
1864 3430 1899 3461 τὸ
1918 3428 2045 3466 σύνηθες
2066 3427 2180 3468 χωρίον
2197 3429 2244 3468 τῷ
2263 3427 2349 3459 Πλά.

2179 3496 2211 3517 3ο
