2528 3788
309 246 388 284 156

304 389 449 436 νεικίας,
470 388 657 440 μετασχὼν
678 388 740 438 μὲν
761 389 937 441 Διοδώρου
963 391 1010 435 εἷς
1025 390 1069 430 τὰ
1090 408 1338 447 πεπανουργη-

304 446 391 497 μένα
423 445 548 484 πιθανὰ
580 449 691 484 ταῦτα
713 445 756 484 τὰ
787 447 929 500 κομψοί,
956 450 1147 499 ὡμιληκὼς
1175 450 1218 489 δὲ’
1235 453 1335 505 Πύῤ-

303 507 395 556 pom*
421 506 460 553 (ὁ
481 503 515 542 δὲ
543 503 695 557 Πύῤῥων
726 504 765 542 ἐκ
793 506 1014 558 Δημοκρίτου
1037 506 1183 560 ὥρμητο
1213 510 1336 549 ὁπόθεν

300 561 446 607 δήποθεν
465 561 525 612 α’)
548 556 643 606 οὗτος
677 559 739 612 μὲν
769 561 811 610 δὴ
831 562 928 602 ἔνθεν
960 567 1207 618 καταρτυθείς,
1243 568 1336 616 πλὴν

298 622 358 666 τῆς
384 619 627 672 προσρήσεως,
650 619 802 671 ἐνέμεινε
837 621 1026 676 Πύῤῥωνι,
1054 626 1101 669 ὡς
1126 627 1169 678 τῇ
1191 626 1334 665 πάντων

298 679 482 732 ἀναιρέσει.
541 678 707 723 Μνασέας
727 683 829 730 γοῦν,
850 680 909 718 καὶ
931 681 1159 735 Φιλόμηλος,
1179 684 1239 722 καὶ
1265 685 1332 724 Τί-

297 754 371 789 μων
391 739 421 776 οἱ
448 737 647 785 σκεπτικοί,
667 738 851 778 σκεπτικὸν
872 738 973 779 αὐτὸν
996 743 1312 794 προσονομάζουσιν
1325 776 1334 794 ,

294 796 412 849 ὥσπερ
432 796 492 835 καὶ
506 797 605 836 αὖτοὶ
626 791 731 849 ἦσαν,
753 799 959 850 ἀναιροῦντα
985 799 1046 839 καὶ
1065 799 1168 839 αὐτὸν
1189 801 1228 840 τὸ
1247 805 1333 850 ἀλη-

294 854 367 904 θές,
400 854 458 894 καὶ
485 854 524 894 τὸ
541 856 686 909 ψεῦδος,
714 856 773 894 καὶ
795 855 834 894 τὸ
862 856 1019 898 πιθανόν.
1095 859 1241 911 Λεχθεὶς
1273 856 1331 899 οὖν

292 917 370 953 κατ’
393 914 490 960 ἀξίαν
512 920 527 938 ⁶
546 915 614 955 ὑπὸ
637 918 705 954 τῶν
727 916 958 970 Πυρρωνείων
979 918 1217 972 Πυρρώνειος,
1241 921 1332 959 αἰδοῖ

290 975 350 1011 τοῦ
383 975 529 1024 ἐραστοῦ
564 974 730 1025 ὓπέμεινε
773 974 935 1026 λέγεσθαι
968 975 1227 1027 Ἀκαδημαϊκὸς
1262 978 1327 1019 ἔτι.

290 1024 362 1070 ΙἮν
396 1031 459 1083 μὲν
500 1032 612 1071 τοίνυν
640 1032 894 1094 Πυρρώνειος,
926 1035 1017 1082 πλὴν
1058 1039 1117 1074 τοῦ
1149 1036 1330 1088 ὀνόματος·

288 1089 546 1140 Ἀκαδημαϊκὸς
567 1091 597 1129 δ’
620 1092 681 1130 οὐκ
713 1095 773 1139 ἠν,
795 1091 886 1140 πλὴν
922 1097 981 1132 τοῦ
1011 1094 1188 1146 λέγεσθαι.
1271 1095 1325 1135 Οὖ

289 1148 356 1199 γὰρ
392 1148 578 1200 πείθομαι,
604 1154 666 1189 τοῦ
689 1150 832 1191 Κνιδίου
865 1151 1052 1197 Διοκλέους
1063 1153 1259 1205 ,φάσκοντος
1288 1156 1324 1193 ἐν

286 1209 362 1250 ταῖς
387 1208 679 1260 ἐπιγραφομέναις
717 1209 934 1261 διατριὸαἱς,
968 1210 1189 1263 Ἀρκεσίλαον
1221 1211 1324 1265 φόὸῳ

285 1266 354 1302 τῶν
385 1266 613 1318 Θεοδωρείων
631 1283 668 1306 τε
688 1267 747 1306 καὶ
767 1267 895 1312 Βίωνος
914 1271 974 1307 τοῦ
996 1272 1179 1321 σοφιστοῦ,
1207 1270 1325 1308 ἐπεισ-

289 1321 409 1361 ιόντων
447 1327 519 1368 τοῖς
546 1326 794 1376 φιλοσοφοῦσι,
821 1326 879 1364 καὶ
914 1325 1008 1365 οὐδὲν
1041 1326 1232 1366 ὀκνούντων
1255 1327 1324 1367 ἀπὸ

284 1379 416 1424 παντὸς
431 1381 606 1433 ἐλέγχειν,
633 1383 736 1421 αὐτὸν
757 1382 1046 1432 ἐξευλαὸηθέντα,
1066 1383 1124 1423 ἵνα
1145 1385 1193 1437 μὴ
1213 1384 1323 1438 πράγ-

285 1452 382 1486 ματα
414 1438 500 1492 ἔχῃ,
534 1440 644 1490 μηδέν
690 1457 729 1492 γε
762 1442 876 1494 δόγμα
906 1445 1065 1482 ὑπειπεῖν
1099 1442 1320 1496 φαινόμενον.

281 1495 422 1550 Ὥσπερ
439 1499 507 1550 γὰρ
527 1501 565 1537 τὸ
586 1500 694 1549 μέλαν
717 1500 777 1544 τὰς
796 1501 945 1551 σηπίας,
967 1501 1229 1553 προὸοίλλεσθαι
1251 1503 1318 1555 πρὸ

281 1557 404 1593 ἑαυτοῦ
423 1556 486 1603 τὴν
507 1557 653 1610 ἐποχήν.
711 1559 817 1598 Τοῦτ’
839 1553 898 1598 οῧν
917 1559 987 1612 ἐγὼ
1001 1562 1037 1599 οὒ
1058 1561 1238 1611 πείθομαι.
1274 1563 1323 1601 Οἱ

281 1614 311 1650 δ’
329 1607 387 1651 οῦν
409 1613 501 1654 ἔνθεν
531 1616 808 1668 ἀφορμηθέντες,
829 1619 848 1655 ὅ
870 1634 907 1657 τε
925 1618 1144 1671 Ἀρκεσίλαος
1158 1618 1221 1657 καὶ
1252 1619 1322 1667 Ζή-

279 1687 363 1720 νων,
380 1673 444 1712 ὕπὸ
464 1676 531 1712 τῶν
551 1675 715 1714 τοιούτων
737 1678 883 1728 ἀρωγῶν
899 1707 908 1725 ,
943 1677 1154 1731 ἀμφοτέροις
1180 1692 1319 1728 συμπο-

278 1732 474 1780 λεμούντων
493 1733 623 1785 λόγων,
642 1738 704 1782 τῆς
733 1735 794 1785 μὲν
818 1737 928 1789 ἀρχῆς
946 1736 1020 1774 ὅθεν
1039 1739 1077 1775 ἐκ
1099 1736 1318 1787 Πολέμωνος

277 1879 347 1918 ret,
378 1887 576 1920 rursusque,
605 1882 732 1913 mutata
766 1881 948 1920 sententia,
976 1881 1008 1913 id
1035 1881 1145 1923 ipsum
1172 1881 1320 1923 pluribus

277 1946 376 1978 quam
394 1940 489 1971 antea
511 1939 713 1980 argumentis
728 1941 925 1981 firmaverat,
945 1939 1137 1973 infirmaret.
1156 1941 1196 1974 Se
1211 1942 1319 1981 ipsum

275 1996 374 2038 igitur
392 1996 446 2032 ille
464 1996 558 2038 quasi
584 1996 723 2039 hydram
737 1997 880 2038 secabat,
901 1998 933 2030 et
953 1998 1128 2031 secabatur
1149 2007 1167 2031 a
1181 2007 1215 2031 se
1229 1999 1316 2039 ipso,

275 2055 355 2087 dum
374 2056 420 2088 sic
448 2055 483 2088 iu
504 2057 676 2097 utramque
698 2059 823 2098 partem
849 2056 1081 2098 disputat‚·ut
1108 2066 1213 2098 neque
1238 2058 1317 2098 quid

274 2114 337 2146 sibi
353 2114 451 2148 vellet
468 2114 562 2147 facile
581 2115 776 2157 dispiceres,
802 2125 906 2157 neque
921 2116 991 2158 ipse
1010 2116 1111 2149 ullam
1129 2115 1240 2149 decori
1264 2126 1315 2149 ra-

273 2173 394 2206 tionem
410 2173 557 2206 haberet.
602 2174 747 2206 Tenebat
766 2174 821 2207 ille
836 2175 946 2207 tamen
960 2175 1137 2215 auditores,
1161 2184 1263 2216 quum
1283 2176 1315 2207 in

272 2233 426 2273 loquente
444 2233 581 2265 multam
612 2232 812 2266 hilaritatem
845 2242 918 2266 esse
947 2234 1107 2267 viderent.
1152 2235 1315 2273 Quocirca

271 2291 304 2323 ct
324 2290 457 2323 auditus
476 2294 509 2323 et
525 2292 676 2332 aspectus
693 2292 912 2333 perplacebat,
933 2293 1087 2334 quoniam
1100 2297 1313 2326 assueverant

272 2348 417 2391 excipere
441 2350 512 2390 ejus
535 2350 714 2382 orationem
743 2351 915 2392 praestanti
939 2360 979 2383 ex
1008 2352 1102 2384 vultu
1120 2353 1153 2384 et
1171 2361 1228 2384 ore
1249 2361 1312 2384 non

271 2408 339 2440 sinc
350 2408 491 2448 quadam
507 2408 615 2441 nativa
632 2409 803 2441 oculorum
820 2409 973 2442 comitate
985 2409 1151 2442 fluentem.
1175 2413 1312 2453 Oportet

271 2467 379 2498 autem
397 2466 468 2499 haec
484 2476 547 2498 non
564 2467 752 2508 simpliciter
764 2468 856 2509 quasi
876 2469 984 2501 subito
1001 2469 1103 2501 ascita
1117 2469 1307 2512 intelligere,

269 2524 328 2556 sed
340 2525 408 2564 jam
420 2524 460 2556 ab
472 2524 564 2556 initio
575 2526 682 2558 aetatis
699 2527 763 2559 tale
777 2527 941 2568 ingenium
960 2527 1022 2559 sibi
1036 2527 1199 2562 induerat.
1224 2529 1307 2562 Cum

269 2582 493 2624 Theophrasto
500 2573 586 2616 enim
598 2584 631 2616 in
644 2585 781 2625 pueritia
793 2588 955 2626 versatus,
973 2586 1104 2619 homine
1120 2590 1305 2630 mansueto,

270 2650 376 2683 neque
399 2651 418 2673 a
436 2642 534 2674 rebus
549 2643 715 2675 amatoriis
732 2643 835 2676 alieno
847 2670 855 2683 ,
871 2646 1004 2687 propter
1031 2645 1307 2687 pulchritudinem

267 2701 376 2732 autem
383 2709 484 2741 quum
492 2700 526 2732 in
538 2701 644 2733 aetatis
659 2702 737 2734 ssore
751 2702 858 2735 adhuc
869 2706 965 2744 esset,
979 2704 1170 2738 crantorem
1184 2706 1306 2740 Acade·

266 2758 389 2790 micum
401 2759 578 2791 amatorem
595 2761 719 2799 nactus,
739 2761 815 2793 huic
833 2761 965 2802 quidem
978 2764 1128 2805 accessit,
1151 2765 1210 2798 sed
1219 2774 1303 2808 quo-

266 2818 352 2849 niam
368 2817 495 2858 ingenio
508 2817 646 2858 valebat,
665 2818 734 2858 ejus
750 2819 917 2853 celeritate
929 2845 939 2862 ,
958 2821 1101 2863 agilitate
1122 2824 1156 2856 et
1173 2824 1216 2858 ob
1229 2833 1305 2857 oon-

265 2876 442 2909 tentionem
455 2876 582 2909 fervore
598 2886 690 2917 usus,
709 2888 727 2909 a
746 2878 888 2912 Diodoro
907 2881 1039 2921 quidem
1064 2884 1300 2917 veteratorium

265 2934 346 2967 illud
369 2934 519 2975 idemque
548 2935 713 2976 probabile
746 2939 779 2969 et
807 2940 981 2971 venustum
1012 2941 1170 2975 orationis
1201 2952 1303 2984 genus

264 2993 389 3034 didicit,
408 2995 545 3028 maxime
557 2996 665 3028 tamen
678 2996 851 3038 Pyrrhoni,
871 3007 891 3030 a
906 3000 1082 3034 Democriti
1096 3003 1300 3046 philosophia

264 3055 428 3088 undelibet
461 3056 605 3097 profecto
617 3081 625 3096 ,
655 3065 787 3098 operam
814 3058 921 3100 dedit,
948 3062 1046 3102 atque
1076 3063 1138 3096 hac
1167 3064 1301 3097 scientia

264 3115 442 3147 instructus
458 3138 466 3154 ,
479 3114 656 3155 Pyrrhoni,
669 3115 697 3148 si
710 3116 954 3157 appellationem
968 3121 1126 3161 excipias,
1145 3125 1299 3165 tanquam

264 3171 408 3205 omnium
437 3180 548 3204 rerum
578 3173 738 3205 eversioni
768 3175 941 3215 acquievit.
985 3179 1132 3212 Mnaseas
1153 3183 1296 3224 quidem,

264 3229 458 3262 Philomelus
475 3231 508 3263 et
523 3229 638 3263 Timon
650 3231 785 3273 sceptici
799 3233 993 3275 philosophi,
1009 3237 1190 3279 Scepticum
1205 3240 1297 3275 illum

263 3287 393 3328 vocant,
407 3287 458 3319 sui
475 3287 673 3329 persimilem
685 3314 692 3328 ,
714 3289 771 3331 qui
788 3289 932 3331 ipsorum
945 3295 1092 3335 exemplo
1110 3297 1294 3340 veritatem,

262 3344 468 3379 mendacium
488 3354 528 3379 ac
552 3346 867 3382 verisimilitudinem
888 3358 1016 3383 omnem
1042 3353 1184 3387 tolleret.
1212 3358 1296 3398 Ergo

260 3411 360 3446 quem
381 3405 557 3447 Pyrrhonei
574 3406 796 3448 Pyrrhoneum
817 3417 877 3449 pro
897 3408 1053 3451 dignitate
1071 3412 1249 3455 dixissent,
1266 3416 1293 3447 is

259 3472 318 3506 pro
345 3471 404 3498 sua
424 3465 459 3498 iu
486 3466 664 3500 amatorem
692 3467 896 3502 observantia
919 3470 1146 3503 Academicum
1179 3482 1213 3506 se
1238 3483 1291 3506 no-

1269 246 1486 289 NUMENII

306 331 417 384 χοόσῃ
435 331 654 384 χρησάμενος
671 331 779 382 αὐτῇ,
804 330 919 382 ῥαδίᾳ,
934 335 1135 387 θερμουργῷ
1156 335 1222 374 ὑπὸ
1242 338 1338 390 φιλο-
1398 339 1610 391 ὡρμήθησαν
1624 369 1635 388 ,
1658 338 1960 390 ἐπιλανθάνονται,
1996 342 2198 390 διαστάντες
2233 347 2270 386 δέ
2290 364 2350 400 γε,
2377 348 2437 389 καὶ

1398 397 1504 451 σφέας
1525 397 1645 442 αὐτοὺς
1659 397 1881 450 ἀρτύναντες,

1477 507 1538 545 σύν
1562 509 1590 560 ῥ’
1613 506 1738 546 ἔὸαλον
1758 506 1771 529 ²
1803 506 1938 559 ῥινούς,
1970 507 2031 546 σὺν
2059 509 2088 547 δ’
2112 510 2229 564 ἔγχεα·
2250 513 2310 554 καὶ
2344 511 2436 566 μένε’

1501 622 1813 678 χαλκεοθωρήκων·
1834 621 1922 676 ἀτὰρ
1942 625 2087 670 ἀσπίδες
2100 626 2341 680 ὀμφαλόεσσαι

1501 682 1640 730 ἔπληντ’
1666 681 1859 734 ἀλλήλῃσι,
1880 683 1986 727 πολὺς
2015 685 2045 722 δ’
2076 685 2272 738 ὀρυμαγδὸς
2291 687 2435 743 ὀρώρει.Ι

1500 741 1618 785 Ἀσπὶς
1658 740 1713 793 ἄρ’
1736 740 1854 779 ἀσπίδ’
1876 739 2006 794 ἔρειδε,
2020 741 2121 796 κόρυς
2141 744 2260 797 κόρυν,
2278 745 2384 800 ἀνέρα
2403 749 2434 787 δ’

1498 855 1732 911 καρπαλίμως
1753 856 1891 903 ἔὸίαζεν
1911 864 1943 899 8.
2314 805 2431 915 ‘pamm

1495 916 1610 956 Ἔνθα
1632 917 1662 954 δ’
1684 916 1746 967 ἅμ’
1763 917 1900 969 οἰμωγή
1919 933 1958 956 τε
1981 917 2041 956 καὶ
2068 919 2208 973 εὗχωλὴ
2231 921 2338 962 πόλιν
2367 924 2431 963 ἅν-

2289 980 2404 1035 [δρῶν
2419 1013 2431 1033 ,
2496 999 2502 1004 ·

1497 1034 1670 1074 ὀλλύντων
1692 1049 1729 1073 τε
1748 1034 1808 1073 καὶ
1828 1035 2029 1087 ὀλλυμένων
2044 1035 2076 1077 ¹¹.

1388 1148 1468 1186 Τῶν
1500 1147 1679 1186 Στωϊκῶν·
1712 1147 1743 1185 οἱ
1774 1145 2027 1198 Ἀκαδημαϊκοὶ
2056 1147 2122 1200 γὰρ
2153 1151 2216 1189 οὔκ
2243 1149 2432 1192 ἐὸοίλλοντο

1388 1208 1446 1244 ὑπ’
1470 1206 1581 1243 αὐτῶν
1594 1234 1605 1256 ,
1626 1203 1849 1256 ἀγνοούμενοι
1869 1199 1890 1258 ᾖ
1917 1200 2007 1253 ἦσαν
2028 1206 2161 1245 ἁλῶναι
2189 1208 2430 1264 δυνατώτεροι.

1388 1262 1624 1306 Ἡλίσκοντοί
1661 1262 1720 1313 δέ,
1751 1266 1811 1310 τῆς
1845 1262 1980 1316 βάσεως
2011 1265 2376 1319 αὖτοῒςσεισθείσης,
2397 1270 2428 1308 εἶ

1388 1319 1608 1375 μήτεάρχὴν
1632 1322 1765 1374 ἔχοιεν,
1795 1321 1886 1372 μήτε
1913 1323 2088 1375 μάχεσθαι
2118 1325 2295 1378 ἀφορμήν.
2350 1326 2428 1374 Τὴν

1387 1381 1449 1432 μὲν
1464 1382 1504 1429 δὴ
1525 1380 1636 1434 ἀρχὴν
1657 1375 1699 1428 ἦν
1714 1382 1744 1427 k,
1764 1380 1804 1419 τὸ
1819 1380 1867 1432 μὴ
1890 1381 2104 1421 Πλατωνικὰ
2120 1383 2287 1436 λέγοντας
2304 1383 2429 1431 αὖτοὺς

1386 1440 1531 1492 ἐλέγξαι·
1552 1439 1590 1478 τὸ
1609 1438 1643 1478 δὲ
1679 1439 1759 1491 μηδ’
1780 1440 1870 1492 ἔχειν
1890 1440 1967 1478 τινὰ
1993 1441 2176 1495 ἀφορμήν,
2196 1437 2257 1494 ἦν,
2279 1442 2393 1485 εἵπου
2412 1444 2422 1468 ¹

1386 1499 1487 1550 μόνον
1519 1497 1554 1536 ἕν
1579 1514 1612 1536 τι
1645 1497 1886 1550 μετέστρεψαν
1908 1498 1977 1537 ἀπὸ
2000 1501 2062 1537 τοῦ
2078 1497 2158 1552 ὅρου
2174 1503 2234 1539 τοῦ
2259 1501 2340 1555 περὶ
2363 1505 2425 1550 τῆς

1383 1558 1647 1604 καταληπτικῆς
1668 1555 1859 1609 φαντασίας
1877 1556 2074 1609 ἀφελόντες.
2143 1556 2262 1614 Ὅπερ
2281 1564 2340 1600 νῦν
2361 1560 2426 1612 μὲν

1385 1617 1447 1654 οὐκ
1467 1615 1542 1653 ἔστι
1562 1615 1702 1666 μηνύειν
1724 1630 1784 1666 μοι
1813 1616 1847 1653 ἐν
1867 1618 1978 1668 καιρῷ
1993 1646 2003 1664 ,
2035 1617 2286 1670 μνησθήσομαι
2305 1619 2335 1658 δ’
2363 1621 2425 1659 αὗ-

1383 1679 1443 1713 τοῦ
1469 1669 1582 1722 αὖθις,
1604 1673 1691 1713 ἐπὰν
1710 1673 1801 1712 κατὰ
1811 1677 1913 1713 τοῦτο
1927 1674 2082 1725 μάλιστα
2105 1676 2264 1728 γενέσθαι
2285 1678 2419 1730 μέλλω.

1383 1733 1594 1778 Διαστάντες
1615 1734 1645 1772 δ’
1667 1726 1724 1771 οῧν
1745 1734 1790 1777 εἷς
1821 1732 1860 1771 τὸ
1881 1733 2046 1786 φανερόν,
2075 1734 2227 1775 ἔὸαλλον
2252 1737 2424 1786 ἀλλήλους

1383 1881 1502 1913 minari
1521 1879 1629 1912 adhuc
1646 1888 1761 1921 passus
1789 1881 1852 1912 est.
1897 1881 1947 1912 Ila
1967 1880 2025 1922 qui
2043 1880 2271 1923 Pyrrhonem,
2288 1885 2425 1926 excepto

1380 1939 1527 1979 nomine,
1550 1940 1639 1971 totus
1663 1941 1744 1978 erat,
1769 1938 1857 1971 idem
1882 1938 2070 1972 Academici
2085 1941 2206 1982 praeter
2228 1950 2348 1976 nomen
2363 1929 2422 1978 ni-

1379 1998 1425 2030 hil
1452 1998 1607 2030 habebat.
1652 1999 1762 2039 Neque
1778 1997 1864 2030 enim
1888 1997 1952 2030 fide
1963 1997 2081 2039 dignus
2097 1998 2178 2032 milii
2194 1999 2327 2034 videtur
2338 2002 2421 2036 Gni-

1378 2056 1452 2089 dius
1471 2057 1525 2090 ille
1538 2056 1679 2095 Diocles,
1703 2056 1757 2098 qui
1784 2056 1816 2088 in
1834 2056 1926 2089 libris
1939 2065 2021 2097 quos
2039 2057 2204 2092 Diatribas
2226 2059 2393 2103 inscripsit
2405 2087 2414 2104 ,

1378 2115 1554 2148 Arcesilam
1585 2113 1747 2154 affirmat,
1775 2114 2040 2147 Theodoreorum
2068 2118 2102 2148 et
2123 2116 2233 2150 Bionis
2261 2118 2419 2161 sophistae
2432 2127 2437 2147 ,¹

1375 2175 1478 2214 metu,
1488 2173 1545 2214 qui
1555 2173 1757 2215 philosophis
1764 2173 2008 2214 infesti,nullam
2017 2184 2082 2207 non
2093 2184 2149 2208 cos
2160 2166 2418 2218 reprehendendi

1375 2231 1578 2265 occasionem
1596 2231 1786 2274 arriperent,
1806 2233 1917 2272 etiam,
1935 2241 1975 2264 ne
1992 2233 2047 2266 isti
2062 2234 2228 2276 negotium
2241 2235 2306 2278 ipsi
2314 2237 2416 2272 faces-

1375 2293 1506 2332 serent,
1530 2290 1672 2323 veritum
1703 2299 1774 2324 esse
1803 2292 1927 2323 certam
1948 2291 1988 2324 de
2008 2292 2074 2324 ulla
2102 2302 2138 2326 re
2167 2295 2359 2329 sententiam
2382 2296 2425 2330 in.

1685 2351 1768 2382 Nam
1782 2351 1818 2382 ut
1834 2349 1940 2391 sepias
1956 2350 2063 2383 effuso
2086 2352 2287 2394 atramento,
2305 2353 2352 2387 ita
2370 2355 2394 2388 il
2427 2381 2429 2383 .

1374 2350 1480 2382 medio
1497 2358 1628 2391 ponere.

1372 2412 1439 2444 lum
1459 2411 1602 2444 cohibita
1617 2421 1635 2444 a
1654 2411 1750 2444 rebus
1770 2411 1902 2445 incertis
1921 2412 2108 2446 assensione
2127 2422 2161 2446 se
2177 2415 2273 2449 tueri.
2289 2418 2412 2451 Verum

1372 2472 1453 2510 hoc,
1478 2475 1516 2503 ut
1532 2471 1618 2511 dixi,
1643 2471 1752 2503 minus
1780 2470 1888 2504 credo.
1949 2473 2113 2505 Caeterum
2132 2473 2198 2512 illi,
2222 2474 2264 2507 de
2293 2475 2412 2517 quibus

1371 2531 1425 2563 hic
1442 2531 1611 2572 quaeritur,
1627 2530 1787 2574 Arcesilas
1803 2531 1837 2563 et
1862 2526 1970 2572 Zeno,
1991 2530 2067 2564 hinc
2085 2532 2186 2565 semel
2211 2533 2348 2574 profecti
2376 2537 2410 2568 et

1370 2598 1501 2620 suorum
1522 2588 1665 2630 quisque
1697 2588 1859 2622 sociorum
1886 2588 2163 2630 disputationibus
2189 2592 2409 2633 tanquamar-

1370 2647 1432 2680 mis
1452 2647 1634 2689 opibusque
1651 2647 1725 2680 freti
1737 2673 1745 2688 ‚
1765 2647 1948 2680 Polemonis
1963 2647 2109 2682 scholam
2134 2648 2225 2683 obliti
2245 2652 2323 2684 sunt
2348 2661 2408 2694 pu·

1367 2715 1438 2748 gnae
1454 2715 1525 2739 suae
1541 2706 1726 2739 tirocinium
1747 2706 1859 2739 fuisse.
1885 2708 1994 2745 Quare
2010 2709 2185 2749 postquam
2195 2709 2230 2742 in
2242 2711 2406 2744 certamen

1366 2767 1498 2798 ventum
1513 2767 1563 2797 est
1576 2765 1795 2807 instructique
1809 2765 1939 2799 ordines
1958 2767 2193 2808 constiterunt,

1433 2836 1575 2871 scutaque
1587 2837 1649 2868 jam
1665 2835 1764 2869 scutis,
1782 2835 1938 2872 hastasque
1953 2838 1983 2865 ct
1997 2836 2106 2866 robora
2123 2844 2204 2868 aenae

1433 2881 1628 2910 committunt
1641 2880 1729 2916 acies,
1748 2881 1922 2918 clypeisque
1941 2882 2119 2911 sonantibus
2131 2882 2183 2912 icti

1432 2924 1596 2954 densantur
1613 2925 1711 2963 clypei
1725 2934 1733 2952 z
1745 2927 1846 2955 vastus
1855 2924 1957 2962 fragor
1971 2925 2105 2963 undique
2121 2927 2224 2962 surgit.

1434 2972 1604 3001 Umbonem
1632 2972 1724 3002 umbo
1749 2972 1870 3009 premit,
1884 2973 1999 3009 galeam
2017 2973 2097 3009 galea
2123 2978 2211 3011 atque
2234 2976 2331 3004 virum
2353 2977 2400 3006 vlr

1431 3019 1556 3063 urgebat
1573 3025 1711 3056 propere.
2077 3045 2080 3048 .

1432 3065 1488 3093 Hic
1501 3072 1571 3093 vero
1584 3064 1682 3094 crebri
1694 3065 1821 3101 gemitus
1836 3071 1871 3094 ac
1881 3066 1953 3093 vota
1965 3067 2143 3102 sequuntur,

1430 3110 1503 3139 dum
1515 3111 1669 3147 perimunt
1683 3113 1873 3149 pereuntque
1883 3104 1984 3140 simul.

1359 3184 1483 3216 Stoicos
1507 3183 1667 3224 intellige';
1705 3183 1915 3216 Academicos
1945 3183 2031 3217 enim
2061 3183 2109 3216 illi
2131 3193 2198 3217 non
2223 3186 2390 3228 petebant,

1358 3242 1447 3284 quod
1462 3251 1529 3283 qua
1554 3244 1646 3285 parte
1663 3243 1735 3285 capi
1763 3243 1891 3275 facilius
1915 3242 2067 3284 vincique
2087 3244 2243 3284 possent,
2261 3243 2394 3287 ignor&

1357 3304 1439 3333 rent.
1484 3301 1583 3343 Atqui
1598 3303 1671 3334 tum
1689 3296 1821 3334 demum
1839 3302 2055 3342 vincerentur,
2075 3301 2103 3334 si
2120 3311 2219 3335 suum
2239 3302 2304 3337 illis
2317 3304 2390 3338 fun-

1357 3359 1546 3393 damentum
1575 3361 1804 3402 excuteretur,
1833 3360 1896 3393 hoc
1917 3361 1990 3400 est,
2015 3360 2042 3393 si
2068 3370 2174 3402 neque
2197 3361 2392 3405 principium

1356 3427 1450 3450 suum
1464 3418 1650 3459 retinerent,
1669 3427 1773 3461 neque
1798 3419 1962 3460 pugnandi
1991 3420 2198 3453 occasionem
2212 3419 2383 3456 haberent.

1354 3478 1400 3508 Ac
1424 3476 1612 3518 principium
1632 3477 1763 3518 quidem
1779 3477 1859 3510 illud
1878 3478 2014 3511 convelli
2033 3480 2178 3521 poterat,
2203 3479 2230 3512 si
2242 3479 2316 3522 quis
2335 3489 2390 3514 eus

2250 615 2253 617 ,
2277 572 2292 624 [
2303 574 2436 632 ἀνδρῶν
2520 539 2528 549 ⁸

2510 2572 2528 2648 -ΛᾸ-ι*
2524 2550 2528 2561 ,,
2526 2529 2528 2534 .
2520 2494 2528 2516 .-.<
2522 2463 2528 2485 -ᾘ

2511 3106 2528 3158 ..Π
2506 3094 2528 3102 ι’
2502 3009 2528 3090 α’·ἕίιιῖη
2506 2854 2528 3006 simiai-fix*
2514 2829 2528 2849 ,a
2503 2759 2528 2818 {aaliz
2512 2660 2528 2756 marin..
2519 2649 2522 2651 ·

2523 3360 2526 3367 ,
2500 3135 2528 3326 ;..“,;ε.·ἰ”ςιῑ’;.“”“
