2528 3788
788 370 965 471 DE
1048 365 1590 470 PLATON
1601 368 1680 467 E

319 571 694 654 EJUSQUE
748 571 1217 643 DISCIPULIS
1275 572 1382 640 ET
1435 569 2150 662 snccessofflssus

206 838 444 878 Platonicam
478 835 772 888 philosophiam
807 836 862 874 ita
893 836 1100 876 illustrabo
1116 866 1129 886 ,
1163 845 1206 875 ut

153 909 276 953 pauca
290 896 338 935 de
348 904 460 936 sectae
476 895 678 935 conditore
694 895 875 947 praefatus
894 896 1065 947 primum
1086 894 1205 934 libro-

151 969 239 999 rum
245 955 281 1008 ej
286 967 332 997 us
337 955 714 999 ordinomexcutiam
723 968 767 993 ac
774 953 972 1005 Thrasylli
982 954 1204 1004 teti-alogias

151 1028 466 1067 commemorem,
485 1013 625 1054 deinde
642 1013 691 1052 <le
709 1013 946 1066 Speusippo,
963 1022 1043 1051 tum
1064 1013 1111 1051 de
1131 1012 1204 1051 Xe-

150 1082 326 1124 nocrate,
345 1075 394 1114 de
417 1074 607 1115 Crantore
625 1081 663 1111 et
679 1072 766 1111 aliis
784 1071 989 1111 disseram.
1014 1074 1126 1110 Plato
1148 1071 1202 1124 (1)

151 1131 345 1178 Aristonis
363 1141 401 1172 et
420 1132 663 1176 Perictiones
701 1131 828 1178 filius,
862 1144 884 1170 e
917 1130 1073 1182 Colytto
1102 1143 1204 1182 pago

151 1191 412 1242 Atheniensis,
427 1192 544 1232 initio
557 1191 623 1231 avi
639 1193 700 1231 sui
718 1191 876 1230 nomine
893 1190 1110 1243 appellatus
1128 1199 1199 1240 est,

151 1260 240 1305 post
258 1261 386 1295 autem
405 1253 489 1292 sive
508 1265 531 1291 e
550 1251 691 1291 frontis
722 1251 808 1291 sive
835 1264 857 1289 e
878 1251 1048 1302 pectoris
1068 1250 1202 1290 latitu-

151 1311 244 1352 dine
255 1312 419 1352 alterum
433 1323 575 1352 nomen
592 1312 747 1351 invenit
765 1309 834 1364 (2).
855 1310 974 1351 Natus
994 1319 1052 1350 est
1067 1323 1202 1350 sexen-

150 1371 219 1412 nio
237 1379 328 1424 post
349 1370 558 1410 Isocratem
587 1371 703 1409 tertio
729 1370 975 1422 Olympiadis
1004 1371 1052 1418 87
1075 1383 1201 1418 anno,

149 1438 238 1471 ante
261 1429 460 1470 Christum
476 1430 570 1479 430,
587 1429 652 1469 die
674 1429 950 1480 'l'hargelionis
972 1430 1117 1468 mensis
1135 1442 1200 1468 se-

129 1501 132 1504 ’
152 1489 294 1541 ptimo,
311 1502 392 1541 quo
405 1489 509 1528 Delii
519 1489 743 1541 Apollinem
763 1488 805 1526 in
816 1489 940 1527 lucem
959 1488 1105 1527 editum
1120 1500 1203 1527 esse

149 1547 356 1589 affirmant.
386 1547 562 1600 Namque
595 1547 779 1586 idoneum
807 1547 892 1598 ejus
918 1547 974 1586 rei
1005 1556 1201 1586 auctorem

148 1607 434 1661 Apollodorum
469 1608 512 1646 in
548 1607 757 1646 Chronicis
799 1606 992 1658 Diogenes
1024 1606 1202 1645 Laertius

146 1723 158 1735 '
186 1721 231 1761 (1)
245 1720 408 1763 Diogenen
435 1719 587 1753 Laertius
617 1719 674 1752 ln).
703 1720 772 1760 111,
803 1722 817 1751 1
837 1719 991 1760 Πλάτων,
1017 1719 1198 1760 Ἀρίστωνος

146 1768 201 1802 καὶ
214 1768 419 1810 Περικτιόνης
442 1768 463 1807 ἢ
488 1767 657 1807 Ποτώνης,
673 1767 740 1805 ἥτις
756 1767 793 1799 τὸ
813 1767 900 1808 γένος
919 1766 1065 1808 ἀνέφερεν
1085 1768 1128 1804 εἰς
1144 1767 1204 1800 Σό-

145 1817 249 1859 λωνα,
273 1815 445 1855 Ἆθηνκίος.
463 1815 585 1849 Τούτου
599 1825 658 1856 γαρ
671 1815 709 1855 ἦν
731 1814 861 1856 ἀδελφὸς
880 1814 1056 1856 Δρωπίδης,
1078 1814 1115 1847 οὗ
1131 1816 1203 1856 Κρι-

68 1848 75 1856 .
143 1861 233 1905 th«,
259 1863 300 1898 οὗ
323 1864 561 1906 Καλλαισχρος,
587 1862 625 1896 οὗ
655 1862 783 1904 Κριτίας
808 1863 826 1894 ὁ
851 1866 914 1895 τῶν
936 1861 1122 1905 τριάκοντα,
1149 1863 1202 1895 καὶ

146 1910 312 1952 Platiae-iv,
329 1909 367 1943 οὗ
387 1911 550 1952 Χαρμίδης
571 1910 626 1942 καὶ
653 1908 841 1951 Περικτιόνη
854 1934 862 1950 ,
882 1909 918 1951 ἧς
938 1909 993 1941 καὶ
1022 1908 1203 1951 Ἀρίστωνος

145 1957 292 1999 Πλάτων,
300 1958 390 1995 ἕκτος
399 1957 463 1991 ἀπὸ
470 1958 624 1996 Σόλωνος.
640 1957 680 1990 '0
690 1958 724 1991 δὲ
735 1957 842 1990 Σόλων
856 1958 900 1995 εἰς
907 1958 1013 1996 Νηλέα
1020 1958 1073 1990 καὶ
1085 1959 1204 1992 Ποσει-

145 2004 368 2047 &flubium
381 2005 418 2038 τὸ
435 2005 536 2046 γένος.
562 2005 650 2038 Φασὶ
673 2005 707 2038 δὲ
723 2005 778 2038 καὶ
799 2005 854 2038 τὸν
872 2005 992 2046 πατέρα
1013 2006 1109 2038 αὐτοῦ
1128 2005 1203 2038 ἀνά-

144 2061 212 2095 γειν
223 2051 398 2095 ιῑςΚόδρον
414 2052 468 2086 τὸν
484 2052 663 2093 Μελάνθου,
691 2053 801 2089 οἵτινες
815 2053 878 2085 ἀπὸ
902 2054 1102 2090 Ποσειδῶνος
1122 2053 1205 2086 ἱστο·

146 2102 285 2143 ροῦνται,
301 2100 386 2134 κατὰ
404 2099 600 2142 Θράσυλλον.
618 2099 736 2133 suidas
753 2109 780 2132 s.
797 2108 830 2133 v.
843 2099 998 2139 Πλάτων,
1021 2099 1205 2143 Ἀρίστωνος

145 2149 202 2181 τοῦ
214 2146 450 2190 ’Δριστοκλὲους
466 2147 520 2180 καὶ
534 2146 737 2188 Περικτιόνης
753 2148 774 2186 ἢ
788 2147 942 2187 Ποτώνης
954 2147 990 2179 τὸ
1002 2147 1089 2188 γένος
1099 2147 1204 2181 ἑλκού-

147 2206 206 2233 σης
230 2195 296 2228 ἀπὸ
313 2195 465 2232 Σόλωνος.
484 2195 584 2234 Ἐκτη
597 2196 656 2238 γὰρ
673 2194 712 2234 ἦν
726 2195 786 2228 ἀπ’
802 2195 921 2228 ἐκείνου
932 2222 939 2236 ,
960 2198 1035 2232 παῖς
1054 2195 1204 2238 γενομένη

147 2242 314 2286 Δρωπίδου
325 2245 533 2284 ποιητοῦ,τοῢ
542 2243 675 2282 ἀδελφοῦ
685 2242 834 2279 Σόλωνος·
847 2243 865 2274 ὁ
877 2243 910 2275 δὲ
921 2243 1026 2275 Σόλων
1043 2243 1085 2279 εἰς
1099 2243 1205 2281 Νηλέα

146 2291 290 2333 ἂναφὲρει
307 2290 346 2325 τὸ
363 2290 462 2331 γένος·
486 2291 539 2323 καὶ
557 2290 703 2333 Ἀρίστων
721 2290 757 2323 δέ
771 2315 779 2330 ,
805 2291 823 2322 ὁ
839 2291 1010 2327 Πλάτωνος
1024 2291 1149 2333 πατήρ,
1168 2291 1205 2324 ἐκ

143 2341 200 2373 τοῦ
217 2336 340 2382 Κόδρου
357 2338 465 2378 γένους
482 2338 638 2378 κατήγετο
650 2363 659 2379 ,
673 2341 730 2370 τοῦ
747 2338 910 2372 Μελάνθου
932 2341 1013 2372 υἱοῦ.
1038 2338 1203 2381 Olympio-

144 2385 247 2420 m
261 2386 322 2420 vit.
344 2385 493 2420 Platonis
517 2398 526 2418 z
544 2386 666 2427 λέγεται
685 2386 745 2428 γὰρ
770 2387 787 2418 ὁ
804 2386 942 2419 Πλάτων
963 2387 1030 2423 υἱὸς
1058 2387 1203 2427 γενέσθαι

145 2434 262 2477 πατρὸς
277 2434 333 2476 μὲν
354 2434 539 2476 Ἀρίστωνος
561 2437 617 2467 τοῦ
643 2433 876 2477 Ἀριστοκλέους
889 2460 898 2475 ,
922 2435 973 2477 ἀφ’
997 2435 1035 2467 οὗ
1058 2436 1095 2468 τὸ
1116 2436 1203 2477 γένος

146 2479 191 2518 dc
212 2479 342 2514 Σόλωνα
361 2481 417 2513 τὸν
427 2481 598 2522 νομοθέτην
615 2480 751 2524 ἀνέφερε.
774 2481 832 2514 Διὸ
848 2483 903 2514 καὶ
922 2481 1006 2514 κατὰ
1019 2482 1109 2520 ζῆλον
1123 2493 1204 2524 προ-

143 2527 271 2570 γονικὸν
290 2527 406 2570 νόμους
425 2527 555 2572 ἔγραφεν
573 2527 606 2560 ἐν
634 2529 676 2570 ιβ’
693 2529 844 2571 βιδλίοις,
869 2531 923 2562 καὶ
951 2529 1108 2568 πολιτείας
1133 2530 1190 2563 σύ·

145 2586 257 2611 mciv
269 2575 302 2610 ἰν
321 2579 375 2610 ια’.
390 2577 516 2618 Μητρὸς
536 2577 571 2609 δὲ
583 2577 719 2618 προῆλθε
736 2578 937 2618 Περικτιόνης
949 2602 958 2618 ,
973 2578 1040 2616 ἣτις
1055 2578 1119 2610 ἀπὸ
1132 2578 1201 2616 Νη-

145 2625 222 2663 λέως
253 2627 310 2657 τοῦ
334 2623 458 2667 Κόδρου
489 2625 657 2665 κατήγετο.
701 2642 735 2647 -
771 2624 817 2666 (2)
855 2624 1019 2666 Diogenes
1051 2624 1200 2657 Laertius

144 2671 202 2706 ill).
230 2672 281 2706 111
292 2697 301 2713 ‚
333 2673 354 2705 4
379 2671 578 2714 ἐγυμνάσατο
607 2672 640 2705 δὲ
668 2672 756 2714 παρὰ
787 2672 952 2713 Ἀρίστωνι
985 2675 1031 2714 τῷ
1055 2672 1199 2715 Ἀργείῳ,

142 2718 315 2760 παλαιστῇ·
328 2717 381 2760 ἀφ’
393 2719 431 2752 οὗ
445 2720 500 2753 καὶ
517 2719 652 2754 Πλάτων
671 2720 726 2753 διὰ
742 2721 800 2759 τὴν
815 2720 941 2758 εὐεξίαν
955 2721 1197 2762 μετωνομάσθη,

145 2765 291 2810 πρότερον
311 2766 509 2809 Ἀριστοκλῆς
530 2767 594 2801 ἀπὸ
617 2771 673 2801 τοῦ
701 2768 835 2801 πάππου
853 2768 1044 2810 καλούμενος
1075 2768 1195 2809 ὄνομα,

146 2813 230 2847 anu
247 2824 340 2856 φησιν
363 2814 554 2858 Ἀλέξανδρος
568 2815 601 2849 ἐν
614 2815 792 2857 διαδοχαῖς.
811 2817 914 2849 Ἔνιοι
931 2816 964 2849 δὲ
984 2816 1037 2848 διὰ
1048 2815 1105 2854 την
1119 2816 1199 2847 πλα-

145 2859 263 2902 τύτητα
279 2865 335 2902 τῆς
353 2862 517 2905 δρμηνείας
534 2863 635 2900 οὕτως
663 2863 888 2904 ὀνομασθῆναι·
911 2864 931 2902 ἢ
957 2863 1005 2895 ὅτι
1029 2862 1145 2899 πλατὺς
1163 2862 1200 2902 ἦν

107 2941 115 2951 ,
145 2907 183 2942 τὸ
196 2908 355 2951 μέτωπον,
377 2911 423 2948 ὥς
440 2922 517 2952 φησι
539 2910 691 2949 Νεάνθης.
708 2910 826 2943 Suidas
848 2911 869 2943 Ι.
890 2919 920 2944 0.
944 2910 1202 2957 Προσηγορεύετο

145 2953 396 2999 ὃἏριοτοκλῆς·
417 2958 471 2991 διὰ
491 2959 524 2991 δὲ
551 2959 588 2992 τὸ
607 2958 722 2995 πλατὺς
747 2958 828 2991 εἶναι
858 2959 894 2991 τὸ
917 2959 1043 2999 στέρνον
1064 2959 1200 2991 Πλάτων

87 3032 92 3039 .
120 3036 121 3039 ,
145 3001 370 3047 mon·
393 3006 480 3039 ἄλλοι
501 3006 536 3039 δέ
549 3030 558 3047 ,
576 3007 619 3044 ὡς
641 3006 761 3039 πλατὺν
775 3007 806 3039 ἐν
820 3006 926 3047 λόγοις
946 3005 1104 3039 Πλάτωνα
1123 3007 1198 3044 κλη-

145 3049 247 3091 θῆναι.
274 3053 460 3096 Hesychius
480 3052 628 3089 Milesius
650 3063 685 3087 v.
711 3054 859 3088 Πλάτων.
880 3055 1005 3092 Πλατὺς
1036 3054 1070 3086 δὲ
1097 3055 1140 3086 ὢν
1159 3055 1199 3086 τὰ

145 3097 259 3143 στόμια
274 3101 295 3140 ἢ
307 3101 345 3134 τὸ
359 3102 506 3144 μέτωπον
532 3102 668 3136 Πλάτων
692 3103 939 3145 προσηγορεύθη.
955 3105 984 3135 οἱ
1006 3102 1039 3134 δὲ
1060 3104 1104 3139 ὡς
1118 3104 1198 3135 πλα-

146 3144 200 3179 τὺν
215 3147 361 3190 όνλόγοις
374 3149 460 3183 οὕτω
477 3151 570 3193 φασὶν
585 3151 748 3191 κληθῆναι.
771 3149 880 3192 Τίμων
897 3152 930 3184 δὲ
952 3152 1118 3193 κωμῳδῶν
1141 3152 1198 3184 αὖ·

145 3193 201 3227 τὸν
216 3194 250 3227 όν
271 3194 390 3236 Σίλλοις
412 3198 501 3239 φησί·
527 3201 591 3240 τῶν
616 3199 745 3232 πάντων
775 3198 802 3231 δ’
825 3201 933 3240 ἡγεῖτο
971 3199 1196 3241 πλατύστατος,

145 3240 213 3276 ἀλλ’
230 3242 383 3287 ἀγορητὴς
400 3246 558 3287 ἡδυεπής,
579 3247 708 3284 τέττιξιν
721 3246 909 3289 ἰσογράφος,
930 3247 960 3279 οἶ
978 3246 1003 3278 Θ’
1018 3247 1199 3288 Ἑκαδήμου

277 3290 454 3334 όφεζόμινοι
474 3293 539 3326 ὄπα
559 3293 754 3336 λειριόεσσαν
775 3297 880 3327 ῑεῖσιν.
903 3293 953 3326 Cf.
975 3293 1069 3335 Diog.
1088 3296 1196 3328 Laert.

146 3331 202 3369 ΙΙ).
215 3336 279 3379 m,
296 3341 328 3373 7.
348 3339 424 3373 vid.
447 3342 575 3383 Fragm.
595 3341 681 3376 Phil.
709 3342 775 3375 vol.
798 3343 824 3382 Ι,
850 3351 923 3386 pag.
955 3345 1011 3375 89.
1041 3341 1199 3387 Apulejus

147 3378 251 3416 Μ.
283 3385 416 3421 Platon.
447 3387 519 3422 init.
543 3398 552 3418 ε
572 3389 703 3422 Platoni
732 3389 892 3422 habitudo
915 3388 1061 3431 corporis
1079 3397 1200 3431 cogno-

148 3430 293 3464 mntum
319 3432 410 3468 dedit
436 3443 608 3479 :namque
637 3436 851 3470 Aristotocles
874 3437 964 3479 prius
991 3436 1197 3478 nominatus,

150 3473 308 3513 Art-ton
333 3479 434 3515 fuisso
449 3484 543 3524 pater
567 3482 678 3517 dictus
702 3486 766 3518 est.
794 3484 959 3518 oaeterum
994 3483 1178 3517 Perictione

1216 3541 1254 3570 51

1273 836 1403 874 laudat
1421 835 1494 887 (3).
1527 835 1716 873 Caeterum
1743 834 1903 884 antiqua
1930 842 1967 872 et
1985 845 2174 883 generosa
2201 832 2322 883 stirpe

1270 907 1357 933 eum
1379 903 1507 933 ortum
1528 906 1611 932 esse
1642 894 1744 932 fama
1765 893 1852 932 suit.
1882 892 2038 943 Quippe
2060 891 2192 930 Aristo
2213 899 2322 942 pater

1271 967 1341 1004 per
1360 953 1532 991 Codrum
1549 952 1598 990 ab
1620 954 1706 1004 ipso
1726 952 1906 1003 Neptuno
1921 952 2114 1001 originem
2142 951 2318 1000 deduxit,

1269 1021 1485 1051 maternum
1506 1025 1599 1050 vero
1620 1025 1741 1062 genus
1773 1012 1981 1063 prudentia
2006 1011 2117 1050 civili
2147 1011 2244 1050 adeo
2261 1011 2322 1049 in-

1267 1071 1422 1119 claruit,
1442 1079 1484 1109 ut
1503 1071 1745 1120 Perictione,
1767 1070 2029 1119 Glauci‘fllia‚
2051 1071 2232 1109 Solonem
2254 1084 2322 1109 sa-

1267 1130 1553 1183 pientissimum
1578 1131 1707 1180 legum
1735 1130 1939 1169 atticarum
1970 1130 2215 1168 inventorem
2242 1144 2321 1168 ma-

1263 1189 1397 1242 jorum
1417 1203 1576 1229 suorum
1599 1190 1891 1242 progenitorem
1909 1198 2137 1240 agnosceret
2160 1190 2230 1240 (4).

1320 1250 1420 1288 Mira
1451 1249 1627 1301 quaedam
1660 1257 1698 1287 et
1730 1249 1801 1287 vix
1826 1248 2032 1287 credibilia
2057 1248 2105 1286 de
2126 1256 2216 1286 ortu
2238 1247 2324 1299 ejus

1267 1309 1482 1348 traduntur.
1517 1309 1662 1348 Ferunt
1692 1310 1812 1358 igitur
1832 1317 2028 1360 spectrum
2060 1307 2238 1360 Apollini
2266 1309 2321 1347 si-

1268 1369 1358 1408 mile
1377 1382 1464 1408 cum
1488 1377 1609 1409 matre
1628 1368 1722 1420 ejus,
1734 1369 1955 1408 Perictione
1976 1368 2234 1407 concubuisse
2262 1377 2322 1407 at-

1266 1442 1342 1479 que
1355 1429 1578 1468 Aristonem
1590 1437 1707 1467 noctu
1725 1442 1794 1480 per
1808 1419 1976 1479 quietem
1992 1428 2154 1466 eandem
2172 1428 2321 1467 vidisse

1267 1489 1457 1539 speciem,
1485 1502 1563 1540 qua
1602 1487 1857 1535 monebatur,
1893 1501 1942 1526 ne
1974 1501 2061 1526 cum
2102 1487 2324 1527 Perictione

1267 1559 1348 1584 rem
1386 1546 1568 1594 haberet,
1602 1547 1731 1597 quoad
1772 1547 1988 1599 peperisset
2020 1547 2088 1598 (5)
2131 1546 2322 1586 Fabulose

1267 1620 1385 1658 porro
1406 1615 1566 1645 narrant
1595 1615 1775 1659 parentes
1795 1605 1998 1644 Platonem
2027 1618 2162 1645 recens
2193 1615 2325 1645 natum

1264 1719 1381 1751 Glauci
1400 1718 1486 1758 filia,
1517 1720 1623 1751 mater
1654 1718 1733 1759 fuit,
1763 1721 1796 1751 et
1824 1718 1866 1751 de
1891 1720 2033 1761 utroque
2063 1718 2219 1752 nobilitas
2245 1720 2327 1752 satis

1264 1766 1364 1798 clara.
1398 1767 1481 1798 Nam
1508 1766 1622 1799 Aristo
1643 1768 1737 1807 pater
1758 1775 1816 1808 per
1838 1766 1984 1798 Codrum
2003 1766 2045 1799 ab
2075 1766 2148 1808 ipso
2172 1768 2326 1808 Neptuno

1263 1813 1422 1855 originem
1439 1813 1544 1846 duxit..
1564 1813 1614 1845 Ab
1629 1813 1748 1846 Solone
1768 1812 2010 1855 sapientissimo
2023 1838 2031 1854 ,
2056 1814 2114 1855 qui
2139 1815 2247 1856 legum
2270 1818 2327 1848 At-

1263 1861 1406 1894 ticarum
1422 1859 1578 1893 fundator
1595 1860 1658 1893 fuit
1669 1886 1677 1900 ‚
1692 1860 1864 1892 maternus
1875 1860 2046 1896 derivatus
2061 1863 2112 1893 est
2124 1861 2267 1903 sanguis.
2283 1881 2326 1886 —

1264 1909 1311 1951 (3)
1332 1909 1493 1949 Diogenes
1509 1907 1660 1941 Laertius
1672 1909 1734 1948 III,
1754 1911 1771 1941 2
1789 1908 1843 1940 καὶ
1862 1909 1980 1950 γίνεται
1996 1908 2132 1942 Πλάτων
2146 1933 2155 1950 ,
2173 1910 2216 1946 ὥς
2229 1921 2323 1951 φησιν

1263 1955 1499 1997 Ἀπολλόδωρος
1524 1955 1558 1987 ἐν
1586 1958 1766 1998 χρονικοῖς,
1793 1955 1890 1997 ὀγδόη
1908 1957 1963 1989 καὶ
1980 1956 2179 1998 ὀγδοηκοστῇ
2202 1957 2319 2000 Ὀλυμ-

1264 2008 1351 2041 πιάδι
1363 2031 1372 2047 ,
1393 2007 1618 2049 Θαργηλιῶνος
1637 2006 1774 2048 ἑὸδόμῃ,
1799 2007 1868 2040 καθ’
1889 2009 1927 2047 ἣν
1946 2009 2055 2047 Δήλιοι
2078 2009 2131 2040 τὸν
2144 2008 2325 2041 Ἀπόλλωνα

1263 2056 1413 2097 γενέσθαι
1439 2054 1528 2095 φασί.
1563 2072 1605 2079 -
1644 2054 1691 2096 (4)
1729 2055 1867 2087 Proclus
1911 2056 1954 2088 ad
1984 2056 2132 2089 Platonis
2163 2056 2324 2089 Timaeum

1263 2112 1338 2146 pag.
1353 2105 1404 2135 25.
1429 2104 1465 2135 F.
1485 2101 1582 2145 (pag.
1601 2105 1640 2135 58
1660 2101 1711 2135 ed.
1732 2102 1919 2136 Schneider.
1932 2103 1943 2145 )
1957 2105 1976 2142 ἡ
1994 2104 2048 2144 μὲν
2067 2104 2189 2146 ἱστορία
2205 2107 2224 2144 ἡ
2246 2105 2328 2137 κατὰ

1263 2152 1300 2184 τὸ
1316 2150 1457 2187 Σόλωνος
1474 2151 1563 2189 γένος
1588 2151 1641 2182 καὶ
1665 2151 1727 2189 τὴν
1746 2149 1914 2187 Πλάτωνος
1934 2152 2010 2193 πρὸς
2032 2152 2126 2184 αὐτὸν
2145 2153 2327 2194 συγγένειαν

1264 2200 1395 2236 τοιαύτη
1424 2198 1470 2235 τίς
1504 2198 1602 2230 ἐστιν·
1636 2196 1859 2235 Ἐξηκεστίδου
1894 2200 2001 2235 παῖδες
2036 2199 2178 2240 ἐγένοντο
2214 2201 2319 2233 Σόλων

1270 2246 1324 2278 καὶ
1347 2245 1529 2286 Δρωπίδης,
1561 2244 1614 2276 καὶ
1637 2244 1802 2286 Δρωπίδου
1827 2245 1881 2286 μὲν
1903 2246 2048 2287 Κριτίας,
2074 2245 2112 2278 οὗ
2132 2247 2321 2289 μνημονεύει

1264 2294 1318 2325 καὶ
1346 2293 1453 2325 Σόλων
1479 2292 1511 2324 ἐν
1529 2296 1567 2333 τῇ
1599 2293 1725 2330 ποιήσει
1754 2292 1864 2333 λέγων’
1890 2294 2050 2336 εἰπέμεναι
2074 2295 2183 2337 Κριτίῃ
2213 2296 2318 2332 ξανθό-

1263 2350 1346 2382 τριχι
1362 2339 1478 2380 πατρὸς
1505 2339 1641 2372 ἀκούειν·
1671 2339 1708 2371 οὐ
1724 2339 1784 2381 γὰρ
1810 2341 1992 2383 ἁμαρτινόφ
2011 2340 2155 2374 πείσεται
2176 2344 2320 2383 ἡγεμόνι·

1264 2386 1397 2429 Κριτίου
1424 2387 1458 2419 δὲ
1485 2387 1703 2428 Κάλλαισχρος
1723 2388 1777 2419 καὶ
1801 2388 1968 2429 Γλαύκων,
1988 2389 2214 2432 Καλλαίσχρου
2233 2390 2266 2423 δὲ
2282 2391 2323 2423 αὖ

1264 2434 1391 2477 Κριτίας
1417 2434 1521 2471 οὗτος.
1547 2435 1648 2472 Δηλοῖ
1662 2434 1695 2466 δὲ
1723 2435 1740 2465 ὁ
1763 2435 1795 2467 ἐν
1814 2436 1958 2478 Χαρμίδῃ
1976 2438 2104 2479 Κριτίας
2117 2462 2127 2479 ,
2150 2439 2204 2471 τὸν
2218 2434 2319 2471 Γλαύ·

1263 2493 1369 2524 κωνα,
1388 2483 1440 2514 τὸν
1465 2483 1626 2523 Χαρμίδου
1642 2483 1783 2524 πατέρα,
1804 2484 1884 2515 Θεῖον
1903 2485 2016 2518 ἑαυτοῦ
2034 2486 2152 2518 καλῶν.
2172 2487 2322 2519 Γλαύκω-

1263 2542 1314 2568 νος
1333 2529 1367 2562 δὲ
1386 2529 1543 2571 Χαρμίδης
1563 2530 1616 2562 καὶ
1632 2530 1838 2572 Περικτιόνη,
1853 2535 1906 2571 τῆς
1924 2532 1958 2565 δὲ
1974 2533 2180 2575 Περικτιόνης
2199 2534 2216 2566 ὁ
2234 2535 2319 2567 Πλά-

1263 2585 1339 2608 των·
1355 2577 1439 2609 ὥστε
1452 2577 1470 2608 ὁ
1484 2576 1636 2609 Γλαύκων
1654 2576 1781 2618 Κριτίου
1796 2577 1874 2614 θεῖος
1887 2577 1926 2618 ἧν
1939 2603 1947 2618 ,
1966 2581 2070 2621 πατὴρ
2089 2580 2123 2612 δὲ
2143 2580 2322 2622 Χαρμίδου,

1265 2624 1426 2666 Χαρμίδης
1453 2623 1486 2656 δὲ
1507 2624 1589 2662 θεῖος
1614 2624 1805 2663 Πλάτωνος,
1830 2624 1936 2658 Σόλων
1957 2626 1990 2658 δὲ
2015 2627 2145 2668 ἀδελφὸς
2169 2631 2228 2660 τοῦ
2255 2628 2322 2660 ἐπι-

1264 2671 1395 2705 πάππου
1426 2671 1568 2714 Κριτίου.
1608 2672 1655 2704 Τὸ
1682 2671 1738 2713 μὲν
1761 2672 1817 2705 οὗν
1845 2673 1956 2711 ἀληθὲς
1989 2680 2143 2710 τοιοῦτον·
2173 2679 2190 2710 ὁ
2219 2677 2252 2709 δέ
2286 2682 2322 2717 γε’

1266 2721 1344 2757 θεῖος
1366 2718 1545 2761 Ἰάμὸλιχος
1561 2719 1664 2757 ἄλλως
1681 2731 1750 2758 πως
1766 2720 1965 2762 παραδίδωσι
1978 2723 2034 2762 τὴν
2057 2727 2114 2756 τοῦ
2127 2725 2235 2766 γένους
2251 2725 2323 2757 δια-

1263 2767 1372 2809 δοχήν·
1405 2767 1536 2800 αὐτόθεν
1564 2767 1625 2811 γὰρ
1652 2770 1709 2800 τοῦ
1737 2767 1905 2810 Δρωπίδου
1939 2771 2039 2803 παῖδα
2063 2771 2118 2804 τὸν
2148 2771 2324 2806 Γλαύκωνα

1262 2817 1357 2849 ποιεῖ.
1374 2814 1478 2850 Ἄλλοι
1504 2815 1537 2848 δὲ
1567 2815 1790 2859 Καλλαίσχρου
1816 2816 1946 2860 Κριτίαν
1975 2819 2028 2851 καὶ
2051 2819 2225 2854 Γλαύκωνα
2251 2827 2323 2855 παῖ·

1262 2863 1317 2900 δας
1354 2864 1521 2905 λέγουσιν,
1560 2864 1668 2906 ὥσπερ
1705 2865 1759 2896 καὶ
1792 2865 1881 2897 Θέων
1910 2867 1927 2898 ὁ
1964 2867 2179 2905 Πλατωνικός·
2213 2869 2321 2902 καίτοι

1262 2911 1294 2943 ἐν
1313 2911 1461 2953 Χαρμίδη
1478 2911 1571 2953 φησὶν
1588 2911 1606 2944 ὁ
1628 2910 1756 2954 Κριτίας
1769 2936 1777 2952 ,
1795 2912 1843 2945 ὅτι
1858 2917 1933 2951 παῖς
1948 2914 2015 2947 ἐστι
2030 2916 2194 2957 Χαρμίδης
2212 2918 2317 2950 Γλαύ-

1261 2970 1383 2999 κωνος,
1409 2962 1465 2991 τοῦ
1495 2960 1647 3001 ἡμετέρου
1683 2959 1789 3002 Θείου,
1824 2961 1900 3001 καὶ,
1932 2965 1997 2999 τοῖς
2030 2963 2167 3005 ῥήμασιν
2196 2966 2317 2997 οὑτωσὶ

1261 3007 1372 3048 λέγων,
1390 3007 1516 3053 ἀνεψιὸς
1528 3007 1561 3040 δὲ
1579 3008 1665 3050 ἐμός.
1684 3008 1764 3041 Οὕτ’
1781 3007 1843 3051 ἄρα
1858 3010 2025 3051 Δρωπίδου
2045 3012 2112 3049 υἱὸς
2129 3013 2147 3044 ὸ
2168 3012 2318 3046 Γλαύκων

1261 3053 1333 3087 οὔτε
1369 3054 1498 3096 Κριτίου
1540 3057 1597 3087 τοῦ
1635 3056 1787 3098 νεωτέρου
1825 3056 1970 3099 ἀδελφός.
2008 3075 2047 3080 -
2082 3057 2128 3099 (5)
2156 3058 2320 3100 Diogenes

1261 3102 1411 3135 Laertius
1433 3103 1493 3143 ΙΙΙ,
1520 3105 1538 3135 2
1566 3103 1765 3140 Σπεύσιππος
1792 3101 1820 3135 δ’
1845 3104 1877 3137 ἐν
1906 3107 1952 3146 τῷ
1974 3105 2211 3148 ἐπιγραφομένῳ
2234 3109 2321 3141 Πλά-

1260 3160 1358 3187 τωνος
1379 3151 1449 3192 περὶ
1471 3151 1618 3194 δείπνου,
1637 3153 1690 3184 καὶ
1715 3153 1879 3196 Κλέαρχος
1904 3152 1937 3186 ἐν
1951 3156 1996 3194 τῷ
2019 3154 2191 3192 Πλάτωνος
2210 3155 2315 3194 ἐγκω·

1261 3197 1323 3239 μίῳ
1336 3221 1346 3237 ,
1365 3199 1417 3230 καὶ
1437 3197 1622 3237 Ἀναξιλίδης
1640 3200 1672 3231 ἐν
1695 3203 1740 3241 τῷ
1758 3201 1892 3244 δευτέρῳ
1915 3202 1985 3243 περὶ
2003 3202 2181 3245 φιλοσόφων
2199 3205 2294 3244 φασίν
2307 3228 2316 3244 ,

1261 3246 1305 3282 ὡς
1319 3243 1482 3288 Ἀθήνῃσιν
1506 3247 1545 3288 ἦν
1559 3247 1650 3287 λόγος
1661 3271 1669 3287 ,
1689 3249 1808 3290 ὡραίαν
1825 3249 1926 3282 οὖσαν
1949 3250 2007 3288 τὴν
2030 3251 2233 3293 Περικτιόνην
2248 3251 2317 3292 βιά·

1260 3295 1364 3330 ζεσθαι
1387 3294 1440 3328 τὸν
1474 3294 1667 3337 Ἀρίστωνα,
1697 3297 1750 3329 καὶ
1781 3298 1824 3339 μὴ
1859 3298 2044 3339 τυγχάνειν,
2081 3298 2258 3339 παυόμενόν
2284 3310 2316 3331 τε

1259 3345 1313 3380 τῆς
1329 3341 1397 3383 βίας
1418 3343 1492 3377 ἰδεῖν
1512 3344 1566 3382 τήν
1587 3346 1643 3375 τοῦ
1664 3343 1857 3383 Ἀπόλλωνος
1880 3345 1965 3388 ὄψιν·
1990 3346 2060 3378 ὅθεν
2088 3347 2227 3388 καθαρὰν
2257 3347 2314 3386 γά·

1260 3400 1322 3431 μου
1344 3391 1477 3433 φυλάξαι
1503 3392 1564 3428 ἕως
1593 3395 1648 3431 τῆς
1676 3392 1897 3433 ἀποκυήσεως.
1923 3394 2108 3436 Hesychius
2138 3394 2311 3428 Mnesius:

1258 3438 1349 3471 Φασὶ
1363 3439 1419 3481 δέ,
1448 3442 1490 3478 ὡς
1525 3441 1560 3473 ἐκ
1575 3452 1656 3480 τινος
1679 3441 1763 3479 θείας
1790 3442 1892 3484 ὄψεως
1915 3445 1935 3481 ἡ
1958 3443 2058 3484 μήτηρ
2077 3442 2174 3474 αὐτοῦ
2199 3443 2311 3483 ἔγκυος

1259 3486 1384 3527 γέγονεν
1395 3510 1405 3529 ,
1422 3488 1624 3530 ἐπιφανέντος
1649 3489 1727 3530 αὐτῇ
1743 3493 1800 3522 τοῦ
1815 3489 2017 3526 Ἀπόλλωνος.
2035 3489 2096 3521 Καὶ
2115 3490 2207 3528 ἡνίκα
2228 3490 2313 3523 ἔτεκε
