2528 3788
320 277 395 316 162

312 362 411 401 Ἐπεὶ
444 363 479 401 δὲ
509 362 713 409 ὑποσταίηο
732 378 769 401 τε
784 362 855 415 καὶ
887 357 965 402 εῧ”
947 379 1040 416 εχοι,
1062 369 1254 413 τηνικαῦτα
1273 366 1340 414 ἤδη

309 421 368 459 καὶ
387 415 425 459 οῧ
444 422 667 473 προύδέὂοκτο
682 421 741 460 καὶ
773 423 964 473 ἐμέμνητο,
982 422 1067 461 ἑκὼν
1088 424 1264 474 ἠμέλει.
1238 423 1250 447 ¹
1290 426 1342 464 Τὸ

309 479 376 531 γὰρ
396 478 519 526 ἀληθές
536 495 572 518 τε
597 479 712 519 καὶτὸ
737 482 859 534 ψεῦδος
879 483 913 520 ἐν
934 487 1004 526 τοῖς
1029 482 1234 535 πράγμασιν
1249 483 1341 522 ἐνεῖ-

309 552 365 575 ναι
385 541 595 590 συγχωρῶν,
628 538 745 591 ὥσπερ
773 538 1057 593 ξυνεργαζόμενος
1087 543 1148 588 τῆς
1166 541 1341 589 ζητήσεως

307 596 450 648 τρόπῳ,
473 598 666 636 παλαιστοῦ
700 599 808 637 δεινοῦ
843 600 958 647 λαὸὴν
993 599 1093 648 δούς,
1123 599 1340 652 περιεγένετο

307 654 414 694 ἔνθεν.
504 656 605 696 Κατὰ
625 656 692 710 γὰρ
714 658 777 705 τὴν
798 662 856 696 τοῦ
876 662 1021 698 πιθανου
1043 658 1150 712 ῥοπὴν
1173 660 1336 712 ἑκάτερον

306 713 523 766 παρασχών,
553 715 730 768 οὐδέτερον
771 720 845 755 εἰπε
881 716 1031 768 βεὸαίως
1071 717 1339 768 καταλαμὸάνε·

306 776 400 813 σθαι.
442 777 506 813 Ἠν
527 777 607 826 γοῦν
627 774 756 828 λῃστὴς
777 775 836 814 καὶ
854 775 935 828 γόης
951 775 1155 829 σοφώτερος.
1212 777 1337 828 Παρα-

305 831 421 870 λαὸὼν
442 833 509 885 γὰρ
546 834 667 881 ἀληθεῖ
687 833 749 884 μὲν
770 834 886 885 ὅμοιον
915 836 1059 889 ψευδος,
1092 835 1339 888 καταληπτικῇ

305 889 339 928 δὲ
362 891 534 944 φαντασίᾳ
555 892 782 940 καταληπτὸν
801 893 917 944 ὅμοιον
931 924 940 940 ,
965 893 1025 932 καὶ
1045 892 1184 944 ἀγαγὼν
1207 895 1256 936 εἷς
1277 893 1338 937 τὰς

304 947 402 999 ἴσας,
420 952 482 989 οὐκ
499 949 611 990 εἴασεν
627 951 704 991 οὔτε
722 954 759 991 τὸ
775 952 899 1000 ἀληθὲς
918 957 1023 1001 εἶναι,
1042 954 1120 991 οὔτε
1139 951 1177 990 τὸ
1198 953 1337 1005 ψεῦδος,

303 1008 323 1054 ἢ
341 1009 379 1046 οὐ
398 1009 527 1059 μᾶλλον
547 1008 586 1047 τὸ
615 1009 729 1084 ἕτερον
747 1026 806 1050 του
831 1011 967 1064 ἑτέρου,
989 1011 1010 1058 ἢ
1032 1011 1162 1062 μᾶλλον
1184 1011 1253 1048 ἀπὸ
1280 1027 1338 1050 του

303 1069 459 1108 πιθανοῦ.
516 1059 588 1106 Ἠν
620 1063 678 1107 ουν
707 1069 868 1131 ὀνείρατα
890 1071 967 1109 ἀντὶ
995 1069 1192 1122 ὀνειράτων,
1217 1069 1273 1107 διὰ
1300 1070 1338 1108 τὸ

302 1123 420 1173 ὁμοίας
439 1125 631 1178 φαντασίας
651 1127 813 1174 ἀληθέσιν
833 1132 921 1167 εἰναι
942 1127 1003 1173 τὰς
1031 1128 1223 1180 ψευδεῖς,“
1205 1143 1251 1171 ως
1269 1127 1338 1165 ἀπὸ

301 1182 370 1220 <tou
390 1183 531 1235 κηρίνου
550 1184 635 1236 πρὸς
662 1185 700 1223 τὸ
720 1186 880 1232 ἀληθινὸν
900 1185 988 1226 ὠόν.
1047 1185 1256 1224 Συνέὸαινεν
1277 1179 1335 1223 οῧν

301 1239 345 1278 τὰ
361 1242 471 1288 κακά,
500 1242 559 1280 καὶ
578 1242 700 1283 πλείω.
759 1244 826 1283 Καὶ
848 1244 965 1294 μέντοι
992 1243 1104 1294 λέγων
1125 1247 1142 1283 ὁ
1169 1243 1332 1292 Καρνεά-

301 1299 361 1348 δης
381 1301 597 1354 ἐψυχαγώγει
615 1302 672 1341 καὶ
693 1303 973 1356 ἠνδραποδίζετο.
1031 1297 1101 1342 τΗν
1123 1302 1158 1341 δὲ
1177 1303 1334 1341 κλέπτων

301 1359 363 1408 μὲν
397 1360 553 1413 ἀφανής,
588 1362 787 1414 φαινόμενος
821 1363 855 1400 δὲ
875 1362 1023 1415 λῃστής,
1046 1363 1153 1414 αἱρῶν
1183 1361 1218 1399 δὲ
1245 1361 1334 1413 δόλῳ

299 1421 358 1458 καὶ
387 1421 447 1474 βίᾳ
481 1422 557 1467 τοὺς
588 1425 647 1462 καὶ
680 1424 769 1462 πάνυ
803 1423 933 1477 σφόδρα
965 1422 1330 1476 παρεσκευασμένους,

299 1482 404 1519 Πᾶσα
415 1485 494 1533 γοῦν
509 1482 709 1534 Καρνεάδου
729 1481 862 1520 διάνοια
879 1482 987 1530 ἐνίκα,
1006 1482 1064 1520 καὶ
1081 1481 1223 1532 οὐδεμία
1238 1484 1335 1528 ἡτισ-

310 1580 387 1590 .—

299 1633 594 1672 animadvertebat,
610 1634 642 1666 in
669 1643 764 1676 quam
785 1634 931 1667 fraudem
950 1634 1091 1676 primum
1107 1636 1211 1667 semet
1228 1615 1330 1676 ipsun

298 1692 491 1734 impulisset,
510 1693 589 1725 dum
606 1692 741 1726 sublatis
770 1693 867 1726 rebus
893 1693 1054 1726 universis
1075 1693 1116 1726 de
1139 1692 1335 1736 placitorum

299 1761 431 1784 suorum
444 1752 581 1786 veritate
597 1753 624 1786 ei
638 1761 833 1794 persuasum
843 1754 903 1786 est.
925 1755 1046 1786 Verum
1062 1752 1261 1786 Carneadem
1274 1754 1333 1785 Ar·

297 1811 402 1846 cesilae
421 1812 467 1844 sic
479 1814 631 1854 tanquam
647 1811 768 1843 malum
787 1810 872 1844 malo
889 1812 1078 1853 impositum
1101 1812 1174 1853 jure
1188 1812 1331 1853 dixeris3

297 1870 352 1913 qui
373 1879 413 1902 ne
438 1870 601 1903 tantillum
631 1870 764 1912 quidem
789 1879 935 1911 unquam
958 1871 1154 1912 remitteret,
1177 1870 1241 1904 nisi
1269 1879 1335 1913 quo

299 1930 491 1963 effecturum
513 1938 548 1961 se
568 1927 708 1969 videbat,
726 1930 763 1962 ut
776 1929 942 1962 auditores
966 1932 1080 1972 postea
1093 1938 1158 1971 quo
1175 1939 1209 1962 se
1224 1931 1333 1963 verte·

298 1990 371 2022 rent
387 1999 450 2022 non
471 1990 628 2023 haberent
649 2001 656 2021 :
676 1989 710 2022 id
734 1989 821 2031 quod
845 1998 883 2022 eo
907 1989 1069 2030 visorum,
1087 1992 1126 2022 ut
1141 1989 1334 2031 appellabat,

298 2057 413 2088 genere
433 2050 689 2090 consequebatur
705 2074 712 2089 ,
739 2044 813 2089 quae
830 2048 989 2090 probabili
1007 2048 1132 2081 ratione
1152 2050 1276 2081 certum
1296 2056 1335 2080 ae

299 2107 457 2149 singulare
475 2106 648 2148 quiddam,
667 2107 785 2139 animal
801 2116 883 2147 esse,
908 2107 960 2140 vel
974 2107 1183 2140 confirmandi
1202 2107 1255 2140 vel
1273 2116 1334 2140 ne-

298 2166 392 2208 gandi
410 2167 475 2199 vim
498 2166 666 2198 haberent.
712 2168 795 2207 Ergo
821 2168 993 2208 postquam
1025 2165 1149 2207 aliquid
1176 2165 1336 2207 ejusmodi

297 2225 442 2264 dederat,
461 2223 735 2266 quemadmodum
754 2224 829 2256 ferte
848 2224 1054 2265 aliquantum
1079 2223 1333 2264 retrocedentes,

298 2284 330 2315 in
347 2283 468 2325 spicula
486 2284 576 2315 tanto
596 2284 707 2324 postea
728 2282 956 2315 vehementius
972 2282 1103 2315 irruunt
1122 2293 1129 2312 :
1145 2282 1191 2314 sic
1207 2282 1261 2315 ille
1279 2282 1336 2315 ubi

297 2342 439 2374 nonnihil
454 2341 525 2374 aliis
541 2341 740 2381 indulserat,
759 2350 797 2374 eo
821 2341 940 2374 deinde
962 2342 1127 2383 potentius
1148 2341 1333 2383 ingruebat.

297 2403 405 2439 Quum
428 2410 506 2433 vero
526 2400 700 2434 firmiorem
715 2401 782 2442 jam
802 2400 1056 2443 solidiorcmque
1077 2400 1332 2442 disputationem

298 2461 460 2502 ingressus
479 2462 567 2501 erat,
586 2462 655 2493 tum
671 2460 751 2493 illud
779 2459 886 2502 ipsum
914 2460 1003 2501 quod
1026 2460 1088 2493 sibi
1112 2462 1208 2494 antea
1227 2463 1335 2495 visum

300 2521 386 2551 esset
405 2519 555 2560 quodque
571 2518 637 2559 jam
655 2521 868 2551 memorasset
884 2544 892 2559 ,
906 2519 993 2551 ultro
1011 2519 1201 2561 negligebat.
1249 2523 1333 2553 Nam

298 2577 354 2617 qui
381 2586 494 2609 verum
521 2579 554 2609 et
572 2577 685 2609 falsum
714 2577 747 2609 iu
769 2576 866 2609 rebus
890 2577 996 2610 inesse
1015 2578 1215 2619 concederet,
1242 2579 1336 2620 quasi

298 2635 406 2668 verbis
422 2636 464 2667 ad
486 2635 649 2677 propriam
665 2636 855 2677 quaestionis
880 2636 1041 2670 rationem
1057 2638 1313 2670 accommodatis

299 2703 397 2735 quam
431 2693 498 2735 ipse
524 2694 620 2735 periti
649 2694 819 2727 luctatoris
849 2703 938 2727 more
960 2703 1070 2726 ansam
1100 2694 1257 2735 dederat,
1297 2703 1336 2727 ea

299 2754 504 2796 postmodum
525 2753 683 2787 vincebat.
729 2756 814 2786 Dum
838 2755 926 2787 enim
944 2757 1122 2796 utrumque
1141 2764 1200 2797 pro
1216 2755 1332 2788 verisi-

301 2814 492 2847 militudinis
511 2814 673 2856 utrimque
691 2815 834 2847 nutantis
853 2815 976 2848 rationo
996 2816 1156 2858 concedit,
1184 2818 1335 2856 neutrum

300 2872 395 2904 simul
410 2872 501 2904 firme
513 2872 741 2914 comprehendi
752 2881 847 2914 posse
863 2872 953 2906 dixit.
976 2876 1056 2915 Ergo
1071 2874 1234 2915 praedator
1250 2885 1335 2917 prae-

301 2931 509 2972 stigiatorque
522 2931 664 2963 Arcesila
681 2931 839 2963 sollertior
860 2932 929 2964 suit.
951 2933 1000 2964 Ita
1016 2933 1101 2965 enim
1119 2943 1197 2966 vero
1213 2933 1334 2976 aliquid

302 2989 394 3030 salsi,
415 2989 503 3030 quod
521 2992 555 3022 et
573 2989 809 3031 percipiebatur
836 2991 868 3022 et
887 2990 1107 3032 imaginationi
1123 2993 1334 3035 comprehen-

302 3048 401 3081 sionis
424 3048 534 3091 capaci
557 3048 660 3080 simile
682 3050 753 3081 erat
772 3048 986 3090 adjungebat,
1010 3052 1047 3083 ut
1065 3059 1165 3091 quum
1182 3051 1272 3093 paria
1298 3061 1337 3084 ea

300 3115 372 3141 esse
383 3106 583 3146 ostenderet,
602 3106 697 3139 simul
711 3115 770 3139 nec
782 3116 859 3139 vero
875 3107 983 3139 locum
997 3108 1098 3140 ullum
1118 3118 1177 3142 nec
1189 3109 1270 3142 falso
1284 3119 1335 3142 re-

301 3167 478 3207 linqueret,
493 3168 550 3198 aut
565 3167 717 3198 neutrum
729 3166 832 3198 altero
844 3166 952 3207 potius
967 3175 1081 3199 verum
1095 3176 1165 3200 esse
1177 3168 1335 3201 falsumve

301 3226 477 3268 pateretur,
491 3227 548 3258 aut
561 3225 589 3257 si
601 3225 794 3258 alterutrum
805 3224 924 3266 potius,
937 3226 968 3257 id
982 3227 1090 3259 tamen
1102 3227 1170 3259 sola
1182 3228 1335 3269 probabi-

301 3285 393 3318 litate
409 3283 670 3318 commendatum
685 3283 749 3317 tale
766 3284 941 3317 videretur.
970 3284 1108 3318 Somniis
1121 3294 1197 3327 ergo
1213 3287 1339 3318 somnia

305 3343 543 3383 succedebant,
559 3342 636 3385 quia
647 3343 734 3375 veris
752 3343 851 3375 etiam
869 3342 945 3374 visis
960 3342 1040 3374 salsa
1054 3342 1170 3375 similia
1183 3344 1339 3385 putaban-

305 3405 374 3443 tur,
387 3404 541 3443 tanquam
559 3402 588 3434 si
600 3401 653 3434 ovi
668 3401 753 3435 cerei
771 3401 894 3443 species
907 3410 981 3434 cum
1000 3410 1079 3434 vero
1091 3411 1153 3434 ovo
1167 3411 1338 3444 compone-

305 3464 406 3494 retur.
427 3460 634 3494 Incommoda
647 3460 717 3493 haec
735 3459 833 3502 igitur
849 3460 976 3501 aliaque
991 3460 1085 3502 plura
1101 3461 1338 3502 contingebant.

301 3519 365 3552 Sed
379 3520 486 3554 tamen
500 3518 680 3552 Carneades
697 3519 820 3552 interea
834 3517 961 3551 dicendi
970 3518 1122 3552 facultate
1135 3518 1333 3552 audientium

1262 278 1480 319 NUMENlI

1401 370 1459 405 οῦν
1485 366 1613 410 ἄλλως·
1643 366 1717 406 ἐπεὶ
1745 366 1805 404 καὶ
1827 360 1876 409 οἷς
1911 366 2092 418 ἐπολέμει,
2113 362 2202 414 ἦσαν
2222 367 2330 406 εἰπεῖν
2355 367 2438 407 ἀδυ-

1401 425 1599 478 νατώτεροι.

1402 483 1524 533 ἔμελλε
1545 483 1606 534 μὲν
1622 485 1777 535 ἀγωνιῶν
1795 482 1820 505 “
1837 498 1868 520 τι
1885 482 2039 534 γράφειν·
2057 483 2139 534 πρὸς
2155 484 2184 521 δ’
2200 478 2259 523 οὖν
2273 482 2355 528 τοὺς
2367 484 2437 524 ἀπὸ

1403 545 1603 597 Καρνεάδου
1618 545 1694 582 καθ’
1717 541 1851 595 ἡμέραν
1873 541 2150 594 ἀποφερομένους
2169 541 2291 595 λόγους
2308 540 2436 584 οὔποτε

1401 604 1664 655 ἐδημοσίευσεν,
1702 604 1764 641 οὐκ
1796 603 1831 639 ἐν
1865 600 1939 643 ταῖς
1969 600 2186 652 διατριὸαῖς,
2209 603 2285 642 οὐκ
2305 605 2338 642 ἐν
2365 603 2436 647 τοῖς

1401 663 1618 716 περιπάτοις,
1641 661 1718 701 οὐδὲ
1738 654 1815 699 εἶπε
1802 675 1862 710 ν,
1885 658 1961 697 οὐδὲ
1981 659 2187 712 ἐφθέγξατο,
2219 662 2302 700 οὐδ’
2303 660 2435 710 ἤκουσέ

1408 737 1458 766 τις
1478 723 1581 760 αὐτοῦ
1596 752 1606 770 ,
1624 720 1748 773 φασίν,
1770 717 1846 757 οὐδὲ
1866 733 1942 771 γρυ·
1975 719 2184 772 ἄντιγραφὰς
2209 717 2245 758 ’δὲ
2265 718 2436 759 ἐπανετεί-

1399 795 1495 827 νετο,
1530 779 1588 817 καὶ
1622 778 1748 831 γωνίαν
1778 775 1918 824 λαὸών,
1939 775 2058 828 βιὸλία
2091 775 2259 816 κατέλιπε
2293 776 2431 834 γράψας

1399 844 1468 877 τοῖ
1443 865 1468 882 ,ς
1486 839 1639 891 ὕστερον,
1660 836 1736 875 οὐδὲ
1755 840 1813 874 νῦν
1831 841 1848 864 8
1866 837 2038 884 δυνάμενα
2050 866 2060 885 ,
2084 837 2144 875 καὶ
2164 838 2239 877 τότε
2257 835 2435 881 ἀδυνατώ-

1399 912 1480 947 τερα
1501 896 1584 948 πρὸς
1601 895 1659 934 ούτ
1662 911 1707 939 ως
1735 894 1843 947 ἄνδρα
1869 894 2072 946 ὖπέρμεγαν
2091 894 2266 948 φανέντα,
2287 895 2348 935 καὶ
2366 911 2434 935 κα·

1398 954 1591 1000 ταδόξαντα
1612 957 1699 992 εἰναι
1722 956 1791 997 τοῖς
1814 953 1891 992 τότε
1916 953 2106 1006 ἀνθρώποις
2133 954 2189 994 τὸν
2211 946 2429 1008 Καρνεάδην.

1396 1013 1523 1064 “Ouum
1543 1013 1581 1052 δέ
1585 1013 1728 1063 ,καίτοι
1749 1012 1875 1056 καύτὸς
1895 1012 1960 1051 ὑπὸ
1981 1015 2142 1060 Στωϊκης
2161 1012 2368 1066 φιλονεικίας
2387 1015 2435 1058 εἷς

1397 1074 1435 1112 τὸ
1468 1073 1612 1125 φανερὸν
1632 1074 1775 1120 κυκῶν,
1798 1071 1883 1125 πρός
1901 1087 1940 1145 γε
1960 1072 2036 1117 τους
2063 1074 2187 1113 ἑαυτοῦ
2211 1074 2369 1126 ἑταίρους
2389 1075 2435 1114 δι’

1397 1131 1605 1184 ἀπορρήτων
1619 1130 1790 1184 ὡμολόγει
1805 1146 1843 1170 τε
1857 1131 1915 1170 καὶ
1935 1131 2123 1180 ἠλήθευε,
2091 1134 2109 1157 ¹¹
2137 1131 2198 1171 καὶ
2211 1131 2434 1187 ἀπεφαίνετο.

1396 1191 1418 1229 ἃ
1437 1190 1501 1229 κᾶν
1520 1189 1620 1232 ἄλλος
1635 1191 1701 1227 τῶν
1722 1190 1968 1242 ἐπιτυχόντων.
1993 1184 2083 1229 Εἶτα
2110 1189 2187 1237 ἑξῆς
2206 1205 2306 1243 φησι,
2330 1193 2434 1243 Καρ-

1397 1249 1516 1286 νεάδου
1534 1247 1569 1286 δὲ
1589 1246 1655 1299 γὰρ
1672 1246 1843 1299 γνώριμος
1861 1247 2008 1299 Μέντωρ
2030 1247 2092 1298 μὲν
2114 1250 2132 1286 ὁ
2145 1249 2293 1301 πρῶτος,
2309 1249 2348 1287 οὗ
2365 1249 2436 1298 μὴν

1396 1306 1565 1357 διάδοχος.
1621 1305 1711 1345 Ἀλλ’
1726 1304 1775 1344 ἔτι
1792 1306 1856 1350 ζῶν
1875 1306 2078 1357 Καρνεάδης
2094 1305 2151 1344 ἐπὶ
2166 1306 2333 1359 παλλακῇ
2353 1321 2434 1358 μοι·

1395 1366 1457 1417 χὸν
1475 1363 1602 1417 εὑρών,
1633 1365 1699 1418 οὐχ
1717 1364 1785 1404 ὑπὸ
1819 1366 1964 1412 πιθανῆς
1988 1364 2200 1414 φαντασίας,
2226 1365 2297 1403 οὐδ’
2319 1368 2365 1410 ὡς
2383 1365 2434 1415 μὴ

1395 1422 1631 1477 κατειληφώς,
1662 1425 1708 1468 ὡς
1737 1422 1771 1462 δὲ
1808 1423 1962 1475 μάλιστα
1993 1422 2163 1462 πιστεύων
2187 1425 2231 1475 τῇ
2252 1421 2347 1475 ὄψει,
2375 1439 2434 1462 και

1396 1481 1626 1530 καταλαὸών,
1649 1481 1878 1535 παρῃτήσατο
1896 1481 1959 1529 τὴν
1982 1481 2202 1535 διατριὸήνῑ.
2225 1481 2270 1522 Ὁ
2292 1481 2328 1520 δὲ
2345 1485 2432 1522 ἄπο-

1371 1583 1454 1590 2——

1397 1633 1520 1665 animos
1532 1634 1755 1675 permulcebat
1774 1643 1812 1666 ac
1824 1633 2040 1667 devinciebat.
2086 1635 2163 1666 Erat
2175 1636 2287 1667 autem
2309 1634 2436 1668 occulto

1395 1692 1458 1731 sur,
1478 1691 1584 1732 palam
1597 1691 1770 1733 praedator,
1785 1691 1842 1733 qui
1855 1692 1968 1725 fraude
1981 1694 2016 1727 et
2027 1691 2062 1725 vi
2074 1692 2172 1726 etiam
2191 1692 2433 1735 paratissimum

1397 1759 1562 1792 quemque
1574 1751 1717 1793 caperet.
1762 1751 1874 1784 Omnis
1895 1752 1982 1785 enim
1993 1751 2170 1785 carneadis
2187 1751 2339 1787 vincebat
2359 1761 2433 1786 sen-

1395 1809 1514 1851 tentia,
1533 1811 1566 1842 et
1586 1811 1745 1851 praeterea
1760 1810 1850 1843 nulla
1864 1809 2036 1852 cuiuslibet
2053 1810 2134 1843 alius
2149 1809 2292 1844 hominis
2303 1810 2429 1853 opinio,

1396 1877 1498 1910 quum
1517 1868 1647 1902 dicendi
1667 1869 1821 1903 facultate
1834 1870 2038 1903 adversarios
2055 1869 2153 1903 etiam
2169 1878 2281 1903 omnes
2298 1873 2435 1912 proesta-

1395 1929 1453 1962 ret.
1497 1929 1668 1971 Antipater
1683 1919 1772 1962 certe
1790 1929 1878 1963 illius
1890 1929 2027 1971 aequalis
2047 1928 2171 1971 scripto
2187 1928 2345 1963 duntaxat
2369 1929 2431 1964 ali-

1395 1986 1474 2029 quid
1495 1987 1680 2028 mandabat,
1699 1988 1758 2021 sed
1772 1989 1948 2021 admodum
1963 1988 2089 2022 timide.
2133 1989 2250 2030 Itaque
2267 1993 2435 2030 nunquam

1395 2046 1667 2089 disputationibus
1698 2056 1717 2080 a
1745 2047 1909 2081 Carneade
1939 2047 2083 2088 quotidie
2108 2047 2229 2081 habitis
2254 2047 2434 2090 quidquam

1395 2105 1524 2148 publice
1543 2106 1706 2148 opposuit,
1727 2115 1832 2148 neque
1856 2106 1889 2138 in
1906 2107 2017 2139 schola
2035 2116 2139 2148 neque
2154 2107 2189 2139 in
2211 2106 2436 2140 ambulationi-

1394 2163 1457 2196 bus
1473 2163 1514 2196 de
1540 2163 1579 2196 iis
1609 2163 1767 2205 loquens,
1796 2167 1852 2197 aut
1884 2173 1939 2197 eas
1961 2167 2107 2207 tangens,
2128 2174 2234 2207 neque
2261 2165 2435 2207 quisquam

1396 2222 1497 2254 ullum
1517 2222 1558 2255 ab
1570 2232 1609 2256 eo
1631 2223 1780 2263 verbum,
1803 2226 1840 2256 ut
1858 2224 1961 2265 aiunt,
1976 2233 2014 2257 ea
2028 2224 2070 2258 de
2085 2233 2119 2257 re
2136 2223 2264 2258 audirit
2283 2233 2292 2254 ε
2312 2223 2434 2268 scripta

1396 2280 1502 2313 solum
1525 2282 1675 2323 quaedam
1692 2283 1819 2315 eminus
1844 2282 2035 2323 intentabat,
2057 2285 2090 2316 et
2113 2283 2249 2325 angulos
2273 2282 2434 2317 latebras-

1395 2349 1458 2381 que
1476 2339 1650 2380 adhibens,
1671 2339 1771 2371 libros
1787 2341 1915 2372 tantum
1931 2340 2069 2382 posteris
2086 2340 2300 2381 relinquebat,
2319 2349 2433 2375 verum

1395 2399 1572 2440 ejusmodi,
1603 2397 1659 2440 qui
1680 2407 1720 2431 ne
1735 2407 1820 2430 nunc
1836 2397 1990 2439 quIdem,
2010 2399 2081 2432 tum
2097 2407 2175 2432 vero
2196 2398 2300 2432 multo
2323 2398 2432 2432 miuus

1397 2455 1596 2488 Carneadem
1614 2454 1717 2495 illum,
1738 2454 1798 2496 qui
1818 2457 1929 2487 tantus
1950 2455 2021 2497 eJus
2039 2455 2104 2488 aevi
2127 2454 2317 2488 hominibus
2330 2456 2366 2488 et
2379 2454 2432 2488 vi-

1397 2514 1537 2547 debatur
1564 2515 1598 2547 et
1616 2513 1878 2555 existimabatur,
1901 2513 2061 2547 sustinere
2079 2515 2223 2556 possent.
2267 2515 2310 2547 Et
2322 2515 2433 2548 tamen

1398 2574 1452 2606 ille
1471 2574 1541 2615 ipse
1565 2572 1623 2614 qui
1644 2573 1767 2605 Stoicos
1797 2572 2006 2606 vellicaturus
2034 2573 2143 2615 palam
2161 2573 2196 2606 in
2214 2572 2366 2606 omnibus
2386 2582 2437 2606 re-

1397 2634 1460 2666 bus
1477 2632 1652 2671 turbabat,
1673 2632 1754 2665 clam
1780 2632 1865 2665 inter
1885 2632 2014 2666 sodales
2044 2641 2120 2666 suos
2141 2634 2259 2666 cuncta
2279 2632 2336 2666 illa
2358 2641 2434 2667 con·

1400 2691 1558 2732 cedebat,
1575 2690 1744 2724 verissime
1764 2690 1958 2732 loquebatur
1979 2693 2011 2725 et
2022 2691 2251 2734 pronuntiabat
2273 2700 2348 2733 quae
2362 2692 2434 2735 qui-

1397 2752 1476 2785 libet
1502 2751 1584 2783 alius
1614 2750 1711 2783 homo
1730 2750 1770 2783 de
1800 2750 1925 2784 multis.
1981 2750 2142 2793 Deinceps
2176 2750 2224 2784 ait
2253 2752 2432 2784 Mentorem

1397 2810 1536 2852 primum
1560 2809 1734 2843 Carneadis
1751 2809 1945 2851 discipulum
1958 2833 1966 2849 ‚
1988 2818 2053 2841 non
2074 2810 2184 2841 tamen
2213 2817 2433 2842 successorem

1399 2869 1515 2902 fuisse.
1534 2880 1537 2881 ⁷
1563 2868 1625 2901 Sed
1657 2877 1758 2909 quum
1789 2867 1885 2901 vivus
1918 2868 2024 2900 adhuc
2057 2866 2238 2900 Carneades
2271 2866 2434 2900 hominem

1398 2938 1472 2961 oum
1487 2927 1600 2970 pellice
1625 2936 1684 2960 sua
1705 2927 1974 2960 concumbentem
1998 2927 2192 2968 reperisset,
2216 2934 2280 2959 non
2302 2927 2437 2969 propter

1398 2987 1595 3030 probabilem
1637 2987 1780 3029 aliquam
1810 2986 1988 3028 visionem,
2012 2989 2071 3019 aut
2104 2987 2192 3028 quod
2220 2995 2293 3020 eum
2324 2986 2436 3024 ,minus

1399 3045 1703 3089 comprehenderet,
1722 3045 1779 3078 sed
1806 3045 1883 3085 quia
1902 3045 1970 3078 suis
1994 3045 2136 3078 maxime
2161 3044 2314 3077 credebat
2333 3044 2436 3077 oculis

1399 3116 1536 3149 eumque
1554 3105 1858 3147 comprehendebat,
1881 3106 1995 3147 postea
2011 3106 2079 3147 eJus
2098 3112 2234 3147 operam
2255 3105 2288 3137 et
2301 3111 2436 3136 consue-

1399 3167 1546 3199 tudinem
1583 3164 1778 3207 repudiavit.
1825 3166 1857 3196 ls
1891 3163 1988 3205 igitur
2026 3165 2198 3205 postquam
2229 3172 2248 3196 a
2280 3162 2436 3205 magistro

1400 3226 1540 3266 defecit,
1557 3225 1682 3257 mutuis
1704 3232 1779 3256 cum
1795 3222 1852 3255 illo
1879 3222 2013 3263 argutiis
2040 3222 2253 3263 artificiisque
2277 3231 2434 3264 pugnare,

1400 3294 1538 3326 quasque
1566 3282 1622 3317 ille
1662 3282 1928 3324 incomprehensa
1955 3280 2167 3321 defendebat,
2198 3280 2436 3322 reprehendere

1400 3343 1506 3385 cmpit.
1533 3345 1694 3375 Praeterea
1711 3341 1773 3374 alio
1791 3341 1862 3373 loco
1884 3339 2107 3382 superioribus
2127 3339 2199 3372 haec
2215 3339 2410 3382 subjungens
2426 3351 2434 3371 ε

1403 3401 1602 3439 Carneades.
1630 3401 1753 3442 inquit,
1781 3399 1900 3442 quippe
1916 3399 1974 3440 qui
1995 3399 2159 3431 contrario
2174 3399 2273 3431 modo
2291 3398 2437 3441 philoso-

1400 3460 1567 3502 pharetur,
1581 3458 1760 3494 mendaciis
1781 3456 1996 3500 superbiebat,
2019 3456 2139 3499 quibus
2158 3466 2273 3490 verum
2290 3455 2438 3490 funditus

1401 3519 1510 3554 delere
1529 3519 1715 3553 conabatur.
1759 3517 1917 3556 Quocirca
1931 3516 2107 3551 mendaciis
2127 3517 2280 3558 tanquam
2294 3516 2436 3566 praeten·

1661 424 1881 477 Ἀντίπατρος
1900 427 1980 476 γοῦν
1995 426 2012 462 ὁ
2029 425 2106 463 κατ’
2125 426 2226 465 αὐτὸν
2239 425 2431 478 γενόμενος,
2469 463 2471 466 ⁴
2518 423 2522 455 3*
