<?xml version="1.0" encoding="UTF-8"?>
<!DOCTYPE html PUBLIC "-//W3C//DTD XHTML 1.0 Transitional//EN"
    "http://www.w3.org/TR/xhtml1/DTD/xhtml1-transitional.dtd">
<html xmlns="http://www.w3.org/1999/xhtml" xml:lang="en" lang="en">
 <head>
  <title>
</title>
<meta http-equiv="Content-Type" content="text/html;charset=utf-8" />
  <meta name='ocr-system' content='tesseract 3.04.00' />
  <meta name='ocr-capabilities' content='ocr_page ocr_carea ocr_par ocr_line ocrx_word'/>
</head>
<body>
  <div class='ocr_page' id='page_1' title='image "./fragmentaphiloso03mulluoft/fragmentaphiloso03mulluoft_0396.png"; bbox 0 0 2508 3776; ppageno 0'>
   <div class='ocr_carea' id='block_1_1' title="bbox 260 200 1294 337">
    <p class='ocr_par' dir='ltr' id='par_1_1' title="bbox 260 200 1294 337">
     <span class='ocr_line' id='line_1_1' title="bbox 263 200 339 241; baseline 0.039 -3"><span class='ocrx_word' id='word_1_1' title='bbox 263 200 339 241; x_wconf 84' lang='lat'><strong>380</strong></span> 
     </span>
     <span class='ocr_line' id='line_1_2' title="bbox 260 283 1294 337; baseline 0.002 -12"><span class='ocrx_word' id='word_1_2' title='bbox 260 303 321 330; x_wconf 89' lang='grc' dir='ltr'><strong>σας</strong></span> <span class='ocrx_word' id='word_1_3' title='bbox 337 289 381 329; x_wconf 87' lang='grc' dir='ltr'><strong>ὡς</strong></span> <span class='ocrx_word' id='word_1_4' title='bbox 396 286 468 334; x_wconf 99' lang='grc' dir='ltr'>δεῖ,</span> <span class='ocrx_word' id='word_1_5' title='bbox 488 284 547 322; x_wconf 80' lang='grc' dir='ltr'><strong>καὶ</strong></span> <span class='ocrx_word' id='word_1_6' title='bbox 566 283 644 336; x_wconf 80' lang='grc' dir='ltr'>περὶ</span> <span class='ocrx_word' id='word_1_7' title='bbox 663 284 687 322; x_wconf 85' lang='grc' dir='ltr'>ἃ</span> <span class='ocrx_word' id='word_1_8' title='bbox 706 285 772 332; x_wconf 83' lang='grc' dir='ltr'>δεῖ,</span> <span class='ocrx_word' id='word_1_9' title='bbox 793 285 1060 337; x_wconf 85' lang='grc' dir='ltr'>μεγαλοπρεπὴς</span> <span class='ocrx_word' id='word_1_10' title='bbox 1074 286 1225 337; x_wconf 87' lang='grc' dir='ltr'>λέγεται.</span> <span class='ocrx_word' id='word_1_11' title='bbox 1246 288 1294 328; x_wconf 90' lang='lat' dir='ltr'><strong>‘O</strong></span> 
     </span>
    </p>
   </div>
   <div class='ocr_carea' id='block_1_2' title="bbox 258 314 1295 511">
    <p class='ocr_par' dir='ltr' id='par_1_2' title="bbox 258 314 1295 511">
     <span class='ocr_line' id='line_1_3' title="bbox 258 314 1295 395; baseline 0.002 -14"><span class='ocrx_word' id='word_1_12' title='bbox 258 344 325 395; x_wconf 78' lang='grc' dir='ltr'><strong>γὰρ</strong></span> <span class='ocrx_word' id='word_1_13' title='bbox 340 343 383 379; x_wconf 85' lang='grc' dir='ltr'><strong>τὰ</strong></span> <span class='ocrx_word' id='word_1_14' title='bbox 399 314 576 393; x_wconf 77' lang='grc' dir='ltr'>πρέποντα</span> <span class='ocrx_word' id='word_1_15' title='bbox 594 339 655 390; x_wconf 84' lang='grc' dir='ltr'><strong>μὲν</strong></span> <span class='ocrx_word' id='word_1_16' title='bbox 671 342 835 379; x_wconf 84' lang='grc' dir='ltr'>δαπανῶν</span> <span class='ocrx_word' id='word_1_17' title='bbox 850 357 910 380; x_wconf 85' lang='grc' dir='ltr'><strong>και</strong></span> <span class='ocrx_word' id='word_1_18' title='bbox 929 344 1043 381; x_wconf 83' lang='grc' dir='ltr'>ἑαυτῶ</span> <span class='ocrx_word' id='word_1_19' title='bbox 1056 343 1115 383; x_wconf 86' lang='grc' dir='ltr'><strong>καὶ</strong></span> <span class='ocrx_word' id='word_1_20' title='bbox 1131 348 1182 384; x_wconf 82' lang='grc' dir='ltr'><strong>τῶ</strong></span> <span class='ocrx_word' id='word_1_21' title='bbox 1203 350 1295 395; x_wconf 90' lang='grc' dir='ltr'>λαμ-</span> 
     </span>
     <span class='ocr_line' id='line_1_4' title="bbox 259 382 1293 458; baseline 0.004 -19"><span class='ocrx_word' id='word_1_22' title='bbox 259 401 417 446; x_wconf 78' lang='grc' dir='ltr'>ὅάνοντι,</span> <span class='ocrx_word' id='word_1_23' title='bbox 450 404 499 448; x_wconf 85' lang='grc' dir='ltr'><strong>μὴ</strong></span> <span class='ocrx_word' id='word_1_24' title='bbox 531 399 667 458; x_wconf 89' lang='grc' dir='ltr'>μεγάλα</span> <span class='ocrx_word' id='word_1_25' title='bbox 687 399 741 448; x_wconf 89' lang='grc' dir='ltr'><strong>δέ,</strong></span> <span class='ocrx_word' id='word_1_26' title='bbox 772 401 810 439; x_wconf 82' lang='grc' dir='ltr'><strong>οὗ</strong></span> <span class='ocrx_word' id='word_1_27' title='bbox 838 399 978 452; x_wconf 88' lang='grc' dir='ltr'>λέγεται</span> <span class='ocrx_word' id='word_1_28' title='bbox 1006 382 1293 457; x_wconf 58' lang='grc' dir='ltr'>μεγαλοπρεπής,</span> 
     </span>
     <span class='ocr_line' id='line_1_5' title="bbox 260 451 959 511; baseline 0.001 -14"><span class='ocrx_word' id='word_1_29' title='bbox 260 457 349 497; x_wconf 85' lang='grc' dir='ltr'>ἀλλὰ</span> <span class='ocrx_word' id='word_1_30' title='bbox 371 457 569 509; x_wconf 83' lang='grc' dir='ltr'>ἐλευθέριος·</span> <span class='ocrx_word' id='word_1_31' title='bbox 590 451 658 501; x_wconf 75' lang='grc' dir='ltr'>οἶός</span> <span class='ocrx_word' id='word_1_32' title='bbox 687 458 779 496; x_wconf 84' lang='grc' dir='ltr'>ἐστιν</span> <span class='ocrx_word' id='word_1_33' title='bbox 801 460 818 496; x_wconf 88' lang='grc' dir='ltr'>ὁ</span> <span class='ocrx_word' id='word_1_34' title='bbox 836 457 959 511; x_wconf 88' lang='grc' dir='ltr'>λέγων·</span> 
     </span>
    </p>
   </div>
   <div class='ocr_carea' id='block_1_3' title="bbox 340 543 776 586">
    <p class='ocr_par' dir='ltr' id='par_1_3' title="bbox 340 543 776 586">
     <span class='ocr_line' id='line_1_6' title="bbox 340 543 776 586; baseline -0.002 -9"><span class='ocrx_word' id='word_1_35' title='bbox 340 544 484 577; x_wconf 83' lang='grc' dir='ltr'>Πολλάκι</span> <span class='ocrx_word' id='word_1_36' title='bbox 499 543 616 576; x_wconf 78' lang='grc' dir='ltr'>δόσκον</span> <span class='ocrx_word' id='word_1_37' title='bbox 634 545 749 586; x_wconf 83' lang='grc' dir='ltr'>ἀλήτῃ·</span> <span class='ocrx_word' id='word_1_38' title='bbox 762 544 776 566; x_wconf 77' lang='lat'><strong>¹³</strong></span> 
     </span>
    </p>
   </div>
   <div class='ocr_carea' id='block_1_4' title="bbox 231 622 1298 3311">
    <p class='ocr_par' dir='ltr' id='par_1_4' title="bbox 256 622 1298 851">
     <span class='ocr_line' id='line_1_7' title="bbox 256 622 1298 678; baseline 0.002 -16"><span class='ocrx_word' id='word_1_39' title='bbox 256 624 334 662; x_wconf 87' lang='grc' dir='ltr'>ἀλλ’</span> <span class='ocrx_word' id='word_1_40' title='bbox 359 625 377 662; x_wconf 93' lang='lat'>6</span> <span class='ocrx_word' id='word_1_41' title='bbox 392 623 568 674; x_wconf 88' lang='grc' dir='ltr'>μεγάλα</span> <span class='ocrx_word' id='word_1_42' title='bbox 550 625 712 661; x_wconf 82' lang='grc' dir='ltr'>οαπανῶν</span> <span class='ocrx_word' id='word_1_43' title='bbox 741 622 800 662; x_wconf 79' lang='grc' dir='ltr'><strong>καὶ</strong></span> <span class='ocrx_word' id='word_1_44' title='bbox 820 623 999 676; x_wconf 86' lang='grc' dir='ltr'>πρέποντα</span> <span class='ocrx_word' id='word_1_45' title='bbox 1024 625 1083 664; x_wconf 81' lang='grc' dir='ltr'><strong>καὶ</strong></span> <span class='ocrx_word' id='word_1_46' title='bbox 1103 627 1216 678; x_wconf 80' lang='grc' dir='ltr'>ἑαυτῷ</span> <span class='ocrx_word' id='word_1_47' title='bbox 1237 626 1298 664; x_wconf 80' lang='grc' dir='ltr'><strong>καὶ</strong></span> 
     </span>
     <span class='ocr_line' id='line_1_8' title="bbox 260 680 1298 737; baseline 0.003 -17"><span class='ocrx_word' id='word_1_48' title='bbox 260 684 314 735; x_wconf 83' lang='grc' dir='ltr'><strong>τῷ</strong></span> <span class='ocrx_word' id='word_1_49' title='bbox 350 681 579 732; x_wconf 75' lang='grc' dir='ltr'>λαμὸάνοντι.</span> <span class='ocrx_word' id='word_1_50' title='bbox 620 680 728 721; x_wconf 76' lang='grc' dir='ltr'>’Ὠστε</span> <span class='ocrx_word' id='word_1_51' title='bbox 759 697 816 720; x_wconf 86' lang='grc' dir='ltr'><strong>τον</strong></span> <span class='ocrx_word' id='word_1_52' title='bbox 853 681 915 733; x_wconf 85' lang='grc' dir='ltr'><strong>μὲν</strong></span> <span class='ocrx_word' id='word_1_53' title='bbox 949 686 1199 737; x_wconf 80' lang='grc' dir='ltr'>μεγαλοπρεπῆ</span> <span class='ocrx_word' id='word_1_54' title='bbox 1237 687 1298 725; x_wconf 83' lang='grc' dir='ltr'><strong>καὶ</strong></span> 
     </span>
     <span class='ocr_line' id='line_1_9' title="bbox 256 720 1293 796; baseline 0.003 -17"><span class='ocrx_word' id='word_1_55' title='bbox 256 720 447 793; x_wconf 53' lang='lat' dir='ltr'><strong>{RsuOEptov</strong></span> <span class='ocrx_word' id='word_1_56' title='bbox 470 734 579 790; x_wconf 71' lang='grc' dir='ltr'>εἶναι,</span> <span class='ocrx_word' id='word_1_57' title='bbox 604 740 660 779; x_wconf 82' lang='grc' dir='ltr'><strong>τὸν</strong></span> <span class='ocrx_word' id='word_1_58' title='bbox 682 739 719 778; x_wconf 86' lang='grc' dir='ltr'>δὲ</span> <span class='ocrx_word' id='word_1_59' title='bbox 739 740 943 792; x_wconf 83' lang='grc' dir='ltr'>ἐλευθέριον,</span> <span class='ocrx_word' id='word_1_60' title='bbox 961 743 998 779; x_wconf 81' lang='grc' dir='ltr'><strong>οὐ</strong></span> <span class='ocrx_word' id='word_1_61' title='bbox 1020 742 1162 787; x_wconf 89' lang='grc' dir='ltr'>πάντως</span> <span class='ocrx_word' id='word_1_62' title='bbox 1184 759 1293 796; x_wconf 87' lang='grc' dir='ltr'>μεγα-</span> 
     </span>
     <span class='ocr_line' id='line_1_10' title="bbox 256 802 429 851; baseline -0.013 -12"><span class='ocrx_word' id='word_1_63' title='bbox 256 802 429 851; x_wconf 83' lang='grc' dir='ltr'>λοπρεπῆ,</span> 
     </span>
    </p>

    <p class='ocr_par' dir='ltr' id='par_1_5' title="bbox 256 856 1296 1322">
     <span class='ocr_line' id='line_1_11' title="bbox 310 856 1296 912; baseline 0.003 -16"><span class='ocrx_word' id='word_1_64' title='bbox 310 857 349 874; x_wconf 84' lang='lat'><strong>*&#39;</strong></span> <span class='ocrx_word' id='word_1_65' title='bbox 339 857 484 904; x_wconf 84' lang='grc' dir='ltr'>Ταύτης</span> <span class='ocrx_word' id='word_1_66' title='bbox 507 857 542 896; x_wconf 86' lang='grc' dir='ltr'>δὲ</span> <span class='ocrx_word' id='word_1_67' title='bbox 559 859 620 904; x_wconf 76' lang='grc' dir='ltr'><strong>τῆς</strong></span> <span class='ocrx_word' id='word_1_68' title='bbox 639 856 738 901; x_wconf 82' lang='grc' dir='ltr'>ἕξεως</span> <span class='ocrx_word' id='word_1_69' title='bbox 755 861 778 905; x_wconf 83' lang='grc' dir='ltr'>ἡ</span> <span class='ocrx_word' id='word_1_70' title='bbox 801 856 862 908; x_wconf 85' lang='grc' dir='ltr'><strong>μὲν</strong></span> <span class='ocrx_word' id='word_1_71' title='bbox 877 856 1027 912; x_wconf 82' lang='grc' dir='ltr'>ἔλλειψις</span> <span class='ocrx_word' id='word_1_72' title='bbox 1043 859 1296 912; x_wconf 88' lang='grc' dir='ltr'>μικροπρέπεια</span> 
     </span>
     <span class='ocr_line' id='line_1_12' title="bbox 257 915 1290 971; baseline 0.002 -15"><span class='ocrx_word' id='word_1_73' title='bbox 257 919 429 956; x_wconf 84' lang='grc' dir='ltr'>καλεῖται·</span> <span class='ocrx_word' id='word_1_74' title='bbox 460 920 484 964; x_wconf 82' lang='grc' dir='ltr'>ἡ</span> <span class='ocrx_word' id='word_1_75' title='bbox 505 915 540 954; x_wconf 83' lang='grc' dir='ltr'>δὲ</span> <span class='ocrx_word' id='word_1_76' title='bbox 558 916 734 969; x_wconf 75' lang='grc' dir='ltr'>ὓπερὸολὴ</span> <span class='ocrx_word' id='word_1_77' title='bbox 768 916 941 969; x_wconf 85' lang='grc' dir='ltr'>βαναυσία</span> <span class='ocrx_word' id='word_1_78' title='bbox 963 917 1022 956; x_wconf 76' lang='grc' dir='ltr'><strong>καὶ</strong></span> <span class='ocrx_word' id='word_1_79' title='bbox 1042 919 1290 971; x_wconf 83' lang='grc' dir='ltr'>ἀπειροκαλία,</span> 
     </span>
     <span class='ocr_line' id='line_1_13' title="bbox 258 975 1296 1029; baseline 0 -14"><span class='ocrx_word' id='word_1_80' title='bbox 258 993 316 1015; x_wconf 80' lang='grc' dir='ltr'><strong>και</strong></span> <span class='ocrx_word' id='word_1_81' title='bbox 336 975 415 1015; x_wconf 81' lang='grc' dir='ltr'>ὅσαι</span> <span class='ocrx_word' id='word_1_82' title='bbox 435 980 614 1024; x_wconf 90' lang='grc' dir='ltr'>τοιαῦται,</span> <span class='ocrx_word' id='word_1_83' title='bbox 635 979 770 1019; x_wconf 83' lang='grc' dir='ltr'>αἵτινες</span> <span class='ocrx_word' id='word_1_84' title='bbox 792 976 944 1027; x_wconf 87' lang='grc' dir='ltr'>γίνονται</span> <span class='ocrx_word' id='word_1_85' title='bbox 972 977 1010 1015; x_wconf 81' lang='grc' dir='ltr'><strong>οὗ</strong></span> <span class='ocrx_word' id='word_1_86' title='bbox 1043 977 1099 1014; x_wconf 87' lang='grc' dir='ltr'><strong>διὰ</strong></span> <span class='ocrx_word' id='word_1_87' title='bbox 1119 977 1159 1015; x_wconf 86' lang='grc' dir='ltr'><strong>τὸ</strong></span> <span class='ocrx_word' id='word_1_88' title='bbox 1187 979 1296 1029; x_wconf 79' lang='grc' dir='ltr'>ὑπερ-</span> 
     </span>
     <span class='ocr_line' id='line_1_14' title="bbox 258 1034 1295 1106; baseline -0.001 -31"><span class='ocrx_word' id='word_1_89' title='bbox 258 1036 399 1075; x_wconf 73' lang='grc' dir='ltr'>ὅάλλειν</span> <span class='ocrx_word' id='word_1_90' title='bbox 421 1034 483 1082; x_wconf 79' lang='grc' dir='ltr'><strong>τὴν</strong></span> <span class='ocrx_word' id='word_1_91' title='bbox 506 1035 808 1106; x_wconf 84' lang='grc' dir='ltr'>μεγαλοπρέπειαν</span> <span class='ocrx_word' id='word_1_92' title='bbox 829 1037 878 1073; x_wconf 86' lang='grc' dir='ltr'><strong>τῶ</strong></span> <span class='ocrx_word' id='word_1_93' title='bbox 901 1035 1038 1087; x_wconf 81' lang='grc' dir='ltr'>μεγέθει</span> <span class='ocrx_word' id='word_1_94' title='bbox 1059 1039 1121 1082; x_wconf 78' lang='grc' dir='ltr'><strong>τῆς</strong></span> <span class='ocrx_word' id='word_1_95' title='bbox 1138 1037 1295 1084; x_wconf 81' lang='grc' dir='ltr'>δαπάνης</span> 
     </span>
     <span class='ocr_line' id='line_1_15' title="bbox 256 1093 1294 1146; baseline -0.001 -13"><span class='ocrx_word' id='word_1_96' title='bbox 256 1097 316 1141; x_wconf 79' lang='grc' dir='ltr'><strong>τῆς</strong></span> <span class='ocrx_word' id='word_1_97' title='bbox 348 1094 619 1146; x_wconf 78' lang='grc' dir='ltr'>προσηκούσης,</span> <span class='ocrx_word' id='word_1_98' title='bbox 642 1093 732 1132; x_wconf 79' lang='grc' dir='ltr'>ἀλλὰ</span> <span class='ocrx_word' id='word_1_99' title='bbox 760 1110 810 1144; x_wconf 84' lang='grc' dir='ltr'><strong>τῳ</strong></span> <span class='ocrx_word' id='word_1_100' title='bbox 839 1094 999 1145; x_wconf 86' lang='grc' dir='ltr'>δαπανᾶν</span> <span class='ocrx_word' id='word_1_101' title='bbox 1024 1096 1058 1132; x_wconf 83' lang='grc' dir='ltr'><strong>ἐν</strong></span> <span class='ocrx_word' id='word_1_102' title='bbox 1065 1097 1128 1138; x_wconf 78' lang='grc' dir='ltr'><strong>ὀἱς</strong></span> <span class='ocrx_word' id='word_1_103' title='bbox 1155 1096 1193 1133; x_wconf 83' lang='grc' dir='ltr'><strong>οὔ</strong></span> <span class='ocrx_word' id='word_1_104' title='bbox 1224 1095 1294 1142; x_wconf 83' lang='grc' dir='ltr'>δεῖ,</span> 
     </span>
     <span class='ocr_line' id='line_1_16' title="bbox 257 1151 1296 1205; baseline -0.001 -14"><span class='ocrx_word' id='word_1_105' title='bbox 257 1151 317 1191; x_wconf 69' lang='grc' dir='ltr'><strong>καὶ</strong></span> <span class='ocrx_word' id='word_1_106' title='bbox 336 1153 402 1204; x_wconf 81' lang='grc' dir='ltr'><strong>οὐχ</strong></span> <span class='ocrx_word' id='word_1_107' title='bbox 430 1154 476 1196; x_wconf 85' lang='grc' dir='ltr'><strong>ὡς</strong></span> <span class='ocrx_word' id='word_1_108' title='bbox 495 1153 558 1192; x_wconf 87' lang='grc' dir='ltr'>δεῖ.</span> <span class='ocrx_word' id='word_1_109' title='bbox 579 1152 649 1191; x_wconf 76' lang='grc' dir='ltr'><strong>Καὶ</strong></span> <span class='ocrx_word' id='word_1_110' title='bbox 668 1151 749 1204; x_wconf 88' lang='grc' dir='ltr'>περὶ</span> <span class='ocrx_word' id='word_1_111' title='bbox 779 1151 841 1202; x_wconf 88' lang='grc' dir='ltr'><strong>μὲν</strong></span> <span class='ocrx_word' id='word_1_112' title='bbox 864 1154 931 1191; x_wconf 86' lang='grc' dir='ltr'><strong>τῶν</strong></span> <span class='ocrx_word' id='word_1_113' title='bbox 959 1153 1043 1204; x_wconf 89' lang='grc' dir='ltr'>παρ’</span> <span class='ocrx_word' id='word_1_114' title='bbox 1066 1152 1215 1205; x_wconf 86' lang='grc' dir='ltr'>ἑκάτερα</span> <span class='ocrx_word' id='word_1_115' title='bbox 1235 1169 1296 1199; x_wconf 72' lang='grc' dir='ltr'><strong>ττς</strong></span> 
     </span>
     <span class='ocr_line' id='line_1_17' title="bbox 257 1209 1296 1262; baseline 0 -14"><span class='ocrx_word' id='word_1_116' title='bbox 257 1210 557 1262; x_wconf 87' lang='grc' dir='ltr'>μεγαλοπρεπείας</span> <span class='ocrx_word' id='word_1_117' title='bbox 587 1211 752 1249; x_wconf 87' lang='grc' dir='ltr'>κακιῶν</span> <span class='ocrx_word' id='word_1_118' title='bbox 743 1209 884 1262; x_wconf 88' lang='grc' dir='ltr'>ύστερον</span> <span class='ocrx_word' id='word_1_119' title='bbox 914 1209 1159 1262; x_wconf 66' lang='grc' dir='ltr'>ἀκριόέστερον</span> <span class='ocrx_word' id='word_1_120' title='bbox 1199 1212 1296 1261; x_wconf 85' lang='grc' dir='ltr'>ἐροῦ-</span> 
     </span>
     <span class='ocr_line' id='line_1_18' title="bbox 259 1268 1083 1322; baseline 0 -14"><span class='ocrx_word' id='word_1_121' title='bbox 259 1283 335 1321; x_wconf 76' lang='grc' dir='ltr'>μεν·</span> <span class='ocrx_word' id='word_1_122' title='bbox 352 1269 508 1320; x_wconf 82' lang='grc' dir='ltr'>λέγωμεν</span> <span class='ocrx_word' id='word_1_123' title='bbox 530 1269 565 1307; x_wconf 82' lang='grc' dir='ltr'>δὲ</span> <span class='ocrx_word' id='word_1_124' title='bbox 586 1271 664 1322; x_wconf 84' lang='grc' dir='ltr'>περὶ</span> <span class='ocrx_word' id='word_1_125' title='bbox 683 1273 745 1316; x_wconf 82' lang='grc' dir='ltr'><strong>τῆς</strong></span> <span class='ocrx_word' id='word_1_126' title='bbox 767 1268 1083 1320; x_wconf 82' lang='grc' dir='ltr'>μεγαλοπρεπείας.</span> 
     </span>
    </p>

    <p class='ocr_par' dir='ltr' id='par_1_6' title="bbox 231 1325 1296 3311">
     <span class='ocr_line' id='line_1_19' title="bbox 307 1325 1294 1380; baseline 0 -14"><span class='ocrx_word' id='word_1_127' title='bbox 307 1327 341 1345; x_wconf 64' lang='grc'>”</span> <span class='ocrx_word' id='word_1_128' title='bbox 354 1325 462 1367; x_wconf 81' lang='grc' dir='ltr'>Ἔστι</span> <span class='ocrx_word' id='word_1_129' title='bbox 472 1327 582 1367; x_wconf 87' lang='grc' dir='ltr'>τοίνυν</span> <span class='ocrx_word' id='word_1_130' title='bbox 592 1331 609 1366; x_wconf 97' lang='lat'>6</span> <span class='ocrx_word' id='word_1_131' title='bbox 619 1327 899 1380; x_wconf 81' lang='grc' dir='ltr'>μεγαλοπρεπής,</span> <span class='ocrx_word' id='word_1_132' title='bbox 912 1327 1068 1377; x_wconf 90' lang='grc' dir='ltr'>καθάπερ</span> <span class='ocrx_word' id='word_1_133' title='bbox 1080 1327 1294 1378; x_wconf 82' lang='grc' dir='ltr'>ἐπιστήμων,</span> 
     </span>
     <span class='ocr_line' id='line_1_20' title="bbox 257 1384 1294 1439; baseline 0.001 -15"><span class='ocrx_word' id='word_1_134' title='bbox 257 1389 392 1439; x_wconf 85' lang='grc' dir='ltr'>θεωρῶν</span> <span class='ocrx_word' id='word_1_135' title='bbox 420 1385 534 1424; x_wconf 90' lang='grc' dir='ltr'>πάντα</span> <span class='ocrx_word' id='word_1_136' title='bbox 564 1385 653 1423; x_wconf 82' lang='grc' dir='ltr'>κατὰ</span> <span class='ocrx_word' id='word_1_137' title='bbox 685 1385 814 1436; x_wconf 78' lang='grc' dir='ltr'>λόγον,</span> <span class='ocrx_word' id='word_1_138' title='bbox 849 1385 910 1424; x_wconf 86' lang='grc' dir='ltr'><strong>καὶ</strong></span> <span class='ocrx_word' id='word_1_139' title='bbox 945 1384 1079 1423; x_wconf 84' lang='grc' dir='ltr'>τάττων</span> <span class='ocrx_word' id='word_1_140' title='bbox 1113 1384 1202 1434; x_wconf 84' lang='grc' dir='ltr'>μετὰ</span> <span class='ocrx_word' id='word_1_141' title='bbox 1234 1391 1294 1425; x_wconf 88' lang='grc' dir='ltr'><strong>τοῦ</strong></span> 
     </span>
     <span class='ocr_line' id='line_1_21' title="bbox 257 1442 1295 1496; baseline 0.002 -15"><span class='ocrx_word' id='word_1_142' title='bbox 257 1444 448 1496; x_wconf 83' lang='grc' dir='ltr'>πρέποντος</span> <span class='ocrx_word' id='word_1_143' title='bbox 465 1443 619 1486; x_wconf 86' lang='grc' dir='ltr'>κανόνος·</span> <span class='ocrx_word' id='word_1_144' title='bbox 641 1443 836 1490; x_wconf 75' lang='grc' dir='ltr'>δαπανήσει</span> <span class='ocrx_word' id='word_1_145' title='bbox 863 1442 931 1494; x_wconf 86' lang='grc' dir='ltr'><strong>γὰρ</strong></span> <span class='ocrx_word' id='word_1_146' title='bbox 961 1443 1004 1481; x_wconf 78' lang='grc' dir='ltr'><strong>τὰ</strong></span> <span class='ocrx_word' id='word_1_147' title='bbox 1027 1444 1163 1494; x_wconf 87' lang='grc' dir='ltr'>μεγάλα</span> <span class='ocrx_word' id='word_1_148' title='bbox 1183 1445 1295 1495; x_wconf 81' lang='grc' dir='ltr'>ἐμμε-</span> 
     </span>
     <span class='ocr_line' id='line_1_22' title="bbox 257 1501 1294 1555; baseline -0.001 -14"><span class='ocrx_word' id='word_1_149' title='bbox 257 1505 347 1554; x_wconf 87' lang='grc' dir='ltr'>λῶς,</span> <span class='ocrx_word' id='word_1_150' title='bbox 369 1502 428 1540; x_wconf 85' lang='grc' dir='ltr'><strong>καὶ</strong></span> <span class='ocrx_word' id='word_1_151' title='bbox 448 1504 493 1545; x_wconf 80' lang='grc' dir='ltr'><strong>ὡς</strong></span> <span class='ocrx_word' id='word_1_152' title='bbox 524 1505 712 1554; x_wconf 80' lang='grc' dir='ltr'>προσῆκεν.</span> <span class='ocrx_word' id='word_1_153' title='bbox 734 1502 781 1540; x_wconf 79' lang='grc' dir='ltr'><strong>Αἱ</strong></span> <span class='ocrx_word' id='word_1_154' title='bbox 804 1501 872 1554; x_wconf 85' lang='grc' dir='ltr'><strong>γὰρ</strong></span> <span class='ocrx_word' id='word_1_155' title='bbox 899 1502 991 1540; x_wconf 85' lang='grc' dir='ltr'>κατὰ</span> <span class='ocrx_word' id='word_1_156' title='bbox 1018 1504 1080 1549; x_wconf 83' lang='grc' dir='ltr'><strong>τὴν</strong></span> <span class='ocrx_word' id='word_1_157' title='bbox 1113 1501 1181 1547; x_wconf 81' lang='grc' dir='ltr'>ἕξιν</span> <span class='ocrx_word' id='word_1_158' title='bbox 1203 1503 1294 1555; x_wconf 84' lang='grc' dir='ltr'>ἐνέρ-</span> 
     </span>
     <span class='ocr_line' id='line_1_23' title="bbox 259 1559 1296 1613; baseline -0.001 -14"><span class='ocrx_word' id='word_1_159' title='bbox 259 1576 350 1612; x_wconf 87' lang='grc' dir='ltr'>γειαι</span> <span class='ocrx_word' id='word_1_160' title='bbox 371 1564 414 1613; x_wconf 82' lang='grc' dir='ltr'><strong>τῇ</strong></span> <span class='ocrx_word' id='word_1_161' title='bbox 440 1559 506 1605; x_wconf 80' lang='grc' dir='ltr'>ἕξει</span> <span class='ocrx_word' id='word_1_162' title='bbox 527 1562 776 1611; x_wconf 76' lang='grc' dir='ltr'>ἀκολουθοῦσι,</span> <span class='ocrx_word' id='word_1_163' title='bbox 799 1561 858 1598; x_wconf 77' lang='grc' dir='ltr'><strong>καὶ</strong></span> <span class='ocrx_word' id='word_1_164' title='bbox 880 1561 936 1599; x_wconf 84' lang='grc' dir='ltr'><strong>διὰ</strong></span> <span class='ocrx_word' id='word_1_165' title='bbox 967 1563 1068 1600; x_wconf 85' lang='grc' dir='ltr'>τοῦτο</span> <span class='ocrx_word' id='word_1_166' title='bbox 1089 1563 1110 1607; x_wconf 87' lang='grc' dir='ltr'>ἡ</span> <span class='ocrx_word' id='word_1_167' title='bbox 1131 1560 1198 1604; x_wconf 83' lang='grc' dir='ltr'>ἕξις</span> <span class='ocrx_word' id='word_1_168' title='bbox 1220 1561 1296 1604; x_wconf 84' lang='grc' dir='ltr'>ταῖς</span> 
     </span>
     <span class='ocr_line' id='line_1_24' title="bbox 259 1618 1295 1673; baseline -0.001 -14"><span class='ocrx_word' id='word_1_169' title='bbox 259 1620 445 1673; x_wconf 82' lang='grc' dir='ltr'>ἐνεργείαις</span> <span class='ocrx_word' id='word_1_170' title='bbox 460 1620 632 1671; x_wconf 82' lang='grc' dir='ltr'>ὁρίζεται,</span> <span class='ocrx_word' id='word_1_171' title='bbox 654 1618 768 1663; x_wconf 86' lang='grc' dir='ltr'>καθὼς</span> <span class='ocrx_word' id='word_1_172' title='bbox 789 1620 925 1671; x_wconf 88' lang='grc' dir='ltr'>εἴρηται</span> <span class='ocrx_word' id='word_1_173' title='bbox 945 1621 980 1658; x_wconf 82' lang='grc' dir='ltr'><strong>ἐν</strong></span> <span class='ocrx_word' id='word_1_174' title='bbox 1001 1621 1107 1672; x_wconf 82' lang='grc' dir='ltr'>ἀρχῇ·</span> <span class='ocrx_word' id='word_1_175' title='bbox 1128 1618 1219 1657; x_wconf 84' lang='grc' dir='ltr'>ὥστε</span> <span class='ocrx_word' id='word_1_176' title='bbox 1236 1618 1295 1658; x_wconf 80' lang='grc' dir='ltr'><strong>καὶ</strong></span> 
     </span>
     <span class='ocr_line' id='line_1_25' title="bbox 260 1678 1293 1731; baseline -0.001 -13"><span class='ocrx_word' id='word_1_177' title='bbox 260 1682 363 1719; x_wconf 84' lang='grc' dir='ltr'>αὐτοῦ</span> <span class='ocrx_word' id='word_1_178' title='bbox 391 1681 450 1716; x_wconf 88' lang='grc' dir='ltr'><strong>τοῦ</strong></span> <span class='ocrx_word' id='word_1_179' title='bbox 482 1680 767 1731; x_wconf 81' lang='grc' dir='ltr'>μεγαλοπρεποῦς</span> <span class='ocrx_word' id='word_1_180' title='bbox 784 1678 937 1716; x_wconf 88' lang='grc' dir='ltr'>δαπάναι</span> <span class='ocrx_word' id='word_1_181' title='bbox 963 1678 1115 1729; x_wconf 85' lang='grc' dir='ltr'>μεγάλαι</span> <span class='ocrx_word' id='word_1_182' title='bbox 1132 1678 1192 1716; x_wconf 86' lang='grc' dir='ltr'><strong>καὶ</strong></span> <span class='ocrx_word' id='word_1_183' title='bbox 1210 1678 1293 1730; x_wconf 89' lang='grc' dir='ltr'>πρέ-</span> 
     </span>
     <span class='ocr_line' id='line_1_26' title="bbox 258 1735 1293 1790; baseline -0.002 -14"><span class='ocrx_word' id='word_1_184' title='bbox 258 1753 387 1776; x_wconf 87' lang='grc' dir='ltr'>πουσαι</span> <span class='ocrx_word' id='word_1_185' title='bbox 403 1738 451 1774; x_wconf 85' lang='grc' dir='ltr'><strong>τῶ</strong></span> <span class='ocrx_word' id='word_1_186' title='bbox 472 1739 750 1789; x_wconf 87' lang='grc' dir='ltr'>μεγαλοπρεπεῖ,</span> <span class='ocrx_word' id='word_1_187' title='bbox 780 1737 840 1775; x_wconf 84' lang='grc' dir='ltr'><strong>καὶ</strong></span> <span class='ocrx_word' id='word_1_188' title='bbox 859 1739 908 1789; x_wconf 84' lang='grc' dir='ltr'><strong>τῷ</strong></span> <span class='ocrx_word' id='word_1_189' title='bbox 929 1736 1040 1790; x_wconf 86' lang='grc' dir='ltr'>ἔργῳ,</span> <span class='ocrx_word' id='word_1_190' title='bbox 1054 1739 1093 1774; x_wconf 93' lang='grc' dir='ltr'><strong>ου</strong></span> <span class='ocrx_word' id='word_1_191' title='bbox 1113 1735 1215 1774; x_wconf 76' lang='grc' dir='ltr'>ἕνεκα</span> <span class='ocrx_word' id='word_1_192' title='bbox 1233 1737 1293 1774; x_wconf 89' lang='grc' dir='ltr'><strong>δα-</strong></span> 
     </span>
     <span class='ocr_line' id='line_1_27' title="bbox 259 1794 1292 1847; baseline -0.001 -12"><span class='ocrx_word' id='word_1_193' title='bbox 259 1798 455 1843; x_wconf 84' lang='grc' dir='ltr'>πανῶνται,</span> <span class='ocrx_word' id='word_1_194' title='bbox 473 1795 615 1847; x_wconf 86' lang='grc' dir='ltr'>μεγάλῳ</span> <span class='ocrx_word' id='word_1_195' title='bbox 632 1795 690 1834; x_wconf 82' lang='grc' dir='ltr'><strong>καὶ</strong></span> <span class='ocrx_word' id='word_1_196' title='bbox 708 1796 799 1846; x_wconf 81' lang='grc' dir='ltr'>αὖτῳ</span> <span class='ocrx_word' id='word_1_197' title='bbox 821 1794 905 1835; x_wconf 86' lang='grc' dir='ltr'>ὄντι.</span> <span class='ocrx_word' id='word_1_198' title='bbox 926 1795 998 1835; x_wconf 92' lang='grc' dir='ltr'><strong>Και</strong></span> <span class='ocrx_word' id='word_1_199' title='bbox 1021 1794 1129 1838; x_wconf 81' lang='grc' dir='ltr'>οὕτως</span> <span class='ocrx_word' id='word_1_200' title='bbox 1157 1794 1292 1834; x_wconf 88' lang='grc' dir='ltr'>ἔσονται</span> 
     </span>
     <span class='ocr_line' id='line_1_28' title="bbox 260 1851 1295 1906; baseline -0.001 -14"><span class='ocrx_word' id='word_1_201' title='bbox 260 1858 296 1893; x_wconf 77' lang='grc' dir='ltr'><strong>αἱ</strong></span> <span class='ocrx_word' id='word_1_202' title='bbox 313 1854 464 1892; x_wconf 87' lang='grc' dir='ltr'>δαπάναι</span> <span class='ocrx_word' id='word_1_203' title='bbox 483 1853 544 1902; x_wconf 85' lang='grc' dir='ltr'><strong>μὲν</strong></span> <span class='ocrx_word' id='word_1_204' title='bbox 561 1853 644 1906; x_wconf 81' lang='grc' dir='ltr'><strong>τῷ”</strong></span> <span class='ocrx_word' id='word_1_205' title='bbox 626 1869 715 1906; x_wconf 86' lang='grc' dir='ltr'>εργῳ</span> <span class='ocrx_word' id='word_1_206' title='bbox 734 1853 957 1905; x_wconf 68' lang='grc' dir='ltr'>πρέπουσαι,</span> <span class='ocrx_word' id='word_1_207' title='bbox 975 1854 1014 1892; x_wconf 83' lang='grc' dir='ltr'><strong>τὸ</strong></span> <span class='ocrx_word' id='word_1_208' title='bbox 1044 1851 1118 1891; x_wconf 73' lang='grc' dir='ltr'>δὲ’</span> <span class='ocrx_word' id='word_1_209' title='bbox 1101 1868 1198 1905; x_wconf 89' lang='grc' dir='ltr'>εργον</span> <span class='ocrx_word' id='word_1_210' title='bbox 1220 1869 1295 1898; x_wconf 88' lang='grc' dir='ltr'>ταις</span> 
     </span>
     <span class='ocr_line' id='line_1_29' title="bbox 231 1910 1294 1964; baseline -0.001 -14"><span class='ocrx_word' id='word_1_211' title='bbox 231 1959 234 1961; x_wconf 37' lang='grc'>-</span> <span class='ocrx_word' id='word_1_212' title='bbox 261 1913 429 1956; x_wconf 85' lang='grc' dir='ltr'>δαπάναις</span> <span class='ocrx_word' id='word_1_213' title='bbox 449 1916 641 1964; x_wconf 77' lang='grc' dir='ltr'>προσῆκον.</span> <span class='ocrx_word' id='word_1_214' title='bbox 666 1913 711 1951; x_wconf 84' lang='grc' dir='ltr'><strong>Εἰ</strong></span> <span class='ocrx_word' id='word_1_215' title='bbox 732 1911 768 1950; x_wconf 85' lang='grc' dir='ltr'>δὲ</span> <span class='ocrx_word' id='word_1_216' title='bbox 785 1913 836 1950; x_wconf 83' lang='grc' dir='ltr'><strong>δεῖ</strong></span> <span class='ocrx_word' id='word_1_217' title='bbox 849 1912 888 1950; x_wconf 83' lang='grc' dir='ltr'><strong>τὸ</strong></span> <span class='ocrx_word' id='word_1_218' title='bbox 908 1910 1021 1963; x_wconf 79' lang='grc' dir='ltr'>ἕτερον</span> <span class='ocrx_word' id='word_1_219' title='bbox 1045 1910 1294 1963; x_wconf 74' lang='grc' dir='ltr'>ὖπερὸάλλειν,</span> 
     </span>
     <span class='ocr_line' id='line_1_30' title="bbox 261 1970 1295 2023; baseline -0.001 -14"><span class='ocrx_word' id='word_1_220' title='bbox 261 1972 300 2010; x_wconf 83' lang='grc' dir='ltr'><strong>τὸ</strong></span> <span class='ocrx_word' id='word_1_221' title='bbox 322 1971 433 2023; x_wconf 87' lang='grc' dir='ltr'>ἔργον·</span> <span class='ocrx_word' id='word_1_222' title='bbox 450 1974 552 2009; x_wconf 89' lang='grc' dir='ltr'>τοῦτο</span> <span class='ocrx_word' id='word_1_223' title='bbox 567 1970 635 2022; x_wconf 83' lang='grc' dir='ltr'><strong>γὰρ</strong></span> <span class='ocrx_word' id='word_1_224' title='bbox 654 1972 786 2021; x_wconf 82' lang='grc' dir='ltr'>μᾶλλον</span> <span class='ocrx_word' id='word_1_225' title='bbox 807 1970 976 2023; x_wconf 82' lang='grc' dir='ltr'>προσήκει</span> <span class='ocrx_word' id='word_1_226' title='bbox 995 1973 1045 2023; x_wconf 81' lang='grc' dir='ltr'><strong>τῷ</strong></span> <span class='ocrx_word' id='word_1_227' title='bbox 1076 1971 1295 2023; x_wconf 88' lang='grc' dir='ltr'>μεγαλοπρε-</span> 
     </span>
     <span class='ocr_line' id='line_1_31' title="bbox 262 2028 1294 2083; baseline -0.002 -15"><span class='ocrx_word' id='word_1_228' title='bbox 262 2033 335 2070; x_wconf 86' lang='grc' dir='ltr'>πεῖ.</span> <span class='ocrx_word' id='word_1_229' title='bbox 358 2031 484 2068; x_wconf 85' lang='grc' dir='ltr'>Ταῦτα</span> <span class='ocrx_word' id='word_1_230' title='bbox 515 2029 550 2068; x_wconf 87' lang='grc' dir='ltr'>δὲ</span> <span class='ocrx_word' id='word_1_231' title='bbox 577 2032 594 2067; x_wconf 93' lang='lat'>6</span> <span class='ocrx_word' id='word_1_232' title='bbox 621 2028 887 2083; x_wconf 85' lang='grc' dir='ltr'>μεγαλοπρεπὴς</span> <span class='ocrx_word' id='word_1_233' title='bbox 916 2029 1131 2077; x_wconf 82' lang='grc' dir='ltr'>δαπανήσει,</span> <span class='ocrx_word' id='word_1_234' title='bbox 1158 2030 1294 2080; x_wconf 85' lang='grc' dir='ltr'>πρῶτον</span> 
     </span>
     <span class='ocr_line' id='line_1_32' title="bbox 260 2087 1296 2141; baseline -0.002 -14"><span class='ocrx_word' id='word_1_235' title='bbox 260 2088 322 2140; x_wconf 89' lang='grc' dir='ltr'><strong>μὲν</strong></span> <span class='ocrx_word' id='word_1_236' title='bbox 355 2093 413 2127; x_wconf 84' lang='grc' dir='ltr'><strong>τοῦ</strong></span> <span class='ocrx_word' id='word_1_237' title='bbox 433 2090 541 2127; x_wconf 85' lang='grc' dir='ltr'>καλοῦ</span> <span class='ocrx_word' id='word_1_238' title='bbox 572 2088 696 2136; x_wconf 80' lang='grc' dir='ltr'>ἕνεκα,</span> <span class='ocrx_word' id='word_1_239' title='bbox 731 2087 834 2141; x_wconf 81' lang='grc' dir='ltr'>(ὅπερ</span> <span class='ocrx_word' id='word_1_240' title='bbox 865 2087 975 2126; x_wconf 85' lang='grc' dir='ltr'>κοινόν</span> <span class='ocrx_word' id='word_1_241' title='bbox 1009 2088 1083 2125; x_wconf 85' lang='grc' dir='ltr'>ἐστι</span> <span class='ocrx_word' id='word_1_242' title='bbox 1114 2093 1203 2126; x_wconf 83' lang='grc' dir='ltr'>πᾶσι</span> <span class='ocrx_word' id='word_1_243' title='bbox 1224 2090 1296 2131; x_wconf 85' lang='grc' dir='ltr'>τοῖς</span> 
     </span>
     <span class='ocr_line' id='line_1_33' title="bbox 258 2144 1295 2197; baseline 0 -13"><span class='ocrx_word' id='word_1_244' title='bbox 258 2146 457 2190; x_wconf 76' lang='grc' dir='ltr'>σπουδαίοις</span> <span class='ocrx_word' id='word_1_245' title='bbox 472 2148 506 2197; x_wconf 91' lang='grc'><strong>,)</strong></span> <span class='ocrx_word' id='word_1_246' title='bbox 549 2144 669 2183; x_wconf 87' lang='grc' dir='ltr'>ἔπειτα</span> <span class='ocrx_word' id='word_1_247' title='bbox 706 2145 813 2191; x_wconf 86' lang='grc' dir='ltr'>ἡδέως</span> <span class='ocrx_word' id='word_1_248' title='bbox 842 2144 902 2183; x_wconf 81' lang='grc' dir='ltr'><strong>καὶ</strong></span> <span class='ocrx_word' id='word_1_249' title='bbox 941 2147 1154 2197; x_wconf 87' lang='grc' dir='ltr'>προετικῶς,</span> <span class='ocrx_word' id='word_1_250' title='bbox 1189 2145 1295 2195; x_wconf 82' lang='grc' dir='ltr'>μηδὲν</span> 
     </span>
     <span class='ocr_line' id='line_1_34' title="bbox 262 2202 1290 2256; baseline 0 -14"><span class='ocrx_word' id='word_1_251' title='bbox 262 2204 603 2256; x_wconf 74' lang='grc' dir='ltr'>ἀκριὸολογούμενος·</span> <span class='ocrx_word' id='word_1_252' title='bbox 637 2208 658 2251; x_wconf 82' lang='grc' dir='ltr'>ἡ</span> <span class='ocrx_word' id='word_1_253' title='bbox 692 2203 759 2256; x_wconf 79' lang='grc' dir='ltr'><strong>γὰρ</strong></span> <span class='ocrx_word' id='word_1_254' title='bbox 789 2203 1015 2254; x_wconf 75' lang='grc' dir='ltr'>ἀκριὸολογία</span> <span class='ocrx_word' id='word_1_255' title='bbox 1039 2202 1290 2256; x_wconf 85' lang='grc' dir='ltr'>μικροπρεπές.</span> 
     </span>
     <span class='ocr_line' id='line_1_35' title="bbox 260 2262 1293 2316; baseline -0.002 -13"><span class='ocrx_word' id='word_1_256' title='bbox 260 2263 305 2303; x_wconf 79' lang='lat' dir='ltr'><strong>‘O</strong></span> <span class='ocrx_word' id='word_1_257' title='bbox 334 2264 369 2301; x_wconf 82' lang='grc' dir='ltr'>δὲ</span> <span class='ocrx_word' id='word_1_258' title='bbox 401 2262 671 2316; x_wconf 82' lang='grc' dir='ltr'>μεγαλοπρεπὴς</span> <span class='ocrx_word' id='word_1_259' title='bbox 693 2262 772 2314; x_wconf 84' lang='grc' dir='ltr'>περὶ</span> <span class='ocrx_word' id='word_1_260' title='bbox 797 2262 860 2313; x_wconf 85' lang='grc' dir='ltr'><strong>μὲν</strong></span> <span class='ocrx_word' id='word_1_261' title='bbox 888 2266 949 2301; x_wconf 90' lang='grc' dir='ltr'><strong>τοῦ</strong></span> <span class='ocrx_word' id='word_1_262' title='bbox 971 2262 1074 2315; x_wconf 85' lang='grc' dir='ltr'>ἔργου</span> <span class='ocrx_word' id='word_1_263' title='bbox 1101 2262 1293 2315; x_wconf 82' lang='grc' dir='ltr'>σκέψεται,</span> 
     </span>
     <span class='ocr_line' id='line_1_36' title="bbox 260 2320 1296 2374; baseline 0.001 -15"><span class='ocrx_word' id='word_1_264' title='bbox 260 2322 352 2365; x_wconf 85' lang='grc' dir='ltr'>ὅπως</span> <span class='ocrx_word' id='word_1_265' title='bbox 379 2322 515 2374; x_wconf 86' lang='grc' dir='ltr'>ἄριστον</span> <span class='ocrx_word' id='word_1_266' title='bbox 542 2322 674 2372; x_wconf 87' lang='grc' dir='ltr'>γένοιτο</span> <span class='ocrx_word' id='word_1_267' title='bbox 699 2321 758 2360; x_wconf 82' lang='grc' dir='ltr'><strong>καὶ</strong></span> <span class='ocrx_word' id='word_1_268' title='bbox 787 2320 1101 2374; x_wconf 79' lang='grc' dir='ltr'>πρεπωδέστατον,</span> <span class='ocrx_word' id='word_1_269' title='bbox 1132 2321 1190 2359; x_wconf 76' lang='grc' dir='ltr'><strong>καὶ</strong></span> <span class='ocrx_word' id='word_1_270' title='bbox 1218 2321 1296 2360; x_wconf 90' lang='grc' dir='ltr'>τού-</span> 
     </span>
     <span class='ocr_line' id='line_1_37' title="bbox 263 2379 1296 2433; baseline -0.003 -14"><span class='ocrx_word' id='word_1_271' title='bbox 263 2394 322 2419; x_wconf 81' lang='grc' dir='ltr'><strong>του</strong></span> <span class='ocrx_word' id='word_1_272' title='bbox 346 2381 448 2433; x_wconf 86' lang='grc' dir='ltr'>χάριν</span> <span class='ocrx_word' id='word_1_273' title='bbox 470 2383 487 2418; x_wconf 87' lang='lat'>6</span> <span class='ocrx_word' id='word_1_274' title='bbox 509 2381 668 2424; x_wconf 81' lang='grc' dir='ltr'>πλεῖστος</span> <span class='ocrx_word' id='word_1_275' title='bbox 683 2379 783 2431; x_wconf 87' lang='grc' dir='ltr'>λόγος</span> <span class='ocrx_word' id='word_1_276' title='bbox 804 2382 912 2432; x_wconf 82' lang='grc' dir='ltr'>αὐτῷ.</span> <span class='ocrx_word' id='word_1_277' title='bbox 933 2380 1022 2432; x_wconf 86' lang='grc' dir='ltr'>Περὶ</span> <span class='ocrx_word' id='word_1_278' title='bbox 1044 2379 1078 2418; x_wconf 88' lang='grc' dir='ltr'>δὲ</span> <span class='ocrx_word' id='word_1_279' title='bbox 1096 2382 1158 2425; x_wconf 84' lang='grc' dir='ltr'>τ’ῆς</span> <span class='ocrx_word' id='word_1_280' title='bbox 1179 2379 1296 2417; x_wconf 79' lang='grc' dir='ltr'>δαπά-</span> 
     </span>
     <span class='ocr_line' id='line_1_38' title="bbox 259 2437 1294 2491; baseline -0.002 -14"><span class='ocrx_word' id='word_1_281' title='bbox 259 2455 318 2485; x_wconf 90' lang='grc' dir='ltr'><strong>νης</strong></span> <span class='ocrx_word' id='word_1_282' title='bbox 332 2469 341 2486; x_wconf 92' lang='grc'><strong>,</strong></span> <span class='ocrx_word' id='word_1_283' title='bbox 359 2439 423 2484; x_wconf 85' lang='grc' dir='ltr'><strong>ὅση</strong></span> <span class='ocrx_word' id='word_1_284' title='bbox 438 2438 608 2491; x_wconf 86' lang='grc' dir='ltr'>προσήκει</span> <span class='ocrx_word' id='word_1_285' title='bbox 625 2441 674 2491; x_wconf 84' lang='grc' dir='ltr'><strong>τῷ</strong></span> <span class='ocrx_word' id='word_1_286' title='bbox 690 2437 778 2490; x_wconf 84' lang='grc' dir='ltr'>ἔργῳ</span> <span class='ocrx_word' id='word_1_287' title='bbox 789 2468 799 2486; x_wconf 92' lang='grc'><strong>,</strong></span> <span class='ocrx_word' id='word_1_288' title='bbox 815 2440 875 2477; x_wconf 75' lang='grc' dir='ltr'><strong>καὶ</strong></span> <span class='ocrx_word' id='word_1_289' title='bbox 890 2438 971 2490; x_wconf 73' lang='grc' dir='ltr'>περὶ</span> <span class='ocrx_word' id='word_1_290' title='bbox 986 2442 1047 2477; x_wconf 87' lang='grc' dir='ltr'><strong>τοῦ</strong></span> <span class='ocrx_word' id='word_1_291' title='bbox 1067 2437 1174 2488; x_wconf 83' lang='grc' dir='ltr'>μηδὲν</span> <span class='ocrx_word' id='word_1_292' title='bbox 1192 2437 1294 2476; x_wconf 82' lang='grc' dir='ltr'>πλέον</span> 
     </span>
     <span class='ocr_line' id='line_1_39' title="bbox 261 2495 1294 2549; baseline 0 -15"><span class='ocrx_word' id='word_1_293' title='bbox 261 2499 501 2544; x_wconf 77' lang='grc' dir='ltr'>ἀναλωθῆναι,</span> <span class='ocrx_word' id='word_1_294' title='bbox 523 2498 611 2536; x_wconf 86' lang='grc' dir='ltr'>ἀλλὰ</span> <span class='ocrx_word' id='word_1_295' title='bbox 633 2498 793 2549; x_wconf 87' lang='grc' dir='ltr'>γενέσθαι</span> <span class='ocrx_word' id='word_1_296' title='bbox 813 2497 856 2535; x_wconf 85' lang='grc' dir='ltr'><strong>δι’</strong></span> <span class='ocrx_word' id='word_1_297' title='bbox 875 2496 963 2535; x_wconf 81' lang='grc' dir='ltr'>ὅσων</span> <span class='ocrx_word' id='word_1_298' title='bbox 983 2496 1139 2548; x_wconf 87' lang='grc' dir='ltr'>μάλιστα</span> <span class='ocrx_word' id='word_1_299' title='bbox 1160 2495 1294 2548; x_wconf 81' lang='grc' dir='ltr'>ἐνδέχε-</span> 
     </span>
     <span class='ocr_line' id='line_1_40' title="bbox 258 2554 1294 2607; baseline 0.002 -15"><span class='ocrx_word' id='word_1_300' title='bbox 258 2570 316 2592; x_wconf 87' lang='grc' dir='ltr'><strong>ται</strong></span> <span class='ocrx_word' id='word_1_301' title='bbox 337 2555 556 2606; x_wconf 82' lang='grc' dir='ltr'>ἐλαχίστων,</span> <span class='ocrx_word' id='word_1_302' title='bbox 589 2557 627 2593; x_wconf 83' lang='grc' dir='ltr'><strong>οὐ</strong></span> <span class='ocrx_word' id='word_1_303' title='bbox 658 2560 818 2594; x_wconf 87' lang='grc' dir='ltr'>τοσοῦτον</span> <span class='ocrx_word' id='word_1_304' title='bbox 849 2561 1000 2594; x_wconf 82' lang='grc' dir='ltr'>ποιεῖται</span> <span class='ocrx_word' id='word_1_305' title='bbox 1024 2554 1140 2606; x_wconf 90' lang='grc' dir='ltr'>λόγον·</span> <span class='ocrx_word' id='word_1_306' title='bbox 1165 2570 1294 2607; x_wconf 85' lang='grc' dir='ltr'>μικρο-</span> 
     </span>
     <span class='ocr_line' id='line_1_41' title="bbox 258 2613 1294 2666; baseline 0 -15"><span class='ocrx_word' id='word_1_307' title='bbox 258 2613 368 2664; x_wconf 84' lang='grc' dir='ltr'>πρεπὲ</span> <span class='ocrx_word' id='word_1_308' title='bbox 354 2632 386 2658; x_wconf 65' lang='grc' dir='ltr'><strong>,ς</strong></span> <span class='ocrx_word' id='word_1_309' title='bbox 399 2614 465 2666; x_wconf 86' lang='grc' dir='ltr'><strong>γὰρ</strong></span> <span class='ocrx_word' id='word_1_310' title='bbox 480 2615 518 2652; x_wconf 82' lang='grc' dir='ltr'><strong>τὸ</strong></span> <span class='ocrx_word' id='word_1_311' title='bbox 529 2618 697 2654; x_wconf 89' lang='grc' dir='ltr'>τοιοῦτον.</span> <span class='ocrx_word' id='word_1_312' title='bbox 719 2615 866 2666; x_wconf 69' lang='grc' dir='ltr'>Ἀνάγκη</span> <span class='ocrx_word' id='word_1_313' title='bbox 878 2614 929 2665; x_wconf 90' lang='grc' dir='ltr'><strong>δέ,</strong></span> <span class='ocrx_word' id='word_1_314' title='bbox 942 2613 1055 2658; x_wconf 87' lang='grc' dir='ltr'>καθὼς</span> <span class='ocrx_word' id='word_1_315' title='bbox 1069 2613 1217 2665; x_wconf 89' lang='grc' dir='ltr'>εἴρηται,</span> <span class='ocrx_word' id='word_1_316' title='bbox 1238 2614 1294 2653; x_wconf 79' lang='grc' dir='ltr'><strong>τὸν</strong></span> 
     </span>
     <span class='ocr_line' id='line_1_42' title="bbox 259 2671 1296 2725; baseline 0 -15"><span class='ocrx_word' id='word_1_317' title='bbox 259 2675 507 2724; x_wconf 76' lang='grc' dir='ltr'>μεγαλοπρεπῆ</span> <span class='ocrx_word' id='word_1_318' title='bbox 525 2673 584 2711; x_wconf 83' lang='grc' dir='ltr'><strong>καὶ</strong></span> <span class='ocrx_word' id='word_1_319' title='bbox 609 2674 796 2725; x_wconf 83' lang='grc' dir='ltr'>ελευθέριον</span> <span class='ocrx_word' id='word_1_320' title='bbox 813 2677 919 2722; x_wconf 83' lang='grc' dir='ltr'>εἶναι,</span> <span class='ocrx_word' id='word_1_321' title='bbox 941 2675 970 2711; x_wconf 89' lang='grc' dir='ltr'><strong>εἷ</strong></span> <span class='ocrx_word' id='word_1_322' title='bbox 991 2689 1050 2711; x_wconf 89' lang='grc' dir='ltr'><strong>και</strong></span> <span class='ocrx_word' id='word_1_323' title='bbox 1070 2676 1088 2712; x_wconf 98' lang='lat'>6</span> <span class='ocrx_word' id='word_1_324' title='bbox 1100 2671 1296 2724; x_wconf 81' lang='grc' dir='ltr'>’ἐλευθέριος</span> 
     </span>
     <span class='ocr_line' id='line_1_43' title="bbox 258 2730 1295 2784; baseline 0 -16"><span class='ocrx_word' id='word_1_325' title='bbox 258 2734 321 2769; x_wconf 78' lang='grc' dir='ltr'><strong>οὐκ</strong></span> <span class='ocrx_word' id='word_1_326' title='bbox 341 2731 414 2770; x_wconf 86' lang='grc' dir='ltr'>ἔστι</span> <span class='ocrx_word' id='word_1_327' title='bbox 433 2732 714 2784; x_wconf 82' lang='grc' dir='ltr'>μεγαλοπρεπής·</span> <span class='ocrx_word' id='word_1_328' title='bbox 731 2734 870 2770; x_wconf 84' lang='grc' dir='ltr'>δαπανᾶ</span> <span class='ocrx_word' id='word_1_329' title='bbox 895 2733 962 2784; x_wconf 83' lang='grc' dir='ltr'><strong>γὰρ</strong></span> <span class='ocrx_word' id='word_1_330' title='bbox 982 2735 1000 2770; x_wconf 90' lang='lat'>6</span> <span class='ocrx_word' id='word_1_331' title='bbox 1024 2730 1295 2783; x_wconf 81' lang='grc' dir='ltr'>μεγαλοπρεπὴς</span> 
     </span>
     <span class='ocr_line' id='line_1_44' title="bbox 259 2790 1294 2841; baseline -0.001 -13"><span class='ocrx_word' id='word_1_332' title='bbox 259 2790 282 2828; x_wconf 82' lang='grc' dir='ltr'>ἃ</span> <span class='ocrx_word' id='word_1_333' title='bbox 302 2792 374 2841; x_wconf 85' lang='grc' dir='ltr'>δεῖ,</span> <span class='ocrx_word' id='word_1_334' title='bbox 396 2790 454 2828; x_wconf 72' lang='grc' dir='ltr'><strong>καὶ</strong></span> <span class='ocrx_word' id='word_1_335' title='bbox 473 2793 519 2834; x_wconf 82' lang='grc' dir='ltr'><strong>ὡς</strong></span> <span class='ocrx_word' id='word_1_336' title='bbox 540 2792 614 2838; x_wconf 87' lang='grc' dir='ltr'>δεῖ,</span> <span class='ocrx_word' id='word_1_337' title='bbox 633 2791 692 2829; x_wconf 77' lang='grc' dir='ltr'><strong>καὶ</strong></span> <span class='ocrx_word' id='word_1_338' title='bbox 709 2791 766 2829; x_wconf 80' lang='grc' dir='ltr'><strong>ὅτε</strong></span> <span class='ocrx_word' id='word_1_339' title='bbox 786 2792 848 2829; x_wconf 82' lang='grc' dir='ltr'>δεῖ·</span> <span class='ocrx_word' id='word_1_340' title='bbox 872 2794 972 2829; x_wconf 89' lang='grc' dir='ltr'>τοῦτο</span> <span class='ocrx_word' id='word_1_341' title='bbox 990 2790 1026 2828; x_wconf 85' lang='grc' dir='ltr'>δέ</span> <span class='ocrx_word' id='word_1_342' title='bbox 1049 2793 1141 2829; x_wconf 82' lang='grc' dir='ltr'>ἐστιν</span> <span class='ocrx_word' id='word_1_343' title='bbox 1161 2792 1179 2827; x_wconf 88' lang='lat'>6</span> <span class='ocrx_word' id='word_1_344' title='bbox 1199 2791 1294 2828; x_wconf 83' lang='grc' dir='ltr'>ε’λευ-</span> 
     </span>
     <span class='ocr_line' id='line_1_45' title="bbox 257 2848 1293 2901; baseline -0.001 -14"><span class='ocrx_word' id='word_1_345' title='bbox 257 2848 378 2900; x_wconf 85' lang='grc' dir='ltr'>θέριος·</span> <span class='ocrx_word' id='word_1_346' title='bbox 411 2850 548 2899; x_wconf 86' lang='grc' dir='ltr'>μεγάλα</span> <span class='ocrx_word' id='word_1_347' title='bbox 583 2849 618 2887; x_wconf 84' lang='grc' dir='ltr'>δὲ</span> <span class='ocrx_word' id='word_1_348' title='bbox 638 2851 698 2888; x_wconf 84' lang='grc' dir='ltr'><strong>καὶ</strong></span> <span class='ocrx_word' id='word_1_349' title='bbox 727 2850 888 2900; x_wconf 87' lang='grc' dir='ltr'>μεγάλων</span> <span class='ocrx_word' id='word_1_350' title='bbox 927 2850 1054 2897; x_wconf 81' lang='grc' dir='ltr'>ἕνεκα,</span> <span class='ocrx_word' id='word_1_351' title='bbox 1085 2849 1170 2901; x_wconf 79' lang='grc' dir='ltr'>ὅπερ</span> <span class='ocrx_word' id='word_1_352' title='bbox 1201 2848 1293 2887; x_wconf 81' lang='grc' dir='ltr'>ἐστὶν</span> 
     </span>
     <span class='ocr_line' id='line_1_46' title="bbox 260 2906 1294 2960; baseline -0.002 -13.996"><span class='ocrx_word' id='word_1_353' title='bbox 260 2909 344 2947; x_wconf 90' lang='grc' dir='ltr'>ἴδιον</span> <span class='ocrx_word' id='word_1_354' title='bbox 367 2911 427 2946; x_wconf 86' lang='grc' dir='ltr'><strong>τοῦ</strong></span> <span class='ocrx_word' id='word_1_355' title='bbox 449 2909 746 2960; x_wconf 89' lang='grc' dir='ltr'>μεγαλοπρεποῦς.</span> <span class='ocrx_word' id='word_1_356' title='bbox 767 2908 944 2952; x_wconf 83' lang='grc' dir='ltr'>Πολλάκις</span> <span class='ocrx_word' id='word_1_357' title='bbox 973 2908 1039 2960; x_wconf 84' lang='grc' dir='ltr'><strong>γὰρ</strong></span> <span class='ocrx_word' id='word_1_358' title='bbox 1059 2906 1118 2946; x_wconf 83' lang='grc' dir='ltr'><strong>καὶ</strong></span> <span class='ocrx_word' id='word_1_359' title='bbox 1147 2907 1202 2944; x_wconf 83' lang='grc' dir='ltr'><strong>διὰ</strong></span> <span class='ocrx_word' id='word_1_360' title='bbox 1233 2909 1294 2953; x_wconf 81' lang='grc' dir='ltr'><strong>τῆς</strong></span> 
     </span>
     <span class='ocr_line' id='line_1_47' title="bbox 259 2965 1292 3019; baseline -0.001 -15"><span class='ocrx_word' id='word_1_361' title='bbox 259 2969 364 3013; x_wconf 75' lang='grc' dir='ltr'>αὐτῆς</span> <span class='ocrx_word' id='word_1_362' title='bbox 396 2967 553 3014; x_wconf 89' lang='grc' dir='ltr'>δαπάνης</span> <span class='ocrx_word' id='word_1_363' title='bbox 586 2970 603 3004; x_wconf 88' lang='lat'>6</span> <span class='ocrx_word' id='word_1_364' title='bbox 636 2967 904 3019; x_wconf 85' lang='grc' dir='ltr'>μεγαλοπρεπὴς</span> <span class='ocrx_word' id='word_1_365' title='bbox 940 2968 977 3006; x_wconf 81' lang='grc' dir='ltr'><strong>οὗ</strong></span> <span class='ocrx_word' id='word_1_366' title='bbox 1012 2983 1052 3006; x_wconf 90' lang='grc' dir='ltr'><strong>το</strong></span> <span class='ocrx_word' id='word_1_367' title='bbox 1073 2966 1157 3004; x_wconf 81' lang='grc' dir='ltr'>αὐτὸ</span> <span class='ocrx_word' id='word_1_368' title='bbox 1196 2965 1292 3017; x_wconf 83' lang='grc' dir='ltr'>ἔργον</span> 
     </span>
     <span class='ocr_line' id='line_1_48' title="bbox 258 3019 1290 3078; baseline -0.001 -14"><span class='ocrx_word' id='word_1_369' title='bbox 258 3029 350 3064; x_wconf 82' lang='grc' dir='ltr'>ποιεῖ</span> <span class='ocrx_word' id='word_1_370' title='bbox 368 3042 416 3063; x_wconf 85' lang='grc' dir='ltr'><strong>τω</strong></span> <span class='ocrx_word' id='word_1_371' title='bbox 437 3026 656 3078; x_wconf 79' lang='grc' dir='ltr'>ἐλευθερίῳ,</span> <span class='ocrx_word' id='word_1_372' title='bbox 671 3024 761 3064; x_wconf 81' lang='grc' dir='ltr'>ἀλλὰ</span> <span class='ocrx_word' id='word_1_373' title='bbox 789 3026 1177 3078; x_wconf 87' lang='grc' dir='ltr'>μεγαλοπρεπέστερον·</span> <span class='ocrx_word' id='word_1_374' title='bbox 1200 3019 1290 3073; x_wconf 78' lang='grc' dir='ltr'>οἱον,</span> 
     </span>
     <span class='ocr_line' id='line_1_49' title="bbox 258 3070 1294 3137; baseline -0.001 -14"><span class='ocrx_word' id='word_1_375' title='bbox 258 3085 339 3137; x_wconf 79' lang='grc' dir='ltr'>φέρε</span> <span class='ocrx_word' id='word_1_376' title='bbox 356 3086 488 3133; x_wconf 79' lang='grc' dir='ltr'>εἰπεῖν,</span> <span class='ocrx_word' id='word_1_377' title='bbox 509 3070 719 3136; x_wconf 87' lang='grc' dir='ltr'>θεραπεῦσαι</span> <span class='ocrx_word' id='word_1_378' title='bbox 738 3101 776 3122; x_wconf 92' lang='grc' dir='ltr'><strong>το</strong></span> <span class='ocrx_word' id='word_1_379' title='bbox 796 3088 883 3123; x_wconf 84' lang='grc' dir='ltr'>Θεῖον</span> <span class='ocrx_word' id='word_1_380' title='bbox 903 3087 1053 3131; x_wconf 84' lang='grc' dir='ltr'>δεησαν,</span> <span class='ocrx_word' id='word_1_381' title='bbox 1077 3087 1094 3122; x_wconf 90' lang='lat'>6</span> <span class='ocrx_word' id='word_1_382' title='bbox 1115 3084 1176 3135; x_wconf 80' lang='grc' dir='ltr'><strong>μὲν</strong></span> <span class='ocrx_word' id='word_1_383' title='bbox 1198 3086 1294 3123; x_wconf 82' lang='grc' dir='ltr'>ἐλευ-</span> 
     </span>
     <span class='ocr_line' id='line_1_50' title="bbox 259 3143 1293 3197; baseline 0 -16"><span class='ocrx_word' id='word_1_384' title='bbox 259 3143 366 3197; x_wconf 85' lang='grc' dir='ltr'>θέριος</span> <span class='ocrx_word' id='word_1_385' title='bbox 385 3146 534 3195; x_wconf 85' lang='grc' dir='ltr'>χρυσοῦν</span> <span class='ocrx_word' id='word_1_386' title='bbox 557 3159 591 3181; x_wconf 87' lang='grc' dir='ltr'><strong>τι</strong></span> <span class='ocrx_word' id='word_1_387' title='bbox 611 3147 730 3187; x_wconf 87' lang='grc' dir='ltr'>σκεῦος</span> <span class='ocrx_word' id='word_1_388' title='bbox 749 3158 907 3189; x_wconf 87' lang='grc' dir='ltr'>ποιησει,</span> <span class='ocrx_word' id='word_1_389' title='bbox 930 3143 990 3182; x_wconf 84' lang='grc' dir='ltr'><strong>καὶ</strong></span> <span class='ocrx_word' id='word_1_390' title='bbox 1022 3144 1135 3187; x_wconf 86' lang='grc' dir='ltr'>λίθους</span> <span class='ocrx_word' id='word_1_391' title='bbox 1159 3143 1293 3194; x_wconf 89' lang='grc' dir='ltr'>τιμίους</span> 
     </span>
     <span class='ocr_line' id='line_1_51' title="bbox 259 3201 1291 3255; baseline -0.001 -14"><span class='ocrx_word' id='word_1_392' title='bbox 259 3203 461 3254; x_wconf 79' lang='grc' dir='ltr'>ἐγκολλήσει</span> <span class='ocrx_word' id='word_1_393' title='bbox 481 3203 530 3253; x_wconf 84' lang='grc' dir='ltr'><strong>τῷ</strong></span> <span class='ocrx_word' id='word_1_394' title='bbox 553 3201 682 3240; x_wconf 84' lang='grc' dir='ltr'>σκεύει·</span> <span class='ocrx_word' id='word_1_395' title='bbox 702 3204 720 3239; x_wconf 88' lang='lat'>6</span> <span class='ocrx_word' id='word_1_396' title='bbox 737 3201 772 3239; x_wconf 84' lang='grc' dir='ltr'>δὲ</span> <span class='ocrx_word' id='word_1_397' title='bbox 791 3202 1057 3255; x_wconf 79' lang='grc' dir='ltr'>μεγαλοπρεπὴς</span> <span class='ocrx_word' id='word_1_398' title='bbox 1078 3201 1158 3240; x_wconf 81' lang='grc' dir='ltr'>ναὸν</span> <span class='ocrx_word' id='word_1_399' title='bbox 1182 3202 1291 3254; x_wconf 86' lang='grc' dir='ltr'>μέγαν</span> 
     </span>
     <span class='ocr_line' id='line_1_52' title="bbox 258 3259 1289 3311; baseline -0.002 -11"><span class='ocrx_word' id='word_1_400' title='bbox 258 3261 320 3300; x_wconf 76' lang='grc' dir='ltr'><strong>καὶ</strong></span> <span class='ocrx_word' id='word_1_401' title='bbox 340 3261 444 3300; x_wconf 86' lang='grc' dir='ltr'>καλὸν</span> <span class='ocrx_word' id='word_1_402' title='bbox 474 3259 714 3310; x_wconf 79' lang='grc' dir='ltr'>οἷκοδομήσει,</span> <span class='ocrx_word' id='word_1_403' title='bbox 746 3259 994 3311; x_wconf 79' lang='grc' dir='ltr'>ἢάνδριάντας</span> <span class='ocrx_word' id='word_1_404' title='bbox 1026 3262 1237 3310; x_wconf 86' lang='grc' dir='ltr'>ἀναστήσει,</span> <span class='ocrx_word' id='word_1_405' title='bbox 1268 3259 1289 3307; x_wconf 82' lang='grc' dir='ltr'>ἢ</span> 
     </span>
    </p>
   </div>
   <div class='ocr_carea' id='block_1_5' title="bbox 257 3316 1315 3372">
    <p class='ocr_par' dir='ltr' id='par_1_7' title="bbox 257 3316 1315 3372">
     <span class='ocr_line' id='line_1_53' title="bbox 257 3316 1315 3372; baseline -0.001 -14"><span class='ocrx_word' id='word_1_406' title='bbox 257 3321 407 3372; x_wconf 69' lang='grc' dir='ltr'>γεφύρας</span> <span class='ocrx_word' id='word_1_407' title='bbox 422 3318 698 3369; x_wconf 81' lang='grc' dir='ltr'>οἷκοδομήσει,ἢ</span> <span class='ocrx_word' id='word_1_408' title='bbox 717 3319 801 3358; x_wconf 88' lang='grc' dir='ltr'>ἄλλο</span> <span class='ocrx_word' id='word_1_409' title='bbox 820 3334 852 3355; x_wconf 89' lang='grc' dir='ltr'><strong>τι</strong></span> <span class='ocrx_word' id='word_1_410' title='bbox 865 3331 877 3347; x_wconf 77' lang='lat'>⁰</span> <span class='ocrx_word' id='word_1_411' title='bbox 899 3319 989 3369; x_wconf 88' lang='grc' dir='ltr'>μέγα</span> <span class='ocrx_word' id='word_1_412' title='bbox 1016 3319 1073 3357; x_wconf 80' lang='grc' dir='ltr'><strong>καὶ</strong></span> <span class='ocrx_word' id='word_1_413' title='bbox 1092 3319 1289 3368; x_wconf 83' lang='grc' dir='ltr'>θαυμαστὸν</span> <span class='ocrx_word' id='word_1_414' title='bbox 1312 3316 1315 3319; x_wconf 42' lang='lat'><strong>⁴</strong></span> 
     </span>
    </p>
   </div>
   <div class='ocr_carea' id='block_1_6' title="bbox 1105 198 1579 243">
    <p class='ocr_par' dir='ltr' id='par_1_8' title="bbox 1105 198 1579 243">
     <span class='ocr_line' id='line_1_54' title="bbox 1105 198 1579 243; baseline 0.006 -5"><span class='ocrx_word' id='word_1_415' title='bbox 1105 198 1173 239; x_wconf 92' lang='lat' dir='ltr'><strong>AN</strong></span> <span class='ocrx_word' id='word_1_416' title='bbox 1179 199 1379 240; x_wconf 82' lang='lat' dir='ltr'>DRONICI</span> <span class='ocrx_word' id='word_1_417' title='bbox 1406 200 1579 243; x_wconf 77' lang='lat' dir='ltr'>RHODII</span> 
     </span>
    </p>
   </div>
   <div class='ocr_carea' id='block_1_7' title="bbox 1357 295 2393 346">
    <p class='ocr_par' dir='ltr' id='par_1_9' title="bbox 1357 295 2393 346">
     <span class='ocr_line' id='line_1_55' title="bbox 1357 295 2393 346; baseline 0.01 -19"><span class='ocrx_word' id='word_1_418' title='bbox 1357 304 1425 337; x_wconf 92' lang='lat' dir='ltr'><strong>quo</strong></span> <span class='ocrx_word' id='word_1_419' title='bbox 1452 297 1490 328; x_wconf 90' lang='lat' dir='ltr'><strong>ut</strong></span> <span class='ocrx_word' id='word_1_420' title='bbox 1508 296 1637 338; x_wconf 81' lang='lat' dir='ltr'><strong>oportet</strong></span> <span class='ocrx_word' id='word_1_421' title='bbox 1660 298 1693 328; x_wconf 89' lang='lat' dir='ltr'><strong>et</strong></span> <span class='ocrx_word' id='word_1_422' title='bbox 1718 295 1753 329; x_wconf 89' lang='lat' dir='ltr'><strong>in</strong></span> <span class='ocrx_word' id='word_1_423' title='bbox 1767 305 1844 339; x_wconf 79' lang='lat' dir='ltr'><strong>quae</strong></span> <span class='ocrx_word' id='word_1_424' title='bbox 1863 300 1992 340; x_wconf 82' lang='lat' dir='ltr'>oportet</span> <span class='ocrx_word' id='word_1_425' title='bbox 2011 300 2100 334; x_wconf 77' lang='lat' dir='ltr'><strong>facto</strong></span> <span class='ocrx_word' id='word_1_426' title='bbox 2121 302 2311 343; x_wconf 85' lang='lat' dir='ltr'><strong>magnificus</strong></span> <span class='ocrx_word' id='word_1_427' title='bbox 2330 309 2393 346; x_wconf 67' lang='lat' dir='ltr'><strong>ap*-</strong></span> 
     </span>
    </p>
   </div>
   <div class='ocr_carea' id='block_1_8' title="bbox 1355 349 2462 462">
    <p class='ocr_par' dir='ltr' id='par_1_10' title="bbox 1355 349 2462 462">
     <span class='ocr_line' id='line_1_56' title="bbox 1355 349 2462 404; baseline 0.011 -19"><span class='ocrx_word' id='word_1_428' title='bbox 1355 354 1508 395; x_wconf 84' lang='lat' dir='ltr'><strong>pellatur.</strong></span> <span class='ocrx_word' id='word_1_429' title='bbox 1561 355 1644 387; x_wconf 87' lang='lat' dir='ltr'><strong>Nam</strong></span> <span class='ocrx_word' id='word_1_430' title='bbox 1671 354 1731 396; x_wconf 88' lang='lat' dir='ltr'><strong>qui</strong></span> <span class='ocrx_word' id='word_1_431' title='bbox 1752 354 1917 397; x_wconf 87' lang='lat' dir='ltr'><strong>impensas</strong></span> <span class='ocrx_word' id='word_1_432' title='bbox 1938 359 2013 390; x_wconf 92' lang='lat' dir='ltr'><strong>tum</strong></span> <span class='ocrx_word' id='word_1_433' title='bbox 2032 359 2094 392; x_wconf 89' lang='lat' dir='ltr'><strong>sibi</strong></span> <span class='ocrx_word' id='word_1_434' title='bbox 2127 362 2201 393; x_wconf 87' lang='lat' dir='ltr'><strong>tum</strong></span> <span class='ocrx_word' id='word_1_435' title='bbox 2225 361 2395 404; x_wconf 72' lang='lat' dir='ltr'><strong>accipienti</strong></span> <span class='ocrx_word' id='word_1_436' title='bbox 2460 349 2462 351; x_wconf 66' lang='lat'>‚</span> 
     </span>
     <span class='ocr_line' id='line_1_57' title="bbox 1356 411 2410 462; baseline 0.011 -19"><span class='ocrx_word' id='word_1_437' title='bbox 1356 412 1585 444; x_wconf 83' lang='lat' dir='ltr'><strong>convenientes</strong></span> <span class='ocrx_word' id='word_1_438' title='bbox 1607 411 1705 451; x_wconf 86' lang='lat' dir='ltr'><strong>facit,</strong></span> <span class='ocrx_word' id='word_1_439' title='bbox 1725 422 1790 445; x_wconf 91' lang='lat' dir='ltr'><strong>non</strong></span> <span class='ocrx_word' id='word_1_440' title='bbox 1813 422 1947 456; x_wconf 86' lang='lat' dir='ltr'><strong>magnas</strong></span> <span class='ocrx_word' id='word_1_441' title='bbox 1960 417 2088 458; x_wconf 83' lang='lat' dir='ltr'><strong>tamen,</strong></span> <span class='ocrx_word' id='word_1_442' title='bbox 2114 428 2179 452; x_wconf 87' lang='lat' dir='ltr'><strong>non</strong></span> <span class='ocrx_word' id='word_1_443' title='bbox 2199 419 2390 462; x_wconf 79' lang='lat' dir='ltr'><strong>magnificus</strong></span> <span class='ocrx_word' id='word_1_444' title='bbox 2407 425 2410 427; x_wconf 86' lang='lat'>&#39;</span> 
     </span>
    </p>
   </div>
   <div class='ocr_carea' id='block_1_9' title="bbox 1357 469 2191 517">
    <p class='ocr_par' dir='ltr' id='par_1_11' title="bbox 1357 469 2191 517">
     <span class='ocr_line' id='line_1_58' title="bbox 1357 469 2191 517; baseline 0.006 -14"><span class='ocrx_word' id='word_1_445' title='bbox 1357 469 1495 509; x_wconf 86' lang='lat' dir='ltr'><strong>dicitur,</strong></span> <span class='ocrx_word' id='word_1_446' title='bbox 1516 470 1575 504; x_wconf 88' lang='lat' dir='ltr'><strong>sed</strong></span> <span class='ocrx_word' id='word_1_447' title='bbox 1589 470 1732 505; x_wconf 83' lang='lat' dir='ltr'><strong>liberalis</strong></span> <span class='ocrx_word' id='word_1_448' title='bbox 1754 484 1763 504; x_wconf 75' lang='grc' dir='ltr'><strong>ι</strong></span> <span class='ocrx_word' id='word_1_449' title='bbox 1778 472 1886 514; x_wconf 86' lang='lat' dir='ltr'><strong>qualis</strong></span> <span class='ocrx_word' id='word_1_450' title='bbox 1900 473 1956 507; x_wconf 85' lang='lat' dir='ltr'><strong>ilie</strong></span> <span class='ocrx_word' id='word_1_451' title='bbox 1973 475 2024 507; x_wconf 90' lang='lat' dir='ltr'><strong>est</strong></span> <span class='ocrx_word' id='word_1_452' title='bbox 2044 476 2102 517; x_wconf 85' lang='lat' dir='ltr'><strong>qui</strong></span> <span class='ocrx_word' id='word_1_453' title='bbox 2119 477 2166 510; x_wconf 86' lang='lat' dir='ltr'><strong>ait</strong></span> <span class='ocrx_word' id='word_1_454' title='bbox 2182 486 2191 508; x_wconf 68' lang='grc' dir='ltr'><strong>ε</strong></span> 
     </span>
    </p>
   </div>
   <div class='ocr_carea' id='block_1_10' title="bbox 1427 552 2060 591">
    <p class='ocr_par' dir='ltr' id='par_1_12' title="bbox 1427 552 2060 591">
     <span class='ocr_line' id='line_1_59' title="bbox 1427 552 2060 591; baseline 0.005 -10"><span class='ocrx_word' id='word_1_455' title='bbox 1427 552 1627 589; x_wconf 85' lang='lat' dir='ltr'><strong>Mendicoque</strong></span> <span class='ocrx_word' id='word_1_456' title='bbox 1638 560 1715 589; x_wconf 85' lang='lat' dir='ltr'><strong>vago</strong></span> <span class='ocrx_word' id='word_1_457' title='bbox 1728 552 1800 583; x_wconf 89' lang='lat' dir='ltr'><strong>dare</strong></span> <span class='ocrx_word' id='word_1_458' title='bbox 1813 561 1892 591; x_wconf 85' lang='lat' dir='ltr'><strong>saepe</strong></span> <span class='ocrx_word' id='word_1_459' title='bbox 1908 554 2039 584; x_wconf 76' lang='lat' dir='ltr'><strong>solebam</strong></span> <span class='ocrx_word' id='word_1_460' title='bbox 2052 565 2060 584; x_wconf 71' lang='grc' dir='ltr'><strong>ι</strong></span> 
     </span>
    </p>
   </div>
   <div class='ocr_carea' id='block_1_11' title="bbox 1357 626 2396 789">
    <p class='ocr_par' dir='ltr' id='par_1_13' title="bbox 1357 626 2396 789">
     <span class='ocr_line' id='line_1_60' title="bbox 1357 626 2396 674; baseline 0.008 -15"><span class='ocrx_word' id='word_1_461' title='bbox 1357 626 1415 660; x_wconf 87' lang='lat' dir='ltr'><strong>sed</strong></span> <span class='ocrx_word' id='word_1_462' title='bbox 1439 627 1498 670; x_wconf 88' lang='lat' dir='ltr'><strong>qui</strong></span> <span class='ocrx_word' id='word_1_463' title='bbox 1527 627 1692 670; x_wconf 89' lang='lat' dir='ltr'><strong>impensas</strong></span> <span class='ocrx_word' id='word_1_464' title='bbox 1718 638 1851 671; x_wconf 86' lang='lat' dir='ltr'><strong>magnas</strong></span> <span class='ocrx_word' id='word_1_465' title='bbox 1871 639 1993 672; x_wconf 84' lang='lat' dir='ltr'><strong>easque</strong></span> <span class='ocrx_word' id='word_1_466' title='bbox 2019 631 2090 663; x_wconf 90' lang='lat' dir='ltr'><strong>tam</strong></span> <span class='ocrx_word' id='word_1_467' title='bbox 2110 630 2175 664; x_wconf 89' lang='lat' dir='ltr'><strong>sibi</strong></span> <span class='ocrx_word' id='word_1_468' title='bbox 2188 639 2291 674; x_wconf 75' lang='lat' dir='ltr'><strong>qum</strong></span> <span class='ocrx_word' id='word_1_469' title='bbox 2306 632 2396 667; x_wconf 74' lang='lat' dir='ltr'><strong>scei—</strong></span> 
     </span>
     <span class='ocr_line' id='line_1_61' title="bbox 1357 685 2392 731; baseline 0.006 -13"><span class='ocrx_word' id='word_1_470' title='bbox 1357 685 1461 728; x_wconf 88' lang='lat' dir='ltr'><strong>pienti</strong></span> <span class='ocrx_word' id='word_1_471' title='bbox 1481 687 1710 720; x_wconf 85' lang='lat' dir='ltr'><strong>convenientes</strong></span> <span class='ocrx_word' id='word_1_472' title='bbox 1731 686 1821 720; x_wconf 87' lang='lat' dir='ltr'><strong>facit.</strong></span> <span class='ocrx_word' id='word_1_473' title='bbox 1845 689 2065 726; x_wconf 87' lang='lat' dir='ltr'><strong>Quamobrem</strong></span> <span class='ocrx_word' id='word_1_474' title='bbox 2086 689 2279 731; x_wconf 81' lang='lat' dir='ltr'><strong>magnificus</strong></span> <span class='ocrx_word' id='word_1_475' title='bbox 2292 689 2392 731; x_wconf 65' lang='lat' dir='ltr'><strong>etism</strong></span> 
     </span>
     <span class='ocr_line' id='line_1_62' title="bbox 1357 744 2310 789; baseline 0.005 -12"><span class='ocrx_word' id='word_1_476' title='bbox 1357 744 1501 778; x_wconf 83' lang='lat' dir='ltr'><strong>liberalis</strong></span> <span class='ocrx_word' id='word_1_477' title='bbox 1520 746 1571 778; x_wconf 87' lang='lat' dir='ltr'><strong>est</strong></span> <span class='ocrx_word' id='word_1_478' title='bbox 1587 758 1596 778; x_wconf 76' lang='lat' dir='ltr'>z</span> <span class='ocrx_word' id='word_1_479' title='bbox 1615 746 1650 778; x_wconf 91' lang='lat' dir='ltr'><strong>at</strong></span> <span class='ocrx_word' id='word_1_480' title='bbox 1668 745 1813 779; x_wconf 89' lang='lat' dir='ltr'><strong>liberalis</strong></span> <span class='ocrx_word' id='word_1_481' title='bbox 1828 755 1893 779; x_wconf 91' lang='lat' dir='ltr'><strong>non</strong></span> <span class='ocrx_word' id='word_1_482' title='bbox 1905 747 1955 779; x_wconf 88' lang='lat' dir='ltr'><strong>est</strong></span> <span class='ocrx_word' id='word_1_483' title='bbox 1970 746 2087 788; x_wconf 89' lang='lat' dir='ltr'><strong>utique</strong></span> <span class='ocrx_word' id='word_1_484' title='bbox 2107 747 2310 789; x_wconf 75' lang='lat' dir='ltr'><strong>magnificus,</strong></span> 
     </span>
    </p>
   </div>
   <div class='ocr_carea' id='block_1_12' title="bbox 1352 861 2396 2257">
    <p class='ocr_par' dir='ltr' id='par_1_14' title="bbox 1355 861 2396 1316">
     <span class='ocr_line' id='line_1_63' title="bbox 1397 861 2395 904; baseline 0.002 -10"><span class='ocrx_word' id='word_1_485' title='bbox 1397 862 1504 903; x_wconf 85' lang='lat' dir='ltr'><strong>Hujus</strong></span> <span class='ocrx_word' id='word_1_486' title='bbox 1523 871 1602 895; x_wconf 86' lang='lat' dir='ltr'><strong>vero</strong></span> <span class='ocrx_word' id='word_1_487' title='bbox 1619 862 1754 895; x_wconf 85' lang='lat' dir='ltr'><strong>habitus</strong></span> <span class='ocrx_word' id='word_1_488' title='bbox 1770 861 1919 895; x_wconf 84' lang='lat' dir='ltr'><strong>defectus</strong></span> <span class='ocrx_word' id='word_1_489' title='bbox 1945 861 2098 895; x_wconf 86' lang='lat' dir='ltr'><strong>indecora</strong></span> <span class='ocrx_word' id='word_1_490' title='bbox 2121 861 2319 904; x_wconf 71' lang='lat' dir='ltr'><strong>parsimonia</strong></span> <span class='ocrx_word' id='word_1_491' title='bbox 2333 871 2395 896; x_wconf 79' lang='lat' dir='ltr'><strong>vo-</strong></span> 
     </span>
     <span class='ocr_line' id='line_1_64' title="bbox 1356 922 2395 965; baseline 0.003 -11"><span class='ocrx_word' id='word_1_492' title='bbox 1356 924 1451 955; x_wconf 85' lang='lat' dir='ltr'><strong>catur</strong></span> <span class='ocrx_word' id='word_1_493' title='bbox 1471 934 1480 954; x_wconf 90' lang='lat'>:</span> <span class='ocrx_word' id='word_1_494' title='bbox 1512 924 1547 955; x_wconf 86' lang='lat' dir='ltr'><strong>at</strong></span> <span class='ocrx_word' id='word_1_495' title='bbox 1561 923 1633 965; x_wconf 86' lang='lat' dir='ltr'><strong>ejus</strong></span> <span class='ocrx_word' id='word_1_496' title='bbox 1661 922 1862 955; x_wconf 88' lang='lat' dir='ltr'><strong>abundantia</strong></span> <span class='ocrx_word' id='word_1_497' title='bbox 1881 923 1992 965; x_wconf 88' lang='lat' dir='ltr'><strong>inepta</strong></span> <span class='ocrx_word' id='word_1_498' title='bbox 2009 922 2248 965; x_wconf 82' lang='lat' dir='ltr'><strong>magnificentia</strong></span> <span class='ocrx_word' id='word_1_499' title='bbox 2267 924 2302 957; x_wconf 84' lang='lat' dir='ltr'><strong>et</strong></span> <span class='ocrx_word' id='word_1_500' title='bbox 2325 923 2395 957; x_wconf 78' lang='lat' dir='ltr'><strong>ele-</strong></span> 
     </span>
     <span class='ocr_line' id='line_1_65' title="bbox 1355 980 2394 1026; baseline 0.002 -13"><span class='ocrx_word' id='word_1_501' title='bbox 1355 981 1474 1023; x_wconf 71' lang='lat' dir='ltr'><strong>gantiae</strong></span> <span class='ocrx_word' id='word_1_502' title='bbox 1486 981 1614 1014; x_wconf 80' lang='lat' dir='ltr'><strong>inscitia</strong></span> <span class='ocrx_word' id='word_1_503' title='bbox 1630 981 1818 1014; x_wconf 90' lang='lat' dir='ltr'><strong>nominatur</strong></span> <span class='ocrx_word' id='word_1_504' title='bbox 1828 1007 1836 1020; x_wconf 88' lang='lat'><strong>,</strong></span> <span class='ocrx_word' id='word_1_505' title='bbox 1855 983 1890 1015; x_wconf 87' lang='lat' dir='ltr'><strong>et</strong></span> <span class='ocrx_word' id='word_1_506' title='bbox 1906 981 1934 1014; x_wconf 85' lang='lat' dir='ltr'><strong>si</strong></span> <span class='ocrx_word' id='word_1_507' title='bbox 1946 991 2021 1024; x_wconf 85' lang='lat' dir='ltr'><strong>quae</strong></span> <span class='ocrx_word' id='word_1_508' title='bbox 2043 981 2203 1023; x_wconf 79' lang='lat' dir='ltr'><strong>eJusmodi</strong></span> <span class='ocrx_word' id='word_1_509' title='bbox 2215 980 2394 1026; x_wconf 51' lang='lat' dir='ltr'><strong>suntfquae</strong></span> 
     </span>
     <span class='ocr_line' id='line_1_66' title="bbox 1357 1039 2396 1085; baseline 0.002 -13"><span class='ocrx_word' id='word_1_510' title='bbox 1357 1039 1618 1079; x_wconf 82' lang='lat' dir='ltr'><strong>committuntur,</strong></span> <span class='ocrx_word' id='word_1_511' title='bbox 1634 1049 1699 1073; x_wconf 88' lang='lat' dir='ltr'><strong>non</strong></span> <span class='ocrx_word' id='word_1_512' title='bbox 1713 1039 1803 1082; x_wconf 84' lang='lat' dir='ltr'><strong>quod</strong></span> <span class='ocrx_word' id='word_1_513' title='bbox 1818 1041 1949 1073; x_wconf 82' lang='lat' dir='ltr'><strong>sumtus</strong></span> <span class='ocrx_word' id='word_1_514' title='bbox 1973 1039 2082 1073; x_wconf 90' lang='lat' dir='ltr'><strong>idonei</strong></span> <span class='ocrx_word' id='word_1_515' title='bbox 2094 1039 2319 1085; x_wconf 75' lang='lat' dir='ltr'><strong>magnitudine</strong></span> <span class='ocrx_word' id='word_1_516' title='bbox 2340 1049 2396 1074; x_wconf 80' lang='lat' dir='ltr'><strong>ex-</strong></span> 
     </span>
     <span class='ocr_line' id='line_1_67' title="bbox 1356 1098 2394 1143; baseline 0 -11"><span class='ocrx_word' id='word_1_517' title='bbox 1356 1099 1475 1132; x_wconf 83' lang='lat' dir='ltr'>cedant</span> <span class='ocrx_word' id='word_1_518' title='bbox 1495 1098 1769 1141; x_wconf 80' lang='lat' dir='ltr'><strong>magnificentiam</strong></span> <span class='ocrx_word' id='word_1_519' title='bbox 1783 1124 1791 1140; x_wconf 95' lang='lat'>‚</span> <span class='ocrx_word' id='word_1_520' title='bbox 1826 1098 1885 1131; x_wconf 87' lang='lat' dir='ltr'><strong>sed</strong></span> <span class='ocrx_word' id='word_1_521' title='bbox 1914 1099 1994 1141; x_wconf 89' lang='lat' dir='ltr'><strong>quia</strong></span> <span class='ocrx_word' id='word_1_522' title='bbox 2019 1099 2155 1141; x_wconf 58' lang='lat' dir='ltr'><strong>inquae</strong></span> <span class='ocrx_word' id='word_1_523' title='bbox 2177 1107 2243 1132; x_wconf 84' lang='lat' dir='ltr'><strong>non</strong></span> <span class='ocrx_word' id='word_1_524' title='bbox 2264 1100 2394 1143; x_wconf 79' lang='lat' dir='ltr'><strong>oportet</strong></span> 
     </span>
     <span class='ocr_line' id='line_1_68' title="bbox 1356 1155 2396 1201; baseline 0.002 -10"><span class='ocrx_word' id='word_1_525' title='bbox 1356 1159 1390 1191; x_wconf 88' lang='lat' dir='ltr'><strong>et</strong></span> <span class='ocrx_word' id='word_1_526' title='bbox 1404 1167 1469 1190; x_wconf 91' lang='lat' dir='ltr'><strong>non</strong></span> <span class='ocrx_word' id='word_1_527' title='bbox 1479 1159 1517 1190; x_wconf 87' lang='lat' dir='ltr'><strong>ut</strong></span> <span class='ocrx_word' id='word_1_528' title='bbox 1530 1159 1659 1199; x_wconf 82' lang='lat' dir='ltr'><strong>oportet</strong></span> <span class='ocrx_word' id='word_1_529' title='bbox 1673 1166 1728 1190; x_wconf 88' lang='lat' dir='ltr'><strong>eos</strong></span> <span class='ocrx_word' id='word_1_530' title='bbox 1741 1157 1923 1190; x_wconf 90' lang='lat' dir='ltr'><strong>insumunt.</strong></span> <span class='ocrx_word' id='word_1_531' title='bbox 1932 1165 1934 1167; x_wconf 70' lang='grc'><strong><em>’</em></strong></span> <span class='ocrx_word' id='word_1_532' title='bbox 1944 1158 1987 1189; x_wconf 89' lang='lat' dir='ltr'><strong>Et</strong></span> <span class='ocrx_word' id='word_1_533' title='bbox 2003 1156 2044 1190; x_wconf 91' lang='lat' dir='ltr'><strong>de</strong></span> <span class='ocrx_word' id='word_1_534' title='bbox 2059 1157 2100 1190; x_wconf 88' lang='lat' dir='ltr'><strong>iis</strong></span> <span class='ocrx_word' id='word_1_535' title='bbox 2111 1156 2260 1200; x_wconf 76' lang='lat' dir='ltr'><strong>quidem,</strong></span> <span class='ocrx_word' id='word_1_536' title='bbox 2273 1155 2396 1201; x_wconf 62' lang='lat' dir='ltr'><strong>mnibus</strong></span> 
     </span>
     <span class='ocr_line' id='line_1_69' title="bbox 1356 1215 2396 1258; baseline 0.002 -11"><span class='ocrx_word' id='word_1_537' title='bbox 1356 1215 1512 1257; x_wconf 88' lang='lat' dir='ltr'><strong>utrinque</strong></span> <span class='ocrx_word' id='word_1_538' title='bbox 1540 1215 1646 1247; x_wconf 87' lang='lat' dir='ltr'><strong>cincta</strong></span> <span class='ocrx_word' id='word_1_539' title='bbox 1674 1217 1724 1247; x_wconf 88' lang='lat' dir='ltr'><strong>est</strong></span> <span class='ocrx_word' id='word_1_540' title='bbox 1748 1215 1839 1248; x_wconf 84' lang='lat' dir='ltr'><strong>vitiis</strong></span> <span class='ocrx_word' id='word_1_541' title='bbox 1864 1215 2106 1256; x_wconf 86' lang='lat' dir='ltr'><strong>magnificentia</strong></span> <span class='ocrx_word' id='word_1_542' title='bbox 2125 1217 2239 1258; x_wconf 86' lang='lat' dir='ltr'><strong>postea</strong></span> <span class='ocrx_word' id='word_1_543' title='bbox 2259 1224 2396 1254; x_wconf 71' lang='lat' dir='ltr'><strong>accum-</strong></span> 
     </span>
     <span class='ocr_line' id='line_1_70' title="bbox 1356 1273 2333 1316; baseline -0.002 -9"><span class='ocrx_word' id='word_1_544' title='bbox 1356 1274 1425 1307; x_wconf 84' lang='lat' dir='ltr'><strong>tius</strong></span> <span class='ocrx_word' id='word_1_545' title='bbox 1441 1282 1576 1315; x_wconf 82' lang='lat' dir='ltr'><strong>agemus</strong></span> <span class='ocrx_word' id='word_1_546' title='bbox 1593 1284 1601 1306; x_wconf 74' lang='grc' dir='ltr'><strong>ε</strong></span> <span class='ocrx_word' id='word_1_547' title='bbox 1622 1282 1710 1306; x_wconf 88' lang='lat' dir='ltr'><strong>nunc</strong></span> <span class='ocrx_word' id='word_1_548' title='bbox 1726 1273 1768 1306; x_wconf 90' lang='lat' dir='ltr'><strong>de</strong></span> <span class='ocrx_word' id='word_1_549' title='bbox 1788 1273 1859 1315; x_wconf 88' lang='lat' dir='ltr'><strong>ipsa</strong></span> <span class='ocrx_word' id='word_1_550' title='bbox 1878 1273 2116 1316; x_wconf 79' lang='lat' dir='ltr'><strong>magnificentia</strong></span> <span class='ocrx_word' id='word_1_551' title='bbox 2135 1273 2295 1308; x_wconf 81' lang='lat' dir='ltr'><strong>dieamus.</strong></span> <span class='ocrx_word' id='word_1_552' title='bbox 2328 1303 2333 1305; x_wconf 19' lang='lat' dir='ltr'><strong>s</strong></span> 
     </span>
    </p>

    <p class='ocr_par' dir='ltr' id='par_1_15' title="bbox 1352 1332 2396 2257">
     <span class='ocr_line' id='line_1_71' title="bbox 1395 1332 2394 1375; baseline 0 -9"><span class='ocrx_word' id='word_1_553' title='bbox 1395 1332 1587 1374; x_wconf 83' lang='lat' dir='ltr'><strong>Magnificus</strong></span> <span class='ocrx_word' id='word_1_554' title='bbox 1613 1332 1730 1375; x_wconf 86' lang='lat' dir='ltr'><strong>igitur,</strong></span> <span class='ocrx_word' id='word_1_555' title='bbox 1764 1334 1924 1374; x_wconf 81' lang='lat' dir='ltr'><strong>tanquam</strong></span> <span class='ocrx_word' id='word_1_556' title='bbox 1958 1332 2160 1374; x_wconf 85' lang='lat' dir='ltr'><strong>intelligens,</strong></span> <span class='ocrx_word' id='word_1_557' title='bbox 2196 1341 2239 1366; x_wconf 82' lang='lat' dir='ltr'><strong>ex</strong></span> <span class='ocrx_word' id='word_1_558' title='bbox 2257 1332 2394 1367; x_wconf 79' lang='lat' dir='ltr'><strong>rationis</strong></span> 
     </span>
     <span class='ocr_line' id='line_1_72' title="bbox 1355 1391 2395 1435; baseline 0.002 -11"><span class='ocrx_word' id='word_1_559' title='bbox 1355 1392 1546 1433; x_wconf 84' lang='lat' dir='ltr'><strong>praescripto</strong></span> <span class='ocrx_word' id='word_1_560' title='bbox 1561 1391 1669 1424; x_wconf 85' lang='lat' dir='ltr'><strong>omnia</strong></span> <span class='ocrx_word' id='word_1_561' title='bbox 1687 1391 1892 1430; x_wconf 83' lang='lat' dir='ltr'><strong>considerat,</strong></span> <span class='ocrx_word' id='word_1_562' title='bbox 1916 1392 1950 1424; x_wconf 88' lang='lat' dir='ltr'><strong>et</strong></span> <span class='ocrx_word' id='word_1_563' title='bbox 1968 1391 2011 1424; x_wconf 88' lang='lat' dir='ltr'><strong>ad</strong></span> <span class='ocrx_word' id='word_1_564' title='bbox 2035 1400 2186 1425; x_wconf 86' lang='lat' dir='ltr'><strong>normam</strong></span> <span class='ocrx_word' id='word_1_565' title='bbox 2200 1391 2298 1435; x_wconf 67' lang='lat' dir='ltr'><strong>quast</strong></span> <span class='ocrx_word' id='word_1_566' title='bbox 2309 1391 2395 1426; x_wconf 69' lang='lat' dir='ltr'><strong>‘ido—</strong></span> 
     </span>
     <span class='ocr_line' id='line_1_73' title="bbox 1356 1449 2393 1492; baseline 0.001 -9"><span class='ocrx_word' id='word_1_567' title='bbox 1356 1459 1452 1483; x_wconf 84' lang='lat' dir='ltr'><strong>neam</strong></span> <span class='ocrx_word' id='word_1_568' title='bbox 1473 1450 1581 1492; x_wconf 75' lang='lat' dir='ltr'><strong>dirigit</strong></span> <span class='ocrx_word' id='word_1_569' title='bbox 1597 1463 1605 1491; x_wconf 89' lang='lat'>;</span> <span class='ocrx_word' id='word_1_570' title='bbox 1628 1459 1704 1483; x_wconf 91' lang='lat' dir='ltr'><strong>nam</strong></span> <span class='ocrx_word' id='word_1_571' title='bbox 1730 1451 1860 1483; x_wconf 84' lang='lat' dir='ltr'><strong>sumtus</strong></span> <span class='ocrx_word' id='word_1_572' title='bbox 1879 1459 2015 1492; x_wconf 82' lang='lat' dir='ltr'><strong>magnos</strong></span> <span class='ocrx_word' id='word_1_573' title='bbox 2033 1449 2169 1492; x_wconf 84' lang='lat' dir='ltr'><strong>quidem</strong></span> <span class='ocrx_word' id='word_1_574' title='bbox 2183 1449 2259 1483; x_wconf 85' lang='lat' dir='ltr'><strong>illos</strong></span> <span class='ocrx_word' id='word_1_575' title='bbox 2277 1449 2393 1490; x_wconf 71' lang='lat' dir='ltr'><strong>faciet,</strong></span> 
     </span>
     <span class='ocr_line' id='line_1_74' title="bbox 1356 1510 2395 1553; baseline 0.002 -9"><span class='ocrx_word' id='word_1_576' title='bbox 1356 1510 1415 1544; x_wconf 88' lang='lat' dir='ltr'><strong>sed</strong></span> <span class='ocrx_word' id='word_1_577' title='bbox 1427 1510 1581 1543; x_wconf 85' lang='lat' dir='ltr'><strong>concinne</strong></span> <span class='ocrx_word' id='word_1_578' title='bbox 1600 1512 1633 1543; x_wconf 93' lang='lat' dir='ltr'><strong>et</strong></span> <span class='ocrx_word' id='word_1_579' title='bbox 1649 1512 1687 1543; x_wconf 90' lang='lat' dir='ltr'><strong>ut</strong></span> <span class='ocrx_word' id='word_1_580' title='bbox 1708 1513 1847 1553; x_wconf 87' lang='lat' dir='ltr'><strong>oportet.</strong></span> <span class='ocrx_word' id='word_1_581' title='bbox 1884 1511 2011 1553; x_wconf 90' lang='lat' dir='ltr'><strong>Quippe</strong></span> <span class='ocrx_word' id='word_1_582' title='bbox 2022 1510 2166 1545; x_wconf 83' lang='lat' dir='ltr'><strong>actiones</strong></span> <span class='ocrx_word' id='word_1_583' title='bbox 2186 1511 2230 1544; x_wconf 85' lang='lat' dir='ltr'><strong>ad</strong></span> <span class='ocrx_word' id='word_1_584' title='bbox 2243 1510 2395 1546; x_wconf 81' lang='lat' dir='ltr'><strong>habitum</strong></span> 
     </span>
     <span class='ocr_line' id='line_1_75' title="bbox 1357 1569 2391 1616; baseline 0.001 -13"><span class='ocrx_word' id='word_1_585' title='bbox 1357 1569 1610 1603; x_wconf 85' lang='lat' dir='ltr'><strong>accommodatae</strong></span> <span class='ocrx_word' id='word_1_586' title='bbox 1634 1569 1788 1602; x_wconf 84' lang='lat' dir='ltr'><strong>habitum</strong></span> <span class='ocrx_word' id='word_1_587' title='bbox 1804 1571 2000 1611; x_wconf 85' lang='lat' dir='ltr'><strong>sequuntur,</strong></span> <span class='ocrx_word' id='word_1_588' title='bbox 2025 1569 2166 1616; x_wconf 85' lang='lat' dir='ltr'><strong>ideoque</strong></span> <span class='ocrx_word' id='word_1_589' title='bbox 2191 1569 2327 1604; x_wconf 78' lang='lat' dir='ltr'><strong>habitus</strong></span> <span class='ocrx_word' id='word_1_590' title='bbox 2353 1579 2391 1604; x_wconf 81' lang='lat' dir='ltr'><strong>a-</strong></span> 
     </span>
     <span class='ocr_line' id='line_1_76' title="bbox 1355 1627 2396 1671; baseline 0 -9"><span class='ocrx_word' id='word_1_591' title='bbox 1355 1629 1517 1662; x_wconf 83' lang='lat' dir='ltr'><strong>ctionibus</strong></span> <span class='ocrx_word' id='word_1_592' title='bbox 1543 1627 1708 1666; x_wconf 88' lang='lat' dir='ltr'><strong>definitur,</strong></span> <span class='ocrx_word' id='word_1_593' title='bbox 1731 1630 1770 1660; x_wconf 92' lang='lat' dir='ltr'><strong>ut</strong></span> <span class='ocrx_word' id='word_1_594' title='bbox 1796 1628 1891 1661; x_wconf 88' lang='lat' dir='ltr'><strong>initio</strong></span> <span class='ocrx_word' id='word_1_595' title='bbox 1924 1627 2069 1661; x_wconf 77' lang='lat' dir='ltr'><strong>diximus</strong></span> <span class='ocrx_word' id='word_1_596' title='bbox 2095 1627 2235 1671; x_wconf 79' lang='lat' dir='ltr'><strong>:itaque</strong></span> <span class='ocrx_word' id='word_1_597' title='bbox 2263 1630 2396 1662; x_wconf 81' lang='lat' dir='ltr'><strong>sumtus</strong></span> 
     </span>
     <span class='ocr_line' id='line_1_77' title="bbox 1355 1685 2396 1731; baseline 0 -11"><span class='ocrx_word' id='word_1_598' title='bbox 1355 1696 1487 1731; x_wconf 81' lang='lat' dir='ltr'><strong>quoque</strong></span> <span class='ocrx_word' id='word_1_599' title='bbox 1502 1686 1644 1720; x_wconf 85' lang='lat' dir='ltr'><strong>hominis</strong></span> <span class='ocrx_word' id='word_1_600' title='bbox 1660 1685 1824 1728; x_wconf 84' lang='lat' dir='ltr'><strong>magnifici</strong></span> <span class='ocrx_word' id='word_1_601' title='bbox 1848 1687 1882 1719; x_wconf 90' lang='lat' dir='ltr'><strong>et</strong></span> <span class='ocrx_word' id='word_1_602' title='bbox 1904 1686 2014 1727; x_wconf 86' lang='lat' dir='ltr'><strong>magni</strong></span> <span class='ocrx_word' id='word_1_603' title='bbox 2039 1687 2117 1718; x_wconf 90' lang='lat' dir='ltr'><strong>sunt</strong></span> <span class='ocrx_word' id='word_1_604' title='bbox 2128 1687 2162 1719; x_wconf 89' lang='lat' dir='ltr'><strong>et</strong></span> <span class='ocrx_word' id='word_1_605' title='bbox 2179 1686 2279 1719; x_wconf 86' lang='lat' dir='ltr'><strong>simul</strong></span> <span class='ocrx_word' id='word_1_606' title='bbox 2302 1687 2396 1729; x_wconf 87' lang='lat' dir='ltr'><strong>operi</strong></span> 
     </span>
     <span class='ocr_line' id='line_1_78' title="bbox 1355 1745 2393 1789; baseline -0.001 -10"><span class='ocrx_word' id='word_1_607' title='bbox 1355 1747 1444 1789; x_wconf 83' lang='lat' dir='ltr'><strong>ejus,</strong></span> <span class='ocrx_word' id='word_1_608' title='bbox 1462 1745 1554 1788; x_wconf 89' lang='lat' dir='ltr'><strong>quod</strong></span> <span class='ocrx_word' id='word_1_609' title='bbox 1580 1754 1736 1787; x_wconf 86' lang='lat' dir='ltr'><strong>magnum</strong></span> <span class='ocrx_word' id='word_1_610' title='bbox 1767 1753 1901 1787; x_wconf 83' lang='lat' dir='ltr'><strong>quoque</strong></span> <span class='ocrx_word' id='word_1_611' title='bbox 1919 1753 1990 1778; x_wconf 89' lang='lat' dir='ltr'><strong>esse</strong></span> <span class='ocrx_word' id='word_1_612' title='bbox 2015 1745 2162 1787; x_wconf 87' lang='lat' dir='ltr'><strong>oportet,</strong></span> <span class='ocrx_word' id='word_1_613' title='bbox 2180 1745 2276 1787; x_wconf 83' lang='lat' dir='ltr'><strong>cujus</strong></span> <span class='ocrx_word' id='word_1_614' title='bbox 2292 1753 2393 1778; x_wconf 83' lang='lat' dir='ltr'><strong>causa</strong></span> 
     </span>
     <span class='ocr_line' id='line_1_79' title="bbox 1354 1802 2391 1847; baseline -0.002 -9"><span class='ocrx_word' id='word_1_615' title='bbox 1354 1804 1599 1847; x_wconf 87' lang='lat' dir='ltr'><strong>impenduntur,</strong></span> <span class='ocrx_word' id='word_1_616' title='bbox 1630 1803 1868 1836; x_wconf 84' lang='lat' dir='ltr'><strong>convenientes.</strong></span> <span class='ocrx_word' id='word_1_617' title='bbox 1917 1804 2026 1845; x_wconf 84' lang='lat' dir='ltr'><strong>Atque</strong></span> <span class='ocrx_word' id='word_1_618' title='bbox 2050 1803 2097 1835; x_wconf 85' lang='lat' dir='ltr'><strong>ita</strong></span> <span class='ocrx_word' id='word_1_619' title='bbox 2125 1804 2256 1836; x_wconf 82' lang='lat' dir='ltr'><strong>sumtus</strong></span> <span class='ocrx_word' id='word_1_620' title='bbox 2284 1802 2391 1846; x_wconf 89' lang='lat' dir='ltr'><strong>operi,</strong></span> 
     </span>
     <span class='ocr_line' id='line_1_80' title="bbox 1355 1861 2396 1906; baseline -0.002 -10"><span class='ocrx_word' id='word_1_621' title='bbox 1355 1872 1437 1906; x_wconf 88' lang='lat' dir='ltr'><strong>opus</strong></span> <span class='ocrx_word' id='word_1_622' title='bbox 1458 1862 1623 1895; x_wconf 86' lang='lat' dir='ltr'><strong>sumtibus</strong></span> <span class='ocrx_word' id='word_1_623' title='bbox 1637 1861 1858 1904; x_wconf 84' lang='lat' dir='ltr'><strong>respondebit.</strong></span> <span class='ocrx_word' id='word_1_624' title='bbox 1882 1861 2007 1900; x_wconf 85' lang='lat' dir='ltr'><strong>Quodsi</strong></span> <span class='ocrx_word' id='word_1_625' title='bbox 2031 1861 2173 1894; x_wconf 87' lang='lat' dir='ltr'><strong>alterum</strong></span> <span class='ocrx_word' id='word_1_626' title='bbox 2189 1869 2323 1903; x_wconf 81' lang='lat' dir='ltr'><strong>necesse</strong></span> <span class='ocrx_word' id='word_1_627' title='bbox 2342 1861 2396 1894; x_wconf 85' lang='lat' dir='ltr'><strong>est</strong></span> 
     </span>
     <span class='ocr_line' id='line_1_81' title="bbox 1352 1919 2394 1964; baseline -0.001 -10"><span class='ocrx_word' id='word_1_628' title='bbox 1352 1922 1477 1964; x_wconf 87' lang='lat' dir='ltr'><strong>justam</strong></span> <span class='ocrx_word' id='word_1_629' title='bbox 1489 1919 1749 1963; x_wconf 86' lang='lat' dir='ltr'><strong>magnitudinem</strong></span> <span class='ocrx_word' id='word_1_630' title='bbox 1764 1919 1939 1958; x_wconf 80' lang='lat' dir='ltr'><strong>excedere,</strong></span> <span class='ocrx_word' id='word_1_631' title='bbox 1956 1919 1993 1953; x_wconf 92' lang='lat' dir='ltr'><strong>id</strong></span> <span class='ocrx_word' id='word_1_632' title='bbox 2015 1928 2098 1962; x_wconf 92' lang='lat' dir='ltr'><strong>opus</strong></span> <span class='ocrx_word' id='word_1_633' title='bbox 2109 1919 2173 1953; x_wconf 90' lang='lat' dir='ltr'><strong>erit</strong></span> <span class='ocrx_word' id='word_1_634' title='bbox 2189 1929 2199 1950; x_wconf 71' lang='grc' dir='ltr'>ι</span> <span class='ocrx_word' id='word_1_635' title='bbox 2221 1919 2286 1953; x_wconf 88' lang='lat' dir='ltr'><strong>hoc</strong></span> <span class='ocrx_word' id='word_1_636' title='bbox 2306 1919 2394 1953; x_wconf 82' lang='lat' dir='ltr'><strong>enim</strong></span> 
     </span>
     <span class='ocr_line' id='line_1_82' title="bbox 1354 1971 2395 2022; baseline -0.003 -9"><span class='ocrx_word' id='word_1_637' title='bbox 1354 1980 1458 2022; x_wconf 83' lang='lat' dir='ltr'><strong>magis</strong></span> <span class='ocrx_word' id='word_1_638' title='bbox 1474 1980 1569 2013; x_wconf 87' lang='lat' dir='ltr'><strong>decet</strong></span> <span class='ocrx_word' id='word_1_639' title='bbox 1593 1971 1812 2020; x_wconf 87' lang='lat' dir='ltr'><strong>magnificum.</strong></span> <span class='ocrx_word' id='word_1_640' title='bbox 1838 1979 1975 2012; x_wconf 87' lang='lat' dir='ltr'><strong>Sumtus</strong></span> <span class='ocrx_word' id='word_1_641' title='bbox 1995 1979 2108 2011; x_wconf 86' lang='lat' dir='ltr'><strong>autem</strong></span> <span class='ocrx_word' id='word_1_642' title='bbox 2127 1977 2190 2011; x_wconf 88' lang='lat' dir='ltr'><strong>hos</strong></span> <span class='ocrx_word' id='word_1_643' title='bbox 2204 1977 2395 2020; x_wconf 82' lang='lat' dir='ltr'><strong>magnificus</strong></span> 
     </span>
     <span class='ocr_line' id='line_1_83' title="bbox 1355 2035 2392 2081; baseline -0.003 -9"><span class='ocrx_word' id='word_1_644' title='bbox 1355 2038 1453 2072; x_wconf 82' lang='lat' dir='ltr'><strong>saciet</strong></span> <span class='ocrx_word' id='word_1_645' title='bbox 1467 2039 1611 2081; x_wconf 90' lang='lat' dir='ltr'><strong>primum</strong></span> <span class='ocrx_word' id='word_1_646' title='bbox 1626 2037 1808 2070; x_wconf 82' lang='lat' dir='ltr'><strong>honestatis</strong></span> <span class='ocrx_word' id='word_1_647' title='bbox 1822 2046 1939 2076; x_wconf 85' lang='lat' dir='ltr'><strong>causa,</strong></span> <span class='ocrx_word' id='word_1_648' title='bbox 1963 2038 1974 2075; x_wconf 87' lang='grc'>(</span> <span class='ocrx_word' id='word_1_649' title='bbox 1982 2036 2072 2079; x_wconf 89' lang='lat' dir='ltr'><strong>quod</strong></span> <span class='ocrx_word' id='word_1_650' title='bbox 2090 2036 2226 2079; x_wconf 90' lang='lat' dir='ltr'><strong>quidem</strong></span> <span class='ocrx_word' id='word_1_651' title='bbox 2241 2035 2392 2070; x_wconf 86' lang='lat' dir='ltr'><strong>omnibus</strong></span> 
     </span>
     <span class='ocr_line' id='line_1_84' title="bbox 1355 2093 2390 2137; baseline -0.002 -8"><span class='ocrx_word' id='word_1_652' title='bbox 1355 2096 1449 2130; x_wconf 77' lang='lat' dir='ltr'><strong>boniS</strong></span> <span class='ocrx_word' id='word_1_653' title='bbox 1465 2105 1636 2129; x_wconf 87' lang='lat' dir='ltr'><strong>commune</strong></span> <span class='ocrx_word' id='word_1_654' title='bbox 1659 2097 1710 2129; x_wconf 85' lang='lat' dir='ltr'><strong>est</strong></span> <span class='ocrx_word' id='word_1_655' title='bbox 1726 2121 1733 2134; x_wconf 90' lang='lat'><em>,</em></span> <span class='ocrx_word' id='word_1_656' title='bbox 1748 2094 1890 2136; x_wconf 77' lang='lat' dir='ltr'><strong>&gt;deinde</strong></span> <span class='ocrx_word' id='word_1_657' title='bbox 1910 2095 2010 2128; x_wconf 89' lang='lat' dir='ltr'><strong>etiam</strong></span> <span class='ocrx_word' id='word_1_658' title='bbox 2030 2094 2171 2128; x_wconf 83' lang='lat' dir='ltr'><strong>libenter</strong></span> <span class='ocrx_word' id='word_1_659' title='bbox 2193 2095 2228 2128; x_wconf 84' lang='lat' dir='ltr'><strong>et</strong></span> <span class='ocrx_word' id='word_1_660' title='bbox 2247 2093 2390 2137; x_wconf 82' lang='lat' dir='ltr'><strong>prolixe,</strong></span> 
     </span>
     <span class='ocr_line' id='line_1_85' title="bbox 1355 2151 2394 2197; baseline -0.003 -9"><span class='ocrx_word' id='word_1_661' title='bbox 1355 2155 1615 2197; x_wconf 84' lang='lat' dir='ltr'><strong>haudquaquam</strong></span> <span class='ocrx_word' id='word_1_662' title='bbox 1647 2154 1728 2186; x_wconf 88' lang='lat' dir='ltr'><strong>inita</strong></span> <span class='ocrx_word' id='word_1_663' title='bbox 1754 2153 1939 2186; x_wconf 86' lang='lat' dir='ltr'><strong>accuratius</strong></span> <span class='ocrx_word' id='word_1_664' title='bbox 1965 2152 2196 2195; x_wconf 82' lang='lat' dir='ltr'><strong>subductaque</strong></span> <span class='ocrx_word' id='word_1_665' title='bbox 2225 2151 2355 2185; x_wconf 84' lang='lat' dir='ltr'><strong>ratione</strong></span> <span class='ocrx_word' id='word_1_666' title='bbox 2384 2162 2394 2194; x_wconf 59' lang='grc' dir='ltr'>τ,</span> 
     </span>
     <span class='ocr_line' id='line_1_86' title="bbox 1355 2211 2394 2257; baseline -0.001 -10"><span class='ocrx_word' id='word_1_667' title='bbox 1355 2215 1476 2257; x_wconf 85' lang='lat' dir='ltr'><strong>quippe</strong></span> <span class='ocrx_word' id='word_1_668' title='bbox 1492 2214 1601 2247; x_wconf 86' lang='lat' dir='ltr'><strong>omnia</strong></span> <span class='ocrx_word' id='word_1_669' title='bbox 1623 2213 1665 2246; x_wconf 89' lang='lat' dir='ltr'><strong>ad</strong></span> <span class='ocrx_word' id='word_1_670' title='bbox 1681 2213 1823 2246; x_wconf 87' lang='lat' dir='ltr'><strong>calculos</strong></span> <span class='ocrx_word' id='word_1_671' title='bbox 1842 2221 1960 2245; x_wconf 88' lang='lat' dir='ltr'><strong>vocare</strong></span> <span class='ocrx_word' id='word_1_672' title='bbox 1972 2238 1981 2252; x_wconf 90' lang='lat'>,</span> <span class='ocrx_word' id='word_1_673' title='bbox 2001 2211 2165 2245; x_wconf 82' lang='lat' dir='ltr'><strong>indecorae</strong></span> <span class='ocrx_word' id='word_1_674' title='bbox 2185 2211 2394 2254; x_wconf 74' lang='lat' dir='ltr'><strong>parsimoniae</strong></span> 
     </span>
    </p>
   </div>
   <div class='ocr_carea' id='block_1_13' title="bbox 1358 2269 2433 2323">
    <p class='ocr_par' dir='ltr' id='par_1_16' title="bbox 1358 2269 2433 2323">
     <span class='ocr_line' id='line_1_87' title="bbox 1358 2269 2433 2323; baseline -0.004 -17"><span class='ocrx_word' id='word_1_675' title='bbox 1358 2271 1418 2306; x_wconf 85' lang='lat' dir='ltr'><strong>est.</strong></span> <span class='ocrx_word' id='word_1_676' title='bbox 1436 2272 1627 2315; x_wconf 85' lang='lat' dir='ltr'><strong>Magnificus</strong></span> <span class='ocrx_word' id='word_1_677' title='bbox 1651 2281 1730 2305; x_wconf 83' lang='lat' dir='ltr'><strong>vero</strong></span> <span class='ocrx_word' id='word_1_678' title='bbox 1746 2271 1788 2304; x_wconf 92' lang='lat' dir='ltr'><strong>de</strong></span> <span class='ocrx_word' id='word_1_679' title='bbox 1804 2271 1875 2313; x_wconf 88' lang='lat' dir='ltr'><strong>ipso</strong></span> <span class='ocrx_word' id='word_1_680' title='bbox 1905 2270 2039 2313; x_wconf 88' lang='lat' dir='ltr'><strong>quidem</strong></span> <span class='ocrx_word' id='word_1_681' title='bbox 2060 2279 2157 2312; x_wconf 85' lang='lat' dir='ltr'><strong>opere</strong></span> <span class='ocrx_word' id='word_1_682' title='bbox 2181 2269 2392 2310; x_wconf 85' lang='lat' dir='ltr'><strong>deliberabit,</strong></span> <span class='ocrx_word' id='word_1_683' title='bbox 2430 2320 2433 2323; x_wconf 10' lang='grc' dir='ltr'>λ</span> 
     </span>
    </p>
   </div>
   <div class='ocr_carea' id='block_1_14' title="bbox 1350 2328 2393 3370">
    <p class='ocr_par' dir='ltr' id='par_1_17' title="bbox 1350 2328 2393 3370">
     <span class='ocr_line' id='line_1_88' title="bbox 1355 2328 2390 2376; baseline -0.003 -11"><span class='ocrx_word' id='word_1_684' title='bbox 1355 2332 1520 2376; x_wconf 85' lang='lat' dir='ltr'><strong>quomodo</strong></span> <span class='ocrx_word' id='word_1_685' title='bbox 1533 2332 1617 2364; x_wconf 92' lang='lat' dir='ltr'><strong>illud</strong></span> <span class='ocrx_word' id='word_1_686' title='bbox 1638 2331 1800 2373; x_wconf 86' lang='lat' dir='ltr'><strong>optimum</strong></span> <span class='ocrx_word' id='word_1_687' title='bbox 1817 2332 1850 2363; x_wconf 88' lang='lat' dir='ltr'><strong>et</strong></span> <span class='ocrx_word' id='word_1_688' title='bbox 1865 2329 2009 2363; x_wconf 85' lang='lat' dir='ltr'><strong>maxime</strong></span> <span class='ocrx_word' id='word_1_689' title='bbox 2030 2329 2186 2362; x_wconf 75' lang='lat' dir='ltr'><strong>decorum</strong></span> <span class='ocrx_word' id='word_1_690' title='bbox 2202 2328 2366 2362; x_wconf 75' lang='lat' dir='ltr'><strong>efficiatur</strong></span> <span class='ocrx_word' id='word_1_691' title='bbox 2381 2342 2390 2362; x_wconf 77' lang='grc' dir='ltr'><strong>ε</strong></span> 
     </span>
     <span class='ocr_line' id='line_1_89' title="bbox 1356 2385 2392 2434; baseline -0.005 -10"><span class='ocrx_word' id='word_1_692' title='bbox 1356 2394 1459 2434; x_wconf 86' lang='lat' dir='ltr'><strong>atque</strong></span> <span class='ocrx_word' id='word_1_693' title='bbox 1484 2390 1548 2423; x_wconf 89' lang='lat' dir='ltr'><strong>hoc</strong></span> <span class='ocrx_word' id='word_1_694' title='bbox 1576 2389 1783 2432; x_wconf 87' lang='lat' dir='ltr'><strong>potissimum</strong></span> <span class='ocrx_word' id='word_1_695' title='bbox 1805 2387 1999 2420; x_wconf 83' lang='lat' dir='ltr'><strong>considerat.</strong></span> <span class='ocrx_word' id='word_1_696' title='bbox 2042 2389 2091 2420; x_wconf 88' lang='lat' dir='ltr'><strong>De</strong></span> <span class='ocrx_word' id='word_1_697' title='bbox 2107 2388 2221 2420; x_wconf 83' lang='lat' dir='ltr'><strong>sumtu</strong></span> <span class='ocrx_word' id='word_1_698' title='bbox 2234 2395 2314 2420; x_wconf 65' lang='lat' dir='ltr'><strong>xero</strong></span> <span class='ocrx_word' id='word_1_699' title='bbox 2333 2385 2392 2429; x_wconf 85' lang='lat' dir='ltr'><strong>qui</strong></span> 
     </span>
     <span class='ocr_line' id='line_1_90' title="bbox 1355 2443 2393 2490; baseline -0.003 -9"><span class='ocrx_word' id='word_1_700' title='bbox 1355 2447 1534 2490; x_wconf 85' lang='lat' dir='ltr'><strong>requiritur</strong></span> <span class='ocrx_word' id='word_1_701' title='bbox 1563 2447 1599 2479; x_wconf 90' lang='lat' dir='ltr'><strong>in</strong></span> <span class='ocrx_word' id='word_1_702' title='bbox 1624 2455 1737 2488; x_wconf 89' lang='lat' dir='ltr'><strong>opere,</strong></span> <span class='ocrx_word' id='word_1_703' title='bbox 1764 2446 1818 2478; x_wconf 86' lang='lat' dir='ltr'><strong>vel</strong></span> <span class='ocrx_word' id='word_1_704' title='bbox 1836 2454 1877 2478; x_wconf 90' lang='lat' dir='ltr'><strong>ne</strong></span> <span class='ocrx_word' id='word_1_705' title='bbox 1905 2444 1987 2487; x_wconf 91' lang='lat' dir='ltr'><strong>quid</strong></span> <span class='ocrx_word' id='word_1_706' title='bbox 2001 2445 2078 2487; x_wconf 86' lang='lat' dir='ltr'><strong>plus</strong></span> <span class='ocrx_word' id='word_1_707' title='bbox 2103 2443 2270 2486; x_wconf 81' lang='lat' dir='ltr'><strong>impendat</strong></span> <span class='ocrx_word' id='word_1_708' title='bbox 2292 2453 2393 2487; x_wconf 84' lang='lat' dir='ltr'><strong>quam</strong></span> 
     </span>
     <span class='ocr_line' id='line_1_91' title="bbox 1356 2502 2393 2546; baseline -0.004 -7"><span class='ocrx_word' id='word_1_709' title='bbox 1356 2506 1543 2545; x_wconf 87' lang='lat' dir='ltr'><strong>conveniat,</strong></span> <span class='ocrx_word' id='word_1_710' title='bbox 1592 2505 1651 2538; x_wconf 84' lang='lat' dir='ltr'><strong>sed</strong></span> <span class='ocrx_word' id='word_1_711' title='bbox 1688 2506 1724 2537; x_wconf 92' lang='lat' dir='ltr'><strong>ut</strong></span> <span class='ocrx_word' id='word_1_712' title='bbox 1759 2503 1923 2537; x_wconf 85' lang='lat' dir='ltr'><strong>efficiatur</strong></span> <span class='ocrx_word' id='word_1_713' title='bbox 1950 2512 2051 2546; x_wconf 85' lang='lat' dir='ltr'><strong>quam</strong></span> <span class='ocrx_word' id='word_1_714' title='bbox 2080 2502 2216 2536; x_wconf 88' lang='lat' dir='ltr'><strong>minima</strong></span> <span class='ocrx_word' id='word_1_715' title='bbox 2246 2503 2393 2546; x_wconf 88' lang='lat' dir='ltr'><strong>impensa</strong></span> 
     </span>
     <span class='ocr_line' id='line_1_92' title="bbox 1355 2561 2393 2605; baseline -0.002 -6"><span class='ocrx_word' id='word_1_716' title='bbox 1355 2565 1442 2599; x_wconf 85' lang='lat' dir='ltr'><strong>facta</strong></span> <span class='ocrx_word' id='word_1_717' title='bbox 1453 2591 1460 2604; x_wconf 89' lang='grc'>,</span> <span class='ocrx_word' id='word_1_718' title='bbox 1477 2574 1541 2597; x_wconf 91' lang='lat' dir='ltr'><strong>non</strong></span> <span class='ocrx_word' id='word_1_719' title='bbox 1557 2565 1727 2605; x_wconf 84' lang='lat' dir='ltr'><strong>tantopere</strong></span> <span class='ocrx_word' id='word_1_720' title='bbox 1745 2563 1905 2595; x_wconf 88' lang='lat' dir='ltr'><strong>sollicitus</strong></span> <span class='ocrx_word' id='word_1_721' title='bbox 1924 2564 1975 2595; x_wconf 87' lang='lat' dir='ltr'><strong>cst</strong></span> <span class='ocrx_word' id='word_1_722' title='bbox 1999 2563 2057 2594; x_wconf 91' lang='lat' dir='ltr'><strong>aut</strong></span> <span class='ocrx_word' id='word_1_723' title='bbox 2075 2563 2169 2594; x_wconf 82' lang='lat' dir='ltr'><strong>curat</strong></span> <span class='ocrx_word' id='word_1_724' title='bbox 2195 2573 2203 2594; x_wconf 72' lang='grc' dir='ltr'><strong>ε</strong></span> <span class='ocrx_word' id='word_1_725' title='bbox 2226 2571 2304 2595; x_wconf 85' lang='lat' dir='ltr'><strong>nam</strong></span> <span class='ocrx_word' id='word_1_726' title='bbox 2326 2561 2393 2597; x_wconf 74' lang='lat' dir='ltr'><strong>tale</strong></span> 
     </span>
     <span class='ocr_line' id='line_1_93' title="bbox 1356 2621 2392 2666; baseline -0.003 -10"><span class='ocrx_word' id='word_1_727' title='bbox 1356 2623 1438 2666; x_wconf 85' lang='lat' dir='ltr'><strong>quid</strong></span> <span class='ocrx_word' id='word_1_728' title='bbox 1456 2623 1618 2655; x_wconf 78' lang='lat' dir='ltr'><strong>indecorae</strong></span> <span class='ocrx_word' id='word_1_729' title='bbox 1633 2621 1840 2664; x_wconf 80' lang='lat' dir='ltr'><strong>parsimoniae</strong></span> <span class='ocrx_word' id='word_1_730' title='bbox 1852 2622 1913 2654; x_wconf 85' lang='lat' dir='ltr'><strong>est.</strong></span> <span class='ocrx_word' id='word_1_731' title='bbox 1949 2622 2074 2653; x_wconf 85' lang='lat' dir='ltr'><strong>verum</strong></span> <span class='ocrx_word' id='word_1_732' title='bbox 2100 2629 2232 2653; x_wconf 85' lang='lat' dir='ltr'><strong>necesse</strong></span> <span class='ocrx_word' id='word_1_733' title='bbox 2257 2621 2328 2661; x_wconf 81' lang='lat' dir='ltr'><strong>est,</strong></span> <span class='ocrx_word' id='word_1_734' title='bbox 2353 2622 2392 2654; x_wconf 89' lang='lat' dir='ltr'><strong>ut</strong></span> 
     </span>
     <span class='ocr_line' id='line_1_94' title="bbox 1355 2680 2392 2726; baseline -0.001 -10"><span class='ocrx_word' id='word_1_735' title='bbox 1355 2693 1453 2726; x_wconf 89' lang='lat' dir='ltr'><strong>supra</strong></span> <span class='ocrx_word' id='word_1_736' title='bbox 1472 2683 1632 2721; x_wconf 80' lang='lat' dir='ltr'><strong>diximus,</strong></span> <span class='ocrx_word' id='word_1_737' title='bbox 1647 2682 1816 2715; x_wconf 87' lang='lat' dir='ltr'><strong>liberalem</strong></span> <span class='ocrx_word' id='word_1_738' title='bbox 1832 2681 1932 2714; x_wconf 86' lang='lat' dir='ltr'><strong>etiam</strong></span> <span class='ocrx_word' id='word_1_739' title='bbox 1951 2689 2022 2714; x_wconf 90' lang='lat' dir='ltr'><strong>esse</strong></span> <span class='ocrx_word' id='word_1_740' title='bbox 2035 2689 2114 2713; x_wconf 91' lang='lat' dir='ltr'><strong>eum</strong></span> <span class='ocrx_word' id='word_1_741' title='bbox 2132 2680 2191 2722; x_wconf 91' lang='lat' dir='ltr'><strong>qui</strong></span> <span class='ocrx_word' id='word_1_742' title='bbox 2207 2680 2252 2713; x_wconf 88' lang='lat' dir='ltr'><strong>sit</strong></span> <span class='ocrx_word' id='word_1_743' title='bbox 2263 2680 2392 2723; x_wconf 84' lang='lat' dir='ltr'><strong>magni-</strong></span> 
     </span>
     <span class='ocr_line' id='line_1_95' title="bbox 1353 2738 2387 2784; baseline -0.005 -9"><span class='ocrx_word' id='word_1_744' title='bbox 1353 2743 1451 2781; x_wconf 82' lang='lat' dir='ltr'><strong>ficus,</strong></span> <span class='ocrx_word' id='word_1_745' title='bbox 1484 2742 1638 2784; x_wconf 78' lang='lat' dir='ltr'><strong>quamvis</strong></span> <span class='ocrx_word' id='word_1_746' title='bbox 1670 2741 1731 2784; x_wconf 85' lang='lat' dir='ltr'><strong>qui</strong></span> <span class='ocrx_word' id='word_1_747' title='bbox 1762 2739 1907 2774; x_wconf 88' lang='lat' dir='ltr'><strong>liberalis</strong></span> <span class='ocrx_word' id='word_1_748' title='bbox 1939 2741 1990 2772; x_wconf 86' lang='lat' dir='ltr'><strong>est</strong></span> <span class='ocrx_word' id='word_1_749' title='bbox 2013 2747 2079 2771; x_wconf 89' lang='lat' dir='ltr'><strong>non</strong></span> <span class='ocrx_word' id='word_1_750' title='bbox 2103 2738 2146 2771; x_wconf 86' lang='lat' dir='ltr'><strong>sit</strong></span> <span class='ocrx_word' id='word_1_751' title='bbox 2163 2738 2355 2780; x_wconf 74' lang='lat' dir='ltr'><strong>magnificus</strong></span> <span class='ocrx_word' id='word_1_752' title='bbox 2378 2750 2387 2771; x_wconf 73' lang='grc' dir='ltr'>ι</span> 
     </span>
     <span class='ocr_line' id='line_1_96' title="bbox 1354 2795 2386 2841; baseline -0.005 -7"><span class='ocrx_word' id='word_1_753' title='bbox 1354 2802 1483 2834; x_wconf 90' lang='lat' dir='ltr'><strong>sumtus</strong></span> <span class='ocrx_word' id='word_1_754' title='bbox 1499 2800 1585 2833; x_wconf 87' lang='lat' dir='ltr'><strong>enim</strong></span> <span class='ocrx_word' id='word_1_755' title='bbox 1604 2798 1684 2832; x_wconf 85' lang='lat' dir='ltr'><strong>facit</strong></span> <span class='ocrx_word' id='word_1_756' title='bbox 1699 2798 1905 2841; x_wconf 84' lang='lat' dir='ltr'><strong>magnificus,</strong></span> <span class='ocrx_word' id='word_1_757' title='bbox 1924 2805 2025 2839; x_wconf 89' lang='lat' dir='ltr'><strong>quos,</strong></span> <span class='ocrx_word' id='word_1_758' title='bbox 2043 2798 2077 2829; x_wconf 88' lang='lat' dir='ltr'><strong>et</strong></span> <span class='ocrx_word' id='word_1_759' title='bbox 2097 2795 2386 2838; x_wconf 82' lang='lat' dir='ltr'><strong>quemadmodum,</strong></span> 
     </span>
     <span class='ocr_line' id='line_1_97' title="bbox 1353 2853 2388 2902; baseline -0.005 -10"><span class='ocrx_word' id='word_1_760' title='bbox 1353 2862 1387 2893; x_wconf 87' lang='lat' dir='ltr'><strong>et</strong></span> <span class='ocrx_word' id='word_1_761' title='bbox 1403 2869 1509 2902; x_wconf 87' lang='lat' dir='ltr'><strong>quum</strong></span> <span class='ocrx_word' id='word_1_762' title='bbox 1524 2859 1654 2901; x_wconf 86' lang='lat' dir='ltr'><strong>oportet</strong></span> <span class='ocrx_word' id='word_1_763' title='bbox 1675 2871 1683 2891; x_wconf 92' lang='lat'>:</span> <span class='ocrx_word' id='word_1_764' title='bbox 1708 2856 1798 2899; x_wconf 91' lang='lat' dir='ltr'><strong>quod</strong></span> <span class='ocrx_word' id='word_1_765' title='bbox 1825 2864 1996 2889; x_wconf 88' lang='lat' dir='ltr'><strong>commune</strong></span> <span class='ocrx_word' id='word_1_766' title='bbox 2021 2854 2122 2887; x_wconf 88' lang='lat' dir='ltr'><strong>habet</strong></span> <span class='ocrx_word' id='word_1_767' title='bbox 2137 2863 2213 2887; x_wconf 89' lang='lat' dir='ltr'><strong>cum</strong></span> <span class='ocrx_word' id='word_1_768' title='bbox 2242 2863 2281 2887; x_wconf 90' lang='lat' dir='ltr'><strong>eo</strong></span> <span class='ocrx_word' id='word_1_769' title='bbox 2302 2853 2388 2888; x_wconf 86' lang='lat' dir='ltr'><strong>libe-</strong></span> 
     </span>
     <span class='ocr_line' id='line_1_98' title="bbox 1353 2911 2389 2958; baseline -0.003 -9"><span class='ocrx_word' id='word_1_770' title='bbox 1353 2917 1431 2950; x_wconf 85' lang='lat' dir='ltr'><strong>ralis</strong></span> <span class='ocrx_word' id='word_1_771' title='bbox 1452 2929 1461 2949; x_wconf 77' lang='lat' dir='ltr'><strong><em>z</em></strong></span> <span class='ocrx_word' id='word_1_772' title='bbox 1487 2916 1546 2949; x_wconf 91' lang='lat' dir='ltr'><strong>sed</strong></span> <span class='ocrx_word' id='word_1_773' title='bbox 1562 2917 1595 2949; x_wconf 87' lang='lat' dir='ltr'><strong>et</strong></span> <span class='ocrx_word' id='word_1_774' title='bbox 1613 2924 1748 2958; x_wconf 86' lang='lat' dir='ltr'><strong>magnos</strong></span> <span class='ocrx_word' id='word_1_775' title='bbox 1764 2914 1846 2948; x_wconf 87' lang='lat' dir='ltr'><strong>etin</strong></span> <span class='ocrx_word' id='word_1_776' title='bbox 1869 2922 1922 2946; x_wconf 89' lang='lat' dir='ltr'><strong>res</strong></span> <span class='ocrx_word' id='word_1_777' title='bbox 1939 2922 2089 2955; x_wconf 85' lang='lat' dir='ltr'><strong>magnas,</strong></span> <span class='ocrx_word' id='word_1_778' title='bbox 2113 2911 2204 2955; x_wconf 89' lang='lat' dir='ltr'><strong>quod</strong></span> <span class='ocrx_word' id='word_1_779' title='bbox 2218 2911 2389 2955; x_wconf 86' lang='lat' dir='ltr'><strong>proprium</strong></span> 
     </span>
     <span class='ocr_line' id='line_1_99' title="bbox 1353 2971 2388 3017; baseline -0.006 -8"><span class='ocrx_word' id='word_1_780' title='bbox 1353 2979 1403 3010; x_wconf 88' lang='lat' dir='ltr'><strong>est</strong></span> <span class='ocrx_word' id='word_1_781' title='bbox 1428 2975 1600 3017; x_wconf 83' lang='lat' dir='ltr'><strong>magnifici.</strong></span> <span class='ocrx_word' id='word_1_782' title='bbox 1650 2974 1771 3007; x_wconf 88' lang='lat' dir='ltr'><strong>lisdem</strong></span> <span class='ocrx_word' id='word_1_783' title='bbox 1795 2972 1949 3006; x_wconf 84' lang='lat' dir='ltr'><strong>videlicet</strong></span> <span class='ocrx_word' id='word_1_784' title='bbox 1977 2981 2200 3014; x_wconf 82' lang='lat' dir='ltr'><strong>saepenumero</strong></span> <span class='ocrx_word' id='word_1_785' title='bbox 2221 2971 2388 3004; x_wconf 86' lang='lat' dir='ltr'><strong>sumtibus</strong></span> 
     </span>
     <span class='ocr_line' id='line_1_100' title="bbox 1353 3030 2387 3077; baseline -0.005 -9"><span class='ocrx_word' id='word_1_786' title='bbox 1353 3045 1418 3068; x_wconf 80' lang='lat' dir='ltr'><strong>non</strong></span> <span class='ocrx_word' id='word_1_787' title='bbox 1433 3035 1521 3068; x_wconf 91' lang='lat' dir='ltr'><strong>idem</strong></span> <span class='ocrx_word' id='word_1_788' title='bbox 1543 3043 1626 3077; x_wconf 87' lang='lat' dir='ltr'><strong>opus</strong></span> <span class='ocrx_word' id='word_1_789' title='bbox 1639 3032 1831 3075; x_wconf 80' lang='lat' dir='ltr'><strong>magnificus</strong></span> <span class='ocrx_word' id='word_1_790' title='bbox 1849 3030 1928 3064; x_wconf 85' lang='lat' dir='ltr'><strong>facit</strong></span> <span class='ocrx_word' id='word_1_791' title='bbox 1941 3030 2032 3073; x_wconf 90' lang='lat' dir='ltr'><strong>quod</strong></span> <span class='ocrx_word' id='word_1_792' title='bbox 2048 3030 2208 3070; x_wconf 83' lang='lat' dir='ltr'><strong>liberalis,</strong></span> <span class='ocrx_word' id='word_1_793' title='bbox 2233 3030 2292 3064; x_wconf 90' lang='lat' dir='ltr'><strong>sed</strong></span> <span class='ocrx_word' id='word_1_794' title='bbox 2317 3038 2387 3063; x_wconf 87' lang='lat' dir='ltr'><strong>ma·</strong></span> 
     </span>
     <span class='ocr_line' id='line_1_101' title="bbox 1353 3089 2382 3136; baseline -0.006 -9"><span class='ocrx_word' id='word_1_795' title='bbox 1353 3093 1556 3136; x_wconf 80' lang='lat' dir='ltr'><strong>gnificentius</strong></span> <span class='ocrx_word' id='word_1_796' title='bbox 1584 3101 1593 3124; x_wconf 75' lang='grc' dir='ltr'><strong>ι</strong></span> <span class='ocrx_word' id='word_1_797' title='bbox 1630 3091 1774 3134; x_wconf 88' lang='lat' dir='ltr'><strong>exempli</strong></span> <span class='ocrx_word' id='word_1_798' title='bbox 1799 3090 1920 3132; x_wconf 81' lang='lat' dir='ltr'><strong>gratia,</strong></span> <span class='ocrx_word' id='word_1_799' title='bbox 1949 3089 1976 3122; x_wconf 92' lang='lat' dir='ltr'><strong>si</strong></span> <span class='ocrx_word' id='word_1_800' title='bbox 1999 3089 2041 3122; x_wconf 91' lang='lat' dir='ltr'><strong>de</strong></span> <span class='ocrx_word' id='word_1_801' title='bbox 2059 3089 2197 3122; x_wconf 91' lang='lat' dir='ltr'><strong>deorum</strong></span> <span class='ocrx_word' id='word_1_802' title='bbox 2215 3089 2308 3122; x_wconf 87' lang='lat' dir='ltr'><strong>cultu</strong></span> <span class='ocrx_word' id='word_1_803' title='bbox 2327 3097 2382 3122; x_wconf 87' lang='lat' dir='ltr'><strong>co·</strong></span> 
     </span>
     <span class='ocr_line' id='line_1_102' title="bbox 1351 3147 2384 3195; baseline -0.006 -9"><span class='ocrx_word' id='word_1_804' title='bbox 1351 3153 1521 3195; x_wconf 87' lang='lat' dir='ltr'><strong>gitandum</strong></span> <span class='ocrx_word' id='word_1_805' title='bbox 1542 3154 1608 3192; x_wconf 83' lang='lat' dir='ltr'><strong>ost,</strong></span> <span class='ocrx_word' id='word_1_806' title='bbox 1624 3151 1757 3186; x_wconf 81' lang='lat' dir='ltr'><strong>liberali1</strong></span> <span class='ocrx_word' id='word_1_807' title='bbox 1787 3158 1846 3183; x_wconf 82' lang='lat' dir='ltr'><strong>vas</strong></span> <span class='ocrx_word' id='word_1_808' title='bbox 1863 3148 2000 3192; x_wconf 83' lang='lat' dir='ltr'><strong>aliquod</strong></span> <span class='ocrx_word' id='word_1_809' title='bbox 2015 3157 2155 3181; x_wconf 85' lang='lat' dir='ltr'><strong>aureum</strong></span> <span class='ocrx_word' id='word_1_810' title='bbox 2177 3148 2263 3181; x_wconf 87' lang='lat' dir='ltr'><strong>caris</strong></span> <span class='ocrx_word' id='word_1_811' title='bbox 2286 3147 2384 3190; x_wconf 86' lang='lat' dir='ltr'><strong>lapil-</strong></span> 
     </span>
     <span class='ocr_line' id='line_1_103' title="bbox 1351 3207 2384 3249; baseline -0.005 -5"><span class='ocrx_word' id='word_1_812' title='bbox 1351 3211 1392 3244; x_wconf 88' lang='lat' dir='ltr'><strong>lis</strong></span> <span class='ocrx_word' id='word_1_813' title='bbox 1406 3212 1597 3245; x_wconf 73' lang='lat' dir='ltr'><strong>distinctum</strong></span> <span class='ocrx_word' id='word_1_814' title='bbox 1615 3209 1781 3243; x_wconf 85' lang='lat' dir='ltr'><strong>conficiet:</strong></span> <span class='ocrx_word' id='word_1_815' title='bbox 1796 3210 1830 3241; x_wconf 88' lang='lat' dir='ltr'><strong>at</strong></span> <span class='ocrx_word' id='word_1_816' title='bbox 1844 3207 2036 3249; x_wconf 79' lang='lat' dir='ltr'><strong>magnificus</strong></span> <span class='ocrx_word' id='word_1_817' title='bbox 2058 3207 2218 3249; x_wconf 90' lang='lat' dir='ltr'><strong>templum</strong></span> <span class='ocrx_word' id='word_1_818' title='bbox 2229 3215 2384 3248; x_wconf 82' lang='lat' dir='ltr'><strong>magnum</strong></span> 
     </span>
     <span class='ocr_line' id='line_1_104' title="bbox 1351 3265 2386 3313; baseline -0.009 -9"><span class='ocrx_word' id='word_1_819' title='bbox 1351 3273 1384 3305; x_wconf 93' lang='lat' dir='ltr'><strong>et</strong></span> <span class='ocrx_word' id='word_1_820' title='bbox 1399 3271 1575 3313; x_wconf 82' lang='lat' dir='ltr'><strong>pulchrum</strong></span> <span class='ocrx_word' id='word_1_821' title='bbox 1592 3268 1767 3302; x_wconf 80' lang='lat' dir='ltr'><strong>aedificabit</strong></span> <span class='ocrx_word' id='word_1_822' title='bbox 1782 3292 1790 3309; x_wconf 88' lang='lat'>‚</span> <span class='ocrx_word' id='word_1_823' title='bbox 1808 3269 1866 3300; x_wconf 85' lang='lat' dir='ltr'><strong>aut</strong></span> <span class='ocrx_word' id='word_1_824' title='bbox 1883 3267 2011 3298; x_wconf 84' lang='lat' dir='ltr'><strong>statuas</strong></span> <span class='ocrx_word' id='word_1_825' title='bbox 2037 3267 2135 3309; x_wconf 91' lang='lat' dir='ltr'><strong>ponet</strong></span> <span class='ocrx_word' id='word_1_826' title='bbox 2146 3290 2154 3304; x_wconf 88' lang='lat'><em>‚</em></span> <span class='ocrx_word' id='word_1_827' title='bbox 2181 3266 2239 3296; x_wconf 88' lang='lat' dir='ltr'><strong>aut</strong></span> <span class='ocrx_word' id='word_1_828' title='bbox 2268 3265 2386 3306; x_wconf 79' lang='lat' dir='ltr'><strong>pontes</strong></span> 
     </span>
     <span class='ocr_line' id='line_1_105' title="bbox 1350 3321 2384 3370; baseline -0.007 -8"><span class='ocrx_word' id='word_1_829' title='bbox 1350 3330 1383 3362; x_wconf 88' lang='lat' dir='ltr'><strong>in</strong></span> <span class='ocrx_word' id='word_1_830' title='bbox 1399 3329 1499 3362; x_wconf 85' lang='lat' dir='ltr'><strong>ssuvio</strong></span> <span class='ocrx_word' id='word_1_831' title='bbox 1521 3328 1619 3361; x_wconf 82' lang='lat' dir='ltr'><strong>sac-iet</strong></span> <span class='ocrx_word' id='word_1_832' title='bbox 1632 3353 1639 3366; x_wconf 92' lang='lat'>,</span> <span class='ocrx_word' id='word_1_833' title='bbox 1670 3328 1729 3359; x_wconf 86' lang='lat' dir='ltr'><strong>aut</strong></span> <span class='ocrx_word' id='word_1_834' title='bbox 1757 3325 1847 3358; x_wconf 82' lang='lat' dir='ltr'><strong>aliud</strong></span> <span class='ocrx_word' id='word_1_835' title='bbox 1865 3325 1946 3367; x_wconf 88' lang='lat' dir='ltr'><strong>quid</strong></span> <span class='ocrx_word' id='word_1_836' title='bbox 1969 3334 2123 3366; x_wconf 80' lang='lat' dir='ltr'><strong>magnum</strong></span> <span class='ocrx_word' id='word_1_837' title='bbox 2141 3325 2175 3356; x_wconf 88' lang='lat' dir='ltr'><strong>et</strong></span> <span class='ocrx_word' id='word_1_838' title='bbox 2194 3321 2384 3370; x_wconf 85' lang='lat' dir='ltr'><strong>admirabile</strong></span> 
     </span>
    </p>
   </div>
   <div class='ocr_carea' id='block_1_15' title="bbox 1339 3395 1556 3403">
    <p class='ocr_par' dir='ltr' id='par_1_18' title="bbox 1339 3395 1556 3403">
     <span class='ocr_line' id='line_1_106' title="bbox 1339 3395 1556 3403; baseline 0 373"><span class='ocrx_word' id='word_1_839' title='bbox 1339 3395 1556 3403; x_wconf 95' lang='lat' dir='ltr'><strong> </strong></span> 
     </span>
    </p>
   </div>
   <div class='ocr_carea' id='block_1_16' title="bbox 299 3433 1938 3478">
    <p class='ocr_par' dir='ltr' id='par_1_19' title="bbox 299 3433 1938 3478">
     <span class='ocr_line' id='line_1_107' title="bbox 299 3433 1938 3478; baseline -0.005 -8"><span class='ocrx_word' id='word_1_840' title='bbox 299 3437 314 3454; x_wconf 73' lang='lat'><strong>&#39;¹</strong></span> <span class='ocrx_word' id='word_1_841' title='bbox 337 3439 398 3477; x_wconf 83' lang='grc' dir='ltr'><strong>Τῆς</strong></span> <span class='ocrx_word' id='word_1_842' title='bbox 412 3437 559 3476; x_wconf 80' lang='grc' dir='ltr'>τοιαύτης</span> <span class='ocrx_word' id='word_1_843' title='bbox 573 3438 600 3469; x_wconf 83' lang='lat'>6’</span> <span class='ocrx_word' id='word_1_844' title='bbox 618 3437 710 3475; x_wconf 83' lang='grc' dir='ltr'>ἕξεως</span> <span class='ocrx_word' id='word_1_845' title='bbox 731 3439 750 3476; x_wconf 87' lang='grc' dir='ltr'>ἡ</span> <span class='ocrx_word' id='word_1_846' title='bbox 774 3436 830 3478; x_wconf 79' lang='grc' dir='ltr'><strong>μὲν</strong></span> <span class='ocrx_word' id='word_1_847' title='bbox 850 3436 982 3477; x_wconf 80' lang='grc' dir='ltr'>ἔλλειψις</span> <span class='ocrx_word' id='word_1_848' title='bbox 997 3437 1066 3469; x_wconf 74' lang='grc' dir='ltr'>κτλ.</span> <span class='ocrx_word' id='word_1_849' title='bbox 1092 3455 1127 3460; x_wconf 86' lang='lat'><strong>--</strong></span> <span class='ocrx_word' id='word_1_850' title='bbox 1147 3437 1185 3457; x_wconf 35' lang='grc' dir='ltr'><strong>*ὕ</strong></span> <span class='ocrx_word' id='word_1_851' title='bbox 1204 3435 1243 3469; x_wconf 84' lang='grc' dir='ltr'><strong>Ὅ</strong></span> <span class='ocrx_word' id='word_1_852' title='bbox 1260 3436 1293 3468; x_wconf 84' lang='grc' dir='ltr'>δὲ</span> <span class='ocrx_word' id='word_1_853' title='bbox 1307 3437 1549 3478; x_wconf 77' lang='grc' dir='ltr'>μεγαλοπρεπὴς</span> <span class='ocrx_word' id='word_1_854' title='bbox 1566 3435 1756 3475; x_wconf 74' lang='grc' dir='ltr'>ἐπιστήμονι</span> <span class='ocrx_word' id='word_1_855' title='bbox 1772 3433 1857 3464; x_wconf 80' lang='grc' dir='ltr'>ἔοικε</span> <span class='ocrx_word' id='word_1_856' title='bbox 1870 3433 1938 3463; x_wconf 79' lang='grc' dir='ltr'>κτλ.</span> 
     </span>
    </p>
   </div>
   <div class='ocr_carea' id='block_1_17' title="bbox 2439 0 2487 481">
    <p class='ocr_par' dir='ltr' id='par_1_20' title="bbox 2439 0 2487 481">
     <span class='ocr_line' id='line_1_108' title="bbox 2439 0 2487 481; baseline 0 3295"><span class='ocrx_word' id='word_1_857' title='bbox 2439 0 2487 481; x_wconf 95' lang='lat' dir='ltr'><strong> </strong></span> 
     </span>
    </p>
   </div>
  </div>
 </body>
</html>
