2528 3788
225 319 480 394 Lwdgstvoeu
477 320 551 361 τὸν·
560 319 670 374 μὲν”
645 337 781 372 ωνησε,
800 321 860 361 τὸν
884 321 914 360 δ’
934 321 997 360 οὐκ
1022 320 1157 376 ἔὸλαψε
1169 351 1180 371 ,

246 379 331 413 ··-'
378 396 418 420 σε
436 383 480 435 τῇ
501 375 624 435 περὶ
599 397 647 421 ων
665 381 840 430 ἠπίστατο
854 379 1063 432 ἀναμνήσει.
1074 378 1183 421 Ἔστι

114 476 130 491 ν
180 459 185 466 “
217 453 240 471 ³
279 440 345 481 -τὸ
360 439 468 480 καλὸν
487 457 612 495 χρημα
624 470 635 490 ,
651 441 830 494 ἐπιστήμη
849 443 871 489 ἡ
891 439 1000 490 καλή,
1016 435 1094 489 ἧς’
1069 457 1184 480 ωνατ

199 483 249 540 6
279 491 423 554 λαὸὧν,
456 502 518 542 οὐκ
539 502 767 541 ἀπολείπεται
793 501 824 540 δ’
844 501 987 549 αὗτῆςὸ
1011 501 1182 547 δεδωκώς.

201 557 301 608 ζν
309 559 394 614 ἴδοις
422 559 612 616 ἐξαφθέντα
642 561 700 615 ἀφ’
722 560 840 615 ἑτέρου
872 559 1002 614 λύχνου
1030 560 1157 614 λύχνον
1171 591 1181 610 ,

233 634 380 674 οντα,
396 619 416 659 8
439 620 489 673 μὴ
509 620 568 660 τὸν
602 619 771 674 πρότερον
803 619 983 674 ἀφείλετο,
1005 620 1098 659 ἀλλὰ
1121 624 1184 670 τῆς

249 680 285 709 “-’
246 678 384 734 ὕλης
399 679 486 734 πρὸς
503 679 545 720 τὸ
565 679 698 720 ἐκείνου
717 683 788 734 πῦρ
821 678 1034 733 ἐξαφθείσης.
1057 681 1163 719 Tot-⁵¹⁹
1127 695 1185 720 ·“-υ

230 737 407 794 χρῆμά
425 739 501 779 ἐστι
524 738 566 780 τὸ
581 741 675 812 =m“effic
682 737 898 791 ἐπιστήμης,
919 738 942 787 ἣ
964 739 1103 778 δοθεῖσα
1124 755 1181 779 κα·

163 808 167 809 ’
205 810 252 864 v*
323 796 527 852 παραμένει
550 798 614 850 μὲν
627 799 678 853 τῷ
695 797 887 850 δεδωκότι,
907 797 1100 838 σύνεστιδὲ
1131 802 1182 838 τῶ

195 902 199 907 ,
290 859 316 907 ἡ
336 856 440 907 αὐτή.
494 857 632 899 Τούτου
658 856 696 898 δὲ
712 857 753 897 τὸ
773 855 905 910 αἴτιον,
923 873 953 897 ω
977 857 1066 908 ξένε,
1088 859 1185 899 οὐδέν

184 909 474 974 ξζνΟρωπινοιι·
497 917 579 958 ἀλλ’
598 919 652 958 ὅτι
667 916 734 964 ἕξις
753 933 791 957 τε
808 916 868 958 καὶ
888 917 990 958 οὖσίά
1008 920 1030 966 ἡ
1054 918 1185 971 ἔχουσα.

344 993 440 1031 μην,
461 979 491 1027 ἡ
510 977 600 1026 αὐτή
620 979 695 1019 ἐστι
714 977 812 1032 παρὰ
831 980 882 1017 τῶ
903 977 1072 1018 δεδωκότι
1087 981 1186 1033 θεῳ,

293 1039 382 1094 τῷ
399 1038 557 1094 εἰληφότι
574 1037 652 1092 ἐμοὶ
671 1038 732 1078 καὶ
755 1038 823 1079 σοί.
883 1038 946 1079 Διὸ
967 1038 1026 1078 καὶ
1049 1041 1067 1078 ὁ
1086 1040 1186 1079 Πλά-

153 1063 282 1151 τὴν
296 1098 421 1155 σοφίαν
437 1098 506 1140 ὑπὸ
525 1098 742 1154 Προμηθέως
761 1099 856 1138 ἐλθε
823 1114 872 1138 ειν
899 1100 947 1144 εἰς
966 1099 1181 1153 ἀνθρώποις,

193 1158 450 1215 φανωτάτου
468 1157 559 1205 τινὸς
577 1158 686 1213 πυρὸς
712 1156 794 1213 ἔφη.
859 1157 933 1199 Καὶ
963 1157 1069 1198 πάλιν
1101 1159 1185 1197 ὑπο

24 1240 27 1267 t
95 1243 119 1279 ,ἱ
99 1185 184 1270 wisi*
225 1218 305 1269 ίξῆς
322 1234 440 1275 φησιν·
467 1217 535 1259 εἶσι
563 1219 593 1259 δ’
615 1214 709 1260 οὗτοι
732 1218 826 1272 βίοι,
848 1220 867 1258 ὁ
890 1217 954 1271 μὲν
973 1218 1142 1273 πρώτου,
1169 1235 1187 1260 ο

24 1316 26 1321 .
97 1277 353 1336 ᾤζδζδιυτίρου
374 1281 469 1322 θεοῦ.
539 1278 744 1328 Δηλονότιὸ
765 1277 828 1331 μὲν
846 1280 982 1332 πρῶτος
1001 1278 1110 1325 θεός’
1095 1294 1187 1319 εστιν

23 1376 26 1393 Ι
59 1343 69 1363 ”
209 1338 221 1356 ’
255 1345 293 1392 ⁸,
313 1341 334 1380 ὁ
351 1337 389 1380 δὲ
413 1337 576 1394 δεύτερος
603 1337 756 1391 ἔμπαλίν
774 1341 851 1379 ἐστι
869 1338 1084 1392 κινούμενος.
1143 1337 1188 1379 Ὁ

59 1423 65 1429 -·
136 1398 213 1454 μὲν.
216 1395 284 1441 οὖν
299 1401 438 1454 πρῶτος
453 1399 534 1454 περὶ
549 1397 593 1439 νὰ
607 1399 744 1450 νοητά,
765 1400 784 1438 ὀ
804 1399 840 1438 δὲ
867 1397 1024 1452 δεύτερος
1042 1399 1122 1452 περὶ
1143 1399 1188 1438 τὰ

24 1461 26 1496 ἔ
133 1456 320 1508 nminat
340 1457 504 1507 αἰσθητά.
563 1457 626 1507 Μὴ
650 1457 836 1510 θαυμάσῃς
857 1459 887 1498 8²
912 1460 942 1497 εἷ
961 1460 1054 1498 τοῦτ’
1076 1458 1184 1513 ἔφην,

24 1549 26 1555 ·
51 1527 54 1530 ⁴
85 1534 110 1565 ’ἢ
133 1517 230 1610 πολὺ
242 1518 313 1574 γὰρ
329 1517 384 1558 ἔτι
407 1517 692 1572 θαυμαστότερον
714 1517 864 1571 ἀκούση.

85 1041 89 1047 .
132 1035 205 1058 ¹(

85 1167 88 1171 ν
103 1139 157 1176 Jp

924 1517 1018 1558 Ἀντὶ
1037 1516 1105 1571 γαρ
1125 1534 1190 1566 της

98 1663 305 1734 ,μιαί
325 1673 497 1716 uaricula,
506 1681 570 1706 vos
576 1671 764 1716 palmites,
780 1671 869 1706 disce
884 1672 996 1716 qualia
1007 1673 1193 1707 Numenius

112 1741 168 1805 {-
326 1730 521 1777 1principio
531 1730 761 1776 theologorum
773 1740 867 1766 more
885 1731 1044 1775 disputet
1069 1735 1191 1772 Quem-

117 1794 158 1834 ἔ,
162 1799 166 1802 ·
221 1812 225 1820 ›
318 1797 460 1830 rursus
481 1791 634 1836 agricolae
652 1792 693 1825 ad
713 1801 791 1825 eum
816 1790 875 1835 qui
892 1790 1020 1834 plantat
1040 1793 1193 1835 quaedam

99 1838 205 1919 a}
229 1835 348 1889 esst·
337 1851 415 1887 wic
430 1850 528 1897 plane
539 1850 622 1886 deus
634 1851 762 1896 primus
781 1851 825 1885 ad
844 1851 996 1895 opificem
1017 1851 1119 1886 deum
1136 1861 1191 1886 re-

102 1929 184 1972 ‚33
175 1890 227 1936 f*
234 1916 237 1918 ’
247 1939 258 1952 ,
300 1913 385 1947 Nam
398 1911 529 1956 prImus
539 1911 694 1954 quidem,
705 1921 812 1954 quum
824 1911 933 1945 omnis
945 1911 1066 1945 animae
1079 1921 1192 1946 semen

186 1967 229 2017 ,¹
355 1971 436 2006 illa
455 1971 606 2013 seminat,
625 1980 702 2014 quae
714 1971 749 2004 in
767 1972 895 2005 naturae
912 1980 983 2005 suae
999 1970 1192 2006 societatem

108 2023 176 2109 ’ζῇ
191 2031 194 2033 ’
224 2055 261 2071 ·„
307 2045 317 2075 ;
340 2033 375 2066 at
391 2040 470 2065 vero
492 2030 707 2074 legumlator
730 2039 806 2074 quae
822 2030 863 2065 ab
891 2030 948 2064 illo
973 2031 1195 2074 proseminata

188 2089 372 2128 hunt·
362 2099 434 2136 ipse
460 2099 501 2125 ac
517 2089 656 2132 dividit,
661 2091 784 2132 atque
805 2091 838 2123 in
860 2091 1011 2124 nostrum
1027 2099 1194 2134 quemque

328 2154 368 2186 t.
413 2151 522 2194 Atque
532 2150 567 2184 iu
585 2149 800 2194 sequentibus
817 2159 947 2191 rursus»,
962 2150 1043 2184 dum
1059 2151 1193 2194 quaerit,

107 2191 207 2259 31¹²
219 2167 349 2248 ratione
362 2220 383 2246 3
396 2211 504 2255 primo
518 2210 681 2254 principio
694 2210 874 2244 secundum
889 2210 1030 2252 oriatur,
1049 2209 1096 2244 ita
1110 2211 1194 2244 scri-

103 2273 193 2311 hit
207 2285 221 2308 ι
234 2280 445 2318 quincunque
466 2273 644 2316 postquam
670 2270 793 2304 donata
816 2270 959 2312 fuerint,
983 2271 1031 2304 sic
1056 2271 1100 2304 ad
1118 2280 1194 2304 eum

207 2323 331 2377 adm
345 2331 578 2373 traducuntur,
599 2332 640 2365 ut
657 2329 700 2364 ab
723 2340 764 2364 eo
790 2330 848 2374 qui
871 2329 1000 2369 dederit
1018 2331 1194 2374 seJungan-

194 2391 371 2436 ²0xempli
387 2390 496 2435 gratia
510 2384 659 2433 curatio,
684 2391 829 2432 divitiae,
851 2392 1024 2434 argentum
1041 2390 1195 2425 caelatum

1 2255 5 2281 a

100 2347 179 2403 ’,ἦν

30 2406 35 2427 ἲ
108 2407 138 2441 jai

104 2450 183 2493 Γ
276 2453 409 2487 -ιπιιι,
431 2459 472 2486 ea
488 2451 600 2485 omnia
610 2451 765 2485 mortalia
783 2451 864 2485 sunt
881 2452 917 2485 et
934 2450 1092 2485 humana.
1154 2451 1197 2484 At

112 2517 139 2565 :ff
176 2506 212 2546 ζ’
255 2510 542 2555 suntejusmodi,
555 2520 631 2554 quae
648 2520 726 2544 cum
745 2510 818 2545 aliis
830 2510 877 2545 ita
895 2511 1194 2552 communicentur,

102 2584 174 2636 ᾗ
182 2567 193 2570 “’
288 2573 491 2617 postquam
516 2570 595 2606 hinc
618 2571 699 2605 illuc
715 2572 967 2613 commearunt,
991 2570 1070 2605 hinc
1086 2572 1198 2605 tamen

166 2671 187 2679 ,ὶ
245 2632 370 2675 rint,
388 2632 424 2666 et
443 2630 523 2666 illue
547 2631 694 2674 proiecta
712 2631 760 2665 sic
777 2640 852 2665 eum
866 2631 986 2674 :iuvent
1019 2631 1078 2674 qui
1098 2640 1156 2664 ace
1149 2640 1195 2665 e-

118 2690 218 2731 'Es‘
232 2718 248 2738 ,
253 2695 303 2729 nt
322 2691 355 2728 ei
366 2691 425 2736 qui
446 2691 577 2727 dederit
590 2701 656 2726 non
668 2694 820 2733 noceant,
838 2692 941 2726 immo
954 2691 1083 2735 prosint
1093 2691 1195 2726 ctiam

244 2775 246 2778 .
278 2762 360 2798 qun
372 2753 445 2796 iam
465 2754 542 2788 aute
561 2755 702 2788 noverat
719 2753 958 2787 recordatione.
1003 2752 1198 2794 Cuiusmodi

132 2802 159 2812 μ’
217 2828 220 2832 ’
237 2811 389 2852 mus
409 2812 560 2848 doctrina
577 2816 643 2856 est,
665 2823 719 2849 res
736 2813 831 2857 plane
855 2813 1030 2857 singularis
1049 2815 1083 2847 et
1109 2822 1197 2856 prze-

92 2867 96 2872 ’
183 2861 206 2929 J
241 2893 257 2920 ς,
269 2881 348 2920 qun
365 2882 472 2918 quum
494 2874 670 2918 accipienti
694 2873 872 2908 utilitatem
891 2873 1022 2914 afferat,
1041 2875 1073 2907 ei
1087 2875 1198 2907 tamen

200 2976 202 2981 ,
324 2949 326 2958 ¹
356 2942 423 2973 non
437 2934 591 2978 eripitur.
634 2936 718 2968 Nam
731 2933 1011 2977 quemadmodum
1025 2933 1195 2967 lucernam

118 2982 178 3004 ⁶
224 2994 353 3038 θῆκ’..
375 3004 452 3039 quoe
481 3004 618 3030 accensa
639 2995 682 3029 ab
699 2994 804 3028 altera
833 2993 951 3036 fuerit,
972 2994 1086 3026 lumen
1118 2993 1197 3027 illud

182 3051 198 3097 ζ
235 3052 266 3105 J
285 3055 436 3102 „quod
463 3055 567 3100 priori
583 3063 650 3089 non
673 3054 853 3096 ademerit,
877 3053 936 3088 sed
960 3054 1115 3096 tantum,
1133 3063 1199 3097 qua

133 3103 150 3156 ¹,
193 3140 224 3150 .·
277 3134 281 3139 ·
307 3115 390 3160 :ipsu
403 3117 456 3150 est
470 3115 627 3156 materia,
644 3114 783 3149 alterius
801 3114 875 3157 igne
891 3123 1042 3154 accensa,
1061 3122 1197 3157 accepen

124 3163 127 3170 Δ
267 3179 272 3190 ²
289 3174 634 3221 ,protecto‘doctrina‚
652 3176 691 3209 ut
709 3174 863 3209 tradatur
879 3174 921 3208 ab
938 3173 1055 3215 altero,
1086 3173 1129 3208 ab
1147 3175 1198 3208 al—

130 3260 137 3269 ,
311 3253 314 3263 ι
342 3237 421 3278 tur,
441 3235 559 3271 eadem
574 3235 686 3272 tamen
705 3234 790 3270 etin
808 3243 849 3269 eo
863 3233 921 3278 qui
934 3233 1064 3268 dederit
1085 3235 1199 3278 postea

268 3320 271 3324 -
301 3320 312 3339 ,
337 3295 423 3331 etin
447 3305 489 3330 eo
510 3295 569 3340 qui
585 3295 773 3339 acceperit,
792 3295 864 3338 ipsa
883 3295 982 3329 inest.
1029 3294 1132 3337 cujus
1153 3295 1199 3329 rei

186 3359 190 3362 ’
214 3404 216 3406 v
255 3363 304 3400 ,ο
320 3356 463 3401 hospes,
492 3355 575 3392 nihil
602 3355 742 3390 humani
768 3357 842 3397 est;
867 3355 927 3389 sed
953 3354 1044 3398 quod
1068 3355 1200 3389 affectio

177 3414 318 3462 Me
333 3417 463 3452 naturoe
480 3416 617 3451 habitus
635 3416 791 3451 doctrina
808 3415 970 3459 praeditus
984 3414 1096 3449 idem·
1088 3425 1122 3449 ιιι
1139 3416 1201 3449 deo

39 3581 42 3586 ¹
106 3534 135 3567 «ι
131 3527 325 3581 *nte
342 3536 539 3580 sapientiam
555 3537 599 3572 ad
613 3536 764 3573 homines
787 3546 854 3572 una
880 3545 958 3571 cum
980 3536 999 3568 i
991 3545 1054 3579 me
1081 3535 1199 3572 claris-

1019 230 1350 278 FRAGMENTA.

2214 234 2291 276 169

1215 321 1441 375 προσούσης
1468 326 1520 378 τῷ
1543 326 1694 379 δευτέρῳ
1718 325 1888 374 κινήσεως
1904 357 1914 375 ,
1936 324 2000 374 τὴν
2020 339 2218 378 προσουσαν
2241 327 2292 376 τῶ

1243 382 1376 444 πρώτῳ
1403 383 1528 423 στάσιν
1554 385 1646 438 φημὶ
1668 366 1758 425 εἶναι
1786 385 1921 434 κίνησιν
1951 385 2141 438 σύμφυτον·
2173 386 2232 436 ἀφ’
2252 379 2294 432 ἧς

1244 445 1266 489 ἥ
1287 458 1326 481 τε
1359 442 1453 489 τάξις
1473 449 1533 484 τοῦ
1554 444 1709 496 κόσμου,
1741 445 1801 484 καὶ
1823 449 1847 493 ἡ
1867 445 1956 496 μονὴ
1986 448 2009 493 ἡ
2031 441 2161 493 ἄιδιος,
2187 443 2248 482 καὶ
2267 446 2291 491 ἡ

1244 501 1402 556 σωτηρία
1421 504 1606 557 ἀναχεῖται
1635 505 1682 548 εἷς
1701 503 1747 543 τὰ
1774 505 1850 543 ὅλα.
1907 504 1994 545 Ἐπι
2015 503 2150 548 τούτοις
2181 502 2242 542 και
2259 503 2293 541 ἐν

1243 563 1294 615 τῷ
1312 561 1405 616 ἕκτῳ
1432 563 1640 615 προστίθησι
1671 578 1795 602 ταυτα·
1832 563 1952 612 ἐπειδὴ
1987 563 2066 617 ᾔδει
2091 566 2110 602 ὁ
2140 563 2295 603 Πλάτων

1244 620 1342 673 παρὰ
1361 626 1433 666 τοῖς
1459 622 1653 676 ἀνθρώποις
1682 622 1738 662 τὸν
1767 622 1831 674 μὲν
1853 623 2061 676 δημιουργὸν
2078 624 2298 676 γινωσκόμε-

1244 696 1301 720 νον
1319 680 1421 733 μόνον
1438 713 1449 733 ,
1467 682 1526 721 τὸν
1554 682 1672 735 μέντοι
1704 686 1842 737 πρῶτον
1872 687 1948 723 νοῦν
1961 715 1971 731 ,
2001 682 2096 727 ὅστις
2118 684 2294 733 καλεῖται,

1246 739 1350 779 αὐτὸν
1369 740 1593 781 παντάπασιν
1613 740 1843 794 ἀγνοούμενον
1855 743 1941 794 παρ’
1961 742 2099 789 αὐτοῖς,
2117 742 2175 780 διὰ
2194 746 2297 781 τοῦτο

1245 799 1354 845 οὕτως
1373 794 1467 840 εἶπεν
1483 830 1494 852 ‚
1509 800 1628 853 ὥσπερ
1650 801 1690 840 ἂν
1717 800 1748 840 εἴ
1768 817 1820 846 τις
1839 801 1931 841 οὕτω
1946 801 2053 854 λέγοι·
2073 808 2083 831 ²
2101 795 2131 841 ὦ
2154 802 2296 856 ἄνθρω-

1246 875 1327 908 ποι,
1349 859 1386 900 ὃν
1414 860 1583 906 τοπάζετε
1600 863 1700 912 ὑμεῖς
1721 864 1822 911 νοῦν,
1843 862 1906 900 οὐκ
1926 861 2000 900 ἔστι
2027 864 2181 914 πρῶτος,
2208 861 2300 902 ἀλλὰ

1247 917 1362 971 ἕτερος
1392 919 1462 972 πρὸ
1478 919 1600 958 τούτου
1622 923 1724 968 νοῦς,
1753 919 1990 973 πρεσόύτερος
2022 921 2083 960 καὶ
2110 920 2295 975 θειότερος.

1247 978 1321 1018 Καὶ
1348 977 1426 1029 μεθ’
1442 977 1545 1031 ἕτερα
1560 978 1724 1031 ἐπιλέγει·
1742 972 1958 1032 κυὸερνήτης
1976 979 2039 1030 μέν
2057 996 2124 1019 που
2143 981 2176 1020 ἐν
2195 981 2296 1035 μέσῳ

1248 1036 1397 1090 πελάγει
1429 1039 1664 1092 φορούμενος,
1697 1038 1785 1091 ὑπὲρ
1815 1037 1990 1086 πηδαλίου
2021 1039 2197 1092 ὑψίζυγος,
2230 1046 2302 1086 τοῖς

1251 1097 1340 1144 οἴαξι
1363 1097 1503 1138 διιθύνει
1522 1097 1586 1147 τὴν
1619 1101 1703 1137 ναῦν
1723 1097 1938 1152 ἐφεζόμενος·
1968 1097 2114 1150 ὄμματα
2147 1100 2175 1138 δ’
2195 1101 2299 1139 αὐτοῦ

1249 1157 1310 1199 καὶ
1325 1162 1422 1207 νοῦς,
1442 1158 1522 1198 εὐθὺ
1539 1161 1598 1197 τοῦ
1622 1156 1758 1211 αἰθέρος
1778 1156 1980 1204 ξυντέταται
1999 1158 2084 1212 πρὸς
2102 1158 2147 1197 τὰ
2164 1157 2296 1212 μετάρ-

1249 1233 1309 1258 σια
1321 1248 1332 1270 ,
1349 1216 1411 1257 καὶ
1431 1220 1453 1265 ἡ
1472 1218 1546 1262 ὁδὸς
1567 1218 1663 1272 αὐτῷ
1685 1216 1759 1256 ἄνω
1777 1216 1825 1255 δι’Δ
1844 1216 1990 1268 οὐρανοῦ
2010 1216 2151 1265 ἄπεισι,
2163 1216 2303 1255 πλέοντι

1247 1278 1346 1318 κάτω
1364 1277 1457 1317 κατὰ
1474 1277 1535 1325 τὴν
1561 1278 1751 1316 θάλατταν·
1768 1275 1860 1316 οὕτω
1880 1273 1942 1315 καὶ
1962 1278 1980 1315 ὁ
2000 1275 2226 1329 δημιουργός,
2241 1275 2304 1323 τὴν

1249 1337 1358 1387 ὕλην,
1377 1341 1439 1377 τοῦ
1461 1337 1550 1389 μήτε
1582 1338 1851 1390 διακρουσθηναι
1868 1350 1902 1385 u,
1926 1335 2016 1388 μήτε
2039 1337 2304 1388 περιπλανηθῆ-

1249 1413 1305 1438 ναι
1341 1396 1474 1449 αὐτήν,
1508 1395 1659 1450 ἁρμονία
1691 1394 1972 1469 ξυνδησάμενος,
2006 1395 2108 1439 αὐτὸς
2135 1394 2198 1447 μὲν
2219 1394 2306 1448 ὑπὲρ

1249 1456 1378 1505 ταύτης
1397 1428 1549 1511 ἵδρύται,
1571 1449 1642 1495 οἷον
1674 1455 1763 1510 ὑπὲρ
1796 1454 1941 1504 νεώς,ε
1927 1455 1985 1495 ἐπὶ
2012 1455 2212 1504 θαλάττης,
2245 1458 2306 1503 τῆς

1250 1516 1347 1566 ὕλης·
1371 1516 1435 1565 τὴν
1464 1514 1633 1569 ἁρμονίαν
1659 1514 1696 1555 δὲ
1717 1514 1809 1555 ἷθύνε
1796 1531 1864 1564 ε,ιν
1885 1521 1961 1560 ταῖς
1995 1515 2103 1560 ἰδέαις
2125 1514 2307 1564 οἰακίζων,

1255 1672 1339 1706 simo
1353 1681 1374 1705 a
1385 1672 1581 1705 Prometheo
1596 1671 1741 1705 delatam
1756 1679 1830 1705 esse
1841 1670 1985 1705 dicebat.
2030 1671 2121 1705 Idem
2137 1670 2308 1713 paululum

1253 1743 1445 1777 progressus
1472 1732 1698 1775 superioribus
1725 1732 1803 1765 haec
1837 1732 2006 1775 subiungit
2026 1744 2034 1764 ε
2060 1741 2099 1766 ea
2125 1733 2202 1766 sunt
2229 1731 2308 1765 vitae

1252 1785 1392 1837 genera,
1412 1793 1509 1836 primi
1522 1792 1577 1826 dei
1595 1793 1762 1835 alterum,
1784 1792 1928 1826 alterum
1951 1792 2098 1826 secundi.
2144 1791 2309 1826 Nimirum

1252 1853 1379 1896 primus
1390 1852 1474 1886 deus
1501 1861 1587 1885 unus
1603 1851 1758 1894 idemque
1779 1852 1951 1895 permanet
1969 1864 1977 1884 ι
2004 1853 2120 1887 contra
2143 1852 2309 1886 secundus

1253 1913 1392 1947 subinde
1413 1912 1539 1946 moveri
1557 1912 1652 1946 solet.
1698 1913 1808 1954 Atque
1834 1912 1891 1946 ille
1915 1911 2051 1954 quidem
2070 1912 2103 1945 in
2129 1912 2228 1946 rebus
2245 1911 2309 1945 sub

1251 1974 1501 2016 intelligentiam
1518 1972 1727 2014 cadentibus,
1752 1972 1807 2010 bic
1818 1971 1854 2006 in
1872 1972 2130 2015 intelligibilibus
2147 1974 2180 2006 et
2204 1972 2311 2006 sensi-

1252 2034 1374 2069 bilibus
1389 2036 1554 2068 versatur.
1599 2033 1673 2067 Noli
1697 2034 1809 2067 autem
1836 2033 1961 2075 mirari,
1992 2034 2020 2067 si
2039 2034 2102 2067 hoc
2128 2034 2215 2075 dixi3
2232 2043 2310 2068 nam

1253 2095 1359 2129 multo
1376 2095 1477 2129 etiam
1503 2094 1687 2128 mirabilius
1713 2097 1784 2135 est,
1809 2095 1900 2138 quod
1924 2095 2049 2129 audies.
2093 2096 2221 2138 Quippe
2239 2095 2311 2129 loco

1253 2156 1366 2188 motus
1393 2155 1487 2197 eJus,
1513 2163 1580 2197 quo
1605 2155 1771 2189 secundus
1793 2154 1918 2196 cietur,
1944 2155 2090 2197 quietem
2106 2155 2204 2197 primi
2233 2164 2309 2200 pro-

1254 2214 1356 2257 priam
1373 2213 1519 2247 nativam
1536 2213 1703 2257 quandam
1722 2214 1900 2247 motionem
1912 2223 1985 2248 esse
2003 2214 2158 2254 defendo,
2185 2224 2228 2248 ex
2244 2224 2310 2257 qua

1254 2273 1369 2318 mundi
1394 2273 1478 2307 ordo
1494 2281 1534 2306 ac
1559 2273 1759 2316 sempiterna
1782 2273 1966 2307 constantia
1988 2276 2022 2307 et
2048 2273 2258 2316 incolumitas
2277 2274 2311 2308 in

1255 2343 1367 2368 rerum
1384 2333 1638 2368 universitatem
1654 2334 1869 2369 diffundatur.
1914 2336 1995 2368 Post
2011 2334 2085 2368 haec
2101 2335 2200 2368 etiam
2226 2334 2310 2368 libro

1256 2395 1351 2428 sexto
1382 2394 1648 2437 praecedentibus
1680 2394 1744 2427 alia
1769 2393 1927 2436 adjiciens
1952 2394 2000 2429 ita
2027 2395 2140 2428 scribit
2170 2405 2178 2425 ε
2207 2404 2312 2438 quum

1256 2455 1352 2488 Plato
1369 2454 1469 2488 sciret
1484 2454 1591 2488 solum
1609 2454 1759 2497 opificem
1772 2454 1873 2488 deum
1888 2455 2005 2489 notum
2021 2454 2213 2490 hominibus
2225 2464 2310 2496 esse,

1258 2515 1291 2548 at
1320 2514 1464 2557 primum
1492 2513 1606 2555 illum,
1629 2513 1690 2557 qui
1721 2514 1840 2547 mentis
1875 2514 2006 2549 nomine
2031 2515 2226 2558 appellatur,
2254 2523 2312 2548 eos

1256 2573 1390 2617 penitus
1419 2573 1540 2614 latere,
1572 2572 1697 2606 idcirco
1726 2573 1790 2608 hoc
1816 2573 1974 2607 orationis
2000 2583 2104 2617 genus
2141 2573 2311 2617 adhibuit,

1256 2634 1392 2678 perinde
1411 2641 1451 2667 ac
1466 2633 1494 2666 si
1507 2633 1582 2676 quis
1595 2633 1685 2667 hunc
1696 2631 1731 2667 in
1748 2633 1885 2667 modum
1902 2634 2116 2677 loqueretur:
2131 2643 2231 2676 quam
2252 2643 2312 2668 vos

1258 2696 1405 2728 mentem
1430 2692 1580 2727 homines
1600 2702 1674 2727 esse
1695 2693 1873 2736 conjicitis,
1892 2702 1932 2727 ea
1955 2693 2091 2736 quidem
2114 2693 2222 2737 prima
2247 2703 2313 2728 non

1257 2755 1320 2796 est,
1335 2754 1395 2788 sed
1404 2753 1573 2796 antiquior
1584 2753 1690 2787 altera
1702 2753 1858 2796 quaedam
1871 2755 1922 2786 est
1933 2755 2033 2795 atque
2048 2752 2201 2787 divinior.
2215 2753 2312 2787 Item-

1259 2823 1326 2859 que
1354 2812 1517 2846 nonnullis
1545 2811 1748 2855 interpositis
1775 2811 1823 2846 ait
1849 2807 2078 2854 :gubernator
2111 2811 2180 2846 fere
2203 2811 2314 2845 medio

1258 2875 1343 2909 mari
1361 2874 1517 2918 jactatus,
1541 2873 1637 2907 clavo
1655 2873 1790 2917 quidem
1821 2872 1978 2906 sublimis·
2002 2871 2168 2911 insidens,
2195 2877 2312 2906 navem

1258 2935 1489 2980 gubernaculis
1503 2934 1639 2978 dirigit:
1658 2943 1775 2969 verum
1791 2934 1905 2968 oculos
1924 2934 2022 2968 simul
2042 2935 2142 2976 atque
2161 2934 2310 2968 animum

1258 2998 1350 3030 reela
1367 2995 1400 3028 in
1415 2993 1767 3037 ardoremcoelestem,
1779 2994 1839 3037 qui
1858 2993 1963 3028 aether
1977 2993 2166 3026 nominatur
2178 3018 2187 3034 ‚
2205 2993 2313 3026 inten-

1260 3058 1331 3091 tum
1362 3050 1575 3097 detixumq'ue
1607 3055 1720 3096 tenet,
1743 3062 1907 3097 suumque
1943 3053 2085 3094 homini,
2120 3052 2200 3086 dum
2230 3052 2314 3087 infra

1259 3124 1349 3150 mare
1365 3114 1508 3158 trajicit,
1521 3115 1584 3149 iter
1597 3123 1699 3158 supra
1713 3123 1773 3158 per
1788 3114 1910 3148 coelum
1931 3113 2117 3148 coniicitur.
2150 3114 2201 3147 Ita
2213 3113 2313 3147 etiam

1260 3177 1374 3212 mundi
1399 3177 1521 3220 opifex,
1541 3185 1584 3211 ne
1604 3176 1745 3212 materia
1760 3177 1819 3210 aut
1837 3176 2060 3210 discuteretur
2073 3200 2082 3216 ,
2099 3175 2159 3209 aut
2174 3182 2314 3217 vagare·

1259 3239 1327 3280 tur,
1354 3245 1428 3272 eam
1451 3236 1690 3280 temperatione
1716 3246 1782 3271 non
1807 3236 1916 3270 solum
1945 3235 2133 3278 colligavit,
2153 3234 2213 3268 sed
2243 3234 2312 3277 ipse

1260 3298 1360 3332 etiam
1378 3296 1428 3340 ei,
1447 3297 1614 3340 quomodo
1628 3296 1661 3330 in
1682 3296 1767 3330 mari
1787 3295 1918 3337 navigio
1930 3321 1938 3336 ,
1956 3295 2004 3328 sic
2018 3294 2151 3336 insidet,
2169 3295 2208 3327 ut
2226 3295 2313 3326 tern-

1260 3358 1465 3402 perationem
1479 3367 1576 3392 suam
1595 3357 1678 3393 ideis
1690 3381 1700 3400 ,
1722 3355 1818 3400 quasi
1841 3354 2073 3397 gubernaculis
2090 3352 2312 3395 quibusdam

1260 3417 1483 3452 moderetur.
1506 3416 1647 3460 coelique
1681 3415 1754 3450 loco
1786 3414 1990 3458 superiorem
2022 3415 2054 3447 in
2080 3413 2180 3446 deum
2211 3411 2316 3455 ipsius

108 3459 228 3524 β,
233 3476 303 3520 'qni
314 3476 430 3519 dedit,
451 3477 604 3521 atquem
620 3486 673 3511 me
694 3478 729 3511 et
741 3478 793 3518 te,
817 3476 874 3519 qui
888 3475 1088 3519 accepimus.
1133 3477 1201 3510 lta·
1257 3477 1374 3511 oculos
1397 3478 1432 3512 in
1455 3486 1491 3512 se
1524 3477 1772 3511 convertentem
1796 3475 1960 3515 intuitus,
1982 3483 2020 3508 ex
2039 3471 2315 3516 contemplatione

1247 3537 1435 3582 judicandi
1458 3538 1528 3573 vim
1544 3539 1643 3582 atque
1659 3546 1702 3573 ex
1728 3544 1788 3570 suo
1815 3534 1980 3571 desiderio
2007 3533 2259 3578 propensionem
2281 3535 2315 3566 et
