2528 3788
117 266 318 342 σπέρματος
336 266 396 306 καὶ
418 271 477 307 τοῦ
497 267 727 320 καταμηνίου
733 265 884 319 γεγονός.
965 268 1043 306 Οὐκ
1058 270 1166 320 ὀρθῶς

117 318 198 375 ουν,
214 324 343 379 φησίν,
366 324 497 365 οἴονται
522 325 575 366 ὅτι
595 326 636 366 τὸ
654 325 797 380 σπέρμα
829 325 868 364 τὸ
900 326 1019 371 ἀτελὲς
1045 327 1106 366 καὶ
1125 328 1165 366 τὸ

114 383 334 438 καταμήνιόν
353 386 439 424 εἰσιν
462 386 595 439 ἀρχαί,
621 387 701 425 ἀλλ’
728 387 747 424 ὁ
765 383 882 437 πατὴρ
902 384 962 423 καὶ
981 389 1003 433 ἡ
1025 385 1164 460 μήτηρ,

115 442 240 489 οἵτινες
257 444 343 498 πρὸς
366 447 417 498 τῷ
446 445 572 485 τέλειοι
597 439 688 486 εἶναι
718 443 778 484 καὶ
812 443 976 499 πρότεροί
1007 446 1073 483 εἰσι
1102 448 1164 484 τοῦ

115 500 318 557 σπέρματος
337 503 398 543 καὶ
418 509 479 543 τοῦ
508 503 743 557 καταμηνίου·
773 502 865 542 ὥστε
885 502 1051 558 πρότερός
1071 505 1164 544 ἔστιν

110 564 130 610 ὁ
151 561 331 616 ἅνθρωπος
347 567 408 603 τοῦ
437 563 658 618 σπέρματος,
680 564 748 617 οὐχ
766 565 785 602 ὁ
809 563 848 602 ἐκ
872 567 931 602 τοῦ
962 563 1164 617 σπέρματος

109 621 280 675 γεγονώς,
300 622 379 663 ἀλλ’
397 625 416 662 ὁ
435 623 555 678 πατὴρ
577 622 613 669 ἐξ
627 616 668 661 οὗ
686 621 726 661 τὸ
751 621 907 676 σπέρμα.
937 621 1009 662 Καὶ
1026 638 1163 675 συμπε-

110 681 268 737 ραίνεται
285 681 410 736 λέγων·
439 683 493 723 ὅτι
522 683 586 736 μὲν
615 677 676 724 ουν
709 681 804 722 ἔστιν
833 681 936 722 οὗσία
965 678 1075 727 ἀΐδιος
1101 681 1163 721 καὶ

106 742 352 798 κεχωρισμένη
372 744 434 784 καὶ
463 743 555 793 ἄλλη
585 745 654 783 τῶν
672 744 871 792 αἰσθητῶν,
899 743 1018 791 δῆλον.
1042 743 1163 782 Δέδει-

106 817 190 843 κται
208 802 246 842 δὲ
264 802 327 843 καὶ
346 805 383 843 ἐν
403 805 455 858 τῷ
477 804 514 844 Θ
529 806 591 852 τῆς
608 805 772 852 Φυσικῆς
792 802 1008 856 Ἀκροάσεως
1027 801 1082 841 ὅτι
1102 801 1163 841 καὶ

108 861 296 912 ἀσώματος
326 863 388 904 καὶ
419 861 553 916 ἀμερής
586 863 679 902 ἔστιν
716 866 738 910 ἡ
761 862 907 910 τοιαύτη
936 861 1053 902 οὐσία.
1091 860 1162 900 Καὶ

0 913 1 979 l
105 921 369 976 ὑπομιμνήσκει
394 925 462 963 τῶν
490 924 562 963 ἐκεῖ
582 922 756 977 ῥηθέντων
783 921 837 961 ὅτι
856 924 879 970 ἡ
901 923 1049 971 τοιαύτη
1066 920 1159 974 ἀρχὴ

0 981 1 985 ’
106 989 197 1023 κινεῖ
232 979 346 1022 ἀΐδιον
365 982 522 1032 κίνησιν,
548 982 588 1021 τὸ
619 981 655 1021 δὲ
674 983 722 1027 εἷς
741 979 850 1022 ἀΐδιον
875 984 992 1021 κινοῦν
1025 980 1160 1028 κίνησιν

105 1041 382 1096 ἀπειροδυναμον
409 1035 536 1082 εἶναι’
516 1042 666 1095 ανάγκη·
683 1041 861 1082 δέδεικται
890 1040 959 1095 γὰρ
978 1040 1039 1081 καὶ
1058 1045 1161 1080 τοῦτο

102 1105 228 1144 ἐκεῖσε
249 1101 298 1143 Ἡ
314 1101 351 1142 δὲ
368 1101 509 1157 ἄπειρος
525 1101 673 1154 δύναμις
687 1103 722 1142 ἓν
739 1100 1000 1154 πεπερασμένῳ
1020 1100 1160 1152 σώματι

103 1155 194 1202 εἶναι
225 1162 264 1202 οὖ
298 1161 460 1202 δύναται·
495 1161 670 1202 δέδεικται
702 1161 771 1215 γὰρ
800 1160 861 1201 καὶ
896 1164 1002 1200 τοῦτο
1032 1161 1158 1200 ἐκεῖσε.

100 1219 264 1277 Ἄπειρον
281 1221 318 1262 δὲ
338 1223 445 1274 σῶμα
465 1221 519 1262 ὅτι
543 1223 607 1262 οὒκ
625 1221 721 1261 ἔστιν
746 1221 859 1270 ὅλως,
893 1219 1069 1259 δέδεικται
1097 1219 1157 1258 καὶ

101 1282 139 1322 ἐν
153 1283 205 1336 τῷ
223 1281 332 1336 τρίτῳ
355 1284 420 1330 τῆς
440 1297 588 1336 φυσικης
607 1281 830 1335 ἀκροάσεως,
854 1279 1034 1320 δέδεικται
1050 1278 1139 1319 καὶ’
1125 1294 1159 1319 εν

102 1344 153 1396 τῷ
166 1341 296 1396 πρώτῳ
312 1343 375 1390 τῆς
397 1341 477 1396 περὶ
494 1342 669 1395 Οὐρανοῦ.
688 1339 894 1393 Ἀσώματον
915 1340 986 1395 ἄρα
1003 1339 1042 1379 τὸ
1058 1341 1161 1379 ἀπει-

105 1400 298 1454 ροδύναμόν
331 1402 440 1440 ἐστιν.
517 1400 625 1441 Ἀλλὰ
655 1399 726 1452 μὴν
763 1398 825 1438 καὶ
851 1396 986 1443 ἀπαθές
1014 1399 1091 1438 ἐστι
1121 1398 1161 1436 τὸ

101 1462 239 1514 πρῶτον
275 1459 388 1500 αἴτιον
418 1460 480 1500 καὶ
509 1459 760 1501 ἀναλλοίωτον·
791 1461 822 1498 εἰ
856 1458 926 1512 γὰρ
963 1458 1053 1503 δ’λως
1082 1459 1160 1498 ἐκι-

99 1524 213 1568 νεῖτο,
249 1518 314 1568 τὴν
351 1518 496 1573 πρώτην
522 1518 565 1559 ἂν
602 1518 754 1558 ἐκινεῖτο
787 1520 856 1557 τῶν
892 1517 1066 1565 κινήσεων
1091 1517 1158 1564 τὴν

99 1576 195 1618 κατὰ
214 1577 348 1626 τόπον,
373 1577 505 1626 ταύτην
536 1576 574 1616 δὲ
593 1575 771 1617 δέδεικται
800 1576 855 1616 ὅτι
874 1578 913 1616 οὐ
939 1583 1107 1618 κινεῖται·
1126 1579 1157 1616 εἷ

98 1635 137 1677 δὲ
159 1635 212 1688 μὴ
230 1634 376 1696 ταυτην,
397 1639 510 1690 σχολῇ
529 1652 569 1689 γε
589 1636 651 1682 τὰς
677 1636 818 1687 ἄλλας.)

112 1747 114 1749 ‚
155 1709 219 1737 im.
248 1691 476 1751 Σπευσίππῳ
506 1696 745 1750 παραλυθέντι
777 1695 823 1735 τὰ
855 1695 965 1746 σκέλη
992 1696 1159 1748 Διογένης

97 1753 280 1808 ἐξαγαγεῖν
301 1754 406 1795 αὑτὸν
427 1758 486 1795 τοῦ
519 1755 596 1810 βίου
618 1755 791 1809 παρῄνει,
807 1757 825 1794 ὃ
847 1753 905 1807 δὲ,
925 1757 963 1795 οὔ
984 1758 1056 1800 τοῖς
1076 1756 1158 1794 σκέ-

97 1816 218 1864 λεσιν,
239 1814 327 1869 ἔφη,
349 1817 488 1866 ζῶμεν,
523 1814 617 1855 ἀλλὰ
637 1817 689 1870 τῷ
709 1817 771 1870 νῷ.

152 1873 353 1928 (Stobaeus
381 1874 520 1916 Floril.
545 1874 692 1923 CXIX,
724 1891 768 1924 ¹7
802 1875 1057 1916 Σπευσίππου.
1079 1875 1156 1914 Ρο-

98 1934 162 1975 sui
181 1934 286 1974 αὑτὸν
305 1947 395 1974 οιιιιι
416 1934 637 1984 Meineki03
659 1935 779 1985 vulgo
799 1932 914 1974 αὐτόν.
935 1933 950 1986 )

153 2007 221 2034 200-
237 1993 472 2038 Σπευσιππος
492 1994 567 2034 θεὸν
584 1995 642 2033 τὸν
659 1999 737 2033 νοῦν
755 1992 834 2032 οὔτε
853 1994 904 2043 τῷ
925 1990 976 2030 ἑνὶ
999 1989 1081 2031 οὕτε
1105 1995 1156 2045 τῷ

99 2052 222 2104 ἀγαθῷ
239 2051 298 2090 τὸν
320 2050 448 2099 αὐτόν,
470 2053 609 2106 ἰδιοφυῆ
633 2051 669 2090 δὲ
685 2049 953 2104 [ἀπεφήνατο].

156 2109 353 2169 (Stobaeus
375 2109 457 2150 Ecl.
478 2110 595 2162 phys.
621 2119 659 2149 et
684 2111 764 2150 eth.
787 2109 862 2149 lib.
886 2111 905 2149 1
926 2123 1010 2162 cap.
1035 2124 1074 2159 2,
1102 2113 1152 2149 28

102 2182 191 2222 pag.
214 2162 271 2210 58
285 2169 350 2210 ed.
374 2169 550 2219 Heeren3
574 2183 666 2223 pag.
700 2184 749 2208 22
785 2169 845 2207 ed.
868 2168 1067 2210 Gaisford.
1090 2170 1159 2209 ln-

24 2278 32 2283 ,
100 2229 206 2268 serui
237 2227 313 2268 θεὸν
342 2237 382 2268 et
415 2230 622 2283 ἀπεφήνατο
657 2230 833 2281 neglecta
865 2229 1061 2281 scriptura
1098 2229 1156 2269 τὸν

97 2287 190 2336 θεόν,
230 2301 349 2340 quam
393 2302 469 2340 pro
506 2286 565 2327 τὸν
602 2287 706 2328 αὐτὸν
749 2286 872 2327 codex
911 2289 1159 2339 Augustanus

96 2345 258 2399 prabet.
279 2346 378 2387 Cum
391 2347 537 2386 Stobaei
555 2347 644 2387 loco
661 2360 789 2400 operae
804 2347 976 2416 pretium
992 2355 1050 2387 est
1064 2362 1158 2387 con—

97 2407 257 2447 tendere
275 2407 480 2447 Ciceronis
499 2408 784 2448 auctoritatem.
810 2408 848 2448 ls
865 2408 972 2447 enim
1001 2407 1050 2446 de
1079 2417 1158 2450 nat.

97 2465 208 2508 deor.
226 2467 262 2516 Ι,
288 2468 333 2506 ι3
355 2467 635 2520 philosophum
658 2467 763 2506 hunc
791 2468 839 2507 de
872 2468 946 2506 deo
963 2467 1022 2506 sic
1038 2465 1154 2518 judi-

99 2534 251 2566 cantem
277 2526 400 2566 facit·
425 2543 443 2562 α
466 2526 714 2580 Speusippus
750 2527 956 2566 Platonem
986 2540 1157 2565 avuncu-

99 2585 179 2626 lum
201 2586 470 2640 subsequens,
503 2596 542 2626 et
559 2587 642 2626 vim
663 2587 858 2638 quandam
887 2587 1046 2632 dicens,
1079 2600 1157 2638 qua

98 2644 233 2687 omnia
246 2656 449 2702 regantur,
468 2660 634 2700 eamque
654 2647 890 2694 animalem,
912 2647 1083 2685 evellere
1103 2660 1155 2685 ex

97 2707 240 2752 animis
279 2716 445 2747 conatur
478 2707 743 2758 cognitionem
786 2706 1011 2745 deorum.»
1049 2705 1156 2744 Licet

11 2071 23 2086 n
13 2023 33 2055 -ρ
8 1994 34 2013 ’Σ
0 1686 36 1978 9ᾒὲἐψρις,“ικᾳὶ
6 1492 28 1674 νῇανθμρυῐὼ

141 2861 211 2892 199.
234 2858 455 2901 Speusippum
464 2857 617 2890 cruribus
634 2857 767 2898 captum
785 2864 823 2888 ac
838 2854 981 2888 debilem
995 2854 1156 2896 Diogenes

98 2918 304 2960 hortabatur,
327 2919 368 2951 ut
390 2919 534 2950 mortem
549 2916 622 2959 ipse
639 2915 704 2949 sthi
716 2914 948 2948 conscisceret
970 2914 1057 2946 Tum
1074 2912 1154 2946 ille.

96 2978 172 3013 Non
189 2976 360 3019 cruribus,
381 2976 505 3020 inquit,
524 2976 691 3016 vivimus,
710 2975 770 3009 sed
784 2976 908 3008 mente.

139 3040 215 3072 200.
233 3037 439 3080 speusippus
451 3036 552 3071 deum
566 3037 713 3069 mentem
726 3043 788 3068 nec
806 3034 862 3070 uni
875 3041 936 3066 nec
946 3032 1034 3065 bono
1048 3040 1157 3073 aequa-

99 3096 178 3141 lfln,
195 3097 256 3132 sed
274 3096 416 3141 propriae
430 3096 557 3130 naturae
573 3103 648 3129 esse
660 3094 777 3128 voluit.

139 3159 217 3192 201.
245 3159 286 3192 In
301 3157 409 3191 forma
433 3156 484 3190 rei
498 3163 752 3199 quoquoversus
771 3162 829 3195 per
850 3153 935 3185 hanc
952 3151 1154 3184 universita-

100 3219 170 3252 mn
185 3216 326 3252 intenta>
351 3218 387 3251 et
412 3214 627 3250 commeantis
653 3213 857 3257 Speusippus
883 3210 985 3245 animi
1005 3212 1156 3244 naturam

99 3278 225 3323 ponat.
272 3312 277 3315 .

28 3331 34 3343 ²
144 3341 219 3374 202.
236 3338 438 3383 Speusippus
453 3346 568 3371 rarum
582 3336 707 3371 faciens
723 3335 758 3368 id
775 3334 868 3377 quod
883 3334 1069 3375 pretiosum
1090 3333 1154 3373 est,

26 3430 30 3431 ι
105 3397 136 3431 ln
163 3398 275 3433 media
305 3398 437 3442 regione
461 3396 587 3431 versari
611 3396 732 3430 dicit:
767 3392 1042 3437 praestantissima
1078 3400 1157 3425 vero

0 3461 41 3533 ὲ
103 3459 205 3495 utam
223 3458 402 3502 utrimque-

0 3511 65 3547 Tus*

0 3546 68 3788 ἰ

1031 166 1366 222 FRAGMENTA}

2218 189 2269 226 93

1226 271 1331 309 enim
1353 269 1596 321 Speusippus
1628 273 1750 311 multo
1787 274 1903 325 plura
1933 286 1957 311 a
1986 272 2267 325 Pythagoreis,

1227 342 1343 380 quam
1367 342 1390 367 a
1407 329 1569 367 Platone
1591 340 1784 371 mutuatus
1812 333 1877 382 sit,
1907 333 1955 371 de
1975 332 2051 371 hoc
2069 340 2199 372 tamen
2221 332 2270 370 ab

1226 388 1275 426 iis
1296 389 1339 427 in
1359 389 1692 440 disputationibus
1716 392 1925 441 dissensit,
1962 392 2070 444 quod
2102 400 2271 430 mentem

1226 456 1303 486 tam
1324 449 1374 487 ab
1390 450 1538 488 unitate
1562 463 1677 501 quam
1701 464 1722 489 a
1742 453 1847 490 bono
1879 453 2074 491 diversam
2103 451 2269 502 putavit.

1225 507 1324 547 Sunt
1343 509 1409 559 qui
1426 507 1580 546 Stobaeo
1597 509 1848 549 Aristotelem
1883 520 2101 563 opponant.
2126 510 2274 562 Nempe

1225 566 1292 606 hic
1311 567 1438 607 Ethic.
1462 567 1684 608 Nicomach.
1712 569 1783 609 lib.
1819 570 1835 608 1
1869 584 1953 622 cap.
1984 577 2006 615 [ι
2030 571 2135 623 (vid.
2156 583 2275 622 supra

1227 627 1363 678 fragm.
1408 627 1505 679 195)
1544 627 1804 680 Speusippum
1842 630 1897 668 ait
1940 630 2271 680 Pythagoreorum

1224 687 1405 739 exemplo
1440 700 1560 725 unum
1593 687 1636 725 in
1655 687 1851 727 bonorum
1882 689 2022 727 ordine
2047 689 2106 740 (ἐν
2129 692 2172 740 τῇ
2202 692 2272 727 τῶν

1192 753 1196 821 Ι
1225 747 1366 798 ἀγαθῶν
1399 745 1606 798 συστοιχίᾳ)
1644 747 1806 786 locasse.
1841 750 1890 786 At
1922 748 2189 787 controversia
2220 748 2275 786 ita

1192 806 1309 851 [sine
1347 806 1470 846 dubio
1508 807 1781 857 componenda
1811 817 1888 856 est,
1930 817 1973 846 ut
2010 807 2274 859 Speusippum

1192 853 1366 905 'unitati
1404 866 1563 918 quidem
1604 864 1820 904 bonitatem
1870 866 2076 914 tribuisse,
2118 867 2186 905 sed
2226 866 2275 905 ab

1224 933 1388 977 utraque
1408 934 1575 964 mentem
1598 925 1796 964 diversam
1826 926 2008 964 statuisse
2038 926 2253 977 dicamus.)

1276 997 1342 1022 201.
1369 983 1431 1024 Ἐν
1467 986 1543 1039 ἰδέᾳ
1574 987 1636 1023 τοῦ
1671 984 1793 1032 πάντη
1826 986 2014 1024 διαστατοῦ
2047 985 2277 1029 Σπεύσιππος

1225 1041 1310 1096 (τὴν
1333 1043 1454 1084 οὐσίαν
1476 1047 1538 1091 τῆς
1559 1045 1674 1096 ψυχῆς
1696 1042 1938 1098 ἀφωρίσατο).

1277 1099 1475 1153 (Stobaeus
1510 1103 1594 1142 Ecl.
1627 1103 1744 1155 phys.
1778 1112 1816 1142 et
1852 1104 1930 1145 eth.
1954 1103 2025 1143 lib.
2062 1103 2080 1142 1
2112 1118 2197 1156 cap.
2226 1104 2275 1142 52

1222 1177 1309 1215 pag.
1337 1165 1414 1203 862
1438 1165 1498 1203 ed.
1520 1163 1802 1215 Heeren3pag.
1820 1163 1896 1201 368
1914 1163 1976 1201 ed.
2001 1162 2205 1201 Gaisford.
2228 1162 2274 1200 ln

1190 1223 1294 1278 hac
1310 1237 1469 1275 quoque
1484 1236 1526 1262 re
1541 1222 1787 1274 Speusippus
1806 1235 1827 1260 e
1850 1222 2085 1273 Pythagorae
2105 1221 2272 1260 decretis

1223 1283 1417 1334 pendebat
1450 1292 1544 1322 teste
1564 1282 1771 1329 Cicerone,
1794 1281 1863 1333 qui
1910 1281 1957 1319 de
1983 1289 2061 1321 nat.
2096 1280 2206 1319 deor.
2234 1280 2272 1328 1,

1227 1356 1270 1380 11
1298 1357 1308 1380 ι
1331 1342 1427 1381 Nam
1454 1342 1710 1394 Pythagoras,
1748 1343 1899 1392 inquit,
1923 1340 1992 1391 qui
2015 1340 2166 1378 censuit
2191 1340 2277 1378 ani-

1225 1416 1330 1441 mum
1350 1415 1435 1442 esse
1455 1415 1526 1454 per
1546 1409 1725 1440 naturam
1746 1413 1877 1438 rerum
1900 1412 2055 1438 omnem
2079 1399 2274 1437 intentum

1222 1470 1260 1500 et
1291 1469 1597 1507 commeantem,
1638 1471 1688 1497 ex
1711 1473 1789 1511 quo
1820 1459 1950 1497 nostri
1982 1457 2107 1497 animi
2140 1471 2278 1525 carpe-

1222 1531 1372 1570 r·,entu1
1398 1535 1480 1560 non
1497 1520 1600 1559 vidit
1621 1517 1876 1558 distractione
1900 1518 2096 1557 humanm
2099 1529 2165 1555 um
2185 1518 2278 1556 ani-

1190 1575 1194 1612 Ι
1222 1595 1375 1620 morum
1395 1581 1522 1619 d1sce1
1526 1594 1566 1632 pl
1595 1586 1634 1616 et
1653 1577 1819 1617 lacerari
1843 1578 1958 1616 deum
1980 1587 2055 1618 etc.
2072 1577 2173 1616 Vide
2192 1590 2278 1629 quae

1222 1642 1306 1680 dixi
1327 1641 1434 1681 Phil.
1455 1640 1528 1681 Gr.
1547 1638 1704 1688 Fragm.
1724 1638 1806 1678 vol.
1824 1636 1864 1675 11
1885 1651 1975 1711 pag.
1992 1637 2059 1678 IX.
2082 1636 2093 1690 )

1275 1713 1342 1740 202.
1366 1697 1596 1743 Σπευσίππος
1628 1697 1776 1736 σπάνιόν
1799 1712 1833 1735 ‘tt
1861 1696 1902 1735 τὸ
1935 1696 2054 1748 τίμιον
2088 1702 2201 1745 ποιεῖ,
2235 1712 2276 1735 TO

1220 1759 1302 1814 περὶ
1326 1759 1390 1807 τὴν
1411 1763 1473 1799 τοῦ
1503 1758 1611 1810 μέσου
1647 1755 1782 1811 χώραν·
1811 1755 1858 1794 τὰ
1886 1755 1915 1795 δ’
1935 1755 2030 1810 ἄκρα
2061 1755 2123 1794 καὶ
2158 1755 2281 1795 ἑκατέ-

1223 1823 1345 1873 ρωθεν.

1278 1878 1596 1932 (Theophrastus
1616 1875 1786 1927 Metaph.
1803 1889 1841 1926 9.
1861 1887 1951 1926 pag.
1979 1875 2055 1912 322
2076 1874 2136 1912 ed.
2157 1875 2281 1913 Bran-

1221 1939 1296 1978 dis.
1330 1938 1513 1989 Spectant
1546 1936 1629 1974 haec
1661 1935 1710 1973 ad
1748 1933 2088 1985 Pythagoteorum
2129 1933 2282 1984 opinio-

1222 2011 1333 2045 nem,
1373 2008 1491 2046 quam
1528 2003 1566 2032 et
1600 1993 1847 2045 Speusippus
1884 1991 2050 2043 habuit,
2081 1992 2278 2043 optimum

1223 2070 1301 2094 non
1338 2067 1420 2093 esse
1457 2054 1499 2092 in
1534 2052 1748 2104 principio.
1773 2050 1866 2090 Vid.
1893 2050 2048 2102 Fragm.
2090 2051 2180 2102 198.
2211 2050 2278 2089 Est

1222 2124 1349 2154 autem
1370 2113 1580 2166 probabile
1611 2111 1879 2164 Speusippum
1901 2123 1947 2148 ea
1981 2124 2068 2161 quae
2092 2111 2280 2161 leguntur

1222 2175 1326 2227 apud
1354 2174 1558 2212 Platonem
1588 2171 1695 2210 Tim.
1741 2183 1830 2222 pag
1865 2171 1933 2209 36.
1969 2169 2033 2208 E
2018 2182 2112 2220 Joco
2154 2170 2277 2220 magis

1223 2247 1340 2285 quam
1368 2233 1474 2272 serio
1503 2232 1611 2270 dicta
1641 2243 1730 2269 cum
1765 2229 1939 2267 Philolai
1978 2228 2070 2279 igne
2112 2228 2277 2267 centrali

1222 2292 1487 2343 conjunxisse.
1521 2290 1579 2329 Cf.
1619 2289 1774 2329 Philos.
1813 2287 1881 2326 Gr.
1911 2287 2064 2338 Fragm
2099 2288 2181 2328 vol.
2222 2287 2273 2328 ll.

1187 2208 1194 2424 l
1223 2351 1366 2390 Philol.
1393 2351 1534 2401 f1·.agm
1558 2351 1582 2388 6
1603 2362 1695 2402 pag.
1720 2348 1787 2399 2.)

1275 2425 1347 2452 203.
1370 2410 1604 2454 Σπεύσιππος
1620 2406 1681 2458 δέ,
1711 2406 1789 2446 ἐπεὶ
1809 2407 1877 2445 τῶν
1899 2406 2120 2459 πραγμάτων
2148 2405 2192 2444 τὰ
2212 2406 2278 2457 μὲν

1223 2470 1390 2520 αἰσθητά,
1409 2468 1455 2508 τὰ
1483 2467 1520 2507 δὲ
1539 2468 1673 2519 νοητά,
1711 2468 1782 2506 τῶν
1820 2465 1884 2517 μὲν
1918 2468 2055 2514 νοητῶν
2092 2467 2275 2520 κριτήριον

1222 2528 1336 2575 ἔλεξεν
1357 2522 1446 2567 εἶναι
1459 2526 1520 2566 τὸν
1541 2524 1812 2578 ἐπιστημονικὸν
1833 2525 1962 2578 λόγον,
1981 2527 2051 2564 τῶν
2075 2524 2112 2565 δὲ
2141 2526 2274 2574 αἴσθη-

1219 2592 1290 2629 τῶν
1308 2588 1372 2636 τὴν
1393 2585 1670 2637 ἐπιστημονικὴν
1696 2584 1873 2633 αἴσθησιν.
1902 2584 2210 2636 Ἐπιστημονικὴν
2238 2586 2274 2624 δὲ

1220 2643 1380 2692 αἴσθησιν
1405 2644 1576 2699 ὑπείληφε
1592 2644 1806 2684 καθεστάναι
1834 2643 1899 2692 τὴν
1925 2643 2274 2696 μεταλαμβάνουσαν

1219 2707 1281 2752 τῆς
1300 2704 1391 2744 κατὰ
1416 2704 1475 2744 τὸν
1495 2704 1598 2756 λόγον
1623 2703 1803 2752 ἀληθείας.
1819 2702 1962 2756 εὨσπερ
1978 2703 2047 2756 γὰρ
2067 2704 2098 2742 οἱ
2119 2705 2181 2741 τοῦ
2211 2704 2278 2742 αό-

1265 2857 1337 2887 203.
1366 2854 1569 2897 speusippus
1596 2855 1724 2894 autem,
1755 2862 1862 2895 quum
1897 2861 1951 2886 res
1968 2851 2041 2885 aliae
2071 2851 2135 2884 sub
2162 2860 2278 2884 sensus

1219 2914 1385 2955 caderent,
1400 2913 1474 2948 aliae
1493 2912 1564 2947 sola
1578 2913 1690 2947 mente
1705 2912 1976 2956 intelligerentur,
1996 2911 2117 2945 harum
2132 2910 2277 2953 judicem

1219 2982 1292 3006 esse
1310 2972 1357 3006 ait
1377 2971 1538 3006 rationem
1553 2971 1691 3006 scientia
1710 2972 1906 3014 praeditam,
1923 2970 2056 3004 illarum
2074 2978 2154 3004 vero
2168 2969 2288 3006 obser-j

1219 3034 1384 3067 vationem
1398 3032 1567 3067 subtilem.
1611 3034 1721 3075 Atque
1734 3032 1819 3065 hanc
1838 3030 2101 3065 observationem
2121 3029 2277 3063 subtilem

1217 3092 1347 3135 putavit
1374 3101 1448 3126 esse
1477 3092 1674 3135 participem
1701 3091 1854 3126 veritatis
1883 3090 2003 3124 rationi
2034 3090 2273 3123 consentaneae.

1218 3154 1263 3185 Ut
1286 3152 1373 3186 enim
1396 3151 1541 3186 tibicinis
1561 3154 1621 3185 aut
1648 3151 1765 3194 psaltae
1793 3150 1887 3192 digiti
1908 3150 1989 3183 artis
2016 3148 2203 3183 factitandae
2225 3149 2273 3181 fa-

1223 3212 1381 3246 cultatem
1410 3211 1551 3253 habent,
1571 3221 1637 3245 non
1669 3211 1702 3244 in
1727 3210 1808 3254 ipsis
1835 3209 1970 3252 quidem
2002 3209 2169 3251 praecipue
2194 3216 2274 3241 con-

1218 3274 1433 3312 summatam,
1457 3271 1518 3306 sed
1541 3269 1834 3305 exercitationibus
1862 3268 1981 3303 rationi
2004 3267 2272 3302 convenientibus

1219 3331 1433 3374 perfectam:
1460 3332 1561 3373 atque
1593 3332 1633 3363 ut
1662 3329 1781 3363 musici
1806 3337 1925 3363 sensus
1950 3328 2145 3361 facultatem
2170 3325 2274 3358 habet

1219 3390 1420 3434 percipiendi
1444 3388 1654 3432 congruentis
1679 3398 1719 3422 ae
1740 3386 1958 3432 discrepantis
1984 3386 2185 3426 concentus,
2208 3394 2273 3418 non

1220 3450 1367 3485 nativam
1389 3447 1541 3492 quidem,
1558 3447 1618 3483 sed
1642 3446 1763 3482 rationi
1782 3446 2014 3481 convenienter
2034 3447 2201 3487 adeptam,
2226 3443 2274 3477 ita
