2508 3776
287 318 756 375 ΑΝΔΡΟΝΙΚΟΥ
800 319 949 374 ΤΟΥ
992 320 1256 376 ΡΟΔΙΟΥ

362 451 588 495 ΗΘΙΚΩΝ
625 451 740 494 ΤΩΝ
776 453 1182 499 ΝΙΚΟΜΑΧΕΙΩΝ

570 566 959 606 ΠΑΡΑΦΡΑΣΕΩΣ

549 661 731 704 ’ΒιΒΛιοΝ
752 672 980 706 ΔΕΥΤΕΡοΝ;

649 773 890 791 -οοοοο-

690 895 782 945 Κεφ.
815 893 862 932 α’.

248 1004 325 1038 ’Ότι
342 1005 419 1038 οὔτε
444 1005 548 1046 φύσει,
571 1004 647 1037 οὔτε
666 1005 757 1048 παρὰ
783 1006 876 1047 φύσιν
894 1005 925 1037 ἐν
938 1008 1017 1047 ἡμῖν
1033 1005 1179 1047 γίνονται
1199 1009 1230 1039 αἱ
1250 1007 1289 1038 ἆ-

537 1052 639 1095 ρεταί,
658 1053 737 1085 ἀλλὰ
754 1054 817 1085 ἀπὸ
833 1057 891 1086 τοῦ
904 1053 1004 1090 ἔθους.

301 1148 320 1168 *
342 1146 446 1186 Ἐπεὶ
467 1146 502 1185 δὲ
524 1149 547 1193 ἠ
566 1145 672 1198 ἀρετὴ
698 1148 759 1193 τῆς
782 1148 895 1200 ψυχῆς
914 1147 988 1186 ἐστι
1004 1146 1203 1197 τιλειότης,
1225 1148 1286 1193 τῆς

247 1209 361 1259 ψυχῆς
378 1205 413 1244 δὲ
432 1204 471 1244 τὸ
486 1204 548 1256 μέν
567 1206 639 1243 ἐστι
657 1204 809 1259 λογικόν,
831 1206 869 1243 τὸ
889 1205 925 1243 δὲ
944 1204 1118 1257 ὀρεκτικόν
1134 1234 1144 1253 ,
1166 1203 1284 1251 διττὴν

247 1265 381 1315 ἀνάγκη
398 1262 460 1303 καὶ
475 1262 537 1311 τὴν
560 1263 684 1315 ἀρετὴν
701 1257 801 1302 εἶναι·
817 1263 877 1302 καὶ
896 1264 959 1311 τὴν
977 1262 1039 1314 μὲν
1059 1266 1120 1301 τοῦ
1145 1264 1284 1310 διανοη-

246 1327 364 1371 τικοῧ,
386 1323 462 1370 ἥτις
481 1323 572 1362 ἐστὶν
592 1326 613 1370 ἡ
633 1323 736 1375 σοφία
753 1324 813 1362 καὶ
833 1327 855 1371 ἡ
879 1323 1054 1376 φρόνησις·
1075 1321 1136 1370 τὴν
1166 1323 1202 1361 δὲ
1223 1326 1283 1361 τοῦ

245 1382 424 1433 ὀρεκτικοῦ
436 1381 534 1431 ,ἥτις
554 1381 656 1428 ἠθικὴ
674 1382 847 1419 καλεῖται.
870 1381 940 1420 Καὶ
955 1384 977 1427 ἡ
1000 1381 1062 1430 μὲν
1081 1380 1282 1427 διανοητικὴ

245 1439 317 1492 ἔχει
335 1440 397 1491 μὲν
417 1439 477 1477 καὶ
493 1439 563 1478 ἀπὸ
581 1442 643 1486 τῆς
669 1439 800 1492 φύσεως
815 1438 877 1486 τὴν
897 1440 1008 1491 ἀρχὴν
1028 1437 1199 1488 (δεκτικὸν
1216 1438 1283 1492 γὰρ

245 1500 263 1536 ὁ
289 1498 467 1550 ἄνθρωπος
493 1497 711 1548 ἐπιστήμης)
734 1496 793 1535 καὶ
823 1496 892 1536 ἀπὸ
911 1497 1016 1544 ἤθους
1032 1496 1174 1544 αὔξησιν
1196 1493 1285 1548 λαμῖ

244 1556 342 1596 ὅάνει
362 1557 452 1595 τινά·
473 1556 513 1595 τὸ
534 1554 570 1594 δὲ
602 1556 705 1593 πλέον
727 1554 795 1594 ἀπὸ
816 1558 875 1602 τ’ῆς
895 1554 1120 1599 διδασκαλίας
1139 1555 1200 1594 καὶ
1220 1554 1283 1605 τὴν

242 1614 375 1668 γένεσιν
397 1614 456 1653 καὶ
476 1614 540 1661 τὴν
560 1613 702 1661 αὔξησιν
724 1614 807 1666 ἔχει·
831 1613 949 1666 διόπερ
966 1612 1146 1666 ἐμπειρίας
1174 1614 1282 1653 δεῖταὶ

242 1674 301 1712 καὶ
320 1674 456 1727 χρόνου·
485 1677 506 1720 ἡ
535 1672 570 1712 δὲ
590 1672 694 1719 ἠθικὴ
717 1672 750 1718 ἐξ
770 1673 864 1716 ἔθους
883 1671 1108 1725 περιγίνεται.
1149 1670 1194 1711 Ἥ
1219 1672 1280 1723 μὲν

241 1732 308 1785 γὰρ
329 1733 427 1786 φύσις
448 1733 554 1771 ἐκεῖνο
579 1732 698 1770 δίδωσι
720 1732 845 1782 μόνον,
866 1730 905 1769 τὸ
926 1731 1091 1769 δύνασθαι
1111 1732 1279 1769 σπουδαί-

243 1807 299 1835 ους
315 1792 484 1842 γενέσθαι·
502 1795 524 1838 ἡ
545 1790 579 1829 δὲ
600 1790 808 1829 διδασκαλία
821 1819 831 1836 ,
849 1789 1029 1842 γινώσκειν
1049 1789 1102 1828 ὅτι
1127 1789 1201 1828 δέον
1222 1806 1280 1841 γε·

241 1848 369 1887 νέσθαι.
390 1850 441 1888 Τὸ
469 1849 504 1887 δὲ
525 1848 583 1888 καὶ
602 1849 755 1902 ἐνεργείᾳ
775 1848 842 1896 ἤδη
866 1848 1025 1901 γενέσθαι
1052 1849 1281 1898 σπουδαίους,

243 1907 344 1959 μόνον
358 1908 398 1947 τὸ
418 1908 490 1952 ἔθος
506 1908 713 1961 παρέχεται.
734 1908 818 1948 Ἀπὸ
834 1909 953 1947 τούτου
975 1907 1011 1946 δὲ
1033 1907 1094 1946 καὶ
1107 1907 1147 1946 τὸ
1167 1908 1276 1958 ὄνομα

243 1967 378 2005 ἔλαὸεν·
398 1966 503 2014 ἠθικὴ
522 1966 588 2018 γὰρ
608 1969 786 2015 καλεῖται,
821 1966 943 2019 μικρὸν
961 1967 1190 2019 παρεγκλῖνον
1211 1968 1279 2006 ἀπὸ

240 2030 299 2065 τοῦ
316 2026 420 2070 ἔθους.

294 2085 336 2107 ⁴⁸*
361 2084 476 2123 “stote
496 2085 620 2132 δῆλον,
652 2082 705 2121 ὅτι
734 2083 876 2134 οὐδεμία
901 2085 970 2121 τῶν
990 2085 1119 2130 ἠθικῶν
1147 2084 1279 2136 ἀρετῶν

242 2144 342 2199 φύσει
355 2147 439 2194 ἡμῖν
459 2142 686 2196 περιγίνεται.
709 2144 752 2182 Εἰ
763 2142 831 2195 γὰρ
843 2143 942 2195 φύσει
963 2143 1144 2182 σπουδαῖοι
1164 2143 1279 2196 ὑπήρ-

241 2219 370 2256 χομεν,
400 2205 463 2240 οὐκ
483 2201 523 2240 ἂν
555 2201 759 2252 ἔκινούμεθα
790 2201 875 2252 πρὸς
894 2200 1088 2239 τούναντίον
1118 2200 1189 2239 ἀπὸ
1219 2206 1278 2240 τοῦ

241 2262 356 2309 ἔθους,
376 2261 446 2300 νυνὶ
473 2259 508 2299 δὲ
543 2259 743 2309 κινούμεθα.
776 2259 935 2309 Οὐδεμία
961 2258 1030 2312 ἄρα
1052 2261 1122 2297 τῶν
1148 2262 1277 2307 ἠθικῶν

243 2322 373 2374 ἀρετῶν
399 2319 497 2374 φύσει
520 2320 599 2370 ἡμῖν
619 2317 844 2370 περιγίνεται·
871 2317 967 2356 οὐδὲν
992 2317 1059 2369 γὰρ
1086 2322 1154 2357 τῶν
1176 2319 1277 2371 φύσει

245 2378 453 2429 κινουμένων
473 2378 539 2417 ὑπὸ
561 2381 620 2416 τοῦ
649 2376 743 2420 ἔθους
763 2376 821 2414 ἐπὶ
837 2375 899 2422 τὴν
921 2375 1076 2414 ἐναντίαν
1100 2376 1276 2426 μεταδάλ-

242 2441 294 2476 λει
310 2437 434 2490 ῥοπήν.
453 2437 545 2475 Οὔτε
563 2436 629 2487 γὰρ
643 2435 700 2474 τὸν
718 2434 809 2473 λίθον
828 2435 931 2473 ἐθίσει
948 2450 1000 2478 τις
1013 2434 1086 2472 ἄνω
1100 2433 1276 2487 φέρεσθαι,

243 2496 307 2535 κᾶν
341 2495 500 2547 μυριάκις
534 2495 606 2533 ἄνω
635 2494 760 2547 ῥίπτῃ,
786 2491 863 2531 οὔτε
884 2493 922 2530 τὸ
950 2495 1020 2544 πῦρ
1049 2493 1169 2541 κάτω,
1200 2495 1275 2534 οὐδὲ

242 2555 328 2593 ἄλλο
347 2557 414 2592 τῶν
436 2553 549 2597 ἄλλως
572 2553 776 2605 πεφυκότων
797 2551 915 2596 ἄλλως
930 2550 971 2589 ἂν
994 2552 1159 2598 ἐθισθείη.
1187 2552 1273 2592 Οὔτ’

243 2613 309 2664 ἄρα
327 2611 443 2664 φύσει,
461 2610 538 2648 οὔτε
556 2610 652 2661 παρὰ
667 2610 766 2662 φύσιν
779 2610 863 2659 ἡμῖν
885 2608 1076 2660 ἐγγίνονται
1092 2610 1127 2648 αἱ
1145 2610 1277 2662 ἀρεταί·

242 2671 332 2710 ἀλλὰ
346 2671 384 2708 τὸ
405 2670 570 2707 δύνασθαι
592 2668 652 2719 μὲν
675 2668 742 2706 ἀπὸ
766 2667 900 2720 φύσεως
922 2667 1063 2720 ἔχομεν,
1084 2666 1146 2707 καὶ
1164 2667 1275 2722 πεφύ-

242 2746 351 2781 καμεν
372 2729 533 2781 δέχεσθαι
555 2728 615 2771 τὰς
639 2727 775 2780 ἀρετάς·
798 2727 969 2779 δεχόμεθα
991 2726 1026 2764 δὲ
1047 2725 1106 2764 καὶ
1125 2729 1276 2765 τελειού-

244 2793 332 2840 μεθα
353 2787 410 2825 διὰ
428 2790 486 2825 τοῦ
517 2786 627 2831 ἔθους.
654 2784 739 2826 Ἔτι
767 2788 835 2823 τῶν
858 2787 1010 2834 φυσικῶν
1036 2784 1097 2827 τὰς
1116 2784 1276 2834 δυνάμεις

242 2850 378 2900 πρῶτον
407 2844 538 2888 τελείας
568 2844 726 2898 ἔχοντες,
758 2838 833 2882 εἶτα
853 2842 1031 2895 χρώμεθα·
1059 2842 1122 2889 τὴν
1138 2843 1204 2895 γὰρ
1234 2845 1274 2881 ὂ·-

242 2905 369 2952 πτικὴν
388 2903 410 2950 ἢ
429 2903 635 2949 ἀκουστικὴν
652 2902 794 2952 δύναμιν
816 2901 950 2939 τελείαν
965 2900 1102 2954 ἔχοντες
1120 2900 1274 2954 ἐχρησά-

245 2969 346 3017 μεθα·
379 2965 417 3003 οὗ
448 2963 516 3014 γὰρ
538 2962 606 3000 ἀπὸ
634 2965 692 3000 τοῦ
724 2961 891 3004 πολλάκις
923 2964 1028 3009 ἰδεῖν,
1055 2959 1076 3007 ἢ
1110 2961 1276 3006 πολλάκις

245 3027 393 3063 ἀκοῦσαι
413 3021 472 3065 τὰς
501 3020 676 3068 αἰσθήσεις
697 3019 867 3070 ἐλάὸομεν
880 3049 890 3067 ,
915 3019 1003 3057 ἀλλὰ
1025 3019 1062 3057 τὸ
1080 3019 1274 3068 ἀνάπαλιν,

244 3083 381 3135 ἔχοντες
401 3080 644 3134 ἐχρησάμεθα·
664 3078 723 3123 τὰς
744 3078 780 3116 δὲ
795 3078 918 3131 ἀρετὰς
932 3079 1158 3129 λαμὸάνομεν
1183 3082 1274 3132 ἐνερ-

242 3140 412 3192 γήσαντες
435 3138 599 3191 πρότερον
615 3167 625 3185 ,
648 3136 765 3189 ὥσπερ
786 3137 845 3175 καὶ
871 3137 928 3175 ἐπὶ
958 3139 1025 3175 τῶν
1055 3137 1169 3175 ἄλλων
1201 3137 1274 3188 ἔχει

242 3202 387 3252 τεχνῶν·
413 3197 435 3236 ἃ
465 3196 531 3249 γὰρ
548 3197 599 3234 δεῖ
621 3196 787 3246 μαθόντες
813 3196 941 3244 ποιεῖν,
974 3200 1083 3234 ταῦτα
1113 3195 1182 3234 ἀπὸ
1212 3199 1273 3233 τοῦ

243 3259 353 3295 ποιεῖν
371 3255 603 3307 μανθάνομεν.
621 3249 704 3294 Οῗον
718 3285 728 3303 ‚
745 3255 1000 3304 οἰκοδομοῦντες
1020 3253 1081 3303 μὲν
1102 3253 1275 3304 οἰκοδόμοι

243 3316 430 3366 γινόμεθα,
461 3313 692 3366 κιθαρίζοντες
712 3312 747 3350 δὲ
778 3312 988 3364 κιθαρισταί.
1017 3310 1122 3350 Οὕτω
1147 3311 1189 3359 δὴ
1215 3311 1274 3350 καὶ

289 3427 309 3449 ἢ(
326 3426 396 3467 kib.
412 3428 453 3459 ΙΙ,
466 3426 544 3468 Gap.
563 3428 592 3459 1.
609 3426 717 3469 διττῆς
728 3425 762 3457 δὲ
777 3429 832 3464 τῆς
854 3425 968 3466 ἀρετῆς
983 3425 1053 3456 κτλ.
1075 3439 1117 3447 ·—·
1128 3423 1169 3443 *ἧς
1190 3422 1243 3460 Ἐξ
1255 3422 1292 3455 οὗ
1311 3423 1365 3454 καὶ
1382 3423 1475 3461 δῆλον
1490 3422 1558 3453 κτλ.

1518 326 1907 387 ANDRONICI
1951 330 2207 392 RHODII

1426 434 1767 499 'ETfflcoRUM
1809 453 2294 507 NlcoMACHEORuM

1683 545 2040 610 PARAPHRASIS

1677 677 1803 710 LIBER
1825 677 2055 711 SECUNDUS.

1745 790 1960 808 ψ

1801 905 1867 946 Gap
1895 906 1927 937 Ἰ.

1351 1020 1452 1056 Neque
1471 1026 1486 1046 a
1518 1019 1640 1053 natura,
1662 1025 1757 1054 neque
1782 1020 1892 1054 praeter
1912 1020 2064 1054 naturam,
2096 1019 2147 1049 sed
2166 1021 2382 1051 consuetudine

1649 1063 1775 1093 virtutes
1789 1064 1877 1092 nobis
1890 1064 1992 1101 insitas
2011 1072 2083 1094 esse.

1387 1152 1548 1191 Quoniam
1565 1161 1643 1194 ergo
1667 1151 1769 1184 animi
1787 1152 1945 1194 perfectio
1966 1153 2075 1186 virtus
2094 1155 2159 1192 est,
2186 1153 2286 1188 animi
2303 1163 2382 1189 vero

1344 1219 1420 1252 pars
1432 1210 1495 1243 alia
1509 1209 1648 1248 rationi,
1677 1210 1741 1242 alia
1762 1210 1922 1252 appetitui
1946 1210 2110 1243 destinata
2127 1211 2194 1250 est,
2218 1209 2383 1254 duplicem

1344 1278 1476 1311 quoque
1486 1277 1616 1302 necesse
1628 1270 1679 1301 est
1694 1277 1764 1301 esse
1779 1268 1937 1301 virtutem
1952 1281 1961 1301 ε
1984 1269 2122 1302 alteram
2136 1269 2271 1312 quidem
2279 1270 2383 1313 partis

1343 1327 1378 1359 in
1395 1327 1591 1369 cogitatione
1613 1326 1747 1368 positae,
1777 1335 1853 1368 quae
1874 1328 1924 1360 est
1943 1327 2102 1370 sapientia
2127 1328 2161 1361 et
2178 1326 2376 1370 prudentia3

1344 1386 1481 1418 alteram
1496 1385 1694 1427 appetentis,
1713 1394 1815 1427 quam
1839 1385 1997 1418 moralem
2018 1387 2148 1419 vocant.
2166 1387 2211 1419 Et
2233 1385 2292 1420 iun
2304 1389 2382 1429 qm-

1343 1444 1419 1477 dem
1443 1444 1649 1486 cogitationis
1676 1443 1769 1476 sedes
1796 1444 1918 1485 partim
1944 1454 1964 1477 a
1989 1445 2107 1478 natura
2133 1443 2265 1479 initium
2280 1443 2381 1479 hahet

1342 1502 1463 1545 (capax
1492 1503 1579 1536 enim
1606 1501 1789 1545 disciplinae
1807 1504 1858 1535 est
1882 1502 2005 1546 homo)
2021 1502 2144 1546 partim
2168 1511 2262 1537 more
2279 1503 2380 1537 etiam

1339 1563 1553 1612 promovetur
1572 1571 1579 1591 ε
1600 1562 1808 1604 potissimum
1830 1563 1941 1595 tamen
1964 1571 1984 1595 a
2001 1561 2150 1595 doctrina
2167 1563 2201 1596 et
2215 1563 2327 1597 ortum
2345 1563 2381 1596 et

1340 1621 1579 1654 incrementum
1595 1620 1695 1654 habet
1716 1633 1724 1653 z
1743 1629 1847 1663 quare
1865 1629 1941 1652 cum
1966 1629 2065 1653 usum
2082 1622 2116 1653 et
2130 1620 2376 1663 experientiam.

1341 1681 1414 1711 tum
1431 1678 1575 1721 spatium
1587 1679 1782 1719 tempusque
1796 1676 1961 1710 desiderat
1974 1687 1982 1707 ι
2000 1676 2135 1710 moralis
2147 1685 2226 1710 vero
2239 1685 2378 1712 consue-

1340 1738 1455 1771 tudine
1479 1738 1698 1779 comparatur.
1724 1735 1855 1768 Etenim
1876 1726 1994 1768 natura
2021 1735 2068 1768 sic
2084 1737 2215 1769 tantum
2230 1736 2378 1771 homines

1340 1796 1451 1838 fingit,
1478 1797 1518 1828 ut
1535 1795 1661 1837 possint
1686 1794 1763 1827 honi
1789 1802 1859 1826 esse
1877 1805 1886 1826 ε
1906 1793 2055 1827 doctrina
2074 1802 2170 1833 vere,
2197 1796 2236 1828 ut
2251 1795 2375 1829 intelli-

1340 1857 1437 1898 gant,
1452 1864 1487 1888 se
1501 1855 1584 1887 tales
1600 1863 1670 1887 esse
1686 1853 1814 1886 debere.
1832 1854 1996 1886 caeterum
2012 1853 2081 1886 sola
2093 1853 2296 1887 consuetudo
2307 1853 2379 1888 effl-

1340 1916 1400 1955 cit,
1419 1917 1458 1948 ut
1476 1906 1544 1957 jam
1558 1915 1633 1946 actu
1654 1912 1719 1946 viri
1732 1912 1810 1945 boni
1831 1912 1906 1945 sint.
1922 1912 2006 1944 Hinc
2028 1912 2128 1945 etiam
2143 1921 2262 1946 nomen
2283 1921 2378 1946 acoe-

1338 1973 1407 2017 pit:
1428 1972 1588 2015 siquidem
1602 1971 1711 2004 virtus
1726 1970 1860 2003 moralis
1871 1970 2064 2012 appellatur,
2077 1969 2167 2012 quod
2177 1969 2376 2005 vocabulum

1340 2042 1360 2065 a
1376 2041 1467 2064 more
1489 2031 1558 2063 sive
1577 2028 1812 2062 consuetudine
1827 2028 1999 2071 paululum
2013 2027 2168 2061 deflectit.

1381 2092 1432 2124 Ex
1450 2099 1517 2133 quo
1537 2089 1636 2122 etiam
1652 2089 1717 2122 hoc
1729 2087 1943 2121 manifestum
1967 2089 2034 2127 est,
2053 2087 2179 2120 nullam
2189 2096 2231 2121 ex
2242 2089 2377 2123 morali-

1338 2145 1402 2178 bus
1427 2143 1608 2177 virtutihus
1637 2141 1730 2174 nobis
1754 2141 1946 2183 ingenerari.
1981 2141 2017 2174 Si
2047 2140 2134 2173 enim
2153 2141 2271 2184 natura
2299 2140 2377 2174 boni

1339 2204 1486 2229 essemus
1503 2194 1668 2232 homines,
1685 2202 1855 2235 nunquam
1870 2191 2103 2225 consuetudine
2121 2191 2156 2224 in
2176 2191 2390 2226 contrarium

1338 2255 1563 2286 moveremur3
1588 2254 1676 2277 nunc
1692 2253 1771 2277 vero
1796 2244 1859 2276 hoc
1878 2244 1924 2276 fit.
1942 2243 2035 2275 Unde
2062 2243 2223 2285 sequitur,
2251 2243 2375 2280 nullam
2414 2273 2416 2277 ,

1338 2299 1432 2332 nobis
1452 2297 1611 2330 moralem
1638 2296 1799 2329 virtutem
1822 2297 1940 2327 natura
1964 2293 2174 2336 contingere:
2197 2293 2276 2336 quia
2293 2293 2376 2327 nihii

1338 2349 1428 2393 quod
1455 2351 1574 2381 natura
1591 2349 1754 2385 movetur,
1789 2345 2024 2379 consuetudine
2051 2346 2085 2377 in
2103 2344 2303 2377 contrarium
2322 2345 2375 2377 iu-
2428 2351 2430 2353 ’

1338 2402 1452 2435 clinari
1464 2402 1582 2443 potest.
1600 2403 1711 2441 Neque
1729 2398 1815 2431 enim
1833 2397 2008 2440 quisquam
2021 2396 2163 2438 lapidem
2175 2395 2372 2430 assuefaciat

1338 2464 1469 2489 sursum
1495 2453 1592 2490 ferri,
1618 2451 1694 2485 licet
1711 2451 1891 2485 sexcenties
1915 2458 2048 2483 sursum
2071 2449 2203 2488 mittat,
2221 2457 2328 2492 neque
2344 2449 2375 2483 i-

1338 2508 1409 2550 gnis
1416 2515 1562 2548 unquam
1569 2505 1722 2538 deorsum
1730 2503 1857 2536 feratur
1866 2515 1873 2535 :
1886 2511 1945 2535 nec
1953 2501 2135 2544 quidquam
2147 2501 2238 2534 aliud
2247 2509 2371 2541 eorum,

1337 2568 1414 2602 quae
1441 2559 1536 2591 aliter
1563 2567 1582 2589 a
1600 2558 1719 2589 natura
1746 2556 1933 2596 comparata
1962 2554 2056 2592 sunt,
2087 2552 2182 2586 aliter
2207 2552 2374 2587 assuefieri

1339 2611 1450 2653 queat.
1466 2611 1551 2650 Ergo
1565 2616 1671 2650 neque
1684 2608 1819 2644 natura,
1844 2614 1951 2647 neque
1966 2606 2088 2646 praeter
2106 2606 2260 2637 naturam
2279 2604 2374 2639 nohis

1336 2663 1566 2701 ingenerantur
1581 2660 1723 2693 virtutes
1740 2671 1748 2690 z
1771 2658 1829 2691 sed
1849 2657 2040 2689 facultatem
2055 2657 2174 2688 natura
2190 2655 2285 2689 nobis
2309 2656 2372 2689 tri-

1337 2716 1410 2748 buit
1426 2714 1473 2746 sic
1487 2711 1629 2750 affectis,
1650 2713 1689 2743 ut
1705 2710 1747 2743 ad
1761 2709 1901 2742 virtutes
1917 2706 2139 2750 suscipiendas
2154 2707 2222 2748 apti
2239 2707 2344 2741 simus
2361 2720 2370 2740 :

1339 2776 1423 2810 quas
1438 2766 1613 2807 postquam
1627 2762 1829 2805 suscepimus
1839 2787 1846 2799 ,
1869 2769 1960 2793 more
1972 2761 2007 2793 et
2023 2758 2258 2792 consuetudine
2271 2760 2372 2802 perfi-

1338 2820 1454 2852 cimur.
1476 2819 1641 2850 Praeterea
1661 2823 1868 2858 quaecunque
1893 2812 1986 2845 nobis
2007 2821 2026 2844 a
2042 2813 2160 2844 natura
2174 2811 2368 2852 obveniunt,

1336 2880 1454 2906 eorum
1477 2869 1651 2902 facultates
1681 2867 1823 2910 primum
1854 2864 2016 2908 perfectas
2051 2863 2230 2902 habemus,
2254 2862 2372 2898 deindo

1333 2922 1375 2956 iis
1395 2922 1548 2955 utimur:
1578 2929 1652 2952 nam
1682 2918 1816 2952 videndi
1846 2917 1916 2950 vim
1943 2917 1976 2948 et
2007 2914 2162 2948 audiendi
2192 2913 2370 2957 perfectam

1334 2976 1494 3010 habemus
1513 2974 1618 3015 iisque
1638 2972 1763 3004 utimur
1787 2983 1795 3003 z
1814 2977 1920 3011 neque
1939 2967 2026 3001 enim
2045 2976 2087 3001 ex
2112 2976 2150 2999 eo
2171 2966 2262 3009 quod
2284 2975 2371 3010 soepe

1336 3030 1394 3062 aut
1409 3027 1553 3060 vidimus
1578 3027 1636 3058 aut
1664 3023 1869 3059 audivimus,
1891 3029 2006 3054 sensus
2028 3019 2137 3061 adepti
2157 3027 2291 3058 sumus,
2311 3019 2369 3054 sed

1334 3079 1446 3110 contra
1461 3085 1565 3118 quum
1585 3083 1699 3107 sensus
1713 3073 1922 3106 haberemus.
1948 3070 1994 3102 eis
2018 3068 2069 3102 usi
2092 3077 2208 3101 sumus
2227 3080 2234 3101 :
2252 3069 2287 3101 at
2298 3068 2368 3101 vir-

1333 3129 1423 3159 tutes
1462 3124 1705 3167 consequimur,
1728 3121 1820 3163 prius
1855 3119 1989 3166 virtutis
2021 3117 2212 3150 muneribus
2244 3114 2366 3160 functi,

1335 3174 1501 3218 quomodo
1519 3175 1552 3206 et
1563 3173 1597 3205 in
1610 3172 1737 3205 coeteris
1749 3170 1875 3203 artibus
1886 3168 1923 3200 fit
1941 3181 1948 3200 ε
1966 3177 2041 3200 nam
2054 3169 2228 3209 postquam
2242 3164 2367 3198 didice-

1333 3223 1438 3255 rimus
1455 3230 1531 3264 quae
1550 3220 1609 3252 nos
1628 3220 1776 3261 oporteat
1799 3216 1941 3254 efficere,
1964 3224 2000 3247 ea
2015 3213 2183 3246 efficiendo
2197 3211 2364 3245 discimus.

1334 3269 1433 3302 Verbi
1459 3276 1574 3305 eausa,
1598 3268 1636 3299 ut
1651 3263 1840 3298 aedificando
1864 3261 2076 3295 aedificatores
2094 3262 2127 3293 et
2144 3257 2314 3292 architecti
2332 3256 2366 3289 et

1335 3316 1453 3349 fidibus
1484 3313 1626 3348 canendo
1652 3311 1798 3345 fidicines
1829 3308 2025 3343 evadimus:
2047 3307 2093 3339 ita
2114 3307 2203 3348 juste
2221 3303 2362 3348 agendo.

1271 3482 1350 3524 330
