2528 3788
66 375 67 379 ,
90 333 244 389 ξὸδόμην
263 335 300 376 δὲ
321 334 758 378 ἑπτακαιεικοσαπλασίαν
775 336 837 381 τῆς
853 333 1006 386 πρώτης.
1026 333 1132 373 Μετὰ

104 395 266 446 ηταῧτα
295 393 550 448 ξυνεπληροῧτο
580 394 625 434 τά
646 410 682 433 τε
703 392 872 432 διπλάσια
899 393 960 432 καὶ
979 392 1131 445 τριπλά.

85 440 145 506 σία
164 450 410 506 διαστήματα,
440 453 565 507 μοίρας
599 453 651 492 ἔτι
683 455 813 493 ἐκεῖθεν
843 452 1050 502 ἀποτέμνων
1073 451 1133 490 καὶ

57 554 62 563 .
84 503 189 563 {abgis-
205 513 254 558 εἰς
266 513 309 551 τὸ
329 513 460 565 μεταξὺ
483 513 614 553 τούτων
628 543 638 561 ,
659 512 751 550 ὥστε
771 512 805 550 ἐν
823 509 963 563 ἑκάστῳ
981 509 1130 557 διαστή-

64 578 67 619 J
94 561 173 618 'fvt
190 571 252 611 δύο
267 565 357 612 εἶναι
389 572 606 624 μεσότητας,
628 570 691 619 τὴν
710 569 773 622 μὲν
795 571 914 623 ταύτῷ
941 568 1045 622 μέρει
1062 571 1131 608 τῶν

82 586 201 685 xpm
219 632 333 671 αὐτῶν
353 630 594 685 ὑπερέχουσαν
621 629 682 669 καὶ
701 627 983 683 ὑπερεχομένην,
1010 627 1073 676 τὴν
1100 629 1132 666 δ’

35 718 53 744 A
82 683 151 745 seq,
172 689 238 744 μὲν
257 691 336 730 κατ’
355 690 502 744 ἀριθμὸν
526 688 789 742 ὖπερέχουσαν,
816 688 881 741 ἴσῳ
906 687 942 727 δὲ
962 689 1131 740 ὑπερεχο-

36 743 62 793 ΪΪ
82 744 208 802 μένην.
225 748 427 803 Ἦμιολίων
457 748 495 789 δὲ
522 739 743 788 διαστάσεων
771 747 833 787 καὶ
862 746 1048 800 ἐπιτρίτων
1072 746 1132 785 καὶ

83 804 260 862 ἐπογδόων
280 808 475 863 γενομένων
502 809 544 849 ἐκ
576 806 709 847 τούτων
740 801 810 846 τῖὖν
833 808 972 859 δεσμῶν
999 807 1034 844 ἐν
1057 811 1133 851 ταῖς

81 868 212 925 πρόσθε
233 868 457 917 διαστάσεσι,
479 869 529 921 τῷ
547 869 609 906 τοῦ
628 866 805 918 ηἐπογδόου
834 865 1056 915 διαστήματι
1087 863 1130 903 τὰ

30 920 45 967 J
81 926 242 982 ἐπίτριτα
277 929 395 968 πάντα
422 922 698 980 ξυνεπληροῧτο,
732 925 864 964 λείπων
903 927 1018 963 αὐτῶν
1048 924 1131 963 ἑκά·

30 995 40 1004 ⁴
81 1001 167 1026 στου
189 986 332 1041 μόριον,
353 989 414 1034 τῆς
433 990 493 1027 τοῦ
514 985 636 1039 μορίου
662 983 793 1034 ταύτης
823 984 1039 1029 διαστάσεως
1058 985 1130 1023 λει-

83 1043 226 1100 φθείσης
251 1043 400 1099 ἀριθμοῦ
422 1045 508 1100 πρὸς
533 1043 680 1099 ἀριθμὸν
710 1044 861 1098 ἐχούσης
877 1043 955 1089 τοὺς
972 1044 1071 1098 ὅρους
1097 1043 1132 1090 ἓξ

79 1103 142 1145 καὶ
167 1105 385 1154 πεντήκοντα
405 1105 467 1145 καὶ
495 1104 682 1144 διακοσίων
712 1104 797 1157 πρὸς
816 1103 898 1158 τρία
925 1104 984 1142 καὶ
1004 1119 1131 1142 τεττα-

28 1161 29 1164 “
83 1158 236 1218 ράκοντα
255 1163 317 1203 καὶ
352 1163 531 1205 διακόσια.
563 1164 661 1202 Vide
689 1163 790 1203 Phil.
821 1163 950 1202 Graec.
974 1163 1127 1213 Fragm.

79 1218 168 1263 Vol.
187 1223 242 1271 ll,
266 1221 360 1275 pag.
388 1225 458 1262 162
480 1235 566 1274 seq.
589 1222 767 1274 Apparet
786 1235 902 1273 quam
928 1222 1038 1260 Plato
1058 1222 1133 1260 hoc

42 1275 43 1278 Ἰ
81 1282 171 1323 loco
195 1282 367 1336 appellat
399 1283 464 1331 τὴν
482 1282 671 1334 ἀμέριστον
692 1281 834 1330 οὐσίαν,
857 1295 939 1320 eam
962 1295 984 1320 a
1010 1282 1131 1320 Cran-

5 1343 22 1395 s?
82 1337 255 1392 ῑοτε-τὴν
290 1341 419 1390 νοητὴν
454 1342 674 1390 nominari;
715 1355 830 1393 quam
859 1342 927 1380 ille
963 1341 1132 1393 μεριστὴν

81 1410 218 1454 vocat,
238 1415 321 1442 eam
343 1401 394 1440 ab
424 1402 638 1453 interprete
663 1399 742 1454 περὶ
776 1400 820 1439 τὰ
849 1399 1001 1448 αἰσθητὰ
1022 1395 1131 1445 δοξα-

18 1469 23 1477 ’
82 1460 190 1512 στήν,
219 1459 442 1508 παθητικήν,
477 1459 704 1512 μεταὸλητήν
732 1460 825 1500 dici.
850 1459 998 1498 Probat
1034 1459 1134 1498 lianc

36 1548 38 1550 -
80 1518 388 1574 explicationem*
410 1519 593 1558 Plotinus
622 1518 797 1558 Ennead.
830 1517 896 1565 1V,
918 1517 992 1558 lib.
1024 1517 1131 1565 Vlll,

43 1579 49 1615 L·
81 1588 166 1633 cap.
181 1592 202 1629 7
217 1592 306 1632 pag.
329 1578 406 1628 475
423 1577 485 1618 ed.
508 1578 624 1616 Basil.
644 1577 821 1616 scribens
839 1592 847 1615 :
871 1578 988 1623 διττῆς
1008 1576 1045 1615 δὲ
1067 1577 1135 1630 φύ-

50 1686 54 1694 ι
80 1652 168 1690 σεῳς
186 1633 316 1685 ταύτης
333 1635 439 1683 οὔσης
462 1637 524 1682 τῆς
545 1633 608 1687 μὲν
634 1637 783 1683 νοητῆς,
804 1637 866 1681 τῆς
883 1633 919 1672 δὲ
937 1635 1130 1684 αἰσθητῆς,

80 1696 223 1766 ἄμεινον
245 1694 309 1748 μὲν
326 1697 424 1749 ψυχῇ
446 1697 482 1734 ἐν
502 1696 553 1748 τῷ
567 1696 684 1746 νοητῷ
707 1688 811 1734 εἶναι.
827 1693 956 1739 Quare
972 1694 1134 1733 Proclus

29 1749 59 1780 Ῑ
79 1750 139 1796 in³
156 1753 262 1796 Tim.-
301 1768 342 1807 p.
370 1754 443 1803 187
478 1753 524 1794 B.
561 1753 626 1794 ed.
660 1753 781 1792 Basil.
820 1753 934 1804 [pag.
969 1758 1044 1798 444
1067 1753 1128 1793 ed.

28 1804 30 1829 t
51 1854 55 1859 ,
79 1810 336 1865 schneider]
357 1815 389 1853 οἱ
417 1812 453 1852 δὲ
474 1814 753 1866 φιλοσοφώτερον
775 1811 968 1862 ἁπτόμενοι
983 1813 1051 1849 τῶν
1075 1811 1132 1850 λό-

50 1917 53 1919 ,
79 1875 150 1927 γιον
169 1874 230 1912 νοῧ
244 1872 306 1912 καὶ
326 1871 520 1919 αἰσθήσεως
540 1870 649 1919 αὐτὴν
673 1870 784 1922 μέσην
804 1870 966 1923 λέγουσι,
987 1873 1048 1909 τοῦ
1069 1869 1132 1922 μὲν

28 1925 30 1967 l
54 1926 60 1930 ἃ
79 1927 293 1987 ἀμερίστου,
327 1933 391 1979 τῆς
409 1931 446 1970 δὲ
467 1930 548 1983 περὶ
568 1931 640 1975 τοῖς
671 1929 819 1982 σώμασι
854 1932 1048 1982 μεριστῆς,
1084 1931 1132 1974 ὡς

7 2002 48 2034 4ξ
83 1991 276 2034 murno«.
304 1989 418 2037 Quod
445 2003 564 2041 quam
581 1989 694 2029 valde
727 1989 938 2028 abhorreat
966 2002 988 2027 a
1017 2001 1132 2027 sensu

79 2049 293 2090 verborum
326 2050 524 2099 Platonis,
552 2063 632 2088 non
665 2057 723 2087 est
749 2048 967 2088 obscurum.
1002 2048 1138 2095 Quum·

28 2142 36 2157 „
80 2106 274 2148 enim'ille
291 2109 577 2161 significasset,
610 2111 777 2148 animam
806 2108 944 2147 mundi
963 2121 1042 2146 non
1071 2122 1132 2147 so-

52 2163 58 2167 ’
81 2168 161 2207 lum
182 2170 421 2207 individuam
441 2181 526 2208 esse
539 2177 578 2207 et
591 2168 809 2207 harmoniae
830 2168 953 2207 instar
969 2167 1048 2206 sibi
1068 2182 1134 2206 co-

81 2227 306 2276 haerentem,
327 2229 397 2267 sed
415 2229 547 2267 omnia
566 2241 726 2280 quoque
741 2241 908 2284 corpora
927 2240 1132 2279 permean-

7 2293 21 2314 ’-
43 2308 47 2311 ·
84 2295 158 2326 tem
179 2287 205 2326 i.
223 2300 260 2328 e.
279 2290 476 2327 dividuam
501 2302 510 2326 t
546 2283 713 2327 Crantor
735 2289 804 2340 qui
836 2287 984 2326 nullam
1009 2288 1133 2327 animi

3 2396 8 2398 .
33 2354 50 2382 -’
83 2358 154 2399 per
169 2354 345 2385 naturam
359 2359 488 2386 rerum
511 2360 665 2385 omnem
686 2347 829 2386 intenti
852 2355 890 2385 et
908 2360 1131 2385 commean-

14 2399 21 2422 '3
52 2448 53 2451 Γ
84 2404 138 2444 ti'sv
154 2402 354 2445 notionEm
370 2399 544 2452 haberet,
560 2415 728 2445 mentem
745 2406 882 2445 mundi
902 2420 988 2445 cum
1005 2407 1133 2445 anima

82 2463 252 2504 humana
275 2467 540 2518 comparavit,
573 2467 685 2515 cujus
715 2467 817 2506 actio
838 2475 1062 2505 cerneretur
1095 2477 1132 2505 et

41 2524 51 2539 ·”
82 2521 304 2576 cogitatione
321 2538 409 2576 quae
427 2538 581 2577 semper
611 2524 786 2576 ejusdem
819 2526 926 2564 modi
953 2535 1072 2574 esset,
1096 2535 1134 2565 et

14 2582 193 2632 ‚V‘ssen‘su
212 2583 282 2635 qui
295 2585 409 2623 vario
423 2575 794 2635 modo'afficeretu=·,
811 2585 979 2636 ideoque
994 2585 1133 2624 animae

6 2639 61 2703 fg
83 2642 222 2683 mundi
241 2641 282 2682 τὸ
298 2643 462 2698 μεριστόν
480 2658 643 2691 sensum,
664 2643 704 2683 τὸ
725 2645 853 2696 ἀμερές
865 2650 1131 2696 cogitationem

7 2708 46 2756 ἰ
84 2714 168 2744 8888
199 2702 367 2744 censuit.
401 2703 597 2743 Praeterea
622 2703 723 2742 illud
749 2703 922 2742 κάκείνων
959 2704 1132 2757 ἑκατέραν

20 2764 50 2802 '21³
84 2759 247 2814 μετέχειν
267 2760 468 2816 ἑτερότητος
486 2760 549 2800 καὶ
571 2761 788 2811 ταύτότητος
804 2763 856 2814 [i.
872 2776 906 2803 e.
930 2764 1132 2814 cogitatio-

11 2827 27 2865 ‚f
52 2833 188 2861 suen*
203 2829 243 2860 et
270 2834 427 2862 sensum
447 2821 684 2873 participem
710 2825 802 2861 esse'
826 2829 907 2861 tum
931 2824 1130 2862 varietatis

0 3009 34 3053 ³„
58 3019 62 3047 ξ
126 3019 157 3052 5.
182 3019 292 3057 Quum
319 3018 432 3052 autem
466 3017 603 3052 dixisset
631 3018 753 3051 Platot
779 3019 1023 3062 sesquialteris
1048 3027 1133 3053 vero

32 3072 33 3075 ’
47 3067 60 3126 ι
74 3074 285 3125 ymmonis
299 3077 571 3120 etsesquitemis
594 3077 626 3110 et
641 3079 894 3120 sesquioctavis
917 3080 1077 3120 sumptis,
1092 3088 1138 3112 ez·

0 3145 13 3183 η’
37 3134 40 3139 “
63 3133 66 3172 j
96 3132 436 3177 Mmmmtwnibus
454 3136 631 3179 inprimis
651 3137 873 3178 intervallis,
887 3140 1134 3180 sesquioctavo

0 3167 65 3247 vj&
85 3192 279 3227 amatio
301 3195 525 3237 sesquitertia
543 3190 662 3229 omn'ia
684 3195 862 3238 explebat,
885 3205 996 3239 quum
1011 3198 1134 3239 parti—

27 3248 29 3251 “
84 3250 204 3285 culm
215 3251 439 3296 sanqutorum
452 3250 680 3297 relinqueret.
707 3256 795 3296 Ejus
814 3258 934 3289 autem
950 3250 1147 3298 particulae‘

23 3309 55 3373 J
85 3310 280 3345 sammua
289 3312 411 3346 relicto
425 3312 578 3347 habebat
597 3323 769 3348 numerus
781 3315 831 3349 ad
846 3324 1034 3349 numerum
1049 3325 1132 3349 ean·

10 3367 58 3422 ’ἐξ
85 3367 169 3403 dm
186 3369 457 3414 proportionem
486 3375 860 3417 comparationemque
885 3376 923 3407 in
948 3376 1133 3419 extremis,

10 3420 56 3477 15:⁵2
87 3428 342 3471 mennatem
357 3432 486 3467 cctvt
501 3442 583 3467 cum
603 3434 781 3475 ccxmu,
806 3435 848 3468 οι)
876 3435 950 3467 haee
972 3443 1049 3476 ergo
1066 3435 1137 3468 Pla-

86 3487 175 3522 tonis
189 3489 293 3524 verba
307 3491 412 3526 coacti
430 3494 514 3526 sunt
529 3501 683 3527 numeros
707 3493 815 3528 denuo
830 3503 963 3536 augere.
999 3495 1138 3537 Oporte-

1009 241 1324 283 FRAGMENTA
1332 271 1342 283 .

2172 242 2242 280 141

1196 343 1276 372 tum
1295 331 1552 387 aequalitatis]
1579 346 1650 385 per
1677 347 1718 373 se
1738 334 1896 386 quidem
1915 331 2049 384 negari
2077 345 2156 371 non
2182 345 2248 383 po-

1194 397 1295 441 test,
1331 394 1425 444 quia
1464 401 1604 431 cuncta
1634 395 1776 432 mentis
1809 408 1888 432 non
1924 393 2047 442 magis
2081 391 2247 441 cogitata

1195 466 1310 503 quam
1329 465 1443 491 sensa
1472 466 1667 490 commune
1698 452 1850 503 aliquid
1882 451 2031 502 (ταῦτό)
2068 450 2172 489 inter
2206 461 2248 488 se

1196 511 1339 549 habent
1365 519 1403 549 et
1419 513 1637 548 discrimina
1661 512 1864 562 complura
1881 513 1892 562 (
1917 510 2165 563 ἑτερότητας),
2182 509 2247 548 sed

1195 571 1396 609 Platonem
1421 570 1463 608 id
1483 571 1703 623 exprimere
1728 572 1901 610 voluisse
1928 585 2007 609 non
2035 573 2095 609 est
2107 570 2246 608 verisi-

1194 629 1300 669 mile.
1318 630 1474 682 Quippe
1494 629 1532 668 τὸ
1554 629 1680 683 ἀμερές
1699 629 1803 667 idem
1822 639 1879 668 est
1899 630 2004 681 quod
2028 631 2047 676 ἧ
2063 628 2247 677 ταῦτότης,

1195 697 1334 727 natura
1348 701 1502 740 semper
1514 688 1592 727 sibi
1607 697 1806 740 constans,
1820 690 1952 727 omnia
1968 688 2246 740 complectens,

1194 748 1427 797 individua,
1451 748 1628 796 infinita,
1651 756 1815 796 aeterna3
1831 749 2003 800 itemque
2022 747 2061 786 τὸ
2082 746 2247 799 μεριστόν

1194 807 1298 845 idem
1317 807 1421 846 valet
1440 807 1547 858 quod
1566 809 1588 854 ἡ
1615 805 1790 860 ἑτερότης,
1820 815 2049 858 constatque
2081 805 2248 845 e-rebus

1195 866 1559 905 innumerabilibus
1575 875 1692 917 atque
1706 865 1809 904 inter
1831 879 1872 904 se
1892 866 2079 913 diversis,
2106 878 2249 917 corpo-

1196 927 1293 974 reis,
1314 925 1437 964 finitis
1454 954 1464 973 ,
1486 923 1747 963 mutabilibus
1764 932 1802 962 et
1818 924 2039 974 fragilibus.
2057 924 2248 963 Caeterum

1195 985 1300 1036 quod
1319 987 1484 1023 Crantor
1498 984 1600 1023 dixit
1619 984 1790 1022 animam
1809 996 1858 1021 ex
1880 983 2066 1022 omnibus
2087 997 2249 1022 concre-

1195 1053 1271 1082 tam
1295 1057 1399 1093 esse,
1424 1054 1467 1083 ut
1498 1044 1632 1082 omnia
1661 1051 1941 1093 cognosceret,
1965 1055 2009 1081 ea
2030 1043 2249 1082 communis

1196 1104 1484 1143 Platonicorum
1498 1103 1636 1156 opinio
1650 1111 1746 1144 erat.
1776 1102 1875 1141 Vide
1889 1102 2074 1141 Proclum
2090 1102 2131 1140 in
2143 1102 2248 1143 Tim.

1195 1176 1236 1215 p.
1262 1164 1354 1204 186.
1377 1164 1466 1214 189.
1501 1165 1577 1202 203
1603 1172 1640 1201 et
1668 1164 1866 1214 praecipue
1892 1161 1990 1201 205.
2021 1161 2067 1199 ln
2088 1161 2163 1200 hoc
2183 1175 2252 1200 au-

1196 1231 1268 1261 tem
1296 1237 1318 1261 a
1336 1223 1522 1273 magistro
1545 1222 1752 1270 dissensit,
1782 1220 1888 1270 quod
1921 1233 2043 1271 quum
2070 1220 2137 1258 ille
2167 1222 2252 1259 ani-

1193 1295 1296 1320 mam
1321 1282 1459 1321 mundi
1479 1295 1529 1320 ex
1550 1281 1703 1320 duabus
1727 1280 1907 1319 tribusve
1931 1280 2083 1318 naturis
2107 1279 2253 1317 confla-

1195 1350 1273 1379 tam
1291 1355 1374 1380 esse
1390 1341 1627 1393 judicasset,
1659 1341 1743 1393 ipse
1763 1353 1848 1378 eam
1866 1353 1912 1378 ex
1939 1347 2107 1390 quatuor
2133 1340 2253 1391 parti-

1194 1400 1269 1439 bus
1295 1401 1560 1440 dissimilibus
1591 1401 1852 1452 compositam
1884 1399 2016 1439 duxit.
2067 1399 2252 1450 Denique

1195 1459 1433 1499 Xenocrates
1451 1469 1489 1499 et
1507 1461 1674 1499 Crantor
1695 1460 1787 1509 (hos
1806 1459 1912 1497 enim
1931 1467 2046 1497 antea
2067 1458 2250 1496 nomina-

1195 1529 1304 1558 verat
1331 1519 1589 1570 Plutarchus)
1618 1518 1920 1565 intellexerunt,
1956 1518 2253 1569 contemplatio-

1196 1579 1258 1618 nis
1280 1593 1395 1618 causa
1415 1579 1515 1629 fieri,
1535 1589 1576 1617 ut
1590 1578 1703 1616 Plato
1718 1577 2112 1629 quamvismundum
2133 1577 2252 1615 sciret

1195 1651 1279 1677 esse
1298 1648 1486 1677 aeternum
1507 1638 1696 1689 nulloque
1711 1645 1799 1676 ortu
1815 1645 2053 1687 generatum,
2069 1635 2253 1686 idemque

1195 1698 1243 1736 de
1271 1699 1401 1736 anima
1421 1698 1559 1736 mundi
1581 1697 1768 1744 sentiret,
1792 1705 1921 1734 tamen
1947 1696 2154 1746 utriusque
2184 1709 2250 1745 ge-

1195 1757 1436 1795 nerationem
1450 1756 1641 1807 paulatim
1658 1756 1797 1794 factam
1818 1755 2101 1794 introduceret.
2118 1753 2252 1803 Neque

1194 1818 1299 1855 enim
1321 1816 1436 1855 aliter
1464 1816 1573 1854 Plato
1602 1829 1684 1854 rem
1713 1815 1922 1854 obscuram
1945 1815 1994 1854 iis
2020 1813 2090 1865 ‘lui
2119 1813 2252 1865 philo-

1195 1875 1344 1927 sophiae
1385 1875 1518 1914 studio
1566 1883 1794 1913 teneremur
1833 1872 2008 1912 dilucide
2051 1872 2252 1923 explicare

1195 1948 1310 1987 posse
1338 1934 1416 1973 sibi
1437 1934 1685 1985 videbatur.)

1249 2008 1279 2036 5.
1306 1991 1498 2048 Εἶρηκότος
1518 1993 1557 2033 δὲ
1584 1997 1646 2033 τοῦ
1678 1992 1882 2037 Πλάτωνος·
1912 1990 2090 2043 ἡμιολίων
2115 1989 2151 2030 δὲ
2172 1992 2252 2030 δια-

1198 2054 1356 2094 στάσεων
1379 2054 1440 2093 καὶ
1474 2053 1660 2106 ἐπιτρίτων
1682 2054 1743 2092 καὶ
1769 2052 1947 2106 ἐπογδόων
1973 2050 2191 2103 γενομένων,
2212 2054 2253 2091 ἐκ.

1196 2114 1328 2154 τούτων
1350 2116 1419 2153 τῶν
1442 2115 1579 2165 δεσμῶν
1616 2115 1649 2152 ἐν
1672 2119 1748 2158 ταῖς
1771 2112 1921 2168 πρόσθεν
1952 2112 2177 2161 διαστάσεσι,
2201 2115 2251 2166 τῷ

1195 2177 1256 2213 τοῦ
1280 2174 1448 2225 ἐπογδόου
1475 2173 1694 2224 διαστήματι
1726 2172 1772 2211 τὰ
1805 2172 1966 2226 ἐπίτριτα
2000 2172 2116 2211 πάντα
2150 2171 2250 2217 ξυνε-

1196 2234 1392 2286 πληροῦτο,
1430 2233 1562 2272 λείπων
1590 2235 1707 2271 αὐτῶν
1736 2231 1889 2271 ἑκάστου
1921 2231 2065 2285 μόριον,
2094 2234 2157 2279 τῆς
2185 2235 2248 2270 τοῦ

1197 2292 1320 2344 μορίου
1340 2293 1470 2339 ταύτης
1502 2291 1719 2336 διαστάσεως
1750 2290 1951 2344 λειφθείσης
1983 2294 2132 2344 ἀριθμοῦ
2161 2291 2249 2344 πρὸς

1197 2351 1341 2402 ἀριθμὸν
1378 2350 1528 2404 ἐχούσης
1559 2349 1636 2394 τοὺς
1667 2350 1765 2404 ὅρους
1790 2351 1822 2396 ς’
1844 2350 1905 2390 καὶ
1939 2349 1967 2388 ν’
2009 2349 2071 2389 καὶ
2101 2348 2133 2388 σ’
2162 2351 2250 2403 πρὸς

1195 2409 1229 2461 γ’
1249 2410 1309 2448 καὶ
1330 2410 1366 2461 μ’
1394 2410 1454 2450 καὶ
1484 2410 1534 2459 σ’,
1558 2409 1615 2449 διὰ
1645 2409 1777 2457 ταύτην
1798 2409 1862 2458 τὴν
1893 2409 1985 2454 λέξιν
2007 2410 2249 2460 ἠναγκάζοντο

1195 2469 1301 2507 πάλιν
1324 2468 1401 2513 τοὺς
1431 2467 1598 2522 ἀριθμοὺς
1626 2469 1814 2520 ἐπανάγειν
1838 2468 1900 2508 καὶ
1934 2469 2095 2520 μείζονας
2117 2470 2245 2511 ποιεῖν.

1194 2527 1293 2567 Ἔδει
1325 2528 1388 2580 μὲν
1408 2528 1477 2582 γὰρ
1509 2526 1629 2581 ἐφεξῆς
1657 2527 1809 2580 ἐπόγδοα
1845 2528 2001 2582 γίνεσθαι
2028 2526 2098 2567 δύο·
2128 2531 2192 2576 τῆς
2211 2529 2248 2568 δὲ

1196 2586 1313 2632 ἑξάδος
1331 2587 1402 2627 οὔτ’
1427 2587 1570 2626 αὐτόθεν
1592 2586 1758 2639 ἐπόγδοον
1781 2587 1955 2640 ἐχούσης,
1977 2585 2048 2626 εἴτε
2067 2586 2248 2641 τέμνοιτο,

1195 2647 1504 2700 κερματιζομένων
1525 2647 1573 2691 εἷς
1594 2645 1700 2700 μόρια
1718 2649 1787 2686 τῶν
1804 2647 1985 2698 μονάδων,
2006 2649 2250 2701 δυσθεωρήτου

1197 2709 1258 2754 τῆς
1281 2706 1464 2758 μαθήσεως
1488 2706 1677 2756 ἐσομένης,
1705 2707 1791 2745 αὐτὸ
1813 2707 1852 2747 τὸ
1880 2713 2033 2761 πρᾶγμα
2053 2708 2110 2747 τὸν
2142 2709 2250 2747 πολυ-

1196 2766 1421 2817 πλασιασμὸν
1443 2765 1681 2820 ὑπηγόρευσεν
1696 2796 1707 2816 ,
1729 2766 1850 2821 ὥσπερ
1872 2768 1907 2806 ἐν
1938 2767 2116 2821 ἁρμονικῇ
2140 2782 2251 2819 μετα-

1199 2824 1284 2877 ὅολῇ
1319 2831 1379 2865 τοῦ
1414 2825 1683 2879 διαγράμματος
1719 2826 1802 2866 ὅλου
1835 2827 2161 2879 συνεπιτεινομένου
2198 2829 2250 2880 τῷ

1196 3022 1254 3055 bat
1280 3022 1366 3056 enim
1391 3023 1543 3067 deinceps
1561 3027 1636 3067 post
1654 3025 1821 3059 senarium
1840 3026 1918 3069 poni
1940 3026 2025 3069 duos
2043 3027 2250 3069 sesquiocta-

1197 3091 1267 3115 vos.
1314 3084 1357 3116 At
1378 3092 1485 3136 neque
1506 3085 1659 3118 octavam
1683 3087 1812 3127 partem
1841 3085 1944 3119 habet
1971 3087 2134 3126 senarius,
2164 3088 2198 3119 et
2223 3086 2250 3119 si

1196 3141 1449 3184 comminuatur,
1466 3143 1662 3178 monadibus
1675 3144 1744 3186 ejus
1762 3145 1803 3178 ad
1818 3145 1992 3188 scrupulos
2008 3145 2162 3186 redactis,
2185 3146 2250 3178 dis-

1196 3200 1292 3234 ficilis
1312 3202 1422 3235 sutura
1434 3201 1477 3236 sit
1493 3204 1735 3246 contemplatio.
1781 3207 1987 3248 Quapropter
2010 3205 2080 3247 ipsa
2097 3215 2148 3237 res
2164 3205 2251 3238 mul-

1195 3259 1427 3302 tiplicationem
1453 3263 1630 3304 suggessit,
1661 3264 1700 3297 ut
1720 3265 1877 3307 tanquam
1904 3264 1938 3297 in
1963 3263 2154 3298 harmonica
2173 3273 2250 3296 inu-

1195 3319 1318 3353 tatione
1333 3321 1515 3354 secundum
1530 3322 1628 3364 primi
1652 3324 1783 3357 numeri
1798 3323 2035 3357 incrementum
2055 3327 2126 3357 tota
2149 3333 2247 3365 auge-

1196 3380 1288 3410 retur
1315 3378 1503 3421 descriptio.
1568 3380 1723 3414 Eudorus
1756 3381 1857 3423 igitur
1890 3383 2081 3414 crantorem
2116 3383 2249 3412 secutus

1194 3435 1335 3477 primum
1359 3446 1533 3471 numerum
1553 3438 1664 3481 posuit
1682 3440 1944 3481 CCCLXXXIV,
1964 3438 2022 3480 qui
2042 3439 2081 3471 fit
2103 3440 2146 3470 VI
2170 3447 2246 3471 cum

1195 3496 1296 3531 LXIV
1311 3497 1547 3540 multiplicatis.
