2508 3776
256 168 336 206 458

311 254 328 274 *
354 253 443 305 Περὶ
474 252 535 303 μὲν
570 246 628 290 οὖν
662 253 723 297 τῆς
743 247 908 296 τοιαύτης
927 248 1116 295 διαθέσεως
1148 248 1289 303 ὕστερον

258 313 471 362 ποιησόμεθα
494 310 607 360 λόγον.
630 310 722 361 Περὶ
740 309 775 348 δὲ
795 312 859 356 τῆς
877 309 1001 354 κακίας
1020 310 1155 362 εἴρηται
1170 310 1289 364 πρότε-

260 388 336 424 ρον,
352 371 408 409 ὅτε
439 369 453 392 b
478 369 558 421 περὶ
579 370 711 420 ἀρετῶν
727 367 890 420 ἐλέγομεν
912 369 979 406 τῶν
999 370 1141 416 ἠθικῶν.
1164 371 1237 409 Νῦν
1259 368 1294 407 δὲ

257 430 336 482 περὶ
363 431 424 475 τῆς
452 426 621 480 ἀκρασίας
655 427 823 479 ἐροῦμεν,
844 425 904 465 καὶ
927 427 1008 477 περὶ
1032 430 1094 475 τῆς
1122 427 1297 476 μαλακίας

256 488 314 526 καὶ
350 490 411 534 τῆς
431 489 583 540 τρυφῆς,
614 486 673 524 καὶ
699 487 768 523 τῶν
790 485 1059 535 ἀντικειμένων,
1095 486 1296 540 ἐγκρατείας

257 546 315 584 καὶ
335 545 537 598 καρτερίας·
559 543 636 583 οὔτε
654 544 721 596 γὰρ
742 547 785 597 τῆ
801 544 967 597 εἰρημένῃ
983 544 1090 598 κακίᾳ
1107 546 1167 584 καὶ
1188 548 1294 599 ἀρετῇ

258 606 292 643 αἳ
313 605 413 642 αὐταί
442 606 545 650 εἰσιν,
571 602 647 641 οὔτε
668 604 784 640 πάντα
811 603 991 655 διάφοροι,
1017 605 1064 647 ὡς
1090 605 1296 655 ἑτερογενεῖς

258 657 364 701 εἶναι·
394 663 471 701 καθ’
495 662 572 700 ὅσον
596 669 611 688 ‘³
632 660 696 712 μὲν
716 661 784 714 γὰρ
807 660 847 699 τὸ
866 661 993 713 ἀγαθὸν
1017 663 1164 714 αἱρεῖται
1185 664 1203 700 6
1228 664 1294 714 ἐγ-

257 721 388 774 κρατὴς
410 720 541 774 καὶτῷ
567 720 661 773 λόγῳ
695 722 902 768 ἀκολουθεῖ,
932 722 1037 774 ἀρετῆ
1067 721 1240 774 προσήκει
1273 723 1296 768 ἡ

257 781 457 834 ἐγκράτεια·
479 781 559 820 καθ’
589 780 669 819 ὅσον
690 780 726 819 δὲ
748 782 967 819 ἐναντιοῦται
986 782 1003 808 ‘¹
1018 782 1113 834 αὐτῷ
1129 786 1152 830 ἡ
1174 784 1293 821 ἐπιθυ-

510 841 521 854 5
552 843 574 851 Ν
603 840 610 853 Ι
640 842 650 855 5

255 898 348 938 κατὰ
370 903 471 938 τοῦτο
492 900 555 938 οὐκ
583 898 678 938 ἔστιν
711 899 835 952 ἀρετή.
863 898 1076 943 Ἀκολούθως
1102 899 1138 938 δὲ
1170 900 1249 939 οὐδὲ
1273 903 1295 948 ἡ

257 958 409 1012 ἀκρασία
429 958 537 998 κακία
564 958 638 998 ἐστὶ
658 958 751 997 κατὰ
771 958 836 1006 τὴν
866 958 993 997 κακίαν
1012 958 1078 1006 τὴν
1100 959 1296 1011 ἀντικειμέ-

256 1033 317 1065 νην
336 1023 412 1063 ταῖς
430 1018 567 1065 ἠθικαῖς
581 1019 718 1071 ἀρεταῖς
730 1033 737 1041 ·
761 1020 780 1057 6
798 1017 861 1068 μὲν
877 1017 944 1071 γὰρ
960 1017 1023 1066 τὴν
1038 1019 1147 1066 ἄλλην
1167 1018 1294 1058 κακίαν

256 1078 407 1129 φαῦλος,
429 1075 496 1121 ἕξιν
509 1075 601 1128 ἔχων
617 1079 680 1124 τῆς
695 1075 925 1128 φαυλότητος,
937 1076 1087 1129 πράττει
1105 1076 1150 1115 τὰ
1166 1078 1297 1131 φαῦλα,

258 1135 307 1184 μὴ
329 1134 576 1179 ἀντιτείνοντος
603 1136 699 1187 αὐτῷ
729 1139 789 1173 τοῦ
809 1135 993 1186 λογισμοῦ·
1015 1138 1035 1174 6
1055 1134 1094 1174 δὲ
1122 1136 1297 1189 ἀκρατής,

258 1196 318 1232 τοῦ
337 1195 506 1247 λογισμοῦ
524 1194 609 1246 πρὸς
628 1193 669 1232 τὸ
686 1195 814 1245 ἀγαθὸν
832 1194 993 1238 ἕλκοντος
1005 1224 1016 1242 ,
1039 1194 1105 1233 ὑπὸ
1127 1197 1195 1234 τῶν
1218 1197 1296 1234 ἐπι-

260 1255 391 1304 θυμιῶν
426 1258 626 1305 κρατεῖται·
649 1253 709 1292 καὶ
740 1252 797 1291 διὰ
816 1258 919 1292 τοῦτο
942 1255 1005 1293 οὖκ
1024 1254 1116 1292 ἔστιν
1138 1254 1298 1305 ὁμοειδὴς

256 1314 300 1365 τῆ
321 1311 427 1365 κακίᾳ
444 1316 466 1360 ἡ
489 1311 659 1365 ἀκρασία·
682 1311 736 1351 ὅτι
757 1313 793 1351 δὲ
813 1313 911 1365 παρὰ
930 1313 988 1351 τὸν
1010 1313 1112 1364 λόγον
1133 1314 1192 1352 καὶ
1209 1312 1298 1360 αὐτή

257 1373 352 1420 ἐστι,
374 1373 434 1410 καὶ
455 1371 625 1419 ἑκούσιον,
648 1375 748 1410 τοῦτο
769 1373 857 1424 αὐτῇ
877 1377 1056 1412 κοινωνεῖ.

311 1428 350 1451 **
369 1428 539 1480 Λέγωμεν
560 1429 602 1476 δὴ
620 1429 699 1480 περὶ
718 1431 830 1468 αὐτῶν
854 1428 947 1467 κατὰ
967 1428 1025 1467 τὸν
1048 1429 1198 1481 τρόπον,
1222 1431 1300 1470 καθ’

215 1534 217 1536 ¹
256 1486 294 1526 ὃν
316 1487 376 1526 καὶ
393 1487 473 1541 περὶ
490 1491 559 1526 τῶν
583 1487 697 1526 ἄλλων
719 1487 874 1539 εἴπομεν“
896 1488 1113 1537 ἐκθησόμεθα
1133 1489 1201 1542 γὰρ
1222 1489 1300 1535 τοὺς

258 1546 441 1590 δοκοῦντας
475 1546 556 1598 περὶ
586 1548 697 1585 αὐτῶν
722 1546 867 1598 λόγους,
895 1541 944 1586 ῶν
965 1547 1045 1593 τοὺς
1074 1549 1123 1598 μὴ
1145 1549 1299 1599 συμὸαί-

257 1620 377 1649 νοντας
396 1608 439 1658 τῇ
459 1605 607 1658 ἀληθείᾳ
629 1606 851 1658 ἐλέγξαντες,
868 1606 948 1651 τοὺς
970 1609 1125 1657 μάλιστα
1149 1609 1301 1655 ἐνδόξους

257 1665 533 1716 καταλείψαντες
552 1664 813 1718 βεὸαιώσομεν·
829 1666 890 1705 καὶ
911 1665 1019 1711 οὕτως
1035 1667 1135 1706 ἔσται
1155 1668 1302 1721 φανερὸς

257 1727 275 1764 6
291 1724 371 1777 περὶ
395 1725 509 1762 αὐτῶν
528 1725 642 1775 λόγος.

309 1783 371 1807 ***
384 1783 486 1822 Δοκεῖ
501 1782 543 1830 δὴ
556 1789 663 1822 πᾶσιν
681 1786 703 1831 ἡ
724 1783 911 1837 ἐγκράτεια
928 1785 1075 1837 ἀγαθόν,
1087 1786 1154 1824 ’καὶ
1171 1790 1193 1834 ἡ
1214 1802 1300 1840 καρ-

256 1842 353 1894 τερία
382 1845 450 1881 τῶν
477 1841 676 1880 σπουδαίων
696 1841 756 1879 καὶ
777 1846 847 1881 τῶν
871 1846 1061 1883 ἐπαινετῶν
1082 1838 1187 1883 εἶναι·
1215 1849 1237 1893 ἡ
1265 1846 1300 1885 δὲ

257 1900 410 1953 ἀκρασία
421 1901 636 1939 τούναντίον.
655 1901 756 1940 Φασὶ
779 1902 814 1939 δὲ
831 1902 913 1955 περὶ
933 1905 995 1949 τῆς
1013 1904 1219 1955 ἐγκρατείας
1239 1905 1299 1942 καὶ

257 1963 387 1997 ταῦτα·
405 1960 543 2011 πρῶτον
568 1959 651 2009 μέν,
680 1959 733 1997 ὅτι
752 1962 771 1998 6
796 1960 970 2012 ἐγκρατὴς
989 1963 1008 1999 ὃ
1030 1961 1132 2006 αὐτός
1153 1963 1226 2000 ἐστι
1249 1965 1299 2016 τῷ

258 2020 474 2070 ἔμμενετικῷ
493 2016 529 2055 ἔν
550 2033 617 2056 τινι
633 2019 795 2071 λογισμῷ
815 2019 876 2057 καὶ
895 2019 1068 2072 ἀκινήτῳ,
1088 2019 1149 2058 καὶ
1169 2022 1296 2072 ἐγκρά-

256 2092 333 2115 τεια
353 2076 393 2114 τὸ
411 2075 575 2126 ἐμμένειν
596 2079 645 2130 τῷ
665 2078 844 2129 λογισμῷ,
865 2078 1020 2129 ἀκρασία
1043 2077 1080 2116 δὲ
1100 2078 1160 2116 καὶ
1182 2080 1297 2132 ἀκρα-

256 2134 317 2182 τὴς
340 2134 558 2173 τούναντίον·
579 2135 763 2188 δεύτερον,
788 2136 841 2174 ὅτι
864 2135 962 2180 εἰδὼς
988 2139 1006 2175 6
1035 2136 1207 2190 ἐγκρατὴς
1237 2137 1292 2176 ὅτι

256 2195 418 2248 φαῦλαιθ
441 2196 477 2233 αἱ
505 2194 711 2244 ἐπιθυμίαι,
741 2194 931 2247 ἀφίσταται
958 2195 1089 2233 τούτων
1123 2195 1183 2234 καὶ
1212 2197 1295 2234 ἀκο-

258 2255 375 2292 λουθεῖ
408 2255 458 2306 τῷ
489 2253 602 2306 λόγῳ,
637 2256 655 2292 6
686 2253 721 2292 δὲ
755 2254 930 2307 ἀκρατής,
968 2254 1068 2298 εἰδὼς
1100 2255 1153 2292 ὅτι
1183 2257 1300 2308 φαῦλα

256 2312 424 2364 πράττει,
447 2310 505 2350 διὰ
528 2311 592 2359 τὴν
616 2311 743 2360 ἡδονὴν
773 2314 811 2351 οὗ
831 2313 994 2352 πείθεται
1012 2315 1062 2365 τῷ
1082 2313 1201 2367 λόγῳ·
1227 2313 1297 2367 τρί-

255 2386 335 2422 τον,
357 2371 408 2409 ὅτι
430 2370 488 2408 καὶ
506 2373 523 2409 6
545 2370 691 2425 σώφρων
710 2371 882 2425 ἐγκρατής
903 2373 977 2411 ἐστι
997 2371 1058 2411 καὶ
1076 2373 1297 2425 καρτερικός,

256 2428 315 2467 καὶ
344 2430 363 2465 6
393 2428 585 2472 ἀκόλαστος
607 2429 829 2468 τούναντίον·
851 2432 1039 2483 τέταρτον,
1065 2430 1120 2470 ὅτι
1149 2430 1208 2470 καὶ
1232 2438 1299 2476 πᾶς

257 2485 429 2539 ἐγκρατὴς
461 2486 627 2539 σώφρων·
660 2486 747 2526 ἔνιοι
777 2486 814 2526 δὲ
835 2489 964 2539 ὁμοίως
994 2489 1132 2528 καὶτὸν
1161 2492 1298 2542 ἀκρατῆ

257 2546 372 2583 πάντα
399 2545 613 2593 ἀκόλαστον,
642 2545 703 2584 καὶ
731 2546 791 2585 τὸν
821 2546 1016 2586 ἀκόλαστον
1045 2549 1182 2600 ἀκρατῆ
1210 2542 1299 2587 εἷναί

257 2619 381 2656 φασιν·
405 2604 506 2642 ἄλλοι
533 2605 568 2642 δὲ
600 2604 774 2659 διαφέρειν
808 2605 996 2652 ἀλλήλων·
1029 2607 1215 2658 πέμπτον,
1242 2607 1297 2647 ὅτι

258 2663 440 2715 ἐνδέχεται
460 2663 630 2716 φρόνιμον
651 2664 712 2702 καὶ
728 2664 837 2703 δεινὸν
857 2664 940 2703 ὄντα
962 2666 1021 2704 καὶ
1043 2668 1180 2719 ἀκρατῆ
1196 2660 1297 2706 εἶναι·

259 2722 380 2771 ἕκτον,
406 2722 458 2761 ὅτι
493 2722 651 2774 λέγονται
674 2725 834 2775 ἀκρατεῖς
856 2726 887 2763 οἱ
911 2724 996 2777 πρὸς
1023 2724 1131 2776 θυμὸν
1154 2727 1297 2780 ἐπιῤῥε-

257 2784 350 2824 πεῖς,
374 2780 433 2818 καὶ
461 2780 492 2817 οἱ
522 2781 654 2834 σφόδρα
682 2785 788 2831 τιμῆς
819 2783 879 2822 καὶ
904 2784 1045 2836 κέρδους
1076 2785 1296 2836 ὀρεγόμενοι·

256 2841 367 2876 ταῦτα
402 2838 463 2889 μὲν
486 2833 544 2876 οῧν
566 2841 632 2877 εἶσι
657 2840 772 2878 πάντα
794 2841 917 2894 σχεδὸν
937 2841 983 2880 τὰ
1012 2843 1187 2894 λεγόμενα
1218 2845 1298 2897 περὶ

256 2895 456 2948 ἐγκρατείας
477 2895 533 2934 καὶ
571 2898 759 2950 ἀκρασίας·
781 2894 828 2938 ῶν
863 2901 942 2954 περὶ
974 2901 1124 2942 ἑκάστου
1151 2902 1297 2956 σκεψώ-

258 2957 364 3005 μεθα·
384 2954 444 2992 καὶ
463 2958 598 3008 πρῶτον
619 2957 697 3009 περὶ
719 2962 777 2996 τοῦ
797 2959 949 3010 πρώτου.

313 3012 479 3065 (Scripsi
503 3028 512 3051 ε
534 3020 548 3036 ³
566 3016 604 3052 οὐ
624 3014 692 3067 γὰρ
715 3015 830 3069 ἐῴκει]
860 3033 949 3056 cum
969 3020 1056 3060 cod.
1086 3020 1298 3059 Andronici

256 3080 294 3110 et
323 3072 519 3111 Marciano
546 3073 789 3122 Aristotelis3
824 3089 912 3113 nam
950 3078 1052 3129 apud
1087 3079 1298 3117 Homerum

256 3131 368 3170 Iliad.
390 3130 526 3179 XXIV,
551 3132 735 3182 258-259
758 3142 795 3172 et
820 3134 859 3171 in
880 3137 1074 3187 plerisque
1103 3137 1297 3188 Stagiritae

257 3189 371 3227 libris
399 3189 540 3240 legitur
561 3189 639 3229 οὐδὲ
664 3190 779 3244 ἐῴκει.
808 3212 860 3221 -
879 3194 895 3218 ¹³
913 3193 985 3246 ὅτε]
1019 3196 1103 3234 cod.
1129 3196 1194 3236 ὅτι.
1211 3220 1264 3227 -
1282 3204 1297 3222 ⁰

1086 161 1365 202 ANDRONICI
1392 162 1566 203 RHODII

1399 257 1473 288 Jam
1505 265 1582 289 vero
1611 256 1653 290 de
1678 256 1737 289 tali
1764 257 1864 291 animi
1894 258 2069 294 affectione
2103 263 2215 303 postea
2247 261 2398 305 disputa·
2431 259 2452 273 ·'

1356 310 1476 344 bimus.
1522 313 1570 343 De
1598 310 1777 344 vitiositate
1808 314 1919 346 autem
1946 314 1980 347 in
2006 315 2113 357 priore
2141 315 2183 350 de
2216 317 2400 353 virtutibus

1357 367 1538 400 moralibus
1557 367 1788 402 dissertatione
1806 368 1961 404 diximus.
1981 372 2074 405 Nunc
2093 382 2182 407 vero*
2197 374 2239 407 de
2258 375 2398 411 inconti-

1358 423 1487 461 nentia,
1517 423 1655 457 mollitie
1677 426 1710 457 et
1729 424 1832 466 luxu,
1864 425 1972 468 deque
2002 429 2174 463 contrariis
2198 429 2394 476 virtutibus,

1358 479 1556 512 continentia
1580 479 1733 514 videlicet
1751 491 1789 514 ac
1819 481 1989 516 tolerantia
2007 493 2141 526 agamus
2159 496 2167 518 ι
2186 495 2294 531 neque
2314 489 2402 523 enim

1358 548 1434 572 cum
1452 540 1609 583 praedicta
1628 541 1807 578 vitiositate
1823 547 1882 578 aut
1897 547 2021 581 virtute
2038 550 2116 582 sunt
2132 551 2255 586 eaedem
2267 578 2276 592 ,
2295 561 2403 596 neque

1359 599 1469 630 tamen
1488 599 1534 631 ita
1562 599 1721 641 diversae,
1747 605 1784 636 ut
1811 605 1947 639 alterius
1975 607 2103 649 generis
2120 607 2211 640 sint:
2240 610 2404 652 quatenus

1359 662 1435 697 ergo
1465 654 1587 688 bonum
1622 659 1746 701 expetit
1777 662 2004 706 rationemque
2038 664 2189 707 sequitur
2212 664 2402 706 continua,

1360 715 1511 748 convenit
1536 717 1653 750 virtuti
1677 720 1875 753 continentia
1895 733 1902 753 :
1935 723 2099 764 quatenus
2119 731 2198 755 vero
2221 730 2350 766 sempor
2372 721 2405 756 ei

1360 769 1556 804 adversatur
1574 773 1736 816 cupiditas
1758 778 1790 809 et
1809 780 1968 819 perpetuo
1981 778 2017 811 in
2043 778 2220 812 certamine
2233 781 2284 813 est
2298 805 2306 819 ,
2325 780 2406 823 quia

1360 827 1476 862 habitu
1502 832 1607 869 caret,
1630 834 1764 866 eatenus
1788 844 1852 867 non
1877 836 1927 867 est
1957 835 2076 869 virtus.
2105 836 2165 869 His
2193 838 2306 870 autem
2328 845 2405 880 quae

1360 883 1500 930 dicimus
1539 892 1755 930 congruenter
1792 900 1851 924 nec
1883 891 2116 925 incontinentia
2150 892 2316 926 vitiositas
2354 896 2406 928 est

1360 945 1509 985 respectu
1527 945 1598 986 ejus
1621 954 1698 988 quaa
1711 948 1891 981 moralibus
1911 949 2094 982 virtutibus
2109 950 2288 993 opponitur
2305 949 2407 985 vitio-

1359 998 1468 1032 sitatis
1490 1012 1497 1031 :
1519 1000 1577 1043 qui
1594 1001 1679 1034 enim
1706 1003 1843 1046 reliquis
1864 1004 1955 1038 vitiis
1970 1005 2213 1039 contaminatus
2237 1006 2407 1050 improbus

1360 1057 1557 1096 nominatur,
1578 1067 1682 1100 quum
1710 1059 1931 1102 improbitatis
1945 1065 2141 1096 consecutus
2168 1063 2212 1096 sit
2233 1063 2384 1106 habitum
2397 1091 2404 1102 .

1361 1122 1424 1146 non
1442 1115 1641 1155 repugnante
1660 1115 1795 1161 rationis
1815 1116 1849 1148 vi
1870 1115 2018 1158 improba
2047 1117 2133 1151 facta
2157 1118 2242 1160 gerit
2261 1130 2270 1151 ε
2293 1115 2408 1152 innon-

1362 1164 1468 1199 tinens
1489 1176 1587 1205 vero,
1606 1177 1711 1210 quum
1727 1169 1769 1202 ad
1792 1168 1914 1202 bonum
1930 1179 2007 1203 eum
2029 1170 2132 1203 trahit
2150 1171 2258 1212 ratio,
2284 1172 2409 1216 cupidi-

1361 1223 1470 1254 tatum
1500 1221 1616 1256 ardore
1647 1225 1823 1266 superatur
1852 1235 1860 1255 z
1890 1223 2032 1266 ideoque
2061 1216 2127 1256 non
2157 1224 2305 1267 eiusdem
2330 1234 2407 1261 eum

1362 1280 1540 1314 vitiositate
1560 1282 1678 1324 speciei
1700 1284 1750 1315 est
1769 1281 2005 1314 incontinentia
2021 1293 2029 1313 ε
2049 1283 2215 1324 quatenus
2228 1291 2308 1317 vero
2321 1292 2409 1335 pm·-

1362 1335 1413 1366 ter
1430 1335 1590 1368 rationem
1607 1345 1739 1378 quoque
1756 1336 1826 1378 ipsa
1844 1337 1895 1368 est
1907 1362 1914 1374 ,
1942 1336 1976 1368 et
1992 1343 2046 1368 res
2062 1334 2257 1376 voluntaria,
2273 1337 2409 1372 eatenus

1361 1388 1488 1431 aliquid
1513 1398 1588 1421 cum
1612 1398 1650 1422 ea
1678 1398 1851 1422 commune
1863 1389 1973 1422 habet.

1402 1447 1559 1480 Dicamus
1583 1450 1696 1481 autem
1718 1447 1759 1481 de
1786 1448 1827 1481 iis
1859 1447 1974 1481 eodem
2004 1448 2123 1488 modo,
2153 1458 2222 1492 quo
2241 1449 2343 1490 etim
2366 1450 2409 1486 de

1361 1506 1489 1540 caeteris
1506 1506 1722 1540 disseruimus
1752 1520 1760 1540 2
1785 1516 1986 1549 exponemus
2007 1507 2094 1541 enim
2126 1517 2182 1542 eas
2206 1516 2284 1552 quoe
2308 1509 2409 1553 vulgo

1362 1565 1543 1608 probantur
1555 1566 1714 1605 rationes,
1744 1575 1762 1599 e
1785 1565 1907 1608 quibus
1924 1565 2173 1609 incongruentes
2186 1568 2336 1610 opposita
2351 1577 2410 1603 ve-

1362 1625 1461 1658 ritate
1482 1625 1719 1666 refutabimus,
1749 1624 1894 1668 reliquas
1923 1634 2003 1659 vero
2023 1635 2100 1668 quae
2123 1627 2267 1661 maxime
2292 1627 2408 1671 proba-

1361 1684 1444 1717 biles
1465 1686 1561 1723 sunt,
1587 1684 1852 1717 confirmabimus
1877 1693 1915 1717 ac
1946 1684 2172 1728 relinquemus
2204 1699 2212 1719 ι
2239 1688 2340 1730 atque
2361 1687 2407 1721 ita

1361 1743 1479 1786 planus
1498 1743 1560 1776 erit
1579 1743 1620 1777 de
1642 1743 1683 1776 iis
1703 1753 1821 1776 sermo.
2370 1744 2376 1750 ’

1404 1802 1566 1836 Omnibus
1582 1833 1585 1836 ,
1599 1812 1675 1845 ergo
1703 1802 1827 1835 bonum
1855 1802 1988 1836 videtur
2021 1803 2220 1838 continentia
2243 1804 2409 1850 rebusque

1360 1862 1472 1906 probis
1504 1864 1538 1895 et
1570 1862 1792 1895 laudabilibus
1825 1862 2070 1896 annumeranda
2101 1872 2174 1898 esse
2197 1863 2372 1909 tolerantia
2396 1878 2405 1900 :

1361 1921 1562 1954 contrarium
1578 1931 1657 1955 vero
1672 1921 1915 1954 incontinentia.
1939 1921 2004 1955 Sed
2021 1922 2054 1955 et
2066 1921 2143 1955 haec.
2153 1921 2195 1956 de
2209 1923 2407 1959 confluentia

1361 1981 1540 2024 praedicant
1558 1993 1565 2012 :
1583 1981 1727 2023 primum
1743 1981 1964 2014 continentem
1982 1980 2121 2014 eundem
2134 1991 2206 2015 esse
2221 1984 2322 2025 atque
2331 1993 2408 2018 eum

1361 2038 1420 2079 qui
1445 2038 1479 2070 in
1513 2038 1638 2071 ratione
1658 2039 1828 2080 permanet
1846 2037 1949 2080 eique'
1960 2037 2118 2072 immotus
2136 2038 2348 2080 adhoerescit,
2373 2042 2408 2074 et

1361 2098 1395 2130 in
1422 2096 1547 2130 ratione
1586 2106 1777 2139 permanere
1813 2105 1884 2129 esse
1917 2096 2172 2136 continentiam,
2206 2099 2417 2137 contrarium,

1361 2158 1473 2190 autem
1489 2156 1758 2189 incontinentiam
1774 2157 1807 2189 et
1820 2155 2075 2189 incontinentem
2090 2155 2246 2198 appellari
2263 2170 2273 2190 ε
2289 2156 2410 2192 deinde

1361 2216 1599 2254 continentem,
1632 2224 1738 2258 quum
1763 2214 1846 2248 sciat
1874 2214 2007 2247 insanas
2031 2223 2104 2248 esse
2135 2215 2344 2258 cupiditates,
2366 2217 2409 2252 ab
2432 2213 2446 2221 ’“
2486 2211 2490 2224 ’

1361 2275 1401 2309 iis
1421 2274 1601 2308 desciscere
1620 2276 1654 2307 et
1679 2274 1839 2307 rationem
1859 2273 1971 2316 sequi.
1991 2275 2026 2307 at
2051 2274 2304 2308 incontinentem
2318 2299 2329 2316 ‚
2347 2277 2417 2324 qui*

1361 2335 1569 2377 exploratum
1595 2333 1738 2372 habeat,
1765 2333 1915 2374 improba
1944 2332 2033 2365 facta
2062 2342 2098 2366 se
2125 2342 2253 2374 gerere,
2274 2337 2407 2378 propter
2420 2338 2428 2356 ²·

1360 2393 1566 2434 voluptatem
1595 2391 1715 2424 rationi
1738 2399 1803 2423 non
1830 2390 2058 2432 obtemperare
2088 2402 2096 2422 ε
2117 2392 2192 2423 tum
2217 2393 2407 2435 temperan-

1360 2452 1429 2483 tem
1449 2459 1582 2493 quoque
1605 2459 1677 2483 esse
1707 2449 1929 2482 continentem
1958 2457 1997 2481 ac
2027 2448 2241 2488 tolerantem,
2271 2451 2329 2485 sed
2354 2452 2408 2485 in-

1361 2510 1603 2552 temperantem
1633 2508 1834 2541 contrarium
1862 2507 1999 2540 vocari:
2024 2516 2122 2550 porro
2147 2517 2278 2543 omnem
2298 2509 2407 2544 homi-

1360 2577 1435 2601 nem
1466 2568 1687 2600 continentem
1721 2566 1822 2599 etiam
1855 2568 2095 2609 temperantem
2127 2575 2199 2600 esse
2235 2580 2243 2600 :
2285 2569 2319 2602 et
2350 2568 2407 2611 alii

1359 2627 1494 2670 quidem
1507 2627 1658 2660 similiter
1673 2635 1806 2659 omnem
1824 2625 1991 2659 hominem
2008 2625 2266 2659 incontinentem
2285 2627 2407 2661 intem-

1359 2688 1547 2729 perantem,
1569 2688 1602 2719 et
1629 2686 1906 2728 intemperantem
1921 2694 2052 2719 omnem
2079 2684 2247 2718 hominem
2263 2682 2406 2719 inconti-

1359 2747 1491 2778 nentem
1521 2754 1593 2778 esse
1620 2746 1713 2788 ajunt
1739 2756 1747 2777 t
1774 2744 1829 2777 alii
1857 2745 1938 2777 v'ero
1961 2752 2018 2776 eos
2050 2742 2137 2776 inter
2163 2751 2200 2776 se
2227 2742 2364 2777 differre
2393 2757 2403 2777 :

1359 2805 1500 2847 denique
1521 2813 1616 2846 posse
1639 2803 1836 2846 prudentem
1860 2804 1895 2836 et
1913 2802 2080 2836 sollertem
2102 2802 2269 2836 hominem
2294 2803 2404 2836 tamen

1358 2864 1614 2897 incontinentem
1638 2873 1709 2897 esse
1740 2876 1749 2896 ε
1776 2864 1942 2906 postremo
1973 2862 2214 2896 incontinentes
2242 2871 2299 2896 eos
2318 2862 2401 2903 dici,

1358 2924 1418 2966 qui
1435 2924 1470 2970 in
1487 2923 1571 2956 iram
1597 2923 1782 2966 praecipites
1810 2922 1876 2955 sint
1888 2947 1897 2963 ‚
1915 2923 1974 2954 aut
1993 2921 2127 2955 honoris
2143 2923 2178 2955 et
2202 2921 2287 2954 lucri
2308 2922 2404 2965 cupi-

1358 2985 1463 3018 ditate
1489 2985 1627 3026 ssagrent
1647 2996 1656 3017 :
1689 2984 1761 3017 haec
1785 2983 1886 3025 igitur
1902 2982 2011 3015 omnia
2035 2981 2103 3015 fere
2131 2983 2228 3021 sunt,
2258 2990 2335 3025 quae
2361 2983 2403 3017 de

1358 3043 1559 3076 continentia
1587 3044 1622 3076 et
1644 3041 1878 3076 incontinentia
1906 3041 2063 3074 dicuntur
2090 3055 2098 3074 :
2124 3041 2166 3074 de
2193 3041 2316 3084 quihus
2339 3041 2403 3076 sin-

1358 3103 1444 3145 gulis
1461 3102 1634 3136 videamus
1652 3114 1659 3134 :
1678 3110 1717 3134 ac
1737 3100 1881 3144 primum
1905 3100 2040 3143 quidem
2059 3100 2101 3134 de
2116 3100 2234 3143 primo.

298 3341 314 3358 ’¹
344 3340 434 3374 Ἀλλὰ
444 3343 517 3385 περὶ
537 3342 593 3385 μὲν
609 3348 664 3384 τῆς
677 3344 826 3385 τοιαύτης
846 3345 1017 3383 διαθέσεως
1035 3347 1104 3379 κτλ.
1122 3362 1164 3372 -
1176 3347 1212 3366 ¹⁶*
1230 3349 1289 3381 Δεῖ
1308 3349 1348 3389 δ’,
1366 3350 1476 3389 ὥσπερ
1493 3348 1545 3382 ἐπὶ
1560 3349 1625 3381 τῶν
1649 3348 1766 3392 ἄλλων,
1791 3347 1861 3380 κτλ.
1882 3345 1994 3384 -,*”
2016 3347 2115 3380 Δοκεῖ
2129 3346 2171 3384 δὴ
2185 3347 2210 3384 ἥ,
2227 3357 2264 3380 τε
2280 3345 2397 3389 &2294-
2426 3347 2430 3349 “

259 3398 330 3422 τεια
347 3390 416 3423 κτλ.
