2508 3776
263 246 341 285 332

691 327 781 379 Κεφ.
816 326 865 378 β’.

261 412 335 445 Ὀτι
352 413 383 443 αἱ
397 412 469 442 κατ’
484 409 601 451 ἀρετὴν
612 407 740 450 πράξεις
758 407 932 448 μεσότητές
947 408 1021 446 εἰσι,
1041 409 1096 439 καὶ
1113 408 1176 439 ὑπὸ
1197 402 1294 450 ὑπερ-

493 457 586 495 δολῆς
598 455 653 487 καὶ
676 454 844 493 ἐλλείψεως
858 453 1051 496 φθείρονται.

314 535 415 575 Ἐπεὶ
445 529 503 574 ουν
533 537 554 580 ἡ
586 537 747 586 παροῦσα
771 531 998 584 πραγματεία
1033 532 1096 570 οὗκ
1125 530 1200 570 ἔστι
1229 534 1290 568 τοῦ

260 596 472 647 θεωρητικοῦ
505 591 708 644 φιλοσοφίας
742 589 866 641 μέρους
879 619 890 639 ,
919 588 1031 636 ὂτὴν
1062 587 1207 638 θεωρίαν
1235 590 1296 633 τῆς

261 652 423 699 ἀληθείας
443 650 546 701 μόνον
567 648 640 701 ἔχει
659 647 755 691 τέλος
768 677 779 695 ,
802 646 1045 700 (καταγίνεται
1063 645 1131 698 γὰρ
1154 644 1234 696 περὶ
1253 644 1296 682 τὰ

261 713 367 758 ὄντα,
390 709 412 748 ἃ
428 709 530 760 μόνον
550 706 689 759 γνωστοί
711 707 817 753 εἶσιν,
842 706 881 743 οὗ
900 704 1016 755 μέντοι
1030 703 1090 742 καὶ
1109 701 1293 756 πρακτά,)

261 769 350 810 ἀλλὰ
377 771 436 807 τοῦ
464 769 655 819 πρακτικοῦ
680 764 801 816 μέρους
829 763 946 811 ἐστίν,
977 763 996 801 ὃ
1024 762 1120 808 τέλος
1155 761 1227 814 ἔχει
1259 761 1297 800 τὸ

261 831 404 875 ποιῆσαι
419 826 458 865 τὸ
474 823 613 877 ἀγαθόν·
638 825 695 871 (οὗ
710 822 778 875 γὰρ
792 821 850 861 ἵνα
868 822 1014 872 εἰδῶμεν
1027 820 1062 858 τί
1081 822 1172 859 ἐστιν
1187 826 1204 843 ⁸·
1223 823 1299 872 ἀρε-

259 887 303 934 τὴ
335 884 577 934 σκεπτόμεθα,
609 883 684 919 ἀλλ’
714 879 758 919 ἵν’
792 880 914 931 ἀγαθοι
939 879 1131 931 γενώμεθα·
1165 879 1240 917 ἐπεὶ
1267 880 1296 918 εἷ

261 945 369 988 οὕτως
401 938 515 995 ειχεν,
546 940 685 980 οὐδὲν
669 951 709 978 αν
732 943 774 987 ἠν
794 939 951 993 ὄφελος(
934 944 1020 989 ημῖν
1042 941 1105 985 τῆς
1124 939 1296 988 σπουδῆς,

262 1004 310 1056 μὴ
332 1002 416 1055 πρὸς
435 1018 475 1040 το
496 1001 593 1044 τέλος
613 997 887 1050 ἀφικνουμένοις·
900 996 910 1049 )
932 996 1007 1035 ἐπεὶ
1027 991 1084 1035 ουν
1105 997 1142 1035 αἱ
1158 996 1298 1049 πράξεις

260 1063 300 1102 τὸ
319 1062 438 1110 τέλος,
461 1059 671 1113 σκεψώμεθα
687 1057 732 1096 τὰ
749 1056 830 1109 περὶ
850 1055 911 1100 τὰς
935 1055 1096 1109 πράξεις,
1116 1054 1155 1093 αἳ
1181 1054 1299 1108 κύριαί

261 1123 352 1168 εἶσι,
387 1118 545 1170 καθάπερ
582 1116 743 1178 εἴρηται,
777 1120 839 1155 τοῦ
858 1113 1031 1167 ἀγαθὰςῆ
1059 1114 1213 1166 πονηρὰς
1237 1114 1298 1158 τὰς

261 1180 348 1224 ἕξεις
380 1176 564 1230 γενέσθαι,
595 1175 683 1229 ὑπὲρ
714 1178 762 1214 ὧν
789 1177 806 1212 ὃ
841 1173 942 1226 λόγος
962 1174 1062 1224 ἡμῖν.
1081 1172 1133 1212 Ἰὸ
1150 1173 1211 1223 μὲν
1239 1168 1298 1211 ουν

261 1238 354 1277 οὕτω
370 1235 589 1289 διορίσασθαι
606 1233 669 1278 τὰς
695 1232 828 1285 ἀγαθὰς
857 1231 1015 1285 πράξεις,
1039 1231 1103 1275 τὰς
1121 1230 1212 1270 κατὰ
1239 1230 1297 1269 τὸν

262 1296 360 1346 ὀρθὸν
380 1293 565 1346 γινομένας
584 1292 684 1344 λόγον
699 1323 710 1340 ,
733 1291 792 1330 καὶ
817 1290 880 1334 τὰς
902 1289 1053 1342 πονηρὰς
1079 1289 1274 1328 τούναντίον
1287 1319 1298 1338 ,

263 1353 385 1400 ἀληθὲς
405 1351 469 1403 μέν
483 1381 493 1401 ,
527 1352 590 1389 οὔκ
610 1349 684 1388 ἔστι
714 1348 750 1388 δὲ
783 1348 901 1388 ἱκανὸν
924 1349 986 1391 τὰς
1017 1347 1159 1398 πράξεις
1178 1353 1298 1397 σημᾶ-

262 1427 320 1450 ναι
333 1412 364 1450 ¹³.
386 1409 439 1448 Τὸ
458 1408 526 1460 γὰρ
546 1408 636 1446 κατὰ
652 1407 709 1445 τὸν
727 1406 825 1458 ὀρθὸν
837 1406 938 1457 λόγον
949 1404 1103 1456 γίνεσθαι
1116 1433 1127 1452 ,
1148 1403 1297 1442 καθόλου

261 1468 295 1508 τί
312 1471 399 1508 εστι·
420 1467 459 1506 τὸ
478 1466 513 1504 δὲ
533 1469 684 1505 τοιοῦτον
714 1463 960 1514 ἀποδιδόμενον
983 1463 1048 1514 οὐχ
1072 1461 1190 1500 ἱκανὸν
1205 1467 1297 1514 πρᾶ-

263 1542 338 1579 γμα
360 1523 586 1577 ἀγνοούμενον
610 1522 800 1567 ὑποδεῖξαμ
823 1521 895 1561 Τὸν
919 1520 988 1573 γὰρ
1007 1521 1191 1571 ἐρωτῶντα
1219 1519 1298 1571 περὶ

262 1588 320 1623 τοῦ
351 1581 532 1635 ἀνθρώπου
561 1581 595 1619 τί
627 1582 720 1629 ἐστι,
748 1579 787 1618 τὸ
818 1582 936 1631 ζῷονο
960 1577 1208 1626 ἀποδιδόμενον
1238 1576 1298 1614 οὔκ

264 1646 363 1696 ἀρκεῖ
383 1640 516 1686 διδάξαι
537 1640 595 1679 τὸν
613 1655 693 1691 περι
716 1640 819 1677 αὐτοῦ
835 1637 949 1689 λόγον.
974 1635 1042 1676 Διὰ
1062 1639 1177 1686 τοῦτο,
1199 1638 1299 1673 τοῦτο

263 1701 326 1752 μὲν
344 1699 569 1752 υπερκείσθω·
589 1698 780 1751 ῥηθήσεται
795 1697 862 1735 δὲ’
845 1711 986 1750 υστερον
1003 1711 1083 1766 περι
1104 1697 1220 1741 αὐτοῦ,
1239 1693 1299 1732 καὶ

263 1760 296 1798 τί
315 1762 406 1798 ἐστιν
427 1758 525 1810 ὀρθὸς
545 1758 645 1808 λόγος
659 1787 667 1803 ,
694 1757 754 1795 καὶ
775 1758 847 1800 πῶς
868 1755 942 1807 ἔχει
963 1754 1086 1806 ᾱπρὸς
1103 1752 1166 1797 τὰς
1189 1753 1299 1796 ἄλλας

264 1819 403 1870 ἀρετάς.
428 1814 566 1854 Ἐκεῖνο
586 1815 622 1853 δὲ
643 1813 1007 1865 προδιομολογείσθω,
1037 1811 1089 1850 ὅτι
1109 1810 1223 1849 πάντα
1242 1810 1297 1848 τὸν

264 1877 342 1928 περὶ
371 1877 438 1913 τῶν
473 1875 638 1927 πρακτῶν
670 1873 792 1923 λόγον,
822 1871 1000 1919 δηλονότι,
1037 1870 1094 1909 τὸν
1116 1870 1197 1921 περὶ
1231 1885 1299 1908 των

265 1932 422 1986 πράξεων
441 1962 451 1979 ,
481 1931 572 1974 τίνες
591 1932 705 1969 αὐτῶν
726 1930 875 1982 ἀγαθαί,
896 1929 956 1968 καὶ
976 1928 1065 1972 τίνες
1086 1930 1122 1966 αἱ
1148 1928 1299 1981 φαῦλαι,

267 1995 327 2032 οὒκ
347 1991 518 2044 ἀκριὸῶς,
542 1990 678 2032 ἀλλ’ὡς
699 1990 732 2026 ἐν
753 1988 854 2038 τύπῳ
869 2017 878 2034 ,
906 1987 1063 2038 γίνεσθαι
1089 1987 1152 2023 δεῖ·
1181 1984 1300 2036 ὥσπερ

268 2050 329 2089 καὶ
350 2052 428 2089 κ-ἀτ
457 2047 567 2100 ἀρχὰς
590 2047 756 2096 εἴπομεν,
779 2046 833 2084 ὅτι
864 2051 940 2089 ταῖς
969 2045 1069 2088 ὕλαις
1104 2044 1302 2087 ἀκολούθως

264 2108 342 2148 τοὺς
360 2108 481 2158 λόγους
497 2106 573 2149 τοὺς
594 2105 672 2156 περὶ
689 2106 803 2143 αὐτῶν
820 2105 979 2142 ἀπαιτεῖν
993 2102 1179 2156 προσήκει.
1195 2102 1302 2142 'Em-:t

265 2168 323 2207 καὶ
351 2169 387 2205 αἱ
416 2164 557 2216 πράξεις
576 2164 637 2202 καὶ
661 2164 705 2202 τὰ
732 2166 766 2202 ἐν
793 2163 914 2206 αὐταῖς
940 2163 1161 2214 συμφέροντα
1189 2162 1226 2199 οὖ
1257 2160 1301 2199 τὰ

265 2224 355 2265 αὐτά
379 2225 464 2263 εἰσιν
483 2223 557 2270 ἀεί,
571 2222 690 2275 ὥσπερ
708 2221 785 2260 οὐδὲ
803 2219 846 2258 τὰ
865 2225 924 2259 νῦν
944 2219 1086 2271 ὑγιεινά·
1109 2218 1222 2271 (ἀλλὰ
1244 2223 1301 2258 νῦν

268 2285 328 2336 μὲν
347 2287 466 2332 τοῦτο,
487 2284 547 2320 νῦν
568 2281 603 2319 δὲ
615 2280 810 2320 τούναντίον
829 2280 935 2318 ἅπαν·
953 2281 1029 2322 ταῖς
1048 2277 1115 2330 γὰρ
1130 2277 1302 2316 διαθέσεσι

265 2359 333 2381 των
362 2341 536 2392 σωμάτων
562 2339 623 2378 καὶ
642 2340 718 2382 ταῖς
746 2354 808 2377 του
830 2340 952 2389 καιροῦ
983 2336 1195 2386 μεταὸολαῖς
1215 2352 1304 2386 συμ-

268 2399 566 2476 μεταὸάλλουριν)
599 2397 688 2436 οὕτω
708 2397 750 2444 δὴ
777 2398 837 2436 καὶ
866 2396 924 2435 ἐπὶ
945 2398 1013 2434 τῶν
1033 2395 1190 2447 πράξεων
1213 2394 1298 2447 ἔχει·

269 2463 305 2498 αἱ
336 2459 439 2497 αὗται
463 2458 530 2530 γὰρ
565 2461 625 2496 νῦν
662 2455 723 2507 μὲν
763 2454 954 2508 βλαὸεραί,
983 2459 1039 2492 νῦν
1061 2452 1097 2491 δὲ
1132 2453 1302 2504 ὠφέλειαν

269 2518 432 2568 ἤνεγκαν,
465 2531 524 2554 και
544 2518 612 2559 τοῖς
642 2517 756 2558 αὐτοῖς
777 2512 971 2567 ἀνθρώποις
990 2511 1173 2554 πολλάκις.
1194 2510 1300 2550 Ουτω

269 2575 305 2614 δὲ
321 2575 471 2627 ἀκριὸῶς
494 2573 674 2625 διωρίσθαι
691 2573 740 2622 μὴ
758 2572 948 2622 δυναμένου
967 2574 1027 2608 τοῦ
1056 2569 1135 2622 περὶ
1153 2572 1220 2607 τῶν
1238 2585 1304 2608 κα-

269 2635 369 2674 θόλου
402 2634 540 2712 λόγου,θ
560 2633 610 2671 ἔτι
641 2633 773 2703 μᾶλλον
806 2629 1067 2683 σφαλερώτερος
1095 2627 1213 2678 δπερὶ
1232 2642 1301 2666 τω)

270 2692 346 2731 καθ’
366 2692 540 2729 ἕκαστα·θ
557 2690 598 2727 τὰ
614 2689 681 2741 γὰρ
697 2691 774 2728 καθ’
794 2689 926 2727 ἕκαστα
946 2703 1014 2725 των
1034 2686 1181 2725 καθόλου
1201 2690 1304 2733 ἧττον

272 2752 449 2800 δυνάμεθα
469 2748 663 2800 γινώσκειν·
686 2751 707 2794 ἡ
728 2747 796 2799 γὰρ
821 2763 902 2799 περι
935 2750 1046 2784 ταῦτα
1072 2746 1193 2798 σκέψις
1227 2745 1303 2784 οὔτε

275 2809 342 2847 ὑπὸ
361 2807 488 2859 τέχνην
504 2806 576 2845 ἐστί
596 2822 674 2844 τινα
687 2835 696 2853 ,
712 2804 790 2843 οὔτε
819 2804 963 2854 μέθοδον
981 2803 1040 2842 καὶ
1063 2803 1304 2856 παραγγελίαν

275 2864 485 2917 ὡρισμένην.
505 2863 576 2903 Καὶ
598 2864 652 2902 διὰ
672 2867 773 2902 τοῦτο
799 2863 874 2901 δέον
895 2862 968 2900 ἐστὶ
989 2861 1065 2905 τοὺς
1086 2862 1303 2913 πράττοντας

273 2925 355 2976 πρὸς
374 2924 431 2963 τὸν
453 2923 572 2974 καιρὸν
595 2924 756 2975 βλέπειν,
785 2922 845 2960 καὶ
865 2922 934 2960 ἀπὸ
961 2922 1080 2960 τούτου
1104 2924 1218 2970 ζητεῖν
1243 2921 1300 2960 τὸν

272 2983 430 3035 περὶτῶν
452 2981 608 3031 πράξεων
638 2981 750 3030 λόγον·
771 2978 961 3030 γνώσονται
978 2978 1044 3030 γὰρ
1061 2981 1090 3017 εἰ
1109 2980 1236 3031 ἀγαθαί
1253 2982 1307 3019 εἷ-

274 3057 326 3079 σιν
347 3043 383 3079 αἱ
402 3039 559 3091 πράξεις,
577 3038 599 3084 ἢ
619 3040 761 3090 φαῦλαι,
782 3041 900 3076 τοῦτον
922 3039 978 3077 τὸν
999 3038 1123 3090 τρόπον
1141 3043 1308 3078 σκοποῦν-

273 3115 353 3148 τες,
374 3097 492 3149 ὥσπερ
521 3096 580 3135 καὶ
608 3096 721 3149 ἰατροὶ
755 3096 814 3134 καὶ
837 3096 1046 3149 κυὸερνῆται
1080 3101 1227 3137 ποιοῦσι·
1248 3098 1308 3142 τὰς

274 3157 341 3208 γὰρ
358 3156 448 3195 κατὰ
464 3155 527 3202 τὴν
545 3154 669 3206 τέχνην
688 3154 826 3207 πράξει-ς
846 3155 1004 3206 ἑκάτερος
1022 3153 1091 3191 ἀπὸ
1111 3160 1169 3194 τοῦ
1187 3161 1307 3208 καιροῦ

276 3215 459 3267 κρίνουσιν.
483 3213 590 3253 Ἀλλὰ
611 3214 736 3265 καίπερ
766 3214 862 3256 ὄντος
887 3213 1042 3253 τοιούτου
1060 3219 1118 3254 τοῦ
1142 3215 1308 3267 παρόντος

275 3275 397 3325 λόγου,
417 3273 596 3326 πειρατέον
615 3275 752 3324 βοηθεῖν
775 3276 818 3325 τῇ
840 3275 919 3310 κατ’
936 3272 1036 3311 αὐτὸν
1054 3273 1212 3326 ἀληθείᾳ.

329 3333 348 3352 *
363 3332 434 3372 Καὶ
449 3334 584 3384 πρῶτον
608 3334 707 3370 τοῦτο
725 3333 935 3382 θεωρητέον,
958 3332 1009 3368 ὅτι
1026 3334 1061 3370 αἱ
1082 3334 1159 3369 κατ’
1180 3332 1305 3382 ἀρετὴν

321 3445 339 3460 *
363 3445 496 3488 Πρῶτον
519 3443 573 3476 οὗν
591 3446 649 3476 τοῦ
658 3454 689 3475 ιο
703 3443 880 3486 θεωρητέον
894 3444 963 3475 κτλ.

1086 238 1363 278 ANDRONICI
1394 238 1568 276 RHODII

1804 330 1880 372 Gap.
1904 332 1946 363 11.

1355 406 1496 435 Actiones
1514 405 1620 434 virtuti
1643 406 1859 435 consentaneas
1875 413 1936 436 esse
1956 414 2004 435 res
2018 409 2145 446 medias,
2165 417 2273 448 easque
2291 409 2386 442 abun-

1642 453 1745 482 dantia
1761 454 1792 482 et
1803 452 1925 482 defectu
1938 455 2102 493 corrumpi.

1397 544 1506 580 Quum
1531 551 1605 584 ergo
1639 542 1701 575 hoc
1725 542 1759 574 in
1781 551 1847 584 quo
1865 551 1951 574 nunc
1970 552 2140 576 versamur
2162 547 2390 588 argumentum

1355 611 1420 634 non
1448 600 1611 634 referatur
1638 601 1681 634 ad
1711 601 1996 643 contemplativam
2026 602 2282 646 philosophiam,
2310 614 2391 649 qum

1356 660 1458 693 solam
1485 660 1636 693 veritatis
1667 660 1973 702 contemplationem
2001 661 2101 694 habet
2134 661 2232 695 finem
2243 688 2250 702 ,
2279 648 2393 706 ¹(quia

1356 719 1442 751 circa
1456 728 1513 752 eas
1520 720 1670 752 versatur
1679 728 1741 758 res,
1757 728 1833 761 quae
1850 719 1958 751 animo
1971 721 2101 752 tantum
2113 719 2394 763 comprehendun-

1357 780 1422 816 tur,
1442 777 1484 810 ad
1501 786 1600 810 usum
1617 779 1729 810 autem
1742 777 1969 820 actionemque
1986 787 2050 811 non
2065 779 2322 820 convertuntur)
2335 763 2394 812 sed

1357 837 1469 869 contra
1488 836 1605 869 activae
1619 845 1696 878 pars
1721 837 1780 874 sit,
1800 836 1853 868 cui
1869 837 2073 879 propositum
2088 838 2138 870 est
2153 838 2243 871 recte
2257 836 2366 872 faeere
2381 848 2391 871 ι

1356 895 1438 934 (non
1459 894 1546 927 enim
1564 894 1644 936 quid
1659 894 1703 927 sit
1729 894 1837 926 virtus
1857 897 1895 926 ut
1920 894 2079 934 sciamus,
2101 895 2156 928 hic
2179 895 2392 937 disserimus,

1358 953 1416 986 sed
1432 955 1470 985 ut
1488 952 1565 985 boni
1579 952 1758 986 evadamus
1775 965 1783 984 ι
1801 953 1880 995 quia
1896 953 1924 986 si
1947 953 2030 986 illud
2045 955 2286 996 spectaremus,
2306 954 2395 998 peri-

1357 1014 1408 1045 ret
1423 1012 1518 1045 nobis
1535 1020 1651 1054 opera,
1671 1011 1834 1054 siquidem
1867 1011 1910 1044 ad
1935 1013 2034 1045 finem
2052 1014 2202 1046 nostrum
2226 994 2396 1056 pervenire

1357 1080 1422 1103 non
1449 1079 1619 1113 possemus
1637 1069 1670 1111 z)
1689 1079 1793 1112 quum
1818 1079 1894 1112 ergo
1912 1069 1986 1102 finis
2010 1069 2075 1102 sint
2097 1069 2258 1111 actiones,
2274 1069 2316 1115 de
2329 1069 2397 1103 illis

1355 1129 1424 1170 jam
1439 1128 1612 1162 videamus
1623 1154 1631 1166 ,
1647 1137 1722 1170 quae
1738 1130 1777 1160 ut
1791 1137 1890 1169 supra
1905 1127 2067 1167 diximus,
2091 1127 2260 1168 efficiunt,
2280 1131 2321 1162 ut
2343 1118 2397 1162 rel

1357 1186 1433 1220 boni
1446 1186 1512 1219 sint
1529 1185 1663 1219 habitus
1683 1185 1737 1218 vel
1749 1185 1838 1223 mali,
1855 1185 1896 1218 de
1909 1185 2031 1227 quibus
2042 1184 2098 1218 hie
2118 1194 2224 1218 sermo
2242 1186 2304 1219 est.
2323 1186 2398 1220 Gav-

1357 1247 1467 1277 terum
1483 1245 1586 1277 bonas
1612 1244 1756 1276 actiones
1777 1243 1824 1276 ita
1849 1243 2001 1283 definire,
2020 1244 2058 1276 ut
2084 1252 2141 1276 eas
2154 1244 2257 1277 rectae
2275 1243 2398 1291 rationi

1358 1314 1535 1347 congruere
1566 1304 1716 1338 dicamus
1728 1330 1735 1343 ,
1771 1306 1873 1346 atque
1900 1313 1918 1336 e
1937 1303 2100 1336 contrario
2130 1303 2247 1343 malas,
2278 1313 2398 1339 verum

1357 1362 1492 1405 quidem
1505 1364 1565 1401 est,
1588 1362 1647 1395 sed
1661 1362 1703 1394 ad
1721 1371 1776 1394 eas
1795 1362 1836 1395 ab
1848 1361 1921 1394 aliis
1944 1359 2192 1403 distinguendas
2211 1369 2278 1395 non
2294 1360 2396 1397 valet.

1356 1423 1441 1454 Nam
1455 1420 1620 1453 actionum
1637 1422 1737 1453 rectae
1751 1418 1871 1452 rationi
1881 1418 2144 1452 convenientium
2159 1418 2250 1452 notio
2267 1418 2399 1454 univer-

1358 1479 1436 1512 salis
1457 1481 1508 1512 est
1529 1491 1537 1511 ι
1566 1481 1601 1512 at
1621 1478 1698 1513 talis
1728 1478 1902 1520 explicatio
1930 1477 1972 1511 ad
2000 1477 2201 1511 denotandas
2226 1486 2280 1511 res
2305 1476 2399 1522 prius

1357 1540 1485 1581 ignotas
1497 1538 1579 1571 nihil
1592 1538 1739 1580 adjuvat.
1754 1539 1838 1571 Nam
1851 1537 1878 1570 si
1897 1537 1972 1579 quis
1981 1538 2119 1579 quaerat,
2131 1535 2215 1579 quid
2231 1535 2275 1570 sit
2281 1535 2396 1576 nomo.

1358 1598 1444 1631 alius
1467 1606 1547 1630 vero
1565 1596 1776 1639 respondeat,
1805 1604 1876 1628 esse
1903 1595 2043 1635 animal,
2063 1604 2273 1638 nequaquam
2290 1595 2399 1628 totum

1358 1656 1448 1699 quod
1465 1656 1506 1689 de
1519 1656 1649 1688 homine
1662 1655 1794 1693 dicitur,
1820 1654 2028 1696 expresserit.
2043 1656 2152 1692 Quare
2170 1653 2206 1686 in
2225 1652 2399 1696 praesentia

1358 1716 1421 1748 hoc
1439 1714 1615 1747 differatur
1629 1727 1636 1746 :
1653 1716 1766 1756 postea
1779 1722 1859 1746 vero
1875 1715 1908 1746 et
1924 1712 2006 1755 quid
2023 1713 2114 1745 recta
2129 1712 2172 1745 sit
2186 1711 2272 1744 ratio
2283 1713 2318 1745 et
2331 1721 2400 1754 quo

1357 1775 1454 1816 pacto
1473 1773 1515 1806 ad
1530 1773 1674 1814 reliquas
1689 1772 1832 1804 virtutes
1856 1780 1891 1804 se
1909 1770 2047 1809 habeat,
2074 1779 2285 1812 exponemus.
2313 1769 2400 1803 Illud

1359 1840 1437 1864 vero
1464 1830 1556 1872 prius
1583 1830 1790 1868 concedatur,
1822 1830 1927 1861 totam
1953 1828 2038 1861 hanc
2063 1837 2140 1870 quae
2172 1827 2214 1861 de
2240 1827 2340 1861 rebus
2364 1827 2400 1861 in

1359 1889 1482 1931 agendo
1496 1889 1610 1931 positis
1626 1888 1767 1920 habetur
1777 1887 1976 1926 orationem,
1995 1887 2059 1919 hoc
2074 1888 2124 1920 est
2136 1913 2144 1926 ,
2161 1895 2234 1920 eam
2244 1895 2311 1930 qua
2323 1894 2399 1930 quae

1359 1947 1454 1980 bonae
1478 1947 1544 1979 sint
1563 1946 1707 1978 actiones
1739 1954 1883 1988 quaeque
1911 1945 2008 1977 malae
2035 1944 2231 1984 ostenditur,
2267 1943 2401 1978 rudiore

1360 2007 1504 2050 quadam
1523 2005 1630 2039 forma
1654 2007 1687 2039 et
1708 2005 1923 2044 adumbrata,
1947 2014 2012 2037 non
2033 2004 2200 2047 exquisita
2214 2013 2322 2047 neque
2343 2013 2400 2037 ae-

1361 2065 1508 2098 curatius
1540 2073 1693 2106 expressa
1725 2065 1873 2096 constare
1912 2065 2078 2105 oportere,
2111 2064 2151 2095 ut
2180 2062 2282 2096 etiam
2306 2062 2401 2095 initio

1361 2124 1524 2161 diximus,
1548 2122 1638 2165 quod
1656 2131 1821 2155 sermones
1836 2121 1983 2155 materiae
2000 2121 2158 2163 subJeetae
2172 2120 2402 2154 convenientes

1363 2183 1429 2215 sint
1449 2181 1648 2224 postulandi.
1667 2181 1828 2219 Quoniam
1845 2182 1878 2213 et
1906 2180 2050 2213 actiones
2064 2180 2145 2222 ipsae
2166 2181 2200 2212 et
2217 2188 2293 2222 quoe
2312 2179 2402 2212 iniis

1362 2242 1438 2274 sunt
1452 2240 1545 2272 utilia
1561 2249 1625 2272 non
1639 2248 1766 2281 semper
1777 2239 1892 2271 eadem
1904 2240 1990 2277 sunt,
2007 2238 2093 2271 sicut
2105 2247 2211 2280 neque
2223 2247 2299 2280 quae
2315 2246 2402 2270 nunc

1363 2294 1440 2325 sunt
1459 2291 1601 2325 salubria
1618 2303 1626 2323 :
1641 2293 1651 2331 (
1668 2290 1727 2323 sed
1739 2300 1827 2323 nunc
1845 2290 1908 2322 hoc
1919 2316 1926 2328 ,
1942 2299 2030 2322 nune
2048 2289 2181 2322 omnino
2202 2289 2402 2322 contrarium

1363 2344 1494 2377 salubre
1535 2344 1585 2375 est
1615 2355 1623 2374 -.

1363 2398 1550 2437 temporum
1562 2394 1691 2427 vicibus
1702 2394 1774 2426 haeo
1788 2402 1920 2435 quoque
1936 2394 2130 2432 mutantur)
2144 2406 2152 2433 ;
2170 2391 2286 2425 eodem
2303 2391 2402 2425 modo

1364 2450 1397 2481 et
1414 2449 1448 2480 in
1469 2447 1652 2480 actionibus
1679 2456 1731 2478 res
1750 2455 1785 2478 se
1813 2445 1912 2478 habet
1936 2457 1944 2477 ε
1971 2445 2097 2478 eaedem
2116 2444 2203 2477 enim
2226 2444 2325 2477 modo
2341 2453 2402 2477 no-

1364 2503 1453 2537 cent,
1476 2498 1575 2531 modo
1589 2499 1744 2539 prosunt,
1765 2499 1797 2529 et
1819 2496 1937 2529 iisdem
1963 2505 2050 2538 saepe
2069 2496 2269 2529 hominibus.
2291 2497 2403 2534 Quum

1363 2551 1464 2592 igitur
1483 2559 1521 2583 ea
1537 2558 1612 2591 quae
1638 2549 1681 2581 ad
1701 2558 1802 2590 genus
1815 2549 2016 2581 universum·
2031 2548 2174 2590 pertinet
2189 2548 2311 2588 oratio,
2331 2548 2404 2582 dili-

1364 2602 1476 2642 genter
1488 2600 1653 2633 elahorata
1667 2608 1739 2631 esse
1755 2608 1819 2631 nou
1841 2599 1958 2640 possit,
1977 2601 2051 2631 tum
2068 2599 2175 2630 multo
2190 2598 2300 2631 minus
2323 2599 2402 2633 suh-

1363 2652 1433 2685 tilis
1445 2652 1617 2693 multoque
1628 2650 1774 2683 fallacior
1790 2652 1839 2683 est
1858 2650 1887 2683 is
1901 2650 1960 2692 qui
1974 2650 2016 2683 de
2030 2650 2166 2692 singulis
2180 2650 2279 2682 rebus
2296 2650 2398 2684 hahe-

1364 2707 1420 2737 tur
1439 2712 1556 2741 sermo,
1581 2703 1660 2745 quia
1679 2702 1823 2743 singulas
1845 2711 1898 2734 res
1920 2702 2030 2734 milius
2049 2710 2148 2744 quam
2174 2701 2328 2734 universa
2346 2710 2400 2733 re-

1364 2765 1439 2788 rum
1455 2764 1571 2797 genera
1585 2763 1776 2796 cognoscere
1794 2762 1968 2795 possumus
1986 2762 1994 2781 t
2009 2752 2172 2795 siquidem
2189 2752 2308 2784 harum
2321 2761 2400 2785 con-

1366 2808 1519 2841 sideratio
1538 2817 1643 2849 neque
1661 2807 1722 2839 sub
1749 2808 1854 2839 artem
1877 2806 2022 2848 aliquam
2046 2805 2271 2847 rationemque
2296 2814 2403 2847 neque

1368 2862 1429 2894 sub
1446 2861 1579 2894 definita
1599 2861 1762 2902 praecepta
1781 2858 1878 2891 cadit.
1905 2858 2065 2896 Quocirca
2089 2866 2145 2890 eos
2172 2857 2231 2899 qui
2245 2856 2280 2889 in
2303 2856 2403 2890 rebus

1368 2911 1501 2952 agendis
1517 2912 1689 2943 versantur
1702 2918 1829 2951 semper
1847 2909 1975 2950 oportet
1994 2907 2196 2940 occasionem
2212 2906 2334 2940 intueri
2350 2909 2403 2940 at-

1366 2973 1431 3005 que
1452 2963 1529 2995 hinc
1548 2970 1676 2994 sumere
1703 2969 1882 2993 sermonem
1908 2959 1949 2991 de
1976 2958 2158 2992 actionibus
2184 2957 2399 2991 habendum:

1366 3016 1427 3049 hec
1446 3014 1532 3047 cnim
1546 3013 1643 3046 modo
1667 3012 1831 3045 actionum
1853 3012 1910 3043 aut
1925 3010 2104 3043 bonitatem
2127 3011 2186 3042 aut
2203 3010 2402 3051 pravitatem

1367 3069 1560 3109 cognoscent
1575 3093 1582 3106 ,
1609 3064 1885 3109 quemadmodum
1916 3065 1949 3096 et
1976 3062 2096 3095 medici
2131 3062 2253 3096 faciunt
2280 3063 2314 3095 et
2339 3072 2401 3104 gu-

1367 3120 1556 3153 bernatores
1577 3127 1584 3147 :
1601 3117 1735 3159 utrique.
1751 3115 1836 3149 enim
1850 3115 1992 3147 actiones
2005 3109 2133 3146 artibus
2145 3113 2215 3146 suis
2227 3122 2402 3154 congruen-

1368 3176 1419 3205 tes
1433 3171 1600 3204 occasione
1610 3169 1801 3212 dijudicant.
1814 3168 2037 3200 Veruntamen
2049 3165 2180 3198 etiamsi
2188 3164 2264 3198 talis
2276 3164 2319 3198 sit
2330 3165 2402 3198 hoec

1369 3235 1470 3267 quam
1482 3224 1685 3257 instituimus
1695 3222 1809 3260 oratio,
1827 3220 1934 3254 danda
1951 3222 2058 3251 tamen
2072 3228 2172 3261 opera
2187 3215 2259 3256 est,
2278 3219 2317 3250 ut
2329 3218 2401 3260 ejus

1369 3278 1500 3312 veritati
1522 3285 1761 3310 succurramus,

1409 3338 1481 3368 Jam
1495 3335 1637 3377 primum
1651 3333 1733 3366 illud
1751 3331 2075 3365 animadvertendum
2094 3339 2133 3363 ac
2148 3330 2315 3363 sciendum
2335 3332 2396 3369 est,

1369 3397 2395 3414 W

1655 2351 1730 2374 cum
1762 2350 1936 2382 corporum
1975 2340 2062 2373 enim
2096 2338 2327 2373 affectionibus
2367 2342 2402 2372 et
2426 2334 2429 2336 ’
