2508 3776
648 147 950 189 ETHICORUM
978 145 1426 189 NICOMAGHEORUM
1456 145 1829 187 PARAPHRASlS.

115 267 120 270 -
151 240 409 296 περιπίπτοντα
426 238 617 290 εὐδαίμονα
637 239 829 294 φάσκοντες
848 233 938 278 εἶναι
952 267 963 287 ,
985 237 1045 277 ἐὰν
1066 231 1089 290 ᾗ
1111 239 1201 288 ἀγα-

36 312 50 332 ·‘
91 339 103 350 ,
151 301 231 350 θός,
255 299 280 347 ἢ
297 298 435 343 ἑκόντες
461 298 484 345 ἢ
519 298 662 343 ἄκοντες
688 298 786 337 οὐδὲν
815 297 972 350 λέγουσι·
999 298 1205 350 προσδεῖται

149 359 252 415 γᾶρὸ
269 358 447 408 εὐδαίμων
476 358 537 398 καὶ
562 362 629 398 τῶν
650 361 866 431 σωματικῶν
887 359 1045 410 ἀγαθῶν·
1072 354 1205 408 ὓγιείας

149 418 255 468 δῆλον
272 421 353 458 ὅτιε
372 417 432 457 καὶ
454 417 731 470 μακροὲιότητος
743 447 754 467 ,
770 418 831 457 καὶ
852 420 920 457 τῶν
939 418 1019 470 περὶ
1042 433 1083 456 το
1101 419 1205 467 σῶμα

138 481 220 524 ,τῶν
244 477 469 531 ἀναγκαίων,
493 478 555 517 καὶ
584 481 646 525 τῆς
667 478 738 517 ἀπὸ
759 481 822 525 τῆς
841 477 952 550 τύχης
985 480 1128 546 ῥοπῆς.
1135 475 1204 516 Διὰ

46 563 50 572 ·
90 545 95 548 ⁴
149 537 252 578 τοῦτό
265 553 355 582 τινες
374 537 569 591 ῐᾠήθησαν
596 537 654 576 τὸν
671 539 801 588 εὐτυχῆ
831 536 957 575 ταύτὸν
973 540 1063 575 εἰναι
1082 538 1132 574 τῶ
1149 537 1204 574 εὐ-

149 597 312 650 δαίμονι,
336 596 435 637 ὅτι”
411 613 495 636 ανευ
514 597 681 650 εὐτυχίας
700 597 764 636 οὐκ
786 594 835 634 ἔνι
856 598 1020 647 καθαρῶς
1041 596 1206 646 εὐδαιμο

148 663 232 698 νεῖν·
251 659 314 697 οὐκ
333 658 408 697 ἔστι
428 658 464 697 δὲ
484 656 623 698 ταύτόν.
650 656 714 695 Δεῖ
739 654 806 707 γὰρ
830 656 1019 694 σπουδαῖον
1037 651 1126 694 εἶναι
1146 654 1204 693 τὸν

149 716 352 768 εὐδαίμονα·
388 718 428 756 οὐ
462 716 591 760 πάντες
629 715 666 755 δὲ
700 716 859 766 εὐτυχεῖς
895 715 1108 767 σπουδαῖοι,
1143 716 1204 754 καὶ

151 777 304 831 βλάπτει
317 776 355 816 δὲ
374 776 482 816 ἐνίοτε
497 778 544 821 εἷς
553 775 616 823 τὴν
635 775 761 829 ἀρετὴν
782 778 805 823 ἡ
826 774 985 826 εὐτυχία,
1000 774 1062 814 καὶ
1080 780 1206 827 συγχεῖ

147 835 209 876 τὸν
223 835 474 883 σπουδαῖον,
457 852 500 875 αν
529 833 804 887 ὓπερὸάλλουσα
827 838 848 884 ᾖ
866 864 876 884 ,
901 833 980 881 ἥτις
1009 832 1087 872 οὐδὲ
1107 835 1204 872 εὐτυ-

147 895 212 950 χία
232 895 379 940 δικαίως
403 894 445 935 ἂν
478 898 636 934 καλοῖτο·
658 895 698 933 τὸ
729 894 796 948 γὰρ
819 886 910 933 εἶναι
943 897 1006 941 τῆς
1042 892 1206 946 εὐτυχίας

147 953 243 995 ἐστὶν
259 957 295 995 ἐν
313 957 364 1008 τῷ
381 954 650 1006 συμὸάλλεσθαι
669 954 788 1007 πρὸς
774 952 1016 1003 εὐδαιμονίαν.
1040 952 1205 992 Ἀκολού-

147 1017 216 1059 oo<
233 1013 271 1054 δὲ
298 994 360 1054 καὶ
384 1016 403 1053 ὁ
434 1012 512 1067 ὄρος
540 1013 611 1052 ἀπὸ
632 1012 755 1052 τούτου
787 1011 1032 1064 λαμὸάνεται,
1052 1012 1113 1051 καὶ
1148 1011 1206 1051 διὰ

149 1077 254 1114 τοῦτο
277 1073 339 1113 καὶ
369 1073 410 1113 τὸ
429 1073 556 1124 ὄνομα.
594 1073 691 1113 Διὸὲ
711 1074 775 1112 οὐκ
808 1072 850 1112 ἂν
885 1072 1030 1125 εὐτυχία
1065 1071 1207 1115 δικαίως

146 1135 310 1183 καλοῖτο,
336 1135 386 1186 μὴ
406 1134 491 1187 πρὸς
515 1133 739 1185 εὐδαιμονίαν
762 1132 1062 1186 συμὸαλλομένη·
1095 1147 1208 1186 φανε-

149 1194 207 1250 ρὸν
237 1195 279 1244 δὴ
294 1194 349 1234 ’ὅτι
369 1194 409 1233 τὸ
437 1195 691 1246 ἀνεμπόδιστον
725 1195 862 1246 ἀνάγκη
898 1195 1128 1246 προσκεῖσθαι
1160 1195 1202 1245 τῇ

148 1254 306 1310 ἐνεργείᾳ
337 1258 399 1294 τοῦ
432 1254 648 1305 εὐδαίμονος·
688 1257 791 1294 τοῦτο
834 1253 872 1292 δέ
906 1255 999 1292 ἐστιν
1023 1256 1044 1301 ἡ
1073 1252 1204 1301 ἡδονή,

147 1316 304 1369 ἕνέργεια
324 1314 593 1366 ἀνεμπόδιστος.
615 1316 648 1354 Τ
650 1313 681 1358 ὶς
702 1314 771 1368 ἄρα
785 1313 892 1362 ἡδονή
916 1315 1009 1355 ἐστιν
1030 1317 1053 1362 ἡ
1075 1313 1202 1352 εὐδαι-

147 1374 266 1426 μονία·
287 1373 338 1414 ἔτι
357 1373 394 1414 δὲ
417 1374 522 1422 δῆλον
548 1372 651 1413 καὶ’
632 1373 702 1412 απὸ
721 1389 782 1412 του
799 1372 904 1425 θηρία
924 1372 984 1412 καὶ
1007 1372 1208 1448 ἀνθρώπους

146 1433 207 1474 καὶ
225 1433 343 1473 πάντα
362 1433 407 1472 τὰ
433 1432 583 1482 αἰσθητὰ
605 1431 740 1472 διώκειν
754 1432 817 1482 τὴν
838 1431 1024 1481 ἡδονήν,”
1003 1448 1057 1471 οτι
1066 1448 1106 1471 το
1126 1430 1209 1485 ἄρι-

147 1507 230 1533 mv
251 1492 396 1541 ’ᾖδον-υἷ’
380 1508 475 1532 εστι·
496 1491 614 1532 πάντα
642 1491 705 1544 μὲν
723 1493 792 1544 γὰρ
814 1494 942 1545 βοῶσιν
965 1492 1094 1544 ἀγαθὸν
1120 1484 1209 1530 εἶναι

148 1551 212 1600 τὴν
233 1551 360 1601 ἡδονὴν
383 1551 488 1592 aemi*
464 1567 632 1605 αριστον,
652 1553 696 1591 δι’
723 1546 773 1592 ων
789 1553 837 1598 εἷς
861 1551 970 1600 αὐτὴν
991 1551 1205 1605 ἐπείγονται.

229 1642 331 1684 Φήμη
346 1641 374 1675 δ’
387 1641 457 1675 οὔτι
475 1653 514 1684 γε
533 1641 672 1684 πάμπαν
687 1641 866 1675 ἀπόλλυται
876 1666 885 1682 ,
904 1643 1020 1681 ἥντινα
1031 1642 1144 1674 πολλοὶ

230 1689 306 1723 λαοὶ
320 1689 524 1732 φημίζουσιν.
541 1689 558 1714 ¹¹

147 1766 204 1808 ota
217 1765 336 1807 πάντα
356 1765 394 1806 δὲ
414 1765 581 1806 διώκουσι
602 1765 666 1814 τὴν
684 1765 831 1818 ἀρίστην
854 1765 983 1815 ἡδονήν
997 1798 1010 1817 ,
1033 1766 1110 1806 ἐπεὶ
1126 1765 1206 1806 οὐδὲ

147 1827 266 1868 πάντα
282 1826 348 1875 τὴν
365 1826 474 1875 αὐτὴν
495 1826 565 1872 ἕξιν
588 1826 662 1880 ἔχει
675 1857 686 1875 ,
705 1826 729 1875 ἢ
745 1826 808 1874 τὴν
822 1827 932 1876 αὐτὴν
953 1827 1068 1881 φύσιν·
1088 1826 1206 1866 πάντα

149 1884 186 1927 δὲ
205 1884 334 1934 ἡδονὴν
353 1886 564 1934 διώκουσιν,
591 1887 621 1924 εἷ
655 1885 716 1925 καὶ
747 1886 792 1924 τὰ
819 1886 884 1937 μὲν
910 1886 1066 1938 ἀγαθήν,
1094 1886 1139 1925 τὰ
1170 1886 1205 1925 δὲ

149 1945 300 2001 φαύλην.
325 1944 433 1990 Ἴσως
459 1945 496 1985 δὲ
522 1945 601 1984 οὐδὲ
629 1946 748 1984 διώκει
769 1945 865 1984 οὐδὲν
889 1946 1026 1999 φαύλην
1055 1946 1201 1995 ἡδονήν,

126 2007 129 2011 ’
147 2005 226 2046 οὐδὲ
245 2007 364 2054 ζητεῖ,
380 2005 458 2046 οὐδὲ
473 2005 607 2059 ἐφίεται
620 2006 755 2059 φαύλου
771 2007 871 2050 τινός·
890 2008 928 2045 οὐ
946 2007 1015 2058 γὰρ
1032 2006 1076 2054 ἣν
1091 2006 1202 2047 οἴεται

148 2067 281 2117 ζητεῖν,
299 2065 360 2106 καὶ
378 2065 422 2114 ἣν
445 2063 486 2104 ἂν
503 2064 594 2104 εἴποι
610 2064 747 2104 διώκειν
763 2095 773 2114 ,
796 2065 928 2113 ταύτην
951 2064 1091 2113 διώκει,
1114 2065 1205 2105 ἀλλὰ

147 2124 213 2174 τὴν
227 2123 376 2178 ἀρίστην
395 2122 515 2163 διώκει
530 2123 658 2162 πάντα·
673 2125 790 2163 πάντα
804 2124 873 2177 γὰρ
890 2127 950 2163 τοῦ
968 2127 1100 2175 ἀγαθοῦ
1118 2124 1205 2178 ἐφίε-

147 2199 209 2224 ται
227 2183 353 2238 φύσει,
368 2182 422 2222 ὅτι
439 2183 540 2235 φύσει
556 2199 590 2222 τι
615 2185 706 2223 θεῖον
733 2184 889 2236 ἔγκειται
911 2191 1020 2236 πᾶσι,
1042 2185 1103 2224 καὶ
1119 2186 1206 2238 πρὸς

147 2245 212 2294 τὴν
231 2243 368 2297 ἀγαθὴν
382 2244 510 2292 ἡδονὴν
531 2244 592 2284 καὶ
608 2245 737 2296 κυρίως
759 2245 903 2285 ἅπαντα
923 2245 1077 2299 φέρεται·
1098 2247 1128 2284 εἰ
1144 2245 1205 2284 καὶ

148 2304 273 2353 ἡδοναὶ
296 2303 424 2358 κυρίως
458 2303 617 2344 δοκουσιν
648 2298 738 2344 εἰναι
769 2307 806 2344 αἱ
837 2305 1041 2357 σωματικαὶ
1062 2305 1204 2354 ἡδοναί,

148 2363 224 2407 διὰ.
227 2363 266 2403 τὸ
279 2362 484 2407 πλειστάκις
499 2363 743 2416 παραὸάλλειν
764 2366 813 2409 εἷς
833 2365 941 2408 αὐτάς
954 2393 965 2412 ,
983 2364 1045 2403 καὶ
1070 2364 1204 2410 πάντας

147 2420 310 2476 μετέχειν
330 2423 461 2462 αὐτῶν.
486 2421 556 2462 Διὰ
577 2421 617 2462 τὸ
641 2422 751 2474 μόνας
771 2417 829 2462 οῧν
859 2422 988 2466 ταύτας
1010 2422 1205 2484 γνωρίμους

147 2474 264 2534 εἶναι,
282 2480 415 2526 ταύτας
435 2481 543 2530 μόνας
560 2481 693 2521 οἴονται
710 2485 800 2521 εἶναι
820 2481 959 2530 ἡδονάς·
987 2482 1064 2522 ἐπεὶ
1084 2481 1121 2521 δὲ
1141 2485 1203 2521 αὑ-

147 2557 207 2582 ται
226 2543 263 2581 αἱ
281 2541 404 2589 ἡδοναὶ
425 2543 489 2581 οὐκ
508 2541 639 2593 ἀγαθαί
655 2543 723 2581 εἰσι
740 2557 800 2580 και
822 2541 971 2594 κυρίως,
992 2541 1111 2593 ἔλεγον
1131 2557 1204 2591 μη-

148 2601 272 2654 δεμίαν
285 2600 415 2649 ἡδονὴν
445 2600 576 2654 ἀγαθὸν
607 2604 709 2642 εἶναι.
734 2602 898 2654 Φανερὸν
933 2599 970 2640 δὲ
991 2600 1046 2640 ὅτι
1065 2601 1202 2654 ἀνάγκη

146 2661 211 2710 τὴν
228 2661 356 2710 ἡδονὴν
378 2661 508 2712 ἀγαθὸν
529 2654 631 2700 εἶναι.

120 2711 122 2721 y
201 2719 222 2744 *
237 2720 284 2761 Εἰ
297 2720 367 2774 γὰρ
388 2720 438 2773 μή
454 2723 571 2760 ἐστινι
591 2724 612 2768 ἡ
633 2720 742 2768 ἡδονὴ
764 2719 894 2772 ἀγαθὸν
915 2720 977 2759 καὶ
996 2723 1019 2768 ἡ
1037 2723 1117 2759 κατ’
1133 2722 1202 2760 αὐ-

146 2780 212 2830 τὴν
230 2781 387 2834 ἐνέργεια
400 2812 410 2829 ,
438 2782 478 2821 οὐ
501 2780 647 2820 δυνατὸν
668 2779 780 2828 ἡδέως
796 2783 857 2827 ζῆν
875 2781 891 2802 ¹²
915 2780 975 2819 τὸν
996 2781 1199 2832 εὐδαίμονα·

149 2839 241 2881 ἀλλὰ
263 2839 333 2890 μὴν
355 2840 493 2893 ἀνάγκη
517 2839 595 2891 μεθ’
609 2841 735 2888 ἡδονῆς
751 2839 810 2878 τὸν
832 2839 1023 2890 εὐδαίμονα
1044 2842 1121 2888 ζῆν·
1142 2842 1204 2879 οὐκ

83 2914 86 2920 ‘
148 2901 219 2954 ἄρα
237 2899 381 2940 δυνατὸν
407 2902 470 2948 τὴν
488 2899 614 2947 ἡδονὴν
644 2899 694 2952 μὴ
715 2899 842 2952 ἀγαθὸν
862 2893 963 2940 εἶναι.
987 2898 1078 2940 “Oti
1103 2899 1140 2939 δὲ
1170 2903 1200 2940 εἰ

149 2958 226 3011 μεθ’
261 2959 401 3008 ἡδονῆς,
416 2961 435 2999 ὁ
464 2958 639 3010 εὐδαίμων
671 2958 837 3008 ζήσεται,
877 2958 1007 3011 ἀγαθὸν
1041 2958 1142 2999 ἔσται
1179 2963 1202 3008 ἡ

150 3019 281 3068 ἡδονή,
300 3020 406 3069 δῆλον
435 3019 506 3058 ἀπὸ
536 3023 598 3059 τοῦ
618 3022 662 3071 τῇ
684 3019 890 3072 εὐδαιμονία
911 3017 1021 3070 μηδὲν
1040 3035 1205 3074 παραμε-

150 3082 278 3132 μῖχθαι
299 3079 410 3119 κακόν
424 3109 436 3127 ,
457 3076 480 3126 ἢ
502 3078 552 3130 μὴ
567 3078 716 3132 κυρίως1
744 3078 889 3130 ἀγαθόν·
908 3079 999 3122 τίνος
1014 3078 1083 3132 γὰρ
1101 3079 1204 3119 ἕνεκα

149 3137 271 3192 διώκει
288 3138 424 3188 ταύτην
442 3141 461 3178 ὅ
482 3138 674 3191 εὐδαίμων,
694 3138 792 3192 εἴπερ
814 3138 863 3189 μή
882 3139 977 3178 ἐστιν
1001 3139 1154 3190 ἀγαθόν;
1174 3140 1206 3178 εἰ

115 3201 117 3203 ’
151 3198 188 3239 δὲ
209 3197 301 3251 μήτε
321 3198 472 3252 ἀγαθόν,
496 3198 588 3251 μήτε
619 3199 727 3238 κακὸν
754 3202 776 3246 ἡ
801 3199 935 3247 ἡδονή,
958 3199 1038 3238 οὐδὲ
1056 3201 1079 3246 ἡ
1107 3198 1202 3248 λύπη

151 3257 270 3306 εἴη,”ἃν
289 3258 368 3299 οὔτε
396 3259 526 3311 ἀγαθὸν
556 3258 636 3299 οὔτε
665 3258 791 3299 κακόν·
823 3260 887 3298 οὐκ
917 3259 987 3311 ἄρα
1011 3259 1160 3313 φευκτὸν
1179 3263 1201 3307 ἡ

151 3318 261 3367 λύπη·
281 3318 340 3358 διὰ
357 3318 393 3358 τί
412 3314 472 3359 οὐν
493 3319 614 3374 φεύγει
636 3319 745 3367 αὐτὴν
765 3323 783 3359 ὁ
798 3319 974 3372 εὐδαίμων
987 3351 998 3370 ,
1019 3319 1118 3372 εἴπερ
1147 3319 1197 3371 μή

197 3431 219 3452 ““
242 3433 393 3477 Φανερὸν
409 3433 445 3467 δὲ
462 3434 518 3467 καὶ
536 3434 587 3467 ὅτι
599 3459 609 3476 ,
623 3435 652 3467 εἰ
670 3435 713 3477 μή
730 3435 829 3473 ἡδονὴ
850 3435 920 3468 κτλ.

2235 145 2317 185 485

1264 258 1340 282 nem
1359 248 1569 291 inaequaliter
1588 248 1756 281 viventem
1780 247 1975 291 magnisque
2000 244 2245 280 calamitatibus
2260 253 2322 287 op-

1265 314 1417 348 pressum
1438 306 1574 338 beatum
1592 314 1663 338 esse
1685 304 1820 343 dicunt,
1851 305 1879 338 si
1904 304 1948 337 sit
1966 305 2094 342 bonus,
2119 302 2173 335 vel
2200 303 2317 344 sponte

1266 363 1319 395 vel
1335 363 1441 396 eoacti
1459 363 1541 396 nihil
1555 363 1670 396 dicunt
1686 375 1693 395 :
1714 372 1791 396 nam
1804 363 1951 406 corporis
1964 362 2064 395 etiam
2080 361 2168 394 bona
2187 358 2320 393 deside-

1267 423 1319 454 rat
1337 421 1456 455 beatus
1468 447 1476 461 ‚
1505 421 1681 455 sanitatem
1705 421 1860 455 videlicet
1877 423 1911 454 et
1925 422 2058 464 longam
2079 420 2202 458 vitam,
2221 419 2322 451 caete-

1266 487 1386 521 rasque
1404 487 1458 512 res
1474 479 1602 522 corpori
1616 479 1834 517 necessarias,
1858 487 1918 511 nec
1944 487 2008 510 non
2022 477 2190 510 fortunam
2202 501 2210 516 ‚
2224 483 2243 507 e
2255 481 2323 517 qua

1267 547 1379 571 rerum
1394 541 1562 572 momenta
1589 538 1744 581 pendent.
1766 538 1929 577 Quocirca
1952 537 2090 581 quidam
2115 537 2323 570 fortunatum

1267 593 1407 626 eundem
1426 604 1465 627 ac
1493 595 1627 628 beatum
1650 605 1722 629 esse
1740 598 1919 639 putarunt,
1942 595 2021 638 quia
2041 595 2110 627 sine
2130 594 2229 627 rebus
2242 602 2323 635 pro-

1267 650 1371 692 speris
1399 661 1495 684 nemo
1523 651 1668 694 perfecte
1698 652 1818 686 beatus
1844 662 1916 685 esse
1942 654 2052 695 potest
2079 662 2087 682 :
2118 660 2183 683 non
2212 652 2325 682 tamen

1266 705 1356 740 idem
1371 710 1434 741 est.
1452 708 1581 751 Quippe
1605 709 1783 742 honestum
1808 717 1879 741 esse
1896 709 2027 750 oportet
2046 707 2181 740 beatum
2203 715 2211 734 ε
2231 705 2325 747 atqui

1267 773 1332 796 non
1358 774 1474 798 omnes
1505 764 1666 798 fortunati
1685 768 1762 798 sunt
1779 765 1926 803 honesti,
1955 764 2013 798 sed
2032 764 2127 797 obest
2153 761 2324 796 interdum

1267 817 1387 850 virtuti
1410 817 1545 852 fortuna
1558 819 1701 852 secunda
1716 844 1723 855 ,
1745 819 1987 862 perturbatque
2009 819 2120 850 virum
2134 818 2322 854 honestum,

1268 871 1296 903 si
1316 871 1534 905 immoderata
1553 873 1614 910 sit,
1633 883 1710 915 quoe
1733 873 1856 906 idcireo
1881 882 1922 905 ne
1939 871 2083 905 secunda
2107 871 2243 914 quidem
2263 870 2327 902 sor-

1268 925 1350 956 tuna
1373 924 1447 966 jure
1465 925 1656 958 nominatur
1675 938 1682 957 :
1712 935 1788 958 nam
1815 925 1971 958 seeundae
1991 924 2135 958 sortunae
2153 926 2272 958 natura
2292 923 2327 955 in

1269 985 1308 1008 eo
1327 979 1488 1015 versatur,
1524 980 1562 1009 ut
1587 977 1629 1010 ad
1657 978 1897 1011 beatitudinem
1931 978 2047 1020 prosit.
2075 978 2115 1010 Ei
2141 977 2189 1011 rei
2207 971 2329 1010 conve-'

1268 1029 1397 1062 nienter
1416 1033 1488 1063 tum
1516 1031 1662 1064 definitio
1689 1032 1761 1074 ejus
1786 1031 1864 1064 hinc
1898 1032 2052 1070 sumitur,
2085 1034 2159 1064 tum
2191 1039 2323 1064 nomen.

1268 1084 1379 1121 Quare
1407 1083 1552 1116 secunda
1582 1084 1717 1117 fortuna
1743 1094 1808 1117 non
1836 1087 1926 1117 recte
1942 1085 2180 1124 nominaretur,
2199 1084 2263 1117 nisi
2285 1083 2328 1116 ad

1269 1135 1508 1170 beatitudinem
1539 1136 1711 1178 prodesset
1742 1151 1750 1169 :
1773 1139 1824 1170 est
1850 1137 1952 1179 igitur
1971 1135 2205 1174 manifestum,
2238 1134 2329 1169 beati

1269 1188 1413 1222 hominis
1433 1188 1520 1220 actui
1543 1189 1729 1222 necessario
1746 1198 1811 1220 non
1827 1188 1980 1230 impediti
2001 1198 2121 1222 nomen
2135 1188 2213 1221 addi
2237 1199 2245 1220 z
2265 1188 2328 1220 bo'c

1269 1243 1400 1282 autem,
1429 1243 1525 1274 actus
1560 1242 1716 1275 nimirum
1747 1251 1813 1275 non
1847 1242 2045 1284 impeditus,
2076 1244 2128 1275 est
2159 1242 2325 1283 voluptas.

1270 1296 1392 1339 Aliqua
1420 1295 1523 1337 igitur
1547 1296 1702 1338 voluptas
1733 1298 1785 1330 est
1813 1296 1986 1329 beatitudo
2005 1306 2012 1325 :
2041 1295 2100 1329 sed
2118 1305 2159 1328 ex
2178 1304 2217 1328 eo
2239 1304 2326 1337 quo-

1269 1358 1352 1391 que,
1378 1347 1469 1391 quod
1484 1348 1600 1382 bestiae
1624 1358 1739 1382 omnes
1756 1351 1791 1382 et
1815 1349 1966 1382 homines
1990 1350 2023 1382 et
2050 1348 2218 1382 sensibilia
2245 1357 2329 1380 cun-

1269 1404 1323 1435 cta
1342 1402 1548 1444 voluptatem
1568 1405 1830 1446 persequuntur,
1857 1405 1994 1446 apparet
2020 1403 2229 1446 voluptatem
2251 1410 2323 1434 esse

1269 1460 1438 1489 summum
1470 1456 1594 1490 bonum
1623 1456 1760 1489 :omnia
1795 1455 1883 1489 enim
1908 1456 2032 1489 bonum
2061 1465 2132 1490 esse
2162 1459 2196 1489 et
2221 1456 2321 1489 finem

1271 1508 1434 1541 bonorum
1461 1509 1668 1552 voluptatem
1695 1509 1857 1549 clamant,
1882 1509 1971 1543 unde
2001 1510 2102 1543 etiam
2120 1509 2163 1543 ad
2185 1519 2263 1552 eam
2276 1511 2328 1545 fe-

1268 1564 1400 1596 runtur.

1341 1645 1440 1675 Fama
1462 1649 1570 1676 aulem
1585 1646 1674 1675 haud
1684 1646 1781 1676 dubie
1792 1655 1855 1676 non
1861 1646 2016 1683 funditus
2027 1646 2138 1677 interit
2150 1647 2219 1684 illa,

1340 1701 1437 1731 quam
1449 1694 1546 1723 multi
1557 1693 1718 1723 celebrant
1730 1693 1884 1724 homines.

1267 1786 1340 1817 Non
1363 1785 1473 1818 omnia
1500 1787 1614 1819 autem
1640 1785 1801 1828 optimam
1833 1787 2066 1818 consectantur
2096 1785 2325 1829 voluptatem,

1267 1847 1374 1879 quum
1389 1838 1590 1871 inomnihus
1606 1847 1714 1881 neque
1728 1838 1817 1872 idem
1830 1839 1984 1879 habitus,
2003 1848 2111 1882 neque
2130 1839 2247 1873 eadem
2263 1850 2325 1873 na-

1267 1899 1343 1930 tura
1358 1897 1437 1931 insit
1457 1908 1464 1928 :
1481 1901 1515 1931 at
1527 1898 1638 1931 omnia
1658 1898 1865 1941 voluptatem
1886 1901 2148 1942 persequuntur,
2171 1900 2327 1942 quamvis

1267 1951 1331 1984 alia
1345 1951 1477 1991 bonam,
1495 1952 1558 1985 alia
1566 1952 1699 1986 malam.
1714 1954 1868 1985 Fortasse
1876 1962 1955 1985 vero
1966 1953 2047 1986 nihil
2057 1962 2165 1996 neque
2173 1954 2327 1996 sequitur

1267 2014 1405 2047 pravam
1415 2006 1633 2048 voluptatem,
1654 2015 1764 2049 neque
1777 2009 1999 2046 consectatur,
2017 2017 2125 2050 neque
2135 2008 2262 2050 appetit
2278 2009 2328 2041 ul·

1267 2060 1336 2092 lum
1350 2059 1477 2091 malum
1489 2072 1497 2091 z
1510 2068 1618 2102 neque
1633 2059 1719 2092 enim
1730 2069 1831 2102 quam
1849 2059 1984 2092 videtur
1993 2059 2054 2093 sibi
2072 2062 2255 2094 consectari
2266 2064 2326 2095 aut

1265 2123 1368 2158 quam
1392 2123 1411 2146 a
1434 2123 1469 2146 se
1494 2114 1562 2156 peti
1586 2114 1726 2152 dixerit,
1748 2114 1833 2146 hanc
1852 2114 1953 2146 etiam
1968 2115 2069 2157 petit,
2087 2115 2146 2148 sed
2164 2116 2326 2158 optimam

1265 2167 1375 2200 omnia
1386 2169 1575 2210 sequuntur
1593 2180 1600 2200 :
1619 2167 1728 2200 omnia
1740 2167 1862 2210 quippe
1876 2170 1995 2201 natura
2011 2171 2172 2211 appetunt
2187 2170 2322 2209 bonum,

1265 2219 1343 2262 quia
1357 2219 1486 2252 cunctis
1514 2219 1665 2253 divinum
1691 2220 1852 2263 quiddam
1868 2222 2020 2254 innatum
2049 2224 2112 2262 est,
2127 2223 2326 2266 proprieque

1265 2274 1307 2307 ad
1320 2274 1439 2307 bonam
1450 2274 1658 2316 voluptatem
1673 2278 1793 2308 cuneta
1808 2275 1972 2313 feruntur,
1990 2276 2120 2309 etiamsi
2134 2277 2326 2320 voluptates

1265 2327 1397 2372 proprie
1407 2328 1554 2370 corporis
1567 2337 1638 2361 esse
1650 2329 1838 2367 videantur,
1844 2332 2017 2372 propterea
2026 2330 2117 2372 quod
2128 2331 2325 2374 plerumque

1265 2381 1307 2414 ad
1332 2390 1388 2414 eas
1415 2390 1486 2414 sese
1515 2381 1681 2424 applicant
1708 2382 1877 2420 homines,
1903 2391 2086 2426 earumque
2109 2386 2187 2416 sunt
2209 2393 2325 2418 omnes
2383 2377 2386 2379 ’

1265 2434 1453 2476 participes.
1472 2433 1558 2471 Quia
1581 2433 1683 2475 igitur
1706 2434 1759 2467 hae
1778 2435 1857 2467 solae
1876 2437 1965 2468 notae
1991 2438 2090 2476 sunt,
2123 2436 2247 2469 idcireo
2262 2437 2325 2470 has

1266 2492 1353 2524 solas
1378 2490 1497 2531 putant
1513 2496 1586 2520 esse
1613 2488 1803 2531 voluptates
1831 2504 1839 2523 ι
1860 2490 1940 2534 quia
1963 2499 2044 2523 vero
2062 2490 2115 2524 hae
2133 2491 2324 2534 voluptates

1264 2554 1329 2577 non
1350 2541 1480 2586 proprie
1503 2541 1605 2574 etiam
1631 2544 1709 2574 sunt
1735 2542 1847 2583 bonae,
1874 2543 2002 2576 nullam
2030 2543 2239 2586 voluptatem
2259 2545 2322 2579 bo-

1264 2609 1345 2632 num
1361 2607 1433 2632 esse
1449 2598 1617 2631 dixerunt.
1644 2598 1788 2639 Apparet
1816 2599 1930 2631 autem
1957 2597 2143 2632 necessario
2168 2599 2324 2642 volupta-

1266 2660 1334 2691 tem
1350 2667 1422 2692 esse
1442 2658 1576 2691 bonum.

1308 2718 1343 2751 Si
1356 2718 1445 2751 enlm
1461 2717 1616 2760 voluptas
1630 2719 1665 2751 et
1674 2719 1768 2751 actus
1785 2717 1816 2750 ei
1832 2717 2031 2751 conveniens
2044 2727 2109 2751 non
2122 2718 2166 2751 sit
2184 2719 2321 2760 bonum,

1265 2770 1318 2803 vir
1334 2770 1452 2803 beatus
1481 2770 1628 2813 jucunde
1652 2770 1767 2804 vivere
1791 2781 1856 2804 non
1878 2772 2002 2814 poterit
2022 2783 2031 2805 :
2061 2772 2159 2815 atqui
2189 2783 2324 2807 necesse

1265 2826 1316 2858 est
1333 2833 1408 2856 cum
1428 2823 1603 2867 voluptate
1616 2824 1730 2858 vivere
1745 2833 1823 2858 eum
1839 2824 1898 2867 qui
1911 2824 2031 2858 beatus
2044 2825 2088 2858 sit
2104 2835 2112 2855 ε
2128 2835 2233 2868 quare
2254 2827 2323 2861 fieri

1265 2877 1400 2920 nequit.
1431 2879 1470 2910 ut
1494 2877 1651 2920 voluptas
1673 2887 1739 2911 non
1766 2878 1809 2910 sit
1828 2878 1964 2911 bonum.
1988 2877 2054 2911 Sed
2080 2878 2108 2911 si
2127 2878 2178 2911 vir
2205 2879 2325 2913 beatus

1265 2941 1342 2964 cum
1364 2931 1538 2973 voluptate
1559 2931 1671 2970 vivat,
1698 2931 1823 2964 bonum
1841 2941 1917 2965 esse
1937 2931 2145 2974 voluptatem
2158 2958 2166 2973 ‚
2198 2932 2324 2966 intelli-

1265 2986 1354 3028 gitur
1369 2994 1411 3018 ex
1428 2993 1468 3017 eo
1479 3011 1487 3023 ,
1510 2984 1602 3028 quod
1617 2985 1817 3018 beatitudini
1835 2984 1918 3018 nihil
1935 2985 2123 3018 admixtum
2140 2989 2209 3025 est,
2233 2988 2324 3030 quod

1266 3041 1325 3072 aut
1346 3038 1471 3071 malum
1495 3038 1539 3071 sit
1558 3040 1618 3072 aut
1634 3048 1700 3072 non
1719 3039 1852 3082 proprie
1879 3039 2004 3072 bonum
2026 3052 2034 3072 :
2054 3049 2114 3072 eur
2138 3040 2224 3073 enim
2246 3051 2324 3083 per-

1266 3092 1419 3135 sequitur
1437 3102 1511 3125 eam
1529 3092 1582 3125 vir
1607 3092 1745 3131 beatus,
1773 3093 1803 3126 si
1828 3103 1893 3126 non
1921 3095 1973 3126 est
1998 3093 2105 3126 bona?
2121 3093 2242 3136 quodsi
2263 3104 2324 3127 nec

1266 3145 1391 3179 bonum
1421 3146 1466 3180 sit
1488 3146 1645 3190 voluptas
1665 3156 1726 3180 nec
1754 3147 1898 3187 malum,
1917 3157 1959 3180 ne
1986 3147 2081 3180 dolor
2104 3147 2240 3189 quidem
2266 3150 2325 3180 aut

1268 3200 1391 3234 bonum
1408 3200 1473 3234 erit
1486 3203 1545 3234 aut
1559 3201 1686 3235 malum
1706 3214 1714 3234 z
1732 3211 1810 3244 ergo
1828 3211 1869 3235 ne
1882 3201 2060 3244 fugiendus
2076 3201 2211 3243 quidem
2230 3200 2325 3234 dolor

1265 3256 1317 3287 est
1335 3266 1343 3286 ε
1364 3263 1425 3286 cur
1445 3254 1547 3297 igitur
1571 3254 1658 3296 fugit
1677 3264 1753 3288 eum
1770 3254 1822 3287 vir
1837 3255 1975 3292 beatus,
1993 3255 2021 3286 si
2039 3263 2103 3286 non
2118 3255 2168 3286 est
2192 3252 2324 3295 fugien-

1265 3307 1352 3341 dus?
1380 3315 1489 3350 neque
1504 3307 1592 3341 enim
1616 3307 1796 3351 fugiendus
1815 3307 1880 3348 sit,
1901 3307 1963 3341 nisi
1981 3307 2080 3339 simul
2095 3308 2145 3339 est
2172 3306 2282 3340 malus
2312 3318 2319 3339 :
