2508 3776
641 163 942 205 ETHlCORUM
970 163 1424 209 NICOMACHEORUM
1456 170 1831 214 PARAPHRASIS.

76 248 98 303 ζῖ.
132 254 138 266 ⁴
142 245 209 307 μὴ
235 245 405 301 τυράννου
424 248 520 295 ὄντος
539 249 561 297 ἢ
585 252 755 303 βασιλέως
770 281 780 301 ‚
797 253 830 292 οἱ
849 252 946 306 λόγοι
965 252 1131 292 δύνανται
1147 269 1199 292 το·

2235 180 2314 219 565

1266 269 1330 293 non
1355 261 1489 304 habent,
1508 267 1547 298 ut
1574 276 1688 309 cogere
1712 276 1768 301 eos
1794 268 1930 310 possint,
1964 278 2072 313 neque
2088 271 2188 305 unius
2209 273 2316 307 alicu—

67 306 103 363 ¹4..
132 318 134 320 v
144 305 298 363 σῶτρν,
319 305 411 346 ὥστε
442 308 492 359 μὴ
527 310 758 363 βουλομένους
777 312 911 364 ἐνάγειν
947 311 1005 351 ἐπὶ
1036 311 1082 351 τὰ
1110 311 1204 352 καλὰ
1263 313 1319 356 J'us
1341 314 1415 356 viri,
1440 317 1502 351 nisi
1518 317 1604 353 forte
1627 322 1789 362 tyrannus
1810 324 1870 355 aut
1892 331 1951 355 rex
1971 325 2032 363 est,
2062 328 2228 369 praecepta
2247 329 2316 360 tan·

128 359 242 420 πρὸς
261 366 436 413 πολλούς·
470 368 572 420 μόνος
607 370 643 409 δὲ
664 372 682 410 ὁ
703 371 808 422 νόμος
829 372 1097 423 ἅναγκασῒῑκῆν
1124 387 1204 411 τῑνα

127 425 300 480 ..fingant
321 425 407 479 ἔχει.
437 429 651 470 Πιστεύεται
669 429 738 484 γὰρ
765 431 835 470 ἀπό
854 446 945 476 τινος
964 435 1023 471 νοῦ
1042 431 1102 471 καὶ
1124 447 1206 486 φρο-

144 483 283 535 *ήσεως
302 489 450 535 τεθῆναι
469 487 510 528 τὸ
542 488 617 535 ἐξ’
599 493 732 542 αρχῆς·
754 490 770 514 ‘¹
790 490 867 530 ὅθεν
889 491 961 536 τοῖς
981 490 1047 542 μὲν
1068 490 1204 543 ἀνθρώ-

148 558 239 591 ποις
246 545 467 600 ἐχθαίρουσιν
488 549 520 587 οἱ
539 549 663 588 πολλοὶ
691 550 768 594 ταῖς
797 550 952 621 ὁρμαῖς
957 551 1078 589 αὐτῶν
1101 551 1204 590 ἐναν-

67 610 102 642 ζ
123 603 343 656 ”“ι“ιόυμίνοις
357 634 370 655 ,
401 605 500 655 κᾶν
520 609 630 661 ὀρθῶς
649 608 734 648 αὐτὸ
754 609 955 662 δρῶσι·τῷ
973 607 1071 662 νόμῳ
1092 607 1128 648 δὲ
1148 610 1206 648 οὔ·

89 687 91 690 -
119 667 130 696 ἶ
149 661 220 709 δαὶς
237 662 389 719 ἄχθεται
407 665 572 706 τάττοντι
590 682 631 706 το
657 666 810 712 ἐπιεικές
818 696 841 737 .’..
852 667 915 707 καὶ
946 683 1016 706 των
1041 669 1206 719 πονηρῢν

67 758 77 764 ,.
142 714 357 780 ἀφιστάντι·
377 723 476 778 τοὺς
469 725 532 766 μὲν
553 724 623 778 γὰρ
640 727 771 772 ζῶντας
794 727 864 766 τῶν
892 726 1136 766 παιδευτῶν”
1122 742 1204 772 ισως

122 767 223 835 ’ἐστὶ
250 783 396 835 νομίσαι
415 784 513 837 μίσει
531 783 651 824 τινὶ*
631 802 654 833 η
676 785 791 839 φθόνῳ
811 787 1037 837 κινουμένους
1057 787 1202 825 λυπεῖν·

132 845 219 901 (τοῖς
235 840 356 898 νόμοις
375 841 414 884 δὲ
433 845 472 885 οὗ
500 848 604 885 τοῦτο
631 844 832 898 συμὸαίνει.
858 845 1021 897 Φανερὸν
1043 846 1106 896 μὲν
1128 838 1202 897 ουν,

65 938 73 949 ς
102 903 107 911 ‘
142 902 195 953 ὥς
213 887 289 961 ἄρα
304 902 359 943 δεῖ
379 902 495 954 νόμων
517 903 751 958 ῥυθμιζόντων
780 903 841 944 καὶ
866 904 1088 944 διατιθέντων
1119 904 1204 958 πρὸς

142 942 211 1018 ,ἢν
229 956 358 1017 &per-hv
377 961 476 1008 εὐθυς
490 962 531 1002 ἐκ
548 962 671 1007 παιδός

198 1018 221 1040 *
231 1021 397 1063 Tomara:
413 1019 450 1060 δὲ
462 1020 563 1072 νόμοι
575 1021 666 1074 μόνῃ
677 1038 721 1076 τῃ
698 1022 1025 1075 ““Λακεδαιμονίων
1046 1023 1204 1076 ἐγένοντο

60 1075 78 1125 ζ
99 1080 121 1119 ’.
145 1075 259 1129 πόλει,
278 1079 342 1120 καί
354 1095 446 1120 τισιν
467 1080 591 1126 ἄλλαις
611 1080 745 1134 ὀλίγαις
762 1081 921 1135 κομιδῇ*
931 1087 1031 1126 ·ταῖς
1048 1082 1086 1122 δὲ
1104 1083 1203 1123 πλεί-

145 1151 247 1184 σταις
263 1137 408 1179 πόλεσιν
429 1140 494 1179 οὐκ
526 1139 679 1191 ἐμέλησε
704 1139 786 1194 περὶ
815 1142 883 1180 τῶν
904 1141 1070 1183 τοιούτων
1082 1171 1098 1217 ‚²
1121 1143 1200 1182 ἀλλ’

66 1191 77 1215 ³
143 1194 324 1243 fmuoz‘
304 1213 352 1244 ως
377 1197 540 1252 βούλεται
560 1199 683 1240 τάττει
700 1199 760 1240 τὸν
782 1199 858 1254 βίον
879 1199 939 1240 καὶ
961 1200 1024 1251 τὴν
1062 1202 1175 1242 οἰκίαν
1188 1232 1200 1251 ,

49 1247 78 1319 ’ῑῖ
115 1253 391 1303 -Κιηιλωπικῶς
410 1258 626 1309 θεμιστεύων

142 1344 144 1346 ’
268 1350 402 1386 Παίδων
419 1351 472 1391 ἠδ’
491 1353 625 1395 ἀλόχου.

73 1457 84 1465 ι
118 1456 119 1460 =
143 1431 346 1487 Κράτιστον
367 1433 432 1485 μὲν
453 1426 512 1472 οὖν
531 1434 572 1473 τὸ
592 1434 753 1487 γίνεσθαι
777 1435 896 1484 κοινὴν
915 1437 1120 1489 ἐπιμέλειαν
1140 1437 1200 1476 καὶ

67 1487 75 1494 ”
141 1489 273 1547 ὀρθήν,
291 1493 354 1533 καὶ
381 1493 518 1538 πάντας
535 1495 596 1542 ζην
615 1494 783 1534 δύνασθαι
807 1495 1054 1548 τεταγμένως,
1074 1495 1173 1536 καὶζ
1153 1512 1200 1541 ως

56 1558 70 1604 Ἰ
115 1552 163 1591 ’ἷὸ
177 1551 279 1606 ὀρθὸς
297 1554 442 1592 ἆπαιτεῖ
461 1553 562 1607 λόγος
578 1570 587 1579 ·
611 1556 641 1594 εἷ
662 1555 699 1593 δὲ
719 1554 768 1606 μὴ
789 1558 891 1595 τοῦτο
910 1555 1064 1608 γένοιτο,
1081 1557 1142 1595 καὶ
1160 1556 1199 1595 τὸ

65 1612 67 1615 ’
127 1610 257 1652 ‘mm
289 1612 474 1664 ἅμελοῖτο,
504 1613 697 1668 προσήκειν
718 1613 857 1669 ἑκάστῳ
896 1614 1024 1660 δόξειεν
1047 1615 1088 1654 ἂν
1126 1621 1198 1661 τοῖς

143 1670 271 1713 δαυτοῧ
289 1671 422 1717 τέκνοις
435 1672 497 1712 και
517 1673 629 1726 φίλοις
646 1674 692 1718 εἷς
713 1673 839 1727 ἀρετὴν
857 1677 1009 1728 βοηθεῖν,
1023 1674 1046 1723 ἢ
1059 1678 1197 1728 βοηθεῖν

39 1731 47 1743 “’
111 1742 113 1745 “
135 1729 422 1792 προθυμεῖσθαι·
445 1731 608 1781 δυνηθείη
630 1732 695 1771 δ’*
677 1749 718 1771 αν
739 1732 886 1778 ἕκαστος
905 1737 1019 1772 ταῦτα
1045 1733 1123 1778 τους
1149 1736 1198 1775 οἷ-

141 1786 256 1838 κοίους
267 1786 463 1848 εὓεργετεῖν
473 1792 696 1843 νομοθετικὸς
707 1792 892 1846 γενόμενος
903 1823 913 1842 ,
928 1795 974 1837 ὥς
988 1793 1136 1847 φανερὸν
1158 1795 1197 1833 ἐκ

139 1852 215 1909 τὸν
230 1850 443 1907 εἰρημένων.
462 1850 604 1894 Γίνεται
623 1851 692 1906 γὰρ
711 1857 814 1891 πᾶσα
841 1852 1028 1904 ἐπιμέλεια
1055 1851 1112 1891 διὰ
1140 1853 1196 1892 νό·

122 1950 125 1951 ⁷
141 1926 242 1966 μων·
261 1910 323 1952 καὶ
336 1912 374 1952 αἱ
392 1911 458 1965 μὲν
474 1911 591 1953 κοιναὶ
611 1911 813 1965 ἐπιμέλειαι
833 1912 891 1951 διὰ
908 1914 978 1952 τῶν
999 1927 1123 1953 κοινων
1145 1912 1197 1952 νό-

47 1991 59 1997 ·’
112 2003 124 2015 .-
140 1986 233 2024 w,
249 1972 288 2012 αἱ
300 1970 339 2012 δὲ
353 1972 546 2012 σπουδαῖαι
564 1971 626 2011 καὶ
645 1973 808 2017 ἐπιεικεῖς
823 1971 1022 2022 ἐπιμέλειαι
1039 1973 1100 2011 καὶ
1115 1988 1195 2012 παι·

138 2028 231 2074 δὀἶαι
244 2030 304 2072 διὰ
319 2047 391 2072 των
406 2030 663 2081 κατ-αλλήλων,
683 2033 752 2071 τῶν
782 2031 983 2070 σπουδαίων
1009 2031 1068 2071 καὶ
1086 2033 1195 2071 ἐπιει·

137 2093 233 2144 κὸν,
252 2091 370 2147 φημί,
384 2092 519 2143 νόμων.

180 2147 466 2204 Γίγραμμίνους
490 2149 529 2189 δὲ
557 2149 582 2198 ἢ
614 2149 792 2203 ἀγράφους
818 2153 907 2189 εἰναι
936 2149 1016 2194 τοὺς
1042 2149 1194 2202 νόμους,

37 2194 112 2226 w
106 2207 238 2253 ὠδὶν
273 2209 450 2264 διαφέρει·
487 2209 567 2249 οὗδὲ
585 2210 628 2249 τὸ
660 2208 812 2254 πολλους
843 2209 1043 2258 παιδεύειν,
1074 2210 1097 2258 ἢ
1133 2210 1195 2250 ἕνα

67 2282 74 2305 ³
127 2259 316 2326 ῥυθμίζειν
335 2268 519 2322 εἷσαγᾶγοι
539 2268 582 2309 αν
601 2272 671 2314 τοῖς
700 2270 820 2322 νόμοις
853 2269 1023 2324 διαφοράν
1039 2281 1047 2290 ·
1073 2269 1194 2324 ὥσπερ

137 2329 198 2373 ἐπὶ
215 2332 280 2379 τῆς
299 2345 493 2383 μουσικης,
517 2329 579 2369 καὶ
601 2346 848 2383 γυμναστικης
866 2361 877 2379 ,
900 2330 961 2370 καὶ
986 2331 1055 2368 τῶν
1077 2330 1194 2369 ἄλλων

137 2389 430 2442 ἐπιτηδευμάτων
446 2389 661 2442 συμὸαίνει·
683 2390 745 2430 καὶ
765 2389 833 2443 γὰρ
852 2390 875 2429 ἃ
876 2389 950 2452 mrino
966 2389 1026 2428 ἕνα
1049 2389 1195 2430 δύναται

135 2450 338 2506 γυμνάσαι,
360 2449 517 2495 καὶτοὺς
531 2449 680 2494 πολλούς
693 2480 704 2498 ,
724 2449 784 2489 καὶ
806 2451 853 2489 δι’
871 2454 920 2489 ὡν
941 2443 991 2493 εἷς
1013 2450 1193 2500 μουσικός,

128 2510 199 2551 «καὶ
217 2509 370 2555 πολλους
387 2509 486 2550 οὐδὲν
503 2510 631 2548 κωλύει
652 2508 837 2561 γενέσθαι,
857 2508 918 2548 καὶ
938 2508 978 2547 τὸ
998 2508 1191 2550 ἀνάπαλιν.

105 2589 111 2591 ·
137 2563 207 2611 Διᾶ
225 2584 330 2610 τουτο
345 2567 407 2608 καὶ
427 2568 486 2608 τὸν
509 2567 622 2608 οἰκίαν
645 2567 844 2608 διατιθέντα
866 2566 952 2618 μίαν
975 2567 1035 2605 καὶ
1065 2569 1193 2620 ῥυθμί-

42 2643 82 2682 β.
102 2618 116 2645 ²⁴
136 2630 241 2678 ζοντα
254 2657 267 2678 ,
283 2627 309 2677 ἢ
326 2627 388 2668 ἕνα
405 2627 518 2681 ἄνδρα
537 2627 777 2677 παιδεύοντα,
801 2625 900 2666 οὐδὲν
921 2627 1048 2666 κωλύει
1069 2627 1194 2676 νόμους

49 2678 67 2711 ¹:
127 2688 288 2738 ὲτιθέναι,
305 2688 368 2728 καὶ
389 2681 480 2728 εἶναι
496 2686 746 2739 νομοθετικόν,
768 2686 866 2725 οὐδὲν
887 2690 993 2734 ἧττον
1012 2701 1074 2726 του
1091 2686 1194 2725 πόλιν

137 2746 223 2798 ὅλην
244 2746 268 2796 ἢ
295 2746 391 2791 ἔθνος
408 2745 633 2790 διατιθέντος.
661 2745 732 2785 Καὶ
754 2744 822 2798 γὰρ
843 2743 963 2796 ὥσπερ
981 2747 1015 2784 ἐν
1035 2749 1110 2788 ταῖς
1128 2745 1192 2784 πό·

37 2781 64 2802 μ’
136 2808 234 2848 λεσιν
251 2806 369 2862 ἰσχύει
388 2805 434 2845 τὰ
459 2805 595 2857 νόμιμα
615 2804 675 2844 καὶ
694 2805 740 2844 τὰ
761 2804 843 2856 ἔθη,
875 2804 967 2843 οὕτω
990 2820 1049 2842 και
1075 2806 1110 2842 ἐν
1142 2806 1192 2842 οἷ-

54 2909 59 2918 ,
99 2864 102 2868 ’
137 2867 199 2923 κία
218 2872 285 2920 μιᾷ
300 2871 319 2898 ⁸
337 2867 370 2906 οἱ
391 2866 560 2918 πατρικοὶ
581 2863 698 2916 λόγοι,
731 2872 792 2903 καὶ
813 2863 859 2903 τὰ
888 2863 965 2911 ἔθη,
987 2858 1036 2908 οἶς
1075 2861 1194 2916 φαίνε-

135 2942 196 2968 ται
215 2925 376 2980 χαίρων,
408 2925 567 2978 μεγάλην
589 2925 624 2963 ἐν
644 2929 717 2968 τοῖς
742 2939 844 2963 παισι
866 2939 926 2963 και
948 2928 1021 2966 τοῖς
1039 2922 1158 2966 ἄλλοις
1177 2953 1187 2970 ,

137 2987 277 3032 οἰκείοις
314 2986 460 3039 δύναμιν
499 2985 558 3039 ἔχε
563 3002 594 3034 ι,
633 2985 693 3024 καὶ
725 2986 847 3036 πολλῷ
882 2980 987 3022 πλέον
1031 2983 1089 3021 διὰ
1128 2982 1191 3030 τὴν

37 3053 42 3092 ἶ
71 3036 78 3053 ’Δ
137 3045 340 3101 συγγένειαν
367 3045 428 3086 καὶ
459 3045 521 3090 τὰς
555 3017 780 3099 εύεργεσίας·
808 3039 901 3083 ευνοι
934 3043 1002 3096 γάρ
1039 3045 1106 3082 εἶσι
1136 3043 1192 3082 διὰ

137 3109 250 3147 ταΰτα
264 3109 317 3162 τῷ
335 3106 444 3160 πατρὶ
475 3107 610 3158 μᾶλλον
632 3107 663 3145 οἱ
692 3106 816 3151 παῖδες
831 3135 841 3154 ,
865 3104 888 3152 ἢ
908 3107 941 3144 οἳ
967 3105 1110 3143 πολῖται
1142 3105 1194 3157 τῷ

131 3167 322 3222 νομοθέτῃ.
345 3166 419 3207 Και
438 3166 497 3206 διὰ
517 3182 620 3205 τουτο
651 3169 732 3220 ῥᾷον
753 3165 919 3219 ἄγονται,
941 3163 1021 3226 uodm
1033 3169 1105 3208 τοῖς
1134 3162 1193 3202 νό-

35 3243 54 3278 ,³
84 3222 91 3226 ⁶
138 3241 216 3278 μοις
229 3226 407 3266 πείθονται
428 3227 585 3277 μᾶλλον,
604 3224 668 3264 κᾶν
687 3226 803 3269 ἄλλως
826 3226 979 3268 ἀπειθεῖς
995 3217 1075 3273 ὦσι,
1092 3223 1193 3277 φύσει

43 3292 63 3341 {²
136 3285 206 3327 τινὶ
226 3285 427 3339 στέρξαντες
445 3286 521 3332 ἐξ’
500 3302 636 3340 αρχης·
653 3284 706 3325 ἔτι
732 3286 769 3325 δὲ
794 3284 854 3324 καὶ
875 3283 1119 3338 ἀκριὸέστεροι
1135 3283 1193 3334 γί-

1266 368 1340 399 tum
1364 369 1490 411 valent,
1519 375 1558 405 ut
1582 374 1702 416 vulgus
1721 375 1822 408 etiam
1853 375 1997 409 invitum
2023 377 2067 410 ad
2089 379 2236 413 actiones
2255 380 2319 413 ho-

1266 423 1378 454 nestas
1402 424 1634 466 compellant:
1665 427 1734 460 sola
1765 429 1887 461 ·1utem'
1906 427 1959 461 lex
1990 430 2126 472 cogendi
2151 433 2318 474 quandam

1267 471 1337 505 vim
1365 473 1476 508 habet.
1505 476 1661 510 Creditur
1683 478 1771 511 enim
1794 478 1836 511 ab
1855 478 1951 511 initio
1974 483 2083 514 mente
2113 483 2260 524 quadam
2285 487 2319 517 et

1267 522 1443 565 prudentia
1465 527 1645 560 constituta
1661 538 1760 561 esse:
1794 532 1998 571 quapropter
2025 531 2177 573 plerique
2202 533 2318 567 odium

1266 577 1385 615 gerunt
1407 575 1441 608 in
1465 576 1626 617 homines
1647 578 1706 620 qui
1724 579 1873 621 ipsorum
1899 580 2139 622 cupiditatibus
2162 585 2196 615 et
2215 593 2316 626 appe-

1266 623 1440 657 titionibus
1456 625 1689 667 adversantur,
1709 628 1839 660 etiamsi
1856 627 1890 660 id
1914 631 2002 662 recte
2025 629 2184 663 saciant:
2204 634 2237 664 at
2256 632 2318 675 legi

1265 682 1401 716 aequum
1414 677 1448 707 et
1464 675 1588 708 bonum
1610 677 1837 719 praescribenti
1854 680 1888 711 ct
1904 688 1923 711 a
1946 679 2037 712 vitiis
2055 680 2205 714 homines
2222 691 2316 715 aver-

1267 725 1351 758 tenti
1363 735 1460 759 nemo
1481 731 1681 761 succenset:
1698 728 1821 762 etenim
1836 729 1904 761 vivi
1926 729 2061 763 virtutis
2076 731 2223 773 magistri
2242 732 2320 766 odio

1265 777 1407 810 fortasse
1419 777 1539 820 ‘aliquo
1554 781 1655 820 atque
1671 778 1797 811 invidia
1814 778 1948 812 adducti
1970 780 2207 814 detrimentum
2225 783 2320 816 nobis

1265 826 1443 871 importare
1461 829 1547 861 velle
1573 829 1807 862 existimantur
1826 842 1832 861 :
1852 829 1943 872 quod
1967 830 2000 863 in
2025 830 2111 873 leges
2131 841 2195 864 non
2216 833 2316 866 cadit.

1265 881 1323 912 Est
1348 879 1451 921 igitur
1477 878 1704 920 manifestum,
1724 882 1832 913 certas
1858 880 1946 921 leges
1973 881 2111 923 requiri,
2144 891 2221 925 quae
2248 885 2316 915 sta-

1265 931 1326 962 tim
1349 939 1368 962 a
1385 927 1492 971 prima
1511 931 1612 961 aetate
1635 929 1677 962 ad
1707 929 1867 962 virtutem
1890 939 1999 962 mores
2019 933 2150 963 nostros
2175 930 2320 964 forment

1265 986 1297 1017 et
1323 984 1531 1025 componant.

1305 1042 1441 1078 Talibus
1456 1044 1569 1074 autem
1581 1041 1709 1084 legibus
1719 1041 1789 1074 sola
1801 1042 2128 1077 Lacedaemoniorum
2147 1045 2268 1078 civitas
2285 1048 2319 1079 et

1264 1103 1340 1136 aliae
1358 1101 1526 1145 quaedam,
1552 1101 1610 1135 sed
1631 1101 1815 1135 admodum
1838 1111 1954 1144 paucae
1971 1112 2041 1136 usae
2064 1106 2143 1136 sunt
2163 1117 2170 1136 :
2187 1104 2222 1137 in
2247 1104 2316 1148 ple-

1264 1162 1378 1205 risque
1396 1170 1477 1194 vero
1496 1160 1587 1193 nulla
1607 1169 1721 1193 earum
1741 1160 1886 1194 habetur
1908 1161 2006 1201 ratio,
2025 1162 2082 1196 sed
2095 1172 2159 1196 suo
2177 1163 2320 1206 quisque

1264 1221 1430 1255 arbitratu
1458 1222 1493 1254 et
1521 1219 1626 1254 vitam
1650 1229 1746 1253 suam
1766 1222 1799 1254 et
1831 1219 1992 1254 familiam
2018 1221 2177 1262 institmt,
2200 1223 2320 1264 Cyclo-

1263 1292 1344 1325 pum
1366 1289 1470 1314 more.

1310 1363 1464 1396 Uoeorum
1479 1361 1515 1394 et
1534 1362 1633 1394 natos
1649 1362 1794 1404 privata
1819 1361 1892 1403 leqe
1908 1361 2123 1404 qubernans.

1303 1444 1476 1488 Optimum
1503 1444 1606 1486 igitur
1625 1446 1689 1484 est,
1712 1444 1837 1478 civium
1862 1446 2107 1479 institutionem
2129 1448 2313 1480 communi-

1261 1501 1313 1532 ter
1332 1499 1374 1531 ab
1390 1497 1546 1531 omnibus
1563 1499 1598 1530 et
1611 1499 1701 1530 recte
1713 1499 1896 1541 procurari,
1914 1508 2095 1542 omnesque
2118 1503 2317 1533 conservato

1260 1553 1339 1585 vitae
1366 1552 1484 1585 ordine
1508 1553 1543 1584 et
1574 1553 1614 1583 ut
1637 1553 1730 1584 recta
1757 1552 1907 1594 postulat
1937 1553 2024 1585 ratio
2052 1553 2166 1586 vivere
2187 1563 2282 1596 posse
2307 1566 2315 1586 :

1258 1605 1349 1651 quod
1370 1605 1397 1638 si
1413 1613 1479 1638 non
1499 1603 1569 1642 fiat,
1588 1605 1622 1637 et
1639 1612 1814 1638 commune
1834 1604 2029 1646 negligatur,
2045 1606 2226 1648 unicuique
2241 1616 2317 1639 con-

1259 1658 1371 1691 venire
1387 1657 1543 1691 videatur
1560 1657 1630 1691 suis
1645 1657 1760 1690 liberis
1786 1658 1820 1690 et
1839 1657 1956 1690 amicis
1978 1657 2021 1690 ad
2050 1658 2208 1691 virtutem
2227 1668 2318 1692 com-

1257 1710 1439 1753 parandam
1461 1720 1596 1753 operam
1616 1719 1752 1749 navare,
1771 1712 1828 1742 aut
1849 1709 1968 1743 saltem
1995 1710 2088 1749 eniti,
2110 1713 2149 1742 ut
2178 1711 2219 1744 ad
2243 1720 2317 1744 eam

1258 1774 1329 1797 rem
1354 1764 1395 1809 iis
1411 1764 1516 1806 prosit
1535 1778 1543 1798 ι
1564 1763 1669 1806 possit
1691 1772 1770 1795 vero
1787 1771 1865 1795 suos
1884 1763 2027 1806 quisque
2050 1762 2233 1797 familiares
2252 1765 2315 1797 hoc

1257 1817 1415 1850 beneficio
1437 1816 1579 1856 afficere,
1599 1817 1629 1849 si
1646 1815 1757 1857 legum
1779 1814 1992 1848 ferendarum
2019 1816 2191 1849 scientiam
2212 1816 2314 1850 fuerit

1258 1871 1469 1908 consecutus,
1488 1871 1526 1901 ut
1550 1879 1569 1902 e
1588 1867 1855 1911 praecedentibus
1875 1869 1977 1910 patet.
1999 1869 2085 1900 Nam
2112 1878 2188 1902 cum
2209 1871 2318 1903 omnis

1257 1922 1440 1964 disciplinae
1454 1921 1596 1964 publicae
1608 1923 1644 1954 et
1660 1920 1881 1954 institutionis
1893 1921 2084 1963 procuratio
2101 1921 2228 1963 legibus
2244 1932 2319 1955 eon-

1256 1975 1395 2013 tinctur,
1415 1976 1449 2007 et
1469 1973 1656 2007 communis
1674 1973 1811 2016 quidem
1831 1973 2077 2012 communibus,
2094 1976 2166 2006 tum
2184 1975 2239 2007 illa
2255 1975 2318 2007 ho-

1256 2031 1351 2062 nesta
1369 2030 1403 2061 et
1416 2028 1502 2060 bona
1518 2027 1707 2070 procuratio
1724 2030 1826 2069 atque
1842 2026 1983 2059 instutio
2000 2028 2063 2066 est,
2080 2036 2157 2069 quae
2176 2028 2314 2068 idoneis,

1257 2081 1291 2114 id
1303 2081 1372 2120 osv,
1393 2080 1507 2123 probis
1525 2080 1669 2114 ethonis
1695 2079 1824 2121 legibus
1846 2079 2051 2113 continetur.

1298 2140 1364 2174 Sed
1383 2142 1498 2172 utrum
1530 2139 1662 2182 scriptae
1685 2139 1751 2172 sint
1774 2139 1873 2181 leges,
1897 2149 1939 2172 an
1972 2149 2037 2172 non
2064 2140 2207 2183 scriptae,
2229 2142 2312 2176 nihil

1255 2191 1383 2238 refert:
1409 2201 1516 2235 neque
1550 2201 1631 2225 num
1662 2192 1761 2224 multi
1786 2191 2018 2231 instituantur,
2047 2202 2088 2225 an
2125 2203 2212 2226 unus
2238 2203 2316 2227 eru-

1256 2245 1379 2284 diatur,
1408 2245 1595 2288 quidquam
1615 2243 1818 2278 differentiae
1838 2244 1968 2287 legibus
1991 2243 2091 2278 affert
2113 2258 2120 2276 :
2152 2247 2316 2288 quemad-

1255 2299 1393 2332 modum
1415 2298 1448 2330 in
1474 2298 1600 2331 musica
1617 2299 1650 2331 et
1665 2299 1871 2341 gymnastica
1888 2301 1960 2333 arte
1982 2301 2016 2332 et
2034 2301 2166 2334 caeteris
2194 2302 2316 2336 studiis

1256 2349 1366 2382 evenit
1392 2361 1399 2380 :
1426 2357 1503 2391 quae
1523 2349 1611 2381 enim
1642 2359 1747 2382 unum
1775 2348 1810 2382 in
1826 2349 1890 2383 hoc
1921 2359 2039 2391 genere
2061 2360 2215 2385 exercere
2238 2362 2314 2395 pos-

1253 2403 1343 2439 sunt,
1367 2402 1506 2443 possunt
1526 2403 1560 2433 et
1576 2400 1713 2440 multos,
1731 2402 1765 2433 et
1793 2400 1918 2443 quibus
1939 2410 2026 2433 unus
2047 2401 2189 2435 evadere
2208 2404 2314 2435 musi-

1254 2461 1313 2484 cus
1331 2453 1453 2494 potest,
1476 2450 1518 2483 iis
1533 2450 1615 2482 nihil
1633 2450 1756 2489 obstat,
1780 2450 1861 2493 quin
1887 2451 1985 2483 multi
2009 2450 2150 2483 evadere
2176 2455 2313 2494 queant,

1253 2504 1287 2534 et
1311 2503 1435 2534 contra.
1454 2502 1571 2542 Itaque
1598 2500 1681 2532 nihil
1704 2500 1827 2540 obstat,
1856 2501 2035 2542 quominus
2058 2500 2114 2533 ille
2131 2501 2191 2544 qui
2215 2511 2314 2534 unam

1253 2552 1414 2585 familiam
1451 2550 1618 2593 componit
1645 2552 1680 2583 et
1706 2551 1801 2593 regit,
1830 2553 1889 2584 aut
1916 2551 1975 2593 qui
2007 2561 2110 2584 unum
2146 2552 2313 2585 hominem

1252 2603 1410 2644 instituit,
1437 2604 1525 2646 leges
1541 2613 1676 2646 quoque
1696 2602 1792 2641 serat,
1817 2611 2000 2645 earumque
2019 2600 2233 2634 ferendarum
2250 2612 2316 2636 non

1251 2657 1362 2690 minus
1381 2657 1510 2699 peritus
1527 2656 1582 2695 sit,
1608 2665 1710 2698 quam
1739 2655 1796 2697 qui
1822 2656 1927 2687 totam
1952 2653 2192 2696 rempublicam
2223 2663 2314 2687 com-

1253 2710 1345 2752 ponit
1366 2712 1424 2741 aut
1438 2710 1569 2750 gentem
1585 2707 1790 2740 moderatur.
1804 2708 1887 2739 Nam
1910 2706 2197 2749 quemadmodum
2223 2707 2256 2739 in
2272 2707 2323 2739 ci-

1254 2762 1414 2794 vitatibus
1438 2761 1593 2793 instituta
1612 2760 1692 2792 vitae
1716 2761 1750 2792 et
1771 2768 1882 2791 mores
1898 2758 2022 2797 valent,
2051 2758 2098 2790 sic
2124 2758 2157 2790 in
2176 2768 2241 2791 una
2262 2759 2312 2791 fa-

1252 2815 1343 2847 milia
1356 2813 1462 2846 oratio
1483 2816 1620 2855 paterna
1648 2814 1682 2844 et
1711 2820 1831 2850 mores,
1856 2810 1981 2853 quibus
2002 2812 2130 2853 patrem
2155 2810 2315 2845 delectari

1251 2867 1465 2902 manifestum
1485 2869 1548 2906 est,
1564 2876 1721 2909 magnum
1735 2865 1824 2908 apud
1839 2864 1962 2898 liberos
1975 2864 2188 2907 reliquosque
2212 2864 2310 2914 fami-

1252 2922 1350 2955 liares
1380 2922 1504 2954 habent
1523 2921 1663 2964 pondus,
1688 2919 1860 2963 multoque
1887 2918 1992 2960 magis
2023 2920 2157 2960 propter
2185 2919 2312 2959 generis

1252 2976 1524 3009 communitatem
1548 2977 1582 3008 et
1613 2973 1773 3008 beneficia
1795 2986 1803 3006 :
1838 2973 1995 3006 nimirum
2026 2974 2199 3014 propterea
2224 2974 2318 3013 patre

1252 3029 1536 3063 benevolentiores
1570 3029 1629 3062 filii
1664 3030 1753 3067 sunt,
1787 3037 1889 3070 quam
1930 3027 2020 3059 cives
2053 3026 2161 3067 legum
2199 3026 2308 3058 latori.

1253 3084 1415 3123 Quocirca
1449 3082 1580 3115 facilius
1615 3081 1787 3115 ducuntur
1814 3080 1986 3122 magisque
2012 3078 2141 3119 legibus
2176 3080 2306 3119 parent,

1252 3136 1382 3169 etiamsi
1407 3135 1531 3177 alioqui
1560 3144 1624 3167 non
1649 3134 1817 3171 obediant,
1844 3133 1923 3176 quia
1944 3131 2127 3164 naturalem
2162 3130 2308 3172 aliquam

1252 3187 1514 3221 benevolentiam
1534 3188 1568 3219 et
1585 3195 1732 3219 amorem
1750 3186 1792 3219 ab
1814 3185 1907 3218 initio
1937 3183 2082 3216 afferunt
2113 3194 2119 3213 :
2149 3185 2309 3223 praeterea

1252 3241 1476 3274 accuratiores
1491 3248 1592 3282 quam
1610 3238 1753 3281 publicae
1770 3238 1857 3279 leges
1876 3239 1970 3269 erunt
1995 3236 2146 3277 privatam
2168 3234 2308 3277 ideoque

1251 3294 1356 3335 magis
1383 3294 1535 3335 prosunt,
1560 3291 1845 3335 quemadmodum
1865 3292 1899 3323 et
1924 3289 1956 3321 in
1996 3288 2159 3321 medicina
2184 3297 2218 3320 se
2257 3297 2309 3320 res

180 3421 200 3439 *
222 3420 278 3455 Ἐν
301 3411 382 3466 μόνῃ
402 3421 439 3455 δὲ
462 3426 500 3463 τῆ
515 3421 790 3464 Λακεδαιμονίων
807 3420 898 3455 πόλει
914 3422 984 3455 κτλ,
1000 3419 1084 3443 —**
1108 3419 1344 3463 Γεγραμμένων
1364 3420 1403 3457 δ’,
1425 3420 1444 3458 ἢ
1462 3417 1627 3463 ἀγράφων,
1641 3418 1710 3449 κτλ,
