2508 3776
110 307 127 323 «
156 279 280 337 ffl
306 280 376 320 alit
397 293 556 332 quoque
586 281 806 321 Aristotelis
835 282 1070 334 interpretes
1102 294 1202 334 saepe

108 339 399 394 1322⁴fflerin½
419 342 502 392 ipse
521 349 648 379 autem
669 341 738 380 ille
755 341 1023 393 Tyrannionis
1043 342 1203 394 aequalis

110 392 488 452 Jssiffl'ge'nuinarum
515 402 819 453 spuriarumque
850 401 1110 453 scriptionum
1140 401 1204 439 di-

100 452 370 517 57-25311ietione
399 461 534 514 lapsus
572 461 634 500 sit.
668 461 744 500 Sed
779 461 982 500 videamus
1014 461 1057 500 id
1097 461 1204 513 quod

30 515 34 519 ”
139 512 321 561 ΔἺῧὲέίιιιιε
352 532 434 559 rem
482 532 718 571 causamque
760 520 947 560 continet.
988 519 1204 559 Aristotelis

147 574 276 620 “rba
292 587 385 618 sunt
406 593 415 618 ε
437 578 581 632 λέγεται
603 578 641 618 δὲ
657 578 739 631 περὶ
759 580 869 626 αὐτῆς
885 578 945 617 καὶ
976 580 1011 618 ἐν
1026 584 1098 624 τοῖς
1116 578 1203 624 ἔξω·

99 646 106 678 “.
147 637 432 692 τέ’ρικοῖςὶλόγοις
451 637 651 693 ἀρκούντως
678 637 770 677 ἔνια·
801 638 863 677 καὶ
883 638 1058 692 χρηστέον
1088 640 1204 684 αὐτοῖς

102 700 105 701 ’
148 699 181 742 i.
199 702 238 742 e:
265 699 316 740 de
325 699 463 740 ‘auimo
480 710 578 738 vero
599 699 713 737 etiam
735 698 779 737 in
800 699 1008 738 exotericis
1030 699 1203 751 disputa-

88 762 90 766 '
152 755 330 799 tionibus
361 754 557 798 nonnulla
576 757 669 798 satis
699 757 861 810 copiose
881 757 1092 807 dicuntur3
1111 759 1202 810 qui-

0 843 2 852 =
148 814 434 875 b‘u’S‘tit'endum
466 826 538 857 est.
571 817 668 864 Quae
695 817 753 856 sic
771 817 960 884 ex‘primit
982 817 1201 870 paraphra-

140 879 228 921 sm
242 875 363 931 ’τπερὶ
383 877 500 931 ψυχῆς
515 876 631 917 τοίνυν
647 877 686 915 οὗ
720 876 825 928 μόνον
843 877 878 916 ἐν
895 876 1173 930 συγγράμμασιν
1188 908 1199 928 ,

146 932 337 975 ἃλᾶκαὶ
349 934 422 976 ἀπὸ
453 935 629 987 στόματος
643 935 730 989 πρὸς
747 935 825 981 τοὺς
841 936 1117 990 ἐντυγχάνοντας
1134 938 1204 991 ἅρ-

88 987 124 1034 ‘5³1
146 991 301 1043 uena<
321 994 468 1048 εἴπομεν
485 994 581 1034 ἔνια·
610 995 672 1035 καὶ
696 993 871 1050 χρηστέον
901 997 1015 1041 αὐτοῖς
1046 997 1072 1037 i.
1097 1011 1131 1039 e.
1166 1007 1204 1038 at

80 1065 101 1086 ÷·
147 1052 351 1111 &ianime
370 1068 453 1096 non
472 1055 602 1095 solum
624 1056 667 1095 in
689 1055 849 1108 scriptis
863 1084 874 1104 ,
895 1055 964 1094 sed
980 1057 1099 1095 etiam
1120 1070 1203 1096 me-

75 1112 98 1170 ''*
147 1114 315 1154 moriter
343 1115 451 1168 apud
477 1115 678 1155 auditores
706 1124 863 1155 nostros
887 1116 1081 1155 nonnulla
1111 1117 1204 1156 satis

87 1175 90 1178 ’
149 1174 312 1228 copiose
343 1175 544 1226 diximus3
567 1175 715 1228 quibus
735 1176 805 1228 qui
823 1177 960 1216 volent
991 1178 1064 1216 hac
1097 1179 1138 1215 in
1162 1190 1205 1216 re

150 1241 324 1282 tumtur.
342 1235 576 1288 Refragatur
589 1236 686 1276 huic
702 1237 958 1290 explicationi
975 1237 1203 1284 Salmasius,

148 1292 284 1348 aitque
301 1295 419 1336 talem
438 1296 701 1350 paraphrasin
721 1311 801 1336 non
819 1311 904 1338 esse
925 1297 1072 1336 veteris
1092 1297 1205 1336 Peri·

126 1354 330 1407 patetici,
351 1356 422 1408 qui
442 1357 558 1396 aliter
573 1357 622 1395 de
649 1356 769 1396 libris
788 1357 993 1397 esotericis
1014 1365 1053 1396 et
1073 1366 1204 1396 exote-

147 1408 244 1454 §reis
262 1415 367 1469 apud
381 1414 553 1456 Gellium
571 1414 652 1470 (38)
670 1416 914 1458 disseruerit.
933 1417 1062 1462 Quum
1079 1426 1207 1456 autem

148 1473 352 1515 dubitetur
371 1489 396 1515 a
413 1476 518 1515 'viris
537 1476 684 1522 doctis,
711 1483 854 1515 utrum·
866 1475 992 1526 λόγους
1013 1476 1206 1516 Aristote-

82 1535 87 1583 ῥ’
151 1533 210 1574 les
242 1533 371 1575 libros
402 1548 488 1574 esse
528 1535 654 1584 velit,
706 1545 750 1574 ut
788 1535 1013 1574 Herodotus
1054 1534 1127 1575 lib.
1160 1536 1206 1584 V,

55 1594 75 1623 f
172 1598 185 1642 Ϊ
225 1596 246 1634 ’.’
266 1592 316 1633 36
337 1602 376 1634 et
404 1593 627 1647 Xenophon
647 1593 777 1635 Anah.
801 1593 876 1632 lib.
908 1593 946 1632 11
964 1607 1051 1646 cap.
1084 1609 1100 1632 1
1116 1625 1126 1643 ‚
1158 1607 1207 1633 an

147 1604 456 1707 Quintianus,
474 1652 599 1692 verba
615 1662 654 1692 et
675 1666 879 1692 sermones
899 1668 908 1692 :
932 1654 1206 1693 Andronicum

150 1711 257 1767 upjid
273 1708 452 1754 Gellium
478 1713 602 1752 secuti
620 1726 758 1752 vocem
782 1714 898 1752 istam
920 1713 1205 1765 interpretabi-

54 1804 82 1814 fl
121 1792 127 1797 ⁴
150 1771 321 1818 munde
345 1771 672 1826 praelectionibus
704 1773 996 1826 pomeridianis
1018 1773 1068 1812 ad
1100 1787 1206 1812 com-

153 1830 275 1872 fiune
294 1832 298 1842 '
308 1830 508 1885 judicium
546 1832 861 1885 popularemque
903 1832 1207 1883 intelligentiam

150 1889 453 1933 aemmodatis
474 1891 572 1944 (39).
608 1891 806 1931 Nimirum
829 1890 972 1930 licebat
1005 1891 1208 1931 Aristoteli

151 1949 409 2004 §emptionem
423 1951 637 2004 praelegere
656 1952 699 1992 in
722 1951 875 1998 schola,
898 1951 952 1989 ita
965 1959 1010 1989 ut.
1027 1951 1203 2003 frequen-

150 2005 382 2062 ter‘aliquid
401 2010 451 2049 ad
469 2023 551 2049 rem
572 2018 801 2062 praesentem
820 2018 993 2061 aptatum
1015 2009 1148 2049 subito
1164 2023 1209 2049 ac

150 2068 384 2108 memoriter
409 2068 584 2109 adderet.
602 2068 664 2107 Ita
682 2068 783 2107 nihil
805 2068 893 2107 falsi
916 2067 1033 2106 habet
1049 2068 1123 2107 ista
1141 2081 1208 2108 ex-

149 2127 325 2181 ptmtio
335 2157 348 2176 ,
363 2140 600 2181 quamquam
615 2128 892 2181 paraphrastes
910 2127 977 2166 hic
994 2141 1074 2166 non
1088 2136 1207 2167 totam

151 2185 341 2226 dictionis
361 2187 610 2226 Aristotelem
628 2188 708 2226 vim
731 2188 938 2239 expressit.
964 2187 1092 2226 Pauca
1111 2202 1208 2240 prae-

151 2254 261 2286 terea
274 2258 364 2299 quae
378 2246 597 2286 Salmasius
619 2246 700 2299 (4ο)
717 2246 837 2299 hujus
857 2247 1113 2298 paraphrasis
1131 2261 1208 2287 au-

82 2302 83 2305 *
151 2306 254 2346 etot-i
277 2301 462 2358 (anquam
485 2318 623 2358 parum
648 2306 858 2356 diligenter
884 2307 1080 2356 explicata
1099 2307 1206 2359 obji-

151 2364 230 2418 οὶῑῑ,
252 2372 563 2405 commemorare
592 2379 674 2404 non
698 2364 807 2404 libet.
832 2365 885 2403 Ut
904 2366 1011 2404 enim
1043 2367 1207 2406 omnino

151 2423 335 2465 homiues
353 2423 544 2463 doctrinae
574 2424 718 2463 studiis
738 2424 861 2463 dediti
895 2439 975 2463 non
997 2426 1068 2464 uni
1087 2426 1208 2466 alicui

150 2493 259 2529 certo
273 2497 316 2526 se
331 2483 537 2532 addicunt,
557 2484 625 2524 sed
642 2484 777 2524 multis
795 2493 956 2523 utuntur
976 2486 1174 2536 magistris
1195 2501 1204 2524 ι

149 2542 452 2584 itaEthicomm
470 2543 823 2583 Nicomacheorum
843 2543 969 2584 libros
990 2545 1209 2595 legentibus

134 2673 312 2725 4(Q·8),Yid.
329 2674 406 2708 adn.
421 2678 441 2709 3
455 2677 490 2710 et
501 2678 533 2709 4.
548 2693 590 2700 —
603 2677 669 2718 (39)
682 2677 806 2709 Parum
821 2677 975 2709 accurate
989 2677 1202 2712 Eustratius:

150 2725 217 2766 τῷν
236 2721 505 2767 Ἀριστοτελικῶν
521 2724 788 2768 συγγραμμάτων
809 2725 852 2756 τὰ
865 2725 922 2766 μὲν
947 2725 1028 2768 πρὸς
1041 2725 1115 2763 τοὺς
1139 2737 1212 2758 κοι-

148 2767 215 2810 νῖκ
230 2771 461 2816 ἀκροωμένους
482 2776 539 2812 τῆς
554 2773 657 2806 αὐτοῦ
671 2772 880 2810 διδασκαλίας
897 2773 1067 2806 ἐκδέδοται
1084 2773 1117 2806 ἐν
1139 2776 1210 2805 ταῖς

87 2814 98 2824 ‘
149 2814 277 2859 κριναῖς
295 2819 476 2863 διατριὸαἵς
497 2820 796 2863 ἀναγινωσκόμενα
818 2821 875 2853 καὶ
896 2821 977 2863 πρὸς
1004 2820 1080 2858 τοὺς
1106 2820 1206 2854 αὐτοῦ

151 2863 297 2906 μαθητὰς
325 2864 456 2907 ἂμέσως
480 2866 746 2908 διασαφούμενα·
774 2866 816 2898 τὰ
846 2866 881 2898 δὲ
920 2867 994 2898 κατ’
1020 2865 1104 2898 ἰδίαν
1131 2865 1211 2909 πρός

114 2919 130 2922 “
144 2921 243 2949 τινας
257 2910 372 2949 ἔξωθεν
391 2913 670 2956 προσπεφώνηται
684 2913 825 2946 ἕκαστον
843 2914 953 2946 αὐτῶν
969 2914 1048 2956 πρὸς
1066 2913 1208 2946 ἕκαστον

72 2951 73 2954 “
111 2966 114 2968 ’
149 2956 218 3007 τῷν
235 2957 420 2999 ζητούντων
438 2962 509 2997 τοῖς
529 2961 739 3003 ζητουμένοις
757 2961 947 3005 πράγμασιν
972 2959 1100 2997 οἰκείως
1117 2960 1213 2993 ἐκτε-

149 3004 312 3053 Οξιμίνσν.
332 3004 467 3040 Ἐκεῖνα
482 3007 540 3050 μὲν
557 3007 613 3041 οὖν
633 3008 863 3052 ἀκροαματικὰ
881 3007 1110 3050 ὀνομαζόμενά
1125 3007 1208 3049 ἐστι,

150 3054 258 3096 ταῦτα
280 3052 317 3086 δὲ
333 3053 519 3098 ἐξωτερικά.
533 3071 578 3079 --
595 3054 663 3098 (40)
685 3055 868 3089 Salmasius
891 3055 934 3088 ad
960 3054 1155 3096 Epictetum
1178 3056 1211 3088 et

151 3097 359 3143 Simplicium
387 3110 460 3143 pag.
489 3104 561 3136 241.
597 3102 829 3145 —(41)Idem
850 3102 991 3144 scriptor
1018 3111 1059 3134 ex
1086 3101 1210 3134 Heinsii

150 3147 342 3186 recensione
355 3150 389 3182 et
404 3158 483 3182 cum
503 3150 606 3183 latina
619 3150 692 3192 ejus
706 3150 980 3193 interpretatione
993 3148 1147 3181 formulis
1160 3151 1209 3192 ty-

151 3193 360 3276 pograaggiicis
375 3195 539 3238 repetitus
561 3198 612 3231 est
626 3197 850 3240 Cantabrigiae
868 3207 898 3230 a.
939 3198 1018 3230 167¹.)
1034 3198 1067 3229 et
1090 3196 1211 3229 oxonii

153 3248 194 3274 aa
207 3243 223 3275 1
291 3267 299 3276 .

198 3286 266 3331 (41)
295 3289 487 3333 Simplicius
508 3291 544 3327 in
565 3293 580 3326 1
608 3292 651 3327 de
676 3293 760 3327 coelo
782 3293 838 3327 fol.
867 3295 918 3326 34.
954 3292 987 3325 h.
1008 3291 1078 3335 (cf.
1101 3291 1209 3325 Schol.

157 3335 258 3370 Arist.
289 3345 323 3380 p.
352 3340 426 3372 477.
455 3348 486 3372 a.
515 3343 552 3373 31
578 3341 630 3375 ed.
669 3341 846 3382 Brandis.)
876 3341 1106 3384 συνῃρημένως
1134 3341 1168 3374 δὲ
1194 3342 1211 3373 ὁ

159 3380 360 3428 Ἀλέξανδρος
371 3410 381 3426 ,
395 3387 440 3423 ὥς
452 3398 528 3429 φησι
542 3413 548 3426 ,
564 3389 650 3421 κατὰ
665 3390 721 3422 τὸν
738 3389 837 3422 αὐτοῦ
854 3389 1049 3422 διδάσκαλον
1073 3387 1213 3432 Ἀριστο-

154 3430 249 3471 τέλην
274 3431 363 3475 (leg.
393 3432 629 3477 Ἀριστοκλέα)
650 3437 774 3475 ἐξέθετο
804 3439 862 3477 τὴν
894 3437 1057 3475 ἀπόδειξιν
1083 3440 1141 3469 τοῦ
1168 3441 1207 3479 τῇ

154 3479 275 3515 κύκλου
290 3482 417 3521 κινήσει
437 3483 480 3524 μὴ
498 3483 580 3516 εἶναι
595 3484 746 3518 ἐναντίαν
764 3485 891 3525 κίνησιν
906 3510 915 3526 ,
932 3485 1011 3526 μηδὲ
1028 3487 1075 3527 τῷ
1092 3485 1212 3518 κυκλο-

455 190 524 230 DE
552 188 870 231 ARISTOTELE
900 188 1133 241 E'JUSQUE
1164 191 1451 234 DISCIPULIS
1483 194 1562 256 ET·
1581 193 2012 236 SUCCESSORlBUS.

1228 288 1240 364 I

2232 197 2312 236 299

1266 296 1346 321 non
1365 283 1519 334 ingrata
1537 285 1612 323 erit
1627 283 1747 336 hujus
1766 285 2019 338 paraphrasis
2043 298 2131 324 cum
2152 285 2242 325 aliis
2257 287 2314 324 in-

1267 342 1505 395 terpretibus
1559 345 1815 397 comparatio.
1858 345 2119 392 Quamobrem
2157 345 2316 396 dignam

1265 403 1375 452 duxi,
1393 417 1509 455 quam
1527 405 1680 443 collatis
1694 405 1968 456 superioribus
1980 405 2222 445 editionibus
2239 406 2316 459 (41)

1265 463 1503 513 recognitam
1541 472 1580 502 et
1611 464 1729 502 latine
1777 478 1928 504 versam
1966 464 2315 518 Peripateticorum

1266 521 1492 573 fragmentis
1512 522 1735 574 adjicerem.

1319 581 1516 634 Subjunxi
1532 583 1622 622 huic
1634 584 1878 636 antiquitatis
1894 594 2147 624 monumento
2164 586 2318 625 Andro·

1265 640 1345 679 nici
1367 641 1415 680 de
1449 643 1571 681 animi
1601 643 1878 683 affectionibus
1907 644 2113 695 libellum,
2135 660 2318 686 mancum

1265 700 1377 738 illum
1398 702 1554 752 quidem
1581 711 1698 754 atque
1718 717 1740 742 a
1767 702 1944 742 librariis
1977 705 2078 743 male
2110 705 2316 756 habitum,

1265 759 1332 798 sed
1353 773 1375 798 a
1395 761 1558 800 Daniele
1573 762 1738 801 Heinsio
1759 775 1807 801 ex
1827 763 1963 802 eodem
1986 764 2143 813 codice,
2163 767 2232 817 qui
2250 780 2319 819 pa-

1265 819 1473 870 raphrasin
1507 821 1701 870 continet,
1741 831 1856 873 atque
1889 836 1939 860 ex
1963 823 2050 862 aliis
2082 824 2320 876 quibusdam

1265 878 1532 929 membranis,
1568 890 1612 919 ut
1645 894 1732 920 mea
1761 881 1835 920 fert
1855 882 2019 935 opinio,
2049 883 2318 936 depromtum.

1265 939 1354 991 Ipse
1370 940 1473 978 enim
1494 940 1568 979 hac
1584 941 1632 979 de
1645 954 1687 979 re
1703 941 1804 981 silet.
1824 940 1906 980 Etsi
1928 954 2024 981 vero
2041 957 2166 983 novos
2185 944 2320 984 lectio·

1265 1013 1358 1038 num
1381 1000 1506 1040 fontes
1528 1003 1680 1053 aperire
1699 1000 1798 1038 mihi
1822 1013 1902 1039 non
1921 1004 2106 1054 contigit,
2129 1003 2171 1041 id
2193 1011 2322 1043 tamen

1266 1058 1421 1108 studui,
1446 1068 1491 1098 ut
1510 1060 1611 1099 hanc
1630 1059 2005 1112 disputatiunculam
2026 1062 2268 1101 emendatam
2286 1071 2324 1102 et

1266 1118 1388 1158 latine
1408 1119 1601 1159 redditam
1621 1120 1664 1158 in
1684 1119 1812 1158 lucem
1834 1132 2077 1161 revocarem.

1319 1181 1527 1217 Aristocles
1578 1178 1813 1227 Messenius,
1859 1177 2163 1230 Peripateticus,
2209 1194 2324 1233 quem

1269 1239 1483 1278 Alexandri
1517 1238 1844 1292 Aphrodisiensis
1883 1248 2168 1290 praeceptorem
2207 1241 2327 1280 fuisse

1268 1307 1458 1337 testantur
1490 1298 1719 1350 Simplicius
1740 1298 1818 1351 (41)
1846 1305 1885 1335 et
1913 1297 2090 1349 Cyrillus
2111 1299 2183 1339 lib.
2212 1299 2250 1338 Il
2283 1300 2326 1338 in
2362 1342 2364 1344 ,

1268 1358 1495 1405 Julianum,
1526 1357 1741 1410 publicatis
1773 1356 1959 1409 pluribus
1984 1358 2175 1410 operibus
2195 1359 2326 1398 incla-

1269 1417 1362 1456 ruit.
1385 1419 1494 1457 Inter
1524 1417 1610 1469 ejus
1631 1418 1779 1469 scripta
1799 1416 1873 1455 fuit
1902 1417 2090 1457 volumen
2113 1420 2213 1472 (42),
2248 1434 2327 1472 quo

1270 1476 1494 1528 quaerebat,
1525 1484 1656 1515 utrum
1678 1476 1874 1514 Homerus
1899 1489 1949 1515 an
1974 1477 2081 1516 Plato
2102 1488 2203 1518 esset
2223 1492 2327 1531 prae-

1269 1537 1435 1576 stantior
1475 1535 1649 1590 (πότερον
1682 1534 1955 1588 σπουδαιότερος
1982 1534 2191 1590 ”Ομηροςῆ
2223 1537 2327 1578 Πλά-

1269 1596 1378 1646 των).
1411 1595 1580 1647 Scripsit
1599 1608 1719 1646 porro
1746 1603 1869 1632 artem
1904 1594 2143 1634 rhetoricam
2172 1596 2328 1650 (τέχνας

1270 1652 1480 1707 ῥητορικάς)
1513 1662 1551 1692 et
1584 1654 1631 1692 de
1662 1653 1850 1706 Serapide
1877 1653 1987 1707 (περὶ
2023 1655 2248 1709 Σαράπιδος)
2274 1658 2328 1697 li-

1268 1713 1431 1754 bellum.
1463 1713 1574 1751 Adde
1597 1713 1730 1752 decem
1753 1713 1802 1751 de
1823 1713 2002 1754 moribus
2027 1715 2204 1769 (Ἤθικά)
2225 1718 2328 1756 toti-

1269 1773 1438 1824 demque
1457 1773 1506 1811 de
1525 1772 1782 1825 philosophia
1805 1772 1910 1825 (περὶ
1931 1774 2168 1828 φιλοσοφίας)
2185 1775 2326 1826 libros,

1269 1833 1310 1870 in
1325 1831 1470 1883 quibus
1486 1844 1621 1870 omnes
1633 1841 1883 1871 recensuerat
1901 1832 2162 1886 philosophos
2175 1847 2330 1875 eorum-

1269 1904 1346 1943 que
1365 1884 1530 1929 decreta‘
1539 1899 1767 1943 persecutus
1788 1900 1885 1931 erat.
1909 1891 2070 1932 Sextum
2099 1893 2243 1933 luorum
2275 1896 2330 1935 li-

1268 1951 1432 1990 brorum
1446 1951 1539 1990 citat
1559 1951 1699 1990 Suidas
1716 1965 1756 1991 v.
1773 1951 1946 2000 Σωτάδης
1961 1955 2058 2006 (43).
2079 1954 2138 1992 Ex
2155 1955 2327 2007 septimo

1270 2011 1485 2062 stragmenta
1505 2011 1682 2050 servavit
1700 2009 1893 2050 Eusebius
1924 2012 2054 2066 Praep.
2078 2013 2230 2064 Evang.
2254 2014 2327 2067 XI,

1270 2072 1310 2124 3,
1327 2071 1409 2120 XV,
1433 2086 1455 2110 2
1476 2080 1514 2110 et
1543 2078 1607 2118 14.
1624 2073 1684 2111 Ex
1704 2081 1843 2111 octavo
1860 2072 1964 2122 XIV,
1992 2089 2056 2124 17,
2084 2075 2148 2125 18,
2176 2089 2238 2125 19,
2259 2088 2326 2125 20,

1270 2146 1337 2180 21,
1360 2144 1448 2183 quae
1464 2131 1507 2170 in
1528 2131 1700 2170 medium
1729 2133 1878 2184 protuli
1901 2142 2019 2186 atque
2046 2134 2329 2188 interpretatus

1269 2205 1355 2230 sum
1376 2190 1474 2244 (44).

1323 2251 1437 2289 Alius
1455 2250 1663 2288 Aristoclis
1693 2250 1880 2290 videntur
1912 2252 2034 2291 fuisse
2053 2252 2282 2302 paradoxa,
2307 2267 2330 2293 e

1270 2310 1416 2362 quibus
1436 2310 1615 2349 Stobaeus
1637 2310 1722 2362 (45)
1745 2310 1851 2350 Flor.
1873 2311 1955 2360 LX,
1981 2318 2020 2359 4,
2048 2313 2095 2360 37
2120 2313 2252 2351 locum
2275 2314 2329 2351 af-

1272 2369 1357 2408 sert.
1380 2369 1574 2408 Praeterea
1593 2369 1673 2408 viri
1694 2370 1939 2421 cognominis
1957 2371 2132 2422 primum
2149 2371 2197 2409 de
2218 2385 2331 2424 repn-

1270 2427 1374 2467 blica
1407 2428 1798 2468 Lacedaemoniorum
1821 2431 2007 2469 volumen
2043 2431 2175 2470 laudat
2201 2431 2330 2470 Athe-

1270 2501 1378 2527 naeus
1401 2488 1480 2540 (46)
1507 2489 1558 2527 lv
1578 2503 1618 2542 p.
1646 2495 1736 2535 140.
1765 2489 1809 2530 Β.
1844 2492 1911 2542 qui
1933 2490 2050 2529 etium
2074 2489 2216 2529 musici
2243 2491 2325 2542 (47)

1270 2549 1404 2587 nescio
1440 2549 1552 2601 cujus
1582 2562 1603 2588 e
1623 2551 1952 2589 commentatione
1975 2550 2024 2588 de
2053 2549 2185 2588 choris
2213 2562 2330 2601 caput

1271 2680 1437 2722 φορητικῷ
1453 2681 1582 2721 σώματι
1603 2679 1763 2712 ἐναντίαν.
1780 2695 1823 2703 ·-
1839 2679 1902 2721 (42)
1922 2678 2042 2712 suidas
2052 2688 2085 2712 v.
2110 2678 2326 2722 Ἀριστοκλῆς.

1272 2744 1314 2750 -
1327 2729 1394 2767 (43)
1415 2727 1537 2760 Suidas
1553 2737 1584 2761 v.
1607 2728 1758 2767 Σωτάδης
1782 2727 1830 2760 sic
1844 2741 1853 2761 z
1869 2728 2041 2769 Σωτάδης,
2064 2728 2256 2767 Βυζάντιος,
2272 2738 2325 2779 ρι-

1271 2769 1427 2811 λόσοφος,
1461 2771 1504 2806 ὥς
1532 2781 1628 2812 φησιν
1665 2769 1870 2813 Ἀριστοκλῆς
1893 2770 1925 2802 ἐν
1957 2773 2004 2811 τῷ
2035 2770 2110 2813 περὶ
2141 2770 2329 2811 φιλοσοφιας

1272 2815 1370 2858 ἕκτῳ.
1395 2833 1437 2839 -
1452 2815 1517 2858 (44)
1530 2817 1583 2848 Ex
1599 2815 1715 2850 eodem
1731 2825 1831 2859 opere
1842 2842 1850 2855 ,
1865 2816 1901 2849 ni
1917 2815 2026 2855 fallor,
2042 2815 2181 2849 Proclus
2193 2815 2326 2849 ixi-Tim.

1271 2872 1303 2905 p.
1331 2866 1359 2896 7.
1379 2873 1409 2896 a.
1442 2864 1496 2906 (p.
1531 2866 1569 2897 14
1587 2863 1639 2897 ed.
1671 2863 1890 2905 Schneider.)
1914 2864 1988 2897 haec
2014 2863 2112 2906 petiit
2135 2864 2246 2897 ιοῦτω
2264 2865 2327 2908 γὰρ

1278 2911 1483 2955 Ἀριστοκλῆς
1502 2913 1742 2952 κατασκευάζει
1771 2914 1955 2953 Θεαίτητον
1986 2914 2070 2946 εἶναι
2099 2913 2156 2945 τὸν
2187 2913 2327 2945 ἀπόντα.

1272 2978 1314 2983 -
1328 2960 1393 3001 (45)
1414 2959 1569 2994 Stobaeus
1580 2960 1668 2995 Flor.
1691 2962 1757 3000 Lx,
1775 2964 1805 3000 4,
1835 2964 1874 2994 37
1900 2960 2142 3005 Ἀριστοκλέους
2160 2961 2192 2993 ἐν
2211 2959 2248 3003 β’
2263 2970 2328 2992 πα-

1273 3007 1414 3051 ραδόξων
1435 3007 1499 3047 (cf.
1519 3008 1688 3043 Plutarch.
1702 3008 1818 3043 Moral.
1837 3017 1869 3050 p.
1886 3011 1956 3040 312.
1975 3008 2025 3047 e.)
2047 3007 2059 3050 [
2076 3005 2326 3051 Ἀριστώνυμος]

1277 3054 1426 3097 Ἐφέσιος
1442 3059 1490 3096 τῷ
1502 3057 1588 3099 γένει
1605 3058 1735 3095 νεανίας
1751 3057 1818 3089 τῶν
1839 3056 2009 3098 ἐπισήμων
2023 3080 2032 3095 ,
2049 3056 2115 3093 υἱὸς
2134 3054 2327 3098 Δημοστρά-

1272 3114 1349 3143 του,
1373 3106 1445 3140 ταῖς
1464 3105 1491 3136 δ’
1511 3104 1672 3143 ἀληθείαις
1691 3103 1828 3149 Ἄρεως·
1851 3104 1945 3141 οὗτος
1964 3104 2002 3136 τὸ
2019 3104 2094 3143 θῆλυ
2115 3103 2220 3146 μισῶν
2236 3103 2329 3144 γένος

1272 3152 1389 3189 νυκτὸς
1405 3151 1536 3194 βαθείας
1556 3153 1600 3190 εἶς
1619 3152 1677 3190 τὰς
1697 3153 1851 3195 πατρῴας
1870 3151 2000 3194 ἔτρεχεν
2023 3151 2158 3193 ἀγέλας,
2179 3150 2235 3183 καὶ
2262 3151 2327 3192 ὄνῳ

1273 3200 1464 3241 συνεγένετο
1493 3200 1614 3244 Θηλείᾳ.
1647 3199 1688 3233 Ἦ
1723 3201 1757 3233 δὲ
1780 3200 1891 3242 ἔγκυος
1915 3199 2074 3241 γενομένη
2105 3198 2197 3231 ἔτεκε
2228 3197 2328 3240 κόρην

1275 3247 1504 3287 εὐειδεστάτην
1531 3246 1746 3281 Ὀνοσκελίδα
1762 3248 1909 3290 τοῦνομα
1922 3273 1930 3287 ,
1950 3248 2009 3286 τὴν
2029 3245 2251 3289 προσηγορίαν
2269 3246 2328 3277 λα-

1273 3295 1396 3327 ὅοῦσαν
1427 3295 1492 3328 ἀπὸ
1530 3299 1589 3328 τοῦ
1622 3297 1879 3338 συμπτώματος.
1907 3313 1950 3318 -
1975 3294 2038 3335 (46)
2073 3293 2252 3325 Athenaeus
2279 3293 2327 3324 lv

1273 3351 1304 3384 p.
1323 3345 1393 3375 140.
1408 3344 1446 3376 Β.
1464 3346 1508 3380 ὡς
1526 3345 1691 3387 Περσαῖος
1707 3346 1836 3388 ἱστορεῖ
1851 3343 1884 3375 ἐν
1909 3346 1948 3385 τῇ
1966 3344 2143 3382 Λακωνικῇ
2162 3339 2323 3384 πολιτείᾳ,

1272 3391 1328 3422 καὶ
1357 3390 1590 3433 Διοσκουρίδης
1616 3391 1648 3423 ἐν
1669 3391 1812 3434 δευτέρῳ
1831 3390 2012 3428 πολιτείας,
2035 3389 2090 3421 καὶ
2123 3387 2327 3431 Ἀριστοκλῆς

1273 3437 1306 3468 ἐν
1336 3439 1383 3478 τῷ
1411 3437 1563 3481 προτέρῳ
1596 3438 1651 3470 καὶ
1678 3437 1770 3474 οὗτος
1798 3441 1853 3476 τῆς
1883 3437 2052 3468 Λακώνων
2081 3433 2256 3471 πολιτείας.
2282 3449 2326 3458 --

1273 3483 1339 3527 (47)
1350 3484 1527 3518 Athenaeus
1539 3486 1583 3517 lv
1597 3495 1629 3527 p.
1648 3487 1716 3518 174.
1730 3485 1765 3519 G.
1778 3487 1905 3527 ἱστορεῖ
1919 3485 1952 3517 δὲ
1964 3486 2062 3529 *rosato
2077 3481 2278 3527 Ἀριστοκλῆς
2289 3482 2324 3515 ἐν
