2508 3776
659 139 965 182 ETHICORUM
993 140 1448 186 NICOMACHEORUM
1478 145 1857 189 PARAPHRASIS.

98 259 121 282 ,Ι
197 223 342 268 1³¹5&st
359 224 490 264 τούτων
519 228 543 274 ἡ
563 226 721 281 κυρίωςὸ
751 228 792 267 οὗ
824 227 957 283 γίνεται
986 229 1067 269 ἄνευ
1089 229 1222 284 φρονή-

112 312 113 315 ¹
171 298 275 329 flm-

90 355 95 363 ”
134 361 144 381 2
178 360 198 386 ..ᾖ
215 333 413 397 &Andre-p
431 345 520 397 φασὶ
541 345 660 391 πάσας
683 346 746 393 τὰς
766 347 892 403 ἀρετὰς
911 347 1096 402 φρονήσεις
1113 344 1216 389 εἶναι.

88 381 169 403 ,7.

102 437 108 441 .
126 401 287 450 aa*
303 403 375 444 Καὶ
388 405 584 458 Σωκράτης
596 408 710 461 τούτῳ
729 411 780 461 τῷ
799 408 894 461 λόγῳ
910 411 1078 461 στοιχῶν,
1091 408 1141 457 πὴ
1156 410 1220 459 μὲν

25 452 30 498 ζ
52 491 61 494 -
121 456 280 519 <m
299 457 405 518 ε’ἷχεΙι
425 466 475 513 πὴ
500 466 536 505 δὲ
556 467 799 521 ἡμάρτανεν·ι
829 467 883 507 ὅτι
915 468 978 520 μὲν
996 469 1065 522 γὰρ
1095 469 1221 524 φρονή·

61 525 68 529 “
111 528 243 571 *qim
259 521 351 578 ᾤετο
371 517 461 565 εἶναι
475 525 536 571 τὰς
549 528 676 580 ἀρετὰς
691 526 855 576 ἁπάσας,
875 527 1094 581 ἡμάρτανεν·
1114 530 1168 570 ὅτι
1183 529 1219 569 δὲ

108 597 121 635 s
132 581 230 628 ἶζῇοὖκ
245 582 328 624 ἄνευ
348 585 571 640 φρονήσεως,
589 589 706 632 καλῶς
725 586 839 639 ἔλεγε.

219 641 470 698 ΜΣημεῑον
480 646 532 689 84:
551 646 612 687 καὶ
619 645 687 700 γὰρ
704 649 762 686 νῦν
775 645 921 695 πάντες,
934 645 1018 686 ὅταν
1033 647 1215 702 ὁρίζωνται

99 696 107 722 ³,
165 700 231 751 τὴν
250 703 403 757 ἀρετήν,
431 704 585 750 εἰπόντες
606 705 716 752 αὖτὴν
745 704 817 750 ἕξιν
830 735 842 754 ,
866 707 927 744 καὶ
948 707 1028 759 περὶ
1055 708 1134 746 τίνα
1154 723 1219 746 κα-

94 766 98 767 ’
165 761 368 816 ταγίνιται,
390 763 619 818 προστιθέασι
635 764 695 804 καὶ
717 763 809 804 κατὰ
821 764 882 803 τὸν
899 766 1000 819 ὀρθὸν
1020 765 1135 818 λόγον·
1158 769 1219 819 ὀρ-

165 820 222 867 θὸς
241 821 280 865 δὲ
297 821 398 875 λόγος
412 826 432 863 ὁ
450 822 544 862 κατὰ
573 821 636 871 τὴν
661 823 844 878 φρόνησιν·
878 824 1041 878 φαίνεται
1060 825 1129 879 ἄρα
1163 826 1214 877 μὴ

166 878 337 922 δύνασθαι
355 875 446 921 εἶναι
471 881 599 935 ἀρετὴν
621 883 704 922 ἄνευ
724 882 942 936 φρονήσεως.

182 975 184 978 .
217 938 325 966 ”⁸²⁸¹
342 937 427 982 'Eu
443 940 500 990 δέ,
515 942 556 981 οὗ
573 941 678 993 μόνον
696 942 787 981 κατὰ
801 942 860 982 τὸν
874 942 975 995 ὀρθὸν
990 942 1093 994 λόγον
1108 941 1175 989 ἕξις
1194 945 1216 990 ἡ

162 997 271 1054 ὁρατὴ
286 998 455 1059 λέγεται,
477 999 571 1040 ἀλλὰ
595 1001 656 1042 καὶ
676 1001 766 1052 μετὰ
790 1005 851 1045 τοῦ
872 1003 974 1055 ὀρθοῦ
1001 1001 1119 1054 λόγου·
1141 1003 1159 1040 ὁ
1180 1000 1216 1041 δὲ

134 1086 138 1087 ⁷
160 1057 244 1112 ,περὶ
258 1060 329 1099 τῶν
348 1058 514 1100 τοιούτων
538 1061 630 1116 ὀρθὸς
645 1060 747 1113 λόγος
760 1091 770 1111 ,
795 1064 819 1109 ἡ
842 1061 1009 1115 φρόνησίς
1027 1062 1134 1101 ἐστιν.

90 1118 94 1120 ἡ
213 1116 341 1156 m
355 1118 402 1160 ‘O
410 1118 474 1172 μὶν
487 1119 556 1174 γὰρ
568 1121 763 1174 Σωκράτης
777 1121 898 1174 λόγους
917 1121 978 1166 τὰς
992 1120 1118 1175 ἀρετὰς
1128 1119 1218 1175 ᾤετο

161 1171 273 1227 εἶναι,
300 1177 420 1223 πάσας
446 1177 517 1232 γὰρ
545 1180 745 1232 ἐπιστήμας
764 1181 882 1234 ἔλεγεν
905 1174 1008 1220 εἶναι·
1044 1181 1147 1232 ἡμεῖς
1178 1179 1215 1219 δὲ

160 1235 248 1283 ἕξεις
278 1235 371 1289 μετὰ
403 1236 521 1290 λόγου·
546 1237 587 1278 τὸ
617 1238 686 1294 γὰρ
717 1239 810 1280 κατὰ
841 1240 944 1293 λόγον
975 1239 1130 1293 διαφέρει
1149 1243 1210 1278 τοῦ

158 1294 253 1348 μετὰ
269 1297 388 1350 λόγου·
405 1295 500 1338 κατὰ
519 1298 622 1350 λόγον
638 1298 708 1353 γάρ
730 1315 782 1344 τις
801 1300 896 1339 ποιεῖ
923 1315 980 1348 τι,
1013 1299 1074 1338 καὶ
1094 1298 1214 1351 ἐτέρου

158 1360 358 1407 κινοῦντος,
382 1356 444 1396 καὶ
464 1355 504 1396 τὸ
534 1357 633 1403 τέλος
653 1362 864 1404 σκοποῦντος
879 1380 893 1407 ,·
911 1357 1033 1411 ὥσπερ
1061 1361 1084 1405 ἡ
1113 1360 1215 1412 φύσις

158 1414 254 1456 κατὰ
275 1415 380 1469 λόγον
402 1421 508 1456 ποιεῖ·
531 1416 623 1467 μετὰ
648 1417 755 1471 λόγου
789 1419 846 1468 δέ,
881 1417 964 1459 ὅταν
988 1418 1092 1462 αὐτὸς
1115 1418 1214 1464 εἰδὼς

158 1473 300 1530 πράττῃ
313 1504 326 1524 ,
349 1475 409 1516 καὶ
428 1475 468 1515 τὸ
488 1476 588 1522 τέλος
611 1481 756 1518 σκοπῶν
784 1477 883 1517 κατόι
902 1477 1004 1530 λόγον
1032 1480 1133 1530 ποιῇ·
1155 1479 1213 1519 διὰ

56 1569 58 1572 .
156 1537 260 1575 τοῦτο
273 1535 328 1575 δεῖ
343 1538 575 1590 προσκεῖσθαι
595 1539 647 1591 τῷ
666 1537 760 1577 κατὰ
786 1537 890 1590 λόγον
909 1537 950 1577 τὸ
978 1537 1070 1588 μετὰ
1090 1538 1212 1591 λόγου·

156 1593 257 1647 λόγος
276 1593 316 1634 δι’
334 1596 430 1634 ἔστιν
450 1598 473 1643 ἡ
495 1595 661 1649 φρόνησις
678 1595 795 1641 καθὼς
812 1597 966 1650 εἴρηται.

208 1650 350 1676 m
377 1656 495 1702 Δῆλον
524 1655 639 1694 τοίνυν
659 1657 700 1695 ἐκ
727 1658 796 1695 τῶν
826 1655 1040 1709 εἰρημένων,
1069 1655 1122 1695 ὅτι
1148 1658 1215 1711 οὖχ

67 1715 98 1766 ξ’]
154 1705 227 1755 οἷόν
239 1729 278 1754 τι
291 1713 426 1766 ἀγαθὴν
445 1707 536 1754 εἶναι
553 1714 682 1768 κυρίως
702 1714 766 1764 τὴν
786 1715 855 1762 ἕξιν
877 1715 959 1755 ἄνευ
983 1715 1183 1770 φρονήσεως
1198 1749 1209 1768 ,

155 1771 235 1813 οῦδὲ
254 1773 423 1828 φρόνησιν
445 1773 529 1814 ἄνευ
551 1775 695 1826 ἀρετῆς.

54 1827 59 1831 ’
99 1840 101 1842 ’
207 1830 379 1858 *Μ*
390 1832 577 1875 Ἐντεῦθεν
593 1833 628 1874 δὲ
636 1834 747 1874 λύοιτ’
763 1834 804 1874 ἂν
818 1834 879 1873 καὶ
889 1833 978 1878 εἴτις
992 1835 1031 1874 ἐκ
1038 1838 1100 1875 τοῦ
1112 1836 1210 1875 ἕναν·

153 1891 230 1934 τίον
246 1891 349 1946 λόγος
366 1892 554 1946 εἶσάγοιτο”
577 1894 673 1933 δοκεῖ
695 1894 764 1947 γὰρ
783 1894 928 1934 δυνατὸν
959 1888 1049 1934 εἶναι
1064 1895 1211 1948 χωρίζε-

153 1954 236 1993 σθαι
253 1951 319 2001 τὴν
337 1951 504 2007 φρόνησιν
524 1956 588 2001 τῆς
608 1955 732 2001 ἠθικῆς
762 1955 899 2006 ἀρετῆς·
923 1955 960 1993 οὖ
982 1954 1051 2009 γὰρ
1068 1957 1086 1994 ὁ
1107 1956 1210 2000 αὐτὸς

152 2010 262 2056 ὀῦτως
281 2012 415 2064 εὐφυῶς
450 2010 527 2065 ἔχει
557 2011 644 2066 πρὸς
676 2011 836 2060 ἁπάσας,
871 2010 963 2052 ὥστε
991 2014 1110 2060 πάσας
1143 2014 1208 2060 τὰς

152 2073 277 2123 ἠθικὰς
297 2073 424 2128 ἀρετὰς
446 2074 508 2114 καὶ
527 2074 592 2123 τὴν
617 2074 782 2129 φρόνησιν
800 2077 888 2127 ὁμοῦ
907 2074 1030 2114 λαὸεῖν
1050 2076 1207 2123 δυνηθῆ-

153 2146 223 2173 ναι·
255 2132 348 2173 ὥστε
373 2132 438 2182 τὴν
471 2134 535 2185 μὲν
558 2132 733 2187 λήψεται,
766 2132 830 2181 τὴν
860 2133 895 2172 δὲ
927 2133 1026 2173 οὔπω
1060 2133 1210 2186 εἰληφὼς

152 2192 266 2234 ἔσται·
293 2195 390 2245 δοκεῖ
409 2193 478 2247 ἄρα
497 2194 710 2247 χωρίζεσθαι
736 2192 799 2237 τὰς
826 2192 973 2246 ἀρετάς.

172 2273 182 2281 ·
204 2252 396 2278 m*
416 2253 534 2293 Τοῦτο
558 2252 672 2292 τοίνυν
694 2252 787 2292 κατὰ
806 2252 870 2304 μὲν
886 2251 948 2297 τὰς
962 2253 1111 2306 φυσικὰς
1137 2255 1214 2306 ἀρε-

150 2311 217 2358 τὰς
246 2312 449 2366 ἐνδέχεται,
481 2311 575 2352 κατὰ
597 2312 634 2352 δὲ
654 2311 715 2357 τὰς
744 2313 892 2360 ἠθικοῖς,
922 2315 1001 2351 καθ’
1023 2312 1064 2357 ἃς
1091 2311 1214 2358 ἁπλῶς

150 2371 279 2428 ἀγαθὸς
295 2375 315 2412 ὁ
334 2371 516 2426 ἄνθρωπος
531 2372 693 2425 λέγεται,
713 2374 776 2412 οὐκ
797 2371 992 2424 ἐνδέχεται.

203 2430 419 2475 m
437 2428 538 2482 Ἅμα
557 2431 626 2485 γὰρ
646 2434 690 2485 τῇ
716 2431 883 2486 φρονήσει
906 2438 971 2486 μιᾷ
984 2431 1072 2486 οὔσῃ
1098 2437 1213 2472 πᾶσαι

150 2491 376 2547 ὖτάρξουσιν.

203 2550 435 2596 m
453 2549 503 2592 ‘H
522 2549 636 2590 τοίνυν
655 2550 821 2605 φρόνησίς
849 2553 925 2591 ἔστι
952 2550 1015 2603 μὲν
1043 2550 1103 2591 καὶ
1118 2567 1211 2606 πρα-

150 2609 273 2660 κτική,
289 2610 351 2652 καὶ
365 2609 540 2666 χρήσιμός
560 2613 634 2650 ε’στι
653 2609 739 2665 πρὸς
755 2610 818 2655 τὰς
831 2610 972 2664 πράξεις
989 2611 1129 2656 ἁπάσας
1143 2614 1211 2651 τῶν

19 2658 34 2673 ⁷¹
85 2713 91 2716 p
149 2669 269 2711 ἄλλων
283 2668 430 2724 ἄρετῶν.
446 2670 555 2712 Ἔστι
575 2669 612 2709 δὲ
625 2671 686 2709 καὶ
707 2672 786 2710 καθ’
807 2672 935 2718 ἑαυτὴν
956 2671 1108 2719 ζητητέα
1123 2702 1134 2722 ‚
1153 2670 1211 2710 διὰ

41 2740 70 2782 ..3ss
123 2756 127 2758 -
146 2729 190 2771 τὸ
210 2730 318 2784 ἀρετὴ
341 2723 432 2771 εἶναι
455 2734 516 2770 τοῦ
544 2729 728 2784 βελτίστου
759 2730 882 2783 μορίου
903 2733 966 2778 τῆς
987 2732 1123 2784 ψυχῆς,
1148 2735 1210 2770 τοῦ

24 2800 31 2822 ἵ
146 2789 290 2843 λογικοῦ
314 2790 494 2839 δηλονότι,
514 2789 575 2830 καὶ
588 2789 711 2829 τούτου
733 2789 840 2836 μόνου
858 2790 964 2844 χάριν
982 2792 1086 2844 χρεία
1105 2792 1147 2830 ἂν
1167 2785 1209 2839 ἧν

29 2886 43 2901 „¹
150 2851 274 2898 αὗτῆς.
295 2852 350 2891 Οὔ
381 2850 450 2903 γὰρ
474 2849 516 2889 ἄν
538 2865 590 2894 τις
616 2849 738 2894 ἁπλῶς
758 2847 893 2902 γένοιτο
914 2851 1042 2902 ἀγαθὸς
1061 2850 1154 2890 κατὰ
1169 2851 1208 2891 τὸ

26 2909 70 2959 2³
92 2926 95 2930 ’
150 2909 331 2963 βέλτιστον
351 2911 477 2949 ἑαυτοῦ
501 2910 605 2964 μέρος
626 2909 766 2964 φαύλως
785 2909 876 2962 ἔχων
890 2924 899 2934 ·
924 2914 981 2949 νῦν
1010 2909 1046 2949 δὲ
1071 2911 1134 2949 οὐκ
1154 2910 1206 2950 ἔνι

34 2965 40 2980 ⁴
58 2960 69 2983 ί
150 2969 316 3022 &Septimo
335 2969 464 3025 ἀρετὴν
481 2969 564 3010 ἄνευ
577 2972 640 3018 τῆς
662 2969 862 3025 φρονήσεως
882 2972 1066 3017 συστῆναι·
1081 2971 1119 3009 οὐ
1139 2971 1206 3026 γάρ

149 3028 242 3072 ἕστιν
279 3029 385 3084 ὀρθὴν
421 3022 510 3070 εἶναι
538 3027 600 3077 τὴν
627 3029 832 3084 προαίρεσιν
869 3029 951 3069 ἄνευ
984 3030 1204 3083 φρονήσεως,

150 3085 276 3143 ὥσπερ
303 3089 382 3129 οὐδὲ
410 3088 493 3129 ἄνευ
514 3089 661 3143 ἀρετῆς,
682 3088 797 3135 καθὼς
825 3087 973 3142 εἴρηταν
998 3092 1022 3137 ἡ
1044 3089 1108 3141 μὲν
1136 3090 1205 3144 γὰρ

149 3146 257 3203 ἁρετὴ
276 3149 364 3203 πρὸς
382 3149 422 3190 τὸ
440 3150 540 3195 τέλος
558 3151 648 3191 κινεῖ
659 3149 699 3191 τὸ
718 3149 866 3204 ἀγαθόν,
889 3149 950 3190 καὶ
968 3150 1092 3191 τούτου
1114 3151 1204 3203 ἐφίε-

2259 153 2338 192 455

1327 239 1453 271 Earum
1468 240 1582 272 autem
1598 239 1690 280 haec,
1713 250 1791 285 quae
1813 241 1944 285 proprie
1972 241 2097 283 dicitur
2127 245 2247 286 virtus,
2271 246 2342 280 sine

1285 297 1462 340 prudentia
1478 301 1629 332 constare
1645 309 1710 333 non
1737 303 1858 343 potest.

1327 359 1534 401 Quapropter
1555 369 1669 394 omnes
1685 361 1828 395 virtutes
1845 362 2039 405 prudentias
2070 374 2142 399 esse
2160 366 2266 409 ajunt.

1326 419 1370 451 Et
1387 418 1447 462 qui
1471 419 1556 452 hanc
1582 419 1744 453 rationem
1778 425 1913 457 secutus
1938 427 1989 458 est
2009 426 2185 465 Socrates,
2219 426 2342 470 partim

1284 480 1375 512 recte
1405 479 1586 518 sentiebat,
1619 481 1741 523 partim
1767 483 1900 517 errabat
1930 495 1937 515 :
1961 496 2038 520 nam
2068 487 2160 530 quod
2193 488 2340 522 virtutes

1282 547 1397 572 omues
1412 539 1609 582 prudentias.
1621 550 1692 576 esse
1705 544 1864 586 putabat,
1883 545 1917 578 in
1935 546 1999 579 hoc
2011 547 2145 580 errabat
2163 548 2276 590 :quod
2285 557 2343 581 au-

1283 602 1353 634 tem
1364 610 1420 634 eas
1433 602 1610 644 prudentia
1622 613 1686 637 non
1700 615 1818 639 vacare
1835 606 2074 648 arbitrabatur,
2092 592 2182 641 recte
2198 608 2339 643 dicebat.

1326 662 1366 695 Id
1378 672 1456 696 vero
1471 664 1534 697 hoc
1546 668 1742 708 argumento
1762 666 1987 707 confirmatur,
2004 668 2095 711 quod
2110 678 2198 702 nunc
2213 679 2338 710 omnes,

1282 718 1389 752 quum
1414 711 1576 746 virtutem
1596 714 1776 753 definiunt,
1804 718 1982 758 postquam
2004 725 2077 749 eam
2095 717 2249 750 habitum
2266 727 2338 752 esse

1283 757 1455 797 dixerunt,
1475 763 1508 793 et
1521 761 1554 793 in
1569 762 1693 803 quibus
1705 765 1858 796 versetur
1873 763 2077 803 docuerunt,
2098 765 2227 798 addunt
2239 767 2340 799 etiam

1283 808 1384 839 rectae
1412 807 1530 840 rationi
1559 813 1842 844 consentaneum:
1869 814 1959 844 recta
1985 814 2097 845 autem
2118 813 2204 846 ratio
2222 815 2273 846 est
2303 823 2342 847 ea

1283 863 1361 897 quae
1395 856 1582 897 prudentiae
1611 859 1762 900 congruit
1799 873 1809 892 ι
1838 862 1974 902 apparet
2006 860 2125 901 igitur,
2149 871 2215 894 non
2246 871 2342 904 posse

1282 902 1444 937 virtutem
1461 904 1636 946 prudentia
1653 914 1775 939 carere.

1324 953 1464 993 Insuper
1478 962 1543 985 non
1557 953 1665 986 solum
1682 953 1818 1000 babitus
1833 957 1933 988 rectae
1947 956 2064 989 rationi
2081 958 2339 999 consentaneus,

1282 1012 1341 1046 sed
1361 1012 1462 1045 etiam
1483 1021 1559 1045 cum
1582 1015 1672 1046 recta
1690 1014 1817 1047 ratione
1833 1015 2030 1057 conjunctus
2054 1016 2178 1050 dicitur
2204 1018 2338 1052 virtus:

1281 1074 1373 1105 recta
1393 1081 1473 1105 vero
1490 1072 1612 1105 talibus
1637 1072 1672 1106 in
1683 1073 1784 1107 rebus
1804 1074 1890 1107 ratio
1906 1075 2084 1118 prudentia
2097 1078 2159 1110 est.

1322 1131 1476 1164 Socrates
1489 1130 1577 1163 enim
1596 1131 1740 1164 rationes
1755 1132 1899 1166 virtutes
1918 1143 1990 1167 esse
2009 1135 2232 1174 existimabat.
2262 1138 2342 1179 quia

1279 1187 1394 1212 omnes
1412 1178 1604 1222 disciplinas
1626 1188 1698 1212 esse
1714 1189 1784 1222 prae
1800 1189 1836 1213 se
1862 1180 1989 1214 ferebat
2008 1192 2016 1212 e
2038 1192 2098 1215 nos
2113 1186 2226 1216 autem
2243 1184 2343 1218 habi-

1279 1227 1336 1259 tus
1358 1235 1436 1259 eum
1454 1225 1583 1260 ratione
1614 1227 1810 1268 conjunctos
1830 1240 1838 1260 ι
1869 1238 1988 1270 nempe
2010 1229 2103 1271 quod
2122 1231 2243 1264 rationi
2262 1241 2342 1265 con-

1279 1274 1389 1317 gruit,
1424 1274 1592 1318 discrepat
1620 1275 1663 1309 ab
1691 1284 1731 1308 eo
1753 1276 1845 1318 quod
1871 1285 1947 1309 cum
1968 1277 2096 1310 ratione
2128 1279 2340 1320 conjunctum

1278 1324 1329 1355 est
1345 1336 1353 1356 ι
1371 1323 1493 1356 etenim
1512 1323 1632 1356 rationi
1651 1324 1884 1357 convenienter
1904 1323 2014 1358 facere
2027 1325 2194 1367 quispiam
2212 1327 2342 1370 aliquid

1277 1370 1412 1410 dicitur,
1429 1371 1531 1405 etiam
1548 1371 1613 1404 alio
1625 1371 1816 1414 impellente
1839 1372 2004 1415 finemque
2023 1374 2254 1408 considerante
2267 1402 2274 1414 ,
2301 1377 2340 1409 ut

1278 1421 1399 1452 natura
1430 1419 1551 1452 rationi
1574 1420 1808 1453 convenienter
1832 1419 1934 1453 facit:
1963 1430 2040 1453 cum
2063 1422 2192 1455 ratione
2214 1426 2338 1463 autem,

1277 1467 1412 1510 quando
1440 1466 1521 1500 facti
1548 1469 1664 1500 auctor
1693 1467 1800 1501 sciens
1817 1468 1904 1510 agit,
1935 1469 2101 1511 finemque
2130 1471 2342 1507 considerans

1277 1515 1398 1548 rationi
1415 1515 1651 1548 convenienter
1677 1514 1758 1548 facit
1774 1526 1781 1544 τ
1802 1519 2006 1559 quapropter
2022 1516 2057 1549 id
2073 1518 2164 1559 quod
2188 1527 2264 1551 cum
2283 1529 2340 1552 ra-

1277 1564 1367 1596 tione
1393 1563 1606 1606 conjunctum
1630 1565 1681 1596 est
1707 1563 1843 1605 adjungi
1872 1566 2003 1606 oportet
2036 1565 2066 1597 ei
2095 1565 2187 1608 quod
2220 1566 2341 1600 rationi

1277 1611 1431 1653 congruit
1452 1623 1460 1643 :
1483 1610 1570 1643 ratio
1586 1613 1698 1643 autem
1711 1637 1718 1648 ,
1738 1610 1825 1643 sicut
1839 1610 2004 1650 diximus,
2024 1613 2203 1654 prudentia
2228 1616 2291 1647 est.

1320 1660 1371 1691 Ex
1396 1658 1450 1691 his
1474 1667 1552 1700 ergo
1577 1667 1654 1701 quoe
1679 1657 1769 1691 dicta
1795 1660 1874 1691 sunt
1895 1662 2052 1702 apparet,
2079 1669 2188 1703 neque
2214 1661 2340 1696 bonum

1275 1719 1431 1752 habitum
1451 1718 1583 1762 proprie
1606 1718 1676 1752 sine
1700 1718 1894 1761 prudentia,
1909 1728 2020 1762 neque
2036 1720 2250 1763 prudentiam
2268 1723 2339 1757 sine

1275 1778 1402 1811 virtute
1420 1787 1493 1811 esse
1511 1786 1618 1820 posse.

1317 1838 1402 1872 Hinc
1420 1837 1520 1877 etiam
1535 1837 1694 1876 diluetur,
1712 1836 1739 1870 si
1761 1837 1853 1880 quod
1870 1846 1888 1870 e
1913 1838 2078 1872 contrario
2100 1839 2241 1874 allatum
2263 1840 2339 1876 fue-

1274 1897 1320 1930 rit
1343 1898 1578 1938 argumentum
1599 1908 1608 1927 :
1639 1894 1763 1928 etenim
1786 1904 1806 1928 a
1835 1895 1955 1928 morali
1977 1895 2104 1930 virtute
2129 1897 2265 1932 videtur
2284 1898 2339 1933 di·-

1275 1957 1398 1999 stingui
1418 1966 1515 2000 posse
1535 1955 1713 1999 prudentia
1738 1967 1746 1988 2
1767 1965 1832 1988 non
1854 1956 1940 1989 enim
1964 1956 2053 1990 idem
2076 1958 2119 1991 ad
2139 1968 2254 1993 omnes
2273 1961 2339 1994 vir-

1275 2018 1366 2050 tutes
1380 2015 1428 2049 ita
1447 2017 1547 2058 aptus
1562 2016 1682 2047 natura
1692 2016 1762 2053 est,
1785 2016 1824 2047 ut
1838 2023 1914 2047 cum
1932 2019 2070 2049 cunctas
2081 2017 2182 2050 simul
2195 2018 2338 2053 morales

1275 2080 1435 2116 virtutes,
1454 2078 1529 2109 tum
1547 2075 1646 2108 etiam
1660 2075 1873 2117 prudentiam
1890 2076 2046 2119 consequi
2064 2078 2169 2119 possit
2189 2087 2197 2108 ι
2214 2088 2337 2122 quam-

1277 2137 1392 2169 obrem
1415 2134 1514 2167 aliam
1535 2134 1767 2175 consequetur,
1787 2132 1887 2166 aliam
1919 2142 1999 2166 vero
2020 2134 2168 2167 nondum
2196 2135 2337 2179 adeptus

1266 2180 1339 2227 erit
1366 2206 1374 2225 ι
1398 2190 1557 2224 videntur
1577 2199 1655 2231 ergo
1684 2189 1828 2231 separari
1844 2199 1940 2232 posse
1958 2191 2109 2224 virtutes.
2139 2194 2211 2225 Hoc
2235 2194 2336 2236 igitur

1276 2254 1310 2287 in
1345 2251 1554 2286 naturalibus
1584 2250 1722 2293 quidem
1753 2250 1938 2283 virtutibus
1973 2251 2105 2285 evenire
2140 2255 2271 2294 potest,
2298 2254 2334 2288 in

1275 2314 1458 2347 moralibus
1478 2321 1577 2350 vero,
1609 2321 1650 2344 ex
1673 2310 1798 2354 quibus
1815 2310 2012 2353 simpliciter
2031 2312 2132 2345 homo
2152 2313 2260 2349 bonus
2278 2324 2336 2349 no·

1275 2373 1433 2412 minatur,
1453 2371 1584 2405 evenire
1605 2369 1733 2413 nequit.

1318 2436 1423 2471 Simul
1438 2435 1526 2469 enim
1553 2444 1631 2467 cum
1653 2432 1829 2476 prudentia
1850 2433 1929 2467 licet
1949 2443 2016 2467 una
2037 2436 2170 2471 tantum
2189 2437 2242 2476 sit,
2266 2447 2333 2472 cae-

1275 2500 1356 2532 terae
1372 2505 1487 2530 omnes
1502 2494 1656 2529 aderunt.

1317 2562 1498 2597 Prudentia
1517 2561 1619 2603 igitur
1630 2562 1704 2592 tum
1718 2558 1762 2592 ad
1778 2558 1942 2601 agendum
1961 2561 2054 2603 apta,
2071 2562 2145 2595 tum
2162 2562 2204 2596 ad
2218 2572 2333 2599 omnes

1274 2630 1479 2672 reliquarum
1494 2627 1661 2660 virtutum
1677 2625 1823 2658 actiones
1845 2625 1939 2658 utilis
1961 2627 2023 2660 est.
2044 2627 2133 2666 Quin
2152 2629 2253 2662 etiam
2272 2639 2332 2673 per

1274 2706 1309 2731 se
1331 2694 1514 2738 expetenda
1533 2694 1602 2731 est,
1625 2692 1703 2735 quia
1721 2691 2006 2734 praestantissimae
2023 2693 2123 2726 animi
2141 2696 2246 2737 partis
2265 2697 2331 2730 vir-

1273 2763 1329 2795 tus
1343 2760 1496 2798 habetur,
1526 2758 1698 2791 rationalis
1718 2757 1893 2797 videlicet,
1919 2759 2022 2801 atque
2043 2759 2130 2793 hanc
2146 2761 2201 2794 vel
2226 2761 2330 2796 solam

1272 2828 1315 2862 ob
1330 2835 1466 2860 causam
1485 2835 1524 2859 ea
1539 2833 1625 2868 opus
1651 2825 1749 2857 esset.
1768 2825 1873 2857 Nemo
1897 2824 1985 2857 enim
2009 2824 2204 2869 simpliciter
2224 2828 2330 2863 bonus

1271 2893 1354 2934 erit,
1373 2891 1488 2935 quiex
1503 2889 1778 2933 praestantissima
1793 2890 1844 2923 sui
1858 2892 1953 2933 parte
1969 2889 2099 2925 laboret
2114 2902 2121 2924 ι
2144 2902 2232 2926 nunc
2249 2880 2329 2928 vero

1269 2967 1310 2992 ne
1326 2967 1391 2991 una
1418 2956 1555 3000 quidem
1585 2956 1696 2990 virtus
1717 2956 1788 2990 sine
1814 2955 1991 2999 prudentia
2012 2959 2165 2992 constare
2188 2961 2297 3001 potest
2316 2973 2324 2994 ε

1268 3032 1377 3066 neque
1400 3022 1489 3056 enim
1514 3022 1585 3056 sine
1610 3022 1787 3065 prudentia
1813 3024 1944 3056 rectum
1969 3024 2092 3066 poterit
2111 3034 2183 3059 esse
2218 3028 2327 3061 consi-

1267 3089 1371 3130 lium,
1390 3087 1477 3122 sicut
1500 3097 1562 3122 nec
1589 3088 1660 3122 sine
1690 3087 1838 3127 virtute,
1871 3090 1910 3121 ut
1936 3088 2065 3122 dictum
2090 3093 2140 3123 est
2167 3104 2176 3124 ι
2200 3092 2324 3135 quippe

1267 3156 1378 3190 virtus
1395 3154 1440 3189 ad
1457 3155 1583 3189 bonum
1605 3154 1705 3189 finem
1726 3154 1890 3198 impellit,
1911 3157 1946 3188 et
1962 3154 2006 3188 ad
2028 3155 2117 3189 hunc
2142 3156 2324 3199 petendum

189 3332 210 3351 '¹'
222 3333 286 3367 Καὶ
301 3333 427 3367 τούτων
435 3336 505 3368 κτλ.
520 3353 562 3360 -
571 3335 607 3354 **
621 3335 741 3380 Διόπερ
760 3337 838 3378 φασὶ
854 3337 925 3369 κτλ.
937 3336 1050 3360 —**⁴‘
1062 3338 1126 3370 Καὶ
1143 3336 1316 3381 Σωκράτης
1324 3337 1395 3370 κτλ.
1407 3355 1450 3362 -
1459 3336 1544 3357 *⁴²⁴²*
1557 3340 1696 3380 Σημεῖον
1711 3338 1746 3371 δὲ
1759 3339 1826 3371 κτλ.
1839 3355 1881 3362 -·
1894 3338 1995 3358 ”***
2007 3339 2066 3370 Δεῖ
2076 3337 2109 3370 δὲ
2121 3337 2234 3381 μικρὸν
2249 3340 2317 3370 κτλ-

149 3380 331 3404 -*””*
355 3384 528 3427 Σωκράτης
557 3385 614 3427 μὲν
643 3387 712 3417 κτλ.
735 3402 777 3409 --
793 3385 939 3405 *mu*
958 3386 1062 3425 Δῆλον
1083 3385 1194 3419 τοίνυν
1221 3386 1260 3419 ἐκ
1284 3387 1352 3419 τῶν
1369 3387 1441 3420 κτλ.
1458 3401 1501 3409 0--
1526 3386 1693 3406 *mum*
1722 3386 1814 3420 Ἀλλὰ
1837 3388 1892 3419 καὶ
1917 3388 1934 3419 ὁ
1953 3385 2047 3427 λόγος
2065 3386 2167 3427 ταύτῃ
2187 3386 2256 3418 κτλ.
2277 3402 2319 3410 —

149 3426 340 3450 W*
357 3431 462 3465 Τοῦτο
480 3432 542 3475 γὰρ
562 3432 648 3465 κατὰ
664 3432 722 3474 μὲν
736 3433 807 3466 κτλ.
830 3450 873 3457 -
890 3432 1103 3455 *Μ*“*“
1120 3432 1204 3476 Ἅμα
1218 3433 1282 3478 γὰρ
1301 3434 1372 3469 κτλ.
1391 3449 1435 3459 -
1446 3433 1676 3474 ff*********
1693 3435 1796 3474 Δῆλον
1816 3434 1852 3467 δέ
1866 3457 1874 3474 ,
1892 3436 1952 3467 κᾶν
1973 3434 2001 3465 εἰ
2018 3432 2062 3474 μὴ
2078 3432 2151 3465 κτλ.
