2508 3776
627 155 935 197 ETHICORUM
965 156 1421 198 NIGOMACHEORUM
1449 158 1835 199 PARAPHRASIS.

54 239 67 246 ”
133 241 361 296 mv,
381 241 405 290 ἢ
424 241 600 292 συνθήκην
627 245 707 284 τινὰ
734 245 960 285 συνίστανται
980 275 990 293 ,
1014 244 1106 284 ἀλλὰ
1126 243 1206 290 τοὺς

41 314 62 346 ζ
135 298 376 403 ,ἷξῆᾐῃύσις
395 302 588 355 συνέδησε,
615 302 695 350 τοὺς
721 305 757 344 δὲ
792 304 832 344 τὸ
863 307 982 359 τυχεῖν
1013 305 1205 353 ἡλικιώτας

135 367 139 369 ’
179 362 259 410 iet,
278 361 339 401 ’καὶ
359 361 443 415 περὶ
461 362 507 401 τὰ
528 363 619 404 αὐτὰ
638 363 905 415 ἐπιτηδεύματα
926 365 1148 411 σπουδάζειν.

137 419 348 471 .υ··ΡΙῖὴτέον
371 421 415 470 δὴ
439 423 521 477 περὶ
539 426 601 470 τῆς
623 427 846 477 συγγενικῆς.
867 422 978 464 Ἔστι
1000 425 1042 473 δὴ
1063 426 1204 465 πολυει-

5 517 9 524 B
51 475 56 494 ³'
131 478 263 530 ἳθὴὲῆ
301 481 491 536 συγγενικὴ
528 483 654 537 φιλία,
689 483 750 523 καὶ
794 487 857 532 τῆς
887 486 1064 537 πατρικῆς
1104 490 1204 524 πᾶσα

135 538 345 596 ἱξῆρτηται·
368 541 426 581 διὰ
454 541 524 596 γὰρ
550 546 614 591 τὴν
641 541 728 595 πρὸς
756 541 816 581 τὸν
845 542 960 582 κοινὸν
991 541 1152 597 πατέρα,
1180 542 1204 591 ἢ

73 615 83 630 ³
135 601 314 653 1λ’ριίιγιονον
347 603 547 651 οἰκειότητα
563 601 599 642 οἵ
619 617 657 642 τε
685 600 830 656 ἀδελφοὶ
858 601 919 642 καὶ
941 602 1058 648 ἄλλως
1076 618 1204 656 συγγε-

59 657 75 688 ‘s
133 660 213 704 Wc'z‘e
228 661 400 711 ἀλλήλους
418 663 603 718 φιλοῦσιν,
629 663 662 702 οἱ
690 666 802 714 γονεῖς
831 660 895 711 μὲν
917 661 986 715 γὰρ
1015 662 1202 715 στέργουσι

135 717 190 758 ’τὰ
203 719 330 772 τέκνα)
349 724 396 767 ὥς
411 724 545 762 ἑαυτῶν
565 737 599 760 τι
617 720 701 760 ὄντα
712 749 724 770 ,
741 719 788 760 τὰ
810 718 847 759 δὲ
861 719 966 759 τέκνα
984 719 1063 765 τοὺς
1080 723 1204 772 γονεῖς,

50 795 78 826 j-
131 779 192 824 ’ὥς
209 778 273 820 ἀπ’
289 780 430 821 ἐκείνων
450 781 532 821 ὄντα
545 809 557 831 ,
577 779 722 834 ἀδελφοὶ
743 778 780 818 δὲ
799 778 987 832 ἀδελφούς,
1003 782 1053 832 τῷ
1075 781 1115 818 ἐκ
1134 782 1203 819 τῶν

56 840 78 898 '32
130 839 269 880 aceram
287 841 495 896 πεφυκέναι.
526 841 677 880 Μᾶλλον
712 837 748 877 δὲ
783 837 903 878 ἴσασιν
935 840 968 877 οῖ
1012 843 1124 890 γονεῖς
1157 839 1202 878 τὰ

54 924 64 940 .-
84 914 85 917 ’
131 897 250 939 τέκνα
266 898 320 940 ὅτι
347 901 384 947 ἐξ
413 901 532 940 αὐτῶν
555 901 664 948 εἰσιν,
696 897 720 946 ἢ
742 896 789 937 τὰ
816 898 1053 950 γεννηθέντα,
1078 898 1133 937 ὅτι
1162 900 1203 937 ἐκ

131 957 300 999 ἀσίτων·
319 959 393 1000 νκαὶ
412 961 547 1013 μᾶλλον
580 956 850 1012 συνῳκείωταιῖι
872 955 912 996 τὸ
942 956 1052 996 αἴτιον
1079 955 1140 996 καὶ
1162 957 1203 996 τὸ

62 1019 71 1065 ζ
123 1019 272 1071 'ww-iv
287 1022 341 1075 τῷ
358 1019 558 1074 γεννηθέντι
577 1018 599 1068 ἢ
621 1021 672 1072 τῷ
692 1016 893 1067 ποιηθέντι,
917 1015 941 1065 ἢ
963 1015 1003 1056 τὸ
1023 1016 1202 1069 γεννώμε-

57 1087 67 1122 'J
135 1081 270 1133 νωτῷ
284 1079 498 1132 ποιήσαντι,
517 1079 579 1120 καὶ
597 1077 639 1118 τὸ
656 1076 818 1130 γεννηθὲν
835 1078 886 1131 τῷ
905 1075 1112 1130 γεννήσαντι
1135 1092 1144 1100 ·
1163 1075 1203 1115 τὸ

57 1164 66 1175 .·
135 1137 212 1192 ’γδρ
221 1137 263 1179 ἔκ
273 1154 365 1186 τινος
381 1141 508 1180 οἰκεῖον
523 1141 575 1193 τῷ
595 1137 631 1185 ἐξ
646 1131 687 1178 οὗ
703 1139 812 1185 ἔστιν,
834 1135 955 1190 ὥσπερ
970 1135 1072 1181 ὀδοὺς
1092 1134 1202 1189 ἣθρὶξ

63 1202 66 1204 ’
141 1199 195 1251 τῷ
212 1197 331 1252 ἔχοντι
346 1198 473 1240 οἰκεῖόν
494 1201 589 1247 ἐστι,
615 1198 712 1252 τριχὶ
737 1196 773 1237 δὲ
805 1197 866 1237 καὶ
887 1197 1002 1236 ὀδόντι
1023 1196 1088 1235 οὐκ
1109 1195 1202 1235 ἔστιν

142 1257 272 1297 οἰκεῖον
288 1260 309 1298 ὃ
322 1258 416 1313 ἔχων
431 1275 441 1286 ·
463 1258 488 1307 ἢ
511 1258 625 1299 τοίνυν
643 1259 803 1309 οὐδαμῶς
823 1258 916 1296 ἐστιν
933 1257 1060 1296 οἰκεῖον
1078 1256 1130 1310 τῷ
1148 1257 1204 1294 αἷ-

139 1318 310 1372 τιατῷτὸ
332 1318 445 1359 αἴτιον
459 1350 471 1369 ,
489 1318 552 1358 καὶ
572 1320 624 1372 τῷ
641 1317 680 1357 ἔκ
702 1332 793 1361 τινος
817 1316 857 1356 τὸ
882 1316 916 1362 ἐξ
944 1310 1006 1364 οἷ,
1026 1315 1106 1354 οὐδέ
1124 1332 1204 1354 τινα

47 1363 51 1371 ⁵
79 1410 83 1414 .
136 1377 267 1430 σχίσιν
285 1378 360 1432 ἔχει
380 1380 468 1433 πρὸς
489 1377 576 1418 αὗτό
588 1407 599 1428 ,
614 1376 638 1425 ἢ
654 1379 684 1416 εἷ
704 1376 792 1431 ἔχει,
808 1376 944 1415 ἐλάττω
961 1375 1043 1437 ἔχει
1051 1373 1075 1423 ἢ
1092 1377 1203 1415 ἐκεῖνο

135 1437 228 1491 ’πρὸς
243 1438 328 1478 αότὸ
342 1438 429 1492 ἔχει·
451 1438 513 1479 καὶ
533 1437 579 1479 τὰ
594 1437 699 1476 τέκνα
723 1437 765 1484 δὴ
786 1435 867 1481 τοὺς
886 1442 996 1488 γονεῖς
1018 1439 1124 1483 ἡττον
1142 1451 1202 1490 φι-

79 1501 82 1504 ’
141 1499 285 1551 λοῦσιν,
307 1498 330 1547 ἢ
348 1501 408 1538 ὑπ’
429 1498 571 1540 ἐκείνων
586 1500 782 1552 φιλοῦνται.
804 1495 888 1536 Ἔτι
908 1496 945 1535 δὲ
973 1496 1032 1535 καὶ
1053 1495 1122 1534 ἀπὸ
1139 1500 1201 1535 τοῦ

141 1559 270 1612 χρόνου
286 1558 449 1614 φανερόν·
470 1561 503 1599 οἱ
518 1557 583 1611 μὲν
596 1557 666 1611 γὰρ
693 1555 791 1601 εὐθὺς
809 1555 980 1608 γενόμενα
993 1556 1010 1578 ¹³
1029 1554 1198 1609 στέργου·

136 1631 222 1667 σιν,
241 1617 288 1658 τὰ
306 1618 413 1659 τέκνα
433 1618 472 1658 δὲ
495 1617 621 1663 αὖτοὺς
643 1617 759 1671 χρόνῳ
779 1615 924 1670 ὕστερον
952 1614 1042 1668 μετὰ
1068 1615 1108 1654 τὸ
1128 1617 1199 1654 λα-

90 1712 91 1717 ,
135 1675 217 1717 θεῖν
231 1676 371 1718 cevas-w
382 1709 392 1727 ,
410 1677 434 1726 ἢ
454 1676 617 1726 αἴσθησιν
634 1692 642 1700 ·
667 1676 726 1716 διὰ
746 1680 848 1715 τοῦτο
862 1675 923 1716 καὶ
940 1675 1089 1728 μητέρες
1107 1676 1201 1725 μᾶλ-

58 1787 59 1790 Ὶ
135 1738 362 1792 ἢω-φτλοῦσι
395 1737 442 1779 τὰ
470 1738 600 1788 τέκνα,
630 1737 654 1786 ἢ
684 1738 716 1776 οἱ
755 1735 926 1790 πατέρες,
949 1736 1003 1776 ὅτι
1030 1734 1198 1789 πρότερον

74 1803 78 1807 ’
135 1794 232 1837 αὐτὰ
250 1796 449 1851 στέργουσι.
478 1799 597 1842 Γονεῖς
617 1795 682 1848 μὲν
710 1788 768 1835 οῧν
784 1796 829 1836 τὰ
845 1795 950 1836 τέκνα
972 1796 1130 1850 φιλοῦσιν
1151 1796 1199 1839 ὡς

134 1856 280 1903 filosofi<
291 1872 303 1883 ·
319 1857 366 1899 τὰ
383 1856 454 1912 γὰρ
474 1857 510 1904 ἐξ
526 1859 648 1897 αὐτῶν
659 1887 671 1908 ,
696 1849 768 1895 οἷον
789 1855 892 1895 ἄλλοι
910 1856 1030 1906 αὐτοί,
1045 1857 1096 1910 τῷ
1114 1871 1197 1909 χω-

135 1916 188 1971 ρὶς
204 1909 297 1959 εἶναι
310 1917 416 1970 μόνον
432 1917 679 1972 διαφέροντες·
701 1916 810 1956 τέκνα
828 1915 865 1956 δὲ
886 1919 1026 1970 φιλοῦσι
1052 1916 1164 1970 γονεῖς
1181 1946 1192 1967 ,

135 1976 266 2020 ὁςψᾶἐ
285 1975 426 2018 ἐκείνων
439 1975 634 2032 πεφυκότα.

190 2036 212 2058 ⁴¹
234 2035 393 2092 Ἀδελφοὶ
427 2036 467 2076 δὲ
499 2036 674 2084 ἀλλήλους
694 2038 744 2090 τῷ
779 2036 819 2075 ἐκ
838 2037 908 2074 τῶν
940 2035 1056 2074 αὐτῶν
1076 2050 1196 2088 πεφυ-

36 2103 39 2110 “
74 2091 78 2096 ’
136 2092 252 2135 κέναι.
275 2095 323 2136 Ἢ
350 2095 420 2149 γὰρ
438 2095 526 2150 πρὸς
551 2094 632 2139 τοὺς
653 2096 765 2147 γονεῖς
795 2092 967 2142 ταυτότης
995 2093 1057 2132 καὶ
1078 2095 1198 2137 αὐτοῖς

135 2154 336 2202 ταυτότητα
355 2160 450 2195 ποιεῖ
471 2155 557 2209 πρὸς
585 2154 774 2203 ἀλλήλους,
804 2152 925 2204 ὥσπερ
945 2151 1024 2196 τοὺς
1049 2152 1198 2196 κλάδους

134 2217 159 2263 ἡ
188 2217 252 2263 τῆς
282 2215 379 2270 ῥίζης
410 2215 584 2264 ταυτότης
616 2213 811 2255 συνάπτει·
847 2212 899 2252 διό
928 2218 1041 2265 φοισϋἃ
1070 2211 1196 2251 ταύτὸν

35 2266 69 2315 ²⁷
135 2267 228 2326 αἷμα
256 2274 318 2315 καὶ
344 2275 461 2331 ῥίζαν;
496 2279 559 2315 καὶ
578 2274 623 2314 τὰ
647 2277 793 2314 τοιαῦτα
813 2291 820 2298 ·
848 2272 924 2312 ἔστι
946 2272 1014 2325 γὰρ
1031 2272 1195 2326 ἑκάτερον

134 2333 244 2374 ταύτὸ
266 2334 329 2374 καὶ
350 2337 387 2375 ἐν
410 2335 553 2381 πολλοῖς
573 2333 636 2375 καὶ
661 2332 897 2388 διῃρημένοις.
921 2332 1025 2383 Μέγα
1049 2330 1086 2370 δὲ
1106 2331 1194 2386 πρὸς

134 2393 254 2450 φιλίαν
271 2394 333 2436 καὶ
348 2395 389 2436 τὸ
405 2398 660 2451 συντραφῆναι,
676 2393 737 2433 καὶ
751 2393 878 2440 ἥλικας
895 2385 984 2431 εἶναι
1000 2406 1008 2415 ·
1024 2390 1104 2440 ἥλιξ
1123 2391 1192 2451 γὰρ

133 2452 243 2503 ἥλικα
259 2457 376 2511 φιλεῖ,
395 2455 456 2496 καὶ
468 2457 500 2496 οἱ
517 2455 696 2504 συνήθεις,
716 2457 873 2508 ἑταῖροι·
894 2454 946 2494 διὸ
966 2455 1027 2494 καὶ
1055 2457 1079 2502 ἡ
1098 2455 1196 2494 ἀδελ·

134 2513 220 2569 φικὴ
237 2517 281 2569 τῇ
299 2517 459 2570 ἑταιρικῇ
475 2519 667 2567 ὁμοιοῦται.
690 2514 838 2569 Ἀνεψιοὶ
865 2514 926 2563 δέ,
945 2513 1004 2554 καὶ
1025 2515 1057 2554 οἱ
1076 2512 1193 2554 λοιποὶ

133 2574 309 2627 συγγενεῖς
327 2577 368 2615 ἐκ
397 2577 467 2615 τῶν
492 2576 652 2629 ἀδελφῶν
682 2573 939 2628 συνῳκείωνται
955 2578 995 2601 d·
1040 2576 1091 2626 τῷ
1123 2572 1190 2626 γὰρ

135 2632 206 2673 ἀπὸ
223 2636 294 2674 τῶν
312 2637 425 2675 αὐτῶν
446 2629 536 2674 εἶναι
557 2633 618 2674 καὶ
636 2632 736 2673 αὐτοὶ
752 2634 784 2673 οἱ
809 2632 908 2673 αὐτοί
929 2649 1003 2677 πως
1023 2632 1189 2680 ἀλλήλοις

126 2690 237 2735 κιῖσίν.
258 2692 421 2735 Γίνονται
440 2692 477 2733 δὲ
497 2695 528 2732 οἱ
545 2693 609 2746 μὲν
623 2692 822 2746 οἰκειότεροι
850 2694 920 2731 τῶν
942 2694 1138 2745 συγγενῶν,
1159 2692 1190 2731 οἱ

135 2749 166 2791 δ’
185 2751 478 2807 ἀλλοτριώτεροι,
499 2755 550 2806 τῷ
567 2751 749 2804 σύνεγγυς,
772 2750 795 2799 ἢ
820 2751 940 2805 πόῤῥω
953 2750 1012 2791 τὸν
1035 2750 1191 2804 ἀρχηγὸν

134 2803 225 2862 εἶναι
244 2816 304 2853 τοῦ
322 2812 440 2865 γένους
453 2828 462 2837 ·
481 2806 530 2856 οἶς
549 2812 618 2866 γὰρ
639 2811 819 2866 πόῤῥωθεν
838 2815 861 2860 ἡ
892 2810 1075 2864 κοινωνία,
1098 2812 1192 2860 ἀμυ-

135 2868 203 2923 δρὰ
231 2870 381 2924 γίνεται,
410 2874 463 2926 τῷ
486 2871 647 2925 προϊέναι
669 2870 927 2923 ἐλαττουμένη.
965 2870 1074 2911 Ἔστι
1107 2869 1143 2909 δὲ
1168 2872 1191 2918 ἡ

136 2929 202 2982 μὲν
221 2932 291 2971 τῶν
310 2930 440 2972 τέκνων
473 2932 560 2984 πρὸς
585 2931 664 2977 τοὺς
682 2932 793 2986 γονεῖς
818 2931 916 2986 φιλία
929 2961 939 2980 ,
963 2931 1023 2971 καὶ
1044 2932 1114 2969 τῶν
1135 2931 1194 2968 ἀν-

135 2990 285 3044 θρώπων
302 2991 387 3046 πρὸς
405 2991 463 3032 τὸν
483 2990 581 3040 θεόν,
601 2992 647 3035 ὡς
664 2990 749 3044 πρὸς
773 2991 901 3042 ἀγαθὸν
920 2990 977 3030 καὶ
1002 2988 1193 3043 ὑπερέχον·

135 3050 316 3105 ξᾷεργέται
328 3052 396 3106 γάρ
413 3053 480 3092 εἶσι
493 3051 538 3091 τὰ
553 3051 705 3104 μέγιστα
729 3053 989 3104 εὐεργετοῦντες
1006 3080 1017 3101 ,
1035 3049 1075 3089 τὸ
1093 3042 1194 3099 εἶναι,

134 3099 198 3146 καὶ
215 3109 415 3161 τραφῆναι,
437 3105 499 3146 καὶ
532 3107 788 3154 παιδευθῆναι·
821 3107 844 3152 ἡ
872 3103 908 3144 δὲ
929 3107 997 3143 τῶν
1019 3105 1195 3157 συγγενῶν

135 3161 224 3219 πρὸς
252 3164 423 3214 ἀλλήλους
446 3168 480 3206 ἓν
502 3166 639 3215 ἰσότητι
655 3179 665 3190 ·
686 3166 760 3220 ἔχει
783 3165 820 3205 δὲ
840 3164 900 3203 καὶ
931 3163 971 3203 τὸ
990 3163 1055 3212 ἡδὺ
1076 3162 1137 3202 καὶ
1156 3161 1196 3201 τὸ

135 3223 312 3284 χρήσιμον
328 3229 352 3276 ἡ
369 3227 517 3276 τοιαύτη
537 3226 636 3281 φιλία
658 3227 811 3278 μᾶλλον,
829 3223 853 3272 ἢ
874 3225 980 3273 ἡτῶν
1004 3221 1196 3276 ἀλλοτρίων

137 3284 232 3325 κατὰ
255 3285 375 3339 γένος,
404 3286 476 3342 ὅσῳ
496 3287 558 3328 καὶ
592 3286 787 3341 κοινότερος
816 3288 834 3326 ὃ
856 3283 929 3338 βίος
959 3283 1052 3324 ἐστὶν
1079 3284 1198 3328 αὐτοῖς

2231 161 2312 199 511

1265 253 1397 285 constat
1412 260 1473 284 nec
1494 254 1608 294 paeto,
1632 251 1691 285 sed
1709 252 1792 285 alios
1813 252 1936 285 natura
1951 249 2143 294 conjunxit,
2164 249 2257 285 ’affios
2270 250 2325 284 ‘11-

1266 311 1325 345 lud
1342 312 1453 355 ipsum
1470 312 1561 354 quod
1586 314 1687 347 aetate
1709 313 1858 356 aequales
1886 315 1985 355 sunt,
2015 314 2119 356 atque
2142 311 2180 346 in
2203 311 2324 345 iisdem

1265 370 1387 404 studiis
1399 373 1586 405 versantur.

1307 432 1355 463 Ac
1373 431 1517 473 primum
1533 431 1670 474 quidem
1683 433 1725 466 de
1735 435 1951 475 cognatorum
1964 433 2110 467 amicitia
2127 431 2319 467 dice.1dum.

1265 487 1326 520 Est
1346 490 1460 521 autem
1481 487 1698 521 multiformis
1714 489 1771 523 illa
1784 516 1792 529 ,
1813 492 1847 523 et
1860 491 1932 524 tota
1949 499 1991 523 ex
2013 492 2152 533 paterna
2171 489 2293 533 pendet
2313 500 2321 520 z

1265 543 1345 585 quia
1370 542 1458 576 enim
1476 546 1612 586 propter
1640 546 1848 587 agnationem
1877 548 1938 579 aut
1965 549 2108 590 patrem,
2136 548 2195 579 aut
2215 544 2324 588 gentis

1266 600 1436 631 auctorem
1456 607 1666 632 communem
1694 600 1837 640 habent,
1865 610 1944 634 eum
1971 611 2039 644 quo
2064 602 2322 643 conjunguntur,

1266 656 1338 687 tuin
1355 653 1488 695 fratres,
1505 657 1578 687 tum
1594 655 1650 688 alii
1669 657 1801 698 cognati
1819 666 1855 690 se
1865 659 1985 690 mutuo
2005 657 2149 698 diligunt
2168 668 2176 688 ε
2200 665 2322 699 paren-

1266 711 1317 743 tes
1332 710 1420 742 enim
1441 709 1566 743 liberos
1589 712 1628 743 ut
1645 711 1772 754 aliquid
1797 712 1850 745 sui
1870 715 2000 754 amant,
2024 712 2122 746 liberi
2135 714 2247 745 autem
2264 720 2323 754 pa·-

1265 768 1376 799 rentes
1388 791 1396 806 ‚
1414 767 1531 808 utpote
1550 766 1672 800 abillis
1696 766 1846 810 profecti,
1878 769 2001 803 fratres
2019 769 2163 813 denique
2180 768 2302 802 fratres
2315 793 2322 805 ‚

1265 823 1439 863 propterea
1464 821 1557 864 quod
1591 830 1632 854 ex
1650 821 1768 856 iisdem
1798 825 1950 866 prognati
1978 827 2067 859 sunt.
2116 825 2219 867 Magis
2243 833 2325 857 vero

1265 875 1375 908 sciunt
1386 877 1541 918 parentes
1557 875 1677 909 liberos
1690 886 1732 910 ex
1746 887 1782 911 se
1799 887 1871 912 esse
1884 882 2087 922 procreatos,
2110 888 2212 923 quam
2230 878 2325 912 liberi

1265 939 1301 963 se
1315 939 1357 964 ex
1369 931 1422 964 his
1442 939 1516 964 esse
1537 931 1666 973 genitos
1683 941 1692 962 z
1708 932 1792 975 quin
1806 933 1909 966 etiam
1929 935 2056 977 majore
2075 934 2322 968 necessitudine

1265 986 1441 1029 conjuncta
1462 988 1514 1020 est
1538 995 1639 1020 causa
1661 987 1815 1030 genitalis
1838 989 1869 1022 ei
1897 990 1989 1033 quod
2016 991 2162 1033 gignitur
2184 993 2244 1023 aut
2268 990 2322 1029 fit,

1264 1050 1367 1084 quam
1385 1041 1420 1074 id
1435 1040 1526 1084 quod
1541 1040 1671 1074 factum
1683 1044 1734 1076 est
1754 1042 1784 1076 ei
1801 1044 1892 1086 quod
1906 1044 1986 1078 fecit
1998 1071 2006 1084 .
2021 1048 2055 1078 et
2074 1045 2165 1088 quod
2177 1045 2326 1088 genitum

1265 1102 1316 1133 est
1329 1099 1360 1133 ei
1373 1098 1465 1143 quod
1483 1099 1598 1142 genuit
1615 1113 1624 1133 :
1640 1109 1718 1133 nam
1733 1101 1825 1144 quod
1844 1102 1886 1135 ab
1910 1102 2026 1146 aliquo
2048 1102 2238 1146 profectum
2259 1105 2322 1140 est,

1265 1157 1338 1199 ejus
1350 1157 1401 1190 est
1419 1155 1613 1198 proprium,
1629 1166 1649 1189 a
1665 1165 1734 1199 quo
1750 1156 1937 1200 profectum
1957 1160 2027 1198 est,
2052 1159 2138 1192 sicut
2165 1159 2247 1192 dens
2264 1161 2323 1191 aut

1265 1210 1405 1253 capillus
1418 1209 1554 1243 habenti
1571 1211 1728 1254 proprius
1745 1213 1807 1251 est,
1831 1221 1939 1256 quum
1954 1214 2067 1246 tamen
2084 1223 2194 1256 neque
2207 1213 2325 1255 capillo

1265 1266 1328 1310 ipsi
1341 1275 1402 1300 nec
1414 1265 1508 1299 denti
1527 1266 1682 1310 proprius
1699 1267 1742 1300 sit
1762 1267 1823 1311 qui
1840 1268 1944 1303 habet
1963 1278 1971 1299 τ
1992 1272 2052 1303 aut
2067 1270 2172 1312 igitur
2193 1269 2328 1302 omnino

1264 1332 1328 1355 non
1351 1324 1402 1356 est
1426 1322 1559 1365 propria
1583 1331 1685 1356 causa
1703 1322 1753 1357 rei
1771 1322 1914 1363 effcctae,
1931 1327 1965 1358 et
1979 1325 2015 1358 id
2034 1325 2126 1369 quod
2151 1334 2192 1358 ex
2211 1324 2325 1367 aliquo

1265 1380 1377 1411 ortum
1396 1379 1448 1410 est
1465 1377 1496 1411 ei
1510 1385 1554 1410 ex
1571 1386 1640 1421 quo
1655 1380 1707 1410 est
1722 1380 1847 1418 ortum,
1868 1388 1977 1422 neque
1991 1381 2095 1413 ullam
2114 1389 2191 1413 cum
2209 1389 2249 1412 eo
2262 1379 2327 1411 ha-

1264 1433 1321 1466 bet
1340 1431 1638 1471 necessitudinem,
1663 1434 1723 1465 aut
1738 1433 1767 1466 si
1786 1433 1904 1473 habet,
1932 1435 2096 1468 minorem
2120 1444 2224 1477 quam
2243 1432 2328 1476 illud

1265 1499 1342 1522 cum
1364 1488 1436 1531 ipso
1456 1488 1584 1521 habet:
1611 1487 1755 1532 ideoque
1774 1489 1869 1522 liberi
1896 1490 2008 1523 minus
2031 1493 2144 1523 amant
2170 1491 2326 1533 parentes

1264 1553 1367 1588 quam
1383 1544 1424 1576 ab
1442 1543 1484 1576 iis
1506 1543 1672 1576 amantur.
1701 1545 1869 1578 Praeterea
1888 1546 2047 1588 temporis
2067 1554 2246 1588 progressu
2265 1544 2328 1576 hoc

1263 1599 1473 1642 cognoscitur
1495 1612 1502 1631 :
1523 1598 1573 1631 illi
1592 1598 1682 1631 enim
1704 1598 1827 1633 liberos
1854 1600 1970 1634 statim
1993 1603 2031 1634 ut
2057 1601 2129 1635 nati
2146 1602 2224 1634 sunt
2244 1598 2327 1632 dili-

1263 1658 1366 1700 gunt,
1383 1654 1479 1688 liberi
1499 1663 1580 1688 vero
1595 1654 1686 1698 ipsos
1706 1658 1822 1699 postea
1838 1666 1946 1700 quum
1963 1657 2148 1699 intelligere
2167 1658 2226 1691 aut
2244 1664 2323 1689 sen-

1264 1714 1327 1746 tire
1347 1713 1518 1755 coeperunt
1537 1725 1545 1745 ε
1566 1711 1785 1754 quamobrem
1810 1715 1936 1746 matres
1954 1713 2056 1747 etiam
2075 1714 2181 1756 magis
2204 1713 2327 1746 liberos

1263 1769 1396 1805 amant,
1415 1775 1518 1809 quam
1539 1768 1670 1808 patres,
1687 1765 1768 1808 qnia
1791 1766 1885 1809 prius
1904 1777 1962 1801 eos
1984 1767 2138 1810 diligunt.
2161 1766 2325 1806 Quocirca

1263 1822 1419 1867 parentes
1447 1821 1562 1853 amant
1591 1819 1711 1853 liberos
1731 1821 1893 1864 tanquam
1919 1830 1955 1854 se
1979 1822 2069 1865 ipsos
2087 1831 2190 1855 :nam
2208 1820 2326 1863 quiex

1263 1876 1313 1910 cis
1331 1875 1401 1909 nati
1421 1875 1523 1916 sunt,
1544 1882 1584 1907 eo
1610 1873 1683 1916 ipso
1716 1874 1812 1919 quod
1854 1876 1998 1918 separati
2023 1878 2102 1909 sunt
2130 1877 2263 1908 tantum
2282 1874 2325 1906 ab

1262 1931 1344 1976 ipsis
1362 1928 1573 1969 differentes,
1597 1928 1697 1971 quasi
1712 1927 1810 1961 alteri
1828 1928 1893 1972 ipsi
1910 1931 1988 1962 sunt
2005 1940 2012 1963 :
2042 1932 2077 1963 at
2094 1929 2192 1963 liberi
2206 1938 2326 1972 paren-

1262 1987 1314 2019 tes
1326 2011 1333 2024 ‚
1355 1985 1471 2026 utpote
1487 1982 1613 2016 exiliis
1634 1982 1714 2021 nati,
1742 1991 1839 2016 caros
1853 1983 1988 2017 habent.

1303 2039 1439 2071 Fratres
1459 2045 1535 2069 vcro
1556 2035 1648 2077 quod
1668 2045 1709 2069 ex
1732 2035 1852 2069 iisdem
1875 2036 1946 2070 nati
1969 2038 2050 2070 sunt
2069 2045 2105 2070 se
2117 2037 2237 2069 mutuo
2251 2035 2325 2069 dili⁴

1261 2095 1355 2138 gunt.
1373 2091 1461 2130 Quia
1474 2091 1563 2124 enim
1579 2099 1622 2123 ex
1637 2090 1764 2123 eisdem
1779 2091 1848 2123 nati
1866 2094 1945 2125 sunt
1963 2092 2158 2134 parentibus
2169 2118 2176 2130 ,
2197 2091 2261 2124 hoc
2286 2094 2325 2124 ut

1261 2147 1362 2181 iidem
1390 2155 1528 2190 quoque
1559 2145 1646 2178 inter
1666 2154 1701 2178 se
1725 2145 1813 2187 sint,
1833 2145 1958 2186 eflicit,
1981 2147 2078 2189 plane
2103 2146 2190 2180 sicut
2213 2155 2325 2179 ramos

1262 2202 1378 2239 eadem
1394 2200 1491 2234 radix
1514 2198 1685 2242 conjungit
1702 2211 1711 2232 ι
1734 2198 1877 2242 ideoque
1894 2199 1961 2234 dici
1982 2200 2066 2233 solet
2082 2200 2171 2233 idem
2190 2200 2325 2242 sanguis

1262 2259 1297 2291 et
1315 2256 1432 2290 eadem
1453 2254 1570 2298 stirps,
1592 2254 1626 2285 et
1639 2254 1761 2285 caetera
1791 2253 1941 2295 ejusdem
1958 2254 2088 2296 generis
2105 2267 2113 2287 ι
2140 2255 2323 2296 utrumque

1262 2311 1351 2344 enim
1377 2319 1482 2342 unum
1499 2311 1532 2341 et
1551 2308 1640 2343 idem
1658 2312 1709 2344 est
1725 2309 1760 2342 in
1782 2309 1902 2343 multis
1923 2317 2001 2352 quae
2023 2307 2131 2341 divisa
2154 2308 2232 2339 sunt
2247 2315 2323 2339 cor-

1263 2365 1408 2408 poribus.
1428 2366 1586 2408 Magnum
1605 2364 1708 2397 etiam
1730 2363 1774 2396 ad
1792 2362 1974 2396 amicitiam
2001 2362 2207 2395 momentum
2225 2360 2323 2394 habet

1263 2418 1471 2454 educationis
1492 2417 1714 2451 communitas
1745 2419 1779 2450 et
1809 2415 1920 2449 aetatis
1942 2415 2119 2458 aequalitas
2146 2425 2154 2445 ε
2184 2413 2324 2457 aequalis

1263 2478 1351 2512 enim
1379 2477 1546 2522 aequalem
1577 2475 1701 2519 diligit,
1730 2477 1764 2509 et
1798 2473 2006 2508 consuetudo
2033 2472 2163 2506 sodales
2183 2471 2288 2504 eflicit
2312 2480 2320 2501 ε

1262 2541 1367 2575 quare
1384 2534 1418 2565 et
1439 2529 1589 2564 amicitia
1620 2529 1766 2562 fraterna
1802 2527 1967 2562 sodalitiae
2000 2527 2223 2569 comparatur.
2255 2526 2323 2556 Pa-

1262 2589 1386 2622 trueles
1406 2590 1517 2622 autem
1548 2585 1739 2628 reliquique
1764 2582 1895 2626 cognati
1915 2591 1957 2616 ex
1990 2580 2153 2614 fratribus
2176 2578 2265 2611 inter
2287 2586 2322 2610 se

1261 2643 1427 2686 conjuncti
1455 2645 1533 2675 sunt
1562 2651 1570 2670 τ
1606 2651 1684 2675 nam
1714 2640 1887 2682 propterea
1919 2635 2011 2679 quod
2042 2644 2083 2668 ex
2111 2633 2229 2666 iisdem
2257 2632 2322 2664 orti

1261 2697 1355 2735 sunt,
1389 2694 1635 2739 quodammodo
1671 2691 1773 2725 etiam
1804 2689 1907 2723 iidem
1939 2688 2027 2721 inter
2056 2695 2093 2719 se
2117 2687 2207 2719 sunt.
2237 2685 2321 2718 Sunt

1260 2751 1373 2782 autem
1401 2749 1458 2782 alii
1493 2750 1709 2791 cognatorum
1740 2741 2015 2787 propinquiores,
2039 2739 2097 2773 alii
2129 2738 2318 2777 alieniores,

1261 2803 1353 2846 quod
1370 2803 1425 2837 vel
1451 2803 1586 2847 propius
1599 2802 1653 2835 vel
1667 2799 1798 2842 longius
1826 2797 1869 2830 ab
1883 2796 1930 2829 eis
1946 2795 2039 2829 abest
2059 2802 2174 2827 eorum
2194 2791 2321 2834 generis

1260 2859 1376 2891 auctor
1393 2860 1427 2892 et
1455 2858 1608 2900 princeps
1636 2869 1644 2888 ι
1673 2854 1796 2898 quibus
1825 2851 1914 2885 enim
1948 2848 2080 2891 longius
2105 2846 2246 2890 repetita
2270 2847 2321 2877 est

1259 2913 1464 2951 communio,
1486 2911 1609 2945 sensim
1637 2909 1735 2954 quasi
1763 2905 1952 2945 evanescit,
1987 2903 2066 2947 quia
2094 2899 2321 2945 progressione

1259 2965 1433 2999 minuitur.
1452 2967 1500 2999 Ea
1520 2974 1598 2998 vero
1617 2973 1695 3007 quae
1713 2961 1827 2996 liberis
1844 2970 1920 2994 curn
1945 2956 2141 3002 parentibus
2155 2957 2188 2988 et
2211 2952 2320 2986 homi-

1258 3018 1357 3052 nibus
1376 3028 1454 3052 cum
1472 3018 1535 3052 ‹leo
1559 3016 1704 3051 amicitia
1727 3014 1926 3054 intercedit,
1958 3014 1997 3045 ut
2027 3020 2103 3044 cum
2133 3009 2218 3041 bona
2235 3015 2321 3050 qua-

1258 3074 1336 3107 dam
1352 3083 1389 3107 re
1404 3075 1508 3117 atque
1521 3072 1704 3106 excellente
1723 3068 1898 3103 intercedit
1917 3077 1923 3098 :
1942 3066 2067 3109 quippe
2084 3060 2251 3096 beneficiis
2264 3068 2320 3091 eos

1258 3126 1413 3160 maximis
1438 3125 1640 3165 affecerunt,
1664 3133 1770 3167 quum
1795 3124 1829 3156 et
1858 3121 1937 3154 vitae
1958 3120 2113 3151 auctores
2136 3118 2169 3148 et
2190 3113 2317 3146 educa-

1259 3184 1349 3215 tores
1366 3182 1401 3214 et
1427 3179 1580 3214 doctores
1600 3178 1666 3212 sint
1682 3190 1690 3210 :
1716 3177 1773 3210 illa
1792 3177 1903 3209 autem
1918 3200 1925 3214 ‚
1944 3182 2022 3215 quze
2047 3171 2134 3203 inter
2160 3168 2318 3209 cognatos

1259 3233 1404 3267 amicitia
1421 3234 1492 3272 est,
1518 3233 1552 3266 in
1564 3230 1758 3275 aequalitate
1786 3227 1937 3261 consistit
1958 3235 1965 3254 ε
1990 3224 2091 3257 habet
2109 3224 2222 3254 autem
2241 3218 2318 3251 talis

1257 3287 1405 3321 amicitia
1423 3295 1463 3320 eo
1482 3285 1558 3328 plus
1581 3282 1803 3327 iucunditatis
1831 3283 1865 3313 et
1886 3277 2043 3312 utilitatis
2064 3285 2166 3319 quain
2200 3271 2317 3305 alieni-

141 3363 2310 3393 Μ

179 3437 198 3456 *
224 3437 367 3482 Ἀδελφοὶ
380 3439 416 3472 δὲ
431 3439 585 3478 ἀλλήλους
601 3440 649 3480 τῷ
666 3437 702 3470 ἐκ
715 3437 782 3470 τῶν
797 3435 906 3468 αὐτῶν
928 3434 999 3467 κτλ.
