2508 3776
236 318 316 371 ,Εἰ
339 318 408 372 γὰρ
434 317 475 358 τὸ
496 319 631 358 ἀδικεῖν
651 318 744 358 κατὰ
768 319 901 367 ταύτην
922 318 987 366 τὴν
1008 317 1144 358 ἀδικίαν

169 377 295 426 Q
313 375 424 429 ἐστίν,
444 377 467 424 ἢ
487 377 527 417 τὸ
546 377 652 416 πλέον
673 377 765 430 ἔχειν
792 377 959 432 θατέρου,
989 377 1057 423 ἔξει
1077 378 1143 415 αὗ-

119 421 219 493 ’.ῃῖ
264 461 269 471 ι
273 438 420 478 ”’πλέον
437 439 591 478 δὲαυτὸν
614 438 757 477 ἀδικῶν·
775 440 806 478 εἰ
823 439 859 478 δὲ
874 438 1016 480 πλεόνε
1002 443 1142 513 saurossg

141 489 220 544 45st
283 519 289 529 ι
317 496 415 537 ’καὶ
435 497 490 545 εἴη
510 497 552 538 ἂν
573 497 613 537 τὸ
645 498 730 538 αὐτὸ
755 497 817 537 καὶ
844 498 1028 551 προσθήκη
1051 499 1145 551 αὐτῷ

149 547 180 574 Ἀ
212 571 358 611 ρίσις,
370 555 460 611 ὅπερ
475 556 660 598 ἀδύνατον·
667 557 821 610 ἀνάγκη
841 558 910 612 γὰρ
930 557 970 597 τὸ
989 573 1145 598 τοιουτον

207 617 286 657 τὸ
306 615 495 671 ἐλάχιστον
515 619 551 656 ἐν
574 616 671 657 δυσὶν
700 610 805 656 εἶναι·
828 617 920 656 οὕτω
951 618 1019 670 γὰρ
1042 619 1146 657 δυνα-

147 742 152 746 '
170 782 178 786 „
195 762 198 766 >
206 734 302 777 καὶ
321 736 470 776 ἀδικεῖν.

127 839 195 857 .
217 811 232 838 ι
265 793 304 836 δὲ
323 796 461 853 ἀνάγκη
496 796 556 836 τὸν
590 796 778 836 ἀδικοῦντα
810 799 873 836 τοῦ
917 797 1145 849 ἀδικουμένου

225 851 339 904 τὴν
375 855 516 909 βλάὸην
549 857 684 903 ποιεῖν,
724 853 784 894 καὶ
820 856 987 900 ἑκουσίως
1012 856 1073 895 καὶ
1106 857 1145 894 ἐκ

204 929 325 961 etms:
347 914 531 968 βλάπτειν·
552 915 674 967 ὁγοίρ,
708 915 795 954 διότι
833 914 967 967 ἔπαθε,
1000 915 1040 954 τὸ
1061 914 1146 954 αὐτὸ

180 976 299 1024 ιιῦν,
313 975 353 1015 οὐ
373 974 470 1014 δοκεῖ
489 974 635 1013 ἀδικεῖν.
660 973 731 1014 Τὸν
752 973 827 1012 δὲ’
812 973 933 1013 εαυτὸν
956 975 1143 1014 ἀδικοῦντα

131 1031 159 1051 ’”’
150 989 336 1087 Σῖῖἱῃκατὰ
366 1034 496 1074 ταῦτὸν
515 1049 576 1072 και
608 1033 740 1072 ἀδικεῖν
775 1049 836 1072 και
859 1035 1066 1074 ἀδικεῖσθαι·
1088 1034 1145 1073 διὰ

122 1092 181 1134 {⁸
188 1091 325 1134 ναῦτον
343 1086 435 1132 εἶναι
452 1091 514 1133 καὶ
535 1093 725 1132 ἀδικοῦντα
741 1092 803 1131 καὶ
820 1092 1064 1144 ἀδικούμενον,
1084 1093 1145 1134 καὶ

98 1165 168 1212 ᾳ
195 1151 259 1193 καὶ
277 1152 410 1192 ἀδικεῖν
429 1151 491 1192 καὶ
511 1152 726 1191 ἀδικεῖσθαι·
749 1153 804 1190 δεῖ
835 1151 905 1206 ἄρα
927 1153 962 1191 ἐν
986 1155 1143 1192 πλείοσιν

96 1216 180 1259 ‘lgm
194 1210 327 1261 ταύτην
344 1210 410 1260 τὴν
427 1210 578 1251 ἀδικίαν·
599 1211 662 1250 οὐκ
677 1210 747 1264 ἄρα
773 1211 920 1251 δυνατὸν
941 1212 1044 1252 αὐτόν
1066 1229 1144 1252 τινα

61 1284 63 1287 ’
83 1246 216 1347 ἵψτὸν
236 1271 388 1313 ἀδικεῖν.
392 1271 505 1343 mEpo<
525 1269 562 1310 δὲ
589 1270 724 1316 τούτοις
749 1273 769 1311 ὁ
788 1272 918 1311 ἀδικῶν
941 1271 1039 1312 οὐδὲν
1060 1274 1147 1312 ἄλλο

143 1346 201 1387 ν,
217 1329 235 1356 ⁴
251 1330 277 1381 ἢ
293 1333 313 1371 ὁ
328 1333 437 1372 ποιῶν
457 1329 504 1370 τὰ
522 1331 616 1371 κατὰ
633 1330 736 1385 μέρος
755 1331 978 1383 ἀδικήματα
997 1331 1058 1372 καὶ
1076 1348 1149 1386 χω-

129 1406 234 1449 ‘mv
266 1393 347 1432 καθ’
368 1390 532 1431 ἕκασταο
561 1391 601 1431 οὖ
632 1390 779 1430 δύναταί
804 1407 856 1436 τις
877 1393 1037 1441 ἀδικεῖν,
1073 1391 1145 1432 οὔθ’

156 1446 279 1498 ἄλλο
295 1460 354 1490 vu
371 1456 494 1489 ποιεῖν·
511 1448 558 1489 τὰ
577 1449 614 1490 δὲ
633 1450 727 1490 κατὰ
747 1450 871 1503 μέρος,
886 1451 1016 1499 κλοπή,
1030 1450 1144 1505 ὕὸρις,

162 1508 249 1565 ‘1⁸‘
269 1509 503 1564 τοιχωρυχία·
529 1509 642 1554 οὐδεὶς
662 1509 700 1548 δὲ
717 1509 740 1558 ἢ
770 1510 914 1550 κλέπτει
933 1510 979 1550 τὰ
1000 1514 1144 1561 ἑαυτου,

81 1611 85 1614 ,
111 1615 133 1625 ¹·
184 1541 340 1613 ὶάυτοῦ
359 1572 480 1623 τοῖχον
513 1568 708 1623 διορύττει,
741 1567 912 1617 ἢὲαυτὸν
942 1571 1100 1624 ὓὸρίζει,
1121 1571 1144 1619 ἢ

79 1616 182 1674 ἦ]
215 1645 254 1670 ι.
273 1627 398 1675 Ὀλως
415 1630 454 1669 δὲ
480 1629 665 1683 ἐλέγχεται
685 1630 812 1682 ψευδος
842 1634 932 1669 εἶναι
952 1631 992 1670 τὸ
1021 1631 1143 1671 ἑαυτόν

77 1678 155 1747 ζ
171 1687 331 1739 ἀδικεῖν
364 1687 427 1728 καὶ
449 1689 618 1733 ἑκουσίως
653 1688 878 1738 ἀδικεῖσθαι,
903 1689 961 1728 διὰ
980 1694 1039 1730 τοῦ
1075 1693 1147 1744 691--

75 1754 121 1828 {s
151 1760 176 1806 Ἰ
191 1751 263 1802 τοῦ
269 1749 480 1798 ἀδικεῖσθαι,
497 1747 519 1788 ὅ
530 1749 606 1789 ἐστι
621 1748 663 1788 τὸ
679 1748 785 1789 ἄδικα
799 1748 951 1803 πάσχειν
967 1749 1068 1805 παρὰ
1081 1754 1147 1800 τὴν

282 1809 399 1857 λησιν.
429 1839 433 1844 .

59 1895 63 1902 ·
93 1900 129 1937 ,
61 1802 343 1927 (semsi
332 1868 477 1908 ·“ὅταν
498 1868 560 1908 καὶ
579 1868 760 1923 γινώσκῃ]
789 1870 879 1911 cod.
905 1869 988 1911 ὅταν
1010 1870 1072 1911 καὶ
1092 1887 1146 1924 γι-

58 1927 234 1991 κκομίι.
252 1950 308 1960 -
318 1927 501 1982 Ι’το’ίλλα]
536 1930 630 1969 cod.
662 1930 695 1967 τ’
721 1930 830 1968 ἄλλα.
860 1952 915 1960 --
938 1936 952 1953 ⁰
978 1931 1146 1983 ἀπαιτεῖ]

15 1988 69 2006 Α
56 1987 181 2067 «{ffl·
213 1986 359 2029 ἀπαιτεῖ.
381 2010 434 2019 —·
451 1988 591 2027 “duo
621 1986 736 2040 ἐστίν]
759 1988 880 2039 vulgo
910 1988 999 2028 ἄλλό
1034 1991 1143 2029 ἐστιν.

83 2054 176 2106 *3¹⁸⁰
192 2048 272 2088 καθ’
292 2046 452 2098 ἕκαστα]
487 2046 577 2085 cod.
610 2044 831 2087 καθέκαστα.
865 2069 920 2078 —
938 2048 951 2072 ¹
976 2048 1064 2088 ἄλλο
1088 2051 1147 2101 τι]

63 2065 214 2165 vulco
231 2102 384 2146 ωότι
401 2107 480 2155 -)

531 2219 624 2272 Κεφ.
655 2217 718 2266 ιη’.

78 1372 153 1413 ’ζ

86 2376 142 2408 ‘i'
195 2329 289 2366 Ὀτι
306 2333 419 2376 χεῖρον
437 2332 540 2400 κακὸν
560 2332 599 2365 τὸ
614 2332 741 2366 ἀδικεῖν
755 2335 815 2366 τοῦ
833 2333 1029 2367 ἀδικεῖσθαι.

55 2432 177 2471 cmi*
172 2431 349 2487 Φανερὸν
368 2432 428 2481 δι’,
449 2398 504 2473 ὅτι
525 2431 632 2486 ἄμφω
655 2432 720 2484 μὲν
739 2435 859 2488 φαῦλα
875 2433 936 2473 καὶ
954 2433 995 2474 τὸ
1014 2435 1142 2475 ἀδικεῖ·

52 2484 250 2540 mxci
270 2492 313 2533 τὸ
337 2492 491 2544 ἀδικεῖν,
524 2506 585 2530 και
614 2491 726 2545 γὰρ’
702 2508 812 2545 αμφω
842 2508 906 2532 του
937 2493 1047 2543 μέσου
1079 2494 1147 2541 ἔξω

51 2549 279 2602 ,·,τίπῡουσι
297 2551 417 2592 καὶτὸ
439 2550 503 2603 μὲν
534 2553 670 2591 ἀδικεῖν
692 2552 801 2592 πλέον
819 2553 917 2601 ἐστί,
938 2553 978 2592 τὸ
1006 2553 1043 2592 δὲ
1066 2556 1142 2594 ἀδι-

7 2624 12 2630 ·
43 2637 45 2641 -
89 2613 232 2653 αῖοθᾱι
244 2610 414 2660 ἵλαττον,
430 2609 524 2651 τὸδὲ
551 2612 818 2665 δικαιοπραγεῖν
840 2612 916 2652 ἴσον
938 2613 998 2652 καὶ
1019 2614 1144 2665 μέσον,

53 2669 272 2729 *impedi
297 2671 444 2724 ὑγιεινὸν
477 2672 513 2711 ἐν
541 2672 708 2746 ἰατρικῇ,
746 2672 807 2711 καὶ
838 2673 878 2711 τὸ
902 2674 1081 2713 εὐεκτικὸν
1111 2677 1146 2713 ἐν

54 2733 324 2785 metuat-e
345 2729 454 2785 ἄμφω
475 2728 539 2781 μὲν
560 2723 619 2769 ουν
645 2732 782 2784 φαῦλα,
809 2737 926 2787 χεῖρον
950 2733 987 2772 δέ
1009 2734 1084 2772 ἐστι
1105 2734 1145 2773 τὸ

88 2840 90 2842 v
157 2792 235 2832 ῖν
255 2790 310 2832 Τὸ
329 2790 394 2843 μὲν
413 2790 523 2844 γὰρ’
503 2791 638 2829 αδικεῖν
655 2790 716 2830 καὶ
740 2793 848 2830 κακόν
869 2793 970 2844 ἐστι,
994 2794 1055 2832 και
1076 2793 1145 2847 ψέ-

77 2851 150 2903 ’ζα
158 2866 200 2891 ι·
217 2851 280 2891 καὶ
297 2848 459 2900 κακόν,ἢ
477 2849 571 2890 κατὰ
585 2849 723 2889 τελείαν
736 2851 881 2900 κακίαν,
901 2851 979 2900 ἤτοι
993 2851 1057 2900 τὴν
1077 2869 1145 2892 κα-

5 2910 8 2915 ’
66 2905 105 2939 Γ
117 2918 132 2954 ᾖ
158 2934 161 2940 ·
203 2910 360 2961 ἀοικίαν,
380 2910 404 2958 ἢ
418 2910 482 2958 τὴν
501 2909 660 2962 μερικήν·
672 2909 769 2958 καὶῆ
789 2911 956 2956 ἑκουσίως
971 2912 1032 2951 καὶ
1050 2912 1142 2964 μετὰ

67 2962 103 3022 ’,
131 3010 133 3019 ³
202 2992 209 3002 a
237 2969 453 3021 σεως,ὅὲστι
468 2969 509 3009 τὸ
525 2969 665 3014 τελείως
680 2970 827 3019 ἀδικεῖν,
846 2970 869 3018 ἢ
886 2970 1060 3016 ἑκουσίωςΙ
1064 2972 1142 3025 μέν,

70 3028 107 3055 ‘⁶
142 3027 235 3080 μετὰ
252 3028 490 3083 προαιρέσεως
510 3028 548 3069 δέ
560 3028 679 3083 ,ὅπερ
702 3028 835 3086 ἐγγύς’
819 3045 896 3070 εστι
913 3047 974 3070 του
995 3032 1142 3082 ἀδικεῖν,

56 3086 209 3140 mnf·
228 3087 376 3129 τίλίιον·
398 3091 438 3129 οὗ
460 3089 531 3143 γὰρ
553 3088 648 3129 ἅπαν
671 3089 831 3130 ἑκούσιον
864 3090 1035 3144 βλαδερὸν
1055 3094 1135 3146 τῷ

58 3143 236 3195 1Πῇηῡῶν
256 3149 318 3189 καὶ
333 3148 468 3191 ἄδικον.
488 3149 542 3190 Το
556 3149 594 3189 δὲ
613 3151 811 3189 ἀδικεῖσθαι
825 3151 935 3190 κακὸν
952 3151 1016 3203 μέν
1033 3154 1142 3204 ἔστιν,

44 3200 294 3262 &istrum
312 3209 370 3259 δέ,
388 3209 442 3248 ὅτι
459 3209 508 3261 μὴ
528 3210 585 3249 διὰ
602 3209 776 3263 πονηρίαν
795 3209 819 3258 ἢ
840 3211 952 3260 ἄλλην
973 3211 1053 3251 τινὰ
1077 3228 1143 3252 κα-

47 3263 167 3307 πίω
182 3268 357 3309 ἀδικιῖταί
380 3285 446 3315 τις.
475 3271 564 3310 Καθ’
586 3269 674 3309 αὑτὸ
696 3268 761 3322 μὲν
790 3263 850 3309 ουν
873 3270 914 3310 τὸ
936 3271 1135 3311 ἀδικεῖσθαι

126 3421 146 3440 ”
166 3423 316 3467 Φανιρὸν
333 3424 368 3458 δέ
378 3425 442 3466 ,ὅτι
463 3426 560 3468 ἄμφω
573 3427 648 3458 κτλ.

586 170 887 211 ETHICORUM
917 169 1366 212 NICOMACHEORUM
1392 170 1775 212 PARAPHRASIS.

147 258 302 307 {niv
328 261 352 308 ἡ
375 256 582 308 πλεονεξία,
615 262 689 303 πῶς
722 259 868 300 δυνατὸν
903 258 1028 299 ἑαυτόν
1065 274 1145 298 τινα
1210 259 1295 292 mari
1316 259 1404 293 sinit.
1433 261 1543 303 Atque
1558 260 1606 293 ita
1626 260 1763 304 quidem
1779 259 1964 295 secundum
1980 259 2204 294 universalem
2218 260 2267 293 in-

127 667 238 720 Μὶ
265 675 451 731 ἀφαίρεσιν
473 678 546 718 nott>
558 677 765 732 προσθήκην
785 676 960 730 γενέσθαι·
992 679 1052 718 καὶ
1075 680 1146 717 ἀδι-
1156 685 1159 688 ’

2186 173 2264 213 429
2291 234 2295 238 ῃ

1207 319 1374 362 iustitiam
1393 321 1509 362 sponte
1531 319 1689 362 injuriam
1721 330 1787 354 non
1813 320 1919 364 accipi
1940 319 2149 354 ostendimus
2172 331 2181 354 ε
2212 329 2267 354 se-

1209 378 1357 411 cundum
1379 378 1582 421 singularem
1613 389 1710 420 vero,
1736 389 1814 423 quae
1841 382 1893 414 est
1920 380 2080 420 avaritia,
2099 379 2267 423 quomodo

1210 437 1278 471 fieri
1298 441 1411 481 queat,
1431 441 1467 472 ut
1489 439 1646 482 injuriam
1659 439 1722 472 sibi
1735 439 1805 482 ipse
1824 439 1944 473 inferat
1959 439 2110 483 aliquis?
2125 439 2161 473 Si
2179 439 2268 473 enim

1209 497 1365 540 injuriam
1381 498 1490 533 facere
1512 499 1547 532 in
1566 499 1629 532 hac
1655 499 1819 541 injustitia
1838 500 1923 533 nihil
1952 500 2045 534 aliud
2070 502 2139 539 est,
2162 509 2268 542 quam

1209 557 1285 600 plus
1302 558 1368 591 alio
1383 559 1524 601 habere,
1541 559 1678 592 habebit
1696 559 1767 602 ipse
1779 558 1856 602 plus
1869 569 1904 593 se
1924 559 2014 603 ipso,
2031 559 2090 602 qui
2106 559 2170 593 sibi
2184 559 2269 602 inju-

1208 618 1292 650 riam
1309 617 1389 651 facit
1407 630 1415 651 :
1437 618 1488 651 sin
1503 621 1616 652 autem
1634 619 1710 662 plus
1724 628 1760 652 se
1776 619 1863 661 ipso,
1881 619 1982 652 etiam
2003 619 2116 652 minus
2135 630 2142 651 :
2160 618 2269 652 idem-

1208 686 1274 719 que
1287 677 1318 710 ei
1338 680 1373 711 et
1389 678 1656 711 additamentum
1678 678 1741 712 erit
1760 680 1794 712 et
1817 678 1963 712 ademtio
1978 706 1985 718 ,
2005 678 2097 721 quod
2117 678 2188 711 fieri
2203 688 2268 711 non

1210 738 1319 778 potest
1335 749 1343 769 ι
1363 737 1530 780 siquidem
1554 746 1689 771 necesse
1719 739 1770 771 est
1783 737 1840 780 jus
1860 737 2023 780 ejusmodi
2040 737 2217 770 minimum
2230 738 2269 770 in

1209 795 1342 830 duobus
1359 807 1432 830 esse
1460 810 1468 829 ε
1487 807 1565 830 nam
1584 797 1631 830 ita
1659 799 1734 830 tum
1754 797 1843 830 demi
1872 798 1996 840 poterit
2016 797 2163 840 aliquid,
2194 799 2268 830 tum

1209 855 1287 888 addi
1307 867 1315 888 ε
1336 856 1384 888 ita
1395 855 1545 898 accipere
1560 855 1717 898 injuriam
1731 857 1764 889 et
1779 854 1911 890 inferre.

1253 918 1392 958 Insuper
1417 925 1551 950 necesse
1573 918 1644 955 est,
1665 918 1704 949 ut
1734 916 1764 949 is
1783 916 1842 959 qui
1871 916 2028 959 injuriam
2056 915 2154 958 facit,
2175 916 2270 960 prius

1209 984 1311 1017 quam
1330 975 1360 1008 is
1383 975 1443 1018 qui
1463 975 1600 1017 accipit,
1635 975 1877 1009 detrimentum
1906 976 2083 1019 importet,
2102 979 2203 1019 atque
2231 978 2270 1009 ut

1209 1036 1327 1076 sponte
1343 1035 1378 1067 et
1395 1036 1494 1076 capto
1510 1034 1650 1067 consilio
1667 1036 1785 1068 noceat
1805 1046 1812 1067 :
1830 1035 1990 1068 nimirum
2009 1035 2068 1078 qui
2087 1035 2167 1078 quia
2179 1036 2270 1078 inju-

1209 1093 1294 1127 riam
1326 1103 1445 1136 passus
1467 1095 1539 1134 est,
1577 1094 1780 1128 maleficium
1809 1094 1973 1128 maleficio
2002 1096 2139 1138 pensat,
2161 1094 2270 1129 facere

1210 1153 1370 1196 injuriam
1394 1163 1460 1187 non
1475 1153 1623 1187 videtur.
1647 1155 1736 1187 Eum
1752 1163 1833 1187 vero
1851 1154 1910 1196 qui
1928 1154 1993 1187 sibi
2009 1154 2164 1197 injuriam
2176 1154 2268 1193 facit,

1211 1212 1329 1246 eodem
1346 1214 1496 1256 tempore
1519 1215 1555 1246 et
1583 1212 1693 1247 facere
1716 1213 1874 1255 injuriam
1897 1222 2031 1247 necesse
2057 1215 2109 1247 est
2131 1214 2166 1246 et
2184 1213 2272 1246 acci-

1210 1281 1290 1315 pere
1313 1285 1322 1306 :
1343 1273 1424 1316 quia
1441 1273 1532 1306 idem
1546 1276 1598 1307 est
1612 1275 1647 1307 et
1664 1274 1724 1316 qui
1747 1272 1829 1306 facit
1845 1273 2001 1316 injuriam
2016 1274 2050 1306 et
2065 1273 2126 1316 qui
2137 1272 2269 1315 accipit,

1210 1332 1377 1375 simulque
1396 1331 1519 1366 inferre
1544 1334 1579 1366 et
1608 1332 1680 1375 pati
1699 1344 1707 1364 :
1734 1341 1840 1376 quare
1859 1332 1893 1366 in
1912 1332 2066 1375 pluribus
2082 1332 2170 1366 hanc
2189 1332 2274 1375 inju-

1211 1392 1296 1425 riam
1314 1401 1387 1426 esse
1404 1394 1537 1435 oportet
1555 1406 1564 1426 ε
1592 1392 1735 1436 ideoque
1752 1392 1826 1426 fieri
1843 1392 1977 1436 nequit,
1993 1394 2032 1425 ut
2048 1392 2169 1436 aliquis
2182 1392 2273 1435 inju-

1210 1451 1295 1485 riam
1309 1451 1373 1485 sibi
1395 1451 1507 1485 faciat.
1533 1451 1627 1485 Adde
1641 1452 1734 1495 quod
1748 1452 1808 1496 qui
1830 1452 1986 1495 injuriam
2004 1452 2086 1485 facit
2102 1462 2169 1485 non
2186 1452 2273 1485 alius

1214 1513 1266 1544 est
1278 1537 1288 1553 ‚
1306 1521 1410 1554 quam
1422 1512 1484 1554 qui
1506 1511 1542 1545 in
1561 1511 1661 1545 certis
1681 1514 1716 1546 et
1741 1511 1967 1554 singularibus
1991 1511 2190 1554 injuriarum
2214 1521 2273 1554 ge-

1210 1571 1346 1605 neribus
1372 1571 1498 1614 injusta
1531 1571 1600 1614 agit
1629 1583 1638 1604 2
1669 1581 1780 1614 neque
1807 1572 1877 1605 sine
1909 1571 2133 1614 singularibus
2161 1573 2272 1614 potest

1209 1631 1390 1674 quisquam
1426 1631 1551 1674 injuste
1579 1640 1677 1674 agere
1710 1633 1771 1664 aut
1808 1631 1942 1664 omnino
1971 1631 2114 1665 similem
2139 1631 2272 1674 culpam

1211 1690 1422 1724 committere
1445 1703 1454 1724 ι
1475 1692 1553 1724 sunt
1574 1699 1656 1724 vero
1677 1690 1858 1732 singularia
1883 1689 2029 1731 furtum,
2048 1689 2270 1731 contumelia,

1214 1750 1371 1790 verbera,
1394 1750 1563 1793 parietum
1580 1750 1766 1784 effractura
1787 1762 1794 1783 :
1814 1759 1913 1784 nemo
1929 1753 2042 1784 autem
2058 1750 2112 1783 vel
2134 1759 2196 1783 sua
2215 1749 2272 1783 fu-

1212 1811 1317 1849 ratur,
1346 1809 1398 1843 vel
1418 1810 1591 1852 proprium
1611 1809 1774 1853 parietem
1805 1808 1971 1852 perfodit,
1992 1809 2048 1843 vel
2071 1809 2272 1842 contumelia

1212 1878 1248 1902 se
1270 1869 1341 1912 ipse
1359 1868 1465 1902 afficit
1492 1871 1553 1902 aut
1580 1869 1746 1904 verberat.
1769 1869 1922 1913 Denique
1941 1869 2088 1912 aliquem
2103 1868 2167 1902 sibi
2183 1869 2273 1911 inju-

1213 1929 1296 1962 riam
1310 1928 1420 1962 facere
1433 1930 1468 1962 et
1485 1930 1602 1971 sponte
1620 1928 1769 1971 accipere
1786 1926 1909 1961 falsum
1929 1936 2001 1960 esse
2013 1927 2174 1970 probatur
2189 1926 2273 1960 defi-

1211 1988 1336 2021 nitione
1357 1988 1490 2031 injuriae
1516 1990 1680 2031 acceptae,
1704 1997 1783 2031 quae
1797 1989 1849 2021 est
1874 1987 2019 2021 hominis
2041 1986 2166 2030 injusta
2183 1995 2273 2030 prae-

1212 2050 1264 2081 ter
1272 2043 1489 2081 'voluntatem
1516 2056 1613 2081 suam
1628 2047 1797 2090 patientis.

1629 2224 1708 2267 Gap.
1732 2225 1853 2257 XVIII.

1302 2335 1402 2372 Majus
1418 2334 1534 2365 malum
1553 2342 1615 2365 esse
1631 2334 1887 2372 tacereinjuriam
1910 2343 2002 2374 quam
2028 2337 2177 2375 accipere.

1253 2441 1399 2483 Apparet
1419 2443 1555 2483 autem,
1576 2443 1760 2485 utrumque
1788 2441 1916 2475 malum
1937 2451 2026 2481 esse,
2059 2444 2093 2476 et
2121 2442 2271 2486 accipere

1212 2500 1369 2543 injuriam
1393 2504 1428 2535 et
1455 2501 1564 2535 facere
1580 2529 1588 2542 ,
1609 2502 1776 2545 siquidem
1803 2505 1988 2545 utrumque
2005 2504 2102 2537 extra
2118 2503 2270 2537 medium

1210 2563 1280 2603 cst,
1298 2563 1331 2595 et
1346 2562 1456 2595 facere
1468 2562 1605 2604 quidem
1625 2562 1702 2605 plus
1715 2562 1871 2602 habetur,
1888 2562 2038 2605 accipere
2051 2571 2130 2596 vero
2145 2563 2268 2603 minus,

1209 2623 1324 2655 contra
1343 2623 1434 2664 juste
1467 2631 1562 2663 agere
1583 2623 1617 2654 et
1634 2622 1764 2663 oequale
1792 2624 1827 2655 et
1844 2621 1993 2655 medium
2021 2623 2091 2662 est,
2120 2622 2208 2656 sicut
2235 2622 2271 2656 in

1210 2681 1375 2714 medicina
1399 2680 1533 2713 salubre
1556 2682 1658 2723 atque
1676 2680 1712 2713 in
1731 2680 1940 2723 gymnastica
1968 2682 2041 2714 arte
2066 2681 2173 2714 bonus
2194 2691 2270 2715 cor-

1210 2740 1300 2784 poris
1320 2739 1458 2773 habitus
1476 2753 1485 2773 :
1507 2741 1694 2783 utrumque
1714 2749 1792 2782 ergo
1807 2740 1935 2773 malum
1951 2742 2024 2782 est,
2041 2742 2075 2774 at
2095 2742 2191 2784 pejus
2216 2742 2270 2775 in-

1207 2801 1329 2844 juriam
1344 2799 1478 2833 inferre.
1497 2801 1649 2843 Namque
1664 2799 1798 2834 afficere
1818 2800 1901 2834 alios
1916 2800 2038 2843 injuria
2051 2803 2124 2834 tum
2142 2801 2267 2844 impro-

1209 2860 1289 2894 bum
1306 2861 1378 2900 est,
1405 2861 1480 2892 tum
1504 2859 1718 2902 vituperatur
1742 2862 1802 2893 :et
1827 2859 2017 2903 improbum
2036 2861 2184 2904 quidem,
2214 2861 2269 2895 vel

1207 2920 1371 2953 absolutae
1401 2919 1624 2962 improbitatis
1659 2921 1831 2963 respectu,
1868 2920 1904 2954 id
1925 2922 1992 2960 est,
2017 2921 2190 2963 injustitiae
2214 2921 2268 2955 vel

1208 2978 1406 3013 universalis
1418 3005 1426 3019 ‚
1448 2979 1503 3012 vel
1520 2979 1696 3022 singularis
1717 2992 1724 3013 :
1743 2981 1777 3013 et
1799 2980 1859 3013 aut
1885 2982 2002 3022 sponte
2021 2982 2055 3014 et
2078 2983 2174 3024 capto
2189 2990 2266 3014 con-

1208 3039 1301 3078 silio,
1331 3038 1424 3082 quod
1455 3039 1508 3072 est
1533 3037 1685 3072 absolute
1717 3039 1874 3082 injuriam
1901 3038 2031 3079 facere,
2063 3041 2124 3072 aut
2151 3041 2268 3082 sponte

1206 3097 1363 3141 quidem,
1389 3099 1425 3131 at
1443 3107 1510 3131 non
1538 3099 1636 3141 capte
1660 3098 1817 3138 oonsilio,
1833 3098 1925 3142 quod
1949 3099 2099 3142 proxime
2119 3099 2162 3132 ad
2182 3098 2268 3131 illud

1207 3156 1336 3191 accedit
1350 3183 1358 3196 ‚
1413 3156 1473 3190 sed
1518 3167 1585 3191 non
1626 3159 1679 3192 est
1722 3158 1915 3192 absolutum
1963 3169 1972 3191 z
2020 3168 2129 3202 neque
2179 3158 2267 3192 enim

1205 3218 1315 3251 omnis
1350 3217 1438 3251 actio
1455 3217 1663 3258 voluntaria,
1683 3227 1761 3262 quae
1789 3218 1887 3252 alteri
1906 3221 2022 3258 nocet,
2053 3218 2152 3251 simul
2175 3218 2266 3260 inJu-

1206 3280 1259 3311 sta
1279 3279 1343 3312 est.
1379 3278 1540 3321 Injuriam
1563 3287 1645 3312 vero
1666 3279 1836 3322 accipere,
1860 3278 1987 3312 malum
2021 3277 2159 3321 quidem
2187 3279 2260 3318 est,
