2508 3776
570 314 660 366 Κεφ.
695 314 753 354 ιδ’.

83 391 107 459 Ξ
130 405 219 450 'Du
233 411 392 452 οὗπαντη
415 413 599 456 ἀπᾴδουσιν
624 417 654 447 οἱ
676 415 846 458 λεγόμενοι
862 416 935 459 περὶ
955 419 1011 456 τῆς
1027 416 1181 459 εὐδαιμο-

99 468 108 494 1
178 458 251 499 νίας
258 460 352 504 παρὰ
368 461 435 494 τῶν
447 463 592 495 παλαιῶν
604 463 694 505 λόγοι
705 466 753 505 τῷ
768 463 910 506 λεχθέντι
927 465 1024 504 αὐτῆς
1040 465 1177 508 ὁρισμῷ.

92 614 98 635 ,·
189 587 212 610 ⁸‘
232 588 358 628 Ταυτα
383 581 504 639 μὲνῗ
464 603 523 627 ουν
540 587 688 628 καθόλου
705 588 785 642 περὶ
800 592 868 628 τῶν
889 590 1006 642 ἀρχῶν
1025 589 1174 642 εἴρηται.

131 629 230 700 Περὶ
248 645 284 686 δὲ
303 662 367 695 της
379 646 610 701 προκειμένης
622 651 707 698 ἡμῖν
729 649 862 701 ἀρχης,
880 651 942 695 τῆς
957 650 1178 700 εὐδαιμονίας

73 707 86 763 >³
137 705 320 755 δηλονότι,
349 706 520 747 σκεπτέον
538 706 602 746 ἔτι·
621 707 660 746 οὗ
693 706 796 758 μόνον
825 706 883 745 τὸν
905 707 1048 760 ὁρισμὸν
1069 711 1178 756 αὐτῆς

76 767 81 783 ·’
137 762 387 814 ἔξιτᾶσαντας,
419 766 482 805 καὶ
513 765 591 810 τους
618 764 740 817 λόγους
773 764 852 809 τοὺς
886 766 1178 818 συμπεράναντας

136 822 265 872 αὐτόν,
299 821 392 864 ἀλλὰ
410 823 471 863 καὶ
501 823 580 868 τοὺς
608 824 816 878 λεγομένους
845 823 926 877 περὶ
945 826 1053 873 αὐτῆς
1075 826 1175 878 παρὰ

65 883 83 939 J*
133 882 202 931 τῶν
228 883 389 922 παλαιῶν
421 884 560 931 ἀληθεῖς
585 882 733 936 λόγους,
763 884 793 922 εἶ
814 882 1007 937 συνᾴδουσι
1026 885 1076 936 τῷ
1097 886 1176 935 ὁρι-

132 942 227 996 85¹·sp-
253 943 316 995 Τῷ
341 939 405 994 μὲν
423 941 492 997 γὰρ
516 943 639 991 ἀληθεῖ
657 945 793 996 ὁρισμῷ
822 943 883 982 καὶ
900 942 1014 981 πάντα
1037 941 1176 997 συνᾴδει

59 1013 66 1023 ¹>
96 1018 100 1019 ⁷
131 998 178 1047 τὰ
194 999 371 1054 προσόντα
387 1002 438 1055 τῷ
453 1003 601 1055 ὃριστῷ,
622 1003 682 1040 καὶ
702 1002 760 1041 διὰ
777 1005 877 1041 τοῦτο
895 1001 958 1041 καὶ
976 1002 1006 1040 τ’
1020 1002 1112 1042 ἄλλα
1132 1003 1176 1042 τὰ

75 1059 88 1085 ³·
130 1059 303 1114 λεγόμενα
323 1059 404 1113 περὶ
435 1061 556 1101 αὐτοῦ.
575 1062 637 1115 Τῷ
667 1061 702 1100 δὲ
728 1061 853 1115 ψευδεῖ
881 1061 974 1114 ταχὺ
1009 1062 1177 1115 διαφωνεῖ

71 1121 78 1177 ι’
128 1118 171 1168 §b
200 1119 344 1168 ἅληθὲς.
375 1122 459 1162 Τῶν
490 1122 628 1173 ἀγαθῶν
661 1120 774 1160 τοίνυν
807 1121 853 1165 εἷς
872 1120 952 1172 τρία
975 1121 1175 1174 διαιρουμέ-

131 1194 222 1229 νων,
238 1180 299 1226 καὶ
318 1182 388 1220 τῶν
414 1179 478 1231 μὲν
495 1179 694 1232 λεγομένων
715 1179 832 1231 ἐκτός,
857 1181 926 1217 τῶν
953 1179 988 1218 δὲ
1008 1180 1088 1233 περὶ
1106 1182 1171 1234 ψυ-

131 1237 217 1292 χήν,
239 1240 310 1278 τῶν
331 1237 368 1278 δὲ
397 1238 479 1291 περὶ
507 1241 626 1291 σῶμα·
658 1237 702 1277 τὰ
726 1237 806 1291 περὶ
825 1237 942 1291 ψυχὴν
965 1238 1081 1290 ἀγαθὰ
1109 1255 1175 1278 κυ-

132 1297 287 1349 ριώτατα
305 1297 365 1336 καὶ
385 1297 542 1348 μάλιστα
561 1297 675 1350 ἀγαθὰ
709 1299 808 1346 κοινῇ
842 1295 973 1341 πάντες
1005 1296 1169 1350 λέγομεν.

133 1356 221 1408 ῌερὶ
240 1355 359 1410 ψυχὴν
378 1354 415 1395 δὲ
439 1357 586 1408 λέγομεν
615 1355 731 1407 ἀγαθὰ
761 1356 823 1400 τὰς
851 1355 992 1407 πράξεις
1023 1357 1084 1396 καὶ
1111 1357 1174 1403 τὰς

133 1411 303 1468 ἐνεργείας
330 1415 391 1460 τὰς
409 1414 577 1468 ψυχικάς.
656 1416 793 1455 Οὐκοῦν
826 1415 862 1452 αἱ
888 1414 1038 1468 ψυχικαὶ
1070 1418 1171 1469 πρά-

31 1461 67 1511 Τ
129 1470 197 1521 ξ-·ις
234 1473 295 1512 καὶ
325 1473 495 1525 ἐνέργειαι
531 1474 584 1513 αῖ
605 1473 735 1524 ἀγαθαὶ
768 1471 968 1524 κυριώτατα
1006 1473 1067 1512 καὶ
1101 1475 1171 1524 μά-

128 1531 233 1571 λιστά
254 1532 342 1571 εἰσιν
374 1531 504 1584 ἀγαθοί.
538 1531 602 1573 Ἔν
628 1547 673 1585 τῃ
694 1530 788 1570 κατὰ
817 1530 980 1584 qauz-hv*
957 1547 1026 1584 αρα
1057 1534 1172 1587 ἀγαθῇ

54 1624 63 1645 ⁵.
129 1589 282 1648 ἔνιργεία
301 1589 342 1630 τὸ
359 1589 575 1643 κυριώτατον
595 1589 656 1628 καὶ
677 1589 834 1640 μάλιστα
855 1589 986 1641 ἀγαθὸν
1006 1589 1172 1629 συνίστα-

59 1671 65 1673 -
126 1663 198 1698 3⁸⁸·
217 1650 330 1688 Τουτο
358 1649 397 1688 δέ
415 1651 510 1689 ἔστιν
541 1652 562 1696 ἡ
592 1647 811 1699 εὐδαιμονία.
837 1645 963 1688 Ἔστιν
993 1647 1100 1701 ἄραὴ
1121 1652 1172 1688 εὐ-

128 1707 292 1763 δαιμονία
311 1709 428 1763 ψυχῆς
455 1707 608 1761 ἐνέργεια
629 1707 709 1747 κατ’
730 1707 881 1761 ἀρετήν,
901 1707 962 1747 καὶ
982 1707 1073 1746 κατὰ
1087 1708 1172 1747 ταύ-

127 1782 192 1817 την
209 1766 274 1818 τὴν
303 1766 404 1814 δόξαν
436 1769 596 1807 παλαιὰν
629 1761 758 1815 ουσαν,
791 1766 853 1806 καὶ
886 1769 1105 1819 ὁμολογουμε
1098 1767 1171 1817 ’νην

41 1818 66 1871 '⁷
129 1825 198 1878 ὑπὸ
215 1828 285 1867 τῶν
307 1825 604 1881 φιλοσοφούντων.

181 1884 216 1904 '¹‘
235 1885 368 1940 Ὀρθῶς
386 1884 422 1924 δὲ
436 1885 576 1940 πράξεις
591 1885 680 1930 τινὲς
698 1884 860 1939 λέγονται
879 1884 969 1924 καὶ’
954 1883 1124 1937 ενέργειαι
1144 1888 1166 1934 ἡ

129 1942 348 1998 ὦδαιμονία·
369 1944 460 1984 οὕτω
479 1944 547 1999 γὰρ
564 1944 605 1984 ἂν
626 1944 679 1993 εἴη
699 1961 769 1984 των
787 1944 868 1997 περὶ
889 1942 1006 1998 ψυχὴν
1023 1945 1164 1997 ἀγαθῶν

32 1979 43 1998 Γ
59 2056 61 2058 q
125 2004 192 2056 καὶ
207 2005 247 2045 οὗ
260 2005 329 2044 τῶν
350 2005 460 2048 ἐκτός.

180 2062 247 2087 *⁸*
265 2064 335 2104 Διὰ
352 2067 456 2104 τουτο
474 2063 536 2102 καὶ
555 2065 573 2101 ὁ
590 2057 825 2114 εὖδαίμωντ
787 2079 824 2101 ευ
843 2061 1009 2113 πράττειν
1029 2061 1170 2116 λέγεται

125 2117 242 2164 καὶ
202 2139 240 2163 ευ
260 2125 336 2172 ζῆν·
359 2123 382 2162 ἃ
402 2122 576 2176 ἐνέργειαν
595 2122 655 2161 καὶ
673 2121 796 2174 πρᾶξιν
814 2122 971 2170 δηλοῦσι.

33 2186 36 2192 ’
181 2181 254 2202 ‘⁴⁸¹'
276 2182 451 2222 Φαίνεται
477 2180 514 2220 δὲ
535 2180 590 2220 ὅτι
612 2180 673 2220 καὶ
697 2180 742 2220 τὰ
761 2180 956 2255 ζητούμενα
975 2180 1075 2235 παρὰ
1102 2184 1170 2221 τῶν

60 2280 64 2282 ,
127 2240 320 2296 ἀνθρώπων
352 2241 400 2286 εἷς
430 2241 494 2288 τὴν
518 2240 740 2291 εὐδαιμονίαν
770 2240 1005 2292 ἐνυπάρχουσι
1033 2255 1083 2293 τῳ
1111 2240 1171 2279 λε-

125 2300 259 2359 χθὲντι.
283 2298 344 2340 Τὰ
364 2298 619 2351 ἐπιζητούμενα
648 2298 685 2338 δὲ
713 2301 785 2343 τοῖς
816 2298 879 2351 μὲν
899 2299 1004 2353 ἀρετή
1016 2330 1028 2350 ,
1046 2304 1118 2344 τοῖς
1135 2298 1170 2338 δὲ

155 2350 314 2415 ρόνησις,
344 2358 462 2404 ἄλλοις
485 2357 520 2397 δὲ
542 2358 647 2412 σοφία
667 2374 731 2403 τις.

181 2415 295 2442 *****
324 2419 410 2462 Τοῖς
429 2418 467 2457 δὲ
486 2417 546 2457 καὶ
569 2417 686 2456 πάντα
712 2433 823 2456 ταυτα
853 2416 1057 2469 εὐδαιμονία
1082 2411 1170 2457 εἶναι

129 2479 237 2522 δοκεῖ.
267 2479 352 2523 Τοῖς
368 2476 405 2517 δὲ
421 2476 552 2517 τούτων
571 2493 605 2516 τι
625 2478 702 2530 μεθ’
730 2478 850 2525 ἢδονης
861 2506 874 2524 ,
899 2476 990 2516 ἀλλὰ
1013 2493 1075 2525 της
1103 2478 1166 2516 ἀπ’

118 2538 242 2585 αὖτῶν
263 2553 396 2578 τουτων
413 2536 636 2590 τικτομένης.

181 2595 295 2615 ******
312 2593 457 2651 Ἔτεροι
477 2595 514 2635 δὲ
537 2594 598 2635 καὶ
612 2595 674 2643 τὴν
698 2595 795 2641 ἐκτὸς
815 2595 996 2649 εὐετηρίαν
1023 2610 1171 2646 συμπα-

131 2655 411 2715 ρολιιμόάνουσι.
433 2653 580 2695 Τούτων
597 2654 635 2693 δὲ
654 2654 698 2693 τὰ
717 2653 781 2707 μὲν
796 2654 921 2694 πολλοὶ
945 2654 1005 2693 καὶ
1023 2653 1169 2693 παλαιοὶ

103 2706 295 2770 λέγουσι,
317 2714 364 2755 τὰ
383 2714 420 2754 δὲ
435 2714 548 2766 ὀλίγοι
567 2713 627 2753 καὶ
652 2713 781 2760 ἔνδοξοι
809 2714 942 2766 ἄνδρες·
962 2717 1010 2752 ων
1034 2713 1169 2752 οὐδετε-

71 2773 360 2830 ρουςεῦλογον
379 2775 441 2821 τῆς
461 2771 624 2820 ἀληθείας
643 2774 679 2811 ἐν
696 2778 784 2812 πᾶσι
799 2771 1061 2824 διαμαρτάνειν·
1078 2771 1168 2810 ἀλλὰ

125 2836 207 2874 καθ’
226 2832 262 2872 t'v
282 2845 317 2873 τι
331 2832 468 2907 μόνονἸ
455 2847 559 2880 ισως,
577 2833 614 2872 ἐν
633 2837 703 2876 τοῖς
717 2833 893 2875 πλείστοις
912 2831 950 2870 δὲ
968 2830 1164 2878 ἀληθεύειν.

176 2892 262 2936 Τοῖς
281 2891 345 2944 μὲν
372 2885 431 2932 ουν
448 2891 591 2944 λέγουσι
617 2897 735 2930 πᾶσαν
756 2890 881 2944 ἀρετὴν
902 2890 967 2937 τὴν
1000 2891 1167 2940 εὐδαιμο-

125 2949 202 2992 νίαν
221 2943 332 3003 εἶναι,
364 2948 475 2998 ἢτῶν
505 2952 636 3004 ἀρετῶν
672 2949 734 2997 τὴν
768 2951 936 3002 ἀρίστην,
972 2947 1123 3001 συνῳδὸς
1151 2950 1168 2986 ὁ

124 3009 294 3065 ἡμέτερος
311 3009 392 3063 περὶ
411 3011 518 3058 αὐτῆς
536 3009 652 3061 λόγος.
674 3008 777 3049 Κατὰ
794 3007 861 3061 γὰρ
880 3008 944 3055 τὴν
959 3010 1020 3054 τῆς
1040 3008 1167 3059 ἀρετῆς

126 3066 301 3126 ἕνῖργειαν
324 3072 346 3118 ἡ
365 3069 569 3119 ευδαιμονία
591 3069 679 3110 ἐστί.
699 3068 864 3122 Διαφέρει
883 3068 939 3115 δέ,
968 3067 1021 3106 ὅτι
1047 3068 1078 3105 οἱ
1100 3066 1165 3118 μὲν

60 3128 175 3195 {Y
182 3132 228 3188 τῇ
243 3129 313 3176 ἕξει
335 3130 396 3168 καὶ
417 3129 540 3178 κτήσει
559 3130 624 3177 τῆς
649 3131 774 3182 ἄρετης
800 3128 863 3176 τὴν
881 3126 1105 3178 εὐδαιμονίαν
1123 3119 1168 3164 εἶ-

128 3179 209 3229 ναί
203 3204 334 3243 φασιν,
363 3193 465 3242 ἡμεῖς
496 3188 533 3228 δὲ
563 3190 598 3229 ἐν
616 3192 660 3242 τῇ
682 3188 808 3242 χρήσει
840 3187 900 3226 καὶ
924 3189 968 3238 τῇ
993 3185 1163 3239 ἐνεργεία.

135 3249 292 3304 Διαφορὰ
319 3249 357 3289 δέ
375 3251 468 3290 ἐστιν
498 3250 559 3288 οὗκ
590 3249 691 3300 ὀλίγη
717 3264 776 3287 του
797 3249 831 3286 ἐν
853 3247 974 3293 κτήσει
995 3243 1016 3292 ἢ
1039 3245 1166 3298 χρήσει

610 196 915 239 ETHILORUM
947 197 1401 242 NICOMACHEORUM
1428 201 1807 242 PARAPHRASIS.

2200 203 2277 248 319

1670 325 1748 366 Gap.
1771 325 1856 358 xw.

1241 420 1315 454 Quae
1337 419 1452 447 veteres
1471 418 1508 447 de
1532 418 1673 448 felicitate
1695 419 1837 448 dixerunt
1859 426 1922 449 non
1934 418 2061 449 omnino
2088 426 2106 448 a
2132 419 2282 456 superiori

1572 465 1748 495 delinitione
1766 466 1932 496 dissentire.

1279 599 1359 631 Haec
1371 598 1471 641 igitur
1489 599 1531 632 de
1553 599 1721 641 principiis
1736 600 1770 632 in
1794 609 1912 643 genere
1942 600 2031 633 dicta
2059 603 2146 634 sunt.
2167 602 2215 634 De
2241 610 2281 634 eo

1238 659 1349 691 autem
1366 658 1457 701 quod
1470 668 1557 691 nunc
1569 659 1780 701 peculiariter
1800 661 2003 698 tractamus,
2021 660 2117 702 plura
2138 660 2282 693 videnda

1237 719 1334 750 erunt
1352 716 1361 751 ὲ
1378 717 1420 751 de
1437 717 1594 751 felicitate
1614 718 1791 750 nimirum:
1809 727 1914 760 quare
1935 727 2001 751 non
2018 719 2149 751 tantum
2165 718 2281 751 denni-

1238 778 1359 810 tionem
1375 778 1448 819 ejus
1468 776 1729 810 examinabimus
1741 803 1748 815 ,
1767 776 1825 810 sed
1838 777 1937 810 etiam
1955 777 2083 819 singula
2098 786 2139 810 ex
2158 777 2282 819 quibus

1238 838 1366 870 constat
1377 836 1480 869 verba
1494 835 1705 877 inspiciemus
1718 861 1726 874 ‚
1751 844 1827 868 cum
1845 835 1968 878 quibus
1989 835 2106 869 deinde
2130 838 2282 869 veterum

1237 895 1406 937 opiniones
1424 894 1687 936 comparabimus
1697 920 1704 932 ,
1725 896 1764 926 ut
1779 894 2024 927 consideremus
2036 905 2115 927 num
2130 895 2210 928 huic
2227 903 2283 928 no-

1237 955 1315 985 strae
1343 951 1524 986 definitioni
1551 950 1780 993 respondeant.
1843 953 1940 984 Verae
1976 952 2061 985 enim
2100 952 2282 986 definitioni

1236 1010 1366 1048 omnia,
1389 1018 1466 1052 quae
1492 1009 1627 1042 definito
1642 1009 1776 1047 insunt,
1802 1008 1898 1042 facile
1918 1010 2125 1052 respondent,
2155 1019 2194 1043 ac
2210 1019 2283 1053 pro-

1235 1070 1350 1110 pterea
1374 1069 1408 1100 et
1435 1067 1500 1100 alia
1519 1075 1596 1109 quae
1614 1066 1656 1099 de
1677 1075 1716 1099 eo
1737 1066 1905 1100 dicuntur.
1928 1068 1955 1099 A
1974 1066 2056 1100 falsa
2074 1077 2153 1100 vero
2169 1068 2283 1101 statim

1236 1127 1388 1160 dissentit
1407 1125 1541 1159 veritas.
1564 1127 1676 1163 Quum
1692 1134 1769 1166 ergo
1794 1125 1830 1157 in
1847 1126 1917 1158 tres
1946 1127 2058 1167 partes
2079 1125 2282 1159 distribuan-

1236 1188 1292 1219 tur
1306 1186 1410 1224 bona,
1430 1184 1560 1227 aliaque
1574 1186 1729 1223 externa,
1751 1183 1815 1217 alia
1834 1183 1944 1223 animi,
1969 1184 2033 1217 alia
2055 1185 2199 1227 corporis
2211 1194 2282 1227 per-

1235 1245 1410 1278 hibeantur
1437 1253 1508 1277 esse
1526 1256 1534 1276 2
1555 1243 1657 1276 animi
1677 1243 1762 1276 bona
1787 1243 1954 1286 praecipua
1971 1245 2015 1287 ‚et
2034 1243 2180 1278 maxime
2197 1244 2282 1277 bona

1234 1304 1451 1337 communiter
1469 1312 1582 1336 omnes
1595 1302 1747 1336 dicimus.
1776 1302 1884 1335 Animi
1901 1304 2015 1335 autem
2030 1303 2116 1336 bona
2134 1303 2282 1337 actiones

1235 1363 1335 1397 animi
1350 1365 1384 1397 et
1400 1362 1548 1396 muneris
1568 1361 1755 1395 functiones
1771 1361 1985 1404 appellamus.
2009 1361 2104 1395 Unde
2119 1363 2212 1404 patet
2224 1370 2282 1394 ac-

1234 1422 1340 1456 tiones
1360 1422 1431 1464 ejus
1446 1422 1615 1464 bonasque
1638 1420 1785 1453 muneris
1807 1419 1879 1461 ejus
1897 1419 2082 1453 functiones
2098 1419 2282 1462 praecipuas

1233 1481 1445 1524 maximeque
1462 1481 1564 1514 bonas
1591 1489 1673 1513 esse.
1709 1481 1819 1518 Quare
1838 1478 1874 1511 in
1898 1478 1999 1511 animi
2025 1478 2110 1511 bona
2133 1479 2280 1512 muneris

1234 1539 1400 1573 functione
1418 1540 1454 1573 id
1467 1539 1555 1582 quod
1574 1539 1781 1582 praecipuum
1808 1537 2019 1580 maximeque
2042 1538 2165 1570 bonum
2181 1547 2282 1571 voca-

1233 1608 1309 1632 mus
1321 1624 1328 1638 ,
1349 1597 1510 1631 consistit.
1531 1599 1602 1630 Hoc
1619 1605 1698 1630 vero
1723 1598 1775 1630 est
1788 1595 1940 1629 felicitas.
1963 1595 2071 1628 Animi
2087 1605 2165 1637 ergo
2185 1598 2280 1629 actus

1234 1657 1392 1690 honestus
1410 1658 1461 1690 est
1476 1655 1619 1689 felicitas
1628 1682 1635 1694 ,
1655 1655 1755 1688 etiam
1768 1664 1809 1688 ex
1822 1655 1884 1687 hac
1899 1654 2060 1696 opinione,
2080 1663 2157 1697 quae
2171 1656 2204 1687 et
2219 1664 2280 1688 an·-

1232 1718 1326 1759 tiqua
1345 1718 1396 1750 est
1411 1717 1446 1749 et
1471 1715 1741 1758 philosophorum
1765 1714 1914 1748 omnium
1931 1713 2102 1756 suffragiis
2127 1723 2280 1758 compro-

1231 1775 1320 1807 bata.
1344 1774 1447 1807 Recte
1470 1774 1632 1816 praeterea
1651 1772 1818 1805 actionum
1836 1771 2046 1815 quarundam
2071 1774 2105 1805 et
2132 1773 2280 1806 muneris

1231 1832 1438 1867 functionum
1469 1840 1589 1864 nomen
1614 1830 1716 1864 habet
1741 1829 1883 1864 felicitas
1908 1830 1983 1863 :ita
2006 1830 2094 1864 enim
2117 1839 2159 1864 ex
2177 1831 2280 1864 animi

1231 1892 1326 1926 bonis
1350 1900 1424 1925 eam
1444 1899 1516 1924 esse
1531 1889 1719 1932 apparebit,
1739 1897 1800 1922 nec
1825 1888 1868 1922 ad
1894 1891 2031 1922 externa
2055 1887 2272 1924 referendam.

1234 1951 1378 1994 Ideoque
1394 1950 1476 1983 bene
1491 1958 1562 1982 rem
1579 1957 1692 1991 gerere
1707 1949 1742 1982 et
1753 1948 1835 1982 bene
1846 1948 1961 1982 vivere
1978 1947 2109 1987 dicitur,
2128 1948 2186 1991 qui
2198 1949 2279 1983 felix

1232 2011 1283 2043 est
1304 2020 1312 2040 τ
1333 2017 1411 2052 quae
1437 2007 1586 2041 muneris
1607 2005 1811 2040 functionem
1838 2006 2068 2048 actionemque
2094 2006 2267 2049 designant

1230 2069 1375 2110 Apparet
1387 2075 1486 2109 porro
1499 2067 1533 2099 et
1547 2075 1586 2099 ea
1600 2064 1678 2108 quae
1699 2065 1733 2097 in
1748 2064 1907 2098 felicitate
1930 2064 2078 2106 perfecta
2102 2065 2280 2107 requirun-

1230 2127 1298 2166 tur,
1328 2126 1363 2159 in
1388 2135 1427 2159 eo
1442 2125 1533 2168 quod
1551 2135 1572 2158 a
1596 2123 1691 2157 nobis
1713 2123 1841 2156 dictum
1866 2125 1927 2162 est,
1958 2122 2075 2157 inesse.
2100 2124 2279 2158 Hominum

1231 2185 1318 2219 enim
1338 2185 1394 2218 alii
1409 2184 1588 2223 virtutem,
1615 2183 1674 2216 alii
1690 2181 1920 2224 prudentiam,
1936 2181 1991 2214 alii
2014 2183 2207 2225 sapientiam
2224 2193 2279 2217 re-

1231 2244 1381 2287 quirunt.
1403 2243 1468 2276 Alii
1479 2243 1580 2276 etiam
1593 2242 1704 2275 omnia
1720 2241 1794 2274 haec
1814 2239 2005 2273 felicitatem
2024 2250 2096 2274 esse
2114 2242 2278 2284 judicant.

1231 2303 1294 2335 Alii
1309 2301 1437 2344 aliquid
1448 2302 1569 2334 horum
1585 2310 1662 2333 cum
1677 2299 1867 2341 voluptate,
1887 2298 1945 2332 sed
1968 2308 2044 2341 quae
2064 2309 2104 2332 ex
2122 2301 2175 2333 his
2195 2301 2277 2344 ipsis

1230 2360 1440 2403 potissimum
1454 2362 1621 2394 nascatur.

1273 2596 1358 2628 Sunt
1375 2595 1475 2628 etiam
1495 2594 1555 2637 qui
1568 2595 1737 2627 externam
1753 2593 1946 2627 felicitatem
1962 2593 2151 2636 adjungant.
2169 2595 2277 2636 Atque

1229 2654 1349 2687 horum
1361 2653 1426 2686 alia
1447 2653 1546 2686 multi
1559 2654 1594 2686 et
1605 2654 1735 2686 veteres
1751 2678 1759 2691 ,
1773 2652 1838 2685 alia
1856 2652 1953 2695 pauci
1971 2654 2005 2685 et
2023 2652 2105 2685 clari
2122 2653 2186 2686 viri
2204 2655 2274 2686 sta-

1230 2714 1329 2746 tuunt
1360 2726 1368 2747 :
1396 2721 1540 2755 quorum
1561 2713 1697 2745 neutros
1723 2711 1758 2744 in
1773 2711 1926 2744 omnibus
1953 2721 2080 2745 errasse
2097 2711 2277 2745 verisimile

1229 2773 1295 2813 est,
1325 2771 1384 2806 sed
1398 2772 1433 2805 in
1448 2780 1515 2805 uno
1538 2771 1678 2805 fortasse
1696 2770 1829 2813 aliquo,
1847 2770 1882 2803 in
1897 2770 2063 2813 plerisque
2085 2779 2165 2804 vero
2186 2772 2276 2803 recte

1228 2833 1380 2867 sensisse.
1443 2832 1519 2864 Jam
1544 2839 1624 2864 vero
1652 2838 1729 2863 cum
1756 2829 1798 2862 iis
1830 2829 1890 2872 qui
1922 2829 2027 2862 vitam
2053 2830 2186 2863 beatam
2218 2832 2276 2862 aut

1228 2900 1359 2925 omnem
1376 2890 1537 2924 virtutem
1560 2898 1631 2922 esse
1649 2888 1764 2922 dicunt
1781 2890 1840 2921 aut
1852 2888 2018 2921 virtutum
2036 2889 2273 2931 praestantissi-

1228 2961 1317 2984 mam
1343 2951 1493 2983 nostrum
1518 2948 1560 2982 de
1585 2957 1623 2982 ea
1643 2947 1794 2991 congruit
1817 2947 1991 2990 judicium.
2019 2948 2151 2981 Etenim
2181 2950 2275 2981 actus

1227 3012 1386 3045 honestus
1405 3008 1547 3043 felicitas
1563 3010 1623 3042 est.
1645 3007 1711 3042 Sed
1734 3007 1821 3041 inter
1845 3007 1919 3040 illos
1932 3009 1965 3041 et
1980 3016 2041 3041 nos
2054 3007 2118 3040 hoc
2130 3007 2275 3040 maxime

1227 3071 1382 3109 interest,
1398 3068 1489 3112 quod
1505 3067 1554 3102 illi
1571 3067 1607 3102 in
1622 3067 1761 3102 virtutis
1780 3067 1898 3100 habitu
1917 3068 1951 3100 et
1969 3066 2193 3109 possessione,
2216 3075 2275 3099 nos

1227 3131 1262 3165 in
1274 3141 1338 3165 usu
1355 3132 1389 3164 et
1400 3129 1548 3163 muneris
1565 3128 1737 3164 functione
1759 3126 1952 3161 felicitatem
1966 3126 2109 3169 positam
2122 3135 2192 3160 esse
2210 3135 2274 3169 pu-

1227 3192 1348 3224 tamus.
1375 3188 1440 3223 Sed
1456 3188 1602 3222 multum
1623 3187 1737 3227 refert,
1762 3189 1877 3220 utrum
1900 3186 1934 3219 in
1953 3186 2156 3229 possessione
2176 3195 2218 3219 an
2240 3186 2274 3218 in

1229 3259 1312 3289 usu,
1334 3248 1369 3282 in
1389 3248 1506 3282 habitu
1525 3256 1691 3283 summum
1704 3247 1829 3280 bonum
1851 3255 1974 3289 ponas,
2004 3255 2046 3279 an
2072 3245 2107 3279 in
2128 3244 2273 3279 muneris

170 3394 190 3415 ⁴⁸
218 3394 295 3437 Gap.
314 3398 345 3429 8.
363 3397 521 3429 Σκεπτέον
539 3397 578 3436 δὴ
594 3396 668 3440 περὶ
691 3397 789 3435 αὐτῆς
805 3396 875 3427 κτλ.
898 3411 934 3417 -—-
958 3394 996 3413 μ
1015 3392 1139 3436 Οοθῶς
1155 3392 1188 3424 δὲ
1200 3392 1257 3425 καὶ
1277 3393 1347 3424 κτλ.
1362 3406 1404 3416 -·
1424 3391 1484 3411 *⁴¹*
1506 3389 1640 3432 Συνᾴδει
1661 3389 1695 3422 δέ
1712 3389 1781 3422 κτλ.
1807 3404 1850 3412 -
1869 3386 1952 3408 *μ*
1979 3387 2136 3419 Φαίνεται
2155 3385 2189 3417 δὲ
2217 3385 2270 3416 καὶ

130 3441 259 3474 κτλ.-

273 3441 375 3462 μιν
394 3444 470 3480 Τοῖς
488 3442 523 3475 δὲ
539 3446 643 3474 ταῦτα
658 3444 729 3475 κτλ.
752 3457 792 3465 -·
809 3438 960 3460 *⁴¹⁸*
961 3439 1084 3482 Ετερυι
1108 3439 1140 3470 δὲ
1159 3439 1213 3471 καὶ
1230 3439 1299 3470 κτλ.
