2528 3788
318 244 371 285 98
1243 244 1507 288 SPEUSIPPI

314 329 419 369 Ἀλλὰ
438 334 495 368 τοῦ
519 330 579 379 μὲν
595 329 750 375 ἥδεσθαι.
765 351 817 358 -
833 330 888 368 De
903 331 1102 382 epistolica
1119 332 1347 372 salutatione

313 382 351 426 εῧ
378 389 565 439 πράττειν,
594 388 683 426 item
719 388 767 425 de
797 389 958 439 reliquis
989 390 1148 443 χαίρειν,
1182 389 1343 439 ἥδεσθαι,

313 446 475 496 ὑγιαίνειν
506 446 593 484 vide
616 446 735 484 Henr.
770 445 953 498 Stephani
975 447 1089 486 Thes.
1122 462 1152 486 s.
1174 462 1212 487 v.
1234 449 1345 501 πράτ-

310 519 393 541 τειν.
419 504 609 554 Diogenes
631 503 807 543 Laertius
829 505 868 543 in
889 505 1062 545 Platonis
1082 508 1163 545 vita
1182 507 1252 548 lib.
1270 508 1343 555 Ill,

311 563 356 598 61
387 563 566 601 ἐπιστολαὶ
585 562 809 615 τρισκαίδεκα
830 564 972 612 ἠθικαί,
1003 566 1037 603 ἐν
1058 558 1115 608 αἶς
1134 565 1280 619 ἔγραφεν
1308 560 1346 605 εῧ

311 619 496 671 πράττειν,
521 621 727 674 Ἐπίκουρος
753 622 788 661 δὲ
811 617 848 660 εὖ
871 622 1003 674 διάγειν
1019 653 1028 670 ,
1055 623 1177 662 Κλέων
1196 625 1345 679 χαίρειν,

308 677 377 716 ubi
412 680 570 718 consule
607 679 841 730 Menagium.
881 681 1066 720 Caeterum
1108 681 1345 735 Speusippus

309 735 511 787 Geryone,
541 739 602 776 vel
629 739 759 790 potius
783 739 941 777 Briareo
968 740 1102 791 plures
1138 749 1175 778 et
1210 754 1345 781 manus

308 803 344 831 et
363 795 478 845 pedes
501 796 706 835 habiturus
734 810 817 836 esse
846 798 1003 848 fingitur
1034 807 1192 850 propter
1214 801 1343 839 avari-

308 852 623 898 tiam..Videntur
643 857 746 894 enim
764 858 870 895 avari
892 858 1022 896 multis
1040 867 1077 895 et
1106 858 1286 898 manibus
1307 869 1345 898 et

307 911 473 960 pedibus
500 922 575 951 tam
603 914 652 952 ad
674 916 939 967 accipiendam
962 930 1076 968 quam
1098 917 1144 955 ad
1166 932 1342 969 quaeren·

306 969 392 1007 dam
414 974 616 1022 pecuniam
634 975 921 1025 quodammodo
941 988 1065 1025 cgere.
1088 997 1140 1005 —

360 1042 428 1068 229.
450 1029 545 1077 Ἤδη
578 1030 613 1069 δὲ
645 1035 712 1070 τῶν
743 1034 903 1072 παλαιῶν
924 1035 955 1071 οἱ
981 1034 1043 1084 μὲν
1070 1035 1184 1072 πάντα
1210 1035 1342 1089 θεωρή-

307 1102 404 1134 ματα
439 1089 557 1127 καλεῖν
585 1089 739 1137 ἠξίωσαν
754 1120 765 1139 ,
787 1093 833 1136 ὥς
856 1094 886 1130 οἱ
918 1092 998 1146 περὶ
1024 1093 1254 1133 Σπεύσιππον
1280 1093 1341 1132 καὶ

309 1143 518 1198 Ἀμφίνομον
530 1178 544 1198 ,
571 1149 758 1200 ἡγούμενοι
783 1156 860 1195 ταῖς
879 1155 1103 1203 θεωρητικαῖς
1126 1151 1338 1202 ἐπιστήμαις

303 1205 505 1257 οἰκειότερον
526 1200 613 1245 εἶναι
629 1207 692 1254 τὴν
712 1210 780 1246 τῶν
798 1209 1035 1262 θεωρημάτων
1054 1210 1292 1263 προσηγορίαν
1316 1210 1337 1258 ἢ

303 1262 366 1309 τὴν
394 1266 462 1302 τῶν
489 1265 771 1316 προὸλημάτων,
803 1267 916 1311 ἄλλως
943 1284 980 1306 τε
1014 1269 1072 1306 καὶ
1103 1269 1183 1320 περὶ
1216 1269 1338 1307 ἀϊδίων

302 1321 525 1371 ποιουμέναις
555 1322 633 1366 τοὺς
651 1323 787 1376 λόγους.
818 1327 871 1364 Οὐ
891 1326 956 1378 γάρ
977 1329 1049 1365 ἐστι
1068 1326 1199 1378 γένεσις
1217 1329 1252 1365 ἓν
1273 1328 1341 1371 τοῖς

302 1379 444 1430 ἀϊδίοις,
466 1380 555 1419 ὥστε
582 1381 659 1420 οὔτε
679 1383 718 1421 τὸ
737 1383 928 1435 πρόὸλημα
954 1384 1073 1436 χώραν
1088 1391 1104 1407 ‘²
1124 1384 1182 1422 ἐπὶ
1207 1385 1338 1424 τούτων

301 1437 343 1475 ἂν
382 1439 475 1491 ἔχοι,
510 1441 641 1492 γένεσιν
679 1442 974 1492 ἐπαγγελλόμενον
1007 1442 1066 1481 καὶ
1103 1442 1242 1490 ποίησιν
1278 1447 1337 1483 τοῦ

300 1495 408 1545 μήπω
428 1498 593 1551 πρότερον
612 1498 725 1548 ὄντος,
763 1493 832 1538 οἷον
862 1501 1063 1553 ἰσοπλεύρου
1082 1501 1251 1553 τριγώνου
1277 1503 1335 1542 σύ-

300 1570 422 1594 στασιν
435 1585 446 1607 ,
465 1555 488 1603 ἢ
512 1558 727 1609 τετραγώνου
748 1558 901 1605 δοθείσης
922 1559 1052 1603 εὐθείας
1071 1561 1088 1583 ¹³
1108 1563 1308 1613 ἀναγραφήν
1323 1591 1333 1610 ,

297 1612 319 1658 ἢ
353 1613 486 1658 εὐθείας
515 1615 600 1667 πρὸς
627 1618 678 1668 τῷ
706 1615 835 1654 δοθέντι
860 1618 997 1670 σημείῳ
1032 1618 1135 1656 θέσιν.
1177 1616 1335 1669 Ἄμεινον

297 1666 376 1722 οῧν,
397 1672 500 1725 φασί,
519 1673 632 1724 λέγειν
646 1674 698 1712 ὅτι
717 1674 829 1713 πάντα
848 1678 958 1714 ταῦτα
977 1675 1065 1716 ἔστι.
1088 1677 1164 1721 Τὰς
1185 1677 1220 1715 δὲ
1241 1678 1335 1730 γενέ-

297 1745 366 1773 σεις
387 1732 499 1770 αὐτῶν
527 1735 564 1771 οὗ
591 1736 801 1781 ποιητικῶς,
834 1734 924 1772 ἀλλὰ
959 1737 1155 1786 γνωστικῶς
1175 1738 1334 1787 δρῶμεν,

295 1791 340 1832 ὡς
361 1789 402 1827 ἂν
422 1790 452 1828 εἷ
471 1790 656 1841 γιγνόμενα
686 1791 922 1841 λαμὸάνοντες
942 1793 986 1831 τὰ
1008 1794 1062 1832 ἀεὶ
1086 1793 1182 1834 ὄντα.
1218 1793 1335 1833 “ssot-s

296 1846 354 1884 καὶ
374 1846 488 1885 πάντα
506 1851 722 1901 θεωρητικῶς
742 1851 906 1902 ἐροῦμεν,
928 1857 942 1874 ⁶
969 1852 1047 1890 ἀλλ’
1066 1855 1104 1891 οὗ
1120 1852 1334 1904 προὸλημαε-

295 1907 398 1949 τικῶς
415 1905 668 1956 λαμὸοίνεσθαι.
702 1908 748 1946 Οἱ
771 1908 805 1945 δὲ
830 1909 1004 1948 ἀνάπαλιν
1036 1910 1150 1948 πάντα
1169 1911 1332 1964 προὸλή-

298 1977 393 2010 ματα
414 1961 526 2014 λέγειν
553 1964 742 2011 ἐδικαίουν,
765 1967 810 2009 ὡς
830 1967 860 2004 οἱ
881 1965 961 2018 περὶ
986 1966 1195 2018 Μέναιχμον
1217 1972 1334 2018 μαθη-

298 2020 458 2068 ματικοί·
495 2020 556 2067 τὴν
593 2020 629 2059 δὲ
669 2022 843 2074 προὸολὴν
880 2017 969 2062 εἶναι
1006 2025 1145 2073 διττήν,
1180 2026 1235 2064 ὁτὲ
1271 2025 1333 2075 μὲν

298 2080 508 2130 πορίσασθαι
537 2083 575 2117 τὸ
603 2081 832 2132 ζητούμενον,
866 2083 921 2121 ὁτὲ
951 2083 987 2121 δὲ
1010 2083 1027 2106 ‘¹
1058 2084 1330 2136 περιωρισμένον

296 2135 466 2180 λαὸόντας
488 2138 568 2175 ἰδεῖν
588 2138 609 2184 ἢ
631 2139 664 2176 τί
683 2141 775 2177 ἐστιν
791 2170 801 2189 ,
824 2139 846 2186 ἢ
865 2140 961 2178 ποῖόν
983 2140 1015 2178 τί
1032 2143 1146 2189 ἐστιν,
1166 2142 1188 2189 ἢ
1206 2142 1239 2180 τί
1258 2157 1334 2181 πα-

297 2197 353 2233 θόν
368 2225 379 2243 ,
406 2194 536 2241 ἢτίνας
556 2197 628 2248 ἔχει
648 2198 730 2249 πρὸς
751 2197 836 2236 ἄλλο
853 2199 1001 2250 σχέσεις.
1026 2200 1098 2238 Καὶ
1114 2199 1252 2250 λέγουσι
1273 2200 1334 2249 μὲν

298 2254 403 2305 ὀρθῶς
436 2254 641 2307 ἀμφότεροι.
671 2256 742 2294 Καὶ
767 2256 833 2309 γὰρ
859 2258 891 2295 οἳ
915 2258 995 2310 περὶ
1015 2258 1244 2298 Σπεύσιππον
1273 2275 1336 2298 κα-

300 2308 381 2349 λῶς.
420 2307 472 2345 Οὐ
504 2307 572 2358 γὰρ
606 2309 750 2347 τοιαῦτά
772 2311 845 2348 ε’στι
879 2310 917 2348 τὰ
939 2311 1178 2362 προὸλήματα
1198 2328 1335 2363 γεωμε-

299 2363 416 2417 τρίας,
446 2359 502 2402 οἶα
526 2365 569 2403 τὰ
603 2371 816 2419 μηχανικῆς.
854 2368 1018 2416 Αἶσθητὰ
1043 2369 1113 2421 γὰρ
1135 2375 1246 2409 ταῦτα
1275 2371 1334 2410 καὶ

301 2509 351 2539 est
364 2533 371 2547 ,
401 2508 459 2540 sed
486 2517 584 2549 quam
615 2509 736 2550 laetari,
762 2519 827 2551 quo
853 2512 1026 2545 Lasthenia
1058 2514 1162 2546 utitur
1192 2523 1286 2555 aeque
1303 2524 1340 2547 ac

301 2566 499 2608 speusippus
512 2592 520 2605 ‚
538 2567 593 2608 qui
611 2577 646 2600 se
661 2569 787 2601 Platoni
810 2569 911 2604 fuisse
938 2573 1124 2614 auctorem,
1151 2574 1190 2607 ut
1207 2573 1241 2606 in
1256 2573 1340 2606 Sici—

302 2624 380 2656 liam
398 2625 566 2666 navigaret
581 2626 768 2668 confitetur,
782 2629 815 2660 et
828 2629 986 2670 Geryone,
1007 2631 1059 2663 vel
1083 2631 1189 2672 potius
1208 2631 1341 2665 Briareo

303 2684 412 2725 plures
430 2686 464 2717 et
483 2694 598 2718 manus
617 2687 651 2720 et
666 2687 764 2728 pedes
778 2688 952 2723 habiturus
972 2693 1033 2724 est.

346 2746 416 2775 229.
437 2745 508 2776 Jam
523 2753 600 2777 vero
613 2746 760 2779 veterum
777 2746 834 2779 alii
845 2748 953 2781 omnia
966 2750 1130 2792 appellare
1141 2751 1344 2785 theoremata

304 2802 495 2842 voluerunt,
516 2804 552 2835 ut
574 2804 745 2846 Speusippi
760 2805 1035 2849 Amphinomique
1062 2810 1257 2852 sectatores,
1278 2811 1343 2844 rati

305 2860 460 2893 doctrinis
475 2862 736 2903 contemplativis
756 2864 859 2906 magis
878 2874 950 2898 esse
975 2868 1137 2909 propriam
1158 2869 1343 2902 theorema-

303 2920 377 2957 tum
417 2919 682 2961 appellationem,
718 2931 817 2964 quam
859 2925 1117 2967 problematum,
1161 2928 1342 2968 praesertim

303 2986 406 3018 quum
432 2977 473 3011 de
499 2979 629 3011 aeternis
657 2979 850 3021 disputetur.
917 2985 1018 3016 Ortus
1042 2985 1128 3017 enim
1152 2986 1185 3018 in
1210 2987 1341 3019 aeternis

304 3045 369 3068 non
395 3037 454 3069 est.
517 3038 734 3075 Quamobrem
768 3048 873 3081 neque
905 3042 1071 3082 problema
1096 3044 1205 3077 locum
1227 3045 1260 3077 in
1290 3046 1342 3078 his

304 3094 436 3136 quidem
445 3094 589 3129 habebit.
601 3099 710 3130 ortum
727 3098 1022 3141 confectionemque
1044 3102 1125 3143 ejus,
1145 3103 1232 3144 quod
1252 3104 1342 3145 prius

302 3162 367 3186 non
391 3154 461 3187 erat
491 3155 729 3196 promittendo,
748 3157 838 3189 verbi
864 3166 963 3190 causa
987 3159 1139 3200 trianguli
1163 3162 1343 3203 aequilateri

309 3211 575 3247 constitutionem
588 3238 596 3253 ,
630 3213 682 3247 vel
708 3215 860 3255 quadrati
886 3216 962 3248 data
988 3219 1077 3260 recta
1109 3218 1193 3251 linea
1211 3219 1334 3253 descri-

301 3271 458 3314 ptionem,
474 3273 528 3305 vel
544 3274 642 3306 rectae
654 3273 747 3306 lineae
763 3275 796 3307 in
809 3274 886 3307 dato
900 3269 1020 3316 puncto
1034 3277 1237 3318 positionem.
1250 3279 1335 3310 Prae-

302 3331 368 3363 stat
394 3331 504 3373 igitur‚
527 3331 718 3374 (inquiunt)
741 3332 850 3366 dicere
875 3333 947 3366 haec
970 3335 1077 3367 omnia
1095 3344 1178 3369 esse.
1239 3338 1339 3369 Ortus

302 3392 413 3422 autem
427 3390 572 3432 ipsorum
591 3400 656 3423 uon
671 3392 887 3430 conficiendo,
909 3393 967 3426 sed
992 3394 1216 3436 cognoscendo
1237 3395 1339 3427 cerni-

303 3457 398 3490 mus,
420 3450 453 3481 in
469 3458 583 3483 eorum
610 3458 686 3491 quae
710 3449 796 3484 fiunt
825 3460 959 3485 numero
985 3454 1108 3485 aeterna
1135 3455 1337 3495 reponentes.

1406 330 1536 378 γένεσιν
1559 330 1700 383 ἔχοντα,
1719 329 1779 369 καὶ
1799 329 1965 368 παντοίαν
1983 331 2195 381 μεταὸολήν.
2219 334 2292 373 Καὶ
2307 333 2339 373 οἱ
2357 331 2439 388 περὶ

1405 389 1462 428 τὸν
1480 387 1699 441 Μέναιχμον.

1460 447 1643 499 (Proclus
1659 455 1905 486 commentar.
1919 447 1962 484 in
1976 447 2089 498 prim.
2108 447 2255 487 Euclid.
2272 450 2438 489 elemen-

1409 515 1483 545 tor.
1514 505 1585 545 lib.
1617 506 1668 554 11,
1700 507 1722 544 8
1743 519 1836 558 pag.
1864 519 1912 543 22
1944 505 2008 546 ed.
2043 519 2153 557 graec.
2178 506 2292 547 Basil.
2329 506 2441 554 1533.

1407 563 1466 604 Cf.
1490 565 1632 617 interp.
1654 565 1722 605 lat.
1745 565 1902 616 (patav.
1940 564 2065 617 1560)
2086 578 2171 617 pag.
2194 565 2255 610 45.
2279 565 2385 606 πάλιν
2404 565 2442 605 δὲ

1407 617 1451 661 αῧ
1471 622 1514 661 τὰ
1537 623 1604 662 ἀπὸ
1623 625 1690 661 τῶν
1709 625 1825 676 ἀρχῶν
1849 626 1894 667 εἰς
1912 622 2050 675 προὸλή
2058 639 2153 674 ματα
2176 624 2364 677 διαιρεῖται
2381 623 2443 664 καὶ

1406 681 1614 734 θεωρήματα
1626 711 1636 730 ,
1650 682 1693 720 τὰ
1713 680 1775 733 μὲν
1793 680 1854 725 τὰς
1870 680 2020 733 γενέσεις
2038 680 2248 734 περιέχοντα
2266 683 2337 720 τῶν
2349 696 2440 735 σχη-

1408 739 1525 791 μάτων
1545 738 1679 783 καὶτὰς
1692 737 1800 789 τομὰς
1815 739 1873 777 καὶ
1892 739 1953 784 τὰς
1970 740 2168 794 ἀφαιρέσεις
2183 738 2207 788 ἢ
2226 737 2442 793 προσθέσεις,

1406 796 1465 837 καὶ
1491 797 1577 841 ὅλως
1595 796 1640 836 τὰ
1659 797 1853 847 παθήματα
1877 798 1920 837 τὰ
1939 798 2127 851 γιγνόμενα
2147 798 2226 852 περὶ
2257 798 2371 847 αὔτα,
2397 798 2442 837 τὰ

1407 857 1443 895 δὲ
1464 855 1541 895 καθ’
1561 854 1650 894 αὑτὰ
1672 856 1922 907 συμὸεὸηκότα
1942 857 2099 902 ἑκάστοις
2121 857 2334 898 δεικνύοντα.
2359 857 2442 898 Κα-

1406 914 1517 968 θάπερ
1529 914 1599 967 γὰρ
1621 914 1656 952 αἱ
1675 915 1855 962 ποιητικαὶ
1880 917 1948 953 τῶν
1976 917 2184 968 ἐπιστημῶν
2213 914 2357 969 Θεωρίας
2376 931 2441 967 με·

1405 972 1567 1025 τέχουσι,
1587 973 1679 1012 κατὰ
1699 973 1743 1011 τὰ
1766 972 1854 1011 αὐτὰ
1877 972 1914 1012 δὲ
1934 974 1993 1012 καὶ
2010 977 2046 1014 αἱ
2067 975 2273 1028 θεωρητικαὶ
2291 973 2337 1014 τὰ
2355 989 2443 1027 προ-

1404 1032 1571 1082 ὂλήματα
1588 1038 1663 1076 ταῖς
1681 1032 1861 1080 ποιήσεσιν
1879 1030 2046 1085 ἀνάλογον
2060 1029 2440 1088 προειλήφασιν.Ἤδη

1404 1089 1439 1127 δὲ
1453 1093 1520 1129 τῶν
1537 1093 1695 1129 παλαιῶν
1715 1093 1793 1129 κτλ.
1817 1091 1922 1130 Nihil
1944 1094 2090 1133 mutavi
2109 1094 2152 1133 in
2166 1092 2299 1133 verbis
2316 1092 2442 1133 οἶκειό-

1403 1163 1498 1200 τερον
1537 1142 1629 1187 εἶναι
1673 1148 1737 1196 τὴν
1778 1151 1845 1188 τῶν
1894 1151 2129 1204 θεωρημάτων
2181 1149 2440 1206 προσηγορίαν,

1404 1207 1581 1256 quamvis
1614 1208 1756 1246 rectius
1798 1208 1947 1247 dicatur
1979 1208 2207 1262 οἰκειοτέραν.
2249 1209 2326 1248 Sed
2351 1210 2441 1249 vide

1403 1264 1578 1316 Thucyd.
1605 1265 1685 1313 111,
1719 1279 1815 1313 10¹3
1838 1266 1893 1314 V,
1923 1280 2017 1315 110,
2041 1275 2084 1305 ut
2113 1267 2189 1305 alia
2218 1266 2442 1318 hujusmodi

1401 1324 1577 1375 exempla
1594 1325 1782 1362 omittam.
1802 1323 1847 1362 In
1867 1323 2118 1375 sequentibus
2138 1325 2292 1364 correxi
2310 1339 2319 1363 :
2335 1328 2352 1348 ⁸
2370 1323 2443 1378 χώ-

1404 1382 1493 1432 ραν]
1515 1382 1623 1419 codd.
1655 1381 1773 1435 χωρίς.
1805 1403 1859 1411 -
1886 1383 1903 1405 ¹³
1923 1382 1946 1430 ἢ
1963 1381 2179 1436 τετραγώνου
2211 1381 2364 1432 δοθείσης
2382 1384 2440 1422 εὖ·

1401 1445 1493 1486 θείας
1515 1442 1739 1495 ἀναγραφήν,
1768 1442 1791 1490 ἢ
1812 1442 1943 1487 εὐθείας
1961 1444 2047 1497 πρὸς
2067 1445 2119 1496 τῷ
2140 1442 2274 1483 δοθέντι
2301 1443 2440 1499 σημείῳ

1401 1500 1518 1552 θέσιν]
1543 1500 1656 1539 codd.
1680 1500 1702 1547 ἢ
1730 1500 1966 1553 τετραγώνου,
1994 1501 2150 1548 δοθείσης
2173 1501 2329 1551 εὐθείας,
2353 1501 2440 1556 πρὸς

1399 1562 1448 1608 τῶ
1466 1558 1595 1597 δοθέντι
1613 1559 1767 1612 σημείῳ,
1788 1559 1810 1606 ἢ
1831 1559 2054 1613 ἀναγραφήν,
2067 1561 2090 1608 ἢ
2108 1559 2213 1602 θέσιν.
2235 1582 2290 1592 -
2306 1566 2322 1584 ⁶
2340 1561 2440 1614 {pot-

1399 1616 1484 1667 μεν]
1505 1617 1600 1655 libri
1631 1619 1790 1669 ὃροῦμεν.
1809 1640 1863 1648 —-
1881 1617 1898 1641 ‘¹
1919 1618 1976 1656 ὁτὲ
2005 1619 2041 1658 δὲ
2074 1617 2350 1673 περιωρισμένον
2376 1620 2441 1658 λα-

1398 1674 1520 1720 ὅόντας
1539 1677 1621 1714 ἰδεῖν
1636 1676 1659 1723 ἢ
1679 1676 1712 1714 τί
1734 1678 1824 1715 ἐστιν
1839 1706 1850 1725 ,
1875 1677 2008 1723 ἢποῖόν
2021 1677 2057 1716 τί
2075 1678 2168 1716 ἐστιν
2181 1707 2193 1728 ,
2209 1677 2234 1725 ἢ
2253 1676 2289 1716 τί
2307 1677 2440 1731 παθόν]

1397 1734 1510 1774 codd.
1526 1732 1581 1772 ὅτε
1603 1733 1639 1772 δὲ
1665 1734 1936 1787 περιωρισμένον
1960 1734 2130 1780 λαὸόντας
2162 1736 2244 1776 ἰδεῖν
2273 1734 2306 1775 εἴ
2328 1750 2381 1780 τις
2409 1738 2442 1774 ἐ-

1398 1791 1496 1844 στὶν,
1517 1791 1540 1839 ἢ
1558 1791 1656 1831 ποῖόν
1674 1808 1708 1831 τι
1728 1793 1822 1843 ἐστι,
1843 1789 1867 1841 ἢ
1893 1793 1928 1831 τί
1946 1793 2060 1834 πόθεν.
2083 1793 2157 1846 -)

1451 1864 1518 1889 230.
1548 1851 1708 1889 Καθόλου
1728 1850 1796 1902 γάρ
1814 1866 1918 1904 φησιν
1940 1852 1958 1889 ὁ
1977 1851 2205 1896 Σπεύσιππος
2219 1879 2231 1899 ,
2248 1845 2304 1901 ,ὧν
2320 1854 2343 1900 ἡ
2363 1851 2440 1892 διοί-

1398 1923 1474 1947 νοια
1495 1908 1557 1955 τὴν
1579 1908 1724 1960 θεωρίαν
1745 1909 1917 1955 ποιεῖται,
1938 1907 1983 1946 τὰ
2005 1908 2069 1959 μὲν
2092 1909 2258 1959 οὐδεμίαν
2273 1908 2437 1956 ποικίλην

1406 1967 1625 2015 ποιησαμένη
1656 1965 1804 2010 διέξοδον
1830 1965 2042 2018 προὸἀλλει,
2070 1966 2130 2004 καὶ
2151 1965 2442 2020 προσευτρεπίζει

1402 2023 1487 2075 πρὸς
1508 2022 1571 2069 τὴν
1595 2023 1791 2072 μέλλουσαν
1813 2024 1981 2073 ζήτησιν,
2001 2023 2061 2061 καὶΙ
2079 2023 2154 2075 ἔχει
2181 2023 2311 2062 τούτων
2337 2024 2438 2074 ἔναρ-

1395 2082 1562 2132 γεστέραν
1607 2081 1743 2130 ἐπαφὴν
1779 2082 1934 2131 μᾶλλον,
1961 2079 1985 2127 ἢ
2017 2082 2088 2119 τῶν
2115 2083 2249 2133 ὁρατῶν
2278 2085 2302 2129 ἡ
2337 2080 2437 2135 ὄψις,

1399 2139 1443 2176 τὰ
1465 2138 1501 2177 δὲ
1521 2140 1560 2177 ἐκ
1586 2142 1645 2177 τοῦ
1666 2138 1779 2182 εὐθέος
1802 2141 1911 2192 αἱρεῖν
1925 2145 1942 2162 ⁸
1961 2139 2199 2187 ἀδυνατοῦσα,
2221 2137 2312 2178 κατὰ
2330 2139 2441 2191 μετοί-

1397 2197 1497 2236 ὅασιν
1518 2199 1578 2236 ἀπ’
1601 2197 1739 2236 ἐκείνων
1765 2196 2014 2246 διαὸαίνουσα,
2037 2196 2129 2236 κατὰ
2148 2197 2188 2235 τὸ
2219 2196 2408 2237 ἀκόλουθον
2423 2199 2442 2222 ¹²

1396 2257 1509 2294 αὐτῶν
1533 2257 1762 2308 ἐπιχειρεῖται
1788 2255 1852 2301 τὴν
1881 2255 2006 2309 θήραν.
2031 2249 2121 2294 Οἶον
2143 2255 2183 2294 τὸ
2209 2254 2272 2306 μὲν
2293 2255 2363 2295 ἀπὸ
2378 2271 2441 2304 ση-

1399 2315 1496 2364 μείου
1516 2313 1684 2366 γραμμὴν
1710 2314 1843 2353 εὐθεῖαν
1866 2315 1922 2352 ἐπὶ
1958 2315 2104 2364 σημεῖον
2124 2314 2267 2365 ἀγαγεῖν
2286 2315 2333 2358 ὣς
2353 2314 2439 2368 πρό-

1395 2387 1512 2425 χειρον
1531 2373 1707 2423 λαμὸἄνει
1730 2373 1792 2411 καὶ
1813 2373 2029 2425 εὐπόριστον.
2046 2375 2101 2424 Τῇ
2121 2372 2188 2425 γὰρ
2202 2374 2320 2426 ὁμαλῆ
2345 2373 2441 2427 ῥύσει

1402 2518 1607 2558 Quapropter
1641 2519 1759 2550 cuncta
1790 2517 1890 2550 etiam
1924 2517 2193 2559 contemplando,
2231 2526 2298 2551 non
2329 2519 2441 2551 autem

1401 2575 1578 2615 quaerendo
1587 2575 1690 2617 accipi
1705 2576 1861 2608 dicemus.
1907 2575 1971 2608 Alii
1983 2577 2098 2608 contra
2109 2576 2228 2608 cuncta
2239 2575 2440 2618 problemata

1401 2633 1595 2666 nominanda
1627 2642 1699 2666 esse
1725 2634 1916 2673 censebant,
1946 2636 1985 2666 ut
2015 2633 2074 2676 qui
2099 2632 2295 2667 Menaechmi
2311 2635 2436 2668 sectam

1402 2690 1507 2723 secuti
1522 2693 1597 2724 sunt
1613 2690 1855 2732 mathematici3
1875 2700 1994 2723 munus
2017 2692 2129 2724 autem
2143 2691 2354 2734 problematis
2369 2700 2441 2725 esse

1402 2748 1518 2791 duplex
1529 2774 1537 2790 ‚
1561 2758 1647 2782 nunc
1663 2749 1838 2791 quaesitum
1854 2749 2016 2789 invenire,
2032 2758 2132 2791 nunc,
2151 2757 2257 2790 quum
2269 2748 2440 2783 definitum

1401 2807 1483 2840 illud
1499 2808 1694 2850 acceperint,
1719 2808 1827 2841 videre
1844 2807 1899 2841 vel
1915 2807 1996 2850 quid
2014 2808 2077 2849 sit,
2094 2807 2146 2840 vel
2162 2806 2258 2850 quale
2274 2807 2356 2850 quid
2375 2808 2436 2849 sit,

1402 2866 1455 2898 vel
1477 2866 1556 2908 quid
1571 2866 1755 2900 affectionis
1768 2866 1898 2906 habeat,
1917 2867 1969 2899 vel
1985 2875 2084 2908 quam
2102 2867 2144 2899 ad
2158 2865 2251 2899 aliud
2266 2866 2437 2901 rationem.

1402 2926 1443 2958 Et
1457 2926 1547 2958 recte
1566 2925 1698 2967 quidem
1713 2924 1844 2968 utrique
1866 2925 1988 2958 dicunt.
2053 2924 2183 2958 Etenim
2196 2924 2369 2968 Speusippi
2382 2934 2437 2958 se-

1402 2985 1545 3017 ctatores
1562 2985 1651 3017 recte
1669 2983 1823 3018 sentiunt.
1867 2985 1938 3017 Non
1961 2983 2050 3017 enim
2063 2983 2142 3016 talia
2154 2984 2230 3017 sunt
2244 2983 2436 3026 geometriae

1401 3043 1602 3084 problemata
1615 3067 1623 3083 ,
1654 3042 1762 3085 qualia
1789 3042 1989 3075 mechanicae
2015 3042 2108 3091 artis,
2160 3042 2244 3075 Sunt
2261 3042 2348 3076 enim
2367 3042 2439 3076 haec

1402 3101 1567 3135 sensibilia
1584 3102 1618 3134 et
1636 3101 1743 3134 ortum
1760 3100 1930 3142 omnisque
1943 3100 2069 3143 genens
2082 3100 2297 3134 mutationem
2313 3100 2435 3134 haban-

1400 3159 1457 3193 tia.
1502 3160 1566 3193 Sed
1579 3159 1771 3193 Menaechmi
1791 3167 1921 3201 quoque
1945 3160 2124 3192 sectatores
2138 3167 2217 3192 vera
2230 3158 2421 3202 praedicant.

1442 3222 1516 3252 230.
1540 3221 1578 3252 In
1602 3219 1794 3252 universum
1813 3218 1901 3251 enim
1931 3217 2056 3260 (inquit
2079 3217 2300 3260 Speusippus)
2324 3226 2438 3251 eorum

1402 3285 1478 3318 quae
1492 3276 1619 3310 animus
1637 3277 1885 3319 contemplatur,
1900 3275 1964 3309 alia
1979 3275 2114 3318 quidem
2127 3275 2236 3309 missis
2248 3276 2442 3319 ambagibus

1401 3336 1552 3378 proponit
1574 3338 1607 3369 et
1629 3336 1671 3369 ad
1694 3336 1840 3369 futuram
1854 3334 2114 3379 disquisitionem
2126 3335 2370 3375 accommodat,
2383 3344 2437 3368 ea-

1401 3403 1466 3434 que
1486 3395 1607 3428 elarius
1623 3395 1743 3436 cernit,
1760 3404 1859 3436 quam
1882 3394 1996 3427 oculus
2017 3402 2071 3427 res
2086 3394 2149 3436 ipsi
2172 3393 2357 3437 subiectas:
2374 3394 2438 3427 alia

1400 3462 1476 3486 vero
1485 3476 1495 3495 ,
1513 3463 1614 3495 quum
1636 3454 1748 3488 statim
1778 3453 1909 3497 assequi
1936 3461 2003 3487 non
2027 3451 2141 3495 possit,
2172 3452 2208 3486 in
2235 3452 2374 3487 hansitu
2394 3452 2437 3486 ab

2520 213 2528 241 i

2514 241 2528 323 ³ss
