<?xml version="1.0" encoding="UTF-8"?>
<!DOCTYPE html PUBLIC "-//W3C//DTD XHTML 1.0 Transitional//EN"
    "http://www.w3.org/TR/xhtml1/DTD/xhtml1-transitional.dtd">
<html xmlns="http://www.w3.org/1999/xhtml" xml:lang="en" lang="en">
 <head>
  <title>
</title>
<meta http-equiv="Content-Type" content="text/html;charset=utf-8" />
  <meta name='ocr-system' content='tesseract 3.04.00' />
  <meta name='ocr-capabilities' content='ocr_page ocr_carea ocr_par ocr_line ocrx_word'/>
</head>
<body>
  <div class='ocr_page' id='page_1' title='image "./fragmentaphiloso03mulluoft/fragmentaphiloso03mulluoft_0027.png"; bbox 0 0 2528 3788; ppageno 0'>
   <div class='ocr_carea' id='block_1_1' title="bbox 0 0 83 184">
    <p class='ocr_par' dir='ltr' id='par_1_1' title="bbox 0 0 83 184">
     <span class='ocr_line' id='line_1_1' title="bbox 0 0 83 184; baseline 0 3604"><span class='ocrx_word' id='word_1_1' title='bbox 0 0 83 184; x_wconf 95' lang='lat' dir='ltr'><strong> </strong></span> 
     </span>
    </p>
   </div>
   <div class='ocr_carea' id='block_1_2' title="bbox 6 550 61 575">
    <p class='ocr_par' dir='ltr' id='par_1_2' title="bbox 6 550 61 575">
     <span class='ocr_line' id='line_1_2' title="bbox 6 550 61 575; baseline 0 -16"><span class='ocrx_word' id='word_1_2' title='bbox 6 550 61 575; x_wconf 45' lang='grc' dir='ltr'><strong>Ἰ,</strong></span> 
     </span>
    </p>
   </div>
   <div class='ocr_carea' id='block_1_3' title="bbox 4 2997 71 3737">
    <p class='ocr_par' dir='ltr' id='par_1_3' title="bbox 4 2997 71 3737">
     <span class='ocr_line' id='line_1_3' title="bbox 4 2997 71 3737; baseline 0 51"><span class='ocrx_word' id='word_1_3' title='bbox 4 2997 71 3737; x_wconf 95' lang='lat' dir='ltr'><strong> </strong></span> 
     </span>
    </p>
   </div>
   <div class='ocr_carea' id='block_1_4' title="bbox 889 187 2257 232">
    <p class='ocr_par' dir='ltr' id='par_1_4' title="bbox 889 187 2257 232">
     <span class='ocr_line' id='line_1_4' title="bbox 889 187 2257 232; baseline 0.004 -6"><span class='ocrx_word' id='word_1_4' title='bbox 889 187 1092 227; x_wconf 83' lang='lat' dir='ltr'><strong>EUSEBII</strong></span> <span class='ocrx_word' id='word_1_5' title='bbox 1120 187 1458 229; x_wconf 82' lang='lat' dir='ltr'><strong>FRAGMENTA.</strong></span> <span class='ocrx_word' id='word_1_6' title='bbox 2214 194 2257 232; x_wconf 77' lang='lat'><strong>11</strong></span> 
     </span>
    </p>
   </div>
   <div class='ocr_carea' id='block_1_5' title="bbox 31 259 1139 341">
    <p class='ocr_par' dir='ltr' id='par_1_5' title="bbox 31 259 1139 341">
     <span class='ocr_line' id='line_1_5' title="bbox 31 259 1139 341; baseline -0.01 -17"><span class='ocrx_word' id='word_1_7' title='bbox 31 259 36 264; x_wconf 29' lang='grc'>1</span> <span class='ocrx_word' id='word_1_8' title='bbox 58 282 273 341; x_wconf 50' lang='grc' dir='ltr'><strong>ζῃησίμου</strong></span> <span class='ocrx_word' id='word_1_9' title='bbox 293 281 376 335; x_wconf 86' lang='grc' dir='ltr'>περὶ</span> <span class='ocrx_word' id='word_1_10' title='bbox 393 283 464 320; x_wconf 79' lang='grc' dir='ltr'><strong>τῶν</strong></span> <span class='ocrx_word' id='word_1_11' title='bbox 492 277 765 334; x_wconf 82' lang='grc' dir='ltr'>παρισταμένων</span> <span class='ocrx_word' id='word_1_12' title='bbox 792 274 851 321; x_wconf 70' lang='grc' dir='ltr'><strong>ξὺν</strong></span> <span class='ocrx_word' id='word_1_13' title='bbox 876 275 945 329; x_wconf 84' lang='grc' dir='ltr'><strong>νόῳ</strong></span> <span class='ocrx_word' id='word_1_14' title='bbox 966 277 1139 329; x_wconf 89' lang='grc' dir='ltr'>προσδια-</span> 
     </span>
    </p>
   </div>
   <div class='ocr_carea' id='block_1_6' title="bbox 90 393 1149 868">
    <p class='ocr_par' dir='ltr' id='par_1_6' title="bbox 90 393 1146 634">
     <span class='ocr_line' id='line_1_6' title="bbox 90 393 1144 455; baseline -0.006 -15"><span class='ocrx_word' id='word_1_15' title='bbox 90 437 99 443; x_wconf 66' lang='lat'><strong>.,</strong></span> <span class='ocrx_word' id='word_1_16' title='bbox 132 396 351 455; x_wconf 69' lang='lat' dir='ltr'><strong>{(Stobaeus</strong></span> <span class='ocrx_word' id='word_1_17' title='bbox 374 399 479 441; x_wconf 82' lang='lat' dir='ltr'><strong>Flor.</strong></span> <span class='ocrx_word' id='word_1_18' title='bbox 509 397 621 446; x_wconf 82' lang='lat' dir='ltr'><strong>xm,</strong></span> <span class='ocrx_word' id='word_1_19' title='bbox 648 402 696 444; x_wconf 70' lang='grc'><strong>44</strong></span> <span class='ocrx_word' id='word_1_20' title='bbox 727 393 914 436; x_wconf 78' lang='grc' dir='ltr'>Εὖσεὸίου.</span> <span class='ocrx_word' id='word_1_21' title='bbox 938 394 1144 447; x_wconf 76' lang='lat' dir='ltr'><strong>Scripsit⁰</strong></span> 
     </span>
     <span class='ocr_line' id='line_1_7' title="bbox 95 454 1146 513; baseline -0.01 -11"><span class='ocrx_word' id='word_1_22' title='bbox 95 459 294 513; x_wconf 63' lang='grc' dir='ltr'>ἆλῃθηίηνς</span> <span class='ocrx_word' id='word_1_23' title='bbox 311 459 427 500; x_wconf 87' lang='lat' dir='ltr'>codd.</span> <span class='ocrx_word' id='word_1_24' title='bbox 451 456 635 506; x_wconf 76' lang='grc' dir='ltr'>ἀληθείην.</span> <span class='ocrx_word' id='word_1_25' title='bbox 663 456 740 485; x_wconf 68' lang='lat' dir='ltr'><strong>—b</strong></span> <span class='ocrx_word' id='word_1_26' title='bbox 760 454 842 507; x_wconf 80' lang='grc' dir='ltr'>περὶ</span> <span class='ocrx_word' id='word_1_27' title='bbox 869 457 937 492; x_wconf 84' lang='grc' dir='ltr'><strong>τῶν</strong></span> <span class='ocrx_word' id='word_1_28' title='bbox 964 469 1146 507; x_wconf 88' lang='grc' dir='ltr'>παριστα-</span> 
     </span>
     <span class='ocr_line' id='line_1_8' title="bbox 97 512 1146 572; baseline -0.01 -11"><span class='ocrx_word' id='word_1_29' title='bbox 97 514 211 572; x_wconf 70' lang='grc' dir='ltr'>μὶνων</span> <span class='ocrx_word' id='word_1_30' title='bbox 231 531 320 559; x_wconf 87' lang='lat' dir='ltr'><strong>cum</strong></span> <span class='ocrx_word' id='word_1_31' title='bbox 342 517 522 557; x_wconf 85' lang='lat' dir='ltr'><strong>Gesnero</strong></span> <span class='ocrx_word' id='word_1_32' title='bbox 541 517 584 558; x_wconf 86' lang='lat' dir='ltr'><strong>in</strong></span> <span class='ocrx_word' id='word_1_33' title='bbox 605 515 806 565; x_wconf 80' lang='lat' dir='ltr'><strong>margine3</strong></span> <span class='ocrx_word' id='word_1_34' title='bbox 829 512 945 553; x_wconf 89' lang='lat' dir='ltr'><strong>codd.</strong></span> <span class='ocrx_word' id='word_1_35' title='bbox 980 514 1050 551; x_wconf 86' lang='grc' dir='ltr'><strong>τῶν</strong></span> <span class='ocrx_word' id='word_1_36' title='bbox 1072 528 1146 552; x_wconf 89' lang='grc' dir='ltr'><strong>πα-</strong></span> 
     </span>
     <span class='ocr_line' id='line_1_9' title="bbox 97 578 406 634; baseline 0 -15"><span class='ocrx_word' id='word_1_37' title='bbox 97 578 330 634; x_wconf 78' lang='grc' dir='ltr'>ρισταμένων.</span> <span class='ocrx_word' id='word_1_38' title='bbox 351 599 406 609; x_wconf 92' lang='lat'><strong>--</strong></span> 
     </span>
    </p>

    <p class='ocr_par' dir='ltr' id='par_1_7' title="bbox 99 630 1147 755">
     <span class='ocr_line' id='line_1_10' title="bbox 153 630 1147 692; baseline -0.009 -14"><span class='ocrx_word' id='word_1_39' title='bbox 153 651 205 680; x_wconf 65' lang='grc' dir='ltr'>υ.</span> <span class='ocrx_word' id='word_1_40' title='bbox 223 636 374 692; x_wconf 70' lang='grc' dir='ltr'>Ἐχθρὸς</span> <span class='ocrx_word' id='word_1_41' title='bbox 393 633 547 683; x_wconf 76' lang='grc' dir='ltr'>τάληθέα</span> <span class='ocrx_word' id='word_1_42' title='bbox 566 631 674 689; x_wconf 78' lang='grc' dir='ltr'>εἰπὼν</span> <span class='ocrx_word' id='word_1_43' title='bbox 691 636 751 671; x_wconf 82' lang='grc' dir='ltr'><strong>τοῦ</strong></span> <span class='ocrx_word' id='word_1_44' title='bbox 769 630 1073 686; x_wconf 86' lang='grc' dir='ltr'>προσποιευμένου</span> <span class='ocrx_word' id='word_1_45' title='bbox 1091 630 1147 685; x_wconf 80' lang='grc' dir='ltr'><strong>φί-</strong></span> 
     </span>
     <span class='ocr_line' id='line_1_11' title="bbox 99 690 957 755; baseline -0.012 -17"><span class='ocrx_word' id='word_1_46' title='bbox 99 690 167 739; x_wconf 83' lang='grc' dir='ltr'>λου</span> <span class='ocrx_word' id='word_1_47' title='bbox 181 697 391 755; x_wconf 65' lang='grc' dir='ltr'>πρὸςχάριν</span> <span class='ocrx_word' id='word_1_48' title='bbox 409 692 564 738; x_wconf 67' lang='grc' dir='ltr'>εἰπόντος</span> <span class='ocrx_word' id='word_1_49' title='bbox 581 691 697 733; x_wconf 85' lang='grc' dir='ltr'>πάντα</span> <span class='ocrx_word' id='word_1_50' title='bbox 718 691 957 745; x_wconf 78' lang='grc' dir='ltr'>αἱρετώτερος.</span> 
     </span>
    </p>

    <p class='ocr_par' dir='ltr' id='par_1_8' title="bbox 97 751 1149 868">
     <span class='ocr_line' id='line_1_12' title="bbox 143 751 1149 817; baseline -0.009 -19"><span class='ocrx_word' id='word_1_51' title='bbox 143 755 344 817; x_wconf 55' lang='lat' dir='ltr'><strong>(ffibuss</strong></span> <span class='ocrx_word' id='word_1_52' title='bbox 373 754 479 794; x_wconf 74' lang='lat' dir='ltr'><strong>Flor.</strong></span> <span class='ocrx_word' id='word_1_53' title='bbox 501 751 624 801; x_wconf 84' lang='lat' dir='ltr'><strong>XIII,</strong></span> <span class='ocrx_word' id='word_1_54' title='bbox 652 752 702 799; x_wconf 77' lang='grc'><strong>45</strong></span> <span class='ocrx_word' id='word_1_55' title='bbox 731 755 790 791; x_wconf 87' lang='grc' dir='ltr'><strong>τοῦ</strong></span> <span class='ocrx_word' id='word_1_56' title='bbox 814 752 934 790; x_wconf 78' lang='grc' dir='ltr'>αὐτοῦ.</span> <span class='ocrx_word' id='word_1_57' title='bbox 957 751 1107 804; x_wconf 86' lang='lat' dir='ltr'>Scripsi</span> <span class='ocrx_word' id='word_1_58' title='bbox 1127 764 1149 790; x_wconf 86' lang='lat' dir='ltr'><strong>e</strong></span> 
     </span>
     <span class='ocr_line' id='line_1_13' title="bbox 97 810 1147 868; baseline -0.006 -12"><span class='ocrx_word' id='word_1_59' title='bbox 97 814 274 859; x_wconf 69' lang='lat' dir='ltr'><strong>Jaflnhsil</strong></span> <span class='ocrx_word' id='word_1_60' title='bbox 287 814 512 868; x_wconf 48' lang='lat' dir='ltr'><strong>coniectura</strong></span> <span class='ocrx_word' id='word_1_61' title='bbox 530 811 645 852; x_wconf 82' lang='grc' dir='ltr'>πάντα</span> <span class='ocrx_word' id='word_1_62' title='bbox 665 826 740 865; x_wconf 93' lang='lat' dir='ltr'><strong>pro</strong></span> <span class='ocrx_word' id='word_1_63' title='bbox 756 811 915 862; x_wconf 82' lang='lat' dir='ltr'><strong>vulgato</strong></span> <span class='ocrx_word' id='word_1_64' title='bbox 936 810 1064 856; x_wconf 82' lang='grc' dir='ltr'>παντὸς</span> <span class='ocrx_word' id='word_1_65' title='bbox 1085 811 1147 850; x_wconf 80' lang='lat' dir='ltr'><strong>vel</strong></span> 
     </span>
    </p>
   </div>
   <div class='ocr_carea' id='block_1_7' title="bbox 86 871 277 928">
    <p class='ocr_par' dir='ltr' id='par_1_9' title="bbox 86 871 277 928">
     <span class='ocr_line' id='line_1_14' title="bbox 86 871 277 928; baseline -0.005 0"><span class='ocrx_word' id='word_1_66' title='bbox 86 871 277 928; x_wconf 50' lang='lat' dir='ltr'><strong>xime.)</strong></span> 
     </span>
    </p>
   </div>
   <div class='ocr_carea' id='block_1_8' title="bbox 143 928 1206 988">
    <p class='ocr_par' dir='ltr' id='par_1_10' title="bbox 143 928 1206 988">
     <span class='ocr_line' id='line_1_15' title="bbox 143 928 1206 988; baseline -0.008 -12"><span class='ocrx_word' id='word_1_67' title='bbox 143 928 202 976; x_wconf 62' lang='lat'><strong>²¹³.</strong></span> <span class='ocrx_word' id='word_1_68' title='bbox 228 933 334 988; x_wconf 72' lang='grc' dir='ltr'>Ἀνὴρ</span> <span class='ocrx_word' id='word_1_69' title='bbox 369 931 509 987; x_wconf 77' lang='grc' dir='ltr'>μεγάλα</span> <span class='ocrx_word' id='word_1_70' title='bbox 540 931 632 986; x_wconf 83' lang='grc' dir='ltr'>ἔχων</span> <span class='ocrx_word' id='word_1_71' title='bbox 664 930 835 984; x_wconf 82' lang='grc' dir='ltr'>χρήματα</span> <span class='ocrx_word' id='word_1_72' title='bbox 866 932 1149 985; x_wconf 79' lang='grc' dir='ltr'>ἀποτεθησαυρι-</span> <span class='ocrx_word' id='word_1_73' title='bbox 1204 947 1206 949; x_wconf 59' lang='grc'><strong><em>’</em></strong></span> 
     </span>
    </p>
   </div>
   <div class='ocr_carea' id='block_1_9' title="bbox 87 989 1156 2236">
    <p class='ocr_par' dir='ltr' id='par_1_11' title="bbox 87 989 1150 1344">
     <span class='ocr_line' id='line_1_16' title="bbox 87 989 1149 1049; baseline -0.007 -12"><span class='ocrx_word' id='word_1_74' title='bbox 87 992 232 1049; x_wconf 60' lang='grc' dir='ltr'>«σμῖνα,</span> <span class='ocrx_word' id='word_1_75' title='bbox 249 993 371 1035; x_wconf 77' lang='grc' dir='ltr'>ἔπειτα</span> <span class='ocrx_word' id='word_1_76' title='bbox 389 992 513 1046; x_wconf 80' lang='grc' dir='ltr'>γνώμῃ</span> <span class='ocrx_word' id='word_1_77' title='bbox 536 994 580 1044; x_wconf 82' lang='grc' dir='ltr'><strong>τῇ</strong></span> <span class='ocrx_word' id='word_1_78' title='bbox 597 993 728 1030; x_wconf 82' lang='grc' dir='ltr'>ἑωυτοῦ</span> <span class='ocrx_word' id='word_1_79' title='bbox 745 994 760 1014; x_wconf 76' lang='lat'>⁸</span> <span class='ocrx_word' id='word_1_80' title='bbox 782 992 815 1035; x_wconf 74' lang='grc' dir='ltr'><strong>ἐς</strong></span> <span class='ocrx_word' id='word_1_81' title='bbox 830 989 939 1043; x_wconf 81' lang='grc' dir='ltr'>μηδὲν</span> <span class='ocrx_word' id='word_1_82' title='bbox 962 992 1030 1030; x_wconf 86' lang='grc' dir='ltr'><strong>τῶν</strong></span> <span class='ocrx_word' id='word_1_83' title='bbox 1052 990 1149 1030; x_wconf 88' lang='grc' dir='ltr'>δεόν-</span> 
     </span>
     <span class='ocr_line' id='line_1_17' title="bbox 93 1046 1148 1107; baseline -0.004 -14"><span class='ocrx_word' id='word_1_84' title='bbox 93 1069 167 1098; x_wconf 65' lang='grc' dir='ltr'><strong>των</strong></span> <span class='ocrx_word' id='word_1_85' title='bbox 197 1046 267 1107; x_wconf 68' lang='grc' dir='ltr'><strong>οἶός</strong></span> <span class='ocrx_word' id='word_1_86' title='bbox 287 1051 418 1107; x_wconf 67' lang='grc' dir='ltr'>τεέὼν</span> <span class='ocrx_word' id='word_1_87' title='bbox 446 1051 583 1090; x_wconf 84' lang='grc' dir='ltr'>αὖτοῖσι</span> <span class='ocrx_word' id='word_1_88' title='bbox 600 1049 618 1074; x_wconf 84' lang='lat'><strong>¹’</strong></span> <span class='ocrx_word' id='word_1_89' title='bbox 647 1048 837 1103; x_wconf 81' lang='grc' dir='ltr'>χρέεσθαι,</span> <span class='ocrx_word' id='word_1_90' title='bbox 864 1047 956 1088; x_wconf 87' lang='grc' dir='ltr'>ἔοικε</span> <span class='ocrx_word' id='word_1_91' title='bbox 974 1051 1024 1103; x_wconf 83' lang='grc' dir='ltr'><strong>τῷ</strong></span> <span class='ocrx_word' id='word_1_92' title='bbox 1044 1048 1090 1088; x_wconf 82' lang='grc' dir='ltr'><strong>τὰ</strong></span> <span class='ocrx_word' id='word_1_93' title='bbox 1114 1051 1148 1089; x_wconf 84' lang='grc' dir='ltr'><strong>ἓν</strong></span> 
     </span>
     <span class='ocr_line' id='line_1_18' title="bbox 95 1109 1150 1166; baseline -0.006 -11"><span class='ocrx_word' id='word_1_94' title='bbox 95 1120 187 1155; x_wconf 75' lang='grc' dir='ltr'>τοῖσι</span> <span class='ocrx_word' id='word_1_95' title='bbox 214 1111 414 1166; x_wconf 80' lang='grc' dir='ltr'>δημοσίοισι</span> <span class='ocrx_word' id='word_1_96' title='bbox 441 1115 459 1135; x_wconf 76' lang='lat'><strong>⁰</strong></span> <span class='ocrx_word' id='word_1_97' title='bbox 486 1109 703 1163; x_wconf 79' lang='grc' dir='ltr'>ἀποκείμενα</span> <span class='ocrx_word' id='word_1_98' title='bbox 743 1110 994 1148; x_wconf 83' lang='grc' dir='ltr'>πεπιστευκότι</span> <span class='ocrx_word' id='word_1_99' title='bbox 1020 1110 1150 1149; x_wconf 78' lang='grc' dir='ltr'>ἑωυτοῦ</span> 
     </span>
     <span class='ocr_line' id='line_1_19' title="bbox 94 1165 1149 1226; baseline -0.007 -10"><span class='ocrx_word' id='word_1_100' title='bbox 94 1165 200 1217; x_wconf 53' lang='lat' dir='ltr'><strong>aven.</strong></span> <span class='ocrx_word' id='word_1_101' title='bbox 244 1171 349 1226; x_wconf 76' lang='grc' dir='ltr'>’Δόξῃ</span> <span class='ocrx_word' id='word_1_102' title='bbox 370 1169 433 1223; x_wconf 77' lang='grc' dir='ltr'><strong>μὲν</strong></span> <span class='ocrx_word' id='word_1_103' title='bbox 452 1169 521 1224; x_wconf 76' lang='grc' dir='ltr'><strong>γὰρ</strong></span> <span class='ocrx_word' id='word_1_104' title='bbox 537 1169 642 1223; x_wconf 79' lang='grc' dir='ltr'>ὁμοίῃ</span> <span class='ocrx_word' id='word_1_105' title='bbox 661 1167 871 1208; x_wconf 89' lang='grc' dir='ltr'>πλουτέουσι</span> <span class='ocrx_word' id='word_1_106' title='bbox 883 1184 892 1192; x_wconf 91' lang='grc'><em>·</em></span> <span class='ocrx_word' id='word_1_107' title='bbox 909 1169 1016 1223; x_wconf 81' lang='grc' dir='ltr'>τόπερ</span> <span class='ocrx_word' id='word_1_108' title='bbox 1039 1169 1074 1208; x_wconf 83' lang='grc' dir='ltr'><strong>δὲ</strong></span> <span class='ocrx_word' id='word_1_109' title='bbox 1090 1173 1149 1209; x_wconf 89' lang='grc' dir='ltr'><strong>τοῦ</strong></span> 
     </span>
     <span class='ocr_line' id='line_1_20' title="bbox 98 1226 1148 1282; baseline -0.006 -9"><span class='ocrx_word' id='word_1_110' title='bbox 98 1226 287 1280; x_wconf 66' lang='grc' dir='ltr'>κεκτῆσθαί</span> <span class='ocrx_word' id='word_1_111' title='bbox 319 1231 394 1271; x_wconf 77' lang='grc' dir='ltr'>ἔστι</span> <span class='ocrx_word' id='word_1_112' title='bbox 417 1227 435 1254; x_wconf 79' lang='lat'><strong>¹¹</strong></span> <span class='ocrx_word' id='word_1_113' title='bbox 467 1227 624 1278; x_wconf 80' lang='grc' dir='ltr'>οῖκήῖον,</span> <span class='ocrx_word' id='word_1_114' title='bbox 666 1231 726 1267; x_wconf 89' lang='grc' dir='ltr'><strong>τοῦ</strong></span> <span class='ocrx_word' id='word_1_115' title='bbox 753 1229 888 1267; x_wconf 79' lang='grc' dir='ltr'>αὐτοῖσι</span> <span class='ocrx_word' id='word_1_116' title='bbox 907 1232 923 1251; x_wconf 84' lang='lat'><strong>⁰</strong></span> <span class='ocrx_word' id='word_1_117' title='bbox 959 1228 1124 1282; x_wconf 78' lang='grc' dir='ltr'>χρέεσθαι</span> <span class='ocrx_word' id='word_1_118' title='bbox 1138 1259 1148 1281; x_wconf 88' lang='lat'><em>‚</em></span> 
     </span>
     <span class='ocr_line' id='line_1_21' title="bbox 99 1285 757 1344; baseline -0.008 -15"><span class='ocrx_word' id='word_1_119' title='bbox 99 1288 351 1344; x_wconf 72' lang='grc' dir='ltr'>ἀπεστερέαται</span> <span class='ocrx_word' id='word_1_120' title='bbox 365 1286 380 1311; x_wconf 77' lang='lat'><strong>¹</strong></span> <span class='ocrx_word' id='word_1_121' title='bbox 398 1285 526 1339; x_wconf 84' lang='grc' dir='ltr'>ὁμοίως</span> <span class='ocrx_word' id='word_1_122' title='bbox 549 1285 757 1340; x_wconf 73' lang='grc' dir='ltr'>ἀμφότεροι,</span> 
     </span>
    </p>

    <p class='ocr_par' dir='ltr' id='par_1_12' title="bbox 96 1344 1154 1759">
     <span class='ocr_line' id='line_1_22' title="bbox 158 1344 1152 1403; baseline -0.003 -15"><span class='ocrx_word' id='word_1_123' title='bbox 158 1347 360 1403; x_wconf 65' lang='lat' dir='ltr'><strong>(Skobaeus</strong></span> <span class='ocrx_word' id='word_1_124' title='bbox 381 1346 490 1388; x_wconf 85' lang='lat' dir='ltr'><strong>Flor.</strong></span> <span class='ocrx_word' id='word_1_125' title='bbox 506 1345 617 1394; x_wconf 84' lang='lat' dir='ltr'><strong>XVI,</strong></span> <span class='ocrx_word' id='word_1_126' title='bbox 650 1351 710 1391; x_wconf 74' lang='lat'><strong>14.</strong></span> <span class='ocrx_word' id='word_1_127' title='bbox 736 1344 923 1385; x_wconf 71' lang='grc' dir='ltr'>Εὐσεὸίου.</span> <span class='ocrx_word' id='word_1_128' title='bbox 942 1347 1089 1398; x_wconf 80' lang='lat' dir='ltr'><strong>Scripsi</strong></span> <span class='ocrx_word' id='word_1_129' title='bbox 1108 1362 1116 1385; x_wconf 91' lang='lat'>:</span> <span class='ocrx_word' id='word_1_130' title='bbox 1138 1350 1152 1369; x_wconf 78' lang='lat'>⁰</span> 
     </span>
     <span class='ocr_line' id='line_1_23' title="bbox 98 1405 1152 1463; baseline -0.004 -15"><span class='ocrx_word' id='word_1_131' title='bbox 98 1409 224 1463; x_wconf 78' lang='grc' dir='ltr'>γνώμῃ</span> <span class='ocrx_word' id='word_1_132' title='bbox 238 1409 422 1462; x_wconf 74' lang='grc' dir='ltr'>τῇὲωυτοῦ</span> <span class='ocrx_word' id='word_1_133' title='bbox 438 1420 460 1446; x_wconf 88' lang='lat' dir='ltr'><strong>e</strong></span> <span class='ocrx_word' id='word_1_134' title='bbox 470 1406 584 1446; x_wconf 86' lang='lat' dir='ltr'><strong>codd.</strong></span> <span class='ocrx_word' id='word_1_135' title='bbox 603 1414 739 1445; x_wconf 87' lang='lat' dir='ltr'><strong>etcum</strong></span> <span class='ocrx_word' id='word_1_136' title='bbox 749 1405 1017 1454; x_wconf 83' lang='lat' dir='ltr'><strong>Valckenario;</strong></span> <span class='ocrx_word' id='word_1_137' title='bbox 1033 1406 1152 1456; x_wconf 88' lang='lat' dir='ltr'><strong>vulgo</strong></span> 
     </span>
     <span class='ocr_line' id='line_1_24' title="bbox 99 1464 1154 1523; baseline -0.001 -16"><span class='ocrx_word' id='word_1_138' title='bbox 99 1468 223 1523; x_wconf 72' lang='grc' dir='ltr'>γνώμῃ</span> <span class='ocrx_word' id='word_1_139' title='bbox 242 1466 293 1520; x_wconf 73' lang='grc' dir='ltr'>μὴ</span> <span class='ocrx_word' id='word_1_140' title='bbox 309 1469 353 1520; x_wconf 83' lang='grc' dir='ltr'><strong>τῇ</strong></span> <span class='ocrx_word' id='word_1_141' title='bbox 367 1467 511 1506; x_wconf 77' lang='grc' dir='ltr'>ἑωυτοῦ.</span> <span class='ocrx_word' id='word_1_142' title='bbox 532 1490 586 1496; x_wconf 92' lang='grc'><strong>--</strong></span> <span class='ocrx_word' id='word_1_143' title='bbox 599 1464 617 1489; x_wconf 64' lang='lat' dir='ltr'><strong>b</strong></span> <span class='ocrx_word' id='word_1_144' title='bbox 638 1465 794 1513; x_wconf 79' lang='grc' dir='ltr'>αὖτοῖσι;</span> <span class='ocrx_word' id='word_1_145' title='bbox 814 1465 929 1505; x_wconf 88' lang='lat' dir='ltr'><strong>codd.</strong></span> <span class='ocrx_word' id='word_1_146' title='bbox 947 1466 1076 1510; x_wconf 78' lang='grc' dir='ltr'>αὐτοῖς.</span> <span class='ocrx_word' id='word_1_147' title='bbox 1102 1488 1154 1496; x_wconf 91' lang='grc'><strong>-</strong></span> 
     </span>
     <span class='ocr_line' id='line_1_25' title="bbox 100 1523 1151 1580; baseline -0.005 -13"><span class='ocrx_word' id='word_1_148' title='bbox 100 1532 118 1552; x_wconf 79' lang='lat'>⁸</span> <span class='ocrx_word' id='word_1_149' title='bbox 148 1529 240 1568; x_wconf 80' lang='grc' dir='ltr'>τοῖσι</span> <span class='ocrx_word' id='word_1_150' title='bbox 257 1525 479 1580; x_wconf 76' lang='grc' dir='ltr'>δημοσίοισι;</span> <span class='ocrx_word' id='word_1_151' title='bbox 501 1526 597 1565; x_wconf 83' lang='lat' dir='ltr'>libri</span> <span class='ocrx_word' id='word_1_152' title='bbox 616 1530 687 1570; x_wconf 85' lang='grc' dir='ltr'>τοῖς</span> <span class='ocrx_word' id='word_1_153' title='bbox 719 1524 912 1576; x_wconf 83' lang='grc' dir='ltr'>δημοσίοις.</span> <span class='ocrx_word' id='word_1_154' title='bbox 938 1545 992 1556; x_wconf 89' lang='lat'><em>-</em></span> <span class='ocrx_word' id='word_1_155' title='bbox 1010 1523 1028 1548; x_wconf 82' lang='lat'><strong>‘¹</strong></span> <span class='ocrx_word' id='word_1_156' title='bbox 1056 1526 1151 1577; x_wconf 78' lang='grc' dir='ltr'>ἐστι;</span> 
     </span>
     <span class='ocr_line' id='line_1_26' title="bbox 101 1583 1152 1633; baseline -0.004 -5"><span class='ocrx_word' id='word_1_157' title='bbox 101 1586 215 1628; x_wconf 78' lang='lat' dir='ltr'><strong>codd.</strong></span> <span class='ocrx_word' id='word_1_158' title='bbox 236 1588 344 1628; x_wconf 76' lang='grc' dir='ltr'>ἐστιν.</span> <span class='ocrx_word' id='word_1_159' title='bbox 365 1584 418 1616; x_wconf 52' lang='grc'><strong>-’</strong></span> <span class='ocrx_word' id='word_1_160' title='bbox 436 1589 452 1609; x_wconf 70' lang='lat'>⁰</span> <span class='ocrx_word' id='word_1_161' title='bbox 484 1586 639 1633; x_wconf 67' lang='grc' dir='ltr'>αὐτοῖο-ις</span> <span class='ocrx_word' id='word_1_162' title='bbox 668 1585 781 1623; x_wconf 89' lang='lat' dir='ltr'><strong>codd.</strong></span> <span class='ocrx_word' id='word_1_163' title='bbox 804 1585 932 1628; x_wconf 84' lang='grc' dir='ltr'>αὐτοῖς.</span> <span class='ocrx_word' id='word_1_164' title='bbox 951 1605 1005 1614; x_wconf 92' lang='grc'>-</span> <span class='ocrx_word' id='word_1_165' title='bbox 1033 1583 1046 1607; x_wconf 74' lang='lat'><strong><em>¹</em></strong></span> <span class='ocrx_word' id='word_1_166' title='bbox 1066 1587 1152 1624; x_wconf 86' lang='grc' dir='ltr'>ἀπε-</span> 
     </span>
     <span class='ocr_line' id='line_1_27' title="bbox 101 1642 1152 1702; baseline -0.005 -15"><span class='ocrx_word' id='word_1_167' title='bbox 101 1644 287 1702; x_wconf 78' lang='grc' dir='ltr'>στερίαται</span> <span class='ocrx_word' id='word_1_168' title='bbox 309 1659 398 1686; x_wconf 86' lang='lat' dir='ltr'><strong>cnm</strong></span> <span class='ocrx_word' id='word_1_169' title='bbox 419 1645 639 1694; x_wconf 82' lang='lat' dir='ltr'><strong>Schaefer03</strong></span> <span class='ocrx_word' id='word_1_170' title='bbox 661 1644 776 1684; x_wconf 87' lang='lat' dir='ltr'><strong>codd.</strong></span> <span class='ocrx_word' id='word_1_171' title='bbox 806 1642 1061 1697; x_wconf 82' lang='grc' dir='ltr'>ἀποστερέαται</span> <span class='ocrx_word' id='word_1_172' title='bbox 1090 1645 1152 1683; x_wconf 79' lang='lat' dir='ltr'><strong>vel</strong></span> 
     </span>
     <span class='ocr_line' id='line_1_28' title="bbox 96 1705 391 1759; baseline -0.007 -12"><span class='ocrx_word' id='word_1_173' title='bbox 96 1706 362 1759; x_wconf 68' lang='grc' dir='ltr'>ἀπεστερέεται.</span> <span class='ocrx_word' id='word_1_174' title='bbox 379 1705 391 1759; x_wconf 90' lang='grc'><strong>)</strong></span> 
     </span>
    </p>

    <p class='ocr_par' dir='ltr' id='par_1_13' title="bbox 99 1762 1156 2236">
     <span class='ocr_line' id='line_1_29' title="bbox 154 1762 1151 1819; baseline -0.003 -13"><span class='ocrx_word' id='word_1_175' title='bbox 154 1778 206 1812; x_wconf 62' lang='grc' dir='ltr'>Μ.</span> <span class='ocrx_word' id='word_1_176' title='bbox 235 1763 365 1819; x_wconf 77' lang='grc' dir='ltr'>Ἄνδρα</span> <span class='ocrx_word' id='word_1_177' title='bbox 391 1763 564 1818; x_wconf 82' lang='grc' dir='ltr'>χρήματα</span> <span class='ocrx_word' id='word_1_178' title='bbox 587 1762 723 1815; x_wconf 85' lang='grc' dir='ltr'>μεγάλα</span> <span class='ocrx_word' id='word_1_179' title='bbox 750 1762 876 1816; x_wconf 84' lang='grc' dir='ltr'>ἔχοντα</span> <span class='ocrx_word' id='word_1_180' title='bbox 911 1764 1151 1811; x_wconf 86' lang='grc' dir='ltr'>ἀποτεθησαυ-</span> 
     </span>
     <span class='ocr_line' id='line_1_30' title="bbox 99 1822 1153 1880; baseline -0.005 -13"><span class='ocrx_word' id='word_1_181' title='bbox 99 1825 270 1880; x_wconf 70' lang='grc' dir='ltr'>ρισμίνα,</span> <span class='ocrx_word' id='word_1_182' title='bbox 289 1824 352 1865; x_wconf 82' lang='grc' dir='ltr'>καὶ</span> <span class='ocrx_word' id='word_1_183' title='bbox 367 1825 474 1871; x_wconf 76' lang='grc' dir='ltr'>αὐτοῦ</span> <span class='ocrx_word' id='word_1_184' title='bbox 497 1822 620 1863; x_wconf 89' lang='grc' dir='ltr'>τούτου</span> <span class='ocrx_word' id='word_1_185' title='bbox 647 1822 764 1863; x_wconf 75' lang='grc' dir='ltr'>εἵνεκα</span> <span class='ocrx_word' id='word_1_186' title='bbox 780 1827 795 1846; x_wconf 74' lang='lat'>⁸</span> <span class='ocrx_word' id='word_1_187' title='bbox 815 1823 1052 1875; x_wconf 84' lang='grc' dir='ltr'>ἐπικτώμενον</span> <span class='ocrx_word' id='word_1_188' title='bbox 1064 1853 1075 1875; x_wconf 89' lang='lat'><strong>,</strong></span> <span class='ocrx_word' id='word_1_189' title='bbox 1093 1823 1153 1862; x_wconf 87' lang='grc' dir='ltr'>καὶ</span> 
     </span>
     <span class='ocr_line' id='line_1_31' title="bbox 99 1881 1154 1943; baseline -0.005 -17"><span class='ocrx_word' id='word_1_190' title='bbox 99 1885 190 1933; x_wconf 68' lang='grc' dir='ltr'>ὅκως</span> <span class='ocrx_word' id='word_1_191' title='bbox 213 1884 284 1926; x_wconf 77' lang='grc' dir='ltr'>αἰεί</span> <span class='ocrx_word' id='word_1_192' title='bbox 313 1882 348 1924; x_wconf 80' lang='grc' dir='ltr'><strong>τι</strong></span> <span class='ocrx_word' id='word_1_193' title='bbox 381 1889 472 1924; x_wconf 87' lang='grc' dir='ltr'>τοῖσι</span> <span class='ocrx_word' id='word_1_194' title='bbox 498 1887 668 1936; x_wconf 87' lang='grc' dir='ltr'>παρεοῦσι</span> <span class='ocrx_word' id='word_1_195' title='bbox 690 1882 842 1936; x_wconf 86' lang='grc' dir='ltr'>προσθέῃ</span> <span class='ocrx_word' id='word_1_196' title='bbox 867 1881 885 1906; x_wconf 82' lang='lat'><strong>¹’</strong></span> <span class='ocrx_word' id='word_1_197' title='bbox 917 1883 1112 1936; x_wconf 82' lang='grc' dir='ltr'>πρήγματα</span> <span class='ocrx_word' id='word_1_198' title='bbox 1123 1887 1154 1943; x_wconf 48' lang='grc' dir='ltr'><strong>,θ</strong></span> 
     </span>
     <span class='ocr_line' id='line_1_32' title="bbox 101 1941 1152 1998; baseline -0.002 -14"><span class='ocrx_word' id='word_1_199' title='bbox 101 1943 167 1997; x_wconf 70' lang='grc' dir='ltr'><strong>μὲν</strong></span> <span class='ocrx_word' id='word_1_200' title='bbox 190 1943 336 1998; x_wconf 74' lang='grc' dir='ltr'>ἔχοντα,</span> <span class='ocrx_word' id='word_1_201' title='bbox 362 1943 454 1995; x_wconf 81' lang='grc' dir='ltr'>μήτε</span> <span class='ocrx_word' id='word_1_202' title='bbox 474 1942 510 1982; x_wconf 84' lang='grc' dir='ltr'><strong>δὲ</strong></span> <span class='ocrx_word' id='word_1_203' title='bbox 533 1945 567 1988; x_wconf 82' lang='grc' dir='ltr'><strong>ἐς</strong></span> <span class='ocrx_word' id='word_1_204' title='bbox 590 1941 717 1982; x_wconf 81' lang='grc' dir='ltr'>ἑωυτὸν</span> <span class='ocrx_word' id='word_1_205' title='bbox 738 1942 829 1992; x_wconf 85' lang='grc' dir='ltr'>μήτε</span> <span class='ocrx_word' id='word_1_206' title='bbox 859 1943 893 1987; x_wconf 81' lang='grc' dir='ltr'><strong>ἐς</strong></span> <span class='ocrx_word' id='word_1_207' title='bbox 913 1941 1001 1982; x_wconf 85' lang='grc' dir='ltr'>ἄλλο</span> <span class='ocrx_word' id='word_1_208' title='bbox 1030 1958 1064 1981; x_wconf 90' lang='grc' dir='ltr'><strong>τι</strong></span> <span class='ocrx_word' id='word_1_209' title='bbox 1084 1946 1152 1982; x_wconf 83' lang='grc' dir='ltr'><strong>τῶν</strong></span> 
     </span>
     <span class='ocr_line' id='line_1_33' title="bbox 100 2001 1153 2058; baseline -0.003 -15"><span class='ocrx_word' id='word_1_210' title='bbox 100 2002 287 2058; x_wconf 66' lang='grc' dir='ltr'>χρησίμην</span> <span class='ocrx_word' id='word_1_211' title='bbox 324 2001 578 2049; x_wconf 83' lang='grc' dir='ltr'>ἀναλίσκοντα,</span> <span class='ocrx_word' id='word_1_212' title='bbox 612 2002 745 2054; x_wconf 81' lang='grc' dir='ltr'>μήκοτε</span> <span class='ocrx_word' id='word_1_213' title='bbox 793 2001 973 2041; x_wconf 83' lang='grc' dir='ltr'>πλουτέειν</span> <span class='ocrx_word' id='word_1_214' title='bbox 1014 2002 1153 2056; x_wconf 83' lang='grc' dir='ltr'>ἀποφή-</span> 
     </span>
     <span class='ocr_line' id='line_1_34' title="bbox 101 2054 1156 2118; baseline -0.003 -15"><span class='ocrx_word' id='word_1_215' title='bbox 101 2054 216 2103; x_wconf 69' lang='grc' dir='ltr'><strong>ναιο·1</strong></span> <span class='ocrx_word' id='word_1_216' title='bbox 229 2094 240 2116; x_wconf 82' lang='grc'><strong><em>,</em></strong></span> <span class='ocrx_word' id='word_1_217' title='bbox 257 2062 397 2118; x_wconf 75' lang='grc' dir='ltr'>φύλακα</span> <span class='ocrx_word' id='word_1_218' title='bbox 417 2062 454 2102; x_wconf 86' lang='grc' dir='ltr'><strong>δὲ</strong></span> <span class='ocrx_word' id='word_1_219' title='bbox 479 2061 541 2102; x_wconf 83' lang='grc' dir='ltr'>καὶ</span> <span class='ocrx_word' id='word_1_220' title='bbox 563 2062 734 2116; x_wconf 78' lang='grc' dir='ltr'>ποριστὴν</span> <span class='ocrx_word' id='word_1_221' title='bbox 753 2055 841 2101; x_wconf 67' lang='grc' dir='ltr'>εἶναι</span> <span class='ocrx_word' id='word_1_222' title='bbox 861 2061 1052 2115; x_wconf 83' lang='grc' dir='ltr'>ἀλλοτρίων</span> <span class='ocrx_word' id='word_1_223' title='bbox 1068 2078 1156 2117; x_wconf 79' lang='grc' dir='ltr'>χρη-</span> 
     </span>
     <span class='ocr_line' id='line_1_35' title="bbox 103 2119 1154 2175; baseline -0.002 -13"><span class='ocrx_word' id='word_1_224' title='bbox 103 2122 224 2174; x_wconf 80' lang='grc' dir='ltr'>μάτων</span> <span class='ocrx_word' id='word_1_225' title='bbox 237 2151 250 2171; x_wconf 87' lang='grc'><strong><em>,</em></strong></span> <span class='ocrx_word' id='word_1_226' title='bbox 282 2121 344 2162; x_wconf 76' lang='grc' dir='ltr'>καὶ</span> <span class='ocrx_word' id='word_1_227' title='bbox 383 2121 508 2166; x_wconf 84' lang='grc' dir='ltr'>πόνους</span> <span class='ocrx_word' id='word_1_228' title='bbox 546 2121 639 2175; x_wconf 84' lang='grc' dir='ltr'>ἔχειν</span> <span class='ocrx_word' id='word_1_229' title='bbox 675 2119 852 2173; x_wconf 79' lang='grc' dir='ltr'>αἱρέεσθαι</span> <span class='ocrx_word' id='word_1_230' title='bbox 891 2119 1059 2165; x_wconf 81' lang='grc' dir='ltr'>πολλάκις</span> <span class='ocrx_word' id='word_1_231' title='bbox 1093 2121 1154 2160; x_wconf 81' lang='grc' dir='ltr'>καὶ</span> 
     </span>
     <span class='ocr_line' id='line_1_36' title="bbox 100 2178 1027 2236; baseline -0.001 -14"><span class='ocrx_word' id='word_1_232' title='bbox 100 2187 192 2222; x_wconf 79' lang='grc' dir='ltr'>τοῖσι</span> <span class='ocrx_word' id='word_1_233' title='bbox 210 2178 227 2205; x_wconf 62' lang='lat'><strong>*³</strong></span> <span class='ocrx_word' id='word_1_234' title='bbox 243 2183 363 2236; x_wconf 78' lang='grc' dir='ltr'>ἑωυτῷ</span> <span class='ocrx_word' id='word_1_235' title='bbox 382 2181 492 2235; x_wconf 84' lang='grc' dir='ltr'>μηδὲν</span> <span class='ocrx_word' id='word_1_236' title='bbox 510 2180 727 2235; x_wconf 83' lang='grc' dir='ltr'>προσήκουσι</span> <span class='ocrx_word' id='word_1_237' title='bbox 745 2179 758 2204; x_wconf 72' lang='lat'><strong><em>¹</em></strong></span> <span class='ocrx_word' id='word_1_238' title='bbox 777 2179 1027 2232; x_wconf 82' lang='grc' dir='ltr'>ἐπικτώμενον.</span> 
     </span>
    </p>
   </div>
   <div class='ocr_carea' id='block_1_10' title="bbox 100 2373 1158 2596">
    <p class='ocr_par' dir='ltr' id='par_1_14' title="bbox 100 2373 1158 2596">
     <span class='ocr_line' id='line_1_37' title="bbox 100 2373 1158 2419; baseline -0.003 -10"><span class='ocrx_word' id='word_1_239' title='bbox 100 2374 195 2410; x_wconf 64' lang='lat' dir='ltr'><strong>dioto</strong></span> <span class='ocrx_word' id='word_1_240' title='bbox 207 2374 436 2419; x_wconf 80' lang='lat' dir='ltr'><strong>proficiscitur.</strong></span> <span class='ocrx_word' id='word_1_241' title='bbox 482 2374 592 2407; x_wconf 84' lang='lat' dir='ltr'><strong>Uteris</strong></span> <span class='ocrx_word' id='word_1_242' title='bbox 608 2377 720 2406; x_wconf 87' lang='lat' dir='ltr'><strong>autem</strong></span> <span class='ocrx_word' id='word_1_243' title='bbox 739 2383 778 2406; x_wconf 92' lang='lat' dir='ltr'><strong>eo</strong></span> <span class='ocrx_word' id='word_1_244' title='bbox 795 2373 867 2406; x_wconf 89' lang='lat' dir='ltr'><strong>sine</strong></span> <span class='ocrx_word' id='word_1_245' title='bbox 882 2374 950 2406; x_wconf 87' lang='lat' dir='ltr'><strong>ulla</strong></span> <span class='ocrx_word' id='word_1_246' title='bbox 969 2381 1073 2414; x_wconf 83' lang='lat' dir='ltr'><strong>noxa,</strong></span> <span class='ocrx_word' id='word_1_247' title='bbox 1091 2383 1158 2406; x_wconf 73' lang='lat' dir='ltr'><strong>non</strong></span> 
     </span>
     <span class='ocr_line' id='line_1_38' title="bbox 101 2433 1154 2477; baseline -0.003 -9"><span class='ocrx_word' id='word_1_248' title='bbox 101 2443 216 2468; x_wconf 78' lang='lat' dir='ltr'><strong>omnes</strong></span> <span class='ocrx_word' id='word_1_249' title='bbox 229 2443 339 2476; x_wconf 83' lang='lat' dir='ltr'><strong>neque</strong></span> <span class='ocrx_word' id='word_1_250' title='bbox 355 2435 455 2477; x_wconf 84' lang='lat' dir='ltr'><strong>prout</strong></span> <span class='ocrx_word' id='word_1_251' title='bbox 472 2442 544 2467; x_wconf 89' lang='lat' dir='ltr'><strong>sors</strong></span> <span class='ocrx_word' id='word_1_252' title='bbox 560 2433 674 2466; x_wconf 84' lang='lat' dir='ltr'><strong>tulerit</strong></span> <span class='ocrx_word' id='word_1_253' title='bbox 690 2433 962 2475; x_wconf 88' lang='lat' dir='ltr'><strong>reprehendendo</strong></span> <span class='ocrx_word' id='word_1_254' title='bbox 991 2435 1024 2466; x_wconf 86' lang='lat' dir='ltr'><strong>et</strong></span> <span class='ocrx_word' id='word_1_255' title='bbox 1042 2433 1154 2474; x_wconf 86' lang='lat' dir='ltr'><strong>objur-</strong></span> 
     </span>
     <span class='ocr_line' id='line_1_39' title="bbox 100 2491 1156 2537; baseline -0.003 -9"><span class='ocrx_word' id='word_1_256' title='bbox 100 2493 220 2537; x_wconf 72' lang='lat' dir='ltr'><strong>gando,</strong></span> <span class='ocrx_word' id='word_1_257' title='bbox 230 2493 316 2528; x_wconf 76' lang='lat' dir='ltr'><strong>hanc</strong></span> <span class='ocrx_word' id='word_1_258' title='bbox 327 2493 513 2527; x_wconf 77' lang='lat' dir='ltr'><strong>libertatem</strong></span> <span class='ocrx_word' id='word_1_259' title='bbox 526 2501 599 2526; x_wconf 86' lang='lat' dir='ltr'><strong>esse</strong></span> <span class='ocrx_word' id='word_1_260' title='bbox 613 2495 718 2533; x_wconf 77' lang='lat' dir='ltr'><strong>ratus,</strong></span> <span class='ocrx_word' id='word_1_261' title='bbox 732 2491 791 2525; x_wconf 91' lang='lat' dir='ltr'><strong>sed</strong></span> <span class='ocrx_word' id='word_1_262' title='bbox 802 2492 876 2525; x_wconf 87' lang='lat' dir='ltr'><strong>illos</strong></span> <span class='ocrx_word' id='word_1_263' title='bbox 886 2501 1027 2534; x_wconf 89' lang='lat' dir='ltr'><strong>quorum</strong></span> <span class='ocrx_word' id='word_1_264' title='bbox 1042 2492 1156 2534; x_wconf 78' lang='lat' dir='ltr'><strong>refert,</strong></span> 
     </span>
     <span class='ocr_line' id='line_1_40' title="bbox 103 2551 1157 2596; baseline -0.003 -9"><span class='ocrx_word' id='word_1_265' title='bbox 103 2554 139 2587; x_wconf 77' lang='lat' dir='ltr'><strong>et</strong></span> <span class='ocrx_word' id='word_1_266' title='bbox 153 2553 274 2596; x_wconf 79' lang='lat' dir='ltr'><strong>quibos</strong></span> <span class='ocrx_word' id='word_1_267' title='bbox 288 2553 354 2586; x_wconf 84' lang='lat' dir='ltr'><strong>hoc</strong></span> <span class='ocrx_word' id='word_1_268' title='bbox 369 2552 542 2595; x_wconf 81' lang='lat' dir='ltr'><strong>convenit,</strong></span> <span class='ocrx_word' id='word_1_269' title='bbox 558 2561 618 2586; x_wconf 92' lang='lat' dir='ltr'><strong>suo</strong></span> <span class='ocrx_word' id='word_1_270' title='bbox 635 2553 781 2594; x_wconf 83' lang='lat' dir='ltr'><strong>tempore</strong></span> <span class='ocrx_word' id='word_1_271' title='bbox 794 2561 860 2584; x_wconf 90' lang='lat' dir='ltr'><strong>non</strong></span> <span class='ocrx_word' id='word_1_272' title='bbox 873 2551 943 2585; x_wconf 90' lang='lat' dir='ltr'><strong>sine</strong></span> <span class='ocrx_word' id='word_1_273' title='bbox 959 2551 1102 2585; x_wconf 84' lang='lat' dir='ltr'><strong>utilitate</strong></span> <span class='ocrx_word' id='word_1_274' title='bbox 1115 2551 1157 2584; x_wconf 88' lang='lat' dir='ltr'><strong>de</strong></span> 
     </span>
    </p>
   </div>
   <div class='ocr_carea' id='block_1_11' title="bbox 10 2611 1051 2656">
    <p class='ocr_par' dir='ltr' id='par_1_15' title="bbox 10 2611 1051 2656">
     <span class='ocr_line' id='line_1_41' title="bbox 10 2611 1051 2656; baseline -0.003 -9"><span class='ocrx_word' id='word_1_275' title='bbox 10 2612 43 2654; x_wconf 51' lang='lat' dir='ltr'><strong>ssss</strong></span> <span class='ocrx_word' id='word_1_276' title='bbox 98 2612 142 2647; x_wconf 78' lang='lat' dir='ltr'><strong>iis</strong></span> <span class='ocrx_word' id='word_1_277' title='bbox 160 2612 448 2656; x_wconf 70' lang='lat' dir='ltr'><strong>qnaeinmentem</strong></span> <span class='ocrx_word' id='word_1_278' title='bbox 466 2612 600 2646; x_wconf 81' lang='lat' dir='ltr'><strong>veniunt</strong></span> <span class='ocrx_word' id='word_1_279' title='bbox 616 2611 795 2655; x_wconf 76' lang='lat' dir='ltr'><strong>prudenter</strong></span> <span class='ocrx_word' id='word_1_280' title='bbox 815 2611 1051 2654; x_wconf 86' lang='lat' dir='ltr'><strong>compellando.</strong></span> 
     </span>
    </p>
   </div>
   <div class='ocr_carea' id='block_1_12' title="bbox 28 2669 1154 2834">
    <p class='ocr_par' dir='ltr' id='par_1_16' title="bbox 28 2669 1154 2834">
     <span class='ocr_line' id='line_1_42' title="bbox 145 2669 1154 2714; baseline -0.006 -7"><span class='ocrx_word' id='word_1_281' title='bbox 145 2677 196 2706; x_wconf 70' lang='lat'><strong>22.</strong></span> <span class='ocrx_word' id='word_1_282' title='bbox 236 2671 419 2714; x_wconf 65' lang='lat' dir='ltr'><strong>inimicus,</strong></span> <span class='ocrx_word' id='word_1_283' title='bbox 440 2671 498 2714; x_wconf 85' lang='lat' dir='ltr'><strong>qui</strong></span> <span class='ocrx_word' id='word_1_284' title='bbox 521 2680 600 2705; x_wconf 80' lang='lat' dir='ltr'><strong>vera</strong></span> <span class='ocrx_word' id='word_1_285' title='bbox 619 2670 778 2712; x_wconf 85' lang='lat' dir='ltr'><strong>loquitur,</strong></span> <span class='ocrx_word' id='word_1_286' title='bbox 797 2669 903 2703; x_wconf 90' lang='lat' dir='ltr'><strong>cuivis</strong></span> <span class='ocrx_word' id='word_1_287' title='bbox 926 2669 1083 2702; x_wconf 79' lang='lat' dir='ltr'><strong>&#39;amicitiae</strong></span> <span class='ocrx_word' id='word_1_288' title='bbox 1108 2669 1154 2701; x_wconf 91' lang='lat' dir='ltr'><strong>si-</strong></span> 
     </span>
     <span class='ocr_line' id='line_1_43' title="bbox 38 2729 1154 2779; baseline -0.005 -12"><span class='ocrx_word' id='word_1_289' title='bbox 38 2766 43 2779; x_wconf 68' lang='lat'>÷</span> <span class='ocrx_word' id='word_1_290' title='bbox 102 2731 255 2767; x_wconf 70' lang='lat' dir='ltr'><strong>mutator}</strong></span> <span class='ocrx_word' id='word_1_291' title='bbox 272 2731 316 2766; x_wconf 81' lang='lat' dir='ltr'><strong>ad</strong></span> <span class='ocrx_word' id='word_1_292' title='bbox 334 2732 542 2766; x_wconf 80' lang='lat' dir='ltr'><strong>voluntatem</strong></span> <span class='ocrx_word' id='word_1_293' title='bbox 557 2729 708 2773; x_wconf 80' lang='lat' dir='ltr'><strong>loquenti</strong></span> <span class='ocrx_word' id='word_1_294' title='bbox 723 2729 819 2771; x_wconf 87' lang='lat' dir='ltr'><strong>longe</strong></span> <span class='ocrx_word' id='word_1_295' title='bbox 841 2729 1066 2771; x_wconf 80' lang='lat' dir='ltr'><strong>praeferendus</strong></span> <span class='ocrx_word' id='word_1_296' title='bbox 1092 2730 1154 2762; x_wconf 88' lang='lat' dir='ltr'><strong>est.</strong></span> 
     </span>
     <span class='ocr_line' id='line_1_44' title="bbox 28 2787 1154 2834; baseline -0.004 -9"><span class='ocrx_word' id='word_1_297' title='bbox 28 2791 34 2798; x_wconf 66' lang='lat'>‘</span> <span class='ocrx_word' id='word_1_298' title='bbox 144 2794 196 2829; x_wconf 78' lang='lat'><strong>23.</strong></span> <span class='ocrx_word' id='word_1_299' title='bbox 217 2790 279 2825; x_wconf 77' lang='lat' dir='ltr'><strong>Vir</strong></span> <span class='ocrx_word' id='word_1_300' title='bbox 306 2791 365 2834; x_wconf 82' lang='lat' dir='ltr'><strong>qui</strong></span> <span class='ocrx_word' id='word_1_301' title='bbox 393 2790 552 2834; x_wconf 79' lang='lat' dir='ltr'><strong>grandem</strong></span> <span class='ocrx_word' id='word_1_302' title='bbox 582 2788 758 2832; x_wconf 85' lang='lat' dir='ltr'><strong>pecuniam</strong></span> <span class='ocrx_word' id='word_1_303' title='bbox 780 2789 967 2830; x_wconf 82' lang='lat' dir='ltr'><strong>congestam</strong></span> <span class='ocrx_word' id='word_1_304' title='bbox 989 2787 1154 2830; x_wconf 89' lang='lat' dir='ltr'><strong>seposuit,</strong></span> 
     </span>
    </p>
   </div>
   <div class='ocr_carea' id='block_1_13' title="bbox 0 2847 1155 3252">
    <p class='ocr_par' dir='ltr' id='par_1_17' title="bbox 0 2844 1155 3138">
     <span class='ocr_line' id='line_1_45' title="bbox 0 2847 1154 2889; baseline -0.005 -4"><span class='ocrx_word' id='word_1_305' title='bbox 0 2874 3 2881; x_wconf 35' lang='grc' dir='ltr'><em>ψ</em></span> <span class='ocrx_word' id='word_1_306' title='bbox 103 2850 225 2885; x_wconf 61' lang='grc' dir='ltr'>κεί-αι</span> <span class='ocrx_word' id='word_1_307' title='bbox 251 2858 313 2885; x_wconf 79' lang='lat' dir='ltr'><strong>suo</strong></span> <span class='ocrx_word' id='word_1_308' title='bbox 340 2850 502 2885; x_wconf 82' lang='lat' dir='ltr'><strong>arbitratu</strong></span> <span class='ocrx_word' id='word_1_309' title='bbox 520 2850 563 2883; x_wconf 86' lang='lat' dir='ltr'><strong>ad</strong></span> <span class='ocrx_word' id='word_1_310' title='bbox 593 2859 644 2883; x_wconf 90' lang='lat' dir='ltr'><strong>res</strong></span> <span class='ocrx_word' id='word_1_311' title='bbox 661 2847 862 2882; x_wconf 80' lang='lat' dir='ltr'><strong>necessarias</strong></span> <span class='ocrx_word' id='word_1_312' title='bbox 882 2847 931 2880; x_wconf 91' lang='lat' dir='ltr'><strong>uti</strong></span> <span class='ocrx_word' id='word_1_313' title='bbox 951 2857 1016 2880; x_wconf 91' lang='lat' dir='ltr'><strong>non</strong></span> <span class='ocrx_word' id='word_1_314' title='bbox 1032 2847 1154 2889; x_wconf 84' lang='lat' dir='ltr'><strong>audet,</strong></span> 
     </span>
     <span class='ocr_line' id='line_1_46' title="bbox 8 2900 1152 2958; baseline -0.003 -15"><span class='ocrx_word' id='word_1_315' title='bbox 8 2900 65 2958; x_wconf 63' lang='lat' dir='ltr'><strong>s,-</strong></span> <span class='ocrx_word' id='word_1_316' title='bbox 101 2907 217 2943; x_wconf 57' lang='lat' dir='ltr'><strong>imi&amp;</strong></span> <span class='ocrx_word' id='word_1_317' title='bbox 239 2910 292 2942; x_wconf 80' lang='lat' dir='ltr'><strong>est</strong></span> <span class='ocrx_word' id='word_1_318' title='bbox 321 2908 448 2942; x_wconf 85' lang='lat' dir='ltr'><strong>homini</strong></span> <span class='ocrx_word' id='word_1_319' title='bbox 465 2908 637 2952; x_wconf 88' lang='lat' dir='ltr'><strong>publicum</strong></span> <span class='ocrx_word' id='word_1_320' title='bbox 657 2909 850 2942; x_wconf 85' lang='lat' dir='ltr'><strong>thesaurum</strong></span> <span class='ocrx_word' id='word_1_321' title='bbox 869 2917 967 2941; x_wconf 92' lang='lat' dir='ltr'><strong>suum</strong></span> <span class='ocrx_word' id='word_1_322' title='bbox 985 2916 1058 2941; x_wconf 90' lang='lat' dir='ltr'><strong>esse</strong></span> <span class='ocrx_word' id='word_1_323' title='bbox 1082 2916 1152 2940; x_wconf 83' lang='lat' dir='ltr'><strong>cre-</strong></span> 
     </span>
     <span class='ocr_line' id='line_1_47' title="bbox 101 2966 1155 3011; baseline -0.002 -9.175"><span class='ocrx_word' id='word_1_324' title='bbox 101 2966 203 3004; x_wconf 70' lang='lat' dir='ltr'><strong>amu.</strong></span> <span class='ocrx_word' id='word_1_325' title='bbox 248 2970 419 3009; x_wconf 82' lang='lat' dir='ltr'><strong>Quantum</strong></span> <span class='ocrx_word' id='word_1_326' title='bbox 447 2968 536 3002; x_wconf 84' lang='lat' dir='ltr'><strong>enim</strong></span> <span class='ocrx_word' id='word_1_327' title='bbox 566 2969 610 3002; x_wconf 89' lang='lat' dir='ltr'><strong>ad</strong></span> <span class='ocrx_word' id='word_1_328' title='bbox 641 2968 848 3011; x_wconf 84' lang='lat' dir='ltr'><strong>opinionem,</strong></span> <span class='ocrx_word' id='word_1_329' title='bbox 887 2977 981 3009; x_wconf 82' lang='lat' dir='ltr'><strong>aeque</strong></span> <span class='ocrx_word' id='word_1_330' title='bbox 1018 2970 1155 3010; x_wconf 84' lang='lat' dir='ltr'><strong>uterque</strong></span> 
     </span>
     <span class='ocr_line' id='line_1_48' title="bbox 45 3027 1154 3076; baseline -0.001 -14.039"><span class='ocrx_word' id='word_1_331' title='bbox 45 3031 58 3076; x_wconf 51' lang='lat' dir='ltr'><strong>j.</strong></span> <span class='ocrx_word' id='word_1_332' title='bbox 75 3042 83 3047; x_wconf 54' lang='lat'>³</span> <span class='ocrx_word' id='word_1_333' title='bbox 101 3027 195 3063; x_wconf 67' lang='lat' dir='ltr'><strong>dim</strong></span> <span class='ocrx_word' id='word_1_334' title='bbox 208 3030 272 3064; x_wconf 72' lang='lat' dir='ltr'><strong>est.</strong></span> <span class='ocrx_word' id='word_1_335' title='bbox 317 3031 422 3063; x_wconf 82' lang='lat' dir='ltr'><strong>Usum</strong></span> <span class='ocrx_word' id='word_1_336' title='bbox 437 3038 518 3063; x_wconf 84' lang='lat' dir='ltr'><strong>vero</strong></span> <span class='ocrx_word' id='word_1_337' title='bbox 535 3029 745 3069; x_wconf 85' lang='lat' dir='ltr'><strong>divitiarum,</strong></span> <span class='ocrx_word' id='word_1_338' title='bbox 763 3028 823 3070; x_wconf 89' lang='lat' dir='ltr'><strong>qui</strong></span> <span class='ocrx_word' id='word_1_339' title='bbox 840 3028 989 3070; x_wconf 87' lang='lat' dir='ltr'><strong>proprius</strong></span> <span class='ocrx_word' id='word_1_340' title='bbox 1013 3029 1063 3061; x_wconf 88' lang='lat' dir='ltr'><strong>est</strong></span> <span class='ocrx_word' id='word_1_341' title='bbox 1080 3037 1154 3071; x_wconf 83' lang='lat' dir='ltr'><strong>pos·</strong></span> 
     </span>
     <span class='ocr_line' id='line_1_49' title="bbox 12 3086 838 3138; baseline -0.006 -13"><span class='ocrx_word' id='word_1_342' title='bbox 12 3086 17 3098; x_wconf 74' lang='lat'><strong>&#39;&#39;</strong></span> <span class='ocrx_word' id='word_1_343' title='bbox 101 3086 256 3138; x_wconf 61' lang='lat' dir='ltr'><strong>&#39;m’</strong></span> <span class='ocrx_word' id='word_1_344' title='bbox 274 3098 340 3123; x_wconf 79' lang='lat' dir='ltr'><strong>non</strong></span> <span class='ocrx_word' id='word_1_345' title='bbox 364 3089 468 3131; x_wconf 85' lang='lat' dir='ltr'><strong>magis</strong></span> <span class='ocrx_word' id='word_1_346' title='bbox 488 3088 543 3122; x_wconf 77' lang='lat' dir='ltr'><strong>hic</strong></span> <span class='ocrx_word' id='word_1_347' title='bbox 560 3098 660 3131; x_wconf 88' lang='lat' dir='ltr'><strong>quam</strong></span> <span class='ocrx_word' id='word_1_348' title='bbox 675 3088 729 3122; x_wconf 87' lang='lat' dir='ltr'><strong>ille</strong></span> <span class='ocrx_word' id='word_1_349' title='bbox 749 3088 838 3121; x_wconf 82' lang='lat' dir='ltr'><strong>facit.</strong></span> 
     </span>
    </p>

    <p class='ocr_par' dir='ltr' id='par_1_18' title="bbox 0 3147 1153 3252">
     <span class='ocr_line' id='line_1_50' title="bbox 10 3147 1153 3194; baseline -0.003 -11"><span class='ocrx_word' id='word_1_350' title='bbox 10 3156 17 3194; x_wconf 61' lang='grc' dir='ltr'>ἡ</span> <span class='ocrx_word' id='word_1_351' title='bbox 52 3178 54 3183; x_wconf 94' lang='grc'>.</span> <span class='ocrx_word' id='word_1_352' title='bbox 145 3149 197 3183; x_wconf 75' lang='lat'><strong>²4.</strong></span> <span class='ocrx_word' id='word_1_353' title='bbox 217 3147 335 3182; x_wconf 83' lang='lat' dir='ltr'><strong>Virum</strong></span> <span class='ocrx_word' id='word_1_354' title='bbox 349 3149 407 3191; x_wconf 89' lang='lat' dir='ltr'><strong>qui</strong></span> <span class='ocrx_word' id='word_1_355' title='bbox 421 3149 578 3192; x_wconf 84' lang='lat' dir='ltr'><strong>grandem</strong></span> <span class='ocrx_word' id='word_1_356' title='bbox 597 3148 771 3191; x_wconf 83' lang='lat' dir='ltr'><strong>pecuniam</strong></span> <span class='ocrx_word' id='word_1_357' title='bbox 790 3150 978 3190; x_wconf 80' lang='lat' dir='ltr'><strong>congestam</strong></span> <span class='ocrx_word' id='word_1_358' title='bbox 994 3148 1153 3190; x_wconf 82' lang='lat' dir='ltr'><strong>seposuit,</strong></span> 
     </span>
     <span class='ocr_line' id='line_1_51' title="bbox 0 3199 1152 3252; baseline -0.004 -7"><span class='ocrx_word' id='word_1_359' title='bbox 0 3199 20 3245; x_wconf 47' lang='grc' dir='ltr'><em>ᾇ</em></span> <span class='ocrx_word' id='word_1_360' title='bbox 54 3211 59 3222; x_wconf 76' lang='grc'><strong>·’</strong></span> <span class='ocrx_word' id='word_1_361' title='bbox 102 3209 139 3243; x_wconf 66' lang='lat' dir='ltr'><strong>ol»</strong></span> <span class='ocrx_word' id='word_1_362' title='bbox 167 3207 348 3251; x_wconf 71' lang='lat' dir='ltr'><strong>seponendi</strong></span> <span class='ocrx_word' id='word_1_363' title='bbox 377 3209 481 3252; x_wconf 83' lang='lat' dir='ltr'><strong>gratia</strong></span> <span class='ocrx_word' id='word_1_364' title='bbox 510 3211 641 3242; x_wconf 85' lang='lat' dir='ltr'><strong>tantum</strong></span> <span class='ocrx_word' id='word_1_365' title='bbox 672 3208 847 3251; x_wconf 84' lang='lat' dir='ltr'><strong>ampliores</strong></span> <span class='ocrx_word' id='word_1_366' title='bbox 884 3217 963 3250; x_wconf 88' lang='lat' dir='ltr'><strong>opes</strong></span> <span class='ocrx_word' id='word_1_367' title='bbox 993 3208 1152 3250; x_wconf 86' lang='lat' dir='ltr'><strong>acquirit,</strong></span> 
     </span>
    </p>
   </div>
   <div class='ocr_carea' id='block_1_14' title="bbox 103 3268 1154 3312">
    <p class='ocr_par' dir='ltr' id='par_1_19' title="bbox 103 3268 1154 3312">
     <span class='ocr_line' id='line_1_52' title="bbox 103 3268 1154 3312; baseline -0.002 -9"><span class='ocrx_word' id='word_1_368' title='bbox 103 3268 464 3312; x_wconf 61' lang='lat' dir='ltr'><strong>semper-prassontibus</strong></span> <span class='ocrx_word' id='word_1_369' title='bbox 481 3269 607 3311; x_wconf 84' lang='lat' dir='ltr'><strong>aliquid</strong></span> <span class='ocrx_word' id='word_1_370' title='bbox 626 3269 750 3302; x_wconf 85' lang='lat' dir='ltr'><strong>addere</strong></span> <span class='ocrx_word' id='word_1_371' title='bbox 775 3268 932 3310; x_wconf 87' lang='lat' dir='ltr'><strong>studens,</strong></span> <span class='ocrx_word' id='word_1_372' title='bbox 956 3268 1033 3301; x_wconf 85' lang='lat' dir='ltr'><strong>licet</strong></span> <span class='ocrx_word' id='word_1_373' title='bbox 1047 3276 1154 3310; x_wconf 86' lang='lat' dir='ltr'><strong>neque</strong></span> 
     </span>
    </p>
   </div>
   <div class='ocr_carea' id='block_1_15' title="bbox 8 3317 1152 3432">
    <p class='ocr_par' dir='ltr' id='par_1_20' title="bbox 8 3317 1152 3432">
     <span class='ocr_line' id='line_1_53' title="bbox 8 3317 1152 3375; baseline -0.003 -9"><span class='ocrx_word' id='word_1_374' title='bbox 8 3317 18 3351; x_wconf 43' lang='lat'><strong>&#39;3</strong></span> <span class='ocrx_word' id='word_1_375' title='bbox 49 3344 61 3366; x_wconf 82' lang='grc'><strong>·.</strong></span> <span class='ocrx_word' id='word_1_376' title='bbox 102 3327 145 3365; x_wconf 63' lang='lat' dir='ltr'><strong>ul</strong></span> <span class='ocrx_word' id='word_1_377' title='bbox 169 3336 264 3363; x_wconf 72' lang='lat' dir='ltr'><strong>mum</strong></span> <span class='ocrx_word' id='word_1_378' title='bbox 282 3330 460 3364; x_wconf 78' lang='lat' dir='ltr'><strong>utilitatem</strong></span> <span class='ocrx_word' id='word_1_379' title='bbox 487 3339 592 3373; x_wconf 88' lang='lat' dir='ltr'><strong>neque</strong></span> <span class='ocrx_word' id='word_1_380' title='bbox 606 3330 649 3364; x_wconf 84' lang='lat' dir='ltr'><strong>ad</strong></span> <span class='ocrx_word' id='word_1_381' title='bbox 672 3331 751 3363; x_wconf 83' lang='lat' dir='ltr'><strong>alias</strong></span> <span class='ocrx_word' id='word_1_382' title='bbox 770 3339 823 3362; x_wconf 85' lang='lat' dir='ltr'><strong>res</strong></span> <span class='ocrx_word' id='word_1_383' title='bbox 847 3330 1034 3363; x_wconf 81' lang='lat' dir='ltr'><strong>fructuosas</strong></span> <span class='ocrx_word' id='word_1_384' title='bbox 1056 3329 1152 3375; x_wconf 83' lang='lat' dir='ltr'><strong>quid-</strong></span> 
     </span>
     <span class='ocr_line' id='line_1_54' title="bbox 10 3389 1152 3432; baseline -0.001 -9"><span class='ocrx_word' id='word_1_385' title='bbox 10 3407 17 3423; x_wconf 71' lang='lat'><em>1</em></span> <span class='ocrx_word' id='word_1_386' title='bbox 61 3398 64 3403; x_wconf 87' lang='grc'><strong>’</strong></span> <span class='ocrx_word' id='word_1_387' title='bbox 101 3396 201 3432; x_wconf 71' lang='lat' dir='ltr'><strong>quum</strong></span> <span class='ocrx_word' id='word_1_388' title='bbox 223 3389 389 3431; x_wconf 80' lang='lat' dir='ltr'><strong>conferat,</strong></span> <span class='ocrx_word' id='word_1_389' title='bbox 410 3400 451 3424; x_wconf 91' lang='lat' dir='ltr'><strong>ne</strong></span> <span class='ocrx_word' id='word_1_390' title='bbox 479 3400 626 3432; x_wconf 87' lang='lat' dir='ltr'><strong>unquam</strong></span> <span class='ocrx_word' id='word_1_391' title='bbox 651 3390 787 3423; x_wconf 82' lang='lat' dir='ltr'><strong>divitem</strong></span> <span class='ocrx_word' id='word_1_392' title='bbox 808 3398 879 3421; x_wconf 80' lang='lat' dir='ltr'><strong>esse</strong></span> <span class='ocrx_word' id='word_1_393' title='bbox 908 3389 1072 3430; x_wconf 82' lang='lat' dir='ltr'><strong>affirmes,</strong></span> <span class='ocrx_word' id='word_1_394' title='bbox 1096 3390 1152 3422; x_wconf 87' lang='lat' dir='ltr'><strong>sed</strong></span> 
     </span>
    </p>
   </div>
   <div class='ocr_carea' id='block_1_16' title="bbox 11 3446 1155 3498">
    <p class='ocr_par' dir='ltr' id='par_1_21' title="bbox 11 3444 1155 3502">
     <span class='ocr_line' id='line_1_55' title="bbox 11 3446 1155 3498; baseline 0 -15"><span class='ocrx_word' id='word_1_395' title='bbox 11 3480 16 3498; x_wconf 35' lang='grc' dir='ltr'>ὲ</span> <span class='ocrx_word' id='word_1_396' title='bbox 102 3446 216 3483; x_wconf 67' lang='lat' dir='ltr'><strong>atinum</strong></span> <span class='ocrx_word' id='word_1_397' title='bbox 244 3450 395 3493; x_wconf 77' lang='lat' dir='ltr'><strong>pecuniae</strong></span> <span class='ocrx_word' id='word_1_398' title='bbox 423 3454 494 3484; x_wconf 85' lang='lat' dir='ltr'><strong>tum</strong></span> <span class='ocrx_word' id='word_1_399' title='bbox 520 3451 692 3485; x_wconf 84' lang='lat' dir='ltr'><strong>custodem</strong></span> <span class='ocrx_word' id='word_1_400' title='bbox 720 3453 792 3484; x_wconf 86' lang='lat' dir='ltr'><strong>tum</strong></span> <span class='ocrx_word' id='word_1_401' title='bbox 820 3451 1033 3492; x_wconf 75' lang='lat' dir='ltr'><strong>exactorem,</strong></span> <span class='ocrx_word' id='word_1_402' title='bbox 1051 3458 1155 3492; x_wconf 87' lang='lat' dir='ltr'><strong>qumn</strong></span> 
     </span>
    </p>
   </div>
   <div class='ocr_carea' id='block_1_17' title="bbox 1207 277 2278 2233">
    <p class='ocr_par' dir='ltr' id='par_1_22' title="bbox 1207 277 2266 688">
     <span class='ocr_line' id='line_1_56' title="bbox 1259 277 2264 332; baseline 0.004 -17"><span class='ocrx_word' id='word_1_403' title='bbox 1259 277 1461 328; x_wconf 82' lang='lat' dir='ltr'><strong>(Stobaeus</strong></span> <span class='ocrx_word' id='word_1_404' title='bbox 1485 277 1586 316; x_wconf 79' lang='lat' dir='ltr'><strong>Flor.</strong></span> <span class='ocrx_word' id='word_1_405' title='bbox 1614 279 1722 327; x_wconf 85' lang='lat' dir='ltr'><strong>XVI,</strong></span> <span class='ocrx_word' id='word_1_406' title='bbox 1760 285 1807 325; x_wconf 57' lang='grc' dir='ltr'>αι’,</span> <span class='ocrx_word' id='word_1_407' title='bbox 1836 279 2025 320; x_wconf 74' lang='grc' dir='ltr'>Εὗσεὸίου.</span> <span class='ocrx_word' id='word_1_408' title='bbox 2051 281 2201 332; x_wconf 79' lang='lat' dir='ltr'><strong>Scripsi</strong></span> <span class='ocrx_word' id='word_1_409' title='bbox 2221 296 2230 318; x_wconf 75' lang='grc' dir='ltr'><strong>ι</strong></span> <span class='ocrx_word' id='word_1_410' title='bbox 2248 285 2264 304; x_wconf 78' lang='lat'>⁸</span> 
     </span>
     <span class='ocr_line' id='line_1_57' title="bbox 1207 335 2265 388; baseline 0.005 -15"><span class='ocrx_word' id='word_1_411' title='bbox 1207 335 1267 374; x_wconf 75' lang='grc' dir='ltr'>καὶ</span> <span class='ocrx_word' id='word_1_412' title='bbox 1288 336 1393 374; x_wconf 76' lang='grc' dir='ltr'>αὐτοῦ</span> <span class='ocrx_word' id='word_1_413' title='bbox 1409 335 1534 376; x_wconf 84' lang='grc' dir='ltr'>τούτου</span> <span class='ocrx_word' id='word_1_414' title='bbox 1554 336 1670 376; x_wconf 78' lang='grc' dir='ltr'>εἵνεκα</span> <span class='ocrx_word' id='word_1_415' title='bbox 1691 353 1778 377; x_wconf 89' lang='lat' dir='ltr'><strong>cum</strong></span> <span class='ocrx_word' id='word_1_416' title='bbox 1799 339 2054 378; x_wconf 83' lang='lat' dir='ltr'><strong>Valckenario</strong></span> <span class='ocrx_word' id='word_1_417' title='bbox 2066 353 2078 388; x_wconf 89' lang='lat'>;</span> <span class='ocrx_word' id='word_1_418' title='bbox 2091 340 2187 378; x_wconf 86' lang='lat' dir='ltr'><strong>libri</strong></span> <span class='ocrx_word' id='word_1_419' title='bbox 2205 339 2265 378; x_wconf 73' lang='grc' dir='ltr'>καὶ</span> 
     </span>
     <span class='ocr_line' id='line_1_58' title="bbox 1207 395 2264 453; baseline 0.005 -21"><span class='ocrx_word' id='word_1_420' title='bbox 1207 398 1267 433; x_wconf 89' lang='grc' dir='ltr'><strong>τοῦ</strong></span> <span class='ocrx_word' id='word_1_421' title='bbox 1297 395 1517 448; x_wconf 85' lang='grc' dir='ltr'>θησαυρίζειν</span> <span class='ocrx_word' id='word_1_422' title='bbox 1545 398 1650 435; x_wconf 88' lang='grc' dir='ltr'>αὐτοῦ</span> <span class='ocrx_word' id='word_1_423' title='bbox 1674 398 1797 437; x_wconf 84' lang='grc' dir='ltr'>τούτου</span> <span class='ocrx_word' id='word_1_424' title='bbox 1825 396 1955 438; x_wconf 74' lang='grc' dir='ltr'>εἵνεκα.</span> <span class='ocrx_word' id='word_1_425' title='bbox 1979 421 2032 429; x_wconf 91' lang='lat'><strong>—-</strong></span> <span class='ocrx_word' id='word_1_426' title='bbox 2065 397 2084 422; x_wconf 79' lang='lat'><strong>¹‘</strong></span> <span class='ocrx_word' id='word_1_427' title='bbox 2110 399 2264 453; x_wconf 85' lang='grc' dir='ltr'>προσθέῃ</span> 
     </span>
     <span class='ocr_line' id='line_1_59' title="bbox 1207 455 2265 512; baseline 0.006 -20"><span class='ocrx_word' id='word_1_428' title='bbox 1207 467 1294 492; x_wconf 87' lang='lat' dir='ltr'><strong>cum</strong></span> <span class='ocrx_word' id='word_1_429' title='bbox 1312 455 1468 494; x_wconf 83' lang='lat' dir='ltr'><strong>Halmio</strong></span> <span class='ocrx_word' id='word_1_430' title='bbox 1486 471 1496 503; x_wconf 93' lang='lat'>;</span> <span class='ocrx_word' id='word_1_431' title='bbox 1514 456 1629 496; x_wconf 89' lang='lat' dir='ltr'><strong>codd.</strong></span> <span class='ocrx_word' id='word_1_432' title='bbox 1646 457 1826 509; x_wconf 87' lang='grc' dir='ltr'>προσθείη.</span> <span class='ocrx_word' id='word_1_433' title='bbox 1844 481 1898 487; x_wconf 94' lang='lat'><em>-</em></span> <span class='ocrx_word' id='word_1_434' title='bbox 1918 463 1933 482; x_wconf 76' lang='lat'>⁰</span> <span class='ocrx_word' id='word_1_435' title='bbox 1959 459 2156 512; x_wconf 85' lang='grc' dir='ltr'>πρήγματα</span> <span class='ocrx_word' id='word_1_436' title='bbox 2176 473 2265 498; x_wconf 86' lang='lat' dir='ltr'><strong>cum</strong></span> 
     </span>
     <span class='ocr_line' id='line_1_60' title="bbox 1208 514 2266 571; baseline 0.006 -20"><span class='ocrx_word' id='word_1_437' title='bbox 1208 514 1427 563; x_wconf 85' lang='lat' dir='ltr'><strong>Meinekio;</strong></span> <span class='ocrx_word' id='word_1_438' title='bbox 1460 516 1581 566; x_wconf 83' lang='lat' dir='ltr'><strong>vulgo</strong></span> <span class='ocrx_word' id='word_1_439' title='bbox 1608 516 1793 569; x_wconf 78' lang='grc' dir='ltr'>χρήματα.</span> <span class='ocrx_word' id='word_1_440' title='bbox 1820 541 1870 547; x_wconf 96' lang='grc'><strong>-</strong></span> <span class='ocrx_word' id='word_1_441' title='bbox 1897 516 1916 542; x_wconf 78' lang='lat'><strong>‘¹</strong></span> <span class='ocrx_word' id='word_1_442' title='bbox 1947 518 2148 571; x_wconf 77' lang='grc' dir='ltr'>ἀποφήναιο</span> <span class='ocrx_word' id='word_1_443' title='bbox 2178 533 2266 557; x_wconf 87' lang='lat' dir='ltr'><strong>cum</strong></span> 
     </span>
     <span class='ocr_line' id='line_1_61' title="bbox 1208 573 2264 628; baseline 0.005 -18"><span class='ocrx_word' id='word_1_444' title='bbox 1208 573 1427 622; x_wconf 82' lang='lat' dir='ltr'><strong>Meinekio3</strong></span> <span class='ocrx_word' id='word_1_445' title='bbox 1448 575 1563 614; x_wconf 89' lang='lat' dir='ltr'><strong>codd.</strong></span> <span class='ocrx_word' id='word_1_446' title='bbox 1584 575 1789 628; x_wconf 84' lang='grc' dir='ltr'>ἀποφήνειε.</span> <span class='ocrx_word' id='word_1_447' title='bbox 1810 600 1864 607; x_wconf 89' lang='grc'><strong>-</strong></span> <span class='ocrx_word' id='word_1_448' title='bbox 1880 580 1896 599; x_wconf 73' lang='lat'><strong>⁰</strong></span> <span class='ocrx_word' id='word_1_449' title='bbox 1909 583 2021 627; x_wconf 77' lang='grc' dir='ltr'>τοῖσι;</span> <span class='ocrx_word' id='word_1_450' title='bbox 2045 578 2161 618; x_wconf 88' lang='lat' dir='ltr'><strong>codd.</strong></span> <span class='ocrx_word' id='word_1_451' title='bbox 2181 578 2264 622; x_wconf 84' lang='grc' dir='ltr'>τοῖς.</span> 
     </span>
     <span class='ocr_line' id='line_1_62' title="bbox 1207 631 2057 688; baseline 0.008 -18"><span class='ocrx_word' id='word_1_452' title='bbox 1207 654 1261 662; x_wconf 91' lang='grc'><strong>-</strong></span> <span class='ocrx_word' id='word_1_453' title='bbox 1280 631 1294 655; x_wconf 76' lang='lat'><em>¹</em></span> <span class='ocrx_word' id='word_1_454' title='bbox 1314 633 1553 685; x_wconf 84' lang='grc' dir='ltr'>προσήκουσι;</span> <span class='ocrx_word' id='word_1_455' title='bbox 1574 635 1688 674; x_wconf 89' lang='lat' dir='ltr'><strong>codd.</strong></span> <span class='ocrx_word' id='word_1_456' title='bbox 1710 635 1960 688; x_wconf 82' lang='grc' dir='ltr'>προσήκουσιν.</span> <span class='ocrx_word' id='word_1_457' title='bbox 1977 639 2057 688; x_wconf 91' lang='lat'><strong>-—)</strong></span> 
     </span>
    </p>

    <p class='ocr_par' dir='ltr' id='par_1_23' title="bbox 1209 692 2269 928">
     <span class='ocr_line' id='line_1_63' title="bbox 1264 692 2269 747; baseline 0.003 -17"><span class='ocrx_word' id='word_1_458' title='bbox 1264 705 1312 731; x_wconf 69' lang='lat'><strong>25.</strong></span> <span class='ocrx_word' id='word_1_459' title='bbox 1346 692 1496 744; x_wconf 81' lang='grc' dir='ltr'>Γνώμης</span> <span class='ocrx_word' id='word_1_460' title='bbox 1532 693 1653 746; x_wconf 81' lang='grc' dir='ltr'>ἀνδρὸς</span> <span class='ocrx_word' id='word_1_461' title='bbox 1675 694 1822 746; x_wconf 82' lang='grc' dir='ltr'>ἀρίστου</span> <span class='ocrx_word' id='word_1_462' title='bbox 1845 695 2003 741; x_wconf 84' lang='grc' dir='ltr'>ἀπόδεξις</span> <span class='ocrx_word' id='word_1_463' title='bbox 2023 695 2106 747; x_wconf 80' lang='grc' dir='ltr'>ἥδε,</span> <span class='ocrx_word' id='word_1_464' title='bbox 2135 694 2184 745; x_wconf 83' lang='grc' dir='ltr'>μὴ</span> <span class='ocrx_word' id='word_1_465' title='bbox 2211 694 2269 734; x_wconf 77' lang='grc' dir='ltr'>ἐπὶ</span> 
     </span>
     <span class='ocr_line' id='line_1_64' title="bbox 1209 751 2268 806; baseline 0.002 -16"><span class='ocrx_word' id='word_1_466' title='bbox 1209 754 1259 804; x_wconf 81' lang='grc' dir='ltr'><strong>τῷ</strong></span> <span class='ocrx_word' id='word_1_467' title='bbox 1295 751 1472 791; x_wconf 83' lang='grc' dir='ltr'>σιτέεσθαι</span> <span class='ocrx_word' id='word_1_468' title='bbox 1505 753 1633 792; x_wconf 83' lang='grc' dir='ltr'>ἑωυτὸν</span> <span class='ocrx_word' id='word_1_469' title='bbox 1671 754 1823 806; x_wconf 87' lang='grc' dir='ltr'>νομίζειν</span> <span class='ocrx_word' id='word_1_470' title='bbox 1860 756 2060 806; x_wconf 85' lang='grc' dir='ltr'>γεγονέναι,</span> <span class='ocrx_word' id='word_1_471' title='bbox 2099 754 2189 806; x_wconf 79' lang='grc' dir='ltr'>μηδὲ</span> <span class='ocrx_word' id='word_1_472' title='bbox 2234 757 2268 793; x_wconf 80' lang='grc' dir='ltr'><strong>ἐν</strong></span> 
     </span>
     <span class='ocr_line' id='line_1_65' title="bbox 1210 810 2268 865; baseline 0.001 -15"><span class='ocrx_word' id='word_1_473' title='bbox 1210 810 1325 865; x_wconf 86' lang='grc' dir='ltr'>τούτῳ</span> <span class='ocrx_word' id='word_1_474' title='bbox 1343 811 1407 860; x_wconf 87' lang='grc' dir='ltr'><strong>τὴν</strong></span> <span class='ocrx_word' id='word_1_475' title='bbox 1424 811 1515 860; x_wconf 87' lang='grc' dir='ltr'>ζωὴν</span> <span class='ocrx_word' id='word_1_476' title='bbox 1541 812 1728 864; x_wconf 81' lang='grc' dir='ltr'>ἡγέεσθαι,</span> <span class='ocrx_word' id='word_1_477' title='bbox 1752 813 1880 864; x_wconf 83' lang='grc' dir='ltr'>μούνου</span> <span class='ocrx_word' id='word_1_478' title='bbox 1901 814 1937 853; x_wconf 83' lang='grc' dir='ltr'><strong>δὲ</strong></span> <span class='ocrx_word' id='word_1_479' title='bbox 1963 816 2070 854; x_wconf 80' lang='grc' dir='ltr'>αὐτοῦ</span> <span class='ocrx_word' id='word_1_480' title='bbox 2091 817 2152 853; x_wconf 85' lang='grc' dir='ltr'><strong>τοῦ</strong></span> <span class='ocrx_word' id='word_1_481' title='bbox 2169 813 2268 859; x_wconf 85' lang='grc' dir='ltr'>ζώειν</span> 
     </span>
     <span class='ocr_line' id='line_1_66' title="bbox 1211 869 2145 928; baseline 0.002 -18"><span class='ocrx_word' id='word_1_482' title='bbox 1211 869 1326 910; x_wconf 76' lang='grc' dir='ltr'>εἵνεκα</span> <span class='ocrx_word' id='word_1_483' title='bbox 1341 875 1356 894; x_wconf 78' lang='lat'><strong>‘¹</strong></span> <span class='ocrx_word' id='word_1_484' title='bbox 1373 870 1585 923; x_wconf 85' lang='grc' dir='ltr'>ἀνθρώποισι</span> <span class='ocrx_word' id='word_1_485' title='bbox 1605 871 1622 895; x_wconf 72' lang='lat'><strong>¹³</strong></span> <span class='ocrx_word' id='word_1_486' title='bbox 1645 872 1776 927; x_wconf 84' lang='grc' dir='ltr'>τροφὴν</span> <span class='ocrx_word' id='word_1_487' title='bbox 1796 874 1947 925; x_wconf 87' lang='grc' dir='ltr'>νομίζειν</span> <span class='ocrx_word' id='word_1_488' title='bbox 1965 877 2145 928; x_wconf 74' lang='grc' dir='ltr'>εὑρῆσθαι.</span> 
     </span>
    </p>

    <p class='ocr_par' dir='ltr' id='par_1_24' title="bbox 1209 931 2268 1105">
     <span class='ocr_line' id='line_1_67' title="bbox 1267 931 2268 985; baseline 0.003 -16"><span class='ocrx_word' id='word_1_489' title='bbox 1267 931 1471 983; x_wconf 89' lang='lat' dir='ltr'><strong>(Stobaeus</strong></span> <span class='ocrx_word' id='word_1_490' title='bbox 1503 931 1608 972; x_wconf 86' lang='lat' dir='ltr'><strong>Flor.</strong></span> <span class='ocrx_word' id='word_1_491' title='bbox 1629 933 1752 981; x_wconf 83' lang='lat' dir='ltr'><strong>XVII,</strong></span> <span class='ocrx_word' id='word_1_492' title='bbox 1778 940 1823 980; x_wconf 68' lang='grc' dir='ltr'><strong>[μ</strong></span> <span class='ocrx_word' id='word_1_493' title='bbox 1856 933 2044 975; x_wconf 73' lang='grc' dir='ltr'>Εῦσεὸίου.</span> <span class='ocrx_word' id='word_1_494' title='bbox 2074 934 2225 985; x_wconf 79' lang='lat' dir='ltr'><strong>Scripsi</strong></span> <span class='ocrx_word' id='word_1_495' title='bbox 2259 948 2268 972; x_wconf 79' lang='lat'>2</span> 
     </span>
     <span class='ocr_line' id='line_1_68' title="bbox 1209 990 2268 1046; baseline 0 -16"><span class='ocrx_word' id='word_1_496' title='bbox 1209 995 1227 1015; x_wconf 80' lang='lat'>⁸</span> <span class='ocrx_word' id='word_1_497' title='bbox 1268 990 1404 1042; x_wconf 71' lang='grc' dir='ltr'>εἵνεκα;</span> <span class='ocrx_word' id='word_1_498' title='bbox 1433 991 1545 1030; x_wconf 92' lang='lat' dir='ltr'><strong>codd.</strong></span> <span class='ocrx_word' id='word_1_499' title='bbox 1584 990 1702 1035; x_wconf 78' lang='grc' dir='ltr'>ἕνεκα.</span> <span class='ocrx_word' id='word_1_500' title='bbox 1744 1015 1795 1022; x_wconf 90' lang='lat'><strong>—-</strong></span> <span class='ocrx_word' id='word_1_501' title='bbox 1832 991 1850 1016; x_wconf 80' lang='lat'><strong>¹³</strong></span> <span class='ocrx_word' id='word_1_502' title='bbox 1884 992 2096 1046; x_wconf 86' lang='grc' dir='ltr'>ἀνθρώποισι</span> <span class='ocrx_word' id='word_1_503' title='bbox 2109 1007 2122 1043; x_wconf 78' lang='lat'>3</span> <span class='ocrx_word' id='word_1_504' title='bbox 2153 992 2268 1032; x_wconf 94' lang='lat' dir='ltr'><strong>codd.</strong></span> 
     </span>
     <span class='ocr_line' id='line_1_69' title="bbox 1213 1051 1519 1105; baseline 0.007 -15"><span class='ocrx_word' id='word_1_505' title='bbox 1213 1051 1423 1105; x_wconf 86' lang='grc' dir='ltr'>ἀνθρώποις.</span> <span class='ocrx_word' id='word_1_506' title='bbox 1442 1052 1519 1104; x_wconf 87' lang='grc'><strong>·-)</strong></span> 
     </span>
    </p>

    <p class='ocr_par' dir='ltr' id='par_1_25' title="bbox 1212 1110 2275 1345">
     <span class='ocr_line' id='line_1_70' title="bbox 1266 1110 2273 1165; baseline -0.001 -15"><span class='ocrx_word' id='word_1_507' title='bbox 1266 1125 1316 1152; x_wconf 78' lang='lat'><strong>2⁶.</strong></span> <span class='ocrx_word' id='word_1_508' title='bbox 1363 1111 1578 1165; x_wconf 83' lang='grc' dir='ltr'>Ἐγκράτεια</span> <span class='ocrx_word' id='word_1_509' title='bbox 1614 1111 1675 1151; x_wconf 80' lang='grc' dir='ltr'>καὶ</span> <span class='ocrx_word' id='word_1_510' title='bbox 1708 1110 1848 1163; x_wconf 84' lang='grc' dir='ltr'>σώματι</span> <span class='ocrx_word' id='word_1_511' title='bbox 1893 1111 2021 1164; x_wconf 89' lang='grc' dir='ltr'>ἀγαθόν</span> <span class='ocrx_word' id='word_1_512' title='bbox 2035 1127 2043 1136; x_wconf 92' lang='grc'><em>·</em></span> <span class='ocrx_word' id='word_1_513' title='bbox 2085 1111 2171 1165; x_wconf 86' lang='grc' dir='ltr'>πρὸς</span> <span class='ocrx_word' id='word_1_514' title='bbox 2203 1111 2273 1164; x_wconf 76' lang='grc' dir='ltr'>γὰρ</span> 
     </span>
     <span class='ocr_line' id='line_1_71' title="bbox 1212 1170 2273 1225; baseline 0 -15"><span class='ocrx_word' id='word_1_515' title='bbox 1212 1171 1343 1223; x_wconf 79' lang='grc' dir='ltr'>ὓγιείην</span> <span class='ocrx_word' id='word_1_516' title='bbox 1379 1173 1473 1225; x_wconf 81' lang='grc' dir='ltr'>αὐτῷ</span> <span class='ocrx_word' id='word_1_517' title='bbox 1499 1170 1742 1224; x_wconf 78' lang='grc' dir='ltr'>ξυμμᾶχεται,</span> <span class='ocrx_word' id='word_1_518' title='bbox 1771 1171 1832 1210; x_wconf 82' lang='grc' dir='ltr'>καὶ</span> <span class='ocrx_word' id='word_1_519' title='bbox 1867 1170 2094 1224; x_wconf 76' lang='grc' dir='ltr'>σωφροσύνην</span> <span class='ocrx_word' id='word_1_520' title='bbox 2116 1173 2150 1211; x_wconf 84' lang='grc' dir='ltr'><strong>ἐν</strong></span> <span class='ocrx_word' id='word_1_521' title='bbox 2176 1173 2273 1225; x_wconf 77' lang='grc' dir='ltr'>ψυχῇ</span> 
     </span>
     <span class='ocr_line' id='line_1_72' title="bbox 1213 1229 2275 1285; baseline -0.002 -15"><span class='ocrx_word' id='word_1_522' title='bbox 1213 1230 1335 1270; x_wconf 81' lang='grc' dir='ltr'>τίκτει.</span> <span class='ocrx_word' id='word_1_523' title='bbox 1395 1229 1614 1285; x_wconf 84' lang='grc' dir='ltr'>Σωφροσύνη</span> <span class='ocrx_word' id='word_1_524' title='bbox 1644 1230 1680 1269; x_wconf 83' lang='grc' dir='ltr'><strong>δὲ</strong></span> <span class='ocrx_word' id='word_1_525' title='bbox 1711 1230 1949 1270; x_wconf 84' lang='grc' dir='ltr'>ἀστασίαστον</span> <span class='ocrx_word' id='word_1_526' title='bbox 1969 1230 2029 1270; x_wconf 71' lang='grc' dir='ltr'>καὶ</span> <span class='ocrx_word' id='word_1_527' title='bbox 2062 1230 2193 1279; x_wconf 87' lang='grc' dir='ltr'>εὔδιον,</span> <span class='ocrx_word' id='word_1_528' title='bbox 2214 1231 2275 1269; x_wconf 72' lang='grc' dir='ltr'>καὶ</span> 
     </span>
     <span class='ocr_line' id='line_1_73' title="bbox 1216 1290 1919 1345; baseline 0.001 -16"><span class='ocrx_word' id='word_1_529' title='bbox 1216 1290 1290 1344; x_wconf 87' lang='grc' dir='ltr'>βίον</span> <span class='ocrx_word' id='word_1_530' title='bbox 1313 1291 1485 1344; x_wconf 82' lang='grc' dir='ltr'>εἰρηναῒον</span> <span class='ocrx_word' id='word_1_531' title='bbox 1511 1292 1611 1345; x_wconf 83' lang='grc' dir='ltr'>ψυχῇ</span> <span class='ocrx_word' id='word_1_532' title='bbox 1636 1290 1919 1343; x_wconf 85' lang='grc' dir='ltr'>παρασκευάζει.</span> 
     </span>
    </p>

    <p class='ocr_par' dir='ltr' id='par_1_26' title="bbox 1271 1349 2059 1404">
     <span class='ocr_line' id='line_1_74' title="bbox 1271 1349 2059 1404; baseline 0.001 -16"><span class='ocrx_word' id='word_1_533' title='bbox 1271 1350 1474 1402; x_wconf 86' lang='lat' dir='ltr'><strong>(Stobaeus</strong></span> <span class='ocrx_word' id='word_1_534' title='bbox 1494 1350 1521 1389; x_wconf 86' lang='lat' dir='ltr'>F</span> <span class='ocrx_word' id='word_1_535' title='bbox 1524 1351 1598 1390; x_wconf 86' lang='lat' dir='ltr'><strong>lor.</strong></span> <span class='ocrx_word' id='word_1_536' title='bbox 1621 1350 1742 1400; x_wconf 83' lang='lat' dir='ltr'><strong>XVII,</strong></span> <span class='ocrx_word' id='word_1_537' title='bbox 1764 1357 1812 1397; x_wconf 79' lang='lat'><strong>42</strong></span> <span class='ocrx_word' id='word_1_538' title='bbox 1833 1354 1895 1389; x_wconf 81' lang='grc' dir='ltr'><strong>τοῦ</strong></span> <span class='ocrx_word' id='word_1_539' title='bbox 1913 1349 2059 1404; x_wconf 79' lang='grc' dir='ltr'>αὐτοῦ.)</span> 
     </span>
    </p>

    <p class='ocr_par' dir='ltr' id='par_1_27' title="bbox 1215 1408 2276 1699">
     <span class='ocr_line' id='line_1_75' title="bbox 1270 1408 2275 1463; baseline 0 -15"><span class='ocrx_word' id='word_1_540' title='bbox 1270 1423 1317 1449; x_wconf 84' lang='lat'><strong>27.</strong></span> <span class='ocrx_word' id='word_1_541' title='bbox 1351 1409 1484 1462; x_wconf 72' lang='grc' dir='ltr'>Ὀργῆς</span> <span class='ocrx_word' id='word_1_542' title='bbox 1515 1409 1674 1463; x_wconf 86' lang='grc' dir='ltr'>κρατέειν</span> <span class='ocrx_word' id='word_1_543' title='bbox 1706 1410 1848 1462; x_wconf 84' lang='grc' dir='ltr'>ἄριστον</span> <span class='ocrx_word' id='word_1_544' title='bbox 1877 1408 1998 1456; x_wconf 80' lang='grc' dir='ltr'>ἐθίζειν</span> <span class='ocrx_word' id='word_1_545' title='bbox 2020 1410 2169 1456; x_wconf 82' lang='grc' dir='ltr'>ἑωυτόν,</span> <span class='ocrx_word' id='word_1_546' title='bbox 2202 1410 2275 1460; x_wconf 85' lang='grc' dir='ltr'>μά-</span> 
     </span>
     <span class='ocr_line' id='line_1_76' title="bbox 1215 1467 2274 1522; baseline 0.003 -17"><span class='ocrx_word' id='word_1_547' title='bbox 1215 1469 1318 1506; x_wconf 88' lang='grc' dir='ltr'>λιστα</span> <span class='ocrx_word' id='word_1_548' title='bbox 1340 1467 1403 1519; x_wconf 82' lang='grc' dir='ltr'><strong>μὲν</strong></span> <span class='ocrx_word' id='word_1_549' title='bbox 1425 1468 1590 1521; x_wconf 75' lang='grc' dir='ltr'>καὶπρὸς</span> <span class='ocrx_word' id='word_1_550' title='bbox 1610 1467 1650 1507; x_wconf 86' lang='grc' dir='ltr'><strong>τὸ</strong></span> <span class='ocrx_word' id='word_1_551' title='bbox 1678 1468 1728 1519; x_wconf 83' lang='grc' dir='ltr'>μὴ</span> <span class='ocrx_word' id='word_1_552' title='bbox 1751 1468 1924 1512; x_wconf 78' lang='grc' dir='ltr'>εὐπετέως</span> <span class='ocrx_word' id='word_1_553' title='bbox 1951 1468 2010 1508; x_wconf 73' lang='grc' dir='ltr'>ὑπ’</span> <span class='ocrx_word' id='word_1_554' title='bbox 2029 1470 2136 1517; x_wconf 76' lang='grc' dir='ltr'>αὐτῆς</span> <span class='ocrx_word' id='word_1_555' title='bbox 2158 1469 2274 1522; x_wconf 82' lang='grc' dir='ltr'>ξυγκι-</span> 
     </span>
     <span class='ocr_line' id='line_1_77' title="bbox 1216 1526 2276 1580; baseline 0.001 -14"><span class='ocrx_word' id='word_1_556' title='bbox 1216 1526 1372 1567; x_wconf 84' lang='grc' dir='ltr'>νέεσθαι·</span> <span class='ocrx_word' id='word_1_557' title='bbox 1395 1529 1424 1566; x_wconf 87' lang='grc' dir='ltr'><strong>εἷ</strong></span> <span class='ocrx_word' id='word_1_558' title='bbox 1443 1527 1478 1567; x_wconf 78' lang='grc' dir='ltr'><strong>δὲ</strong></span> <span class='ocrx_word' id='word_1_559' title='bbox 1508 1527 1583 1578; x_wconf 86' lang='grc' dir='ltr'>μή,</span> <span class='ocrx_word' id='word_1_560' title='bbox 1603 1528 1681 1566; x_wconf 81' lang='grc' dir='ltr'>ἀλλ’</span> <span class='ocrx_word' id='word_1_561' title='bbox 1702 1527 1793 1567; x_wconf 79' lang='grc' dir='ltr'>ὥστε</span> <span class='ocrx_word' id='word_1_562' title='bbox 1814 1544 1853 1580; x_wconf 90' lang='grc' dir='ltr'><strong>γε</strong></span> <span class='ocrx_word' id='word_1_563' title='bbox 1871 1528 2012 1569; x_wconf 75' lang='grc' dir='ltr'>πάντως</span> <span class='ocrx_word' id='word_1_564' title='bbox 2033 1529 2083 1579; x_wconf 87' lang='grc' dir='ltr'>μὴ</span> <span class='ocrx_word' id='word_1_565' title='bbox 2103 1529 2150 1568; x_wconf 50' lang='lat' dir='ltr'><strong>rb*</strong></span> <span class='ocrx_word' id='word_1_566' title='bbox 2165 1545 2276 1567; x_wconf 87' lang='grc' dir='ltr'>κοιτα-</span> 
     </span>
     <span class='ocr_line' id='line_1_78' title="bbox 1215 1587 2276 1640; baseline 0.002 -16"><span class='ocrx_word' id='word_1_567' title='bbox 1215 1587 1471 1638; x_wconf 81' lang='grc' dir='ltr'>ναγκαζόμενον</span> <span class='ocrx_word' id='word_1_568' title='bbox 1495 1589 1555 1626; x_wconf 78' lang='grc' dir='ltr'>ὑπ’</span> <span class='ocrx_word' id='word_1_569' title='bbox 1586 1589 1692 1635; x_wconf 71' lang='grc' dir='ltr'>αὐτῆς</span> <span class='ocrx_word' id='word_1_570' title='bbox 1716 1587 1844 1626; x_wconf 81' lang='grc' dir='ltr'>αὐτίκα</span> <span class='ocrx_word' id='word_1_571' title='bbox 1865 1603 1905 1627; x_wconf 92' lang='grc' dir='ltr'><strong>σε</strong></span> <span class='ocrx_word' id='word_1_572' title='bbox 1936 1587 1997 1626; x_wconf 77' lang='grc' dir='ltr'>καὶ</span> <span class='ocrx_word' id='word_1_573' title='bbox 2026 1588 2061 1626; x_wconf 78' lang='grc' dir='ltr'><strong>ἐν</strong></span> <span class='ocrx_word' id='word_1_574' title='bbox 2084 1590 2134 1640; x_wconf 83' lang='grc' dir='ltr'><strong>τῷ</strong></span> <span class='ocrx_word' id='word_1_575' title='bbox 2155 1587 2276 1639; x_wconf 78' lang='grc' dir='ltr'>ἀλογί-</span> 
     </span>
     <span class='ocr_line' id='line_1_79' title="bbox 1215 1646 1917 1699; baseline 0.006 -15"><span class='ocrx_word' id='word_1_576' title='bbox 1215 1661 1288 1699; x_wconf 86' lang='grc' dir='ltr'><strong>στῳ</strong></span> <span class='ocrx_word' id='word_1_577' title='bbox 1312 1646 1602 1697; x_wconf 84' lang='grc' dir='ltr'>ἀποπιμπλάναι.</span> <span class='ocrx_word' id='word_1_578' title='bbox 1910 1681 1917 1688; x_wconf 94' lang='grc'>.</span> 
     </span>
    </p>

    <p class='ocr_par' dir='ltr' id='par_1_28' title="bbox 1270 1705 2016 1758">
     <span class='ocr_line' id='line_1_80' title="bbox 1270 1705 2016 1758; baseline 0.001 -14"><span class='ocrx_word' id='word_1_579' title='bbox 1270 1706 1475 1758; x_wconf 87' lang='lat' dir='ltr'><strong>(Stobaeus</strong></span> <span class='ocrx_word' id='word_1_580' title='bbox 1491 1707 1597 1747; x_wconf 86' lang='lat' dir='ltr'><strong>Flor.</strong></span> <span class='ocrx_word' id='word_1_581' title='bbox 1612 1705 1718 1755; x_wconf 87' lang='lat' dir='ltr'><strong>XIX,</strong></span> <span class='ocrx_word' id='word_1_582' title='bbox 1741 1721 1782 1757; x_wconf 87' lang='lat'><strong>9.</strong></span> <span class='ocrx_word' id='word_1_583' title='bbox 1807 1706 2016 1758; x_wconf 77' lang='grc' dir='ltr'>Εὒσεὸίου.)</span> 
     </span>
    </p>

    <p class='ocr_par' dir='ltr' id='par_1_29' title="bbox 1216 1764 2278 1998">
     <span class='ocr_line' id='line_1_81' title="bbox 1269 1764 2275 1820; baseline 0 -16"><span class='ocrx_word' id='word_1_584' title='bbox 1269 1779 1318 1806; x_wconf 76' lang='lat'><strong>28.</strong></span> <span class='ocrx_word' id='word_1_585' title='bbox 1348 1764 1483 1805; x_wconf 71' lang='grc' dir='ltr'>Πολλοὶ</span> <span class='ocrx_word' id='word_1_586' title='bbox 1502 1764 1679 1809; x_wconf 82' lang='grc' dir='ltr'>δοκέοντες</span> <span class='ocrx_word' id='word_1_587' title='bbox 1697 1765 1845 1810; x_wconf 74' lang='grc' dir='ltr'>ἑωυτοὺς</span> <span class='ocrx_word' id='word_1_588' title='bbox 1865 1765 1995 1820; x_wconf 74' lang='grc' dir='ltr'>φιλέειν</span> <span class='ocrx_word' id='word_1_589' title='bbox 2023 1766 2062 1804; x_wconf 84' lang='grc' dir='ltr'><strong>οὗ</strong></span> <span class='ocrx_word' id='word_1_590' title='bbox 2086 1766 2245 1819; x_wconf 78' lang='grc' dir='ltr'>φιλέουσι</span> <span class='ocrx_word' id='word_1_591' title='bbox 2261 1772 2275 1790; x_wconf 74' lang='lat'>⁸</span> 
     </span>
     <span class='ocr_line' id='line_1_82' title="bbox 1216 1823 2278 1877; baseline 0.002 -14"><span class='ocrx_word' id='word_1_592' title='bbox 1216 1825 1391 1873; x_wconf 85' lang='grc' dir='ltr'>ἀληθέως·</span> <span class='ocrx_word' id='word_1_593' title='bbox 1417 1824 1534 1864; x_wconf 88' lang='grc' dir='ltr'>πάντα</span> <span class='ocrx_word' id='word_1_594' title='bbox 1559 1828 1640 1877; x_wconf 86' lang='grc' dir='ltr'>γοῦν</span> <span class='ocrx_word' id='word_1_595' title='bbox 1671 1826 1777 1863; x_wconf 80' lang='grc' dir='ltr'>αὐτοῦ</span> <span class='ocrx_word' id='word_1_596' title='bbox 1800 1824 1925 1864; x_wconf 86' lang='grc' dir='ltr'>τούτου</span> <span class='ocrx_word' id='word_1_597' title='bbox 1946 1823 2062 1864; x_wconf 72' lang='grc' dir='ltr'>εἵνεκα</span> <span class='ocrx_word' id='word_1_598' title='bbox 2092 1825 2109 1849; x_wconf 76' lang='lat'><strong>¹³</strong></span> <span class='ocrx_word' id='word_1_599' title='bbox 2129 1826 2278 1871; x_wconf 84' lang='grc' dir='ltr'>εἴκοντες</span> 
     </span>
     <span class='ocr_line' id='line_1_83' title="bbox 1217 1883 2278 1938; baseline 0 -14"><span class='ocrx_word' id='word_1_600' title='bbox 1217 1887 1357 1927; x_wconf 81' lang='grc' dir='ltr'>ἑωυτοῖς</span> <span class='ocrx_word' id='word_1_601' title='bbox 1377 1883 1438 1923; x_wconf 77' lang='grc' dir='ltr'>καὶ</span> <span class='ocrx_word' id='word_1_602' title='bbox 1464 1883 1563 1938; x_wconf 85' lang='grc' dir='ltr'>παρὰ</span> <span class='ocrx_word' id='word_1_603' title='bbox 1582 1883 1622 1922; x_wconf 81' lang='grc' dir='ltr'><strong>τὸ</strong></span> <span class='ocrx_word' id='word_1_604' title='bbox 1651 1884 1792 1937; x_wconf 83' lang='grc' dir='ltr'>ἀτρεκὲς</span> <span class='ocrx_word' id='word_1_605' title='bbox 1821 1885 2048 1938; x_wconf 81' lang='grc' dir='ltr'>χαριζόμενοι</span> <span class='ocrx_word' id='word_1_606' title='bbox 2070 1887 2184 1930; x_wconf 81' lang='grc' dir='ltr'>αὐτοῖς</span> <span class='ocrx_word' id='word_1_607' title='bbox 2207 1887 2278 1930; x_wconf 81' lang='grc' dir='ltr'>τοῖς</span> 
     </span>
     <span class='ocr_line' id='line_1_84' title="bbox 1217 1943 1766 1998; baseline 0 -14"><span class='ocrx_word' id='word_1_608' title='bbox 1217 1944 1483 1989; x_wconf 74' lang='grc' dir='ltr'>ἐναντιωτάτοις</span> <span class='ocrx_word' id='word_1_609' title='bbox 1502 1943 1766 1998; x_wconf 89' lang='grc' dir='ltr'>περιπίπτουσι.</span> 
     </span>
    </p>

    <p class='ocr_par' dir='ltr' id='par_1_30' title="bbox 1215 2003 2277 2174">
     <span class='ocr_line' id='line_1_85' title="bbox 1272 2003 2277 2056; baseline 0.003 -15"><span class='ocrx_word' id='word_1_610' title='bbox 1272 2003 1474 2054; x_wconf 82' lang='lat' dir='ltr'><strong>(Stobaeus</strong></span> <span class='ocrx_word' id='word_1_611' title='bbox 1497 2004 1600 2044; x_wconf 89' lang='lat' dir='ltr'><strong>Flor.</strong></span> <span class='ocrx_word' id='word_1_612' title='bbox 1623 2003 1754 2042; x_wconf 88' lang='lat' dir='ltr'><strong>XXIII</strong></span> <span class='ocrx_word' id='word_1_613' title='bbox 1767 2032 1779 2050; x_wconf 96' lang='lat'><strong>,</strong></span> <span class='ocrx_word' id='word_1_614' title='bbox 1814 2004 1860 2042; x_wconf 87' lang='lat'><strong>15</strong></span> <span class='ocrx_word' id='word_1_615' title='bbox 1885 2003 2076 2044; x_wconf 75' lang='grc' dir='ltr'>Εὖσεὸίου.</span> <span class='ocrx_word' id='word_1_616' title='bbox 2098 2004 2249 2056; x_wconf 88' lang='lat' dir='ltr'><strong>Scripsi</strong></span> <span class='ocrx_word' id='word_1_617' title='bbox 2268 2021 2277 2043; x_wconf 92' lang='lat'>:</span> 
     </span>
     <span class='ocr_line' id='line_1_86' title="bbox 1215 2061 2276 2117; baseline 0.003 -17"><span class='ocrx_word' id='word_1_618' title='bbox 1215 2069 1232 2089; x_wconf 58' lang='grc' dir='ltr'><strong>ὃ</strong></span> <span class='ocrx_word' id='word_1_619' title='bbox 1262 2062 1446 2116; x_wconf 48' lang='lat' dir='ltr'><strong>amioum</strong></span> <span class='ocrx_word' id='word_1_620' title='bbox 1484 2063 1599 2104; x_wconf 87' lang='lat' dir='ltr'><strong>codd.</strong></span> <span class='ocrx_word' id='word_1_621' title='bbox 1636 2061 1830 2117; x_wconf 82' lang='grc' dir='ltr'>φιλέουσιν.</span> <span class='ocrx_word' id='word_1_622' title='bbox 1858 2087 1911 2092; x_wconf 90' lang='grc'>-</span> <span class='ocrx_word' id='word_1_623' title='bbox 1941 2061 1959 2087; x_wconf 65' lang='lat' dir='ltr'>b</span> <span class='ocrx_word' id='word_1_624' title='bbox 1993 2061 2132 2113; x_wconf 72' lang='grc' dir='ltr'>εἵνεκα;</span> <span class='ocrx_word' id='word_1_625' title='bbox 2162 2063 2276 2104; x_wconf 86' lang='lat' dir='ltr'><strong>codd.</strong></span> 
     </span>
     <span class='ocr_line' id='line_1_87' title="bbox 1215 2121 1416 2174; baseline 0 -14"><span class='ocrx_word' id='word_1_626' title='bbox 1215 2121 1330 2160; x_wconf 81' lang='grc' dir='ltr'>ἕνεκα.</span> <span class='ocrx_word' id='word_1_627' title='bbox 1349 2121 1416 2174; x_wconf 93' lang='lat'><strong>—-)</strong></span> 
     </span>
    </p>

    <p class='ocr_par' dir='ltr' id='par_1_31' title="bbox 1270 2175 2270 2233">
     <span class='ocr_line' id='line_1_88' title="bbox 1270 2175 2270 2233; baseline 0 -13"><span class='ocrx_word' id='word_1_628' title='bbox 1270 2195 1320 2220; x_wconf 77' lang='lat'><strong>29.</strong></span> <span class='ocrx_word' id='word_1_629' title='bbox 1355 2181 1490 2222; x_wconf 84' lang='grc' dir='ltr'>Πολλοὶ</span> <span class='ocrx_word' id='word_1_630' title='bbox 1521 2180 1725 2233; x_wconf 88' lang='grc' dir='ltr'>βουλόμενοι</span> <span class='ocrx_word' id='word_1_631' title='bbox 1753 2180 1883 2221; x_wconf 85' lang='grc' dir='ltr'>δοκέειν</span> <span class='ocrx_word' id='word_1_632' title='bbox 1911 2175 1998 2221; x_wconf 66' lang='grc' dir='ltr'>εἶναι</span> <span class='ocrx_word' id='word_1_633' title='bbox 2020 2182 2270 2222; x_wconf 74' lang='grc' dir='ltr'>εὖὸουλότατοι</span> 
     </span>
    </p>
   </div>
   <div class='ocr_carea' id='block_1_18' title="bbox 1216 2372 2279 3491">
    <p class='ocr_par' dir='ltr' id='par_1_32' title="bbox 1219 2372 2279 2476">
     <span class='ocr_line' id='line_1_89' title="bbox 1219 2372 2279 2415; baseline 0 -9"><span class='ocrx_word' id='word_1_634' title='bbox 1219 2382 1445 2415; x_wconf 64' lang='lat' dir='ltr'><strong>saepenumero</strong></span> <span class='ocrx_word' id='word_1_635' title='bbox 1463 2373 1595 2406; x_wconf 87' lang='lat' dir='ltr'><strong>labores</strong></span> <span class='ocrx_word' id='word_1_636' title='bbox 1620 2372 1788 2415; x_wconf 84' lang='lat' dir='ltr'><strong>suscipere</strong></span> <span class='ocrx_word' id='word_1_637' title='bbox 1818 2372 1898 2406; x_wconf 86' lang='lat' dir='ltr'><strong>velit</strong></span> <span class='ocrx_word' id='word_1_638' title='bbox 1930 2375 1964 2405; x_wconf 82' lang='lat' dir='ltr'><strong>et</strong></span> <span class='ocrx_word' id='word_1_639' title='bbox 1992 2382 2044 2406; x_wconf 92' lang='lat' dir='ltr'><strong>res</strong></span> <span class='ocrx_word' id='word_1_640' title='bbox 2071 2373 2152 2405; x_wconf 86' lang='lat' dir='ltr'><strong>nihil</strong></span> <span class='ocrx_word' id='word_1_641' title='bbox 2173 2372 2216 2405; x_wconf 87' lang='lat' dir='ltr'><strong>ad</strong></span> <span class='ocrx_word' id='word_1_642' title='bbox 2243 2383 2279 2406; x_wconf 84' lang='lat' dir='ltr'><strong>se</strong></span> 
     </span>
     <span class='ocr_line' id='line_1_90' title="bbox 1219 2433 1564 2476; baseline -0.003 -10"><span class='ocrx_word' id='word_1_643' title='bbox 1219 2433 1421 2476; x_wconf 66' lang='lat' dir='ltr'><strong>pertinentes</strong></span> <span class='ocrx_word' id='word_1_644' title='bbox 1437 2435 1564 2475; x_wconf 86' lang='lat' dir='ltr'><strong>augeat.</strong></span> 
     </span>
    </p>

    <p class='ocr_par' dir='ltr' id='par_1_33' title="bbox 1221 2492 2279 2654">
     <span class='ocr_line' id='line_1_91' title="bbox 1263 2492 2279 2535; baseline 0 -11"><span class='ocrx_word' id='word_1_645' title='bbox 1263 2496 1313 2525; x_wconf 86' lang='lat'><strong>25.</strong></span> <span class='ocrx_word' id='word_1_646' title='bbox 1344 2492 1453 2533; x_wconf 81' lang='lat' dir='ltr'><strong>Magni</strong></span> <span class='ocrx_word' id='word_1_647' title='bbox 1484 2492 1604 2535; x_wconf 86' lang='lat' dir='ltr'><strong>ingenii</strong></span> <span class='ocrx_word' id='word_1_648' title='bbox 1629 2494 1699 2532; x_wconf 85' lang='lat' dir='ltr'><strong>est,</strong></span> <span class='ocrx_word' id='word_1_649' title='bbox 1722 2500 1788 2524; x_wconf 92' lang='lat' dir='ltr'><strong>non</strong></span> <span class='ocrx_word' id='word_1_650' title='bbox 1809 2492 1852 2525; x_wconf 85' lang='lat' dir='ltr'><strong>ad</strong></span> <span class='ocrx_word' id='word_1_651' title='bbox 1873 2492 2073 2534; x_wconf 88' lang='lat' dir='ltr'><strong>epulandum</strong></span> <span class='ocrx_word' id='word_1_652' title='bbox 2104 2501 2140 2524; x_wconf 88' lang='lat' dir='ltr'><strong>se</strong></span> <span class='ocrx_word' id='word_1_653' title='bbox 2163 2495 2279 2525; x_wconf 89' lang='lat' dir='ltr'><strong>natum</strong></span> 
     </span>
     <span class='ocr_line' id='line_1_92' title="bbox 1221 2550 2276 2594; baseline -0.002 -9"><span class='ocrx_word' id='word_1_654' title='bbox 1221 2553 1337 2594; x_wconf 85' lang='lat' dir='ltr'><strong>putare</strong></span> <span class='ocrx_word' id='word_1_655' title='bbox 1350 2577 1358 2591; x_wconf 95' lang='lat'><strong>,</strong></span> <span class='ocrx_word' id='word_1_656' title='bbox 1378 2561 1485 2594; x_wconf 90' lang='lat' dir='ltr'><strong>neque</strong></span> <span class='ocrx_word' id='word_1_657' title='bbox 1506 2552 1538 2584; x_wconf 86' lang='lat' dir='ltr'><strong>in</strong></span> <span class='ocrx_word' id='word_1_658' title='bbox 1560 2561 1599 2585; x_wconf 92' lang='lat' dir='ltr'><strong>eo</strong></span> <span class='ocrx_word' id='word_1_659' title='bbox 1625 2550 1729 2584; x_wconf 82' lang='lat' dir='ltr'><strong>vitam</strong></span> <span class='ocrx_word' id='word_1_660' title='bbox 1749 2551 1931 2584; x_wconf 82' lang='lat' dir='ltr'><strong>consistere</strong></span> <span class='ocrx_word' id='word_1_661' title='bbox 1949 2551 2123 2591; x_wconf 77' lang='lat' dir='ltr'><strong>arbitrari,</strong></span> <span class='ocrx_word' id='word_1_662' title='bbox 2143 2551 2202 2584; x_wconf 87' lang='lat' dir='ltr'><strong>sed</strong></span> <span class='ocrx_word' id='word_1_663' title='bbox 2226 2552 2276 2584; x_wconf 87' lang='lat' dir='ltr'><strong>vi·</strong></span> 
     </span>
     <span class='ocr_line' id='line_1_93' title="bbox 1222 2611 2277 2654; baseline 0 -10"><span class='ocrx_word' id='word_1_664' title='bbox 1222 2611 1321 2644; x_wconf 87' lang='lat' dir='ltr'><strong>vendi</strong></span> <span class='ocrx_word' id='word_1_665' title='bbox 1340 2612 1470 2644; x_wconf 84' lang='lat' dir='ltr'><strong>tantum</strong></span> <span class='ocrx_word' id='word_1_666' title='bbox 1491 2612 1595 2654; x_wconf 87' lang='lat' dir='ltr'><strong>gratia</strong></span> <span class='ocrx_word' id='word_1_667' title='bbox 1615 2611 1804 2644; x_wconf 88' lang='lat' dir='ltr'><strong>hominibus</strong></span> <span class='ocrx_word' id='word_1_668' title='bbox 1822 2611 1912 2644; x_wconf 84' lang='lat' dir='ltr'><strong>cibos</strong></span> <span class='ocrx_word' id='word_1_669' title='bbox 1931 2611 2051 2653; x_wconf 79' lang='lat' dir='ltr'><strong>apponi</strong></span> <span class='ocrx_word' id='word_1_670' title='bbox 2076 2611 2277 2644; x_wconf 86' lang='lat' dir='ltr'><strong>existimare.</strong></span> 
     </span>
    </p>

    <p class='ocr_par' dir='ltr' id='par_1_34' title="bbox 1219 2670 2279 2894">
     <span class='ocr_line' id='line_1_94' title="bbox 1264 2670 2279 2714; baseline -0.002 -10"><span class='ocrx_word' id='word_1_671' title='bbox 1264 2674 1314 2704; x_wconf 77' lang='lat'><strong>26.</strong></span> <span class='ocrx_word' id='word_1_672' title='bbox 1343 2671 1552 2704; x_wconf 80' lang='lat' dir='ltr'><strong>Continentia</strong></span> <span class='ocrx_word' id='word_1_673' title='bbox 1569 2673 1639 2704; x_wconf 87' lang='lat' dir='ltr'><strong>tum</strong></span> <span class='ocrx_word' id='word_1_674' title='bbox 1665 2671 1796 2714; x_wconf 84' lang='lat' dir='ltr'><strong>corpon&#39;</strong></span> <span class='ocrx_word' id='word_1_675' title='bbox 1814 2671 1900 2704; x_wconf 88' lang='lat' dir='ltr'><strong>bona</strong></span> <span class='ocrx_word' id='word_1_676' title='bbox 1917 2672 1984 2705; x_wconf 85' lang='lat' dir='ltr'><strong>cst.</strong></span> <span class='ocrx_word' id='word_1_677' title='bbox 2005 2670 2126 2712; x_wconf 85' lang='lat' dir='ltr'><strong>quippe</strong></span> <span class='ocrx_word' id='word_1_678' title='bbox 2145 2679 2220 2711; x_wconf 77' lang='lat' dir='ltr'><strong>quae</strong></span> <span class='ocrx_word' id='word_1_679' title='bbox 2236 2670 2279 2702; x_wconf 90' lang='lat' dir='ltr'><strong>ad</strong></span> 
     </span>
     <span class='ocr_line' id='line_1_95' title="bbox 1220 2729 2276 2773; baseline -0.001 -11"><span class='ocrx_word' id='word_1_680' title='bbox 1220 2739 1412 2773; x_wconf 84' lang='lat' dir='ltr'><strong>prosperam</strong></span> <span class='ocrx_word' id='word_1_681' title='bbox 1429 2731 1654 2764; x_wconf 77' lang='lat' dir='ltr'><strong>valet-udinem</strong></span> <span class='ocrx_word' id='word_1_682' title='bbox 1677 2730 1741 2772; x_wconf 88' lang='lat' dir='ltr'><strong>ipsi</strong></span> <span class='ocrx_word' id='word_1_683' title='bbox 1761 2730 1882 2772; x_wconf 90' lang='lat' dir='ltr'><strong>prosit,</strong></span> <span class='ocrx_word' id='word_1_684' title='bbox 1913 2731 1985 2762; x_wconf 87' lang='lat' dir='ltr'><strong>tum</strong></span> <span class='ocrx_word' id='word_1_685' title='bbox 2012 2729 2046 2761; x_wconf 91' lang='lat' dir='ltr'><strong>in</strong></span> <span class='ocrx_word' id='word_1_686' title='bbox 2063 2729 2173 2762; x_wconf 82' lang='lat' dir='ltr'><strong>animo</strong></span> <span class='ocrx_word' id='word_1_687' title='bbox 2192 2731 2276 2762; x_wconf 83' lang='lat' dir='ltr'><strong>tcm-</strong></span> 
     </span>
     <span class='ocr_line' id='line_1_96' title="bbox 1219 2789 2276 2834; baseline -0.003 -10"><span class='ocrx_word' id='word_1_688' title='bbox 1219 2791 1401 2834; x_wconf 82' lang='lat' dir='ltr'><strong>perantiam</strong></span> <span class='ocrx_word' id='word_1_689' title='bbox 1445 2790 1555 2834; x_wconf 81' lang='lat' dir='ltr'><strong>gignit.</strong></span> <span class='ocrx_word' id='word_1_690' title='bbox 1597 2790 1829 2832; x_wconf 79' lang='lat' dir='ltr'><strong>Temperantia</strong></span> <span class='ocrx_word' id='word_1_691' title='bbox 1867 2798 1946 2822; x_wconf 85' lang='lat' dir='ltr'><strong>vcro</strong></span> <span class='ocrx_word' id='word_1_692' title='bbox 1983 2789 2255 2830; x_wconf 83' lang='lat' dir='ltr'><strong>tranquillitatem</strong></span> <span class='ocrx_word' id='word_1_693' title='bbox 2269 2815 2276 2826; x_wconf 90' lang='lat'><strong>,</strong></span> 
     </span>
     <span class='ocr_line' id='line_1_97' title="bbox 1219 2849 2022 2894; baseline -0.002 -10"><span class='ocrx_word' id='word_1_694' title='bbox 1219 2850 1365 2893; x_wconf 87' lang='lat' dir='ltr'><strong>quietem</strong></span> <span class='ocrx_word' id='word_1_695' title='bbox 1380 2852 1414 2884; x_wconf 89' lang='lat' dir='ltr'><strong>et</strong></span> <span class='ocrx_word' id='word_1_696' title='bbox 1429 2851 1593 2894; x_wconf 84' lang='lat' dir='ltr'><strong>placidam</strong></span> <span class='ocrx_word' id='word_1_697' title='bbox 1606 2850 1716 2883; x_wconf 89' lang='lat' dir='ltr'><strong>animo</strong></span> <span class='ocrx_word' id='word_1_698' title='bbox 1731 2850 1836 2883; x_wconf 84' lang='lat' dir='ltr'><strong>vitam</strong></span> <span class='ocrx_word' id='word_1_699' title='bbox 1851 2849 2022 2886; x_wconf 68' lang='lat' dir='ltr'><strong>concinat.</strong></span> 
     </span>
    </p>

    <p class='ocr_par' dir='ltr' id='par_1_35' title="bbox 1217 2908 2277 3133">
     <span class='ocr_line' id='line_1_98' title="bbox 1261 2908 2274 2953; baseline -0.003 -10"><span class='ocrx_word' id='word_1_700' title='bbox 1261 2914 1312 2944; x_wconf 77' lang='lat'><strong>27.</strong></span> <span class='ocrx_word' id='word_1_701' title='bbox 1337 2911 1508 2953; x_wconf 86' lang='lat' dir='ltr'><strong>Optimum</strong></span> <span class='ocrx_word' id='word_1_702' title='bbox 1525 2910 1662 2952; x_wconf 89' lang='lat' dir='ltr'><strong>quidem</strong></span> <span class='ocrx_word' id='word_1_703' title='bbox 1677 2911 1728 2944; x_wconf 89' lang='lat' dir='ltr'><strong>est</strong></span> <span class='ocrx_word' id='word_1_704' title='bbox 1746 2918 1936 2943; x_wconf 84' lang='lat' dir='ltr'><strong>assuescere</strong></span> <span class='ocrx_word' id='word_1_705' title='bbox 1954 2909 1998 2941; x_wconf 86' lang='lat' dir='ltr'><strong>ita</strong></span> <span class='ocrx_word' id='word_1_706' title='bbox 2016 2908 2169 2942; x_wconf 88' lang='lat' dir='ltr'><strong>cohibere</strong></span> <span class='ocrx_word' id='word_1_707' title='bbox 2183 2909 2274 2948; x_wconf 88' lang='lat' dir='ltr'><strong>iram,</strong></span> 
     </span>
     <span class='ocr_line' id='line_1_99' title="bbox 1218 2968 2277 3010; baseline -0.004 -6"><span class='ocrx_word' id='word_1_708' title='bbox 1218 2973 1256 3004; x_wconf 89' lang='lat' dir='ltr'><strong>ut</strong></span> <span class='ocrx_word' id='word_1_709' title='bbox 1273 2980 1338 3004; x_wconf 91' lang='lat' dir='ltr'><strong>non</strong></span> <span class='ocrx_word' id='word_1_710' title='bbox 1358 2971 1451 3005; x_wconf 80' lang='lat' dir='ltr'><strong>facile</strong></span> <span class='ocrx_word' id='word_1_711' title='bbox 1471 2980 1509 3004; x_wconf 86' lang='lat' dir='ltr'><strong>ea</strong></span> <span class='ocrx_word' id='word_1_712' title='bbox 1524 2970 1711 3004; x_wconf 87' lang='lat' dir='ltr'><strong>incendaris</strong></span> <span class='ocrx_word' id='word_1_713' title='bbox 1733 2984 1741 3004; x_wconf 89' lang='lat'>:</span> <span class='ocrx_word' id='word_1_714' title='bbox 1757 2970 1808 3003; x_wconf 88' lang='lat' dir='ltr'><strong>sin</strong></span> <span class='ocrx_word' id='word_1_715' title='bbox 1826 2970 1954 3009; x_wconf 86' lang='lat' dir='ltr'><strong>minus,</strong></span> <span class='ocrx_word' id='word_1_716' title='bbox 1975 2969 2113 3008; x_wconf 85' lang='lat' dir='ltr'><strong>saltem,</strong></span> <span class='ocrx_word' id='word_1_717' title='bbox 2136 2970 2173 3001; x_wconf 87' lang='lat' dir='ltr'><strong>ut</strong></span> <span class='ocrx_word' id='word_1_718' title='bbox 2187 2968 2277 3010; x_wconf 85' lang='lat' dir='ltr'><strong>quod</strong></span> 
     </span>
     <span class='ocr_line' id='line_1_100' title="bbox 1217 3027 2277 3073; baseline -0.002 -10"><span class='ocrx_word' id='word_1_719' title='bbox 1217 3030 1287 3073; x_wconf 85' lang='lat' dir='ltr'><strong>ipsa</strong></span> <span class='ocrx_word' id='word_1_720' title='bbox 1302 3030 1463 3073; x_wconf 87' lang='lat' dir='ltr'><strong>imperat,</strong></span> <span class='ocrx_word' id='word_1_721' title='bbox 1479 3040 1542 3063; x_wconf 90' lang='lat' dir='ltr'><strong>non</strong></span> <span class='ocrx_word' id='word_1_722' title='bbox 1557 3030 1670 3064; x_wconf 86' lang='lat' dir='ltr'><strong>statim</strong></span> <span class='ocrx_word' id='word_1_723' title='bbox 1689 3039 1826 3073; x_wconf 90' lang='lat' dir='ltr'><strong>prorsus</strong></span> <span class='ocrx_word' id='word_1_724' title='bbox 1842 3028 2082 3062; x_wconf 83' lang='lat' dir='ltr'><strong>inconsiderata</strong></span> <span class='ocrx_word' id='word_1_725' title='bbox 2096 3027 2277 3070; x_wconf 84' lang='lat' dir='ltr'><strong>cupiditate</strong></span> 
     </span>
     <span class='ocr_line' id='line_1_101' title="bbox 1217 3090 1419 3133; baseline 0.005 -11"><span class='ocrx_word' id='word_1_726' title='bbox 1217 3090 1419 3133; x_wconf 75' lang='lat' dir='ltr'><strong>exsequaris.</strong></span> 
     </span>
    </p>

    <p class='ocr_par' dir='ltr' id='par_1_36' title="bbox 1216 3148 2275 3371">
     <span class='ocr_line' id='line_1_102' title="bbox 1260 3148 2275 3193; baseline -0.003 -9"><span class='ocrx_word' id='word_1_727' title='bbox 1260 3154 1298 3184; x_wconf 84' lang='lat'><strong>28</strong></span> <span class='ocrx_word' id='word_1_728' title='bbox 1332 3150 1427 3184; x_wconf 86' lang='lat' dir='ltr'><strong>Multi</strong></span> <span class='ocrx_word' id='word_1_729' title='bbox 1445 3160 1548 3192; x_wconf 88' lang='lat' dir='ltr'><strong>quum</strong></span> <span class='ocrx_word' id='word_1_730' title='bbox 1578 3160 1614 3184; x_wconf 89' lang='lat' dir='ltr'><strong>se</strong></span> <span class='ocrx_word' id='word_1_731' title='bbox 1640 3151 1730 3193; x_wconf 87' lang='lat' dir='ltr'><strong>ipsos</strong></span> <span class='ocrx_word' id='word_1_732' title='bbox 1760 3158 1873 3182; x_wconf 85' lang='lat' dir='ltr'><strong>amare</strong></span> <span class='ocrx_word' id='word_1_733' title='bbox 1901 3148 2087 3187; x_wconf 86' lang='lat' dir='ltr'><strong>videantur,</strong></span> <span class='ocrx_word' id='word_1_734' title='bbox 2106 3156 2171 3180; x_wconf 92' lang='lat' dir='ltr'><strong>non</strong></span> <span class='ocrx_word' id='word_1_735' title='bbox 2198 3156 2275 3181; x_wconf 85' lang='lat' dir='ltr'><strong>vere</strong></span> 
     </span>
     <span class='ocr_line' id='line_1_103' title="bbox 1217 3209 2274 3251; baseline -0.004 -7"><span class='ocrx_word' id='word_1_736' title='bbox 1217 3212 1338 3244; x_wconf 81' lang='lat' dir='ltr'><strong>amant.</strong></span> <span class='ocrx_word' id='word_1_737' title='bbox 1383 3213 1466 3244; x_wconf 86' lang='lat' dir='ltr'><strong>Nam</strong></span> <span class='ocrx_word' id='word_1_738' title='bbox 1494 3210 1556 3243; x_wconf 86' lang='lat' dir='ltr'><strong>sibi</strong></span> <span class='ocrx_word' id='word_1_739' title='bbox 1582 3210 1705 3243; x_wconf 88' lang='lat' dir='ltr'><strong>idcirco</strong></span> <span class='ocrx_word' id='word_1_740' title='bbox 1731 3210 1838 3242; x_wconf 86' lang='lat' dir='ltr'><strong>omnia</strong></span> <span class='ocrx_word' id='word_1_741' title='bbox 1860 3209 2066 3251; x_wconf 84' lang='lat' dir='ltr'><strong>indulgentes</strong></span> <span class='ocrx_word' id='word_1_742' title='bbox 2089 3217 2274 3250; x_wconf 75' lang='lat' dir='ltr'><strong>perperam-</strong></span> 
     </span>
     <span class='ocr_line' id='line_1_104' title="bbox 1217 3267 2272 3314; baseline -0.008 -9"><span class='ocrx_word' id='word_1_743' title='bbox 1217 3280 1282 3312; x_wconf 87' lang='lat' dir='ltr'><strong>que</strong></span> <span class='ocrx_word' id='word_1_744' title='bbox 1298 3271 1521 3314; x_wconf 74' lang='lat' dir='ltr'><strong>gratificantes</strong></span> <span class='ocrx_word' id='word_1_745' title='bbox 1545 3270 1579 3303; x_wconf 89' lang='lat' dir='ltr'><strong>in</strong></span> <span class='ocrx_word' id='word_1_746' title='bbox 1597 3270 1669 3312; x_wconf 84' lang='lat' dir='ltr'><strong>ipsa</strong></span> <span class='ocrx_word' id='word_1_747' title='bbox 1690 3269 1766 3310; x_wconf 85' lang='lat' dir='ltr'><strong>illa,</strong></span> <span class='ocrx_word' id='word_1_748' title='bbox 1788 3277 1864 3310; x_wconf 79' lang='lat' dir='ltr'><strong>quae</strong></span> <span class='ocrx_word' id='word_1_749' title='bbox 1887 3267 2032 3300; x_wconf 84' lang='lat' dir='ltr'><strong>maxime</strong></span> <span class='ocrx_word' id='word_1_750' title='bbox 2050 3269 2128 3299; x_wconf 79' lang='lat' dir='ltr'><strong>sunt</strong></span> <span class='ocrx_word' id='word_1_751' title='bbox 2146 3267 2272 3298; x_wconf 82' lang='lat' dir='ltr'><strong>contra-</strong></span> 
     </span>
     <span class='ocr_line' id='line_1_105' title="bbox 1216 3329 1551 3371; baseline 0.003 -8"><span class='ocrx_word' id='word_1_752' title='bbox 1216 3329 1265 3363; x_wconf 84' lang='lat' dir='ltr'><strong>ria</strong></span> <span class='ocrx_word' id='word_1_753' title='bbox 1277 3355 1285 3371; x_wconf 93' lang='lat'><strong>,</strong></span> <span class='ocrx_word' id='word_1_754' title='bbox 1306 3330 1465 3364; x_wconf 89' lang='lat' dir='ltr'><strong>incidunt.</strong></span> <span class='ocrx_word' id='word_1_755' title='bbox 1548 3368 1551 3370; x_wconf 58' lang='grc'>,</span> 
     </span>
    </p>

    <p class='ocr_par' dir='ltr' id='par_1_37' title="bbox 1216 3384 2271 3491">
     <span class='ocr_line' id='line_1_106' title="bbox 1259 3384 2271 3432; baseline -0.009 -8"><span class='ocrx_word' id='word_1_756' title='bbox 1259 3393 1309 3423; x_wconf 85' lang='lat'><strong>29.</strong></span> <span class='ocrx_word' id='word_1_757' title='bbox 1333 3391 1469 3423; x_wconf 88' lang='lat' dir='ltr'><strong>Plurimi</strong></span> <span class='ocrx_word' id='word_1_758' title='bbox 1495 3400 1598 3432; x_wconf 90' lang='lat' dir='ltr'><strong>quum</strong></span> <span class='ocrx_word' id='word_1_759' title='bbox 1630 3387 1882 3432; x_wconf 88' lang='lat' dir='ltr'><strong>prudentissimi</strong></span> <span class='ocrx_word' id='word_1_760' title='bbox 1907 3386 2021 3419; x_wconf 84' lang='lat' dir='ltr'><strong>haberi</strong></span> <span class='ocrx_word' id='word_1_761' title='bbox 2042 3385 2159 3425; x_wconf 83' lang='lat' dir='ltr'><strong>velint,</strong></span> <span class='ocrx_word' id='word_1_762' title='bbox 2180 3384 2271 3416; x_wconf 79' lang='lat' dir='ltr'><strong>fami-</strong></span> 
     </span>
     <span class='ocr_line' id='line_1_107' title="bbox 1216 3444 2270 3491; baseline -0.004 -8"><span class='ocrx_word' id='word_1_763' title='bbox 1216 3450 1344 3485; x_wconf 87' lang='lat' dir='ltr'><strong>liarium</strong></span> <span class='ocrx_word' id='word_1_764' title='bbox 1362 3451 1590 3486; x_wconf 78' lang='lat' dir='ltr'><strong>benevolentia</strong></span> <span class='ocrx_word' id='word_1_765' title='bbox 1611 3460 1631 3484; x_wconf 87' lang='lat' dir='ltr'><strong>a</strong></span> <span class='ocrx_word' id='word_1_766' title='bbox 1647 3449 1784 3484; x_wconf 86' lang='lat' dir='ltr'><strong>consilio</strong></span> <span class='ocrx_word' id='word_1_767' title='bbox 1800 3448 1943 3491; x_wconf 85' lang='lat' dir='ltr'><strong>quodam</strong></span> <span class='ocrx_word' id='word_1_768' title='bbox 1960 3445 2122 3487; x_wconf 78' lang='lat' dir='ltr'><strong>revocati,</strong></span> <span class='ocrx_word' id='word_1_769' title='bbox 2140 3444 2181 3477; x_wconf 87' lang='lat' dir='ltr'><strong>de</strong></span> <span class='ocrx_word' id='word_1_770' title='bbox 2196 3452 2270 3479; x_wconf 86' lang='lat' dir='ltr'><strong>scn-</strong></span> 
     </span>
    </p>
   </div>
  </div>
 </body>
</html>
