2528 3788
227 183 281 224 88
1150 180 1408 222 SPEUSIPPI
1430 191 1432 193 ’

229 274 277 325 ρῶ
291 273 508 325 πράγμασιν,
529 272 621 314 ὅστις
638 266 812 322 Φιλίππῳ
836 267 1139 319 συμβουλεύσοντα
1158 269 1259 321 λόγον
1322 271 1409 310 buit
1426 270 1640 324 Παραίνεσιν
1660 269 1744 323 πρὸς
1771 268 1969 323 Δημόνικον
1983 299 1993 318 ,
2025 283 2111 321 quae
2139 269 2255 320 vulgo
2279 270 2362 309 Iso-

228 329 367 382 μέλλεις
385 329 551 381 πέμπειν.
577 329 681 368 Idem
713 329 846 379 paucis
864 327 1076 379 interjectis
1097 329 1152 367 sic
1171 342 1259 382 per·
1325 331 1441 369 cratis
1476 329 1723 368 Atheniensis
1751 337 1923 380 putatur.
1950 328 2046 367 Vide
2064 330 2254 367 Muretum
2275 343 2360 370 var.

229 391 285 440 git
309 404 318 427 z
339 390 437 427 ταῦτ’
469 385 639 435 ἀκούσας,
668 388 714 431 ὡς
735 386 797 437 μὲν
818 386 857 427 τὸ
877 388 1013 440 πρῶτον
1047 386 1238 439 ἐξεπλάγην
1253 419 1263 437 ,
1324 390 1410 428 lec-t.
1435 388 1541 428 lib.I
1563 401 1648 439 cap.
1674 402 1710 436 1,
1742 387 1960 426 Fabricium
1990 386 2095 429 Bibl.
2118 388 2189 427 Gr.
2216 389 2295 429 vol.
2318 389 2356 428 11

228 448 288 486 καὶ
310 448 414 486 πάλιν
433 448 478 490 ὡς
506 444 690 484 ἅναλαὸὼν
714 444 864 496 ἐμαυτὸν
888 447 1048 485 ἀντεῖπον
1079 445 1163 498 πρὸς
1180 446 1263 486 ἕκα-
1325 462 1412 500 pag.
1436 462 1513 499 779
1536 462 1614 500 seq.
1637 450 1698 488 ed.
1723 448 1828 487 Harl.
1848 456 1885 486 et
1906 447 2176 486 Ruhnkenium
2197 448 2239 488 in
2256 449 2354 490 Hist.

229 524 307 548 στον
319 511 385 547 τῶν
403 507 585 562 ῥηθέντων,
609 507 833 561 παραλείψω,
851 507 900 559 μὴ
916 507 975 547 καὶ
996 507 1082 553 δόξω
1098 507 1169 547 τισὶ
1181 508 1259 547 λίαν
1324 508 1411 547 crit.
1428 516 1524 548 orat.
1540 521 1598 558 gr.
1617 521 1657 559 p.
1672 508 1735 552 84.
1760 528 1814 537 —
1835 507 1882 544 55
1898 505 2109 557 Θεόπομπον
2124 507 2138 559 ]
2159 507 2217 546 De
2231 507 2360 548 Theo·-

228 571 388 621 ἀγαπᾷν,
408 568 438 605 εἷ
460 567 651 620 χαριέντως
671 566 795 610 αὐτοὺς
814 567 1016 618 ἠμυνάμην.
1041 567 1212 615 Λυπήσας
1233 568 1262 606 δ’
1323 579 1467 618 pompo
1507 566 1665 605 consule
1701 566 1931 617 Dionysium
1980 565 2354 606 Halicarnassensem

228 621 285 665 οῧν
308 626 454 678 μετρίως
471 626 540 678 (ὡς
554 625 703 676 ἐμαυτὸν
723 624 878 677 ἔπειθον)
897 625 974 670 τοὺς
995 625 1186 673 ε’πιπλῆξαί
1206 641 1264 677 μοι
1327 625 1443 670 Epist.
1467 626 1514 663 ad
1530 626 1668 676 Pomp.
1693 638 1776 677 cap.
1805 626 1853 671 63
1886 624 2114 662 Ciceronem
2135 624 2182 663 de
2202 624 2358 674 orat.ll,

227 685 496 736 τολμήσαντας,
515 685 683 723 τελευτῶν
704 683 909 736 ὑπεσχόμην
933 683 1048 734 μόνοις
1071 683 1186 728 αὐτοῖς
1206 683 1264 723 τὸν
1331 687 1389 734 ι3,
1411 686 1518 725 Brut.
1541 685 1611 733 563
1628 685 1910 731 Quintilianum
1931 685 2024 723 Inst.
2042 683 2092 732 X,
2115 698 2156 732 ¹3
2178 684 2362 724 Photium

229 744 332 795 λόγον
349 745 417 782 τῶν
448 746 482 782 ἐν
515 745 558 794 τῇ
586 741 686 781 τηλει
723 741 860 791 δείξειν,
892 741 953 780 καὶ
983 741 1138 794 ποιήσειν
1170 743 1265 784 οὐδὲν
1325 753 1363 782 et
1394 745 1504 782 alios.
1535 764 1587 773 —
1621 743 1669 781 56
1709 743 1789 797 περὶ
1823 743 1859 782 δὲ
1892 742 2083 786 Πλάτωνος
2119 743 2365 796 βλασφημεῖν]

230 803 315 841 ἄλλο
333 801 414 854 περὶ
433 804 539 840 αὐτου
562 800 652 848 πλὴν
666 799 696 849 δ’,
714 817 749 839 τι
772 800 815 839 ἂν
838 801 983 845 ἐκείνοις
1004 801 1100 856 δόξῃ.
1117 802 1264 842 Τούτων
1329 801 1622 853 Theopompum
1647 802 1766 840 fuisse
1786 803 2017 841 maledicum
2044 801 2362 851 conviciatorem,

230 860 437 903 ἀκούσαντες
453 861 621 907 ἀπηλθον,
642 860 704 899 οὐκ
719 851 784 899 οἶδ’
798 857 891 904 ὅπως
910 858 974 907 τὴν
990 859 1182 900 διάνοιαν”
1163 877 1262 914 εχον-
1328 859 1423 898 adeo
1450 868 1492 898 ut
1521 873 1599 898 non
1627 860 1741 898 modo
1773 861 1995 908 Platonem,
2025 860 2091 899 sed
2122 860 2219 900 alios
2247 860 2364 900 etiam

229 933 294 963 τες.
312 940 364 949 —-·
385 919 434 957 52
461 920 491 956 οἱ
515 919 550 957 δὲ
571 918 826 971 χειρωθεντες
813 918 880 957 υπὸ
903 920 973 957 τῶν
994 920 1086 972 αὐτῷ
1106 923 1267 968 πλησιαψ
1328 919 1507 956 mortales
1525 918 1734 956 verborum
1755 920 2000 958 contumeliis
2022 919 2225 968 laceraret,-
2249 919 2362 958 multi

230 979 355 1023 ζόντων
403 977 628 1027 ἀκμαζόντων
665 979 728 1024 τῆς
781 979 968 1030 ῥητορικῆς
1012 981 1055 1032 τῇ
1093 979 1263 1032 δυνάμει]
1328 985 1569 1015 annotarunt.
1604 977 1660 1016 Cf.
1691 978 1803 1027 Diog.
1824 979 1950 1017 Laert.
1983 977 2040 1015 lib
2069 977 2152 1024 III,
2175 983 2248 1027 403
2271 978 2364 1017 item

229 1035 392 1088 scripsi3
415 1036 522 1074 codd.
546 1037 577 1074 οἳ
607 1035 643 1073 δὲ
661 1035 886 1089 χειρωθέντες
902 1037 970 1074 τῶν
992 1039 1087 1090 αὐτῷ
1108 1040 1266 1087 πλησια-
1328 1036 1533 1075 Athenaeus
1564 1035 1635 1074 lib.
1664 1035 1712 1074 Vl
1736 1050 1775 1087 p.
1798 1037 1888 1081 254.
1919 1036 1962 1075 b.
1984 1045 2020 1074 et
2053 1035 2140 1074 aliis
2170 1035 2284 1076 locis.
2311 1057 2366 1067 —·

227 1098 354 1141 ζόντων
377 1094 587 1145 ἀκμάζοντες
615 1097 676 1141 τ’ἧς
697 1097 879 1148 ῥητορικῆς
906 1098 949 1147 τῇ
988 1095 1149 1145 δυνάμει.
1175 1097 1268 1149 Spe-
1330 1097 1376 1143 57
1417 1094 1617 1147 Περδίκκα]
1655 1095 1818 1146 scripsi3
1858 1095 1969 1134 codd.
2010 1094 2204 1147 Περδίκκᾳ.
2227 1116 2282 1127 ·-·
2313 1096 2364 1134 58

227 1154 347 1193 ctavit
379 1161 503 1191 autem
527 1153 766 1204 Speusippus
787 1153 891 1190 hunc
921 1152 1103 1193 Isocratis
1138 1156 1264 1194 locum
1328 1153 1500 1206 γίγνοιτο]
1518 1154 1678 1205 scripsi3
1697 1152 1792 1192 libri
1806 1153 1950 1205 γίνοιτο.
1971 1175 2025 1184 -
2045 1154 2095 1204 59
2114 1155 2162 1199 εἷς
2180 1153 2238 1194 τὸν
2253 1154 2364 1205 δῆμον

228 1221 323 1254 orat.
347 1213 383 1252 V
404 1224 493 1263 pag.
530 1212 576 1259 87
600 1211 691 1257 πλὴν
721 1212 759 1248 οὓ
780 1212 926 1255 πολλαῖς
957 1212 1103 1266 ἡμέραις
1125 1212 1266 1267 ὕστερον
1330 1212 1418 1264 μετὰ
1439 1210 1637 1263 Τιμοθέου]
1658 1212 2040 1262 Pseudoplutarchus
2060 1213 2103 1251 in
2122 1214 2202 1251 vita
2217 1211 2252 1251 X
2271 1225 2364 1252 ora-

228 1270 504 1314 ἐπιτελεσθέντος
522 1273 583 1308 τοῦ
599 1269 703 1321 λόγου
724 1268 785 1308 καὶ
806 1270 999 1322 δειχθέντος
1021 1273 1136 1315 αὐτοῖς
1152 1277 1269 1312 τοσού-
1331 1281 1459 1309 torum
1489 1284 1496 1307 :
1532 1269 1705 1322 ἀκροαταὶ
1740 1269 1776 1307 δὲ
1810 1271 1913 1308 αυτοῦ
1946 1269 2102 1322 ἐγένοντο
2138 1271 2186 1315 εἷς
2217 1269 2364 1320 ἑκατόν,

228 1345 284 1369 τον
306 1329 513 1381 μετέπεσον,
537 1327 624 1367 ὥστ’
643 1327 838 1381 ᾐσχύνοντο
858 1326 921 1379 μὲν
952 1330 1005 1382 ἐφ’
1037 1324 1085 1374 οἷς
1119 1332 1264 1382 ἐθρασύ-
1331 1330 1430 1367 ἄλλοι
1450 1343 1487 1366 τε
1507 1327 1649 1376 πολλοί,
1669 1327 1729 1365 καὶ
1749 1328 1918 1378 Τιμόθεος
1934 1331 1952 1367 ὁ
1973 1328 2156 1377 Κόνωνος,
2180 1328 2242 1369 σὺν
2258 1323 2288 1383 ᾧ
2305 1330 2367 1369 καὶ

593 1386 838 1403 ””””
1330 1385 1460 1429 πολλὰς
1490 1384 1606 1429 πόλεις
1634 1386 1763 1433 ἐπηλθε
1791 1386 1957 1431 συντιθεὶς
1982 1386 2045 1431 τὰς
2064 1389 2153 1440 πρὸς
2170 1387 2370 1435 Ἀθηναίους

1331 1444 1397 1484 υπὸ
1433 1443 1606 1494 Τιμοθέου
1644 1444 1873 1496 πεμπομένας
1907 1446 2106 1490 ἐπιστολάς·
2138 1446 2213 1485 ὅθεν
2241 1447 2370 1500 ἐδωρή-

1331 1519 1416 1543 σατο
1435 1504 1531 1555 αὐτῷ
1551 1502 1722 1541 τάλαντον
1743 1505 1812 1542 τῶν
1832 1504 1902 1543 ἀπὸ
1928 1505 2052 1556 Σάμου
2067 1506 2364 1558 περιγενομένων.

1329 1586 1382 1594 -
1415 1564 1464 1601 60
1498 1562 1617 1615 ὥσπερ
1646 1564 1778 1614 ἀγνοῶν
1811 1563 1834 1610 ἢ
1871 1562 2024 1618 φθονῶν]
2053 1566 2218 1617 scripsi;
2251 1566 2365 1604 codd

1330 1622 1448 1674 ὥσπερ
1468 1621 1555 1660 ἑκών
1571 1651 1581 1669 ,
1599 1620 1622 1667 ἢ
1648 1623 1793 1689 φθονῶν.
1809 1643 1863 1653 -
1879 1624 1927 1660 61
1951 1625 2022 1661 τῶν
2037 1624 2119 1673 ὖμῖν
2139 1623 2368 1676 ὑπαρχόντων

1331 1681 1493 1734 ἀγαθῶν]
1513 1681 1693 1732 reposui3
1716 1681 1830 1720 codd.
1849 1697 1918 1719 των
1935 1683 2032 1732 ὖμων
2054 1682 2370 1734 ὑπαρχόντωνμ-

1332 1740 1418 1778 62⁰
1401 1754 1543 1792 υστερον
1568 1738 1694 1778 ἐπώλει
1714 1741 1763 1792 τῶ
1790 1739 1957 1785 Σικελίας
1984 1739 2144 1793 τυράννῳ
2169 1739 2368 1795 Διονυσίῳ]

226 1445 425 1497 ὡμολόγουν
458 1445 494 1484 δὲ
523 1445 667 1495 μηδενὸς
691 1444 831 1483 πώποτε
866 1449 1027 1484 τοσοῦτον
1062 1447 1265 1499 πράγματος

227 1506 447 1557 διαμαρτεῖν,
472 1505 636 1542 ἔσπευδον
654 1502 690 1541 δὲ
710 1504 842 1554 μᾶλλον
864 1502 886 1550 ἢ
908 1502 975 1554 ἐγὼ
995 1506 1206 1579 πεμφθῇναί
1213 1522 1265 1545 σοι

225 1563 282 1603 τὸν
302 1564 402 1615 λόγον
423 1566 568 1614 τοῦτον,
600 1562 717 1613 ἔλεγον
747 1562 777 1599 δ’
801 1563 846 1605 ὡς
867 1562 1064 1606 ἐλπίζουσιν
1095 1564 1133 1601 οὗ
1161 1565 1263 1614 μόνον

232 1622 269 1662 σὲ
291 1623 349 1661 καὶ
371 1622 432 1670 τὴν
447 1621 546 1660 πόλιν
564 1620 650 1665 ἕξειν
666 1636 724 1671 μοι
743 1620 847 1673 χάριν
872 1619 958 1672 ὑπὲρ
979 1622 1047 1659 τῶν
1064 1623 1270 1675 εἰρημένων,

231 1681 321 1721 ἀλλὰ
344 1681 403 1720 καὶ
423 1681 501 1726 τους
520 1679 702 1727 ’Έλληνας
716 1679 886 1724 ἅπαντας.
911 1700 964 1708 -
980 1679 1027 1718 53
1052 1683 1270 1734 Κυρηναίους

230 1741 290 1792 μὲν
311 1742 423 1792 ποιεῖ]
440 1740 627 1780 Isocrates
642 1747 738 1777 orat.
754 1738 785 1776 V
798 1751 838 1790 p.
862 1739 910 1776 83
931 1739 1045 1786 ζητεῖν
1064 1740 1099 1777 δὲ
1119 1741 1269 1787 ἐκείνους

229 1799 305 1843 τους
335 1798 460 1842 τόπους
498 1796 577 1841 τους
600 1797 719 1851 πόῤῥω
753 1795 814 1848 μὲν
847 1797 1029 1848 κειμένους
1056 1801 1125 1837 τῶν
1148 1799 1268 1852 ἄρχειν

230 1857 426 1908 δυναμένων
439 1855 570 1907 ,ἐγγυς
600 1855 635 1894 δὲ
669 1858 737 1894 τῶν
763 1855 935 1894 δουλεύειν
958 1857 1183 1908 εἰθισμένων,
1223 1862 1269 1904 εἰς

230 1910 300 1955 οἶόν
334 1931 399 1968 περ
422 1914 692 1965 Λακεδαιμόνιοι
721 1914 940 1967 ΚυρηναίουςΙ
973 1915 1166 1967 ἀπῴκισαν.
1194 1918 1270 1957 Nec

230 1975 461 2012 dissentiunt
477 1973 551 2010 hac
572 1972 619 2010 de
636 1985 676 2010 re
692 1972 740 2009 ab
759 1971 928 2010 Isocrate
949 1973 1076 2011 caeteri
1097 1974 1268 2026 scripto-

231 2045 311 2079 res,
334 2032 400 2082 qui
422 2030 600 2082 Cyrenen
616 2030 866 2072 Theiaeorum
891 2031 1086 2069 coloniam
1108 2031 1267 2081 faciunt,

1330 1800 1461 1850 Neque
1477 1799 1553 1836 hoc
1569 1798 1705 1837 fecisse
1730 1811 1770 1837 se
1789 1798 1980 1838 diffitetur
2006 1799 2192 1838 Isocrates
2211 1808 2309 1839 orat.
2338 1800 2370 1838 V

1331 1871 1416 1910 pag.
1443 1858 1494 1908 98
1513 1855 1574 1895 καὶ
1591 1856 1640 1907 μὴ
1661 1857 1867 1910 θαυμάσῃς,
1887 1855 1979 1910 ἅπερ
2002 1857 2187 1896 ἐπέστειλα
2208 1857 2370 1911 καὶπρὸς

1331 1915 1512 1955 Διονύσιον
1529 1914 1593 1962 τὴν
1613 1915 1799 1968 τυραννίδα
1827 1915 2074 1967 κτησάμενον,
2097 1917 2127 1955 εἷ
2146 1915 2236 1967 μήτε
2257 1931 2369 1970 στρα-

1331 1974 1432 2024 τηγὸς
1451 1972 1512 2021 ὤν,
1530 1973 1621 2023 μήτε
1642 1972 1780 2025 ῥήτωρ,
1798 1974 1888 2024 μήτε
1917 1973 2032 2018 ἄλλως
2053 1974 2225 2023 δυνάστης
2241 1976 2369 2028 θρασύ·

1330 2031 1425 2100 τερόν
1456 2046 1510 2070 σοι
1542 2030 1734 2082 διείλεγμαι
1762 2033 1831 2070 τῶν
1862 2032 1993 2072 ἄλλων.
2030 2053 2084 2062 —-
2113 2033 2162 2070 63
2196 2033 2365 2088 βυὸλίον]

230 2099 269 2128 et
288 2090 438 2128 Battum
471 2089 671 2126 Theraeum
694 2088 932 2126 conditorem
953 2089 1036 2140 ejus
1057 2091 1264 2141 appellant.
1332 2091 1492 2142 scripsi,
1514 2091 1627 2128 codd.
1652 2090 1800 2142 βιὸλίον.
1821 2111 1875 2121 -
1895 2093 1946 2136 64
1963 2090 2066 2142 λόγον
2084 2090 2172 2144 ὑπὲρ
2185 2108 2247 2140 της
2263 2093 2369 2147 ’.Ηρα

232 2149 399 2187 Fuerunt
414 2156 538 2186 autem
553 2147 705 2185 ''lheraei
722 2148 1104 2186 Lacedaemoniorum
1123 2150 1264 2192 coloni.

1330 2150 1449 2193 κλέους
1468 2147 1682 2200 ἀθανασίας]
1702 2148 1888 2188 Isocrates
1923 2158 2019 2188 orat.
2045 2148 2078 2187 V
2104 2163 2192 2202 pag.
2227 2152 2278 2204 89
2301 2151 2367 2202 τὴν

232 2207 319 2246 Vid.
342 2206 522 2245 Herodot.
541 2205 606 2252 IV,
629 2212 696 2252 147
721 2218 831 2256 seqq.
854 2206 991 2244 Strabo
1007 2205 1168 2258 XVllp.
1193 2211 1266 2257 837

1333 2210 1367 2247 δὲ
1392 2208 1492 2247 πόλιν
1513 2207 1609 2254 τὴνε
1596 2207 1767 2260 υμετέραν
1789 2207 1908 2261 φασίν,
1933 2201 1983 2252 οἷς
2002 2207 2083 2261 περὶ
2111 2224 2179 2248 των
2209 2212 2370 2251 παλαιῶν

231 2265 293 2305 ed.
318 2264 483 2303 Casaub.
524 2264 687 2302 Pausan.
729 2264 874 2304 Lacon.
914 2278 995 2317 cap.
1030 2271 1101 2311 14·
1090 2295 1101 2314 ,
1124 2266 1267 2308 Justin.
1331 2265 1564 2318 πιστεύομεν,
1590 2266 1766 2319 Ἡρακλεῖ
1789 2266 1852 2317 μὲν
1873 2267 1988 2306 αἰτίαν
2015 2266 2176 2319 γενέσθαι
2203 2271 2264 2316 τῆς
2283 2271 2372 2309 ἀθα-

232 2322 339 2372 xm,
363 2338 406 2371 7·
398 2353 409 2371 ‚
432 2322 541 2360 Solin
562 2336 644 2374 cap.
665 2337 732 2371 27;
755 2323 972 2375 Stephanus
999 2325 1208 2376 Byzantius
1228 2341 1266 2366 v.
1331 2326 1453 2372 νασίας
1476 2324 1533 2378 (ὃν
1555 2325 1591 2364 δὲ
1611 2325 1757 2378 τρόπον,
1781 2341 1835 2364 σοι
1853 2325 1916 2376 μὲν
1934 2321 2030 2370 αὖθις
2050 2325 2219 2366 πυθέσθαι
2233 2328 2368 2382 ῥοίδιον,

233 2381 393 2434 Κυρήνη.
424 2381 558 2432 Itaque
601 2381 841 2433 Speusippus
872 2383 913 2420 in
943 2395 989 2420 eo
1021 2384 1269 2434 reprehendit
1332 2383 1410 2435 ἐμοι
1427 2381 1462 2422 δὲ
1480 2385 1538 2421 νῦν
1565 2384 1673 2422 εἰπεῖν
1695 2384 1733 2421 οὗ
1746 2383 1908 2438 καιρός),
1921 2385 1991 2428 τοῖς
2011 2382 2047 2422 δὲ
2067 2383 2173 2423 παισὶ
2193 2401 2266 2432 τοις
2286 2388 2372 2428 ἐκεί-

232 2438 460 2484 Isocratem,
483 2439 587 2489 quod
607 2438 783 2490 Cyrenen
803 2454 879 2478 non
901 2454 922 2478 a
941 2440 1139 2489 NJrhe1ae1s‚
1163 2445 1230 2481 sed
1250 2457 1271 2481 a
1330 2458 1390 2482 νου
1408 2444 1469 2490 τῆς
1490 2442 1678 2494 σωτηρίας.
1700 2463 1753 2472 -
1771 2443 1820 2481 65
1843 2442 1899 2481 διὰ
1919 2441 1983 2491 τὴν
2000 2441 2140 2490 ἡλικίαν
2162 2446 2366 2502 ὁμολογῶν]

232 2497 533 2535 Lacedaemoniis
558 2498 752 2536 conditam
780 2512 864 2537 esse
892 2500 1106 2551 scripserit.
1130 2502 1180 2539 At
1210 2515 1271 2541 res
1332 2503 1380 2542 cf.
1401 2501 1559 2540 Isocrat.
1572 2510 1667 2539 orat.
1683 2500 1744 2539 V
1731 2500 1819 2541 1n1t
1837 2502 1948 2540 -66
1961 2499 2157 2553 ἄναγνουςὸ
2175 2503 2368 2559 Ποντικὸς]

233 2556 368 2594 eodem
394 2555 507 2602 redit,
531 2556 722 2606 siquidem
749 2567 896 2596 veteies
925 2572 999 2610 pro
1019 2559 1173 2598 colonia
1194 2574 1272 2598 ma·
1333 2561 1501 2598 correxit
1522 2559 1775 2598 Ruhnkenius
1793 2560 1893 2600 Hist.
1917 2560 2003 2600 crit.
2025 2569 2123 2602 orat.
2143 2561 2216 2604 Gr.
2235 2576 2277 2614 p.
2298 2564 2364 2603 85.

229 2614 354 2664 jorem
387 2614 549 2665 patriam
580 2615 772 2652 interdum
804 2627 1118 2657 commemorant.
1148 2639 1200 2648 —
1222 2619 1269 2664 54
1332 2642 1384 2649 —-
1401 2620 1449 2667 67
1462 2617 1839 2671 γραψοντα[εοι·ιρει
1853 2618 1949 2657 libri
1964 2618 2156 2672 γράφοντα.
2168 2639 2222 2650 --
2239 2621 2289 2659 68
2305 2625 2371 2674 βυ-

233 2672 291 2711 τὸν
312 2671 348 2710 δὲ
382 2671 553 2711 Ποντικὸν
584 2673 769 2724 μαθητὴν]
793 2674 998 2713 Isocratem
1026 2677 1121 2715 dicit
1149 2679 1270 2716 Hera·
1334 2677 1428 2716 ὅλίον
1464 2677 1645 2729 reposui3
1680 2676 1832 2715 codices
1866 2676 2016 2729 βιὸλίον.
2039 2699 2092 2709 -
2119 2679 2170 2729 69
2205 2679 2368 2731 βασιλευς

235 2731 423 2768 cleensem
454 2730 515 2768 vel
551 2732 846 2782 Apolloniaten‚
885 2735 952 2784 qui
980 2735 1164 2775 Ponticus
1195 2750 1272 2775 no-

238 2787 456 2826 minabatur
469 2817 479 2836 ,
501 2797 705 2839 propterea
723 2790 826 2840 quod
846 2800 920 2828 tam
953 2793 1134 2832 Heraclea
1155 2809 1268 2846 quam

240 2846 477 2898 Apollonia
466 2859 508 2884 1n
527 2846 652 2884 Ponto
681 2848 755 2886 sita
786 2858 897 2887 esset.
930 2852 985 2888 De
1012 2852 1084 2889 hoc
1102 2854 1269 2893 Suidas.

236 2904 436 2956 Ἰσοκράτης
457 2903 613 2954 Ἀμύκλα
632 2908 691 2943 τοῦ
713 2906 921 2959 φιλοσόφου,
948 2908 1182 2955 Ἀπολλωνίας
1212 2916 1275 2960 τ’ῆς

237 2965 271 3002 ἐν
290 2961 437 3013 Πόντῳ,
460 2961 482 3008 ἢ
510 2961 750 3013 εΗρακλείας,
779 2966 825 3008 ὥς
849 2966 1078 3020 Καλλίμαχος
1094 2972 1111 3006 ὁ
1136 2970 1272 3023 ῥήτωρ,

1334 2735 1510 2789 Αἴγυπτον
1539 2733 1681 2788 λαὸὼν]
1710 2735 1943 2775 Artaxerxes
1973 2736 2114 2776 Ochus.
2146 2735 2234 2775 vid.
2265 2737 2371 2777 Dio-

1334 2796 1420 2835 dor.
1442 2794 1561 2834 Sicul.
1582 2793 1652 2832 lib.
1678 2792 1763 2831 XVI
1784 2807 1867 2846 cap.
1895 2794 1940 2832 51

1392 2868 1451 2893 188-
1473 2852 1701 2897 Σπεύσιππος
1728 2853 1913 2906 Φιλίππῳ.

1389 2912 1617 2965 Περδίκκας”’
1639 2911 1701 2962 μὲν
1718 2912 1931 2965 ἐνδεδεῖχθαί
1950 2928 2009 2963 μοι
2027 2913 2123 2952 δοκεῖ
2136 2913 2217 2966 περὶ
2242 2915 2372 2955 πολλου
2408 2957 2412 2962 ,

239 3019 395 3071 μαθητὴς
415 3035 474 3058 και
494 3020 655 3073 διάδοχος
674 3026 734 3061 τοῦ
756 3023 909 3074 μεγάλου
933 3025 1173 3078 Ἰσοκράτους,
1192 3030 1271 3066 δια-

235 3079 362 3122 κούσας
394 3078 429 3117 δὲ
460 3079 519 3117 καὶ
547 3081 736 3126 Πλάτωνος
770 3098 829 3121 του
851 3084 1035 3137 φιλοσόφου
1069 3089 1147 3125 κτλ.
1173 3089 1270 3126 Huic

235 3138 491 3190 Apolloniatas
527 3138 711 3186 Isocrati,
752 3142 925 3192 Amyclae
954 3143 1057 3191 filio,
1090 3146 1270 3186 Isocratis

237 3197 478 3235 Atheniensis
507 3197 702 3249 discipulo
731 3209 768 3237 et
799 3203 1011 3240 successori
1040 3173 1176 3242 Suidas
1202 3208 1272 3243 tri-

1334 3046 1371 3069 κε
1375 3034 1544 3079 κτησθαι,
1559 3029 1707 3082 νομίζων
1724 3030 1769 3069 τά
1787 3045 1824 3069 τε
1847 3030 2016 3083 χρήματα
2044 3029 2104 3069 καὶ
2122 3030 2178 3070 διὰ
2195 3031 2306 3084 τύχην
2330 3032 2371 3070 ἄν

1335 3105 1412 3128 τινα
1437 3089 1553 3128 πολλὰ
1576 3089 1802 3137 κτήσασθαιθ
1820 3090 1858 3128 οὗ
1881 3091 1950 3128 τῶν
1979 3089 2168 3142 βελτίστων
2186 3083 2373 3130 sivan-201

1335 3148 1409 3186 δὲ’
1391 3164 1482 3186 εστιν
1505 3147 1635 3199 ἀδελφὰ
1652 3148 1670 3171 ‘¹
1684 3154 1755 3193 τοῖς
1767 3149 1851 3220 παρ’
1867 3146 1997 3187 ἐκείνου
2010 3147 2245 3200 ὖπηργμένοις
2257 3148 2372 3202 πράτ-

1335 3223 1404 3245 τειν
1421 3206 1542 3258 ,ὅπως
1573 3206 1613 3245 ἂν
1647 3208 1750 3254 δοκης
1776 3207 1835 3245 καὶ
1864 3206 1904 3246 τὸ
1927 3201 2005 3255 ἦθος
2032 3207 2177 3260 ἀδελφὸς
2204 3201 2292 3246 εἶναι
2310 3212 2373 3248 του

282 3313 349 3344 188·
374 3311 569 3353 speuffll‘pus
585 3312 743 3355 ΡῙΠῙΙΡΡΟ·
1335 3320 1375 3352 de
1394 3321 1526 3354 Hesiodi
1557 3322 1718 3355 sententia
1740 3321 1883 3354 omnium
1906 3321 2050 3354 dnmidiae
2070 3321 2175 3364 partis
2198 3322 2375 3364 possessio-

281 3369 449 3401 Perdiccas
462 3369 543 3402 mihi
561 3369 692 3403 videtur
709 3372 908 3413 ostendisse,
930 3374 1037 3415 magni
1057 3383 1090 3407 se
1110 3376 1274 3409 aestimare
1337 3388 1410 3411 nem
1467 3381 1655 3414 existimans
1685 3383 1755 3413 tam
1784 3380 1913 3427 divitias
1945 3389 2045 3423 quam
2073 3381 2193 3423 multas
2219 3389 2274 3414 res
2293 3389 2369 3416 casu

1334 2972 1536 3023 ποιούμενος
1565 2971 1658 3010 κατὰ
1689 2971 1746 3009 τὸν
1774 2971 1936 3011 Ἡσίοδον
1967 2972 2012 3010 τὰ
2040 2971 2204 3022 ἦμίσεαὴ
2230 2972 2371 3013 πάντων
2433 2991 2435 2994 ’
