2528 3788
112 306 117 308 “
141 287 270 340 lupo-t·
291 286 333 326 ἂν
362 287 428 341 γάρ
462 304 511 332 τις
534 246 707 344 αποδιδῷῒ
719 289 753 328 τί
773 291 867 330 ἐστιν
895 291 1009 328 αὐτῶν
1031 292 1188 346 ἑκατέρῳ

63 372 66 378 ·
140 345 183 386 τὸ
200 343 280 399 ζῴῳ
295 339 405 394 εἶναι,
424 345 509 388 ἴδιον
530 348 698 402 ἑκατέρου
717 348 819 402 λόγον
841 348 1030 390 ἀποδώσει.
1061 351 1188 390 Συνώ-

133 405 231 456 ’νυμα
251 403 289 444 δὲ
305 403 446 458 λέγεται
477 400 526 446 ὧν
562 407 603 448 τό
620 424 658 447 τε
690 407 800 460 ὄνομα
825 407 938 447 κοινὸν
966 408 1027 447 καὶ
1059 411 1078 447 6
1097 410 1189 449 κατὰ

63 468 65 470 ’
135 461 290 518 τοῦνομα
310 464 412 518 λόγος
432 469 494 514 τῆς
513 466 632 512 οὐσίας
652 472 672 509 6
696 467 820 516 αὐτός,
838 461 908 506 οἷον
926 465 1014 521 ζῷον
1032 469 1052 507 ὅ
1072 485 1111 508 τε
1130 469 1191 509 ἄν·

61 530 74 570 Γ,
135 525 274 577 epasmo
293 523 354 564 καὶ
369 526 388 564 ὁ
409 528 502 579 βοῦς.
522 526 567 567 Ὁ
585 526 655 581 γὰρ
671 526 855 581 ἄνθρωπος
876 526 936 566 καὶ
953 528 972 565 ὁ
991 530 1069 580 βοῦς
1085 531 1191 583 κοινῷ

45 591 67 612 ²·
127 581 280 635 ’ὀνόματι
309 584 615 638 προσαγορεύεται
650 588 761 640 ζῷον,
796 585 856 627 καὶ
890 588 908 625 6
939 585 1040 639 λόγος
1062 587 1099 626 δὲ
1123 591 1187 635 τ’ῆς

134 641 256 688 οὐσίας
280 643 300 682 ὁ
315 643 432 690 αὐτός·
473 644 532 684 ἐὰν
567 645 636 699 γὰρ
661 647 819 700 ἀποδιδῷ
850 662 904 691 τις
935 646 993 685 τὸν
1017 646 1185 701 ἑκατέρου

27 701 31 707 '
51 716 62 726 ³
132 699 259 757 λόγον,
277 702 314 742 τί
331 703 424 743 ἔστιν
445 704 560 744 αὐτῶν
583 704 739 759 ἑκατέρῳ
759 705 798 745 τὸ
819 705 899 759 ζῴῳ
922 700 1031 755 εἶναι,
1054 707 1111 746 τὸν
1133 708 1192 745 αὐ-

84 772 94 780 ·
131 761 195 809 τὸν,
210 760 312 815 λόγον
329 763 524 805 ἀποδώσει.

187 822 433 873 (Aristoteles
452 823 584 875 Categ.
608 838 693 877 cap.
734 840 749 863 1
779 839 868 878 pag.
897 840 913 864 1
949 839 983 864 a.
1004 826 1067 866 ed.
1090 826 1188 864 Bek-

131 882 214 922 ker.
255 882 434 935 Apposui
466 884 552 922 haec
596 885 818 924 Aristotelis
852 884 977 925 verba
1014 899 1100 935 quae
1137 886 1186 924 ad

132 940 345 994 Speusippi
375 943 606 982 sententiam
641 942 938 995 intelligendam
969 945 1190 983 necessaria

131 1008 234 1042 sunt.

185 999 258 1100 208)
289 1058 521 1106 Σπεύσιππος
558 1059 618 1110 δέ,
652 1060 700 1106 ὥς
737 1078 862 1116 φασιν,
895 1065 1038 1116 ἠρκεῖτο
1074 1061 1186 1113 λέγειν

131 1137 149 1155 α
167 1120 187 1159 ὁ
208 1117 247 1159 δὲ
273 1117 376 1172 λόγος
392 1117 508 1174 ἕτερος
541 1137 574 1161 ι.
596 1118 727 1160 Καίτοι
757 1120 790 1160 εἴ
815 1137 866 1166 τις
883 1121 997 1166 οὕτως
1018 1120 1186 1169 ἀποδοίη,

130 1179 193 1219 καὶ
223 1177 270 1219 τὰ
293 1177 485 1232 συνώνυμα
516 1179 692 1234 ὁμώνυμα
716 1179 817 1220 ἔσται
846 1182 906 1221 καὶ
937 1180 983 1220 τὰ
1013 1179 1186 1232 ὁμώνυμα

133 1238 335 1292 συνώνυμα.
360 1237 478 1291 Ἤμῗν
496 1239 566 1294 γὰρ
597 1239 659 1280 καὶ
685 1246 758 1286 τοῖς
775 1239 897 1286 ἵπποις
921 1241 1033 1292 ὄνομα
1066 1242 1183 1280 κοινὸν

129 1298 172 1340 τὸ
189 1298 298 1354 ζῷον,
318 1300 352 1340 ot
369 1297 408 1339 δὲ
424 1298 524 1354 λόγοι
548 1299 681 1354 ἕτεροι,
709 1301 796 1340 καθὸ
832 1300 1012 1355 ἄνθρωπος
1037 1300 1098 1339 καὶ
1116 1299 1177 1339 ἵπ-

130 1373 206 1403 πος·
226 1357 329 1399 ἔσται
347 1351 406 1399 οὐν
432 1359 473 1398 τὸ
489 1358 693 1411 συνώνυμον
713 1359 916 1412 ὁμώνυμον.
935 1359 1011 1400 Καὶ
1037 1359 1143 1400 πάλιν
1169 1361 1188 1398 6

129 1416 314 1463 θαλάττιος
324 1417 419 1458 κύων
435 1418 495 1459 καὶ
514 1421 533 1458 6
546 1424 713 1472 χερσαῖος
731 1417 824 1458 κατὰ
838 1419 878 1458 τὸ
895 1421 984 1473 ζῷον
1002 1419 1059 1458 τὸν
1082 1419 1184 1458 αὐτὸν

137 1476 253 1531 {geum
284 1475 407 1531 λόγον,
439 1476 501 1518 καὶ
530 1477 630 1518 ἔσται
666 1477 711 1517 τὰ
752 1479 928 1530 ὁμώνυμα
960 1478 1185 1530 συνώνυμα,

129 1535 218 1576 διότι
235 1537 275 1577 οὐ
292 1537 378 1577 καθὸ
403 1531 446 1586 ἧν
480 1537 676 1590 ὁμώνυμα,
698 1538 791 1577 κατὰ
813 1539 873 1578 τὸν
899 1537 988 1578 κύνα
1001 1568 1011 1586 ,
1029 1537 1184 1585 ἀπεδόθη

129 1596 246 1636 αὖτῶν
265 1599 285 1636 ὁ
313 1596 459 1650 ὁρισμὸς
488 1597 580 1636 ἀλλὰ
603 1597 695 1636 κατὰ
713 1596 754 1636 τὸ
783 1599 887 1651 ζῷον.
913 1597 1107 1650 Ἀναγκαία
1127 1591 1186 1636 οὐν

129 1657 153 1705 ἡ
182 1655 278 1705 κατὰ
306 1655 461 1707 τοῦνομα
491 1655 694 1708 προσθήκη.
733 1656 781 1697 ‘0
814 1656 851 1696 δὲ
882 1656 984 1710 λόγος
1020 1656 1187 1708 σημαίνει

80 1747 88 1752 .
108 1769 110 1771 ,
130 1712 196 1766 μὶν
220 1714 282 1755 καὶ
307 1714 367 1755 τὸν
399 1715 436 1756 ἐν
466 1721 544 1760 ταῖς
569 1715 698 1770 ψήφοις
723 1717 893 1769 λογισμόν
908 1746 919 1766 ,
956 1715 1124 1769 σημαίνει
1150 1716 1187 1756 δὲ

129 1772 190 1814 καὶ
219 1773 280 1814 τὸν
309 1773 504 1815 ἐνδιάθετον
538 1773 632 1814 κατὰ
671 1775 735 1823 τὴν
770 1775 927 1825 ἔννοιαν,
959 1776 1122 1827 σημαίνει
1151 1776 1187 1815 δὲ

7 1828 10 1831 ¹
59 1855 61 1857 ¹
129 1832 192 1886 κφὶ
219 1833 280 1875 τὸν
310 1834 523 1889 προφορικὸν
557 1834 619 1873 καὶ
652 1835 711 1875 τὸν
744 1835 1009 1888 σπερματικόν,
1056 1835 1186 1888 σημαί-

0 1938 1 1946 ¹
51 1918 60 1928 .
131 1906 181 1933 vet
211 1891 249 1932 δὲ
275 1893 337 1933 καὶ
367 1893 427 1934 τὸν
454 1893 606 1934 ἑκάστου
629 1895 880 1949 περιηγητικὸν
904 1894 966 1934 καὶ
990 1895 1182 1949 ὁριστικόν.

131 1951 243 2007 Λόγον
273 1951 311 1993 δὲ
336 1946 414 1994 εἶπε
439 1953 500 1994 καὶ
531 1953 599 2006 οὐχ
629 1953 798 2005 ὁρισμόν,
825 1952 884 1993 ἵνα
911 1953 971 1993 καὶ
1000 1953 1063 2000 τὴν
1096 1955 1186 1992 ὓπο-

129 2010 310 2063 γραφικήν
324 2011 493 2051 ἀπόδοσιν
508 2010 687 2065 περιλάὸῃ
700 2040 711 2060 ,
729 2012 807 2058 ἥτις
823 2012 884 2050 καὶ
903 2016 975 2055 τοῖς
987 2011 1102 2063 γένεσι
1117 2016 1188 2056 τοῖς

131 2068 304 2109 ἀνωτάτω
329 2068 391 2108 καὶ
407 2071 478 2114 τοῖς
493 2068 635 2119 ἀτόμοις
655 2069 886 2122 ἐφαρμόττει,
904 2072 1041 2123 ὁρισμῷ
1061 2068 1109 2120 μὴ
1132 2070 1188 2108 δυ-

130 2229 206 2255 mm
217 2229 340 2256 nomeu
357 2221 467 2256 solum
491 2224 544 2256 est
562 2231 756 2264 commune;
773 2222 924 2256 definitio
939 2231 1020 2256 vero
1045 2222 1088 2255 ad
1105 2222 1188 2256 illud

129 2287 249 2315 uuum
264 2280 515 2316 nmmodata
528 2281 661 2315 diversa
672 2283 734 2315 est.
766 2282 802 2315 Si
820 2282 896 2324 quis
922 2281 1010 2315 enim
1025 2282 1186 2324 explicet,

127 2339 212 2384 qnid
239 2339 287 2375 sit
310 2341 492 2384 uirumque
517 2350 653 2383 eorum,
679 2350 746 2384 qua
770 2341 892 2375 animal
909 2344 986 2384 est,
1020 2342 1187 2385 propriam

126 2399 301 2444 utriusque
316 2400 542 2439 definitionem
557 2401 677 2435 tradet.
725 2403 913 2444 Synonyma
932 2403 1045 2435 autem
1072 2401 1188 2435 dicun-

8 2437 23 2490 7‘.
70 2471 76 2476 ·
125 2460 196 2502 tur,
212 2469 355 2503 quorum
376 2461 412 2496 et
422 2469 544 2495 nomen
557 2462 612 2495 est
629 2470 806 2495 commune
824 2463 859 2494 et
879 2460 1027 2495 definitio
1048 2461 1092 2494 ad
1107 2461 1187 2494 illud

35 2565 38 2570 Δ
76 2554 79 2558 ,
126 2527 253 2556 mm
266 2519 518 2556 accommodata
532 2519 651 2554 eadem
661 2521 724 2562 est,
739 2519 1026 2562 quemadmodum
1041 2519 1076 2553 et
1087 2518 1188 2552 homo

55 2602 58 2603 ν
125 2577 366 2613 ethosdidtm·
381 2578 516 2613 animal.
563 2580 692 2613 Horum
711 2579 800 2612 enim
813 2580 994 2620 utrumque
1019 2578 1188 2612 communi

125 2637 260 2677 nomme
272 2637 457 2682 appellatur
470 2637 604 2680 animal,
619 2646 662 2672 ac
676 2637 826 2672 definitio
842 2646 976 2680 quoque
988 2638 1105 2672 eadem
1121 2639 1184 2671 est.

124 2696 349 2743 siquismim
372 2696 552 2741 utriusque
570 2696 762 2732 definitione
781 2697 906 2731 tradita
931 2697 1086 2740 explicet,
1103 2697 1186 2739 quid

126 2756 173 2793 dt
185 2757 376 2800 utrumne,
387 2765 455 2800 qua
463 2757 516 2792 est
530 2757 661 2798 animal,
678 2757 818 2791 eandem
826 2756 936 2791 tradet
946 2756 1183 2791 definitionem.

168 2819 243 2852 2⁰8.
258 2816 465 2861 Speusippus
478 2817 604 2859 autem,
623 2818 664 2852 ut
677 2818 783 2860 aJunt,
800 2817 883 2851 satis
894 2817 1038 2850 habebat
1054 2817 1183 2850 dIcere:

127 2888 147 2910 ι
157 2875 221 2912 uod
235 2865 330 2912 ratio
343 2877 422 2910 alta
444 2878 507 2911 est.
524 2890 540 2907 υ
563 2876 666 2919 Atqui
692 2876 721 2911 si
738 2876 815 2919 quis
829 2876 903 2910 haec
919 2877 965 2910 ita
979 2875 1133 2919 explicet,
1152 2876 1186 2909 et

37 2983 41 2991 .
62 2933 66 2938 ’
120 2945 308 2979 synonyma
333 2935 533 2980 homonyma
564 2937 663 2971 erunt
686 2938 722 2971 et
749 2936 952 2979 homonyma
989 2945 1184 2978 synonyma.

100 2997 102 3002 '
125 2995 333 3036 nobiseum
358 2998 394 3030 et
411 2996 508 3039 equis
526 3004 702 3030 commune
728 3004 849 3028 nomen
880 2996 932 3028 est
958 2994 1099 3034 animal,
1127 2992 1185 3026 sed

33 3033 36 3039 ⁴
84 3054 275 3092 <fastmot
291 3055 366 3089 alim
378 3080 385 3095 ,
399 3064 467 3098 qua
483 3055 586 3090 homo
607 3058 644 3089 et
660 3064 786 3098 equus;
803 3054 868 3088 erit
884 3054 983 3095 igitur
999 3052 1088 3095 quod
1105 3062 1182 3095 syn-

129 3122 288 3156 onymum
319 3115 372 3148 est
395 3115 643 3158 homonymum.
689 3116 733 3149 At
753 3115 870 3148 contra
893 3112 984 3146 canis
1011 3111 1130 3145 marini
1153 3115 1187 3146 et

127 3173 313 3216 matris,
326 3173 478 3208 annualis
506 3176 681 3218 respectu,
700 3173 819 3208 eadem
843 3172 929 3206 ratio
954 3173 1027 3213 est,
1046 3171 1186 3214 ideoque

126 3232 228 3266 cunt
243 3240 320 3276 quae
336 3231 538 3274 homonyma
557 3234 638 3268 sunt
661 3242 846 3276 synonyma
857 3258 866 3273 ,
886 3232 964 3275 quia
980 3241 1047 3265 non
1067 3233 1183 3274 quate-

129 3298 193 3326 m
212 3289 415 3335 homonyma
437 3294 551 3335 erant,
581 3293 674 3327 canis
703 3295 869 3336 respectu,
898 3301 1014 3329 eorum
1040 3291 1186 3325 definitio

129 3350 252 3386 tradita
269 3353 333 3392 est,
349 3352 409 3386 sed
425 3352 575 3387 animalis
589 3355 757 3396 respectu.
766 3353 960 3388 Necessaria
976 3361 1055 3396 ergo
1072 3352 1192 3386 verbo-

129 3418 206 3445 mm
222 3410 363 3454 nucetio
379 3412 433 3447 eat
449 3411 500 3447 ad
516 3412 610 3448 tund
631 3422 763 3448 nomen
785 3412 1069 3447 accommodata.
1090 3411 1186 3446 Ratio

131 3470 265 3514 (λῆθε.)
285 3472 398 3506 autem
409 3471 573 3515 signifieat
591 3473 664 3508 tum
680 3472 962 3517 computationem
981 3471 1117 3506 calculis
1135 3471 1185 3505 fa-

1075 204 1414 246 FRAGMENTA.
1804 218 1807 220 “
2246 214 2300 256 85

1253 293 1415 345 ναμένοις
1442 297 1715 348 περιληφθῆναι,
1744 297 1830 337 διότι
1855 298 1934 338 οὔτε
1953 300 2021 337 τῶν
2052 299 2222 338 ἀνωτάτω
2240 315 2300 352 γε-

1254 354 1321 391 νῶν
1338 351 1437 406 γένος
1465 353 1540 392 ἔστι
1567 354 1687 394 λαὸεῒν
1708 355 1786 395 οὔτε
1807 360 1874 395 τῶν
1905 358 2046 408 ἀτόμων
2069 357 2252 410 διαφοράς,
2280 360 2301 403 ἠ

1254 411 1290 449 δὲ
1308 411 1493 465 ὑπογραφὴ
1510 412 1573 460 τὴν
1595 414 1753 462 ἰδιότητα
1777 419 1839 463 τῆς
1863 417 1982 461 οὐσίας
2010 417 2225 456 ἀποδιδοῦσα
2243 416 2303 455 καὶ

1255 470 1312 510 ἐπὶ
1328 475 1438 510 ταῦτα
1469 472 1604 526 φθάνει.
1663 474 1725 513 Διὸ
1753 475 1828 513 οὐδὲ
1860 476 1980 520 ἁπλῶς
2009 470 2085 516 εἶπε
2117 476 2176 515 τὸν
2207 475 2300 515 κατὰ

1252 526 1406 582 τοῦνομα
1419 530 1520 581 λόγον
1538 531 1630 571 ἀλλὰ
1652 533 1710 571 τὸν
1730 536 1791 582 τῆς
1805 534 1924 578 οὐσίας
1949 534 2051 587 λόγον
2065 566 2076 585 ,
2097 535 2184 575 διότι
2202 537 2221 573 6
2236 534 2300 587 μὲν

1253 589 1488 644 ὁπογραφικὸς
1506 590 1606 643 λόγος
1621 590 1683 638 τὴν
1703 593 1859 640 ἰδιότητα
1873 597 1934 641 τῆς
1955 595 2072 639 οὐσίας
2090 594 2268 648 ἀφορίζει,
2287 596 2304 631 6

1253 648 1289 687 δὲ
1313 648 1485 700 ὁριστικὸς
1516 648 1555 687 τὸ
1579 649 1613 688 τί
1639 645 1682 698 ἦν
1713 643 1801 690 εἶναι
1830 652 1978 692 ἑκάστου
2012 652 2073 691 καὶ
2100 652 2164 700 τὴν
2185 651 2304 692 οὐσίαν

1256 706 1380 755 αὐτήν.
1405 707 1452 747 ‘O
1471 701 1531 746 οῧν
1550 707 1651 759 λόγος
1670 712 1731 757 τῆς
1753 711 1871 754 οὐσίας
1899 712 1957 750 καὶ
1977 710 2036 749 τὸν
2056 711 2227 764 ὁριστικὸν
2244 710 2304 749 λό-

1252 780 1312 816 γον
1330 766 1469 805 καὶτὸν
1499 769 1738 821 ὖπογραφικὸν
1768 770 2008 824 περιείληφεν.
2037 770 2155 810 “ssave
2188 769 2305 821 μάτην

1254 826 1441 876 ἐγκαλοῦσι
1454 825 1561 864 πάλιν
1583 828 1614 865 οἵ
1632 827 1711 880 περὶ
1740 828 1800 866 τὸν
1828 828 2070 883 Νικόστρατον
2091 831 2137 874 ὡς
2157 831 2191 868 ἐν
2215 827 2303 880 μόνῃ

1256 887 1299 937 τῇ
1327 885 1428 939 οὐσίᾳ
1447 885 1603 934 δοκοῦντι
1619 886 1730 938 λέγειν
1758 886 1821 935 τὴν
1842 888 2048 939 ὁμωνυμίαν
2074 890 2124 942 τῷ
2147 887 2304 941 Ἀριστο-

1250 944 1358 985 τέλει.
2161 987 2163 990 ,

1306 1004 1558 1058 (Simplicius
1585 1006 1634 1044 ad
1655 1006 1817 1048 Aristot.
1852 1008 1983 1057 Categ.
2017 1004 2101 1060 cap.
2138 1022 2154 1046 1
2189 1008 2255 1047 fol.
2282 1022 2304 1045 2

1250 1064 1354 1117 apud
1369 1065 1547 1103 Brandis.
1568 1063 1715 1106 Scholl.
1736 1066 1853 1106 Arist.
1878 1081 1916 1118 p.
1941 1073 2006 1112 41.
2024 1066 2035 1119 )

1304 1137 1368 1164 209.
1390 1124 1620 1169 Σπεύσιππος
1651 1125 1685 1163 ἐν
1705 1125 1856 1179 δευτέρῳ
1882 1125 2043 1177 “Ομοίων
2064 1126 2149 1180 φησὶ
2176 1125 2249 1165 σίον
2270 1126 2305 1164 ἔν

1250 1182 1351 1222 ὕδατι
1378 1182 1558 1235 γίνεσθαι,
1588 1182 1713 1237 σελίνῳ
1737 1183 1836 1237 ἑλείῳ
1864 1183 1904 1223 τὸ
1937 1184 2067 1237 φύλλον
2096 1185 2219 1229 ἐοικός.
2242 1185 2306 1224 Διὸ

1251 1243 1311 1282 καὶ
1335 1245 1560 1295 Πτολεμαῖος
1578 1245 1596 1281 ὁ
1621 1242 1778 1296 δεύτερος
1803 1243 2000 1297 Εὐεργέτης
2034 1244 2217 1296 Αἰγύπτου
2239 1247 2305 1297 βα-

1251 1302 1415 1347 σιλεύσας
1430 1303 1514 1356 παρ’
1532 1301 1686 1356 Ὁμήρῳ
1717 1301 1805 1346 ἀξιοῖ
1819 1301 1982 1356 γράφειν.

1337 1397 1420 1439 Ἀμφὶ
1440 1397 1471 1429 δὲ
1487 1398 1634 1438 λειμῶνος
1650 1396 1787 1438 μαλακοὶ
1813 1395 1885 1428 σίου
1901 1396 1958 1443 ἡδὲ
1979 1396 2116 1429 σελίνου.

1251 1479 1321 1518 Σία
1341 1478 1409 1532 γὰρ
1434 1480 1524 1531 μετὰ
1545 1479 1681 1518 σελίνου
1701 1479 1862 1533 φύεσθαι,
1883 1478 1978 1519 ἀλλὰ
2001 1479 2050 1531 μὴ
2078 1479 2130 1519 ἰἀ.

1307 1539 1538 1591 (Athenaeus
1567 1538 1639 1578 lib.
1671 1538 1709 1578 11
1731 1551 1819 1590 pag.
1843 1539 1908 1579 61.
1945 1552 1978 1579 c.
2001 1538 2159 1577 Homeri
2190 1539 2301 1577 locus

1250 1606 1309 1636 est
1339 1597 1483 1650 Odyss.
1504 1597 1572 1637 lib.
1599 1597 1630 1634 V
1650 1611 1752 1638 vers,
1786 1611 1834 1646 72
1856 1610 1940 1649 seq.
1964 1596 2055 1648 ἀμφὶ
2083 1595 2119 1634 δὲ
2138 1597 2305 1647 λειμῶνες

1251 1657 1407 1706 μαλακοὶ
1441 1655 1493 1695 ἴου
1525 1655 1589 1704 ἠδὲ
1615 1655 1751 1694 σελίνου
1783 1655 1927 1704 θήλεον,
1957 1656 2004 1694 de
2034 1669 2114 1707 quo
2145 1655 2305 1694 fortasse

1249 1714 1496 1767 Speusippus
1526 1715 1584 1754 ita
1599 1714 1816 1768 judicavit,
1840 1724 1883 1754 ut
1909 1715 1963 1754 ’ίου
1990 1715 2033 1753 in
2053 1715 2128 1753 σίου
2148 1723 2305 1753 mutan-

1249 1773 1344 1812 dum
1370 1787 1455 1813 esse
1478 1783 1664 1814 censeret.
1686 1775 1800 1813 Illam
1820 1775 1926 1812 enim
1960 1775 2172 1813 multorum
2201 1783 2306 1812 vete-

1250 1846 1337 1872 rum
1357 1834 1585 1885 opinionem
1607 1834 1727 1873 fuisse
1759 1833 1878 1872 tradit
1910 1834 2134 1872 Eustathius
2155 1862 2165 1882 ,
2195 1832 2307 1884 cujus

1250 1892 1332 1931 haec
1353 1902 1445 1931 sunt
1465 1893 1588 1932 verba
1613 1908 1623 1931 ι
1645 1893 1685 1931 τὸ
1714 1892 1751 1931 δὲ
1770 1892 1825 1932 ἴου
1851 1893 1927 1931 σίου
1955 1892 2043 1937 τινὲς
2062 1891 2267 1945 γράφουσιν·
2288 1891 2308 1930 ὃ

1249 1952 1311 1992 καὶ
1329 1957 1484 2003 κρεῖττον
1496 1981 1507 2000 ,
1529 1953 1575 1997 ὡς
1589 1952 1649 1990 καὶ
1673 1952 1815 1997 πολλοῖς
1832 1950 1972 2005 ἀρέσκει
1987 1954 2056 1990 τῷν
2075 1952 2249 1990 παλαιῶν·
2270 1951 2307 1990 ἴα

1250 2010 1372 2064 γὰρέν
1389 2012 1558 2061 λειμῶσιν
1581 2012 1643 2050 οὐκ
1670 2010 1757 2050 εἰσίν
1772 2040 1783 2062 ‚
1811 2010 1903 2050 ἀλλὰ
1927 2010 2012 2059 σία,
2044 2012 2090 2055 ὥς
2112 2010 2216 2064 μέχρι
2247 2014 2307 2049 νῦν

1253 2069 1430 2123 φαίνεται·
1454 2062 1525 2118 οἷς,
1544 2069 1637 2108 καθὰ
1655 2069 1715 2109 καὶ
1735 2074 1806 2113 τοῖς
1827 2068 1974 2113 σελίνοις
1986 2099 1998 2121 ,
2016 2067 2122 2121 χρεία
2143 2069 2308 2122 δαψιλοῦς

1248 2223 1347 2264 etam,
1360 2224 1432 2255 tum
1441 2223 1621 2255 orationem
1634 2222 1706 2256 sive
1717 2223 1829 2255 mente
1843 2222 2036 2264 conceptam
2047 2221 2117 2254 sive
2124 2230 2181 2254 ore
2196 2222 2306 2263 prola-

1249 2281 1329 2319 tam,
1344 2280 1416 2312 tum
1430 2279 1593 2312 rationem
1603 2279 1807 2319 seminalem,
1823 2281 1895 2312 tum
1910 2287 2095 2312 sermonem
2105 2278 2307 2321 singularum

1248 2347 1360 2372 rerum
1375 2341 1655 2372 enarratoremrac
1671 2338 1893 2372 definitorem.
1930 2337 2105 2371 Rationem
2114 2346 2194 2371 vero
2206 2337 2317 2378 dixit,⁴

1247 2405 1313 2430 non
1331 2396 1566 2438 definitionem,
1583 2398 1622 2431 ut
1631 2396 1887 2440 descriptionem
1899 2397 2001 2430 etiam
2013 2405 2053 2431 eo
2070 2396 2202 2430 nomine
2217 2401 2306 2429 com-

1248 2455 1476 2498 prehenderet,
1486 2458 1602 2499 utpote
1619 2465 1686 2499 qua
1706 2456 1847 2489 summis
1866 2456 2040 2499 generibus
2048 2465 2115 2499 qua
2122 2455 2305 2490 insecabili-

1248 2514 1311 2548 bus
1327 2514 1520 2558 corporibus
1539 2515 1794 2549 convenientem
1806 2540 1815 2556 ,
1832 2524 1910 2558 quae
1924 2515 2117 2555 definitione
2134 2515 2298 2549 declarari

1247 2583 1312 2607 non
1329 2575 1486 2617 possunt,
1495 2574 1574 2618 quia
1585 2583 1692 2617 neque
1705 2584 1912 2608 summorum
1920 2582 2079 2617 generum
2088 2583 2190 2617 genus
2197 2583 2302 2623 neque

1248 2633 1474 2668 insecabilium
1498 2643 1677 2677 corporum
1701 2634 1892 2669 discrimina
1915 2634 2181 2669 animadvertere
2201 2635 2302 2676 licet,

1247 2693 1425 2736 descriptio
1443 2696 1559 2728 autem
1575 2694 1780 2736 singularum
1791 2703 1904 2728 rerum
1921 2695 2052 2729 naturae
2068 2695 2303 2738 proprietatem

1248 2754 1415 2797 explicans
1433 2754 1477 2788 ad
1500 2753 1563 2788 has
1582 2763 1715 2797 quoque
1734 2764 1789 2789 res
1811 2754 1966 2797 pertinet.
2012 2756 2220 2797 Quapropter
2237 2763 2303 2788 non

1246 2812 1439 2856 simpliciter
1453 2813 1535 2847 dixit
1546 2814 1708 2848 rationem
1719 2814 1762 2847 ad
1773 2814 1858 2848 illud
1869 2823 1992 2848 nomen
2003 2813 2300 2855 accommodatam,

1247 2872 1307 2906 sed
1324 2872 1519 2907 substantiae
1532 2873 1716 2915 rationem,
1744 2873 1780 2907 id
1795 2874 1866 2915 est,
1880 2872 2106 2906 definitionem
2115 2897 2125 2915 ,
2144 2873 2301 2915 quoniam

1246 2931 1425 2975 descriptio
1435 2933 1562 2966 naturae
1578 2933 1815 2975 proprietatem
1834 2932 2024 2974 constituit,
2042 2931 2190 2966 definitio
2204 2941 2298 2974 vero,

1246 2992 1327 3035 quid
1354 2992 1421 3025 hoc
1448 2992 1499 3026 rei
1522 2992 1566 3026 sit
1583 2994 1619 3026 et
1634 3001 1711 3035 quae
1729 2991 1774 3026 sit
1797 2992 1871 3035 ipsa
1893 2992 2156 3034 uniuscujusque
2183 2992 2301 3025 natura

1245 3052 1403 3086 declarat.
1445 3052 1563 3093 Itaque
1607 3051 1801 3086 substantiae
1837 3051 1924 3085 ratio
1956 3053 2028 3085 tam
2058 3051 2298 3093 definitionem,

1245 3121 1345 3154 quam
1355 3110 1614 3154 descriptionem
1629 3112 1789 3147 eontinet.
1852 3111 2074 3151 Quamobrem
2093 3113 2220 3145 temere
2246 3112 2302 3144 Ni-

1246 3174 1409 3206 costratus
1421 3180 1539 3207 rursus
1555 3171 1769 3217 reprehendit
1782 3171 2005 3213 Aristotelem,
2027 3171 2119 3214 quod
2141 3170 2203 3204 soli
2219 3171 2298 3204 sub-

1245 3231 1378 3267 stantiae
1391 3232 1637 3276 homonymiam
1655 3232 1821 3275 assignare
1839 3231 2003 3265 videatur.

1291 3296 1363 3328 209.
1383 3293 1588 3338 Speusippus
1611 3294 1758 3328 secundo
1779 3293 2028 3327 similitudinem
2045 3293 2130 3326 libro
2147 3292 2193 3325 ait
2212 3291 2297 3324 sium

1247 3352 1282 3386 in
1312 3362 1402 3396 aqua
1427 3353 1530 3396 nasci,
1551 3353 1735 3397 soliumque
1762 3354 1886 3387 babere
1903 3352 1977 3395 apio
2008 3351 2149 3394 palustri
2176 3350 2297 3384 simile.

1245 3414 1452 3455 Quapropter
1468 3413 1568 3447 etiam
1596 3414 1795 3448 Ptolemaeus
1812 3413 1993 3456 Euergetes
2014 3410 2182 3444 secundus
2199 3411 2299 3452 AEgy-

1248 3471 1395 3515 ptiorum
1411 3482 1466 3506 rex
1482 3473 1570 3517 apud
1590 3474 1774 3507 Homerum
1790 3473 1931 3506 scribere
1951 3472 2020 3503 vult
2039 3481 2045 3498 2
