2508 3776
270 199 349 238 436

324 285 338 299 *
357 286 460 323 Πᾶσα
480 282 515 320 δὲ
534 279 743 320 διδασκαλία
755 279 815 319 καῖ
829 280 981 331 μάθησις
1000 281 1039 319 ἐκ
1052 283 1306 335 προϋπαρχού-

269 358 330 389 σης
352 343 484 391 γίνεται
501 339 679 387 γνώσεως,
699 341 746 383 ὡς
767 341 802 377 ἐν
821 345 892 383 τοῖς
912 341 1131 386 ἀναλυτικοῖς
1149 341 1309 393 λέγομεν·

269 401 386 448 πάσης
402 400 470 453 ἄρα
499 401 698 450 ἐπιστήμης
729 398 815 437 εἰσὶν
843 398 964 452 ἀρχαί.
1001 400 1072 439 Και
1092 402 1128 439 αἱ
1159 401 1222 450 μὲν
1239 403 1307 440 τῶν

268 462 469 511 ἐπιστημῶν
493 458 604 510 ἀρχὰς
625 458 764 511 ἔχουσιν
785 458 936 509 ἀμέσους
955 459 1015 498 καὶ
1037 459 1309 504 ἀναποδείκτους

267 518 310 557 δι’
331 520 518 570 ἐπαγωγης
538 517 784 567 δεικνυμὲνας,
817 510 888 555 οἶαί
919 519 1006 556 εἰσιν
1027 519 1064 556 αἱ
1090 534 1152 566 της
1170 533 1308 569 γεωμε-

267 577 365 629 τρίας
387 575 508 629 ἀρχαί·
531 575 620 619 τινὲς
638 574 674 614 δὲ
694 575 767 621 ἐξ’
747 577 866 630 αρχῶν
883 577 1063 627 ὃρμῶνται
1078 578 1308 626 ἀποδεικτῶν,

266 634 304 673 αἳ
324 638 548 687 συλλογισμῷ
570 634 782 683 δείκνυνται,
808 635 918 682 ἄλλης
944 634 1143 686 ἐπιστήμης
1172 637 1307 687 ὑψηλο-

264 693 378 746 τέρας·
399 694 455 732 οῗα
473 693 566 731 ἐστὶν
587 697 608 740 ἡ
623 693 751 742 ὀπτική
766 723 778 744 ,
809 693 968 746 καθάπερ
997 695 1122 748 ἀρχαῖς
1141 693 1307 746 χρωμένη

264 755 341 792 ταῖς
361 750 557 795 ἀποδείξεσι
575 755 636 799 τῆς
656 752 885 805 γεωμετρίας.
903 752 948 791 Ἡ
974 752 1037 803 μὲν
1059 746 1119 791 οἶν
1141 752 1307 805 ἐπαγωγὴ

267 808 426 862 καθάπερ
444 810 536 863 ἆρχή
560 813 632 850 ἐστι
657 811 717 850 καὶ
747 813 817 849 τῶν
851 810 1114 849 ἀναποδείκτων
1132 812 1151 836 ¹¹
1171 813 1304 863 ἀρχῶν,

267 866 305 905 αἳ
327 868 476 908 καθόλου
510 870 572 919 μέν
590 871 683 917 -εἷσι,
713 869 945 922 γινώσκονται
974 869 1010 908 δὲ
1030 869 1100 908 ἀπὸ
1131 871 1200 908 τῶν
1231 868 1307 908 καθ’

265 926 411 965 ἕκαστα·
446 930 463 966 ὁ
496 927 532 966 δὲ
558 928 816 979 συλλογισμός,
846 927 883 972 ὃς
914 931 1102 967 πιστοῦται
1129 927 1190 972 τὰς
1220 929 1308 966 ἀπο·

264 984 441 1030 δείκτουςι
471 987 585 1039 ἀρχὰς
613 986 711 1026 ἐνίων
741 990 974 1037 ἐπιστημῶν,
1005 986 1134 1061 ἀρχὰςν
1153 985 1227 1039 ἔχει
1245 985 1308 1030 τὰς

264 1044 414 1083 καθόλου
433 1045 493 1083 καὶ
526 1046 795 1090 ἀναποδείκτους
827 1046 972 1090 ἐννοίας·
1005 1045 1090 1084 εἰσὶν
1111 1044 1180 1107 ἄρα
1200 1044 1308 1098 ἀρχαὶ

266 1103 465 1154 ἐπιστήμης
484 1106 518 1142 αἱ
539 1106 689 1145 καθόλου
706 1105 767 1143 καὶ
787 1105 900 1143 κοιναὶ
929 1105 1080 1155 ἔννοιαι,
1100 1104 1134 1150 ἐξ
1154 1108 1202 1143 ὧν
1221 1106 1308 1142 υπο-

265 1163 453 1213 τιθεμένων
488 1163 788 1215 συλλογιζόμεθα,
813 1163 853 1207 ἃς
873 1164 911 1201 οὔ
933 1178 1120 1202 πιστουται
1148 1164 1308 1215 συλλογι-

264 1223 369 1274 σμός,
385 1224 462 1262 ἀλλ’
490 1225 673 1276 ἐπαγωγή·
698 1223 752 1276 ὑφ’
772 1227 814 1270 ἧς
834 1223 1032 1273 ἐπιστήμης
1055 1222 1146 1270 ἄλλη
1167 1221 1307 1260 ἀποδεί-

263 1297 384 1321 κνυται
402 1284 602 1334 ἐπιστήμη,
635 1282 712 1330 ἥτις
731 1282 792 1321 καὶ
821 1284 881 1321 ὑπ’
903 1282 1010 1328 αὐτὴν
1031 1276 1120 1320 εἶναι
1143 1280 1299 1333 λέγεται.

265 1341 338 1380 Καὶ
362 1342 418 1380 διὰ
445 1346 546 1382 τοῦτο
571 1349 670 1381 πᾶσα
692 1341 873 1392 ἐπιστήμη
897 1341 968 1380 ἀπὸ
988 1340 1214 1380 αὖτοπίστων
1235 1342 1305 1379 τῶν

264 1400 423 1453 ἐσχάτων
444 1402 563 1454 ἀρχῶν
586 1401 847 1441 ἀποδείκνυται.

315 1458 378 1477 *⁷*
382 1460 524 1500 Εστιν”
502 1476 570 1513 αρα
579 1460 759 1511 ἐπιστήμη
773 1460 840 1505 ἕξις
855 1458 1112 1507 ἀποδεικτικὴ’
1096 1475 1135 1498 εκ
1146 1474 1218 1498 των
1230 1460 1307 1498 καθ’

264 1518 370 1567 αὑτό,
392 1520 488 1569 καὶῂ
513 1518 622 1569 αὐτό,
651 1519 713 1558 καὶ
740 1520 889 1572 πρώτων
919 1519 980 1558 καὶ
1001 1518 1123 1557 αἰτίων
1141 1522 1203 1558 τοῦ
1224 1534 1309 1569 συμ-

262 1576 487 1629 περάσματος
507 1577 727 1628 ἀποτελουμέ
729 1594 772 1626 νη
786 1608 796 1626 ,
817 1578 1013 1631 καθάπερ’
998 1594 1032 1616 εν
1053 1577 1124 1620 τοῖς
1141 1578 1306 1616 ἀναλυτι-

261 1640 334 1680 κοῖς
355 1635 614 1688 διωρισάμεθα.
663 1637 733 1676 Καὶ
753 1638 821 1691 γὰρ
841 1637 923 1676 ὅταν
944 1652 996 1682 τις
1017 1635 1195 1680 ὑποθέσεις
1213 1635 1308 1680 τινὰς

261 1694 409 1748 πιστεύῃ
421 1725 432 1744 ,
451 1696 512 1734 καὶ
531 1694 701 1749 γνώριμοι
722 1697 816 1735 αὐτῶ
835 1700 921 1735 ὠσιν
951 1697 988 1734 αἱ
1023 1711 1085 1734 του
1104 1694 1308 1767 πράγματος

263 1755 397 1830 ἀρχαί,
420 1755 499 1794 τότε
521 1755 731 1793 ἐπίστασθαι
754 1754 839 1793 αὐτὸ
863 1755 1021 1793 δύναται·
1044 1757 1074 1792 εἰ
1096 1753 1165 1806 γάρ
1189 1769 1239 1798 τις
1258 1753 1307 1805 μὴ

262 1815 324 1858 τὰς
345 1814 456 1868 ἀρχὰς
472 1815 653 1886 γινώσκῃ,
675 1813 765 1864 μηδὲ
781 1814 798 1836 k
820 1812 1057 1867 φανερώτεραι
1075 1806 1142 1851 εἶεν
1164 1815 1201 1852 αἱ
1219 1827 1307 1864 προ-

263 1873 380 1918 τάσεις
399 1877 458 1913 τοῦ
489 1874 788 1926 συμπεράσματος
817 1876 934 1925 αυτῶ,
960 1871 1052 1911 κατὰ
1085 1871 1309 1920 συμὸεὸηκὸς

263 1932 336 1984 ἔχει
358 1933 421 1979 τὴν
442 1932 654 1984 ἐπιστήμην·
676 1934 714 1971 οὗ
735 1932 803 1985 γὰρ
826 1932 869 1970 δι’
883 1935 1006 1970 ἑαυτοῦ
1025 1933 1043 1970 ὁ
1057 1935 1208 1975 τοιοῦτος
1229 1932 1308 1969 ἐπί-

264 2007 409 2039 σταται,
425 1993 485 2031 καὶ
506 1991 563 2030 διὰ
578 1991 642 2038 τὴν
661 1991 866 2042 ἐγκειμένην
887 1992 983 2043 αὐτῷ
997 1992 1065 2029 τῶν
1083 1992 1200 2043 ἀρχῶν
1219 1993 1308 2040 γνῶ-

263 2066 340 2100 σιν,
364 2051 455 2089 ἀλλὰ
478 2050 560 2103 παρ’
597 2050 711 2089 ἄλλων
735 2051 819 2094 ἴσως
839 2049 1002 2094 ἀκούσας·
1038 2050 1068 2087 εἷ
1100 2049 1170 2102 γὰρ
1200 2048 1308 2093 οὕτως

263 2109 427 2161 ἐγίνωσκε
448 2110 504 2148 διὰ
524 2109 586 2153 τὰς
607 2109 717 2163 ἀργὰς
749 2110 787 2148 τὸ
817 2109 1080 2161 συμπέρασμα,
1114 2109 1246 2158 μᾶλλον
1266 2107 1306 2146 ἂν

262 2168 428 2219 ἐγίνωσκε
449 2169 510 2212 τὰς
533 2168 667 2220 ἀρχάς,
696 2167 719 2215 ἢ
749 2167 788 2206 τὸ
814 2167 1073 2239 συμπέρασμα·
1111 2167 1155 2204 δι’
1189 2166 1207 2205 ὃ
1237 2167 1306 2219 γὰρ

264 2226 350 2265 ἄλλο
367 2227 546 2279 γνωστόν,
568 2228 679 2265 ἐκεῖνο
711 2227 846 2276 μᾶλλον
865 2224 1089 2277 γινώσκεται.
1124 2224 1215 2278 Περὶ
1243 2226 1307 2276 μὲν

262 2289 318 2323 οὖν
339 2286 547 2368 ἐπιστήμης
555 2284 732 2337 διωρίσθω
754 2284 813 2324 τὸν
833 2284 961 2337 τρόπον
986 2287 1122 2322 τοῦτον.

316 2345 515 2397 (Sei-ipsi:
532 2344 697 2396 θμόνου)
727 2358 816 2383 cum
846 2344 966 2391 codd3
991 2344 1071 2383 vid.
1100 2343 1307 2382 Poetarum

262 2404 495 2454 tragicorum
527 2417 743 2454 graecorum
781 2403 1003 2453 fragmenta
1035 2415 1124 2454 pag.
1162 2402 1212 2439 58
1241 2402 1303 2440 ed.

261 2463 439 2512 Wagner.
462 2464 573 2502 Paris
598 2465 712 2508 1846.
737 2460 821 2492 -b
856 2459 1046 2512 λέγοιμεν]
1084 2461 1172 2499 cod.
1208 2461 1306 2511 λέγο-

262 2536 342 2571 μεν.
360 2544 412 2551 —
432 2529 445 2545 ⁰
459 2526 519 2560 τοῦ
530 2520 594 2576 τε]
614 2522 700 2560 cod.
720 2524 833 2559 τοῦτε.
855 2541 909 2550 -
925 2519 940 2543 ⁴¹
955 2518 991 2558 δὲ
1007 2519 1041 2557 τί
1061 2520 1168 2570 ἐστιν]
1187 2519 1307 2568 vulgo

263 2578 300 2616 δέ
320 2580 357 2619 τί
378 2582 484 2619 ἐστιν.
507 2604 560 2609 -
579 2587 592 2604 ⁰
613 2579 764 2633 ἔχουσι]
785 2578 871 2616 cod.
906 2576 1062 2631 ἔχουσιν.
1086 2599 1139 2606 —·
1154 2576 1166 2598 s
1190 2576 1248 2615 διὰ
1266 2577 1306 2616 τὸ

260 2637 386 2676 ταύτὸν
409 2637 549 2690 μένειν]
570 2639 659 2678 cod.
679 2637 735 2676 διὰ
762 2636 802 2674 τὸ
822 2637 927 2674 αὐτοῦ
960 2635 1088 2686 μένειν.
1116 2640 1197 2665 -Β
1215 2636 1305 2687 οὐχ]

262 2696 346 2735 cod.
370 2698 445 2737 οὐκ.
469 2720 519 2726 --
540 2698 555 2720 ¹¹
576 2695 864 2747 ἀναποδείκτων]
884 2695 1003 2745 vulgo
1032 2694 1304 2732 ἀναποδεικτῶν.

261 2756 336 2783 —i
366 2755 620 2866 &3:0836m0uq]
650 2757 736 2796 cod.
762 2754 983 2797 ἀποδεικτὰς.
1013 2754 1092 2783 —¹¹
1113 2752 1233 2805 μηδὲ]
1255 2751 1304 2804 μὴ

263 2816 313 2856 δὲ.
330 2836 382 2845 -

687 2894 779 2944 Κεφ.
813 2890 854 2931 ε’.

669 3010 750 3051 Περὶ
766 3009 887 3050 τέχνης.

315 3098 365 3116 ***
388 3097 534 3145 Ῥητεόν
559 3096 593 3135 δὲ
619 3096 702 3148 περὶ
724 3100 785 3168 τ’ῆΙς
802 3096 941 3149 τέχνης.
962 3098 1043 3136 Τῶν
1069 3095 1306 3149 ἐνδεχομένων

262 3157 328 3209 γὰρ
346 3157 406 3195 καὶ
425 3156 512 3194 ἄλλο
527 3171 564 3195 τε
579 3154 726 3198 ἄλλως’
711 3154 860 3207 εχόντων
875 3155 919 3193 τὰ
933 3155 994 3205 μέν
1011 3156 1078 3193 εἶσι
1094 3154 1238 3202 ποιητά,
1259 3154 1303 3192 τὰ

263 3215 298 3255 δὲ
315 3215 467 3268 πρακτά·
484 3214 545 3253 καὶ
563 3213 694 3262 ποιητὰ
717 3213 794 3264 μέν,
808 3214 888 3267 περὶ
916 3214 970 3261 ἃῆ
992 3214 1144 3262 ποίησις,
1159 3214 1302 3274 πρακτα

263 3274 300 3312 δέ
309 3288 376 3322 ,επ
380 3273 451 3327 pl&
473 3276 495 3320 ἡ
529 3272 651 3326 πρᾶξίς
671 3275 756 3310 ἐστι·
776 3272 835 3310 καὶ
865 3271 1005 3319 ποίησις
1035 3271 1098 3322 μέν
1125 3273 1239 3322 ἐστιν,
1265 3275 1305 3318 ἡς

306 3391 324 3408 *
337 3390 395 3424 Ἐκ
411 3391 725 3435 προγινωσκομένων
743 3389 779 3422 δὲ
793 3392 886 3421 πᾶσα
900 3388 1092 3421 διδασκαλία
1105 3389 1175 3420 κτλ.
1192 3404 1234 3411 ——
1246 3387 1283 3406 ⁴⁸*
1308 3386 1351 3419 -Ἠ
1371 3387 1427 3427 μὲν
1450 3388 1515 3430 ἄρα
1531 3387 1692 3427 ἐπιστήμη
1717 3386 1805 3418 ἐστὶν
1823 3386 1891 3417 κτλ.
1912 3400 1954 3409 -
1973 3383 2027 3402 ***
2042 3384 2121 3426 Gap.
2144 3387 2175 3416 4.
2197 3386 2256 3416 τοῦ
2272 3384 2302 3416 ,δ’
2314 3382 2406 3416 ἑνδε-
2468 3416 2475 3435 γ,
2502 3372 2508 3394 7

265 3439 409 3480 χομένου
430 3440 531 3475 ἄλλως
551 3437 636 3479 ἔχειν
657 3437 729 3469 κτλ.

1084 193 1370 235 ἈΝΒΒΟΝΙΟΙ
1396 194 1575 235 RHODII

1410 290 1574 320 Praeterea
1603 287 1709 320 omnis
1739 289 1876 322 scientia
1901 290 2011 324 doceri
2031 294 2158 335 potest;
2181 295 2214 326 et
2243 288 2422 336 quidquia

1371 339 1432 372 sub
1464 339 1634 372 scientiam
1666 339 1773 378 cadit,
1797 340 1922 373 discere
1954 341 2040 375 licet.
2061 344 2177 377 Omnis
2207 347 2319 379 autem
2347 344 2409 379 do-

1370 389 1475 422 ctrina
1493 392 1525 422 et
1544 390 1735 432 disciplina,
1756 393 1794 423 ut
1809 391 1843 423 in
1861 391 2038 434 Analyticis
2053 393 2213 435 diximus,
2231 406 2272 430 ex
2285 405 2410 439 proecov

1370 438 1468 472 dente
1487 439 1630 482 quadam
1650 441 1832 482 cognitione
1851 441 2021 484 gignitur:
2042 447 2119 477 sunt
2139 454 2215 488 ergo
2233 447 2410 493 cuiuslibet

1371 493 1515 526 scientiae
1543 494 1713 538 principIa
1744 497 1787 528 Et
1818 495 1891 528 aliae
1921 496 2056 538 quidem
2088 498 2232 533 scientiae
2251 500 2411 549 prIndpia

1370 546 1548 585 spontanea
1578 554 1637 578 nec
1653 545 1876 579 demonstrata
1901 546 2041 587 habent,
2071 557 2146 591 quae
2165 556 2223 592 per
2245 550 2411 594 inductio,-

1370 603 1445 627 nem
1470 595 1661 646 probantur,
1692 597 1801 639 qualia
1825 600 1901 631 sunt
1921 600 2107 641 geometriae
2126 601 2318 645 principia·
2328 591 2411 638 811»

1371 655 1450 679 vero
1475 656 1516 680 ex
1540 648 1708 690 principiis
1721 650 1789 691 Jam
1808 650 2059 690 demonstratis,
2076 653 2109 684 et
2124 652 2260 695 quidem
2283 654 2410 690 &mom

1370 697 1540 739 cujusdam
1559 699 1703 732 scientiae
1717 700 1878 740 oriuntur,
1902 711 1979 744 quae
1996 702 2184 744 syllogismo
2198 699 2405 747 proba-tuiz

1369 748 1478 790 qualis
1507 751 1559 782 est
1578 750 1707 792 optice,
1743 761 1819 794 quae
1844 755 2000 795 tanquam
2024 753 2193 797 principiis
2211 756 2410 798 quibusdum

1371 805 1576 847 geometricis
1594 806 1930 843 demonstrationibus
1950 811 2067 844 utitur.
2086 812 2148 844 Est
2167 816 2244 855 ergo
2265 813 2413 853 inductio

1370 859 1527 899 tanquam
1546 857 1780 901 principiorum
1798 860 1897 893 etiam
1918 871 1982 894 non
2003 861 2303 898 demonstratorum
2320 865 2414 910 prin-

1368 907 1505 949 cipium,
1524 917 1600 950 quae
1616 909 1812 944 universalia
1828 912 1962 954 quidem
1977 914 2069 952 sunt,
2086 912 2144 946 sed
2156 923 2175 947 e
2189 915 2413 957 singularibus

1369 967 1637 1006 cognoscuntur:
1665 966 1700 996 at
1731 973 1808 996 vero
1834 963 2060 1005 syllogismus,
2094 963 2154 1006 qui
2188 963 2413 1002 demonstrata

1368 1015 1485 1057 probat
1500 1014 1731 1047 nonnullarum
1757 1014 1982 1047 doctrinarum
2011 1013 2187 1056 principia,
2208 1013 2414 1050 universales

1370 1065 1531 1107 quasdam
1552 1074 1612 1098 nec
1637 1065 1880 1098 demonstratas
1899 1065 2048 1097 notiones
2070 1073 2130 1106 pro
2159 1064 2333 1108 principiis
2351 1067 2414 1110 lia-

1368 1116 1424 1149 bet
1456 1129 1463 1149 ε
1498 1119 1576 1149 sunt
1610 1116 1712 1158 igitur
1749 1115 1952 1148 universales
1980 1124 2237 1159 communesque
2265 1112 2415 1153 notiones

1369 1167 1513 1200 scientiae
1532 1167 1670 1208 alicujus
1691 1166 1850 1208 principia
1863 1192 1870 1204 ,
1900 1175 1941 1198 ex
1969 1166 2091 1207 quibus
2112 1175 2172 1208 pro
2199 1166 2416 1205 fundamento

1369 1218 1484 1260 positis
1504 1217 1665 1250 rationem
1690 1217 1936 1254 concludimus,
1971 1226 2056 1259 quas
2080 1226 2146 1250 nou
2174 1217 2292 1260 probat
2311 1219 2413 1262 syllo-

1368 1268 1511 1310 gismus,
1537 1267 1595 1301 sed
1627 1267 1775 1300 inductio
1797 1279 1804 1300 :
1823 1276 1890 1310 qua
1906 1267 2042 1300 scientia
2059 1276 2176 1301 rursus
2198 1268 2264 1302 alia
2280 1269 2415 1305 scientia

1368 1318 1623 1356 demonstratur,
1654 1327 1730 1361 quae
1754 1317 1818 1351 sub
1846 1317 1918 1359 ipsa
1943 1326 2015 1351 esse
2039 1317 2171 1352 dicitur.
2209 1320 2416 1363 Quapropter

1367 1370 1474 1402 omnis
1503 1369 1640 1402 scientia
1664 1369 1822 1401 extremis
1849 1367 2052 1411 quibusdam
2076 1378 2115 1402 ac
2140 1378 2200 1412 per
2228 1379 2265 1417 se
2291 1367 2414 1414 proba·-

1368 1416 1491 1449 bilibus
1509 1415 1677 1458 principiis
1691 1415 1951 1448 demonstratur.
2053 1429 2058 1432 ·

1410 1476 1471 1508 Est
1484 1474 1586 1516 igitur
1608 1474 1744 1507 scientia
1766 1474 1905 1507 habitus
1922 1473 1965 1507 ad
1982 1473 2109 1517 aliquid
2124 1473 2416 1509 demonstrandum
2476 1500 2498 1518 ,ἱ

1369 1534 1525 1573 idoneus,
1547 1534 1606 1577 qui
1633 1543 1674 1568 ex
1695 1534 1736 1567 iis
1761 1543 1838 1576 quae
1868 1543 1926 1577 per
1947 1543 1984 1568 se
2003 1527 2082 1567 sunt
2109 1536 2144 1568 et
2162 1537 2328 1578 quatenus
2345 1533 2418 1570 h'aec

1368 1594 1439 1636 ipsa
1467 1595 1564 1632 sunt,
1586 1593 1767 1636 primisque
1797 1595 1832 1625 et
1866 1593 1975 1626 causis
2008 1593 2229 1627 conclusionis
2259 1593 2415 1634 eflicitur.

1369 1651 1649 1695 quemadmodum
1671 1652 1705 1684 in
1737 1652 1916 1694 Analyticis
1946 1651 2167 1686 definivimus.
2188 1655 2299 1692 Quum
2328 1654 2416 1688 enim

1370 1711 1490 1754 aliquis
1522 1711 1684 1745 elementa
1714 1710 1869 1754 quaedam
1894 1711 2019 1751 credit,
2042 1713 2189 1755 notaque
2215 1711 2246 1747 ei
2268 1714 2347 1746 sunt
2368 1714 2418 1748 rei

1370 1770 1549 1813 principia,
1567 1772 1648 1803 tunc
1663 1779 1736 1803 eam
1755 1779 1826 1803 rem
1839 1770 1924 1804 scire
1941 1771 2052 1813 potest
2070 1782 2079 1803 ι
2098 1772 2127 1804 si
2145 1770 2233 1804 enim
2248 1780 2311 1806 nee
2325 1772 2418 1816 pflu-

1370 1830 1453 1872 cipia
1478 1829 1599 1863 habeat
1618 1829 1758 1871 cognita,
1787 1838 1848 1862 nec
1870 1829 1976 1871 magis
1998 1829 2029 1862 ei
2055 1829 2239 1872 perspicuae
2256 1830 2323 1864 siut
2345 1838 2419 1874 pro-

1370 1889 1548 1932 positiones
1569 1897 1671 1931 quam
1699 1887 1884 1927 conclusio,
1909 1897 1969 1930 per
1987 1887 2140 1922 accidens
2164 1890 2296 1922 tantum
2315 1890 2417 1934 hahet

1371 1948 1542 1981 scientiam
1576 1960 1584 1980 ε
1620 1956 1728 1990 neque
1761 1947 1847 1980 enim
1877 1946 1954 1980 talis
1979 1947 2078 1980 homo
2111 1956 2171 1990 per
2195 1957 2231 1982 se
2257 1949 2335 1988 scit,
2361 1949 2415 1983 vel

1372 2009 1506 2050 propter
1531 2007 1642 2040 nescio
1659 2016 1761 2049 quam
1777 2005 2012 2049 principiorum
2033 2016 2136 2050 quam
2152 2010 2349 2042 consecutus
2373 2009 2417 2042 sit

1370 2067 1605 2109 cognitionem,
1635 2066 1695 2099 sed
1717 2066 1797 2109 quia
1824 2066 1965 2100 fortasse
1983 2075 2025 2100 ex
2049 2067 2123 2100 aliis
2151 2066 2280 2101 audivit
2299 2081 2307 2102 :
2339 2076 2417 2102 uam

1370 2126 1418 2164 si,
1444 2125 1726 2169 quemadmodum
1762 2125 1856 2164 dico,
1898 2125 1941 2158 ob
1985 2125 2144 2168 principia
2175 2126 2418 2162 conclusionem

1369 2185 1533 2227 cognitam
1561 2185 1715 2224 haberet,
1757 2184 1862 2227 magis
1891 2194 1994 2227 quam
2028 2185 2272 2220 conclusionem
2304 2189 2416 2221 nosset

1367 2245 1544 2288 principia:
1560 2247 1695 2288 propter
1710 2244 1802 2287 quod
1817 2244 1903 2277 enim
1926 2244 2076 2286 cognosci
2096 2243 2186 2278 aliud
2198 2246 2317 2288 potest,
2331 2246 2415 2280 iliud

1368 2305 1473 2346 magis
1493 2304 1716 2345 cognoscitur.
1739 2305 1783 2337 Et
1801 2303 1844 2337 de
1861 2302 1997 2337 scientia
2010 2302 2147 2346 quidem
2162 2304 2226 2338 hoc
2242 2305 2342 2340 modo
2353 2312 2426 2343 (ἑκ-ᾔ

1369 2363 1514 2406 positum
1533 2362 1586 2396 sit.

1823 2904 1900 2946 Gap.
1925 2905 1966 2938 V.

1822 3005 1867 3034 De
1880 3006 1957 3033 arte.

1408 3100 1482 3132 Jam
1509 3109 1588 3133 vero
1621 3099 1663 3132 de
1685 3100 1756 3133 arte
1779 3097 1954 3132 dicendum
1976 3099 2038 3130 est.
2060 3099 2183 3130 Eorum
2206 3097 2311 3137 enim,
2334 3108 2411 3142 quae

1367 3160 1587 3202 contingentia
1610 3162 1737 3193 suntet
1765 3159 1846 3204 alias
1861 3158 1957 3192 aliter
1984 3167 2018 3191 se
2043 3158 2184 3196 habent,
2206 3157 2359 3201 quasdam
2376 3159 2411 3191 in

1367 3220 1595 3259 effectionem,
1615 3220 1679 3253 alia
1695 3220 1730 3254 in
1749 3220 1911 3253 actionem
1926 3219 2071 3252 cadunt:
2091 3221 2125 3251 et
2148 3219 2182 3252 in
2204 3218 2410 3252 effectionem

1365 3278 1500 3320 quidem
1521 3279 1662 3318 cadunt,
1693 3279 1778 3311 circa
1809 3287 1885 3321 quae
1902 3277 2053 3319 effectio;
2070 3277 2104 3311 in
2121 3277 2285 3310 actionem
2307 3286 2406 3316 vero,
