2528 3788
1060 190 1128 230 DE
1158 187 1410 229 PLATONE.
1688 204 1693 207 ’
1804 223 1810 228 .
2255 190 2303 227 57

147 283 272 340 Δ[ιῑιίὶο
291 283 421 336 primo
441 280 602 332 Olymp.
633 279 706 318 108
725 291 850 329 anno,
872 286 961 316 ante
987 276 1082 316 Chr.
1108 277 1201 323 348,

161 356 283 385 unum
305 350 343 381 et
358 341 560 391 octoginta
580 351 703 378 annos
719 346 834 376 natus
855 335 934 388 (26)
955 348 964 358 ·
981 337 1110 387 Atque
1139 334 1206 373 alii

160 461 228 502 ulii
255 460 358 500 inter
384 459 601 512 nuptialem
618 469 768 497 coenam
794 455 1026 494 mortalitate
1045 456 1209 493 interce-

159 529 270 574 ptum
289 527 438 572 putant.
460 518 585 558 Vitam
603 525 729 556 autem
749 515 869 554 natali
896 527 966 554 suo
993 513 1057 552 die
1078 513 1209 558 finivit

161 579 277 619 tertio
293 578 446 616 decimo
469 575 644 628 Philippi
669 575 772 625 regis
802 586 907 612 anno
930 583 1151 613 successore
1166 572 1210 609 in

115 632 119 636 ’
161 636 372 677 Academia
388 636 525 675 relicto
554 634 795 687 Speusippo,
822 640 970 684 septem
991 630 1104 670 annis
1123 638 1211 669 ante

161 705 294 737 natum
313 694 523 748 Epicuriun
542 694 642 744 (27).

214 754 371 796 Primus
390 768 435 795 ac
462 754 682 808 praecipuus
710 752 955 803 dialogorum
976 759 1111 790 auctor
1136 750 1211 789 ha-

161 815 278 857 betur
296 814 408 854 Plato
427 815 496 868 qui
515 814 589 853 hoc
608 811 836 865 scriptionis
851 824 972 862 genus
986 824 1066 849 non
1084 810 1213 848 inten-

162 883 284 914 tatum
310 873 400 912 aliis
420 871 668 926 philosophis
699 871 867 910 maxime
900 870 1073 909 excoluit
1101 882 1213 908 sum-

163 945 344 985 mamque
363 934 399 971 ei
418 932 646 983 dignitatem
667 931 824 983 adjecit.
846 930 946 969 Ante
967 942 1055 968 eum
1069 928 1212 967 videli-

163 1001 224 1032 cet
249 991 355 1031 Zeno
375 990 527 1030 Eleates
554 999 594 1029 et
614 991 876 1029 Alexamenus
894 988 1015 1027 Teius
1034 988 1212 1038 dialogos

163 1052 423 1104 scripserant,
454 1059 589 1102 postea
620 1050 796 1088 Platonis
834 1048 1058 1100 exemplum
1091 1047 1213 1087 secuti

163 1110 344 1164 plerique
373 1108 601 1162 philosophi
628 1109 724 1148 tales
751 1107 879 1147 libros
911 1107 980 1159 qui
1013 1108 1055 1146 in
1075 1119 1214 1157 magna

165 1177 483 1220 argumentorum
501 1168 688 1207 varietate
715 1166 974 1206 versabantur
992 1166 1212 1206 ediderunt.

163 1371 255 1416 φιοᾱ
271 1370 389 1405 docilis
400 1372 499 1404 natus
511 1371 611 1411 esset,
626 1369 718 1412 quod
731 1369 765 1402 in
781 1369 822 1402 iis
837 1369 968 1412 opibus,
983 1371 1024 1402 ut
1037 1367 1218 1402 liberaliter

166 1418 366 1453 erudiretur.
387 1418 473 1452 Nam
493 1417 583 1460 quod
596 1415 734 1450 Athenis
753 1418 852 1449 natus
871 1417 942 1458 est,
961 1414 1042 1458 quid
1053 1415 1088 1448 in
1103 1424 1143 1449 eo
1159 1415 1218 1449 be-

169 1461 283 1500 neflcii'
296 1465 384 1499 tuit?
397 1467 449 1498 An
467 1473 535 1497 non
549 1463 684 1505 plurimi
701 1464 899 1497 exstiterunt
924 1463 957 1496 in
982 1462 1055 1495 aliis
1075 1460 1219 1494 civitati-

165 1513 230 1547 bus
250 1511 426 1547 excellenti
448 1510 577 1554 ingenio
591 1511 691 1551 atque
718 1510 870 1543 doctrina
887 1509 960 1550 viri,
984 1508 1044 1550 qui
1066 1509 1217 1542 meliores

165 1558 303 1603 singuli,
321 1567 421 1601 quam
438 1565 554 1591 omnes
568 1556 787 1590 Athenienses
807 1556 965 1589 ruerunt?
979 1573 1024 1581 —-
1044 1555 1112 1597 (26)
1136 1556 1216 1588 Dio-

162 1614 264 1650 genes
279 1604 430 1639 Laertius
455 1606 526 1646 m.
547 1607 566 1638 2
587 1605 715 1646 τελευτᾷ
733 1604 773 1644 δ’,
798 1604 841 1641 ὥς
857 1614 949 1646 φησιν
973 1603 1153 1646 Ἕρμιππος
1181 1604 1214 1635 ἐν

163 1653 279 1698 γάμοις
296 1653 448 1691 δειπνῶν,
470 1655 517 1693 τῷ
533 1651 650 1693 πρώτῳ
668 1651 730 1684 ἔτει
754 1654 808 1690 τῆς
836 1651 947 1692 ὀγδόης
971 1651 1025 1683 καὶ
1046 1652 1218 1689 ἑκατοστῆς

165 1700 354 1744 ὀλυμπιάδος
365 1723 376 1741 ,
389 1699 476 1742 βιοὺς
498 1698 566 1736 ἔτος
580 1699 612 1731 ἓν
625 1699 701 1740 πρὸς
713 1701 780 1736 τοῖς
799 1698 1006 1738 ὀγδοήκοντα.
1028 1698 1166 1736 Νεάνθης
1185 1698 1218 1730 δέ

165 1746 531 1835 mxiimfff
530 1746 842 1835 3032025232‘31‘2}
854 1743 1220 1833 ΤεέἛσῗὲξὲῗιΐᾸῗῑ

166 1841 323 1886 σιμίχου,
343 1839 478 1874 Πλάτων
499 1840 533 1873 δὲ
549 1839 600 1872 ἐπὶ
620 1841 773 1881 Ἀμεινίου
786 1841 911 1881 γέγονεν
923 1863 932 1879 ,
955 1839 1002 1881 ἐφ’
1015 1838 1052 1872 οὗ
1069 1841 1219 1880 Περικλῆς

166 1888 375 1926 ἐτελεύτησεν·
388 1886 427 1927 ἦν
439 1887 472 1920 δὲ
486 1887 540 1919 τὸν
557 1887 656 1928 δῆμον
675 1887 868 1928 Κολυττεύς,
887 1887 930 1924 ὥς
952 1898 1045 1928 φησιν
1061 1887 1220 1919 Ἀντιλέων

167 1937 200 1970 ἐν
216 1934 350 1978 δευτέρῳ
373 1934 450 1976 Περὶ
469 1933 602 1976 χρόνων.
629 1932 722 1967 Idem
739 1935 802 1975 ΠΙ,
820 1936 862 1967 40
881 1934 934 1966 καὶ
953 1933 1097 1966 ἐτελεύτα
1114 1934 1170 1975 μὲν
1186 1934 1220 1966 ὃν

169 1985 298 2026 alueum
327 1982 460 2025 τρόπον,
491 1982 651 2014 Φιλίππου
669 1981 886 2024 βασιλεύοντος
909 1981 975 2019 ἔτος
1003 1982 1221 2024 τρισκαιδέκα-

170 2041 243 2070 τον,
261 2029 343 2062 καθὰ
358 2030 413 2062 καὶ
431 2028 615 2071 Φαδωρῖνὸς
634 2039 726 2069 φησιν
745 2029 776 2061 ἐν
801 2029 1131 2071 ἀπομνημονευμάτων
1147 2029 1214 2071 τρί-

170 2083 236 2116 τῳ·
253 2074 306 2117 ὑφ’
322 2074 362 2110 οὗ
383 2075 441 2108 καὶ
462 2075 680 2116 ἐπιτιμηθῆναί
702 2086 795 2116 φησιν
812 2076 905 2108 αὐτὸν
928 2076 1129 2117 Θεόπομπος.
1149 2078 1220 2109 Μυ-

170 2130 319 2166 ρωνιανος
337 2123 364 2154 δ’
379 2122 412 2154 ἐν
427 2122 547 2164 ὁμοίοις
566 2123 662 2164 φησὶ,
682 2123 812 2156 Φίλωνα
829 2123 998 2165 παροιμίας
1019 2123 1222 2165 μνημονεύειν

169 2170 239 2211 περὶ
254 2172 318 2202 τῶν
336 2169 507 2206 Πλάτωνος
522 2170 652 2212 φθειρῶν
665 2193 674 2209 ,
688 2170 844 2207 (ὃς-οὓτως
858 2170 956 2202 αὐτοῦ
971 2171 1221 2210 τελευτήσαντος.

171 2217 234 2249 Και
253 2214 350 2258 ἐτάφη
369 2215 403 2248 ἐν
416 2219 456 2258 τῇ
479 2214 654 2260 Ἀκαδημίᾳ
667 2239 676 2256 ,
702 2217 776 2249 ἔνθα
793 2217 848 2249 τὸν
869 2217 1015 2249 πλεῖστον
1032 2217 1143 2259 χρόνον
1156 2219 1221 2250 διε-

169 2263 278 2295 τέλεσε
294 2262 492 2306 φιλοσοφῶν,
522 2262 591 2295 ὅθεν
621 2263 676 2295 καὶ
707 2262 917 2305 Ἀκαδημαϊκὴ
949 2265 1182 2306 προσηγορεύθη
1203 2267 1222 2302 ἡ

169 2307 224 2343 ἀπ’
244 2307 342 2341 αὐτοῦ
356 2307 484 2350 αἵρεσις.
509 2309 572 2341 Καὶ
589 2309 794 2351 παρεπέμφθη
808 2310 964 2351 πανδημεὶ
982 2310 1057 2351 πρὸς
1075 2313 1138 2341 τῶν
1163 2310 1222 2341 αὺ-

168 2355 249 2391 τόθι.
263 2354 440 2388 Pausanias
453 2355 514 2388 lib.
537 2357 551 2388 1
564 2364 637 2398 cap.
655 2356 757 2395 XXX,
776 2358 794 2388 3
817 2354 1005 2397 Ἀκαδημίας
1020 2357 1052 2388 δὲ
1062 2357 1100 2388 οὐ
1115 2356 1222 2398 πόρῤω

171 2403 340 2440 Πλάτωνος
358 2402 467 2446 μνῆμά
477 2403 572 2436 ἐστιν.
585 2401 750 2435 Lucianus
763 2403 918 2444 Longaev.
938 2411 1010 2445 cap.
1031 2405 1066 2435 21
1090 2404 1223 2436 Πλάτων

171 2450 206 2485 δὶ
224 2453 242 2485 δ
257 2449 424 2494 ἱερώτατος
438 2450 471 2483 ἓν
487 2451 541 2483 καὶ
568 2450 774 2491 ὀγδοήκοντα·
795 2449 868 2491 [ἐτη
889 2450 975 2491 βιοὺς
992 2451 1187 2489 ἐτελεύτησεν
1198 2451 1221 2494 ].

172 2497 372 2532 censorinus
394 2495 438 2530 (lo
461 2496 515 2531 die
536 2497 639 2530 natali
658 2506 732 2539 cap.
760 2500 798 2530 15
817 2497 902 2529 tales
931 2497 1021 2529 viros
1040 2505 1104 2529 non
1133 2499 1224 2540 prius

172 2546 244 2580 vita
256 2544 437 2580 excessisse
449 2569 458 2585 ‚
479 2554 581 2587 quam
599 2545 642 2578 ad
664 2553 789 2578 annum
809 2545 907 2578 illum
932 2545 1166 2587 octogesimum
1193 2548 1226 2579 et

173 2602 278 2628 unum
293 2593 514 2636 pervenerint,
533 2592 569 2626 in
582 2601 649 2634 quo
669 2592 763 2626 Plato
781 2592 881 2626 finem
897 2592 976 2626 vitae
993 2595 1026 2625 et
1043 2593 1226 2635 legitimum

173 2649 248 2675 esse
270 2639 479 2674 existimavit
512 2641 546 2672 et
573 2637 700 2672 habuit.
721 2639 875 2674 Valerius
901 2639 1066 2673 Maximus
1091 2642 1182 2682 vm,
1208 2645 1236 2674 7·

151 2688 286 2742 'Altero
313 2687 415 2722 eliam
436 2689 471 2720 et
490 2687 692 2729 octogesimo
722 2696 809 2720 anno
836 2687 999 2720 decedens
1026 2687 1089 2720 sub
1118 2689 1225 2731 capite

173 2735 352 2780 Sophronis
366 2734 486 2768 mimos
507 2733 665 2768 habuisse
687 2734 796 2768 fertur
819 2747 828 2767 ε
846 2734 894 2767 sic
919 2743 961 2767 ne
982 2736 1131 2768 extrema
1147 2736 1222 2777 qui-

160 2782 250 2818 ·dem
269 2782 343 2826 elus
371 2782 454 2816 hora
475 2781 653 2824 agitatione
677 2781 782 2815 studii
813 2790 918 2814 vacua
946 2782 1021 2816 fuit.
1047 2782 1164 2816 Cicero
1183 2783 1224 2816 (le

174 2831 302 2872 Senect.
322 2832 367 2863 5:
389 2829 451 2862 Est
474 2827 574 2862 etiam
589 2829 702 2870 quiete
727 2830 762 2862 et
788 2837 874 2870 pure
894 2830 927 2860 et
956 2829 1123 2870 eleganter
1143 2832 1225 2862 actae

175 2877 284 2912 oentis
296 2876 426 2920 placida
440 2885 479 2910 ac
494 2875 577 2909 lenis
596 2877 768 2916 senectus,
793 2876 925 2918 qualem
949 2877 1136 2919 accepimus
1151 2878 1227 2910 Pla-

176 2925 282 2966 tonis,
300 2923 357 2967 qui
373 2933 440 2957 nno
453 2925 488 2957 et
505 2924 707 2966 octogesimo
724 2933 809 2956 anno
823 2923 973 2956 scribens
989 2926 1141 2956 mortuus
1161 2928 1222 2957 est.

0 2976 17 3007 ,ἶ
126 3003 128 3005 .
175 2971 399 3014 Hieronymus
412 2971 509 3013 epist.
530 2970 572 3003 ad
601 2971 823 3013 Nepotianum
847 2970 889 3003 de
907 2971 979 3003 vita
998 2970 1223 3004 Clericorum:

30 3763 37 3772 '
71 3766 123 3788 ’ῚΩ

178 3020 271 3054 Plato
300 3019 505 3060 octogesimo
539 3017 646 3060 primo
682 3027 770 3051 anno
801 3018 949 3051 scribens
980 3021 1031 3051 est
1061 3021 1224 3053 mortuus.

178 3066 359 3100 Atheuaeus
377 3069 408 3100 V
427 3075 462 3109 p.
477 3068 551 3099 217.
575 3065 610 3100 b.
631 3066 686 3099 δύο
707 3067 806 3099 δὲκαὶ
822 3066 1017 3107 ὀγδοήκοντα
1033 3067 1153 3108 βιώσας
1173 3069 1225 3109 ἔτη

177 3114 362 3156 μετήλλαξεν
384 3114 436 3146 ἐπὶ
453 3113 611 3155 θεοφίλου
636 3116 692 3146 τοῦ
713 3114 791 3156 μετὰ
819 3113 1033 3155 Καλλίμαχον.
1059 3114 1228 3157 Olympio-

179 3160 282 3195 (10ῐηῦ
296 3161 357 3195 vit.
381 3161 467 3194 Plat.
489 3162 609 3203 μέλλων
624 3163 768 3204 τελευτᾷν
784 3162 924 3195 ἐνύπνιον
940 3162 1018 3195 εἶδεν
1031 3188 1038 3205 ,
1058 3165 1100 3201 ὡς
1115 3165 1227 3203 κύκνος

179 3207 342 3252 γενόμενος
369 3209 434 3242 ἀπὸ
461 3209 585 3251 δένδρου
607 3210 651 3246 εἰς
674 3210 797 3252 δένδρον
824 3210 1025 3252 μετέρχεται.
1052 3211 1107 3243 καὶ
1131 3212 1234 3253 ταύτῃ

178 3254 274 3290 πόνον
293 3255 439 3290 πλεῖστον
454 3259 585 3299 παρεῖχε
599 3262 663 3295 τοῖς
676 3258 821 3295 ἰξευταῖς.
840 3258 878 3290 Ὁ
892 3256 1030 3298 Σιμμίας
1039 3282 1047 3297 ,
1069 3259 1087 3290 ὁ
1102 3259 1228 3302 Σωκρα-

179 3302 286 3345 τικός,
307 3304 443 3347 ἔκρινεν,
465 3304 514 3337 ὅτι
544 3304 682 3342 ἄληπτος
711 3305 800 3338 ἔσται
821 3308 886 3342 τοῖς
911 3305 978 3347 μετ’
997 3305 1090 3338 αὐτὸν
1113 3307 1229 3349 ἐξηγεῖ-

181 3350 254 3383 σθαι
272 3351 472 3393 βουλομένοις
487 3352 594 3384 αὐτόν·
614 3353 745 3390 ίξευταῖς
770 3353 828 3395 γὰρ
851 3352 990 3385 ἐοίκασιν
1006 3355 1037 3386 οἱ
1061 3354 1225 3396 ἐξηγηταί,

181 3397 369 3435 τὰς·ἐννοίας
386 3401 449 3431 τῶν
464 3399 604 3441 ἀρχαίων
624 3401 791 3442 πειρᾶσθαι
820 3401 1016 3442 βουλόμενοι’
1035 3401 1172 3441 ἄληπτος
1195 3404 1227 3436 δέ

184 3445 284 3486 ἐστιν,
310 3445 415 3484 ἐπειδὴ
445 3447 499 3478 καὶ
519 3450 658 3487 φυσικῶς
684 3448 736 3480 καὶ
758 3449 871 3487 ἠθικῶς
890 3450 943 3482 καὶ
963 3450 1146 3491 θεολογικῶς
1173 3453 1226 3485 καὶ

1267 275 1365 315 Nam
1397 283 1436 313 et
1455 275 1676 314 Aristotelis
1695 284 1734 315 et
1752 275 2011 328 Theophrasti
2038 283 2076 314 et
2095 274 2310 313 Dicaearchi

1269 334 1542 386 Peripatetici,
1570 343 1608 372 et
1626 334 1794 375 Zenonis
1817 344 1855 375 et
1868 334 2079 387 Chrysippi
2099 342 2137 372 et
2152 333 2310 385 Epicuri

146 401 319 455 -quidem
340 399 571 440 scribentem
590 399 667 438 fato
693 397 944 450 perfunctum
966 408 1049 434 esse
1069 393 1204 445 ajunt,
1237 382 1244 422 ί
1268 402 1305 431 et
1319 393 1484 432 aliorum
1500 393 1724 445 hujusmodi
1737 408 1934 434 sermones
1947 402 2224 441 memorantur,
2245 394 2313 444 qui

1269 460 1397 491 tamen
1415 466 1548 492 omnes
1563 455 1859 495 interciderunt.
1880 454 1991 493 Addo
2007 453 2258 492 Plutarchum
2278 462 2316 490 et

1272 509 1506 561 Lucianum,
1529 525 1693 562 quorum
1724 514 1886 564 plurimi
1906 521 2057 551 exstant
2075 522 2112 551 et
2132 511 2315 564 pulcher·

1272 569 1362 608 rimi
1384 570 1555 621 dialogi,
1590 571 1749 611 alterius
1780 585 1916 623 graves
1938 581 1975 610 ct
2008 573 2161 620 severi,
2196 584 2240 609 ac
2268 571 2315 608 de

1272 629 1388 668 rebus
1425 630 1540 668 seriis
1570 632 1804 683 conscripti,
1842 632 2003 670 alterius
2027 631 2154 682 jocosi
2179 638 2217 668 et
2247 643 2316 668 ur-

1272 688 1378 727 bani.
1401 688 1475 727 Sed
1495 687 1544 728 de
1561 689 1703 728 horum
1725 690 1938 730 virtutibus
1962 691 2093 729 dicere
2110 690 2210 728 nihil
2232 689 2318 727 atti-

1273 756 1357 796 net,
1380 761 1500 799 quum
1521 749 1614 788 satis
1639 749 1803 789 habeam
1830 759 1965 789 notare
1979 780 1989 798 ,
2009 750 2183 788 Platonis
2205 748 2319 797 inge-

1273 807 1340 846 nio
1357 807 1494 846 rudem
1515 808 1640 846 adhuc
1660 818 1698 847 et
1722 810 1939 861 impolitam
1971 809 2216 859 dialogorum
2237 807 2322 845 for-

1275 880 1375 905 mam
1397 867 1454 906 sic
1473 869 1711 906 immutatam
1746 882 1851 919 esse,
1880 878 1922 907 ut
1949 870 2088 907 merito
2113 869 2151 907 ei
2178 876 2323 906 ornatae

1275 926 1466 965 orationis
1484 935 1523 965 et
1552 927 1792 966 inventionis
1819 928 1949 978 palma
1975 927 2169 966 deferatur
2190 925 2286 979 (28).

1328 986 1529 1024 Platonem
1557 986 1626 1037 qui
1655 987 1796 1024 multos
1815 987 1956 1024 artium
1987 986 2211 1024 liberalium
2242 999 2325 1024 ma-

1275 1046 1419 1095 gistros
1450 1054 1487 1083 et
1518 1044 1677 1083 vivendi
1711 1053 1970 1096 praeceptores
2001 1044 2214 1091 habuisset,
2245 1044 2326 1095 Py-

1276 1106 1460 1156 thagorae,
1482 1104 1687 1153 Heracliti,
1707 1104 1899 1151 Socratis,
1922 1103 2090 1142 Zenonis
2110 1117 2152 1142 ac
2169 1103 2326 1142 Parme-

1279 1165 1383 1204 nidis
1405 1164 1652 1216 potissimum
1680 1164 1832 1202 decreta
1851 1163 2073 1202 confudisse
2098 1172 2135 1201 et
2163 1164 2325 1201 commi-

1278 1368 1385 1404 ἁπλῶς
1400 1365 1566 1407 πολλαχῶς
1580 1366 1664 1397 ἐστιν
1688 1365 1813 1397 ἀκούειν
1827 1368 1892 1397 τῶν
1906 1364 2002 1397 αὐτοῦ
2014 1389 2024 1405 ,
2043 1364 2182 1407 καθάπερ
2198 1364 2252 1396 καὶ
2267 1368 2329 1397 τῶν

1277 1416 1430 1457 Ὀμήρου.
1447 1413 1511 1447 Δύο
1528 1414 1589 1455 γὰρ
1608 1413 1701 1446 αὗται
1720 1414 1819 1455 ψυχαὶ
1839 1414 1981 1454 λέγονται
2009 1413 2151 1454 γενέσθαι
2171 1413 2330 1454 παναρμό-

1277 1471 1347 1495 νιοι·
1364 1462 1412 1495 διὸ
1428 1461 1635 1498 παντοδαπῶς
1649 1461 1732 1493 ἐστιν
1750 1460 1874 1493 ἀκούειν
1891 1460 2082 1502 ἀμφοτέρων.
2104 1459 2329 1498 Ἀποθανόντος

1277 1509 1305 1541 δ’
1321 1509 1417 1541 αὐτοῦ
1429 1534 1436 1548 ,
1455 1507 1631 1544 πολυτελῶς
1647 1507 1740 1539 αὐτὸν
1754 1506 1873 1548 ἔθαψαν
1890 1508 1919 1539 οἱ
1938 1507 2111 1547 Ἀθηναῖοι,
2126 1507 2180 1539 καὶ
2200 1507 2331 1548 ἐπέγρα-

1278 1558 1341 1597 ψαν
1359 1557 1391 1589 ἐν
1407 1558 1452 1596 τῷ
1471 1554 1559 1597 τάφῳ
1578 1556 1694 1586 αὐτοῦ·
1709 1554 1790 1591 Τοὺς
1808 1555 1855 1586 δύ’
1878 1554 2037 1587 Ἀπόλλων
2054 1553 2126 1595 cim*
2147 1555 2332 1592 Ἀσκληπιὸν

1277 1604 1332 1643 ἠδὲ
1352 1602 1518 1635 Πλάτωνα’
1539 1603 1592 1635 τὸν
1617 1600 1671 1641 μὲν
1689 1601 1741 1634 ἵνα
1757 1602 1879 1644 ψυχήν,
1898 1602 1951 1634 τὸν
1967 1600 1994 1634 δ’
2014 1601 2066 1634 ἵνα
2083 1604 2178 1642 σῶμα
2192 1602 2275 1634 σόοι.
2293 1620 2333 1625 »-

1279 1649 1348 1691 (27)
1368 1649 1530 1691 Diogenes
1542 1647 1693 1681 Laertius
1712 1649 1752 1689 X,
1777 1650 1816 1681 14
1834 1649 1983 1689 ἐγεννήθη
2006 1649 2041 1682 δὲ
2057 1649 2170 1690 (φησὶν
2190 1649 2334 1682 Ἀπολλό-

1279 1698 1376 1739 δωρος
1405 1697 1438 1728 ἐν
1461 1695 1636 1738 χρονικοῖς)
1664 1695 1747 1727 κατὰ
1764 1696 1801 1728 τὸ
1820 1695 1922 1737 τρίτον
1955 1698 2021 1733 έτος
2041 1700 2094 1735 τῆς
2123 1696 2250 1735 ἐννάτης
2277 1697 2332 1728 καὶ

1280 1747 1449 1782 ἑκατοστῆς
1472 1743 1688 1785 Ὀλυμπιάδος
1707 1742 1758 1775 ἐπὶ
1776 1744 1970 1784 Σωσιγένους
1987 1743 2139 1785 ἄρχοντος
2162 1744 2256 1785 μηνὸς
2275 1745 2335 1776 Γα-

1281 1793 1436 1832 μηλιῶνος
1467 1790 1585 1832 ἐὸδόμῃ
1616 1790 1716 1823 ἐτεσιν
1744 1790 1874 1833 ὕστερον
1913 1795 1967 1830 τῆς
2003 1790 2170 1828 Πλάτωνος
2192 1792 2334 1830 τελευτῆς

1281 1839 1375 1872 ἑπτά.
1399 1837 1467 1880 (28)
1490 1837 1654 1879 Diogenes
1679 1837 1830 1870 Laertius
1848 1839 1911 1879 111,
1931 1840 2030 1870 47-48
2056 1837 2218 1877 διαλόγους
2232 1838 2335 1871 τοίνυν

1281 1888 1358 1930 φασὶ
1374 1889 1497 1928 πρῶτον
1516 1886 1637 1928 γράψαι
1658 1886 1790 1923 Ζήνωνα
1809 1886 1862 1918 τὸν
1887 1885 2048 1924 Ἐλεάτην.
2069 1885 2284 1927 Ἀριστοτέλης
2302 1886 2335 1919 δὲ

1281 1935 1313 1968 ἐν
1325 1934 1442 1977 πρώτῳ
1460 1934 1530 1974 περὶ
1545 1936 1684 1971 ποιητῶν
1706 1931 1905 1974 Ἀλεξαμενὸν
1922 1933 2038 1974 Στυρέα
2057 1934 2076 1972 ἢ
2093 1933 2202 1973 Τήῖον,
2223 1936 2266 1972 ὡς
2282 1934 2335 1967 καὶ

1282 1982 1465 2023 Φαὸωρῖνος
1493 1981 1524 2013 ἐν
1561 1979 1880 2021 ἀπομνημονεύμασι.
1919 1982 2017 2013 Δοκεῖ
2040 1980 2073 2012 δέ
2099 1991 2151 2021 μοι
2179 1981 2335 2021 Πλάτων,

1282 2029 1459 2071 ἀκριὸώσας
1483 2028 1520 2060 τὸ
1538 2027 1635 2068 εἶδος,
1652 2028 1706 2059 καὶ
1721 2028 1760 2060 τὰ
1784 2030 1925 2069 πρωτεῖα
1945 2026 2074 2063 δικαίως
2098 2027 2135 2058 ἂν
2153 2028 2260 2070 ὥσπερ
2281 2031 2336 2060 τοῦ

1282 2075 1413 2112 κάλλους
1430 2075 1514 2107 οὕτω
1530 2076 1583 2107 καὶ
1602 2077 1655 2112 τῆς
1672 2076 1821 2116 εὑρέσεως
1840 2074 2068 2117 ἀποφέρεσθαι.
2094 2072 2276 2106 Athenaeus
2290 2076 2337 2107 XI

1282 2131 1357 2165 pag.
1377 2126 1450 2156 505.
1470 2124 1493 2154 B
1517 2120 1694 2164 [Πλάτων]
1722 2123 1740 2153 ὁ
1762 2123 1830 2159 τοὺς
1859 2123 1971 2160 ἄλλους
1997 2121 2188 2158 ἁπαξαπλῶς
2204 2123 2338 2154 κακολο-

1282 2171 1381 2210 γήσας
1394 2195 1404 2210 ,
1424 2170 1457 2202 ἐν
1475 2169 1530 2210 μὲν
1554 2171 1592 2210 τῇ
1611 2168 1762 2210 Πολιτείᾳ
1782 2167 1929 2211 ’Όμηρον
1948 2168 2106 2200 ἐκὸάλλων
2127 2168 2182 2200 καὶ
2207 2179 2335 2210 μιμητι-

1288 2218 1346 2256 κὴν
1363 2217 1491 2255 ποίησιν
1503 2241 1512 2257 ,
1542 2216 1634 2253 αὐτὸς
1651 2217 1684 2248 δὲ
1709 2216 1781 2253 τοὺς
1800 2217 1967 2256 διαλόγους
1993 2218 2170 2257 μιμητικῶς
2197 2215 2335 2257 γράψας,

1285 2265 1328 2296 ὧν
1359 2269 1413 2302 τῆς
1437 2264 1520 2300 ἰδέας
1548 2264 1613 2295 οὐδ’
1646 2263 1736 2300 αὐτὸς
1765 2265 1887 2305 εὑρετής
1917 2265 2013 2296 ἐστιν.
2047 2263 2115 2304 Πρὸ
2147 2262 2206 2305 γὰρ
2241 2264 2337 2296 αὑτοῦ

1284 2312 1368 2345 τοῦθ’
1395 2312 1465 2354 εὗρε
1489 2313 1525 2344 τὸ
1559 2311 1640 2348 εἶδος
1667 2314 1731 2342 τῶν
1751 2311 1852 2351 λόγων
1882 2314 1899 2344 ὁ
1921 2312 2015 2350 Τήῐος
2049 2310 2263 2351 Ἀλεξαμενός,
2295 2313 2337 2348 ὡς

1285 2360 1394 2396 Νικίας
1411 2360 1428 2391 ὁ
1443 2358 1578 2395 Νικαεὺς
1595 2360 1713 2400 ἱστορεῖ
1728 2359 1780 2391 καὶ
1801 2358 1942 2391 Σωτίων.
1966 2358 2177 2399 Ἀριστοτέλης
2197 2357 2229 2390 δὲ
2243 2357 2274 2390 ἐν
2290 2360 2336 2401 τῷ

1286 2407 1354 2448 περὶ
1372 2408 1511 2445 ποιητῶν
1535 2405 1634 2442 οὕτως
1659 2405 1768 2448 γράφει
1786 2418 1802 2434 «
1824 2405 1948 2439 Οὐκοῦν
1973 2405 2044 2437 οὐδὲ
2070 2405 2240 2446 ἐμμέτρους
2266 2406 2337 2443 τοὺς

1284 2454 1492 2495 καλουμένους
1524 2454 1685 2495 Σώφρονος
1714 2453 1828 2495 μίμους
1850 2455 1893 2495 μὴ
1914 2457 2020 2494 φῶμεν
2048 2453 2126 2486 εἶναι
2153 2453 2264 2494 λόγους
2284 2456 2337 2487 καὶ

1287 2503 1449 2543 μιμήσεις,
1473 2502 1493 2540 ἢ
1514 2501 1585 2537 τοὺς
1602 2500 1802 2543 Ἀλεξαμενοῦ
1820 2504 1875 2534 τοῦ
1889 2501 1990 2540 Τηΐου
2015 2501 2088 2538 τοὺς
2108 2502 2249 2542 πρώτους
2266 2513 2339 2542 γρα-

1286 2551 1392 2588 φέντας
1404 2551 1466 2580 τῶν
1486 2549 1695 2590 Σωκρατικῶν
1709 2549 1876 2589 διαλόγων.
1894 2562 1910 2579 υ
1928 2549 2071 2590 ἄντικρυς
2095 2548 2224 2590 φάσκων
2241 2550 2258 2581 ὁ
2276 2561 2337 2581 πο-

1285 2597 1515 2639 λυμαθέστατος
1539 2595 1756 2638 Ἀριστοτέλης
1774 2598 1834 2639 πρὸ
1860 2596 2031 2634 Πλάτωνος
2044 2596 2207 2636 διαλόγους
2223 2608 2335 2640 γεγρα-

1286 2647 1371 2684 φέναι
1388 2644 1442 2676 τὸν
1467 2642 1675 2685 Ἀλεξαμενόν.
1697 2644 1795 2677 Patet
1823 2645 1935 2677 autem
1954 2644 1987 2675 in
2018 2643 2129 2676 verbis
2150 2643 2262 2685 λόγους
2282 2646 2336 2677 καὶ

1287 2692 1432 2734 μιμήσεις
1450 2698 1511 2732 pro
1540 2691 1652 2731 λόγους
1685 2691 1912 2734 reponendum
1944 2700 2020 2724 esse
2039 2691 2217 2732 διαλόγους»4
2253 2693 2336 2726 Vide

1286 2738 1536 2774 Valckenarium
1562 2737 1606 2771 ad
1629 2739 1796 2773 Theocriti
1819 2739 1965 2773 Adoniaz
2004 2748 2037 2781 p.
2067 2742 2135 2772 194.
2165 2739 2334 2782 Olympio-

1286 2789 1387 2821 dorus
1407 2786 1468 2820 vit.
1493 2785 1577 2820 Plat.
1593 2786 1726 2830 Ἔχαιρε
1747 2788 1781 2821 δὲ
1797 2788 1879 2821 πάνυ
1896 2790 1950 2821 καὶ
1969 2788 2180 2830 Ἀριστοφάνει
2196 2794 2241 2831 τῷ
2268 2802 2334 2823 κω-

1288 2835 1389 2878 μικῷ,
1407 2834 1461 2866 καὶ
1484 2833 1638 2876 Σώφρονι·
1662 2836 1736 2878 παρ’
1753 2835 1797 2869 ὧν
1819 2837 1874 2868 καὶ
1897 2836 1954 2875 τὴν
1974 2835 2107 2877 μίμησιν
2132 2838 2196 2868 τῶν
2211 2839 2336 2877 προσώ-

1286 2894 1354 2915 πων
1371 2882 1404 2914 ἐν
1417 2884 1479 2918 τοῖς
1493 2880 1648 2920 διαλόγοις
1664 2882 1820 2923 ὠφελήθη.
1835 2883 1968 2924 Λέγεται
1986 2883 2018 2915 δὲ
2035 2883 2135 2920 οὕτως
2152 2884 2256 2921 αὐτοῖς
2270 2886 2337 2926 χαϊ-

1286 2942 1365 2972 ρειν,
1386 2929 1469 2962 ὥστε
1487 2928 1558 2970 καί,
1581 2929 1671 2967 ἡνίκα
1697 2930 1913 2972 ἐτελεύτησεν,
1944 2931 2104 2972 εὑρεθῆναι
2129 2932 2161 2964 ἐν
2186 2935 2225 2974 τῇ
2249 2933 2337 2974 κλίνῃ

1287 2978 1382 3010 αὐτοῦ
1397 2976 1617 3019 Ἀριστοφάνην
1634 2978 1688 3009 καὶ
1708 2978 1866 3019 Σώφρονα·
1886 2978 1940 3010 καὶ
1954 2978 2135 3020 ἐπίγραμμα
2148 2980 2181 3012 δὲ
2197 2984 2337 3013 τοιοῦτον

1287 3026 1329 3061 εἷς
1348 3024 1565 3067 Ἀριστοφάνην
1578 3025 1670 3061 αὐτὸς
1686 3025 1870 3064 πεποίηκεν·
1889 3027 1927 3058 Αἱ
1945 3025 2075 3067 Χάριτες
2095 3027 2220 3068 τέμενός
2237 3040 2265 3061 τι
2281 3029 2336 3061 λα-

1287 3071 1369 3111 ὃεῖν,
1387 3071 1462 3113 ὅπερ
1477 3071 1551 3111 οὐχὶ
1565 3075 1730 3114 πεσεῖται,
1745 3073 1901 3110 Ζητοῦσαι
1912 3097 1920 3112 ,
1935 3073 2039 3114 ψυχὴν
2054 3073 2143 3114 εὗρον
2158 3073 2336 3115 Ἀριστοφά-

1287 3130 1369 3157 νους.
1388 3118 1565 3161 Dionysius
1579 3118 1878 3154 Halicarnassensis
1897 3120 1940 3154 de
1959 3121 2204 3163 compositione
2218 3123 2335 3155 verbo-

1270 3176 1362 3200 ·rum
1377 3166 1445 3200 vol.
1466 3168 1498 3200 V
1513 3174 1588 3209 pag.
1609 3169 1669 3200 208
1690 3170 1764 3211 seq.
1796 3168 1849 3200 ed.
1873 3167 1982 3201 Reisk.
2005 3169 2023 3200 6
2050 3169 2082 3200 δὲ
2104 3169 2237 3201 Πλάτων
2264 3172 2335 3206 τοὺς

1288 3216 1400 3248 ἑαυτοῦ
1416 3214 1577 3256 διαλόγους
1594 3215 1742 3253 κτενίζων
1759 3217 1813 3248 καὶ
1842 3214 2058 3258 βοστρυχίζων
2075 3217 2128 3248 καὶ
2144 3217 2247 3249 πάντα
2261 3218 2333 3257 τρό-

1287 3274 1344 3296 πον
1364 3263 1546 3295 ἀναπλέκων
1566 3263 1603 3295 οὐ
1624 3263 1758 3297 διέλιπεν
1780 3264 1977 3305 ὀγδοήκοντα
1993 3265 2132 3305 γεγονὼς
2161 3264 2226 3301 ἔτη.
2247 3266 2334 3295 Πᾶσι

1287 3312 1347 3353 γὰρ
1363 3311 1402 3349 δή
1416 3322 1478 3343 που
1493 3314 1557 3348 τοῖς
1571 3311 1748 3352 φιλολόγοις
1764 3312 1920 3354 γνώριμος
1938 3312 1978 3344 τὰ
2000 3313 2068 3352 περὶ
2085 3315 2139 3349 τῆς
2156 3311 2334 3350 φιλοπονίας

1287 3359 1413 3401 τάνδρὸς
1438 3359 1662 3401 ἱστορούμενα,
1692 3360 1734 3392 τά
1759 3359 1786 3392 τ’
1806 3360 1884 3392 ἄλλα
1911 3359 1966 3391 καὶ
1994 3359 2031 3398 δὴ
2054 3359 2106 3391 καὶ
2132 3358 2171 3390 τὰ
2188 3360 2256 3399 περὶ
2280 3360 2335 3397 τὴν

1288 3407 1410 3448 δέλτον,
1427 3408 1465 3447 ἣν
1482 3407 1720 3446 τελευτήσαντος
1738 3405 1834 3440 αὐτοῦ
1847 3408 1991 3448 λέγουσιν
2009 3408 2166 3448 εὑρεθῆναι
2186 3406 2336 3444 ποικίλως

1289 3456 1512 3496 μετακειμένην
1525 3456 1580 3494 τὴν
1594 3455 1692 3497 ἀρχὴν
1711 3459 1767 3495 τῆς
1784 3456 1941 3492 πολιτείας
1962 3455 2096 3496 ἔχουσαν
2113 3455 2213 3492 τήνδε·
2237 3468 2251 3482 «
2268 3467 2328 3489 κα-
