2508 3776
263 193 343 233 554

263 297 327 331 μαι
342 287 357 310 ⁸
373 280 563 332 ἀνθρώπων
591 279 762 331 γίνονται,
798 282 857 321 καὶ
884 284 979 329 ἡδεῖς
1000 284 1085 321 εἰσιν
1104 314 1114 336 ,
1141 287 1218 325 ἀλλ’
1238 288 1303 338 οὐχ

262 340 381 383 ἁπλῶς
414 340 519 386 ἡδεῖς,
551 338 643 378 ἀλλὰ
675 346 746 384 τοῖς
777 355 816 392 γε
848 341 1127 394 διεφθαρμένοις·
1147 344 1208 390 τὰς
1239 344 1302 396 μὲν

261 391 318 436 οὐν
337 397 623 448 ὁμολογουμένως
652 398 804 451 αἰσχρὰς
821 399 924 446 δῆλον
946 403 993 444 ὡς
1017 403 1079 440 οὐκ
1099 401 1142 441 ἂν
1162 402 1216 450 εἴη
1238 406 1302 456 ῥη-

260 455 335 494 τέον
358 455 484 503 ἡδονὰς
501 450 606 506 εἶναι,
627 456 719 504 πλὴν
737 463 809 502 τοῖς
834 459 1106 512 διεφθαρμένοις.

313 514 333 537 *
344 516 425 553 Τῶν
445 514 480 554 δὲ
491 516 655 575 ἐπιεικῶν
664 517 798 564 ἡδονῶν
812 516 889 555 τίνα
901 517 1021 570 ῥητέον
1037 519 1163 573 κυρίως
1174 521 1302 573 ἀνδρω·

259 572 503 626 πίνηνζὴδονὴν
519 577 607 613 εἶναι
623 594 632 623 ;
655 574 714 614 καὶ
734 579 835 613 τοῦτο
851 575 886 614 δὲ
904 576 1049 630 φανερὸν
1062 579 1101 617 ἐκ
1114 579 1182 616 τῶν
1201 580 1299 630 εἰρη-

259 632 384 682 μένων.
402 631 504 672 Ἐπεὶ
525 632 593 686 γὰρ
618 634 743 672 οἰκεῖαι
762 640 838 678 ταῖς
865 634 1053 687 ἐνεργείαις
1075 638 1109 674 αἱ
1130 637 1301 687 ἑπόμεναι

259 689 399 738 ἡδοναί,
429 690 580 738 ληπτέον
601 690 664 738 τὴν
700 691 921 744 ἀνθρωπίνην
958 692 1153 746 ἐνέργειαν,
1187 695 1210 742 ἢ
1241 699 1302 734 τοῦ

259 747 439 800 ἀνθρώπου
463 749 535 787 ἐστὶ
557 751 635 788 καθ’
657 749 677 788 ὅ
693 751 784 789 ἐστιν
811 751 1014 803 ἅνθρωπος,
1035 752 1104 791 εἴτε
1126 752 1190 803 μία
1211 753 1304 805 ἐνέρ-

258 807 336 859 γειά
359 808 472 856 ἐστιν,
489 807 556 846 εἴτε
576 808 715 854 πλείους
731 825 739 833 ·
760 810 820 849 καὶ
842 810 884 858 δὴ
902 810 1033 855 ταύτας
1053 810 1114 856 τὰς
1131 813 1302 865 ἐνεργείας

258 868 294 904 αἱ
313 868 507 928 τελειοῦσαι
543 868 665 915 ἡδοναὶ
697 868 758 914 τὰς
777 872 838 908 τοῦ
872 870 1006 920 τελείου
1031 870 1092 909 καὶ
1127 872 1302 925 μακαρίου

251 925 396 977 ἀνδρός,
432 926 537 964 αὗταί
565 931 649 966 εἰσιν
668 930 703 966 αἱ
738 932 797 967 τοῦ
825 928 1035 982 ἀνθρώπου,
1067 925 1091 983 ᾗ
1113 932 1302 984 ἄνθρωπος,

255 984 378 1029 ἡδοναί
392 1000 400 1008 ·
422 986 457 1022 αἱ
469 984 504 1023 δὲ
526 986 645 1024 λοιπαὶ
664 986 833 1039 δευτέρως
851 987 911 1026 καὶ
927 990 1130 1035 πολλοστῶς
1147 990 1302 1042 λέγοιντο

257 1041 296 1080 ἂν
315 1043 541 1098 ἀνθρώπιναι,
561 1046 719 1100 καθάπερ
739 1046 798 1085 καὶ
821 1048 856 1085 αἱ
880 1047 1066 1101 ἐνέργειαι.

311 1103 327 1154 (
349 1104 494 1155 Scripsi
516 1119 523 1142 :
541 1111 556 1128 ‘²
574 1105 728 1158 πότερα]
750 1106 999 1159 οοά.’ποτέρα.
1019 1131 1066 1137 --
1085 1108 1301 1161 1“”·ε’νεργείο,ι.]

256 1160 343 1198 cod.
377 1163 550 1213 ενντγεία.
581 1170 664 1193 ——0
689 1165 876 1218 ᾠκείωται]
908 1166 995 1205 cod.
1032 1166 1219 1206 ὠκείωται.
1249 1190 1302 1197 -

257 1218 274 1241 ‘¹
290 1220 483 1272 ἐνεργείας]
507 1222 590 1261 cod.
615 1223 783 1277 ἐνεργείᾳ.
809 1247 858 1253 —
878 1232 891 1249 Θ
909 1224 1010 1278 ζῴῳ]
1032 1226 1118 1266 cod.
1137 1227 1227 1279 ζώῳ.
1250 1251 1294 1257 -

272 1275 363 1330 ζῴῳ]
380 1279 466 1319 cod.
484 1279 576 1333 ζώῳ.
594 1303 644 1312 —-
661 1288 676 1312 8
693 1282 832 1333 λῦμαι]
852 1283 937 1321 cod.
955 1284 1159 1338 λύμαι.-)

699 1391 792 1442 Κεφ.
826 1389 870 1435 ζ’.

631 1495 707 1535 Περὶ
720 1495 928 1537 εὐδαιμονίας.

310 1585 351 1609 **
364 1585 467 1626 Ἐπεὶ
486 1588 521 1626 δὲ
531 1587 687 1640 περὶτῶν
699 1589 831 1641 ἀρετῶν
854 1588 1002 1640 εἴρηται,
1017 1588 1076 1627 καὶ
1091 1591 1151 1636 τῆς
1164 1589 1279 1642 φιλίας
1291 1621 1301 1640 ‚

256 1645 314 1684 καὶ
346 1648 406 1692 τῆς
426 1647 570 1694 ἡδονῆς,
591 1647 712 1686 λοιπὸν
734 1646 814 1698 περὶ
842 1647 1063 1698 εὐδαιμονίας
1090 1648 1190 1701 τύπῳ
1206 1649 1301 1687 διελ-

256 1707 340 1750 θεῖν,
359 1705 433 1743 ἐπεὶ
453 1703 550 1749 τέλος
571 1705 681 1753 αὐτὴν
704 1698 792 1744 εἶναι
814 1708 882 1744 τῶν
911 1705 1136 1758 ἀνθρωπίνων
1156 1706 1300 1745 πάντων

256 1762 383 1816 φαμέν.
400 1762 541 1803 Γένοιτο
558 1765 587 1802 δ’
601 1763 640 1802 ἂν
654 1768 737 1816 ἡμῖν
760 1764 874 1818 σαφὴς
893 1764 951 1803 καὶ
967 1764 1081 1818 ῥᾴδιος
1100 1767 1119 1803 ὁ
1131 1765 1245 1817 λόγος,
1256 1766 1299 1805 τὰ

256 1821 491 1875 προειρημένα
520 1822 677 1876 περὶτῆς
701 1823 923 1874 εὐδαιμονίας
960 1824 1196 1863 ἀναλαῧοῦσιν
1221 1824 1296 1865 *²⁸*-

255 1881 405 1933 Εἴρηται
419 1881 532 1920 τοίνυν
548 1882 626 1934 περὶ
644 1884 750 1930 αὐτῆς
764 1884 798 1921 ἐν
813 1885 861 1935 τῷ
875 1882 918 1934 ιγ’
933 1883 1113 1936 κεφαλαίῳ
1126 1886 1185 1921 τοῦ
1200 1882 1294 1935 πρώ-

255 1956 314 1979 του
336 1940 492 1993 βιὸλίου,
515 1940 568 1979 ὅτι
587 1943 649 1980 οὐκ
669 1941 762 1981 ἔστιν
793 1940 858 1986 ἕξις
875 1957 883 1965 ·
902 1941 1074 1991 εὐδαίμων
1092 1941 1159 1994 γὰρ
1180 1940 1222 1980 ἂν
1244 1941 1297 1987 εἴη

255 1999 314 2038 καὶ
328 2001 346 2037 ὁ
366 1999 421 2038 διὰ
441 2000 516 2051 βίου
536 2000 726 2048 καθεύδων,
742 1999 800 2038 καὶ
820 2002 838 2037 ὃ
852 2002 966 2052 φυτῶν
983 2000 1055 2052 βίον
1072 2002 1151 2049 ζῶν,
1175 2000 1235 2038 καὶ
1247 2000 1298 2038 ἔτι

256 2061 274 2097 ὃ
295 2059 338 2098 τὰ
358 2059 509 2109 μέγιστα
530 2061 710 2111 δυστυχῶν
732 2071 741 2081 ·
778 2058 957 2110 ἐνδέχεται
981 2059 1047 2110 γὰρ
1080 2059 1147 2102 ἕξιν
1174 2059 1298 2110 ἔχοντα

255 2118 380 2169 ἀρετῆς
397 2118 486 2155 οὕτω
497 2120 619 2169 βιῶναι
632 2117 727 2158 ****.
740 2119 783 2157 Εἰ
798 2119 834 2156 δὲ
847 2121 948 2156 τοῦτο
966 2117 1100 2165 ἄδοξον,
1112 2117 1298 2168 εὐδαίμονα

256 2177 313 2214 τὸν
328 2176 434 2220 οὕτως
451 2176 576 2228 ἔχοντα
591 2178 713 2216 καλεῖν
734 2209 742 2224 ,
766 2176 922 2229 ἐνέργειά
943 2193 992 2220 τις
1014 2176 1054 2215 ἂν
1068 2177 1121 2225 εἴη
1143 2180 1164 2223 ἡ
1185 2178 1298 2215 εὐδαι-

257 2233 373 2284 μονία.
399 2235 578 2282 Ζητητέον
610 2235 650 2282 δὴ
676 2235 727 2278 τίς
760 2238 827 2274 τῶν
862 2234 1086 2286 ἀνθρωπίνων
1120 2237 1298 2288 ἐνεργειῶν

256 2294 349 2330 ἐστιν
365 2293 481 2332 *****.
501 2294 601 2333 Ἐπεὶ
618 2294 686 2348 γὰρ
707 2296 741 2334 αἱ
753 2293 815 2346 μὲν
830 2296 898 2332 τῶν
915 2295 1091 2346 ἐνεργειῶν
1111 2296 1300 2344 ἀναγκαῖαί

257 2353 340 2399 εἶσι,
375 2352 433 2390 καὶ
466 2353 551 2406 πρὸς
574 2353 664 2392 ἄλλα
699 2353 854 2406 φέρουσι,
889 2355 947 2393 καὶ
977 2354 1020 2392 δι’
1046 2354 1137 2394 ἄλλα
1157 2357 1298 2403 ζητοῦν-

255 2426 334 2458 ται,
352 2414 387 2450 αἱ
411 2410 446 2449 δὲ
478 2414 559 2450 καθ’
589 2413 712 2456 ἑαυτάς
739 2415 824 2452 εἶσιν
846 2412 1003 2465 αἱρεταί,
1041 2414 1143 2460 δῆλον
1164 2413 1216 2452 ὅτι
1237 2413 1298 2460 τὴν

257 2470 478 2520 εὐδαιμονίαν
508 2471 619 2510 θετέον
647 2465 736 2510 εἶναι
767 2475 837 2510 τῶν
869 2476 946 2510 καθ’
977 2473 1102 2515 ἑαυτὰς
1123 2474 1268 2525 αἱρετῶν
1288 2488 1295 2496 ·

258 2529 431 2580 αὐτάρκης
451 2530 517 2582 γὰρ
550 2533 570 2576 ἡ
602 2531 823 2581 εὐδαιμονία,
860 2531 920 2570 καὶ
952 2531 1086 2575 οὐδενός
1119 2533 1210 2571 ἐστιν
1240 2533 1299 2570 ἐν-

258 2586 335 2633 δεής
353 2600 362 2608 ·
393 2587 433 2625 τὸ
465 2587 500 2626 δὲ
533 2588 574 2626 δι’
597 2589 683 2628 ἄλλο
705 2589 839 2640 αἱρετὸν
881 2589 1013 2628 ἐκείνου
1047 2591 1182 2638 δεῖται,
1214 2590 1259 2628 δι’
1282 2589 1300 2628 ὃ

340 2652 352 2657 t
480 2642 758 2663 ικριτ
877 2647 926 2663 ι’
1009 2648 1178 2671 r******
1291 2651 1298 2663 ³

259 2648 412 2693 ζητειται
430 2663 515 2699 προς
528 2663 567 2685 το
581 2664 712 2699 αιρετον
727 2664 814 2686 ειναι
831 2664 890 2687 και
907 2652 1035 2701 αγαθον
1181 2678 1192 2689 .
1213 2650 1287 2687 Καθ

258 2704 382 2749 ἑαυτὰς
397 2705 433 2743 δέ
449 2707 534 2743 εἰσιν
549 2706 730 2759 αὐτάρκεις
747 2709 781 2746 αἳ
799 2707 890 2746 κατὰ
899 2707 960 2751 τὰς
976 2707 1099 2758 ἀρετὰς
1113 2706 1299 2759 ἐνέργειαι,

259 2762 298 2807 ἃς
312 2764 349 2801 οὐ
371 2765 412 2800 δι’
436 2763 522 2803 ἄλλο
544 2767 712 2816 ζητοῦμεν
733 2796 743 2815 ,
776 2765 866 2804 ἀλλὰ
888 2767 930 2803 δι’
945 2766 1081 2810 ἑαυτάς.
1103 2766 1156 2805 Τὸ
1170 2766 1237 2817 γὰρ
1256 2764 1301 2804 τὰ

259 2821 352 2860 καλὰ
364 2821 424 2860 καὶ
444 2824 615 2862 σπουδαῖα
635 2823 799 2876 πράττειν
819 2827 887 2863 τῶν
907 2827 984 2863 καθ’
1008 2824 1114 2864 ἑαυτὰ
1130 2826 1276 2878 αἷρετῶν
1289 2840 1297 2848 ·

259 2880 318 2919 καὶ
334 2882 401 2919 τῶν
417 2882 566 2920 παιδιῶν
586 2882 620 2920 δὲ
633 2885 667 2920 αἱ
689 2883 801 2929 ἡδεῖαι
820 2885 857 2921 οὐ
874 2884 917 2921 δι’
936 2883 1025 2922 ἄλλα
1048 2886 1249 2931 ζητοῦνται·
1270 2886 1301 2923 οἱ

259 2938 534 2992 γὰραῖρούμενοι
551 2940 656 2984 αὐτὰς
672 2942 768 2979 οὐδὲν
786 2942 942 2986 ἐξαύτῶν
957 2944 1191 2996 ὠφελοῦνται·
1212 2943 1299 2995 βλά-

260 3013 406 3036 πτονται
424 2998 486 3047 μὲν
520 2992 578 3036 οὐν
601 2999 750 3049 μᾶλλον,
770 3003 839 3038 τῶν
861 3002 1033 3051 σωμάτων
1064 3003 1298 3052 ἀμελοῦντες,

261 3056 321 3095 καὶ
352 3059 413 3104 τῆς
427 3055 582 3103 κτήσεως
600 3060 667 3095 τῶν
689 3058 776 3110 ὑπὲρ
804 3064 863 3098 τοῦ
884 3060 1046 3111 σώματος
1067 3059 1298 3110 ζητουμένων.

261 3115 329 3154 Διὰ
360 3119 463 3154 τοῦτο
491 3116 551 3154 καὶ
587 3116 710 3156 πολλοὶ
748 3121 816 3156 τῶν
846 3120 999 3170 εὐτυχῶν
1032 3118 1092 3158 καὶ
1119 3118 1211 3157 κατὰ
1238 3120 1296 3158 τὸν

264 3174 337 3226 βίον
363 3174 648 3226 εὐθυμουμένων“
669 3175 726 3214 ἐπὶ
743 3176 800 3214 τὸν
825 3178 999 3225 παιδιώδη
1022 3177 1185 3230 τρέχουσι
1205 3178 1293 3229 βίον,

262 3233 322 3271 καὶ
348 3236 476 3272 πολλοῦ
493 3229 668 3285 τιμῶνται
690 3234 768 3278 τοὺς
787 3235 1017 3287 εὐτραπέλους
1034 3251 1042 3259 ·
1064 3236 1123 3273 καὶ
1148 3238 1178 3275 οἳ
1199 3235 1296 3287 παρὰ

1095 195 1376 237 ANDRONJCI
1407 197 1582 238 Ruomi
1635 173 1637 175 ’

1365 294 1421 325 tur
1439 292 1610 325 hominum
1638 293 1748 335 pestes
1773 294 1806 325 et
1834 293 2040 336 corruptelae‚
2070 297 2213 339 suntque
2235 294 2402 339 iucunda,

1363 361 1427 384 non
1449 353 1560 385 tamen
1584 352 1728 391 omnino,
1751 352 1809 385 sed
1831 353 1996 396 corruptis
2014 362 2022 382 ι
2054 353 2132 388 hinc
2153 358 2287 399 apparet
2310 350 2405 389 voln-

1363 411 1471 451 ptates
1495 410 1564 444 sine
1589 411 1812 444 controversia
1831 411 2020 445 inhonestas
2036 422 2101 446 non
2122 423 2194 447 esse
2217 414 2405 458 voluptates

1363 468 1539 509 dicendas,
1561 469 1624 502 nisi
1641 468 1727 502 forte
1750 469 1941 503 hominibus
1960 472 2123 514 corruptis
2144 481 2182 507 ac
2202 472 2401 516 depravatis.

1403 531 1455 562 Ex
1484 529 1630 563 honestis
1665 532 1777 563 autem
1815 531 2043 573 voluptatibus
2083 541 2237 574 quaenam
2274 531 2405 576 proprie

1362 588 1506 622 humana
1537 589 1676 623 dicenda
1703 589 1856 631 voluptas
1887 591 1960 623 est?
1985 589 2085 623 etiam
2112 591 2176 624 hoc
2203 600 2244 624 ex
2257 590 2406 634 superio-

1363 647 1457 680 ribus
1472 650 1573 690 patet.
1593 651 1705 687 Quum
1730 648 1817 681 enim
1834 648 1975 690 propriae
1998 647 2224 682 functionibus
2241 657 2307 688 effi,
2329 657 2406 693 qum

1363 710 1549 749 sequuntur
1588 708 1697 750 ipsas,
1735 708 1801 741 sint
1834 708 2042 750 voluptates,
2078 718 2117 742 ea
2161 707 2320 742 sumenda
2355 710 2407 742 est

1363 764 1494 799 functio
1512 766 1674 805 humana,
1695 775 1772 809 quae
1790 766 1933 799 hominis
1948 769 2008 806 est,
2037 768 2201 810 quatenus
2223 768 2275 801 est
2292 766 2404 810 homo,

1363 825 1434 858 sive
1468 834 1534 857 una
1558 834 1598 858 ea
1625 826 1696 864 est,
1725 825 1793 857 sive
1823 825 1934 867 plures
1966 837 1973 857 z
2002 834 2078 868 quae
2109 825 2170 858 has
2199 825 2302 867 igitur
2318 822 2406 866 ‚fun-

1363 885 1486 918 ctiones
1507 885 1681 927 perficiunt
1698 885 1898 928 voluptates,
1922 886 1986 918 viri
2009 883 2084 919 dico
2108 885 2250 929 perfecti
2267 887 2301 920 et
2317 886 2408 920 beati

1364 945 1560 985 functiones,
1577 945 1629 979 hae
1654 947 1731 978 sunt
1751 945 1893 979 hominis
1910 946 1976 988 qua
1993 946 2092 978 homo
2120 948 2171 980 est
2185 946 2374 990 voluptates
2395 958 2404 979 z

1362 1003 1499 1045 reliquae
1523 1004 1634 1036 autem
1658 1003 1801 1036 secundo
1824 1003 1895 1036 loeo
1923 1006 1956 1036 et
1986 1000 2081 1046 longo
2108 1006 2182 1046 post
2213 1004 2398 1044 intervallo,

1363 1062 1449 1094 sicut
1470 1064 1504 1095 et
1533 1061 1730 1100 functiones,
1756 1062 1912 1095 dieantur
1931 1062 2099 1102 humanae.

1790 1278 1819 1309 s

1787 1395 1878 1429 GAP.
1902 1397 1977 1429 vll.

1756 1505 1799 1532 De
1818 1503 2017 1532 beatitudine.

1406 1592 1567 1630 Quoniam
1588 1592 1630 1624 de
1655 1592 1848 1631 virtutibus,
1868 1592 2015 1625 amicitia
2031 1594 2065 1626 et
2082 1593 2265 1636 voluptate,
2280 1593 2408 1628 dictum

1363 1647 1425 1683 est,
1443 1646 1543 1676 restat
1568 1646 1606 1676 ut
1619 1643 1660 1676 de
1677 1643 1883 1676 beatitudine
1900 1644 2047 1677 breviter
2065 1654 2280 1687 exponamus,
2301 1646 2406 1689 siqui*-

1362 1697 1438 1730 dem
1465 1707 1538 1729 eam
1557 1697 1705 1729 omnium
1725 1706 1836 1729 rerum
1859 1697 2080 1730 humanarum
2098 1697 2196 1731 finem
2218 1707 2292 1732 esse
2311 1698 2404 1733 arbi-

1361 1753 1499 1783 tramur.
1517 1751 1682 1783 Caeterum
1697 1749 1844 1792 repetitis
1862 1750 1914 1791 iis,
1933 1759 2010 1792 quae
2025 1760 2126 1793 supra
2137 1751 2179 1784 de
2199 1750 2404 1785 beatitudine

1360 1804 1615 1846 disputavimus,
1633 1803 1730 1845 plana
1757 1803 1852 1836 nobis
1881 1805 1915 1835 et
1937 1801 2044 1835 facilis
2067 1803 2131 1836 erit
2157 1804 2400 1838 commentatio.

1360 1857 1513 1889 Diximus
1534 1865 1610 1897 ergo
1629 1856 1726 1888 tertio
1753 1856 1881 1888 decimo
1907 1855 1983 1888 libri
1998 1855 2096 1898 primi
2124 1856 2231 1899 capite
2245 1866 2318 1890 eam
2338 1866 2404 1890 non

1359 1919 1431 1942 esse
1452 1908 1603 1941 habitum
1628 1920 1636 1939 ε
1658 1908 1705 1940 ita
1732 1908 1819 1940 enim
1844 1910 1917 1940 tum
1940 1907 2000 1950 qui
2023 1907 2059 1940 in
2078 1908 2168 1940 omni
2195 1907 2265 1941 vita
2280 1908 2404 1942 dormit

1360 1964 1614 2006 plantarumque
1638 1962 1743 1995 vitam
1765 1962 1865 2004 degit,
1892 1963 1965 1994 tum
1981 1961 2082 1995 etiam
2106 1961 2166 2005 qui
2191 1961 2227 1995 in
2250 1962 2404 1996 maximis

1360 2019 1455 2051 malis
1477 2019 1639 2056 versatur,
1672 2017 1788 2050 beatus
1818 2015 1903 2049 foret
1927 2029 1936 2048 z
1974 2026 2052 2049 nam
2081 2016 2218 2050 virtutis
2249 2016 2403 2051 habitum

1360 2076 1510 2117 gerentes
1531 2084 1570 2107 eo
1595 2074 1693 2106 modo
1722 2074 1833 2106 vivere
1854 2081 2042 2115 possumus.
2072 2072 2130 2105 Sin
2154 2073 2266 2105 autem
2284 2072 2400 2106 absur-

1361 2131 1442 2163 dum
1471 2132 1534 2169 est,
1548 2139 1625 2162 eum
1646 2129 1705 2171 qui
1723 2129 1771 2161 ita
1790 2128 1893 2165 vivat,
1911 2128 2046 2160 beatum
2065 2126 2257 2170 praedicare,
2277 2127 2404 2161 functio

1360 2186 1514 2229 quaedam
1530 2185 1630 2217 fuerit
1650 2183 1836 2217 beatitudo.
1865 2182 2089 2221 Quaerendum
2109 2182 2210 2224 igitur
2231 2183 2294 2222 est,
2307 2192 2402 2225 quae-

1362 2253 1437 2276 nam
1460 2243 1680 2275 humanarum
1707 2240 1876 2272 actionum
1899 2239 1954 2272 sit.
1975 2241 2086 2277 Quum
2110 2238 2198 2272 enim
2219 2237 2403 2272 functiones

1362 2299 1435 2331 aliae
1460 2296 1652 2330 necessariae
1679 2295 1745 2328 sint
1755 2305 1770 2336 ,’
1785 2297 1819 2327 et
1850 2294 1892 2327 ad
1917 2294 1981 2327 alia
2011 2295 2172 2336 spectent,
2201 2295 2245 2327 et'
2269 2295 2415 2343 propter-

1362 2355 1426 2387 alia
1460 2355 1696 2391 desiderentur,
1726 2353 1800 2385 aliae
1825 2361 1883 2394 per
1912 2361 1947 2384 se
1985 2349 2178 2393 expetendae
2209 2349 2293 2390 sint,
2325 2358 2400 2392 per-

1362 2412 1513 2453 spicuum
1549 2412 1600 2442 est
1628 2408 1868 2442 beatitudinem
1901 2407 1936 2438 in
1964 2413 2087 2438 ‘earum
2117 2414 2230 2438 rerum
2265 2413 2403 2438 numero

1361 2477 1437 2510 quae
1464 2476 1522 2509 per
1556 2476 1591 2499 se
1623 2467 1699 2498 sunt
1737 2462 1929 2505 expetenda}
1963 2461 2078 2494 haberi
2116 2461 2267 2503 oportere
2296 2471 2305 2492 ε
2333 2459 2403 2492 suis

1363 2523 1450 2556 enim
1472 2522 1567 2555 bonis
1584 2522 1738 2553 contenta
1759 2521 1810 2552 est
1826 2516 2007 2555 beatitudo,
2026 2524 2132 2557 neque
2163 2514 2232 2547 ulla
2251 2523 2287 2547 re
2305 2515 2400 2555 eget:
2452 2526 2458 2531 ·

1361 2579 1452 2622 quod
1481 2588 1560 2612 vero
1583 2579 1716 2620 propter
1748 2575 1838 2608 aliud
1869 2572 2091 2616 expetendum
2105 2573 2168 2611 est,
2185 2570 2220 2603 id
2242 2570 2300 2603 illo
2316 2571 2408 2612 eget,⁴

1362 2635 1456 2676 cujus
1481 2643 1579 2666 causa
1609 2634 1647 2664 ut
1682 2629 1902 2672 expetendum
1932 2630 1965 2660 et
1993 2627 2117 2659 bouum
2141 2625 2185 2658 sit
2208 2624 2419 2667 requiritur.-

1362 2692 1424 2722 Per
1452 2698 1487 2721 se
1514 2690 1627 2721 autem
1654 2686 1823 2719 sufficiunt
1846 2683 1992 2716 actiones
2022 2679 2204 2714 virtutibus
2231 2680 2402 2712 consenta-

1362 2754 1442 2784 neae,
1463 2754 1547 2787 quas
1564 2753 1629 2776 non
1651 2743 1784 2785 propter
1808 2739 1918 2778 aliud,
1944 2737 2002 2771 sed
2016 2746 2074 2779 per
2095 2745 2130 2769 se
2154 2733 2315 2778 optabiles
2331 2743 2402 2767 esse

1362 2802 1525 2836 ducimus.
1554 2802 1636 2833 Nam
1658 2799 1795 2831 honesta
1817 2798 1850 2829 et
1874 2796 1958 2827 bona
1989 2801 2084 2836 agere
2111 2791 2146 2824 in
2169 2791 2268 2824 rebus
2291 2799 2349 2832 per
2367 2798 2403 2823 se

1362 2856 1553 2902 expetendis
1580 2856 1775 2888 numeratur
1793 2866 1801 2886 z
1830 2852 1911 2885 item
1939 2850 2011 2883 ludi
2027 2847 2167 2891 jucundi
2187 2855 2252 2879 non
2270 2846 2403 2890 propter

1362 2913 1426 2946 alia
1446 2913 1628 2954 petuntur:
1649 2909 1807 2942 nimirum
1829 2907 1887 2950 qui
1912 2915 1968 2939 eos
1994 2905 2189 2947 sequuntur,
2210 2901 2340 2934 nullum
2361 2909 2402 2933 ex

1362 2969 1404 3001 iis
1423 2968 1570 3000 fructum
1589 2965 1774 3009 percipiunt
1797 2976 1804 2996 :
1829 2963 1950 2996 damno
1967 2961 2068 3003 igitur
2089 2959 2201 3002 potius
2228 2957 2294 2991 tale
2321 2955 2403 2998 quid

1361 3024 1442 3066 ipsis
1473 3025 1540 3062 est,
1574 3022 1655 3054 dum
1683 3023 1716 3053 et
1747 3028 1865 3062 corpus
1898 3020 1931 3051 et
1968 3026 2039 3050 rem
2074 3014 2291 3053 familiarem,
2325 3019 2402 3053 quae

1362 3080 1508 3122 corporis
1530 3088 1629 3111 causa
1664 3077 1839 3119 quaeritur,
1867 3073 2043 3116 negligunt.
2074 3072 2189 3112 Itaque
2218 3066 2317 3100 multi
2339 3065 2402 3098 ho-

1361 3137 1466 3169 mines
1498 3138 1571 3167 tum
1607 3133 1788 3171 fortunati,
1830 3133 1903 3164 tum
1938 3130 2021 3163 bene
2060 3128 2222 3168 beateque
2251 3123 2403 3156 viventes

1361 3191 1452 3223 vitoe·
1468 3189 1557 3222 ludis
1585 3190 1618 3221 et
1639 3187 1722 3229 ,iocis
1739 3186 1860 3219 deditae
1880 3185 1967 3216 viam
1986 3181 2225 3224 ingrediuntur,
2241 3179 2275 3210 et
2293 3175 2403 3217 magui

1364 3245 1490 3278 faciunt
1525 3244 1675 3277 homines
1708 3242 1879 3274 urbanos:
1911 3248 2007 3282 porro
2045 3237 2104 3280 qui
2130 3236 2267 3268 venuste
2299 3229 2402 3275 jocari

263 3301 2394 3322 M

307 3348 324 3367 ⁴¹
344 3348 416 3379 Τῶν
429 3348 455 3378 δ’
467 3348 616 3379 ἐπιεικῶν
633 3349 799 3380 δοκουσῶν
819 3347 899 3379 εἶναι
917 3347 985 3379 κτλ.
998 3363 1040 3370 -
1054 3347 1092 3366 *4
1108 3348 1186 3388 Cap.
1206 3350 1236 3378 6.
1252 3347 1439 3390 Εἰρημένων
1453 3346 1488 3378 δὲ
1501 3347 1567 3377 τῶν
1581 3345 1653 3387 περὶ
1671 3343 1727 3380 τὰς
1743 3341 1857 3386 ἀρετάς
1867 3341 1936 3372 κτλ.
1954 3357 1996 3363 —
2009 3339 2061 3357 ***
2073 3338 2213 3379 Εἷπομεν
2227 3337 2265 3378 δ’,
2281 3336 2329 3368 ὅτι
2343 3336 2400 3392 οὐκ

264 3391 348 3428 ἔστιν
365 3395 423 3431 ἕξις
444 3395 594 3426 κτλ-μ’*
606 3396 643 3426 Εἰ
664 3397 822 3434 &hrenum
840 3396 882 3436 μὴ
901 3394 1030 3438 ἀρέσκει
1046 3395 1115 3426 κτλ·
1136 3411 1178 3419 --
1197 3394 1295 3415 *****
1305 3396 1379 3428 Τῶν
1394 3395 1420 3426 δ’
1439 3394 1607 3436 ἐνεργειῶν
1632 3394 1664 3424 αἱ
1680 3391 1735 3433 μέν
1755 3391 1834 3422 εἰσιν
1849 3389 2022 3429 ἀναγκαῖαι
2040 3388 2152 3420 κτλ.-
2165 3384 2272 3404 ******
2288 3386 2402 3417 Τοιαυ*

266 3453 319 3477 ται
336 3443 362 3474 δ’
384 3443 466 3474 εἶναι
486 3443 635 3475 δοκοῦσιν
656 3443 724 3476 κτλ.

2504 1562 2507 1574 Α,
2478 1447 2507 1548 ἰαί-,μ
2501 1408 2505 1429 Α
2487 1366 2505 1386 .=
