<?xml version="1.0" encoding="UTF-8"?>
<!DOCTYPE html PUBLIC "-//W3C//DTD XHTML 1.0 Transitional//EN"
    "http://www.w3.org/TR/xhtml1/DTD/xhtml1-transitional.dtd">
<html xmlns="http://www.w3.org/1999/xhtml" xml:lang="en" lang="en">
 <head>
  <title>
</title>
<meta http-equiv="Content-Type" content="text/html;charset=utf-8" />
  <meta name='ocr-system' content='tesseract 3.04.00' />
  <meta name='ocr-capabilities' content='ocr_page ocr_carea ocr_par ocr_line ocrx_word'/>
</head>
<body>
  <div class='ocr_page' id='page_1' title='image "./fragmentaphiloso03mulluoft/fragmentaphiloso03mulluoft_0518.png"; bbox 0 0 2508 3776; ppageno 0'>
   <div class='ocr_carea' id='block_1_1' title="bbox 243 157 319 195">
    <p class='ocr_par' dir='ltr' id='par_1_1' title="bbox 243 157 319 195">
     <span class='ocr_line' id='line_1_1' title="bbox 243 157 319 195; baseline 0 -1"><span class='ocrx_word' id='word_1_1' title='bbox 243 157 319 195; x_wconf 64' lang='lat'>502</span> 
     </span>
    </p>
   </div>
   <div class='ocr_carea' id='block_1_2' title="bbox 223 239 1282 3201">
    <p class='ocr_par' dir='ltr' id='par_1_2' title="bbox 234 239 1282 586">
     <span class='ocr_line' id='line_1_2' title="bbox 239 239 1282 298; baseline -0.002 -15"><span class='ocrx_word' id='word_1_2' title='bbox 239 243 351 298; x_wconf 85' lang='grc' dir='ltr'>φιλίαι</span> <span class='ocrx_word' id='word_1_3' title='bbox 366 242 444 290; x_wconf 84' lang='grc' dir='ltr'>εἶσί,</span> <span class='ocrx_word' id='word_1_4' title='bbox 461 242 539 280; x_wconf 79' lang='grc' dir='ltr'>καθ’</span> <span class='ocrx_word' id='word_1_5' title='bbox 555 241 573 280; x_wconf 87' lang='grc' dir='ltr'>ὃ</span> <span class='ocrx_word' id='word_1_6' title='bbox 588 240 625 280; x_wconf 82' lang='grc' dir='ltr'>δὲ</span> <span class='ocrx_word' id='word_1_7' title='bbox 643 240 801 292; x_wconf 84' lang='grc' dir='ltr'>ἀνόμοιοί</span> <span class='ocrx_word' id='word_1_8' title='bbox 813 241 880 279; x_wconf 83' lang='grc' dir='ltr'>εἶσι</span> <span class='ocrx_word' id='word_1_9' title='bbox 897 239 982 294; x_wconf 78' lang='grc' dir='ltr'>πρὸς</span> <span class='ocrx_word' id='word_1_10' title='bbox 996 241 1122 292; x_wconf 80' lang='grc' dir='ltr'>αὐτήν,</span> <span class='ocrx_word' id='word_1_11' title='bbox 1139 243 1201 281; x_wconf 75' lang='grc' dir='ltr'>οὐκ</span> <span class='ocrx_word' id='word_1_12' title='bbox 1216 243 1282 281; x_wconf 85' lang='grc' dir='ltr'>εἷσὶ</span> 
     </span>
     <span class='ocr_line' id='line_1_3' title="bbox 237 298 1281 356; baseline -0.001 -15"><span class='ocrx_word' id='word_1_13' title='bbox 237 302 364 356; x_wconf 91' lang='grc' dir='ltr'>φιλίαι.</span> <span class='ocrx_word' id='word_1_14' title='bbox 388 299 547 340; x_wconf 82' lang='grc' dir='ltr'>Ἐοίκασι</span> <span class='ocrx_word' id='word_1_15' title='bbox 569 298 631 351; x_wconf 83' lang='grc' dir='ltr'>μὲν</span> <span class='ocrx_word' id='word_1_16' title='bbox 653 299 736 353; x_wconf 83' lang='grc' dir='ltr'>γάρ,</span> <span class='ocrx_word' id='word_1_17' title='bbox 761 299 815 338; x_wconf 79' lang='grc' dir='ltr'>ὅτι</span> <span class='ocrx_word' id='word_1_18' title='bbox 835 302 857 346; x_wconf 80' lang='grc' dir='ltr'>ἡ</span> <span class='ocrx_word' id='word_1_19' title='bbox 872 299 990 338; x_wconf 86' lang='grc' dir='ltr'>τελεία</span> <span class='ocrx_word' id='word_1_20' title='bbox 1012 299 1074 339; x_wconf 79' lang='grc' dir='ltr'>καὶ</span> <span class='ocrx_word' id='word_1_21' title='bbox 1093 299 1133 340; x_wconf 81' lang='grc' dir='ltr'>τὸ</span> <span class='ocrx_word' id='word_1_22' title='bbox 1151 301 1281 352; x_wconf 83' lang='grc' dir='ltr'>ἀγαθὸν</span> 
     </span>
     <span class='ocr_line' id='line_1_4' title="bbox 237 357 1281 413; baseline -0.004 -13"><span class='ocrx_word' id='word_1_23' title='bbox 237 361 335 413; x_wconf 83' lang='grc' dir='ltr'>ἔχει,</span> <span class='ocrx_word' id='word_1_24' title='bbox 365 357 425 397; x_wconf 84' lang='grc' dir='ltr'>καὶ</span> <span class='ocrx_word' id='word_1_25' title='bbox 444 357 485 396; x_wconf 89' lang='grc' dir='ltr'>τὸ</span> <span class='ocrx_word' id='word_1_26' title='bbox 514 357 704 410; x_wconf 83' lang='grc' dir='ltr'>χρήσιμον·</span> <span class='ocrx_word' id='word_1_27' title='bbox 737 359 799 396; x_wconf 82' lang='grc' dir='ltr'>οὐκ</span> <span class='ocrx_word' id='word_1_28' title='bbox 829 357 963 397; x_wconf 88' lang='grc' dir='ltr'>εὀίκασι</span> <span class='ocrx_word' id='word_1_29' title='bbox 997 358 1054 408; x_wconf 81' lang='grc' dir='ltr'>δέ,</span> <span class='ocrx_word' id='word_1_30' title='bbox 1083 358 1137 398; x_wconf 84' lang='grc' dir='ltr'>ὅτι</span> <span class='ocrx_word' id='word_1_31' title='bbox 1165 361 1187 406; x_wconf 84' lang='grc' dir='ltr'>ἡ</span> <span class='ocrx_word' id='word_1_32' title='bbox 1218 357 1281 408; x_wconf 85' lang='grc' dir='ltr'>μὲν</span> 
     </span>
     <span class='ocr_line' id='line_1_5' title="bbox 237 414 1282 470; baseline -0.002 -12"><span class='ocrx_word' id='word_1_33' title='bbox 237 418 448 465; x_wconf 73' lang='grc' dir='ltr'>ἀδιάὸλητος</span> <span class='ocrx_word' id='word_1_34' title='bbox 467 417 526 456; x_wconf 85' lang='grc' dir='ltr'>καὶ</span> <span class='ocrx_word' id='word_1_35' title='bbox 553 414 696 467; x_wconf 89' lang='grc' dir='ltr'>μόνιμός</span> <span class='ocrx_word' id='word_1_36' title='bbox 723 417 839 468; x_wconf 81' lang='grc' dir='ltr'>ἐστιν,</span> <span class='ocrx_word' id='word_1_37' title='bbox 855 418 891 455; x_wconf 83' lang='grc' dir='ltr'>αἱ</span> <span class='ocrx_word' id='word_1_38' title='bbox 917 416 953 456; x_wconf 83' lang='grc' dir='ltr'>δὲ</span> <span class='ocrx_word' id='word_1_39' title='bbox 972 416 1110 470; x_wconf 87' lang='grc' dir='ltr'>ταχέως</span> <span class='ocrx_word' id='word_1_40' title='bbox 1133 417 1282 469; x_wconf 76' lang='grc' dir='ltr'>μεταπί-</span> 
     </span>
     <span class='ocr_line' id='line_1_6' title="bbox 236 470 1278 529; baseline -0.002 -12"><span class='ocrx_word' id='word_1_41' title='bbox 236 493 382 525; x_wconf 85' lang='grc' dir='ltr'>πτουσι,</span> <span class='ocrx_word' id='word_1_42' title='bbox 402 475 462 515; x_wconf 78' lang='grc' dir='ltr'>καὶ</span> <span class='ocrx_word' id='word_1_43' title='bbox 492 475 610 520; x_wconf 80' lang='grc' dir='ltr'>ἄλλοις</span> <span class='ocrx_word' id='word_1_44' title='bbox 630 475 834 529; x_wconf 82' lang='grc' dir='ltr'>διαφέρουσι</span> <span class='ocrx_word' id='word_1_45' title='bbox 866 477 1019 520; x_wconf 85' lang='grc' dir='ltr'>πολλοῖς.</span> <span class='ocrx_word' id='word_1_46' title='bbox 1067 470 1183 516; x_wconf 54' lang='lat' dir='ltr'>Aaron</span> <span class='ocrx_word' id='word_1_47' title='bbox 1215 475 1278 528; x_wconf 82' lang='grc' dir='ltr'>μὲν</span> 
     </span>
     <span class='ocr_line' id='line_1_7' title="bbox 234 532 1090 586; baseline -0.004 -8"><span class='ocrx_word' id='word_1_48' title='bbox 234 532 291 578; x_wconf 67' lang='grc' dir='ltr'>οὖν</span> <span class='ocrx_word' id='word_1_49' title='bbox 312 543 426 576; x_wconf 86' lang='grc' dir='ltr'>πᾶσαι</span> <span class='ocrx_word' id='word_1_50' title='bbox 443 537 522 574; x_wconf 82' lang='grc' dir='ltr'>καθ’</span> <span class='ocrx_word' id='word_1_51' title='bbox 540 534 730 586; x_wconf 79' lang='grc' dir='ltr'>ὁμοιότητα</span> <span class='ocrx_word' id='word_1_52' title='bbox 747 534 806 574; x_wconf 80' lang='grc' dir='ltr'>καὶ</span> <span class='ocrx_word' id='word_1_53' title='bbox 828 534 974 584; x_wconf 81' lang='grc' dir='ltr'>ἰσότητά</span> <span class='ocrx_word' id='word_1_54' title='bbox 991 536 1090 575; x_wconf 81' lang='grc' dir='ltr'>εἰσιν.</span> 
     </span>
    </p>

    <p class='ocr_par' dir='ltr' id='par_1_3' title="bbox 232 586 1280 826">
     <span class='ocr_line' id='line_1_8' title="bbox 288 586 1280 649; baseline -0.001 -15"><span class='ocrx_word' id='word_1_55' title='bbox 288 596 308 619; x_wconf 86' lang='lat'><em>*</em></span> <span class='ocrx_word' id='word_1_56' title='bbox 326 593 478 649; x_wconf 75' lang='grc' dir='ltr'>ἽΞτερον</span> <span class='ocrx_word' id='word_1_57' title='bbox 491 593 526 633; x_wconf 86' lang='grc' dir='ltr'>δὲ</span> <span class='ocrx_word' id='word_1_58' title='bbox 546 594 661 649; x_wconf 90' lang='grc' dir='ltr'>φιλίας</span> <span class='ocrx_word' id='word_1_59' title='bbox 676 588 764 639; x_wconf 71' lang='grc' dir='ltr'>εἶδος</span> <span class='ocrx_word' id='word_1_60' title='bbox 774 594 814 633; x_wconf 85' lang='grc' dir='ltr'>τὸ</span> <span class='ocrx_word' id='word_1_61' title='bbox 828 595 904 633; x_wconf 84' lang='grc' dir='ltr'>καθ’</span> <span class='ocrx_word' id='word_1_62' title='bbox 919 593 1108 648; x_wconf 77' lang='grc' dir='ltr'>ὑπεροχήν·</span> <span class='ocrx_word' id='word_1_63' title='bbox 1126 586 1197 633; x_wconf 71' lang='grc' dir='ltr'>οἷον</span> <span class='ocrx_word' id='word_1_64' title='bbox 1216 609 1280 633; x_wconf 87' lang='grc' dir='ltr'>πα·</span> 
     </span>
     <span class='ocr_line' id='line_1_9' title="bbox 233 652 1277 709; baseline -0.004 -14"><span class='ocrx_word' id='word_1_65' title='bbox 233 656 287 709; x_wconf 74' lang='grc' dir='ltr'>τρὶ</span> <span class='ocrx_word' id='word_1_66' title='bbox 301 655 385 707; x_wconf 84' lang='grc' dir='ltr'>πρὸς</span> <span class='ocrx_word' id='word_1_67' title='bbox 404 654 478 693; x_wconf 77' lang='grc' dir='ltr'>υἱόν</span> <span class='ocrx_word' id='word_1_68' title='bbox 493 685 504 706; x_wconf 81' lang='lat'>,</span> <span class='ocrx_word' id='word_1_69' title='bbox 532 654 593 693; x_wconf 82' lang='grc' dir='ltr'>καὶ</span> <span class='ocrx_word' id='word_1_70' title='bbox 614 653 703 698; x_wconf 80' lang='grc' dir='ltr'>ὅλως</span> <span class='ocrx_word' id='word_1_71' title='bbox 731 652 959 707; x_wconf 74' lang='grc' dir='ltr'>πρεσὸυτέρῳ</span> <span class='ocrx_word' id='word_1_72' title='bbox 990 653 1076 706; x_wconf 83' lang='grc' dir='ltr'>πρὸς</span> <span class='ocrx_word' id='word_1_73' title='bbox 1096 653 1277 706; x_wconf 80' lang='grc' dir='ltr'>νεώτερον,</span> 
     </span>
     <span class='ocr_line' id='line_1_10' title="bbox 235 710 1277 767; baseline -0.003 -15"><span class='ocrx_word' id='word_1_74' title='bbox 235 714 331 767; x_wconf 85' lang='grc' dir='ltr'>ἀνδρί</span> <span class='ocrx_word' id='word_1_75' title='bbox 350 729 388 752; x_wconf 89' lang='grc' dir='ltr'>τε</span> <span class='ocrx_word' id='word_1_76' title='bbox 407 713 492 767; x_wconf 86' lang='grc' dir='ltr'>πρὸς</span> <span class='ocrx_word' id='word_1_77' title='bbox 516 713 682 766; x_wconf 82' lang='grc' dir='ltr'>γυναῖκα,</span> <span class='ocrx_word' id='word_1_78' title='bbox 710 711 770 752; x_wconf 78' lang='grc' dir='ltr'>καὶ</span> <span class='ocrx_word' id='word_1_79' title='bbox 789 713 896 752; x_wconf 84' lang='grc' dir='ltr'>παντὶ</span> <span class='ocrx_word' id='word_1_80' title='bbox 925 712 1068 766; x_wconf 82' lang='grc' dir='ltr'>ἄρχοντι</span> <span class='ocrx_word' id='word_1_81' title='bbox 1093 710 1180 765; x_wconf 82' lang='grc' dir='ltr'>πρὸς</span> <span class='ocrx_word' id='word_1_82' title='bbox 1212 712 1277 764; x_wconf 79' lang='grc' dir='ltr'>ἀρ-</span> 
     </span>
     <span class='ocr_line' id='line_1_11' title="bbox 232 773 395 826; baseline 0.018 -15"><span class='ocrx_word' id='word_1_83' title='bbox 232 773 395 826; x_wconf 36' lang='grc' dir='ltr'>χόιιενον.</span> 
     </span>
    </p>

    <p class='ocr_par' dir='ltr' id='par_1_4' title="bbox 229 825 1278 1598">
     <span class='ocr_line' id='line_1_12' title="bbox 286 825 1275 886; baseline -0.004 -14"><span class='ocrx_word' id='word_1_84' title='bbox 286 833 328 857; x_wconf 80' lang='grc'>**</span> <span class='ocrx_word' id='word_1_85' title='bbox 346 831 559 886; x_wconf 87' lang='grc' dir='ltr'>Διαφέρουσι</span> <span class='ocrx_word' id='word_1_86' title='bbox 591 831 627 872; x_wconf 80' lang='grc' dir='ltr'>δὲ</span> <span class='ocrx_word' id='word_1_87' title='bbox 647 825 752 871; x_wconf 73' lang='grc' dir='ltr'>α’ῧται</span> <span class='ocrx_word' id='word_1_88' title='bbox 770 832 948 881; x_wconf 83' lang='grc' dir='ltr'>ἀλλήλων.</span> <span class='ocrx_word' id='word_1_89' title='bbox 984 831 1039 871; x_wconf 81' lang='grc' dir='ltr'>Οὔ</span> <span class='ocrx_word' id='word_1_90' title='bbox 1060 829 1126 883; x_wconf 81' lang='grc' dir='ltr'>γὰρ</span> <span class='ocrx_word' id='word_1_91' title='bbox 1145 832 1167 878; x_wconf 84' lang='grc' dir='ltr'>ἡ</span> <span class='ocrx_word' id='word_1_92' title='bbox 1187 828 1275 878; x_wconf 79' lang='grc' dir='ltr'>αὐτὴ</span> 
     </span>
     <span class='ocr_line' id='line_1_13' title="bbox 232 888 1272 946; baseline -0.006 -14"><span class='ocrx_word' id='word_1_93' title='bbox 232 892 369 946; x_wconf 78' lang='grc' dir='ltr'>γονεῦσί</span> <span class='ocrx_word' id='word_1_94' title='bbox 399 908 437 931; x_wconf 88' lang='grc' dir='ltr'>τε</span> <span class='ocrx_word' id='word_1_95' title='bbox 465 891 549 945; x_wconf 85' lang='grc' dir='ltr'>πρὸς</span> <span class='ocrx_word' id='word_1_96' title='bbox 572 891 702 941; x_wconf 85' lang='grc' dir='ltr'>τέκνα,</span> <span class='ocrx_word' id='word_1_97' title='bbox 735 890 796 930; x_wconf 76' lang='grc' dir='ltr'>καὶ</span> <span class='ocrx_word' id='word_1_98' title='bbox 822 890 971 945; x_wconf 87' lang='grc' dir='ltr'>ἄρχουσι</span> <span class='ocrx_word' id='word_1_99' title='bbox 995 889 1081 943; x_wconf 83' lang='grc' dir='ltr'>πρὸς</span> <span class='ocrx_word' id='word_1_100' title='bbox 1111 888 1272 942; x_wconf 85' lang='grc' dir='ltr'>ἀρχομέ-</span> 
     </span>
     <span class='ocr_line' id='line_1_14' title="bbox 232 949 1274 1003; baseline -0.001 -14"><span class='ocrx_word' id='word_1_101' title='bbox 232 963 322 995; x_wconf 79' lang='grc' dir='ltr'>νους·</span> <span class='ocrx_word' id='word_1_102' title='bbox 345 950 422 990; x_wconf 86' lang='grc' dir='ltr'>ἀλλ’</span> <span class='ocrx_word' id='word_1_103' title='bbox 452 951 530 989; x_wconf 84' lang='grc' dir='ltr'>οὐδὲ</span> <span class='ocrx_word' id='word_1_104' title='bbox 549 950 657 1002; x_wconf 82' lang='grc' dir='ltr'>πατρὶ</span> <span class='ocrx_word' id='word_1_105' title='bbox 681 949 766 1003; x_wconf 82' lang='grc' dir='ltr'>πρὸς</span> <span class='ocrx_word' id='word_1_106' title='bbox 786 949 861 990; x_wconf 75' lang='grc' dir='ltr'>υἱόν</span> <span class='ocrx_word' id='word_1_107' title='bbox 876 979 887 998; x_wconf 88' lang='grc'>,</span> <span class='ocrx_word' id='word_1_108' title='bbox 913 949 973 989; x_wconf 82' lang='grc' dir='ltr'>καὶ</span> <span class='ocrx_word' id='word_1_109' title='bbox 1002 951 1067 1003; x_wconf 81' lang='grc' dir='ltr'>υἱῷ</span> <span class='ocrx_word' id='word_1_110' title='bbox 1096 950 1181 1003; x_wconf 87' lang='grc' dir='ltr'>πρὸς</span> <span class='ocrx_word' id='word_1_111' title='bbox 1207 965 1274 988; x_wconf 92' lang='grc' dir='ltr'>πα·</span> 
     </span>
     <span class='ocr_line' id='line_1_15' title="bbox 231 1008 1278 1064; baseline -0.002 -14"><span class='ocrx_word' id='word_1_112' title='bbox 231 1011 337 1064; x_wconf 82' lang='grc' dir='ltr'>τέρα,</span> <span class='ocrx_word' id='word_1_113' title='bbox 371 1011 443 1050; x_wconf 81' lang='grc' dir='ltr'>οὔδ’</span> <span class='ocrx_word' id='word_1_114' title='bbox 474 1010 572 1064; x_wconf 88' lang='grc' dir='ltr'>ἀνδρὶ</span> <span class='ocrx_word' id='word_1_115' title='bbox 609 1011 695 1063; x_wconf 80' lang='grc' dir='ltr'>πρὸς</span> <span class='ocrx_word' id='word_1_116' title='bbox 728 1014 901 1062; x_wconf 79' lang='grc' dir='ltr'>γυναῖκα,</span> <span class='ocrx_word' id='word_1_117' title='bbox 935 1008 996 1048; x_wconf 83' lang='grc' dir='ltr'>καὶ</span> <span class='ocrx_word' id='word_1_118' title='bbox 1027 1008 1165 1061; x_wconf 81' lang='grc' dir='ltr'>γυναικὶ</span> <span class='ocrx_word' id='word_1_119' title='bbox 1192 1008 1278 1062; x_wconf 79' lang='grc' dir='ltr'>πρὸς</span> 
     </span>
     <span class='ocr_line' id='line_1_16' title="bbox 231 1068 1276 1124; baseline -0.002 -15"><span class='ocrx_word' id='word_1_120' title='bbox 231 1071 355 1122; x_wconf 84' lang='grc' dir='ltr'>ἄνδρα.</span> <span class='ocrx_word' id='word_1_121' title='bbox 378 1069 493 1109; x_wconf 64' lang='lat' dir='ltr'>“aare</span> <span class='ocrx_word' id='word_1_122' title='bbox 527 1071 594 1123; x_wconf 73' lang='grc' dir='ltr'>οὐχ</span> <span class='ocrx_word' id='word_1_123' title='bbox 622 1072 657 1109; x_wconf 78' lang='grc' dir='ltr'>αἱ</span> <span class='ocrx_word' id='word_1_124' title='bbox 690 1069 803 1124; x_wconf 89' lang='grc' dir='ltr'>φιλίαι</span> <span class='ocrx_word' id='word_1_125' title='bbox 834 1068 937 1121; x_wconf 90' lang='grc' dir='ltr'>μόνον</span> <span class='ocrx_word' id='word_1_126' title='bbox 971 1069 1190 1124; x_wconf 77' lang='grc' dir='ltr'>διαφέρουσιν</span> <span class='ocrx_word' id='word_1_127' title='bbox 1219 1070 1276 1107; x_wconf 82' lang='grc' dir='ltr'>ἐν-</span> 
     </span>
     <span class='ocr_line' id='line_1_17' title="bbox 230 1128 1275 1183; baseline 0 -15"><span class='ocrx_word' id='word_1_128' title='bbox 230 1133 358 1178; x_wconf 74' lang='grc' dir='ltr'>ταῦθα,</span> <span class='ocrx_word' id='word_1_129' title='bbox 384 1129 474 1167; x_wconf 81' lang='grc' dir='ltr'>ἀλλὰ</span> <span class='ocrx_word' id='word_1_130' title='bbox 505 1130 565 1168; x_wconf 83' lang='grc' dir='ltr'>καὶ</span> <span class='ocrx_word' id='word_1_131' title='bbox 585 1130 621 1167; x_wconf 84' lang='grc' dir='ltr'>αἱ</span> <span class='ocrx_word' id='word_1_132' title='bbox 643 1129 799 1183; x_wconf 84' lang='grc' dir='ltr'>φιλήσεις</span> <span class='ocrx_word' id='word_1_133' title='bbox 828 1128 914 1182; x_wconf 82' lang='grc' dir='ltr'>πρὸς</span> <span class='ocrx_word' id='word_1_134' title='bbox 940 1128 1000 1173; x_wconf 74' lang='grc' dir='ltr'>τὰς</span> <span class='ocrx_word' id='word_1_135' title='bbox 1027 1128 1275 1181; x_wconf 86' lang='grc' dir='ltr'>ἀντιφιλήσεις.</span> 
     </span>
     <span class='ocr_line' id='line_1_18' title="bbox 231 1187 1277 1243; baseline -0.001 -15"><span class='ocrx_word' id='word_1_136' title='bbox 231 1189 359 1243; x_wconf 84' lang='grc' dir='ltr'>Ἑτέρα</span> <span class='ocrx_word' id='word_1_137' title='bbox 380 1188 447 1242; x_wconf 82' lang='grc' dir='ltr'>γὰρ</span> <span class='ocrx_word' id='word_1_138' title='bbox 467 1188 634 1242; x_wconf 81' lang='grc' dir='ltr'>ἑκατέρου</span> <span class='ocrx_word' id='word_1_139' title='bbox 654 1189 786 1228; x_wconf 86' lang='grc' dir='ltr'>τούτων</span> <span class='ocrx_word' id='word_1_140' title='bbox 813 1191 882 1228; x_wconf 84' lang='grc' dir='ltr'>τῶν</span> <span class='ocrx_word' id='word_1_141' title='bbox 907 1189 1015 1242; x_wconf 89' lang='grc' dir='ltr'>φίλων</span> <span class='ocrx_word' id='word_1_142' title='bbox 1042 1192 1065 1237; x_wconf 78' lang='grc' dir='ltr'>ἦ</span> <span class='ocrx_word' id='word_1_143' title='bbox 1084 1188 1191 1241; x_wconf 86' lang='grc' dir='ltr'>ἀρετὴ</span> <span class='ocrx_word' id='word_1_144' title='bbox 1217 1187 1277 1227; x_wconf 84' lang='grc' dir='ltr'>καὶ</span> 
     </span>
     <span class='ocr_line' id='line_1_19' title="bbox 231 1246 1275 1302; baseline 0.001 -16"><span class='ocrx_word' id='word_1_145' title='bbox 231 1247 270 1286; x_wconf 79' lang='grc' dir='ltr'>τὸ</span> <span class='ocrx_word' id='word_1_146' title='bbox 291 1248 410 1302; x_wconf 76' lang='grc' dir='ltr'>ἔργον,</span> <span class='ocrx_word' id='word_1_147' title='bbox 431 1247 490 1286; x_wconf 84' lang='grc' dir='ltr'>καὶ</span> <span class='ocrx_word' id='word_1_148' title='bbox 508 1246 611 1302; x_wconf 78' lang='grc' dir='ltr'>ἕτερα</span> <span class='ocrx_word' id='word_1_149' title='bbox 632 1247 674 1288; x_wconf 87' lang='grc' dir='ltr'>δι’</span> <span class='ocrx_word' id='word_1_150' title='bbox 696 1249 718 1287; x_wconf 85' lang='grc' dir='ltr'>ἃ</span> <span class='ocrx_word' id='word_1_151' title='bbox 738 1250 877 1301; x_wconf 80' lang='grc' dir='ltr'>φιλοῦσι</span> <span class='ocrx_word' id='word_1_152' title='bbox 898 1248 958 1287; x_wconf 83' lang='grc' dir='ltr'>καὶ</span> <span class='ocrx_word' id='word_1_153' title='bbox 977 1249 1020 1287; x_wconf 78' lang='grc' dir='ltr'>δι’</span> <span class='ocrx_word' id='word_1_154' title='bbox 1043 1248 1066 1287; x_wconf 83' lang='grc' dir='ltr'>ἃ</span> <span class='ocrx_word' id='word_1_155' title='bbox 1084 1251 1275 1300; x_wconf 81' lang='grc' dir='ltr'>φιλοῦνται.</span> 
     </span>
     <span class='ocr_line' id='line_1_20' title="bbox 230 1306 1274 1361; baseline -0.002 -15"><span class='ocrx_word' id='word_1_156' title='bbox 230 1306 299 1346; x_wconf 79' lang='grc' dir='ltr'>Διὰ</span> <span class='ocrx_word' id='word_1_157' title='bbox 329 1312 432 1347; x_wconf 68' lang='grc' dir='ltr'>τοῦτο</span> <span class='ocrx_word' id='word_1_158' title='bbox 452 1307 511 1346; x_wconf 80' lang='grc' dir='ltr'>καὶ</span> <span class='ocrx_word' id='word_1_159' title='bbox 533 1310 567 1347; x_wconf 78' lang='grc' dir='ltr'>αἱ</span> <span class='ocrx_word' id='word_1_160' title='bbox 598 1308 756 1361; x_wconf 80' lang='grc' dir='ltr'>φιλήσεις</span> <span class='ocrx_word' id='word_1_161' title='bbox 776 1308 836 1347; x_wconf 84' lang='grc' dir='ltr'>καὶ</span> <span class='ocrx_word' id='word_1_162' title='bbox 861 1309 897 1346; x_wconf 80' lang='grc' dir='ltr'>αἱ</span> <span class='ocrx_word' id='word_1_163' title='bbox 919 1307 1033 1361; x_wconf 86' lang='grc' dir='ltr'>φιλίαι</span> <span class='ocrx_word' id='word_1_164' title='bbox 1054 1306 1184 1360; x_wconf 77' lang='grc' dir='ltr'>ἕτεραι.</span> <span class='ocrx_word' id='word_1_165' title='bbox 1212 1308 1274 1345; x_wconf 91' lang='grc' dir='ltr'>Ἔν</span> 
     </span>
     <span class='ocr_line' id='line_1_21' title="bbox 231 1360 1276 1421; baseline 0 -17"><span class='ocrx_word' id='word_1_166' title='bbox 231 1366 295 1416; x_wconf 84' lang='grc' dir='ltr'>μὲν</span> <span class='ocrx_word' id='word_1_167' title='bbox 316 1360 375 1406; x_wconf 74' lang='grc' dir='ltr'>οῧν</span> <span class='ocrx_word' id='word_1_168' title='bbox 395 1372 471 1411; x_wconf 86' lang='grc' dir='ltr'>ταῖς</span> <span class='ocrx_word' id='word_1_169' title='bbox 491 1366 765 1421; x_wconf 82' lang='grc' dir='ltr'>προειρημέναις</span> <span class='ocrx_word' id='word_1_170' title='bbox 781 1366 912 1420; x_wconf 85' lang='grc' dir='ltr'>φιλίαις</span> <span class='ocrx_word' id='word_1_171' title='bbox 939 1367 978 1406; x_wconf 87' lang='grc' dir='ltr'>τὸ</span> <span class='ocrx_word' id='word_1_172' title='bbox 1001 1368 1148 1418; x_wconf 87' lang='grc' dir='ltr'>μόνιμον</span> <span class='ocrx_word' id='word_1_173' title='bbox 1167 1364 1276 1404; x_wconf 81' lang='grc' dir='ltr'>ἐποίει</span> 
     </span>
     <span class='ocr_line' id='line_1_22' title="bbox 231 1425 1272 1480; baseline -0.001 -16"><span class='ocrx_word' id='word_1_174' title='bbox 231 1425 269 1464; x_wconf 83' lang='grc' dir='ltr'>τὸ</span> <span class='ocrx_word' id='word_1_175' title='bbox 292 1426 336 1466; x_wconf 86' lang='grc' dir='ltr'>τὰ</span> <span class='ocrx_word' id='word_1_176' title='bbox 360 1425 450 1465; x_wconf 77' lang='grc' dir='ltr'>αὐτὰ</span> <span class='ocrx_word' id='word_1_177' title='bbox 470 1426 624 1480; x_wconf 84' lang='grc' dir='ltr'>ἑκατέρῳ</span> <span class='ocrx_word' id='word_1_178' title='bbox 647 1430 715 1466; x_wconf 87' lang='grc' dir='ltr'>τῶν</span> <span class='ocrx_word' id='word_1_179' title='bbox 743 1426 852 1480; x_wconf 87' lang='grc' dir='ltr'>φίλων</span> <span class='ocrx_word' id='word_1_180' title='bbox 880 1426 963 1478; x_wconf 87' lang='grc' dir='ltr'>παρ’</span> <span class='ocrx_word' id='word_1_181' title='bbox 990 1425 1156 1477; x_wconf 82' lang='grc' dir='ltr'>ἑκατέρου</span> <span class='ocrx_word' id='word_1_182' title='bbox 1177 1425 1272 1477; x_wconf 86' lang='grc' dir='ltr'>γίνε-</span> 
     </span>
     <span class='ocr_line' id='line_1_23' title="bbox 230 1483 1272 1539; baseline 0 -16"><span class='ocrx_word' id='word_1_183' title='bbox 230 1488 326 1524; x_wconf 87' lang='grc' dir='ltr'>σθαι·</span> <span class='ocrx_word' id='word_1_184' title='bbox 349 1487 498 1525; x_wconf 79' lang='grc' dir='ltr'>ἐνταῦθα</span> <span class='ocrx_word' id='word_1_185' title='bbox 524 1486 560 1525; x_wconf 84' lang='grc' dir='ltr'>δὲ</span> <span class='ocrx_word' id='word_1_186' title='bbox 577 1487 643 1539; x_wconf 78' lang='grc' dir='ltr'>οὐχ</span> <span class='ocrx_word' id='word_1_187' title='bbox 665 1485 788 1530; x_wconf 76' lang='grc' dir='ltr'>οὕτως·</span> <span class='ocrx_word' id='word_1_188' title='bbox 806 1487 846 1524; x_wconf 78' lang='grc' dir='ltr'>οὗ</span> <span class='ocrx_word' id='word_1_189' title='bbox 864 1484 931 1538; x_wconf 82' lang='grc' dir='ltr'>γὰρ</span> <span class='ocrx_word' id='word_1_190' title='bbox 950 1483 996 1523; x_wconf 81' lang='grc' dir='ltr'>τὰ</span> <span class='ocrx_word' id='word_1_191' title='bbox 1010 1484 1100 1524; x_wconf 82' lang='grc' dir='ltr'>αὐτὰ</span> <span class='ocrx_word' id='word_1_192' title='bbox 1119 1487 1137 1523; x_wconf 86' lang='grc' dir='ltr'>ὁ</span> <span class='ocrx_word' id='word_1_193' title='bbox 1153 1483 1272 1537; x_wconf 82' lang='grc' dir='ltr'>πατὴρ</span> 
     </span>
     <span class='ocr_line' id='line_1_24' title="bbox 229 1543 1067 1598; baseline 0 -16"><span class='ocrx_word' id='word_1_194' title='bbox 229 1543 288 1583; x_wconf 79' lang='grc' dir='ltr'>τὸν</span> <span class='ocrx_word' id='word_1_195' title='bbox 311 1545 383 1584; x_wconf 77' lang='grc' dir='ltr'>υἱόν</span> <span class='ocrx_word' id='word_1_196' title='bbox 398 1571 410 1594; x_wconf 88' lang='lat'>,</span> <span class='ocrx_word' id='word_1_197' title='bbox 424 1545 484 1583; x_wconf 81' lang='grc' dir='ltr'>καὶ</span> <span class='ocrx_word' id='word_1_198' title='bbox 500 1548 517 1584; x_wconf 79' lang='grc' dir='ltr'><strong>ὁ</strong></span> <span class='ocrx_word' id='word_1_199' title='bbox 535 1544 605 1589; x_wconf 77' lang='grc' dir='ltr'>υἱὸς</span> <span class='ocrx_word' id='word_1_200' title='bbox 628 1545 685 1584; x_wconf 83' lang='grc' dir='ltr'>τὸν</span> <span class='ocrx_word' id='word_1_201' title='bbox 706 1543 842 1598; x_wconf 85' lang='grc' dir='ltr'>πατέρα</span> <span class='ocrx_word' id='word_1_202' title='bbox 861 1543 1067 1591; x_wconf 83' lang='grc' dir='ltr'>ἀπαιτήσει.</span> 
     </span>
    </p>

    <p class='ocr_par' dir='ltr' id='par_1_5' title="bbox 223 1602 1276 1835">
     <span class='ocr_line' id='line_1_25' title="bbox 286 1602 1276 1657; baseline -0.003 -12"><span class='ocrx_word' id='word_1_203' title='bbox 286 1604 348 1629; x_wconf 84' lang='grc'>***</span> <span class='ocrx_word' id='word_1_204' title='bbox 366 1607 419 1645; x_wconf 85' lang='grc' dir='ltr'>Οὐ</span> <span class='ocrx_word' id='word_1_205' title='bbox 449 1605 517 1657; x_wconf 80' lang='grc' dir='ltr'>γὰρ</span> <span class='ocrx_word' id='word_1_206' title='bbox 547 1605 597 1644; x_wconf 85' lang='grc' dir='ltr'>δεῖ</span> <span class='ocrx_word' id='word_1_207' title='bbox 627 1604 690 1652; x_wconf 80' lang='grc' dir='ltr'>τὴν</span> <span class='ocrx_word' id='word_1_208' title='bbox 714 1603 861 1651; x_wconf 79' lang='grc' dir='ltr'>ἰσότητα</span> <span class='ocrx_word' id='word_1_209' title='bbox 886 1603 965 1648; x_wconf 81' lang='grc' dir='ltr'>τοὺς</span> <span class='ocrx_word' id='word_1_210' title='bbox 990 1603 1162 1648; x_wconf 87' lang='grc' dir='ltr'>τοιούτους</span> <span class='ocrx_word' id='word_1_211' title='bbox 1182 1602 1276 1642; x_wconf 85' lang='grc' dir='ltr'>κατὰ</span> 
     </span>
     <span class='ocr_line' id='line_1_26' title="bbox 229 1663 1276 1718; baseline 0 -16"><span class='ocrx_word' id='word_1_212' title='bbox 229 1668 340 1704; x_wconf 70' lang='grc' dir='ltr'>ταῦτα</span> <span class='ocrx_word' id='word_1_213' title='bbox 358 1664 560 1718; x_wconf 79' lang='grc' dir='ltr'>φυλάττειν,</span> <span class='ocrx_word' id='word_1_214' title='bbox 580 1665 657 1703; x_wconf 89' lang='grc' dir='ltr'>ἀλλ’</span> <span class='ocrx_word' id='word_1_215' title='bbox 674 1663 756 1703; x_wconf 79' lang='grc' dir='ltr'>ὅταν</span> <span class='ocrx_word' id='word_1_216' title='bbox 775 1665 889 1702; x_wconf 85' lang='grc' dir='ltr'>ἐκεῖνα</span> <span class='ocrx_word' id='word_1_217' title='bbox 908 1664 1071 1716; x_wconf 84' lang='grc' dir='ltr'>ἑκάτερος</span> <span class='ocrx_word' id='word_1_218' title='bbox 1091 1664 1176 1717; x_wconf 88' lang='grc' dir='ltr'>παρ’</span> <span class='ocrx_word' id='word_1_219' title='bbox 1193 1664 1276 1702; x_wconf 80' lang='grc' dir='ltr'>ἑκα-</span> 
     </span>
     <span class='ocr_line' id='line_1_27' title="bbox 229 1721 1273 1777; baseline 0 -15"><span class='ocrx_word' id='word_1_220' title='bbox 229 1723 329 1777; x_wconf 87' lang='grc' dir='ltr'>τέρου</span> <span class='ocrx_word' id='word_1_221' title='bbox 349 1723 518 1775; x_wconf 76' lang='grc' dir='ltr'>λαμὸοίνῃ</span> <span class='ocrx_word' id='word_1_222' title='bbox 539 1723 561 1762; x_wconf 83' lang='grc' dir='ltr'>ἃ</span> <span class='ocrx_word' id='word_1_223' title='bbox 582 1724 632 1762; x_wconf 92' lang='grc' dir='ltr'>δεῖ</span> <span class='ocrx_word' id='word_1_224' title='bbox 663 1723 720 1762; x_wconf 84' lang='grc' dir='ltr'>τὸν</span> <span class='ocrx_word' id='word_1_225' title='bbox 744 1721 807 1774; x_wconf 83' lang='grc' dir='ltr'>μὲν</span> <span class='ocrx_word' id='word_1_226' title='bbox 830 1723 948 1761; x_wconf 77' lang='grc' dir='ltr'>δοῦναι</span> <span class='ocrx_word' id='word_1_227' title='bbox 979 1721 1038 1761; x_wconf 83' lang='grc' dir='ltr'>τὸν</span> <span class='ocrx_word' id='word_1_228' title='bbox 1073 1721 1109 1761; x_wconf 86' lang='grc' dir='ltr'>δὲ</span> <span class='ocrx_word' id='word_1_229' title='bbox 1136 1721 1273 1771; x_wconf 74' lang='grc' dir='ltr'>λαὸεῒν,</span> 
     </span>
     <span class='ocr_line' id='line_1_28' title="bbox 223 1780 1199 1835; baseline 0.001 -14"><span class='ocrx_word' id='word_1_230' title='bbox 223 1784 375 1834; x_wconf 82' lang='grc' dir='ltr'>μόνιμος</span> <span class='ocrx_word' id='word_1_231' title='bbox 394 1788 416 1830; x_wconf 84' lang='grc' dir='ltr'>ἡ</span> <span class='ocrx_word' id='word_1_232' title='bbox 437 1784 506 1822; x_wconf 87' lang='grc' dir='ltr'>τῶν</span> <span class='ocrx_word' id='word_1_233' title='bbox 525 1784 691 1822; x_wconf 87' lang='grc' dir='ltr'>τοιούτων</span> <span class='ocrx_word' id='word_1_234' title='bbox 711 1781 771 1822; x_wconf 71' lang='grc' dir='ltr'>καὶ</span> <span class='ocrx_word' id='word_1_235' title='bbox 797 1782 953 1829; x_wconf 82' lang='grc' dir='ltr'>ἐπιεικὴς</span> <span class='ocrx_word' id='word_1_236' title='bbox 971 1781 1069 1820; x_wconf 87' lang='grc' dir='ltr'>ἔσται</span> <span class='ocrx_word' id='word_1_237' title='bbox 1086 1780 1199 1835; x_wconf 88' lang='grc' dir='ltr'>φιλία.</span> 
     </span>
    </p>

    <p class='ocr_par' dir='ltr' id='par_1_6' title="bbox 228 1841 1275 2131">
     <span class='ocr_line' id='line_1_29' title="bbox 282 1841 1274 1895; baseline -0.003 -13"><span class='ocrx_word' id='word_1_238' title='bbox 282 1842 366 1866; x_wconf 75' lang='grc'><strong>****</strong></span> <span class='ocrx_word' id='word_1_239' title='bbox 392 1841 464 1882; x_wconf 74' lang='grc' dir='ltr'>Καὶ</span> <span class='ocrx_word' id='word_1_240' title='bbox 492 1841 553 1890; x_wconf 86' lang='grc' dir='ltr'>τὴν</span> <span class='ocrx_word' id='word_1_241' title='bbox 575 1842 716 1895; x_wconf 89' lang='grc' dir='ltr'>φίλησιν</span> <span class='ocrx_word' id='word_1_242' title='bbox 745 1842 779 1880; x_wconf 86' lang='grc' dir='ltr'>δὲ</span> <span class='ocrx_word' id='word_1_243' title='bbox 800 1842 968 1893; x_wconf 82' lang='grc' dir='ltr'>ἀνάλογον</span> <span class='ocrx_word' id='word_1_244' title='bbox 987 1842 1040 1879; x_wconf 85' lang='grc' dir='ltr'>δεῖ</span> <span class='ocrx_word' id='word_1_245' title='bbox 1057 1842 1212 1892; x_wconf 83' lang='grc' dir='ltr'>γίνεσθαι</span> <span class='ocrx_word' id='word_1_246' title='bbox 1238 1841 1274 1880; x_wconf 81' lang='grc' dir='ltr'>ἐν</span> 
     </span>
     <span class='ocr_line' id='line_1_30' title="bbox 229 1899 1274 1954; baseline -0.002 -14"><span class='ocrx_word' id='word_1_247' title='bbox 229 1908 304 1946; x_wconf 87' lang='grc' dir='ltr'>ταῖς</span> <span class='ocrx_word' id='word_1_248' title='bbox 323 1903 401 1940; x_wconf 84' lang='grc' dir='ltr'>καθ’</span> <span class='ocrx_word' id='word_1_249' title='bbox 416 1900 592 1954; x_wconf 77' lang='grc' dir='ltr'>ὑπεροχὴν</span> <span class='ocrx_word' id='word_1_250' title='bbox 610 1900 751 1953; x_wconf 83' lang='grc' dir='ltr'>φιλίαις·</span> <span class='ocrx_word' id='word_1_251' title='bbox 766 1899 823 1939; x_wconf 81' lang='grc' dir='ltr'>τὸν</span> <span class='ocrx_word' id='word_1_252' title='bbox 837 1899 904 1952; x_wconf 82' lang='grc' dir='ltr'>γὰρ</span> <span class='ocrx_word' id='word_1_253' title='bbox 921 1899 1054 1950; x_wconf 85' lang='grc' dir='ltr'>ἀμείνω</span> <span class='ocrx_word' id='word_1_254' title='bbox 1072 1901 1123 1939; x_wconf 83' lang='grc' dir='ltr'>δεῖ</span> <span class='ocrx_word' id='word_1_255' title='bbox 1141 1900 1274 1950; x_wconf 86' lang='grc' dir='ltr'>μᾶλλον</span> 
     </span>
     <span class='ocr_line' id='line_1_31' title="bbox 233 1958 1275 2015; baseline -0.003 -15"><span class='ocrx_word' id='word_1_256' title='bbox 233 1964 407 2015; x_wconf 84' lang='grc' dir='ltr'>φιλεῖσθαι</span> <span class='ocrx_word' id='word_1_257' title='bbox 432 1959 455 2007; x_wconf 85' lang='grc' dir='ltr'>ἢ</span> <span class='ocrx_word' id='word_1_258' title='bbox 476 1962 607 2015; x_wconf 84' lang='grc' dir='ltr'>φιλεῖν,</span> <span class='ocrx_word' id='word_1_259' title='bbox 630 1959 689 1998; x_wconf 81' lang='grc' dir='ltr'>καὶ</span> <span class='ocrx_word' id='word_1_260' title='bbox 714 1959 772 1998; x_wconf 83' lang='grc' dir='ltr'>τὸν</span> <span class='ocrx_word' id='word_1_261' title='bbox 805 1958 1093 2012; x_wconf 84' lang='grc' dir='ltr'>ὠφελιμώτερον,</span> <span class='ocrx_word' id='word_1_262' title='bbox 1127 1959 1187 1997; x_wconf 83' lang='grc' dir='ltr'>καὶ</span> <span class='ocrx_word' id='word_1_263' title='bbox 1205 1961 1275 1997; x_wconf 82' lang='grc' dir='ltr'>τῶν</span> 
     </span>
     <span class='ocr_line' id='line_1_32' title="bbox 229 2017 1274 2072; baseline -0.003 -13"><span class='ocrx_word' id='word_1_264' title='bbox 229 2021 345 2059; x_wconf 86' lang='grc' dir='ltr'>ἄλλων</span> <span class='ocrx_word' id='word_1_265' title='bbox 374 2018 521 2058; x_wconf 76' lang='grc' dir='ltr'>ἕκαστον</span> <span class='ocrx_word' id='word_1_266' title='bbox 552 2018 694 2070; x_wconf 82' lang='grc' dir='ltr'>ὁμοίως·</span> <span class='ocrx_word' id='word_1_267' title='bbox 724 2019 776 2058; x_wconf 86' lang='grc' dir='ltr'>δεῖ</span> <span class='ocrx_word' id='word_1_268' title='bbox 793 2018 859 2072; x_wconf 84' lang='grc' dir='ltr'>γάρ</span> <span class='ocrx_word' id='word_1_269' title='bbox 882 2034 959 2056; x_wconf 89' lang='grc' dir='ltr'>τινα</span> <span class='ocrx_word' id='word_1_270' title='bbox 980 2017 1135 2070; x_wconf 87' lang='grc' dir='ltr'>γίνεσθαι</span> <span class='ocrx_word' id='word_1_271' title='bbox 1155 2018 1213 2056; x_wconf 83' lang='grc' dir='ltr'>καὶ</span> <span class='ocrx_word' id='word_1_272' title='bbox 1240 2019 1274 2056; x_wconf 83' lang='grc' dir='ltr'>ἐν</span> 
     </span>
     <span class='ocr_line' id='line_1_33' title="bbox 228 2076 1148 2131; baseline -0.004 -12"><span class='ocrx_word' id='word_1_273' title='bbox 228 2082 362 2124; x_wconf 83' lang='grc' dir='ltr'>τούτοις</span> <span class='ocrx_word' id='word_1_274' title='bbox 382 2079 544 2127; x_wconf 79' lang='grc' dir='ltr'>ἰσότητα·</span> <span class='ocrx_word' id='word_1_275' title='bbox 569 2082 670 2117; x_wconf 82' lang='grc' dir='ltr'>τοῦτο</span> <span class='ocrx_word' id='word_1_276' title='bbox 685 2078 755 2130; x_wconf 85' lang='grc' dir='ltr'>γὰρ</span> <span class='ocrx_word' id='word_1_277' title='bbox 773 2076 836 2125; x_wconf 84' lang='grc' dir='ltr'>τὴν</span> <span class='ocrx_word' id='word_1_278' title='bbox 858 2077 975 2131; x_wconf 83' lang='grc' dir='ltr'>φιλίαν</span> <span class='ocrx_word' id='word_1_279' title='bbox 997 2077 1148 2129; x_wconf 86' lang='grc' dir='ltr'>συνέχει.</span> 
     </span>
    </p>

    <p class='ocr_par' dir='ltr' id='par_1_7' title="bbox 228 2135 1277 2901">
     <span class='ocr_line' id='line_1_34' title="bbox 282 2135 1277 2189; baseline -0.004 -11"><span class='ocrx_word' id='word_1_280' title='bbox 282 2138 389 2163; x_wconf 73' lang='grc'><strong>*****</strong></span> <span class='ocrx_word' id='word_1_281' title='bbox 406 2138 546 2178; x_wconf 85' lang='grc' dir='ltr'>Γίνεται</span> <span class='ocrx_word' id='word_1_282' title='bbox 567 2137 602 2177; x_wconf 85' lang='grc' dir='ltr'>δέ</span> <span class='ocrx_word' id='word_1_283' title='bbox 621 2154 695 2182; x_wconf 89' lang='grc' dir='ltr'>πως</span> <span class='ocrx_word' id='word_1_284' title='bbox 713 2136 845 2187; x_wconf 83' lang='grc' dir='ltr'>ἰσότης,</span> <span class='ocrx_word' id='word_1_285' title='bbox 864 2137 947 2175; x_wconf 81' lang='grc' dir='ltr'>ὅταν</span> <span class='ocrx_word' id='word_1_286' title='bbox 961 2140 1039 2175; x_wconf 90' lang='grc' dir='ltr'>κατ’</span> <span class='ocrx_word' id='word_1_287' title='bbox 1064 2136 1161 2181; x_wconf 85' lang='grc' dir='ltr'>ἀξίαν</span> <span class='ocrx_word' id='word_1_288' title='bbox 1180 2139 1202 2183; x_wconf 88' lang='grc' dir='ltr'>ἡ</span> <span class='ocrx_word' id='word_1_289' title='bbox 1225 2135 1277 2189; x_wconf 91' lang='grc' dir='ltr'>φί-</span> 
     </span>
     <span class='ocr_line' id='line_1_35' title="bbox 229 2195 1277 2250; baseline -0.005 -12"><span class='ocrx_word' id='word_1_290' title='bbox 229 2201 327 2247; x_wconf 89' lang='grc' dir='ltr'>λησις</span> <span class='ocrx_word' id='word_1_291' title='bbox 345 2198 482 2250; x_wconf 87' lang='grc' dir='ltr'>γίνηται</span> <span class='ocrx_word' id='word_1_292' title='bbox 497 2205 514 2221; x_wconf 71' lang='lat'>⁸²</span> <span class='ocrx_word' id='word_1_293' title='bbox 533 2197 594 2236; x_wconf 86' lang='grc' dir='ltr'>καὶ</span> <span class='ocrx_word' id='word_1_294' title='bbox 615 2196 655 2235; x_wconf 78' lang='grc' dir='ltr'>τὸ</span> <span class='ocrx_word' id='word_1_295' title='bbox 675 2196 807 2235; x_wconf 86' lang='grc' dir='ltr'>δίκαιον</span> <span class='ocrx_word' id='word_1_296' title='bbox 827 2196 862 2234; x_wconf 87' lang='grc' dir='ltr'>δὲ</span> <span class='ocrx_word' id='word_1_297' title='bbox 885 2197 918 2234; x_wconf 83' lang='grc' dir='ltr'>ἐν</span> <span class='ocrx_word' id='word_1_298' title='bbox 941 2198 984 2247; x_wconf 83' lang='grc' dir='ltr'>τῇ</span> <span class='ocrx_word' id='word_1_299' title='bbox 1007 2195 1141 2244; x_wconf 86' lang='grc' dir='ltr'>ἰσότητι</span> <span class='ocrx_word' id='word_1_300' title='bbox 1167 2197 1277 2243; x_wconf 87' lang='grc' dir='ltr'>σώζη-</span> 
     </span>
     <span class='ocr_line' id='line_1_36' title="bbox 228 2255 1273 2311; baseline -0.004 -13"><span class='ocrx_word' id='word_1_301' title='bbox 228 2276 301 2300; x_wconf 93' lang='grc' dir='ltr'>ται.</span> <span class='ocrx_word' id='word_1_302' title='bbox 321 2258 337 2283; x_wconf 76' lang='lat'>¹³</span> <span class='ocrx_word' id='word_1_303' title='bbox 354 2259 447 2298; x_wconf 83' lang='grc' dir='ltr'>Ἀλλ’</span> <span class='ocrx_word' id='word_1_304' title='bbox 460 2259 528 2311; x_wconf 81' lang='grc' dir='ltr'>οὐχ</span> <span class='ocrx_word' id='word_1_305' title='bbox 546 2257 672 2309; x_wconf 83' lang='grc' dir='ltr'>ὁμοίως</span> <span class='ocrx_word' id='word_1_306' title='bbox 689 2255 764 2310; x_wconf 84' lang='grc' dir='ltr'>ἔχει</span> <span class='ocrx_word' id='word_1_307' title='bbox 784 2256 823 2295; x_wconf 86' lang='grc' dir='ltr'>τὸ</span> <span class='ocrx_word' id='word_1_308' title='bbox 840 2256 916 2295; x_wconf 88' lang='grc' dir='ltr'>ἴσον</span> <span class='ocrx_word' id='word_1_309' title='bbox 926 2255 961 2295; x_wconf 86' lang='grc' dir='ltr'>ἔν</span> <span class='ocrx_word' id='word_1_310' title='bbox 972 2272 1010 2296; x_wconf 90' lang='grc' dir='ltr'>τε</span> <span class='ocrx_word' id='word_1_311' title='bbox 1026 2261 1098 2301; x_wconf 88' lang='grc' dir='ltr'>τοῖς</span> <span class='ocrx_word' id='word_1_312' title='bbox 1114 2255 1273 2306; x_wconf 81' lang='grc' dir='ltr'>δικαίοις,</span> 
     </span>
     <span class='ocr_line' id='line_1_37' title="bbox 229 2314 1276 2373; baseline -0.004 -15"><span class='ocrx_word' id='word_1_313' title='bbox 229 2319 288 2358; x_wconf 84' lang='grc' dir='ltr'>καὶ</span> <span class='ocrx_word' id='word_1_314' title='bbox 313 2322 347 2359; x_wconf 84' lang='grc' dir='ltr'>ἐν</span> <span class='ocrx_word' id='word_1_315' title='bbox 374 2322 417 2371; x_wconf 80' lang='grc' dir='ltr'>τῇ</span> <span class='ocrx_word' id='word_1_316' title='bbox 440 2318 554 2373; x_wconf 72' lang='grc' dir='ltr'>φιλία·</span> <span class='ocrx_word' id='word_1_317' title='bbox 578 2319 612 2357; x_wconf 83' lang='grc' dir='ltr'>ἐν</span> <span class='ocrx_word' id='word_1_318' title='bbox 635 2319 697 2368; x_wconf 87' lang='grc' dir='ltr'>μὲν</span> <span class='ocrx_word' id='word_1_319' title='bbox 713 2315 780 2369; x_wconf 82' lang='grc' dir='ltr'>γὰρ</span> <span class='ocrx_word' id='word_1_320' title='bbox 802 2322 872 2359; x_wconf 86' lang='grc' dir='ltr'>τοῖς</span> <span class='ocrx_word' id='word_1_321' title='bbox 886 2315 1030 2361; x_wconf 82' lang='grc' dir='ltr'>δικαίοις</span> <span class='ocrx_word' id='word_1_322' title='bbox 1045 2316 1192 2369; x_wconf 86' lang='grc' dir='ltr'>πρώτως</span> <span class='ocrx_word' id='word_1_323' title='bbox 1213 2314 1276 2366; x_wconf 83' lang='grc' dir='ltr'>μὲν</span> 
     </span>
     <span class='ocr_line' id='line_1_38' title="bbox 228 2375 1277 2428; baseline -0.004 -11"><span class='ocrx_word' id='word_1_324' title='bbox 228 2379 300 2417; x_wconf 85' lang='grc' dir='ltr'>ἴσον</span> <span class='ocrx_word' id='word_1_325' title='bbox 322 2378 497 2426; x_wconf 83' lang='grc' dir='ltr'>ζητεῖται,</span> <span class='ocrx_word' id='word_1_326' title='bbox 520 2377 560 2416; x_wconf 82' lang='grc' dir='ltr'>τὸ</span> <span class='ocrx_word' id='word_1_327' title='bbox 579 2378 658 2416; x_wconf 88' lang='grc' dir='ltr'>κατ’</span> <span class='ocrx_word' id='word_1_328' title='bbox 678 2375 798 2425; x_wconf 79' lang='grc' dir='ltr'>ἀξίαν,</span> <span class='ocrx_word' id='word_1_329' title='bbox 818 2375 879 2415; x_wconf 79' lang='grc' dir='ltr'>καὶ</span> <span class='ocrx_word' id='word_1_330' title='bbox 899 2375 1069 2426; x_wconf 81' lang='grc' dir='ltr'>ἀνάλογον</span> <span class='ocrx_word' id='word_1_331' title='bbox 1089 2375 1159 2419; x_wconf 81' lang='grc' dir='ltr'>τοῖς</span> <span class='ocrx_word' id='word_1_332' title='bbox 1179 2375 1277 2428; x_wconf 77' lang='grc' dir='ltr'>δεχο-</span> 
     </span>
     <span class='ocr_line' id='line_1_39' title="bbox 230 2433 1274 2489; baseline -0.004 -13"><span class='ocrx_word' id='word_1_333' title='bbox 230 2437 353 2486; x_wconf 85' lang='grc' dir='ltr'>μένοις·</span> <span class='ocrx_word' id='word_1_334' title='bbox 385 2435 551 2489; x_wconf 85' lang='grc' dir='ltr'>δευτέρως</span> <span class='ocrx_word' id='word_1_335' title='bbox 579 2435 615 2474; x_wconf 82' lang='grc' dir='ltr'>δὲ</span> <span class='ocrx_word' id='word_1_336' title='bbox 637 2437 795 2482; x_wconf 84' lang='grc' dir='ltr'>ζητεῖται</span> <span class='ocrx_word' id='word_1_337' title='bbox 822 2434 860 2473; x_wconf 83' lang='grc' dir='ltr'>τὸ</span> <span class='ocrx_word' id='word_1_338' title='bbox 889 2434 981 2474; x_wconf 84' lang='grc' dir='ltr'>κατὰ</span> <span class='ocrx_word' id='word_1_339' title='bbox 1010 2434 1072 2482; x_wconf 78' lang='grc' dir='ltr'>τὴν</span> <span class='ocrx_word' id='word_1_340' title='bbox 1093 2433 1274 2482; x_wconf 88' lang='grc' dir='ltr'>ποσότητα</span> 
     </span>
     <span class='ocr_line' id='line_1_40' title="bbox 230 2493 1276 2547; baseline -0.002 -13"><span class='ocrx_word' id='word_1_341' title='bbox 230 2496 317 2534; x_wconf 84' lang='grc' dir='ltr'>ἴσον·</span> <span class='ocrx_word' id='word_1_342' title='bbox 341 2494 400 2532; x_wconf 83' lang='grc' dir='ltr'>ἐὰν</span> <span class='ocrx_word' id='word_1_343' title='bbox 420 2494 487 2546; x_wconf 80' lang='grc' dir='ltr'>γὰρ</span> <span class='ocrx_word' id='word_1_344' title='bbox 508 2495 585 2532; x_wconf 84' lang='grc' dir='ltr'>κατ’</span> <span class='ocrx_word' id='word_1_345' title='bbox 613 2493 711 2540; x_wconf 81' lang='grc' dir='ltr'>ἀξίαν</span> <span class='ocrx_word' id='word_1_346' title='bbox 728 2494 789 2533; x_wconf 73' lang='grc' dir='ltr'>καὶ</span> <span class='ocrx_word' id='word_1_347' title='bbox 808 2493 976 2546; x_wconf 79' lang='grc' dir='ltr'>ἀνάλογον</span> <span class='ocrx_word' id='word_1_348' title='bbox 997 2493 1137 2547; x_wconf 86' lang='grc' dir='ltr'>γίνηται</span> <span class='ocrx_word' id='word_1_349' title='bbox 1155 2496 1176 2540; x_wconf 85' lang='grc' dir='ltr'>ἡ</span> <span class='ocrx_word' id='word_1_350' title='bbox 1201 2494 1276 2532; x_wconf 88' lang='grc' dir='ltr'>δια-</span> 
     </span>
     <span class='ocr_line' id='line_1_41' title="bbox 230 2552 1276 2607; baseline -0.001 -15"><span class='ocrx_word' id='word_1_351' title='bbox 230 2553 319 2604; x_wconf 85' lang='grc' dir='ltr'>νομή</span> <span class='ocrx_word' id='word_1_352' title='bbox 334 2583 344 2601; x_wconf 90' lang='grc'>,</span> <span class='ocrx_word' id='word_1_353' title='bbox 367 2554 484 2592; x_wconf 84' lang='grc' dir='ltr'>δικαία</span> <span class='ocrx_word' id='word_1_354' title='bbox 512 2553 606 2603; x_wconf 80' lang='grc' dir='ltr'>ἐστί,</span> <span class='ocrx_word' id='word_1_355' title='bbox 625 2553 690 2592; x_wconf 83' lang='grc' dir='ltr'>κᾶν</span> <span class='ocrx_word' id='word_1_356' title='bbox 710 2559 724 2576; x_wconf 75' lang='lat'><strong>⁰</strong></span> <span class='ocrx_word' id='word_1_357' title='bbox 748 2553 882 2607; x_wconf 87' lang='grc' dir='ltr'>σφόδρα</span> <span class='ocrx_word' id='word_1_358' title='bbox 913 2554 964 2606; x_wconf 82' lang='grc' dir='ltr'>τῷ</span> <span class='ocrx_word' id='word_1_359' title='bbox 987 2554 1088 2605; x_wconf 83' lang='grc' dir='ltr'>ποσῷ</span> <span class='ocrx_word' id='word_1_360' title='bbox 1111 2552 1276 2606; x_wconf 86' lang='grc' dir='ltr'>διαφέρῃ,</span> 
     </span>
     <span class='ocr_line' id='line_1_42' title="bbox 231 2610 1275 2663; baseline 0 -12"><span class='ocrx_word' id='word_1_361' title='bbox 231 2611 326 2651; x_wconf 81' lang='grc' dir='ltr'>οὐδὲν</span> <span class='ocrx_word' id='word_1_362' title='bbox 358 2611 486 2651; x_wconf 82' lang='grc' dir='ltr'>κωλύει</span> <span class='ocrx_word' id='word_1_363' title='bbox 514 2612 573 2651; x_wconf 79' lang='grc' dir='ltr'>τὸν</span> <span class='ocrx_word' id='word_1_364' title='bbox 595 2616 654 2650; x_wconf 80' lang='grc' dir='ltr'>τοῦ</span> <span class='ocrx_word' id='word_1_365' title='bbox 676 2612 811 2651; x_wconf 84' lang='grc' dir='ltr'>δικαίου</span> <span class='ocrx_word' id='word_1_366' title='bbox 845 2611 1016 2657; x_wconf 84' lang='grc' dir='ltr'>σώζεσθαι</span> <span class='ocrx_word' id='word_1_367' title='bbox 1043 2610 1158 2663; x_wconf 84' lang='grc' dir='ltr'>λόγον,</span> <span class='ocrx_word' id='word_1_368' title='bbox 1181 2613 1210 2649; x_wconf 87' lang='grc' dir='ltr'>εἷ</span> <span class='ocrx_word' id='word_1_369' title='bbox 1239 2612 1275 2651; x_wconf 83' lang='grc' dir='ltr'>δὲ</span> 
     </span>
     <span class='ocr_line' id='line_1_43' title="bbox 230 2669 1275 2722; baseline 0.002 -13"><span class='ocrx_word' id='word_1_370' title='bbox 230 2671 322 2710; x_wconf 80' lang='grc' dir='ltr'>κατὰ</span> <span class='ocrx_word' id='word_1_371' title='bbox 339 2671 378 2709; x_wconf 81' lang='grc' dir='ltr'>τὺ</span> <span class='ocrx_word' id='word_1_372' title='bbox 398 2670 506 2710; x_wconf 81' lang='grc' dir='ltr'>ποσὸν</span> <span class='ocrx_word' id='word_1_373' title='bbox 526 2669 586 2718; x_wconf 83' lang='grc' dir='ltr'>ἴση</span> <span class='ocrx_word' id='word_1_374' title='bbox 610 2671 663 2720; x_wconf 89' lang='grc' dir='ltr'>εἴη</span> <span class='ocrx_word' id='word_1_375' title='bbox 686 2671 746 2710; x_wconf 77' lang='grc' dir='ltr'>καὶ</span> <span class='ocrx_word' id='word_1_376' title='bbox 766 2670 815 2721; x_wconf 85' lang='grc' dir='ltr'>μὴ</span> <span class='ocrx_word' id='word_1_377' title='bbox 846 2671 1036 2722; x_wconf 81' lang='grc' dir='ltr'>ἀνάλογον,</span> <span class='ocrx_word' id='word_1_378' title='bbox 1065 2672 1104 2710; x_wconf 81' lang='grc' dir='ltr'>οὗ</span> <span class='ocrx_word' id='word_1_379' title='bbox 1131 2670 1275 2711; x_wconf 89' lang='grc' dir='ltr'>δύναται</span> 
     </span>
     <span class='ocr_line' id='line_1_44' title="bbox 231 2725 1275 2784; baseline 0 -15"><span class='ocrx_word' id='word_1_380' title='bbox 231 2725 319 2770; x_wconf 66' lang='grc' dir='ltr'>εἶναι</span> <span class='ocrx_word' id='word_1_381' title='bbox 335 2729 467 2768; x_wconf 82' lang='grc' dir='ltr'>δικαία·</span> <span class='ocrx_word' id='word_1_382' title='bbox 491 2729 549 2769; x_wconf 71' lang='grc' dir='ltr'>ἐπὶ</span> <span class='ocrx_word' id='word_1_383' title='bbox 570 2730 604 2769; x_wconf 81' lang='grc' dir='ltr'>δὲ</span> <span class='ocrx_word' id='word_1_384' title='bbox 627 2733 689 2778; x_wconf 85' lang='grc' dir='ltr'>τ’ἧς</span> <span class='ocrx_word' id='word_1_385' title='bbox 709 2730 825 2784; x_wconf 86' lang='grc' dir='ltr'>φιλίας</span> <span class='ocrx_word' id='word_1_386' title='bbox 847 2730 1034 2769; x_wconf 84' lang='grc' dir='ltr'>ἀνάπαλιν·</span> <span class='ocrx_word' id='word_1_387' title='bbox 1055 2729 1095 2769; x_wconf 88' lang='grc' dir='ltr'>τὸ</span> <span class='ocrx_word' id='word_1_388' title='bbox 1114 2729 1181 2783; x_wconf 84' lang='grc' dir='ltr'>γὰρ</span> <span class='ocrx_word' id='word_1_389' title='bbox 1201 2729 1275 2769; x_wconf 89' lang='grc' dir='ltr'>ἴσον</span> 
     </span>
     <span class='ocr_line' id='line_1_45' title="bbox 232 2788 1272 2843; baseline 0 -15"><span class='ocrx_word' id='word_1_390' title='bbox 232 2791 267 2828; x_wconf 82' lang='grc' dir='ltr'>ἐν</span> <span class='ocrx_word' id='word_1_391' title='bbox 286 2788 398 2842; x_wconf 90' lang='grc' dir='ltr'>ταύτῃ</span> <span class='ocrx_word' id='word_1_392' title='bbox 417 2791 591 2838; x_wconf 86' lang='grc' dir='ltr'>ζητεῖται,</span> <span class='ocrx_word' id='word_1_393' title='bbox 612 2792 752 2843; x_wconf 84' lang='grc' dir='ltr'>πρῶτον</span> <span class='ocrx_word' id='word_1_394' title='bbox 775 2789 838 2841; x_wconf 82' lang='grc' dir='ltr'>μὲν</span> <span class='ocrx_word' id='word_1_395' title='bbox 865 2790 958 2829; x_wconf 85' lang='grc' dir='ltr'>κατὰ</span> <span class='ocrx_word' id='word_1_396' title='bbox 987 2789 1050 2838; x_wconf 83' lang='grc' dir='ltr'>τὴν</span> <span class='ocrx_word' id='word_1_397' title='bbox 1073 2789 1272 2840; x_wconf 86' lang='grc' dir='ltr'>ποσότητα,</span> 
     </span>
     <span class='ocr_line' id='line_1_46' title="bbox 231 2848 827 2901; baseline -0.002 -13"><span class='ocrx_word' id='word_1_398' title='bbox 231 2849 399 2901; x_wconf 86' lang='grc' dir='ltr'>δευτέρως</span> <span class='ocrx_word' id='word_1_399' title='bbox 421 2850 456 2887; x_wconf 82' lang='grc' dir='ltr'>δὲ</span> <span class='ocrx_word' id='word_1_400' title='bbox 476 2848 567 2888; x_wconf 81' lang='grc' dir='ltr'>κατὰ</span> <span class='ocrx_word' id='word_1_401' title='bbox 587 2849 627 2888; x_wconf 87' lang='grc' dir='ltr'>τὸ</span> <span class='ocrx_word' id='word_1_402' title='bbox 643 2849 827 2901; x_wconf 81' lang='grc' dir='ltr'>ἀνάλογον.</span> 
     </span>
    </p>

    <p class='ocr_par' dir='ltr' id='par_1_8' title="bbox 230 2907 1274 3201">
     <span class='ocr_line' id='line_1_47' title="bbox 284 2907 1274 2963; baseline 0.001 -15"><span class='ocrx_word' id='word_1_403' title='bbox 284 2908 410 2932; x_wconf 79' lang='lat'><em>******</em></span> <span class='ocrx_word' id='word_1_404' title='bbox 427 2908 513 2948; x_wconf 83' lang='grc' dir='ltr'>Ἐὰν</span> <span class='ocrx_word' id='word_1_405' title='bbox 525 2908 592 2962; x_wconf 83' lang='grc' dir='ltr'>γὰρ</span> <span class='ocrx_word' id='word_1_406' title='bbox 608 2907 696 2947; x_wconf 75' lang='grc' dir='ltr'>πολὺ</span> <span class='ocrx_word' id='word_1_407' title='bbox 712 2907 996 2963; x_wconf 62' lang='grc' dir='ltr'>διαφέρωσιᾱκαὶ</span> <span class='ocrx_word' id='word_1_408' title='bbox 1007 2909 1046 2948; x_wconf 85' lang='grc' dir='ltr'>τὸ</span> <span class='ocrx_word' id='word_1_409' title='bbox 1064 2908 1192 2959; x_wconf 76' lang='grc' dir='ltr'>μεταξὺ</span> <span class='ocrx_word' id='word_1_410' title='bbox 1202 2910 1274 2950; x_wconf 83' lang='grc' dir='ltr'>διοί-</span> 
     </span>
     <span class='ocr_line' id='line_1_48' title="bbox 231 2962 1273 3023; baseline 0.001 -15"><span class='ocrx_word' id='word_1_411' title='bbox 231 2984 351 3020; x_wconf 86' lang='grc' dir='ltr'>στημα</span> <span class='ocrx_word' id='word_1_412' title='bbox 367 2969 430 3008; x_wconf 80' lang='grc' dir='ltr'>οὐκ</span> <span class='ocrx_word' id='word_1_413' title='bbox 445 2968 560 3020; x_wconf 82' lang='grc' dir='ltr'>ὀλίγον</span> <span class='ocrx_word' id='word_1_414' title='bbox 578 2962 615 3021; x_wconf 67' lang='grc' dir='ltr'>ἦ,</span> <span class='ocrx_word' id='word_1_415' title='bbox 631 2968 763 3021; x_wconf 88' lang='grc' dir='ltr'>σφόδρα</span> <span class='ocrx_word' id='word_1_416' title='bbox 778 2968 813 3007; x_wconf 86' lang='grc' dir='ltr'>δὲ</span> <span class='ocrx_word' id='word_1_417' title='bbox 831 2968 949 3021; x_wconf 87' lang='grc' dir='ltr'>ἅτερος</span> <span class='ocrx_word' id='word_1_418' title='bbox 961 2969 1105 3022; x_wconf 85' lang='grc' dir='ltr'>θατέρου</span> <span class='ocrx_word' id='word_1_419' title='bbox 1119 2970 1273 3023; x_wconf 78' lang='grc' dir='ltr'>ὑπερέχῃ</span> 
     </span>
     <span class='ocr_line' id='line_1_49' title="bbox 231 3027 1274 3081; baseline -0.001 -14"><span class='ocrx_word' id='word_1_420' title='bbox 231 3030 362 3081; x_wconf 81' lang='grc' dir='ltr'>ἀρετῇ,</span> <span class='ocrx_word' id='word_1_421' title='bbox 381 3028 404 3074; x_wconf 83' lang='grc' dir='ltr'>ἢ</span> <span class='ocrx_word' id='word_1_422' title='bbox 427 3027 591 3081; x_wconf 73' lang='grc' dir='ltr'>εὗπορίᾳ,</span> <span class='ocrx_word' id='word_1_423' title='bbox 610 3027 632 3075; x_wconf 80' lang='grc' dir='ltr'>ἦ</span> <span class='ocrx_word' id='word_1_424' title='bbox 656 3043 723 3066; x_wconf 88' lang='grc' dir='ltr'>τινι</span> <span class='ocrx_word' id='word_1_425' title='bbox 751 3027 869 3081; x_wconf 82' lang='grc' dir='ltr'>ἄλλῳ,</span> <span class='ocrx_word' id='word_1_426' title='bbox 896 3029 958 3067; x_wconf 76' lang='grc' dir='ltr'>οὐκ</span> <span class='ocrx_word' id='word_1_427' title='bbox 975 3028 1040 3067; x_wconf 86' lang='grc' dir='ltr'>εἰσὶ</span> <span class='ocrx_word' id='word_1_428' title='bbox 1061 3027 1169 3080; x_wconf 84' lang='grc' dir='ltr'>φίλοι·</span> <span class='ocrx_word' id='word_1_429' title='bbox 1197 3027 1274 3067; x_wconf 85' lang='grc' dir='ltr'>οὔτε</span> 
     </span>
     <span class='ocr_line' id='line_1_50' title="bbox 230 3086 1274 3141; baseline 0 -14"><span class='ocrx_word' id='word_1_430' title='bbox 230 3088 298 3141; x_wconf 82' lang='grc' dir='ltr'>γὰρ</span> <span class='ocrx_word' id='word_1_431' title='bbox 316 3087 492 3136; x_wconf 83' lang='grc' dir='ltr'>δύνανται,</span> <span class='ocrx_word' id='word_1_432' title='bbox 513 3086 590 3125; x_wconf 82' lang='grc' dir='ltr'>οὔτε</span> <span class='ocrx_word' id='word_1_433' title='bbox 607 3086 804 3139; x_wconf 87' lang='grc' dir='ltr'>βούλονται.</span> <span class='ocrx_word' id='word_1_434' title='bbox 822 3086 1078 3141; x_wconf 72' lang='grc' dir='ltr'>Φανερώτερσν</span> <span class='ocrx_word' id='word_1_435' title='bbox 1093 3088 1128 3127; x_wconf 83' lang='grc' dir='ltr'>δὲ</span> <span class='ocrx_word' id='word_1_436' title='bbox 1141 3087 1274 3140; x_wconf 85' lang='grc' dir='ltr'>γίνεται</span> 
     </span>
     <span class='ocr_line' id='line_1_51' title="bbox 230 3145 1272 3201; baseline 0 -15"><span class='ocrx_word' id='word_1_437' title='bbox 230 3150 283 3201; x_wconf 84' lang='grc' dir='ltr'>ἐφ’</span> <span class='ocrx_word' id='word_1_438' title='bbox 305 3148 405 3195; x_wconf 75' lang='grc' dir='ltr'>ἡμῶν</span> <span class='ocrx_word' id='word_1_439' title='bbox 429 3146 488 3186; x_wconf 80' lang='grc' dir='ltr'>καὶ</span> <span class='ocrx_word' id='word_1_440' title='bbox 513 3149 572 3185; x_wconf 81' lang='grc' dir='ltr'>τοῦ</span> <span class='ocrx_word' id='word_1_441' title='bbox 595 3149 688 3185; x_wconf 78' lang='grc' dir='ltr'>θεοῦ·</span> <span class='ocrx_word' id='word_1_442' title='bbox 717 3145 853 3199; x_wconf 78' lang='grc' dir='ltr'>ὅτιγὰρ</span> <span class='ocrx_word' id='word_1_443' title='bbox 870 3148 1033 3186; x_wconf 88' lang='grc' dir='ltr'>πλεῖστον</span> <span class='ocrx_word' id='word_1_444' title='bbox 1064 3149 1165 3198; x_wconf 78' lang='grc' dir='ltr'>ἡμῶν</span> <span class='ocrx_word' id='word_1_445' title='bbox 1185 3153 1272 3186; x_wconf 82' lang='grc' dir='ltr'>πᾶσι</span> 
     </span>
    </p>
   </div>
   <div class='ocr_carea' id='block_1_3' title="bbox 1082 151 1569 195">
    <p class='ocr_par' dir='ltr' id='par_1_9' title="bbox 1082 151 1569 195">
     <span class='ocr_line' id='line_1_52' title="bbox 1082 151 1569 195; baseline 0.006 -3"><span class='ocrx_word' id='word_1_446' title='bbox 1082 151 1291 193; x_wconf 87' lang='lat' dir='ltr'><strong>ANDRON</strong></span> <span class='ocrx_word' id='word_1_447' title='bbox 1298 153 1362 194; x_wconf 89' lang='lat' dir='ltr'>ICI</span> <span class='ocrx_word' id='word_1_448' title='bbox 1390 155 1569 195; x_wconf 90' lang='lat' dir='ltr'>RHODlI</span> 
     </span>
    </p>
   </div>
   <div class='ocr_carea' id='block_1_4' title="bbox 1339 249 2442 614">
    <p class='ocr_par' dir='ltr' id='par_1_10' title="bbox 1339 249 2442 614">
     <span class='ocr_line' id='line_1_53' title="bbox 1344 249 2442 296; baseline 0.007 -15"><span class='ocrx_word' id='word_1_449' title='bbox 1344 249 1497 282; x_wconf 76' lang='lat' dir='ltr'>amicitiae</span> <span class='ocrx_word' id='word_1_450' title='bbox 1525 249 1681 282; x_wconf 85' lang='lat' dir='ltr'>videntur</span> <span class='ocrx_word' id='word_1_451' title='bbox 1699 259 1790 289; x_wconf 80' lang='lat' dir='ltr'>esse,</span> <span class='ocrx_word' id='word_1_452' title='bbox 1817 259 1857 283; x_wconf 84' lang='lat' dir='ltr'>ex</span> <span class='ocrx_word' id='word_1_453' title='bbox 1889 253 1982 292; x_wconf 87' lang='lat' dir='ltr'>parte</span> <span class='ocrx_word' id='word_1_454' title='bbox 2006 262 2071 285; x_wconf 89' lang='lat' dir='ltr'>non</span> <span class='ocrx_word' id='word_1_455' title='bbox 2091 254 2171 286; x_wconf 86' lang='lat' dir='ltr'>item</span> <span class='ocrx_word' id='word_1_456' title='bbox 2194 264 2202 284; x_wconf 75' lang='grc' dir='ltr'><em>τ</em></span> <span class='ocrx_word' id='word_1_457' title='bbox 2220 256 2404 296; x_wconf 65' lang='lat' dir='ltr'>quatenus&gt;</span> <span class='ocrx_word' id='word_1_458' title='bbox 2423 260 2442 272; x_wconf 63' lang='lat'><em>³</em></span> 
     </span>
     <span class='ocr_line' id='line_1_54' title="bbox 1343 290 2402 335; baseline 0.007 -12"><span class='ocrx_word' id='word_1_459' title='bbox 1343 290 1429 323; x_wconf 90' lang='lat' dir='ltr'>enim</span> <span class='ocrx_word' id='word_1_460' title='bbox 1449 291 1490 324; x_wconf 88' lang='lat' dir='ltr'>ad</span> <span class='ocrx_word' id='word_1_461' title='bbox 1514 290 1668 333; x_wconf 80' lang='lat' dir='ltr'>perfectae</span> <span class='ocrx_word' id='word_1_462' title='bbox 1684 291 1838 324; x_wconf 77' lang='lat' dir='ltr'>amicitiae</span> <span class='ocrx_word' id='word_1_463' title='bbox 1853 291 2100 327; x_wconf 87' lang='lat' dir='ltr'>similitudinem</span> <span class='ocrx_word' id='word_1_464' title='bbox 2116 295 2288 335; x_wconf 86' lang='lat' dir='ltr'>accedunt,</span> <span class='ocrx_word' id='word_1_465' title='bbox 2303 305 2323 328; x_wconf 87' lang='lat' dir='ltr'>a</span> <span class='ocrx_word' id='word_1_466' title='bbox 2348 295 2384 334; x_wconf 63' lang='lat'>,&#39;-</span> <span class='ocrx_word' id='word_1_467' title='bbox 2399 330 2402 332; x_wconf 86' lang='grc'>,</span> 
     </span>
     <span class='ocr_line' id='line_1_55' title="bbox 1342 305 2403 378; baseline 0.007 -15"><span class='ocrx_word' id='word_1_468' title='bbox 1342 332 1429 364; x_wconf 79' lang='lat' dir='ltr'>ciliae</span> <span class='ocrx_word' id='word_1_469' title='bbox 1452 335 1548 370; x_wconf 87' lang='lat' dir='ltr'>sunt,</span> <span class='ocrx_word' id='word_1_470' title='bbox 1573 335 1738 374; x_wconf 85' lang='lat' dir='ltr'>quatenus</span> <span class='ocrx_word' id='word_1_471' title='bbox 1758 342 1836 365; x_wconf 86' lang='lat' dir='ltr'>vero</span> <span class='ocrx_word' id='word_1_472' title='bbox 1857 333 1898 366; x_wconf 89' lang='lat' dir='ltr'>ab</span> <span class='ocrx_word' id='word_1_473' title='bbox 1922 342 1960 366; x_wconf 90' lang='lat' dir='ltr'>ea</span> <span class='ocrx_word' id='word_1_474' title='bbox 1987 334 2195 378; x_wconf 79' lang='lat' dir='ltr'>discrepant,</span> <span class='ocrx_word' id='word_1_475' title='bbox 2218 347 2284 370; x_wconf 91' lang='lat' dir='ltr'>non</span> <span class='ocrx_word' id='word_1_476' title='bbox 2305 305 2403 370; x_wconf 49' lang='lat' dir='ltr'>effi?</span> 
     </span>
     <span class='ocr_line' id='line_1_56' title="bbox 1343 373 2401 427; baseline 0.007 -22"><span class='ocrx_word' id='word_1_477' title='bbox 1343 373 1507 406; x_wconf 84' lang='lat' dir='ltr'>amicitiae.</span> <span class='ocrx_word' id='word_1_478' title='bbox 1528 376 1651 415; x_wconf 80' lang='lat' dir='ltr'><strong>Nempe</strong></span> <span class='ocrx_word' id='word_1_479' title='bbox 1676 373 1800 406; x_wconf 80' lang='lat' dir='ltr'>similes</span> <span class='ocrx_word' id='word_1_480' title='bbox 1831 377 1924 414; x_wconf 88' lang='lat' dir='ltr'>sunt,</span> <span class='ocrx_word' id='word_1_481' title='bbox 1945 378 2116 418; x_wconf 86' lang='lat' dir='ltr'>propterea</span> <span class='ocrx_word' id='word_1_482' title='bbox 2132 378 2221 419; x_wconf 87' lang='lat' dir='ltr'>quod</span> <span class='ocrx_word' id='word_1_483' title='bbox 2234 377 2401 427; x_wconf 65' lang='lat' dir='ltr'>perfecta</span> 
     </span>
     <span class='ocr_line' id='line_1_57' title="bbox 1342 415 2397 454; baseline 0.007 -8"><span class='ocrx_word' id='word_1_484' title='bbox 1342 415 1485 447; x_wconf 86' lang='lat' dir='ltr'>amicitia</span> <span class='ocrx_word' id='word_1_485' title='bbox 1501 417 1533 448; x_wconf 86' lang='lat' dir='ltr'>et</span> <span class='ocrx_word' id='word_1_486' title='bbox 1556 415 1677 447; x_wconf 90' lang='lat' dir='ltr'>bonum</span> <span class='ocrx_word' id='word_1_487' title='bbox 1696 415 1840 448; x_wconf 89' lang='lat' dir='ltr'>continet</span> <span class='ocrx_word' id='word_1_488' title='bbox 1862 417 1896 448; x_wconf 83' lang='lat' dir='ltr'>et</span> <span class='ocrx_word' id='word_1_489' title='bbox 1924 416 2006 449; x_wconf 88' lang='lat' dir='ltr'>utile</span> <span class='ocrx_word' id='word_1_490' title='bbox 2036 426 2044 446; x_wconf 76' lang='grc' dir='ltr'><strong><em>ε</em></strong></span> <span class='ocrx_word' id='word_1_491' title='bbox 2071 427 2187 452; x_wconf 80' lang='lat' dir='ltr'>rursus</span> <span class='ocrx_word' id='word_1_492' title='bbox 2209 419 2397 454; x_wconf 54' lang='lat' dir='ltr'>dissimiles</span> 
     </span>
     <span class='ocr_line' id='line_1_58' title="bbox 1342 456 2383 502; baseline 0.007 -14"><span class='ocrx_word' id='word_1_493' title='bbox 1342 459 1428 495; x_wconf 85' lang='lat' dir='ltr'>sunt,</span> <span class='ocrx_word' id='word_1_494' title='bbox 1458 457 1538 499; x_wconf 88' lang='lat' dir='ltr'>quia</span> <span class='ocrx_word' id='word_1_495' title='bbox 1559 457 1615 489; x_wconf 84' lang='lat' dir='ltr'>illa</span> <span class='ocrx_word' id='word_1_496' title='bbox 1637 456 1772 498; x_wconf 87' lang='lat' dir='ltr'>quidem</span> <span class='ocrx_word' id='word_1_497' title='bbox 1795 456 1892 499; x_wconf 89' lang='lat' dir='ltr'>culpa</span> <span class='ocrx_word' id='word_1_498' title='bbox 1915 460 2011 490; x_wconf 86' lang='lat' dir='ltr'>vacat</span> <span class='ocrx_word' id='word_1_499' title='bbox 2040 461 2072 491; x_wconf 85' lang='lat' dir='ltr'>et</span> <span class='ocrx_word' id='word_1_500' title='bbox 2099 460 2225 493; x_wconf 88' lang='lat' dir='ltr'>stabilis</span> <span class='ocrx_word' id='word_1_501' title='bbox 2247 462 2310 502; x_wconf 85' lang='lat' dir='ltr'>est,</span> <span class='ocrx_word' id='word_1_502' title='bbox 2327 460 2383 494; x_wconf 76' lang='lat' dir='ltr'>hae</span> 
     </span>
     <span class='ocr_line' id='line_1_59' title="bbox 1341 498 2384 539; baseline 0.007 -10"><span class='ocrx_word' id='word_1_503' title='bbox 1341 507 1419 530; x_wconf 87' lang='lat' dir='ltr'>vero</span> <span class='ocrx_word' id='word_1_504' title='bbox 1437 498 1502 531; x_wconf 86' lang='lat' dir='ltr'>cito</span> <span class='ocrx_word' id='word_1_505' title='bbox 1520 500 1703 537; x_wconf 86' lang='lat' dir='ltr'>mutantur,</span> <span class='ocrx_word' id='word_1_506' title='bbox 1726 498 1864 539; x_wconf 88' lang='lat' dir='ltr'>aliisque</span> <span class='ocrx_word' id='word_1_507' title='bbox 1881 499 1996 531; x_wconf 89' lang='lat' dir='ltr'>multis</span> <span class='ocrx_word' id='word_1_508' title='bbox 2015 500 2114 532; x_wconf 88' lang='lat' dir='ltr'>rebus</span> <span class='ocrx_word' id='word_1_509' title='bbox 2129 500 2299 535; x_wconf 81' lang='lat' dir='ltr'>differunt.</span> <span class='ocrx_word' id='word_1_510' title='bbox 2322 502 2384 536; x_wconf 71' lang='lat' dir='ltr'>11ae</span> 
     </span>
     <span class='ocr_line' id='line_1_60' title="bbox 1341 538 2384 613; baseline 0.007 -42"><span class='ocrx_word' id='word_1_511' title='bbox 1341 548 1432 613; x_wconf 55' lang='lat' dir='ltr'>etrgot</span> <span class='ocrx_word' id='word_1_512' title='bbox 1442 539 1566 582; x_wconf 88' lang='lat' dir='ltr'>species</span> <span class='ocrx_word' id='word_1_513' title='bbox 1588 548 1701 572; x_wconf 88' lang='lat' dir='ltr'>omnes</span> <span class='ocrx_word' id='word_1_514' title='bbox 1719 539 1753 572; x_wconf 89' lang='lat' dir='ltr'>in</span> <span class='ocrx_word' id='word_1_515' title='bbox 1778 538 1992 573; x_wconf 79' lang='lat' dir='ltr'>similitudine</span> <span class='ocrx_word' id='word_1_516' title='bbox 2018 543 2052 573; x_wconf 87' lang='lat' dir='ltr'>et</span> <span class='ocrx_word' id='word_1_517' title='bbox 2070 542 2260 584; x_wconf 79' lang='lat' dir='ltr'>aequalitate</span> <span class='ocrx_word' id='word_1_518' title='bbox 2275 543 2384 578; x_wconf 62' lang='lat' dir='ltr'>omni-</span> 
     </span>
     <span class='ocr_line' id='line_1_61' title="bbox 1339 590 1443 614; baseline 0.01 -1"><span class='ocrx_word' id='word_1_519' title='bbox 1339 590 1356 613; x_wconf 89' lang='lat' dir='ltr'>s</span> <span class='ocrx_word' id='word_1_520' title='bbox 1373 590 1416 613; x_wconf 92' lang='lat' dir='ltr'>un</span> <span class='ocrx_word' id='word_1_521' title='bbox 1436 607 1443 614; x_wconf 92' lang='lat'><strong><em>.</em></strong></span> 
     </span>
    </p>
   </div>
   <div class='ocr_carea' id='block_1_5' title="bbox 1338 619 2400 877">
    <p class='ocr_par' dir='ltr' id='par_1_11' title="bbox 1338 619 2400 824">
     <span class='ocr_line' id='line_1_62' title="bbox 1379 619 2384 673; baseline 0.005 -12"><span class='ocrx_word' id='word_1_522' title='bbox 1379 630 1438 661; x_wconf 86' lang='lat' dir='ltr'>Est</span> <span class='ocrx_word' id='word_1_523' title='bbox 1455 637 1532 661; x_wconf 89' lang='lat' dir='ltr'>vero</span> <span class='ocrx_word' id='word_1_524' title='bbox 1557 631 1590 662; x_wconf 88' lang='lat' dir='ltr'>et</span> <span class='ocrx_word' id='word_1_525' title='bbox 1613 630 1676 662; x_wconf 90' lang='lat' dir='ltr'>alia</span> <span class='ocrx_word' id='word_1_526' title='bbox 1701 629 1853 662; x_wconf 86' lang='lat' dir='ltr'>amicitiae</span> <span class='ocrx_word' id='word_1_527' title='bbox 1874 629 2016 671; x_wconf 82' lang='lat' dir='ltr'>species,</span> <span class='ocrx_word' id='word_1_528' title='bbox 2037 639 2114 673; x_wconf 81' lang='lat' dir='ltr'>quae</span> <span class='ocrx_word' id='word_1_529' title='bbox 2133 629 2168 663; x_wconf 91' lang='lat' dir='ltr'>in</span> <span class='ocrx_word' id='word_1_530' title='bbox 2190 619 2384 668; x_wconf 69' lang='lat' dir='ltr'>excellentia</span> 
     </span>
     <span class='ocr_line' id='line_1_63' title="bbox 1339 676 2384 724; baseline 0.002 -9"><span class='ocrx_word' id='word_1_531' title='bbox 1339 679 1484 715; x_wconf 87' lang='lat' dir='ltr'>cernitur</span> <span class='ocrx_word' id='word_1_532' title='bbox 1502 691 1509 710; x_wconf 89' lang='lat'>:</span> <span class='ocrx_word' id='word_1_533' title='bbox 1526 680 1617 714; x_wconf 88' lang='lat' dir='ltr'>velut</span> <span class='ocrx_word' id='word_1_534' title='bbox 1639 690 1715 723; x_wconf 67' lang='lat' dir='ltr'>quae</span> <span class='ocrx_word' id='word_1_535' title='bbox 1741 681 1826 724; x_wconf 84' lang='lat' dir='ltr'>patri</span> <span class='ocrx_word' id='word_1_536' title='bbox 1849 680 2023 714; x_wconf 80' lang='lat' dir='ltr'>intercedit</span> <span class='ocrx_word' id='word_1_537' title='bbox 2042 690 2118 714; x_wconf 90' lang='lat' dir='ltr'>cum</span> <span class='ocrx_word' id='word_1_538' title='bbox 2137 681 2214 721; x_wconf 81' lang='lat' dir='ltr'>tilio,</span> <span class='ocrx_word' id='word_1_539' title='bbox 2232 676 2384 717; x_wconf 36' lang='lat' dir='ltr'>omuino*—</span> 
     </span>
     <span class='ocr_line' id='line_1_64' title="bbox 1338 726 2400 777; baseline 0.005 -14"><span class='ocrx_word' id='word_1_540' title='bbox 1338 740 1404 773; x_wconf 91' lang='lat' dir='ltr'>que</span> <span class='ocrx_word' id='word_1_541' title='bbox 1422 730 1491 764; x_wconf 90' lang='lat' dir='ltr'>seni</span> <span class='ocrx_word' id='word_1_542' title='bbox 1510 740 1586 764; x_wconf 90' lang='lat' dir='ltr'>cum</span> <span class='ocrx_word' id='word_1_543' title='bbox 1609 732 1745 773; x_wconf 84' lang='lat' dir='ltr'>juvene,</span> <span class='ocrx_word' id='word_1_544' title='bbox 1781 732 1854 765; x_wconf 87' lang='lat' dir='ltr'>viro</span> <span class='ocrx_word' id='word_1_545' title='bbox 1880 741 1956 764; x_wconf 92' lang='lat' dir='ltr'>cum</span> <span class='ocrx_word' id='word_1_546' title='bbox 1974 741 2099 774; x_wconf 83' lang='lat' dir='ltr'>uxore,</span> <span class='ocrx_word' id='word_1_547' title='bbox 2129 731 2220 766; x_wconf 82' lang='lat' dir='ltr'>omni</span> <span class='ocrx_word' id='word_1_548' title='bbox 2240 726 2400 777; x_wconf 57' lang='lat' dir='ltr'>denique*</span> 
     </span>
     <span class='ocr_line' id='line_1_65' title="bbox 1338 781 2392 824; baseline 0.004 -11"><span class='ocrx_word' id='word_1_549' title='bbox 1338 781 1456 814; x_wconf 86' lang='lat' dir='ltr'>rectori</span> <span class='ocrx_word' id='word_1_550' title='bbox 1475 790 1551 814; x_wconf 91' lang='lat' dir='ltr'>cum</span> <span class='ocrx_word' id='word_1_551' title='bbox 1570 791 1608 814; x_wconf 87' lang='lat' dir='ltr'>eo</span> <span class='ocrx_word' id='word_1_552' title='bbox 1622 782 1679 824; x_wconf 91' lang='lat' dir='ltr'>qui</span> <span class='ocrx_word' id='word_1_553' title='bbox 1699 782 1833 824; x_wconf 85' lang='lat' dir='ltr'>regitur.</span> <span class='ocrx_word' id='word_1_554' title='bbox 2281 797 2285 804; x_wconf 36' lang='grc' dir='ltr'><em>Δ</em></span> <span class='ocrx_word' id='word_1_555' title='bbox 2360 808 2361 811; x_wconf 65' lang='lat'>,</span> <span class='ocrx_word' id='word_1_556' title='bbox 2386 799 2392 809; x_wconf 64' lang='grc'>·»</span> 
     </span>
    </p>

    <p class='ocr_par' dir='ltr' id='par_1_12' title="bbox 1379 832 2390 877">
     <span class='ocr_line' id='line_1_66' title="bbox 1379 832 2390 877; baseline 0.004 -12"><span class='ocrx_word' id='word_1_557' title='bbox 1379 832 1445 866; x_wconf 88' lang='lat' dir='ltr'>Sed</span> <span class='ocrx_word' id='word_1_558' title='bbox 1466 834 1499 866; x_wconf 85' lang='lat' dir='ltr'>et</span> <span class='ocrx_word' id='word_1_559' title='bbox 1520 833 1573 866; x_wconf 77' lang='lat' dir='ltr'>hae</span> <span class='ocrx_word' id='word_1_560' title='bbox 1587 833 1670 866; x_wconf 83' lang='lat' dir='ltr'>inter</span> <span class='ocrx_word' id='word_1_561' title='bbox 1693 842 1727 866; x_wconf 86' lang='lat' dir='ltr'>se</span> <span class='ocrx_word' id='word_1_562' title='bbox 1746 832 1917 867; x_wconf 82' lang='lat' dir='ltr'>differunt.</span> <span class='ocrx_word' id='word_1_563' title='bbox 1943 835 2059 876; x_wconf 86' lang='lat' dir='ltr'>Neque</span> <span class='ocrx_word' id='word_1_564' title='bbox 2085 834 2173 867; x_wconf 89' lang='lat' dir='ltr'>enim</span> <span class='ocrx_word' id='word_1_565' title='bbox 2192 833 2309 868; x_wconf 80' lang='lat' dir='ltr'>eadem</span> <span class='ocrx_word' id='word_1_566' title='bbox 2323 843 2366 877; x_wconf 87' lang='lat' dir='ltr'>pa</span> <span class='ocrx_word' id='word_1_567' title='bbox 2387 848 2390 851; x_wconf 93' lang='lat'>·</span> 
     </span>
    </p>
   </div>
   <div class='ocr_carea' id='block_1_6' title="bbox 1333 891 2406 3196">
    <p class='ocr_par' dir='ltr' id='par_1_13' title="bbox 1337 891 2396 1587">
     <span class='ocr_line' id='line_1_67' title="bbox 1338 891 2391 936; baseline 0.002 -12"><span class='ocrx_word' id='word_1_568' title='bbox 1338 891 1489 925; x_wconf 88' lang='lat' dir='ltr'>rentibus</span> <span class='ocrx_word' id='word_1_569' title='bbox 1507 901 1582 924; x_wconf 85' lang='lat' dir='ltr'>cum</span> <span class='ocrx_word' id='word_1_570' title='bbox 1597 892 1719 934; x_wconf 84' lang='lat' dir='ltr'>liberis,</span> <span class='ocrx_word' id='word_1_571' title='bbox 1739 895 1772 926; x_wconf 88' lang='lat' dir='ltr'>et</span> <span class='ocrx_word' id='word_1_572' title='bbox 1787 893 1970 926; x_wconf 88' lang='lat' dir='ltr'>rectoribus</span> <span class='ocrx_word' id='word_1_573' title='bbox 1983 902 2058 926; x_wconf 90' lang='lat' dir='ltr'>cum</span> <span class='ocrx_word' id='word_1_574' title='bbox 2070 893 2111 926; x_wconf 91' lang='lat' dir='ltr'>iis</span> <span class='ocrx_word' id='word_1_575' title='bbox 2125 893 2185 936; x_wconf 92' lang='lat' dir='ltr'>qui</span> <span class='ocrx_word' id='word_1_576' title='bbox 2197 895 2357 936; x_wconf 63' lang='lat' dir='ltr'>reguntur</span> <span class='ocrx_word' id='word_1_577' title='bbox 2373 905 2391 926; x_wconf 79' lang='lat'>:-</span> 
     </span>
     <span class='ocr_line' id='line_1_68' title="bbox 1338 952 2384 996; baseline 0 -11"><span class='ocrx_word' id='word_1_578' title='bbox 1338 952 1396 986; x_wconf 88' lang='lat' dir='ltr'>sed</span> <span class='ocrx_word' id='word_1_579' title='bbox 1410 962 1470 986; x_wconf 86' lang='lat' dir='ltr'>nec</span> <span class='ocrx_word' id='word_1_580' title='bbox 1490 952 1576 995; x_wconf 87' lang='lat' dir='ltr'>patri</span> <span class='ocrx_word' id='word_1_581' title='bbox 1595 962 1670 985; x_wconf 93' lang='lat' dir='ltr'>cum</span> <span class='ocrx_word' id='word_1_582' title='bbox 1688 953 1774 992; x_wconf 81' lang='lat' dir='ltr'>filio,</span> <span class='ocrx_word' id='word_1_583' title='bbox 1790 955 1848 986; x_wconf 91' lang='lat' dir='ltr'>aut</span> <span class='ocrx_word' id='word_1_584' title='bbox 1867 953 1932 986; x_wconf 77' lang='lat' dir='ltr'>filio</span> <span class='ocrx_word' id='word_1_585' title='bbox 1954 963 2030 986; x_wconf 89' lang='lat' dir='ltr'>cum</span> <span class='ocrx_word' id='word_1_586' title='bbox 2049 955 2145 996; x_wconf 85' lang='lat' dir='ltr'>patre</span> <span class='ocrx_word' id='word_1_587' title='bbox 2157 977 2167 994; x_wconf 89' lang='lat'><strong>,</strong></span> <span class='ocrx_word' id='word_1_588' title='bbox 2184 962 2245 987; x_wconf 86' lang='lat' dir='ltr'>nec</span> <span class='ocrx_word' id='word_1_589' title='bbox 2263 952 2384 987; x_wconf 74' lang='lat' dir='ltr'>marito</span> 
     </span>
     <span class='ocr_line' id='line_1_69' title="bbox 1338 1013 2396 1050; baseline 0.001 -6"><span class='ocrx_word' id='word_1_590' title='bbox 1338 1021 1415 1045; x_wconf 92' lang='lat' dir='ltr'>cum</span> <span class='ocrx_word' id='word_1_591' title='bbox 1441 1022 1559 1050; x_wconf 88' lang='lat' dir='ltr'>uxore,</span> <span class='ocrx_word' id='word_1_592' title='bbox 1583 1014 1641 1045; x_wconf 89' lang='lat' dir='ltr'>aut</span> <span class='ocrx_word' id='word_1_593' title='bbox 1662 1013 1757 1046; x_wconf 83' lang='lat' dir='ltr'>uxori</span> <span class='ocrx_word' id='word_1_594' title='bbox 1771 1022 1847 1046; x_wconf 92' lang='lat' dir='ltr'>cum</span> <span class='ocrx_word' id='word_1_595' title='bbox 1865 1013 1986 1046; x_wconf 88' lang='lat' dir='ltr'>marito</span> <span class='ocrx_word' id='word_1_596' title='bbox 1999 1013 2144 1046; x_wconf 87' lang='lat' dir='ltr'>amicitia</span> <span class='ocrx_word' id='word_1_597' title='bbox 2161 1014 2223 1048; x_wconf 85' lang='lat' dir='ltr'>est.</span> <span class='ocrx_word' id='word_1_598' title='bbox 2250 1014 2298 1046; x_wconf 81' lang='lat' dir='ltr'>Ut</span> <span class='ocrx_word' id='word_1_599' title='bbox 2317 1021 2396 1046; x_wconf 66' lang='lat' dir='ltr'>nouv</span> 
     </span>
     <span class='ocr_line' id='line_1_70' title="bbox 1338 1071 2384 1114; baseline 0.001 -10"><span class='ocrx_word' id='word_1_600' title='bbox 1338 1073 1466 1104; x_wconf 90' lang='lat' dir='ltr'>tantum</span> <span class='ocrx_word' id='word_1_601' title='bbox 1500 1071 1580 1114; x_wconf 85' lang='lat' dir='ltr'>ipsae</span> <span class='ocrx_word' id='word_1_602' title='bbox 1607 1072 1693 1105; x_wconf 87' lang='lat' dir='ltr'>inter</span> <span class='ocrx_word' id='word_1_603' title='bbox 1718 1081 1752 1105; x_wconf 89' lang='lat' dir='ltr'>se</span> <span class='ocrx_word' id='word_1_604' title='bbox 1783 1072 1955 1111; x_wconf 71' lang='lat' dir='ltr'>amicitiae,</span> <span class='ocrx_word' id='word_1_605' title='bbox 1991 1073 2050 1105; x_wconf 86' lang='lat' dir='ltr'>sed</span> <span class='ocrx_word' id='word_1_606' title='bbox 2077 1072 2179 1106; x_wconf 85' lang='lat' dir='ltr'>etiam</span> <span class='ocrx_word' id='word_1_607' title='bbox 2199 1071 2322 1106; x_wconf 77' lang='lat' dir='ltr'>amatio</span> <span class='ocrx_word' id='word_1_608' title='bbox 2349 1073 2384 1105; x_wconf 84' lang='lat' dir='ltr'>et</span> 
     </span>
     <span class='ocr_line' id='line_1_71' title="bbox 1338 1130 2381 1174; baseline 0.001 -11"><span class='ocrx_word' id='word_1_609' title='bbox 1338 1133 1476 1164; x_wconf 86' lang='lat' dir='ltr'>mutuus</span> <span class='ocrx_word' id='word_1_610' title='bbox 1498 1141 1590 1164; x_wconf 91' lang='lat' dir='ltr'>amor</span> <span class='ocrx_word' id='word_1_611' title='bbox 1604 1130 1771 1164; x_wconf 80' lang='lat' dir='ltr'>differant.</span> <span class='ocrx_word' id='word_1_612' title='bbox 1790 1131 1861 1164; x_wconf 80' lang='lat' dir='ltr'>Alia</span> <span class='ocrx_word' id='word_1_613' title='bbox 1881 1132 1968 1164; x_wconf 91' lang='lat' dir='ltr'>enim</span> <span class='ocrx_word' id='word_1_614' title='bbox 1992 1132 2112 1164; x_wconf 88' lang='lat' dir='ltr'>horum</span> <span class='ocrx_word' id='word_1_615' title='bbox 2137 1130 2275 1174; x_wconf 80' lang='lat' dir='ltr'>utrique</span> <span class='ocrx_word' id='word_1_616' title='bbox 2294 1130 2381 1165; x_wconf 76' lang='lat' dir='ltr'>ami-</span> 
     </span>
     <span class='ocr_line' id='line_1_72' title="bbox 1338 1189 2385 1232; baseline 0.001 -10"><span class='ocrx_word' id='word_1_617' title='bbox 1338 1199 1452 1223; x_wconf 85' lang='lat' dir='ltr'>corum</span> <span class='ocrx_word' id='word_1_618' title='bbox 1472 1192 1523 1223; x_wconf 85' lang='lat' dir='ltr'>est</span> <span class='ocrx_word' id='word_1_619' title='bbox 1550 1190 1657 1223; x_wconf 82' lang='lat' dir='ltr'>virtus</span> <span class='ocrx_word' id='word_1_620' title='bbox 1681 1192 1714 1223; x_wconf 88' lang='lat' dir='ltr'>et</span> <span class='ocrx_word' id='word_1_621' title='bbox 1731 1189 1899 1229; x_wconf 82' lang='lat' dir='ltr'>officium,</span> <span class='ocrx_word' id='word_1_622' title='bbox 1925 1199 1985 1223; x_wconf 88' lang='lat' dir='ltr'>nec</span> <span class='ocrx_word' id='word_1_623' title='bbox 2003 1199 2068 1223; x_wconf 89' lang='lat' dir='ltr'>non</span> <span class='ocrx_word' id='word_1_624' title='bbox 2083 1189 2226 1223; x_wconf 76' lang='lat' dir='ltr'>diversae</span> <span class='ocrx_word' id='word_1_625' title='bbox 2249 1190 2385 1232; x_wconf 73' lang='lat' dir='ltr'>propter</span> 
     </span>
     <span class='ocr_line' id='line_1_73' title="bbox 1337 1249 2389 1292; baseline -0.001 -10"><span class='ocrx_word' id='word_1_626' title='bbox 1337 1258 1421 1292; x_wconf 87' lang='lat' dir='ltr'>quas</span> <span class='ocrx_word' id='word_1_627' title='bbox 1438 1250 1492 1282; x_wconf 86' lang='lat' dir='ltr'>vel</span> <span class='ocrx_word' id='word_1_628' title='bbox 1508 1251 1619 1282; x_wconf 84' lang='lat' dir='ltr'>ament</span> <span class='ocrx_word' id='word_1_629' title='bbox 1643 1250 1697 1282; x_wconf 87' lang='lat' dir='ltr'>vel</span> <span class='ocrx_word' id='word_1_630' title='bbox 1713 1251 1865 1283; x_wconf 88' lang='lat' dir='ltr'>amentur</span> <span class='ocrx_word' id='word_1_631' title='bbox 1883 1259 2002 1283; x_wconf 75' lang='lat' dir='ltr'>causae.</span> <span class='ocrx_word' id='word_1_632' title='bbox 2023 1253 2132 1289; x_wconf 80' lang='lat' dir='ltr'>Quare</span> <span class='ocrx_word' id='word_1_633' title='bbox 2145 1251 2180 1283; x_wconf 85' lang='lat' dir='ltr'>et</span> <span class='ocrx_word' id='word_1_634' title='bbox 2201 1249 2389 1283; x_wconf 74' lang='lat' dir='ltr'>amationes-</span> 
     </span>
     <span class='ocr_line' id='line_1_74' title="bbox 1337 1309 2386 1352; baseline 0.001 -11"><span class='ocrx_word' id='word_1_635' title='bbox 1337 1318 1470 1351; x_wconf 88' lang='lat' dir='ltr'>quoque</span> <span class='ocrx_word' id='word_1_636' title='bbox 1486 1311 1519 1342; x_wconf 90' lang='lat' dir='ltr'>et</span> <span class='ocrx_word' id='word_1_637' title='bbox 1540 1309 1693 1342; x_wconf 87' lang='lat' dir='ltr'>amicitiae</span> <span class='ocrx_word' id='word_1_638' title='bbox 1709 1311 1787 1342; x_wconf 89' lang='lat' dir='ltr'>sunt</span> <span class='ocrx_word' id='word_1_639' title='bbox 1801 1309 1953 1343; x_wconf 84' lang='lat' dir='ltr'>diversae.</span> <span class='ocrx_word' id='word_1_640' title='bbox 1971 1312 2027 1342; x_wconf 87' lang='lat' dir='ltr'>Eae</span> <span class='ocrx_word' id='word_1_641' title='bbox 2042 1310 2152 1342; x_wconf 89' lang='lat' dir='ltr'>autem</span> <span class='ocrx_word' id='word_1_642' title='bbox 2163 1335 2170 1348; x_wconf 89' lang='lat'>,</span> <span class='ocrx_word' id='word_1_643' title='bbox 2185 1317 2270 1352; x_wconf 81' lang='lat' dir='ltr'>quas</span> <span class='ocrx_word' id='word_1_644' title='bbox 2283 1317 2386 1352; x_wconf 76' lang='lat' dir='ltr'>supra</span> 
     </span>
     <span class='ocr_line' id='line_1_75' title="bbox 1337 1365 2378 1409; baseline 0.001 -10"><span class='ocrx_word' id='word_1_645' title='bbox 1337 1366 1550 1405; x_wconf 80' lang='lat' dir='ltr'>dicebamus,·</span> <span class='ocrx_word' id='word_1_646' title='bbox 1560 1366 1715 1400; x_wconf 85' lang='lat' dir='ltr'>amicitiae</span> <span class='ocrx_word' id='word_1_647' title='bbox 1730 1369 1902 1409; x_wconf 86' lang='lat' dir='ltr'>propterea</span> <span class='ocrx_word' id='word_1_648' title='bbox 1926 1369 2059 1400; x_wconf 89' lang='lat' dir='ltr'>tantum</span> <span class='ocrx_word' id='word_1_649' title='bbox 2080 1365 2302 1400; x_wconf 76' lang='lat' dir='ltr'>stabilitatem</span> <span class='ocrx_word' id='word_1_650' title='bbox 2312 1365 2378 1400; x_wconf 85' lang='lat' dir='ltr'>ha·</span> 
     </span>
     <span class='ocr_line' id='line_1_76' title="bbox 1338 1424 2384 1468; baseline -0.001 -9"><span class='ocrx_word' id='word_1_651' title='bbox 1338 1426 1427 1467; x_wconf 71' lang='lat' dir='ltr'>bont,</span> <span class='ocrx_word' id='word_1_652' title='bbox 1442 1426 1533 1468; x_wconf 90' lang='lat' dir='ltr'>quod</span> <span class='ocrx_word' id='word_1_653' title='bbox 1550 1425 1664 1459; x_wconf 86' lang='lat' dir='ltr'>eadem</span> <span class='ocrx_word' id='word_1_654' title='bbox 1679 1425 1862 1459; x_wconf 90' lang='lat' dir='ltr'>amicorum</span> <span class='ocrx_word' id='word_1_655' title='bbox 1878 1427 1962 1459; x_wconf 88' lang='lat' dir='ltr'>alter</span> <span class='ocrx_word' id='word_1_656' title='bbox 1980 1426 2022 1459; x_wconf 88' lang='lat' dir='ltr'>ab</span> <span class='ocrx_word' id='word_1_657' title='bbox 2047 1425 2151 1460; x_wconf 88' lang='lat' dir='ltr'>altero</span> <span class='ocrx_word' id='word_1_658' title='bbox 2163 1424 2285 1468; x_wconf 77' lang='lat' dir='ltr'>accipit</span> <span class='ocrx_word' id='word_1_659' title='bbox 2301 1434 2310 1456; x_wconf 72' lang='grc' dir='ltr'>ε</span> <span class='ocrx_word' id='word_1_660' title='bbox 2327 1424 2384 1458; x_wconf 83' lang='lat' dir='ltr'>hic</span> 
     </span>
     <span class='ocr_line' id='line_1_77' title="bbox 1337 1484 2381 1528; baseline 0 -10"><span class='ocrx_word' id='word_1_661' title='bbox 1337 1495 1416 1518; x_wconf 89' lang='lat' dir='ltr'>vero</span> <span class='ocrx_word' id='word_1_662' title='bbox 1437 1495 1502 1519; x_wconf 90' lang='lat' dir='ltr'>non</span> <span class='ocrx_word' id='word_1_663' title='bbox 1524 1485 1606 1519; x_wconf 87' lang='lat' dir='ltr'>item</span> <span class='ocrx_word' id='word_1_664' title='bbox 1630 1495 1638 1516; x_wconf 74' lang='grc' dir='ltr'>ε</span> <span class='ocrx_word' id='word_1_665' title='bbox 1663 1494 1771 1528; x_wconf 87' lang='lat' dir='ltr'>neque</span> <span class='ocrx_word' id='word_1_666' title='bbox 1795 1486 1883 1519; x_wconf 90' lang='lat' dir='ltr'>enim</span> <span class='ocrx_word' id='word_1_667' title='bbox 1903 1485 2019 1520; x_wconf 87' lang='lat' dir='ltr'>eadem</span> <span class='ocrx_word' id='word_1_668' title='bbox 2046 1487 2141 1528; x_wconf 87' lang='lat' dir='ltr'>pater</span> <span class='ocrx_word' id='word_1_669' title='bbox 2159 1494 2179 1519; x_wconf 93' lang='lat' dir='ltr'>a</span> <span class='ocrx_word' id='word_1_670' title='bbox 2196 1484 2284 1524; x_wconf 85' lang='lat' dir='ltr'>filio.</span> <span class='ocrx_word' id='word_1_671' title='bbox 2302 1493 2381 1528; x_wconf 78' lang='lat' dir='ltr'>quae</span> 
     </span>
     <span class='ocr_line' id='line_1_78' title="bbox 1337 1544 1702 1587; baseline 0 -10"><span class='ocrx_word' id='word_1_672' title='bbox 1337 1544 1425 1577; x_wconf 86' lang='lat' dir='ltr'>filius</span> <span class='ocrx_word' id='word_1_673' title='bbox 1444 1554 1462 1576; x_wconf 90' lang='lat' dir='ltr'>a</span> <span class='ocrx_word' id='word_1_674' title='bbox 1488 1547 1581 1587; x_wconf 87' lang='lat' dir='ltr'>patre</span> <span class='ocrx_word' id='word_1_675' title='bbox 1600 1546 1702 1587; x_wconf 85' lang='lat' dir='ltr'>petet.</span> 
     </span>
    </p>

    <p class='ocr_par' dir='ltr' id='par_1_14' title="bbox 1337 1603 2384 1819">
     <span class='ocr_line' id='line_1_79' title="bbox 1378 1603 2382 1647; baseline 0 -10"><span class='ocrx_word' id='word_1_676' title='bbox 1378 1606 1492 1647; x_wconf 91' lang='lat' dir='ltr'>Neque</span> <span class='ocrx_word' id='word_1_677' title='bbox 1505 1605 1592 1637; x_wconf 89' lang='lat' dir='ltr'>enim</span> <span class='ocrx_word' id='word_1_678' title='bbox 1608 1606 1737 1646; x_wconf 86' lang='lat' dir='ltr'>oportet</span> <span class='ocrx_word' id='word_1_679' title='bbox 1755 1605 1837 1637; x_wconf 87' lang='lat' dir='ltr'>tales</span> <span class='ocrx_word' id='word_1_680' title='bbox 1849 1614 1887 1638; x_wconf 88' lang='lat' dir='ltr'>eo</span> <span class='ocrx_word' id='word_1_681' title='bbox 1899 1604 1998 1637; x_wconf 88' lang='lat' dir='ltr'>modo</span> <span class='ocrx_word' id='word_1_682' title='bbox 2009 1603 2043 1637; x_wconf 89' lang='lat' dir='ltr'>in</span> <span class='ocrx_word' id='word_1_683' title='bbox 2055 1603 2108 1637; x_wconf 79' lang='lat' dir='ltr'>his</span> <span class='ocrx_word' id='word_1_684' title='bbox 2126 1612 2260 1637; x_wconf 80' lang='lat' dir='ltr'>servare</span> <span class='ocrx_word' id='word_1_685' title='bbox 2271 1612 2382 1647; x_wconf 72' lang='lat' dir='ltr'>mqua-</span> 
     </span>
     <span class='ocr_line' id='line_1_80' title="bbox 1338 1663 2381 1707; baseline 0 -11"><span class='ocrx_word' id='word_1_686' title='bbox 1338 1664 1483 1703; x_wconf 86' lang='lat' dir='ltr'>litatem,</span> <span class='ocrx_word' id='word_1_687' title='bbox 1525 1664 1584 1697; x_wconf 89' lang='lat' dir='ltr'>sed</span> <span class='ocrx_word' id='word_1_688' title='bbox 1605 1673 1711 1706; x_wconf 90' lang='lat' dir='ltr'>quum</span> <span class='ocrx_word' id='word_1_689' title='bbox 1738 1664 1795 1696; x_wconf 89' lang='lat' dir='ltr'>illa</span> <span class='ocrx_word' id='word_1_690' title='bbox 1823 1665 1865 1696; x_wconf 89' lang='lat' dir='ltr'>ab</span> <span class='ocrx_word' id='word_1_691' title='bbox 1894 1664 1999 1696; x_wconf 86' lang='lat' dir='ltr'>altero</span> <span class='ocrx_word' id='word_1_692' title='bbox 2023 1663 2143 1707; x_wconf 89' lang='lat' dir='ltr'>accipit</span> <span class='ocrx_word' id='word_1_693' title='bbox 2170 1663 2274 1702; x_wconf 84' lang='lat' dir='ltr'>alter,</span> <span class='ocrx_word' id='word_1_694' title='bbox 2303 1671 2381 1706; x_wconf 71' lang='lat' dir='ltr'>qum</span> 
     </span>
     <span class='ocr_line' id='line_1_81' title="bbox 1337 1720 2384 1764; baseline 0 -9"><span class='ocrx_word' id='word_1_695' title='bbox 1337 1723 1426 1755; x_wconf 90' lang='lat' dir='ltr'>hunc</span> <span class='ocrx_word' id='word_1_696' title='bbox 1452 1722 1547 1761; x_wconf 87' lang='lat' dir='ltr'>dare,</span> <span class='ocrx_word' id='word_1_697' title='bbox 1573 1723 1668 1755; x_wconf 91' lang='lat' dir='ltr'>illum</span> <span class='ocrx_word' id='word_1_698' title='bbox 1696 1722 1843 1764; x_wconf 88' lang='lat' dir='ltr'>accipere</span> <span class='ocrx_word' id='word_1_699' title='bbox 1871 1722 1967 1755; x_wconf 85' lang='lat' dir='ltr'>decet</span> <span class='ocrx_word' id='word_1_700' title='bbox 1982 1748 1990 1762; x_wconf 87' lang='lat'>‚</span> <span class='ocrx_word' id='word_1_701' title='bbox 2019 1724 2093 1755; x_wconf 91' lang='lat' dir='ltr'>tum</span> <span class='ocrx_word' id='word_1_702' title='bbox 2125 1721 2260 1755; x_wconf 85' lang='lat' dir='ltr'>demum</span> <span class='ocrx_word' id='word_1_703' title='bbox 2275 1720 2384 1755; x_wconf 65' lang='lat' dir='ltr'>firma</span> 
     </span>
     <span class='ocr_line' id='line_1_82' title="bbox 1337 1781 2295 1819; baseline 0 -5"><span class='ocrx_word' id='word_1_704' title='bbox 1337 1784 1371 1815; x_wconf 92' lang='lat' dir='ltr'>et</span> <span class='ocrx_word' id='word_1_705' title='bbox 1387 1791 1523 1815; x_wconf 85' lang='lat' dir='ltr'>concors</span> <span class='ocrx_word' id='word_1_706' title='bbox 1546 1791 1659 1815; x_wconf 90' lang='lat' dir='ltr'>eorum</span> <span class='ocrx_word' id='word_1_707' title='bbox 1681 1782 1826 1815; x_wconf 87' lang='lat' dir='ltr'>amicitia</span> <span class='ocrx_word' id='word_1_708' title='bbox 1851 1781 1965 1814; x_wconf 83' lang='lat' dir='ltr'>futura</span> <span class='ocrx_word' id='word_1_709' title='bbox 1985 1783 2046 1815; x_wconf 86' lang='lat' dir='ltr'>est.</span> <span class='ocrx_word' id='word_1_710' title='bbox 2294 1816 2295 1819; x_wconf 57' lang='grc'>,</span> 
     </span>
    </p>

    <p class='ocr_par' dir='ltr' id='par_1_15' title="bbox 1336 1840 2384 2121">
     <span class='ocr_line' id='line_1_83' title="bbox 1380 1840 2384 1885; baseline 0.002 -10"><span class='ocrx_word' id='word_1_711' title='bbox 1380 1842 1594 1884; x_wconf 87' lang='lat' dir='ltr'>Proportione</span> <span class='ocrx_word' id='word_1_712' title='bbox 1614 1844 1726 1875; x_wconf 88' lang='lat' dir='ltr'>autem</span> <span class='ocrx_word' id='word_1_713' title='bbox 1740 1843 1774 1875; x_wconf 93' lang='lat' dir='ltr'>in</span> <span class='ocrx_word' id='word_1_714' title='bbox 1791 1842 1944 1875; x_wconf 83' lang='lat' dir='ltr'>amicitiis</span> <span class='ocrx_word' id='word_1_715' title='bbox 1962 1851 2039 1885; x_wconf 83' lang='lat' dir='ltr'>quae</span> <span class='ocrx_word' id='word_1_716' title='bbox 2060 1842 2095 1876; x_wconf 88' lang='lat' dir='ltr'>in</span> <span class='ocrx_word' id='word_1_717' title='bbox 2111 1840 2304 1876; x_wconf 67' lang='lat' dir='ltr'>excellentia</span> <span class='ocrx_word' id='word_1_718' title='bbox 2321 1851 2384 1885; x_wconf 81' lang='lat' dir='ltr'>po-</span> 
     </span>
     <span class='ocr_line' id='line_1_84' title="bbox 1338 1900 2382 1943; baseline 0.002 -9"><span class='ocrx_word' id='word_1_719' title='bbox 1338 1901 1411 1934; x_wconf 78' lang='lat' dir='ltr'>sitae</span> <span class='ocrx_word' id='word_1_720' title='bbox 1443 1903 1540 1939; x_wconf 87' lang='lat' dir='ltr'>sunt,</span> <span class='ocrx_word' id='word_1_721' title='bbox 1572 1901 1694 1933; x_wconf 88' lang='lat' dir='ltr'>amatio</span> <span class='ocrx_word' id='word_1_722' title='bbox 1719 1901 1817 1934; x_wconf 87' lang='lat' dir='ltr'>debet</span> <span class='ocrx_word' id='word_1_723' title='bbox 1844 1903 2003 1934; x_wconf 84' lang='lat' dir='ltr'>exstare:</span> <span class='ocrx_word' id='word_1_724' title='bbox 2029 1901 2136 1943; x_wconf 88' lang='lat' dir='ltr'>magis</span> <span class='ocrx_word' id='word_1_725' title='bbox 2162 1901 2266 1935; x_wconf 77' lang='lat' dir='ltr'>amari</span> <span class='ocrx_word' id='word_1_726' title='bbox 2284 1900 2382 1943; x_wconf 68' lang='lat' dir='ltr'>genim</span> 
     </span>
     <span class='ocr_line' id='line_1_85' title="bbox 1337 1959 2382 2003; baseline 0.001 -11"><span class='ocrx_word' id='word_1_727' title='bbox 1337 1969 1438 2003; x_wconf 90' lang='lat' dir='ltr'>quam</span> <span class='ocrx_word' id='word_1_728' title='bbox 1454 1969 1566 1992; x_wconf 85' lang='lat' dir='ltr'>amare</span> <span class='ocrx_word' id='word_1_729' title='bbox 1588 1959 1687 1993; x_wconf 88' lang='lat' dir='ltr'>debet</span> <span class='ocrx_word' id='word_1_730' title='bbox 1707 1959 1736 1992; x_wconf 91' lang='lat' dir='ltr'>is</span> <span class='ocrx_word' id='word_1_731' title='bbox 1756 1959 1816 2002; x_wconf 91' lang='lat' dir='ltr'>qui</span> <span class='ocrx_word' id='word_1_732' title='bbox 1838 1960 1946 2002; x_wconf 85' lang='lat' dir='ltr'>potior</span> <span class='ocrx_word' id='word_1_733' title='bbox 1961 1961 2010 1994; x_wconf 87' lang='lat' dir='ltr'>est</span> <span class='ocrx_word' id='word_1_734' title='bbox 2022 1985 2030 1999; x_wconf 89' lang='lat'>,</span> <span class='ocrx_word' id='word_1_735' title='bbox 2049 1962 2084 1993; x_wconf 91' lang='lat' dir='ltr'>et</span> <span class='ocrx_word' id='word_1_736' title='bbox 2105 1960 2165 2003; x_wconf 89' lang='lat' dir='ltr'>qui</span> <span class='ocrx_word' id='word_1_737' title='bbox 2191 1960 2269 2003; x_wconf 77' lang='lat' dir='ltr'>plus</span> <span class='ocrx_word' id='word_1_738' title='bbox 2287 1959 2382 1993; x_wconf 74' lang='lat' dir='ltr'>utili-</span> 
     </span>
     <span class='ocr_line' id='line_1_86' title="bbox 1338 2019 2381 2063; baseline 0.002 -11"><span class='ocrx_word' id='word_1_739' title='bbox 1338 2020 1418 2053; x_wconf 81' lang='lat' dir='ltr'>tatis</span> <span class='ocrx_word' id='word_1_740' title='bbox 1431 2019 1539 2058; x_wconf 82' lang='lat' dir='ltr'>affert,</span> <span class='ocrx_word' id='word_1_741' title='bbox 1558 2020 1705 2062; x_wconf 85' lang='lat' dir='ltr'>itemque</span> <span class='ocrx_word' id='word_1_742' title='bbox 1719 2019 1830 2052; x_wconf 76' lang='lat' dir='ltr'>caeteri</span> <span class='ocrx_word' id='word_1_743' title='bbox 1845 2019 1964 2062; x_wconf 83' lang='lat' dir='ltr'>singuli</span> <span class='ocrx_word' id='word_1_744' title='bbox 1983 2031 1991 2052; x_wconf 81' lang='lat' dir='ltr'>z</span> <span class='ocrx_word' id='word_1_745' title='bbox 2012 2029 2090 2053; x_wconf 85' lang='lat' dir='ltr'>nam</span> <span class='ocrx_word' id='word_1_746' title='bbox 2101 2021 2136 2054; x_wconf 88' lang='lat' dir='ltr'>et</span> <span class='ocrx_word' id='word_1_747' title='bbox 2151 2019 2187 2052; x_wconf 87' lang='lat' dir='ltr'>in</span> <span class='ocrx_word' id='word_1_748' title='bbox 2199 2019 2253 2053; x_wconf 77' lang='lat' dir='ltr'>his</span> <span class='ocrx_word' id='word_1_749' title='bbox 2267 2019 2381 2063; x_wconf 76' lang='lat' dir='ltr'>aliqua</span> 
     </span>
     <span class='ocr_line' id='line_1_87' title="bbox 1336 2078 2304 2121; baseline 0 -9"><span class='ocrx_word' id='word_1_750' title='bbox 1336 2080 1435 2112; x_wconf 87' lang='lat' dir='ltr'>debet</span> <span class='ocrx_word' id='word_1_751' title='bbox 1451 2088 1522 2112; x_wconf 84' lang='lat' dir='ltr'>esse</span> <span class='ocrx_word' id='word_1_752' title='bbox 1538 2079 1713 2121; x_wconf 64' lang='lat' dir='ltr'>aequalitas</span> <span class='ocrx_word' id='word_1_753' title='bbox 1729 2091 1737 2111; x_wconf 76' lang='grc' dir='ltr'>ι</span> <span class='ocrx_word' id='word_1_754' title='bbox 1765 2079 1829 2111; x_wconf 93' lang='lat' dir='ltr'>hoc</span> <span class='ocrx_word' id='word_1_755' title='bbox 1847 2079 1935 2112; x_wconf 88' lang='lat' dir='ltr'>enim</span> <span class='ocrx_word' id='word_1_756' title='bbox 1955 2078 2136 2112; x_wconf 83' lang='lat' dir='ltr'>amicitiam</span> <span class='ocrx_word' id='word_1_757' title='bbox 2151 2078 2304 2113; x_wconf 76' lang='lat' dir='ltr'>sustinet.</span> 
     </span>
    </p>

    <p class='ocr_par' dir='ltr' id='par_1_16' title="bbox 1336 2137 2406 2897">
     <span class='ocr_line' id='line_1_88' title="bbox 1377 2137 2384 2181; baseline -0.001 -9"><span class='ocrx_word' id='word_1_758' title='bbox 1377 2140 1496 2172; x_wconf 84' lang='lat' dir='ltr'>Exstat</span> <span class='ocrx_word' id='word_1_759' title='bbox 1510 2140 1622 2171; x_wconf 83' lang='lat' dir='ltr'>autem</span> <span class='ocrx_word' id='word_1_760' title='bbox 1638 2138 1749 2180; x_wconf 90' lang='lat' dir='ltr'>aliquo</span> <span class='ocrx_word' id='word_1_761' title='bbox 1764 2138 1862 2171; x_wconf 90' lang='lat' dir='ltr'>modo</span> <span class='ocrx_word' id='word_1_762' title='bbox 1874 2138 2059 2180; x_wconf 80' lang='lat' dir='ltr'>aequalitas,</span> <span class='ocrx_word' id='word_1_763' title='bbox 2082 2146 2190 2181; x_wconf 89' lang='lat' dir='ltr'>quum</span> <span class='ocrx_word' id='word_1_764' title='bbox 2203 2147 2264 2181; x_wconf 89' lang='lat' dir='ltr'>pro</span> <span class='ocrx_word' id='word_1_765' title='bbox 2275 2137 2384 2180; x_wconf 79' lang='lat' dir='ltr'>digni-</span> 
     </span>
     <span class='ocr_line' id='line_1_89' title="bbox 1339 2197 2376 2240; baseline 0.002 -11"><span class='ocrx_word' id='word_1_766' title='bbox 1339 2199 1406 2230; x_wconf 86' lang='lat' dir='ltr'>tate</span> <span class='ocrx_word' id='word_1_767' title='bbox 1426 2198 1462 2230; x_wconf 76' lang='lat' dir='ltr'>tit</span> <span class='ocrx_word' id='word_1_768' title='bbox 1481 2197 1623 2236; x_wconf 85' lang='lat' dir='ltr'>amatio,</span> <span class='ocrx_word' id='word_1_769' title='bbox 1649 2199 1750 2239; x_wconf 87' lang='lat' dir='ltr'>atque</span> <span class='ocrx_word' id='word_1_770' title='bbox 1776 2197 1810 2230; x_wconf 91' lang='lat' dir='ltr'>in</span> <span class='ocrx_word' id='word_1_771' title='bbox 1836 2197 2028 2240; x_wconf 79' lang='lat' dir='ltr'>aequalitate</span> <span class='ocrx_word' id='word_1_772' title='bbox 2050 2197 2179 2240; x_wconf 84' lang='lat' dir='ltr'>justum</span> <span class='ocrx_word' id='word_1_773' title='bbox 2213 2198 2376 2231; x_wconf 84' lang='lat' dir='ltr'>servatur.</span> 
     </span>
     <span class='ocr_line' id='line_1_90' title="bbox 1337 2255 2380 2299; baseline -0.001 -8"><span class='ocrx_word' id='word_1_774' title='bbox 1337 2259 1403 2291; x_wconf 89' lang='lat' dir='ltr'>Nec</span> <span class='ocrx_word' id='word_1_775' title='bbox 1419 2259 1529 2290; x_wconf 90' lang='lat' dir='ltr'>tamen</span> <span class='ocrx_word' id='word_1_776' title='bbox 1545 2257 1660 2290; x_wconf 89' lang='lat' dir='ltr'>eodem</span> <span class='ocrx_word' id='word_1_777' title='bbox 1675 2257 1773 2289; x_wconf 91' lang='lat' dir='ltr'>modo</span> <span class='ocrx_word' id='word_1_778' title='bbox 1785 2257 1819 2290; x_wconf 89' lang='lat' dir='ltr'>in</span> <span class='ocrx_word' id='word_1_779' title='bbox 1842 2257 1943 2290; x_wconf 84' lang='lat' dir='ltr'>rebus</span> <span class='ocrx_word' id='word_1_780' title='bbox 1963 2257 2064 2299; x_wconf 86' lang='lat' dir='ltr'>justis</span> <span class='ocrx_word' id='word_1_781' title='bbox 2086 2259 2188 2299; x_wconf 91' lang='lat' dir='ltr'>atque</span> <span class='ocrx_word' id='word_1_782' title='bbox 2205 2257 2241 2290; x_wconf 88' lang='lat' dir='ltr'>in</span> <span class='ocrx_word' id='word_1_783' title='bbox 2259 2255 2380 2290; x_wconf 88' lang='lat' dir='ltr'>amici-</span> 
     </span>
     <span class='ocr_line' id='line_1_91' title="bbox 1338 2316 2406 2359; baseline -0.004 -9"><span class='ocrx_word' id='word_1_784' title='bbox 1338 2317 1385 2350; x_wconf 90' lang='lat' dir='ltr'>tia</span> <span class='ocrx_word' id='word_1_785' title='bbox 1403 2326 1438 2350; x_wconf 91' lang='lat' dir='ltr'>se</span> <span class='ocrx_word' id='word_1_786' title='bbox 1465 2317 1567 2350; x_wconf 88' lang='lat' dir='ltr'>habet</span> <span class='ocrx_word' id='word_1_787' title='bbox 1587 2317 1761 2359; x_wconf 89' lang='lat' dir='ltr'>aequalitas</span> <span class='ocrx_word' id='word_1_788' title='bbox 1786 2328 1794 2349; x_wconf 75' lang='grc' dir='ltr'>ε</span> <span class='ocrx_word' id='word_1_789' title='bbox 1815 2326 1958 2359; x_wconf 88' lang='lat' dir='ltr'>namque</span> <span class='ocrx_word' id='word_1_790' title='bbox 1981 2316 2016 2349; x_wconf 91' lang='lat' dir='ltr'>in</span> <span class='ocrx_word' id='word_1_791' title='bbox 2039 2316 2139 2350; x_wconf 83' lang='lat' dir='ltr'>rebus</span> <span class='ocrx_word' id='word_1_792' title='bbox 2153 2316 2254 2359; x_wconf 80' lang='lat' dir='ltr'>J&#39;ustis</span> <span class='ocrx_word' id='word_1_793' title='bbox 2275 2316 2382 2359; x_wconf 87' lang='lat' dir='ltr'>primo</span> <span class='ocrx_word' id='word_1_794' title='bbox 2403 2343 2406 2346; x_wconf 27' lang='lat'><strong>⁴</strong></span> 
     </span>
     <span class='ocr_line' id='line_1_92' title="bbox 1337 2375 2382 2419; baseline -0.001 -10"><span class='ocrx_word' id='word_1_795' title='bbox 1337 2377 1408 2409; x_wconf 87' lang='lat' dir='ltr'>loco</span> <span class='ocrx_word' id='word_1_796' title='bbox 1423 2376 1604 2419; x_wconf 88' lang='lat' dir='ltr'>requiritur</span> <span class='ocrx_word' id='word_1_797' title='bbox 1621 2377 1796 2419; x_wconf 85' lang='lat' dir='ltr'>aequalitas</span> <span class='ocrx_word' id='word_1_798' title='bbox 1814 2385 1853 2409; x_wconf 91' lang='lat' dir='ltr'>ea</span> <span class='ocrx_word' id='word_1_799' title='bbox 1868 2385 1945 2418; x_wconf 86' lang='lat' dir='ltr'>quae</span> <span class='ocrx_word' id='word_1_800' title='bbox 1960 2385 2020 2418; x_wconf 88' lang='lat' dir='ltr'>pro</span> <span class='ocrx_word' id='word_1_801' title='bbox 2039 2375 2202 2418; x_wconf 85' lang='lat' dir='ltr'>cujusque</span> <span class='ocrx_word' id='word_1_802' title='bbox 2214 2375 2382 2418; x_wconf 68' lang='lat' dir='ltr'>‘dignitate</span> 
     </span>
     <span class='ocr_line' id='line_1_93' title="bbox 1337 2434 2381 2479; baseline -0.003 -9"><span class='ocrx_word' id='word_1_803' title='bbox 1337 2439 1407 2478; x_wconf 89' lang='lat' dir='ltr'>est,</span> <span class='ocrx_word' id='word_1_804' title='bbox 1433 2438 1466 2470; x_wconf 88' lang='lat' dir='ltr'>et</span> <span class='ocrx_word' id='word_1_805' title='bbox 1490 2436 1698 2479; x_wconf 86' lang='lat' dir='ltr'>proportione</span> <span class='ocrx_word' id='word_1_806' title='bbox 1721 2436 1752 2469; x_wconf 94' lang='lat' dir='ltr'>ei</span> <span class='ocrx_word' id='word_1_807' title='bbox 1777 2435 1950 2477; x_wconf 88' lang='lat' dir='ltr'>respondet</span> <span class='ocrx_word' id='word_1_808' title='bbox 1977 2435 2036 2477; x_wconf 92' lang='lat' dir='ltr'>qui</span> <span class='ocrx_word' id='word_1_809' title='bbox 2060 2434 2179 2477; x_wconf 88' lang='lat' dir='ltr'>accipit</span> <span class='ocrx_word' id='word_1_810' title='bbox 2204 2442 2213 2463; x_wconf 74' lang='grc' dir='ltr'><em>τ</em></span> <span class='ocrx_word' id='word_1_811' title='bbox 2237 2434 2381 2468; x_wconf 86' lang='lat' dir='ltr'>secundo</span> 
     </span>
     <span class='ocr_line' id='line_1_94' title="bbox 1337 2493 2380 2539; baseline -0.003 -9"><span class='ocrx_word' id='word_1_812' title='bbox 1337 2498 1408 2530; x_wconf 91' lang='lat' dir='ltr'>loco</span> <span class='ocrx_word' id='word_1_813' title='bbox 1424 2495 1604 2539; x_wconf 87' lang='lat' dir='ltr'>requiritur</span> <span class='ocrx_word' id='word_1_814' title='bbox 1616 2495 1789 2537; x_wconf 65' lang='lat' dir='ltr'>{equalitas</span> <span class='ocrx_word' id='word_1_815' title='bbox 1802 2493 1978 2537; x_wconf 84' lang='lat' dir='ltr'>quantitati</span> <span class='ocrx_word' id='word_1_816' title='bbox 1992 2495 2209 2526; x_wconf 87' lang='lat' dir='ltr'>consentanea</span> <span class='ocrx_word' id='word_1_817' title='bbox 2231 2503 2239 2524; x_wconf 80' lang='lat' dir='ltr'>z</span> <span class='ocrx_word' id='word_1_818' title='bbox 2257 2493 2380 2536; x_wconf 85' lang='lat' dir='ltr'>quippe</span> 
     </span>
     <span class='ocr_line' id='line_1_95' title="bbox 1338 2552 2378 2599; baseline -0.004 -10"><span class='ocrx_word' id='word_1_819' title='bbox 1338 2557 1363 2590; x_wconf 86' lang='lat' dir='ltr'>si</span> <span class='ocrx_word' id='word_1_820' title='bbox 1382 2566 1442 2599; x_wconf 92' lang='lat' dir='ltr'>pro</span> <span class='ocrx_word' id='word_1_821' title='bbox 1458 2555 1616 2597; x_wconf 81' lang='lat' dir='ltr'>dignitate</span> <span class='ocrx_word' id='word_1_822' title='bbox 1632 2557 1665 2588; x_wconf 90' lang='lat' dir='ltr'>et</span> <span class='ocrx_word' id='word_1_823' title='bbox 1684 2554 1893 2597; x_wconf 89' lang='lat' dir='ltr'>proportione</span> <span class='ocrx_word' id='word_1_824' title='bbox 1910 2552 2101 2586; x_wconf 87' lang='lat' dir='ltr'>distributio</span> <span class='ocrx_word' id='word_1_825' title='bbox 2117 2553 2189 2592; x_wconf 82' lang='lat' dir='ltr'>fiat,</span> <span class='ocrx_word' id='word_1_826' title='bbox 2205 2552 2297 2596; x_wconf 83' lang='lat' dir='ltr'>justa</span> <span class='ocrx_word' id='word_1_827' title='bbox 2315 2555 2378 2592; x_wconf 83' lang='lat' dir='ltr'>est,</span> 
     </span>
     <span class='ocr_line' id='line_1_96' title="bbox 1337 2613 2381 2658; baseline -0.003 -7"><span class='ocrx_word' id='word_1_828' title='bbox 1337 2621 1370 2651; x_wconf 85' lang='lat' dir='ltr'>et</span> <span class='ocrx_word' id='word_1_829' title='bbox 1398 2618 1474 2650; x_wconf 86' lang='lat' dir='ltr'>licet</span> <span class='ocrx_word' id='word_1_830' title='bbox 1510 2617 1652 2648; x_wconf 87' lang='lat' dir='ltr'>multum</span> <span class='ocrx_word' id='word_1_831' title='bbox 1682 2616 1871 2658; x_wconf 86' lang='lat' dir='ltr'>quantitate</span> <span class='ocrx_word' id='word_1_832' title='bbox 1898 2613 2049 2654; x_wconf 86' lang='lat' dir='ltr'>differat,</span> <span class='ocrx_word' id='word_1_833' title='bbox 2071 2614 2156 2647; x_wconf 84' lang='lat' dir='ltr'>nihil</span> <span class='ocrx_word' id='word_1_834' title='bbox 2184 2615 2296 2648; x_wconf 87' lang='lat' dir='ltr'>tamen</span> <span class='ocrx_word' id='word_1_835' title='bbox 2320 2614 2381 2648; x_wconf 82' lang='lat' dir='ltr'>oh-</span> 
     </span>
     <span class='ocr_line' id='line_1_97' title="bbox 1336 2673 2380 2718; baseline -0.003 -9"><span class='ocrx_word' id='word_1_836' title='bbox 1336 2678 1426 2717; x_wconf 90' lang='lat' dir='ltr'>stat,</span> <span class='ocrx_word' id='word_1_837' title='bbox 1449 2675 1626 2718; x_wconf 87' lang='lat' dir='ltr'>quominus</span> <span class='ocrx_word' id='word_1_838' title='bbox 1652 2675 1732 2717; x_wconf 85' lang='lat' dir='ltr'>justi</span> <span class='ocrx_word' id='word_1_839' title='bbox 1758 2674 1842 2707; x_wconf 89' lang='lat' dir='ltr'>ratio</span> <span class='ocrx_word' id='word_1_840' title='bbox 1862 2675 2008 2715; x_wconf 88' lang='lat' dir='ltr'>constet,</span> <span class='ocrx_word' id='word_1_841' title='bbox 2037 2673 2088 2707; x_wconf 89' lang='lat' dir='ltr'>sin</span> <span class='ocrx_word' id='word_1_842' title='bbox 2111 2675 2224 2707; x_wconf 89' lang='lat' dir='ltr'>autem</span> <span class='ocrx_word' id='word_1_843' title='bbox 2246 2674 2380 2716; x_wconf 88' lang='lat' dir='ltr'>quanti-</span> 
     </span>
     <span class='ocr_line' id='line_1_98' title="bbox 1336 2732 2381 2777; baseline -0.003 -9"><span class='ocrx_word' id='word_1_844' title='bbox 1336 2737 1415 2774; x_wconf 86' lang='lat' dir='ltr'>tate,</span> <span class='ocrx_word' id='word_1_845' title='bbox 1436 2744 1501 2767; x_wconf 90' lang='lat' dir='ltr'>non</span> <span class='ocrx_word' id='word_1_846' title='bbox 1518 2735 1726 2777; x_wconf 89' lang='lat' dir='ltr'>proportione</span> <span class='ocrx_word' id='word_1_847' title='bbox 1746 2734 1790 2767; x_wconf 89' lang='lat' dir='ltr'>sit</span> <span class='ocrx_word' id='word_1_848' title='bbox 1807 2743 1915 2776; x_wconf 89' lang='lat' dir='ltr'>aequa,</span> <span class='ocrx_word' id='word_1_849' title='bbox 1930 2733 2021 2776; x_wconf 87' lang='lat' dir='ltr'>justa</span> <span class='ocrx_word' id='word_1_850' title='bbox 2037 2741 2108 2766; x_wconf 87' lang='lat' dir='ltr'>esse</span> <span class='ocrx_word' id='word_1_851' title='bbox 2120 2742 2186 2765; x_wconf 88' lang='lat' dir='ltr'>non</span> <span class='ocrx_word' id='word_1_852' title='bbox 2197 2734 2307 2775; x_wconf 84' lang='lat' dir='ltr'>potest</span> <span class='ocrx_word' id='word_1_853' title='bbox 2323 2745 2332 2766; x_wconf 75' lang='lat' dir='ltr'>z</span> <span class='ocrx_word' id='word_1_854' title='bbox 2346 2732 2381 2766; x_wconf 86' lang='lat' dir='ltr'>in</span> 
     </span>
     <span class='ocr_line' id='line_1_99' title="bbox 1337 2791 2380 2836; baseline -0.003 -8"><span class='ocrx_word' id='word_1_855' title='bbox 1337 2794 1480 2828; x_wconf 89' lang='lat' dir='ltr'>amicitia</span> <span class='ocrx_word' id='word_1_856' title='bbox 1496 2804 1576 2827; x_wconf 88' lang='lat' dir='ltr'>vero</span> <span class='ocrx_word' id='word_1_857' title='bbox 1594 2796 1708 2826; x_wconf 87' lang='lat' dir='ltr'>contra</span> <span class='ocrx_word' id='word_1_858' title='bbox 1729 2805 1736 2826; x_wconf 79' lang='grc' dir='ltr'>ι</span> <span class='ocrx_word' id='word_1_859' title='bbox 1756 2793 1920 2836; x_wconf 86' lang='lat' dir='ltr'>siquidem</span> <span class='ocrx_word' id='word_1_860' title='bbox 1940 2792 2116 2836; x_wconf 84' lang='lat' dir='ltr'>aequalitas</span> <span class='ocrx_word' id='word_1_861' title='bbox 2133 2791 2168 2825; x_wconf 88' lang='lat' dir='ltr'>in</span> <span class='ocrx_word' id='word_1_862' title='bbox 2181 2801 2220 2826; x_wconf 88' lang='lat' dir='ltr'>ea</span> <span class='ocrx_word' id='word_1_863' title='bbox 2235 2792 2380 2835; x_wconf 87' lang='lat' dir='ltr'>primum</span> 
     </span>
     <span class='ocr_line' id='line_1_100' title="bbox 1336 2851 2241 2897; baseline -0.001 -10"><span class='ocrx_word' id='word_1_864' title='bbox 1336 2854 1541 2897; x_wconf 84' lang='lat' dir='ltr'>quantitate,</span> <span class='ocrx_word' id='word_1_865' title='bbox 1569 2853 1687 2887; x_wconf 88' lang='lat' dir='ltr'>deinde</span> <span class='ocrx_word' id='word_1_866' title='bbox 1709 2853 1810 2887; x_wconf 84' lang='lat' dir='ltr'>etiam</span> <span class='ocrx_word' id='word_1_867' title='bbox 1832 2852 2042 2895; x_wconf 88' lang='lat' dir='ltr'>proportione</span> <span class='ocrx_word' id='word_1_868' title='bbox 2066 2851 2241 2895; x_wconf 86' lang='lat' dir='ltr'>quaeritur.</span> 
     </span>
    </p>

    <p class='ocr_par' dir='ltr' id='par_1_17' title="bbox 1333 2910 2379 3196">
     <span class='ocr_line' id='line_1_101' title="bbox 1379 2910 2379 2954; baseline -0.004 -7"><span class='ocrx_word' id='word_1_869' title='bbox 1379 2914 1415 2947; x_wconf 88' lang='lat' dir='ltr'>Si</span> <span class='ocrx_word' id='word_1_870' title='bbox 1445 2913 1531 2947; x_wconf 90' lang='lat' dir='ltr'>enim</span> <span class='ocrx_word' id='word_1_871' title='bbox 1561 2913 1705 2946; x_wconf 89' lang='lat' dir='ltr'>multum</span> <span class='ocrx_word' id='word_1_872' title='bbox 1738 2913 1824 2946; x_wconf 86' lang='lat' dir='ltr'>inter</span> <span class='ocrx_word' id='word_1_873' title='bbox 1852 2922 1887 2946; x_wconf 87' lang='lat' dir='ltr'>se</span> <span class='ocrx_word' id='word_1_874' title='bbox 1904 2911 2081 2951; x_wconf 81' lang='lat' dir='ltr'>differant,</span> <span class='ocrx_word' id='word_1_875' title='bbox 2108 2920 2217 2954; x_wconf 84' lang='lat' dir='ltr'>neque</span> <span class='ocrx_word' id='word_1_876' title='bbox 2243 2910 2379 2954; x_wconf 89' lang='lat' dir='ltr'>paulum</span> 
     </span>
     <span class='ocr_line' id='line_1_102' title="bbox 1336 2970 2376 3016; baseline -0.005 -8"><span class='ocrx_word' id='word_1_877' title='bbox 1336 2975 1477 3014; x_wconf 86' lang='lat' dir='ltr'>distent,</span> <span class='ocrx_word' id='word_1_878' title='bbox 1510 2974 1568 3008; x_wconf 89' lang='lat' dir='ltr'>sed</span> <span class='ocrx_word' id='word_1_879' title='bbox 1598 2974 1692 3016; x_wconf 86' lang='lat' dir='ltr'>longe</span> <span class='ocrx_word' id='word_1_880' title='bbox 1708 2973 1850 3006; x_wconf 89' lang='lat' dir='ltr'>alterum</span> <span class='ocrx_word' id='word_1_881' title='bbox 1881 2972 1964 3005; x_wconf 88' lang='lat' dir='ltr'>alter</span> <span class='ocrx_word' id='word_1_882' title='bbox 1985 2971 2128 3010; x_wconf 88' lang='lat' dir='ltr'>virtute,</span> <span class='ocrx_word' id='word_1_883' title='bbox 2160 2972 2217 3004; x_wconf 85' lang='lat' dir='ltr'>aut</span> <span class='ocrx_word' id='word_1_884' title='bbox 2239 2970 2376 3013; x_wconf 87' lang='lat' dir='ltr'>opibus,</span> 
     </span>
     <span class='ocr_line' id='line_1_103' title="bbox 1336 3028 2379 3075; baseline -0.004 -9"><span class='ocrx_word' id='word_1_885' title='bbox 1336 3034 1395 3066; x_wconf 91' lang='lat' dir='ltr'>aut</span> <span class='ocrx_word' id='word_1_886' title='bbox 1414 3033 1477 3066; x_wconf 89' lang='lat' dir='ltr'>alia</span> <span class='ocrx_word' id='word_1_887' title='bbox 1502 3041 1701 3075; x_wconf 85' lang='lat' dir='ltr'>quacunque</span> <span class='ocrx_word' id='word_1_888' title='bbox 1722 3041 1758 3064; x_wconf 88' lang='lat' dir='ltr'>re</span> <span class='ocrx_word' id='word_1_889' title='bbox 1776 3031 1920 3073; x_wconf 89' lang='lat' dir='ltr'>superet,</span> <span class='ocrx_word' id='word_1_890' title='bbox 1940 3039 2006 3063; x_wconf 91' lang='lat' dir='ltr'>non</span> <span class='ocrx_word' id='word_1_891' title='bbox 2023 3031 2100 3062; x_wconf 90' lang='lat' dir='ltr'>sunt</span> <span class='ocrx_word' id='word_1_892' title='bbox 2117 3028 2215 3062; x_wconf 84' lang='lat' dir='ltr'>amici</span> <span class='ocrx_word' id='word_1_893' title='bbox 2234 3038 2242 3058; x_wconf 87' lang='lat'><em>=</em></span> <span class='ocrx_word' id='word_1_894' title='bbox 2261 3037 2379 3071; x_wconf 85' lang='lat' dir='ltr'>nempe</span> 
     </span>
     <span class='ocr_line' id='line_1_104' title="bbox 1336 3087 2377 3135; baseline -0.006 -9"><span class='ocrx_word' id='word_1_895' title='bbox 1336 3102 1396 3126; x_wconf 90' lang='lat' dir='ltr'>nec</span> <span class='ocrx_word' id='word_1_896' title='bbox 1420 3094 1557 3135; x_wconf 88' lang='lat' dir='ltr'>possunt</span> <span class='ocrx_word' id='word_1_897' title='bbox 1585 3101 1673 3130; x_wconf 85' lang='lat' dir='ltr'>esse,</span> <span class='ocrx_word' id='word_1_898' title='bbox 1704 3100 1764 3125; x_wconf 90' lang='lat' dir='ltr'>nec</span> <span class='ocrx_word' id='word_1_899' title='bbox 1790 3090 1916 3124; x_wconf 89' lang='lat' dir='ltr'>volunt.</span> <span class='ocrx_word' id='word_1_900' title='bbox 1949 3089 2046 3128; x_wconf 89' lang='lat' dir='ltr'>Quod</span> <span class='ocrx_word' id='word_1_901' title='bbox 2069 3088 2207 3131; x_wconf 86' lang='lat' dir='ltr'>quidem</span> <span class='ocrx_word' id='word_1_902' title='bbox 2222 3087 2256 3121; x_wconf 90' lang='lat' dir='ltr'>in</span> <span class='ocrx_word' id='word_1_903' title='bbox 2281 3087 2377 3121; x_wconf 82' lang='lat' dir='ltr'>nobis</span> 
     </span>
     <span class='ocr_line' id='line_1_105' title="bbox 1333 3147 2375 3196; baseline -0.006 -10"><span class='ocrx_word' id='word_1_904' title='bbox 1333 3152 1438 3195; x_wconf 82' lang='lat' dir='ltr'>magis</span> <span class='ocrx_word' id='word_1_905' title='bbox 1450 3154 1585 3196; x_wconf 84' lang='lat' dir='ltr'>apparet</span> <span class='ocrx_word' id='word_1_906' title='bbox 1599 3154 1699 3195; x_wconf 89' lang='lat' dir='ltr'>atque</span> <span class='ocrx_word' id='word_1_907' title='bbox 1721 3151 1755 3184; x_wconf 91' lang='lat' dir='ltr'>in</span> <span class='ocrx_word' id='word_1_908' title='bbox 1771 3150 1833 3183; x_wconf 90' lang='lat' dir='ltr'>deo</span> <span class='ocrx_word' id='word_1_909' title='bbox 1853 3166 1862 3182; x_wconf 64' lang='grc' dir='ltr'>ι</span> <span class='ocrx_word' id='word_1_910' title='bbox 1878 3149 1956 3192; x_wconf 89' lang='lat' dir='ltr'>quia</span> <span class='ocrx_word' id='word_1_911' title='bbox 1975 3148 2063 3182; x_wconf 89' lang='lat' dir='ltr'>enim</span> <span class='ocrx_word' id='word_1_912' title='bbox 2082 3148 2176 3191; x_wconf 90' lang='lat' dir='ltr'>longe</span> <span class='ocrx_word' id='word_1_913' title='bbox 2193 3156 2253 3181; x_wconf 89' lang='lat' dir='ltr'>nos</span> <span class='ocrx_word' id='word_1_914' title='bbox 2268 3147 2375 3181; x_wconf 89' lang='lat' dir='ltr'>omni-</span> 
     </span>
    </p>
   </div>
   <div class='ocr_carea' id='block_1_7' title="bbox 230 3297 2419 3394">
    <p class='ocr_par' dir='ltr' id='par_1_18' title="bbox 230 3297 2419 3394">
     <span class='ocr_line' id='line_1_106' title="bbox 273 3297 2376 3348; baseline -0.003 -11"><span class='ocrx_word' id='word_1_915' title='bbox 273 3305 290 3321; x_wconf 80' lang='lat'><em>*</em></span> <span class='ocrx_word' id='word_1_916' title='bbox 310 3305 387 3346; x_wconf 87' lang='lat' dir='ltr'>Gap.</span> <span class='ocrx_word' id='word_1_917' title='bbox 409 3307 437 3337; x_wconf 91' lang='lat'>7.</span> <span class='ocrx_word' id='word_1_918' title='bbox 459 3303 594 3348; x_wconf 85' lang='grc' dir='ltr'>Ἕτερον</span> <span class='ocrx_word' id='word_1_919' title='bbox 612 3304 647 3336; x_wconf 85' lang='grc' dir='ltr'>δέ</span> <span class='ocrx_word' id='word_1_920' title='bbox 662 3305 731 3336; x_wconf 82' lang='grc' dir='ltr'>ἐστι</span> <span class='ocrx_word' id='word_1_921' title='bbox 746 3304 846 3346; x_wconf 69' lang='grc' dir='ltr'>φιλίας</span> <span class='ocrx_word' id='word_1_922' title='bbox 874 3305 956 3341; x_wconf 83' lang='grc' dir='ltr'>εἶδος</span> <span class='ocrx_word' id='word_1_923' title='bbox 970 3306 1035 3335; x_wconf 73' lang='grc' dir='ltr'>κτλ.</span> <span class='ocrx_word' id='word_1_924' title='bbox 1061 3323 1096 3327; x_wconf 93' lang='grc'><strong>-</strong></span> <span class='ocrx_word' id='word_1_925' title='bbox 1120 3305 1157 3323; x_wconf 57' lang='lat'>⁴⁵*</span> <span class='ocrx_word' id='word_1_926' title='bbox 1176 3306 1372 3348; x_wconf 71' lang='grc' dir='ltr'>Διαφέρουσι</span> <span class='ocrx_word' id='word_1_927' title='bbox 1398 3305 1424 3336; x_wconf 85' lang='grc' dir='ltr'>δ’</span> <span class='ocrx_word' id='word_1_928' title='bbox 1445 3305 1540 3337; x_wconf 86' lang='grc' dir='ltr'>αὗται</span> <span class='ocrx_word' id='word_1_929' title='bbox 1563 3304 1618 3336; x_wconf 77' lang='grc' dir='ltr'>καὶ</span> <span class='ocrx_word' id='word_1_930' title='bbox 1637 3303 1778 3341; x_wconf 74' lang='grc' dir='ltr'>ἀλλήλων</span> <span class='ocrx_word' id='word_1_931' title='bbox 1801 3302 1867 3333; x_wconf 78' lang='grc' dir='ltr'>κτλ.</span> <span class='ocrx_word' id='word_1_932' title='bbox 1894 3318 1936 3323; x_wconf 94' lang='grc'><strong>-</strong></span> <span class='ocrx_word' id='word_1_933' title='bbox 1951 3300 2012 3319; x_wconf 49' lang='grc' dir='ltr'>μ*</span> <span class='ocrx_word' id='word_1_934' title='bbox 2032 3299 2136 3333; x_wconf 84' lang='grc' dir='ltr'>’Όταν</span> <span class='ocrx_word' id='word_1_935' title='bbox 2163 3301 2295 3341; x_wconf 81' lang='grc' dir='ltr'>γονεῦσι</span> <span class='ocrx_word' id='word_1_936' title='bbox 2319 3297 2376 3340; x_wconf 81' lang='grc' dir='ltr'>μὲν</span> 
     </span>
     <span class='ocr_line' id='line_1_107' title="bbox 230 3346 2419 3394; baseline -0.002 -11"><span class='ocrx_word' id='word_1_937' title='bbox 230 3352 327 3384; x_wconf 72' lang='grc' dir='ltr'>τέκνα</span> <span class='ocrx_word' id='word_1_938' title='bbox 352 3353 497 3394; x_wconf 81' lang='grc' dir='ltr'>ἀπονέμῃ</span> <span class='ocrx_word' id='word_1_939' title='bbox 515 3354 583 3385; x_wconf 81' lang='grc' dir='ltr'>κτλ.</span> <span class='ocrx_word' id='word_1_940' title='bbox 602 3369 644 3375; x_wconf 95' lang='grc'>-</span> <span class='ocrx_word' id='word_1_941' title='bbox 657 3351 733 3370; x_wconf 63' lang='grc'>”’“</span> <span class='ocrx_word' id='word_1_942' title='bbox 758 3351 928 3393; x_wconf 81' lang='grc' dir='ltr'>Ἀνάλογον</span> <span class='ocrx_word' id='word_1_943' title='bbox 946 3353 972 3383; x_wconf 77' lang='grc' dir='ltr'>δ’</span> <span class='ocrx_word' id='word_1_944' title='bbox 989 3352 1020 3383; x_wconf 87' lang='grc' dir='ltr'>ἐν</span> <span class='ocrx_word' id='word_1_945' title='bbox 1041 3352 1182 3389; x_wconf 88' lang='grc' dir='ltr'>ἁπάσαις</span> <span class='ocrx_word' id='word_1_946' title='bbox 1200 3354 1268 3384; x_wconf 78' lang='grc' dir='ltr'>κτλ.</span> <span class='ocrx_word' id='word_1_947' title='bbox 1290 3369 1331 3377; x_wconf 92' lang='lat'>-·</span> <span class='ocrx_word' id='word_1_948' title='bbox 1355 3352 1453 3372; x_wconf 63' lang='lat'>*****</span> <span class='ocrx_word' id='word_1_949' title='bbox 1477 3352 1580 3384; x_wconf 78' lang='grc' dir='ltr'>’Ὸταν</span> <span class='ocrx_word' id='word_1_950' title='bbox 1610 3351 1671 3393; x_wconf 83' lang='grc' dir='ltr'>γὰρ</span> <span class='ocrx_word' id='word_1_951' title='bbox 1697 3351 1769 3382; x_wconf 82' lang='grc' dir='ltr'>κατ’</span> <span class='ocrx_word' id='word_1_952' title='bbox 1790 3349 1877 3386; x_wconf 86' lang='grc' dir='ltr'>ἀξίαν</span> <span class='ocrx_word' id='word_1_953' title='bbox 1892 3351 1911 3387; x_wconf 89' lang='grc' dir='ltr'>ἡ</span> <span class='ocrx_word' id='word_1_954' title='bbox 1936 3347 2057 3390; x_wconf 85' lang='grc' dir='ltr'>φίλησις</span> <span class='ocrx_word' id='word_1_955' title='bbox 2076 3348 2223 3389; x_wconf 87' lang='grc' dir='ltr'>γίγνηται</span> <span class='ocrx_word' id='word_1_956' title='bbox 2247 3346 2316 3379; x_wconf 79' lang='grc' dir='ltr'>κτλ.</span> <span class='ocrx_word' id='word_1_957' title='bbox 2334 3362 2376 3368; x_wconf 94' lang='grc'>-</span> <span class='ocrx_word' id='word_1_958' title='bbox 2417 3353 2419 3355; x_wconf 85' lang='grc'><strong>’</strong></span> 
     </span>
    </p>
   </div>
   <div class='ocr_carea' id='block_1_8' title="bbox 229 3399 1101 3441">
    <p class='ocr_par' dir='ltr' id='par_1_19' title="bbox 229 3399 1101 3441">
     <span class='ocr_line' id='line_1_108' title="bbox 229 3399 1101 3441; baseline 0.014 -12"><span class='ocrx_word' id='word_1_959' title='bbox 229 3399 341 3418; x_wconf 69' lang='lat'>******</span> <span class='ocrx_word' id='word_1_960' title='bbox 359 3402 461 3440; x_wconf 85' lang='grc' dir='ltr'>Δῆλον</span> <span class='ocrx_word' id='word_1_961' title='bbox 478 3400 505 3432; x_wconf 80' lang='grc' dir='ltr'>δ’</span> <span class='ocrx_word' id='word_1_962' title='bbox 519 3400 574 3432; x_wconf 84' lang='grc' dir='ltr'>ἐὰν</span> <span class='ocrx_word' id='word_1_963' title='bbox 588 3400 668 3433; x_wconf 83' lang='grc' dir='ltr'>πολὺ</span> <span class='ocrx_word' id='word_1_964' title='bbox 686 3399 850 3441; x_wconf 83' lang='grc' dir='ltr'>διάστημα</span> <span class='ocrx_word' id='word_1_965' title='bbox 868 3400 1015 3441; x_wconf 61' lang='grc' dir='ltr'>γίγνηται</span> <span class='ocrx_word' id='word_1_966' title='bbox 1032 3400 1101 3431; x_wconf 52' lang='grc' dir='ltr'>κτλ</span> 
     </span>
    </p>
   </div>
   <div class='ocr_carea' id='block_1_9' title="bbox 2471 0 2508 413">
    <p class='ocr_par' dir='ltr' id='par_1_20' title="bbox 2471 0 2508 413">
     <span class='ocr_line' id='line_1_109' title="bbox 2471 0 2508 413; baseline 0 3363"><span class='ocrx_word' id='word_1_967' title='bbox 2471 0 2508 413; x_wconf 95' lang='lat' dir='ltr'> </span> 
     </span>
    </p>
   </div>
   <div class='ocr_carea' id='block_1_10' title="bbox 2463 3347 2508 3776">
    <p class='ocr_par' dir='ltr' id='par_1_21' title="bbox 2463 3347 2508 3776">
     <span class='ocr_line' id='line_1_110' title="bbox 2463 3347 2508 3776; baseline 0 0"><span class='ocrx_word' id='word_1_968' title='bbox 2463 3347 2508 3776; x_wconf 95' lang='lat' dir='ltr'> </span> 
     </span>
    </p>
   </div>
  </div>
 </body>
</html>
