2528 3788
310 232 366 274 ³8

303 318 341 361 δὲ
360 320 423 370 τὴν
447 322 590 374 ψυχήν]
609 320 846 360 lamblichus
869 321 994 372 Segm.
1013 321 1043 359 V
1063 334 1148 372 cap.
1175 335 1218 360 11
1242 321 1338 375 ψυχὴ

302 379 372 419 ἀπὸ
390 383 450 420 νοῦ
468 382 671 420 τελειοῦται.
684 401 738 409 —-
753 384 768 404 ⁰
785 378 904 432 ὥσπερ
918 379 1013 428 ἥλιος
1035 380 1095 425 τὰς
1110 380 1216 434 ὄψεις]
1237 381 1342 420 Men-

302 440 352 478 tis
371 453 457 478 cum
478 441 559 478 sole
587 439 828 490 comparatio
849 440 941 479 satis
964 441 1158 491 frequens.
1179 439 1340 479 Proclus

302 497 343 534 in
364 497 466 535 Tim.
495 497 566 534 lib.
597 496 654 534 Ill
692 511 731 548 pl.
769 498 840 535 183
875 498 1042 549 ἀνάλογον
1066 497 1134 550 γὰρ
1161 497 1248 550 ἡλίῳ
1277 497 1339 550 μὲν

302 557 397 606 νοῦς,
416 557 466 607 τῷ
491 554 552 608 ἀφ’
571 554 667 602 ἡλίου
687 554 772 608 φωτὶ
793 557 814 602 ἡ
833 555 950 609 ψυχή,
970 558 1012 608 τῇ
1031 555 1066 595 δὲ
1088 557 1178 609 αὔγῇ
1194 556 1262 596 ἀπὸ
1279 560 1340 596 τοῦ

302 614 413 668 φωτὸς
435 618 458 662 ἡ
478 615 623 666 μεριστὴ
650 615 735 663 ζωή.
760 635 813 644 -
833 613 850 639 ‘¹
870 617 992 668 ψυχῶν
1018 616 1054 655 αἱ
1080 615 1143 667 μέν
1163 617 1229 654 εἶσι
1248 617 1340 666 λογι-

302 672 381 726 καὶ]
397 673 701 713 Vid.1amblich.
723 673 822 713 Sect.
839 673 929 712 VIII
944 688 1028 726 cap.
1048 676 1071 713 6
1087 689 1128 727 p.
1153 675 1241 715 162.
1258 696 1310 706 —
1326 679 1340 698 ⁰

303 733 339 771 αἱ
367 732 402 771 δὲ
435 732 474 772 ἐκ
502 735 570 772 τῶν
606 731 774 785 δευτέρων
817 733 1034 786 παράγονται
1064 737 1148 773 θεῶν
1174 735 1188 786 ]
1224 734 1334 776 codd.

303 792 338 830 αἱ
364 791 400 830 δὲ
427 793 466 830 ἐκ
498 792 665 846 δευτέρων
686 791 903 845 παράγονται
938 794 1040 832 θεῶν.
1072 793 1132 834 Cf.
1155 794 1341 833 Alcinous

303 864 385 902 cap.
418 851 466 889 23
503 849 617 903 ψυχὴν
649 850 716 904 γὰρ
749 851 1084 904 παραλαμὸάνοντες
1123 853 1339 905 ἀνθρωπίνην

303 907 472 947 ἀθάνατον
500 902 604 947 οῧσαν
634 908 730 962 παρὰ
750 912 810 948 τοῦ
839 907 982 962 πρώτου
1012 913 1091 949 θεοῦ
1112 911 1142 948 οἱ
1163 910 1206 948 τὰ
1233 910 1340 958 θνητὰ

302 966 384 1019 γένη
406 968 694 1021 δημιουργοῦντες
721 967 791 1006 θεοὶ
818 967 877 1006 δύο
895 969 983 1020 αὑτῇ
1007 968 1220 1022 προσέθεσαν
1250 969 1339 1022 μέρη

305 1026 412 1074 θνητά
428 1035 465 1065 et
483 1026 595 1066 Plato
624 1026 727 1066 Tim.
750 1041 787 1078 p.
811 1032 875 1071 41.
904 1027 951 1067 D.
981 1026 1021 1066 τὸ
1050 1028 1085 1066 δὲ
1105 1027 1225 1066 λοιπὸν
1246 1030 1339 1078 ὑμεῖς

303 1085 466 1137 ἀθανάτῳ
483 1084 604 1130 θνητὸν
622 1084 913 1137 προσυφαίνοντες
928 1085 1162 1137 ἀπεργάζεσθε
1177 1087 1248 1138 ζῷα
1262 1087 1338 1126 κτλ.

303 1163 355 1172 —
371 1142 381 1166 ¹
398 1142 605 1195 κρατήσασα
628 1142 691 1193 μὲν
709 1142 856 1194 ἀρετήν]
871 1143 957 1181 Vid.
978 1144 1140 1194 Theagis
1159 1145 1206 1182 de
1220 1145 1338 1183 virtu-

302 1201 406 1240 tibus
422 1201 507 1240 loca
520 1201 562 1239 in
581 1201 682 1240 Phil.
704 1201 828 1241 GraeC.
847 1201 997 1252 Fragm.
1020 1203 1100 1241 vol.
1127 1202 1163 1240 11
1179 1216 1267 1254 pag.
1295 1205 1340 1241 18

302 1273 408 1312 seqq.
428 1269 466 1299 et
483 1261 623 1300 Plotin.
639 1261 810 1299 Ennead.
834 1261 851 1298 Ι
872 1261 940 1299 lib.
959 1262 974 1299 1
995 1275 1077 1313 cap.
1093 1263 1129 1299 8.
1153 1283 1205 1292 —
1222 1267 1239 1292 8
1258 1263 1343 1301 ἀθά-

303 1334 404 1357 νατον
418 1317 453 1356 δὲ
469 1317 577 1366 αὐτὴν
594 1313 681 1356 εἶναι
699 1318 833 1370 ἀνάγκη
849 1348 859 1367 ,
871 1318 922 1357 ὅτι
938 1319 1100 1371 γινώσκει
1117 1319 1238 1372 θεούς]
1253 1321 1340 1360 Vid.

303 1378 447 1417 Plotin.
467 1377 641 1416 Ennead.
668 1378 712 1418 IV
738 1378 807 1416 lib.
826 1377 895 1415 VII
917 1391 999 1430 cap.
1025 1392 1068 1416 10
1088 1394 1128 1429 p.
1151 1380 1241 1424 464.
1261 1381 1342 1408 -h

301 1436 361 1473 καὶ
394 1441 465 1480 τοῖς
505 1435 664 1485 σώμασιν
704 1438 750 1480 ὡς
782 1436 966 1487 ἀσώματος
998 1438 1247 1489 ἀντιπέπονθε]
1280 1437 1331 1475 Cf

301 1493 449 1532 Marsil.
478 1493 601 1533 Fiein.
623 1493 762 1533 Theol.
789 1494 885 1534 Plat.
903 1495 973 1534 lib.
999 1495 1051 1533 IX
1074 1509 1158 1547 cap.
1183 1497 1267 1533 2-3.
1291 1516 1344 1526 —

301 1551 311 1574 i
333 1551 523 1603 γεννήσαι]
547 1551 603 1590 sic
624 1551 786 1603 scripsi3
820 1553 932 1591 codd.
961 1553 1136 1604 γεννήσοι.
1171 1573 1223 1583 -
1242 1553 1260 1577 ¹‘
1282 1554 1343 1591 οὐκ

301 1611 394 1648 ἔστιν
413 1612 447 1648 ἓν
470 1609 610 1662 τούτῳ]
631 1610 690 1649 Cf.
714 1610 860 1649 Plotin.
881 1611 1054 1651 Ennead.
1079 1613 1098 1650 I
1120 1611 1189 1651 lib.
1220 1611 1237 1649 l
1255 1625 1340 1663 cap.

304 1670 324 1708 3
348 1678 385 1707 et
413 1675 448 1714 4.
482 1669 607 1707 Aliter
637 1678 773 1707 auctor
790 1669 1018 1709 Poemandri
1049 1685 1088 1722 p.
1117 1685 1158 1708 11
1191 1671 1287 1724 ψυχὴ
1313 1672 1342 1709 δ’

302 1727 485 1781 ἀνθρώπου
520 1729 656 1781 ὀχεῖται
679 1728 736 1766 τὸν
767 1729 895 1781 τρόπον
928 1734 1067 1768 τοῦτον·
1089 1733 1106 1769 ὁ
1138 1733 1216 1774 νοῦς
1237 1732 1273 1769 ἐν
1295 1733 1343 1783 τῷ

301 1786 415 1839 λόγῳ,
437 1788 454 1823 ὃ
475 1785 574 1837 λόγος
595 1786 629 1824 ἐν
657 1788 700 1838 τῇ
718 1787 837 1839 ψυχῇ,
860 1789 881 1833 ἡ
903 1786 999 1840 ψυχὴ
1024 1789 1058 1826 ἐν
1080 1790 1130 1841 τῷ
1150 1789 1343 1841 πνεύματι,

303 1845 342 1883 τὸ
362 1848 499 1896 πνεῦμα
522 1846 555 1882 ἐν
578 1846 627 1896 τῷ
645 1843 797 1892 σώματι.
816 1866 870 1874 -
889 1844 899 1867 ¹
926 1847 1188 1898 παρατρέπεται
1206 1848 1343 1887 πολλά-

308 1904 393 1955 κις]
421 1903 658 1942 lamblichus
691 1903 738 1941 de
758 1903 876 1955 Myst.
901 1918 1020 1955 segm.
1048 1905 1066 1942 l
1092 1920 1175 1958 cap.
1202 1922 1222 1955 7
1253 1909 1342 1960 ῥοπῇ

305 1962 365 2000 καὶ
388 1962 507 2013 σχέσει
526 1961 586 2000 καὶ
609 1961 723 2000 νεύσει
750 1964 956 2016 κρατεῖται,
977 1963 1108 2016 ὄρέξεσί
1126 1980 1163 2003 τε
1191 1969 1250 2004 τοῦ
1270 1967 1343 2018 χεί-

309 2036 420 2072 ρονος,
444 2021 503 2059 καὶ
523 2020 695 2060 οἰκειώσει
716 2022 783 2058 τῶν
802 2021 968 2073 δευτέρων
985 2022 1187 2074 κατέχεται.
1203 2025 1274 2076 -)

747 2128 832 2179 Κεφ.
865 2126 907 2166 θ’.

469 2228 544 2269 Περὶ
567 2227 711 2267 προνοίας
726 2229 779 2258 καὶ
797 2228 982 2268 εἱμαρμένης
998 2232 1049 2260 καὶ
1069 2230 1175 2270 τύχης,

359 2301 436 2349 Τὴν
466 2301 500 2340 δὲ
522 2305 590 2341 τῶν
614 2304 698 2340 θεῶν
721 2303 884 2355 πρόνοιαν
905 2307 919 2326 ‘¹
940 2302 1015 2342 ἔστι
1037 2304 1098 2353 μὲν
1121 2305 1180 2343 καὶ
1204 2307 1243 2343 ἐκ
1263 2321 1340 2344 του-

304 2376 371 2399 των
392 2362 488 2399 ἷδεῖν.
513 2360 625 2400 Πόθεν
644 2360 710 2414 γὰρ
730 2365 751 2409 ἡ
773 2361 866 2407 τάξις
885 2358 935 2414 τῷ
956 2361 1098 2415 κόσμῳ,
1119 2363 1213 2415 εἴπερ
1234 2363 1340 2414 μηδὲν

730 2514 808 2555 Cap.
832 2515 920 2548 VIII.

432 2609 474 2636 De
487 2609 588 2637 mente
605 2610 634 2637 et
654 2608 766 2640 anima,
789 2615 915 2645 eamque
931 2616 992 2638 esse
1011 2610 1222 2640 immortalem,

349 2689 407 2722 Est
425 2690 535 2721 autem
549 2688 701 2728 quaedam
721 2689 770 2720 vis
785 2689 918 2722 inferior
935 2690 1068 2731 quidem
1084 2700 1182 2732 quam
1200 2693 1346 2727 substan-

307 2747 373 2787 tia,
397 2747 454 2780 sed
476 2746 625 2788 superior
647 2756 746 2788 quam
778 2747 901 2788 anima,
933 2758 952 2781 a
980 2749 1161 2782 substantia
1192 2754 1349 2784 mutuans

307 2808 430 2847 vitam,-
451 2806 593 2839 animam
610 2815 688 2839 vero
706 2806 751 2839 ita
768 2807 939 2849 perficiens
953 2834 960 2848 ‚
978 2811 1016 2840 ut
1033 2810 1143 2841 oculos
1164 2810 1221 2841 sol.
1270 2810 1349 2841 Ani-

307 2875 435 2898 marum
452 2874 549 2907 porro
566 2864 637 2901 aliae
653 2868 730 2898 sunt
753 2866 887 2898 rationis
903 2869 1070 2908 compotes
1088 2870 1120 2901 et
1136 2869 1347 2909 immortales,

310 2924 380 2956 aliae
411 2922 547 2956 rationis
575 2925 725 2964 expertes
753 2924 992 2965 mortalesque3
1015 2925 1099 2958 inter
1126 2936 1207 2967 quas
1237 2927 1301 2959 illae
1331 2937 1350 2959 a

308 2982 420 3024 primis
432 3007 440 3022 ,
458 2981 509 3014 liae
530 2991 549 3013 a
570 2981 721 3014 secundis
734 2981 810 3014 'diis
826 2982 1063 3023 producuntur.
1108 2985 1171 3016 Sed
1186 2984 1327 3026 primum
1341 3012 1348 3025 ‚

310 3040 390 3083 quid
405 3040 448 3072 sit
465 3039 592 3080 anima,
623 3039 896 3082 investigandum.
945 3044 1017 3079 Quo
1036 3042 1134 3083 igitur
1152 3044 1293 3078 animata
1311 3045 1350 3077 ab

311 3099 495 3132 inanimatis
526 3099 707 3140 differunt,
728 3099 790 3131 hoc
816 3100 924 3132 anima
953 3102 1013 3132 est.
1057 3101 1217 3134 Differunt
1242 3106 1351 3136 autem

314 3160 403 3191 motu
418 3184 425 3198 ,
470 3166 588 3198 sensu,
630 3157 878 3199 imaginatione,
914 3159 1134 3199 intelligentia.
1179 3163 1237 3194 Est
1278 3171 1352 3203 ergo

313 3218 422 3252 anima
435 3216 571 3250 rationis
588 3226 703 3259 expers
714 3242 721 3256 ‚
739 3217 808 3249 vita
825 3225 899 3258 quae
920 3226 1018 3250 sensu
1038 3220 1071 3251 et
1086 3219 1252 3260 conceptis
1270 3221 1351 3252 ima-

314 3277 442 3319 ginihus
455 3279 622 3317 movetur3
643 3276 776 3310 rationis
792 3285 940 3317 comp05‚
961 3285 1034 3317 quae
1059 3286 1172 3310 sensus
1186 3280 1218 3311 et
1235 3279 1351 3319 imagi-

314 3335 478 3369 nationem
502 3336 703 3374 moderatur,
723 3344 761 3368 ac
780 3335 906 3368 ratione
922 3335 1037 3369 utitur.
1082 3337 1120 3368 Et
1136 3337 1260 3370 ratione
1277 3339 1353 3379 qui-

314 3395 388 3428 dem
409 3404 526 3428 carens
545 3395 653 3430 anima
669 3393 812 3437 corporis
831 3394 981 3436 sequitur
1009 3394 1221 3436 affectiones;
1242 3396 1355 3430 insane

315 3454 400 3487 onim
418 3456 451 3488 et
462 3454 660 3496 concupiscit
673 3456 705 3486 et
722 3453 883 3496 irascitur,
906 3457 940 3486 at
954 3453 1087 3488 rationis
1102 3455 1264 3496 particeps
1278 3465 1353 3489 cum

1243 231 1514 273 SALLUSTII.

1411 316 1450 370 ἦν
1472 321 1511 360 τὸ
1539 321 1690 374 τάττον;
1721 322 1835 362 Πόθεν
1856 321 1892 360 δὲ
1912 322 1951 360 τὸ
1980 322 2094 362 πάντα
2119 322 2208 368 τινὸς
2228 323 2328 364 ἕνεκα
2347 324 2441 377 γίνε-

1406 383 1505 429 σθαι,
1525 374 1594 418 οἷον
1615 379 1739 432 ἄλογον
1758 379 1820 432 μὲν
1836 379 1952 434 ψυχήν
1963 409 1974 428 ,
1993 378 2052 420 ἵνα
2068 380 2230 430 αἴσθησις
2243 376 2284 436 ᾖ·
2297 382 2440 436 λογικὴν

1406 438 1442 477 δὲ
1461 437 1519 478 ἵνα
1539 441 1716 490 κοσμῆται
1736 442 1758 487 ἡ
1779 441 1844 491 γῆ;
1861 438 1968 478 Ἔστι
1989 438 2025 477 δὲ
2046 439 2106 479 καὶ
2133 441 2173 480 ἐκ
2190 442 2254 489 τῆς
2273 440 2353 496 περὶ
2377 439 2441 490 τὴν
2491 464 2493 467 v

1405 497 1505 550 φύσιν
1526 497 1686 550 προνοίας
1706 499 1807 538 ἰδεῖν.
1829 497 1886 537 Τὰ
1907 496 1970 548 μὲν
1987 495 2054 550 γὰρ
2074 497 2221 550 ὄμματα
2241 499 2394 554 διαφανῆ
2411 499 2430 526 ¹’
2490 533 2493 550 z
2519 527 2522 540 ι

1404 555 1488 609 πρὸς
1513 556 1552 595 τὸ
1587 556 1726 609 βλέπειν
1760 555 2057 596 κατεσκεύασται·
2088 558 2111 604 ἡ
2135 555 2172 596 δὲ
2205 556 2256 610 ῥὶς
2283 556 2372 612 bvi-ip
2401 556 2442 597 τὸ
2518 548 2525 606 3':

1405 615 1519 666 στόμα
1540 614 1596 653 διὰ
1628 615 1668 654 τὸ
1687 616 1815 668 κρίνειν
1846 614 1890 653 τὰ
1916 613 2075 663 δυσώδη·
2098 615 2166 654 τῶν
2185 614 2223 654 δὸ
2242 615 2389 657 ὀδόντων
2410 615 2441 655 ol
2491 615 2495 651 j

1405 673 1503 724 μέσοι
1526 673 1588 725 μὲν
1610 672 1718 722 ὀξεῖς,
1741 673 1796 712 διὰ
1815 673 1854 712 τὸ
1872 672 2008 724 τέμνειν
2022 703 2033 722 ,
2055 675 2087 712 οἳ
2107 673 2144 714 δὲ
2163 673 2258 714 ἔνδον
2275 674 2441 725 πλατεῖς,
2467 713 2470 716 ,

1405 732 1461 771 διὰ
1482 733 1521 771 τὸ
1540 733 1668 786 τρίὸειν
1689 732 1732 770 τὰ
1756 731 1862 771 σιτία.
1888 730 1960 771 Καὶ
1977 731 2093 772 πάντα
2113 731 2148 772 δὲ
2171 733 2207 772 ἔν
2226 738 2334 772 πᾶσιν
2351 731 2443 772 οὕτω
2525 744 2528 762 ῑ

1404 790 1495 830 κατὰ
1515 791 1617 843 λόγον
1637 793 1783 844 δρῶμεν.
1804 790 1985 830 Ἀδύνατον
2007 791 2044 830 δὲ
2064 793 2098 830 ἐν
2111 790 2180 844 μὲν
2193 796 2263 837 τοῖς
2284 790 2443 846 ἕσχάτοις

1403 849 1575 897 τοσαύτην
1595 845 1681 888 εἶναι
1703 849 1866 902 πρόνοιαν
1880 880 1890 897 ,
1914 851 1948 888 ἐν
1971 850 2006 888 δὲ
2025 856 2094 895 τοῖς
2112 850 2262 904 πρώτοις
2273 849 2323 902 μὴ
2342 843 2440 890 εἶναι.

1405 907 1454 949 Αἵ
1470 923 1507 947 τε
1529 910 1563 947 ἐν
1584 910 1633 961 τῷ
1654 908 1776 962 κόσμῳ
1797 914 1959 960 μαντεῖαι
1980 908 2041 948 καὶ
2068 908 2294 962 θεραπεῖαιἘ
2315 909 2441 961 σωμά-

1403 981 1471 1005 των
1493 966 1671 1019 γινόμεναι
1684 970 1745 1014 τῆς
1763 970 1893 1020 ἀγαθῆς
1911 967 2072 1021 προνοίας
2085 967 2151 1008 εἰσὶ
2165 970 2234 1008 τῶν
2247 969 2349 1009 θεῶν.
2365 967 2442 1016 Τὴν

1405 1025 1440 1064 δὲ
1461 1025 1622 1073 τοιαύτην
1644 1026 1724 1078 περὶ
1746 1025 1802 1064 τὸν
1824 1026 1954 1076 κόσμον
1974 1027 2176 1078 ἐπιμέλειαν
2195 1027 2291 1067 οὐδὲν
2310 1028 2442 1080 βουλο-
2499 1052 2501 1065 ι

1406 1082 1527 1133 μένους
1543 1082 1619 1122 οὐδὲ
1638 1086 1828 1128 πονοῦντας
1843 1082 1860 1107 ‘¹
1880 1083 1958 1128 τοὺς
1975 1084 2070 1129 θεοὺς
2084 1084 2230 1136 ἡγητέον
2249 1087 2442 1125 ποιεῖσθαι*

1407 1143 1484 1180 ἀλλ’
1506 1139 1627 1193 ὥσπερ
1650 1144 1719 1180 τῶν
1742 1142 1915 1193 σωμάτων
1937 1142 1981 1181 τὰ
2001 1142 2145 1194 δύναμιν
2167 1142 2294 1196 ἔχοντα
2314 1145 2331 1166 ⁶
2349 1144 2444 1196 αὖτῷ

1406 1202 1455 1252 τῷ
1474 1195 1561 1239 εἶναι
1576 1198 1589 1222 ¹
1608 1206 1699 1239 ποιεῖ
1721 1201 1743 1238 ἃ
1759 1207 1870 1240 ποιεῖ·
1885 1194 1955 1240 οἷον
1971 1201 2067 1249 ἥλιος
2083 1202 2223 1255 φωτίζει
2239 1201 2300 1242 καὶ
2321 1202 2444 1241 θάλπει

1406 1258 1499 1310 αὐτῷ
1531 1257 1625 1310 μόνῳ
1645 1260 1695 1312 τῷ
1717 1253 1824 1297 εἶναι·
1846 1258 1937 1298 οὕτω
1956 1259 2045 1299 πολὺ
2068 1261 2200 1311 μᾶλλον
2225 1263 2248 1309 ἡ
2269 1260 2338 1299 τῶν
2358 1263 2443 1300 θεῶν

1406 1315 1550 1368 πρόνοια
1575 1321 1592 1347 8
1609 1318 1698 1370 αὐτῇ
1721 1333 1758 1356 τε
1782 1317 1918 1361 ἀπόνως
1933 1318 1994 1356 καὶ
2012 1319 2084 1364 τοῖς
2103 1318 2367 1370 προνοουμένοις
2387 1319 2443 1358 ἐπ’
2499 1309 2504 1373 ξ

1405 1376 1524 1425 ἀγαθῷ
1547 1373 1702 1425 γίνεται·
1717 1375 1807 1415 ὥστε
1828 1374 1888 1414 καὶ
1908 1378 1944 1415 αἱ
1964 1377 2033 1424 τῶν
2049 1375 2303 1430 Ἐπικουρείων
2321 1375 2443 1416 λέλυν-
2464 1381 2483 1396 ““
2500 1401 2504 1407 ·

1405 1448 1463 1471 ται
1484 1432 1660 1478 ζητήσεις·
1680 1433 1719 1471 τὸ
1735 1433 1803 1486 γὰρ
1823 1432 1913 1473 θεῖόν
1931 1449 2036 1486 φασιν
2057 1433 2133 1474 οὐδὲ
2152 1434 2236 1473 αὐτὸ
2251 1433 2443 1487 πράγματα

1404 1488 1516 1542 ἔχειν,
1542 1490 1618 1528 οῦδὲ
1640 1490 1757 1535 ἄλλοις
1782 1492 1949 1544 παρέχειν
1969 1495 2001 1530 ¹².
2031 1492 2105 1532 Καὶ
2125 1497 2146 1542 ἡ
2170 1492 2233 1543 μὲν
2261 1491 2446 1543 ἀσώματος

1405 1548 1486 1601 περί
1505 1564 1543 1587 τε
1566 1549 1611 1587 τὰ
1633 1549 1784 1601 σώματα
1804 1551 1866 1589 καὶ
1885 1551 1947 1595 τὰς
1974 1551 2090 1604 ψυχὰς
2109 1551 2254 1604 πρόνοια
2269 1553 2339 1591 τῶν
2358 1554 2444 1592 θεῶν

1406 1608 1478 1646 ἐστι
1505 1608 1669 1657 τοιαύτη·
1693 1611 1715 1655 ἡ
1746 1607 1782 1648 δὲ
1805 1611 1843 1648 ἐκ
1865 1613 1934 1649 τῶν
1960 1610 2136 1660 σωμάτων
2155 1610 2215 1650 καὶ
2233 1612 2268 1650 ἐν
2289 1610 2358 1655 τοῖς
2374 1610 2445 1650 σώ-

1404 1681 1512 1714 μασιν
1531 1666 1631 1719 ἑτέρα
1646 1683 1684 1705 τε
1703 1667 1831 1715 ταύτης
1845 1667 1919 1707 ἐστί
1931 1697 1942 1717 ,
1962 1667 2022 1707 καὶ
2036 1668 2232 1721 εἱμαρμένη
2249 1669 2407 1708 καλεῖται
2421 1668 2443 1716 i,

1404 1723 1460 1761 διὰ
1482 1723 1520 1762 τὸ
1540 1725 1674 1774 μᾶλλον
1696 1726 1731 1764 ἐν
1752 1730 1821 1769 τοῖς
1837 1725 2010 1776 σώμασιιι
2032 1725 2214 1779 φαίνεσθαι
2232 1727 2291 1767 τὸν
2307 1727 2439 1781 εῖρμόν,

1405 1783 1483 1835 περὶ
1497 1784 1540 1831 ἣν
1561 1783 1621 1822 καὶ
1637 1787 1660 1834 ἡ
1681 1786 1911 1836 μαθηματικὴ
1932 1785 2076 1838 εὕρηται
2096 1784 2215 1838 τέχνη.
2233 1785 2286 1826 Τὸ
2307 1785 2369 1838 μὲν
2386 1779 2444 1825 οὗν

1404 1841 1453 1892 μὴ
1471 1842 1574 1893 μόνον
1591 1844 1630 1881 ἐκ
1651 1844 1736 1882 θεῶν
1749 1873 1761 1895 ,
1782 1842 1873 1882 ἀλλὰ
1892 1843 1954 1882 καὶ
1976 1844 2016 1882 ἐκ
2036 1844 2104 1881 τῶν
2123 1846 2221 1882 θείων
2244 1843 2418 1895 σωμάτων
2434 1844 2442 1868 ¹

1405 1900 1606 1940 διοικεῖσθαι
1624 1901 1668 1940 τὰ
1689 1901 1886 1954 ἀνθρώπινα
1904 1900 2120 1955 πράγματα,
2138 1901 2198 1940 καὶ
2208 1901 2367 1955 ’μάλιστα
2382 1902 2445 1950 τὴν

1407 1959 1611 2010 σωματικὴν
1642 1959 1766 2012 φύσιν,
1794 1958 1934 2008 εὔλογόν
1962 1959 2001 1999 τέ
2026 1959 2101 1998 ἔστι
2122 1959 2182 1998 καὶ
2218 1959 2364 2012 ἀληθές,
2385 1959 2467 1999 καὶγ

1408 2017 1463 2054 διὰ
1480 2021 1580 2055 τοῦτο
1599 2017 1729 2067 ὑγίειάν
1745 2033 1783 2056 τε
1802 2017 1861 2055 καὶ
1882 2016 2000 2066 νόσον,
2021 2015 2184 2068 εὖτυχίας
2195 2031 2233 2054 τε
2249 2015 2310 2055 καὶ
2325 2017 2446 2057 δυστυ-

1407 2075 1503 2126 χίας,
1521 2076 1598 2112 κατ’
1617 2074 1714 2119 ἀξίαν
1735 2077 1862 2114 ἐκεῖθεν
1880 2075 2035 2127 γίνεσθαι
2052 2077 2071 2114 ὁ
2086 2073 2188 2126 λόγος
2201 2073 2371 2127 εὑρίσκει.
2393 2074 2446 2116 Τὸ

1407 2131 1443 2169 δὲ
1462 2132 1596 2176 ἀδικίας
1611 2147 1648 2171 τε
1663 2135 1687 2155 ¹¹²
1707 2132 1767 2171 καὶ
1784 2131 1965 2184 ἀσελγείας
1981 2134 2028 2177 εἷς
2047 2132 2109 2179 τὴν
2130 2133 2342 2186 εἱμαρμένην
2361 2131 2447 2174 ἀπο-

1407 2190 1550 2239 διδόναι,
1572 2194 1666 2241 ἡμᾶς
1683 2191 1746 2241 μὲν
1770 2192 1940 2243 ἀγαθούς,
1965 2191 2041 2235 τοὺς
2060 2191 2097 2231 δὲ
2117 2190 2212 2237 θεοὺς
2237 2194 2347 2232 ποιεῖν
2373 2194 2447 2232 ἐστι
2510 2219 2515 2225 --

1407 2249 1554 2293 κακούς·
1585 2252 1614 2288 εἷ
1637 2249 1686 2301 μὴ
1710 2250 1777 2303 ἄρα
1798 2253 1906 2289 ἐκεῖνο
1928 2249 2040 2302 λέγειν
2063 2251 2172 2290 ἐθέλοι
2197 2266 2271 2303 τις,
2291 2253 2339 2296 ὡς
2359 2250 2447 2296 ὅλως

1415 2308 1476 2346 μὲν
1497 2309 1545 2361 τῷ
1565 2308 1688 2360 κόσμῳ
1703 2309 1848 2353 καὶτοῖς
1868 2307 1958 2346 κατὰ
1976 2308 2076 2362 φύσιν
2097 2308 2233 2361 ἔχουσιν
2255 2311 2311 2348 ἐπ’
2328 2311 2446 2363 ἀγαθῷ

1415 2366 1549 2420 γίνεται
1569 2367 1683 2406 πάντα
1701 2371 1740 2415 ¹¹,
1761 2366 1802 2405 τὸ
1822 2366 1858 2406 δὲ
1884 2370 2058 2420 τραφῆναι
2085 2370 2200 2412 κακῶς
2220 2367 2243 2415 ἢ
2262 2367 2324 2414 τὴν
2346 2368 2446 2421 φύσιν

1408 2514 1532 2547 ratione
1554 2522 1671 2556 corpus
1685 2515 1881 2553 contemnit,
1895 2514 2039 2555 initoque
2053 2522 2131 2546 cum
2148 2513 2327 2548 irrationali
2341 2516 2448 2548 anima

1410 2573 1586 2606 certamine
1619 2572 1767 2615 superior
1793 2573 1879 2605 facta
1912 2572 2090 2613 virtutem,
2118 2572 2253 2606 inferior
2278 2573 2449 2608 discedens

1408 2631 1565 2664 malitiam
1581 2631 1693 2664 efficit.
1738 2631 1901 2664 Caeterum
1914 2639 1987 2664 eam
1998 2631 2216 2664 immortalem
2230 2640 2302 2664 esse
2316 2640 2448 2666 necesse

1409 2694 1479 2731 est,
1509 2691 1586 2732 quia
1613 2693 1684 2724 tum
1714 2691 1848 2724 deorum
1872 2691 2022 2724 notitiam
2047 2690 2147 2725 hahet
2165 2703 2175 2725 ι
2195 2691 2340 2735 (quippe
2367 2692 2448 2727 nihil

1409 2750 1545 2782 mortale
1560 2749 1757 2782 immortalia
1775 2749 1866 2782 novit
1882 2761 1890 2781 :
1906 2748 1917 2790 )
1936 2750 2007 2782 tum
2034 2757 2088 2782 res
2106 2748 2268 2782 humanas
2292 2752 2448 2792 tanquam
2518 2731 2528 2778 s

1409 2808 1530 2841 alienas
1547 2808 1704 2850 despicit,
1723 2810 1757 2840 et
1771 2809 1809 2840 ut
1825 2808 2015 2850 incorporea
2027 2816 2046 2840 a
2059 2807 2250 2850 corporibus
2267 2808 2420 2854 abhorret
2435 2823 2445 2843 ε

1410 2876 1509 2908 quam
1536 2866 1593 2899 diu
1611 2866 1697 2899 enixu
1721 2874 1857 2907 corpora
1886 2865 2056 2898 hominum
2084 2865 2224 2908 pulchra
2241 2867 2274 2898 et
2292 2865 2448 2906 juvenilia

1411 2927 1504 2966 sunt,
1538 2927 1607 2958 tam
1635 2924 1692 2957 diu
1710 2923 1867 2965 delinquit
1891 2923 2017 2965 anima3
2050 2923 2168 2965 quodsi
2187 2926 2446 2967 consenuerunt,

1411 2984 1508 3025 viget.
1553 2985 1628 3016 Jam
1645 2992 1724 3017 vero
1739 2982 1843 3015 omnis
1865 2983 2033 3023 generosa
2049 2982 2156 3015 anima
2172 2985 2282 3017 mente
2303 2973 2447 3026 indiget,

1411 3042 1537 3075 nullum
1552 3042 1663 3075 autem
1679 3049 1796 3083 corpus
1820 3042 1963 3074 mentem
1980 3041 2096 3083 gignit3
2113 3041 2276 3083 quomodo
2294 3041 2380 3075 enim
2395 3051 2447 3075 res

1411 3101 1577 3134 dementes
1588 3103 1730 3134 mentem
1744 3101 1896 3142 gignant?
1907 3101 1970 3133 Sed
1982 3102 2131 3142 quamvis
2147 3105 2281 3144 corpore
2294 3103 2448 3143 tanquam

1412 3159 1628 3193 instrumento
1642 3160 1765 3199 utatur,
1781 3167 1845 3191 non
1864 3159 1973 3191 tamen
1990 3158 2023 3191 in
2041 3167 2080 3192 eo
2098 3162 2169 3200 est,
2185 3162 2224 3193 ut
2238 3167 2298 3192 nec
2317 3159 2446 3193 machi*
2470 3198 2480 3202 -
2520 3165 2524 3186 ἱ

1414 3228 1528 3251 narum
1547 3218 1638 3252 saber
1656 3218 1691 3251 in
1708 3217 1788 3259 ipsis
1814 3217 1973 3251 machinis
1990 3218 2093 3258 inest,
2113 3217 2189 3251 licet
2203 3217 2307 3252 multa
2321 3218 2447 3251 machi-

1414 3278 1566 3310 namenta
1580 3287 1599 3310 a
1617 3277 1745 3311 nemine
1761 3278 1849 3311 tacta
1863 3278 2066 3310 moveantur.
2110 3276 2166 3309 Sin
2181 3278 2291 3310 autem
2307 3277 2450 3318 corporis

1414 3336 1495 3369 vitio
1514 3344 1736 3378 saepenumero
1761 3345 1780 3368 a
1808 3336 1898 3369 recta
1927 3335 1981 3368 via
2007 3334 2192 3376 deducitur,
2213 3334 2247 3368 id
2270 3344 2336 3368 non
2352 3334 2451 3368 debet
2485 3356 2489 3359 »

1414 3398 1535 3430 mirum
1552 3396 1655 3431 videri
1663 3422 1672 3438 ‚
1685 3398 1855 3439 propterea
1867 3396 1955 3438 quod
1969 3395 2065 3430 etiam
2078 3395 2213 3429 artificia
2227 3396 2452 3430 instrumentis

1414 3457 1574 3498 corruptis
1594 3458 1732 3491 cessant.

2513 3521 2528 3788 ..AQ—mm-
2524 3491 2528 3512 .-
2524 3465 2525 3470 Α
2522 3451 2523 3455 Α
2517 3402 2520 3403 ’
