2528 3788
292 245 368 284 110

292 343 314 368 e
331 329 463 368 verbis
482 327 570 377 μετὰ
595 328 695 364 τοῦτο
717 337 740 365 a
759 322 926 362 librario
946 322 1008 361 bis
1029 322 1198 373 scriptis.
1215 320 1328 366 Quod

294 388 486 437 reliquum
502 393 580 431 est,
598 383 697 420 bene
717 382 904 421 meruisse
922 380 1176 419 Xenocratem
1193 379 1240 418 de
1259 379 1329 417 hac

294 444 551 497 philosophiae
568 450 696 492 parte,
711 441 880 480 ostendit
895 440 1032 479 Cicero
1050 438 1167 478 Acad.
1186 438 1256 477 lib.
1273 437 1327 485 ΙΙ,

293 518 376 555 cap.
403 505 466 547 46.
489 502 552 540 Sic
572 509 696 538 autem
720 499 872 550 judicat
890 514 899 537 z
924 517 940 534 «
961 500 1034 537 Ubi
1051 502 1149 538 enim
1170 497 1330 549 (Antio-

294 560 412 612 chus.)
437 570 502 597 aut
530 562 782 596 Xenocratem
806 561 984 607 sequitur,
1003 561 1107 604 cujus
1135 557 1219 593 libri
1247 563 1333 592 sunt

292 623 338 657 de
351 624 492 657 ratione
513 620 686 668 loquendi
701 619 806 654 multi
817 645 829 663 ,
846 626 884 654 et
901 618 1055 654 multum
1066 617 1222 666 probati
1232 617 1253 652 Ρ
1267 622 1333 651 aut

292 684 410 728 ipsum
427 681 659 717 Aristotelem
680 685 753 714 etc.
779 693 796 711 ν

281 734 284 737 v
351 738 414 789 (³1)
433 737 513 790 περὶ
532 740 591 775 τοῦ
611 735 756 788 γράφειν
779 734 826 774 α’.

349 797 414 847 (32)
436 796 517 848 περὶ
533 795 657 847 τέχνης
678 793 723 831 α’.

349 853 412 908 (33)
428 854 506 907 περὶ
523 853 718 903 ἐπιστήμης
738 850 785 891 α’.
803 855 850 890 de
867 856 1025 889 scientia
1043 850 1144 889 liber
1163 863 1276 890 unus,

351 914 413 966 (34)
447 912 529 966 περὶ
574 909 856 962 ἐπιστημοσύνης
891 909 938 948 α’.
977 912 1025 948 de
1062 914 1197 959 peritia
1234 908 1334 946 liber

296 984 408 1010 unus.

352 1030 412 1082 (³5)
440 1028 536 1073 λύσις
555 1032 623 1068 τῶν
645 1027 724 1081 περὶ
743 1025 822 1071 τοὺς
839 1026 960 1078 λόγους
982 1025 1042 1076 ια’,

401 1090 543 1126 Solutio
567 1091 809 1137 quaestionum
830 1087 883 1123 ad
903 1088 1047 1122 litteras
1072 1087 1334 1134 pertinentium

405 1147 584 1185 undecim
602 1145 717 1183 libris
741 1144 1030 1196 comprehensa.

350 1205 570 1254 Legendum
592 1204 695 1241 enim
712 1201 771 1250 ια’,
792 1215 872 1240 non
885 1230 895 1249 ,
915 1210 958 1239 ut
974 1201 1091 1250 vulgo
1106 1202 1170 1247 fit,
1190 1198 1221 1237 α’
1242 1199 1276 1238 ι’.

352 1263 415 1314 (36)
436 1263 551 1306 λύσεις
571 1260 606 1299 α’
627 1259 673 1313 β’,
691 1263 922 1299 Solutionum
941 1259 1036 1297 libri
1056 1260 1147 1298 duo.

352 1323 414 1371 (37)
441 1319 622 1372 διαιρέσεις
636 1319 688 1367 η’,
708 1323 930 1356 Divisionum
950 1318 1046 1356 libri
1066 1326 1165 1356 octo.

353 1380 414 1431 (38)
438 1378 563 1418 θέσεων
582 1377 701 1431 βιὸλία
717 1376 778 1429 μγ’
790 1381 1065 1428 Propositorum
1081 1375 1174 1413 libri
1192 1375 1333 1415 XLIII.

350 1438 497 1489 Scripsi
517 1437 576 1489 μγ’
592 1467 603 1488 ,
623 1450 743 1488 quum
758 1437 878 1486 vulgo
895 1435 1077 1473 mendose
1090 1435 1282 1484 legeretur
1298 1433 1335 1472 κ’

299 1496 336 1546 μ’
357 1497 401 1548 γ’·

351 1555 539 1593 Caeterum
570 1553 696 1591 θέσεων
731 1552 830 1590 verti
855 1556 1132 1602 propositorum
1162 1551 1335 1589 imitatus

297 1613 522 1652 Ciceronem
540 1610 573 1648 T
576 1611 678 1661 opic.
711 1623 796 1661 cap.
818 1623 882 1648 21.

351 1671 416 1725 (39)
434 1668 516 1723 περὶ
549 1667 770 1720 μαθημάτων
798 1670 866 1706 τῶν
892 1667 973 1719 περὶ
993 1666 1055 1714 τὴν
1074 1666 1164 1712 λέξιν
1189 1668 1335 1718 λογικῶν

299 1729 418 1783 βιὸλία
435 1727 466 1768 θ’
477 1758 489 1778 ,

401 1789 450 1825 de
467 1789 673 1837 disciplinis
695 1784 943 1822 rationalibus
954 1813 966 1830 ,
987 1799 1070 1834 quae
1089 1788 1188 1821 circa
1205 1788 1336 1822 dictio·

403 1860 486 1883 nem
499 1855 701 1883 versantur
714 1844 807 1882 libri
822 1856 959 1882 novem
968 1873 977 1883 .

351 1904 411 1956 (⁴0)
433 1907 500 1942 τῶν
520 1904 599 1956 περὶ
618 1906 663 1942 τὰ
681 1902 876 1953 μαθήματα
896 1901 1016 1952 βιὸλία
1036 1902 1086 1951 ς’,
1108 1917 1232 1940 eorum
1252 1917 1337 1953 quet?

297 1967 401 2000 circa
420 1964 639 2013 disciplinas
661 1969 861 1999 versantur
878 1958 972 1996 libri
992 1971 1069 1996 sex.

461 2076 522 2117 lV.
553 2076 705 2127 Scripta
740 2075 906 2113 moralia
933 2083 971 2112 et
999 2074 1174 2125 politica.

358 2192 418 2246 (ιιι)
447 2191 524 2243 περὶ
545 2191 762 2242 εὐδαιμονίας
792 2191 823 2229 α’
849 2190 906 2243 β’,
941 2195 989 2229 de
1009 2191 1208 2239 felicitate
1243 2191 1337 2230 libri

300 2252 390 2292 du0.

352 2309 527 2348 Fortasse.
549 2308 624 2346 huc
650 2308 897 2346 referendum
927 2316 984 2346 est
1012 2307 1118 2346 Sexti
1148 2307 1339 2359 Empirici

300 2366 558 2405 testimonium
591 2366 679 2405 adv.
712 2366 833 2405 math.
868 2365 937 2413 XI,
963 2368 1029 2410 3-4
1061 2366 1187 2409 πάντες
1216 2366 1279 2416 μὲν
1307 2367 1339 2406 οἱ

300 2423 391 2463 κατὰ
420 2423 546 2475 τρόπον
582 2427 776 2476 στοιχειοῦν
816 2425 996 2468 δοκοῦντες
1023 2425 1093 2462 τῶν
1119 2424 1337 2477 φιλοσόφων,

300 2484 359 2522 καὶ
379 2481 637 2534 ἐπιφανέστατα
654 2482 751 2533 παρὰ
771 2481 902 2526 πάντας
919 2481 953 2520 οῗ
968 2497 1005 2520 τε
1023 2481 1092 2519 ἀπὸ
1108 2485 1169 2528 τῆς
1189 2482 1339 2534 ἀρχαίας

304 2538 522 2590 ἀκαδημίας,
557 2539 617 2578 καὶ
647 2541 677 2578 οἳ
714 2540 784 2579 ἀπὸ
807 2544 867 2578 τοῦ
891 2540 1109 2592 περιπάτου,
1135 2539 1185 2578 ἔτι
1209 2539 1245 2579 δὲ
1276 2542 1340 2588 τῆς

305 2605 426 2657 στοᾶς,
448 2596 589 2636 εἰώθασι
609 2597 840 2649 διαιρούμενοι
858 2598 972 2649 λέγειν
999 2601 1067 2637 τῶν
1085 2598 1191 2637 ὄντων
1207 2597 1252 2637 τὰ
1275 2599 1337 2649 μὲν

304 2647 394 2691 εἶναι
411 2654 526 2705 ἀγαθά
540 2683 550 2701 ,
567 2656 611 2692 τὰ
627 2655 663 2693 δὲ
680 2657 773 2695 κακά
785 2686 797 2707 ,
817 2654 860 2694 τὰ
877 2656 912 2694 δὲ
934 2656 1062 2706 μεταξὺ
1076 2657 1229 2708 τούτων,
1248 2655 1338 2710 ἅπερ

304 2711 364 2748 καὶ
386 2711 557 2763 ἀδιάφορα
586 2711 744 2761 λέγουσιν
758 2729 766 2737 ·
789 2712 972 2765 ἷδιαίτερον
994 2713 1030 2752 δὲ
1057 2714 1154 2767 παρὰ
1176 2715 1257 2760 τοὺς
1275 2716 1339 2755 ἄλ-

308 2770 388 2812 λους
414 2771 431 2806 δ
448 2768 670 2821 Ξενοκράτης
690 2770 750 2809 καὶ
778 2773 853 2814 ταῖς
873 2772 999 2815 ἑνικαῗς
1019 2773 1174 2812 πτώσεσι
1198 2774 1338 2826 χρώμε-

305 2842 360 2871 νος
387 2826 540 2879 ἔφασκε·
559 2845 577 2863 α
608 2834 677 2866 πᾶν
705 2828 743 2866 τὸ
764 2828 801 2867 ὂν
832 2829 854 2876 ἢ
888 2830 1014 2880 ἀγαθόν
1045 2833 1157 2882 ἐστιν,
1186 2831 1208 2879 ἢ
1232 2833 1339 2872 κακόν

303 2887 418 2935 ἐστιν,
437 2885 458 2932 ἢ
474 2884 550 2924 οὔτε
565 2887 690 2938 ἀγαθόν
709 2889 800 2926 ἐστιν
821 2887 897 2926 οὔτε
911 2888 1016 2926 κακόν
1029 2892 1134 2930 ἐστιν.
1156 2909 1172 2925 »
1188 2891 1257 2930 Καὶ
1272 2894 1339 2931 τῶν

304 2943 434 2981 λοιπῶν
468 2943 661 2997 φιλοσόφων
690 2945 798 2997 χωρὶς
833 2946 1036 2991 ἀποδείξεως
1073 2948 1136 2995 τὴν
1177 2950 1339 2998 τοιαύτην

304 2999 470 3053 διαίρεσιν
491 3002 726 3053 προσιεμένων
744 3002 844 3046 αὐτὸς
860 3004 969 3042 ἐδόκει
986 3004 1045 3043 καὶ
1063 3006 1234 3052 ἀπόδειξιν
1253 3024 1341 3059 συμ-

305 3059 612 3111 παραλαμὸάνειν.
656 3061 848 3100 Nimirum
883 3063 1023 3101 tradita
1061 3077 1191 3103 rerum
1230 3067 1340 3106 divi-

303 3117 432 3164 sione,
459 3131 544 3168 quae
564 3119 625 3157 vel
641 3118 755 3158 bonae
774 3130 863 3159 sunt
876 3150 886 3168 ,
909 3121 968 3158 vel
990 3125 1117 3171 malae,
1138 3125 1198 3162 vel
1216 3139 1340 3176 neque

303 3174 417 3213 bonae
437 3189 563 3227 neque
582 3178 692 3215 malae
708 3207 718 3226 ,
740 3179 896 3217 videtur
923 3179 970 3217 de
994 3180 1074 3218 vita
1093 3181 1202 3221 beata
1222 3183 1341 3224 disse-

304 3234 446 3272 ruisse.
483 3234 541 3272 Cf.
578 3234 754 3274 Clemens
791 3237 1078 3276 Alexandrinus
1116 3240 1258 3281 Strom.
1287 3242 1338 3292 11,

305 3303 393 3341 pag.
419 3299 508 3342 419.

360 3348 424 3400 (49)
445 3349 528 3402 περὶ
546 3353 606 3389 τοῦ
627 3352 759 3402 ἀγαθοῦ
782 3353 829 3393 α’.

359 3407 422 3459 (43)
439 3407 520 3461 περὶ
535 3410 599 3458 ,τοῦ
618 3409 794 3462 ὠφελίμου
814 3410 859 3450 α’.

1147 233 1214 274 DE
1242 232 1310 274 XE
1319 230 1576 272 NOCRATE.

1446 320 1507 369 (44)
1528 316 1607 369 περὶ
1623 314 1775 355 πλούτου
1794 312 1846 352 α’.

1441 377 1510 432 ,(45)
1530 376 1608 429 περὶ
1632 376 1755 422 ἡδονῆς
1770 372 1802 411 α’
1826 371 1873 423 β’.

1446 435 1515 488 (⁴6)
1539 433 1617 487 περὶ
1639 435 1765 486 ἀρετῆς
1788 430 1821 469 α’
1848 430 1895 483 β’,
1918 432 1966 467 de
1983 433 2122 466 virtute
2142 426 2239 465 libri
2261 426 2354 467 duo.

1445 493 1650 540 Quomodo
1674 492 1774 530 hanc
1803 490 2000 528 materiam
2023 486 2247 526 tractaverit
2270 484 2434 525 Chalae*

1399 554 1539 592 donius
1559 551 1759 605 sapientiae
1787 549 1939 596 doctor,
1962 546 2131 586 declarat
2153 545 2288 602 Cicero
2314 543 2435 584 Tusc.

1394 613 1503 665 Disp.
1526 611 1596 652 lib.
1616 611 1664 658 V,
1688 623 1771 662 cap.
1795 611 1842 648 18
1867 622 1877 648 t
1900 607 2005 654 Quid
2023 617 2118 665 ergo
2136 613 2202 644 aut
2219 604 2325 644 hunc
2339 617 2437 657 pro-

1394 671 1522 722 hibet,
1554 679 1620 710 aut
1644 670 1762 709 etiam
1795 667 2053 708 Xenocratem
2083 665 2216 713 illum,
2249 663 2439 715 gravissi-

1395 744 1499 769 mum
1530 729 1874 782 philosophorum,
1912 733 2206 776 exaggerantem
2238 730 2440 775 tantopere

1395 789 1577 827 virtutem
1588 817 1600 836 ,
1618 796 1885 826 extenuantem
1900 794 2036 824 caetera
2051 793 2089 823 et
2104 783 2376 836 abjicientem,
2394 781 2436 820 in

1396 847 1539 885 virtute
1557 860 1635 885 non
1654 846 1806 885 beatam
1826 845 1944 884 modo
1961 845 2082 883 vitam
2094 873 2105 894 ,
2127 842 2193 882 sed
2214 842 2330 882 etiam
2347 839 2438 880 bea—

1397 906 1585 944 tissimam
1607 906 1780 957 ponere?
1801 904 1906 956 quod
1931 903 2087 954 quidem
2120 901 2195 942 nisi
2228 901 2296 953 fit,
2318 900 2442 940 virtu-

1397 973 1477 1002 tum
1497 964 1678 1003 interitus
1700 972 1974 1014 consequetur.

1449 1021 1510 1075 (47)
1528 1021 1608 1074 περὶ
1630 1021 1850 1069 δικαιοσύνης
1867 1020 1915 1061 α’.

1451 1081 1515 1134 (48)
1537 1081 1752 1134 Ἀρχέδημος
1780 1080 1802 1127 ἢ
1828 1079 1909 1131 περὶ
1937 1076 2158 1125 δικαιοσύνης
2177 1075 2227 1118 α’.

1450 1140 1512 1193 (49)
1532 1140 1612 1194 περὶ
1640 1139 1825 1184 ἐπιεικείας
1859 1139 1890 1177 α’
1906 1167 1918 1186 ,
1949 1140 1996 1176 de
2023 1142 2202 1188 oequitate
2219 1135 2320 1175 liber
2340 1147 2455 1181 unm,

1452 1200 1515 1251 (5ο)
1539 1198 1620 1251 περὶ
1639 1199 1798 1251 ἀνδρείας
1819 1198 1850 1236 α’
1864 1226 1875 1246 ,
1892 1200 1941 1235 de
1949 1197 2182 1245 fortitudine
2200 1195 2303 1234 liber
2324 1207 2441 1234 unus.

1450 1257 1513 1310 (⁵1)
1533 1256 1612 1310 περὶ
1634 1255 1830 1310 φρονήσεως
1846 1256 1878 1294 α’
1897 1254 1945 1308 β’,
1962 1258 2009 1292 de
2023 1257 2227 1304 prudentia
2241 1253 2332 1293 libri
2347 1253 2438 1293 dun.

1449 1317 1550 1354 Gitat
1568 1316 1642 1354 hoc
1666 1328 1765 1366 opus
1787 1314 1967 1352 Clemens
1990 1313 2278 1352 Alexandrinus
2298 1311 2441 1352 Strom.

1398 1374 1469 1413 lib.
1496 1374 1545 1422 11,
1570 1387 1659 1425 pag.
1683 1374 1758 1424 369
1779 1372 1853 1412 ἐπεὶ
1885 1371 1945 1410 καὶ
1973 1371 2200 1425 Ξενοκράτης
2220 1374 2256 1412 ἐν
2285 1373 2338 1425 τῷ
2364 1370 2444 1424 περὶ

1398 1432 1595 1485 φρονήσεως
1633 1431 1698 1479 τὴν
1728 1431 1852 1484 σοφίαν
1882 1431 2085 1482 ἐπιστήμην
2107 1434 2177 1471 τῶν
2209 1430 2360 1485 πρώτων
2381 1432 2441 1470 αἷ-

1396 1492 1478 1531 τίων
1500 1491 1561 1530 καὶ
1586 1494 1650 1539 τῆς
1666 1494 1794 1539 νοητῆς
1814 1489 1935 1535 οὐσίας
1955 1483 2045 1530 εἷναί
2067 1506 2172 1545 φησι·
2191 1490 2255 1540 τὴν
2279 1489 2444 1545 φρόνησιν
2511 1528 2513 1530 .

1397 1551 1590 1603 ἡγούμενος
1608 1551 1725 1597 διττήν
1739 1566 1747 1574 ·
1770 1550 1832 1597 τὴν
1856 1549 1919 1602 μὲν
1942 1550 2161 1603 πρακτικήν·
2178 1549 2242 1598 τὴν
2259 1548 2296 1590 δὲ
2315 1553 2446 1602 θεωρη-

1398 1610 1497 1657 τικήν
1513 1626 1520 1634 ·
1538 1612 1580 1658 ἢν
1605 1609 1646 1658 δὴ
1668 1609 1791 1663 σοφίαν
1812 1609 1984 1661 ὑπάρχειν
2013 1609 2256 1663 ἀνθρωπίνην·
2277 1607 2401 1662 διόπερ
2420 1610 2442 1657 ἡ

1399 1668 1461 1720 μὲν
1481 1669 1586 1723 σοφία
1607 1669 1789 1722 φρόνησις·
1814 1669 1852 1707 οὖ
1873 1667 1944 1717 μὴν
1966 1673 2064 1707 πᾶσα
2085 1668 2250 1723 φρόνησις
2270 1667 2390 1721 σοφία.

1453 1727 1519 1781 (52)
1543 1727 1624 1781 περὶ
1654 1726 1879 1781 σωφροσύνης
1908 1726 1958 1777 α’,
1980 1731 2028 1765 de
2065 1732 2318 1779 temperantia
2342 1726 2447 1768 liber

1399 1801 1512 1828 unus.

1451 1848 1519 1898 (53)
1555 1847 1638 1900 περὶ
1676 1845 1882 1899 ἐγκρατείας
1918 1845 1966 1895 α’,
1999 1849 2049 1884 de
2081 1851 2311 1889 continentia
2341 1847 2446 1887 liber

1397 1919 1511 1946 unus.

1455 1965 1523 2013 (⁵⁴)
1555 1964 1607 2004 ὅτι
1641 1963 1824 2017 παραδοτὴ
1857 1967 1879 2011 ἡ
1901 1962 2008 2016 ἀρετὴ
2042 1963 2100 2013 α’,
2132 1969 2310 2004 virtutem
2342 1967 2447 2003 tradi

1395 2034 1504 2069 posse
1522 2018 1624 2057 liber
1641 2031 1754 2056 unus.

1458 2077 1520 2130 (55)
1543 2077 1623 2129 περὶ
1644 2076 1766 2127 σοφίας
1784 2074 1833 2122 ς’,
1856 2077 1904 2111 de
1921 2077 2111 2124 sapientia
2136 2072 2232 2112 libri
2253 2086 2336 2114 sex,
2380 2116 2382 2118 ,

1454 2136 1517 2188 (56)
1538 2134 1619 2188 περὶ
1635 2134 1752 2189 φιλίας
1772 2133 1804 2172 α’
1829 2132 1876 2185 β’,
1896 2135 1944 2170 de
1967 2137 2135 2170 amicitia
2153 2131 2249 2171 libri
2268 2132 2362 2174 dun.

1454 2195 1516 2247 (57)
1541 2193 1622 2246 περὶ
1641 2193 1819 2239 ὁσιότητος
1842 2189 1888 2240 α’,
1913 2193 1960 2228 de
1979 2196 2182 2234 sanctitate
2200 2189 2302 2230 liber
2326 2205 2442 2232 unuS.

1454 2252 1518 2305 (58)
1538 2251 1620 2304 περὶ
1637 2250 1798 2302 ὁμονοίας
1813 2250 1867 2295 α’,
1889 2252 1938 2287 de
1956 2252 2156 2288 concordia
2177 2248 2280 2288 liber
2299 2263 2415 2290 unus.

1454 2312 1515 2363 (59)
1539 2310 1620 2364 περὶ
1654 2313 1713 2348 τοῦ
1753 2308 1898 2363 ψεύδους
1933 2308 1989 2355 α’,
2027 2311 2075 2346 de
2108 2310 2305 2346 mendacio
2341 2307 2445 2347 liber

1400 2384 1515 2412 unus,

1455 2429 1517 2481 (σο)
1541 2430 1711 2479 Στοιχεῖα
1739 2426 1821 2480 πρὸς
1842 2425 2067 2477 Ἀλέξανδρον
2087 2423 2168 2478 περὶ
2193 2424 2374 2477 βασιλείας
2397 2424 2442 2465 δ’.

1453 2491 1648 2524 Elementa
1665 2489 1713 2524 de
1730 2500 1846 2535 regno
1858 2487 1912 2524 ad
1925 2485 2187 2522 Aleaeandrum
2207 2492 2374 2535 quatuor
2395 2484 2445 2522 li-

1399 2543 1484 2582 bris
1505 2542 1793 2594 comprehensa.

1454 2602 1519 2654 (⁶1)
1539 2601 1618 2653 περὶ
1638 2600 1814 2644 πολιτείας
1833 2599 1889 2650 α’,
1910 2603 1957 2638 de
1976 2603 2169 2650 republica
2188 2600 2292 2640 liber
2319 2615 2437 2640 unus.

1457 2660 1519 2714 (⁰2)
1537 2658 1767 2710 Οἰκονομικὸς
1783 2658 1830 2709 α’,
1855 2661 2122 2697 OE‘conomicus
2139 2667 2255 2698 unus.

1455 2716 1515 2769 (ea)
1535 2716 1720 2760 Πολιτικὸς
1743 2715 1776 2754 α’
1788 2745 1800 2765 ,
1820 2719 2008 2769 Politictts
2028 2716 2129 2755 liber
2152 2729 2266 2755 unus.

1457 2776 1517 2828 (6⁴)
1538 2774 1619 2828 περὶ
1646 2774 1826 2826 δυνάμεως
1857 2774 1965 2826 νόμου
1995 2773 2049 2824 α’,
2077 2778 2125 2813 de
2151 2780 2192 2813 vi
2223 2777 2317 2827 legis
2345 2774 2446 2814 liber

1402 2849 1515 2875 unus.

1456 2896 1514 2933 Ex
1530 2893 1604 2932 hoc
1625 2893 1812 2945 opusculo
1836 2893 1997 2932 fortasse
2021 2893 2168 2945 petitus
2185 2900 2244 2932 est
2262 2893 2371 2934 locus
2397 2893 2446 2933 de

1403 2953 1528 2991 tribus
1551 2952 1785 3004 Triptolemi
1812 2951 1990 3002 legibus,
2013 2964 2128 3003 quem
2159 2964 2207 2989 ex
2230 2951 2446 3004 Hermippo

1403 3012 1579 3063 proferre
1598 3024 1636 3050 se
1658 3011 1756 3049 dicit
1771 3010 2019 3062 Porphyrius
2039 3010 2087 3048 de
2105 3009 2352 3049 Abstinentia
2370 3010 2443 3051 lib.

1403 3068 1463 3116 lv,
1486 3083 1570 3122 cap.
1596 3083 1645 3108 22
1668 3071 1737 3108 τῶν
1757 3067 1870 3107 τοίνυν
1890 3066 2054 3120 Ἀθήνῃσι
2074 3068 2269 3119 νομοθετῶν
2288 3068 2445 3120 Τριπτό·

1402 3130 1508 3178 λε’μον
1521 3127 1756 3167 παλαιότατον
1773 3125 2041 3180 παρειλήφαμεν
2055 3141 2064 3150 ·
2080 3122 2164 3180 ’περὶ
2179 3121 2218 3164 οἷ
2237 3124 2446 3179 Ἕρμιππος

1399 3188 1432 3225 ἐν
1455 3187 1604 3240 δευτέρῳ
1637 3186 1719 3238 περ),
1739 3188 1809 3225 τῶν
1832 3186 2030 3237 νομοθετῶν
2051 3185 2180 3239 γράφει
2202 3187 2333 3223 ταῦτα·
2359 3185 2446 3238 φασὶ

1400 3244 1436 3283 δὲ
1458 3245 1519 3284 καὶ
1538 3245 1788 3298 Τριπτόλεμον
1808 3244 1998 3292 Ἀθηναίοις
2023 3245 2277 3295 νομοθετῆσαι,
2294 3243 2355 3282 καὶ
2375 3247 2444 3283 τῶν

1399 3302 1523 3355 νόμων
1543 3304 1650 3343 αὖτοῧ
1668 3306 1761 3357 τρεῖς
1787 3302 1840 3342 ἔτι
1863 3302 2086 3355 Ξενοκράτης
2105 3305 2123 3341 ὁ
2142 3303 2326 3357 φιλόσοφος
2348 3303 2445 3357 λέγει

1401 3362 1576 3413 διαμένειν
1600 3362 1776 3403 Ἐλευσῖνι
1797 3363 1922 3401 τούσδε
1934 3377 1943 3386 ·
1961 3366 2073 3413 γονεῖς
2092 3368 2198 3415 τιμᾷν
2210 3393 2220 3410 ,
2243 3361 2338 3407 θεοὺς
2359 3378 2445 3416 καρ-

1398 3424 1480 3463 ποῖς
1500 3421 1689 3472 ἄγάλλειν,
1711 3424 1783 3475 ζῷα
1803 3420 1851 3473 μὴ
1871 3421 2039 3462 σίνεσθαι.
2056 3420 2143 3462 Vid.
2166 3421 2300 3472 fragm.
2322 3435 2386 3471 72.
