2528 3788
311 239 386 279 ¹40

311 321 547 364 Πλατωνικῶν
580 322 671 362 κατὰ
690 321 812 376 χρόνον
831 321 894 370 τὴν
914 320 1047 374 γένεσιν
1073 322 1227 370 ἤκουσαν
1240 352 1250 370 ,
1282 321 1343 360 καί

307 399 391 437 φασι
409 380 585 433 γίγνεσθαι
606 381 667 429 τὴν
686 382 850 429 ζήτησιν,
875 380 942 419 εἴτε
961 382 1124 433 ἀγένητος
1146 380 1236 420 κατὰ
1252 381 1342 434 χρόα

308 458 363 480 νον
393 443 410 478 ὁ
439 441 588 492 κόσμος,
610 440 677 479 εἴτε
707 438 859 490 γενητός·
889 434 1062 491 εἶναιγὰρ
1091 439 1160 493 πρὸ
1185 443 1247 486 τῆς
1281 454 1342 477 κο-

311 516 494 552 σμοποιιας
525 499 674 538 ἄτακτον
705 499 861 547 κίνησιν,
882 498 956 549 ἅμα
980 497 1031 536 δὲ-
1039 499 1172 545 κινήσει
1207 498 1344 542 πάντως

309 560 382 599 ἐστὶ
403 559 461 598 καὶ
480 558 620 627 χρόνος,
643 558 732 596 ὥστε
751 558 811 596 καὶ
824 556 946 630 χρόνον
965 550 1053 595 εἶναι
1078 557 1145 608 πρὸ
1165 572 1224 595 του
1253 572 1342 594 παν

308 618 374 663 τός·
395 618 470 670 ἅμα
493 617 527 655 δὲ
543 619 593 656 τῶ
613 618 717 656 παντὶ
742 616 921 669 γεγονέναι
948 616 1070 690 χρόνον
1094 616 1239 668 ἀριθμὸν
1261 615 1343 655 ὄντα

307 680 370 724 τῆς
387 693 445 716 του
466 691 594 720 παντος
618 675 804 723 κινήσεως,
828 677 874 720 ὥς
900 677 1026 719 ἐκεῖνος
1043 691 1084 722 ην
1112 678 1173 722 τῆς
1190 675 1257 727 πρὸ
1284 678 1345 721 τῆς

310 751 495 788 κοσμοποιι
487 751 538 779 ,ας
557 735 660 782 οὔσης
689 736 840 774 ἀτάκτου
871 749 1038 781 κινησεως
1069 734 1224 786 ἀριθμός·
1251 734 1282 773 οἱ
1308 734 1345 772 δὲ

301 795 389 849 ,περὶ
408 794 594 848 Κράντορα
615 795 695 833 κτλ.
722 795 902 846 Spectant
927 793 1009 831 haec
1034 793 1080 831 ad
1110 793 1283 831 Platonis
1302 793 1344 832 in

308 854 459 894 Timaeo
491 853 612 893 verba
632 868 670 905 p.
694 855 756 893 28.
790 853 834 892 B.
859 857 929 890 πᾶν
951 851 986 890 δὲ
1014 845 1057 891 αὐ
1081 851 1118 890 τὸ
1138 851 1343 904 γιγνόμενον

309 912 367 952 ὑπ’
402 911 514 952 αἰτίου
548 911 637 956 τινὸς
673 912 708 957 ἐξ
741 911 894 962 ἀνάγκης
926 910 1114 962 γίγνεσθαι·
1145 910 1249 949 παντὶ
1277 911 1345 963 γὰρ

309 971 475 1010 ἀδύνατον
501 971 609 1024 χωρὶς
637 970 745 1010 αἰτίου
767 969 901 1022 γένεσιν
930 972 1041 1022 σχεῖν.
1064 968 1177 1009 ιὈι-ου
1197 969 1259 1021 μὲν
1287 964 1345 1008 οὐν

309 1030 351 1069 ἢν
365 1033 383 1069 ὁ
403 1029 608 1082 δημιουργὸς
627 1030 711 1083 πρὸς
725 1029 762 1068 τὸ
782 1029 873 1067 κατὰ
889 1028 999 1066 ταύτὰ
1017 1028 1096 1081 ἔχον
1116 1028 1255 1081 βλέπων
1276 1028 1343 1076 ἀεί,

311 1089 453 1141 τοιούτῳ
472 1089 539 1128 τινὶ
560 1088 834 1142 προσχρώμενος
860 1087 1146 1140 παραδείγματι,
1169 1089 1231 1135 τὴν
1251 1089 1345 1126 ἰδέαν

310 1148 415 1186 αὐτοῦ
449 1147 509 1186 καὶ
529 1146 674 1197 δύναμιν
701 1147 967 1199 ἀπεργάζηται,
1004 1147 1110 1185 καλὸν
1145 1146 1178 1191 ἐξ
1196 1146 1349 1197 ἀνάγκης

309 1205 416 1249 οὕτως
437 1206 679 1245 ἀποτελεῖσθαι
696 1211 778 1243 πᾶν·
802 1199 838 1243 οἷ
854 1205 883 1243 δ’
902 1204 944 1243 ἂν
966 1206 1012 1249 εἷς
1028 1204 1068 1243 τὸ
1087 1205 1246 1257 γεγονός,
1268 1220 1346 1255 γεν-

312 1266 407 1315 νητῷ
427 1263 688 1315 παραδείγματι
714 1262 1005 1316 προσχρώμενος,
1027 1265 1065 1301 οὐ
1082 1262 1203 1302 καλόν.
1240 1262 1285 1301 Ὁ
1305 1261 1346 1309 δὴ

310 1327 379 1364 πᾶς
397 1322 539 1372 οὐρανὸς
555 1321 578 1368 ἢ
595 1321 723 1371 κόσμος
747 1321 771 1368 ἢ
801 1320 861 1360 καὶ
881 1320 967 1359 ἄλλο
991 1321 1011 1361 ὅ
1024 1351 1034 1368 ,
1057 1336 1090 1359 τι
1110 1319 1194 1359 ποτὲ
1217 1322 1346 1370 ὄνομα·

312 1379 453 1431 ζόμενος
480 1380 622 1431 μάλιστ’
645 1380 686 1419 ἂν
708 1380 865 1433 δέχοιτο,
884 1380 976 1418 τοῦθ’
1011 1379 1096 1429 ἡμῖν
1127 1378 1341 1429 ὠνομάσθω,

314 1437 480 1477 σκεπτέον
501 1437 531 1476 δ’
558 1433 617 1478 οῧν
636 1438 716 1492 περὶ
735 1440 838 1476 αὐτοῦ
872 1439 1028 1489 πρῶτον,
1058 1436 1143 1490 ὅπερ
1162 1437 1345 1477 ὑπόκειται

310 1501 391 1552 περὶ
410 1499 538 1544 παντὸς
566 1503 601 1540 ἐν
633 1502 726 1553 ἀρχῇ
760 1501 829 1539 δεῖν
852 1503 1013 1548 σκοπεῖν,
1032 1500 1176 1554 πότερον
1201 1495 1243 1547 ἦν
1276 1500 1348 1548 ἀεί,

309 1558 474 1611 γενέσεως
491 1557 603 1610 ἀρχὴν
623 1559 713 1610 ἔχων
735 1557 913 1607 οὐδεμίαν,
930 1558 953 1605 ἢ
974 1558 1111 1609 γέγονεν
1124 1588 1133 1605 ,
1155 1561 1216 1596 ἀπ’
1235 1562 1349 1612 ἀρχῆς

309 1632 398 1661 τινος
425 1615 629 1667 ἀρξάμενος.
652 1617 681 1655 Γ
683 1615 810 1668 ε’γονεν·
830 1614 952 1663 ὁρατός
983 1616 1092 1660 ἁπτός
1120 1615 1160 1655 τέ
1179 1617 1254 1654 ἔστι
1288 1617 1349 1655 καὶ

309 1679 413 1726 σῶμα
443 1673 547 1727 ἔχων.
578 1675 675 1714 Vide
704 1674 804 1712 Phil.
827 1673 952 1713 Graec.
985 1674 1138 1725 Fragm.
1160 1676 1246 1714 Vol.
1279 1675 1347 1720 11,

311 1749 400 1788 pag.
422 1734 540 1787 157.)

363 1807 394 1834 ³.
426 1795 473 1833 Οἱ
493 1792 528 1832 δὲ
550 1792 726 1845 Κράντορι
746 1794 795 1845 τῷ
816 1793 937 1831 Σολιεῖ
957 1792 1166 1845 προσέθεντο
1191 1793 1350 1846 μιγνύντι

311 1853 373 1900 τὴν
393 1852 509 1904 ψυχὴν
527 1851 567 1891 ἔκ
587 1866 625 1889 τε
645 1853 706 1898 τῆς
725 1854 850 1899 νοητῆς
867 1851 927 1890 καὶ
948 1855 1011 1899 τῆς
1029 1851 1109 1905 περὶ
1133 1851 1177 1890 τὰ
1200 1852 1349 1900 αἰσθητὰ

313 1911 478 1958 δοξαστῆς
497 1910 641 1964 φύσεως.

367 1971 615 2023 (Plutarchus
633 1970 680 2008 de
699 1970 816 2010 anim.
837 1979 1032 2021 procreat.
1045 1970 1087 2008 in
1101 1970 1248 2008 Timaeo
1264 1983 1348 2022 cap.

293 2045 332 2075 ,ι
356 2031 437 2070 vol.
459 2029 567 2076 XIII,
584 2042 671 2080 pag.
690 2030 764 2076 287
793 2028 854 2068 ed.
873 2029 1032 2068 Hutten.
1045 2029 1056 2079 )

364 2102 396 2128 4.
427 2090 474 2127 Οἱ
497 2087 532 2126 δὲ
552 2087 632 2139 περὶ
651 2101 709 2125 τον
740 2086 926 2148 Κράντορα
954 2087 1111 2135 μάλιστα
1140 2091 1202 2134 τῆς
1228 2088 1345 2140 ψυχῆς

312 2147 397 2185 ἴδιον
429 2145 735 2196 υπολαμὸάνοντες
766 2143 864 2198 ἔργον
893 2139 981 2183 εἶναι
1015 2145 1054 2183 τὸ
1082 2144 1209 2197 κρίνειν
1245 2145 1290 2183 τά
1311 2161 1348 2184 τε

311 2206 416 2253 νοητὰ
440 2204 499 2244 καὶ
520 2204 565 2243 τὰ
587 2203 760 2254 αἰσθητά,
784 2204 845 2248 τάς
872 2220 908 2243 τε
928 2203 1058 2242 τούτων
1085 2205 1119 2242 ἐν
1147 2205 1260 2248 αὐτοῖς
1282 2205 1345 2244 καὶ

313 2264 397 2317 πρὸς
414 2263 551 2311 ἄλληλα
570 2261 753 2315 γινομένας
781 2261 946 2315 διαφορὰς
967 2262 1024 2301 καὶ
1051 2262 1281 2314 ὁμοιότητας,
1310 2264 1348 2301 ἐκ

312 2321 451 2361 πάντων
468 2320 589 2374 φασίν,
607 2318 665 2359 ἵνα
683 2321 797 2359 πάντα
818 2329 991 2374 γινωσκῃ,
1013 2325 1269 2375 συγκεκρᾶσθαι
1285 2321 1347 2369 τὴν

312 2381 440 2433 ψυχήν·
457 2383 565 2418 ταῦτα
587 2374 725 2419 δἐἶναι
749 2379 921 2431 τέτταρα,
942 2380 1004 2427 τὴν
1025 2388 1151 2428 νοητὴν
1175 2380 1275 2435 φύσιν
1295 2382 1349 2419 ἀεὶ

312 2439 402 2478 κατὰ
418 2439 463 2477 τὰ
485 2439 572 2478 αὐτὰ
590 2439 685 2478 καὶ“
667 2439 832 2484 ωσαύτως
848 2441 1021 2504 ἔχουσαν,
1039 2455 1100 2477 και.
1120 2438 1182 2486 τὴν
1203 2440 1284 2494 περὶ
1301 2441 1346 2478 τὰ

313 2498 461 2548 σώματα
479 2496 673 2544 παθητικὴν
694 2497 754 2536 καὶ
773 2498 884 2548 μεταξ
887 2500 929 2545 λη
933 2499 1008 2544 τήν·
1027 2498 1075 2536 ἔτι
1092 2501 1128 2537 δὲ
1144 2498 1207 2546 τὴν
1223 2503 1347 2538 ταυτοῒὶ

312 2556 451 2595 καὶτοῦ
481 2556 614 2608 ἑτέρου,
642 2556 699 2595 δια
727 2556 766 2594 τὸ
793 2556 961 2594 κάκείνων
989 2556 1156 2609 ἑκατέραν
1186 2557 1346 2610 μετέχειν

314 2615 513 2666 ἑτερότητος
533 2615 595 2653 καὶ
620 2614 842 2662 ταυτότητος.
865 2614 1034 2667 Ὀμαλῶς
1054 2615 1089 2654 δὲ
1108 2616 1236 2660 πάντες
1256 2620 1348 2656 οὗτοι

310 2673 425 2726 χρόνῳ
446 2673 509 2722 μὲν
529 2673 658 2712 οἴονται
676 2674 738 2720 τὴν
758 2672 875 2726 ψυχὴν
896 2675 945 2725 μὴ
966 2690 1163 2728 γεγονεναι,
1193 2677 1275 2727 μηδ’
1296 2680 1344 2715 εἰ·

1214 2770 1328 2777 —-—

354 2821 384 2851 3.
416 2818 474 2850 Alii
505 2820 615 2850 autem
639 2819 790 2852 Grantori
817 2820 941 2852 Solensi
973 2821 1140 2863 astipulati
1172 2823 1269 2856 sunt.
1292 2823 1349 2864 qui

312 2875 453 2909 animam
469 2886 486 2909 e
508 2876 636 2909 duabus
654 2877 780 2910 naturis
806 2879 940 2918 miscet,
959 2880 1060 2912 altera
1087 2880 1149 2913 sub
1175 2881 1350 2923 intelligen-

311 2934 391 2968 tiam
405 2935 538 2967 cadente
550 2960 559 2975 ‚
578 2936 681 2967 altera
693 2935 846 2977 opinabili
862 2939 894 2968 et
912 2937 1059 2970 sensibus
1077 2938 1263 2972 inhaerente.

351 2995 383 3026 4.
401 2994 538 3026 Crantor
564 3002 654 3033 vero,
672 2993 786 3035 utqui
816 2994 849 3027 id
873 2996 1013 3028 maxime
1037 2998 1201 3038 proprium
1230 2997 1347 3030 animae

311 3049 454 3083 officium
471 3052 618 3092 putaret,
632 3051 781 3092 judicare
798 3052 1007 3093 intelligibiiia
1026 3057 1058 3086 et
1085 3055 1268 3095 sensibilia,
1288 3065 1347 3088 eo-

314 3118 452 3150 rumque
470 3111 503 3142 et
528 3108 610 3141 inter
625 3109 709 3141 sein
731 3119 791 3142 suo
816 3112 850 3143 et
864 3110 1002 3143 invicem
1029 3112 1062 3144 in
1077 3113 1206 3146 diverso
1234 3124 1349 3156 genere

312 3167 497 3200 discrimina
524 3176 562 3199 ac
592 3167 818 3200 similitudines
843 3169 1025 3209 amimam,
1052 3173 1089 3203 ut
1115 3173 1219 3213 possit
1242 3174 1347 3206 onmia

313 3234 523 3267 cognoscere,
545 3235 585 3258 ex
606 3226 757 3259 omnibus
775 3226 821 3259 ait
843 3235 913 3258 esse
939 3231 1139 3262 concretam.
1189 3232 1267 3261 Esse
1288 3239 1347 3262 au-

313 3287 378 3316 tem
398 3284 468 3317 haec
482 3286 624 3327 quatuor
649 3296 656 3316 :
686 3286 836 3317 naturam
856 3294 931 3326 quae
951 3289 1055 3318 mente
1068 3286 1229 3320 duntaxat
1248 3290 1347 3320 cerni-

311 3345 382 3383 tur,
398 3351 588 3385 semperque
610 3344 706 3376 unius
733 3344 821 3376 modi
843 3353 882 3376 ac
898 3344 949 3376 sui
969 3345 1082 3377 similis
1099 3349 1168 3386 est3
1187 3350 1255 3380 tum
1273 3358 1343 3381 eam

311 3409 385 3441 quae
402 3401 593 3442 corporibus
613 3401 706 3434 adest
722 3402 886 3444 patibilem
910 3405 942 3435 et
967 3404 1156 3436 mutabilem
1173 3418 1180 3437 ;
1209 3405 1250 3437 asi
1269 3406 1342 3438 haec

311 3459 458 3500 ejusdem
476 3462 509 3493 et
528 3459 667 3502 diversi,
691 3461 779 3502 quod
808 3461 903 3494 etiam
918 3461 1055 3495 istarum
1085 3465 1223 3505 utraque
1237 3464 1343 3506 parti-

1030 234 1088 274 CR
1096 232 1313 274 ANTORIS
1343 232 1404 297 FB
1414 232 1656 272 AGMENTA
1667 262 1675 271 .

1404 336 1461 359 ναι
1495 319 1685 370 γεννητήν,
1717 316 1880 362 πλείονας
1916 316 1953 356 δὲ
1971 315 2135 369 δυνάμεις
2169 316 2283 371 ἔχειν,
2322 317 2368 363 εἷς
2399 316 2442 364 ἃς

1405 381 1599 420 ἀναλύοντα
1620 379 1761 432 θεωρίας
1780 378 1882 417 ἕνεκα
1904 377 1966 424 τὴν
1986 377 2105 417 οὐσίαν
2129 379 2255 428 αὐτῆς,
2273 378 2367 433 λόγῳ
2382 380 2442 419 τὸν
2490 391 2491 394 ’

1408 441 1583 480 Πλάτωνα
1604 438 1788 493 γινομένην
1825 436 2049 477 ὑποτίθεσθαι
2076 437 2139 476 καὶ
2161 437 2443 490 συγκεραννυμέ·

1405 516 1478 547 νην*
1504 500 1549 539 τὰ
1569 502 1599 538 δ’
1626 498 1716 538 αὐτὰ
1738 498 1798 537 καὶ
1820 497 1900 547 περὶ
1924 500 1986 535 τοῦ
2016 496 2148 546 κόσμου
2180 496 2444 548 διανοούμενον,

1408 559 1617 598 ἐπίστασθαι
1640 559 1701 608 μὲν
1730 556 1839 595 ἀίδιον
1859 556 1942 596 ὄντα
1971 554 2032 594 καὶ
2061 553 2265 606 ἀγέννητον,
2292 555 2332 594 τὸ
2351 555 2387 596 δὲ
2414 549 2444 610 ᾧ

1405 618 1524 670 τρόπῳ
1544 617 1771 657 συντέτακται
1794 615 1853 655 καὶ
1877 617 2053 654 διοικεῖται
2073 617 2289 664 καταμαθεῖν
2311 613 2350 653 οὗ
2379 613 2444 668 ῥᾴ-

1406 678 1477 715 διον
1505 678 1638 729 ὁρῶντα
1659 678 1729 720 τοῖς
1751 674 1838 727 μήτε
1860 674 1993 727 γένεσιν
2027 674 2132 712 αὐτοῦ
2162 671 2251 723 μηδὲ
2271 673 2339 712 τῶν
2359 687 2444 744 γεν-

1405 737 1554 781 νητικῶν
1584 734 1724 774 σύνοδον
1759 732 1794 779 ἐξ
1823 734 1934 786 ἀρχῆς
1968 729 2283 786 προϋποθεμένοις,
2313 730 2445 800 ταύτην

1405 793 1468 842 τὴν
1487 794 1562 833 ὁδὸν
1584 793 1789 846 τραπέσθαι.
2318 807 2330 812 ”

1462 853 1712 905 (Plutarchus
1732 853 1780 890 de
1793 852 1910 891 anim.
1927 860 2115 903 procieat.
2134 851 2175 889 in
2189 838 2338 889 TImaeo
2357 849 2443 902 cap.

1412 926 1426 949 1
1451 910 1753 961 et2v01.X111‚
1775 922 1861 962 pag.
1883 911 1959 948 288
1977 910 2038 950 ed.
2065 910 2223 949 Hutten.
2246 908 2446 961 Conjunxi

1407 971 1563 1008 tertium
1579 979 1615 1008 et
1630 978 1808 1021 quartum
1823 970 2092 1020 fragmentum,
2109 970 2200 1020 quia
2219 967 2266 1007 ad
2285 969 2446 1007 eandem

1407 1043 1487 1067 rem
1508 1038 1692 1081 spectant.
1714 1029 1893 1067 Refertur
1913 1038 2120 1080 utrumque
2144 1028 2191 1067 ad
2209 1030 2291 1067 haec
2312 1027 2451 1079 Plato--

1408 1089 1468 1126 nis
1488 1089 1530 1126 in
1554 1088 1701 1126 Timaeo
1721 1087 1843 1125 verba
1870 1100 1959 1138 pag.
1985 1088 2032 1131 34
2056 1100 2144 1138 sqq.
2178 1086 2242 1133 τὴν
2274 1085 2310 1124 δὲ
2328 1087 2448 1139 ψυχὴν

1408 1147 1471 1199 οὐχ
1488 1149 1533 1190 ὡς
1551 1151 1609 1185 νῦν
1632 1146 1778 1198 ὑστέραν
1799 1147 2043 1198 ἐπιχειροῦμεν
2069 1144 2206 1197 λέγειν,
2229 1144 2339 1189 οὕτως
2357 1146 2448 1196 ἐμη-

1407 1205 1589 1258 χανήσατο
1608 1205 1667 1243 καὶ
1690 1208 1707 1244 ὁ
1735 1204 1808 1248 θεὸς
1836 1204 2018 1254 νεωτέραν·
2053 1206 2091 1243 οὐ
2119 1203 2187 1255 γὰρ
2213 1202 2256 1242 ἂν
2277 1202 2445 1259 ἄρχεσθαι

1408 1262 1641 1315 πρεσὸύτερον
1662 1264 1730 1301 ὑπὸ
1750 1261 1919 1314 νεωτέρου
1939 1260 2096 1313 ξυνέρξας
2118 1260 2250 1316 εἴασενζ
2267 1261 2359 1301 ἀλλά
2377 1276 2450 1306 πως

1407 1325 1508 1372 ἡμεῖς
1527 1320 1616 1360 πολὺ
1637 1320 1840 1373 μετέχοντες
1864 1323 1923 1358 τοῦ
1943 1318 2204 1373 προστυχόντος
2233 1335 2271 1359 τε
2291 1319 2353 1359 καὶ
2373 1322 2449 1373 εἷκῇ

1408 1380 1519 1433 ταύτῃ
1539 1396 1588 1431 πῃ
1615 1379 1677 1423 καὶ
1700 1380 1870 1431 λέγομεν,
1892 1381 1910 1417 ὁ
1937 1378 1973 1417 δὲ
2002 1378 2063 1416 καὶ
2083 1378 2215 1431 γενέσει
2249 1378 2310 1418 καὶ
2340 1379 2447 1431 ἀρετῇ

1408 1439 1578 1492 προτέραν
1611 1437 1669 1477 καὶ
1699 1437 1936 1490 πρεσὸυτέραν
1968 1436 2084 1490 ψυχὴν
2109 1437 2364 1489 σώματος,”ὧς
2395 1437 2450 1476 δε-

1409 1498 1530 1538 σπότιν
1545 1497 1605 1536 καὶ
1619 1497 1788 1551 ἄρξουσαν
1807 1497 1995 1551 ἀρξομένου
2007 1527 2018 1546 ,
2041 1497 2272 1544 ξυνεστήσατο
2286 1497 2326 1536 ἐκ
2341 1498 2451 1537 τῶνδέ
2500 1513 2522 1530 κ

1408 1572 1445 1596 τε
1464 1556 1523 1595 καὶ
1548 1557 1670 1609 τοιῷδε
1698 1556 1832 1609 τρόπῳ.
1864 1558 1938 1600 Τῆς
1969 1556 2159 1608 ἀμερίστου
2183 1556 2244 1595 καὶ
2276 1556 2332 1596 ἀεὶ
2359 1555 2451 1604 κατὰ

1408 1615 1518 1654 ταύτὰ
1549 1614 1696 1668 ἐχούσης
1726 1614 1846 1659 οὐσίας
1873 1614 1934 1653 καὶ
1963 1618 2023 1662 τῆς
2046 1608 2090 1654 αὐ
2122 1613 2268 1665 περὶτὰ
2300 1614 2451 1667 σώματα

1409 1675 1613 1727 γιγνομένης
1643 1677 1829 1728 μεριστῆς,
1876 1674 1992 1725 τρίτον
2038 1673 2072 1719 ἐξ
2107 1675 2236 1727 ἀμφοῖν
2279 1675 2312 1712 ἔν
2354 1674 2451 1728 μέσῳ

1410 1733 1665 1786 ξυνεκεράσατο
1701 1733 1820 1776 οὐσίας
1878 1727 1984 1780 εἶδος,
2025 1736 2086 1778 τῆς
2131 1747 2168 1770 τε
2207 1736 2336 1772 ταυτοῦ
2378 1733 2450 1788 φύ-

1410 1808 1496 1836 σεως
1514 1793 1550 1830 ὂν
1573 1791 1663 1842 (sic.
1681 1792 1757 1841 leg.
1789 1805 1862 1843 pro
1895 1791 2004 1841 vulg.
2035 1807 2078 1829 αυ
2100 1789 2204 1844 πέρι)
2231 1790 2292 1830 καὶ
2312 1795 2375 1839 τῆς
2394 1794 2453 1831 θα-

1413 1852 1531 1905 τέρου,
1559 1851 1624 1889 καὶ
1649 1850 1744 1890 κατὰ
1771 1854 1883 1888 ταῦτα
1910 1849 2118 1896 ξυνέστησεν
2143 1852 2179 1888 ἐν
2209 1849 2307 1904 μέσῳ
2324 1865 2384 1889 του
2411 1866 2449 1889 τε

1415 1913 1563 1963 ἀμεροῦς
1587 1911 1699 1948 αὐτῶν
1719 1910 1778 1948 καὶ
1800 1913 1860 1948 τοῦ
1890 1908 1982 1947 κατὰ
2009 1908 2055 1947 τὰ
2089 1908 2251 1959 σώματα.
2265 1913 2447 1962 μεριστοῦ.

1414 1970 1485 2009 Καὶ
1506 1969 1583 2022 τρία
1618 1967 1736 2006 λαὸὼν
1759 1967 1849 2006 αὐτὰ
1878 1967 1963 2006 ὄντα
1995 1967 2253 2019 συνεκεράσατο
2284 1969 2448 2020 εῖςλμίαν

1411 2028 1527 2067 πάντα
1548 2026 1661 2075 ἰδέαν,
1692 2026 1755 2074 τὴν
1773 2026 1917 2080 θατέρου
1937 2025 2038 2079 φύσιν
2066 2025 2254 2077 δύσμικτον
2275 2018 2382 2066 οὐσαν
2404 2030 2452 2073 εἰς

1410 2087 1534 2126 ταύτὸν
1555 2085 1798 2139 ξυναρμόττων
1818 2086 1894 2139 βίᾳ.
1916 2084 2053 2137 Μιγνὺς
2079 2084 2116 2124 δὲ
2137 2084 2228 2135 μετὰ
2243 2089 2311 2134 ’τῆς
2329 2086 2453 2131 οὐσίας

1409 2147 1468 2186 καὶ
1488 2148 1527 2184 ἐκ
1545 2149 1649 2198 τριῶν
1677 2144 1914 2196 ποιησάμενος
1933 2144 1970 2183 ἓν
2001 2144 2107 2182 πάλιν
2138 2143 2217 2183 ὅλον
2240 2147 2343 2183 τοῦτο
2373 2145 2452 2195 μοί-

1412 2222 1470 2259 ρας
1490 2205 1571 2250 ὅσας
1589 2208 1745 2259 προσῆκε
1770 2204 1938 2254 διένειμεν
1953 2233 1964 2254 ,
1981 2202 2133 2250 ἑκάστην
2151 2201 2188 2242 δὲ
2201 2201 2244 2241 ἔκ
2261 2218 2299 2241 τε
2319 2203 2449 2242 ταύτοῦ

1410 2265 1469 2304 καὶ
1490 2264 1635 2316 θατέρου
1666 2264 1725 2302 καὶ
1747 2266 1810 2310 τῆς
1829 2264 1949 2308 οὐσίας
1972 2261 2208 2314 μεμιγμένην.
2232 2260 2392 2316 Ἤρχετο
2411 2263 2448 2303 δὲ

1410 2326 1553 2375 διαιρεῖν
1588 2317 1671 2363 ὧδε.
1706 2322 1802 2362 Μίαν
1830 2323 1947 2375 ἀφεῖλε
1979 2321 2020 2359 τὸ
2053 2323 2191 2373 πρῶτον
2223 2321 2293 2360 ἀπὸ
2322 2321 2451 2367 παντὸς

1410 2385 1546 2435 μοῖραν,
1565 2382 1654 2432 μετὰ
1674 2380 1710 2419 δὲ
1728 2380 1859 2427 ταύτην
1878 2379 2003 2433 ἀφῄρει
2020 2378 2210 2418 διπλασίαν
2227 2379 2367 2435 ταύτης,
2387 2379 2450 2428 τὴν

1410 2444 1439 2481 δ’
1460 2435 1503 2480 αὐ
1524 2441 1643 2494 τρίτην
1676 2438 1837 2489 ἡμιολίαν
1860 2438 1922 2489 μὲν
1949 2442 2011 2486 τῆς
2033 2438 2217 2492 δευτέρας,
2239 2438 2451 2490 τριπλασίαν

1410 2499 1446 2538 δὲ
1469 2503 1530 2546 τῆς
1550 2498 1711 2552 πρώτης,
1745 2496 1916 2550 τετάρτην
1937 2495 1974 2535 δὲ
2007 2499 2068 2544 τῆς
2104 2495 2267 2547 δευτέρας
2290 2497 2418 2552 διπλῆν
2433 2526 2445 2545 ,

1408 2557 1572 2608 πέμπτην
1592 2556 1628 2595 δὲ
1659 2558 1809 2608 τριπλῆν
1837 2559 1899 2602 τῆς
1928 2554 2066 2608 τρίτης,
2098 2554 2163 2603 τὴν
2194 2556 2223 2594 δ’
2252 2554 2356 2604 ἕκτην
2389 2559 2451 2603 τῆς

1408 2616 1547 2669 πρώτης
1566 2615 1805 2654 ὀκταπλασίαν
1839 2614 1934 2667 (leg.
1957 2615 2126 2666 πέμπτην
2156 2613 2192 2652 δὲ
2217 2617 2280 2663 ,τῆς
2307 2615 2450 2668 πρώτης

1408 2674 1672 2724 ὀκταπλασίαν,
1705 2673 1768 2721 τὴν
1806 2674 1835 2712 δ’
1867 2672 1974 2722 ἕκτην
2007 2673 2157 2726 τριπλῆν
2201 2675 2263 2720 τῆς
2298 2673 2448 2727 τρίτης),

1408 2831 1482 2864 ceps
1498 2820 1641 2863 ejusdem
1656 2821 1688 2852 et
1707 2820 1827 2852 diversi
1844 2819 2080 2862 proprietatum
2098 2819 2152 2852 sit.
2173 2819 2232 2852 Isti
2247 2829 2323 2852 vero
2335 2829 2449 2853 omnes

1407 2880 1529 2922 pariter
1548 2880 1611 2912 hoc
1633 2879 1793 2916 sentiunt,
1827 2879 1969 2911 animam
1985 2881 2130 2920 tempore
2149 2887 2213 2911 non
2235 2887 2306 2911 esse
2325 2882 2444 2920 ortam,

1406 2948 1512 2981 neque
1527 2939 1659 2971 omnino
1678 2939 1834 2980 genitam,
1861 2937 1915 2969 sed
1933 2937 2044 2979 plures
2073 2937 2194 2970 habere
2212 2938 2395 2979 facultates,
2414 2939 2446 2972 in

1407 3007 1488 3040 quas
1508 2999 1580 3040 eJus
1602 2997 1819 3030 substantiam
1843 2997 1936 3028 Plato
1957 2996 2237 3038 contemplationis
2256 2997 2360 3038 gratia
2387 2998 2448 3032 sol-

1407 3066 1497 3097 vens,
1517 3060 1617 3090 verbo
1636 3058 1735 3098 ponat
1754 3055 1844 3088 nasci
1862 3063 1934 3087 eam
1954 3056 1987 3087 et
2004 3055 2222 3089 commisceri.
2260 3056 2447 3098 Eademque

1407 3115 1496 3148 illum
1511 3116 1551 3148 de
1572 3115 1696 3148 mundo
1708 3114 1806 3147 etiam
1826 3114 1964 3146 sensisse
1983 3125 1991 3145 ι
2018 3123 2117 3155 quem
2140 3123 2242 3156 quum
2259 3115 2359 3148 sciret
2374 3124 2446 3148 esse

1406 3175 1478 3206 aet'ei
1486 3184 1561 3206 num
1582 3173 1733 3215 nulloque
1751 3175 1823 3205 ortu
1846 3174 2034 3213 generatum
2048 3197 2056 3212 ‚
2076 3172 2203 3205 videret
2227 3175 2336 3206 autem
2354 3173 2441 3206 disfi-

1406 3234 1509 3265 cuiter
1526 3232 1724 3266 considerari
1745 3241 1840 3273 posse
1862 3241 1928 3273 quo
1955 3231 2053 3272 modo
2072 3232 2274 3273 compositus
2296 3234 2386 3265 esset
2407 3233 2442 3266 et

1405 3293 1586 3333 regeretur,
1605 3291 1665 3324 ni5i
1679 3291 1754 3334 quis
1772 3293 1882 3323 ortum
1899 3291 1970 3332 eJus
1988 3292 2022 3322 et
2043 3298 2219 3323 causarum
2247 3291 2354 3333 ipsum
2377 3290 2444 3324 effi-

1405 3349 1557 3381 cIentium
1578 3358 1772 3392 concursum
1790 3348 1832 3381 ab
1849 3348 1942 3381 initio
1955 3348 2142 3390 statuisset,
2159 3349 2254 3382 istam
2270 3349 2355 3383 tiam
2370 3359 2441 3383 esse

1404 3408 1595 3450 ingressum.
