2508 3776
605 153 912 195 ETHICORUM
943 148 1403 194 NICOMACHEORUM
1440 149 1819 191 PARAPHRASIS.

129 246 288 292 dealem
298 240 416 296 ευνοι,
450 245 694 306 συμπράξαιεν
715 247 744 285 δ
766 245 808 286 ἂν
832 245 952 294 οὗδέν,
975 246 1046 286 οὐδ’
1070 245 1177 298 ὄχλη-

130 309 221 346 θεῖεν
233 305 324 359 ὑπὲρ
352 307 484 346 αὐτῶν.
510 307 578 346 Διὰ
607 309 711 346 τοῦτο
743 307 985 361 μεταφορικῶς
1011 321 1063 349 τις
1081 302 1184 343 καλέ-

123 371 220 408 'mv
234 365 312 406 av*
333 366 442 415 αὐτὴν
467 368 612 420 ιιίργὴνο
626 367 764 422 φιλίαν·
787 366 1018 420 χρονιζομένη
1034 362 1182 418 γὰρκαὶ

15 447 20 477 g
40 430 67 484 ᾗ
114 425 422 478 ’σέξσυνήθειαν’
402 425 661 480 αφικνουμένη,
684 424 783 480 φιλία
803 424 949 477 γίνεται.

15 515 20 523 .
64 491 70 494 ”
168 484 204 509 *
219 485 369 525 Φιλία“
351 485 387 525 οὲ
403 490 470 539 οὐχ
490 489 511 533 ἡ
528 484 586 523 διὰ
611 485 650 524 τὸ
664 485 861 538 χρήσιμον,
884 483 906 531 ἢ
927 499 966 522 το
982 482 1069 531 ἡδύ,
1090 479 1182 521 ἄλλα

56 537 69 545 ”
108 547 189 586 ’τοῦ
220 545 354 599 ἀγαθοῦ
385 543 499 584 ἕνεκα.
526 544 661 587 Εὔνους
688 542 758 595 γάρ
793 542 845 587 τίς
875 558 942 580 τινι
970 541 1104 593 γίνεται
1140 539 1183 579 δι’

14 596 20 624 ³
50 598 54 605 ¹
126 602 256 658 ἂρετὴν
278 604 339 644 καὶ
358 603 570 651 ἐπιείκειαν,
602 601 684 642 ὅταν
706 604 801 655 αὐτῳ
835 601 942 646 καλὸς
962 605 1051 639 εἰναι
1081 599 1179 652 δόξῃ,

129 661 152 711 ἢ
171 665 348 716 ἀνδρεῖος,
373 663 396 712 ἤ
415 679 451 703 τι
469 666 644 702 τοιουτον·
666 664 685 700 ὁ
702 661 739 699 δὲ
758 661 815 699 διὰ
834 660 874 698 τὸ
894 659 961 708 ἡδυ
976 675 1037 699 και
1053 657 1180 712 χρήσι-

129 736 195 775 μον
229 722 441 776 βουλόμενός
471 737 550 762 τινα
585 723 773 773 εὐπραγεῖν
787 750 797 770 ,
832 721 896 758 οὐκ
939 718 1060 772 ἐκείνῳ
1087 717 1181 757 ἐστὶν

128 781 271 836 εὔνους,
292 784 372 823 ἀλλ’
391 783 529 836 ἑαυτῷ,
557 780 718 832 καθάπερ
744 778 822 818 οὐδὲ
846 779 942 832 φίλος
969 778 1062 819 ἐστὶν
1080 779 1098 816 ὁ
1116 792 1185 816 τοι·

129 842 242 887 οὗτος.
266 841 422 893 Ὁμοίως
443 839 479 879 δὲ
495 841 534 880 οὗ
555 839 642 878 διότι
663 837 769 877 ἔλαὸε
790 841 999 892 βουλόμενος
1021 839 1071 891 τῷ
1088 838 1181 890 εὔερ-

127 899 215 954 γέτῃ
233 901 278 940 τὰ
293 901 424 953 ἀγαθά,
442 899 560 943 εὔνους
578 898 620 937 ἃν
643 897 698 946 εἴη
716 899 845 971 κυρίως
860 929 871 947 ,
892 897 984 937 ἀλλὰ
998 896 1043 936 τὰ
1062 895 1181 935 δίκαια

128 959 238 1012 δρῶν,
270 975 332 999 και
359 958 544 1004 ἄποδιδους
566 975 617 1013 τῳ
652 959 817 1011 εὐεργέτῃ
852 957 917 1006 τὴν
949 958 1052 1012 χάριν
1074 951 1121 997 ὧν
1145 961 1180 996 εὖ

51 1015 53 1018 ’
72 1050 76 1053 ι
126 1018 297 1059 πέπονθεν
312 1018 414 1063 αὗτός
426 1048 435 1066 ,
454 1021 492 1058 οὗ
510 1035 553 1071 τῃ
570 1018 702 1058 ἐκείνου
728 1021 849 1072 ἀρετῇ,
873 1017 962 1057 ἀλλὰ
984 1019 1035 1070 τῶ
1055 1019 1182 1055 ἑαυτου

129 1077 252 1132 ἀγαθῷ
271 1077 432 1132 φαίνεται
455 1077 604 1131 χαίρων.

142 1149 147 1156 ·
180 1133 290 1177 Ἔστι
307 1139 421 1177 τοίνυν
450 1141 473 1186 ἡ
505 1136 621 1176 εὔνοια
652 1133 731 1175 οὔτε
764 1136 887 1191 φιλία,
917 1135 994 1176 οὔτε
1025 1137 1179 1190 φίλησις,

128 1195 221 1235 ἀλλὰ
239 1196 355 1250 φιλίας
369 1196 485 1250 ἀρχή,
504 1195 627 1251 χρόνον
646 1195 682 1234 δὲ
702 1195 763 1235 καὶ
778 1196 979 1245 συνήθειαν,
995 1195 1055 1233 καὶ
1070 1195 1183 1235 τᾶλλα

127 1255 253 1310 φιλικὰ
270 1255 542 1310 προσλαὸοῦσα,
567 1256 667 1310 φιλία
699 1255 832 1308 γίνεται
867 1258 889 1303 ἠ
911 1255 967 1294 διὰ
988 1254 1028 1293 τὸ
1053 1256 1180 1306 ἀγαθὸν

128 1313 192 1355 καὶ
211 1315 275 1363 τὴν
297 1315 439 1369 ἀρετήν.

188 1373 353 1429 (Scripsi
374 1390 383 1414 :
407 1380 422 1397 '¹
442 1373 585 1428 οὐκέτι]
602 1374 688 1414 cod.
704 1376 765 1414 οὖκ
787 1373 851 1416 ἔτι.
866 1398 920 1406 ——
932 1374 950 1399 ¹’
966 1369 1075 1428 εῧνοι]
1092 1375 1180 1416 cod.

52 1458 56 1486 ς
129 1432 307 1475 εὔνοι.-
322 1439 337 1458 ⁰
358 1435 434 1487 ἅμα
454 1435 510 1488 τε]
542 1436 629 1474 cod.
659 1434 789 1486 ἅματε.
814 1458 866 1464 -
885 1434 1095 1475 ᾱκαλέσειεν
1118 1435 1184 1488 ἂν]

50 1498 57 1535 “,
79 1545 82 1547 -
129 1495 218 1538 cod.
238 1494 421 1535 καλέσοιεν
439 1494 494 1535 ἂν.
510 1517 565 1525 -
578 1501 592 1518 ⁰
612 1494 744 1550 ἀργὴν]
761 1496 848 1536 cod.
872 1496 1000 1549 ἀρχὴν.
1019 1518 1073 1526 -
1089 1498 1102 1525 λ

572 1611 661 1662 Κεφ,
688 1607 731 1654 ζ’.

530 1723 609 1764 Περὶ
628 1721 789 1764 ὁμονοίας.

41 1837 53 1873 ³„
186 1825 234 1848 '¹⁰‘
260 1823 309 1864 fl
331 1822 368 1863 δὲ
397 1822 543 1875 ὁμόνοια
563 1822 699 1876 φιλικόν
716 1839 751 1862 τι
766 1823 827 1863 καὶ
847 1823 938 1872 αὐτή
957 1824 1045 1871 ἐστι,
1065 1824 1125 1863 καὶ
1145 1827 1188 1876 τῇ

106 1883 232 1940 [φιλίᾳ
251 1884 445 1924 ἀκολουθεῖ.
473 1880 582 1923 Ἔστι
602 1883 639 1923 δὲ
665 1882 811 1934 ὁμόνοια
842 1884 880 1921 οὗ
901 1882 942 1921 τὸ
961 1882 1005 1921 τὰ
1020 1883 1108 1922 αὐτὰ
1129 1884 1188 1923 80-

127 1944 262 1992 ξάζειν,
280 1937 351 1983 οἷον
368 1942 535 1994 ὁμοδοξία
557 1959 608 1987 τις
623 1959 631 1967 ·
648 1945 670 1990 ἡ
695 1942 758 1994 μὲν
780 1942 848 1994 γὰρ
869 1941 1033 1991 ὁμοδοξία
1051 1941 1185 1994 γένοιτο

120 2001 175 2052 Ἰἂν
192 2002 340 2047 καὶτοῖς
359 2003 542 2055 ἀγνοοῦσιν
563 2001 749 2055 ἀλλήλους,
770 2002 868 2040 οὐδὲν
884 2001 952 2055 γὰρ
969 2001 1095 2041 κωλύει
1107 1993 1187 2056 περὶ

41 2083 49 2106 χ
104 2059 200 2101 ἰ’-ων
218 2062 336 2102 αὖτῶν
355 2060 400 2099 τὰ
411 2060 502 2100 αὐτὰ
522 2059 578 2100 δοῗ
565 2059 692 2107 ἄζειν,
715 2059 776 2099 καὶ
792 2060 994 2111 ἐπιστήμην
1015 2060 1108 2112 ἔχειν
1120 2063 1188 2099 τῶν

106 2119 275 2194 Ν,ιιῦτωνω
280 2119 343 2169 τὴν
359 2121 468 2168 αὐτὴν
498 2121 587 2172 μηδὲ
611 2119 745 2165 εἰδότας
775 2119 968 2167 ἀλλήλους·
991 2123 1014 2168 ἡ
1042 2120 1078 2159 δὲ
1098 2119 1187 2172 ὁμό-

103 2220 116 2231 „
132 2197 209 2236 yma
227 2183 298 2223 τῶν
320 2182 355 2221 ἐν
376 2180 540 2235 κοινωνία
557 2180 625 2219 τινὶ
642 2197 703 2220 και
724 2179 859 2233 φιλία”
839 2196 949 2219 οντων
970 2180 1058 2220 ἐστί.

112 2235 113 2238 ¹
186 2242 258 2264 *⁴*
281 2239 356 2281 Καὶ
369 2240 439 2294 γὰρ
454 2239 518 2285 τὰς
538 2241 658 2284 πόλεις
675 2243 831 2291 ὁμονοεῖν
852 2255 972 2291 φασιν,
1001 2239 1085 2279 ὅταν
1106 2239 1188 2294 περὶ

105 2302 202 2353 ιἰτῐιῖἰν
235 2300 486 2355 συμφερόντων
523 2301 818 2352 ὁμογνωμονῶσι,
853 2299 914 2338 καὶ
941 2299 986 2339 τὰ
1017 2299 1106 2339 αὐτὰ
1129 2299 1190 2338 καὶ

55 2412 58 2413 ⁷
99 2395 102 2397 .
131 2358 315 2415 πράττωσι
334 2359 380 2399 τὰ
396 2362 495 2413 κοινῇ
517 2358 680 2405 δόξαντα.

30 2427 34 2434 ’
103 2428 120 2459 ἲ*
186 2419 278 2449 *μ’
305 2417 413 2461 Ἐστι
434 2420 549 2458 τοίνυν
571 2418 715 2470 ὁμόνοια
746 2421 815 2458 τῶν
846 2418 956 2473 φίλων
977 2419 1184 2471 ὁμογνωμο

40 2476 54 2522 ’,
100 2503 113 2512 υ
131 2478 235 2528 σῦνη,
248 2481 314 2519 οὐκ
330 2482 366 2520 ἐν
387 2480 457 2524 τοῖς
477 2479 677 2531 θεωρητοῖς,
697 2478 774 2518 ἀλλ’
795 2480 829 2517 ἐν
842 2484 912 2522 τοῖς
928 2484 1111 2531 πρακτοῖς,
1127 2477 1188 2517 καὶ

50 2543 57 2586 J
133 2539 264 2579 τούτων
278 2542 350 2584 τοῖς
367 2539 580 2592 ἀξιολόγοις,
602 2539 663 2578 καὶ
680 2540 715 2577 ἐν
737 2539 876 2613 μεγέθει
895 2539 963 2578 τινὶ
983 2541 1076 2579 οὖσι.
1097 2538 1186 2590 Περὶ

41 2631 45 2635 -
98 2611 113 2626 '²
132 2599 201 2653 γὰρ
232 2601 303 2640 τῶν
347 2601 383 2640 ἐν
416 2603 468 2639 τῶ
503 2598 570 2652 βίω
603 2602 737 2651 μικρῶν
764 2601 802 2638 οὐ
833 2599 996 2651 λέγονται
1029 2601 1188 2650 ὁμονοεῖν

40 2654 54 2677 7
78 2695 80 2698 ,
100 2674 107 2677 “
127 2658 301 2707 ἄλλ-ἥλοις
333 2658 414 2701 οὔτε
438 2659 540 2704 πόλις
560 2658 640 2697 οὔτε
661 2659 776 2712 φίλοι·
811 2652 907 2707 οἷον,
927 2658 1015 2698 οἴκοι
1047 2659 1184 2710 μένειν,

101 2714 161 2766 ⁵²2
179 2718 334 2770 βαδιζειν
371 2720 417 2763 εἰς
462 2718 620 2770 ἀγοράν,
656 2716 777 2764 ἢτόδε
809 2688 984 2767 εἶπεῒᾘν,
965 2733 987 2764 η
1017 2718 1174 2769 δρᾶσαι-Ἰ
1178 2747 1189 2766 ,

133 2777 178 2825 δι’
197 2773 247 2818 ὧν
283 2777 377 2818 οὔτε.
397 2778 551 2831 ὠφέλειά
577 2792 628 2821 τις
663 2776 822 2829 μεγάλη,
860 2775 939 2815 οὔτε
966 2777 1084 2825 &MC-q
1101 2779 1188 2816 ἀκο-

132 2838 268 2884 λουθεῖ·
285 2838 368 2892 περὶ
381 2838 513 2885 τούτων
530 2837 598 2890 γὰρ
618 2838 678 2875 καὶ
704 2839 774 2875 τῶν
790 2837 955 2876 τοιούτων
972 2838 1010 2876 οὐ
1028 2837 1190 2889 λέγονται

133 2897 296 2950 ὁμόνοιαν
312 2897 421 2951 ἔχειν.

29 3005 34 3008 J
58 3002 62 3003 ⁷
98 3003 100 3005 .
187 2957 298 2998 Ἀλλὰ
316 2959 386 2996 τῶν
407 2956 573 3009 μεγάλων
597 2955 657 2995 καὶ
684 2955 931 3009 συμφερόντων
949 2955 972 3004 ἢ
991 2961 1063 3001 τοῖς
1079 2956 1190 3010 φίλοις

25 3025 54 3063 “sp
120 3018 284 3072 ἀμφοῖν,
299 3016 323 3066 ἢ
340 3020 385 3071 τῇ
406 3017 507 3055 πόλει
531 3031 644 3069 κοινῃ.

186 3070 276 3117 Οἶον
293 3078 377 3116 ὅταν
400 3077 498 3130 πάσῃ
515 3079 558 3127 τῇ
577 3075 678 3115 πόλει
691 3077 790 3128 κοινῇ
809 3077 895 3130 δοκῇ
910 3075 988 3120 τους
1016 3076 1189 3129 ἄρχοντας

132 3133 186 3187 μὴ
199 3135 402 3190 κληρωτους
412 3119 501 3174 εἶναι
519 3136 667 3189 &wok-11
681 3150 750 3174 τινι
765 3135 965 3186 κτωμένους
975 3134 1038 3182 τὴν
1057 3135 1187 3189 ἀρχήν,

104 3194 228 3235 *dam
245 3195 418 3248 αἱρετούς,
449 3195 472 3243 4,
494 3211 697 3248 συμμαχειν
718 3194 1029 3245 Λακεδαιμονίοις,
1058 3194 1080 3242 ἢ
1102 3195 1189 3234 ἄλλο

117 3256 267 3303 tuom,
287 3255 374 3309 ὅπερ
397 3255 575 3308 ἀξιόλογόν
594 3271 650 3303 τε,
685 3254 745 3292 καὶ
768 3257 810 3306 τῇ
833 3256 934 3293 πόλει
955 3255 1053 3306 πάσῃ
1073 3254 1190 3308 διαφέ-

173 3373 193 3391 *
210 3373 260 3406 Οὐ
277 3375 336 3413 τὴν
355 3374 410 3407 διὰ
425 3375 465 3408 τὸ
489 3375 649 3429 χρήσιμον
664 3374 736 3406 κτλ.
750 3390 793 3397 —-
822 3373 857 3391 **
872 3374 951 3415 Cap.
972 3376 1002 3407 6.
1026 3375 1162 3407 Φιλικὸν
1185 3375 1220 3407 δὲ
1237 3375 1292 3407 καὶ
1317 3376 1337 3414 ἡ
1360 3374 1499 3416 ὁμόνοια,
1517 3374 1586 3406 κτ).

2216 145 2294 184 527

1245 245 1409 280 molestiae
1429 257 1544 280 corum
1566 256 1666 280 causa
1691 247 1859 289 suscipere
1886 243 2002 279 velint.
2018 243 2228 286 Quapropter
2240 250 2299 283 per

1245 306 1495 339 translationem
1515 307 1637 349 aliquis
1657 316 1729 339 eam
1747 306 1889 339 otiosam
1910 304 2094 338 amicitiam
2114 301 2299 345 appellave-

1245 366 1289 398 rit
1314 378 1323 399 :
1349 365 1472 408 quippe
1490 366 1649 409 temporis
1663 368 1697 399 ct
1713 365 1963 399 consuetudinis
1976 363 2200 397 diuturnitate
2214 361 2297 395 ami-

1246 420 1325 453 citia
1347 419 1397 452 fit.

1288 481 1456 513 Caeterum
1480 478 1663 513 amicitiam
1690 479 1764 512 dico
1781 489 1846 512 non
1868 489 1954 518 eam,
1969 487 2046 521 quae
2068 475 2226 510 utilitatis
2244 478 2302 509 aut

1246 535 1439 577 voluptatis,
1464 535 1522 568 sed
1535 544 1611 578 quae
1624 534 1810 568 honestatis
1825 543 1926 567 causa
1938 533 2138 566 instituitur.
2160 533 2302 564 Beuevo⁴

1247 591 1299 623 lus
1327 590 1426 634 enim,
1441 591 1563 633 aliquis
1588 591 1625 623 fit
1654 591 1752 624 alicui
1781 591 1825 624 ob
1848 590 2010 623 virtutem
2037 591 2070 622 ct
2088 589 2299 632 probitatem,

1246 647 1379 690 quando
1412 647 1476 690 ipsi
1495 650 1555 680 aut
1580 648 1741 681 honestus
1768 656 1839 681 esse
1860 647 2010 686 videtur,
2042 648 2101 679 aut
2115 645 2224 683 fortis,
2244 645 2302 676 aut
2355 664 2359 669 -

1246 702 1348 735 simili
1377 702 1490 745 aliquo
1521 703 1684 745 praeditus
1713 703 1799 735 bono
1825 715 1833 735 ι
1859 702 1919 745 qui
1951 711 2031 735 vero
2055 699 2239 742 voluptatis
2269 700 2303 732 et

1247 758 1405 791 utilitatis
1436 767 1536 791 causa
1553 768 1606 792 res
1632 758 1795 792 secundas
1817 758 1919 792 alicui
1938 759 2086 800 exoptat,
2107 766 2171 789 non
2188 755 2234 788 illi
2252 755 2304 788 est

1248 813 1438 853 benevolus,
1456 813 1514 846 sed
1537 813 1611 853 sibi,
1641 814 1726 846 sicut
1743 823 1784 847 ne
1811 813 1940 846 amicus
1955 812 2094 856 quidem
2111 811 2188 844 talis
2204 811 2304 843 homo

1247 872 1308 903 est.
1327 870 1488 904 Similiter
1503 870 1628 903 necille
1645 871 1703 913 qui
1719 871 1799 913 quia
1813 870 1971 904 beneficia
1985 869 2026 903 ab
2038 869 2152 911 aliquo
2163 867 2302 909 accepit,

1249 924 1484 958 beneficiorum
1501 924 1629 958 auctori
1653 925 1739 958 bona
1768 927 1935 968 precatur,
1964 925 2096 967 proprie
2126 922 2305 956 benevolus

1248 978 1361 1019 fuerit,
1388 980 1447 1013 sed
1462 981 1575 1022 justus
1602 981 1739 1022 potius3
1760 990 1838 1013 nam
1859 980 1918 1023 qui
1943 979 2090 1012 vicissim
2122 978 2170 1010 illi
2195 987 2215 1010 a
2239 984 2306 1018 quo

1249 1033 1443 1066 beneficium
1462 1034 1588 1076 accepit
1613 1035 1819 1076 gratificatur
1838 1043 1900 1076 pro
1916 1033 1958 1065 iis
1977 1042 2054 1075 quae
2074 1031 2213 1073 accepit,
2242 1040 2306 1062 uon

1249 1086 1339 1119 illius
1360 1085 1498 1126 virtute,
1532 1086 1590 1118 scd
1621 1096 1681 1119 suo
1713 1086 1799 1119 bono
1829 1087 1973 1128 gaudere
1992 1085 2135 1117 videtur.

1290 1148 1401 1185 Quare
1428 1146 1658 1179 benevolentia
1680 1154 1740 1178 nec
1770 1145 1915 1178 amicitia
1935 1154 1995 1177 nec
2014 1143 2141 1176 amatio
2161 1145 2224 1182 est,
2249 1142 2308 1175 sed

1248 1205 1409 1247 amicitiae
1424 1205 1635 1248 principium,
1651 1205 1702 1239 sin
1718 1207 1831 1238 autem
1848 1207 1980 1247 tempus
1999 1206 2033 1236 et
2049 1202 2254 1236 consuetudo
2274 1203 2308 1234 et

1250 1266 1377 1308 reliqua
1393 1274 1469 1307 quae
1479 1265 1523 1298 ad
1534 1265 1717 1298 amicitiam
1730 1264 1909 1307 pertinent,
1923 1262 2094 1303 accedant,
2110 1262 2149 1296 fit
2161 1261 2307 1295 amicitia

1249 1325 1292 1359 ob
1310 1325 1435 1359 bonum
1451 1327 1485 1360 et
1498 1325 1662 1360 virtutem
1675 1325 1842 1359 instituta.

1689 1613 1778 1646 CAP.
1806 1614 1879 1646 Vll.

1662 1716 1707 1742 De
1719 1715 1894 1743 concordia.

1296 1823 1438 1856 Videtur
1454 1822 1497 1856 ad
1514 1822 1695 1855 amicitiam
1712 1832 1846 1865 quoque
1864 1821 1980 1855 referri
1999 1831 2095 1865 posse
2121 1821 2307 1862 concordia,

1253 1888 1330 1922 quae
1343 1877 1527 1911 amicitiam
1541 1878 1703 1920 sequitur.
1725 1879 1786 1910 Est
1803 1879 1916 1910 autem
1937 1877 2114 1910 concordia
2133 1886 2198 1909 non
2219 1877 2309 1910 idem

1254 1934 1387 1974 sentire,
1402 1934 1499 1977 quasi
1523 1934 1644 1976 aliquis
1658 1933 1852 1976 opinionum
1866 1943 2044 1966 consensus
2074 1943 2080 1964 ε
2100 1943 2206 1976 quum
2221 1933 2309 1966 inter

1252 1999 1306 2023 eos
1325 1989 1426 2022 etiam
1443 1989 1501 2032 qui
1523 1998 1558 2022 se
1578 1991 1696 2021 mutuo
1719 1988 1889 2031 ignorant,
1905 1997 2085 2021 consensus
2099 1997 2171 2021 esse
2193 1988 2308 2030 possit,

1253 2047 1335 2079 nihil
1363 2045 1452 2079 enim
1473 2045 1596 2084 obstat,
1615 2045 1795 2088 quominus
1821 2044 1863 2077 de
1891 2044 2010 2077 iisdem
2043 2043 2132 2076 idem
2156 2043 2309 2079 sentiant,

1253 2103 1456 2145 eandemque
1473 2101 1654 2134 eorundem
1671 2100 1844 2134 scientiam
1861 2102 2005 2139 teneant,
2039 2099 2116 2132 licet
2138 2108 2172 2132 se
2193 2101 2311 2131 mutuo

1254 2169 1317 2192 non
1332 2158 1443 2192 norint
1460 2171 1468 2191 ι
1483 2157 1659 2190 concordia
1676 2167 1756 2190 vero
1770 2158 1803 2189 in
1822 2156 1864 2189 iis
1872 2165 1949 2199 quae
1965 2156 2007 2188 ad
2024 2156 2104 2188 vitae
2118 2155 2310 2188 societatem

1253 2214 1501 2256 amicitiamque
1514 2214 1665 2255 spectant
1679 2214 1843 2245 versatur.
1856 2211 1988 2244 Etenim
2004 2210 2158 2243 civitates
2173 2219 2308 2243 concor-

1252 2267 1312 2300 des
1332 2275 1405 2300 esse
1429 2265 1557 2305 dicunt,
1577 2275 1682 2307 quum
1702 2264 1743 2298 de
1771 2264 1955 2296 commodis
1985 2263 2054 2295 suis
2086 2263 2309 2303 consentiunt,

1253 2321 1437 2363 eademque
1447 2328 1524 2361 quae
1540 2318 1709 2351 communi
1724 2326 1886 2350 consensu
1912 2316 2094 2359 approbata
2115 2319 2193 2350 sunt
2214 2326 2311 2350 exse-

1252 2376 1414 2416 quuutur.

1294 2435 1355 2466 Est
1369 2432 1472 2474 igitur
1487 2430 1663 2464 concordia
1677 2430 1862 2463 amicorum
1876 2438 2067 2469 consensus,
2085 2429 2197 2462 nonin
2210 2430 2311 2463 rebus

1253 2495 1316 2529 sub
1333 2493 1644 2536 contemplationem
1656 2518 1663 2531 ,
1683 2491 1742 2525 sed
1768 2491 1832 2525 sub
1858 2491 2022 2526 actionem
2041 2491 2257 2532 cadentibus,
2277 2494 2310 2526 et

1252 2555 1388 2599 quidem
1419 2555 1452 2586 in
1479 2554 1579 2586 rebus
1611 2552 1770 2595 gravibus
1799 2554 1833 2585 et
1860 2552 1990 2594 amplis.
2009 2554 2059 2586 De
2088 2553 2200 2595 parvis
2222 2553 2310 2586 enim

1254 2618 1353 2650 rebus
1369 2625 1446 2660 quae
1465 2616 1498 2648 in
1524 2615 1614 2648 omni
1632 2615 1701 2647 vita
1722 2617 1826 2657 atque
1844 2614 1937 2647 victu
1951 2614 2109 2648 eveniunt
2126 2624 2233 2658 neque
2251 2625 2310 2648 ur·-

1252 2679 1328 2711 bem
1355 2687 1461 2719 neque
1475 2676 1600 2709 amicos
1616 2675 1704 2708 idem
1738 2675 1859 2708 sentire
1880 2675 2043 2708 dicimus:
2073 2675 2167 2708 verbi
2197 2684 2308 2715 causa,

1253 2740 1294 2773 dc
1311 2739 1507 2782 quaestione,
1522 2741 1637 2771 utrum
1658 2738 1749 2770 domi
1765 2737 1978 2777 manendum,
1993 2747 2035 2770 an
2063 2737 2097 2770 in
2117 2737 2227 2770 forum
2249 2737 2307 2770 de-

1253 2803 1477 2836 scendendum
1498 2802 1554 2842 sit,
1573 2802 1625 2834 vel
1648 2802 1754 2834 hocne
1770 2801 1949 2834 dicendum
1972 2811 2014 2834 an
2037 2801 2202 2843 agendum
2219 2800 2274 2840 sit,
2291 2811 2310 2834 e

1252 2867 1376 2909 quibus
1394 2875 1501 2908 neque
1517 2874 1675 2906 magnum
1691 2863 1916 2904 commodum,
1940 2873 2049 2907 neque
2069 2864 2310 2897 detrimentum

1253 2928 1296 2961 ad
1310 2937 1369 2960 uos
1388 2926 1553 2959 redundat
1570 2940 1577 2959 :
1596 2926 1638 2959 de
1662 2925 1714 2958 his
1736 2925 1825 2958 enim
1849 2935 1888 2958 ac
1905 2925 2030 2958 talibus
2050 2934 2114 2958 non
2132 2925 2220 2958 idem
2239 2934 2309 2957 scn-

1254 2990 1316 3023 tire
1337 2993 1369 3023 et
1384 2990 1584 3023 concordare
1603 2989 1762 3022 dicuntur
1775 2988 1937 3021 homines.

1295 3051 1386 3083 Scd'
1378 3061 1412 3083 in
1435 3049 1562 3092 magnis
1582 3051 1616 3082 et
1633 3058 1709 3091 quae
1727 3050 1786 3081 aut
1804 3047 1942 3090 utrique
1965 3047 2149 3080 amicolum
2165 3050 2223 3080 aut
2249 3047 2308 3079 rci-

1254 3093 1402 3141 publicae
1405 3093 1595 3125 conducunt
1608 3091 1819 3124 concordiam
1836 3089 1962 3122 versari
1980 3090 2133 3122 dicimus
2147 3090 2190 3121 Ut
2203 3098 2308 3130 quum

1253 3137 1323 3166 tota
1339 3135 1457 3167 civitas
1471 3134 1686 3176 magistratus
1700 3142 1765 3165 non
1782 3132 1979 3169 sortienuos,
1994 3132 2039 3163 ita
2054 3134 2088 3163 ut
2103 3141 2160 3172 per
2177 3139 2308 3162 succes-

1255 3176 1363 3209 siones
1392 3185 1532 3208 munera
1559 3175 1742 3223 obtineant,
1771 3174 1829 3206 sed
1854 3173 2013 3205 creandos
2039 3182 2110 3205 esse
2138 3172 2304 3212 decernit,

1253 3221 1312 3250 aut
1342 3217 1610 3250 Lacedaemonios
1641 3217 1674 3248 in
1703 3216 1791 3248 bello
1821 3215 1964 3256 gerendo
1992 3213 2199 3255 adjuvandos
2221 3222 2304 3252 esse,

1253 3262 1312 3292 aut
1343 3259 1487 3301 denique
1512 3258 1603 3291 aliud
1636 3257 1738 3300 quid,
1777 3257 2010 3299 qualecunque
2037 3258 2098 3294 cst,
2126 3254 2218 3297 quod
2240 3264 2306 3288 me-

1671 3372 1725 3389 ***
1743 3370 1827 3404 Οὐδὲ
1857 3381 1932 3406 τους
1951 3370 2025 3413 περὶ
2055 3371 2192 3402 ὁτουοῦν
2224 3371 2304 3412 ὁμο-

134 3424 403 3464 γνωμονοῦντας,
435 3422 515 3455 ἀλλὰ
539 3422 596 3459 τὰς
609 3421 716 3459 πόλεις
738 3423 872 3463 ὁμονοεῖ
874 3433 890 3453 ν
910 3433 1006 3463 φασιν
1024 3423 1095 3455 κτλ.
1116 3439 1158 3445 -
1176 3421 1248 3440 ****
1266 3421 1346 3455 Οῖον
1368 3423 1401 3454 αἱ
1416 3422 1527 3459 πόλεις
1540 3446 1549 3461 ,
1573 3421 1654 3453 ὅταν
1674 3423 1756 3452 πᾶσι
1775 3419 1856 3460 δοκῇ
1873 3417 1943 3449 κτλ
