2508 3776
618 192 924 234 ETHICORUM
951 192 1399 235 NICOMAGHEORUM
1429 195 1808 239 PARAPHRASIS.

123 292 224 323 vum
243 279 358 335 ἕτερα·
380 279 434 320 διὸ
452 281 589 335 ταχέως
608 282 764 333 γίνονται
785 282 879 335 φίλοι
901 282 961 322 καὶ
981 281 1172 322 παύονται·

125 339 405 395 μεταπίπτοντος
423 340 492 395 γὰρ
509 344 569 380 τοῦ
588 341 689 390 ἡδέος
707 342 768 381 καὶ
783 346 805 391 ἡ
826 342 924 397 φιλία
947 342 1173 395 μεταπίπτει·

45 394 49 401 ι
87 400 91 404 ”
124 398 339 455 μεταπίπτει
367 401 404 441 δὲ
433 400 472 440 τὸ
500 416 654 441 τοιουτον
675 401 740 449 ἡδυ
761 402 918 455 ταχέως,
937 401 1028 443 ὥστε
1063 402 1124 442 καὶ
1149 405 1172 450 ἡ

40 460 62 503 J*
119 459 237 515 φιλία.
269 461 343 501 Καὶ
367 461 527 515 ἐρωτικοὶ
544 461 580 501 δὲ
600 463 632 501 οἱ
649 461 718 500 νέοι
732 462 825 502 κατὰ
845 463 956 507 πάθος
970 462 1030 501 καὶ
1044 461 1172 511 ἡδονὴν

15 520 66 534 ⁶·
119 518 258 569 ζῧντες·
277 520 318 560 τὸ
338 522 407 576 γὰρ
425 522 589 561 πλεῖστον
606 537 668 569 της
689 522 860 574 ἐρωτικῆς
877 522 970 561 κατὰ
986 522 1095 566 πάθος
1112 521 1172 561 κἀὶ

49 983 72 1011 [ἢ

50 2274 65 2337 ι

58 2907 86 2942 ε.

58 2956 63 2966 .

44 578 93 609 7
118 579 262 630 ἡδονήν·
281 579 336 619 διὸ
337 581 515 655 jdoiim,
532 579 594 618 καὶ
621 580 755 633 ταχέως
774 579 948 619 παύονται
972 581 1171 636 φιλοῦντες,

60 664 62 667 v
118 638 292 685 πολλάκις
316 642 379 688 τῆς
410 641 516 687 αὐτης
546 638 679 692 ἡμέρας
713 639 1016 690 μεταπίπτοντες,
1049 639 1102 679 ὅτι
1128 641 1172 678 οὐ

46 734 50 742 .
93 699 282 754 λογισμῷ
310 699 372 739 καὶ
403 697 518 754 κρίσει
542 714 608 737 τινι
638 699 820 752 φιλουσιν,
845 698 936 737 ἀλλὰ
969 700 1074 739 πάθει
1106 715 1170 752 φε-

122 757 207 813 ρόμ·
194 773 277 800 -.νοι
312 757 573 812 Συνημερεύειν
594 756 631 796 δὲ
654 758 715 797 καὶ
738 759 844 806 συζην
876 762 968 797 οὗτοι
989 758 1171 810 βούλονται

47 844 55 863 ;
119 817 298 866 ἀλλήλοις·
315 819 472 858 ἔντευθεν
491 817 560 870 γὰρ
581 817 641 856 καὶ
667 820 690 864 ἡ
710 817 804 870 ἀρχὴ
827 833 888 865 της
917 818 1034 893 φιλίας
1056 819 1194 867 αὐτοῖς,

51 891 74 930 :J
116 877 272 955 γίνεται,
304 878 367 918 και
398 876 551 926 ἡῆδονὴ
577 875 641 924 τὴν
673 877 875 926 συνοίκησιν
911 881 1066 917 ἀπαιτεῖ.
1119 876 1166 918 ‘H

41 930 65 974 .-J.
117 937 184 991 μὶν
213 931 274 978 ουν
299 938 381 978 καθ’
409 935 538 986 ἡδονὴν
571 935 632 975 καὶ
663 935 756 975 κατὰ
789 937 830 976 τὸ
862 938 1039 991 χρήσιμον
1069 937 1168 991 φιλία

76 994 262 1070 τοιαύτη
282 996 394 1047 ἐστίν,
415 995 564 1044 ἀτελής,
587 994 648 1034 καὶ
670 996 708 1034 οὐ
725 997 802 1035 καθ’
831 996 932 1045 αὑτό,
954 996 1046 1036 ἀλλὰ
1066 994 1162 1035 κατὰ

115 1054 354 1111 σορΗΒιὸηκός

169 1115 346 1171 (Scripsi
368 1122 411 1155 :⁸
429 1114 465 1156 οἶ
492 1112 560 1169 τε]
588 1113 675 1154 cod.
707 1114 794 1156 οἵτε.
831 1136 886 1146 -
911 1114 1034 1155 Ι’ἄλλο
1066 1114 1164 1169 ἐστὶ]

51 1175 58 1199 '⁷
114 1177 204 1217 cod.
222 1175 312 1217 ἄλλό
328 1177 418 1216 ἐστι.
443 1198 498 1206 -
515 1179 532 1198 ⁰
555 1173 780 1229 πρεσὸῧται]
812 1175 934 1234 vulgo
953 1172 1164 1229 πρεσὸύται.

120 1240 136 1266 ⁶
148 1238 290 1295 οὖκέτι]
312 1240 400 1292 cod.
423 1241 487 1282 οὐκ
506 1239 573 1281 ἔτι.
590 1238 669 1293 -)

554 1361 645 1414 Κεφ.
677 1357 722 1400 δ’.

139 1474 220 1519 Περὶ
241 1477 297 1514 τῆς
314 1473 369 1507 διὰ
383 1473 421 1507 τὸ
443 1472 564 1516 ἀγαθὸν
582 1472 706 1554 φιλλίόις,
729 1472 777 1504 ὅτι
800 1471 880 1510 αὕτη
899 1471 987 1504 ἐστὶν
1006 1473 1027 1510 ἡ
1044 1469 1150 1503 τελεία

592 1532 624 1553 Φῑ
645 1532 690 1554 θα.

165 1625 184 1644 *
202 1624 251 1667 ‘H
269 1624 307 1665 δὲ
326 1625 386 1665 διὰ
402 1639 445 1664 το
460 1626 589 1676 ἀγαθὸν
603 1623 704 1678 φιλία
719 1626 741 1671 ἡ
761 1638 829 1663 των
851 1626 990 1698 ἀγαθῶν
1006 1623 1066 1662 καὶ
1087 1626 1166 1663 κατ’

47 1712 55 1726 ⁷.
75 1683 244 1739 ἀρετὴν
262 1683 422 1734 ὁμοίων·
441 1682 560 1723 τελεία
581 1682 655 1722 ἐστὶ
675 1682 735 1722 καὶ
753 1685 831 1721 καθ’
853 1683 955 1724 αυτό.
976 1683 1168 1723 Βούλονται

74 1744 179 1800 γὰρ
196 1743 363 1794 ἀλλήλοις
379 1737 474 1783 οὗτοι
492 1743 538 1784 τὰ
557 1742 691 1795 ἀγαθά,
718 1743 772 1782 ὅτι.
788 1743 886 1782 αὐτοὶ
905 1743 1032 1796 ἀγαθοί
1055 1744 1163 1792 εἰσιν,

34 1826 47 1839 ›.
109 1805 194 1846 ob*
174 1805 219 1844 οι’
244 1803 358 1857 ἄλλο,
377 1803 471 1844 ἀλλὰ
490 1805 568 1843 καθ’
593 1802 752 1848 ἑαυτούς·
774 1805 805 1843 οἱ
835 1803 871 1842 δὲ
894 1803 1101 1856 βουλόμενοι
1122 1803 1166 1843 τὰ

54 1866 59 1874 ‘
109 1863 227 1970 ἄέαθὰ
243 1879 316 1910 τοις
335 1863 448 1918 φίλοις
460 1865 528 1917 οὐχ
544 1862 717 1902 ἑαυτῶν”
697 1879 800 1902 ενεκα
812 1893 822 1911 ,
841 1862 933 1902 ἀλλὰ
955 1867 1026 1903 τῶν
1041 1864 1166 1939 φίλων,

153 1922 207 1963 τοί
224 1925 312 1964 εἰσιν
334 1924 367 1962 οἳ
400 1922 558 1975 μάλιστα
580 1921 685 1975 φίλοι·
707 1923 750 1960 δι’
769 1922 893 1967 αὐτοὺς
912 1922 980 1976 γὰρ
1003 1922 1083 1968 τους
1102 1922 1164 1977 φί-

62 1983 188 2029 λους
209 1986 370 2038 φιλοῦσι,
385 1982 446 2023 καὶ
469 1981 655 2040 βούλονται
682 1983 799 2027 αὐτοῖς
818 1984 863 2021 τὰ
883 1981 1019 2034 ἀγαθά,
1051 1982 1112 2022 καὶ
1129 1984 1167 2023 οὗ

109 2043 154 2084 δι’
173 2039 264 2083 ἄλλο
280 2042 450 2083 καὶκατὰ
465 2041 705 2094 συμὸεὸηκός·
729 2045 750 2090 ἡ
766 2041 911 2090 τοιαύτη
933 2041 969 2081 δὲ
984 2041 1084 2096 φιλία
1104 2041 1165 2082 καὶ

111 2101 240 2176 βεὸαία
254 2102 333 2142 ἔστι
357 2102 420 2142 καὶ
445 2100 606 2155 μόνιμος·
635 2100 794 2153 διαμένει
821 2101 890 2155 γὰρ
910 2101 975 2146 ἕως
1001 2101 1045 2141 ἂν
1071 2103 1164 2176 ἀγα-

35 2140 46 2213 ;Ι’
107 2154 207 2203 θοὶγ
179 2177 268 2203 ωσιν
286 2163 319 2202 οἱ
335 2160 432 2217 φίλοι
449 2160 511 2201 καὶ
535 2161 742 2209 σπουδαῖοι,
771 2160 832 2200 καὶ
855 2161 998 2213 ἀγαθοῖς
1026 2161 1166 2216 χαίρω-

47 2246 54 2266 ,’
108 2234 180 2263 σιν·
213 2220 325 2277 ἡγὰρ
346 2221 455 2277 ἀρετὴ
486 2219 635 2273 μόνιμόν
667 2222 758 2260 ἐστι·
789 2220 852 2260 και
878 2220 973 2260 ἔστιν
1007 2221 1168 2274 ἑκάτερος

109 2283 227 2323 αὐτῶν
245 2281 307 2322 καὶ
336 2281 451 2322 καθ’ς
435 2280 561 2321 εαυτὸν
595 2279 716 2325 ἅπλῶς
748 2278 877 2331 ἀγαθός
890 2311 901 2328 ,
925 2296 985 2319 και
1006 2282 1057 2334 τῷ
1079 2280 1169 2335 φίλῳ

54 2356 59 2360 ’
109 2339 253 2396 ἀγαθός·
265 2342 297 2381 οἵ
311 2340 380 2396 γὰρ
397 2340 523 2393 ἀγαθοὶ
539 2339 601 2380 καὶ
614 2339 693 2379 καθ’
713 2339 856 2385 ἑαυτοὺς
876 2339 1001 2393 ἀγαθοί
1023 2338 1093 2379 εἷᾰι
1109 2339 1168 2380 καὶ

38 2409 69 2426 ”’
109 2400 292 2451 ἅλλήλοις.
315 2400 475 2452 Ὁμοίως
491 2398 529 2440 δὲ
552 2399 614 2440 καὶ
637 2401 710 2454 ὠφε
696 2399 810 2452 ζλιμοί
841 2401 910 2440 εἶσι
930 2415 991 2439 και
1009 2400 1115 2447 ἡδεῖς·
1136 2401 1167 2438 οἱ

50 2493 67 2516 ·;
107 2460 178 2516 τδρ
210 2463 290 2502 καθ’
322 2459 470 2507 ἑαυτους
503 2459 566 2501 καὶ
585 2460 709 2506 ἁπλῶς
741 2460 867 2513 ἀγαθοὶ
901 2459 964 2499 καὶ
1003 2461 1118 2507 ἀλλή)
1120 2475 1169 2505 οις

47 2563 51 2567 ,
95 2521 206 2571 ἠδῗιῖς
227 2522 327 2563 εἰσιν.
347 2519 529 2566 Ἕκαστος
545 2520 614 2574 γὰρ
630 2520 748 2574 χαίρει
767 2525 844 2565 ταῖς
859 2521 986 2559 ἑαυτου
1005 2519 1168 2573 πράξεσι,

64 2579 171 2622 ᾰαὶ
185 2580 247 2622 διὰ
265 2585 368 2622 τοῦτο
383 2581 510 2631 ἥδεται
523 2582 584 2620 καὶ
605 2581 683 2626 ταῖς
692 2584 761 2620 τῶν
781 2580 924 2630 ἄλλων,
942 2579 1027 2619 ὅταν
1049 2579 1169 2632 ὅμοιαι

78 2632 179 2687 ωσι
189 2643 272 2687 ταῖς
289 2642 399 2682 αὐτοῦ
417 2640 586 2693 πράξεσιν
599 2671 611 2691 ,
631 2640 654 2688 ἢ
679 2641 714 2680 αἱ
735 2639 851 2680 αὐταί·
872 2641 909 2679 αἱ
928 2639 965 2679 δὲ
981 2641 1051 2678 τῶν
1068 2655 1170 2680 σπου,

53 2678 85 2763 33]
108 2698 218 2748 δαίων
238 2700 302 2742 καὶ
324 2702 467 2755 ἀγαθῶν
491 2699 647 2755 πράξεις
661 2701 697 2739 αἱ
724 2700 828 2739 αὐταὶ
845 2715 906 2739 και
921 2698 1042 2750 ὅμοιαί
1067 2700 1164 2739 εἰσιν·

58 2786 79 2806 'i
78 2754 203 2804 ὕστα
233 2761 405 2817 φανερόν,
429 2760 484 2800 ὅτι
509 2761 541 2800 οἱ
563 2760 748 2800 σπουδαῖοι
777 2760 873 2807 ἡδεῖς
904 2761 972 2799 εἶσι
999 2760 1061 2799 καὶ
1081 2761 1166 2799 ἑαυ-

70 2826 181 2868 τοῖς
198 2822 260 2862 καὶ
275 2821 456 2870 ἀλλήλοις.
480 2819 550 2860 Διὰ
577 2835 681 2859 τουτο
713 2823 736 2869 ἡ
769 2818 915 2867 τοιαύτη
946 2817 1046 2873 φιλία
1065 2817 1168 2870 μόνι-

195 2882 303 2921 ἐστιν.
334 2880 378 2922 Ἃ
412 2880 524 2934 γὰρ’
514 2879 587 2920 ιδία
613 2881 650 2919 αἱ
671 2879 818 2920 dnus*
798 2894 919 2932 εχουσι
951 2877 1085 2951 <pilium-7,
1108 2877 1168 2916 καὶ

180 2942 259 2986 ἐστι
275 2940 382 2996 χρεία
401 2942 473 2986 τοῖς
492 2940 606 2995 φιΛοις
619 2971 630 2991 ,
654 2955 768 2979 ταυτα
789 2939 906 2978 πάντα
927 2938 1016 2989 μόνη
1036 2936 1127 2986 αύτη
1145 2939 1166 2985 ἡ

68 2998 214 3057 φιλία
248 2999 458 3054 συνείληφεν
491 3000 527 3038 ἐν
555 3001 676 3053 ἑαυτῇ·
698 2999 760 3038 καὶ
789 2997 858 3052 γὰρ
888 2997 949 3037 καὶ
977 2996 1017 3036 τὸ
1039 2996 1169 3049 αγαθὸν

72 3054 205 3116 ἔχει,
231 3059 294 3101 καὶ
317 3060 359 3100 τὸ
376 3059 467 3110 ἡδύ,
494 3058 556 3099 καὶ
575 3059 617 3098 τὸ
644 3058 838 3114 χρήσιμον·
861 3060 912 3112 τῷ
948 3057 1016 3110 γὰρ
1043 3058 1165 3110 ἀγαθῶ

52 3156 57 3165 .,
71 3117 173 3161 ml
189 3117 232 3159 τὸ
249 3118 316 3168 ἡδο
331 3118 457 3159 ἕπεται
476 3118 538 3159 καὶ
559 3119 600 3158 τὸ
616 3119 809 3174 ὠφέλιμον·
828 3098 900 3158 καὶΙ
906 3118 980 3157 ἔστι
999 3115 1040 3155 τὸ
1056 3121 1168 3156 τοιοῦ-

48 3175 78 3226 s„
108 3184 170 3223 ‘bv
190 3178 321 3232 ἆγαθὸν
334 3181 375 3220 οὗ
395 3181 476 3220 καθ’
498 3179 603 3219 ἑαυτὸ
627 3179 732 3232 μόνον
754 3180 904 3232 ἀγαθόν,
925 3177 1015 3216 ἀλλὰ
1036 3177 1096 3216 καὶ
1117 3178 1168 3229 τῷ

46 3239 82 3292 '5
110 3239 282 3295 φιλοῦντι·
300 3239 363 3280 καὶ
375 3241 444 3288 ἡδὺ
463 3239 526 3280 καὶ
544 3239 724 3294 ὠφέλιμον
741 3238 889 3291 ὁμοίως,
908 3238 947 3276 οὗ
962 3240 1040 3276 καθ’
1063 3236 1168 3276 ἑαυτὸ

113 3297 238 3353 μόνον,
258 3299 351 3340 ἀλλὰ
363 3300 426 3340 καὶ
443 3302 495 3354 τῷ
517 3301 685 3354 φιλοῦντι·
711 3299 771 3338 καὶ
791 3302 813 3346 ἡ
826 3297 998 3350 ’ὁμοιότης
1018 3296 1055 3336 δὲ
1075 3296 1168 3336 ποιεῖ

2208 204 2292 244 495

1238 289 1339 322 etiam
1351 289 1500 332 jucunda
1526 294 1699 325 mutantur
1717 305 1724 325 :
1746 291 1963 335 quamobrem
1988 293 2139 328 celeriter
2153 296 2188 328 et
2209 296 2296 330 tiunt

1237 347 1335 381 amici
1347 351 1380 382 et
1401 359 1473 382 esse
1488 349 1642 384 desinunt
1660 364 1667 383 :
1685 354 1816 385 mutato
1838 352 1924 386 enim
1940 352 1998 385 illo
2016 353 2107 395 quod
2118 354 2160 387 iis
2173 355 2291 397 jucun-

1235 410 1318 444 dum
1337 414 1407 453 est,
1423 413 1568 446 amicitia
1584 423 1717 456 quoque
1734 424 1850 448 eorum
1868 417 2020 448 mutatur
2040 429 2048 449 :
2076 415 2154 448 talis
2176 418 2288 450 autem

1235 470 1390 513 voluptas
1405 471 1471 504 cito
1484 471 1691 511 immutatur,
1711 472 1852 516 ideoque
1868 475 1902 507 et
1914 474 2070 507 amicitia.
2084 475 2172 513 Quin
2188 474 2289 508 etiam

1234 528 1277 562 ad
1300 539 1446 564 amorem
1465 531 1628 573 proclives
1650 534 1727 565 sunt
1743 532 1902 575 juvenes,
1928 535 2045 575 utpote
2069 533 2128 576 qui
2153 533 2288 567 affecti-

1235 588 1297 621 bus
1325 591 1358 622 et
1391 590 1556 633 voluptati
1586 590 1620 624 in
1655 592 1725 625 vita
1754 592 1901 625 serviant
1924 603 1932 623 :
1956 593 2102 626 maxima
2131 593 2219 627 enim
2240 593 2287 627 rei

1234 648 1404 682 amaloriae
1422 659 1500 692 pars
1521 659 1563 683 ex
1587 649 1711 684 affectu
1734 653 1771 684 et
1797 652 1971 694 voluptate
1996 654 2127 685 constat
2145 663 2154 685 z
2175 655 2289 686 amant

1233 707 1344 750 igitur,
1362 709 1495 752 citoque
1508 710 1640 742 amandi
1657 710 1755 743 finem
1770 709 1906 751 faciunt,
1930 711 1976 744 ita
1993 714 2030 745 ut
2042 722 2130 755 saepe
2144 722 2211 745 uno
2231 722 2285 746 eo-

1232 765 1375 808 demque
1394 767 1448 800 die
1466 767 1673 801 voluntatem
1690 770 1842 808 mutent,
1860 770 1940 811 quia
1955 779 2020 803 non
2034 771 2161 804 ratione
2175 771 2286 815 aliqua

1232 826 1346 856 amant
1362 826 1395 857 et
1408 824 1553 867 judicio,
1585 827 1642 860 sed
1663 830 1762 871 prout
1789 828 1890 861 animi
1917 829 2044 871 impetu
2064 830 2286 873 abripiuntur.

1233 882 1275 914 Hi
1296 885 1410 916 autem
1442 887 1531 918 totos
1560 886 1631 919 dies
1654 897 1719 920 una
1752 887 1926 921 traducere
1954 888 2100 932 vitaeque
2131 890 2288 924 societate

1232 941 1385 985 conjungi
1409 944 1526 977 volunt
1546 959 1553 978 :
1571 945 1647 978 hinc
1663 946 1751 979 enirn
1767 947 1922 980 amicitiae
1938 948 2019 990 ipsis
2035 949 2171 983 ducitur
2183 959 2286 984 exor-

1231 1001 1344 1041 dium,
1365 1003 1424 1036 sed
1448 1004 1604 1046 voluptas
1628 1005 1881 1040 contubernium
1904 1008 2004 1040 etiam
2027 1009 2185 1050 postulat.
2204 1012 2288 1049 Quae

1232 1061 1333 1104 igitur
1358 1063 1542 1106 voluptatis
1561 1067 1619 1098 aut
1642 1066 1798 1099 utilitatis
1818 1075 1919 1100 causa
1937 1067 2127 1102 instituitur
2142 1069 2288 1104 amicitia

1233 1121 1309 1156 talis
1327 1125 1389 1164 est,
1411 1123 1476 1156 hoc
1493 1126 1561 1164 est,
1578 1124 1791 1168 imperfecta,
1817 1135 1925 1169 neque
1938 1136 1997 1170 per
2011 1137 2046 1162 se
2058 1155 2066 1168 ,
2079 1128 2138 1162 sed
2158 1138 2218 1172 per
2232 1139 2289 1164 ac-

1233 1183 1346 1218 cidens
1369 1185 1512 1218 tantum.

1674 1367 1754 1411 Gap.
1778 1369 1837 1403 IV.

1281 1482 1322 1509 De
1336 1487 1372 1509 ea
1389 1487 1456 1518 quae
1472 1479 1546 1510 boni
1562 1487 1652 1512 causa
1664 1482 1859 1512 contrahitur
1877 1482 2010 1513 amicitia
2019 1504 2028 1520 ‚
2040 1490 2168 1521 eamque
2180 1490 2243 1515 esse

1668 1529 1851 1568 perfectam.

1275 1627 1357 1664 Quae
1376 1635 1456 1659 vero
1480 1626 1555 1660 boni
1580 1636 1682 1660 causa
1703 1627 1924 1667 contrahitur,
1941 1627 1971 1660 si
1984 1627 2148 1661 bonorum
2167 1629 2219 1661 est
2232 1628 2287 1662 vi-

1231 1695 1344 1718 rorum
1361 1688 1395 1720 et
1409 1686 1537 1719 virtute
1556 1687 1734 1726 similium,
1758 1697 1817 1730 per
1835 1697 1871 1721 se
1889 1690 1939 1720 est
1956 1690 1989 1721 et
2013 1687 2160 1731 perfecta
2173 1687 2289 1720 amici-

1231 1746 1287 1779 tia.
1303 1746 1348 1779 Hi
1360 1746 1449 1780 enim
1465 1746 1528 1780 sibi
1547 1749 1667 1780 mutuo
1687 1747 1773 1781 bona
1785 1749 1913 1790 optant,
1932 1748 2013 1790 quia
2025 1748 2089 1791 ipsi
2102 1750 2180 1781 sunt
2197 1748 2291 1789 boni,

1230 1808 1265 1839 et
1277 1805 1355 1839 boni
1372 1806 1509 1849 quidem
1528 1816 1587 1849 per
1600 1817 1645 1846 se,
1661 1817 1727 1840 non
1745 1808 1787 1840 ob
1803 1807 1896 1840 aliud
1914 1819 1921 1839 :
1940 1807 2000 1850 qui
2015 1817 2092 1840 vero
2110 1807 2197 1841 bona
2209 1808 2290 1840 ami-

1229 1865 1277 1899 cis
1288 1892 1295 1905 ,
1318 1875 1383 1899 non
1406 1875 1469 1899 sua
1481 1866 1541 1899 sed
1556 1867 1705 1909 ipsorum
1722 1876 1823 1900 causa
1837 1869 1972 1910 optant,
1996 1867 2034 1901 hi
2052 1867 2198 1901 maxime
2210 1869 2288 1900 sunt

1230 1925 1347 1958 amici:
1365 1925 1549 1958 amicorum
1563 1926 1652 1959 enim
1665 1935 1766 1959 causa
1781 1926 1906 1959 amicos
1921 1926 2064 1969 diligunt
2082 1927 2189 1970 iisque
2204 1927 2288 1960 bona

1231 1987 1419 2028 precantur,
1435 1995 1499 2018 non
1523 1986 1566 2019 ob
1589 1985 1680 2018 aliud
1701 1988 1734 2019 et
1752 1995 1811 2029 per
1827 1985 1979 2019 accidens
2000 1998 2008 2018 ε
2032 1986 2109 2019 talis
2124 1988 2236 2019 autem
2256 1988 2289 2019 et

1231 2045 1326 2079 firma
1341 2048 1376 2079 et
1391 2045 1520 2078 stabilis
1544 2048 1595 2078 est
1616 2045 1762 2079 amicitia
1785 2059 1793 2079 2
1818 2046 1942 2089 quippe
1960 2048 2083 2085 manet,
2110 2045 2193 2079 dum
2211 2045 2289 2079 boni

1230 2107 1391 2150 probique
1409 2109 1488 2140 sunt
1508 2107 1624 2149 amici,
1645 2109 1679 2141 et
1703 2107 1785 2140 dum
1801 2107 1896 2140 bonis
1914 2107 2105 2141 hominibus
2117 2107 2286 2141 delectan-

1232 2168 1288 2200 tur
1305 2178 1313 2200 ι
1330 2167 1459 2200 stabilis
1477 2167 1565 2201 enim
1585 2167 1694 2201 virtus
1713 2180 1720 2200 :
1742 2169 1860 2210 estque
1878 2169 2022 2210 uterque
2041 2177 2156 2200 eorum
2180 2169 2214 2201 et
2229 2177 2288 2210 per

1232 2236 1268 2261 se
1281 2227 1474 2269 simpliciter
1491 2227 1712 2270 absoluteque
1737 2227 1861 2268 honus,
1883 2230 1917 2260 et
1942 2228 2050 2260 amico
2062 2227 2167 2260 talis:
2189 2228 2288 2260 nimi-

1233 2295 1308 2319 rum
1327 2286 1404 2320 boui
1422 2289 1456 2320 et
1473 2296 1532 2330 per
1545 2296 1580 2320 se
1592 2287 1670 2320 boni
1687 2289 1766 2319 sunt
1781 2289 1815 2320 et
1830 2286 1974 2321 invicem
1988 2287 2077 2321 boni.
2095 2287 2289 2330 Eodemque
2316 2319 2321 2323 ,

1231 2346 1330 2380 modo
1357 2347 1457 2381 utiles
1475 2357 1610 2390 quoque
1629 2349 1708 2380 sunt
1731 2349 1765 2380 et
1779 2346 1919 2390 jucundi
1942 2359 1950 2379 :
1974 2347 2034 2390 qui
2048 2347 2138 2381 enim
2159 2347 2289 2391 simpli-

1233 2407 1314 2440 citer
1333 2409 1366 2440 et
1382 2417 1441 2450 per
1458 2416 1493 2440 se
1503 2407 1580 2440 boni
1597 2409 1693 2446 sunt,
1710 2402 1811 2440 etiam
1826 2407 1890 2440 sibi
1903 2409 2022 2440 mutuo
2033 2407 2175 2450 jucundi
2193 2410 2284 2443 sunt.

1230 2467 1355 2509 Nempe
1364 2476 1434 2499 suae
1445 2467 1565 2510 cuique
1575 2467 1721 2500 actiones
1733 2467 2019 2511 placent‚ideoque
2034 2468 2134 2501 etiam
2147 2467 2287 2501 aliorum

1231 2525 1419 2559 actionibus
1433 2526 1630 2564 delectatur,
1651 2537 1758 2570 quum
1777 2530 1836 2560 aut
1860 2527 1986 2560 similes
2010 2530 2088 2561 sunt
2103 2528 2290 2562 actionibus

1232 2585 1302 2619 suis
1316 2587 1374 2618 aut
1391 2585 1540 2619 eaedem:
1573 2586 1734 2620 bonorum
1760 2596 1839 2620 vero
1864 2586 2112 2630 proborumque
2137 2587 2287 2620 virorum

1233 2644 1358 2678 eaedem
1376 2647 1435 2677 aut
1449 2645 1573 2678 similes
1587 2648 1666 2678 sunt
1682 2645 1831 2679 actiones
1850 2658 1857 2678 ι
1877 2646 1965 2679 unde
1988 2648 2144 2689 apparet,
2167 2646 2289 2689 probos

1231 2703 1322 2736 viros
1335 2705 1369 2737 et
1382 2703 1445 2736 sibi
1458 2706 1491 2736 et
1499 2703 1585 2736 inter
1599 2703 1808 2746 sejucundos
1821 2713 1904 2737 esse.
1920 2704 2144 2743 Quamobrem
2160 2703 2290 2737 stabilis

1231 2763 1422 2806 hujusmodi
1443 2763 1588 2796 amicitia
1613 2766 1674 2796 est.
1694 2765 1779 2802 Quae
1805 2764 1893 2797 enim
1916 2763 2129 2806 peculiariter
2150 2763 2288 2806 reliquae

1232 2823 1387 2856 amicitiae
1408 2823 1531 2856 habent
1544 2851 1551 2862 ,
1571 2823 1760 2867 quibusque
1780 2824 1926 2866 indigent
1946 2823 2061 2864 amici,
2085 2823 2159 2856 haec
2175 2823 2289 2856 omnia
2339 2865 2342 2870 .

1232 2883 1300 2916 sola
1318 2883 1388 2915 baec
1407 2882 1552 2916 amicitia
1570 2882 1604 2915 in
1631 2892 1666 2918 se
1682 2883 1829 2916 continet
1854 2892 1862 2912 :
1887 2893 1962 2916 nam
1987 2885 2021 2916 et
2036 2882 2161 2916 bonum
2179 2885 2213 2915 et
2233 2883 2289 2925 ju-

1233 2942 1378 2975 cundum
1408 2942 1509 2976 habet
1538 2944 1572 2975 et
1589 2942 1672 2975 utile
1703 2952 1711 2972 :
1728 2942 1814 2976 bono
1832 2943 1955 2985 quippe
1978 2945 2013 2975 et
2024 2942 2212 2985 Jueundum
2228 2942 2288 2975 ad-

1228 3002 1382 3045 junctum
1401 3010 1473 3035 esse
1502 3003 1595 3045 patet
1609 3004 1645 3035 et
1670 3002 1777 3036 utile:
1809 3004 1926 3045 estque
1949 3001 2143 3045 hujusmodi
2164 3001 2287 3035 bonum

1231 3071 1296 3095 non
1315 3071 1374 3104 per
1389 3070 1426 3095 se
1439 3063 1570 3095 tantum
1591 3061 1725 3101 bonum,
1742 3062 1800 3096 sed
1816 3062 1917 3095 etiam
1936 3061 1967 3096 ei
1979 3062 2039 3105 qui
2060 3063 2151 3095 amat
2175 3072 2182 3091 :
2199 3061 2288 3093 simi-

1232 3122 1377 3165 literque
1395 3124 1429 3156 et
1455 3121 1643 3165 iucundum
1657 3124 1693 3156 et
1718 3123 1801 3156 utile
1828 3132 1894 3155 non
1913 3131 1972 3165 per
1993 3131 2028 3155 se
2058 3123 2206 3160 tantum,
2229 3119 2286 3152 sed

1231 3182 1333 3216 etiam
1347 3182 1378 3215 ei
1399 3182 1459 3225 qui
1484 3183 1575 3215 amat
1596 3195 1605 3216 ι
1622 3182 1681 3216 sed
1701 3185 1735 3216 et
1765 3183 1974 3225 voluptatem
1995 3180 2180 3214 similitudo
2206 3179 2286 3212 tali-

1230 3243 1294 3275 bus
1315 3242 1432 3275 amicis
1457 3241 1577 3284 affert3
1604 3245 1638 3276 et
1651 3242 1724 3276 boec
1737 3243 1883 3276 amicitia
1899 3242 2082 3285 plurimum
2100 3242 2173 3272 tum
2191 3239 2286 3272 volu·

1230 3301 1332 3344 ptatis
1346 3303 1421 3335 tum
1443 3301 1600 3335 utilitatis
1623 3302 1735 3338 habet.
1751 3305 1783 3335 A
1799 3304 1895 3345 quus
1919 3299 2136 3335 similitudine
2148 3299 2286 3342 reliquae

157 3455 185 3480 ἢ
201 3455 279 3499 Cap.
302 3459 333 3490 3.
349 3457 465 3490 Τελεία
478 3457 506 3490 δ’
526 3456 616 3490 ἐστὶν
634 3458 654 3495 ἡ
670 3457 736 3489 τῶν
754 3455 884 3498 ἀγαθῶν
904 3453 991 3496 φιλία
1003 3455 1072 3486 κτλ.
