2528 3788
243 249 323 290 266

591 350 934 391 ΑΡΙΘΜΗΤΙΚΑ,

300 467 348 494 83.
380 452 526 491 Τούτων
563 449 604 498 δὴ
644 448 881 503 διωρισμένων
918 451 1074 502 μετιτέον
1109 452 1195 506 πρὸς
1225 453 1283 493 τὸν

249 511 434 550 ἀκόλουθον
468 509 585 552 αὐτοῖς
614 507 715 558 λόγον
751 507 866 560 ἀρχὴν
895 510 1045 549 λαὸοῦσι
1078 510 1140 558 τὴν
1176 512 1284 559 αὐτὴν

247 575 317 613 τοῖς
338 566 600 620 Πυθαγορείοις,
621 567 714 605 τοῦτ’
737 565 825 619 ἔστι,
850 569 929 606 καθ’
950 567 992 615 ἣν
1012 569 1090 613 τοὺς
1110 570 1171 619 μὲν
1191 569 1286 615 ἴσους

248 627 411 680 ἀριθμοὺς
430 631 502 671 τοῖς
526 625 691 670 ἷσοτόνοις
711 625 869 679 φθόγγοις
890 626 1122 678 ἀπονέμομεν,
1143 627 1221 672 τοὺς
1247 629 1283 668 δὲ

249 688 384 731 ἀνίσους
404 691 474 730 τοῖς
496 684 715 734 ἀνισοτόνοις,
737 685 790 725 ὅτι
810 685 848 724 τὸ
864 690 1015 725 τοιοῦτον
1037 685 1155 726 αὐτόθι
1173 688 1278 735 δῆλόν

248 748 334 785 ἔστα

304 804 556 856 (Ptolemaeus
577 803 761 843 Harmon.
788 804 821 850 l,
848 818 884 851 7.
907 804 1152 855 Porphyrius
1172 805 1220 843 ad
1242 805 1284 846 h.

246 865 275 904 l.
309 864 351 902 in
382 863 516 901 Ioann.
547 862 680 900 Wallis
701 875 808 914 oper.
842 870 931 900 tom.
965 862 1023 901 111
1046 876 1084 913 p.
1115 863 1205 911 287.
1227 866 1287 911 τῆς

247 922 447 974 διαιρέσεως
468 923 536 959 τῶν
552 920 636 973 πρὸς
658 921 794 968 ἄλληλα
813 921 933 974 σχέσιν
957 922 1106 974 ἐχόντων
1127 923 1285 975 φθόγγων

246 983 407 1029 τοιαύτης
425 979 634 1033 γενομένης,
667 979 780 1020 καίτοι
807 984 848 1019 ἐκ
877 983 939 1027 τῆς
961 982 1154 1028 αἰσθήσεως
1173 981 1286 1035 κρίσιν

246 1040 386 1094 ἔχουσι,
414 1038 700 1093 προσαρμοστέον
733 1038 818 1092 φησὶ
846 1039 906 1078 καὶ
943 1038 1006 1087 τὴν
1037 1041 1194 1079 παλαιὰν
1225 1045 1286 1080 τοῦ

244 1100 348 1152 λόγου
374 1098 555 1152 ἀκρίὸειαν
589 1104 665 1142 ταῖς
696 1097 766 1136 ἀπὸ
797 1102 859 1145 τῆς
892 1097 1087 1145 αἰσθήσεως
1117 1099 1288 1144 δοθείσαις

245 1159 442 1213 διαφοραῖς,
463 1157 543 1196 ἔνθα
563 1156 623 1196 καὶ
645 1156 688 1195 τὰ
711 1157 790 1209 περὶ
809 1160 877 1196 τῶν
881 1158 1160 1232 ΗΠυθαγορείων
1172 1175 1288 1212 παρα-

245 1217 419 1266 ληπτέον,
439 1220 485 1262 ὥς
506 1218 635 1262 ἱκανῶς
655 1216 694 1255 τὸ
716 1216 837 1270 ἀκριὸὲ
842 1233 855 1261 ς
877 1217 1003 1270 ἔχοντα
1017 1246 1028 1267 ,
1057 1216 1117 1255 καὶ
1141 1217 1285 1269 ἀρκτέον

245 1293 285 1329 γε
308 1276 465 1326 καθάπερ
498 1276 625 1315 ἐκεῖνοι
660 1275 788 1314 ἄνωθεν
831 1277 901 1315 ἀπὸ
927 1280 988 1323 τ’ῆς
1021 1275 1180 1323 ἰσότητος
1215 1279 1283 1314 τῶν

247 1337 414 1388 ἀριθμῶν.
442 1328 513 1373 Ἤν
538 1333 573 1372 δὲ
605 1333 794 1373 ἀποδοτέον
823 1334 883 1372 καὶ
911 1333 970 1372 τὸν
994 1334 1096 1386 λόγον
1120 1334 1178 1373 τὸν
1206 1335 1285 1374 κατ’

247 1393 354 1441 αὐτὴν
387 1391 673 1444 προσαρμοστέον
697 1396 767 1435 τοῖς
794 1392 973 1436 ἷσοτόνοις,
1033 1392 1200 1432 Ἐκείνων
1226 1394 1288 1443 μὲν

246 1456 304 1491 οὖν
326 1455 357 1491 οἱ
387 1451 526 1494 πλείους
549 1452 587 1489 οὖ
616 1449 717 1501 μόνον
740 1449 809 1488 ἀπὸ
836 1454 897 1497 τῆς
927 1450 1086 1498 ἰσότητος
1111 1451 1263 1504 ἤρχοντο
1278 1483 1288 1503 ,

249 1510 339 1549 ἀλλὰ
360 1510 419 1548 καὶ
442 1509 512 1548 ἀπὸ
532 1513 590 1548 τοῦ
611 1509 782 1560 πυθμένος
804 1511 970 1561 ἀριθμοῦ·
994 1512 1056 1557 τῆς
1079 1510 1237 1558 ἰσότητος
1254 1511 1290 1550 δὲ

248 1571 368 1613 ἁπλῶς
403 1568 480 1614 τοὺς
515 1568 608 1612 ἴσους
656 1566 823 1621 ἀριθμοὺς
864 1568 1053 1607 ἀποδοτέον
1100 1569 1185 1622 φησὶ
1220 1572 1290 1614 τοῖς

249 1627 413 1671 ἷσοτόνοις
437 1626 613 1681 φθόγγοις,
645 1626 722 1671 τοὺς
746 1627 782 1665 δὲ
809 1626 946 1671 ἀνίσους
972 1628 1043 1671 τοῖς
1064 1628 1288 1673 ἀνισοτόνοις·

248 1686 388 1738 ὅτιγὰρ
417 1685 473 1725 διὰ
503 1687 572 1723 τῶν
601 1688 782 1736 πυθμένων
812 1685 857 1723 τὰ
883 1685 975 1723 κατὰ
999 1685 1061 1731 τὰς
1090 1687 1291 1740 συμφωνίας

249 1745 526 1794 ἀπεδείκνυσαν,
562 1745 661 1791 δηλοῖ
696 1743 858 1794 Εὔδημος
895 1744 929 1783 ἐν
979 1747 1027 1797 τῷ
1051 1746 1196 1799 ,πρώτῳ
1228 1750 1290 1794 τῆς

249 1807 481 1858 ἀριθμητικῆς
506 1803 662 1856 ἱστορίας
693 1802 805 1854 λέγων
833 1803 913 1857 περὶ
942 1806 1010 1842 τῶν
1043 1805 1290 1858 Πυθαγορείων

249 1864 348 1903 ταυτὶ
373 1863 464 1902 κατὰ
477 1862 590 1908 λέξιν·
612 1876 630 1900 <<
650 1862 700 1901 ἔτι
718 1862 754 1901 δὲ
770 1861 849 1907 τοὺς
867 1865 936 1902 τῶν
954 1866 1058 1916 τριῶν
1080 1868 1290 1918 συμφωνιῶν

248 1922 371 1974 λόγους
391 1925 449 1961 τοῦ
465 1938 502 1960 τε
521 1921 577 1959 διὰ
594 1921 773 1973 τεσσάρων
793 1922 853 1960 καὶ
875 1925 935 1961 τοῦ
953 1923 1010 1961 διὰ
1027 1923 1128 1962 πέντε
1150 1923 1210 1962 καὶ
1229 1927 1291 1962 τοῦ

252 1981 310 2021 διὰ
343 1983 491 2029 πασῶν,
527 1980 581 2018 ὅτι
620 1980 845 2031 συμὸέὸηκεν
881 1983 916 2019 ἐν
952 1981 1102 2034 πρώτοις
1140 1982 1292 2035 ὑπάρχει

250 2041 346 2092 (leg.
376 2039 572 2092 ὑπάρχειν)
602 2041 672 2083 τοῖς
692 2039 807 2077 ἐννέα·
839 2038 949 2093 βγὰρ
978 2057 1000 2092 γ
1031 2041 1050 2078 δ
1079 2039 1212 2091 γίνεται
1233 2042 1292 2079 ἐν-

250 2098 324 2137 νέα.
347 2116 362 2132 »
392 2098 519 2137 Atrium
549 2096 584 2134 δὲ
612 2100 630 2135 6
657 2097 880 2148 Πτολεμαῖος
908 2101 967 2135 τοῦ
999 2098 1067 2135 δεῖν
1094 2097 1170 2142 τοὺς
1198 2098 1293 2143 ἴσους

253 2155 419 2209 ἀριθμοὺς
450 2156 638 2207 ἀπονέμειν
673 2157 743 2199 τοῖς
776 2155 964 2208 ἷσοτόνοις,
1006 2157 1197 2197 ἀποδίδωσι
1229 2157 1291 2206 τὴν

254 2217 373 2255 αὐτόθι
391 2219 452 2255 τοῦ
481 2215 588 2267 λόγου
611 2213 823 2268 ἐνάργειαν.)

598 2328 943 2368 ΓΕΩΜΕΤΡΙΚΑ.

308 2456 355 2481 84.
387 2442 491 2482 Ἐπεὶ
522 2440 557 2480 δὲ
583 2442 652 2495 χρθΙ
684 2442 746 2486 τὰς
775 2442 888 2496 ἀρχὰς
921 2448 938 2465 ⁸
965 2441 1026 2481 >ted
1061 2443 1129 2480 τῶν
1162 2445 1295 2496 τεχνῶν

255 2502 314 2540 καὶ
333 2505 400 2540 τῶν
422 2502 626 2551 ἐπιστημῶν
643 2501 727 2554 πρὸς
753 2501 816 2549 τὴν
836 2506 1015 2554 παροῦσαν
1033 2502 1191 2554 περίοδον
1213 2518 1297 2541 σκο-

255 2561 358 2608 πεῖν,
386 2560 535 2612 λέγομεν
576 2561 628 2599 ὅτι
665 2563 748 2613 παρ’
785 2561 989 2613 Αἰγυπτίοις
1027 2559 1088 2611 μὲν
1130 2564 1295 2614 εὑρῆσθαι

257 2622 395 2672 πρῶτον
412 2623 434 2666 ἡ
458 2619 658 2672 γεωμετρία
676 2619 772 2673 παρὰ
793 2622 932 2659 πολλῶν
959 2623 1149 2673 ἱστορεῖται
1175 2637 1214 2660 εκ
1236 2636 1298 2668 της

255 2682 324 2719 τῶν
350 2679 489 2732 χωρίων
509 2679 808 2731 παραμετρήσεως
825 2680 842 2702 1'
869 2679 1029 2718 λαὸοῧσα
1054 2680 1118 2728 την
1147 2680 1294 2732 γένεσιν.

256 2738 448 2789 Ἀναγκαία
470 2738 538 2790 γὰρ
559 2742 601 2786 ἠν
626 2739 768 2782 ἐκείνοις
792 2754 879 2785 αυτη
911 2738 967 2777 διὰ
994 2739 1057 2787 τὴν
1090 2737 1210 2778 ἄνοδον
1231 2756 1294 2779 του

916 243 1117 288 EUDEMt
1143 244 1324 286 RHODII
1349 244 1708 286 PERIPATETICI

1345 334 1474 375 Νείλου
1493 332 1573 377 τους
1591 328 1835 385 προσήκοντας
1853 332 1950 384 ὅρους
1967 334 2124 381 ἑκάστοις
2143 330 2395 389 ἀφανίζοντοςξῐ
2423 332 2425 334 ’
2474 371 2477 379 ,

1345 392 1406 432 καὶ
1434 391 1633 444 θαυμαστὸν
1670 390 1747 429 οὐδὲ
1734 406 1767 428 εν
1797 389 1866 429 ἀπὸ
1887 394 1950 439 τῆς
1974 393 2093 446 χρείας
2113 393 2282 448 ἄρξασθαι
2312 394 2395 445 τὴν

1345 451 1479 504 εὕρεσιν
1499 450 1560 490 καὶ
1579 449 1709 497 ταύτης
1724 447 1784 488 καὶ
1803 451 1872 487 τῶν
1888 448 2038 489 ἄλλων’
2024 455 2239 503 επιστημῶν,
2257 452 2378 502 ἐπειδὴ

1344 516 1413 549 πᾶν
1444 508 1483 548 τὸ
1508 510 1542 547 ἐν
1568 508 1700 560 γενέσει
1729 508 1916 562 φερόμενον
1940 508 2008 548 ἀπὸ
2027 514 2088 549 τοῦ
2120 513 2261 557 ἀτελους
2290 511 2380 566 πρὸς

1344 568 1384 608 τὸ
1409 568 1539 606 τέλειον
1561 565 1737 618 πρόεισιν·
1755 567 1825 605 ἀπὸ
1844 566 2037 615 αἰσθήσεως
2059 562 2118 607 ουν
2140 570 2188 613 εἷς
2211 569 2394 622 λογισμὸν“

1345 627 1406 667 καὶ
1433 626 1503 665 ἀπὸ
1531 626 1653 665 τούτου
1686 626 1742 665 ἐπὶ
1772 642 1851 665 νουν
1878 629 1900 674 ἡ
1930 626 2160 701 μετάὸασις“
2183 627 2310 676 γένοιτ’
2336 629 2395 672 &W

1346 686 1501 731 εἰκότως.
1577 684 1720 737 “Ωσπερ
1758 679 1816 724 οῧν
1851 685 1948 739 παρὰ
1973 686 2042 730 τοῖς
2069 685 2208 731 Φοίνιξι
2236 685 2294 726 διὰ
2318 683 2383 734 «ἃς

1346 744 1515 798 ἐμπορίας
1549 743 1610 783 καὶ
1639 742 1686 782 τὰ
1716 743 1995 795 συναλλάγματα
2023 744 2085 792 τὴν
2109 743 2222 797 ἀρχὴν
2257 743 2403 784 ἕλοιὸσῦχ

1345 805 1368 850 ἡ
1397 805 1465 842 τῶν
1495 804 1649 855 ἀριθμῶν
1676 802 1823 855 ἀκριὸὴς
1849 806 1986 855 γνῶσις,
2020 802 2111 841 οὕτω
2133 803 2175 850 δὴ
2208 802 2269 842 καὶ
2295 805 2404 857 ·ιτιιτρ”γε

1349 862 1552 914 Αἰγυπτίοις
1586 864 1608 908 ἡ
1640 862 1860 932 γεωμετρία
1872 860 1928 900 διὰ
1948 860 2023 943 ᾱτὴν
2057 863 2244 914 εἰρημένην
2269 861 2383 901 αἰτίαν

1347 920 1504 974 ευρηται.
1564 921 1687 967 Θαλῆς
1723 920 1759 959 δὲ
1786 920 1965 972 πρῶτος(1
1991 922 2038 965 εἷς
2064 919 2240 973 Αιγυπτον
2271 919 2383 960 mov

1348 981 1542 1032 μετηγαγεν
1571 981 1617 1024 εἷς
1639 978 1884 1026 τὴνἙλλάδα
1904 979 1968 1026 τὴν
1989 980 2135 1031 θεωρίαν
2151 979 2298 1029 ταύτην,
2321 978 2383 1020 καὶ

1347 1038 1460 1078 πολλὰ
1487 1036 1549 1090 μὲν
1579 1038 1681 1082 αὐτὸς
1715 1031 1810 1091 εἶρε,
1840 1039 1977 1076 πολλῶν
2010 1037 2045 1077 δὲ
2079 1037 2142 1082 τὰς
2173 1038 2285 1092 ἀρχὰς
2315 1038 2386 1083 τοῖς

1349 1100 1425 1148 μετ’
1451 1096 1552 1136 αὐτὸν
1580 1096 1806 1151 ὑφηγήσατο,
1825 1102 1896 1140 τοῖς
1918 1096 1980 1147 μὲν
2008 1096 2281 1150 καθολικώτερον
2304 1099 2385 1137 ἔπι-

1349 1155 1501 1204 ὅάλλων,
1535 1161 1606 1199 τοῖς
1637 1154 1673 1194 δὲ
1702 1154 2006 1207 αἷσθητικώτερον.
2067 1154 2168 1194 Μετὰ
2199 1154 2235 1194 δὲ
2265 1159 2384 1195 τοῦτον

1348 1214 1549 1268 Ἀμέριστος
1581 1216 1599 1252 6
1633 1213 1853 1266 Στησιχόρου
1892 1218 1952 1252 τοῦ
1986 1218 2131 1261 ποιητοῦ
2164 1214 2311 1268 ἀδελφὸς
2339 1216 2387 1259 ὣς

1349 1273 1568 1326 ἐφαψάμενος
1594 1276 1609 1295 ⁰
1637 1275 1698 1320 τῆς
1724 1272 1804 1324 περὶ
1835 1272 2048 1325 γεωμετρίας
2071 1273 2224 1320 σπουδῆς
2248 1276 2408 1324 {ampo-¹

1347 1331 1502 1381 νεύεται,
1521 1331 1581 1370 καὶ
1602 1330 1743 1374 Ἱππίας
1769 1334 1787 1370 6
1806 1331 1945 1375 Ἠλεῖος
1964 1330 2145 1384 ἱστόρησεν
2165 1331 2211 1375 ὣς
2231 1330 2289 1370 ἐπὶ
2302 1338 2407 1383 ymo*

1350 1391 1475 1445 μετρίᾳ
1495 1390 1595 1436 δόξαν
1619 1392 1724 1430 αὐτοῦ
1744 1390 1924 1435 λαὸόντος.
1983 1389 2070 1430 Ἐπὶ
2094 1387 2131 1428 δὲ
2149 1387 2287 1434 τούτοις
2303 1391 2390 1429 Πυ-

1350 1451 1499 1502 θαγόρας
1517 1450 1579 1496 τὴν
1600 1450 1680 1502 περὶ
1709 1449 1817 1498 αὐτὴν
1843 1449 2046 1503 φιλοσοφίαν
2075 1450 2122 1492 εἷς
2147 1450 2272 1500 σχῆμα
2299 1464 2389 1489 παι-

1350 1509 1442 1553 δείας
1461 1508 1639 1561 ἐλευθέρου
1663 1508 1874 1559 μετέστησεν
1886 1537 1898 1555 ,
1921 1508 2050 1547 ἄνωθεν
2067 1506 2128 1551 τὰς
2154 1506 2264 1559 ἀρχὰς
2283 1508 2390 1556 αὐτῆς

1350 1566 1643 1618 ἐπισκοπούμενος
1664 1567 1724 1605 καὶ
1748 1564 1863 1611 ἀΰλως
1881 1567 1941 1606 καὶ
1964 1568 2089 1617 νοερῶς
2110 1565 2155 1604 τὰ
2178 1565 2391 1617 θεωρήματα.

1351 1625 1625 1678 διερευνώμενος,
1641 1624 1677 1670 ὃς
1706 1625 1749 1672 δὴ
1772 1639 1832 1664 και
1851 1624 1914 1672 τὴν
1933 1626 2000 1663 τῶν
2024 1623 2204 1674 ἀναλόγων
2231 1627 2250 1654 ⁸
2270 1637 2392 1675 anY-
2409 1658 2411 1664 ,

1351 1685 1497 1734 ματείαν
1522 1684 1582 1723 καὶ
1602 1684 1665 1731 τὴν
1694 1687 1763 1722 τῶν
1791 1687 1969 1734 κοσμικῶν
1996 1682 2189 1740 σχημάτων
2221 1682 2388 1722 σύστασιν

1352 1747 1485 1796 ἀνευρε.
1544 1743 1646 1783 Μετὰ
1662 1742 1698 1781 δὲ
1721 1746 1838 1782 τοῦτον
1859 1737 2090 1794 Ἀναξαγόρας
2109 1744 2128 1780 6
2156 1739 2390 1792 Κλαζομένιος

1350 1803 1487 1840 πολλῶν
1508 1801 1665 1855 εφήψατο
1691 1803 1759 1840 τῶν
1786 1801 1878 1840 κατὰ
1906 1800 2122 1852 γεωμετρίαν
2144 1797 2162 1822 ¹¹
2191 1798 2250 1838 καὶ
2278 1800 2390 1838 Οἶνο-

1351 1860 1491 1908 πίδης*
1478 1875 1496 1899 ο
1521 1862 1606 1905 Χῖος
1635 1860 1670 1911 [6
1696 1859 1753 1898 τὸν
1781 1875 1840 1898 του
1875 1859 2043 1910 μηνίσκου
2071 1857 2082 1881 ¹
2110 1872 2391 1910 τετραγωνισμον

1352 1918 1486 1990 εὑρών,
1502 1918 1564 1958 καὶ
1596 1918 1806 1990 Θεόδωρος,
1805 1920 1823 1956 6
1852 1916 2066 1970 Κυρηναῖος]
2094 1915 2201 1969 ὀλίγῳ
2229 1914 2392 1968 νεώτερος

1352 1979 1400 2017 ὢν
1426 1994 1486 2017 του
1506 1976 1756 2050 Ἀναξαγόρου,
1779 1992 1826 2015 ων
1850 1975 1911 2014 καὶ
1939 1975 2091 2015 Πλάτων
2113 1976 2147 2012 ἐν
2179 1979 2248 2019 τοῖς
2273 1972 2392 2014 Ἀντε-

1354 2041 1495 2089 ρασταῖς
1524 2036 1700 2095 ἔμνημόνε
1701 2050 1780 2072 υσεν
1807 2036 1852 2078 ὡς
1881 2033 1938 2073 ἐπὶ
1968 2035 2039 2077 τοῖς
2069 2031 2254 2084 μαθήμασι
2291 2030 2392 2079 δόξαν

1353 2094 1549 2134 λαὸόντων·
1585 2093 1636 2147 ἐφ’
1665 2096 1714 2137 οἱς
1739 2092 1976 2145 Ἱπποκράτης
2003 2090 2020 2114 ⁸
2046 2093 2065 2129 6
2090 2091 2176 2136 Χῖος
2203 2093 2222 2128 6
2248 2090 2308 2130 τὸν
2329 2094 2392 2130 τοῦ

1358 2153 1530 2204 μηνίσκου
1556 2151 1833 2205 τετραγωνισμὸν
1854 2149 1961 2203 εὓρων
1985 2149 2045 2189 καὶ
2070 2149 2253 2202 Θεόδωρος
2271 2152 2290 2189 6
2321 2151 2396 2189 Κυ-

1357 2212 1493 2266 ρηναῖος
1517 2212 1670 2263 ἐγένοντο
1689 2211 1768 2262 περὶ
1791 2209 2007 2263 γεωμετρίαν
2031 2211 2227 2262 ἕπιφανεις·
2256 2210 2393 2261 πρῶτος

1355 2272 1421 2325 γὰρ
1438 2274 1456 2310 6
1475 2270 1715 2325 Ἱπποκράτης
1735 2273 1802 2309 τῶν
1825 2268 2134 2321 μνημονευομένων
2153 2267 2214 2307 καὶ
2237 2269 2394 2320 στοιχεῖα

1356 2332 1565 2384 συνέγραψε.
1625 2329 1777 2370 Πλάτων
1795 2328 1828 2368 δὲ
1845 2329 1902 2368 ἐπὶ
1917 2328 2049 2372 τούτοις
2064 2327 2076 2350 ¹
2095 2326 2276 2378 γενόμενος
2293 2325 2391 2378 μεγί-

1357 2405 1442 2436 στην
1460 2389 1618 2436 ἐποίησεν
1633 2389 1784 2427 ἐπίδοσιν
1807 2388 1852 2427 τά
1868 2403 1905 2426 τε
1925 2387 2015 2426 ἄλλα
2036 2385 2230 2437 μαθήματα
2248 2384 2309 2424 καὶ
2329 2384 2392 2432 τὴν

1361 2448 1574 2499 γεωμετρίαν
1593 2447 1712 2486 λαὸεῒν
1730 2446 1786 2485 διὰ
1813 2446 1875 2493 τὴν
1896 2445 1975 2498 περὶ
1993 2444 2100 2492 αὐτὴν
2121 2450 2148 2467 ¹¹²
2168 2443 2337 2492 σπουδήν,
2358 2443 2395 2489 ὅς

1357 2523 1425 2545 που
1446 2511 1464 2529 ¹¹
1483 2506 1617 2553 δῆλός’
1602 2522 1675 2544 εστι
1693 2521 1752 2544 και
1766 2505 1808 2543 τὰ
1829 2506 2090 2557 συγγράμματα
2103 2506 2173 2548 τοῖς
2189 2507 2392 2554 μαθηματι-

1357 2565 1550 2617 κοῒςλόγοις
1560 2563 1836 2608 καταπυκνώσας
1849 2580 1906 2602 και
1919 2578 2100 2615 πανταχρυ
2113 2562 2181 2600 τῡὸ
2192 2561 2272 2616 περὶ
2289 2561 2396 2610 αὐτὴν
2443 2600 2448 2607 ,

1359 2618 1477 2674 θαῦμα
1495 2626 1564 2663 τῶν
1590 2623 1792 2679 φιλοσοφίας
1812 2621 2051 2675 ἀντεχομένων
2078 2622 2288 2683 ἐπεγείρων.
2335 2620 2397 2660 Ἐν

1360 2683 1396 2722 δὲ
1410 2683 1521 2736 τούτῳ
1540 2686 1589 2737 τῷ
1607 2683 1723 2736 χρόνω
1741 2682 1802 2721 και
1822 2682 2019 2732 Λεωδάμας
2038 2683 2056 2719 6
2074 2681 2206 2725 Θάσιος
2226 2684 2244 2709 Ρ
2265 2673 2307 2728 ἠν
2335 2678 2397 2719 καὶ

1360 2740 1528 2794 Ἀρχύτας
1561 2743 1579 2780 6
1610 2740 1822 2793 Ταραντῖνος
1856 2739 1916 2779 καὶ
1946 2738 2138 2786 Θεαίτητος
2166 2740 2184 2777 6
2210 2738 2398 2787 Ἀθηναῖος,

626 2887 924 2920 ΑΒΙΤΗΜΕΤΙΟΑ.

299 2989 349 3019 83.
373 2985 432 3018 His
455 2993 553 3028 porro
575 2984 718 3018 definitis
734 2985 877 3018 transire
893 2995 952 3018 nos
977 2987 1106 3028 oportet
1132 2987 1175 3020 ad
1190 2988 1298 3021 ratio-

258 3054 334 3080 nem
347 3045 389 3078 iis
411 3046 643 3086 congruentem
664 3044 861 3086 principium
877 3045 1036 3079 ducentes
1051 3047 1094 3079 ab
1111 3047 1226 3081 eadem
1243 3057 1296 3088 re,

259 3115 278 3138 a
291 3114 358 3147 qua
378 3105 411 3137 et
423 3103 621 3146 Pythagorei
634 3103 742 3136 exorsi
763 3105 858 3142 sunt,
877 3104 912 3136 id
933 3106 1000 3143 est,
1019 3114 1085 3147 qua
1110 3107 1184 3139 tum
1201 3116 1299 3150 pares

259 3171 414 3196 numeros
442 3161 530 3195 sonis
556 3161 677 3204 aequali
701 3163 779 3194 tono
804 3161 952 3203 praeditis
975 3163 1202 3204 attribuimus,
1228 3167 1300 3198 tum

259 3223 402 3266 impares
416 3222 504 3257 sonis
521 3222 676 3265 inaequali
701 3224 779 3256 tono
797 3222 951 3265 prolatis,
975 3224 1054 3266 quia
1076 3225 1142 3259 tale
1164 3226 1246 3268 quid
1267 3227 1302 3260 in

259 3282 302 3316 iis
314 3281 423 3317 elucet

645 3376 929 3409 GEOMETRIGA.

307 3476 358 3508 84.
380 3474 446 3508 sed
463 3474 619 3519 quoniam
645 3473 767 3508 artium
781 3482 821 3507 ac
835 3473 1080 3518 disciplinarum
1096 3474 1303 3518 *incunabula

1359 2885 1532 2928 praesentis
1545 2883 1703 2927 temporis
1717 2884 1868 2926 respectu
1893 2881 2127 2916 consideranda
2139 2883 2218 2915 sunt
2235 2891 2243 2914 :
2258 2881 2401 2915 dicimus

1360 2954 1379 2978 a
1403 2945 1518 2977 multis
1536 2943 1626 2977 tradi
1650 2942 1862 2985 geometriam
1877 2941 1966 2984 apud
1986 2940 2156 2983 AEgyptios
2179 2939 2324 2983 primum
2343 2939 2399 2974 in-

1361 3004 1494 3036 ventam
1524 3011 1612 3041 esse,
1646 3011 1751 3044 quum
1780 3010 1799 3033 a
1827 3000 1974 3033 locorum
2004 2999 2206 3032 dimensione
2237 2998 2398 3041 origInem

1360 3062 1527 3095 traxisset.
1544 3060 1736 3095 Necessaria
1752 3059 1839 3093 enim
1862 3058 1929 3092 illis
1953 3059 2026 3092 haec
2043 3060 2114 3091 erat
2132 3057 2303 3101 disciplina
2319 3065 2400 3100 pro-

1360 3123 1435 3164 pter
1452 3120 1564 3154 Nilum
1587 3121 1681 3152 tanto
1706 3127 1867 3162 aquarum
1884 3119 1985 3151 auctu
2007 3119 2224 3156 crescentem,
2240 3118 2281 3151 ut
2303 3123 2402 3158 agro-

1361 3189 1437 3213 rum
1471 3178 1730 3220 uniuscujusque
1772 3176 1930 3210 terminos
1963 3175 2115 3209 funditus
2146 3174 2252 3208 tollat.
2285 3175 2401 3216 Neque

1361 3238 1548 3271 mirandum
1567 3238 1637 3276 est,
1660 3246 1680 3269 a
1705 3235 1899 3270 necessitate
1922 3236 1991 3268 tam
2015 3235 2116 3276 huJ'us
2137 3233 2411 3277 quant-mera·-

1362 3308 1438 3331 rum
1463 3296 1689 3331 doctrinarum
1714 3295 1935 3328 inventionem
1956 3303 2027 3327 esse
2043 3295 2167 3332 ortam,
2187 3289 2401 3336 quandoqui-

1363 3358 1439 3391 dem
1453 3366 1507 3390 res
1522 3358 1643 3395 creatae
1653 3364 1765 3389 omnes
1783 3354 1826 3388 ab
1842 3354 1968 3396 exiguis
1986 3353 2089 3386 initiis
2106 3353 2149 3386 ad
2166 3350 2401 3396 perfectionem

1363 3418 1546 3451 transeunt.
1573 3418 1601 3449 A
1619 3423 1716 3450 sensu
1733 3414 1836 3457 igitur
1865 3414 1900 3447 in
1925 3415 2072 3447 mentem
2091 3415 2192 3457 atque
2219 3411 2263 3446 ab
2279 3410 2344 3444 hac
2365 3409 2401 3443 in

1363 3475 1567 3513 intellectum
1581 3485 1642 3519 par
1657 3476 1708 3510 est
1723 3474 1900 3509 transitum
1917 3473 2004 3508 fieri.
2027 3474 2073 3506 Ut
2089 3472 2191 3515 igitur
2203 3468 2292 3514 apud
2304 3469 2410 3504 Pho-¹
