2528 3788
295 245 372 282 192

293 330 438 380 aliquid
460 330 563 366 dicat
586 340 676 365 vesse
695 327 849 364 beatum
880 335 918 365 et
935 327 1174 377 immortale,
1196 342 1258 377 an,
1286 329 1318 367 si

293 389 386 438 quid
404 389 470 434 sit,
492 388 531 425 id
550 399 632 424 esse
652 386 905 436 immortale.)

343 461 371 485 4.
392 447 504 486 Πάλον
525 445 677 487 Μωσέως
695 443 854 495 γεννητὸν
874 438 961 484 εἶναι
981 444 1038 483 τὸν
1055 446 1183 496 κόσμον
1203 448 1320 499 ὁρισα-

291 506 411 555 μένου,
431 504 579 552 ποιητήν
597 520 633 542 τε
653 503 712 542 καὶ
738 504 943 555 δημιουργὸν
962 506 1030 547 τοῖς
1049 504 1140 548 ὅλοις
1166 505 1222 542 τὸν
1244 503 1318 542 θεὸν

290 564 536 610 ἐπιστήσαντος
549 594 559 611 ,
583 566 641 601 τοῦ
670 578 707 600 τε
728 563 915 605 Πλάτωνος
932 560 975 599 τὰ
995 562 1057 600 ἴσα
1077 565 1200 602 Μωσεῒ
1223 564 1319 615 φιλο-

289 626 487 674 σοφοῦντος·
510 622 572 668 τὴν
603 622 716 659 ἔναντι
708 620 760 659 ἀν
793 624 857 659 κάν
880 620 1013 665 τούτοις
1042 623 1060 658 ὃ
1087 620 1322 674 Ἀριστοτέλης

288 680 427 724 ὁδεύσας
447 680 679 732 ἀπελέγχεται
690 679 775 732 πρὸς
787 694 845 717 του
825 678 1063 726 ’“’δηλωθέντος
1075 679 1297 733 συγγραφέως
1309 710 1319 732 ,

287 741 354 776 ὡδε
373 739 458 790 πρὸς
482 742 577 792 ῥῆμα
597 738 801 791 γράφοντος.
830 740 972 790 Πρῶτον
1000 737 1041 785 δὴ
1066 739 1144 790 περὶ
1160 739 1322 790 γενέσεως

288 796 417 847 κόσμου
433 813 586 847 σκοπων,
602 797 715 835 καὶτὸ
730 799 791 843 τῆς
807 796 966 848 προνοίας
981 796 1020 834 τὸ
1038 796 1127 847 μέγα
1144 801 1243 836 τοῦτο
1261 796 1321 836 καὶ

288 856 505 908 πολυωφελὲς
525 856 637 908 δόγμα
653 857 767 894 πάντα
782 858 894 902 ζητεῖν
910 857 1096 905 ἀναγκαῖον
1113 854 1300 906 ἡγούμενος
1311 869 1320 878 ·

288 914 346 952 καὶ
363 914 604 966 λογισάμενος,
622 913 674 952 ὅτι
696 916 744 967 τῷ
760 912 807 964 μὴ
822 912 1009 965 γενομένῳ,
1024 913 1102 951 οὔτε
1116 913 1204 957 τινὸς
1221 928 1322 959 ποιη-

288 978 347 1012 τοῦ
361 973 438 1012 οὔτε
453 974 541 1018 τινὸς
555 972 742 1023 κηδεμόνος
754 972 838 1024 πρὸς
853 972 891 1011 τὸ
905 971 1063 1024 γενέσθαι
1077 974 1190 1015 καλῶς
1203 971 1320 1024 χρεία,

287 1030 343 1070 ἵνα
361 1032 412 1105 μὴ
435 1031 655 1084 ἀποστερήσῃ
685 1032 740 1070 τὸν
764 1034 893 1082 κόσμον
913 1034 974 1078 τῆς
997 1031 1179 1082 προνοίας,
1203 1031 1320 1083 ἀφεῖλε

289 1089 328 1128 τὸ
351 1091 535 1142 ἀγέννητον
564 1092 681 1129 αὐτοῦ.
707 1090 979 1142 Παραιτούμεθα
1004 1090 1039 1128 δὲ
1059 1093 1118 1127 νῦν
1140 1089 1225 1139 μὴ’
1210 1104 1322 1139 εμπο-

290 1148 357 1187 δὼν
386 1149 470 1199 ἡμῖν
491 1149 568 1193 τοὺς
587 1149 657 1187 ἀπὸ
685 1165 746 1197 της
773 1149 878 1195 αὐτῆς
899 1148 1012 1191 ἑστίας
1036 1141 1144 1196 εἶναι,
1166 1150 1214 1189 οἱς
1242 1146 1322 1198 ἀρέ-

289 1221 364 1244 σκει
383 1207 441 1245 καὶ
462 1207 553 1246 κατὰ
582 1206 757 1246 Πλάτωνα
781 1206 838 1244 τὸν
869 1206 998 1255 κόσμον
1020 1207 1202 1256 ἀγέννητον
1224 1208 1322 1245 εἶναι,

289 1265 428 1304 Δίκαιοι
456 1266 524 1318 γάρ
555 1268 639 1304 εἶσιν
674 1265 757 1314 ἡμῖν
789 1263 995 1314 συγγνώμην
1018 1263 1151 1313 νέμειν,
1185 1265 1214 1301 εἰ
1244 1278 1323 1314 περι

288 1340 355 1362 των
377 1324 566 1362 δοκούντων
588 1323 753 1363 Πλάτωνι
773 1321 978 1371 πιστεύομεν
999 1325 1048 1365 οἱς
1068 1321 1169 1365 αὐτὸς
1187 1320 1323 1393 ἽΞλλην

290 1380 338 1420 ὢν
360 1381 444 1434 πρὸς
459 1380 638 1428 υΕλληνας
668 1384 759 1431 ἡμᾶς
780 1385 883 1433 σαφεῖ
901 1395 937 1417 τε
958 1380 1018 1418 καὶ
1042 1383 1155 1433 τρανῷ
1175 1383 1224 1432 τῷ
1245 1381 1323 1419 στό-

290 1457 375 1491 ματι
391 1441 587 1480 διείλεκται.
612 1439 838 1490 Παραλαὸὼν
862 1439 944 1491 γάρ,
967 1439 1069 1493 φησίν
1085 1469 1096 1490 ,
1119 1442 1137 1477 ὃ
1163 1440 1235 1483 θεὸς
1255 1447 1323 1479 πᾶν

289 1499 367 1538 ὅσον
396 1494 438 1547 ἦν
469 1498 612 1551 ὁρατόν,
645 1501 709 1549 οὐχ
727 1498 876 1549 ἡσυχίαν
901 1497 1000 1548 ἄγον,
1038 1500 1253 1549 πλημμελῶς
1288 1499 1323 1536 δὲ

289 1558 348 1596 καὶ
382 1558 538 1601 ἀτάκτως
575 1557 798 1607 κινούμενον,
822 1559 868 1601 εἷς
904 1556 1000 1602 τάξιν
1034 1557 1163 1608 ἤγαγεν
1193 1560 1232 1596 ἐκ
1263 1561 1324 1605 τῆς

290 1615 453 1663 ἀταξίας,
476 1615 696 1668 ἡγησάμενος
721 1619 819 1653 τοῦτο
849 1614 979 1655 ἐκείνου
999 1616 1136 1660 πάντως
1167 1617 1319 1667 ἄμεινον.

288 1671 371 1714 Ἔτι
390 1675 425 1712 δὲ
443 1674 502 1713 καὶ
523 1675 655 1725 μᾶλλον
675 1674 727 1712 ὅτι
750 1674 799 1724 μὴ
826 1673 869 1712 δι’
891 1674 1104 1725 αἰνιγμάτων
1121 1705 1131 1722 ,
1163 1675 1245 1725 μηδ’
1267 1675 1323 1714 ἐπὶ

289 1737 347 1771 τοῦ
368 1737 495 1784 σαφοῦς
526 1748 589 1804 χρε
576 1732 628 1785 ίᾳ
648 1732 710 1779 τὴν
742 1732 873 1783 γένεσιν
908 1732 1140 1784 παρεδέξατο,
1158 1734 1255 1781 δηλοῖ
1281 1734 1323 1771 δι’

289 1794 337 1829 ων
356 1795 374 1830 ὁ
393 1791 508 1844 πατὴρ
528 1792 620 1842 αὐτῳ
639 1806 706 1829 των
729 1791 867 1830 πάντων
886 1792 1068 1830 διείλεκται
1087 1792 1167 1845 περὶ
1185 1793 1323 1845 τούτου,

292 1849 380 1900 μετὰ
406 1849 469 1897 την
501 1852 568 1887 τῶν
603 1830 692 1887 Ιόλων
723 1850 961 1903 δημιουργίαν.
1018 1850 1210 1898 Ἐπειδὴ“
1241 1852 1322 1911 γάρ,

292 1908 395 1960 φησί,
416 1909 619 1959 γεγένησθε
642 1907 757 1958 (λέγει
779 1908 814 1947 δὲ
835 1908 921 1960 πρὸς
942 1908 1019 1952 τους
1039 1908 1133 1953 θεούς
1147 1909 1183 1963 ,)
1203 1907 1326 1949 ἀθάνα-

291 1982 343 2004 τοι
365 1967 427 2015 μὲν
449 1969 511 2005 οὐκ
530 1966 629 2017 ἐστέ,
646 1969 714 2005 οὐδ’
731 1968 848 2006 ἄλυτοι
864 1984 904 2006 το
925 1968 1093 2019 πάμπαν,
1113 1967 1187 2006 ουτι
1200 1984 1237 2020 γε
1257 1969 1325 2018 μὴν

292 2025 478 2071 λυθήσεσθε
493 2057 502 2072 ,
529 2028 588 2072 τῆς
613 2027 698 2075 ἐμῆς
721 2027 917 2077 βουλήσεως
935 2026 1106 2078 τυχόντες.
1129 2025 1220 2065 Ἀλλ’
1241 2026 1326 2080 ὅπερ

293 2081 402 2137 ἔφην,
426 2083 510 2135 πρὸς
541 2082 602 2133 μὲν
633 2082 711 2127 τοὺς
739 2082 833 2122 ἔνδον
862 2086 947 2134 ἡμῖν
980 2084 1246 2135 φθεγγομένους,
1267 2085 1327 2124 ἅτε

293 2142 410 2195 φίλους
439 2142 560 2191 ὄντας,
585 2141 716 2193 ,φιλίως
741 2157 778 2180 τε
810 2142 871 2180 καὶ
902 2144 980 2192 μεθ’
1013 2143 1161 2194 ἡσυχίας
1181 2143 1325 2195 πραέσιν

333 2292 367 2322 4.
391 2289 550 2322 Mundum
576 2298 692 2322 rursus
719 2291 828 2321 Moses
857 2298 930 2320 cum
953 2290 1063 2320 ortum
1092 2289 1223 2330 statuit,
1256 2292 1324 2322 tum

296 2358 367 2389 ejus
384 2348 533 2390 opificem
549 2348 848 2388 aedificatoremque
867 2347 965 2380 deum
983 2347 1060 2380 huic
1077 2356 1187 2380 rerum
1206 2347 1331 2380 univer-

297 2407 385 2439 sitati
403 2407 548 2448 praefecit
567 2418 574 2438 ι
596 2416 660 2447 quo
683 2406 714 2438 in
734 2414 849 2446 genere
869 2406 952 2439 Mosi
968 2415 1098 2446 quoque
1116 2408 1331 2439 consentanea

298 2466 386 2497 Plato
404 2465 558 2506 disputat.
579 2465 779 2498 contrariam
798 2465 930 2506 utrique
951 2464 1141 2496 Aristoteles
1156 2464 1218 2497 hae
1235 2465 1331 2497 etiam

306 2524 337 2555 in
353 2524 534 2564 quaestione
557 2524 644 2557 viam
671 2525 855 2565 ingressus,
887 2523 928 2555 ab
954 2524 1065 2556 eodem
1089 2523 1197 2556 Attico
1218 2523 1264 2556 ita
1291 2523 1331 2556 ad

300 2583 432 2615 verbum
447 2583 608 2615 scribente
628 2583 800 2615 refutatur.
818 2581 1000 2623 Principio,
1022 2582 1127 2623 inquit
1142 2581 1196 2614 ille
1209 2606 1217 2622 ,
1231 2591 1332 2624 quum

298 2641 338 2673 de
356 2641 470 2672 mundi
490 2643 564 2673 ortu
581 2641 672 2673 Plato
692 2642 967 2673 commentaretur
984 2641 1082 2682 atque
1104 2640 1330 2679 meditaretur,

298 2699 450 2740 idemque
492 2708 645 2740 magnum
678 2699 759 2730 illud
804 2701 837 2731 et
879 2699 1084 2731 fructuosum
1119 2698 1334 2740 providentiae

299 2758 414 2798 dogma
432 2758 536 2790 cuivis
553 2757 723 2798 diligenter
745 2757 994 2790 examinandum
1009 2759 1162 2798 putaret,
1183 2766 1221 2789 ac
1237 2756 1333 2788 simul

299 2817 462 2855 censeret,
487 2816 573 2847 nullo
601 2817 676 2846 ortu
697 2817 885 2856 generatum
914 2824 1019 2856 neque
1044 2815 1199 2847 effectore
1231 2823 1334 2855 neque

299 2875 447 2905 curatore
465 2874 506 2904 ad
537 2873 616 2905 bene
637 2873 812 2905 vivendum
839 2882 931 2914 egere
950 2887 958 2906 :
979 2873 1151 2914 continuo,
1175 2881 1217 2906 ne
1237 2882 1334 2906 mun-

299 2932 378 2964 dum
404 2931 606 2972 providentia
626 2931 789 2972 privaret,
808 2941 974 2972 nunquam
1006 2941 1078 2964 esse
1098 2934 1207 2964 ortum
1235 2941 1333 2972 nega·

257 3014 259 3016 .
302 2991 359 3023 vit.
380 2990 442 3022 Hic
462 2999 541 3022 vero
560 2991 709 3023 homines
726 2990 862 3022 eandem
894 2992 1016 3022 sectam
1047 2990 1256 3031 profitentes,
1278 2991 1333 3032 qui

300 3049 456 3080 mundum
472 3049 568 3081 etiam
586 3049 628 3081 de
645 3049 789 3081 Platonis
808 3049 966 3081 sententia
984 3051 1092 3081 ortum
1109 3058 1179 3081 esse
1195 3051 1313 3091 negant
1327 3073 1335 3089 ,

301 3114 449 3147 rogamus
462 3132 469 3145 ‚
486 3115 526 3138 ne
548 3106 641 3138 nobis
658 3106 888 3147 impedimento
910 3106 982 3139 sint.
1000 3108 1139 3148 AEquum
1158 3107 1243 3139 enim
1263 3115 1335 3148 pro-

303 3165 387 3197 fecto
413 3166 464 3197 est
484 3165 569 3198 hane
593 3173 650 3198 eos
674 3165 768 3197 nobis
794 3165 923 3197 veniam
943 3164 1038 3203 dare,
1063 3165 1091 3196 si
1114 3167 1272 3206 quantum
1294 3165 1334 3197 ad

303 3223 445 3255 Platonis
456 3223 637 3256 doctrinam
652 3222 692 3255 iis
706 3223 786 3264 ipsis
802 3223 898 3255 fidem
910 3222 1125 3263 adjungamus
1136 3249 1143 3263 ‚
1156 3233 1231 3264 quae
1246 3224 1334 3256 clara

303 3280 336 3311 et
358 3279 526 3320 splendida
543 3288 624 3311 voce
648 3279 734 3320 apud
759 3287 836 3318 nos,
856 3278 917 3310 hoc
934 3279 984 3310 est
1004 3280 1135 3310 Graecos
1159 3278 1308 3313 homines
1326 3304 1334 3320 ,

304 3339 440 3369 Graecus
473 3337 571 3369 homo
600 3337 791 3378 disputavit.
819 3338 927 3374 Quum
966 3336 1069 3375 enim,
1096 3336 1221 3378 inquit,
1254 3337 1336 3369 deus

305 3396 463 3437 quidquid
477 3398 546 3429 erat
559 3395 753 3438 aspectabile
772 3394 1023 3435 assumpsisset,
1043 3394 1074 3426 id
1088 3404 1151 3426 non
1172 3396 1334 3436 tranquil-

306 3454 375 3487 lum
395 3457 429 3488 et
442 3455 608 3497 quietum,
629 3454 686 3487 sed
703 3453 915 3487 immoderate
934 3455 1031 3494 atque
1057 3452 1215 3494 indigeste
1231 3453 1336 3495 agita-

945 239 1108 280 ATTICI
1141 241 1411 281 PLATONlCI
1428 241 1751 280 PHILOSOPHI

1381 327 1533 380 ἐλέγχοις
1567 328 1822 381 διακριθείημεν
1852 326 1905 366 ἄν.
1937 326 2056 367 Ἑοικε
2083 326 2150 380 γὰρ
2181 326 2241 366 καὶ
2271 326 2408 373 τούτους
2482 317 2486 322 ⁴

1379 385 1614 435 Ἀριστοτέλης
1637 387 1857 438 μεταθεῖναι,
1878 389 1920 438 τῇ
1943 385 2006 436 μὲν
2027 386 2217 439 κατηγορία
2236 389 2295 426 τοῦ
2323 386 2407 438 δόγ-

1380 461 1485 494 ματος
1514 447 1687 498 ἀντισχεῖν
1711 444 2011 493 ἀδυνατήσαντας,
2039 460 2079 484 το
2099 445 2134 483 δὲ
2158 446 2290 484 ἁλῶναι
2309 445 2408 492 δόξαν

1379 507 1424 549 ὡς
1447 506 1488 556 ψε
1476 505 1568 560 εῦδος
1587 505 1626 543 οὗ
1649 504 1878 554 βουληθέντας
1899 505 2076 543 ἀναθεῖναι
2099 503 2278 544 Πλάτωνι.
2309 503 2409 544 Κατὰ

1380 562 1415 601 δὲ
1430 563 1494 610 τὴν
1512 563 1680 614 ἡμετέραν
1695 561 1803 609 ἀκοὴν
1810 561 1991 635 ’,ἀξιοῦντος
2007 562 2196 606 Πλάτωνος
2207 562 2264 602 τὸν
2279 557 2410 614 κόσμον

1379 621 1553 674 γεγονέναι
1588 621 1773 660 κάλλιστον
1806 619 1938 673 ἔργων,
1963 622 2030 659 ὑπὸ
2049 624 2110 660 τοῦ
2129 619 2314 661 καλλίστω
2342 636 2410 661 των

1381 680 1620 732 δημιουργῶν,
1652 679 1712 718 καὶ
1746 679 1941 732 περιθέντος
1970 682 2020 732 τῷ
2041 683 2101 718 τοῦ
2137 679 2265 725 παντὸς
2283 681 2412 732 ποιητῇ

1381 739 1525 789 δύναμιν
1538 769 1549 789 ,
1567 739 1609 778 δι’
1622 732 1663 786 ἧς
1681 741 1742 777 οὐκ
1755 741 1836 778 ὄντα
1851 739 2014 791 πρότερον
2031 738 2173 786 ἐποίησε
2191 739 2248 776 τὸν
2265 737 2411 788 κόσμον,

1380 798 1441 837 καὶ
1463 798 1632 848 ποιήσας,
1654 799 1700 842 εἷς
1720 798 1772 837 ἀεὶ
1796 797 2003 850 βουλόμενός
2019 813 2058 850 γε
2078 800 2167 836 σῶον
2194 794 2413 851 διαφυλάξει·

1381 857 1442 896 καὶ
1460 857 1569 910 ταύτῃ
1590 858 1630 904 δὴ
1651 862 1812 909 γεννητοῦ
1828 858 1887 896 καὶ
1907 858 2081 911 ἀφθάρτου
2100 858 2178 896 κατ’
2199 855 2302 895 αὐτὸν
2321 857 2413 895 ὓπο-

1380 914 1540 966 κειμένου
1572 919 1632 954 τοῦ
1658 915 1813 966 κόσμου,
1845 915 1896 960 τίς
1921 919 2005 967 ἡμῖν
2033 918 2102 955 τῶν
2133 913 2414 968 περιπατητικῶν

1381 978 1491 1012 ταῦτα
1527 973 1688 1026 βεὸαιοῖ;
1709 976 1760 1013 δεῖ
1781 974 1817 1013 δὲ
1837 974 2156 1027 παραμυθήσασθαι
2182 973 2240 1012 τὸν
2259 987 2415 1024 συναγω-

1381 1034 1498 1079 νιστὴν
1516 1033 1664 1080 τούτων,
1687 1033 1740 1071 ὅτι
1760 1034 1798 1071 οὐ
1817 1033 1955 1078 πάντως
1966 1064 1977 1081 ,
2000 1032 2032 1071 εἴ
2050 1033 2083 1071 τι
2101 1032 2236 1084 γέγονεν
2248 1061 2260 1082 ,
2277 1030 2414 1082 ἀνάγκη

1381 1094 1483 1130 τοῦτο
1506 1094 1697 1143 φθαρῆναι·
1727 1091 1832 1130 πάλιν
1862 1092 1891 1129 δ’
1912 1090 1983 1130 οὐδ’
2000 1092 2031 1130 εἴ
2055 1106 2088 1129 τι
2110 1090 2159 1141 μὴ
2180 1088 2415 1143 φθαρήσεται,

1381 1152 1483 1187 τοῦτο
1499 1150 1699 1218 Νάναγκαῖον
1723 1148 1926 1222 ἀγέννητον
1931 1143 2031 1189 εἶναι.
2051 1147 2145 1189 Οὔτε
2161 1149 2229 1201 γὰρ
2249 1147 2331 1198 μίαν
2351 1147 2415 1186 αἷ-

1382 1206 1456 1244 τίαν
1476 1209 1524 1244 τῶ
1549 1207 1713 1261 ἀφθάρτῳ
1731 1207 1825 1255 τὴν’
1811 1223 1850 1245 εκ
1868 1211 1927 1245 τοῦ
1948 1207 2134 1259 ἀγεννήτου
2155 1203 2414 1259 συγχωρητέον,

1382 1263 1459 1304 οὔτε
1480 1267 1528 1317 τῶ
1547 1279 1670 1316 γενομε
1656 1282 1720 1318 -νῳ
1740 1265 1802 1312 τὴν
1825 1267 1871 1309 εἷς
1891 1265 2029 1340 ὄλεθρον
2049 1264 2247 1316 μεταὸολὴν
2262 1255 2417 1316 ἀόοῆθη-

1380 1336 1439 1361 τον
1470 1323 1734 1364 καταλειπτέον.
1765 1324 1874 1363 Πόθεν
1903 1318 1961 1362 ουν
1991 1325 2031 1362 ἐκ
2061 1326 2128 1362 τῶν
2161 1319 2414 1375 Ἀριστοτέλους

1382 1380 1548 1431 λάὸοιμεν
1567 1381 1608 1419 ἂν
1634 1382 1792 1433 βοήθειαν
1814 1384 1861 1426 εἰς
1877 1385 2003 1432 ταῦτα,
2022 1381 2142 1434 ἀνδρὸς
2157 1384 2195 1420 οὗ
2212 1379 2413 1428 τηνάλλως)

1383 1439 1460 1478 οὐδὲ
1482 1440 1559 1478 καθ’
1579 1440 1682 1479 αὑτὸν
1704 1440 1922 1493 περαίνοντος
1942 1439 1959 1464 b
1975 1440 2032 1479 τὸν
2053 1439 2133 1493 περὶ
2148 1438 2279 1480 τούτων
2298 1436 2416 1491 λόγον,

1384 1503 1461 1540 ἀλλ’
1488 1505 1520 1547 ἐξ
1543 1505 1643 1556 ὀρθοῦ
1675 1503 1758 1557 πρὸς
1786 1504 1961 1544 Πλάτωνα
1991 1501 2272 1554 ἐναντιουμένου,
2295 1500 2356 1541 καὶ
2373 1499 2414 1540 τό

1381 1576 1420 1600 τε
1439 1561 1618 1614 γενόμενον
1633 1564 1679 1608 εἷς
1696 1562 1850 1614 ἀνάγκην
1869 1567 1929 1601 τοῦ
1950 1561 2141 1602 ἀπολέσθαι
2158 1560 2412 1614 περιιστάντος,

1383 1620 1423 1659 τό
1441 1636 1478 1660 τε
1503 1621 1552 1672 μὴ
1576 1621 1848 1671 ἀπολλύμενον’
1836 1637 1876 1660 εκ
1898 1621 2001 1673 μόνου
2025 1625 2086 1660 τοῦ
2107 1619 2156 1671 μὴ
2183 1620 2340 1670 γενέσθαι
2358 1619 2417 1658 λε’-

1383 1692 1501 1729 γοντος
1526 1679 1754 1732 κρατύνεσθαι
1774 1679 1962 1733 ἄφθαρτον,
1985 1684 1999 1703 ⁰
2026 1682 2065 1718 οὐ
2095 1678 2163 1728 μὴν
2193 1681 2239 1722 ὡς
2269 1677 2417 1725 δύναμιν

1385 1738 1629 1783 ἀπολείποντος
1652 1740 1755 1778 αὐτοῦ
1780 1739 1859 1791 περὶ
1885 1738 1942 1777 τὸν
1961 1737 2058 1787 θεόν,
2080 1731 2105 1790 ᾗ
2131 1735 2310 1790 χρώμενος
2330 1737 2417 1788 ἀγα-

1385 1795 1441 1835 θὸν
1468 1796 1509 1835 ἄν
1540 1811 1574 1836 τι
1607 1797 1769 1846 ποιήσαις
1796 1796 1846 1837 ‘⁵0
1869 1797 1936 1870 γὰρ
1956 1795 2054 1835 οὔπω
2083 1795 2250 1848 πρότερον
2274 1794 2414 1846 γέγονε,

1386 1859 1507 1903 τοῦτο,
1531 1855 1656 1908 φησίν,
1686 1857 1756 1894 οὐδ’
1778 1854 1819 1893 ἂν
1847 1854 1993 1907 γένοιτο.
2029 1852 2203 1894 Τοσοῦτόν
2231 1869 2269 1892 τε
2297 1852 2419 1892 dorosa

1386 1915 1445 1950 τοῦ
1472 1911 1528 1951 διὰ
1560 1912 1689 1951 τούτων
1722 1915 1856 1965 βοηθεῖν
1881 1915 1931 1964 τῶ
1961 1913 2150 1956 Πλάτωνος
2175 1910 2290 1965 λόγῳ,
2325 1908 2418 1949 ὥστε

1386 1970 1455 2018 ἤδη
1472 1971 1569 2015 τινὰς
1596 1971 1655 2010 καὶ
1675 1973 1744 2010 τῶν
1763 1971 1843 2022 περὶ
1863 1972 2040 2011 Πλάτωνα
2060 1969 2325 2020 ἐσπουδακότων
2352 1983 2421 2021 φυ-

1388 2028 1520 2078 efisae,
1546 2023 1595 2072 οἷς
1622 2022 1732 2074 εἶπεν,
1765 2028 1940 2075 ἀπέστησε
1962 2032 2021 2067 τοῦ
2043 2027 2230 2079 δόγματος·
2252 2028 2292 2067 οὖ
2314 2028 2418 2074 δυνη-

1388 2086 1507 2131 θέντας
1533 2087 1700 2136 συνιδεῖν,
1719 2087 1772 2125 8τι
1790 2086 1882 2126 κατὰ
1912 2087 1975 2139 μὲν
2004 2086 2067 2134 τὴν
2087 2087 2199 2125 αὖτῶν
2220 2084 2320 2139 φύσιν
2347 2086 2418 2124 τῶν

1388 2144 1604 2197 πραγμάτων
1616 2174 1626 2194 ,
1645 2145 1706 2185 ἐάν
1727 2161 1778 2189 τις
1797 2143 1814 2169 ‘¹
1834 2146 1914 2185 ἄνευ
1933 2149 2008 2184 θεοῦ
2025 2143 2223 2198 βουλήσεως
2239 2143 2299 2196 καὶ
2316 2143 2354 2182 δυ
2363 2141 2420 2182 eot-

1391 2294 1463 2324 tum
1482 2301 1523 2325 ex
1541 2292 1723 2326 inordinato
1738 2294 1771 2326 in
1786 2293 1930 2330 ordinem
1949 2293 2105 2333 adduxit,
2121 2293 2247 2326 statum
2263 2291 2353 2325 hunc
2366 2299 2421 2323 τεν

1393 2352 1445 2383 tus
1467 2349 1584 2392 utique
1608 2351 1712 2385 altero
1733 2351 1790 2384 illo
1816 2351 1983 2385 meliorem
2000 2352 2158 2384 futurum.
2181 2347 2366 2392 caeteroqui
2385 2356 2422 2381 se

1392 2419 1456 2442 non
1477 2411 1535 2443 aut
1563 2411 1744 2453 aenigmatis
1767 2410 1873 2452 specie
1897 2413 1955 2444 aut
1984 2409 2186 2444 illustrandae
2218 2410 2346 2442 tantum
2374 2406 2422 2440 rei

1393 2469 1495 2511 gratia
1517 2470 1604 2502 hunc
1622 2470 1736 2503 mundi
1755 2471 1864 2502 ortum
1883 2469 1964 2511 prob
1972 2478 2038 2502 isse
2050 2492 2060 2512 ,
2075 2468 2218 2501 declarat
2234 2466 2331 2500 etiam
2346 2475 2418 2499 ma-

1391 2526 1439 2567 gis
1456 2525 1518 2558 illis
1533 2525 1663 2566 verbis,
1682 2526 1802 2568 quibus
1818 2533 1937 2565 rerum,
1961 2526 2125 2564 ut-vocat,
2142 2524 2310 2566 parentem
2328 2522 2370 2556 de
2383 2530 2423 2555 ea

1391 2594 1490 2618 causa
1505 2587 1580 2627 post
1598 2587 1739 2619 creatam
1753 2594 1863 2619 rerum
1880 2584 2127 2617 universitatem
2143 2592 2241 2617 usum
2258 2590 2330 2616 esse
2347 2580 2424 2615 scri·

1394 2643 1450 2677 bit.
1474 2644 1633 2676 Nimirum
1655 2644 1823 2686 quoniam,
1840 2643 1962 2684 inquit,
1991 2642 2055 2675 orti
2076 2641 2156 2675 estis
2177 2641 2281 2684 (deos
2309 2641 2418 2673 autem

1393 2702 1568 2744 alloquitur
1583 2702 1610 2743 ),
1630 2702 1830 2735 immortales
1843 2710 1903 2734 vos
1921 2700 2053 2742 quidem
2068 2708 2140 2733 esse
2157 2702 2191 2732 et
2209 2699 2303 2741 plane
2317 2697 2419 2731 indis-

1392 2756 1546 2789 solubiles
1563 2764 1626 2788 non
1647 2755 1809 2796 potestis,
1837 2753 2029 2795 neutiquam
2050 2754 2160 2785 tamen
2184 2750 2422 2790 dissolvemini,

1393 2812 1481 2854 quod
1497 2820 1578 2844 meae
1594 2810 1774 2843 voluntatis
1791 2808 1921 2841 vinculo
1936 2806 2078 2849 colligati
2091 2806 2188 2839 estis.
2210 2806 2334 2837 verum
2345 2828 2355 2844 ,
2376 2802 2425 2835 uti

1390 2872 1459 2912 jam
1478 2870 1563 2910 dixi,
1583 2878 1657 2902 cum
1681 2868 1720 2901 iis
1739 2867 1796 2909 qui
1825 2875 1886 2899 nos
1902 2866 1990 2898 intus
2026 2864 2180 2905 domique
2205 2864 2326 2896 nostrae
2342 2860 2426 2894 allo-

1394 2929 1550 2971 quuntur,
1576 2929 1730 2968 tanquam
1743 2934 1818 2958 cum
1833 2924 1962 2964 amicis,
1980 2923 2082 2956 amice
2097 2930 2229 2963 quoque
2244 2922 2276 2953 et
2299 2918 2426 2962 placide

1395 2985 1648 3020 controversiam
1668 2985 1750 3016 lianc
1765 2982 1949 3016 mitioribus
1974 2980 2173 3022 argumentis
2190 2979 2368 3020 transigere
2389 2975 2427 3008 li-

1395 3047 1478 3078 ceat.
1494 3046 1576 3077 Nam
1588 3044 1648 3076 hos
1664 3042 1760 3076 etiam
1778 3039 1966 3088 Aristoteles
1981 3039 2023 3071 ad
2040 3047 2134 3071 suam
2147 3036 2342 3070 sententiam
2356 3035 2424 3078 ἰωῇ

1394 3104 1527 3136 duxisse
1551 3102 1693 3143 videtur,
1714 3100 1774 3142 qui
1791 3108 1851 3132 nec
1876 3097 2038 3139 dogmatis
2065 3096 2165 3138 hujus
2184 3091 2426 3139 reprehensioni

1394 3170 1575 3203 repugnare
1590 3161 1738 3202 possent,
1749 3166 1853 3199 neque
1872 3156 1973 3189 ullam
1986 3157 2096 3187 tamen
2111 3152 2294 3196 opinionem
2304 3177 2312 3192 ,
2328 3158 2428 3192 quam

1394 3220 1455 3262 ipsi
1481 3222 1516 3252 ut
1547 3219 1660 3251 falsam
1687 3215 1921 3253 convellerent,
1960 3212 2086 3245 Platoni
2108 3211 2262 3244 tribuisse
2279 3207 2428 3242 convinci

1396 3278 1527 3311 vellent.
1547 3279 1638 3310 Nunc
1653 3283 1733 3308 vero
1744 3299 1752 3315 ,
1766 3282 1869 3315 quum
1883 3272 1997 3311 Plato,
2015 3270 2065 3303 uti
2080 3270 2201 3303 nostris
2218 3267 2279 3311 ipsi
2294 3266 2427 3300 auribus

1396 3335 1565 3369 docentem
1583 3334 1769 3368 audivimus
1784 3333 1818 3365 et
1844 3329 2003 3364 mundum
2022 3337 2158 3370 operum
2178 3327 2324 3360 omnium
2348 3324 2425 3366 pul·

1394 3394 1595 3427 cherrimum
1608 3403 1625 3425 a
1642 3390 1913 3434 praestantissimo
1929 3387 2045 3430 opifice
2061 3387 2184 3419 facturn
2199 3383 2359 3417 existimet
2370 3406 2379 3421 ,
2395 3382 2429 3415 et

1397 3462 1469 3487 eam
1492 3450 1716 3486 universitatis
1733 3447 1874 3484 molitori
1893 3447 1961 3481 vim
1986 3453 2024 3479 ac
2039 3445 2236 3488 potestatem
2258 3441 2403 3483 assignet
