2508 3776
637 217 942 259 ETHICORUM
972 215 1428 258 NICOMACHEORUM
1458 213 1838 255 PARAPHRASIS.

50 319 62 341 f
87 338 91 344 .
144 300 200 359 ἢν
213 305 361 355 ’λ’ᾱὸεῗν,
391 305 510 345 καὶέν
538 307 752 357 κινδύνοις,“
784 307 845 347 καὶ
874 307 1011 362 χρείαις
1039 306 1209 347 κινδύνων

142 365 258 422 Inde
274 378 287 391 ⁸
317 365 597 419 ἀμφισὸητεῖται
617 367 658 415 δή
677 398 688 417 ,
708 367 855 421 πότερον
873 366 890 391 b
911 369 962 407 δεῖ
988 368 1126 421 μετρεῖν
1147 367 1210 416 τὴν

154 425 307 480 ἄμοιὸἡν
328 428 372 479 τῇ
405 430 467 466 τοῦ
488 429 657 473 παθόντος
678 422 716 467 εῧ
741 427 917 482 ὠφελείᾳ,
936 427 960 476 ἢ
983 430 1026 481 τῇ
1046 431 1106 466 τοῦ
1128 427 1210 481 δρά-

147 500 277 533 σαντος
294 486 490 540 εὐεργεσίᾳ.
515 486 624 528 Ἔστι
645 487 682 527 δὲ
703 490 769 542 οὐχ
789 487 917 539 ὁμοίως
938 487 992 527 ἐπὶ
1019 487 1136 536 πάσης
1156 503 1210 542 φι-

147 546 254 592 Δὶίιις·
284 547 363 586 ἀλλ’
386 547 445 586 ἐπὶ
471 548 534 599 μὲν
563 551 626 595 τῆς
660 548 719 587 διὰ
757 548 797 587 τὸ
822 548 1000 600 χρήσιμον
1037 548 1155 601 φιλίας
1188 550 1209 595 ἡ

152 605 285 659 demea
307 606 522 659 ἂναλογήσει
553 609 599 660 τῇ
632 611 694 646 τοῦ
722 599 760 645 εῧ
785 606 955 651 παθόντος
988 607 1163 659 ὠφελείᾳ,
1187 606 1209 655 ἢ

149 664 213 706 καὶ
233 665 429 720 ὑπερὸαλεῖ
458 666 589 718 ταύτην
606 680 616 690 ·
650 665 743 705 οὕτω
771 665 839 719 γὰρ
860 666 1019 706 κάλλιον.
1045 666 1120 707 Καὶ
1141 667 1208 722 γὰρ

150 719 248 779 οὗτός
266 726 360 766 ἔστιν
380 727 399 764 ὁ
417 724 598 777 δεόμενος,
613 724 674 764 καὶ
695 727 844 778 ἐπαρκεῖ
862 726 958 778 αὐτῷ
970 755 981 774 ,
1002 727 1048 769 ὡς
1068 728 1208 776 κομιού-

135 791 254 839 1μενος
285 784 347 834 τὴν
381 784 462 834 ’ίό-ην
481 801 491 812 ·
523 784 679 834 τοσαύτη
712 778 772 824 οὗν
804 783 990 836 γεγένηται
1021 785 1207 837 ἐπικουρία

130 843 230 893 >,ὅσον
249 844 438 900 ὠφελήθη,
458 844 482 892 ἢ
517 845 578 884 καὶ
611 843 716 884 πλέον
737 856 746 866 ·
782 842 869 887 ὅλως
903 843 940 882 δὲ
972 846 1017 895 τῇ
1055 844 1207 897 ὠφελείᾳ

128 906 275 946 ,ίαυτοῧ
295 907 436 959 μετρεῖν
461 904 556 951 ἄξιον
586 903 650 952 τὴν
687 903 864 956 ἀμοιὸήν,
895 903 949 943 ὅτι
988 903 1045 943 διὰ
1074 903 1207 951 ταύτην

136 964 249 1020 φίλος
266 963 377 1006 ἐστίν.
395 963 480 1004 Ἐπὶ
494 964 531 1004 δὲ
543 967 606 1012 τῆς
627 963 670 1003 δι’
687 963 816 1017 ἀρετὴν
841 962 958 1017 φιλίας
977 965 1057 1002 οὔτε
1079 962 1205 1012 ἐγκλή-

148 1024 249 1078 ματά
277 1025 386 1074 εἰσιν,
412 1022 533 1076 ὥσπερ
550 1022 609 1063 ἐπὶ
629 1022 759 1072 ταύτης
772 1052 782 1070 ,
803 1021 969 1076 ἑκατέρου
992 1021 1205 1075 βουλομένου

147 1081 212 1129 τὰς
241 1082 442 1137 εὗεργεσίας
461 1081 576 1123 ἕλκειν
603 1082 661 1121 ἐπὶ
687 1083 726 1122 τὸ
746 1082 924 1136 ὠφέλιμον
957 1083 1093 1135 ἑαυτῷ,
1126 1079 1204 1120 οὔτε

146 1146 193 1198 τῇ
209 1143 363 1199 ὣφελείᾳ
381 1145 453 1183 τῶν
468 1137 507 1182 εῧ
523 1141 734 1196 πασχόντων
757 1144 792 1182 αἱ
809 1141 956 1193 ἀμοιὸαὶ
978 1145 1200 1195 μετροῦνται,

149 1203 242 1244 ἀλλὰ
268 1206 313 1257 τῇ
340 1202 544 1257 προαιρέσει
573 1205 642 1241 τῶν
664 1195 702 1241 εῧ
728 1202 920 1242 ποιούντων
947 1214 956 1224 ·
987 1205 1050 1250 τῆς
1080 1204 1206 1256 ἀρετῆς

145 1262 217 1318 γὰρ
246 1262 385 1303 καὶτοῦ
404 1263 509 1312 ἤθους
542 1263 578 1302 ἐν
603 1265 647 1317 τῇ
667 1262 870 1317 προαιρέσει
899 1263 940 1303 τὸ
966 1261 1107 1317 κύριον·
1129 1265 1205 1307 ἐπεὶ

143 1321 263 1362 τοίνυν
297 1324 355 1364 διὰ
387 1323 452 1372 τὴν
487 1322 617 1378 ἀρετὴν
657 1323 830 1372 ἀλλήλους
868 1325 1008 1377 φιλοῦσι
1043 1323 1104 1363 καὶ
1140 1322 1202 1369 τὰς

45 1361 67 1431 ³]
127 1383 302 1436 ·ἶᾶμοιὸὶς
321 1387 364 1439 τῇ
381 1379 586 1438 προαιρέσει
619 1385 851 1438 μετρήσουσι,
875 1384 933 1423 διὰ
953 1387 1054 1424 τοῦτο
1073 1383 1205 1428 παντὸς

125 1441 370 1496 ’ἐγκλήματος
388 1442 530 1497 καθαρά
551 1445 647 1483 ἐστιν
662 1446 685 1492 ἡ
706 1443 853 1493 τοιαύτη
875 1443 976 1499 φιλία
996 1458 1005 1468 ·
1028 1446 1064 1484 αἱ
1087 1444 1122 1484 δὲ
1146 1446 1205 1485 ἅλ-

144 1501 207 1541 λαι
226 1501 282 1542 ἀεὶ
301 1503 338 1542 ἐν
359 1501 582 1557 ἕγκλήμασίν
611 1503 712 1544 εἶσιν.

159 1587 165 1591 -
205 1561 222 1579 *
235 1559 311 1602 Οἴα
326 1562 406 1602 ἐστὶ
426 1561 488 1602 καὶ
503 1564 527 1610 ἡ
549 1561 628 1602 καθ’
647 1562 838 1616 ὑπεροχήν,
859 1562 943 1602 ὅταν
956 1566 975 1604 ὃ
997 1565 1125 1616 μείζων
1145 1564 1204 1604 τὸν

145 1621 282 1662 ἐλάττω
299 1623 408 1677 φιλῇ,
430 1620 455 1670 ἢ
488 1621 757 1676 ὠφελιμώτερος
784 1622 843 1662 τὸν
865 1617 970 1671 ἧττον
989 1624 1168 1678 ὠφέλιμον
1192 1638 1200 1647 ·

145 1680 237 1728 ἀξιοῖ
265 1681 335 1735 γὰρ
353 1685 374 1722 δ
403 1680 589 1735 ὑπερέχων
614 1681 720 1721 πλέον
741 1681 857 1735 ἔχειν·
886 1685 904 1722 ὃ
939 1682 1025 1734 μέν,
1050 1684 1104 1723 ὅτι
1125 1687 1205 1738 βελ-

118 1742 255 1792 ’τίωῃ
293 1744 314 1782 ὁ
346 1741 406 1791 δέ,
430 1741 486 1782 ὅτι
516 1740 800 1796 ὠφελιμώτερός,
841 1743 886 1783 Εἰ
917 1742 988 1797 γὰρ
1019 1743 1202 1798 ἑκάτερος,

115 1827 117 1830 <
143 1801 232 1858 φησί
246 1833 257 1852 ,
279 1805 350 1842 τῶν
367 1802 479 1857 φίλων
501 1801 595 1842 κατὰ
607 1802 672 1850 τὴν
691 1802 837 1854 δύναμιν
859 1803 1068 1855 εἰσενέγκοι,
1090 1804 1149 1842 καὶ
1167 1805 1204 1842 οὐ

142 1863 224 1902 κατ’
244 1861 344 1908 ἀξίαν
364 1863 533 1916 λήψεται,
564 1861 765 1916 λειτουργία
800 1878 850 1907 τις
886 1862 988 1902 ἔσται
1022 1866 1045 1911 ἡ
1083 1863 1204 1918 φιλία·

145 1921 204 1962 διὰ
221 1920 325 1962 τοῦτό
341 1937 428 1976 φασι
447 1923 520 1971 δεῖν
540 1923 605 1975 οὐχ
624 1922 753 1972 ὁμοίων
775 1922 963 1975 τυγχάνειν
986 1925 1055 1962 τῶν
1080 1925 1119 1963 ἐκ
1138 1927 1202 1972 τῆς

128 1980 288 2036 φιλίας,
312 1980 408 2021 ἀλλὰ
423 1981 592 2033 μειζόνων
605 1995 612 2003 ·
637 1980 769 2026 ἀξιοῦσι
788 1982 869 2035 γάρ,
887 1982 1048 2036 καθάπερ
1073 1984 1106 2022 οἱ
1125 1983 1204 2022 κατ’

111 2058 114 2068 ·
144 2041 320 2095 ἐμπορίαν
354 2041 641 2096 συνεισφέροντες
659 2041 831 2095 χρήματα
846 2071 856 2090 ,
881 2044 912 2082 οἱ
938 2043 1068 2090 πλέον,
1097 2044 1202 2083 πλέον

128 2098 310 2152 *lxmam
333 2099 426 2140 οὕτω
453 2099 515 2140 καὶ
535 2100 591 2140 ἐπὶ
624 2104 686 2149 τῆς
718 2101 835 2153 φιλίας
855 2100 948 2154 ἔχειν
964 2115 972 2124 ·
995 2101 1057 2141 καὶ
1089 2106 1203 2141 ταῦτα

144 2157 208 2209 μὲν
228 2161 260 2198 οἱ
279 2159 508 2213 ὑπερέχοντες
523 2176 531 2184 ·
549 2161 581 2199 οἱ
602 2160 639 2200 δὲ
660 2160 912 2213 ὑπερεχόμενοι
930 2162 967 2199 οὗ
987 2161 1101 2201 ταῦτά
1116 2177 1202 2215 φασι

99 2229 110 2242 ‘
143 2218 334 2272 προσήκειν
354 2225 426 2264 τοῖς
445 2219 659 2273 ὑπερέχουσι
679 2220 812 2274 φίλοις,
835 2219 927 2258 ἀλλὰ
950 2219 988 2258 τὸ
1009 2219 1199 2260 ἀνάπαλιν·

79 2274 87 2280 ’
143 2278 246 2332 φίλου
264 2277 333 2332 γὰρ
354 2280 487 2331 ἀγαθοῦ
509 2272 600 2318 εἶναι
629 2279 670 2319 τὸ
701 2281 867 2332 ἐπαρκεῖν
901 2285 970 2324 τοῖς
989 2279 1120 2320 ἔνδεέσι
1137 2292 1146 2302 ⁸
1169 2281 1202 2319 τί

143 2336 213 2392 γάρ
227 2367 240 2387 ‚
259 2337 387 2392 φασίν,
410 2338 535 2392 ὄφελος
558 2339 764 2392 σπουδαίῳ,
793 2338 816 2386 ἢ
845 2339 998 2391 δυνάστῃ
1021 2340 1120 2393 φίλον
1150 2333 1202 2378 εἶ-

143 2411 223 2446 ναι,
254 2397 366 2449 μηδέν
401 2414 442 2451 γε
469 2399 644 2449 μέλλοντα
676 2398 870 2438 ἀπολαὸεῑν
906 2402 975 2438 τῶν
1008 2403 1071 2438 τοῦ
1101 2400 1202 2453 φίλου

42 2477 47 2491 ι
101 2485 107 2497 ;
143 2457 312 2512 ἅγαθῶνῇ
342 2457 436 2497 οὕτω
457 2457 494 2497 δὲ
521 2459 749 2510 ἐγκαλοῦντες
772 2459 957 2506 ἀλλήλοις,
980 2459 1040 2498 καὶ
1067 2458 1201 2505 ἀξιοῦν-

142 2530 201 2562 τες
219 2517 383 2570 ἑκάτερος
397 2518 504 2558 πλέον
524 2517 632 2571 ἔχειν,
655 2521 769 2572 ῥᾷστα
791 2518 1003 2559 διαλύονται.

197 2576 234 2595 ²*
245 2575 370 2618 Ἔοικε
391 2577 427 2617 δὲ
442 2579 551 2631 ὀρθῶς
570 2579 630 2617 καὶ
645 2578 807 2632 ἑκάτερος
827 2577 954 2622 ἀξιοῦν·
969 2579 1020 2618 δεῖ
1033 2579 1100 2632 γὰρ
1118 2581 1199 2619 ἑκα-

1051 2641 1060 2652 1
1106 2644 1127 2652 ευ
1175 2640 1184 2653 Ι

107 2664 113 2667 Ἴ
138 2635 235 2691 ’τέρφ
251 2636 297 2678 τὸ
315 2639 421 2678 πλέον
439 2637 557 2688 νέμειν
581 2639 621 2676 ἐκ
639 2642 702 2686 τῆς
722 2639 839 2691 φιλίας
855 2668 864 2686 ,
887 2639 926 2677 οὗ
942 2642 1001 2677 τοῦ
1023 2655 1127 2678 αυτου
1147 2641 1196 2689 δε,

58 2698 66 2710 ’
102 2697 235 2737 will&
259 2699 311 2751 τῷ
334 2697 398 2750 μὲν
418 2697 628 2751 ὑπερέχοντι
647 2698 699 2736 δεῖ
717 2698 821 2736 πλέον
852 2697 971 2747 νέμειν
1000 2703 1125 2749 τιμῆς,
1151 2703 1200 2752 τῷ

43 2757 44 2760 ’
100 2767 121 2786 -”
142 2757 307 2797 &tius-21
325 2759 431 2797 πλέον
463 2758 668 2796 ἀποδιδόναι
695 2752 743 2796 ὧν
782 2758 906 2798 δεῖται.
939 2761 1013 2806 Τῆς
1046 2757 1109 2809 μὲν
1132 2758 1200 2811 γὰρ

95 2830 105 2875 ι’
143 2819 270 2871 ἀρετῆς
286 2817 348 2857 καὶ
377 2817 576 2870 εὐεργεσίας
596 2820 617 2865 ἡ
636 2817 723 2868 τιμὴ
753 2816 882 2869 γέρας,
906 2820 968 2866 τῆς
999 2818 1035 2857 δὲ
1068 2819 1200 2863 ἐνδείας

143 2875 326 2929 ἐπικουρία
345 2877 384 2916 τὸ
403 2877 545 2930 κέρδος,
566 2874 588 2924 ἢ
623 2876 711 2916 ἄλλο
742 2879 856 2917 ὁτιοῦν
871 2907 882 2925 ,
906 2871 945 2916 οἷ
966 2877 1083 2923 ἐνδεής
1110 2879 1197 2919 ε’στι.

143 2936 214 2976 Τὸν
233 2935 309 2975 ἴσον
340 2935 376 2975 δὲ
405 2937 533 2990 τρόπον
561 2937 622 2976 καὶ
644 2938 680 2975 ἐν
706 2942 782 2981 ταῖς
811 2936 1004 2982 πολιτείαις
1036 2937 1198 2991 φαίνεται

142 2994 226 3048 ἔχον
241 3007 252 3018 ·
272 2995 476 3035 ἀποδίδοται
496 2996 564 3048 γὰρ
594 2995 648 3034 ἀεὶ
674 2996 743 3041 τοῖς
764 2996 962 3048 εὐεργέταις
981 2999 1003 3044 ἡ
1027 2995 1114 3047 τιμή
1131 3010 1139 3020 ·
1159 2998 1198 3035 οὐ

52 3079 59 3094 »,
142 3053 211 3108 γὰρ
228 3060 376 3106 τιμᾶται
395 3058 414 3094 δ
433 3055 543 3106 μηδὲν
564 3055 694 3107 ἀγαθὸν
722 3058 774 3110 τῷ
791 3059 896 3109 κοινῷ
925 3055 1076 3109 πορίζων
1109 3059 1137 3080 ⁰·
1158 3056 1199 3095 τὸ

54 3136 57 3142 ν
106 3110 256 3167 ’,κοινὸν
289 3115 358 3168 γὰρ
393 3115 526 3154 δίδοται
561 3118 612 3169 τῷ
642 3116 682 3155 τὸ
719 3116 832 3156 κοινὸν
873 3117 1136 3169 εὖεργετοῦντι·
1174 3119 1197 3164 ἡ

49 3174 54 3182 ’
141 3172 228 3226 τιμὴ
249 3173 286 3213 δὲ
306 3175 436 3215 κοινόν.
457 3177 512 3215 Οὐ
533 3175 600 3228 γὰρ
619 3174 714 3225 ἔστιν
736 3175 812 3226 ἅμα
831 3175 1112 3229 χρηματίζεσθαι
1129 3176 1198 3215 ἀπὸ

141 3234 212 3272 τῶν
233 3235 360 3273 κοινῶν
387 3235 448 3274 καὶ
480 3239 675 3286 τιμᾶσθαι·
710 3235 787 3275 ἀλλ’
809 3237 827 3274 ὁ
852 3235 971 3283 ἐνδεὴς
990 3240 1052 3275 τοῦ
1082 3238 1196 3276 κοινοῦ

102 3320 107 3322 v
141 3291 314 3346 χρήματα
334 3293 399 3345 μὲν
426 3295 627 3346 λαμὸοίνει,
650 3302 798 3347 τιμᾶται
821 3295 858 3334 δὲ
880 3296 1042 3346 οὐδαμῶς
1058 3312 1067 3320 ·
1086 3294 1197 3340 οὐδεὶς

46 3355 50 3383 l
94 3404 104 3409 -
141 3351 212 3407 γὰρ
231 3352 371 3407 δέχεται
404 3354 484 3394 κατ’
516 3355 624 3409 ἄμφω
657 3356 906 3402 ἐλαττοῦσθαι,
939 3354 1000 3394 καὶ
1020 3354 1113 3393 κατὰ
1131 3353 1195 3402 τὴν

2250 211 2330 250 515

1273 309 1349 343 culo
1364 309 1560 352 propinquis
1581 322 1589 343 :
1604 318 1708 352 quare
1727 308 1905 342 dubitatur
1917 332 1926 348 ‚
1945 307 2062 340 utrum
2078 305 2155 350 quIs
2173 312 2330 346 compen-

1273 370 1435 403 sationem
1452 370 1649 413 accipientis
1673 368 1866 408 commodo,
1889 378 1931 401 an
1958 366 2142 400 tribuentis
2169 364 2330 398 beneficio

1273 430 1384 463 metiri
1400 430 1532 464 debeat.
1551 432 1594 464 At
1606 431 1670 464 hoc
1689 439 1754 463 non
1772 429 1890 463 eodem
1906 427 2007 462 modo
2023 428 2058 460 in
2077 426 2168 460 omni
2185 423 2333 458 amicitia

1272 488 1463 524 faciendum
1484 493 1536 524 est
1557 502 1564 523 :
1584 490 1642 524 sed
1665 490 1701 523 in
1723 499 1759 524 ea
1777 499 1855 533 quae
1880 487 2040 522 utilitatis
2063 496 2167 520 causa
2191 487 2327 519 contra-

1271 550 1375 590 hitur,
1397 550 1623 594 compensatio
1647 549 1790 593 ejusqui
1815 548 1975 583 beneficio
2003 547 2166 588 aflicitur,
2190 544 2331 579 utilitati

1271 611 1503 654 respondebit,
1528 613 1588 644 aut
1617 611 1719 644 etiarn
1739 620 1813 644 eam
1847 609 2020 653 superabit
2045 620 2052 641 :
2084 607 2175 651 quod
2196 606 2332 650 quidem

1270 673 1421 714 praestat.
1447 671 1511 704 Hic
1530 671 1619 705 enim
1642 673 1693 704 est
1716 670 1775 713 qui
1804 673 1900 712 eget,
1926 671 1960 704 et
1985 669 2071 702 alter
2092 667 2171 701 huic
2184 666 2331 709 opitula-

1272 732 1340 770 tur,
1360 733 1522 774 tanquam
1542 740 1655 774 parem
1674 730 1814 773 gratiam
1833 731 2033 773 accepturus
2050 742 2058 761 ε
2081 729 2209 760 tantam
2229 725 2332 768 igitur

1271 790 1328 823 ille
1350 790 1429 834 buic
1457 800 1557 833 opem
1575 791 1671 829 tulit,
1695 793 1859 832 quantum
1886 790 1942 822 hic
1959 788 2118 821 utilitatis
2144 786 2248 829 cepit,
2272 787 2331 819 aut

1271 850 1371 882 etiam
1389 851 1550 893 majorem
1567 863 1574 883 :
1597 860 1658 883 suo
1680 850 1823 892 denique
1852 850 1958 893 ipsius
1975 847 2151 882 commodo
2171 855 2330 889 compen·

1271 909 1433 942 sationem
1463 909 1575 943 metiri
1609 919 1686 943 eum
1707 909 1824 951 decet,
1849 909 1929 952 quia
1954 911 2090 952 propter
2110 917 2184 942 eam
2203 905 2332 940 amicus

1271 970 1332 1001 est.
1353 970 1391 1001 In
1419 977 1459 1001 ea
1475 970 1589 1001 autem
1606 968 1751 1001 amicitia
1771 978 1850 1011 quae
1870 969 1914 1001 ob
1941 968 2104 1001 virtutem
2127 965 2329 1006 instituitur,

1270 1027 1370 1060 nullae
1394 1027 1480 1060 sicut
1497 1027 1552 1060 hic
1570 1028 1816 1061 criminationes
1838 1028 2070 1067 innascuntur,
2103 1026 2162 1060 ubi
2185 1027 2330 1068 uterque

1269 1087 1313 1120 ad
1335 1096 1435 1120 suum
1455 1087 1667 1120 commodum
1684 1087 1843 1121 beneficia
1872 1086 1998 1120 referre
2026 1088 2168 1120 conatur
2193 1098 2201 1118 ε
2222 1093 2332 1128 neque

1270 1148 1342 1189 ejus
1367 1147 1428 1190 qui
1448 1147 1646 1180 beneficium
1665 1147 1787 1190 accipit
1816 1147 2042 1180 emolumento
2055 1170 2066 1187 ,
2084 1144 2330 1188 compensatio-

1269 1216 1346 1241 nem
1363 1207 1534 1246 metimur,
1572 1207 1631 1240 sed
1645 1206 1844 1240 conferentis
1871 1205 2033 1239 consilio:
2055 1204 2194 1239 virtutis
2208 1203 2334 1247 quippe⁴

1269 1269 1303 1300 et
1317 1276 1452 1301 morum
1468 1267 1675 1312 principatus
1690 1267 1726 1300 in
1740 1265 1878 1300 consilio
1903 1265 2032 1308 positus
2051 1266 2102 1298 est
2127 1274 2135 1294 :
2154 1263 2233 1306 quia
2251 1253 2337 1305 ergo'

1269 1327 1406 1361 virtutis
1421 1337 1522 1361 causa
1534 1327 1619 1361 alter
1633 1327 1776 1361 alterum
1790 1328 1882 1360 amat
1891 1352 1899 1366 ,
1919 1325 2069 1360 beneficii
2087 1322 2330 1358 remuneratio-

1267 1398 1344 1422 nem
1365 1389 1468 1423 etiam
1488 1389 1626 1424 consilio
1650 1389 1854 1432 metientur,
1881 1389 2024 1432 ideoque
2054 1387 2145 1421 omni
2171 1385 2329 1420 crimina-

1267 1447 1357 1481 tione
1373 1448 1536 1491 ejusmodi
1559 1448 1706 1482 amicitia
1722 1451 1838 1489 vacat,
1856 1458 1964 1492 quum
1989 1447 2063 1481 aliae
2076 1448 2192 1480 contra
2206 1453 2330 1489 quere-

1268 1507 1374 1542 larum
1392 1518 1523 1552 semper
1541 1509 1647 1552 plenae
1662 1509 1740 1543 sint.

1309 1568 1425 1606 Qualis
1447 1577 1486 1602 ea
1516 1577 1651 1611 quoque
1680 1570 1733 1601 est
1760 1577 1838 1611 quae
1863 1568 1898 1601 in
1923 1566 2121 1602 excellentia
2154 1563 2326 1603 consistit,

1267 1620 1402 1662 quando
1421 1620 1581 1653 nimirum
1601 1621 1707 1664 maJ’or
1728 1620 1910 1660 minorem,
1934 1620 1990 1654 vel
2011 1620 2113 1653 homo
2135 1618 2250 1651 utilior
2269 1618 2330 1651 mi-

1267 1682 1331 1706 nus
1350 1673 1468 1707 utilem
1490 1676 1605 1708 amat:
1627 1674 1704 1717 plus
1734 1673 1822 1707 enim
1838 1673 1962 1707 habere
1979 1673 2055 1706 vult
2079 1671 2140 1715 qui
2160 1670 2297 1704 excellit
2317 1681 2326 1702 z

1267 1726 1353 1759 alter
1369 1727 1449 1769 quia
1466 1727 1679 1770 praestantior
1707 1730 1777 1767 est,
1806 1727 1891 1760 alter
1918 1727 1999 1769 quia
2023 1726 2100 1768 plus
2128 1724 2272 1767 proficit.
2291 1724 2329 1757 Si

1253 1778 1373 1821 enim,
1392 1779 1538 1823 inquiet,
1561 1782 1706 1824 uterque
1733 1780 1917 1813 amicorum
1937 1781 2103 1823 quantum
2124 1779 2235 1820 potest
2257 1777 2327 1810 lar-

1266 1834 1388 1876 giatur,
1409 1836 1442 1867 et
1466 1843 1531 1866 non
1549 1837 1714 1877 quantum
1739 1834 1839 1867 debet
1866 1833 2026 1876 accipiat,
2046 1841 2132 1865 onus
2156 1830 2327 1874 quoddam

1267 1886 1434 1919 sumtuosi
1458 1887 1606 1920 muneris
1622 1886 1768 1920 obeundi
1787 1886 1933 1919 amicitia
1950 1885 2067 1918 futura
2084 1886 2135 1917 est
2155 1894 2162 1912 2
2179 1884 2321 1926 ideoque

1266 1939 1384 1972 volunt
1407 1948 1472 1971 non
1490 1939 1598 1982 paria,
1618 1939 1677 1972 sed
1696 1940 1822 1982 maj0ra
1842 1939 1990 1981 aliquem
2007 1937 2130 1971 debere
2151 1945 2193 1969 ex
2213 1935 2327 1968 amici-

1267 1991 1314 2025 tia
1330 1993 1489 2035 consequi
1508 2006 1516 2026 t
1542 2002 1679 2036 aequum
1699 1993 1787 2026 enim
1805 1995 1960 2031 censent,
1983 1989 2269 2035 quemadmodum
2292 1989 2327 2022 in

1265 2049 1456 2080 mercatura
1470 2047 1528 2089 qui
1546 2047 1622 2089 plus
1639 2047 1787 2089 pecuniae
1808 2046 1842 2079 in
1864 2046 1994 2089 negotia
2013 2045 2229 2088 impendunt,
2249 2043 2326 2086 plus

1266 2109 1401 2142 quoque
1426 2099 1611 2142 accipiunt,
1626 2099 1674 2132 sic
1687 2100 1788 2132 etiam
1805 2099 1839 2132 in
1860 2098 2006 2132 amicitia
2025 2108 2097 2131 rem
2117 2107 2153 2130 se
2175 2097 2298 2130 habere
2316 2109 2324 2129 ι

1266 2155 1300 2186 et
1318 2154 1367 2187 ita
1395 2153 1530 2195 quidem
1561 2154 1620 2196 qui
1640 2154 1833 2187 excellunt:
1859 2155 1973 2186 contra
1997 2154 2110 2186 autem
2136 2150 2195 2194 qui
2219 2150 2326 2184 excel-

1266 2208 1368 2241 lentia
1389 2208 1581 2247 vincuntur,
1613 2210 1734 2249 negant
1754 2207 1819 2240 hoc
1834 2215 1891 2239 eos
1917 2206 1977 2248 qui
2005 2205 2174 2238 excellunt
2199 2202 2324 2235 amicos

1265 2262 1402 2303 decere,
1423 2262 1485 2295 sed
1505 2261 1708 2294 contrarium
1732 2272 1739 2291 :
1757 2260 1833 2294 boni
1858 2260 1946 2293 enim
1963 2259 2059 2292 amici
2077 2260 2160 2296 esse,
2177 2257 2326 2298 indigen-

1265 2316 1357 2349 tibus
1379 2325 1572 2349 succurrere
1595 2328 1602 2348 :
1622 2315 1704 2358 quid
1721 2315 1808 2348 enim
1821 2314 1937 2356 juvat,
1958 2312 2137 2355 inquiunt,
2153 2311 2227 2344 viro
2239 2310 2325 2343 bono

1265 2372 1324 2403 aut
1340 2369 1467 2413 potenti
1493 2369 1638 2402 amicum
1656 2378 1747 2406 esse,
1775 2367 1802 2400 si
1832 2367 1916 2399 nibil
1936 2375 1978 2399 ex
1995 2365 2086 2398 illius
2107 2364 2205 2397 amici
2227 2363 2324 2396 bonis

1263 2422 1452 2466 percepturi
1467 2423 1608 2455 sumus?
1624 2422 1687 2454 hoc
1707 2420 1805 2453 modo
1820 2419 1902 2452 dum
1919 2421 2060 2460 uterque
2086 2419 2222 2450 accusat
2236 2416 2324 2450 alte-

1263 2486 1358 2517 rum,
1382 2479 1577 2518 partemque
1598 2478 1741 2517 uterque
1768 2474 1829 2507 sibi
1849 2473 2010 2516 potiorem
2040 2471 2205 2512 vindicat,
2234 2469 2325 2503 facil-

1265 2530 1342 2562 lime
1358 2529 1590 2562 dissociantur.
1615 2528 1758 2561 Videtur
1781 2530 1896 2560 autem
1925 2525 2104 2568 utriusque
2129 2533 2227 2567 aequa
2245 2533 2320 2557 esse

1264 2582 1444 2624 postulatio
1460 2583 1616 2624 :oportet
1644 2582 1730 2614 enim
1758 2581 1834 2623 plus
1850 2578 2097 2622 quodammodo
2112 2588 2155 2612 ex
2173 2578 2324 2611 amicitia

1263 2635 1409 2667 tribuere
1430 2634 1577 2677 utrique,
1594 2643 1657 2667 non
1684 2634 1833 2676 eJusdem
1851 2632 1898 2665 rei
1923 2635 2052 2673 tamen,
2070 2640 2188 2665 verum
2210 2632 2323 2664 excel-

1262 2688 1394 2721 lentiori
1427 2688 1502 2730 plus
1528 2688 1683 2728 honoris,
1719 2687 1826 2729 egenti
1843 2695 1924 2719 vero
1947 2686 2024 2728 plus
2053 2694 2168 2718 eorum
2199 2685 2324 2727 quibus

1262 2745 1346 2785 eget.
1364 2742 1509 2774 Virtutis
1527 2742 1614 2774 enim
1637 2744 1670 2774 et
1693 2740 1918 2774 beneticentioe
1938 2739 2118 2782 ‚praemium
2134 2741 2185 2772 est
2205 2739 2320 2781 honos,

1262 2794 1417 2837 egestatis
1435 2796 1547 2827 autem
1574 2793 1761 2826 subsidium
1789 2794 1945 2834 lucrum,
1969 2794 2028 2825 aut
2054 2791 2147 2824 aliud
2169 2791 2298 2834 aliquid
2312 2817 2319 2830 ‚

1261 2858 1461 2892 quocunque
1478 2848 1600 2891 aliquis
1623 2850 1707 2890 eget.
1737 2847 1930 2889 Eodemque
1952 2845 2052 2878 modo
2078 2845 2180 2879 etiam
2207 2846 2242 2878 in
2268 2854 2323 2878 ne-

1261 2902 1358 2944 gotiis
1381 2902 1525 2948 publicis
1544 2911 1598 2935 res
1618 2911 1654 2935 se
1674 2901 1796 2935 habere
1815 2900 1950 2934 videtur
1972 2912 1980 2932 :
2001 2909 2131 2942 semper
2155 2899 2242 2932 enim
2262 2899 2322 2932 be-

1261 2955 1452 2989 neficiorum
1479 2955 1693 2997 largitoribus
1728 2955 1834 2988 bonos
1863 2953 2015 2987 defertur
2052 2966 2060 2986 :
2100 2963 2209 2996 neque
2233 2953 2322 2987 enim

1260 3008 1442 3041 honoratur
1460 3008 1520 3052 qui
1540 3008 1623 3042 nihil
1645 3008 1723 3042 boni
1750 3007 1876 3040 confert
1896 3007 1930 3040 in
1951 3006 2193 3049 rempublicam
2213 3017 2220 3037 :
2243 3016 2320 3039 nam

1261 3072 1314 3096 res
1335 3061 1490 3106 quaedam
1510 3062 1696 3096 communis
1723 3062 1753 3095 ei
1782 3061 1942 3094 tribuitur
1962 3061 2020 3105 qui
2039 3061 2081 3094 de
2100 3070 2136 3094 re
2152 3060 2321 3094 communi

1260 3120 1293 3151 et
1311 3117 1443 3160 publica
1465 3116 1547 3150 bene
1572 3119 1722 3150 meretur
1749 3130 1757 3149 :
1786 3117 1892 3149 honos
1920 3118 2032 3149 autem
2058 3124 2112 3148 res
2137 3115 2321 3147 communis

1259 3167 1321 3198 est.
1339 3166 1411 3198 Non
1431 3164 1518 3198 enim
1535 3164 1604 3198 fieri
1625 3167 1759 3208 potest,
1782 3167 1822 3197 ut
1842 3164 1965 3207 aliquis
1983 3173 2001 3196 e
2018 3163 2119 3195 rebus
2135 3161 2320 3194 communi-

1258 3213 1322 3246 bus
1335 3214 1368 3246 et
1387 3212 1531 3254 publicis
1545 3212 1744 3254 pecuniosus
1757 3211 1858 3245 simul
1883 3214 1917 3244 et
1941 3211 2123 3243 honoratus
2140 3208 2290 3241 discedat
2309 3222 2316 3240 :

1259 3261 1318 3294 sed
1349 3262 1484 3302 egentes
1518 3269 1538 3293 e
1576 3260 1710 3302 publico
1744 3260 1916 3302 pecuniam
1948 3258 2133 3300 accipiunt,
2161 3257 2318 3290 honorem

1259 3317 1338 3341 vero
1357 3307 1494 3340 minime
1514 3317 1521 3337 :
1544 3317 1642 3340 nemo
1668 3307 1794 3340 scilicet
1811 3306 1989 3349 utriusque
2010 3308 2081 3337 tum
2099 3304 2227 3346 argenti
2244 3306 2316 3337 tum

1258 3355 1395 3388 honoris
1419 3354 1584 3396 iacturam
1611 3353 1720 3386 facere
1742 3352 1834 3390 vult,
1873 3351 1931 3384 sed
1966 3353 2143 3393 postquam
2173 3350 2317 3383 alterum

185 3479 207 3504 ⁴¹¹
229 3480 308 3522 Gap.
333 3483 382 3513 14.
404 3481 620 3523 Διαφέρονται
633 3481 669 3514 δὲ
689 3481 745 3513 καὶ
765 3481 797 3513 ἐν
815 3483 888 3518 ταῖς
901 3481 973 3513 κτλ.
993 3497 1034 3503 --·
1053 3480 1087 3499 ’·
1105 3478 1218 3512 'Eone
1233 3479 1268 3512 δὲ
1290 3478 1445 3523 ἑκάτερος
1467 3479 1569 3521 ὀρθῶς
1583 3479 1705 3518 ἀξιοῦν,
1722 3480 1791 3510 κτλ.
