2508 3776
280 232 754 287 ANAPONIKOY
798 230 947 283 ΤΟΥ
991 232 1256 285 ΡΟΔΙΟΥ

340 359 574 404 ΗΘΙΚΩΝ
607 358 730 402 ΤΩΝ
763 357 1197 405 ΝΙΚΟΜΑΧΕΙΩΝ

575 471 959 510 ΙΙΑΡΑΦΡΑΣΕΩΣ

507 575 715 608 ΒΙΒΑΙΟΝ
745 575 1022 607 ΤΕΤΑΡΤΟΝ.

694 695 863 710 *we—›-

670 851 763 902 Κεφ.
796 850 843 889 α’.

585 961 663 1002 Περὶ
681 961 941 1002 ἐλευθεριότητος.

302 1062 319 1081 *
341 1060 413 1101 Καὶ
440 1064 462 1107 ἡ
485 1060 719 1112 ἐλευθεριότης
752 1058 787 1097 δὲ
822 1062 880 1097 τοῦ
912 1060 1159 1109 ἐπιθυμητικοῦ
1195 1061 1289 1097 ἐστιν

251 1119 371 1171 ἀρετή·
389 1119 448 1156 καὶ
470 1117 526 1156 διὰ
543 1121 641 1156 τοῦτο
660 1118 749 1168 μετὰ
769 1118 831 1164 τὴν
853 1116 1076 1170 σωφροσύνην
1101 1116 1180 1168 περὶ
1197 1118 1291 1155 ἐλευ-

250 1178 444 1231 θεριότητος
468 1178 640 1228 λέγωμεν.
661 1183 676 1198 ⁸²
707 1175 811 1215 Εστι
842 1176 877 1214 δὲ
908 1175 1143 1227 ελευθεριότης
1170 1178 1191 1222 ἡ
1211 1175 1291 1228 περὶ

250 1253 419 1290 χρηματα
439 1236 608 1287 μεσότης,
627 1235 709 1274 ὅταν
735 1237 811 1274 οὔτε
831 1235 935 1273 πλέον
961 1237 1021 1272 τοῦ
1043 1233 1195 1281 δέοντος,
1212 1233 1291 1272 οὔτε

249 1296 390 1334 ἔλαττον
414 1295 681 1344 ἀναλίσκωμεν,
704 1295 846 1337 ἀλλ’ὡς
866 1294 935 1339 δεῖ,
955 1291 1052 1330 καὶ’
1037 1291 1088 1344 εφ’
1104 1295 1153 1335 οἷς
1177 1308 1288 1343 προσ-

249 1370 346 1401 ηκει,
367 1353 426 1392 καὶ
454 1357 500 1391 ὧν
527 1352 639 1391 ἕνεκα·
661 1355 853 1390 ἐπαινεῖται
875 1350 941 1402 γὰρ
967 1353 985 1388 ὁ
1013 1349 1201 1402 ἐλευθέριος
1223 1352 1283 1388 οὐκ

248 1414 282 1450 ἐν
304 1417 375 1454 τοῖς
394 1414 594 1459 πολεμικοῖς
630 1411 700 1448 οὐδ’
730 1412 763 1448 ἐν
785 1405 840 1453 οἷς
864 1411 1058 1447 ἐπαινεῖται
1085 1410 1102 1445 8
1123 1407 1290 1460 σώφρων,

248 1472 318 1508 οὐδ’
340 1465 384 1508 αὖ
402 1472 434 1508 ἐν
462 1474 537 1512 ταῖς
555 1469 731 1520 κρίσεσιν,
755 1467 873 1520 ὥσπερ
892 1471 909 1506 8
931 1467 1080 1514 δίκαιος,
1101 1466 1189 1505 ἀλλὰ
1212 1466 1290 1520 περὶ

249 1528 341 1567 δόσιν
363 1528 555 1580 χρημάτων
575 1527 634 1566 καὶ
651 1528 770 1576 λῆψιν.

304 1586 349 1610 **
371 1587 518 1625 Μᾶλλον
541 1585 610 1624 δὲ’
597 1591 788 1623 επαινεῖται
811 1587 843 1623 ἐν
865 1601 908 1637 τη
927 1583 1032 1622 δόσει.

301 1644 364 1667 *²¹*
384 1644 560 1697 Χρήματα
578 1643 613 1682 δὲ
635 1643 779 1695 λέγομεν
797 1642 929 1692 πάντα,
950 1641 1038 1679 όσων
1057 1644 1079 1688 ἡ
1100 1640 1179 1685 ἀξία
1194 1641 1292 1691 νομί-

254 1719 362 1753 σματι
378 1705 567 1755 μετρεῖται.
591 1702 713 1753 Ἦμεν
734 1705 791 1741 οὖν
812 1702 890 1753 περὶ
910 1700 1082 1772 χρήματα
1099 1699 1251 1750 μεσότης
1270 1703 1292 1747 ἡ

253 1762 484 1815 ἐλευθεριότης
510 1761 614 1799 ἐστίν·
638 1764 658 1807 ἡ
681 1761 716 1799 δὲ
733 1758 907 1812 ὗπερὸολὴ
931 1761 950 1805 ἡ
973 1757 1118 1797 ἀσωτία·
1142 1758 1292 1811 ἔλλειψις

229 1866 233 1870 ,
255 1822 331 1867 δὲὴ
359 1819 649 1871 ἀνελευθεριότης.

304 1878 388 1902 ****
409 1877 574 1917 Ἀσωτίαν
597 1877 632 1915 δὲ
662 1878 699 1914 οὗ
722 1877 824 1927 μόνον
847 1876 909 1922 τὴν
940 1875 1020 1928 περὶ
1051 1875 1094 1913 τὰ
1118 1875 1288 1928 χρήματα

254 1937 448 1991 ὖπερὸολὴν
467 1939 638 1987 καλοῦμεν
653 1965 663 1982 ,
682 1936 772 1974 ἀλλὰ
788 1935 898 1991 ἐνίοτε
909 1935 968 1973 καὶ
983 1935 1060 1979 τοὺς
1081 1934 1293 1978 ἀκολάστους

255 1998 408 2041 ἀσώτους
434 1997 609 2045 καλοῦμεν
623 2024 634 2043 ,
670 1992 790 2038 οἵτινες
820 1993 932 2033 πολλὰ
953 1994 996 2031 δι’
1016 1992 1207 2031 ἀκολασίαν
1229 1993 1292 2031 δα-

255 2058 418 2105 πανῶσι,
447 2053 505 2092 καὶ
526 2052 677 2092 ἀσωτίαν
711 2053 772 2099 τὴν
799 2052 962 2099 τοιαύτην
982 2051 1108 2090 κακίαν
1127 2052 1292 2102 ὀνομάζο-

255 2130 329 2164 μεν.
351 2113 418 2153 Διὰ
438 2117 538 2151 τοῦτο
555 2111 614 2150 καὶ
635 2110 847 2164 φαυλότατοί
866 2112 950 2149 εἰσιν
971 2111 1002 2148 οἱ
1020 2113 1183 2160 τοιοῦτοι,
1209 2112 1293 2148 πολ-

254 2174 317 2217 λὰς
343 2173 418 2224 ἅμα
442 2171 566 2215 κακίας
598 2170 751 2223 ἔχοντες,
773 2170 834 2210 καὶ
862 2170 942 2222 περὶ
975 2170 1146 2222 χρήματα
1166 2171 1201 2207 δὲ
1232 2169 1291 2208 καὶ

254 2232 377 2279 ἡδονὰς
397 2229 655 2305 διεφθαρμένοι·
680 2230 735 2268 διὰ
755 2233 858 2268 τοῦτο
873 2229 950 2268 οὐδε
969 2228 1102 2273 οἷκείως
1120 2244 1292 2282 προσαγο-

256 2307 409 2344 ρευονται
433 2290 478 2328 ενὶ
498 2289 641 2340 ὀνόματι
663 2290 746 2340 μίαν
769 2289 895 2328 κακίαν
924 2289 1097 2336 δηλοῦντι·
1130 2289 1292 2361 βούλετριι

254 2351 321 2402 γὰρ
343 2350 474 2392 ἄσωτος
499 2351 586 2386 εἶναι
602 2350 652 2385 8‘
640 2347 675 2386 έν
696 2363 729 2386 τι
751 2348 858 2386 κακὸν
885 2346 994 2399 ἔχων,
1011 2362 1051 2384 το
1072 2350 1207 2398 φθεῖρον
1229 2347 1291 2393 τὴν

256 2410 388 2449 οὐσίαν·
413 2408 545 2451 ἄσωτος
564 2407 631 2460 (ὰρ
654 2410 672 2445 8
690 2408 732 2445 δι’
756 2407 875 2445 ἑαυτὸν
894 2406 1091 2456 ὀλλύμενος·
1115 2406 1206 2443 δοκε
1179 2422 1206 2443 ςι
1226 2406 1292 2459 γὰρ

258 2470 415 2509 ἀπώλειά
439 2484 489 2512 τις
518 2471 620 2506 αυτοῦ
640 2471 730 2506 εἰναι
749 2483 808 2505 και
835 2470 856 2513 ·‘r,
877 2482 938 2513 της
965 2465 1082 2509 ουσίας
1101 2465 1232 2518 φθορά,
1249 2468 1294 2510 ὡς

256 2533 315 2568 τοῦ
336 2531 395 2575 ζην
413 2528 428 2550 ¹³
453 2527 510 2565 διὰ
526 2543 592 2564 των
610 2526 804 2587 χρημάτων
825 2525 933 2568 ὄντος.

308 2586 415 2609 *****
442 2584 609 2628 Ἀσώτους
631 2584 692 2635 μὲν
714 2588 770 2623 οὖν
798 2599 859 2623 και
873 2599 950 2627 τους
975 2584 1135 2635 ἀκρατεῖς
1161 2582 1219 2621 καὶ
1248 2585 1294 2627 εἷς

257 2645 445 2685 ἀκολασίαν
466 2642 685 2694 δαπανηρους
703 2644 892 2692 καλοῦμεν·
912 2641 1152 2693 ἀνελευθέρους
1173 2641 1208 2679 δὲ
1226 2641 1291 2692 μό-

255 2720 331 2747 νους
350 2702 428 2745 τοὺς
451 2701 555 2739 πλέον
587 2701 609 2747 ἢ
642 2702 695 2738 δεῖ
727 2702 794 2738 τῶν
822 2700 1014 2752 χρημάτων
1045 2699 1295 2751 ἀντεχομένους

256 2761 316 2801 καὶ
337 2760 419 2811 πρὸς
438 2759 499 2805 τὴν
520 2758 780 2807 ἐλευθεριότητα
807 2759 1039 2801 ἐλλείποντας.

309 2818 435 2843 **’¹‘**²
457 2817 558 2856 ΙΞπει
573 2818 682 2856 τοίνυν
700 2823 817 2864 πᾶσιν,
839 2821 885 2854 ων
911 2816 1014 2870 χρεία
1030 2816 1080 2860 τίς
1098 2818 1202 2863 ἔστιν,
1225 2820 1291 2856 οῖον

258 2876 410 2927 δόξης,’“
393 2893 413 2923 η
434 2879 582 2928 τροφῆς,
600 2875 729 2919 τούτοις
754 2876 894 2913 δυνατὸν
916 2877 1068 2927 χρησθαι
1088 2890 1147 2913 και
1171 2878 1207 2912 εὖ
1237 2875 1296 2913 και

257 2939 392 2978 κακῶς·
410 2938 560 2972 τοιοῦτον
582 2933 616 2972 δὲ
649 2932 706 2973 καὶ
733 2936 750 2971 8
778 2935 948 2982 πλοῦτος,
974 2932 1054 2983 (καὶ
1085 2932 1204 2971 τούτου
1229 2931 1295 2984 γὰρ

256 2995 360 3048 χρεία
390 2993 440 3036 τίς
460 2995 550 3031 ἐστιν
573 2994 606 3029 ἐν
625 2994 673 3043 τῷ
692 2991 767 3044 βίῳ·
780 2992 789 3043 )
815 2990 994 3029 δυνατὸν”
973 3007 1039 3043 αρα
1067 2992 1220 3043 χρησθαι
1248 3007 1295 3045 τῳ

258 3053 398 3104 πλουτῳ
413 3050 472 3090 καὶ
484 3067 521 3090 ευ
533 3050 589 3089 καὶ
601 3063 724 3093 κακως
740 3050 813 3087 ἐπει
825 3050 859 3087 δὲ
869 3050 1005 3102 ἑκάστῳ
1018 3050 1198 3101 πράγματι
1212 3050 1297 3087 ἐκεῖ·

262 3128 317 3156 νος
335 3125 463 3163 χρηται
484 3110 620 3155 καλως,
644 3108 699 3145 δ”
682 3123 771 3159 εχων
788 3123 848 3153 την
869 3117 948 3158 περι
968 3106 1052 3145 αυτὸ
1070 3106 1211 3159 ἀρετήν,
1233 3122 1291 3145 κα

262 3169 312 3203 τῶ
330 3165 468 3218 πλούτῳ
488 3167 614 3209 ἐκεῖνος
634 3165 803 3219 χρήσεται
821 3165 963 3217 ἄριστα,
981 3165 1035 3202 δ”
1018 3180 1107 3216 εχων
1127 3165 1187 3212 τὴν
1211 3164 1292 3218 περὶ

264 3223 366 3262 αὐτον
386 3223 525 3277 ἀρετήν·
551 3228 648 3268 οὗτος
673 3224 708 3261 δέ
730 3226 819 3261 ἐστιν
840 3227 856 3261 8
879 3224 1079 3276 ἐλευθέριος.

1517 232 1908 292 ANDRONICI
1955 233 2210 293 RHODII

1439 374 1764 422 ETHICORUM
1798 369 2289 425 NICOMACHEORUM

1692 490 2048 531 PARAPnnAsls

1768 596 1895 627 LIBER
1916 596 1972 626 1v.

1784 709 1954 722 -αοο-να
2311 726 2314 729 ἢ
2353 711 2383 734 τι·

1803 876 1882 920 Gap.
1906 879 1932 911 1.

1761 991 1805 1019 De
1817 989 2002 1021 liberalitate.

1392 1076 1453 1107 Est
1477 1078 1509 1108 et
1528 1075 1707 1109 liberalitas
1728 1077 1851 1118 virtus,
1870 1088 1947 1121 quae
1968 1079 2010 1112 ad
2034 1089 2106 1113 eam
2137 1080 2236 1114 animi
2261 1079 2391 1124 partem

1353 1129 1516 1169 pertinet,
1545 1130 1579 1161 in
1599 1139 1665 1171 qua
1682 1133 1795 1172 regnat
1817 1132 1980 1173 cupiditas
2006 1143 2013 1165 :
2037 1142 2075 1165 ac
2095 1136 2285 1176 propterea,
2299 1137 2394 1178 post-

1355 1190 1455 1222 quam
1476 1182 1517 1214 de
1542 1184 1758 1224 temperantia
1777 1184 1921 1225 egimus,
1955 1185 1996 1218 de
2029 1186 2228 1220 liberalitate
2251 1187 2394 1225 dissera-

1354 1243 1437 1267 mus.
1456 1236 1516 1267 Est
1534 1238 1645 1269 autem
1670 1236 1849 1270 liberalitas
1868 1238 2078 1272 mediocritas
2091 1241 2245 1282 quasdam
2264 1242 2299 1275 in
2318 1251 2394 1275 ero*-

1353 1289 1467 1328 gandis
1488 1290 1652 1330 pecuniis,
1671 1300 1775 1332 quum
1792 1300 1898 1333 neque
1916 1292 1991 1334 plus
2006 1301 2108 1335 quam
2123 1296 2266 1336 oportet,
2286 1302 2396 1338 neque

1353 1340 1479 1380 minus,
1506 1340 1563 1373 sed
1582 1342 1861 1382 quemadmodum
1885 1345 2014 1385 oportet
2041 1346 2075 1377 et
2095 1345 2130 1377 in
2153 1354 2229 1388 qum
2244 1345 2339 1386 deoet
2352 1349 2395 1386 ,at
2416 1363 2423 1368 =

1353 1400 1494 1432 quorum
1525 1401 1623 1424 causa
1653 1392 1747 1425 decet
1778 1403 1833 1426 eas
1861 1394 2082 1435 impendimus
2102 1409 2110 1429 :
2128 1396 2285 1430 laudatur
2305 1397 2394 1433 enim

1353 1438 1451 1469 homo
1469 1437 1612 1470 liberalis
1626 1448 1734 1482 neque
1745 1440 1779 1472 in
1798 1450 1834 1473 re
1849 1440 1975 1480 bellica,
1990 1451 2099 1484 neque
2116 1443 2151 1475 in
2166 1443 2290 1485 quibus
2308 1443 2396 1477 tem-

1354 1497 1471 1530 perans
1485 1488 1583 1521 laude
1604 1488 1759 1529 afficitur,
1786 1499 1892 1532 neque
1920 1500 2036 1524 rursus
2060 1492 2095 1525 in
2107 1493 2261 1534 judiciis,
2275 1494 2315 1527 ut
2340 1492 2395 1529 νὴ*

1351 1539 1476 1580 justus,
1497 1540 1600 1572 sedin
1615 1540 1788 1573 donatione
1802 1543 1835 1573 et
1854 1542 2040 1583 acceptione
2058 1544 2216 1585 pecuniae.

1437 1600 1660 1632 Veruntamen
1678 1600 1783 1641 magis
1797 1601 1831 1633 in
1852 1601 2050 1635 donatione.-

1396 1657 1554 1690 PeeunIas
1571 1659 1683 1690 autem
1711 1659 1912 1701 appellamus
1940 1661 2064 1701 omnia,
2083 1669 2225 1703 quorum
2248 1661 2395 1696 testima-

1354 1716 1475 1749 tionem
1496 1726 1633 1749 nummo
1654 1717 1820 1750 metimur.
1842 1718 2055 1751 Mediocritas
2077 1728 2153 1760 ergo
2168 1719 2203 1753 in
2223 1722 2396 1762 erogandis

1353 1775 1498 1817 pecuniis
1525 1775 1702 1808 liberalitas
1724 1778 1774 1808 est
1798 1790 1805 1808 z
1833 1778 1946 1810 contra
1969 1777 2098 1811 effusus
2126 1781 2258 1812 sumtus
2279 1779 2395 1823 prosu-

1354 1834 1402 1866 sio
1415 1860 1422 1872 ‚
1440 1833 1589 1867 defectus
1608 1837 1718 1867 autem
1731 1835 1946 1869 illiberalitas.

1394 1883 1467 1914 Jam
1495 1890 1574 1914 vero
1600 1881 1823 1924 profusionem
1855 1892 1919 1915 non
1948 1883 2054 1917 solum
2079 1883 2224 1918 effusum
2246 1888 2395 1920 sumtum

1356 1943 1510 1966 vocamus
1523 1960 1530 1974 ,
1551 1935 1609 1967 sed
1631 1935 1731 1967 etiam
1749 1936 2005 1977 intemperantes
2027 1947 2262 1981 nonnunquam
2279 1940 2394 1982 prodi-

1352 1997 1409 2029 gos
1426 1989 1584 2027 dicimus,
1601 1988 1660 2030 qui
1673 1997 1730 2029 per
1751 1988 2037 2030 intemperantiam
2051 1990 2158 2022 multa
2178 1990 2394 2033 profundunt.

1353 2048 1391 2071 ac
1406 2040 1472 2072 tale
1484 2039 1603 2072 vitium
1615 2038 1814 2080 profusionis
1829 2038 1989 2074 vocabulo
2008 2048 2246 2081 nuncupamus.
2265 2044 2394 2082 Quam·
2452 2068 2454 2070 .

1352 2092 1466 2124 obrem
1497 2089 1688 2131 hujusmodi
1713 2090 1813 2122 etiam
1838 2089 1987 2122 homines
2007 2090 2140 2132 pessimi
2165 2094 2398 2140 sunt,utp019

1352 2141 1411 2184 qui
1423 2139 1538 2172 multis
1551 2139 1650 2172 simul
1662 2139 1751 2172 vitiis
1770 2140 1934 2179 serviant,
1951 2142 1985 2172 et
1999 2149 2143 2182 quorum
2155 2142 2309 2184 dignitati
2321 2147 2395 2179 tum

1351 2192 1489 2234 pecunia
1509 2192 1582 2223 tum
1597 2190 1785 2232 voluptates
1802 2190 1910 2223 labem
1926 2191 2152 2232 asperserint:
2167 2201 2206 2225 ae
2222 2197 2397 2239 propterea

1351 2249 1392 2272 ne
1412 2248 1478 2271 uno
1503 2237 1638 2280 quidem
1659 2246 1697 2269 ac
1720 2237 1852 2279 pr0p1i0
1881 2237 2012 2269 nomine
2040 2247 2144 2271 unum
2165 2240 2287 2274 vitium
2305 2242 2398 2276 desi-

1352 2292 1470 2332 gnante
1488 2288 1693 2330 appellantur
1717 2297 1724 2319 z
1750 2287 1883 2320 videtur
1901 2287 1989 2319 enim
2007 2287 2191 2329 prodigus·
2180 2299 2210 2322 1s
2227 2299 2316 2331 eaee
2336 2293 2397 2335 qui
2428 2311 2435 2321 η.

1352 2349 1417 2372 uno
1434 2340 1484 2371 est
1501 2337 1582 2370 vitio
1601 2335 1758 2375 affectus,
1776 2336 1932 2368 nimirum
1944 2345 1982 2368 eo
2002 2337 2092 2378 quod
2107 2346 2184 2371 rem
2197 2338 2395 2376 familiarem

1352 2391 1468 2434 perdat
1495 2391 1529 2422 et
1547 2391 1752 2421 consumat:
1775 2390 1826 2420 est
1845 2397 1924 2420 vero
1946 2387 2103 2429 prodigus
2130 2390 2189 2431 qui
2213 2400 2274 2424 sua
2290 2391 2396 2435 ipsius

1353 2439 1448 2481 culpa
1479 2436 1579 2479 perit,
1610 2436 1688 2478 quia
1707 2435 1838 2468 videtur
1860 2434 2000 2467 exitium
2029 2435 2197 2476 quoddam
2219 2439 2271 2471 sui
2290 2439 2396 2483 ipsius

1353 2495 1424 2519 esse
1442 2485 1542 2518 ctiam
1557 2483 1754 2516 facultatum
1768 2481 1929 2520 interitio,
1947 2481 2043 2523 quasi
2053 2490 2094 2515 ex
2106 2482 2160 2516 his
2172 2485 2243 2518 tota
2259 2486 2396 2521 vivendi

1353 2534 1437 2567 ratio
1455 2533 1606 2575 pendeat.

1394 2584 1551 2624 Prodigos
1581 2591 1658 2623 ergo
1683 2582 1782 2614 simul
1808 2581 2049 2613 incontinentes
2068 2581 2167 2614 simul
2184 2592 2256 2625 eos,
2277 2586 2337 2628 qui
2361 2585 2396 2622 iu

1354 2632 1523 2666 libidinem
1548 2633 1648 2671 atque
1670 2629 1956 2670 intemperantiam
1980 2629 2111 2661 sumtus
2142 2630 2320 2666 immensos
2340 2632 2394 2670 fa-

1355 2680 1461 2718 ciunt,
1483 2677 1705 2720 appellamus:
1729 2676 1906 2709 illiberales
1924 2684 2003 2708 vero
2021 2683 2077 2707 eos
2094 2678 2225 2711 tantum
2245 2679 2305 2721 qui
2321 2689 2394 2713 ma-

1355 2727 1403 2768 gis
1421 2735 1522 2768 quam
1537 2726 1665 2767 oportet
1685 2723 1832 2766 pecuniis
1850 2723 2018 2757 adhaerent
2041 2725 2074 2756 et
2100 2723 2306 2761 liberalitatis
2321 2726 2395 2761 osli-

1355 2775 1405 2807 cio
1417 2774 1547 2807 desunt.

1397 2835 1507 2871 Quum
1530 2831 1631 2872 igitur
1651 2830 1822 2868 omnibus,
1845 2838 1987 2872 quorum
2012 2831 2062 2862 est
2087 2839 2168 2863 usus
2189 2831 2328 2874 aliquis,
2349 2837 2392 2868 ut

1357 2880 1460 2923 gloria
1484 2879 1537 2911 vel
1553 2878 1624 2911 cibo
1640 2903 1648 2918 ,
1665 2879 1723 2909 aut
1741 2877 1823 2910 bene
1840 2877 1916 2919 quis
1939 2877 1989 2909 uti
2005 2877 2110 2918 possit
2131 2880 2189 2910 aut
2209 2879 2318 2914 male:
2337 2883 2394 2916 ta·-

1356 2928 1470 2971 lesque
1490 2929 1590 2962 etiam
1618 2928 1745 2961 divitiae
1787 2927 1868 2965 sint,
1892 2927 1988 2967 (nam
2015 2929 2049 2960 et
2076 2928 2196 2961 harum
2219 2929 2340 2973 aliquis
2359 2930 2395 2964 in

1356 2977 1426 3009 vita
1442 2986 1523 3009 usus
1542 2979 1612 3009 est:
1631 2979 1642 3017 )
1659 2975 1820 3018 sequitur,
1837 2976 1875 3006 ut
1894 2974 1936 3007 iis
1948 2984 2082 3018 quoque
2097 2978 2155 3009 aut
2170 2975 2253 3010 bene
2274 2977 2394 3024 aliquis

1358 3029 1407 3060 uti
1425 3028 1527 3069 possit
1543 3029 1601 3060 aut
1622 3027 1707 3059 male
1731 3039 1738 3058 :
1768 3035 1871 3068 quum
1894 3027 2006 3058 autem
2029 3026 2129 3059 rebus
2154 3027 2292 3069 singulis
2310 3027 2393 3062 bene

1357 3080 1472 3110 utatur
1483 3077 1549 3115 ille,
1566 3077 1624 3118 qui
1641 3075 1771 3118 propria
1787 3075 1946 3116 cujusque
1957 3075 2005 3108 rei
2018 3075 2143 3109 virtute
2159 3079 2209 3110 est
2219 3078 2390 3120 praeditus,

1357 3129 1458 3162 etiam
1482 3128 1607 3161 divitiis
1638 3127 1760 3170 optime
1788 3127 1911 3164 utetur,
1942 3126 2001 3168 qui
2016 3126 2175 3160 virtutem
2205 3137 2288 3167 eam,
2314 3132 2391 3171 quae

1357 3179 1399 3211 ad
1415 3173 1630 3221 pecuniarum
1663 3187 1759 3211 usum
1787 3176 1945 3218 pertinet,
1966 3179 2160 3211 consecutus
2183 3178 2247 3212 erit
2264 3191 2272 3212 z
2291 3181 2394 3223 atque

1356 3226 1409 3258 hic
1425 3229 1475 3258 est
1493 3226 1648 3259 liberalis.

303 3344 320 3360 *
339 3342 407 3374 Lib.
433 3344 488 3380 lv,
509 3343 585 3382 Cap.
611 3345 623 3373 1
650 3343 794 3382 Λέγομεν
824 3342 849 3372 δ’
877 3343 944 3379 ἑξῆς
970 3342 1041 3382 περὶ
1063 3341 1318 3382 ἐλευθεριότητος
1335 3341 1403 3371 κτλ.
1423 3356 1464 3362 —
1482 3338 1517 3355 **
1543 3339 1670 3371 Μᾶλλον
1689 3339 1715 3369 δ’
1736 3338 1768 3369 ἐν
1784 3339 1851 3369 κτλ.
1873 3354 1914 3360 -
1935 3338 1991 3355 ””’
2009 3339 2167 3380 Χρήματα
2193 3339 2228 3371 δὲ
2256 3340 2390 3383 λε’»γομον

263 3392 332 3422 κτλ.
352 3407 390 3413 -
413 3390 483 3407 ****
503 3389 598 3421 Ἐστι
618 3390 652 3422 δὲ
672 3391 762 3427 καὶὴ
780 3388 906 3420 ἀσωτία
920 3390 987 3420 κτλ.

1009 3404 1048 3410 -.
1068 3387 1160 3404 *****
1181 3388 1243 3419 Καὶ
1257 3389 1314 3426 τὴν
1331 3387 1386 3428 μὲν
1403 3386 1620 3429 ἀνελευθερίαν
1636 3388 1705 3418 κτλ.
1724 3404 1764 3412 --

1301 3448 1359 3478 374

1784 3385 1894 3403 *****'‘
1912 3386 1972 3419 Ὧν
1991 3386 2026 3418 δέ
2040 3387 2110 3418 ἐστι
2127 3386 2223 3429 χρεία
2241 3389 2308 3420 κτλ.
