2508 3776
294 213 372 253 284

292 301 543 353 percepisses,
577 300 624 338 de
647 300 909 351 hypotheticis
951 302 1190 353 syllogismis
1223 317 1323 356 saepe

291 360 504 412 quaerebas,
527 359 566 395 in
586 358 730 409 quibus
750 359 846 397 nihil
867 369 924 398 est
941 360 990 399 ab
1011 362 1214 401 Aristotele
1234 377 1325 401 con·

290 419 491 469 seriptum,
508 417 796 468 Theophrastus
809 431 905 456 vero
918 420 980 458 vir
996 421 1122 459 omnis
1141 421 1328 460 doctrinae

289 490 407 527 capax
431 489 560 514 rerum
584 485 728 514 tantum
755 490 923 516 summas
944 480 1183 530 exsequitur,
1205 483 1326 518 Eucle-

288 549 367 572 nms
386 536 560 572 latiorem
584 535 747 574 docendi
771 537 947 585 graditur
974 538 1078 576 viam
1094 567 1105 587 ,
1127 540 1194 578 sed
1214 541 1268 578 ita
1286 550 1327 579 nt

287 594 410 632 veluti
434 594 607 644 quaedam
631 595 840 632 seminaria
859 597 1070 646 sparsisse,
1090 598 1239 636 nullum
1277 608 1327 636 ta-

286 666 373 690 men
390 653 508 702 frugis
525 653 701 691 videatur
714 654 895 692 extulisse
915 659 1178 706 proventum.)

341 725 406 750 112.
440 711 551 750 Οὐδὲν
571 712 606 750 δὲ
629 713 679 750 δεῖ
698 711 755 750 τὸν
783 713 980 763 ὁριζόμενον
1007 714 1064 752 καὶ
1088 714 1325 766 διαιρουμενον

284 771 423 809 ἅπαντα
445 771 568 810 εἰδέναι
584 771 630 810 τὰ
649 770 746 812 ὄντα.
804 771 929 810 Καίτοι
949 772 1115 812 ἀδύνατόν
1137 773 1223 826 φασί
1239 789 1325 818 τινες

285 823 371 867 εἶναι
399 828 460 872 τὰς
481 830 647 883 διαφορὰς
681 830 809 868 εἰδέναι
829 829 890 874 τὰς
911 831 997 883 πρὸς
1024 830 1170 870 ἕκαστον
1192 832 1240 883 μὴ
1269 834 1325 871 εἷ-

285 888 399 926 δότα(
387 888 558 927 ἕκαστον·
569 888 670 950 κᾶνευ
691 889 728 927 δὲ
756 891 823 928 τῶν
845 891 1017 944 διαφορῶν
1042 892 1105 929 οὒκ
1125 894 1250 929 εἶναι
1238 891 1323 930 ε’κα-

283 962 362 986 στον
381 947 448 985 εἶδέ
434 963 531 985 ε·ναι
552 941 589 986 οῧ
604 946 672 1000 γὰρ
688 947 736 998 μὴ
757 948 926 1001 διαφέρει,
944 948 1069 987 ταύτὸν
1087 953 1175 988 εἶναι
1194 950 1322 1002 τούτῳ,

282 1000 321 1043 ου
351 1006 387 1045 δὲ
420 1006 590 1059 διαφέρει,
628 1005 746 1058 ἕτερον
782 1006 919 1047 τούτου.
978 1010 1124 1060 Πρῶτον
1165 1008 1228 1057 μὲν
1265 1005 1323 1048 ουν

286 1069 383 1103 τοῦτο
405 1066 549 1118 ψευδος·
570 1065 690 1117 οὐγὰρ
727 1066 818 1104 κατὰ
838 1072 955 1105 πᾶσαν
986 1067 1156 1120 διαφορὰν
1186 1067 1322 1120 ἕτερον·

282 1123 410 1162 πολλαι
430 1123 493 1175 γὰρ
515 1123 677 1176 διαφοραι
699 1123 894 1176 ὑπάρχουσι
914 1125 985 1169 τοῖς
1011 1127 1126 1171 αὐτοῖς
1146 1129 1196 1179 τῷ
1219 1127 1322 1175 εἴδει,

281 1183 359 1220 ἀλλ’
375 1184 413 1220 οὐ
435 1184 519 1221 κατ’
536 1183 653 1221 οὐσίαν
672 1181 749 1221 οὐδὲ
768 1183 843 1221 καθ’
864 1184 963 1223 αὑτά.
1021 1179 1113 1224 Εἶτα
1128 1185 1208 1223 ὅταν
1227 1185 1321 1238 λάὸῃ

280 1243 527 1292 τάντικείμενα
551 1243 610 1281 καὶ
634 1242 694 1288 τὴν
719 1243 886 1296 διαφορὰν
908 1244 968 1282 καὶ
995 1243 1048 1281 ὅτι
1069 1251 1139 1283 πᾶν
1157 1244 1323 1295 ἐμπίπτει

281 1301 467 1340 ἐνταυθα
448 1319 470 1348 η
491 1304 657 1350 ἐνταῦθα,
689 1309 749 1340 καὶ
778 1301 908 1354 λᾶ6ῃ’
893 1318 927 1340 εν
946 1302 1078 1356 θατέρῳ
1096 1303 1135 1341 τὸ
1155 1303 1323 1354 ζητούμε-

279 1377 335 1401 νον
366 1365 466 1408 εἶναι,
499 1360 558 1399 καὶ
577 1365 679 1399 τοῦτο
699 1361 854 1413 γινώσκῃ
870 1391 880 1408 ,
904 1360 1002 1399 οὐδὲν
1022 1362 1175 1415 διαφέρει
1196 1363 1323 1401 εἰδέναι

278 1419 300 1466 ἢ
321 1419 369 1470 μὴ
401 1420 526 1458 ειδέναι
560 1419 614 1471 ἐφ’
629 1420 719 1457 ὅσων
741 1423 1018 1472 κατηγοροῦνται
1040 1421 1155 1458 ἄλλων
1184 1423 1219 1459 αἱ
1244 1422 1323 1459 δια-

278 1477 393 1531 φοραί.
452 1478 612 1549 Φανερὸν
630 1478 704 1551 γὰρ
724 1478 777 1516 ὅτι
806 1477 846 1516 ἂν
876 1476 965 1515 οὕτω
989 1479 1137 1530 βαδίζων
1160 1478 1242 1531 ἔλθῃ
1275 1481 1322 1524 εἷς

277 1541 387 1574 ταῦτα
406 1539 453 1579 ὡν
475 1535 601 1586 μηκέτι
625 1535 697 1575 ἐστι
713 1535 873 1588 διαφορά,
901 1534 968 1580 ἕξει
987 1536 1045 1574 τὸν
1065 1537 1166 1587 λόγον
1186 1540 1247 1583 τῆς
1265 1538 1322 1574 οὖ-

278 1594 368 1637 σίας.
427 1594 479 1633 'lb
508 1595 537 1632 δ’
558 1594 651 1633 ἅπαν
684 1595 868 1645 ἐμπίπτειν
891 1596 938 1638 εἷς
968 1594 1030 1641 τὴν
1065 1595 1257 1647 διαίρεσῃν
1280 1611 1321 1633 αν

276 1658 297 1706 ᾐ
312 1655 530 1704 ἀντικείμενα
551 1657 599 1693 ὧν
621 1653 669 1705 μή
688 1657 760 1693 ἐστι
777 1653 917 1704 μεταξύ,
935 1656 995 1693 οὐκ
1012 1654 1167 1705 αἴτημα·
1184 1653 1318 1705 ἀνάγκη

276 1754 337 1763 —r

273 1819 379 1861 posita
407 1818 638 1861 consequentia
667 1818 702 1852 vi
731 1818 968 1860 conjunctionis
1007 1819 1062 1852 vel
1092 1819 1321 1861 disjunctionis

273 1877 468 1911 ostenditur.
496 1878 543 1909 Ac
562 1876 681 1918 prioris
695 1876 831 1918 quidem
846 1876 1018 1918 positionis
1044 1877 1233 1919 exemplum
1249 1878 1317 1915 est,

274 1936 382 1969 veluti
412 1945 489 1968 cum
519 1945 572 1968 res
603 1945 717 1969 omnes
753 1936 938 1978 corporales
968 1936 1116 1968 materiae
1138 1936 1319 1979 formaeque

274 2004 435 2027 concursu
453 1994 632 2027 subsistere
651 1994 924 2027 demonstramus.
945 1996 1035 2027 Tunc
1045 1994 1133 2027 enim
1155 1994 1244 2036 quod
1262 2003 1319 2036 per

275 2063 386 2087 rerum
401 2055 553 2086 naturam
563 2053 635 2086 fieri
652 2063 717 2086 non
738 2055 864 2096 potest,
880 2054 1047 2095 ponimus,
1062 2053 1097 2086 id
1113 2055 1173 2093 est,
1189 2063 1318 2087 omnem

274 2114 392 2146 formae
419 2114 572 2145 naturam
596 2122 616 2145 a
631 2112 781 2154 subjecta
809 2111 965 2150 materia,
991 2111 1019 2143 si
1046 2120 1111 2143 non
1128 2120 1180 2151 re,
1203 2111 1319 2144 saltem

275 2172 471 2213 cogitatione.
493 2180 699 2214 separamus3
721 2172 753 2203 et
769 2170 925 2213 quoniam
940 2170 1023 2202 nihil
1037 2179 1076 2202 ex
1089 2170 1188 2203 robus
1202 2179 1319 2212 corpo-

273 2232 339 2264 reis
359 2231 525 2273 reliquum
551 2231 606 2269 fit,
627 2230 889 2263 demonstratum
908 2231 1009 2271 atque
1023 2231 1192 2262 ostensum
1219 2231 1319 2271 puta-

273 2301 349 2324 mus
365 2290 487 2323 eisdem
505 2289 773 2322 convenientibus
792 2288 1011 2330 corporalium
1035 2297 1147 2320 rerum
1170 2288 1319 2320 substan-

275 2349 353 2380 tiam
376 2347 510 2387 confici,
526 2347 649 2389 quibus
666 2356 686 2379 a
704 2356 739 2379 se
760 2346 926 2379 distinctis
946 2356 984 2379 ac
1001 2347 1247 2380 discedentibus
1266 2347 1318 2379 in-

274 2407 458 2439 terimatur.
492 2407 530 2438 In
560 2406 623 2438 hoc
653 2405 755 2447 igitur
781 2407 929 2447 exemplo
958 2406 1064 2448 posita
1096 2406 1317 2439 consentiendi

275 2464 475 2502 conditione,
497 2466 535 2496 ut
563 2463 598 2496 id
620 2464 787 2506 paulisper
807 2463 879 2497 fieri
907 2464 1111 2505 intelligatur
1131 2464 1221 2507 quod
1245 2465 1317 2497 fieri

275 2533 339 2556 non
351 2525 477 2565 potest,
493 2523 528 2555 id
544 2525 609 2563 est,
625 2525 663 2555 ut
682 2522 798 2556 formae
818 2533 837 2556 a
857 2524 997 2556 materia
1014 2525 1218 2566 separentur,
1235 2524 1317 2566 quid

273 2584 494 2623 consequatur
530 2581 746 2620 intendimus,
782 2583 889 2624 perire
930 2583 1055 2615 seilicet
1087 2592 1238 2625 corpora,
1278 2585 1316 2615 ut

273 2639 386 2672 cadim
406 2650 447 2672 ex
461 2640 578 2672 iisdem
594 2641 772 2673 consistere
783 2642 1043 2683 comprobemus.
1064 2643 1147 2674 Nam
1160 2642 1315 2683 quoniam

272 2699 425 2731 interitus
447 2698 665 2740 corporalium
689 2709 801 2731 rerum
828 2701 1051 2742 consequitur,
1071 2701 1146 2743 jure
1175 2700 1316 2733 dicimus

273 2767 324 2789 res
341 2766 453 2788 ornnes
485 2765 657 2798 corporeas
684 2757 790 2790 forma
813 2759 1018 2801 materiaque
1046 2761 1205 2792 constare.
1232 2763 1314 2798 Quae

273 2825 350 2848 vero
367 2825 386 2848 a
411 2816 615 2857 simplicibus
632 2815 793 2849 differunt
805 2843 812 2857 ,
835 2818 901 2850 illae
918 2820 1011 2853 sunt.
1037 2819 1169 2860 quando
1189 2819 1313 2861 aliquid

272 2874 394 2906 dicitur
416 2883 486 2906 esse
513 2874 566 2906 vel
594 2882 659 2905 non
684 2883 772 2913 esse,
804 2876 832 2908 si
861 2877 943 2918 quid
967 2877 1020 2910 vel
1043 2877 1145 2910 fuerit
1167 2877 1220 2910 vel
1248 2887 1313 2909 non

272 2933 383 2965 fuerit.
407 2935 475 2965 Hae
505 2942 633 2974 semper
654 2944 730 2967 cum
762 2935 1046 2975 conjunctionibus
1073 2938 1309 2978 proponuntur,

273 2994 310 3024 ut
331 3000 407 3024 oum
437 2991 577 3023 dicimus
597 3003 605 3023 ι
622 2992 649 3024 si
673 2993 771 3025 homo
792 2996 858 3032 est,
877 2995 997 3027 animal
1018 2997 1079 3027 est.
1109 2996 1208 3027 Fiunt
1234 3005 1313 3027 vero

271 3046 508 3092 propositiones
524 3051 743 3092 hypotheticae
758 3051 857 3083 etiam
883 3061 940 3093 per
962 3053 1214 3095 disjunctionem
1235 3054 1283 3086 ita
1300 3064 1309 3086 z

271 3110 330 3140 aut
359 3109 423 3140 hoc
451 3110 517 3146 est,
546 3111 605 3140 aut
626 3109 710 3141 illud
741 3111 801 3142 cst.
828 3110 942 3142 Omnis
965 3111 1067 3152 igitur
1100 3112 1312 3154 hypothetica

272 3167 450 3210 proposi-tio
471 3167 524 3199 vel
556 3176 615 3209 per
644 3167 877 3200 connexionem
906 3169 943 3200 fit
973 3171 1051 3211 (per
1078 3171 1311 3204 connexionem

274 3234 352 3258 vero
384 3225 479 3258 illum
507 3235 639 3268 quoque
665 3226 818 3264 modum,
846 3227 904 3268 qui
936 3236 995 3269 per
1019 3229 1223 3269 negationem
1254 3230 1308 3268 fit,

270 3293 342 3318 esse
360 3284 569 3326 pronuntio),
604 3285 658 3318 vel
687 3294 745 3327 per
763 3285 1034 3327 dis-junctionem
1062 3290 1204 3330 uterque
1226 3288 1312 3321 enim

270 3342 390 3375 mod-us
406 3352 448 3375 ex
465 3343 671 3384 simplicibus
686 3343 963 3386 propositionibus
986 3349 1203 3387 comparat-ur.
1222 3349 1312 3388 (Boe-

272 3401 362 3436 thius
386 3402 428 3436 {le
453 3401 647 3444 Syllogismo
673 3401 884 3444 hypothetico
914 3402 957 3435 ad
986 3405 1236 3445 Symmachum.
1268 3407 1301 3449 1,

272 3469 343 3506 pag.
360 3464 419 3494 007
436 3461 486 3494 ed.
506 3459 623 3499 Basil.)

950 212 1150 254 EUDEMI
1179 213 1357 255 RHODII
1392 214 1746 255 PERIPATETICI

1395 303 1463 357 γὰρ
1484 303 1577 343 ἅπαν
1598 305 1634 342 ἐν
1652 301 1784 357 θατέρῳ
1803 304 1915 342 αὐτῶν
1935 297 2037 354 εἶναι,
2071 304 2170 359 εἴπερ
2196 304 2325 345 ἐκείνου
2344 291 2459 350 δικ-’ᾡς

1388 363 1477 416 φορὰ
1495 363 1606 402 ἔσται.

1441 421 1688 474 (Aristoteles
1721 420 1875 471 Analyt.
1912 429 2056 472 poster.
2080 422 2150 463 lib.
2185 423 2223 462 ll
2256 437 2343 476 cap.
2365 423 2422 464 '1³
2472 396 2474 401 v

1389 494 1479 532 pag.
1496 495 1562 530 97.
1578 493 1613 518 a.
1637 481 1659 517 6
1678 479 1738 518 ed.
1759 479 1920 519 Bekker.
1946 481 2174 532 Anonymus
2194 483 2237 521 in
2255 482 2424 526 scholiis
2470 517 2477 534 „,

1387 539 1546 578 Aristot.
1584 552 1674 590 pag.
1697 545 1786 584 248.
1813 552 1847 578 a.
1869 538 1928 577 ed.
1960 539 2136 581 Brandis.
2195 541 2425 582 Σπιυσίππω

1386 600 1516 644 ταύτην
1537 597 1600 645 τὴν
1624 598 1723 642 δόξαν
1750 597 1913 648 Εὔδημος
1931 591 2021 636 εἶναι
2040 599 2150 650 λέγει,
2170 599 2234 647 τὴν
2254 598 2308 645 ὅτι
2333 599 2425 651 ἁδό-

1386 657 1488 696 νατόν
1523 659 1614 695 ἐστιν
1643 656 1826 710 ὁρίσασθαί
1854 673 1887 695 τι
1920 659 1987 695 τῶν
2023 657 2129 696 ὄντων
2158 658 2208 708 μὴ
2236 657 2424 705 ventumst&
2482 665 2490 686 ’-

1386 715 1469 755 ὄντα
1492 716 1618 756 εἰδότα.
1677 720 1811 767 Itaque
1826 717 1997 755 Eudemo
2014 725 2171 756 auctore
2186 717 2220 755 T
2223 716 2424 763 hen-istius

1386 784 1423 813 et
1445 776 1687 826 Philoponus
1707 775 1767 813 usi
1786 784 1876 813 sunt
1892 804 1902 823 ,
1933 778 2001 825 qui
2039 775 2119 813 haec
2148 775 2197 814 ab
2220 773 2426 815 Aristotele

1387 843 1524 872 eontra
1555 834 1818 886 Speusippum
1848 834 1949 871 dieta
1977 847 2060 872 esse
2096 835 2280 874 referunt.
2313 833 2438 883 Confi
2495 845 2500 852 ²

1386 892 1614 931 Brandisius
1634 895 1676 931 in
1696 892 1795 932 Mus.
1815 893 1937 933 Rhen.
1959 896 1971 932 l
1993 908 2033 945 p.
2057 907 2132 942 270

1731 1011 1848 1049 ΠΕΡΙ
1879 1010 2095 1050 ΛΕΞΕΩΣ.

1440 1139 1504 1166 113.
1533 1128 1679 1178 Πρῶτον
1709 1125 1823 1164 τοίνυν
1856 1125 2048 1178 διωρίσθω,
2079 1125 2113 1165 τί
2147 1128 2222 1165 ἐστι
2257 1126 2425 1179 πρότασις

1385 1183 1586 1230 διαλεκτικὴ
1615 1183 1675 1222 καὶ
1706 1184 1740 1222 τί
1766 1183 1958 1236 πρόὸλημα
1982 1183 2215 1223 διαλεκτικόν.
2273 1186 2328 1225 Οὗ
2355 1185 2423 1240 γὰρ

1385 1247 1502 1280 πᾶσαν
1523 1242 1693 1295 πρότασιν
1716 1242 1793 1280 οὐδὲ
1814 1248 1883 1280 πᾶν
1917 1242 2108 1294 πρόὸλημα
2130 1243 2348 1283 διαλεκτικὸν
2368 1247 2423 1284 θε-

1386 1299 1478 1338 τέον·
1500 1301 1608 1344 οὐδεὶς
1627 1301 1695 1354 γὰρ
1734 1300 1775 1338 ἂν
1807 1300 1996 1352 προτείνειε
2029 1305 2106 1339 νοῦν
2129 1300 2218 1353 ἔχων
2243 1300 2285 1340 τὸ
2302 1303 2424 1353 μηδενὶ

1387 1359 1525 1407 δοκοῦν,
1547 1358 1624 1397 οὐδὲ
1643 1358 1814 1411 προὸάλοι
1834 1358 1873 1397 τὸ
1893 1364 1979 1397 πᾶσι
2006 1357 2151 1411 φανερὸν
2187 1357 2210 1404 ἢ
2235 1359 2308 1403 τοῖς
2325 1360 2425 1412 πλεί-

1385 1433 1493 1460 στοις·
1514 1416 1558 1455 τὰ
1579 1417 1640 1467 μὲν
1662 1417 1728 1470 γὰρ
1752 1419 1813 1455 οὐκ
1835 1416 1907 1468 ἔχει
1933 1417 2081 1469 ἀπορίαν
2099 1447 2110 1467 ,
2131 1417 2176 1455 τὰ
2197 1417 2226 1456 δ’
2254 1418 2363 1464 οὐδεὶς
2381 1418 2424 1459 ἂν

1385 1475 1472 1523 θείη.
1529 1475 1634 1516 Ἐστι
1651 1475 1686 1513 δὲ
1702 1475 1870 1527 πρότασις
1887 1475 2089 1522 διαλεκτικὴ
2110 1474 2278 1529 ἐρώτησις
2291 1475 2424 1524 ἔνδοξος

1383 1534 1406 1581 ἢ
1421 1540 1526 1572 πᾶσιν
1543 1532 1565 1580 ἢ
1584 1537 1654 1578 τοῖς
1675 1533 1888 1580 πλείστοιςῆ
1908 1534 1978 1586 τοῖς
2008 1535 2138 1587 σοφοῖς,
2164 1534 2224 1573 καὶ
2243 1533 2374 1581 τούτοις
2399 1535 2423 1584 ἢ

1385 1599 1490 1632 πᾶσιν
1510 1592 1529 1639 ἢ
1546 1595 1615 1637 τοῖς
1634 1593 1809 1637 πλείστοις
1833 1592 1853 1640 ἢ
1871 1598 1941 1637 τοῖς
1967 1592 2123 1643 μάλιστα
2150 1593 2353 1647 γνωρίμοις,
2371 1594 2422 1648 μὴ

1385 1652 1590 1704 παράδοξος.

1425 1820 1495 1850 112.
1522 1819 1637 1859 Neque
1654 1826 1733 1850 vero
1757 1818 1886 1859 oportet
1904 1826 1981 1850 eum
2009 1816 2067 1859 qui
2086 1816 2222 1850 definiat
2241 1826 2279 1851 ac
2295 1817 2424 1853 dividat

1380 1885 1433 1909 res
1463 1885 1577 1910 omnes
1604 1885 1708 1909 nosse.
1734 1878 1943 1918 Quamquam
1970 1875 2119 1908 nonnulli
2148 1875 2315 1910 affirmant
2349 1877 2422 1911 fieri

1380 1945 1445 1968 non
1463 1945 1575 1978 posse,
1593 1937 1632 1968 ut
1652 1944 1765 1967 rerum
1779 1935 1866 1968 inter
1886 1944 1923 1968 se
1939 1934 2131 1968 discrimIna
2150 1932 2341 1976 teneamus,
2356 1937 2423 1970 nisi

1381 1995 1525 2037 singulas
1541 2003 1594 2027 res
1619 1993 1882 2035 cognoverimus;
1905 1993 1974 2027 sine
1997 1992 2196 2027 differentiis
2219 1995 2332 2027 autem
2355 2003 2424 2028 non

1379 2062 1473 2095 posse
1491 2052 1617 2095 singula
1635 2051 1773 2093 intelligi
1795 2063 1802 2083 2
1827 2051 1862 2084 id
1883 2051 1970 2084 enim
1997 2060 2017 2084 a
2040 2060 2108 2094 quo
2121 2052 2186 2085 hoc
2205 2061 2270 2086 non
2285 2051 2418 2093 differt,

1378 2111 1467 2143 idem
1495 2120 1571 2143 cum
1592 2111 1656 2143 hoc
1674 2119 1744 2143 esse
1765 2121 1772 2142 :
1798 2109 1834 2143 id
1854 2119 1934 2143 vero
1957 2119 1976 2143 a
1999 2119 2067 2153 quo
2091 2110 2223 2150 differt,
2249 2111 2420 2146 diversum

1378 2179 1450 2203 esse
1477 2171 1519 2203 ab
1541 2170 1614 2203 hoc.
1638 2169 1786 2202 Primum
1810 2169 1912 2211 igitur
1935 2169 1999 2202 hoc
2023 2169 2146 2203 falsum
2164 2171 2224 2204 est.
2244 2172 2316 2204 Non
2330 2171 2436 2206 eitun.

1378 2229 1560 2263 secundum
1583 2229 1736 2272 quamvis
1753 2228 1978 2262 differentiam
2003 2230 2054 2261 est
2078 2228 2185 2268 aliud,
2210 2229 2422 2274 quandoqui-

1377 2288 1454 2322 dem
1475 2288 1517 2321 iis
1539 2297 1617 2331 quas
1637 2290 1714 2320 sunt
1730 2287 1845 2320 eadem
1873 2287 1999 2329 specie,
2023 2287 2140 2320 multae
2165 2290 2242 2320 sunt
2260 2287 2420 2324 differem-

1377 2347 1450 2385 tiae,
1473 2356 1538 2379 non
1565 2349 1676 2379 tamen
1709 2346 1758 2378 rei
1783 2347 1911 2378 naturae
1935 2346 2174 2386 convenienter,
2203 2355 2264 2379 nec
2289 2355 2347 2389 per
2369 2344 2418 2382 se.=

1375 2405 1501 2438 Deinde
1529 2405 1588 2438 ubi
1607 2404 1683 2447 quis
1705 2403 1845 2446 sumpsit
1875 2405 1947 2435 tum
1975 2403 2138 2449 opposita,
2162 2405 2237 2437 tum
2263 2404 2425 2439 ‹litteren--

1376 2465 1476 2503 fiam,
1507 2466 1541 2496 et
1566 2463 1699 2506 quidvis
1716 2463 1750 2495 in
1776 2463 1862 2495 hanc
1878 2462 1933 2496 vel
1954 2462 2047 2495 illam
2070 2465 2200 2505 partem
2219 2463 2351 2504 cadere,
2379 2474 2419 2499 ac

1377 2523 1517 2566 sumpsit
1537 2523 1571 2555 in
1599 2523 1701 2555 altera
1723 2523 1818 2564 parte
1847 2531 1918 2555 esse
1947 2521 1983 2554 id
2004 2521 2095 2564 quod
2122 2522 2294 2565 quaeritu13
2317 2523 2418 2567 idque

1377 2582 1562 2624 cognoscit,
1592 2581 1674 2613 nihil
1699 2580 1804 2614 refert
1822 2582 1938 2613 utrum
1961 2580 2044 2613 sciat
2068 2590 2111 2613 an
2127 2580 2270 2624 ignoret,
2295 2582 2417 2625 quibus

1375 2641 1447 2673 aliis
1471 2641 1533 2673 hae
1550 2639 1748 2673 differentiae
1763 2639 1997 2672 attribuantur.
2019 2641 2162 2682 Apparet
2188 2640 2292 2680 enim,
2315 2641 2342 2674 si
2369 2642 2416 2676 ita

1374 2698 1585 2741 progrediens
1610 2698 1796 2740 pervenerit
1816 2697 1859 2730 ad
1882 2707 1920 2730 ea
1942 2706 2084 2740 quorum
2104 2706 2168 2730 non
2195 2699 2246 2731 est
2274 2698 2416 2741 amplius

1374 2758 1578 2796 differentia,
1610 2766 1687 2790 eum
1712 2757 1905 2789 habiturum
1926 2765 1997 2789 esse
2025 2756 2258 2790 definitionem.
2290 2757 2356 2791 Sed
2372 2761 2411 2791 ut

1373 2816 1506 2859 quidvis
1530 2816 1565 2848 in
1593 2815 1789 2848 divisionem
1812 2815 1927 2854 cadat,
1963 2814 1991 2847 si
2027 2814 2092 2847 sint
2117 2815 2266 2858 opposita
2303 2816 2413 2850 medio

1374 2874 1535 2914 carentia,
1548 2883 1614 2906 non
1635 2875 1686 2907 est
1711 2873 1925 2916 postulatum.
1943 2874 2082 2906 Necesse
2104 2873 2191 2906 enim
2209 2875 2261 2907 est
2281 2874 2414 2918 quidvis

1372 2934 1407 2967 in
1426 2935 1531 2967 altero
1554 2943 1670 2967 eorum
1692 2942 1783 2974 esse,
1810 2933 1839 2966 si
1856 2932 1992 2975 quidem
2012 2932 2104 2966 illius
2119 2932 2310 2968 differentia
2336 2935 2409 2969 erit.
2455 2950 2457 2952 ·

1742 3023 1800 3054 DE
1829 3020 2041 3054 D'IGTIONE.

1416 3114 1484 3144 113.
1509 3110 1659 3143 Primum
1691 3108 1793 3150 igitur
1823 3106 2008 3146 definiatur,
2036 3106 2123 3149 quid
2153 3106 2196 3140 sit
2232 3107 2411 3149 propositio
2450 3115 2452 3118 ·

1372 3170 1542 3203 dialectica
1578 3170 1612 3202 et
1648 3168 1730 3211 quid
1761 3166 1930 3210 problema
1969 3166 2189 3199 dialecticum.
2217 3167 2282 3199 Nee
2324 3165 2411 3199 enim

1371 3229 1477 3262 omnis
1509 3227 1688 3271 propositio
1713 3235 1773 3259 nec
1794 3225 1899 3258 omnis
1932 3224 2098 3267 proposita
2129 3224 2271 3267 quaestio
2304 3223 2411 3258 diale-

1371 3288 1454 3320 ctica
1476 3286 1658 3320 existimari
1676 3285 1785 3318 dehet.
1801 3286 1902 3317 Nemo
1920 3283 2005 3316 enim
2026 3282 2147 3316 mentis
2169 3291 2302 3325 compos
2315 3282 2411 3325 prin-

1371 3347 1493 3388 cipium
1510 3347 1609 3388 ponet
1631 3344 1721 3387 quod
1736 3343 1857 3376 nomini
1870 3343 2013 3381 videtur,
2032 3339 2139 3384 neque
2154 3350 2213 3384 pro
2229 3340 2410 3384 quaestione
2441 3376 2444 3378 Α

1370 3405 1525 3443 habebit,
1546 3404 1636 3446 quod
1661 3404 1704 3435 sit
1726 3402 1935 3445 perspicuum
1963 3401 2116 3434 omnibus
2142 3402 2200 3434 aut
2224 3399 2434 3444 plerisque..

1370 3465 1526 3506 quoniam
1543 3464 1616 3496 haec
1632 3462 1714 3495 nihil
1734 3461 1950 3494 dubitationis
1977 3460 2116 3500 habent,
2136 3459 2193 3493 illa
2214 3467 2296 3494 vero
2311 3467 2407 3493 nemo

2490 3019 2508 3115 {l

2483 3119 2508 3208 l

2488 3228 2508 3270 ἐξ.

2483 3273 2508 3298 1

2490 3319 2508 3368 ἐξ

2472 3382 2508 3463 i

2435 3438 2473 3476 ξ
2491 3470 2493 3472 .

2424 3466 2508 3607 ι

2437 3605 2508 3776 ὲ
