2508 3776
257 245 325 286 ὑὶ
339 245 364 295 ἢ
383 246 608 295 δικαιοσύνης
624 246 694 294 ἕξιν
721 247 815 302 ἔχειν
837 248 861 298 ἢ
883 249 1040 299 ἀδικίας,
1059 249 1078 290 ὃ
1095 250 1184 305 χρό·

128 349 146 361 55
258 305 474 354 ’ὂσκήσεως
491 308 615 355 δεῖται,
639 309 685 347 δι’
716 307 756 353 ἃς
781 308 868 354 ἕξεις
885 309 908 357 ἢ
939 309 1071 355 δίκαιός
1089 310 1181 358 τιςῆ

101 381 162 420 (ΜΞ
176 361 187 406 'ss
226 390 228 393 .
279 363 446 418 λέγεται,
468 369 572 405 τοῦτο
598 365 635 405 δὲ
668 368 733 406 οὐκ
755 366 851 406 ἔστιν
874 368 928 422 ἐφ’
961 364 1073 419 ἡμῖν,
1091 367 1184 408 ὥστε

103 422 107 424 ἡ
140 423 143 425 ’
257 424 480 479 *ιβούλεσθαι
500 426 560 465 καὶ
584 426 736 480 ῥοίδιον·
723 431 814 467 εἶναι
836 428 1048 475 κτήσασθαι.

164 476 210 579 {54
195 476 379 537 Ὁμοίως
399 484 436 525 δὲ
452 486 642 548 νομίζουσι
653 486 713 526 καὶ
724 486 786 535 τὴν
800 491 928 541 γνῶσιν
946 490 1015 527 τῶν
1040 487 1184 527 δικαίων

176 545 282 590 οὖν
312 543 443 584 ἀδίκων
464 545 587 600 ῥαδίαν
609 549 719 593 εἶναι,
745 546 805 585 καὶ
825 547 863 585 τὸ
881 546 1050 586 δύνασθαι
1071 551 1183 587 ταῦτα

241 618 315 644 ειιν
335 603 434 644 οῦδὲν
453 604 585 644 οἴονται
598 604 704 659 σοφὸν
719 600 820 644 εἶναι·
838 605 892 644 ὅτι
908 606 988 659 περὶ
1008 608 1056 644 ὧν
1077 608 1109 646 οἱ
1127 607 1183 646 νό-

151 653 394 716 mouent,
416 665 455 705 οὖ
479 666 637 718 χαλεπὸν
661 664 831 706 συνιέναι.
867 667 994 705 Ταῦτα
1025 665 1062 704 δὲ
1095 660 1184 706 εἶναί

222 729 250 751 ⁸
265 722 312 763 τὰ
331 723 464 763 δίκαια·
485 725 548 764 οὒκ
565 725 632 764 εἶσὶ
653 724 690 764 δὲ
711 726 741 764 εἰ
761 724 811 776 μὴ
833 723 926 764 κατὰ
945 725 1183 775 συμὸεὸηκός·

124 780 258 837 ’.ἂρ
273 781 396 828 ἅπλῶς
409 782 501 823 οὕτω
521 783 761 838 πραττόμενος
781 787 800 824 ὃ
815 784 921 836 νόμος
941 784 1105 830 δίκαιός’
1089 802 1183 826 εστιν

144 885 152 900 7
176 888 181 893 ‚.
247 864 253 875 ι
305 872 318 894 ,
335 842 426 883 ’tal‘
407 859 454 888 ως
471 842 573 898 ἔτυχε
585 844 816 897 τελούμενος,
838 843 900 883 καὶ
915 859 988 897 παρ
990 838 1077 893 ’Q
1098 846 1184 885 ἀλλ’

92 919 98 925 “
119 908 163 950 ,ι’
198 900 276 953 δὲῖ,
318 901 379 943 καὶ
396 902 454 942 ὅτε
490 903 567 953 δεῖ,
593 904 654 943 καὶ
676 904 759 955 παρ’
780 898 828 944 ων
846 904 901 943 δέ’
868 919 912 944 ὲι.
932 903 987 943 Τὸ
1014 904 1050 943 δὲ
1071 909 1183 944 ταῦτα

71 954 189 1013 ’,εἶ’-ἶ
225 958 375 1003 ἕκαστον
395 964 464 1002 τῶν
495 962 617 1015 νόμων
640 963 768 1004 εἰδέναι
782 963 1073 1037 ”8ucxep3crtep6v
1110 967 1186 1004 ἔστι

94 1020 145 1068 Ῡ’31
207 1018 259 1060 ’τὰ
279 1021 411 1075 ὖγιεινὰ
438 1021 579 1062 εἰδέναι·
601 1023 677 1063 ἐπεὶ
696 1024 801 1063 κάκεῖ
829 1023 911 1075 μέλι
933 1026 992 1061 καὶ
1009 1017 1099 1064 οἰνον
1123 1041 1183 1064 και

203 1085 212 1111 1'
238 1094 326 1137 ιρον,
341 1081 403 1122 καὶ
419 1097 558 1133 καυσιν,
580 1082 642 1122 και
661 1082 770 1135 τομὴν
786 1082 915 1123 εἰδέναι
932 1081 1065 1136 ῥάδιον·
1085 1085 1178 1123 ἀλλὰ

78 1137 204 1204 υῢς
222 1141 278 1181 δεῖ
299 1140 432 1180 τούτων
451 1140 596 1183 ἕκαστον
618 1159 705 1197 προς
738 1142 803 1191 τὴν
825 1141 957 1195 ὑγίειαν
981 1142 1044 1181 ἰ-οίζ
1029 1159 1103 1194 αι,
1122 1143 1183 1182 καὶ

65 1235 81 1270 '3'
74 1182 199 1242 ὲτίνι
214 1201 487 1256 προσενεκτέον,
514 1203 575 1243 καὶ
595 1202 705 1254 πότε,
723 1210 740 1235 b
755 1217 921 1242 τοσουτον
957 1199 1078 1255 ἔργον,
1101 1203 1181 1245 ὅσον

74 1259 249 1314 int-tp&
270 1254 372 1301 εἶναι.

63 1324 81 1339 ³
80 1326 132 1355 ‚3
181 1319 220 1340 ‘⁸‘
239 1320 309 1362 Διὰ
321 1323 434 1362 ταυτα
445 1321 488 1371 δὴ
508 1322 569 1362 καὶ
588 1321 646 1362 τὸν
661 1322 794 1364 δίκαιον
817 1323 998 1376 νομίζουσι
1016 1323 1184 1364 δύνασθαι

63 1375 262 1422 Ἥδικειν
279 1379 376 1421 οὐδὲν
389 1381 532 1423 ἔλαττον
546 1386 608 1422 τοῦ
624 1382 757 1434 ἀδίκου,
772 1384 863 1424 ἀλλὰ
871 1385 930 1424 καὶ
943 1384 1061 1432 πλέον,
1080 1375 1176 1422 διὰ
1144 1400 1184 1423 το

29 1449 31 1451 ’
67 1431 174 1491 3ξὲ
216 1439 426 1481 ιδύνασθαι
447 1443 627 1496 πράττειν·
643 1444 787 1482 δύναιτο
800 1443 868 1496 γὰρ
885 1443 926 1483 ἂν
943 1444 1004 1483 καὶ
1028 1443 1184 1490 πατάξαι

62 1494 173 1554 μοιβ)
194 1495 311 1557 ὀυδὲν
331 1501 528 1550 ἠδικηκότα
554 1502 614 1542 καὶ
631 1503 818 1557 ὑφελέσθαι
845 1502 890 1542 τὰ
911 1503 1100 1558 ἀλλότρια,
1121 1503 1182 1543 καὶ

202 1558 317 1616 δρεῗος
336 1561 452 1614 papate
467 1561 530 1611 τὴν
545 1562 678 1601 ἀσπίδα
697 1562 757 1602 καὶ
773 1568 908 1616 φυγεῖν·
931 1564 1010 1604 ἀλλ’
1028 1564 1066 1602 οὔ
1086 1563 1126 1602 τὸ
1140 1563 1184 1602 τὰ

216 1660 229 1667 „
250 1622 418 1677 πράττειν
447 1621 580 1662 ἀδικεῖν
616 1624 728 1670 ἔστιν,
761 1622 840 1661 οὐδὲ
861 1622 900 1660 τὸ
922 1622 966 1661 τὰ
985 1626 1046 1662 τοῦ
1071 1623 1183 1661 δειλου

58 1710 75 1748 5.
204 1702 207 1704 ·
262 1695 294 1720 ιν
304 1679 490 1720 δειλαίνειν
503 1680 593 1729 ἐστί,
611 1680 704 1728 πλὴν
715 1681 808 1720 κατὰ
828 1682 1068 1733 συμὸεὸηκός·
1092 1684 1183 1722 ἀλλὰ

68 1735 90 1743 ”
51 1736 271 1796 fiper&
277 1741 343 1788 τῆς
358 1738 460 1786 ἕξεως
469 1745 582 1780 ταῦτα
592 1741 774 1795 πράττειν,
791 1743 894 1781 τοῦτό
908 1744 982 1782 ἐστι
1000 1742 1040 1781 τὸ
1056 1743 1186 1781 δειλαί-

62 1783 196 1840 xm
199 1796 239 1847 ἢ
253 1798 400 1839 ἅδικειν·
415 1799 500 1839 ὅταν
517 1817 570 1846 τις
580 1802 643 1841 οὐκ
657 1802 786 1841 ἐθέλων
802 1802 924 1847 ἁπλῶς
935 1833 945 1851 ,
967 1801 1059 1841 ἀλλὰ
1079 1802 1184 1842 πάθει

101 1854 332 1913 Μῄονος
359 1858 497 1904 δειλίας
519 1859 656 1914 φεύγῃ,
684 1860 706 1910 ἢ
741 1863 791 1915 τῷ
825 1860 939 1907 ἕξιν”
920 1877 1014 1914 εχειν
1050 1861 1186 1907 ἀδικίας

42 1908 295 1969 Ῠῆδὺιῇ,
268 1930 390 1971 ωσπερ
412 1934 472 1958 και
493 1919 533 1959 τὸ
553 1918 751 1970 ἰατρεύειν,
767 1919 827 1959 καὶ
846 1920 886 1959 τὸ
901 1920 1067 1972 ὑγιάζειν,
1085 1922 1124 1960 06
1144 1921 1186 1961 τὸ

51 2019 68 2035 >
10 1956 266 2042 'waziw
283 1972 316 2024 ἦ
323 1977 585 2030 φαρμακεύειν,
604 1977 627 2026 ἢ
644 1978 693 2030 μὴ
713 1978 955 2032 φαρμακεύειν
965 1978 1074 2030 ἐστίν,
1091 1979 1180 2019 ἀλλὰ

42 2023 182 2072 ’Ἥ
185 2034 234 2078 ὥς
246 2034 323 2083 δεῖ,
344 2035 406 2075 καὶ
435 2035 494 2075 ὅτε
530 2037 603 2084 δεῖ,
640 2039 753 2075 ταῦτα
779 2044 889 2076 ποιεῖν
924 2037 1031 2083 ἕξιν’
1021 2041 1182 2091 ιατρικῆς

32 2090 40 2098 “’
93 2077 124 2132 n.
137 2090 269 2147 οντα,
287 2093 342 2135 Τὸ
367 2093 453 2171 μὲν
456 2087 516 2134 ουν
537 2095 819 2148 ἔπανορθωτικὸν
847 2097 907 2136 καὶ
939 2097 1184 2146 διανεμητικὸν

185 2165 288 2208 αιον,
313 2146 453 2206 περὶῗ
425 2170 474 2194 ων
503 2155 614 2193 εἰπεῖν
645 2153 854 2206 προῦκειτο,
889 2155 967 2195 τίνα
998 2156 1073 2196 ἐστὶ
1104 2159 1184 2197 καθ’

26 2220 41 2259 ζ
94 2178 246 2264 jkdfird,
265 2211 328 2254 παὶ
349 2210 443 2258 ὅπως
462 2211 556 2266 ἔχει,
579 2214 836 2267 διωρισάμεθα.

43 2275 50 2279 ’
168 2266 324 2316 ΜΗἬίἲν
343 2270 382 2312 δὲ
403 2272 526 2327 ῥητέον
543 2272 632 2322 ἐστί,
646 2290 720 2318 πως
743 2273 818 2328 ἔχει
831 2273 870 2313 τὸ
886 2274 1018 2314 δίκαιον
1039 2275 1127 2329 πρὸς
1145 2276 1186 2317 τὸ

34 2331 59 2375 ’ᾖ
93 2327 300 2404 &meede-,-
323 2330 386 2372 καὶ
407 2335 428 2380 ἡ
449 2332 654 2382 δικαιοσύνη
669 2333 756 2388 πρὸς
775 2333 869 2383 τὴν’
854 2335 1059 2375 επιείκειαν·
1076 2336 1186 2376 ἐκεῖνο

90 2386 232 2440 *W
250 2392 303 2446 τῷ
318 2391 402 2446 περὶ
432 2395 496 2431 τοῦ
520 2391 656 2432 δικαίου
679 2392 775 2448 λόγῳ
795 2398 996 2446 προσθεῖσιν
1009 2424 1019 2443 ,
1038 2394 1054 2419 ‘¹
1074 2394 1128 2434 ὅτι
1147 2396 1187 2436 τὸ

74 2492 82 2500 ,
92 2449 372 2502 mainan-maban
390 2451 452 2490 καὶ
468 2452 692 2506 διορθωτικὸν
707 2453 870 2493 δίκαιον’
855 2469 889 2493 εν
913 2453 1056 2500 ἐκείνοις
1070 2454 1180 2506 ἐστίν,

93 2503 152 2552 ⁶⁵2
163 2505 356 2565 ’βὰέχουσι
373 2513 444 2551 τῶν
458 2511 579 2557 ἅπλῶς
590 2514 745 2565 ἀγαθῶν·
767 2507 838 2553 οἷον
858 2513 1050 2563 πλούτουῆ
1069 2514 1183 2569 δόξης,

38 2571 42 2574 ”
126 2570 166 2611 ὄν
183 2563 234 2616 οἷς
261 2569 442 2624 ὖπερὸολὴ
469 2570 531 2610 καὶ
554 2570 708 2627 ἔλλειψις
726 2571 936 2627 εὑρίσκεται·
958 2576 993 2613 ἐν
1017 2574 1086 2627 γὰρ
1103 2573 1184 2628 δόξῃ

123 2629 189 2673 ’παὶ
206 2629 441 2687 δπιρὸάλλειν
462 2632 608 2672 δυνατον
626 2649 666 2671 το
688 2633 763 2672 δέον
785 2634 845 2673 καὶ
863 2635 1037 2674 ἐλλείπειν
1055 2635 1187 2686 ὁμοίως

104 2686 198 2732 -παὶ
213 2690 250 2731 ἒν
269 2690 425 2746 πλούτῳ·
449 2691 507 2730 ἔπι
526 2691 595 2746 γὰρ
615 2695 684 2732 τῶν
704 2692 812 2738 οὕτως
843 2693 996 2746 ἐχόντων
1025 2698 1048 2743 ἡ
1066 2694 1185 2743 ἰσότης

96 2759 99 2761 ’
122 2748 188 2806 καὶ
206 2753 229 2800 ἡ
249 2750 423 2804 ἀναλογία
443 2753 617 2800 ζητεῖται·
643 2752 704 2792 καὶ
735 2755 806 2798 τοῖς
836 2752 1027 2807 μετέχουσι
1051 2752 1183 2793 τούτων

33 2807 76 2867 ,
125 2812 188 2853 πῧ
214 2809 463 2863 διανεμητικου
485 2810 622 2851 δικαίου
641 2806 747 2866 χρεία
772 2811 834 2851 καὶ
857 2817 918 2852 τοῦ
940 2814 1182 2866 διορθωτικοῧ.

86 2871 90 2875 ’
125 2869 222 2912 Ἀλλ’
241 2872 278 2910 ἕν
299 2870 362 2922 μὲν
390 2877 462 2917 τοῖς
482 2875 569 2916 θεοῖς
597 2874 661 2912 οὐκ
687 2872 762 2925 ἔχει
787 2871 909 2926 χώραν
940 2876 962 2921 ἡ
995 2873 1180 2926 ἀνισότης,

83 2929 206 2991 ,5682
227 2930 404 2986 ὖπιρὸολή
426 2933 520 2971 ἐστιν
548 2933 582 2971 ἐν
605 2931 748 2976 ἐκείνοις
763 2961 774 2979 ,
805 2932 884 2972 οὐδὲ
911 2931 1080 2987 ἔλλειψις·
1106 2933 1183 2973 ὅθεν

81 2964 206 3071 ἒΓοῦὃὲ
226 2989 329 3044 χρεία
345 2993 408 3040 τῆς
422 2990 587 3040 τοιαύτης
603 2991 840 3040 δικαιοσύνης·
859 2993 939 3031 ἀλλ’
960 2993 1073 3032 οὗδὲ’
1057 3009 1091 3032 εν
1112 2995 1183 3038 τοῖς

31 3038 196 3151 ωξα
197 3048 270 3096 λοις
297 3051 508 3092 παντάπασι
531 3053 602 3091 τῶν
625 3051 839 3103 ἀνθρώπων,
871 3052 931 3091 και
954 3053 1023 3093 ὑπὸ
1051 3056 1183 3106 τρυφῆς

45 3162 50 3164 .
143 3102 189 3151 ὶ
205 3126 270 3159 της
282 3109 392 3159 ἄλλης
407 3111 603 3166 μοχθηρίας
622 3111 898 3167 διεφθαρμένοις·
911 3118 982 3158 τοῖς
997 3112 1064 3167 γὰρ
1082 3114 1180 3165 6726-

32 3190 51 3222 j
86 3155 247 3217 *ξασθαι
281 3170 469 3223 μέλλουσιν
497 3172 634 3226 ἀνάγκη
668 3188 702 3212 τι
725 3172 847 3226 μόριον
879 3172 971 3249 ὑγιὲς
1001 3174 1116 3226 ἔχειν,
1136 3172 1180 3212 ἵν’

609 158 918 201 ETHICORUM
943 159 1398 205 NIGOMACHEORUM
1426 165 1805 210 PARAPHRASIS.

2216 173 2296 213 425

1248 265 1329 290 vero
1344 257 1485 307 Justitiae
1496 261 1554 292 aut
1566 260 1738 302 injustitiae
1754 261 1906 295 habitum
1923 262 2091 306 consequi,
2107 264 2197 307 quod
2216 267 2302 298 tem-

1247 307 1310 341 pus
1327 302 1360 331 et
1374 300 1643 335 exercitationem
1663 303 1848 343 desiderat,
1876 307 2011 347 propter
2059 315 2135 354 uem
2152 306 2245 340 habit
2231 309 2302 340 tum

1247 342 1306 372 θυι
1320 341 1434 382 justus
1458 342 1578 391 aliquis
1607 346 1665 376 aut
1684 344 1828 386 injustus
1847 349 1998 385 vocatur,
2028 347 2038 379 i
2084 347 2118 380 in
2140 351 2257 390 polest·
2260 352 2304 381 tte

1246 384 1359 414 nostra
1375 392 1439 415 non
1452 387 1520 422 est,
1536 384 1583 418 ita
1605 388 1643 418 ut
1664 385 1781 427 facile,
1801 387 1900 421 simul
1919 391 2019 431 atque
2041 389 2148 423 voluit
2161 390 2300 433 aliquis,

1246 423 1282 457 id
1299 428 1534 467 consequatur.

1289 484 1447 518 Similiter
1465 488 1499 518 et
1517 495 1632 520 eorum
1658 498 1734 531 quae
1754 489 1847 531 justa
1867 493 1901 524 et
1927 491 2052 534 injusta
2067 493 2146 525 sunt
2171 490 2301 525 factem

1247 551 1319 576 esse
1354 544 1575 587 cognitionem
1603 548 1824 589 arbitrantur,
1849 560 1953 594 eaque
1986 560 2181 592 cognoscere
2205 560 2302 595 posse

1247 603 1371 637 nullius
1385 613 1457 639 esse
1476 607 1644 649 sapientiae
1670 612 1789 652 putant
1811 623 1820 643 ι
1843 610 1922 653 quia
1944 620 1982 644 ea
2004 610 2047 644 de
2068 610 2194 654 quibus
2215 611 2304 654 leges

1246 663 1433 706 loquuntur
1452 675 1518 699 non
1540 667 1583 700 sit
1609 668 1742 703 difficile
1759 669 1951 711 intelligere,
1982 671 2063 703 Haec
2085 671 2197 704 autem
2210 670 2304 712 justa

1246 733 1319 758 esse
1346 725 1464 768 ajunt:
1487 737 1554 761 non
1570 731 1648 762 sunt
1671 732 1781 763 tamen
1806 730 1870 763 nisi
1890 740 1949 773 per
1977 730 2131 764 accidens
2159 744 2168 764 ι
2194 740 2303 774 neque

1247 785 1334 817 enim
1360 786 1554 829 simpliciter
1579 789 1633 822 lex
1648 790 1690 823 ab
1706 790 1818 834 aliquo
1843 791 2019 824 observata
2033 790 2124 832 justa
2144 793 2195 824 est
2215 799 2303 824 sem-

1247 854 1316 887 per,
1337 848 1524 889 praesertim
1540 851 1664 883 temere
1682 852 1716 884 et
1733 860 1752 883 a
1766 851 1902 894 quovis,
1922 850 1981 883 sed
2004 850 2136 893 quoties
2147 853 2187 884 ut
2204 860 2303 894 opor-

1248 905 1306 943 tet,
1327 906 1360 937 et
1377 915 1483 948 quum
1499 910 1639 950 oportet,
1657 911 1690 941 et
1708 918 1728 941 a
1743 909 1867 951 quibus
1891 911 2039 952 oportet,
2062 909 2097 942 in
2119 910 2304 943 actionibus

1248 972 1286 996 ea
1305 964 1511 999 observatur.
1546 969 1617 1000 Hoc
1634 978 1713 1001 vero
1732 969 1766 1001 in
1785 969 1922 1012 singulis
1938 970 2065 1012 legibus
2082 970 2167 1003 scire
2183 969 2304 1004 diffici-

1247 1022 1312 1056 lius
1329 1027 1400 1063 est,
1418 1035 1520 1068 quam
1537 1027 1682 1060 salubria
1695 1037 1791 1061 nosse
1808 1038 1816 1058 :
1839 1029 2003 1071 siquidem
2017 1030 2061 1063 ibi
2076 1039 2211 1073 quoque
2225 1029 2301 1069 mel,

1246 1086 1280 1116 et
1297 1085 1428 1126 vinum,
1445 1088 1479 1119 et
1498 1087 1698 1128 elleborum,
1716 1090 1750 1122 et
1768 1089 1949 1128 ustionem,
1966 1091 1999 1122 et
2013 1089 2191 1123 sectionem
2209 1088 2306 1123 facile

1247 1145 1298 1176 est
1317 1154 1413 1179 nosse
1427 1159 1435 1179 ι
1451 1146 1510 1180 sed
1529 1147 1697 1190 quomodo
1713 1148 1843 1190 singula
1858 1148 1901 1181 ad
1911 1148 2088 1181 sanitatem
2102 1148 2303 1190 adhibenda,

1247 1206 1281 1237 et
1302 1205 1357 1238 cui
1371 1208 1405 1239 et
1421 1207 1556 1249 quando
1568 1207 1774 1241 admovenda
1791 1208 1877 1248 sint',
1898 1210 1968 1241 tam
1987 1207 2123 1242 difficile
2137 1210 2188 1241 est
2203 1217 2306 1251 quam

1247 1264 1413 1298 medicum
1435 1276 1519 1300 esse.

1293 1329 1339 1359 Ac
1358 1329 1531 1370 propterea
1555 1327 1759 1370 existimant,
1787 1328 1899 1362 virum
1916 1327 2047 1370 justum
2073 1327 2178 1361 nihilo
2193 1327 2306 1361 minus

1247 1390 1349 1424 quam
1381 1380 1543 1422 injustum
1560 1391 1657 1424 posse
1684 1382 1806 1424 injuste
1833 1390 1941 1424 agere,
1961 1381 2028 1414 imo
2047 1381 2149 1414 etiam
2178 1381 2302 1424 magis,

1249 1435 1328 1478 quia
1342 1434 1464 1476 injusta
1477 1437 1587 1477 potest
1601 1445 1697 1478 agere
1714 1447 1721 1468 :
1744 1435 1848 1478 possit
1868 1435 1956 1469 enim
1973 1437 2147 1478 percutere
2159 1435 2306 1478 aliquem

1248 1498 1268 1522 a
1286 1498 1353 1531 quo
1387 1488 1543 1528 injuriam
1574 1498 1640 1521 non
1668 1489 1796 1531 accepit
1822 1490 1856 1521 et
1875 1488 2000 1522 alienas
2027 1497 2082 1521 res
2111 1488 2299 1530 subripere),

1246 1542 1339 1575 haud
1355 1551 1451 1575 secus
1470 1551 1573 1584 quam
1595 1542 1648 1575 vir
1665 1541 1763 1575 fortis
1778 1542 1933 1584 clypeum
1947 1541 2090 1585 abjicere
2107 1544 2141 1574 et
2159 1540 2275 1584 fugere
2294 1555 2303 1575 z

1248 1596 1340 1638 atqui
1358 1596 1481 1638 injusta
1495 1605 1592 1638 agere
1614 1605 1679 1629 non
1696 1596 1812 1629 statim
1832 1598 1883 1629 est
1905 1596 2029 1638 injuste
2052 1604 2149 1638 agere
2162 1620 2171 1636 ‚
2195 1604 2305 1639 neque

1247 1658 1323 1692 quae
1342 1649 1453 1683 timidi
1478 1651 1557 1683 sunt
1583 1658 1699 1691 agere,
1721 1649 1840 1682 timere
1867 1658 2018 1691 quoque,
2041 1649 2105 1683 nisi
2132 1659 2191 1693 per
2217 1649 2306 1683 acci-

1246 1702 1328 1735 dens
1349 1717 1357 1736 :
1379 1705 1413 1736 at
1442 1713 1522 1736 vero
1552 1703 1612 1735 tali
1639 1703 1755 1735 habitu
1787 1703 1851 1735 ista
1884 1712 1996 1745 agere,
2021 1703 2084 1737 hoc
2107 1706 2158 1738 est
2188 1704 2306 1738 timide

1247 1764 1343 1797 agere
1360 1758 1420 1788 aut
1449 1755 1605 1798 injuste:
1633 1764 1740 1798 quum
1762 1755 1886 1797 aliquis
1913 1764 1981 1788 non
1999 1756 2091 1798 quod
2116 1757 2215 1797 velit,
2247 1756 2306 1790 sed

1246 1809 1495 1852 perturbatione
1519 1808 1678 1841 incitatus
1701 1808 1893 1841 timiditatis
1908 1818 1987 1842 reus
2004 1809 2061 1848 fit,
2081 1812 2141 1843 aut
2154 1811 2233 1853 quia
2253 1810 2306 1844 in-

1244 1863 1385 1906 justitiae
1402 1864 1520 1898 habitu
1544 1863 1706 1906 praeditus
1725 1865 1796 1902 est,
1819 1863 1886 1906 agit
1901 1863 2024 1906 injuste
2043 1877 2051 1897 :
2074 1865 2160 1898 sicut
2179 1865 2306 1899 mederi

1246 1920 1281 1951 et
1306 1927 1422 1951 sanare
1454 1927 1521 1950 non
1548 1926 1660 1951 secare
1691 1918 1750 1950 aut
1779 1916 2024 1950 medicamenta
2049 1918 2104 1951 vel
2127 1918 2302 1959 adhibere,

1247 1973 1300 2007 vel
1329 1982 1396 2005 non
1423 1972 1582 2005 adhibere
1601 1973 1671 2011 est,
1701 1970 1761 2004 sed
1788 1970 2073 2013 quemadmodum
2092 1975 2241 2015 oportet,
2272 1976 2306 2007 et

1245 2033 1353 2066 quum
1371 2024 1522 2066 oportet,
1549 2022 1722 2055 medicinae
1740 2021 1858 2054 habitu
1876 2021 2056 2063 praeditum
2082 2023 2156 2056 haec
2181 2022 2300 2058 facere.

1247 2076 1333 2116 Ergo
1347 2075 1404 2117 jus
1418 2076 1487 2106 tam
1503 2072 1588 2106 illud
1607 2072 1698 2114 quod
1711 2071 1754 2105 ad
1775 2071 2019 2106 emendandum
2031 2071 2185 2114 pertinet,
2201 2081 2304 2114 quam

1246 2122 1337 2165 quod
1358 2122 1393 2154 in
1414 2120 1645 2154 distribuendo
1666 2120 1835 2159 cernitur,-
1848 2119 1890 2152 de
1919 2119 2043 2162 quibus
2073 2118 2167 2152 nobis
2196 2118 2306 2151 dicere

1247 2170 1454 2213 propositum
1470 2171 1542 2203 erat
1554 2195 1561 2207 ‚
1590 2168 1703 2211 qualia
1727 2177 1786 2210 per
1801 2177 1837 2201 se
1853 2167 1934 2206 sint,
1960 2169 1994 2201 et
2009 2166 2174 2210 quomodo
2188 2176 2222 2200 se
2243 2166 2306 2199 ha-

1246 2218 1356 2257 beant,
1373 2219 1536 2251 hactenus
1552 2216 1775 2250 definivimus.

1287 2279 1383 2310 Nunc
1395 2286 1476 2311 vero
1491 2276 1670 2310 dicendum
1681 2276 1776 2308 nobis
1790 2278 1852 2315 est,
1869 2275 2036 2319 quomodo
2044 2276 2101 2319 jus
2113 2276 2156 2309 ad
2170 2285 2306 2318 aequum

1249 2341 1283 2372 et
1300 2338 1431 2381 justitia
1449 2337 1492 2370 ad
1516 2337 1712 2379 aequitatem
1737 2345 1774 2370 se
1794 2335 1917 2369 habeat
1940 2349 1949 2369 ι
1974 2336 2002 2369 si
2014 2335 2099 2368 illud
2115 2338 2247 2369 tantum
2262 2335 2306 2369 ad

1249 2397 1453 2441 superiorem
1474 2396 1516 2430 de
1540 2397 1616 2439 jure
1634 2395 1895 2438 disputationem
1920 2395 2164 2445 addiderimus,
2190 2396 2247 2439 Jus
2270 2398 2305 2430 et

1246 2457 1331 2492 illud
1343 2456 1434 2500 quod
1448 2457 1483 2490 in
1499 2456 1730 2490 distribuendo
1748 2455 1896 2489 cernitur
1910 2457 1944 2489 et
1959 2455 2051 2498 quod
2068 2455 2112 2489 ad
2124 2455 2305 2489 emendan-

1246 2518 1329 2552 dum
1345 2518 1507 2561 pertinet,
1527 2516 1562 2550 in
1581 2516 1622 2550 iis
1647 2516 1790 2555 versari,
1819 2525 1896 2559 quae
1914 2516 1947 2548 in
1964 2518 2094 2558 partem
2111 2516 2306 2559 simpliciter

1246 2579 1409 2612 bonorum
1439 2577 1597 2616 veniunt,
1621 2576 1738 2619 quales
1767 2579 1845 2609 sunt
1873 2575 2001 2609 divitiae
2032 2578 2090 2609 aut
2116 2577 2240 2619 gloria,
2270 2577 2305 2610 in

1247 2638 1371 2682 quihus
1388 2638 1529 2670 nimium
1551 2637 1586 2669 et
1615 2644 1735 2678 parum
1751 2635 1941 2677 reperitur:
1963 2635 2130 2678 siquidem
2151 2635 2187 2668 in
2201 2635 2305 2678 gloria

1245 2701 1356 2743 potest
1378 2698 1500 2741 aliquis
1515 2695 1675 2730 excedere
1692 2695 1846 2735 modum,
1866 2697 1926 2729 aut
1939 2705 2006 2729 non
2025 2696 2183 2739 consequi
2201 2705 2276 2729 eam
2293 2706 2303 2727 t

1246 2758 1398 2792 similiter
1420 2759 1454 2791 et
1485 2757 1521 2790 in
1539 2755 1668 2790 divitiis
1698 2766 1706 2788 ι
1739 2764 1884 2798 namque
1914 2755 1950 2788 in
1978 2755 2172 2798 hujusmodi
2203 2755 2305 2789 rebus

1245 2817 1420 2861 aequalitas
1444 2818 1477 2850 et
1496 2815 1664 2860 proportio
1685 2815 1870 2858 requiritur
1887 2824 1895 2844 =
1915 2814 2043 2859 quique
2067 2825 2183 2849 earum
2198 2816 2304 2858 parti-

1246 2877 1334 2920 cipes
1348 2878 1426 2910 sunt
1442 2877 1498 2919 Jus
1513 2875 1614 2909 simul
1630 2874 1715 2908 illud
1732 2873 1824 2917 quod
1837 2874 1872 2907 in
1892 2873 2122 2907 distribuendo
2142 2874 2301 2916 cernitur,

1245 2937 1345 2971 simul
1367 2936 1459 2980 quod
1486 2935 1529 2969 ad
1557 2934 1802 2969 emendandum
1824 2934 1968 2977 pertinet
1994 2933 2195 2968 desiderant.
2226 2936 2302 2967 Jam

1245 2996 1374 3030 veroin
1390 2996 1455 3029 diis
1477 2995 1698 3039 inaequalitati
1730 3004 1795 3028 non
1811 2996 1862 3028 est
1886 2994 1980 3027 locus
1993 3017 2003 3035 ,
2027 3000 2136 3037 neque
2162 2994 2303 3027 nimium

1245 3059 1303 3090 aut
1324 3064 1445 3099 parum
1461 3055 1496 3088 in
1508 3055 1550 3088 iis
1562 3054 1842 3088 animadvertitur
1865 3065 1873 3087 ι
1895 3063 1999 3097 quare
2015 3063 2057 3086 ne
2073 3054 2153 3086 talis
2165 3053 2303 3096 quidem

1242 3116 1382 3161 justitiae
1404 3115 1584 3150 necessitas
1609 3118 1660 3149 est
1680 3129 1688 3148 ε
1722 3115 1781 3149 sed
1809 3124 1869 3148 nec
1897 3115 1931 3147 in
1957 3114 2148 3147 hominibus
2169 3114 2302 3147 omnino

1244 3176 1430 3215 sceleratis,
1454 3176 1604 3220 luxuque
1619 3177 1678 3209 aut
1698 3176 1762 3209 alia
1790 3175 2001 3218 improbitate
2027 3174 2221 3217 corruptis:
2242 3173 2302 3216 qui

16 3218 38 3238 ⁷
87 3223 256 3271 ’Ἶπεῖθεν
275 3233 294 3272 6
319 3231 438 3287 ἰατρὸς
471 3231 782 3282 ἐπανακαλέσηται
803 3232 868 3282 τὴν
905 3234 1052 3286 ὑγίειαν·
1083 3235 1115 3273 οἳ
1145 3232 1180 3273 δὲ
1244 3237 1332 3272 enim
1348 3237 1525 3272 sanitatem
1539 3238 1768 3282 recuperaturi
1782 3239 1879 3276 sunt,
1903 3246 1960 3270 eos
1976 3245 2108 3270 necesse
2125 3237 2175 3269 est
2193 3245 2301 3269 mem-

93 3276 122 3304 Ίι

172 3389 191 3406 ’¹
215 3388 306 3424 ’.Αλλὰ
324 3393 362 3425 τὸ
376 3393 436 3427 ὡδὶ
450 3392 586 3436 ἔχοντας
601 3398 707 3428 ταῦτα
719 3398 828 3428 ποιεῖν
845 3396 916 3428 κτλ.
936 3413 979 3420 —-
997 3395 1033 3414 **
1048 3396 1097 3429 Δι’
1119 3395 1200 3429 αὐτὸ
1217 3394 1253 3428 δὲ
1280 3397 1402 3437 τοῦτο,
1421 3394 1479 3429 καὶ
1495 3398 1554 3430 τοῦ
1576 3395 1704 3430 δικαίου
1722 3396 1792 3429 κτλ.
1814 3412 1851 3417 -
1871 3394 1932 3413 Η*
1953 3393 2049 3426 Ἓστι
2068 3392 2103 3427 δὲ
2125 3391 2169 3424 τὰ
2188 3391 2296 3425 δίκαια

129 3434 165 3469 ἐν
183 3437 324 3480 τούτοις,
342 3441 414 3473 κτλ.
