2528 3788
631 349 996 410 ΣΕΒΗΡΟΥ
1773 348 2032 407 SEVERI

535 484 653 526 Tor
686 481 1083 527 ΠΛΑΤΩΝῙΚΟΥ
1573 474 1866 521 PLATONICI
1901 466 2226 521 PfflLoSoPm

578 598 1035 636 ΑΠΟΣΠΑΣΜΑΤΙΟΝ.
1718 595 2083 635 FRAGMENTUM.

346 860 436 910 Περὶ
466 857 501 896 δὲ
525 860 584 904 τῆς
607 855 698 896 κατὰ
730 857 905 896 Πλάτωνα
936 860 1071 911 ψυχῆς,
1094 860 1135 905 ἥν
1162 873 1264 910 φησιν
1287 858 1322 903 ἐξ
1383 858 1536 901 ἀπαθοῦς
1554 855 1614 895 καὶ
1643 858 1800 903 παθητῆς
1826 856 1940 901 οὐσίας
1969 855 2145 909 γεγονέναι
2167 857 2387 896 ὑποκείσεται
2402 887 2412 905 ,

292 919 442 960 ἀπαθοῦς
461 915 520 954 καὶ
540 917 700 962 παθητῆς
720 914 837 959 οὐσίας
854 919 1020 963 συστῆναι
1051 915 1117 955 ὑπὸ
1143 919 1201 955 τοῦ
1225 919 1321 964 θεοῦ,
1384 914 1517 965 ἀνάγκη
1547 916 1592 959 ὡς
1613 915 1652 953 τὸ
1683 914 1786 964 μέσον
1819 917 1967 967 χρῶμα,
1999 915 2089 954 οὕτω
2118 915 2178 955 καὶ
2211 917 2342 964 ταύτην
2376 918 2411 956 ἐν

292 978 338 1020 ὣς
354 977 391 1014 ἐκ
410 976 531 1013 λευκοῦ
557 974 616 1013 καὶ
649 973 796 1025 μέλανος
816 977 883 1013 τῶν
905 975 1020 1024 μέσων
1050 990 1085 1013 τι
1104 976 1320 1027 χρωμάτων,
1382 972 1495 1026 χρόνῳ
1537 972 1637 1026 φύσει
1668 975 1917 1026 ἀφανισθῆναι,
1938 977 2005 1013 τῶν
2034 975 2069 1012 ἐν
2099 977 2142 1027 τῇ
2164 974 2326 1015 evardagi,
2345 977 2410 1014 αὖ-

292 1036 404 1072 ἐκεῖνα
422 1033 547 1085 ἔχομεν
567 1034 687 1071 εἰπεῖν·
705 1032 759 1072 ὅτι
779 1032 937 1082 ἀνάγκη,
966 1033 1080 1086 χρόνῳ
1105 1033 1323 1076 διαστάσεως
1382 1034 1443 1077 τῆς
1476 1031 1637 1070 ἐναντίων
1682 1031 1740 1070 ἐπὶ
1777 1031 1839 1079 τὴν
1876 1032 2004 1071 οἰκείαν
2033 1033 2133 1085 φύσιν
2165 1033 2409 1087 ἐπειγομένων.

294 1094 404 1131 αὐτῶν
435 1092 655 1144 γιγνομένης,
677 1094 910 1146 ἀφανισθῆναι
942 1092 1072 1141 αὐτήν,
1101 1094 1146 1136 ὥς
1178 1092 1239 1138 τὴν
1261 1095 1320 1129 τοῦ
1382 1083 1443 1129 ³H
1481 1089 1548 1143 γὰρ
1581 1091 1646 1142 οὐχ
1679 1091 1811 1142 ὁρῶμεν
1841 1090 1898 1128 καὶ
1929 1091 1968 1129 τὸ
2001 1091 2099 1143 φύσει
2122 1091 2234 1144 βαρύ,
2270 1089 2412 1145 κᾷνῦφ’

292 1151 398 1204 μέσου
415 1152 600 1204 χρώματος
620 1149 800 1198 σύστασιν,
812 1150 870 1188 ἐπὶ
885 1149 928 1188 τὰ
938 1151 1046 1189 οἰκεῖα
1062 1149 1208 1188 ἑκάστου
1226 1149 1259 1193 ἐξ
1274 1143 1321 1188 ὧν
1383 1149 1483 1197 ἡμῶν
1498 1176 1509 1195 ,
1534 1147 1557 1195 ἤ
1576 1163 1663 1191 τινος
1690 1147 1810 1194 ἔξωθεν
1838 1152 1985 1201 φυσικῆς
2015 1150 2290 1202 προσγενομένης
2319 1151 2414 1204 αὐτῷ

292 1211 438 1257 συνέστη
455 1239 465 1259 ,
485 1211 519 1247 ἓν
535 1208 648 1262 χρόνῳ
662 1209 762 1262 φύσει
778 1209 1023 1262 χωριζομένου.
1073 1210 1117 1248 Εἰ
1146 1207 1181 1246 δὲ
1198 1211 1321 1255 τοῦτο,
1384 1204 1615 1258 κουφότητος,
1635 1206 1707 1245 ἄνω
1730 1206 1898 1260 φέρηται,
1920 1210 1965 1251 ὡς
1990 1207 2074 1246 αὐτὸ
2099 1207 2226 1258 ὁμοίως
2262 1207 2320 1247 ἐπὶ
2351 1207 2413 1256 τὴν

292 1268 445 1322 φθαρτὴν
466 1270 730 1319 ἀποφανοῦμεν,
749 1269 825 1306 ἀλλ’
841 1270 901 1306 οὔκ
922 1267 1091 1306 ἀθάνατον
1111 1267 1172 1313 τὴν
1190 1267 1318 1319 ψυχήν.
1384 1263 1512 1303 οἷκείαν
1533 1265 1633 1314 φύσιν
1653 1266 1749 1303 κάτω
1771 1265 1947 1317 βιάζεται;
1974 1265 2105 1316 ὁμοίως
2125 1266 2162 1304 δὲ
2178 1265 2239 1304 καὶ
2256 1265 2295 1304 τὸ
2315 1265 2414 1319 φύσει

293 1330 337 1368 Εἰ
350 1327 416 1380 γὰρ
427 1330 528 1366 τοῦτο
539 1329 770 1377 ὁμολογεῖται,
788 1326 894 1376 μηδὲν
914 1329 981 1364 τῶν
995 1327 1028 1364 ἐν
1040 1329 1082 1378 τῇ
1099 1325 1199 1379 φύσει
1214 1324 1320 1363 ὄντων
1383 1325 1509 1374 κοῦφον
1523 1352 1533 1370 ,
1555 1323 1646 1362 κατὰ
1678 1323 1739 1367 τὰς
1758 1322 1878 1373 ὁμοίας
1899 1323 2022 1368 ἔξωθεν
2056 1323 2171 1368 αἰτίας
2190 1325 2287 1364 κάτω
2316 1325 2415 1378 φερό-

293 1387 372 1426 ἄνευ
388 1390 445 1424 τοῦ
463 1384 616 1424 ἐναντίου
632 1379 735 1433 εἶναι,
751 1384 795 1422 τά
814 1400 850 1422 τε
872 1386 907 1423 ἐν
926 1385 974 1436 τῷ
990 1383 1111 1437 κόσμῳ
1128 1387 1166 1423 ἐκ
1179 1387 1239 1429 τῆς
1254 1386 1322 1422 τῶν
1385 1395 1506 1430 μενον,
1527 1383 1573 1425 ὡς
1594 1382 1677 1420 αὐτὸ
1695 1382 1823 1432 ὁμοίως
1848 1381 1905 1420 ἐπὶ
1925 1381 1968 1420 τὰ
1989 1381 2061 1420 ἄνω
2082 1382 2258 1435 βιάζεται;
2279 1383 2335 1423 Τὰ
2348 1381 2415 1435 γὰρ

292 1444 452 1485 ἐναντίων
470 1443 601 1498 φύσεως
620 1442 686 1481 ὑπὸ
703 1446 778 1481 θεοῦ
796 1445 1052 1492 κεκοσμῆσθαι,
1073 1442 1188 1493 φιλίαν
1206 1442 1322 1485 αὐτοῖς
1384 1439 1423 1476 ἐκ
1457 1437 1516 1477 860
1544 1442 1644 1478 τινῶν
1678 1439 1839 1487 ἀλλήλας
1874 1440 2036 1479 ἐναντίων
2068 1443 2116 1485 Εἷς
2149 1441 2272 1480 ταῧῒὸν
2312 1455 2414 1480 συνα’

291 1504 350 1542 καὶ
382 1501 560 1542 κοινωνίαν
596 1501 847 1552 ἐμποιήσαντος
888 1502 1015 1550 αὐτοῦ,
1052 1495 1121 1539 οἷον
1153 1503 1202 1553 τῷ
1230 1499 1322 1552 ξηρῷ
1383 1495 1534 1548 χθέντα,
1565 1498 1730 1537 ἀδύνατον
1758 1499 1792 1537 ἐν
1810 1501 1861 1551 τῷ
1882 1500 1976 1550 αὐτῷ
1998 1497 2050 1537 ἀεὶ
2074 1493 2185 1548 εἶναι,
2216 1498 2266 1550 μὴ
2298 1498 2415 1551 τρίτου

291 1562 375 1616 πρὸς
394 1562 432 1600 τὸ
460 1560 575 1613 ὑγρόν,
598 1561 656 1599 καὶ
678 1562 726 1612 τῷ
747 1560 863 1612 θερμῷ
883 1558 967 1610 πρὸς
986 1559 1024 1597 τὸ
1053 1558 1196 1612 ψυχρόν,
1218 1560 1267 1611 τῷ
1285 1573 1323 1596 τε
1384 1554 1472 1598 τινὸς
1491 1559 1551 1603 τῆς
1573 1558 1640 1594 τῶν
1661 1556 1767 1595 ὄντων
1789 1557 1906 1600 οὐσίας
1925 1555 1978 1595 ἀεὶ
2007 1555 2138 1601 ἐνόντος
2161 1557 2290 1600 αὗτοῖς.
2310 1555 2416 1596 Ἀλλὰ

293 1623 391 1672 βαρεῖ
430 1619 514 1671 πρὸς
548 1617 587 1657 τὸ
618 1621 764 1671 κοῦφον,
790 1618 902 1671 λευκῷ
938 1633 975 1655 τε
1005 1619 1089 1668 πρὸς
1119 1615 1158 1655 τὸ
1196 1617 1322 1667 μέλαν,
1384 1617 1449 1670 γὰρ
1469 1616 1530 1654 οὐκ
1551 1614 1622 1653 ἔστι
1643 1614 1738 1668 ψυχὴ
1757 1615 1870 1667 τρίτον
1891 1630 1925 1653 τι
1951 1621 2097 1667 πρᾶγμα
2117 1617 2156 1654 ἐκ
2175 1614 2234 1654 δύο
2252 1613 2415 1654 ἐναντίων

292 1680 412 1730 γλυκεῖ
443 1693 481 1716 τε
499 1677 584 1729 πρὸς
616 1676 655 1715 τὸ
674 1676 814 1729 πικρόν,
849 1677 990 1729 σκληρῷ
1011 1691 1047 1714 τε
1070 1675 1155 1729 πρὸς
1182 1674 1222 1714 τὸ
1249 1691 1321 1726 μα-
1385 1674 1548 1722 ἀλλήλοις
1579 1673 1761 1724 σύνθετον,
1795 1675 1926 1713 ἁπλοῦν
1955 1673 1992 1712 δὲ
2022 1673 2083 1712 καὶ
2118 1677 2160 1727 τῇ
2183 1675 2294 1714 αὐτοῦ
2316 1673 2416 1727 φύσει

293 1736 399 1775 λακόν
414 1741 450 1784 ⁸,
467 1739 510 1789 τῇ
540 1751 577 1773 τε
604 1737 729 1774 ἀπαθεῖ
757 1734 856 1785 οὐσίᾳ
875 1733 961 1787 πρὸς
982 1732 1042 1780 τὴν
1062 1733 1246 1783 παθητήν,
1263 1734 1322 1772 καὶ
1387 1732 1516 1776 ἀπαθὲς
1550 1731 1610 1770 καὶ
1643 1732 1841 1783 ἀσώματον.
1876 1731 1984 1773 εὈθεν
2014 1732 2165 1772 Πλάτων
2193 1732 2253 1771 καὶ
2274 1734 2304 1771 οἳ
2339 1734 2416 1783 μετ’

293 1801 380 1834 πᾶσι
412 1797 482 1839 τοῖς
501 1794 665 1838 τοιούτοις
699 1794 781 1841 μίαν
815 1793 923 1839 ἄλλην
952 1792 1091 1831 πάντων
1128 1791 1322 1830 κοινωνίαν·
1385 1795 1486 1831 αὐτοῦ
1519 1791 1687 1830 ἀθάνατον
1712 1791 1823 1838 ,αὐτὴν
1845 1791 1975 1844 ἔφασαν
2003 1785 2104 1831 εἶναι.
2120 1791 2272 1839 Ἐπειδὴ
2291 1790 2327 1830 δὲ
2347 1791 2407 1830 τὸν

292 1854 336 1895 τὰ
373 1854 407 1893 δὲ
442 1852 613 1906 κραθέντα
647 1852 707 1890 καὶ
737 1851 924 1903 μιχθέντα,
954 1850 1134 1904 χωρισμὸν
1165 1850 1222 1888 τὸν
1261 1852 1321 1888 ἀπ’
1384 1851 1562 1903 ἄνθρωπον
1585 1852 1624 1889 ἐκ
1644 1852 1759 1903 ψυχῆς
1777 1851 1836 1890 καὶ
1854 1851 2016 1902 σώματος
2034 1850 2147 1895 κοινός
2167 1852 2240 1890 ἐστι
2270 1850 2411 1891 πάντων

293 1912 451 1959 ἀλλήλων
487 1914 521 1950 ἐν
549 1911 663 1964 χρόνῳ
683 1914 782 1963 φύσει
814 1910 1025 1962 ἐπιδέχεται·
1054 1913 1075 1957 ἡ
1105 1908 1141 1948 δὲ
1169 1908 1263 1962 ψυχὴ
1286 1908 1319 1954 ἐξ
1382 1908 1482 1959 λόγος
1501 1908 1699 1959 γεγονέναι,
1731 1909 1773 1947 τὰ
1800 1910 1830 1947 δ’
1859 1909 1892 1948 ἐν
1926 1910 2010 1958 ἡμῖν
2033 1910 2113 1949 ἄνευ
2134 1909 2295 1960 σώματος
2314 1912 2416 1949 ἑκου-

293 2082 416 2124 duplici
435 2091 473 2114 ex
495 2082 587 2123 parte
600 2106 608 2121 ‚
637 2081 739 2113 altera
756 2080 962 2122 impatiente,
984 2079 1085 2112 altera
1111 2079 1236 2121 patibili
1251 2087 1326 2111 con·
1386 2080 1473 2122 quod
1499 2081 1615 2121 suapte
1643 2081 1762 2112 natura
1782 2088 1879 2121 grave
1903 2079 1966 2120 sit,
1991 2079 2071 2113 licet
2089 2089 2109 2113 a
2136 2080 2248 2120 nobis,
2274 2081 2331 2114 aut
2355 2081 2417 2114 alia

294 2142 425 2180 ilatum,
456 2140 549 2181 quasi
572 2139 714 2172 medium
734 2138 897 2180 quendam
913 2147 951 2171 ex
971 2138 1045 2171 albo
1066 2137 1223 2180 nigroque
1239 2138 1326 2171 colo·
1389 2138 1506 2181 quavis
1537 2138 1739 2171 extrinsecus
1769 2141 1903 2180 accepta
1931 2135 2078 2171 naturali'
2100 2139 2251 2181 levitate,
2290 2149 2418 2173 sursum

292 2209 360 2231 rem
378 2199 494 2232 statuit
521 2198 613 2230 Plato
626 2223 634 2238 ‚
654 2198 725 2230 haec
752 2197 846 2230 nohis
872 2197 906 2229 in
932 2197 1104 2239 praesentia
1125 2196 1260 2229 dicenda
1277 2196 1327 2228 ri·
1387 2198 1520 2238 feratur,
1542 2199 1581 2230 ut
1610 2200 1720 2230 tamen
1741 2197 1895 2230 deorsum
1914 2198 2038 2231 naturae
2064 2207 2133 2231 suae
2157 2198 2192 2231 vi
2218 2207 2255 2232 ac
2275 2199 2416 2241 pondere

293 2259 421 2292 dentur.
444 2257 587 2289 Partiurn
608 2255 742 2289 ‹lissid10
756 2255 922 2298 paullatim
936 2256 1020 2288 sacto
1036 2255 1167 2288 interire
1183 2254 1327 2288 animum
1386 2259 1583 2290 moveatur?
1600 2256 1753 2290 Similiter
1780 2257 1866 2297 quod
1893 2258 2007 2299 suapte
2027 2257 2144 2290 natura
2163 2258 2237 2291 leve
2260 2258 2322 2298 sit,
2341 2258 2417 2292 licet

293 2314 474 2357 oportebit,
494 2313 771 2355 quemadmodum
800 2313 888 2346 illam
904 2313 1005 2346 medii
1023 2312 1141 2346 coloris
1163 2315 1325 2355 tempera·
1387 2315 1591 2349 extrinsecus
1607 2315 1650 2348 ob
1667 2314 1788 2348 similes
1812 2315 1970 2357 quasdam
1987 2324 2100 2348 causas
2115 2315 2267 2348 deorsum
2282 2316 2415 2358 seratur,

292 2375 436 2414 tionem,
468 2382 570 2414 quum
601 2372 652 2404 illi
680 2381 720 2405 ex
750 2371 870 2413 quibus
898 2371 1038 2412 coaluit,
1066 2375 1181 2413 suapte
1211 2374 1328 2404 natura
1387 2375 1423 2407 ut
1438 2375 1548 2406 tamen
1565 2373 1632 2406 suis
1656 2382 1786 2416 quoque
1814 2373 1940 2406 viribus
1961 2382 2090 2406 sursum
2120 2375 2259 2415 agatur?
2290 2375 2416 2408 Etenim

295 2433 424 2466 tandem
442 2432 475 2463 in
491 2440 585 2464 suum
599 2431 737 2472 quisque
752 2440 852 2473 genus
874 2430 1058 2471 solvuntur,
1075 2431 1181 2473 perire
1198 2439 1328 2463 necesse
1386 2441 1460 2474 quae
1475 2441 1511 2464 ex
1524 2431 1651 2464 duobus
1664 2431 1830 2463 contrariis
1844 2431 1875 2462 in
1888 2439 1988 2463 unum
2014 2430 2138 2472 aliquid
2151 2430 2249 2464 simul
2266 2431 2416 2472 coierint,

294 2493 355 2524 est.
400 2490 495 2528 Quod
514 2490 541 2522 si
560 2490 659 2522 semel
681 2489 892 2531 probabitur,
908 2489 1006 2521 morti
1034 2490 1122 2522 certe
1138 2489 1325 2530 obnoxium,
1387 2490 1458 2523 fieri
1480 2498 1543 2522 non
1562 2491 1690 2531 potest,
1712 2490 1750 2521 ut
1782 2489 1894 2521 eodem
1921 2488 2019 2521 modo
2043 2498 2171 2531 semper
2195 2499 2230 2522 se
2260 2489 2416 2531 habeant,

294 2558 359 2582 non
377 2548 594 2581 immortalem
621 2549 763 2580 animum
783 2548 1039 2589 perhibebimuS.
1083 2548 1210 2581 Etenim
1226 2549 1254 2581 si
1269 2557 1327 2590 pro
1387 2545 1446 2577 nisi
1473 2553 1491 2577 e
1509 2553 1619 2577 rerum
1645 2545 1762 2577 natura
1787 2544 1919 2577 tertium
1944 2544 2067 2587 aliquid
2093 2546 2249 2586 perpetuo
2266 2545 2308 2579 iis
2326 2547 2413 2580 insit.

296 2607 444 2640 confesso
468 2607 626 2639 habeatur
638 2631 645 2645 ,
671 2606 732 2638 hac
747 2607 780 2638 in
799 2615 910 2639 rerum
938 2607 1057 2639 natura
1084 2601 1220 2648 prorsus
1248 2606 1327 2639 nihil
1386 2603 1449 2637 Sed
1467 2602 1554 2636 enim
1569 2603 1696 2636 animus
1714 2603 1846 2636 tertium
1863 2603 1945 2646 quid
1963 2603 2107 2646 profecto
2123 2613 2187 2636 non
2199 2605 2266 2645 est,
2280 2613 2318 2638 ex
2339 2605 2417 2638 duo-

296 2675 386 2706 csse,
407 2664 496 2706 quod
517 2665 678 2697 contrario
698 2667 807 2697 careat
820 2691 827 2705 ‚
843 2674 982 2707 quaeque
998 2665 1142 2698 mundus
1166 2665 1329 2698 contineat
1386 2663 1448 2695 bus
1466 2661 1634 2695 contrariis
1662 2663 1943 2704 pugnantibusque
1966 2662 2201 2704 compositum,
2219 2663 2278 2696 sed
2305 2664 2415 2706 potius

296 2723 424 2764 omnia,
438 2733 479 2756 ex
495 2723 639 2756 adversis
658 2724 941 2766 pugnantibusque
957 2725 1081 2758 naturis
1097 2723 1150 2757 dei
1167 2724 1327 2757 beneficio
1387 2730 1491 2753 unum
1509 2720 1634 2763 aliquid
1652 2721 1807 2763 simplex,
1827 2723 2009 2763 naturaque
2035 2730 2094 2753 sua
2121 2722 2291 2763 impatiens
2306 2723 2339 2754 et
2359 2722 2412 2754 in-

297 2783 474 2824 temperata
490 2790 582 2822 esse,
598 2782 655 2824 qui
673 2783 820 2815 mutuum
835 2782 897 2814 illis
914 2792 1057 2815 amorem
1082 2785 1115 2815 et
1131 2784 1329 2816 communio·
1387 2788 1577 2822 corporeum
1601 2780 1640 2812 ut
1657 2788 1771 2812 eorum
1787 2781 1957 2821 propterea
1974 2780 2067 2812 Plato
2085 2779 2220 2821 ejusque
2236 2781 2411 2813 assectato-

296 2851 370 2875 nem
400 2842 566 2882 injecerit,
594 2842 632 2873 ut
662 2841 746 2874 sicco
767 2842 799 2874 et
818 2842 970 2880 humidO,
992 2842 1097 2874 calido
1127 2844 1162 2875 et
1190 2843 1326 2884 frigido,
1387 2848 1440 2871 res
1472 2839 1688 2871 immortalem
1716 2847 1787 2871 esse
1813 2837 2059 2871 affirmaverint.
2103 2840 2146 2870 At
2171 2838 2326 2879 quoniam
2345 2841 2416 2872 tum

297 2899 386 2941 gravi
410 2901 443 2932 et
456 2899 540 2939 levi,
561 2899 636 2931 albo
666 2900 700 2932 et
715 2899 826 2941 nigro,
848 2899 936 2932 dulci
963 2902 996 2932 et
1028 2909 1156 2941 amaro,
1181 2901 1264 2933 duro
1295 2903 1328 2933 ct
1388 2897 1548 2930 hominem
1574 2907 1614 2930 ex
1631 2897 1735 2930 animo
1751 2899 1784 2930 et
1800 2905 1934 2939 corpore
1951 2899 2100 2929 constare
2119 2906 2229 2930 omnes
2255 2897 2418 2930 communi

297 2959 397 2998 molli,
411 2961 535 2990 naturae
552 2958 691 2999 denique
711 2957 892 3000 impatienti
920 2960 953 2990 et
974 2961 1099 2991 naturae
1121 2959 1257 3000 patibili,
1277 2968 1327 2991 ea·
1388 2967 1547 2991 consensu
1565 2957 1733 2998 judicant,
1754 2957 1825 2990 tum
1855 2966 1928 2999 quae
1954 2957 2022 2989 sine
2049 2957 2192 2999 corporis
2219 2958 2415 2993 commercio

298 3026 362 3059 que
384 3016 419 3049 id
434 3025 535 3058 genus
553 3017 671 3048 cuncta
686 3024 751 3048 una
777 3016 917 3057 quadam
952 3016 1014 3048 alia
1046 3025 1153 3049 rerum
1184 3018 1328 3049 omnium
1389 3018 1423 3051 in
1450 3018 1542 3051 nobis
1567 3017 1748 3051 volentibus
1781 3017 1964 3050 nolentibus
1986 3016 2146 3051 exsistunt
2165 3018 2413 3059 commotiones,

299 3075 524 3108 communione
548 3074 630 3106 inter
651 3082 686 3106 se
698 3073 844 3114 junxerit
865 3086 873 3105 ε
894 3076 1054 3115 praeterea
1069 3074 1098 3108 si
1116 3085 1190 3115 quae
1206 3077 1329 3117 tempe-
1388 3077 1496 3110 animo
1510 3077 1736 3118 assignantur;
1755 3075 1901 3117 plerique
1913 3075 1987 3108 hinc
1999 3077 2150 3108 naturam
2165 3076 2236 3117 ejus
2250 3077 2417 3118 patibilem

299 3136 369 3167 rata
384 3143 459 3167 cum
484 3133 554 3165 aliis
570 3135 604 3166 et
626 3132 730 3165 mixta
745 3134 821 3165 sunt
839 3132 993 3174 temporis
1011 3141 1179 3174 progressu
1205 3135 1329 3167 naturae
1389 3145 1460 3169 esse
1478 3135 1684 3178 conjicientes
1696 3160 1704 3175 ‚
1721 3134 1890 3167 mortalem
1910 3133 2004 3166 illum
2019 3135 2117 3175 atque
2134 3143 2338 3177 corporeum,
2354 3144 2417 3168 nou

299 3193 525 3226 convenienter
545 3191 716 3224 discedunt
743 3200 781 3224 ac
825 3192 1057 3233 sejunguntur,
1087 3192 1231 3225 animum
1252 3202 1326 3234 pro·
1389 3194 1534 3237 corporis
1565 3194 1729 3235 expertem
1762 3201 1832 3225 esse
1859 3192 2069 3225 contendunt.
2114 3193 2205 3225 Plato
2232 3194 2342 3237 autem
2374 3194 2415 3226 ad

301 3252 404 3293 focio,
423 3252 452 3284 si
468 3257 542 3283 eum
557 3259 598 3283 ex
619 3250 738 3292 duplici
755 3251 865 3291 parte,
880 3250 980 3282 altera
998 3250 1185 3291 impatiente
1197 3277 1205 3291 ,
1229 3253 1327 3284 altera
1387 3253 1476 3286 illam
1493 3253 1563 3295 eJus
1578 3254 1704 3294 partem
1717 3282 1724 3294 l
1748 3260 1821 3292 quae
1840 3252 1954 3292 suapte
1978 3253 2096 3283 natura
2123 3251 2296 3293 impatiens
2323 3255 2412 3284 esset

301 3310 424 3353 patibili
445 3312 633 3344 concretum
654 3309 823 3351 ponimus,
852 3318 945 3350 aeque
970 3318 1008 3341 ac
1027 3310 1171 3342 medium
1189 3311 1327 3352 aliquem
1388 3312 1523 3344 alteram
1555 3312 1638 3343 hanc
1667 3310 1833 3352 patibilem
1860 3310 2034 3351 adJungere
2062 3312 2193 3342 coactus
2212 3312 2272 3342 est.
2324 3312 2415 3343 Hanc

301 3370 441 3403 colorem
463 3371 590 3410 naturae
604 3377 672 3400 suae
689 3368 768 3400 vitio
782 3368 913 3401 tandem
933 3368 1063 3400 interire
1086 3378 1219 3402 necesse
1239 3371 1300 3402 erit
1319 3380 1325 3397 :
1388 3379 1466 3404 vero
1484 3371 1707 3412 utrorumque,
1722 3378 1786 3402 non
1797 3369 1892 3402 aliam
1910 3368 2065 3400 rationem
2087 3368 2206 3408 fuisse,
2225 3377 2267 3401 ex
2284 3368 2324 3402 iis
2340 3378 2413 3411 quae

301 3429 470 3464 contrariis
493 3428 557 3461 illis
578 3437 619 3461 cx
646 3426 765 3471 quibus
789 3427 858 3471 ipse
885 3427 1072 3466 constabat,
1098 3428 1139 3459 ad
1166 3428 1327 3469 proprium
1355 3452 1358 3461 .
1389 3439 1463 3462 cum
1476 3440 1495 3463 a
1512 3431 1664 3470 Platone,
1684 3431 1755 3463 tum
1772 3429 1869 3462 etiam
1887 3437 1906 3461 a
1925 3427 2052 3460 caeteris
2071 3427 2285 3469 disputantur,
2305 3428 2413 3460 osten-

1314 3490 1392 3528 0204

334 2026 407 2056 Jam
424 2032 522 2063 vero,
542 2022 648 2063 inquit
666 2023 824 2061 Severus,
846 2021 886 2053 de
902 2021 1007 2053 animo
1023 2021 1094 2061 illo,
1119 2029 1215 2061 quem
1234 2020 1325 2053 adeo
1387 2022 1514 2054 naturae
1533 2030 1601 2053 suae
1624 2021 1744 2053 statum
1767 2022 2024 2062 properantibus.
2068 2023 2180 2054 Nonne
2205 2021 2356 2055 videmus
2382 2022 2417 2055 id
