2528 3788
822 376 1509 500 PRAEFATIO.

214 719 374 776 Quum
409 716 684 765 Aristoteles
714 715 784 780 (1)
814 716 863 762 in
899 713 1079 761 Ethicis
1118 714 1450 761 Nicomacheis
1479 715 1556 762 dei
1590 717 1736 764 vitam
1769 728 1816 765 et
1845 717 2035 765 beatam
2063 736 2161 766 esse
2189 730 2237 765 et

147 803 198 848 in
235 800 647 866 contemplatione
679 799 938 846 consistere
958 797 1200 857 docuerit,
1225 815 1281 844 ex
1310 791 1586 846 hominibus
1608 811 1769 847 autem
1794 817 1874 848 eos
1907 803 1990 866 qui
2019 803 2236 868 proxime

147 883 210 932 ad
244 883 362 933 deos
396 883 680 931 accederent
717 883 992 946 caeterisque
1029 880 1197 928 studiis
1229 898 1391 928 rerum
1425 883 1887 948 contemplationem
1927 886 2231 949 praeferrent,

145 967 337 1033 aequalis
362 967 670 1015 beatitudinis
694 966 950 1032 participes
989 965 1090 1012 fore
1115 964 1287 1012 dixerit
1322 982 1332 1010 ε
1366 981 1478 1011 vere
1514 964 1653 1011 nobis
1693 965 2006 1031 philosophiae
2041 968 2137 1014 vim
2170 968 2236 1015 illi

147 1052 428 1117 expressisse
466 1051 709 1110 videntur,
746 1051 830 1115 qui
869 1067 974 1096 eam
1025 1049 1160 1114 quasi
1193 1047 1437 1113 quandam
1483 1047 1656 1095 divinae
1698 1059 1879 1096 naturae
1920 1051 2237 1098 imitationem

146 1152 247 1183 esse
287 1136 597 1201 scripserunt.
639 1138 720 1182 Est
750 1143 910 1181 autem
938 1133 1147 1180 hominis
1180 1132 1438 1196 ingeniosi,
1484 1143 1567 1179 aut
1593 1133 1776 1196 majora
1808 1134 2023 1182 humano
2055 1135 2238 1198 fastigio

149 1220 321 1267 mentis
345 1219 447 1266 acie
485 1218 745 1284 dispicere,
782 1227 865 1263 aut,
899 1226 1027 1264 certe
1060 1233 1170 1263 cum
1211 1216 1435 1263 humanis
1473 1217 1634 1263 divina
1671 1218 1947 1282 copulando
1986 1220 2034 1265 in
2066 1236 2235 1266 conse·
2306 1245 2314 1249 -

149 1301 340 1368 quenda
379 1302 598 1350 omnium
626 1302 801 1348 artium
837 1300 1033 1347 scientia
1067 1309 1223 1346 totum
1259 1316 1308 1346 se
1339 1299 1594 1348 collocare.
1634 1302 1754 1348 Hinc
1803 1313 1984 1350 veteres
2017 1303 2238 1368 sophistae

144 1385 333 1450 gloriati
368 1396 506 1445 sunt,
546 1385 666 1432 nihil
695 1401 796 1431 esse
837 1385 887 1430 in
914 1383 1064 1443 coelo,
1104 1383 1220 1430 nihil
1253 1384 1303 1430 in
1335 1393 1485 1443 terra,
1512 1384 1629 1431 nihil
1662 1385 1711 1430 in
1746 1386 1888 1444 mar‘i,
1917 1386 2035 1432 nihil
2067 1386 2162 1432 ulla
2188 1387 2236 1432 in

147 1468 415 1534 disciplina,
444 1468 576 1534 quod
599 1469 689 1533 ipsi
720 1469 973 1527 nescirent,
1007 1484 1163 1531 neque
1192 1467 1349 1514 solum
1368 1468 1587 1515 liberales
1609 1469 1878 1530 doctrinaS,
1904 1471 2231 1532 geometriam,

148 1553 398 1613 musicam,
430 1552 682 1599 historiam
713 1568 762 1598 se
791 1550 970 1598 habere
1003 1552 1243 1614 cognitaS,
1279 1551 1625 1615 elegantissima
1653 1563 1891 1617 poetarum
1930 1553 2236 1618 aliorumque

148 1635 448 1683 eruditorum
478 1635 733 1682 hominum
757 1635 934 1700 scripta
962 1635 1170 1697 attigisse
1189 1670 1201 1694 ,
1230 1653 1335 1699 quae
1367 1654 1513 1701 porro
1534 1637 1595 1684 de
1626 1647 1806 1683 naturae
1837 1636 2149 1697 obscuritate,
2175 1638 2236 1684 de

146 1719 398 1768 hominum
438 1719 679 1778 moribus,
722 1718 783 1766 de
837 1718 1110 1766 civitatibus
1153 1719 1476 1781 traderentur,
1523 1720 1769 1780 didicisse,
1815 1720 1900 1768 sed
1946 1720 2235 1769 sordidiores

147 1821 344 1870 quoque
372 1804 637 1852 cerdonum
667 1813 791 1851 artes
827 1805 1107 1851 exercuisse.
1175 1822 1177 1824 ·

211 1891 320 1947 Quo
345 1889 396 1936 in
433 1905 606 1952 genere
638 1905 790 1953 quum
816 1887 879 1934 ab
913 1888 1122 1952 antiquis
1163 1887 1465 1953 philosophis
1498 1904 1647 1952 usque
1670 1887 1732 1934 ad
1760 1890 2008 1935 Socratem
2047 1890 2237 1937 numeri

146 1971 415 2036 mundique
453 1972 658 2035 origines
700 1971 1156 2035 pervestigarentur,
1201 1971 1552 2034 diligenterque
1597 1969 1810 2016 siderum
1851 1970 2235 2032 magnitudines,

145 2055 422 2115 intervalla,
456 2072 622 2103 cursus
647 2066 695 2102 et
730 2055 935 2103 caelestia
965 2056 1126 2102 omnia
1158 2055 1518 2118 indagarentur,
1554 2056 1773 2101 Socrates
1815 2055 1999 2119 primus
2032 2055 2240 2120 philoso-

147 2138 314 2204 phiam
341 2156 368 2186 e
393 2138 518 2186 coelo
546 2138 797 2186 devocavit
834 2148 979 2202 atque
999 2138 1062 2185 ad
1092 2140 1236 2186 vitam
1271 2155 1583 2186 communem
1607 2146 1655 2183 et
1675 2136 1932 2183 hominum
1958 2154 2116 2184 mores
2144 2148 2239 2184 tra-

149 2222 307 2282 duxit,
333 2222 468 2269 Plato
489 2221 550 2268 de
576 2221 771 2285 singulis
802 2221 1121 2286 philosophiae
1150 2223 1366 2287 partibus
1407 2222 1557 2269 multa
1582 2221 1828 2278 disseruit,
1858 2220 1941 2267 sed
1972 2222 2073 2285 ejus
2099 2222 2239 2268 disci-

149 2305 290 2370 pulus
323 2309 612 2354 Xenocrates
657 2307 842 2371 primus
894 2307 1136 2373 sapientiae
1175 2306 1477 2371 disciplinam
1515 2307 1563 2352 in
1600 2315 1694 2351 tres
1744 2314 1922 2370 parteS,
1959 2305 2235 2370 physicam,

147 2389 359 2448 ethicen,
382 2388 680 2438 dialecticam
712 2391 886 2438 divisit.
921 2394 1024 2438 Jam
1049 2407 1162 2437 vero
1184 2390 1270 2436 etsi
1293 2407 1459 2437 eorum
1487 2390 1570 2453 qui
1589 2400 1754 2455 postea
1787 2387 2109 2454 philosophati
2129 2400 2239 2436 sunt

147 2472 248 2521 aliis
273 2472 363 2519 alia
396 2473 715 2539 philosophiae
748 2474 951 2522 formula
970 2475 1149 2532 arrisit,
1193 2483 1355 2520 tamen
1390 2472 1660 2520 cavendum
1692 2483 1781 2533 est,
1818 2489 1876 2519 ne
1903 2473 2010 2536 quis
2043 2490 2237 2520 omnem

145 2556 744 2622 philosophiam'inutilem
772 2575 895 2617 esse,
946 2559 1181 2624 pluraque
1216 2558 1501 2605 detrimenta
1541 2574 1688 2620 quam
1733 2556 2008 2619 adjumenta
2030 2557 2239 2620 publicis

147 2639 290 2687 rebus
325 2658 351 2687 a
393 2641 504 2687 viris
539 2642 780 2705 sapientiae
819 2642 965 2706 gloria
1003 2641 1342 2708 praestantibus
1389 2651 1435 2688 et
1465 2641 1683 2688 facundis
1715 2641 1972 2705 importata
2014 2657 2114 2689 esse
2142 2652 2231 2688 sta-

146 2732 267 2770 tuat.
313 2726 448 2770 Posse
487 2725 616 2771 enim
671 2723 864 2771 dicendi
904 2725 1182 2772 facultatem
1218 2725 1281 2772 ad
1319 2724 1702 2789 corrumpendos
1743 2724 1918 2770 civium
1959 2740 2143 2784 mores,
2175 2725 2236 2771 ad

147 2805 532 2855 labefactandam
571 2808 923 2872 rempublicam
961 2811 1258 2874 omninoque
1291 2810 1350 2856 ad
1387 2807 1641 2855 hominum
1682 2807 1943 2873 perniciem
1991 2810 2232 2868 converti,

147 2889 470 2956 sophistarum
507 2891 859 2958 disputationes
903 2892 1165 2940 declarant.
1217 2895 1275 2939 At
1324 2891 1500 2939 talibus
1538 2890 1766 2955 exemplis
1806 2890 1856 2937 id
1894 2891 2025 2953 quod
2069 2891 2236 2939 volunt

150 2973 371 3021 nonnulli
412 2991 509 3021 non
548 2975 878 3023 confirmatur.
916 2976 1108 3041 Quippe
1149 2977 1282 3023 omni
1320 2976 1499 3039 ingenii
1542 2975 1769 3022 facultate
1792 2984 1840 3021 et
1879 2974 2003 3022 bene
2033 2986 2081 3022 et
2110 2975 2235 3023 male

149 3057 221 3104 uti
246 3056 373 3105 licet.

206 3212 259 3265 (ι)
284 3212 508 3254 Aristoteles
531 3214 657 3256 Ethic.
677 3215 831 3256 Nicom.
847 3216 918 3255 lib.
944 3216 977 3254 X
996 3230 1082 3270 cap.
1108 3218 1196 3269 8.p.
1217 3219 1317 3267 1178
1339 3218 1402 3257 ed.
1426 3219 1588 3260 Bekker.
1613 3217 1705 3258 ὥστε
1727 3222 1749 3267 ἠ
1772 3222 1830 3259 τοῦ
1849 3223 1926 3259 θεοῦ
1938 3219 2093 3270 ἐνέργεια
2118 3234 2234 3267 μακα-

151 3275 285 3330 ριότητι
306 3277 520 3333 διαφέρουσα
545 3281 742 3335 Θεωρητικὴ
770 3281 811 3321 ἂν
844 3281 898 3330 εἴη
912 3297 921 3305 ·
940 3281 999 3320 καὶ
1021 3285 1089 3322 τῶν
1108 3283 1334 3336 ἀνθρωπίνων
1357 3284 1399 3332 δὴ
1422 3287 1445 3332 ἡ
1462 3285 1573 3338 ταύτῃ
1596 3286 1857 3337 συγγενεστάτη
1870 3319 1879 3337 ,
1916 3283 2229 3333 εὐδαιμονεστάτη.

150 3342 306 3394 Σημεῗον
332 3343 368 3382 δὲ
387 3344 447 3384 καὶ
468 3345 509 3385 τὸ
529 3346 579 3398 μὴ
605 3348 766 3402 μετέχειν
781 3347 826 3387 τὰ
844 3346 954 3387 λοιπὰ
978 3349 1050 3403 ζῷα
1077 3348 1319 3399 εὐδαιμονίας,
1344 3353 1406 3399 τῆς
1435 3353 1600 3399 τοιαύτης
1624 3350 1797 3404 ἐνεργείας
1824 3351 2043 3405 ἐστερημένα
2071 3348 2230 3393 τελείως·

149 3413 221 3451 τοῖς
249 3407 312 3458 μὲν
331 3409 399 3462 γὰρ
420 3413 507 3455 θεοῖς
531 3418 598 3457 πᾶς
622 3415 640 3452 ὁ
663 3414 735 3466 βίος
756 3413 949 3466 μακάριος,
969 3417 1040 3459 τοῖς
1061 3415 1092 3453 δ’
1113 3413 1308 3468 ἀνθρώποις
1330 3417 1382 3471 ἐφ’
1411 3416 1492 3456 ὅσον
1522 3417 1687 3469 ὁμοίωμά
1718 3433 1752 3455 τι
1779 3420 1842 3465 τῆς
1863 3417 2027 3465 τοιαύτης
2060 3413 2232 3469 ἐνεργείας

153 3471 305 3525 ὑπάρχει
325 3483 363 3513 et
385 3476 469 3514 aliis
491 3477 601 3518 locis.

321 3553 447 3579 PfflLos.
463 3555 567 3580 cm.
587 3557 638 3583 ιιι.
2061 3558 2084 3585 a
