2528 3788
1053 255 1386 296 FRAGMENTA.
2238 255 2318 293 919

86 375 87 379 =
160 353 342 402 ὶτᾶληθοῦς
363 350 566 404 διάγνωσιν.
586 343 643 390 *H
659 349 769 390 δεινόν
787 348 820 402 γ’
851 347 893 388 ἂν
920 346 994 396 εἴη,
1015 353 1029 371 ⁶
1060 346 1213 400 πεφυκό-
1240 359 1248 409 ἰ

86 427 88 430 ’
119 427 122 430 ·
159 409 476 464 ήαςάνθρώπους,
494 411 634 459 ἡδοναῖς
665 410 726 451 καὶ
753 409 871 451 πόνοις
899 405 1037 459 ἀλόγοις
1072 406 1213 459 ἐπιτρέ-

16 503 18 510 ,
87 471 107 479 ”
154 474 251 512 &nv
270 471 446 517 ’ἑαυτούς,
479 469 629 522 ἀφέντας
659 468 718 508 τὸν
753 467 930 507 θειότατον
965 464 1088 519 κριτὴν
1117 469 1212 506 νοῦν.

16 523 20 555 ³·
43 563 51 566 ,
91 519 115 532 ⁴
133 531 301 572 ·-91ἀῧτα
318 528 389 568 ἀπὸ
406 530 475 568 τῶν
495 527 767 581 Ἀριστοκλέους.

14 587 19 629 3
83 620 89 628 .
159 612 162 613 ν
230 587 445 642 (Eusebius
475 588 686 640 Praeparat.
720 587 870 635 Evang.
903 583 977 624 lib.
1001 582 1104 631 xlv,
1129 595 1215 634 cap.

14 3063 60 3219 υᾲῆέἕᾶοῗ
22 2941 59 3055 ‘³⁵³4
30 2843 44 2857 ··

32 3427 45 3445 ,ς
11 3314 58 3423 iffi&
21 3243 53 3299 1⁸.ka
33 3228 39 3236 ν

0 3740 65 3788 7525

72 637 95 668 '⁴⁴'
178 661 226 687 ιι
247 646 333 700 πρὸς
354 645 433 690 τοὺς
449 645 526 685 κατ’
546 644 755 696 Ἐπίκουρον
781 641 909 690 ἡδονὴν
933 642 1033 685 τέλος
1053 639 1219 694 ὁριζομέ-

181 721 275 751 νους.
310 705 395 746 ’Art
413 708 472 744 τοῦ
495 707 613 744 αὐτοῦ.
644 703 791 756 Scripsi
816 715 825 740 ε
846 707 863 725 ⁸
898 700 945 740 τὰ
974 700 1009 740 δὲ
1038 700 1166 753 πάθη]
1199 714 1220 739 e

179 763 306 815 Vigeri
337 763 581 815 conjectura3
597 761 728 800 codd.
751 762 897 800 τοιαῦτα
930 758 966 798 δὲ
993 758 1105 808 πάθη.
1127 760 1144 782 ¹³
1167 758 1220 797 διὸ

87 815 92 835 ’
160 822 314 874 ταῦτα]
337 835 423 861 cum
437 821 598 872 Vigor-⁰3
619 819 734 860 codd.
766 817 822 857 διὰ
847 823 972 858 ταῦτα.
989 839 1043 848 —
1063 823 1078 842 ⁰
1098 811 1120 866 ἦ
1142 819 1215 856 δει--

158 879 237 920 -νόν
256 882 290 934 γ’
310 879 352 919 ἂν
371 878 460 933 εἴη]
478 878 573 918 libri
589 877 612 926 ἢ
631 876 741 918 δεινόν
761 875 794 928 γ’
819 875 860 915 ’ἂν
876 875 945 924 εἴη.
967 898 1020 906 --

183 975 185 977 ,
232 951 263 980 7.
284 939 368 983 Πῶς
383 938 453 992 γὰρ
472 931 543 978 οἶόν
566 952 626 986 τε,
649 934 808 989 καθάπερ
827 935 930 989 φησὶν
948 934 1165 988 Ἐπίκουρος
1188 938 1222 975 ἐν

174 1000 226 1053 τῇ
244 997 406 1051 περὶτῶν
427 996 717 1050 ἐπιτηδευμάτων
739 996 911 1048 ἐπιστολῇ
928 1024 939 1044 ,
959 994 1034 1035 νέον
1053 995 1117 1047 μὲν
1139 995 1223 1035 ὄντα

179 1062 397 1112 καταφαγεῖν
420 1055 525 1098 αὐτὸν
538 1055 602 1104 τὴν
621 1054 792 1110 πατρῴαν
808 1054 950 1104 οὐσίαν,
969 1054 1093 1094 ἔπειτα
1114 1054 1150 1094 δὲ
1165 1055 1224 1094 ἐπὶ

174 1116 223 1158 ,τὸ
241 1115 494 1171 στρατεύεσθαι
516 1117 736 1164 συνεῶσθαι;
759 1116 879 1159 κακῶς
906 1113 943 1153 δὲ
962 1114 1166 1167 πράττοντα
1188 1116 1224 1153 ἐν

170 1174 315 1219 ’τούτοις
341 1174 399 1214 ἐπὶ
429 1173 468 1213 τὸ
481 1175 780 1227 φαρμακοπωλεῖν
802 1172 924 1212 ἐλθεῖν·
948 1171 1072 1212 ἔπειτα
1090 1173 1221 1212 ἀναπε·

184 1231 364 1286 πταμένου
374 1237 434 1273 τοῦ
454 1232 641 1276 Πλάτωνος
660 1232 855 1284 περιπάτου
875 1238 979 1280 πᾶσι,
997 1233 1219 1284 παραλαὸεῖν

186 1292 312 1343 αὔτόν;
330 1292 355 1341 ἢ
377 1293 450 1337 πῶς
463 1292 506 1331 ἄν
527 1308 578 1335 τις
599 1291 809 1337 ἀποδέξαιτο
828 1289 986 1342 Τιμαίου
1004 1294 1065 1330 τοῦ
1084 1293 1226 1344 Ταυρο-

186 1350 352 1403 μενίτου,
383 1351 546 1403 λέγοντος
575 1351 610 1389 ἐν
636 1352 712 1394 ταῖς
735 1349 931 1403 ἱστορίαις,
963 1348 1085 1395 ἀδόξου
1121 1349 1226 1403 θύρας

187 1409 292 1450 αὐτὸν
311 1410 465 1463 ἰατρείου
495 1409 556 1449 καὶ
581 1408 644 1454 τὰς
673 1409 846 1462 τυχούσας
861 1438 871 1456 ,
900 1410 962 1461 ὀψὲ
982 1411 1045 1455 τῆς
1063 1409 1225 1457 ἡλικίας,

186 1469 348 1519 κλεῖσαις
367 1468 418 1514 τίς
433 1468 463 1508 δ’
485 1470 525 1508 ἂν
545 1468 704 1516 πεισθείη
724 1473 796 1511 τοῖς
815 1467 874 1506 ὑπ’
903 1467 1142 1521 Ἀριστοξένου
1164 1472 1226 1507 τοῦ

187 1530 358 1580 μουσικοῦ
375 1527 574 1580 λεγομένοις
591 1529 625 1567 ἐν
646 1529 695 1578 τῷ
711 1526 776 1580 βίῳ
797 1530 855 1565 τοῦ
872 1527 1084 1574 11λάτωνος;
1105 1528 1140 1566 ἐν
1159 1527 1227 1580 γὰρ

188 1589 235 1640 τῇ
255 1585 374 1639 πλάνη
400 1585 461 1626 καὶ
478 1588 521 1638 τῇ
542 1585 726 1639 ἀποδημίᾳ
755 1585 859 1639 φησὶν
883 1586 1140 1625 ἐπανίστασθαι
1166 1586 1225 1625 καὶ

173 1645 445 1695 ·ἇντουιοδομεῖν
480 1645 576 1697 αὐτῷ
607 1659 702 1688 τινας
730 1642 934 1696 Περίπατον
964 1642 1077 1689 ξένους
1109 1643 1224 1688 ὄντας.

183 1702 335 1746 movsen
369 1697 430 1743 οὖν
457 1705 542 1742 ἔνιοι
573 1706 684 1742 ταῦτα
714 1702 794 1755 περὶ
821 1702 1078 1757 Ἀριστοτέλους
1113 1702 1226 1754 λέγειν

189 1761 316 1817 αὐτόν,
330 1759 564 1815 Ἀριστοξένου
579 1760 638 1800 διὰ
657 1760 787 1804 παντὸς
807 1762 1042 1814 εὖφημοῧντος
1063 1761 1202 1814 Ἀριστο
1214 1786 1224 1792 ·

150 1858 156 1864 ⁴
189 1820 308 1870 τίλην.
327 1819 589 1873 Καταγέλαστα
605 1820 635 1859 δ’
652 1820 794 1865 εἷκότως
814 1812 901 1859 εἶναι
921 1819 1009 1874 φαίη
1032 1835 1081 1864 τις
1106 1819 1147 1859 ἂν
1168 1820 1228 1859 καὶ

184 1880 234 1920 ’τὰ
267 1879 616 1932 ἀπομνημονεύματα
644 1878 689 1918 τὰ
708 1878 879 1925 Ἀλεξίνου
911 1882 972 1919 τοῦ
1006 1879 1226 1932 Ἐριστικοῧ.

131 1983 134 1985 .
193 1939 296 1980 Ποιεῗ
323 1938 392 1991 γθιρ
411 1938 634 1990 Ἀλέξανδρον
655 1938 767 1978 παῖδα
781 1937 1028 1989 διαλεγόμενον
1047 1940 1097 1990 τῷ
1119 1937 1227 1990 πατρὶ

187 2070 413 2114 voluptatibus
431 2079 470 2103 ac
491 2070 659 2103 laboribus
673 2078 693 2102 a
709 2072 802 2103 recta
823 2071 951 2103 ratione
967 2071 1094 2104 aversis
1118 2080 1154 2104 sc
1171 2071 1232 2104 de-

190 2129 281 2164 dere.
323 2129 388 2163 Sed
414 2128 486 2162 lunc
505 2128 667 2162 hactenus
682 2137 724 2162 ex
741 2129 911 2162 Aristocle.

235 2189 267 2222 7.
291 2187 507 2228 Quitandem
535 2187 607 2220 fleri
637 2187 767 2230 potnit,
788 2187 895 2230 inquit
922 2188 998 2229 ille,
1029 2190 1068 2222 ut
1096 2189 1185 2232 quod
1204 2190 1235 2222 in

192 2245 330 2290 epistola
346 2245 388 2279 de
403 2246 483 2280 vitm
499 2245 663 2279 institutis
675 2247 839 2288 Epicurus
866 2246 1004 2287 scribit,
1026 2247 1234 2287 Aristoteles,

191 2304 322 2347 iuvenis
361 2305 472 2338 adbuc
503 2314 605 2347 quum
637 2307 741 2346 esset,
772 2305 1006 2348 patrimonium
1032 2307 1237 2349 profuderit,

175 2384 177 2386 -
198 2363 341 2406 indeque
359 2363 402 2396 sd
429 2362 582 2397 militiam
607 2365 799 2406 compulsus
820 2364 942 2398 suerit?
975 2365 1034 2398 sed
1066 2357 1238 2409 postquam

193 2422 358 2466 heeptnm
398 2431 464 2455 non
498 2422 718 2463 succedebat,
763 2423 1050 2466 pharmacopolam
1085 2425 1239 2468 deinceps

194 2480 300 2523 gerit
311 2505 322 2519 .
338 2479 443 2514 donec
462 2479 596 2514 tandem
606 2505 616 2523 ,
632 2481 710 2524 quia
723 2481 870 2515 Platonis
887 2483 1070 2517 ambulatio
1087 2484 1240 2517 omnibus

194 2540 346 2584 patebat,
365 2549 439 2575 enm
453 2541 540 2575 ultro
557 2541 623 2575 sibi
648 2542 869 2584 deposceret?
898 2544 980 2582 Quis
999 2553 1098 2587 porro
1118 2546 1241 2579 Timaeo

196 2598 474 2633 Tauromenitano
502 2601 703 2634 assentiatur
718 2625 728 2642 ,
747 2600 782 2634 in
810 2601 959 2635 historiis
988 2604 1058 2637 suis
1073 2606 1239 2645 narranti,

197 2655 290 2690 illum
300 2655 368 2698 jam
384 2656 508 2691 arrecta
526 2658 625 2691 oetate
647 2658 814 2700 neglectas
832 2659 966 2693 obscuri
981 2660 1152 2702 cujusdam
1168 2671 1240 2695 me-

197 2713 264 2749 dici
280 2714 422 2749 omeinoe
445 2715 535 2750 sores
564 2716 721 2750 claudere
744 2718 982 2752 consuevisse?
1014 2721 1096 2759 Quis
1127 2724 1240 2754 autem

199 2771 311 2808 credat
331 2782 373 2808 ea
389 2782 464 2816 quae
489 2774 532 2807 ab
557 2776 753 2809 Aristoxeno
782 2778 910 2810 musico
939 2778 973 2811 in
1001 2779 1150 2814 Platonis
1174 2770 1242 2814 vita

197 2832 377 2867 dicamur?
403 2834 527 2877 Nempe
549 2834 651 2868 refert
681 2844 747 2878 quo
770 2837 920 2879 tempore
946 2838 1163 2881 philosophus
1180 2840 1242 2874 iste

200 2892 460 2936 magnumm-
474 2894 508 2927 ct
523 2893 650 2927 diutius
675 2894 825 2934 abesset,
851 2905 951 2939 quem
969 2900 1089 2932 vocant
1106 2899 1241 2942 Peripa-

202 2953 292 2992 tnm,
311 2951 470 2986 alvernus
487 2960 562 2986 eum
582 2953 769 2996 peregrinos
787 2954 938 2988 homines
955 2957 1130 2991 excitasse.
1164 2960 1243 2992 llaec

201 3007 286 3045 enim
303 3009 405 3044 verba
431 3011 577 3044 nonnulli
603 3011 643 3044 de
662 3011 837 3046 Aristotele
865 3013 1024 3056 acciplunt
1040 3039 1048 3055 ‚
1067 3025 1165 3057 quem
1190 3019 1243 3050 ta·

199 3070 276 3103 hm
296 3074 425 3112 semper
454 3069 575 3103 eximia
605 3070 700 3103 laude
734 3072 830 3105 ornat
867 3073 1097 3109 Aristoxenus.
1157 3076 1243 3114 Quin

201 3124 300 3162 uhu
317 3125 477 3161 ridiculos
499 3129 573 3170 iure
594 3129 762 3171 putaveris
778 3130 905 3164 Alexini
928 3132 1058 3166 Eristici
1079 3143 1242 3168 commen·

190 3183 313 3220 Drios.
357 3187 576 3220 Alexandrum
605 3188 692 3221 enim
720 3189 865 3231 inducit,
895 3200 998 3232 quum
1030 3192 1140 3226 adbuc
1161 3203 1244 3236 puer

201 3246 306 3287 essa,
321 3254 397 3279 cum
414 3246 563 3291 Philippo
583 3250 675 3291 patre
691 3249 931 3292 colloquentem
946 3277 953 3292 ‚
972 3252 1031 3294 qui
1057 3254 1245 3288 Aristotelis

202 3302 334 3345 quidem
363 3304 545 3340 doctrinam
577 3306 771 3350 despueret,
806 3309 864 3343 sed
896 3309 1091 3353 Nicagoram
1128 3322 1245 3356 eogno-

203 3363 314 3396 mento
351 3363 551 3399 Mercurium
579 3365 793 3401 vehementer
834 3368 1000 3411 probaret.
1066 3371 1245 3406 Eubulides

204 3421 314 3454 autem
345 3421 377 3454 iu
395 3421 481 3456 libro
507 3423 666 3458 adversus
698 3426 907 3462 Aristotelem
933 3429 1060 3472 scripto
1083 3431 1244 3467 mendacii

206 3476 397 3514 unitates
414 3482 482 3523 est,
508 3483 651 3526 primum
678 3485 767 3526 quod
787 3487 904 3529 frigida
926 3489 1077 3531 quaedam
1103 3491 1246 3527 carmina

1277 347 1476 400 Φιλίππῳ,
1500 346 1561 385 καὶ
1597 346 1810 386 διαπτύοντα
1844 347 1907 398 μὲν
1928 346 2005 391 τοὺς
2034 347 2095 385 τοῦ
2116 344 2318 399 Ἀριστοτέ-

1275 409 1353 451 λους
1374 406 1520 458 λόγους,
1544 406 1804 458 ἀποδεχόμενον
1827 405 1863 445 δὲ
1886 405 2088 458 Νικαγόραν
2107 436 2117 453 ,
2145 404 2206 444 τὸν
2233 404 2320 457 Ἑρ-

1278 468 1347 517 μῆν
1372 464 1620 512 ἐπικληθέντα.
1653 464 1726 504 Καὶ
1757 464 1974 512 Εὖὸουλίδης
2011 464 2047 502 δὲ
2069 463 2252 516 προδήλως
2284 463 2320 501 ἐν

1246 530 1252 588 Ι
1276 526 1327 577 τῷ
1344 525 1423 563 κατ’
1447 524 1552 562 αὐτοῦ
1577 522 1706 576 βιὸλίῳ
1734 523 1925 577 ψεύδεται,
1946 525 2085 576 πρῶτον
2115 521 2178 574 μὲν
2215 521 2321 570 ποιή-

1279 599 1375 635 ματα
1396 581 1517 637 ψυχρὰ
1537 582 1813 636 προφερόμενος,
1835 587 1849 605 ⁰
1870 584 1917 627 ὥς
1943 581 2171 635 γεγραφότων
2202 580 2318 620 ἄλλων

1278 641 1435 694 περὶτοῦ
1457 640 1596 694 γάμου,
1624 641 1684 679 καὶ
1705 644 1768 688 τῆς
1801 641 1887 694 πρὸς
1908 639 2082 692 Ἑρμείαν
2110 639 2322 687 οἰκειότητος

1282 701 1377 754 αὐτῷ
1396 699 1590 753 γεγονυίας·
1614 699 1735 739 ἔπειτα
1748 699 1924 753 Φιλίππῳ
1940 700 2082 753 φάσκων
2102 699 2206 739 abtim
2218 715 2326 751 προσ-

1282 759 1406 814 κόψαι,
1435 758 1496 798 καὶ
1528 761 1731 798 τελευτῶντι
1755 759 1920 799 Πλάτωνι
1961 759 2011 810 μὴ
2041 759 2322 812 παραγενέσθαι,

1281 821 1325 858 τά
1345 834 1382 857 τε
1406 817 1526 871 βιὸλία
1546 819 1652 857 αὐτοῦ
1676 819 1888 873 διαφθεῖραι.
1920 818 1998 866 Τὴν
2027 818 2090 870 μὲν
2110 819 2178 871 γὰρ
2209 821 2327 869 Δημο-

1281 876 1412 930 χάρους
1436 877 1654 930 κατηγορίαν
1686 877 1775 916 κατὰ
1805 880 1872 916 τῶν
1894 877 2091 931 φιλοσόφων
2113 877 2147 916 τί
2172 876 2242 930 χρὴ
2272 877 2330 916 λε’-

1283 950 1380 990 γειν;
1401 937 1440 975 οὔ
1475 935 1542 989 γὰρ
1571 936 1819 989 Ἀριστοτέλην
1862 937 1990 989 μόνον,
2030 937 2120 975 ἀλλὰ
2158 936 2218 975 καὶ
2253 936 2331 981 τοὺς

1288 994 1416 1038 ἄλλους
1435 995 1553 1037 κακῶς
1571 993 1726 1047 εἴρηκεν.
1746 993 1832 1033 Ἔτι
1848 1010 1888 1046 γε
1908 994 1977 1044 μὴν
1999 994 2108 1039 αὐτὰς
2126 994 2188 1038 τὰς
2210 993 2331 1033 διαὸο-

1283 1053 1347 1099 λὰς
1379 1055 1521 1093 σκοπῶν
1547 1052 1588 1091 ἄν
1626 1069 1683 1098 τις
1719 1054 1838 1106 ληρεῖν
1869 1053 1970 1092 αὐτὸν
2000 1052 2101 1106 φαίη.
2133 1053 2238 1105 Λέγει
2259 1053 2328 1107 γὰρ

1290 1112 1506 1156 Ἐπιστολᾶς
1526 1111 1789 1165 Ἀριστοτέλους
1817 1112 1952 1150 ἁλῶναι
1986 1112 2078 1151 κατὰ
2105 1116 2165 1160 τῆς
2194 1113 2330 1157 πόλεως

1285 1177 1346 1222 τῆς
1369 1172 1581 1221 Ἀθηναίων,
1601 1171 1662 1211 καὶ
1683 1171 1864 1224 Στάγειρα
1886 1170 1950 1218 τὴν
1972 1171 2126 1224 πατρίδα
2146 1170 2162 1195 b
2180 1173 2331 1224 προδοῦ-

1285 1248 1344 1272 ναι
1366 1231 1564 1273 Μακεδόσιν
1598 1230 1716 1270 αὐτόν.
1735 1230 1819 1271 Ἔτι
1841 1229 1876 1270 δὲ
1897 1230 2184 1284 κατασκαφείσης
2205 1230 2335 1271 Ὀλύν-

1286 1295 1370 1341 θου,
1402 1291 1569 1343 μηνύειν,
1611 1291 1669 1330 ἐπὶ
1704 1289 1773 1330 τοῦ
1802 1289 2115 1343 λαφυροπωλείου,
2155 1290 2336 1343 Φιλίππῳ

1287 1351 1365 1396 τοὺς
1396 1350 1682 1393 πλουσιωτάτους
1714 1352 1782 1389 τῶν
1805 1349 2012 1390 Ὀλυνθίων.
2028 1349 2176 1389 Ἦλίθια
2198 1349 2234 1388 δὲ
2256 1351 2335 1388 δια-

1289 1409 1460 1457 ὅέὸληκεν
1497 1409 1602 1448 αὐτὸν
1636 1409 1697 1448 καὶ
1733 1408 2012 1462 Κηφισόδωρος,
2047 1412 2066 1448 ὃ
2102 1408 2334 1461 Ἰσοκράτους

1289 1469 1468 1521 μαθητής,
1497 1469 1666 1522 τρυφερὸν
1699 1468 1760 1508 καὶ
1793 1467 1942 1516 τένθην,
1976 1468 2037 1506 καὶ
2070 1467 2163 1506 ἄλλα
2188 1471 2334 1507 τοιαῦτα

1287 1530 1401 1581 λέγων
1422 1528 1524 1568 αὐτὸν
1549 1522 1651 1568 εἶναι.
1676 1528 1803 1568 Πάντα
1826 1527 1856 1566 δ’
1876 1527 2112 1580 ὓπερπαλαίει
2142 1526 2259 1580 μωρία
2284 1528 2332 1567 τὰ

1291 1587 1358 1627 ὑπὸ
1378 1588 1541 1632 Λύκωνος
1561 1586 1727 1640 εἰρημένα
1740 1618 1750 1635 ,
1776 1590 1836 1626 τοῦ
1856 1586 2016 1639 λέγοντος
2045 1579 2132 1625 εἶναι
2163 1589 2331 1639 Πυθαγο-

1290 1646 1386 1699 ρικὸν
1416 1646 1552 1687 ἑαυτόν.
1588 1646 1690 1695 Φησὶ
1727 1646 1794 1700 γὰρ
1825 1647 1919 1685 θύειν
1947 1646 2172 1699 Ἀριστοτέλη
2209 1647 2333 1685 θυσίαν

1287 1704 1553 1758 τετελευτηκυίᾳ
1570 1708 1613 1758 τῇ
1634 1706 1774 1758 γυναικὶ
1801 1704 1986 1753 τοιαύτην,
2004 1704 2128 1744 ὁποίαν
2151 1704 2334 1753 Ἀθηναῖοι

1289 1767 1332 1817 τῇ
1362 1763 1549 1816 Δήμητρι,
1578 1763 1639 1802 καὶ
1662 1765 1696 1802 ἐν
1715 1764 1822 1818 ἐλαίῳ
1850 1765 1968 1818 θερμῷ
1998 1763 2208 1815 λουόμενον,
2231 1767 2339 1803 τοῦτο

1288 1823 1330 1872 δὴ
1351 1823 1576 1876 πιπράσκειν.
1609 1823 1740 1863 ΊΙνίκα
1774 1824 1809 1863 δὲ
1831 1826 1877 1865 εἷς
1909 1823 2073 1864 Χαλκίδα
2095 1823 2227 1876 ἀπῄει,
2249 1830 2329 1868 τοὺς

1287 1881 1439 1926 τελώνας
1473 1884 1584 1936 εὑρεῖν
1614 1884 1648 1921 ἐν
1671 1885 1722 1937 τῷ
1743 1882 1855 1936 πλοίῳ
1885 1882 2042 1921 λοπάδια
2074 1885 2196 1936 χαλκᾶ
2228 1883 2337 1922 πέντε

1289 1941 1349 1999 καὶ
1370 1941 1629 1992 ἑὸδομήκοντα.
1653 1941 1724 1982 Καὶ
1754 1943 1877 1995 σχεδὸν
1897 1944 1929 1982 οἱ
1962 1942 2025 1993 μὲν
2049 1944 2184 1996 πρῶτοι
2201 1942 2333 1981 διαδα-

1291 2062 1417 2105 profert
1429 2089 1438 2103 ,
1457 2073 1534 2106 quae
1551 2065 1608 2097 alii
1622 2065 1664 2098 de
1685 2066 1758 2106 ejus
1783 2065 1933 2107 conjugio
1950 2067 1983 2097 et
2001 2073 2079 2095 cum
2101 2062 2237 2095 Hermia
2260 2070 2340 2093 con-

1292 2122 1466 2157 suetudine
1481 2123 1673 2166 scripserint
1691 2136 1699 2157 :
1722 2123 1843 2157 deinde
1857 2123 1948 2166 quod
1973 2130 2051 2156 eum
2070 2122 2117 2155 ait
2143 2122 2178 2154 in
2196 2119 2340 2162 Philippi

1291 2181 1505 2217 offensionem
1532 2183 1727 2222 incurrisse,
1751 2192 1812 2216 nec
1847 2182 1996 2216 adfuisse
2022 2182 2178 2216 morienti
2208 2182 2338 2214 Platoni

1292 2243 1431 2285 eiusque
1461 2242 1564 2276 libros
1591 2242 1804 2285 depravasse.
1843 2244 1926 2275 Nam
1956 2242 2171 2275 Democharis
2205 2241 2341 2284 quidem

1293 2302 1452 2336 adversus
1471 2301 1684 2344 philosophos
1715 2301 1980 2335 criminationem
2008 2311 2068 2335 cur
2099 2309 2339 2341 memoremus,

1293 2361 1353 2404 qui
1377 2369 1443 2395 non
1469 2361 1576 2395 solum
1597 2361 1827 2400 Aristotelem,
1854 2361 1912 2394 sed
1932 2361 2031 2394 etiam
2057 2361 2139 2394 alios
2157 2360 2343 2394 maledictis

1294 2422 1486 2456 vexaverit?
1504 2424 1596 2461 Quas
1623 2423 1734 2455 tamen
1762 2422 1933 2454 hominum
1953 2421 2135 2454 calumnias
2157 2421 2216 2463 qui
2233 2422 2341 2454 atten-

1293 2482 1369 2520 det,
1401 2481 1504 2516 istum
1533 2481 1675 2514 delirare
1708 2481 1829 2515 merito
1857 2481 1992 2515 dixerit.
2038 2481 2229 2515 Aristotelis
2256 2480 2344 2514 enim

1294 2542 1453 2582 adversus
1483 2540 1734 2574 Atheniensium
1767 2541 1888 2574 urbem
1932 2540 2091 2584 epistolas
2120 2540 2345 2583 deprehensas

1293 2610 1384 2643 esse,
1403 2602 1565 2643 illumque
1592 2600 1721 2644 stagira
1750 2610 1845 2635 suam
1864 2601 1973 2643 ipsius
1994 2600 2136 2643 patriam
2156 2599 2345 2633 Macedoni-

1295 2661 1358 2695 bus
1376 2660 1561 2704 prodidisse
1578 2659 1682 2694 refert
1701 2669 1709 2690 t
1730 2662 1892 2703 praeterea
1907 2660 2052 2702 Olyntho
2067 2660 2135 2702 iam
2160 2667 2276 2693 eversa
2288 2683 2296 2698 ‚
2312 2658 2347 2693 in

1295 2721 1482 2755 venditione
1528 2719 1650 2763 praedas
1690 2719 1872 2753 ditissimos
1910 2728 2063 2762 quosque
2109 2718 2347 2761 Olynthiorum

1295 2781 1446 2825 Philippo
1460 2779 1641 2818 indicassea
1659 2780 1808 2813 insulsus
1827 2779 1927 2812 etiam
1948 2778 2167 2812 calumniator
2185 2778 2345 2821 Cephiso-

1295 2842 1397 2876 dorus
1409 2868 1417 2881 ,
1436 2841 1592 2875 Isocratis
1615 2840 1816 2883 discipulus,
1835 2841 1904 2880 est,
1922 2838 1981 2882 qui
2008 2838 2217 2872 luxuriosum
2238 2837 2348 2880 ipsum

1297 2903 1331 2935 et
1348 2901 1553 2941 helluonem,
1584 2900 1816 2942 similibusque
1846 2898 2036 2933 nominibus
2066 2897 2261 2941 appellavit.
2307 2900 2348 2931 At

1297 2964 1370 2998 hoec
1386 2963 1498 2999 omnia
1512 2963 1606 3006 longe
1621 2962 1789 2996 dementia
1807 2962 1984 3004 superant,
2008 2969 2083 3003 quoe
2097 2970 2116 2992 a
2138 2962 2268 3002 Lycone
2288 2961 2348 3000 Py-

1298 3023 1474 3066 thagoreo,
1490 3025 1530 3057 ut
1548 3032 1585 3057 se
1602 3021 1675 3066 ipse
1694 3023 1812 3059 vocat.
1833 3020 1965 3066 objecta
1992 3021 2082 3053 sunt.
2121 3020 2244 3053 Scribit
2262 3019 2348 3053 enim

1299 3083 1507 3118 Aristotelem
1525 3082 1614 3117 idem
1632 3081 1785 3116 sacrificii
1806 3089 1909 3123 genus
1920 3105 1930 3122 ,
1950 3080 2040 3123 quod
2058 3080 2168 3114 Cereri
2186 3079 2227 3113 ab
2247 3080 2349 3113 Athe-

1298 3143 1469 3178 niensibus
1486 3142 1607 3182 flebat.
1638 3142 1779 3176 mortuae
1808 3140 1905 3174 uxori
1934 3139 2042 3173 facere
2067 3139 2204 3172 solitum
2218 3165 2226 3179 ,
2252 3140 2350 3181 atque

1298 3203 1381 3239 illud
1407 3204 1515 3246 ipsum
1538 3202 1649 3236 oleum
1677 3201 1795 3244 postea
1821 3200 1966 3234 vendere
1980 3225 1988 3241 ,
2004 3200 2039 3233 in
2065 3209 2131 3243 quo
2149 3199 2255 3232 calido
2280 3199 2349 3241 jam

1298 3265 1376 3299 ante
1392 3262 1540 3298 lavisset.
1585 3263 1716 3306 Quippe
1730 3271 1836 3305 quum
1865 3260 2057 3295 Chalcidem
2086 3262 2230 3302 peteret,
2249 3258 2347 3301 quin-

1299 3333 1364 3367 que
1383 3325 1417 3357 et
1442 3322 1652 3367 septuaginta
1679 3332 1788 3357 aeneas
1807 3321 1947 3365 patellas
1972 3321 2004 3353 in
2031 3320 2106 3352 navi
2127 3328 2146 3351 a
2167 3318 2348 3360 publicanis

1300 3382 1448 3424 repertas
1466 3388 1550 3415 esse.
1595 3382 1704 3424 Atque
1731 3380 1767 3413 hi
1798 3378 1865 3412 fere
1897 3378 2063 3421 principes
2085 3374 2270 3408 Aristotelis
2289 3383 2347 3407 ca-

1300 3437 1514 3472 lumniatores
1539 3437 1658 3472 fuere:
1687 3446 1832 3481 quorum
1864 3435 2010 3469 nonnulli
2039 3435 2112 3476 ejus
2130 3434 2228 3466 aetate
2253 3432 2349 3465 vive-

1300 3495 1400 3537 bant,
1430 3494 1487 3530 all
1505 3495 1604 3540 paulo
1623 3496 1720 3540 post3
1749 3494 1906 3539 sophistae
1933 3501 2070 3533 omues,
2094 3490 2286 3524 contentiosi
2308 3498 2348 3524 ac
