2508 3776
290 163 368 202 524

291 250 351 291 καὶ
367 251 423 290 τὸν
441 246 677 300 συναλγοῦντα
696 247 757 299 καὶ
781 244 1016 300 συγχαίροντα
1036 248 1088 299 τῷ
1108 246 1215 300 φίλῳ·
1243 246 1329 301 ὅπερ

290 309 350 350 καὶ
379 309 461 347 αὐτὸ
481 307 635 358 μάλιστα
661 306 741 359 περὶ
759 305 820 350 τὰς
841 305 995 359 μητέρας
1019 305 1221 356 συμὸαίνει.
1246 306 1331 346 Ἀπὸ

289 368 419 408 τούτων
441 367 475 405 δὲ
497 365 555 405 καὶ
575 369 594 405 6
615 369 676 413 τῆς
696 364 812 418 φιλίας
838 364 981 419 ὁρισμὸς
1002 364 1073 404 ἀπὸ
1098 368 1157 404 τοῦ
1187 368 1331 419 ὁρισμοῦ

290 430 358 466 τῶν
373 442 386 464 ε
389 441 543 478 ,(οντων
564 424 623 463 καὶ
639 428 657 464 6
673 423 816 478 ὁρισμὸς
831 428 891 463 τοῦ
912 423 1097 498 σώφρονος
1105 425 1162 463 τὸν
1183 428 1245 473 τῆς
1265 440 1334 464 σω-

290 484 462 537 φροσύνης
490 484 632 537 ὁρισμὸν
654 483 822 536 παρέχει·
842 486 937 522 οὗτοι
963 482 1026 533 μὲν
1057 486 1115 522 οὖν
1143 485 1174 522 οἱ
1191 487 1253 532 τῆς
1273 500 1333 537 φι-

288 543 366 588 λιας
399 543 459 581 καὶ
477 560 546 582 των
573 543 679 597 φίλων
702 541 865 596 ὁρισμοί·
887 541 1088 595 ἐλήφθησαν
1111 542 1146 582 δὲ
1169 543 1239 583 ἀπὸ
1264 546 1332 582 τῶν

289 603 520 656 ὀφειλομένων
530 606 613 656 παρ’
633 603 783 642 ἑκάστου
800 602 886 655 πρὸς
900 601 1036 652 ἑαυτόν,
1053 601 1168 646 καθὼς
1179 602 1329 655 εἴρηται.

342 661 362 682 *
373 662 444 701 Καὶ
460 665 527 715 γὰρ
543 662 726 710 ὁέπιεικὴς
739 665 850 700 ταῦτα
867 661 983 700 πάντα
998 660 1084 714 πρὸς
1093 661 1216 701 ἑαυτόν
1226 663 1334 711 ἔστιν,

291 720 380 775 ἅπερ
401 723 419 760 6
450 721 582 770 ἀληθὴς
609 723 705 776 φίλος
736 721 822 774 πρὸς
847 721 904 760 τὸν
935 720 1034 774 φίλον
1057 736 1066 746 ·
1097 721 1158 760 καὶ
1190 724 1208 761 6
1239 721 1335 774 φίλος

289 784 403 834 ἑαυτῷ
427 781 582 833 μάλιστα
602 785 621 821 6
650 780 804 828 ἐπιεικής
825 782 900 820 ἐστι
914 810 926 829 ,
951 779 1012 819 καὶ
1032 779 1068 824 ὃς
1087 779 1196 819 οἴεται
1224 781 1334 820 ἐπιει-

289 841 353 888 κὴς
373 834 475 882 εἶναι.
498 844 539 881 Εἰ
560 841 596 880 δὲ
618 839 666 891 μὴ
692 840 838 888 πάντες,
861 840 920 879 καὶ
940 841 970 879 οἱ
991 841 1117 893 φαῦλοι
1139 839 1183 879 τὰ
1214 839 1336 893 φιλικὰ

292 899 524 951 ἀπονέμουσιν
558 900 711 947 ἑαυτοῖς,
743 898 839 938 οὐδὲν
870 898 1102 950 προσίσταται
1137 901 1187 951 τῷ
1226 899 1333 953 λόγῳ.

293 959 365 999 Καὶ
385 960 452 1012 γὰρ
472 960 493 999 ἃ
514 961 543 1000 οἳ
571 960 757 999 σπουδαῖοι
782 958 843 997 καὶ
861 961 1023 1002 ἐπιεικεῖς
1048 962 1206 1006 ποιοῦσι,
1224 958 1337 997 ταῦτά

290 1022 357 1058 εἷσι
376 1019 420 1058 τὰ
439 1019 645 1073 διαφέροντα
658 1021 691 1058 ἐν
713 1019 781 1062 τοῖς
798 1017 1011 1071 ἀνθρώποις,
1032 1017 1094 1056 καὶ
1114 1018 1148 1055 ἐν
1171 1019 1215 1069 τῇ
1238 1020 1335 1069 κοινῇ

290 1080 389 1132 φύσει
407 1079 440 1104 ¹’·
457 1079 517 1118 καὶ
537 1079 604 1132 γὰρ
620 1079 745 1130 μέτρον
763 1077 854 1116 ἐστὶν
875 1081 897 1125 ἡ
911 1076 1016 1129 ἀρετὴ
1034 1077 1093 1115 καὶ
1116 1080 1134 1116 ὁ
1153 1077 1336 1120 σπουδαῖος

290 1141 358 1177 τῶν
381 1139 603 1191 ἀνθρωπίνων
624 1140 743 1177 παθῶν
758 1136 818 1176 καὶ
835 1138 902 1175 τῶν
923 1135 1100 1188 πράξεων·
1121 1134 1143 1173 ἃ
1160 1134 1195 1173 δὲ
1215 1138 1233 1173 6
1247 1139 1335 1188 φαῦ-

290 1199 348 1239 λος
365 1200 483 1249 ζητεῖ,
506 1199 567 1236 οὐκ
583 1199 628 1242 εἷς
644 1196 705 1243 τὴν
727 1195 844 1242 κοινὴν
866 1194 1033 1246 ἀνάγεται
1053 1193 1173 1246 φύσιν·
1194 1192 1257 1239 τὴν
1271 1193 1337 1266 γὰρ

291 1257 370 1309 περὶ
390 1260 502 1295 ταῦτα
521 1258 634 1311 ψῆφον
658 1257 720 1295 οὐκ
740 1255 810 1294 ἀπὸ
828 1257 897 1293 τῶν
924 1252 1140 1301 νοσούντων,
1163 1251 1239 1290 ἀλλ’
1265 1252 1336 1290 ἀπὸ

290 1319 359 1355 τῶν
379 1316 600 1368 ὑγιαινόντων
618 1314 818 1367 ληψόμεθα,
834 1311 921 1352 (Ότι
946 1311 982 1350 δὲ
1007 1315 1024 1350 ὁ
1048 1309 1200 1356 ἐπιεικὴς
1218 1309 1264 1348 τὰ
1283 1325 1337 1362 φι-

291 1373 372 1412 λικὰ
393 1377 504 1413 ἑαυτῶ
524 1374 639 1413 πάντα
658 1373 845 1424 ἀπονέμει,
876 1371 993 1418 δῆλον.
1025 1365 1137 1413 Οὗτος
1157 1371 1223 1421 γὰρ
1249 1372 1338 1419 ὃμο-

291 1439 462 1484 γνωμονεῖ
474 1435 607 1486 ἑαυτῶ,
625 1432 685 1471 καὶ
704 1435 771 1471 τῶν
788 1433 901 1470 αὐτῶν
923 1429 1098 1482 ὀρέγεται,
1120 1428 1209 1467 κατά
1220 1444 1256 1466 τε
1273 1429 1335 1467 λο-

292 1491 394 1542 γικὴν
414 1491 509 1545 ψυχ’
489 1507 556 1541 ην,
575 1491 635 1529 καὶ
655 1490 747 1529 κατὰ
761 1489 824 1536 τὴν
847 1489 994 1539 ἄλογον·
1008 1503 1068 1526 και
1087 1488 1124 1525 οὗ
1141 1488 1298 1539 καθάπερ
1320 1490 1338 1526 6

293 1552 460 1605 ἄκριτοςθ
481 1550 651 1589 τάναντία
676 1550 793 1601 ζητεῖ,
812 1565 873 1588 και
898 1546 937 1586 τὸ
958 1545 1151 1594 παθητικον
1173 1547 1268 1584 αὐτῶ
1289 1549 1338 1585 τῶ

292 1611 479 1663 λογιστικῳ
507 1610 666 1660 πολεμεῖ.
700 1608 771 1648 Και
797 1606 958 1660 βούλεται
983 1604 1058 1653 δὴ’
1045 1619 1063 1645 ο
1088 1606 1274 1650 σπουδαῖος
1294 1605 1338 1645 τὰ

293 1670 409 1721 ἀγαθὰ
439 1672 573 1722 ἑαυτῷ,
596 1669 641 1708 τά
658 1684 696 1707 τε
711 1669 728 1691 ‘¹
756 1667 884 1721 κυρίως
908 1665 1077 1718 ἀγαθοί,”
1058 1681 1123 1703 οσα
1146 1667 1194 1710 εἷς
1212 1665 1338 1718 ἀρετὴν

292 1731 408 1785 φέρει,
433 1745 492 1768 και
514 1728 558 1766 τὰ
580 1727 772 1782 φαινόμενα
801 1725 936 1777 ἀγαθοί,
967 1725 1027 1762 καὶ
1057 1726 1145 1776 αὐτῇ
1167 1727 1209 1777 τῇ
1232 1726 1337 1776 ἀρετῇ

295 1796 505 1847 βοηθοῦντα,
531 1806 591 1829 και
614 1789 811 1843 βούλεταιε
797 1804 911 1840 εαυτῳ
933 1786 1048 1838 ἀγαθὰ
1069 1789 1192 1825 ἑαυτοῦ
1214 1786 1337 1825 ἑ’·νεκα

292 1858 310 1893 ὃ
334 1852 402 1904 γὰρ
423 1852 552 1904 φαῦλος
569 1851 635 1902 οὐχ
649 1852 774 1888 ἑαυτοῦ
799 1848 917 1889 ἕνεκα.
949 1845 1003 1885 Τὸ
1023 1846 1092 1899 γὰρ
1122 1846 1339 1892 διανοητικόν

293 1928 367 1951 εστι
390 1926 430 1949 το
459 1908 673 1962 ἀνθρώπινον
702 1901 810 1954 εἶναι,
837 1911 874 1946 οὓ
895 1905 997 1944 ἕνεκα
1018 1907 1036 1943 6
1064 1904 1126 1955 μὲν
1153 1906 1339 1951 σπουδαῖος

293 1971 410 2010 πάντα
427 1973 516 2007 ποιεῖ
548 1967 607 2006 καὶ
635 1967 680 2006 τὰ
698 1966 812 2019 ἀγαθὰ
834 1965 950 2005 πάντα
972 1964 1089 2012 ζητεῖ,
1111 1967 1129 2003 6
1149 1963 1185 2003 δὲ
1211 1966 1340 2018 φαῦλος

294 2029 402 2070 οὐδέν.
425 2029 477 2068 Οὔ
508 2027 575 2080 γὰρ
594 2026 657 2075 τὴν
689 2025 835 2080 θεωρίαν
871 2027 889 2063 ὃ
908 2024 1036 2076 φαῦλος
1061 2022 1133 2075 ἔχει
1153 2023 1251 2067 τέλος
1264 2026 1338 2078 Ιτῶν

295 2089 418 2126 ἑαυτοῦ
447 2085 625 2139 πράξεων,
650 2085 742 2124 ἀλλὰ
772 2085 835 2131 τὴν
856 2081 983 2131 ἡδονὴν
1003 2080 1067 2128 τὴν
1086 2082 1240 2134 φαύλην·
1263 2082 1339 2123 ὅθεν

296 2147 334 2184 οὗ
354 2146 516 2198 βούλεται
538 2146 580 2184 τὰ
608 2144 723 2196 ἀγαθὰ
745 2146 858 2196 ἑαυτῷ
880 2144 1004 2180 ἑαυτοῦ
1036 2140 1153 2181 ἕνεκα.
1186 2140 1270 2180 Ἔτι
1303 2142 1338 2181 δὲ

296 2204 356 2244 καὶ
370 2207 429 2252 ζῆν
449 2205 613 2256 βούλεται
629 2202 750 2242 ἑαυτὸν
765 2205 783 2242 6
797 2202 982 2244 σπουδαῖος
998 2199 1058 2240 καὶ
1075 2199 1264 2251 σώζεσθαι,
1281 2201 1340 2240 καὶ

297 2265 451 2315 μάλιστα
476 2263 567 2303 κατὰ
600 2263 639 2302 τὸ
673 2261 907 2311 διανοητικόν·
934 2260 995 2300 καὶ
1027 2259 1144 2299 πάντα
1168 2259 1337 2313 πράττει,

296 2323 436 2363 ἃοῖεται
457 2324 570 2375 ἀγαθὰ
591 2318 679 2363 εἶναι
701 2325 836 2374 ἑαυτῷ,
860 2321 920 2360 καὶ
951 2320 974 2359 ἃ
993 2320 1079 2373 πρὸς
1100 2319 1139 2359 τὸ
1160 2321 1220 2366 ζῆν
1243 2320 1337 2396 φέρει

295 2400 356 2422 και
383 2383 423 2422 τὸ
452 2382 637 2429 σώζεσθαι.
661 2385 743 2422 Τῶν
767 2381 802 2421 δὲ
824 2381 939 2420 ἄλλων
962 2381 992 2418 οἱ
1014 2379 1076 2431 μὲν
1098 2378 1147 2430 μὴ
1175 2379 1266 2418 πάνυ
1286 2384 1340 2421 ἐκ-

298 2442 532 2496 τετραμμένοι
559 2449 618 2483 τοῧ
640 2444 766 2495 ὀρθοῦ,
805 2442 882 2481 ἀλλ’
917 2439 1025 2483 ουτως
1055 2437 1209 2491 ἔχοντες,
1247 2457 1338 2480 ωστε

297 2503 463 2541 δύνασθαι
492 2502 623 2542 οἴεσθαι
650 2504 812 2545 ἐπιεικεῖς
831 2503 938 2545 εἶναι,
963 2497 1008 2537 τὰ
1035 2498 1202 2536 δοκοῦντα
1223 2500 1337 2549 ἀγαθὰ

296 2561 357 2600 καὶ
373 2562 467 2600 αὐτοὶ
490 2564 649 2609 ζητοῦσι,
675 2561 735 2600 καὶ
760 2560 943 2613 βούλονται
961 2560 1096 2602 ἑαυτοῖς
1115 2557 1176 2596 καὶ
1198 2560 1258 2604 ζ’ἥν
1278 2559 1338 2599 και

297 2619 489 2665 σώζεσθαι·
505 2620 595 2660 οὕτω
619 2621 654 2658 δὲ
689 2620 844 2673 ἔχουσιν,
868 2618 920 2656 ὅτι
953 2616 1081 2669 τρόπον
1107 2615 1185 2654 τινὰ
1208 2616 1340 2657 ἐοίκασι

295 2684 368 2722 τοῖς
386 2678 596 2723 σπουδαίοις.
615 2680 661 2718 Οἱ
682 2679 717 2717 δὲ
744 2678 878 2731 σφόδρα
896 2677 1022 2730 φαῦλοι
1043 2674 1103 2713 καὶ
1124 2676 1340 2728 ἀνοσιουργοὶ

297 2735 394 2774 οὐδὲν
423 2737 557 2775 τούτων
578 2737 735 2790 ἔχουσιν·
760 2739 838 2778 οὔτε
862 2738 931 2790 γὰρ
962 2736 1007 2775 τα
1038 2737 1204 2774 δοκοῦντα
1225 2737 1340 2788 ἀγαθὰ

300 2795 498 2844 διώκουσιν,
511 2796 601 2835 ἀλλὰ
620 2798 710 2836 ἄλλα
725 2798 788 2849 μὲν
807 2797 1002 2851 βούλονται,
1022 2795 1145 2846 ἑτέρων
1166 2795 1201 2834 δὲ
1221 2797 1339 2836 ἐπιθυ·

298 2859 435 2906 μοῧσιν,
450 2849 515 2894 οἷοί
529 2857 612 2894 εἶσιν
627 2858 657 2894 οι
673 2858 864 2909 ἐγκρατεῖς,
892 2854 1064 2895 maletot
1045 2855 1079 2892 οὲ
1093 2853 1126 2892 οἳ
1136 2853 1193 2893 διὰ
1210 2855 1337 2895 δειλίαν

297 2913 358 2953 καὶ
387 2914 543 2967 ἀργίανθ
577 2914 786 2976 ἀφίστανται
815 2921 875 2955 τοῦ
912 2915 1098 2968 πράττειν,
1141 2914 1164 2953 ἃ
1208 2915 1339 2955 οιονται

298 2974 433 3018 ἑαυτοῖς
453 2972 618 3026 βέλτιστα
642 2978 746 3013 εἶναι·
762 2975 840 3014 οὔτε
862 2976 974 3015 τοίνυν
995 2973 1040 3013 τὰ
1063 2975 1271 3014 δοκοῦντα’
1252 2992 1341 3026 αγα-

298 3033 341 3072 O&
357 3032 555 3082 διώκουσιν,
571 3033 650 3073 οὔτε
666 3034 883 3088 βούλονται(
871 3039 1004 3080 εαυτοῒς
1022 3034 1061 3073 τὸ
1076 3037 1136 3082 ζῆν
1153 3034 1213 3074 καὶ
1230 3036 1340 3082 σώζε-

299 3094 398 3130 σθαι·
412 3091 494 3130 ἔνιοι
510 3092 579 3145 γὰρ
597 3095 647 3146 τῷ
663 3094 779 3132 πολλὰ
793 3095 853 3133 καὶ
874 3095 969 3135 δεινὰ
985 3094 1115 3148 πρᾶξαι
1140 3094 1346 3144 μισηθέντες

298 3149 356 3187 διὰ
392 3150 586 3204 μοχθηρίας
625 3152 824 3205 ὖπερὸολήν
844 3186 851 3200 ,
886 3154 1049 3207 φεύγουσι
1084 3153 1123 3191 τὸ
1159 3155 1242 3201 ζην,
1279 3156 1339 3195 καὶ

300 3210 496 3261 ἀναιροῦσιν
531 3210 684 3254 ἑαυτούς
711 3211 811 3250 Ὅδὲ
830 3215 1014 3257 σπουδαῖος
1045 3212 1241 3263 βούλεται
1227 3229 1339 3267 εαυτῳ

299 3269 378 3316 ζῆν·
387 3268 515 3320 ἀγαθὸν
529 3268 654 3324 γὰρτῳ
665 3269 843 3323 σπουδαίῳ
858 3270 898 3308 τὸ
913 3274 1025 3311 εἰναι·
1041 3273 1102 3319 τὴν
1122 3272 1190 3324 γὰρ
1210 3277 1338 3327 θεωρη-

341 3417 358 3434 *
378 3417 464 3463 Πρὸς
482 3418 597 3454 ἑαυτὸν
613 3418 647 3452 δὲ
666 3418 790 3454 τούτων
807 3419 1015 3462 ἕκαστον-τῷ
1039 3419 1177 3455 ἐπιεικεῖ
1195 3420 1255 3454 κτλ

1105 157 1390 198 ANDRONICI
1417 156 1595 198 RHODII

1393 233 1469 286 dem
1485 260 1563 284 cum
1581 250 1686 284 amico
1703 250 1804 285 rebus
1819 252 1853 285 et
1868 250 1979 285 doleat
1998 253 2033 286 et
2050 252 2183 287 laetetur
2201 251 2314 295 :quod
2329 251 2462 297 ipsun*

1394 312 1427 343 et
1447 309 1611 342 matribus
1631 308 1776 342 maxime
1798 309 1928 343 accidit.
1947 309 2031 343 Hiuc
2055 311 2156 345 etiam
2179 312 2334 346 amicitioe
2361 311 2440 351 defi*
2463 326 2468 327 ⁷

1394 369 1475 403 nitio
1503 369 1545 402 ab
1571 378 1685 402 eorum
1716 369 1775 411 qui
1805 378 1880 402 eam
1902 363 2026 403 habent
2043 371 2230 406 definitione
2257 372 2436 408 sumitur-e
2467 369 2470 371 ’
2506 370 2508 399 i

1395 429 1480 462 sicut
1495 428 1709 470 temperantis
1729 428 1877 461 definitio
1900 430 2126 472 temperantiae
2148 430 2255 474 ipsius
2274 431 2441 467 definitio-

1396 498 1470 521 nem
1493 488 1618 530 praebet
1639 501 1646 520 :
1668 490 1702 521 et
1721 488 1783 521 hae
1807 477 1943 531 quidem
1966 489 2122 522 amicitiae
2148 493 2248 534 atque
2260 490 2441 529 amicorum
2483 530 2486 531 ⁷

1395 548 1600 582 definitiones
1627 548 1803 589 habentur,
1828 558 1904 591 quae
1921 551 1959 582 ut
1983 549 2129 583 diximus
2153 550 2194 584 ab
2215 550 2258 584 iis
2276 558 2355 595 qua
2377 551 2442 587 sibi
2492 597 2496 603 .

1396 608 1536 651 quisque
1549 608 1646 641 debet
1667 608 1780 650 petitae
1795 610 1884 641 sunt.

1437 668 1567 701 Etenim
1598 667 1650 700 vir
1685 667 1792 711 bonus
1827 677 1943 701 eorum
1971 668 2118 715 omnium
2151 667 2257 703 instar
2282 668 2347 704 sibi
2370 670 2439 711 est,

1396 736 1472 770 quae
1484 735 1584 759 verus
1599 726 1725 759 anneus
1747 726 1852 759 amico
1872 727 2020 769 praebet·
2041 727 2252 771 maximeque
2265 727 2303 764 is
2315 727 2444 763 amicus

1396 788 1447 820 est
1462 786 1535 826 sibi,
1557 786 1615 828 qui
1633 786 1684 818 vir
1701 786 1806 819 bonus
1830 788 1882 819 est
1901 789 1933 819 et
1950 787 2072 820 bonum
2093 796 2128 820 se
2148 796 2222 821 esse
2246 786 2441 823 arbitratur.

1397 845 1525 883 Quodsi
1542 855 1607 878 non
1624 854 1747 883 omnes,
1759 846 1817 877 aut
1834 845 1973 887 improbi
1987 845 2142 879 amicitiae
2166 845 2365 880 documenta
2378 845 2445 880 sibi

1397 903 1559 943 tribuunt,
1587 904 1622 937 id
1650 904 1911 947 haudquaquam
1932 905 2051 938 rationi
2067 906 2190 938 nostrae
2213 905 2359 939 alienum
2381 906 2443 940 est.

1398 965 1481 997 Nam
1495 973 1571 1006 quae
1587 963 1651 996 viri
1670 963 1792 996 boniet
1814 963 1945 997 honesti
1972 964 2106 1003 faciunt,
2124 964 2198 998 hoec
2219 966 2298 999 sunt
2313 972 2390 1008 quae
2411 964 2446 997 in

1398 1022 1588 1055 hominibus
1597 1023 1676 1056 etin
1697 1023 1862 1055 communi
1875 1025 1996 1056 natura
2006 1024 2151 1057 maxime
2167 1024 2331 1059 excellant
2347 1036 2358 1059 z
2374 1025 2446 1057 ete-

1399 1081 1467 1113 nim
1486 1081 1536 1113 vir
1550 1081 1656 1114 bonus
1675 1083 1774 1123 atque
1794 1081 1866 1123 ipsa
1879 1081 1983 1114 virtus
1996 1083 2216 1117 humanarum
2229 1085 2305 1119 tum
2316 1085 2447 1126 partur-

1399 1142 1569 1191 bationum
1584 1143 1656 1173 tum
1669 1141 1835 1174 actionum
1848 1141 1942 1183 quasi
1955 1150 2109 1175 mensura
2119 1143 2170 1175 est
2183 1154 2192 1175 ι
2204 1150 2282 1186 quoe
2292 1149 2373 1178 vero
2381 1141 2446 1176 im·

1400 1201 1522 1242 probus
1540 1202 1677 1242 spectat,
1694 1200 1736 1233 ad
1750 1210 1957 1234 communem
1973 1203 2131 1234 naturam
2147 1210 2212 1234 non
2229 1199 2445 1235 resternatur:

1400 1260 1454 1292 his
1465 1259 1554 1292 enim
1569 1260 1611 1292 de
1630 1259 1730 1292 rebus
1743 1269 1807 1292 non
1821 1260 1863 1292 ab
1880 1260 1987 1302 aegris,
2002 1260 2062 1293 sed
2077 1269 2098 1293 a
2114 1260 2302 1295 valentibus
2314 1261 2446 1294 senten-

1401 1318 1482 1351 tiam
1498 1327 1678 1351 sumemus.
1705 1319 1871 1352 Gaeterum
1893 1319 2003 1352 virum
2030 1319 2155 1353 bonum
2177 1320 2288 1355 omnia
2312 1326 2391 1363 qam
2414 1319 2448 1352 iu

1401 1377 1545 1410 amicitia
1559 1378 1774 1419 requiruntur
1788 1378 1850 1411 sibi
1867 1378 2023 1417 tribuere,
2035 1378 2172 1420 planum
2187 1380 2249 1414 est.
2278 1377 2341 1413 nic
2361 1377 2449 1412 euim

1401 1438 1563 1470 consentit
1585 1447 1708 1476 secum,
1725 1438 1906 1480 eademque
1919 1438 2018 1471 simul
2031 1438 2168 1472 rationis
2177 1441 2338 1482 compote,
2349 1437 2450 1472 simul
2495 1431 2508 1462 '⁷1

1401 1494 1539 1528 rationis
1557 1498 1691 1537 experte
1705 1495 1806 1528 animi
1836 1495 1986 1538 portione
2006 1496 2144 1540 expetit,
2162 1504 2270 1538 neque
2285 1497 2324 1528 ut
2349 1495 2449 1528 homo
2466 1504 2477 1516 ³
2499 1540 2502 1550 ι

1401 1554 1492 1587 nulla
1501 1554 1662 1596 praeditus
1676 1555 1846 1597 judicandi
1865 1555 1899 1587 vi
1917 1555 2122 1588 contrarium
2136 1555 2270 1598 quaerit,
2285 1555 2343 1588 aut
2361 1554 2447 1598 pati-
2488 1543 2508 1591 ’ἶ

1405 1614 1481 1647 bilis
1494 1614 1527 1646 in
1542 1623 1580 1646 eo
1593 1623 1669 1656 pars
1683 1623 1758 1647 cum
1771 1614 1923 1646 rationali
1947 1616 2081 1657 pugnat.
2101 1614 2190 1654 Quin
2205 1613 2305 1648 etiam
2320 1623 2360 1647 ea
2373 1622 2450 1655 qum

1402 1673 1487 1707 bona
1500 1675 1577 1705 sunt
1586 1675 1721 1715 exoptat
1734 1673 1798 1706 sibi
1814 1673 1991 1720 virbonus,
2004 1675 2075 1706 tam
2095 1682 2172 1716 qum
2183 1673 2315 1717 proprie
2329 1672 2449 1706 dicun-

1401 1734 1457 1765 tur
1463 1732 1559 1772 bona,
1572 1741 1647 1774 quae
1655 1732 1697 1764 ad
1711 1732 1868 1765 virtutem
1883 1732 2081 1775 perducunt,
2091 1735 2193 1774 quam
2207 1741 2282 1775 quae
2294 1731 2448 1771 bonavi-

1400 1786 1519 1819 dentur
1536 1788 1569 1818 et
1579 1786 1641 1828 ipsi
1653 1786 1770 1819 virtuti
1782 1786 1992 1828 aliquatenus
2008 1785 2157 1819 subsidio
2170 1788 2259 1826 sunt,
2269 1786 2448 1829 etquidem

1401 1852 1461 1875 sua
1478 1842 1583 1884 ipsius
1606 1851 1704 1875 causa
1720 1844 1813 1884 optat
1828 1842 1891 1875 sibi
1910 1842 2015 1875 bona:
2031 1841 2189 1875 nimirum
2204 1841 2376 1885 improbus
2388 1851 2449 1877 sua

1402 1897 1506 1939 ipsius
1536 1905 1635 1929 causa
1662 1896 1720 1928 illa
1747 1905 1812 1928 non
1844 1898 1952 1938 optat.
1978 1897 2098 1940 Nempe
2122 1896 2289 1940 cogitandi
2309 1896 2451 1940 facultas
2467 1915 2475 1947 φ

1403 1953 1583 1985 humanam
1608 1953 1761 1984 naturam
1785 1951 1951 1984 continere
1977 1954 2127 1994 putatur,
2155 1952 2250 1994 cuius
2272 1960 2372 1986 causa
2397 1952 2450 1987 vir

1401 2005 1507 2038 bonus
1525 2005 1635 2037 omnia
1662 2004 1755 2046 facit,
1786 2005 1936 2047 bonaque
1957 2006 2067 2039 omnia
2091 2006 2312 2050 persequitur,
2339 2015 2448 2049 quum

2500 1570 2508 1638 Ξ

2482 1744 2508 1830 4

2476 1837 2508 2064 i

1402 2061 1522 2092 horum
1538 2060 1621 2092 nihil
1642 2060 1812 2102 improbus
1835 2059 1945 2093 faciat.
1960 2062 2073 2103 Neque
2092 2060 2180 2094 enim
2199 2055 2500 2107 contemplatio-
2500 2067 2508 2107 ξ

1403 2126 1478 2149 nem
1493 2116 1663 2159 improbus
1689 2116 1787 2149 tinem
1805 2125 1941 2149 suarum
1958 2116 2126 2149 actionum
2151 2117 2281 2157 statuit,
2299 2115 2358 2150 sed
2371 2125 2450 2162 pra·
2472 2122 2475 2125 ’

1401 2181 1479 2205 vam
1505 2171 1750 2213 voluptatem:
1771 2173 1972 2213 quapropter
1995 2171 2254 2214 haudquaquam
2270 2171 2355 2205 bona
2388 2180 2448 2207 sua
2472 2190 2475 2195 ·
2497 2165 2508 2216 ⁴[j

1401 2226 1506 2268 ipsius
1539 2235 1638 2258 causa
1669 2225 1732 2258 sihi
1749 2227 1854 2267 optat.
1881 2225 1963 2257 Vult
1989 2227 2156 2267 praeterea
2178 2225 2231 2259 vir
2248 2225 2358 2261 bonus
2379 2231 2451 2270 sese
2475 2214 2478 2227 ¹
2500 2239 2508 2270 λ·

1402 2282 1514 2315 vivere
1551 2283 1584 2315 et
1619 2281 1750 2314 salvum
1789 2290 1872 2322 esse,
1906 2281 2054 2314 maxime
2090 2281 2255 2324 cogitandi
2287 2267 2448 2314 facultate

1403 2340 1552 2371 servata:
1575 2337 1685 2370 omnia
1700 2337 1781 2370 item
1797 2338 1875 2379 agit,
1891 2345 1966 2378 quoe
1979 2337 2164 2370 conducere
2174 2335 2240 2369 sibi
2261 2337 2444 2378 existimat,

1402 2404 1542 2437 quaeque
1562 2394 1605 2426 ad
1626 2393 1728 2427 vitam
1746 2395 1779 2426 et
1793 2393 1835 2425 ad
1851 2392 2114 2426 incolumitatem
2138 2394 2297 2435 spectant.
2316 2393 2365 2427 Ex
2375 2392 2450 2425 aliis

1402 2451 1514 2481 autem
1535 2447 1559 2480 ii
1581 2448 1639 2490 qui
1662 2457 1727 2481 non
1751 2447 1847 2489 plane
1869 2457 1888 2479 a
1907 2449 1997 2479 recto
2014 2446 2122 2480 aversi
2138 2449 2226 2486 sunt,
2243 2446 2303 2480 sed
2321 2447 2381 2490 qui
2399 2447 2447 2479 ita

1403 2514 1437 2538 se
1458 2506 1588 2546 gerunt,
1607 2506 1645 2536 ut
1661 2503 1788 2546 possint
1800 2502 1864 2535 viri
1884 2502 1960 2535 boni
1982 2504 2054 2535 tum
2073 2502 2135 2535 sibi
2147 2504 2220 2535 tum
2236 2502 2312 2536 aliis
2323 2502 2443 2543 videri,

1403 2568 1440 2592 ea
1452 2568 1528 2602 quae
1552 2559 1659 2601 specie
1678 2558 1764 2591 bona
1778 2560 1855 2591 sunt
1874 2559 1907 2590 et
1917 2557 1980 2599 ipsi
1990 2559 2158 2600 quaerunt,
2174 2559 2208 2591 et
2228 2558 2332 2591 vitam
2347 2559 2448 2600 atque

1402 2613 1662 2646 incolumitatem
1680 2613 1743 2646 sibi
1766 2614 1923 2655 exoptant
1940 2624 1947 2644 ι
1967 2612 2013 2644 ita
2037 2614 2149 2645 autem
2161 2621 2197 2645 se
2215 2614 2346 2654 gerunt,
2369 2612 2449 2656 quia

1401 2667 1643 2710 quodammodo
1666 2668 1760 2700 bonis
1785 2667 1896 2701 adhuc
1917 2667 1999 2701 viris
2017 2666 2143 2700 similes
2171 2667 2347 2710 sunt.‚Qui
2370 2677 2449 2702 vero

1401 2724 1497 2758 valde
1510 2723 1653 2766 improbi
1678 2725 1805 2756 suntet
1823 2722 1964 2762 scelesti,
1990 2722 2074 2756 nihil
2100 2722 2167 2756 tale
2181 2722 2306 2756 hahent
2319 2735 2328 2755 ε
2341 2732 2449 2766 neque

1401 2779 1490 2812 enim
1513 2778 1571 2811 illa
1598 2786 1675 2820 quae
1699 2777 1856 2811 videntur
1875 2777 1959 2810 bona
1979 2778 2176 2820 sequuntur,
2199 2776 2259 2810 sed
2284 2776 2350 2810 alia
2371 2778 2449 2820 qui-

1401 2836 1478 2869 dem
1493 2835 1622 2874 volunt,
1643 2834 1707 2867 alia
1727 2836 1840 2866 autem
1856 2834 2106 2876 concupiscunt,
2125 2833 2241 2876 quales
2266 2835 2344 2867 sunt
2366 2843 2448 2867 con-

1401 2892 1543 2924 tinentes
1566 2889 1671 2931 etqui
1693 2891 1828 2931 propter
1852 2888 2067 2921 timiditatem
2091 2891 2126 2922 et
2142 2888 2326 2922 socordiam
2340 2888 2448 2922 absti-

1402 2949 1481 2980 nent
1514 2956 1534 2979 a
1563 2945 1771 2987 negotiorum
1804 2944 1972 2986 gestione,
2006 2952 2083 2986 quae
2118 2943 2182 2977 sibi
2208 2943 2342 2986 pptima
2376 2953 2449 2978 esse

1401 3001 1623 3036 arbitrantur:
1644 3009 1747 3042 quare
1767 3008 1876 3041 neque
1896 3008 1934 3032 ea
1955 3007 2032 3041 quae
2057 2998 2165 3040 specie
2181 2998 2269 3032 hona
2296 3001 2374 3032 sunt
2395 3008 2445 3034 se-

1401 3057 1563 3099 quuntur,
1583 3063 1691 3096 neque
1708 3053 1814 3086 vitam
1841 3054 1876 3086 et
1893 3052 2157 3085 incolumitatem
2179 3052 2243 3085 sibi
2263 3054 2445 3095 exoptant:

1401 3110 1549 3143 nonnulli
1576 3109 1665 3142 enim
1698 3110 1874 3151 postquam
1903 3107 2025 3140 multis'
2040 3106 2208 3140 maleficiis
2233 3106 2387 3140 admissis
2411 3108 2447 3143 in
2483 3132 2486 3140 ,

1401 3167 1568 3200 hominum
1575 3165 1915 3207 odiumpervenerunt-
1924 3164 2058 3206 propter
2063 3162 2240 3205 pravitatis
2249 3162 2447 3197 immodera-
2486 3151 2505 3181 ¹⁸

1401 3221 1524 3254 tionem
1540 3220 1619 3253 vitae
1636 3219 1925 3262 pertaesi-mortem
1943 3217 2004 3250 sibi
2017 3217 2236 3251 consciscunt.
2256 3217 2380 3251 Contra
2395 3218 2446 3251 vir
2478 3232 2480 3234 v

1392 3279 1497 3311 bonus
1508 3277 1613 3310 vitam
1626 3275 1688 3308 sibi
1698 3275 1890 3316 contingere
1906 3273 1998 3316 cupit
2014 3286 2022 3306 ε
2037 3273 2110 3306 viro
2123 3273 2210 3306 bono
2219 3275 2307 3309 enim
2321 3274 2443 3308 bonum
