2508 3776
164 281 188 347 ᾖξ’
209 315 215 320 ,
235 279 242 317 j
293 272 357 326 ρου
375 270 511 310 τούτων
530 276 582 315 τίς
607 273 632 319 ’ἡ
664 269 833 323 βελτίστη
863 269 944 316 ἕξις·
966 267 1056 318 αὕτη
1077 267 1147 321 γὰρ

174 328 404 411 ἐμπύρου·
424 329 502 369 ἐπεὶ
519 329 555 368 δὲ
571 333 594 379 ἦ
614 330 758 383 ἅρετὴ’
742 346 778 369 εν
793 334 863 375 τοῖς
876 329 1016 374 οἰκείοις
1035 327 1148 382 ἔργοις

283 419 296 440 ,
313 389 482 440 ζητητέον
509 389 591 430 τίνα
610 391 657 430 τὰ
684 389 771 444 ἔργα
787 389 833 429 τὰ
851 388 1078 443 προσήκοντα
1096 389 1148 441 τῶ

259 453 359 504 ικῷ
378 449 441 490 καὶ
462 450 690 503 βουλευτικῷ.

142 517 144 520 ⁴
168 540 170 542 ν
205 528 230 552 τις
258 535 262 541 ,
289 509 406 551 τοίνυν
425 510 519 550 ἐστὶν
539 510 575 548 ἐν
596 511 639 562 τῇ
659 510 759 563 ψυχῇ
785 507 829 547 τὰ
858 508 964 562 κύρια
991 506 1150 560 πράξεως

251 569 354 616 ίας
377 569 558 618 Ἀληθείας
575 567 639 620 μὲν
661 567 789 639 κύριαω
787 570 866 612 νοῦς
884 569 946 607 καὶ
966 567 1149 616 αἴσθησις,

108 670 114 677 ,
168 673 179 680 ..
198 676 204 683 .
244 645 331 686 ρον
345 629 474 683 γνῶσίς
493 633 600 670 ἐστιν·
620 631 644 676 ἡ
665 628 702 667 δὲ
719 629 848 679 γνῶσις
878 627 976 672 τέλος
996 626 1149 680 ἔχειτὴν

172 681 197 745 fs
240 703 277 724 “·
299 689 472 744 πράξεως
504 688 570 739 δέ,
605 691 629 737 ἡ
665 686 786 740 ὄρεξις·
809 688 843 726 ἔν
865 687 953 739 αὐτῇ
985 687 1054 739 γάρ
1075 688 1150 726 ἐστι

301 764 368 795 εως
389 746 507 802 ἀρχή,
521 747 584 788 καὶ
605 747 736 791 παντὸς
758 745 860 800 ἔργου
890 745 981 792 αυτη
1002 745 1112 784 αἰτία·
1132 747 1151 784 ὁ

170 809 203 847 ἶ
233 825 343 854 νους
368 807 535 863 γινώσκει
554 806 609 846 δτι
627 805 708 846 τόδε
727 821 762 845 τι
786 804 864 844 δέον
885 808 1047 852 ποιῆσαι·
1069 807 1092 852 ἡ
1113 803 1150 842 δὲ

183 864 360 925 πρᾶξιν
385 867 522 916 κίνησις
544 867 615 906 ἄπο
638 868 701 913 τῆς
728 863 873 916 ὀρέξεως
898 863 1046 915 γίνεται·
1067 865 1091 910 ἡ
1113 861 1150 900 δὲ

238 929 439 982 οὖδεμιᾶς
459 927 556 973 ἐστιν
578 923 673 980 ἀρχὴ
688 923 861 977 πράξεως.
883 923 1000 970 Δῆλον
1024 920 1061 961 δὲ
1081 921 1152 961 ἀπὸ

287 1011 291 1023 ι
326 1018 340 1042 ,
360 987 422 1028 καὶ
450 986 520 1041 γὰρ
555 984 718 1033 αἴσθησιν
750 983 879 1038 ἔχοντα
910 983 948 1022 οὔ
983 981 1151 1021 δύνανται

184 1047 352 1109 ἔχειν·
381 1045 511 1100 πρᾶξις
539 1045 609 1105 γάρ
637 1046 731 1084 ἐστιν
760 1046 783 1092 ἡ
817 1043 907 1096 μετὰ
936 1041 1152 1095 βουλεύσεως

99 1153 101 1157 ,
135 1151 148 1162 ‚.
250 1107 378 1149 ’ὥστε
408 1109 433 1156 ἡ
463 1105 528 1159 μὲν
550 1101 712 1153 αἴσθησις
734 1103 900 1155 οὐδεμιᾶς
932 1101 1030 1142 αἰτία
1052 1101 1152 1178 πρά-

179 1195 197 1220 ,
225 1171 246 1210 ὅ
274 1167 313 1210 δὲ
331 1171 409 1215 νοῦς
439 1166 503 1209 καὶ
535 1168 560 1214 ἡ
593 1164 702 1220 ὄρεξις
733 1166 859 1205 πασῶν
879 1161 1040 1217 πράξεών
1065 1163 1151 1202 εἰσιν

180 1230 248 1270 ’ὁ
258 1227 323 1282 μὲν
341 1228 388 1268 τὰ
415 1226 539 1268 δέοντα
559 1225 764 1274 διδάσκων,
783 1227 807 1272 ἡ
837 1221 875 1264 δὲ
896 1221 954 1262 ἐπὶ
973 1221 1013 1262 τὸ
1033 1220 1149 1275 πράτ-

109 1313 114 1325 ··
144 1290 344 1330 “mm-

118 1344 184 1390 ⁸¹?
197 1343 268 1388 Ὃν
288 1345 327 1386 δὲ
347 1345 423 1400 ἔχει
439 1344 545 1399 λόγον
565 1347 602 1384 ἐν
619 1345 668 1397 τῇ
687 1341 825 1397 διανοίᾳ
856 1340 1056 1396 κατάφασις
1090 1338 1151 1380 καὶ

111 1417 158 1457 ζ,
167 1445 171 1449 .
196 1430 201 1436 .
222 1431 227 1437 ⁴
280 1436 294 1457 ,
309 1409 432 1447 τοῦτον
455 1405 530 1459 ἔχει
553 1405 590 1444 ἐν
611 1406 656 1457 τῇ
687 1402 799 1457 ὀρέξει
819 1401 934 1447 δίωξις
955 1401 1017 1441 καὶ
1037 1401 1146 1455 φυγή·

159 1465 281 1508 imi
300 1468 325 1515 ἡ
344 1465 453 1515 ἠθικὴ
474 1462 583 1518 ἀρετὴ
608 1462 677 1509 ἕξις
693 1462 769 1502 ἐστὶ
789 1460 1048 1516 προαιρετική,
1070 1463 1093 1512 ἡ
1114 1458 1151 1500 δὲ

200 1525 420 1581 σιςόρεξις
435 1522 664 1580 βουλευτική,
685 1522 915 1576 (προαίρεσις
927 1520 998 1574 γάρ
1019 1521 1094 1559 ἔστι
1112 1518 1152 1559 τὸ

128 1575 202 1621 θ
256 1587 321 1629 καὶ
348 1587 492 1627 ἑλέσθαι
518 1585 560 1625 τὸ
586 1582 822 1638 βουλευθέν,)
861 1587 960 1621 πᾶσα
992 1579 1151 1632 ἀνάγκη,

142 1641 233 1722 ἢ
247 1646 452 1704 προαίρεσις
471 1644 589 1698 ἀγαθή
610 1646 687 1684 ἐστι
710 1643 772 1682 καὶ
795 1640 995 1689 σπουδαία,
1023 1639 1143 1679 ἐκεῖνα

269 1706 376 1758 ,ὅσα
397 1706 582 1748 σπουδαῖα
595 1734 608 1756 ,
634 1703 695 1743 καὶ
715 1703 780 1749 τὴν
799 1700 910 1755 ὄρεξιν
936 1670 1042 1752 ὀρθὴν
1062 1691 1153 1738 εἶναι

94 1815 96 1819 y
274 1766 530 1822 βουλομένην.
551 1765 608 1806 Οὐ
625 1763 770 1804 δύναται
790 1759 826 1800 δὲ
846 1764 868 1810 ἡ
888 1759 1092 1814 προαίρεσις
1112 1758 1153 1798 τὸ

75 1837 112 1881 3
107 1823 144 1889 ,5⁸3
231 1823 406 1876 Merv,
445 1825 496 1878 μὴ
521 1828 597 1874 ’τῆς
640 1822 857 1878 βουλεύσεως
901 1820 1150 1868 διδασκούσης·

64 1911 170 1963 k
178 1879 425 1941 mmo
391 1900 482 1926 ειναι
500 1884 565 1933 τὴν
586 1882 652 1935 μὲν
674 1881 858 1935 βούλευσιν
881 1881 997 1928 ἀληθη
1019 1878 1150 1930 λέγειν,

79 1980 185 2026 ³*
294 1945 442 2002 ίρεσιν
471 1944 628 1985 ἑλέσθαι·
652 1941 715 1982 καὶ
746 1940 809 1988 τὴν
831 1938 942 1993 ὄρεξιν
961 1939 1002 1978 τὸ
1022 1939 1153 1990 ἀγαθὸν

87 2046 178 2081 t&
199 2004 341 2107 χνῶκδαὶ
361 2005 404 2046 τὸ
424 2003 512 2105 aar}
529 2002 592 2052 τὴν
607 2001 701 2100 ὲμὲν
717 1999 901 2097 βούλδευσιν
922 1997 1073 2109 λέγεινί
1089 1995 1153 2045 τὴν

62 2120 217 2171 mh»
237 2079 482 2173 &almani
516 2055 766 2177 βξυιλεύτῖῗιύνῗ
799 2072 1026 2192 κιιιιίξινοῦιιακαέο
1045 2070 1154 2166 agg-322

58 2183 272 2241 ἆλήθσια,
285 2181 483 2260 Ἰ’πρακτικὴ
516 2182 696 2222 καλεῖται·
735 2179 824 2219 διότι
852 2178 952 2222 τέλος
985 2177 1059 2230 ἔχει
1089 2174 1153 2224 τὴν

20 2263 23 2274 “
52 2260 61 2286 1
92 2238 222 2303 cmxiv
247 2262 310 2288 του
336 2247 484 2299 ᾆγαθοῢ·
523 2244 626 2284 καὶ’
608 2259 707 2284 εστιν
740 2244 848 2289 αὗτης
876 2240 978 2294 ἔργον
1007 2241 1030 2286 ἡ
1064 2241 1156 2292 ᾑρη-

67 2307 191 2363 μένη
212 2305 362 2356 fimum
376 2334 388 2358 ,
409 2303 487 2354 Ιἥτις
513 2303 589 2344 ἐστὶ
613 2302 694 2356 περί
716 2318 755 2342 τε
787 2301 829 2340 τὸ
850 2299 982 2352 ἀγαθὸν
1008 2299 1070 2339 καὶ
1091 2315 1156 2338 κα·

147 2368 262 2420 τῆς
280 2364 318 2407 δὶ
340 2362 560 2419 θεωρητικῆς
590 2361 744 2407 διανοίας
775 2361 835 2400 καὶ
871 2358 922 2411 μὴ
954 2362 1155 2412 πρακτικῆς

186 2425 311 2470 ἔστὶν
327 2426 343 2452 Ι
360 2427 384 2474 ἡ
403 2424 552 2473 ἀλήθεια
571 2422 690 2463 καὶτὸ
710 2421 847 2476 ψεῦδος.
871 2419 944 2460 Καὶ
965 2419 1063 2464 τέλος
1079 2418 1155 2473 ἔχει

141 2488 308 2546 Ἰνῧσιν
333 2486 395 2525 τοῦ
421 2484 585 2533 ἀληθοῦς·
609 2485 714 2523 τοῦτο
732 2481 802 2534 γάρ
822 2482 916 2520 ἔστιν
944 2478 1044 2533 ἔργον
1065 2495 1155 2519 παν-

98 2529 408 2598 humum-s,
423 2543 573 2584 καθόσον
593 2541 667 2583 ἐστὶ
689 2540 920 2589 διανοητικός.
940 2537 1009 2583 Ος
1026 2538 1062 2578 δὲ
1077 2539 1155 2578 δια-

3 2649 27 2660 <.
76 2597 131 2661 ,f
135 2652 140 2663 -.
278 2603 362 2647 καὶ
362 2602 560 2658 πρακτικός
583 2603 702 2648 ἔστιν,
733 2600 870 2650 ἐκείνην
896 2598 960 2648 τὴν
987 2598 1155 2648 ἀλήθειαν

78 2663 98 2744 ,Ξ
170 2712 199 2737 'x'
183 2660 317 2722 εχει,
334 2660 415 2712 ἥτις
435 2661 625 2761 σύμφωζός
646 2663 751 2760 {a}
739 2662 785 2713 τῇ
811 2657 988 2765 «ἑποέδαία
1007 2657 1154 2712 πράξει,

83 2770 206 2832 >³55
186 2839 187 2842 Ἰ
202 2719 805 2839 Ἦὲδυῖἒ]κζιι1ἒζοιτοαιῗξ
823 2736 876 2811 E}
891 2735 1151 2832 ιξιοίνιιιγκαίαν]

202 2846 446 2899 ἃναγκαῖαν.
467 2853 550 2875 —2
583 2843 678 2882 τουτ’
716 2840 824 2894 ἔστι]
862 2839 950 2880 cod.
978 2839 1150 2881 τουτέστι.

135 2889 183 2933 Ι
200 2905 304 2961 Ῑργον
323 2902 442 2959 lxiv]
461 2903 584 2954 vulgo
601 2900 701 2957 ἔργόν
724 2901 833 2940 ἔστιν
855 2899 934 2951 -)

174 618 212 645 's‘

313 3032 315 3035 '
543 3016 637 3070 Κεφ.
668 3013 718 3066 γ’.

96 3085 138 3106 'ru
158 3076 171 3093 μ
479 3075 484 3080 -

215 3134 268 3176 a
282 3133 450 3179 πρακτικὴ
466 3131 594 3166 διάνοια
610 3129 693 3173 ἀρχή
709 3128 779 3162 ἐστι
794 3131 851 3167 τῆς
866 3123 1101 3170 προαιρέσεως.

1 2991 202 3208 ὲ

86 3242 95 3272 ἶ
95 3211 236 3271 Q*
223 3240 271 3284 ‘fl
292 3241 358 3294 μὲν
370 3233 430 3282 οὗν
449 3239 651 3294 προαίρεσις
667 3236 764 3276 αἰτία
785 3234 846 3275 καὶ
847 3231 961 3303 ωᾶρχὴ
978 3229 1150 3284 πράξεως·

72 3299 199 3341 stau
226 3298 266 3340 δί
290 3299 332 3340 οὔ
358 3298 497 3347 τελική·
525 3298 564 3337 οὔ
589 3296 657 3350 γὰρ
693 3294 796 3334 ἕνεκα
826 3308 888 3340 της
918 3287 1156 3344 προαιρέσεως

87 3478 268 3524 διανοίας,
291 3479 362 3513 κτλ.

231 3547 319 3572 tun„
339 3545 446 3572 81180.
470 3545 515 3570 ΙΙΙ-

589 181 896 222 ETHICORUM
924 177 1373 221 NIGOMAGHEORUM
1402 179 1782 223 PARAPHRASIS.

2184 185 2262 225 433

1212 281 1306 312 rum,
1321 272 1398 315 quis
1413 273 1458 306 sit
1476 275 1623 317 optimus
1636 276 1772 309 habitus
1800 290 1805 309 ·.
1823 276 1894 310 haec
1909 277 1997 310 enim
2010 277 2119 310 virtus
2136 278 2266 312 utrius-

1210 340 1277 374 que
1298 334 1350 366 est
1369 345 1378 366 ι
1406 342 1513 376 quum
1530 337 1642 368 autem
1659 335 1769 368 virtus
1791 335 1826 368 in
1851 334 2010 378 operibus
2028 336 2098 368 suis
2113 335 2266 370 conside-

1211 394 1315 432 retur.
1337 393 1557 436 quaerendum
1581 395 1700 435 etiam,
1721 404 1798 439 quae
1823 397 1891 429 sint
1918 395 1976 429 illa
1992 405 2070 439 quoe
2094 398 2165 431 tam
2187 397 2268 432 huic

1211 461 1314 496 quam
1331 452 1382 485 illi
1401 453 1501 487 animi
1517 455 1605 497 parti
1623 456 1821 489 conveniant
1842 464 1951 498 opera.

1237 512 1330 546 ‚Tria
1346 521 1423 556 ergo
1445 516 1524 547 sunt
1543 515 1577 548 in
1597 515 1707 548 animo
1728 525 1806 559 quae
1823 516 1964 549 actionis
1981 517 2016 550 et
2031 518 2187 551 veritatis
2207 517 2269 551 do·

1210 569 1377 603 minatum
1392 571 1553 605 obtinent.
1572 573 1611 605 In
1632 571 1776 606 veritate
1792 571 2008 606 dominantur
2030 581 2126 606 mens
2140 575 2174 607 et
2193 582 2269 607 sen-

1212 636 1289 667 sus,
1310 627 1390 671 quia
1419 630 1562 672 utraque
1580 638 1634 664 res
1650 629 1793 672 cognitio
1810 632 1861 663 est
1888 643 1896 663 ε
1924 630 2001 663 finis
2021 632 2134 664 autem
2156 632 2270 672 cogni-

1212 683 1312 717 tionis
1334 686 1386 717 est
1401 684 1526 718 veritas
1551 698 1559 717 :
1581 685 1617 719 in
1641 676 1771 719 actione
1792 694 1873 719 vero
1888 685 2059 728 appetitus
2076 698 2084 719 ε
2105 686 2271 730 siquidem

1213 739 1247 772 in
1267 749 1306 773 eo
1328 749 1426 774 omne
1452 741 1593 775 actionis
1614 742 1813 785 principium
1840 743 1999 784 cernitur,
2015 745 2050 778 et
2068 744 2177 777 omnis
2192 753 2272 787 ope-

1214 795 1260 828 ris
1284 796 1357 829 haec
1381 806 1482 829 causa
1510 797 1655 832 habetur
1693 810 1700 830 :
1729 799 1854 832 scilieet
1883 808 1977 833 mens
2012 800 2181 842 cognoscit
2204 799 2272 833 tale

1213 852 1297 894 quid
1322 852 1488 894 agendum
1503 863 1575 888 esse
1596 867 1604 886 z
1622 857 1736 888 motus
1749 864 1846 894 ver0,
1865 857 1926 898 qui
1947 855 1991 889 ad
2019 856 2185 890 actionem
2208 855 2273 889 fer-

1216 912 1282 948 tur,
1301 918 1342 942 cx
1369 910 1520 952 appetitu
1551 912 1660 957 oritur
1678 924 1686 944 ε
1707 912 1833 945 nullius
1852 914 1966 946 autem
1987 913 2126 946 actionis
2150 913 2275 957 princi-

1213 965 1308 1008 pium
1321 968 1373 1000 est
1399 976 1527 1001 sensus.
1555 968 1654 1008 Quod
1681 978 1725 1002 ex
1742 969 1784 1002 iis
1805 979 1883 1012 quae
1898 970 2029 1003 ratione
2050 971 2164 1004 carent
2179 970 2275 1004 intel·

1215 1022 1354 1065 ligitur:
1382 1033 1461 1057 nam
1489 1034 1596 1067 quum
1614 1034 1751 1058 sensum
1778 1025 1946 1066 habeant,
1965 1028 2137 1069 nequeunt
2159 1029 2276 1060 tamen

1215 1080 1338 1114 habere
1353 1080 1518 1114 actionem
1538 1090 1682 1124 :nempe
1713 1081 1801 1115 actio
1829 1081 1984 1124 quaedam
2014 1091 2092 1115 cum
2108 1082 2275 1116 delibera-

1215 1138 1304 1172 tione
1322 1131 1471 1171 muneris
1489 1137 1618 1171 functio
1630 1140 1682 1171 est
1704 1152 1711 1169 :
1731 1137 1848 1179 itaque
1861 1146 1978 1171 sensus
1995 1138 2121 1170 nullius
2138 1139 2276 1171 actionis

1215 1205 1316 1230 causa
1334 1197 1406 1235 est,
1425 1194 1576 1228 omnium
1597 1203 1678 1227 vero
1708 1193 1878 1226 actionum
1897 1193 2060 1236 principia
2083 1195 2162 1226 sunt
2183 1202 2278 1227 mens

1214 1253 1249 1284 et
1263 1250 1432 1294 appetitus
1451 1262 1461 1283 ι
1477 1258 1624 1293 quorum
1642 1248 1748 1281 altera
1761 1257 1800 1282 ea
1816 1256 1894 1291 quae
1913 1246 1983 1281 fieri
2003 1249 2146 1290 oportet,
2165 1247 2273 1286 docet,

1213 1304 1299 1338 alter
1317 1303 1361 1338 ad
1383 1303 1548 1347 agendum
1563 1302 1716 1346 impellit.

1256 1363 1355 1405 Quod
1379 1365 1432 1398 est
1448 1365 1562 1397 autem
1581 1362 1618 1396 in
1642 1361 1842 1405 cogitatione
1861 1359 2043 1394 affirmatio
2071 1363 2106 1395 et
2131 1361 2274 1404 negatio.

1214 1426 1278 1459 hoc
1299 1427 1351 1458 est
1366 1424 1402 1458 in
1418 1423 1568 1467 appetitu
1585 1422 1634 1456 rei
1649 1421 1791 1465 alicujus
1806 1420 1994 1464 persecutio
2010 1422 2044 1454 et
2070 1419 2147 1463 fuga
2163 1433 2172 1453 ε
2189 1430 2276 1463 qua-

1217 1486 1353 1528 propter
1381 1493 1487 1527 quum
1517 1480 1784 1518 vii-tuamoralis
1809 1480 1947 1514 habitus
1964 1480 2008 1513 sit
2034 1479 2078 1513 ad
2102 1480 2277 1514 consilium

1216 1543 1414 1588 capiendum
1445 1542 1638 1586 expeditus,
1680 1540 1856 1575 consilium
1882 1541 1996 1574 autem
2033 1538 2202 1581 appetitus
2234 1538 2278 1577 ad

1216 1603 1490 1639 deliberationem
1518 1600 1803 1639 accommodatus,
1823 1601 1898 1641 (est
1916 1598 2005 1633 enim
2023 1597 2198 1632 consilium
2222 1597 2277 1630 ni-

1217 1665 1266 1698 hil
1288 1663 1381 1698 aliud
1398 1671 1502 1706 quam
1514 1661 1601 1696 velle
1614 1660 1650 1695 id
1671 1662 1706 1694 et
1726 1660 1847 1703 eligere
1869 1659 1912 1693 de
1924 1668 1994 1702 quo
2011 1657 2237 1692 deliberamus
2252 1659 2280 1699 ,)

1216 1724 1350 1759 omnino
1378 1732 1514 1758 necesse
1533 1724 1597 1763 est,
1626 1721 1656 1755 si
1676 1720 1802 1755 bonum
1832 1719 2079 1762 honestumque
2099 1718 2277 1752 consilium

1218 1787 1280 1830 sit,
1310 1785 1370 1819 illa
1397 1793 1535 1828 quoque
1567 1783 1643 1826 eligi
1677 1791 1755 1826 quae
1785 1782 1926 1815 honesta
1957 1782 2056 1821 sunt,
2079 1782 2278 1823 rectumque

1216 1846 1403 1890 appetitum
1433 1853 1507 1878 esse
1544 1843 1603 1887 qui
1631 1842 1757 1876 bonum
1779 1842 1875 1884 petit.
1901 1842 2031 1873 Bonum
2050 1842 2165 1873 autem
2191 1839 2278 1873 velle

1217 1915 1284 1940 non
1302 1906 1414 1949 potest
1433 1903 1628 1945 consilium,
1648 1902 1713 1936 nisi
1729 1902 1794 1935 hoc
1810 1901 1920 1944 ipsum
1940 1900 2038 1934 docet
2050 1900 2246 1934 deliberatio
2269 1912 2277 1932 ι

1217 1969 1256 2000 ut
1274 1974 1410 2000 necesse
1428 1964 1490 2006 sit,
1513 1965 1587 1996 tum
1619 1962 1895 1996 deliberationem
1911 1970 2030 1994 verum
2049 1960 2159 1993 dicere
2171 1986 2179 2000 ,
2200 1969 2279 1992 cou-

1217 2027 1330 2061 silium
1354 2028 1468 2059 autem
1500 2023 1641 2066 eligere,
1663 2025 1738 2056 tum
1765 2021 1953 2064 appetitum
1978 2020 2014 2054 id
2037 2019 2130 2063 quod
2154 2019 2279 2053 bonum

1217 2089 1269 2120 est
1287 2084 1462 2129 persequi,
1482 2083 1638 2126 idemque
1654 2080 1927 2115 deliberationem
1946 2080 2077 2118 dicere,
2093 2078 2280 2122 appetitum

1221 2155 1299 2180 vero
1316 2143 1483 2188 persequi.
1511 2144 1591 2176 Haec
1618 2140 1720 2184 igitur
1743 2149 1854 2179 menS,
1873 2139 2105 2173 ratiocinativa
2124 2138 2280 2171 videlicet

1221 2205 1293 2248 ejus
1317 2211 1396 2247 pars
1411 2212 1450 2236 ac
1469 2201 1689 2235 deliberativa
1703 2227 1711 2240 ,
1735 2201 1876 2243 ejusque
1896 2198 2036 2237 veritas,
2063 2198 2175 2232 activa
2192 2197 2278 2231 dici·

1217 2268 1275 2299 tur
1300 2263 1406 2307 :quia
1437 2261 1511 2295 finis
1526 2261 1599 2304 eius
1616 2261 1667 2294 est
1697 2259 1786 2293 actio
1807 2258 1910 2292 boni:
1935 2266 2087 2301 opusque
2111 2257 2202 2290 illius
2228 2258 2280 2290 est

1219 2326 1368 2359 assumta
1384 2322 1526 2358 veritas,
1544 2329 1625 2364 quae
1642 2319 1678 2353 in
1702 2319 1788 2352 bono
1812 2320 1846 2352 et
1872 2317 1962 2351 malo
1978 2319 2134 2351 versatur
2154 2329 2162 2349 :
2183 2325 2280 2349 men·-

1220 2386 1265 2419 tis
1286 2386 1401 2419 autem
1418 2380 1687 2424 contemplativae
1701 2389 1766 2412 non
1784 2378 1904 2412 activae
1926 2386 2010 2420 opus
2026 2379 2079 2410 est
2102 2375 2228 2410 veritas
2246 2378 2279 2410 et

1218 2444 1440 2479 mendacium.
1460 2440 1549 2480 Quin
1577 2439 1679 2473 etiam
1706 2438 1805 2471 finem
1824 2436 1926 2470 habet
1945 2431 2099 2470 veritatis
2117 2435 2278 2477 cognitio·

1219 2515 1295 2541 nem
1313 2518 1320 2538 ε
1338 2505 1404 2538 hoc
1417 2502 1506 2537 enim
1527 2489 1612 2544 opus
1626 2501 1677 2533 est
1701 2497 1810 2531 omnis
1826 2496 1970 2531 hominis
1986 2496 2165 2539 ingeniosi,
2188 2505 2275 2538 qua-

1220 2570 1318 2602 tenus
1330 2567 1382 2599 est
1399 2562 1599 2606 ingeniosus.
1619 2559 1685 2599 Qui
1697 2556 1895 2593 vero-simul
1911 2556 2101 2599 ingeniosus
2119 2557 2154 2590 et
2167 2557 2280 2588 actuo-

1219 2636 1277 2660 sus
1308 2625 1463 2662 habetur,
1487 2623 1560 2665 ejus
1588 2628 1674 2663 opus
1693 2620 1744 2652 est
1762 2617 1820 2651 illa
1845 2615 1994 2654 veritas,
2027 2623 2105 2658 quae
2128 2613 2278 2648 honestae

1219 2685 1340 2721 actioni
1362 2679 1522 2726 rectoque
1536 2683 1571 2715 et
1597 2680 1739 2714 honesto
1755 2676 1918 2721 appetitui
1940 2674 2128 2718 respondet.

1663 3021 1743 3064 Gap.
1768 3021 1827 3053 111.

1219 3126 1442 3164 Cogitationem
1467 3124 1505 3154 ad
1531 3130 1622 3154 mum
1642 3121 1818 3152 translatam
1846 3117 1965 3149 consilii
1985 3124 2049 3148 esse
2075 3114 2275 3155 principium.

1262 3227 1444 3263 Consilium
1465 3225 1566 3269 igitur
1583 3232 1684 3258 causa
1702 3223 1736 3256 et
1749 3219 1948 3265 principium
1969 3216 2109 3251 actionis
2123 3215 2173 3248 est
2191 3226 2198 3245 :
2216 3221 2276 3246 nec

1220 3293 1330 3323 tamen
1354 3296 1456 3322 causa
1479 3286 1632 3329 princeps
1661 3294 1669 3316 ι
1695 3291 1804 3325 neque
1826 3280 1916 3314 enim
1933 3276 2063 3312 consilii
2083 3275 2189 3318 gratia
2204 3271 2273 3315 agi·

83 3391 94 3406 '
124 3428 259 3474 *0012-
277 3426 310 3465 2.
327 3430 412 3475 Τρία
432 3431 461 3464 δ’
476 3429 565 3464 ἐστὶν
583 3429 617 3462 ἐν
641 3432 681 3469 τῇ
704 3428 792 3469 ψυχῇ
809 3423 880 3458 κτλ.
902 3438 946 3447 -
965 3421 1004 3442 *⁴
1022 3419 1120 3453 Ἐστι
1137 3419 1165 3452 δ’
1188 3415 1322 3458 ὅπερ,ἐν
1343 3413 1474 3457 διανοίᾳ
1491 3413 1673 3455 κατάφασις
1700 3411 1771 3443 κτλ.
1795 3425 1838 3433 -
1857 3407 1918 3426 ’44
1947 3407 2010 3446 Τῆς
2027 3404 2063 3437 δὲ
2080 3404 2275 3447 θεωρητικῆς

2103 3513 2144 3544 28
