<?xml version="1.0" encoding="UTF-8"?>
<!DOCTYPE html PUBLIC "-//W3C//DTD XHTML 1.0 Transitional//EN"
    "http://www.w3.org/TR/xhtml1/DTD/xhtml1-transitional.dtd">
<html xmlns="http://www.w3.org/1999/xhtml" xml:lang="en" lang="en">
 <head>
  <title>
</title>
<meta http-equiv="Content-Type" content="text/html;charset=utf-8" />
  <meta name='ocr-system' content='tesseract 3.04.00' />
  <meta name='ocr-capabilities' content='ocr_page ocr_carea ocr_par ocr_line ocrx_word'/>
</head>
<body>
  <div class='ocr_page' id='page_1' title='image "./fragmentaphiloso03mulluoft/fragmentaphiloso03mulluoft_0279.png"; bbox 0 0 2528 3788; ppageno 0'>
   <div class='ocr_carea' id='block_1_1' title="bbox 0 0 274 2557">
    <p class='ocr_par' dir='ltr' id='par_1_1' title="bbox 0 0 274 2557">
     <span class='ocr_line' id='line_1_1' title="bbox 0 0 274 546; baseline 0 -267"><span class='ocrx_word' id='word_1_1' title='bbox 0 0 249 546; x_wconf 95' lang='lat' dir='ltr'>      </span> <span class='ocrx_word' id='word_1_2' title='bbox 137 279 274 306; x_wconf 95' lang='lat' dir='ltr'> </span> 
     </span>
     <span class='ocr_line' id='line_1_2' title="bbox 0 546 219 613; baseline 0.005 -1"><span class='ocrx_word' id='word_1_3' title='bbox 0 546 219 613; x_wconf 95' lang='lat' dir='ltr'>   </span> 
     </span>
     <span class='ocr_line' id='line_1_3' title="bbox 0 613 127 908; baseline -0.039 -58"><span class='ocrx_word' id='word_1_4' title='bbox 0 613 127 908; x_wconf 95' lang='lat' dir='ltr'>     </span> 
     </span>
     <span class='ocr_line' id='line_1_4' title="bbox 0 908 106 1513; baseline 0 -312"><span class='ocrx_word' id='word_1_5' title='bbox 0 908 106 1513; x_wconf 95' lang='lat' dir='ltr'>      </span> 
     </span>
     <span class='ocr_line' id='line_1_5' title="bbox 0 1513 72 1747; baseline 0 -58"><span class='ocrx_word' id='word_1_6' title='bbox 0 1513 72 1747; x_wconf 95' lang='lat' dir='ltr'>     </span> 
     </span>
     <span class='ocr_line' id='line_1_6' title="bbox 0 1747 74 2557; baseline 0 -158"><span class='ocrx_word' id='word_1_7' title='bbox 0 1747 74 2557; x_wconf 95' lang='lat' dir='ltr'>   </span> 
     </span>
    </p>
   </div>
   <div class='ocr_carea' id='block_1_2' title="bbox 19 282 1194 3091">
    <p class='ocr_par' dir='ltr' id='par_1_2' title="bbox 19 282 1194 3091">
     <span class='ocr_line' id='line_1_7' title="bbox 274 282 1194 339; baseline -0.008 -10.418"><span class='ocrx_word' id='word_1_8' title='bbox 274 287 392 329; x_wconf 79' lang='grc' dir='ltr'>νθάνοι</span> <span class='ocrx_word' id='word_1_9' title='bbox 411 285 489 339; x_wconf 65' lang='grc' dir='ltr'>ἅμα</span> <span class='ocrx_word' id='word_1_10' title='bbox 508 286 570 327; x_wconf 75' lang='grc' dir='ltr'>καὶ</span> <span class='ocrx_word' id='word_1_11' title='bbox 590 285 725 339; x_wconf 79' lang='grc' dir='ltr'>ὑγιάζοι</span> <span class='ocrx_word' id='word_1_12' title='bbox 755 284 816 325; x_wconf 80' lang='grc' dir='ltr'>καὶ</span> <span class='ocrx_word' id='word_1_13' title='bbox 847 284 1024 337; x_wconf 80' lang='grc' dir='ltr'>ὖγιάζοιτο</span> <span class='ocrx_word' id='word_1_14' title='bbox 1043 282 1106 330; x_wconf 84' lang='grc' dir='ltr'>τὴν</span> <span class='ocrx_word' id='word_1_15' title='bbox 1127 284 1194 322; x_wconf 83' lang='grc' dir='ltr'>αὖ·</span> 
     </span>
     <span class='ocr_line' id='line_1_8' title="bbox 106 289 1193 403; baseline -0.007 -14"><span class='ocrx_word' id='word_1_16' title='bbox 106 289 369 403; x_wconf 31' lang='lat' dir='ltr'><strong>emma,</strong></span> <span class='ocrx_word' id='word_1_17' title='bbox 389 346 480 400; x_wconf 78' lang='grc' dir='ltr'>ἅπερ</span> <span class='ocrx_word' id='word_1_18' title='bbox 496 349 515 387; x_wconf 83' lang='grc' dir='ltr'>ὁ</span> <span class='ocrx_word' id='word_1_19' title='bbox 533 346 698 398; x_wconf 81' lang='grc' dir='ltr'>Εὔδημος</span> <span class='ocrx_word' id='word_1_20' title='bbox 718 345 775 386; x_wconf 87' lang='grc' dir='ltr'>διὰ</span> <span class='ocrx_word' id='word_1_21' title='bbox 791 348 860 386; x_wconf 81' lang='grc' dir='ltr'>τῶν</span> <span class='ocrx_word' id='word_1_22' title='bbox 875 347 988 386; x_wconf 81' lang='grc' dir='ltr'>αὐτῶν</span> <span class='ocrx_word' id='word_1_23' title='bbox 1010 343 1193 394; x_wconf 81' lang='grc' dir='ltr'>ὀνομάτων</span> 
     </span>
     <span class='ocr_line' id='line_1_9' title="bbox 95 398 1194 467; baseline -0.006 -18"><span class='ocrx_word' id='word_1_24' title='bbox 95 407 344 467; x_wconf 30' lang='grc' dir='ltr'>χΜτερα</span> <span class='ocrx_word' id='word_1_25' title='bbox 365 407 558 457; x_wconf 85' lang='grc' dir='ltr'>πεποίηκεν</span> <span class='ocrx_word' id='word_1_26' title='bbox 578 407 723 462; x_wconf 83' lang='grc' dir='ltr'>γράφων</span> <span class='ocrx_word' id='word_1_27' title='bbox 745 406 874 452; x_wconf 77' lang='grc' dir='ltr'>οὕτως·</span> <span class='ocrx_word' id='word_1_28' title='bbox 897 424 913 441; x_wconf 75' lang='grc' dir='ltr'>οι</span> <span class='ocrx_word' id='word_1_29' title='bbox 943 399 1001 460; x_wconf 63' lang='grc' dir='ltr'>ἆρ’</span> <span class='ocrx_word' id='word_1_30' title='bbox 1021 398 1079 444; x_wconf 65' lang='grc' dir='ltr'>οὖν</span> <span class='ocrx_word' id='word_1_31' title='bbox 1101 402 1194 443; x_wconf 86' lang='grc' dir='ltr'>ἐνδέ-</span> 
     </span>
     <span class='ocr_line' id='line_1_10' title="bbox 150 461 1192 522; baseline -0.007 -13.345"><span class='ocrx_word' id='word_1_32' title='bbox 150 478 155 482; x_wconf 89' lang='grc'><em>“</em></span> <span class='ocrx_word' id='word_1_33' title='bbox 173 462 181 468; x_wconf 35' lang='grc' dir='ltr'><em>ν</em></span> <span class='ocrx_word' id='word_1_34' title='bbox 230 495 231 498; x_wconf 65' lang='lat'><em>=</em></span> <span class='ocrx_word' id='word_1_35' title='bbox 249 512 251 515; x_wconf 60' lang='grc'>,</span> <span class='ocrx_word' id='word_1_36' title='bbox 267 467 386 522; x_wconf 73' lang='grc' dir='ltr'>φέρειν</span> <span class='ocrx_word' id='word_1_37' title='bbox 405 467 486 508; x_wconf 83' lang='grc' dir='ltr'>ὅλον</span> <span class='ocrx_word' id='word_1_38' title='bbox 506 467 586 506; x_wconf 82' lang='grc' dir='ltr'>ὅλον</span> <span class='ocrx_word' id='word_1_39' title='bbox 614 469 724 506; x_wconf 82' lang='grc' dir='ltr'>εἰπεῖν</span> <span class='ocrx_word' id='word_1_40' title='bbox 745 465 804 506; x_wconf 77' lang='grc' dir='ltr'>ἐπὶ</span> <span class='ocrx_word' id='word_1_41' title='bbox 826 469 887 505; x_wconf 87' lang='grc' dir='ltr'>τοῦ</span> <span class='ocrx_word' id='word_1_42' title='bbox 908 464 1007 516; x_wconf 83' lang='grc' dir='ltr'>ὤμου</span> <span class='ocrx_word' id='word_1_43' title='bbox 1036 463 1097 502; x_wconf 75' lang='grc' dir='ltr'>καὶ</span> <span class='ocrx_word' id='word_1_44' title='bbox 1117 461 1192 515; x_wconf 87' lang='grc' dir='ltr'>ἅμα</span> 
     </span>
     <span class='ocr_line' id='line_1_11' title="bbox 92 516 1194 581; baseline -0.007 -11"><span class='ocrx_word' id='word_1_45' title='bbox 92 526 110 566; x_wconf 63' lang='lat' dir='ltr'>*s</span> <span class='ocrx_word' id='word_1_46' title='bbox 141 524 169 570; x_wconf 61' lang='lat'>.⁷“</span> <span class='ocrx_word' id='word_1_47' title='bbox 221 554 224 558; x_wconf 93' lang='lat'>·</span> <span class='ocrx_word' id='word_1_48' title='bbox 267 528 288 569; x_wconf 82' lang='grc' dir='ltr'>ὸ</span> <span class='ocrx_word' id='word_1_49' title='bbox 306 527 368 569; x_wconf 76' lang='grc' dir='ltr'>καὶ</span> <span class='ocrx_word' id='word_1_50' title='bbox 390 526 426 568; x_wconf 80' lang='grc' dir='ltr'>ἓν</span> <span class='ocrx_word' id='word_1_51' title='bbox 447 527 506 569; x_wconf 79' lang='grc' dir='ltr'>ἐπὶ</span> <span class='ocrx_word' id='word_1_52' title='bbox 528 531 589 567; x_wconf 87' lang='grc' dir='ltr'>τοῦ</span> <span class='ocrx_word' id='word_1_53' title='bbox 611 525 711 578; x_wconf 86' lang='grc' dir='ltr'>ὤμου</span> <span class='ocrx_word' id='word_1_54' title='bbox 732 526 912 581; x_wconf 83' lang='grc' dir='ltr'>φέρεσθαι,</span> <span class='ocrx_word' id='word_1_55' title='bbox 932 526 993 565; x_wconf 79' lang='grc' dir='ltr'>καὶ</span> <span class='ocrx_word' id='word_1_56' title='bbox 1023 516 1112 564; x_wconf 63' lang='grc' dir='ltr'>εἶναι</span> <span class='ocrx_word' id='word_1_57' title='bbox 1134 523 1194 563; x_wconf 77' lang='grc' dir='ltr'>καὶ</span> 
     </span>
     <span class='ocr_line' id='line_1_12' title="bbox 66 578 1192 642; baseline -0.004 -14"><span class='ocrx_word' id='word_1_58' title='bbox 66 583 72 587; x_wconf 59' lang='grc'><em>’</em></span> <span class='ocrx_word' id='word_1_59' title='bbox 122 585 138 634; x_wconf 53' lang='lat' dir='ltr'>,s</span> <span class='ocrx_word' id='word_1_60' title='bbox 219 592 281 629; x_wconf 78' lang='grc' dir='ltr'>τοῦ</span> <span class='ocrx_word' id='word_1_61' title='bbox 302 586 404 641; x_wconf 74' lang='grc' dir='ltr'>ὤμου</span> <span class='ocrx_word' id='word_1_62' title='bbox 426 587 543 642; x_wconf 81' lang='grc' dir='ltr'>φέρειν</span> <span class='ocrx_word' id='word_1_63' title='bbox 564 584 626 626; x_wconf 79' lang='grc' dir='ltr'>καὶ</span> <span class='ocrx_word' id='word_1_64' title='bbox 645 584 762 639; x_wconf 68' lang='grc' dir='ltr'>ἔχειν,</span> <span class='ocrx_word' id='word_1_65' title='bbox 783 583 807 632; x_wconf 82' lang='grc' dir='ltr'>ἢ</span> <span class='ocrx_word' id='word_1_66' title='bbox 829 589 931 624; x_wconf 87' lang='grc' dir='ltr'>τοῦτο</span> <span class='ocrx_word' id='word_1_67' title='bbox 950 584 1014 636; x_wconf 79' lang='grc' dir='ltr'>μὲν</span> <span class='ocrx_word' id='word_1_68' title='bbox 1030 586 1097 637; x_wconf 86' lang='grc' dir='ltr'>οὐχ</span> <span class='ocrx_word' id='word_1_69' title='bbox 1121 578 1192 623; x_wconf 76' lang='grc' dir='ltr'>οἶόν</span> 
     </span>
     <span class='ocr_line' id='line_1_13' title="bbox 28 642 1192 702; baseline -0.006 -13"><span class='ocrx_word' id='word_1_70' title='bbox 28 694 30 698; x_wconf 72' lang='lat'>‚</span> <span class='ocrx_word' id='word_1_71' title='bbox 92 640 195 697; x_wconf 11' lang='lat' dir='ltr'>bt,</span> <span class='ocrx_word' id='word_1_72' title='bbox 215 647 466 702; x_wconf 62' lang='grc' dir='ltr'>θερμαίνεσθαι</span> <span class='ocrx_word' id='word_1_73' title='bbox 484 646 521 686; x_wconf 87' lang='grc' dir='ltr'>δὲ</span> <span class='ocrx_word' id='word_1_74' title='bbox 547 645 628 684; x_wconf 88' lang='grc' dir='ltr'>ὅλον</span> <span class='ocrx_word' id='word_1_75' title='bbox 647 646 704 698; x_wconf 78' lang='grc' dir='ltr'>ὑφ’</span> <span class='ocrx_word' id='word_1_76' title='bbox 725 644 830 696; x_wconf 70' lang='grc' dir='ltr'>ὅλους</span> <span class='ocrx_word' id='word_1_77' title='bbox 857 644 917 683; x_wconf 85' lang='grc' dir='ltr'>καὶ</span> <span class='ocrx_word' id='word_1_78' title='bbox 943 647 1041 693; x_wconf 83' lang='grc' dir='ltr'>πῶς;</span> <span class='ocrx_word' id='word_1_79' title='bbox 1065 643 1105 683; x_wconf 82' lang='grc' dir='ltr'>τὸ</span> <span class='ocrx_word' id='word_1_80' title='bbox 1129 642 1192 695; x_wconf 84' lang='grc' dir='ltr'>μὲν</span> 
     </span>
     <span class='ocr_line' id='line_1_14' title="bbox 86 701 1191 763; baseline -0.006 -14"><span class='ocrx_word' id='word_1_81' title='bbox 86 703 103 749; x_wconf 13' lang='grc' dir='ltr'>,Α</span> <span class='ocrx_word' id='word_1_82' title='bbox 139 707 210 763; x_wconf 68' lang='grc' dir='ltr'>γὰρ</span> <span class='ocrx_word' id='word_1_83' title='bbox 235 711 424 762; x_wconf 66' lang='grc' dir='ltr'>θερμαῖνον</span> <span class='ocrx_word' id='word_1_84' title='bbox 454 704 652 760; x_wconf 78' lang='grc' dir='ltr'>θερμαίνει,</span> <span class='ocrx_word' id='word_1_85' title='bbox 673 702 801 758; x_wconf 81' lang='grc' dir='ltr'>θερμὸν</span> <span class='ocrx_word' id='word_1_86' title='bbox 821 703 982 752; x_wconf 87' lang='grc' dir='ltr'>δηλονότι</span> <span class='ocrx_word' id='word_1_87' title='bbox 1005 703 1057 752; x_wconf 87' lang='grc' dir='ltr'>ὄν,</span> <span class='ocrx_word' id='word_1_88' title='bbox 1085 703 1125 743; x_wconf 78' lang='grc' dir='ltr'>τὸ</span> <span class='ocrx_word' id='word_1_89' title='bbox 1154 701 1191 742; x_wconf 83' lang='grc' dir='ltr'>δὲ</span> 
     </span>
     <span class='ocr_line' id='line_1_15' title="bbox 25 762 1193 821; baseline -0.009 -10"><span class='ocrx_word' id='word_1_90' title='bbox 25 776 29 797; x_wconf 87' lang='grc'>’-</span> <span class='ocrx_word' id='word_1_91' title='bbox 96 767 98 769; x_wconf 49' lang='grc'><strong><em>’</em></strong></span> <span class='ocrx_word' id='word_1_92' title='bbox 138 767 412 821; x_wconf 54' lang='grc' dir='ltr'>θερμαινόμενον</span> <span class='ocrx_word' id='word_1_93' title='bbox 430 768 479 812; x_wconf 82' lang='grc' dir='ltr'>εἷς</span> <span class='ocrx_word' id='word_1_94' title='bbox 499 765 539 805; x_wconf 80' lang='grc' dir='ltr'>τὸ</span> <span class='ocrx_word' id='word_1_95' title='bbox 555 764 681 817; x_wconf 85' lang='grc' dir='ltr'>θερμὸν</span> <span class='ocrx_word' id='word_1_96' title='bbox 702 763 939 816; x_wconf 72' lang='grc' dir='ltr'>μεταὸάλλει·</span> <span class='ocrx_word' id='word_1_97' title='bbox 964 762 1046 808; x_wconf 87' lang='grc' dir='ltr'>εἷςὸ</span> <span class='ocrx_word' id='word_1_98' title='bbox 1066 762 1102 802; x_wconf 83' lang='grc' dir='ltr'>δὲ</span> <span class='ocrx_word' id='word_1_99' title='bbox 1121 779 1193 814; x_wconf 86' lang='grc' dir='ltr'>με-</span> 
     </span>
     <span class='ocr_line' id='line_1_16' title="bbox 24 817 1192 882; baseline -0.012 -8"><span class='ocrx_word' id='word_1_100' title='bbox 24 858 26 873; x_wconf 81' lang='grc' dir='ltr'>ι</span> <span class='ocrx_word' id='word_1_101' title='bbox 70 855 102 882; x_wconf 80' lang='grc'>,;</span> <span class='ocrx_word' id='word_1_102' title='bbox 137 827 329 876; x_wconf 64' lang='grc' dir='ltr'>τοίᾶλλιι,</span> <span class='ocrx_word' id='word_1_103' title='bbox 358 825 459 868; x_wconf 83' lang='grc' dir='ltr'>οὔπω</span> <span class='ocrx_word' id='word_1_104' title='bbox 480 824 575 865; x_wconf 78' lang='grc' dir='ltr'>ἐστὶν</span> <span class='ocrx_word' id='word_1_105' title='bbox 602 823 735 872; x_wconf 77' lang='grc' dir='ltr'>ἐκεῖνο,</span> <span class='ocrx_word' id='word_1_106' title='bbox 764 822 840 874; x_wconf 84' lang='grc' dir='ltr'>ἅμα</span> <span class='ocrx_word' id='word_1_107' title='bbox 860 821 897 862; x_wconf 81' lang='grc' dir='ltr'>δὲ</span> <span class='ocrx_word' id='word_1_108' title='bbox 926 817 1015 861; x_wconf 71' lang='grc' dir='ltr'>εἶναι</span> <span class='ocrx_word' id='word_1_109' title='bbox 1047 822 1087 861; x_wconf 85' lang='grc' dir='ltr'>τὸ</span> <span class='ocrx_word' id='word_1_110' title='bbox 1107 822 1192 862; x_wconf 79' lang='grc' dir='ltr'>αὖτὸ</span> 
     </span>
     <span class='ocr_line' id='line_1_17' title="bbox 22 880 1192 941; baseline -0.008 -12"><span class='ocrx_word' id='word_1_111' title='bbox 22 896 26 931; x_wconf 70' lang='grc' dir='ltr'><em>ἴ</em></span> <span class='ocrx_word' id='word_1_112' title='bbox 76 890 99 925; x_wconf 75' lang='lat'>.³</span> <span class='ocrx_word' id='word_1_113' title='bbox 127 886 318 941; x_wconf 53' lang='lat' dir='ltr'><strong>‘hym‘wte</strong></span> <span class='ocrx_word' id='word_1_114' title='bbox 335 885 401 927; x_wconf 78' lang='grc' dir='ltr'>καὶ</span> <span class='ocrx_word' id='word_1_115' title='bbox 419 883 469 935; x_wconf 83' lang='grc' dir='ltr'>μὴ</span> <span class='ocrx_word' id='word_1_116' title='bbox 486 883 613 936; x_wconf 83' lang='grc' dir='ltr'>θερμὸν</span> <span class='ocrx_word' id='word_1_117' title='bbox 630 881 814 922; x_wconf 84' lang='grc' dir='ltr'>ἀδύνατον.</span> <span class='ocrx_word' id='word_1_118' title='bbox 833 899 850 916; x_wconf 70' lang='grc' dir='ltr'>ι»</span> <span class='ocrx_word' id='word_1_119' title='bbox 877 880 934 920; x_wconf 89' lang='lat' dir='ltr'>Cf.</span> <span class='ocrx_word' id='word_1_120' title='bbox 953 880 1192 920; x_wconf 88' lang='lat' dir='ltr'><strong>Themistius</strong></span> 
     </span>
     <span class='ocr_line' id='line_1_18' title="bbox 22 939 1192 998; baseline -0.007 -11"><span class='ocrx_word' id='word_1_121' title='bbox 22 959 26 968; x_wconf 55' lang='lat'>&#39;¹</span> <span class='ocrx_word' id='word_1_122' title='bbox 74 942 119 998; x_wconf 88' lang='lat' dir='ltr'><strong>W</strong></span> <span class='ocrx_word' id='word_1_123' title='bbox 137 944 207 991; x_wconf 59' lang='lat' dir='ltr'>fl.</span> <span class='ocrx_word' id='word_1_124' title='bbox 228 947 315 995; x_wconf 55' lang='lat'><strong>760,</strong></span> <span class='ocrx_word' id='word_1_125' title='bbox 335 945 378 986; x_wconf 91' lang='lat' dir='ltr'>b.</span> <span class='ocrx_word' id='word_1_126' title='bbox 400 944 468 997; x_wconf 89' lang='lat' dir='ltr'>qui</span> <span class='ocrx_word' id='word_1_127' title='bbox 490 943 582 982; x_wconf 89' lang='lat' dir='ltr'><strong>inde</strong></span> <span class='ocrx_word' id='word_1_128' title='bbox 601 956 624 981; x_wconf 84' lang='lat' dir='ltr'><strong>a</strong></span> <span class='ocrx_word' id='word_1_129' title='bbox 642 940 775 981; x_wconf 86' lang='lat' dir='ltr'><strong>verbis</strong></span> <span class='ocrx_word' id='word_1_130' title='bbox 796 941 934 994; x_wconf 82' lang='grc' dir='ltr'>πρῶτον</span> <span class='ocrx_word' id='word_1_131' title='bbox 959 939 995 979; x_wconf 85' lang='grc' dir='ltr'>δὲ</span> <span class='ocrx_word' id='word_1_132' title='bbox 1025 939 1192 979; x_wconf 82' lang='grc' dir='ltr'>ἁπάντων</span> 
     </span>
     <span class='ocr_line' id='line_1_19' title="bbox 20 997 1188 1060; baseline -0.006 -13"><span class='ocrx_word' id='word_1_133' title='bbox 20 999 25 1036; x_wconf 64' lang='lat' dir='ltr'><em>s</em></span> <span class='ocrx_word' id='word_1_134' title='bbox 78 997 330 1060; x_wconf 34' lang='grc' dir='ltr'>ὲξ”Ῐιὸαιιριτέον</span> <span class='ocrx_word' id='word_1_135' title='bbox 370 1005 498 1057; x_wconf 82' lang='lat' dir='ltr'><strong>ipsum</strong></span> <span class='ocrx_word' id='word_1_136' title='bbox 534 1003 697 1041; x_wconf 85' lang='lat' dir='ltr'><strong>fortasse</strong></span> <span class='ocrx_word' id='word_1_137' title='bbox 742 1000 918 1052; x_wconf 87' lang='lat' dir='ltr'><strong>sequitur</strong></span> <span class='ocrx_word' id='word_1_138' title='bbox 956 999 1188 1040; x_wconf 87' lang='lat' dir='ltr'>Eudemum.</span> 
     </span>
     <span class='ocr_line' id='line_1_20' title="bbox 133 1052 1190 1112; baseline -0.013 -1.74"><span class='ocrx_word' id='word_1_139' title='bbox 133 1052 314 1110; x_wconf 50' lang='lat' dir='ltr'><strong>wenis</strong></span> <span class='ocrx_word' id='word_1_140' title='bbox 331 1073 370 1106; x_wconf 84' lang='lat' dir='ltr'>el:</span> <span class='ocrx_word' id='word_1_141' title='bbox 390 1063 610 1104; x_wconf 84' lang='lat' dir='ltr'><strong>Aristotelis</strong></span> <span class='ocrx_word' id='word_1_142' title='bbox 625 1062 674 1101; x_wconf 91' lang='lat' dir='ltr'>de</span> <span class='ocrx_word' id='word_1_143' title='bbox 693 1074 740 1100; x_wconf 89' lang='lat' dir='ltr'>eo</span> <span class='ocrx_word' id='word_1_144' title='bbox 758 1061 863 1112; x_wconf 93' lang='lat' dir='ltr'><strong>quod</strong></span> <span class='ocrx_word' id='word_1_145' title='bbox 882 1073 923 1099; x_wconf 91' lang='lat' dir='ltr'>se</span> <span class='ocrx_word' id='word_1_146' title='bbox 938 1060 1067 1112; x_wconf 89' lang='lat' dir='ltr'><strong>ipsum</strong></span> <span class='ocrx_word' id='word_1_147' title='bbox 1086 1073 1190 1098; x_wconf 90' lang='lat' dir='ltr'><strong>com-</strong></span> 
     </span>
     <span class='ocr_line' id='line_1_21' title="bbox 19 1116 1192 1174; baseline -0.008 -7"><span class='ocrx_word' id='word_1_148' title='bbox 19 1120 22 1126; x_wconf 76' lang='grc'><strong>’</strong></span> <span class='ocrx_word' id='word_1_149' title='bbox 134 1135 266 1174; x_wconf 62' lang='lat' dir='ltr'><strong>umet</strong></span> <span class='ocrx_word' id='word_1_150' title='bbox 290 1116 499 1166; x_wconf 76' lang='lat' dir='ltr'><strong>sententias</strong></span> <span class='ocrx_word' id='word_1_151' title='bbox 522 1124 625 1162; x_wconf 81' lang='lat' dir='ltr'><strong>inter</strong></span> <span class='ocrx_word' id='word_1_152' title='bbox 651 1135 692 1162; x_wconf 89' lang='lat' dir='ltr'>se</span> <span class='ocrx_word' id='word_1_153' title='bbox 713 1129 958 1174; x_wconf 86' lang='lat' dir='ltr'><strong>comparatas</strong></span> <span class='ocrx_word' id='word_1_154' title='bbox 975 1119 1066 1160; x_wconf 87' lang='lat' dir='ltr'><strong>vide</strong></span> <span class='ocrx_word' id='word_1_155' title='bbox 1085 1119 1192 1172; x_wconf 86' lang='lat' dir='ltr'><strong>apud</strong></span> 
     </span>
     <span class='ocr_line' id='line_1_22' title="bbox 134 1185 613 1239; baseline -0.009 -11.606"><span class='ocrx_word' id='word_1_156' title='bbox 134 1185 382 1239; x_wconf 72' lang='lat' dir='ltr'>Simplicium</span> <span class='ocrx_word' id='word_1_157' title='bbox 408 1185 472 1224; x_wconf 83' lang='lat' dir='ltr'><strong>fol.</strong></span> <span class='ocrx_word' id='word_1_158' title='bbox 503 1185 613 1235; x_wconf 79' lang='lat'>290.)</span> 
     </span>
     <span class='ocr_line' id='line_1_23' title="bbox 175 1237 1191 1289; baseline -0.008 -2"><span class='ocrx_word' id='word_1_159' title='bbox 175 1259 243 1288; x_wconf 58' lang='grc' dir='ltr'>ιν79.</span> <span class='ocrx_word' id='word_1_160' title='bbox 266 1244 356 1286; x_wconf 56' lang='grc' dir='ltr'>Ὀτι</span> <span class='ocrx_word' id='word_1_161' title='bbox 369 1245 400 1284; x_wconf 80' lang='grc' dir='ltr'>δ’</span> <span class='ocrx_word' id='word_1_162' title='bbox 417 1245 482 1284; x_wconf 83' lang='grc' dir='ltr'>οὐκ</span> <span class='ocrx_word' id='word_1_163' title='bbox 495 1242 593 1284; x_wconf 84' lang='grc' dir='ltr'>ἔστιν</span> <span class='ocrx_word' id='word_1_164' title='bbox 617 1242 703 1282; x_wconf 72' lang='grc' dir='ltr'>αὐτὸ</span> <span class='ocrx_word' id='word_1_165' title='bbox 720 1240 806 1281; x_wconf 77' lang='grc' dir='ltr'>αὑτὸ</span> <span class='ocrx_word' id='word_1_166' title='bbox 826 1245 935 1281; x_wconf 83' lang='grc' dir='ltr'>κινεῖν</span> <span class='ocrx_word' id='word_1_167' title='bbox 954 1238 1079 1289; x_wconf 77' lang='grc' dir='ltr'>οὕτως,</span> <span class='ocrx_word' id='word_1_168' title='bbox 1097 1237 1191 1279; x_wconf 81' lang='grc' dir='ltr'>ὥστε</span> 
     </span>
     <span class='ocr_line' id='line_1_24' title="bbox 74 1299 1190 1360; baseline -0.007 -13"><span class='ocrx_word' id='word_1_169' title='bbox 74 1343 77 1347; x_wconf 71' lang='grc'>,</span> <span class='ocrx_word' id='word_1_170' title='bbox 136 1305 304 1360; x_wconf 62' lang='grc' dir='ltr'>διό-τερον</span> <span class='ocrx_word' id='word_1_171' title='bbox 330 1304 389 1359; x_wconf 76' lang='grc' dir='ltr'>ὑφ’</span> <span class='ocrx_word' id='word_1_172' title='bbox 407 1302 576 1357; x_wconf 83' lang='grc' dir='ltr'>ἑκατέρου</span> <span class='ocrx_word' id='word_1_173' title='bbox 611 1303 795 1351; x_wconf 85' lang='grc' dir='ltr'>κινεῖσθαι,</span> <span class='ocrx_word' id='word_1_174' title='bbox 820 1303 860 1342; x_wconf 83' lang='grc' dir='ltr'>ἐκ</span> <span class='ocrx_word' id='word_1_175' title='bbox 887 1301 997 1339; x_wconf 83' lang='grc' dir='ltr'>τῶνδε</span> <span class='ocrx_word' id='word_1_176' title='bbox 1025 1299 1190 1354; x_wconf 80' lang='grc' dir='ltr'>φανερόν.</span> 
     </span>
     <span class='ocr_line' id='line_1_25' title="bbox 68 1361 1193 1419; baseline -0.006 -12"><span class='ocrx_word' id='word_1_177' title='bbox 68 1413 73 1417; x_wconf 85' lang='lat'><em>.</em></span> <span class='ocrx_word' id='word_1_178' title='bbox 135 1364 234 1407; x_wconf 56' lang='lat' dir='ltr'>obn</span> <span class='ocrx_word' id='word_1_179' title='bbox 257 1365 326 1419; x_wconf 75' lang='grc' dir='ltr'>γὰρ</span> <span class='ocrx_word' id='word_1_180' title='bbox 346 1364 448 1404; x_wconf 84' lang='grc' dir='ltr'>ἔσται</span> <span class='ocrx_word' id='word_1_181' title='bbox 467 1366 607 1419; x_wconf 84' lang='grc' dir='ltr'>πρῶτον</span> <span class='ocrx_word' id='word_1_182' title='bbox 628 1366 744 1402; x_wconf 82' lang='grc' dir='ltr'>κινοῦν</span> <span class='ocrx_word' id='word_1_183' title='bbox 764 1362 880 1411; x_wconf 83' lang='grc' dir='ltr'>οὐδέν,</span> <span class='ocrx_word' id='word_1_184' title='bbox 911 1361 943 1401; x_wconf 86' lang='grc' dir='ltr'>εἴ</span> <span class='ocrx_word' id='word_1_185' title='bbox 968 1377 1009 1414; x_wconf 89' lang='grc' dir='ltr'>γε</span> <span class='ocrx_word' id='word_1_186' title='bbox 1028 1361 1193 1414; x_wconf 73' lang='grc' dir='ltr'>ἑκάτερον</span> 
     </span>
     <span class='ocr_line' id='line_1_26' title="bbox 73 1419 1192 1478; baseline -0.004 -11"><span class='ocrx_word' id='word_1_187' title='bbox 73 1425 77 1430; x_wconf 17' lang='grc'><em>1</em></span> <span class='ocrx_word' id='word_1_188' title='bbox 134 1424 273 1474; x_wconf 64' lang='grc' dir='ltr'>κινήσει</span> <span class='ocrx_word' id='word_1_189' title='bbox 297 1424 484 1478; x_wconf 77' lang='grc' dir='ltr'>ἑκάτερον·</span> <span class='ocrx_word' id='word_1_190' title='bbox 516 1422 559 1463; x_wconf 82' lang='grc' dir='ltr'>τὸ</span> <span class='ocrx_word' id='word_1_191' title='bbox 589 1422 658 1478; x_wconf 85' lang='grc' dir='ltr'>γὰρ</span> <span class='ocrx_word' id='word_1_192' title='bbox 692 1422 862 1476; x_wconf 86' lang='grc' dir='ltr'>πρότερον</span> <span class='ocrx_word' id='word_1_193' title='bbox 900 1419 1104 1476; x_wconf 83' lang='grc' dir='ltr'>αἰτιώτερον</span> <span class='ocrx_word' id='word_1_194' title='bbox 1131 1426 1192 1462; x_wconf 83' lang='grc' dir='ltr'>τοῦ</span> 
     </span>
     <span class='ocr_line' id='line_1_27' title="bbox 42 1482 1194 1538; baseline -0.006 -11"><span class='ocrx_word' id='word_1_195' title='bbox 42 1488 44 1491; x_wconf 77' lang='grc'><strong>’</strong></span> <span class='ocrx_word' id='word_1_196' title='bbox 133 1488 306 1527; x_wconf 82' lang='grc' dir='ltr'>κινεῖσθαι</span> <span class='ocrx_word' id='word_1_197' title='bbox 317 1488 382 1526; x_wconf 88' lang='grc' dir='ltr'>τοῦ</span> <span class='ocrx_word' id='word_1_198' title='bbox 399 1483 570 1538; x_wconf 79' lang='grc' dir='ltr'>ἐχομένου</span> <span class='ocrx_word' id='word_1_199' title='bbox 588 1483 649 1523; x_wconf 77' lang='grc' dir='ltr'>καὶ</span> <span class='ocrx_word' id='word_1_200' title='bbox 664 1482 801 1531; x_wconf 81' lang='grc' dir='ltr'>κινήσει</span> <span class='ocrx_word' id='word_1_201' title='bbox 816 1483 967 1534; x_wconf 84' lang='grc' dir='ltr'>μᾶλλον.</span> <span class='ocrx_word' id='word_1_202' title='bbox 985 1484 1105 1537; x_wconf 85' lang='grc' dir='ltr'>Διχῶς</span> <span class='ocrx_word' id='word_1_203' title='bbox 1123 1483 1194 1537; x_wconf 82' lang='grc' dir='ltr'>γὰρ</span> 
     </span>
     <span class='ocr_line' id='line_1_28' title="bbox 72 1540 1192 1595; baseline -0.005 -9"><span class='ocrx_word' id='word_1_204' title='bbox 72 1568 82 1595; x_wconf 76' lang='grc'>·,</span> <span class='ocrx_word' id='word_1_205' title='bbox 135 1540 180 1594; x_wconf 72' lang='grc' dir='ltr'>ἦν</span> <span class='ocrx_word' id='word_1_206' title='bbox 196 1550 325 1595; x_wconf 68' lang='grc' dir='ltr'>κινεῖν,</span> <span class='ocrx_word' id='word_1_207' title='bbox 347 1544 389 1584; x_wconf 82' lang='grc' dir='ltr'>τὸ</span> <span class='ocrx_word' id='word_1_208' title='bbox 412 1542 476 1594; x_wconf 77' lang='grc' dir='ltr'>μὲν</span> <span class='ocrx_word' id='word_1_209' title='bbox 495 1541 537 1582; x_wconf 81' lang='grc' dir='ltr'>τὸ</span> <span class='ocrx_word' id='word_1_210' title='bbox 566 1544 627 1582; x_wconf 82' lang='grc' dir='ltr'>ὕπ’</span> <span class='ocrx_word' id='word_1_211' title='bbox 655 1541 764 1581; x_wconf 86' lang='grc' dir='ltr'>ἄλλου</span> <span class='ocrx_word' id='word_1_212' title='bbox 796 1541 1000 1592; x_wconf 85' lang='grc' dir='ltr'>κινούμενον</span> <span class='ocrx_word' id='word_1_213' title='bbox 1021 1541 1119 1589; x_wconf 82' lang='grc' dir='ltr'>αὐτό,</span> <span class='ocrx_word' id='word_1_214' title='bbox 1152 1541 1192 1581; x_wconf 81' lang='grc' dir='ltr'>τὸ</span> 
     </span>
     <span class='ocr_line' id='line_1_29' title="bbox 71 1599 1192 1659; baseline -0.004 -14.042"><span class='ocrx_word' id='word_1_215' title='bbox 71 1600 83 1646; x_wconf 64' lang='lat'>3,</span> <span class='ocrx_word' id='word_1_216' title='bbox 109 1632 111 1634; x_wconf 89' lang='lat'><em>-</em></span> <span class='ocrx_word' id='word_1_217' title='bbox 135 1603 309 1659; x_wconf 63' lang='grc' dir='ltr'>δ’ἑιιῖεῷ·</span> <span class='ocrx_word' id='word_1_218' title='bbox 329 1600 515 1656; x_wconf 74' lang='grc' dir='ltr'>ἑγγῦτερον</span> <span class='ocrx_word' id='word_1_219' title='bbox 538 1600 575 1640; x_wconf 82' lang='grc' dir='ltr'>δὲ</span> <span class='ocrx_word' id='word_1_220' title='bbox 594 1601 635 1640; x_wconf 84' lang='grc' dir='ltr'>τὸ</span> <span class='ocrx_word' id='word_1_221' title='bbox 653 1599 880 1656; x_wconf 81' lang='grc' dir='ltr'>ποῤῥώτερον</span> <span class='ocrx_word' id='word_1_222' title='bbox 899 1604 959 1641; x_wconf 89' lang='grc' dir='ltr'>τοῦ</span> <span class='ocrx_word' id='word_1_223' title='bbox 988 1599 1192 1653; x_wconf 84' lang='grc' dir='ltr'>κινουμένου</span> 
     </span>
     <span class='ocr_line' id='line_1_30' title="bbox 68 1659 604 1718; baseline -0.007 -15"><span class='ocrx_word' id='word_1_224' title='bbox 68 1669 93 1714; x_wconf 54' lang='lat' dir='ltr'>f·</span> <span class='ocrx_word' id='word_1_225' title='bbox 133 1664 330 1718; x_wconf 60' lang='grc' dir='ltr'>ἧςέρχῆς</span> <span class='ocrx_word' id='word_1_226' title='bbox 349 1661 374 1710; x_wconf 80' lang='grc' dir='ltr'>ἢ</span> <span class='ocrx_word' id='word_1_227' title='bbox 394 1660 435 1701; x_wconf 83' lang='grc' dir='ltr'>τὸ</span> <span class='ocrx_word' id='word_1_228' title='bbox 456 1659 604 1712; x_wconf 82' lang='grc' dir='ltr'>μεταξύ.</span> 
     </span>
     <span class='ocr_line' id='line_1_31' title="bbox 147 1719 1191 1776; baseline -0.005 -12.447"><span class='ocrx_word' id='word_1_229' title='bbox 147 1723 440 1776; x_wconf 56' lang='grc' dir='ltr'>,ιοζιλνὶειοιεῑθε</span> <span class='ocrx_word' id='word_1_230' title='bbox 458 1721 581 1773; x_wconf 83' lang='lat' dir='ltr'>Phys.</span> <span class='ocrx_word' id='word_1_231' title='bbox 604 1720 674 1759; x_wconf 86' lang='lat' dir='ltr'><strong>lib.</strong></span> <span class='ocrx_word' id='word_1_232' title='bbox 694 1720 788 1759; x_wconf 90' lang='lat' dir='ltr'><strong>Vlll</strong></span> <span class='ocrx_word' id='word_1_233' title='bbox 816 1734 903 1773; x_wconf 86' lang='lat' dir='ltr'><strong>cap.</strong></span> <span class='ocrx_word' id='word_1_234' title='bbox 931 1719 971 1771; x_wconf 84' lang='lat'>5,</span> <span class='ocrx_word' id='word_1_235' title='bbox 992 1733 1034 1772; x_wconf 87' lang='lat' dir='ltr'>p.</span> <span class='ocrx_word' id='word_1_236' title='bbox 1053 1719 1129 1769; x_wconf 82' lang='lat'>257</span> <span class='ocrx_word' id='word_1_237' title='bbox 1150 1719 1191 1762; x_wconf 87' lang='lat' dir='ltr'>b.</span> 
     </span>
     <span class='ocr_line' id='line_1_32' title="bbox 141 1780 1192 1834; baseline -0.006 -9"><span class='ocrx_word' id='word_1_238' title='bbox 141 1785 188 1825; x_wconf 81' lang='lat'>13</span> <span class='ocrx_word' id='word_1_239' title='bbox 214 1783 280 1824; x_wconf 87' lang='lat' dir='ltr'>ed.</span> <span class='ocrx_word' id='word_1_240' title='bbox 296 1783 458 1822; x_wconf 78' lang='lat' dir='ltr'><strong>Bekker.</strong></span> <span class='ocrx_word' id='word_1_241' title='bbox 490 1780 716 1834; x_wconf 85' lang='lat' dir='ltr'><strong>Simplicius</strong></span> <span class='ocrx_word' id='word_1_242' title='bbox 736 1780 803 1819; x_wconf 88' lang='lat' dir='ltr'><strong>fol.</strong></span> <span class='ocrx_word' id='word_1_243' title='bbox 826 1781 918 1829; x_wconf 85' lang='lat'><strong>287.</strong></span> <span class='ocrx_word' id='word_1_244' title='bbox 945 1780 985 1819; x_wconf 87' lang='lat' dir='ltr'>b.</span> <span class='ocrx_word' id='word_1_245' title='bbox 1013 1795 1192 1834; x_wconf 77' lang='grc' dir='ltr'>συμπερα-</span> 
     </span>
     <span class='ocr_line' id='line_1_33' title="bbox 134 1838 1192 1896; baseline -0.006 -11"><span class='ocrx_word' id='word_1_246' title='bbox 134 1843 285 1896; x_wconf 43' lang='lat' dir='ltr'>davo&lt;</span> <span class='ocrx_word' id='word_1_247' title='bbox 309 1840 380 1896; x_wconf 83' lang='grc' dir='ltr'>[ὅτι</span> <span class='ocrx_word' id='word_1_248' title='bbox 408 1841 456 1894; x_wconf 83' lang='grc' dir='ltr'>εἷ]</span> <span class='ocrx_word' id='word_1_249' title='bbox 474 1840 550 1880; x_wconf 85' lang='grc' dir='ltr'>ἔστι</span> <span class='ocrx_word' id='word_1_250' title='bbox 571 1856 615 1879; x_wconf 82' lang='grc' dir='ltr'>τι</span> <span class='ocrx_word' id='word_1_251' title='bbox 642 1840 884 1889; x_wconf 79' lang='grc' dir='ltr'>αὐτοκίνητον,</span> <span class='ocrx_word' id='word_1_252' title='bbox 909 1838 1047 1893; x_wconf 78' lang='grc' dir='ltr'>ἀνάγκη</span> <span class='ocrx_word' id='word_1_253' title='bbox 1068 1839 1109 1879; x_wconf 84' lang='grc' dir='ltr'>τὸ</span> <span class='ocrx_word' id='word_1_254' title='bbox 1128 1839 1192 1891; x_wconf 89' lang='grc' dir='ltr'>μέν</span> 
     </span>
     <span class='ocr_line' id='line_1_34' title="bbox 134 1898 1192 1952; baseline -0.007 -7"><span class='ocrx_word' id='word_1_255' title='bbox 134 1903 307 1945; x_wconf 52' lang='lat' dir='ltr'>aanor&amp;</span> <span class='ocrx_word' id='word_1_256' title='bbox 335 1908 460 1948; x_wconf 81' lang='grc' dir='ltr'>κινεῖν,</span> <span class='ocrx_word' id='word_1_257' title='bbox 486 1900 526 1939; x_wconf 88' lang='grc' dir='ltr'>τὸ</span> <span class='ocrx_word' id='word_1_258' title='bbox 547 1898 584 1939; x_wconf 81' lang='grc' dir='ltr'>δὲ</span> <span class='ocrx_word' id='word_1_259' title='bbox 614 1903 802 1949; x_wconf 87' lang='grc' dir='ltr'>κινεῖσθαι,</span> <span class='ocrx_word' id='word_1_260' title='bbox 823 1900 955 1939; x_wconf 86' lang='grc' dir='ltr'>δέδωκε</span> <span class='ocrx_word' id='word_1_261' title='bbox 977 1901 1085 1940; x_wconf 88' lang='grc' dir='ltr'>πάλιν</span> <span class='ocrx_word' id='word_1_262' title='bbox 1107 1900 1192 1952; x_wconf 84' lang='grc' dir='ltr'>ἡμῖν</span> 
     </span>
     <span class='ocr_line' id='line_1_35' title="bbox 54 1958 1191 2017; baseline -0.005 -13"><span class='ocrx_word' id='word_1_263' title='bbox 54 1995 63 2017; x_wconf 50' lang='lat'>3</span> <span class='ocrx_word' id='word_1_264' title='bbox 134 1958 199 2003; x_wconf 59' lang='grc' dir='ltr'>1ὔῖ</span> <span class='ocrx_word' id='word_1_265' title='bbox 216 1960 340 2002; x_wconf 67' lang='grc' dir='ltr'>τούτου</span> <span class='ocrx_word' id='word_1_266' title='bbox 363 1961 427 2009; x_wconf 83' lang='grc' dir='ltr'>τὴν</span> <span class='ocrx_word' id='word_1_267' title='bbox 459 1959 630 2014; x_wconf 79' lang='grc' dir='ltr'>διαίρεσιν</span> <span class='ocrx_word' id='word_1_268' title='bbox 659 1959 808 1998; x_wconf 60' lang='grc' dir='ltr'>ἐννοεῖν</span> <span class='ocrx_word' id='word_1_269' title='bbox 831 1961 861 1998; x_wconf 91' lang='grc' dir='ltr'>εἶ</span> <span class='ocrx_word' id='word_1_270' title='bbox 893 1959 962 2013; x_wconf 82' lang='grc' dir='ltr'>γὰρ</span> <span class='ocrx_word' id='word_1_271' title='bbox 992 1958 1032 1999; x_wconf 83' lang='grc' dir='ltr'>τὸ</span> <span class='ocrx_word' id='word_1_272' title='bbox 1063 1960 1127 2011; x_wconf 91' lang='grc' dir='ltr'>μέν</span> <span class='ocrx_word' id='word_1_273' title='bbox 1157 1976 1191 1999; x_wconf 89' lang='grc' dir='ltr'>τι</span> 
     </span>
     <span class='ocr_line' id='line_1_36' title="bbox 82 2018 1191 2072; baseline -0.003 -9"><span class='ocrx_word' id='word_1_274' title='bbox 82 2038 85 2039; x_wconf 68' lang='grc'>’</span> <span class='ocrx_word' id='word_1_275' title='bbox 134 2024 228 2064; x_wconf 66' lang='grc' dir='ltr'>κινεῖ</span> <span class='ocrx_word' id='word_1_276' title='bbox 255 2022 298 2062; x_wconf 76' lang='grc' dir='ltr'>τὸ</span> <span class='ocrx_word' id='word_1_277' title='bbox 317 2021 355 2061; x_wconf 85' lang='grc' dir='ltr'>δὲ</span> <span class='ocrx_word' id='word_1_278' title='bbox 381 2026 547 2069; x_wconf 80' lang='grc' dir='ltr'>κινεῖται,</span> <span class='ocrx_word' id='word_1_279' title='bbox 577 2019 601 2067; x_wconf 82' lang='grc' dir='ltr'>ἢ</span> <span class='ocrx_word' id='word_1_280' title='bbox 629 2019 734 2072; x_wconf 78' lang='grc' dir='ltr'>μέρος</span> <span class='ocrx_word' id='word_1_281' title='bbox 766 2018 829 2070; x_wconf 82' lang='grc' dir='ltr'>μὲν</span> <span class='ocrx_word' id='word_1_282' title='bbox 858 2021 962 2071; x_wconf 86' lang='grc' dir='ltr'>κινεῖ,</span> <span class='ocrx_word' id='word_1_283' title='bbox 994 2018 1034 2058; x_wconf 82' lang='grc' dir='ltr'>τὸ</span> <span class='ocrx_word' id='word_1_284' title='bbox 1055 2019 1092 2058; x_wconf 81' lang='grc' dir='ltr'>δὲ</span> <span class='ocrx_word' id='word_1_285' title='bbox 1111 2018 1191 2061; x_wconf 85' lang='grc' dir='ltr'>ὅλον</span> 
     </span>
     <span class='ocr_line' id='line_1_37' title="bbox 134 2074 1188 2132; baseline -0.002 -10"><span class='ocrx_word' id='word_1_286' title='bbox 134 2074 294 2129; x_wconf 66' lang='grc' dir='ltr'>κινεῖται,</span> <span class='ocrx_word' id='word_1_287' title='bbox 328 2081 352 2129; x_wconf 82' lang='grc' dir='ltr'>ἢ</span> <span class='ocrx_word' id='word_1_288' title='bbox 388 2081 428 2120; x_wconf 82' lang='grc' dir='ltr'>τὸ</span> <span class='ocrx_word' id='word_1_289' title='bbox 462 2079 525 2131; x_wconf 79' lang='grc' dir='ltr'>μὲν</span> <span class='ocrx_word' id='word_1_290' title='bbox 561 2078 642 2118; x_wconf 86' lang='grc' dir='ltr'>ὅλον</span> <span class='ocrx_word' id='word_1_291' title='bbox 678 2082 779 2128; x_wconf 89' lang='grc' dir='ltr'>κινεῖ,</span> <span class='ocrx_word' id='word_1_292' title='bbox 811 2078 915 2132; x_wconf 86' lang='grc' dir='ltr'>μέρος</span> <span class='ocrx_word' id='word_1_293' title='bbox 950 2078 986 2118; x_wconf 84' lang='grc' dir='ltr'>δὲ</span> <span class='ocrx_word' id='word_1_294' title='bbox 1027 2084 1188 2120; x_wconf 84' lang='grc' dir='ltr'>κινεῖται.</span> 
     </span>
     <span class='ocr_line' id='line_1_38' title="bbox 136 2133 1191 2196; baseline -0.006 -14"><span class='ocrx_word' id='word_1_295' title='bbox 136 2133 278 2196; x_wconf 66' lang='grc' dir='ltr'>Δίαιρεῖ</span> <span class='ocrx_word' id='word_1_296' title='bbox 299 2139 337 2180; x_wconf 77' lang='grc' dir='ltr'>δὲ</span> <span class='ocrx_word' id='word_1_297' title='bbox 357 2140 539 2180; x_wconf 78' lang='grc' dir='ltr'>καὶτοῦτο</span> <span class='ocrx_word' id='word_1_298' title='bbox 561 2141 579 2177; x_wconf 80' lang='grc' dir='ltr'>ὁ</span> <span class='ocrx_word' id='word_1_299' title='bbox 603 2137 768 2189; x_wconf 81' lang='grc' dir='ltr'>Εὔδημος</span> <span class='ocrx_word' id='word_1_300' title='bbox 787 2137 917 2183; x_wconf 84' lang='grc' dir='ltr'>οὕτως·</span> <span class='ocrx_word' id='word_1_301' title='bbox 949 2155 966 2172; x_wconf 76' lang='grc' dir='ltr'>οι</span> <span class='ocrx_word' id='word_1_302' title='bbox 985 2136 1026 2177; x_wconf 86' lang='grc' dir='ltr'>τὸ</span> <span class='ocrx_word' id='word_1_303' title='bbox 1045 2137 1115 2190; x_wconf 85' lang='grc' dir='ltr'>γὰρ</span> <span class='ocrx_word' id='word_1_304' title='bbox 1137 2153 1191 2178; x_wconf 93' lang='grc' dir='ltr'>κι-</span> 
     </span>
     <span class='ocr_line' id='line_1_39' title="bbox 135 2197 1192 2256; baseline -0.004 -14"><span class='ocrx_word' id='word_1_305' title='bbox 135 2205 234 2250; x_wconf 64' lang='grc' dir='ltr'>νοῦν,</span> <span class='ocrx_word' id='word_1_306' title='bbox 251 2201 352 2256; x_wconf 76' lang='grc' dir='ltr'>φησί,</span> <span class='ocrx_word' id='word_1_307' title='bbox 367 2200 474 2253; x_wconf 82' lang='grc' dir='ltr'>μέρος</span> <span class='ocrx_word' id='word_1_308' title='bbox 493 2199 517 2247; x_wconf 84' lang='grc' dir='ltr'>ἢ</span> <span class='ocrx_word' id='word_1_309' title='bbox 541 2199 706 2247; x_wconf 84' lang='grc' dir='ltr'>ἀκίνητον</span> <span class='ocrx_word' id='word_1_310' title='bbox 723 2197 760 2238; x_wconf 84' lang='grc' dir='ltr'>ὂν</span> <span class='ocrx_word' id='word_1_311' title='bbox 781 2198 919 2246; x_wconf 80' lang='grc' dir='ltr'>κινήσει</span> <span class='ocrx_word' id='word_1_312' title='bbox 935 2198 956 2246; x_wconf 83' lang='grc' dir='ltr'>ἢ</span> <span class='ocrx_word' id='word_1_313' title='bbox 976 2197 1192 2249; x_wconf 82' lang='grc' dir='ltr'>κινούμενον.</span> 
     </span>
     <span class='ocr_line' id='line_1_40' title="bbox 136 2256 1192 2313; baseline -0.007 -10"><span class='ocrx_word' id='word_1_314' title='bbox 136 2261 234 2303; x_wconf 72' lang='grc' dir='ltr'>Ἀλλ’</span> <span class='ocrx_word' id='word_1_315' title='bbox 261 2260 376 2313; x_wconf 75' lang='grc' dir='ltr'>εἰμὲν</span> <span class='ocrx_word' id='word_1_316' title='bbox 396 2259 575 2309; x_wconf 78' lang='grc' dir='ltr'>ἀκίνητον,</span> <span class='ocrx_word' id='word_1_317' title='bbox 597 2259 776 2298; x_wconf 87' lang='grc' dir='ltr'>δέδεικται</span> <span class='ocrx_word' id='word_1_318' title='bbox 796 2259 814 2297; x_wconf 88' lang='grc' dir='ltr'>ὃ</span> <span class='ocrx_word' id='word_1_319' title='bbox 838 2258 1050 2312; x_wconf 86' lang='grc' dir='ltr'>βουλόμεθα,</span> <span class='ocrx_word' id='word_1_320' title='bbox 1078 2256 1132 2297; x_wconf 86' lang='grc' dir='ltr'>ὅτι</span> <span class='ocrx_word' id='word_1_321' title='bbox 1153 2258 1192 2297; x_wconf 87' lang='grc' dir='ltr'>τὸ</span> 
     </span>
     <span class='ocr_line' id='line_1_41' title="bbox 70 2317 1190 2372; baseline -0.006 -9"><span class='ocrx_word' id='word_1_322' title='bbox 70 2319 76 2347; x_wconf 63' lang='lat'>³</span> <span class='ocrx_word' id='word_1_323' title='bbox 137 2320 363 2371; x_wconf 69' lang='grc' dir='ltr'>ιόωκένητον</span> <span class='ocrx_word' id='word_1_324' title='bbox 394 2320 575 2372; x_wconf 79' lang='grc' dir='ltr'>σύγκειται</span> <span class='ocrx_word' id='word_1_325' title='bbox 612 2320 653 2358; x_wconf 82' lang='grc' dir='ltr'>ἐκ</span> <span class='ocrx_word' id='word_1_326' title='bbox 684 2318 890 2370; x_wconf 84' lang='grc' dir='ltr'>κινουμένου</span> <span class='ocrx_word' id='word_1_327' title='bbox 929 2317 991 2357; x_wconf 76' lang='grc' dir='ltr'>καὶ</span> <span class='ocrx_word' id='word_1_328' title='bbox 1023 2317 1190 2366; x_wconf 83' lang='grc' dir='ltr'>ἀκινήτου</span> 
     </span>
     <span class='ocr_line' id='line_1_42' title="bbox 135 2377 1190 2433; baseline -0.006 -9"><span class='ocrx_word' id='word_1_329' title='bbox 135 2385 213 2424; x_wconf 43' lang='lat' dir='ltr'><strong>ew*</strong></span> <span class='ocrx_word' id='word_1_330' title='bbox 227 2385 422 2426; x_wconf 73' lang='grc' dir='ltr'>κινοῦντος·</span> <span class='ocrx_word' id='word_1_331' title='bbox 445 2381 475 2421; x_wconf 83' lang='grc' dir='ltr'>εἷ</span> <span class='ocrx_word' id='word_1_332' title='bbox 498 2379 533 2420; x_wconf 84' lang='grc' dir='ltr'>δὲ</span> <span class='ocrx_word' id='word_1_333' title='bbox 556 2378 597 2420; x_wconf 80' lang='grc' dir='ltr'>τὸ</span> <span class='ocrx_word' id='word_1_334' title='bbox 620 2383 737 2418; x_wconf 90' lang='grc' dir='ltr'>κινοῦν</span> <span class='ocrx_word' id='word_1_335' title='bbox 769 2379 874 2433; x_wconf 87' lang='grc' dir='ltr'>μέρος</span> <span class='ocrx_word' id='word_1_336' title='bbox 900 2377 1103 2430; x_wconf 82' lang='grc' dir='ltr'>κινούμενον</span> <span class='ocrx_word' id='word_1_337' title='bbox 1133 2378 1190 2418; x_wconf 66' lang='grc' dir='ltr'>καὶ</span> 
     </span>
     <span class='ocr_line' id='line_1_43' title="bbox 136 2437 1193 2491; baseline -0.008 -7"><span class='ocrx_word' id='word_1_338' title='bbox 136 2441 224 2484; x_wconf 52' lang='lat' dir='ltr'><strong>Chi)</strong></span> <span class='ocrx_word' id='word_1_339' title='bbox 249 2442 356 2491; x_wconf 75' lang='grc' dir='ltr'>κινεῖ,</span> <span class='ocrx_word' id='word_1_340' title='bbox 387 2439 514 2488; x_wconf 81' lang='grc' dir='ltr'>ἐπειδὴ</span> <span class='ocrx_word' id='word_1_341' title='bbox 534 2445 605 2478; x_wconf 82' lang='grc' dir='ltr'>πᾶν</span> <span class='ocrx_word' id='word_1_342' title='bbox 625 2438 666 2479; x_wconf 84' lang='grc' dir='ltr'>τὸ</span> <span class='ocrx_word' id='word_1_343' title='bbox 695 2438 901 2491; x_wconf 84' lang='grc' dir='ltr'>κινούμενον</span> <span class='ocrx_word' id='word_1_344' title='bbox 930 2437 999 2478; x_wconf 77' lang='grc' dir='ltr'>ὑπό</span> <span class='ocrx_word' id='word_1_345' title='bbox 1020 2453 1113 2482; x_wconf 90' lang='grc' dir='ltr'>τινος</span> <span class='ocrx_word' id='word_1_346' title='bbox 1142 2453 1193 2477; x_wconf 89' lang='grc' dir='ltr'>κι-</span> 
     </span>
     <span class='ocr_line' id='line_1_44' title="bbox 50 2499 1191 2552; baseline -0.005 -8.042"><span class='ocrx_word' id='word_1_347' title='bbox 50 2536 78 2550; x_wconf 14' lang='grc'>,7,</span> <span class='ocrx_word' id='word_1_348' title='bbox 134 2505 262 2552; x_wconf 66' lang='grc' dir='ltr'>νεῖται,</span> <span class='ocrx_word' id='word_1_349' title='bbox 295 2501 358 2542; x_wconf 78' lang='grc' dir='ltr'>καὶ</span> <span class='ocrx_word' id='word_1_350' title='bbox 389 2505 494 2541; x_wconf 88' lang='grc' dir='ltr'>τοῦτο</span> <span class='ocrx_word' id='word_1_351' title='bbox 523 2500 592 2540; x_wconf 74' lang='grc' dir='ltr'>ὑπό</span> <span class='ocrx_word' id='word_1_352' title='bbox 623 2516 716 2546; x_wconf 88' lang='grc' dir='ltr'>τινος</span> <span class='ocrx_word' id='word_1_353' title='bbox 754 2499 995 2548; x_wconf 75' lang='grc' dir='ltr'>κινηθήσεται.</span> <span class='ocrx_word' id='word_1_354' title='bbox 1052 2501 1191 2539; x_wconf 84' lang='grc' dir='ltr'>Οὐκοῦν</span> 
     </span>
     <span class='ocr_line' id='line_1_45' title="bbox 55 2554 1193 2618; baseline -0.005 -15"><span class='ocrx_word' id='word_1_355' title='bbox 55 2557 69 2618; x_wconf 46' lang='lat'><em>3</em></span> <span class='ocrx_word' id='word_1_356' title='bbox 138 2560 264 2612; x_wconf 61' lang='grc' dir='ltr'>ἶξιῶιν</span> <span class='ocrx_word' id='word_1_357' title='bbox 284 2562 348 2614; x_wconf 72' lang='grc' dir='ltr'>μὲν</span> <span class='ocrx_word' id='word_1_358' title='bbox 373 2563 442 2616; x_wconf 72' lang='grc' dir='ltr'>οὐχ</span> <span class='ocrx_word' id='word_1_359' title='bbox 466 2554 538 2601; x_wconf 72' lang='grc' dir='ltr'>οἶόν</span> <span class='ocrx_word' id='word_1_360' title='bbox 558 2576 598 2600; x_wconf 78' lang='grc' dir='ltr'>τε</span> <span class='ocrx_word' id='word_1_361' title='bbox 620 2554 708 2600; x_wconf 64' lang='grc' dir='ltr'>εἶναι</span> <span class='ocrx_word' id='word_1_362' title='bbox 727 2560 767 2599; x_wconf 82' lang='grc' dir='ltr'>τὸ</span> <span class='ocrx_word' id='word_1_363' title='bbox 793 2564 911 2599; x_wconf 82' lang='grc' dir='ltr'>κινοῦν</span> <span class='ocrx_word' id='word_1_364' title='bbox 931 2561 1039 2599; x_wconf 86' lang='grc' dir='ltr'>αὐτό·</span> <span class='ocrx_word' id='word_1_365' title='bbox 1059 2561 1098 2598; x_wconf 84' lang='grc' dir='ltr'>οὗ</span> <span class='ocrx_word' id='word_1_366' title='bbox 1124 2559 1193 2612; x_wconf 86' lang='grc' dir='ltr'>γὰρ</span> 
     </span>
     <span class='ocr_line' id='line_1_46' title="bbox 54 2619 1192 2675; baseline -0.004 -12.044"><span class='ocrx_word' id='word_1_367' title='bbox 54 2627 69 2644; x_wconf 61' lang='lat'><em>³</em></span> <span class='ocrx_word' id='word_1_368' title='bbox 137 2623 179 2663; x_wconf 60' lang='lat' dir='ltr'>&amp;v</span> <span class='ocrx_word' id='word_1_369' title='bbox 205 2621 259 2663; x_wconf 75' lang='grc' dir='ltr'>ἔτι</span> <span class='ocrx_word' id='word_1_370' title='bbox 285 2621 344 2675; x_wconf 77' lang='grc' dir='ltr'>ὑφ’</span> <span class='ocrx_word' id='word_1_371' title='bbox 378 2623 506 2661; x_wconf 77' lang='grc' dir='ltr'>ἑαυτοῦ</span> <span class='ocrx_word' id='word_1_372' title='bbox 534 2620 674 2673; x_wconf 86' lang='grc' dir='ltr'>λέγοιτο</span> <span class='ocrx_word' id='word_1_373' title='bbox 703 2623 876 2660; x_wconf 87' lang='grc' dir='ltr'>κινεῖσθαι</span> <span class='ocrx_word' id='word_1_374' title='bbox 908 2619 948 2658; x_wconf 87' lang='grc' dir='ltr'>τὸ</span> <span class='ocrx_word' id='word_1_375' title='bbox 980 2619 1078 2670; x_wconf 85' lang='grc' dir='ltr'>ὅλον,</span> <span class='ocrx_word' id='word_1_376' title='bbox 1113 2620 1192 2658; x_wconf 87' lang='grc' dir='ltr'>ἀλλ’</span> 
     </span>
     <span class='ocr_line' id='line_1_47' title="bbox 60 2677 1194 2734; baseline -0.006 -9"><span class='ocrx_word' id='word_1_377' title='bbox 60 2727 65 2731; x_wconf 70' lang='grc'>,</span> <span class='ocrx_word' id='word_1_378' title='bbox 136 2684 197 2724; x_wconf 72' lang='grc' dir='ltr'>ὑπ’</span> <span class='ocrx_word' id='word_1_379' title='bbox 216 2682 327 2724; x_wconf 75' lang='grc' dir='ltr'>ἄλλου</span> <span class='ocrx_word' id='word_1_380' title='bbox 345 2686 407 2722; x_wconf 87' lang='grc' dir='ltr'>τοῦ</span> <span class='ocrx_word' id='word_1_381' title='bbox 427 2681 468 2722; x_wconf 85' lang='grc' dir='ltr'>τὸ</span> <span class='ocrx_word' id='word_1_382' title='bbox 487 2684 605 2721; x_wconf 85' lang='grc' dir='ltr'>κινοῦν</span> <span class='ocrx_word' id='word_1_383' title='bbox 628 2679 714 2720; x_wconf 82' lang='grc' dir='ltr'>αὐτὸ</span> <span class='ocrx_word' id='word_1_384' title='bbox 730 2682 835 2734; x_wconf 85' lang='grc' dir='ltr'>μέρος</span> <span class='ocrx_word' id='word_1_385' title='bbox 852 2682 1039 2723; x_wconf 83' lang='grc' dir='ltr'>κινοῦντος.</span> <span class='ocrx_word' id='word_1_386' title='bbox 1099 2677 1194 2719; x_wconf 80' lang='grc' dir='ltr'>Ὑπό</span> 
     </span>
     <span class='ocr_line' id='line_1_48' title="bbox 76 2733 1193 2796; baseline -0.005 -12"><span class='ocrx_word' id='word_1_387' title='bbox 76 2768 85 2787; x_wconf 70' lang='grc'>;-</span> <span class='ocrx_word' id='word_1_388' title='bbox 130 2740 235 2787; x_wconf 57' lang='grc' dir='ltr'>’τινος</span> <span class='ocrx_word' id='word_1_389' title='bbox 253 2741 324 2796; x_wconf 74' lang='grc' dir='ltr'>ἄρα</span> <span class='ocrx_word' id='word_1_390' title='bbox 341 2743 413 2781; x_wconf 80' lang='grc' dir='ltr'>τῶν</span> <span class='ocrx_word' id='word_1_391' title='bbox 433 2743 470 2781; x_wconf 84' lang='grc' dir='ltr'>ἐν</span> <span class='ocrx_word' id='word_1_392' title='bbox 487 2743 540 2795; x_wconf 85' lang='grc' dir='ltr'>τῷ</span> <span class='ocrx_word' id='word_1_393' title='bbox 562 2742 783 2794; x_wconf 80' lang='grc' dir='ltr'>αὐτοκινήτῳ</span> <span class='ocrx_word' id='word_1_394' title='bbox 799 2739 994 2788; x_wconf 77' lang='grc' dir='ltr'>κινήσεται.</span> <span class='ocrx_word' id='word_1_395' title='bbox 1053 2739 1106 2779; x_wconf 88' lang='grc' dir='ltr'><strong><em>Ἢ</em></strong></span> <span class='ocrx_word' id='word_1_396' title='bbox 1134 2733 1193 2779; x_wconf 72' lang='grc' dir='ltr'>οῧν</span> 
     </span>
     <span class='ocr_line' id='line_1_49' title="bbox 135 2798 1193 2853; baseline -0.006 -9"><span class='ocrx_word' id='word_1_397' title='bbox 135 2801 206 2844; x_wconf 58' lang='lat' dir='ltr'>M</span> <span class='ocrx_word' id='word_1_398' title='bbox 237 2817 331 2848; x_wconf 82' lang='grc' dir='ltr'>τινος</span> <span class='ocrx_word' id='word_1_399' title='bbox 359 2803 429 2842; x_wconf 80' lang='grc' dir='ltr'>τῶν</span> <span class='ocrx_word' id='word_1_400' title='bbox 461 2802 589 2841; x_wconf 76' lang='grc' dir='ltr'>ἑαυτοῦ</span> <span class='ocrx_word' id='word_1_401' title='bbox 622 2801 754 2853; x_wconf 89' lang='grc' dir='ltr'>μορίων</span> <span class='ocrx_word' id='word_1_402' title='bbox 787 2800 970 2848; x_wconf 81' lang='grc' dir='ltr'>κινήσεται</span> <span class='ocrx_word' id='word_1_403' title='bbox 1007 2798 1045 2840; x_wconf 81' lang='grc' dir='ltr'>τὸ</span> <span class='ocrx_word' id='word_1_404' title='bbox 1076 2803 1193 2838; x_wconf 89' lang='grc' dir='ltr'>κινοῦν</span> 
     </span>
     <span class='ocr_line' id='line_1_50' title="bbox 288 2858 1193 2911; baseline -0.004 -10"><span class='ocrx_word' id='word_1_405' title='bbox 288 2860 313 2909; x_wconf 79' lang='grc' dir='ltr'>ἢ</span> <span class='ocrx_word' id='word_1_406' title='bbox 335 2859 404 2901; x_wconf 76' lang='grc' dir='ltr'>ὑπὸ</span> <span class='ocrx_word' id='word_1_407' title='bbox 431 2863 492 2899; x_wconf 85' lang='grc' dir='ltr'>τοῦ</span> <span class='ocrx_word' id='word_1_408' title='bbox 524 2859 742 2911; x_wconf 85' lang='grc' dir='ltr'>κινουμένου.</span> <span class='ocrx_word' id='word_1_409' title='bbox 801 2858 876 2900; x_wconf 83' lang='grc' dir='ltr'>Καὶ</span> <span class='ocrx_word' id='word_1_410' title='bbox 895 2862 998 2902; x_wconf 83' lang='grc' dir='ltr'>τοῦτο</span> <span class='ocrx_word' id='word_1_411' title='bbox 1019 2858 1125 2898; x_wconf 84' lang='grc' dir='ltr'>πάλιν</span> <span class='ocrx_word' id='word_1_412' title='bbox 1153 2858 1193 2898; x_wconf 82' lang='grc' dir='ltr'>τὸ</span> 
     </span>
     <span class='ocr_line' id='line_1_51' title="bbox 44 2918 1191 2972; baseline -0.003 -11"><span class='ocrx_word' id='word_1_413' title='bbox 44 2959 54 2962; x_wconf 66' lang='grc'>-</span> <span class='ocrx_word' id='word_1_414' title='bbox 137 2918 289 2969; x_wconf 79' lang='grc' dir='ltr'>κινοῦνῆ</span> <span class='ocrx_word' id='word_1_415' title='bbox 310 2919 475 2967; x_wconf 71' lang='grc' dir='ltr'>ἀκίνητον</span> <span class='ocrx_word' id='word_1_416' title='bbox 493 2919 531 2960; x_wconf 86' lang='grc' dir='ltr'>ὂν</span> <span class='ocrx_word' id='word_1_417' title='bbox 550 2924 638 2959; x_wconf 89' lang='grc' dir='ltr'>κινεῖ</span> <span class='ocrx_word' id='word_1_418' title='bbox 657 2918 717 2959; x_wconf 82' lang='grc' dir='ltr'>καὶ</span> <span class='ocrx_word' id='word_1_419' title='bbox 735 2918 837 2958; x_wconf 87' lang='grc' dir='ltr'>ἔσται</span> <span class='ocrx_word' id='word_1_420' title='bbox 851 2918 890 2957; x_wconf 85' lang='grc' dir='ltr'>τὸ</span> <span class='ocrx_word' id='word_1_421' title='bbox 907 2918 1058 2972; x_wconf 85' lang='grc' dir='ltr'>πρώτως</span> <span class='ocrx_word' id='word_1_422' title='bbox 1073 2921 1191 2958; x_wconf 89' lang='grc' dir='ltr'>κινοῦν</span> 
     </span>
     <span class='ocr_line' id='line_1_52' title="bbox 111 2976 1192 3031; baseline -0.005 -9.306"><span class='ocrx_word' id='word_1_423' title='bbox 111 3014 113 3019; x_wconf 70' lang='lat'>,</span> <span class='ocrx_word' id='word_1_424' title='bbox 139 2980 332 3030; x_wconf 67' lang='grc' dir='ltr'>ἀκίνητον,</span> <span class='ocrx_word' id='word_1_425' title='bbox 361 2979 385 3029; x_wconf 80' lang='grc' dir='ltr'>ἢ</span> <span class='ocrx_word' id='word_1_426' title='bbox 409 2979 640 3031; x_wconf 85' lang='grc' dir='ltr'>κινούμενον,</span> <span class='ocrx_word' id='word_1_427' title='bbox 677 2979 739 3019; x_wconf 84' lang='grc' dir='ltr'>καὶ</span> <span class='ocrx_word' id='word_1_428' title='bbox 769 2976 932 3026; x_wconf 9' lang='grc' dir='ltr'>πάλινέἢ</span> <span class='ocrx_word' id='word_1_429' title='bbox 965 2977 1032 3018; x_wconf 78' lang='grc' dir='ltr'>ὑπὸ</span> <span class='ocrx_word' id='word_1_430' title='bbox 1067 2977 1192 3031; x_wconf 87' lang='grc' dir='ltr'>μέρους</span> 
     </span>
     <span class='ocr_line' id='line_1_53' title="bbox 31 3036 1191 3091; baseline -0.004 -11"><span class='ocrx_word' id='word_1_431' title='bbox 31 3079 37 3086; x_wconf 76' lang='grc'>,</span> <span class='ocrx_word' id='word_1_432' title='bbox 52 3060 61 3067; x_wconf 92' lang='grc'>·</span> <span class='ocrx_word' id='word_1_433' title='bbox 86 3046 90 3047; x_wconf 65' lang='grc'><em>’</em></span> <span class='ocrx_word' id='word_1_434' title='bbox 136 3039 307 3088; x_wconf 68' lang='grc' dir='ltr'>ἰαυτοῦ,ἣ</span> <span class='ocrx_word' id='word_1_435' title='bbox 327 3038 395 3079; x_wconf 77' lang='grc' dir='ltr'>ὑπὸ</span> <span class='ocrx_word' id='word_1_436' title='bbox 407 3043 468 3078; x_wconf 92' lang='grc' dir='ltr'>τοῦ</span> <span class='ocrx_word' id='word_1_437' title='bbox 485 3039 702 3090; x_wconf 85' lang='grc' dir='ltr'>κινουμένου·</span> <span class='ocrx_word' id='word_1_438' title='bbox 716 3041 1007 3091; x_wconf 85' lang='grc' dir='ltr'>ἀνταναιροῦντες</span> <span class='ocrx_word' id='word_1_439' title='bbox 1020 3036 1070 3086; x_wconf 88' lang='grc' dir='ltr'>δέ,</span> <span class='ocrx_word' id='word_1_440' title='bbox 1087 3036 1191 3091; x_wconf 78' lang='grc' dir='ltr'>φησὶν</span> 
     </span>
    </p>
   </div>
   <div class='ocr_carea' id='block_1_3' title="bbox 133 3173 1194 3536">
    <p class='ocr_par' dir='ltr' id='par_1_3' title="bbox 133 3173 1194 3536">
     <span class='ocr_line' id='line_1_54' title="bbox 142 3173 1194 3243; baseline -0.005 -18"><span class='ocrx_word' id='word_1_441' title='bbox 142 3173 231 3243; x_wconf 62' lang='lat'>[7⁹.</span> <span class='ocrx_word' id='word_1_442' title='bbox 253 3190 297 3224; x_wconf 73' lang='lat' dir='ltr'>At</span> <span class='ocrx_word' id='word_1_443' title='bbox 311 3198 379 3223; x_wconf 82' lang='lat' dir='ltr'>non</span> <span class='ocrx_word' id='word_1_444' title='bbox 389 3188 491 3223; x_wconf 80' lang='lat' dir='ltr'><strong>licere</strong></span> <span class='ocrx_word' id='word_1_445' title='bbox 506 3188 618 3232; x_wconf 82' lang='lat' dir='ltr'><strong>ipsum</strong></span> <span class='ocrx_word' id='word_1_446' title='bbox 640 3188 738 3223; x_wconf 78' lang='lat' dir='ltr'><strong>seila</strong></span> <span class='ocrx_word' id='word_1_447' title='bbox 754 3196 981 3227; x_wconf 75' lang='lat' dir='ltr'><strong>commovere,</strong></span> <span class='ocrx_word' id='word_1_448' title='bbox 1002 3188 1042 3221; x_wconf 86' lang='lat' dir='ltr'>ut</span> <span class='ocrx_word' id='word_1_449' title='bbox 1056 3188 1194 3221; x_wconf 87' lang='lat' dir='ltr'><strong>utrum-</strong></span> 
     </span>
     <span class='ocr_line' id='line_1_55' title="bbox 133 3246 1190 3296; baseline -0.003 -12"><span class='ocrx_word' id='word_1_450' title='bbox 133 3246 204 3296; x_wconf 61' lang='grc' dir='ltr'>ιῂιιο</span> <span class='ocrx_word' id='word_1_451' title='bbox 233 3249 278 3284; x_wconf 77' lang='grc' dir='ltr'>ιι)</span> <span class='ocrx_word' id='word_1_452' title='bbox 299 3250 445 3293; x_wconf 79' lang='lat' dir='ltr'><strong>utroque</strong></span> <span class='ocrx_word' id='word_1_453' title='bbox 470 3250 657 3289; x_wconf 82' lang='lat' dir='ltr'><strong>moveatur,</strong></span> <span class='ocrx_word' id='word_1_454' title='bbox 684 3258 728 3283; x_wconf 88' lang='lat' dir='ltr'>ex</span> <span class='ocrx_word' id='word_1_455' title='bbox 754 3248 846 3282; x_wconf 81' lang='lat' dir='ltr'><strong>hisce</strong></span> <span class='ocrx_word' id='word_1_456' title='bbox 879 3256 958 3281; x_wconf 85' lang='lat' dir='ltr'><strong>sane</strong></span> <span class='ocrx_word' id='word_1_457' title='bbox 979 3246 1190 3288; x_wconf 80' lang='lat' dir='ltr'><strong>intelligitur.</strong></span> 
     </span>
     <span class='ocr_line' id='line_1_56' title="bbox 134 3306 1193 3354; baseline -0.005 -9"><span class='ocrx_word' id='word_1_458' title='bbox 134 3310 221 3345; x_wconf 66' lang='lat' dir='ltr'><strong>Bm</strong></span> <span class='ocrx_word' id='word_1_459' title='bbox 239 3308 272 3345; x_wconf 73' lang='grc' dir='ltr'>εἰ</span> <span class='ocrx_word' id='word_1_460' title='bbox 290 3311 474 3354; x_wconf 80' lang='lat' dir='ltr'><strong>utrumque</strong></span> <span class='ocrx_word' id='word_1_461' title='bbox 498 3309 649 3344; x_wconf 82' lang='lat' dir='ltr'><strong>movebit</strong></span> <span class='ocrx_word' id='word_1_462' title='bbox 673 3311 876 3352; x_wconf 85' lang='lat' dir='ltr'><strong>utrumque,</strong></span> <span class='ocrx_word' id='word_1_463' title='bbox 900 3307 985 3341; x_wconf 87' lang='lat' dir='ltr'>nihil</span> <span class='ocrx_word' id='word_1_464' title='bbox 1010 3307 1075 3341; x_wconf 86' lang='lat' dir='ltr'><strong>erit</strong></span> <span class='ocrx_word' id='word_1_465' title='bbox 1100 3306 1193 3351; x_wconf 83' lang='lat' dir='ltr'><strong>quod</strong></span> 
     </span>
     <span class='ocr_line' id='line_1_57' title="bbox 137 3370 1192 3415; baseline -0.002 -10"><span class='ocrx_word' id='word_1_466' title='bbox 137 3372 272 3407; x_wconf 71' lang='lat' dir='ltr'><strong>movent</strong></span> <span class='ocrx_word' id='word_1_467' title='bbox 303 3371 461 3415; x_wconf 84' lang='lat' dir='ltr'><strong>primum.</strong></span> <span class='ocrx_word' id='word_1_468' title='bbox 487 3371 527 3405; x_wconf 84' lang='lat' dir='ltr'><strong>ld</strong></span> <span class='ocrx_word' id='word_1_469' title='bbox 564 3372 653 3406; x_wconf 78' lang='lat' dir='ltr'><strong>enlm</strong></span> <span class='ocrx_word' id='word_1_470' title='bbox 678 3371 771 3415; x_wconf 86' lang='lat' dir='ltr'><strong>quod</strong></span> <span class='ocrx_word' id='word_1_471' title='bbox 799 3370 894 3414; x_wconf 78' lang='lat' dir='ltr'><strong>prius</strong></span> <span class='ocrx_word' id='word_1_472' title='bbox 925 3371 1056 3410; x_wconf 82' lang='lat' dir='ltr'><strong>movet.</strong></span> <span class='ocrx_word' id='word_1_473' title='bbox 1092 3378 1192 3404; x_wconf 83' lang='lat' dir='ltr'><strong>eausa</strong></span> 
     </span>
     <span class='ocr_line' id='line_1_58' title="bbox 139 3427 1193 3475; baseline -0.003 -10"><span class='ocrx_word' id='word_1_474' title='bbox 139 3430 245 3474; x_wconf 57' lang='lat' dir='ltr'><strong>maan</strong></span> <span class='ocrx_word' id='word_1_475' title='bbox 267 3433 320 3466; x_wconf 76' lang='lat' dir='ltr'>eet</span> <span class='ocrx_word' id='word_1_476' title='bbox 337 3433 377 3465; x_wconf 90' lang='lat' dir='ltr'>ut</span> <span class='ocrx_word' id='word_1_477' title='bbox 393 3433 570 3466; x_wconf 86' lang='lat' dir='ltr'><strong>moveatur</strong></span> <span class='ocrx_word' id='word_1_478' title='bbox 585 3431 622 3465; x_wconf 85' lang='lat' dir='ltr'>id</span> <span class='ocrx_word' id='word_1_479' title='bbox 643 3430 735 3475; x_wconf 84' lang='lat' dir='ltr'><strong>quod</strong></span> <span class='ocrx_word' id='word_1_480' title='bbox 757 3432 854 3465; x_wconf 89' lang='lat' dir='ltr'><strong>motu</strong></span> <span class='ocrx_word' id='word_1_481' title='bbox 875 3429 994 3469; x_wconf 87' lang='lat' dir='ltr'><strong>cietur,</strong></span> <span class='ocrx_word' id='word_1_482' title='bbox 1024 3438 1128 3472; x_wconf 82' lang='lat' dir='ltr'><strong>quam</strong></span> <span class='ocrx_word' id='word_1_483' title='bbox 1156 3427 1193 3463; x_wconf 88' lang='lat' dir='ltr'>id</span> 
     </span>
     <span class='ocr_line' id='line_1_59' title="bbox 139 3488 1189 3536; baseline -0.001 -11"><span class='ocrx_word' id='word_1_484' title='bbox 139 3490 234 3536; x_wconf 69' lang='lat' dir='ltr'><strong>qum}</strong></span> <span class='ocrx_word' id='word_1_485' title='bbox 253 3490 305 3526; x_wconf 84' lang='lat' dir='ltr'><strong>illi</strong></span> <span class='ocrx_word' id='word_1_486' title='bbox 320 3491 481 3527; x_wconf 64' lang='lat' dir='ltr'><strong>adhaeret.</strong></span> <span class='ocrx_word' id='word_1_487' title='bbox 501 3492 635 3536; x_wconf 83' lang='lat' dir='ltr'>Duplex</span> <span class='ocrx_word' id='word_1_488' title='bbox 650 3491 740 3527; x_wconf 90' lang='lat' dir='ltr'><strong>enim</strong></span> <span class='ocrx_word' id='word_1_489' title='bbox 756 3492 808 3526; x_wconf 82' lang='lat' dir='ltr'>est</span> <span class='ocrx_word' id='word_1_490' title='bbox 824 3491 955 3531; x_wconf 79' lang='grc' dir='ltr'>ιιιοιιιε.</span> <span class='ocrx_word' id='word_1_491' title='bbox 973 3490 1014 3524; x_wconf 87' lang='grc' dir='ltr'>ιιι</span> <span class='ocrx_word' id='word_1_492' title='bbox 1028 3488 1189 3531; x_wconf 76' lang='lat' dir='ltr'><strong>diximus,</strong></span> 
     </span>
    </p>
   </div>
   <div class='ocr_carea' id='block_1_4' title="bbox 1063 191 1401 235">
    <p class='ocr_par' dir='ltr' id='par_1_4' title="bbox 1063 191 1401 235">
     <span class='ocr_line' id='line_1_60' title="bbox 1063 191 1401 235; baseline 0 0"><span class='ocrx_word' id='word_1_493' title='bbox 1063 191 1401 235; x_wconf 70' lang='lat' dir='ltr'><strong>FRAGMENTAs</strong></span> 
     </span>
    </p>
   </div>
   <div class='ocr_carea' id='block_1_5' title="bbox 2226 194 2305 236">
    <p class='ocr_par' dir='ltr' id='par_1_5' title="bbox 2226 194 2305 236">
     <span class='ocr_line' id='line_1_61' title="bbox 2226 194 2305 236; baseline 0.025 -2"><span class='ocrx_word' id='word_1_494' title='bbox 2226 194 2305 236; x_wconf 75' lang='lat'>263</span> 
     </span>
    </p>
   </div>
   <div class='ocr_carea' id='block_1_6' title="bbox 1251 278 2314 3031">
    <p class='ocr_par' dir='ltr' id='par_1_6' title="bbox 1251 278 2314 2854">
     <span class='ocr_line' id='line_1_62' title="bbox 1257 278 2310 335; baseline 0.001 -14"><span class='ocrx_word' id='word_1_495' title='bbox 1257 284 1276 321; x_wconf 81' lang='grc' dir='ltr'><strong>ὃ</strong></span> <span class='ocrx_word' id='word_1_496' title='bbox 1309 281 1489 334; x_wconf 80' lang='grc' dir='ltr'>Εὔδημος,</span> <span class='ocrx_word' id='word_1_497' title='bbox 1524 281 1634 327; x_wconf 72' lang='grc' dir='ltr'>οὕτως</span> <span class='ocrx_word' id='word_1_498' title='bbox 1663 278 1795 335; x_wconf 79' lang='grc' dir='ltr'>ἥξομέν</span> <span class='ocrx_word' id='word_1_499' title='bbox 1818 295 1904 323; x_wconf 80' lang='grc' dir='ltr'>ποτε</span> <span class='ocrx_word' id='word_1_500' title='bbox 1934 282 1982 327; x_wconf 82' lang='grc' dir='ltr'>εἰς</span> <span class='ocrx_word' id='word_1_501' title='bbox 2010 281 2056 322; x_wconf 75' lang='grc' dir='ltr'>τὰ</span> <span class='ocrx_word' id='word_1_502' title='bbox 2082 281 2231 335; x_wconf 82' lang='grc' dir='ltr'>πρώτως</span> <span class='ocrx_word' id='word_1_503' title='bbox 2254 298 2310 322; x_wconf 76' lang='grc' dir='ltr'>κιο</span> 
     </span>
     <span class='ocr_line' id='line_1_63' title="bbox 1257 336 2308 394; baseline 0 -12"><span class='ocrx_word' id='word_1_504' title='bbox 1257 346 1401 383; x_wconf 87' lang='grc' dir='ltr'>νοῦντα·</span> <span class='ocrx_word' id='word_1_505' title='bbox 1418 344 1532 381; x_wconf 85' lang='grc' dir='ltr'>ταῦτα</span> <span class='ocrx_word' id='word_1_506' title='bbox 1550 342 1585 381; x_wconf 85' lang='grc' dir='ltr'>δὲ</span> <span class='ocrx_word' id='word_1_507' title='bbox 1602 336 1646 390; x_wconf 74' lang='grc' dir='ltr'>ἧν</span> <span class='ocrx_word' id='word_1_508' title='bbox 1667 342 1690 381; x_wconf 81' lang='grc' dir='ltr'>ἃ</span> <span class='ocrx_word' id='word_1_509' title='bbox 1713 342 1763 394; x_wconf 88' lang='grc' dir='ltr'>μή</span> <span class='ocrx_word' id='word_1_510' title='bbox 1782 357 1851 382; x_wconf 91' lang='grc' dir='ltr'>τινι</span> <span class='ocrx_word' id='word_1_511' title='bbox 1867 341 1989 391; x_wconf 78' lang='grc' dir='ltr'>ἐκίνὲι,</span> <span class='ocrx_word' id='word_1_512' title='bbox 2014 341 2094 382; x_wconf 81' lang='grc' dir='ltr'>ἀλλ’</span> <span class='ocrx_word' id='word_1_513' title='bbox 2114 342 2180 382; x_wconf 83' lang='grc' dir='ltr'>ὅλα</span> <span class='ocrx_word' id='word_1_514' title='bbox 2197 343 2308 388; x_wconf 80' lang='grc' dir='ltr'>ὅλοις·</span> 
     </span>
     <span class='ocr_line' id='line_1_64' title="bbox 1255 396 2310 457; baseline 0 -15"><span class='ocrx_word' id='word_1_515' title='bbox 1255 404 1295 442; x_wconf 84' lang='grc' dir='ltr'>οὔ</span> <span class='ocrx_word' id='word_1_516' title='bbox 1326 401 1397 457; x_wconf 77' lang='grc' dir='ltr'>γὰρ</span> <span class='ocrx_word' id='word_1_517' title='bbox 1426 402 1608 455; x_wconf 83' lang='grc' dir='ltr'>ἐνδέχεται</span> <span class='ocrx_word' id='word_1_518' title='bbox 1641 401 1706 451; x_wconf 79' lang='grc' dir='ltr'>τὴν</span> <span class='ocrx_word' id='word_1_519' title='bbox 1739 402 1983 456; x_wconf 73' lang='grc' dir='ltr'>ἀντ-αναίρεσιν</span> <span class='ocrx_word' id='word_1_520' title='bbox 2023 402 2165 456; x_wconf 77' lang='grc' dir='ltr'>ἄπειρον</span> <span class='ocrx_word' id='word_1_521' title='bbox 2201 396 2310 442; x_wconf 72' lang='grc' dir='ltr'>εἶναι·</span> 
     </span>
     <span class='ocr_line' id='line_1_65' title="bbox 1255 462 2310 517; baseline 0.001 -15"><span class='ocrx_word' id='word_1_522' title='bbox 1255 465 1295 504; x_wconf 84' lang='grc' dir='ltr'>οὗ</span> <span class='ocrx_word' id='word_1_523' title='bbox 1314 463 1383 517; x_wconf 86' lang='grc' dir='ltr'>γὰρ</span> <span class='ocrx_word' id='word_1_524' title='bbox 1402 462 1444 503; x_wconf 78' lang='grc' dir='ltr'>ἂν</span> <span class='ocrx_word' id='word_1_525' title='bbox 1464 465 1614 502; x_wconf 85' lang='grc' dir='ltr'>κινοῒντο</span> <span class='ocrx_word' id='word_1_526' title='bbox 1633 463 1724 515; x_wconf 85' lang='lat' dir='ltr'><strong>[leg.</strong></span> <span class='ocrx_word' id='word_1_527' title='bbox 1746 464 1891 516; x_wconf 80' lang='grc' dir='ltr'>κινοῖτο]</span> <span class='ocrx_word' id='word_1_528' title='bbox 1908 463 1958 513; x_wconf 89' lang='grc' dir='ltr'>μὴ</span> <span class='ocrx_word' id='word_1_529' title='bbox 1970 462 2068 508; x_wconf 88' lang='grc' dir='ltr'>ὅντος</span> <span class='ocrx_word' id='word_1_530' title='bbox 2083 463 2239 516; x_wconf 87' lang='grc' dir='ltr'>πρώτου,</span> <span class='ocrx_word' id='word_1_531' title='bbox 2255 463 2310 506; x_wconf 86' lang='grc' dir='ltr'>δέ·</span> 
     </span>
     <span class='ocr_line' id='line_1_66' title="bbox 1256 521 2303 566; baseline 0.003 -3"><span class='ocrx_word' id='word_1_532' title='bbox 1256 525 1392 564; x_wconf 88' lang='grc' dir='ltr'>δεικται</span> <span class='ocrx_word' id='word_1_533' title='bbox 1415 522 1451 563; x_wconf 83' lang='grc' dir='ltr'>δὲ</span> <span class='ocrx_word' id='word_1_534' title='bbox 1470 521 1523 562; x_wconf 90' lang='grc' dir='ltr'>ὅτι</span> <span class='ocrx_word' id='word_1_535' title='bbox 1541 522 1620 563; x_wconf 85' lang='grc' dir='ltr'>ὅλον</span> <span class='ocrx_word' id='word_1_536' title='bbox 1646 523 1716 562; x_wconf 81' lang='grc' dir='ltr'>ὑπὸ</span> <span class='ocrx_word' id='word_1_537' title='bbox 1735 522 1818 563; x_wconf 87' lang='grc' dir='ltr'>ὅλου</span> <span class='ocrx_word' id='word_1_538' title='bbox 1848 523 2019 564; x_wconf 81' lang='grc' dir='ltr'>ἀδύνατον</span> <span class='ocrx_word' id='word_1_539' title='bbox 2038 524 2210 564; x_wconf 83' lang='grc' dir='ltr'>κινεῖσθαι</span> <span class='ocrx_word' id='word_1_540' title='bbox 2228 527 2303 566; x_wconf 76' lang='grc' dir='ltr'>ἑαυ-</span> 
     </span>
     <span class='ocr_line' id='line_1_67' title="bbox 1254 583 2310 638; baseline 0.002 -14"><span class='ocrx_word' id='word_1_541' title='bbox 1254 588 1333 634; x_wconf 87' lang='grc' dir='ltr'>τοῦ,</span> <span class='ocrx_word' id='word_1_542' title='bbox 1355 583 1448 626; x_wconf 81' lang='grc' dir='ltr'>ὥστε</span> <span class='ocrx_word' id='word_1_543' title='bbox 1475 584 1612 637; x_wconf 80' lang='grc' dir='ltr'>ἀνάγκη</span> <span class='ocrx_word' id='word_1_544' title='bbox 1634 583 1674 623; x_wconf 84' lang='grc' dir='ltr'>τὸ</span> <span class='ocrx_word' id='word_1_545' title='bbox 1695 584 1844 638; x_wconf 87' lang='grc' dir='ltr'>πρώτως</span> <span class='ocrx_word' id='word_1_546' title='bbox 1861 589 1975 624; x_wconf 89' lang='grc' dir='ltr'>κινοῦν</span> <span class='ocrx_word' id='word_1_547' title='bbox 1999 585 2162 634; x_wconf 82' lang='grc' dir='ltr'>ἀκίνητον</span> <span class='ocrx_word' id='word_1_548' title='bbox 2191 584 2229 626; x_wconf 78' lang='grc' dir='ltr'>ὂν</span> <span class='ocrx_word' id='word_1_549' title='bbox 2248 602 2310 626; x_wconf 81' lang='grc' dir='ltr'>κι-</span> 
     </span>
     <span class='ocr_line' id='line_1_68' title="bbox 1252 637 2308 700; baseline 0.001 -16"><span class='ocrx_word' id='word_1_550' title='bbox 1252 650 1338 685; x_wconf 85' lang='grc' dir='ltr'>νεῖν.</span> <span class='ocrx_word' id='word_1_551' title='bbox 1362 664 1377 681; x_wconf 73' lang='lat' dir='ltr'>u</span> <span class='ocrx_word' id='word_1_552' title='bbox 1395 645 1503 686; x_wconf 75' lang='grc' dir='ltr'>Οὕτω</span> <span class='ocrx_word' id='word_1_553' title='bbox 1527 645 1590 696; x_wconf 85' lang='grc' dir='ltr'>μὲν</span> <span class='ocrx_word' id='word_1_554' title='bbox 1606 637 1663 684; x_wconf 71' lang='grc' dir='ltr'>οῦν</span> <span class='ocrx_word' id='word_1_555' title='bbox 1684 647 1703 684; x_wconf 80' lang='grc' dir='ltr'><strong>ὁ</strong></span> <span class='ocrx_word' id='word_1_556' title='bbox 1717 644 1880 696; x_wconf 79' lang='grc' dir='ltr'>Εὔδημος</span> <span class='ocrx_word' id='word_1_557' title='bbox 1900 646 2040 699; x_wconf 85' lang='grc' dir='ltr'>διαιρεῖ.</span> <span class='ocrx_word' id='word_1_558' title='bbox 2100 645 2146 686; x_wconf 90' lang='grc' dir='ltr'>Ὁ</span> <span class='ocrx_word' id='word_1_559' title='bbox 2162 647 2193 685; x_wconf 87' lang='grc' dir='ltr'>δ’</span> <span class='ocrx_word' id='word_1_560' title='bbox 2212 646 2308 700; x_wconf 82' lang='grc' dir='ltr'>Ἀρι-</span> 
     </span>
     <span class='ocr_line' id='line_1_69' title="bbox 1255 704 2307 759; baseline 0.002 -15"><span class='ocrx_word' id='word_1_561' title='bbox 1255 705 1423 754; x_wconf 82' lang='grc' dir='ltr'>στοτέλης</span> <span class='ocrx_word' id='word_1_562' title='bbox 1457 707 1597 759; x_wconf 81' lang='grc' dir='ltr'>πρῶτον</span> <span class='ocrx_word' id='word_1_563' title='bbox 1629 705 1766 759; x_wconf 84' lang='grc' dir='ltr'>ἀναιρεῖ</span> <span class='ocrx_word' id='word_1_564' title='bbox 1796 704 1836 744; x_wconf 79' lang='grc' dir='ltr'>τὸ</span> <span class='ocrx_word' id='word_1_565' title='bbox 1868 704 1987 759; x_wconf 83' lang='grc' dir='ltr'>μόριον</span> <span class='ocrx_word' id='word_1_566' title='bbox 2023 705 2086 757; x_wconf 82' lang='grc' dir='ltr'>μέν</span> <span class='ocrx_word' id='word_1_567' title='bbox 2118 723 2153 745; x_wconf 89' lang='grc' dir='ltr'>τι</span> <span class='ocrx_word' id='word_1_568' title='bbox 2188 712 2307 756; x_wconf 89' lang='grc' dir='ltr'>κινεῖν,</span> 
     </span>
     <span class='ocr_line' id='line_1_70' title="bbox 1255 764 2308 819; baseline -0.001 -14"><span class='ocrx_word' id='word_1_569' title='bbox 1255 766 1377 819; x_wconf 85' lang='grc' dir='ltr'>μόριον</span> <span class='ocrx_word' id='word_1_570' title='bbox 1399 765 1436 805; x_wconf 84' lang='grc' dir='ltr'>δέ</span> <span class='ocrx_word' id='word_1_571' title='bbox 1459 781 1492 804; x_wconf 86' lang='grc' dir='ltr'>τι</span> <span class='ocrx_word' id='word_1_572' title='bbox 1513 767 1684 804; x_wconf 81' lang='grc' dir='ltr'>κινεῖσθαι</span> <span class='ocrx_word' id='word_1_573' title='bbox 1710 764 1821 810; x_wconf 79' lang='grc' dir='ltr'>οὕτως</span> <span class='ocrx_word' id='word_1_574' title='bbox 1848 765 1940 804; x_wconf 84' lang='grc' dir='ltr'>ὥστε</span> <span class='ocrx_word' id='word_1_575' title='bbox 1961 766 2022 805; x_wconf 83' lang='grc' dir='ltr'>καὶ</span> <span class='ocrx_word' id='word_1_576' title='bbox 2041 766 2081 805; x_wconf 83' lang='grc' dir='ltr'>τὸ</span> <span class='ocrx_word' id='word_1_577' title='bbox 2107 766 2308 815; x_wconf 83' lang='grc' dir='ltr'>κινούμενον</span> 
     </span>
     <span class='ocr_line' id='line_1_71' title="bbox 1254 824 2307 866; baseline 0.003 -3"><span class='ocrx_word' id='word_1_578' title='bbox 1254 830 1363 864; x_wconf 83' lang='grc' dir='ltr'>κινεῖν</span> <span class='ocrx_word' id='word_1_579' title='bbox 1384 825 1493 864; x_wconf 87' lang='grc' dir='ltr'>πάλιν</span> <span class='ocrx_word' id='word_1_580' title='bbox 1516 824 1603 864; x_wconf 80' lang='grc' dir='ltr'>αὐτὸ</span> <span class='ocrx_word' id='word_1_581' title='bbox 1622 824 1683 863; x_wconf 81' lang='grc' dir='ltr'>καὶ</span> <span class='ocrx_word' id='word_1_582' title='bbox 1704 824 1744 863; x_wconf 82' lang='grc' dir='ltr'>τὸ</span> <span class='ocrx_word' id='word_1_583' title='bbox 1760 829 1876 864; x_wconf 89' lang='grc' dir='ltr'>κινοῦν</span> <span class='ocrx_word' id='word_1_584' title='bbox 1897 826 2070 865; x_wconf 78' lang='grc' dir='ltr'>κινεῖσθαι</span> <span class='ocrx_word' id='word_1_585' title='bbox 2090 825 2158 865; x_wconf 79' lang='grc' dir='ltr'>ὑπὸ</span> <span class='ocrx_word' id='word_1_586' title='bbox 2177 829 2238 866; x_wconf 88' lang='grc' dir='ltr'>τοῦ</span> <span class='ocrx_word' id='word_1_587' title='bbox 2255 842 2307 866; x_wconf 80' lang='grc' dir='ltr'>κι-</span> 
     </span>
     <span class='ocr_line' id='line_1_72' title="bbox 1252 884 2304 938; baseline 0.001 -15"><span class='ocrx_word' id='word_1_588' title='bbox 1252 884 1422 935; x_wconf 84' lang='grc' dir='ltr'>νουμένου</span> <span class='ocrx_word' id='word_1_589' title='bbox 1453 885 1513 923; x_wconf 77' lang='grc' dir='ltr'>ὑπ’</span> <span class='ocrx_word' id='word_1_590' title='bbox 1545 885 1670 923; x_wconf 60' lang='grc' dir='ltr'>αὐτοῦι</span> <span class='ocrx_word' id='word_1_591' title='bbox 1695 884 1882 934; x_wconf 75' lang='grc' dir='ltr'>συμδαίνει</span> <span class='ocrx_word' id='word_1_592' title='bbox 1904 885 1972 938; x_wconf 88' lang='grc' dir='ltr'>γὰρ</span> <span class='ocrx_word' id='word_1_593' title='bbox 2000 885 2109 930; x_wconf 80' lang='grc' dir='ltr'>οὕτως</span> <span class='ocrx_word' id='word_1_594' title='bbox 2139 886 2304 937; x_wconf 80' lang='grc' dir='ltr'>ἑκάτερον</span> 
     </span>
     <span class='ocr_line' id='line_1_73' title="bbox 1252 942 2308 996; baseline 0.005 -15"><span class='ocrx_word' id='word_1_595' title='bbox 1252 944 1310 996; x_wconf 78' lang='grc' dir='ltr'>ὑφ’</span> <span class='ocrx_word' id='word_1_596' title='bbox 1332 942 1501 996; x_wconf 80' lang='grc' dir='ltr'>ἑκατέρου</span> <span class='ocrx_word' id='word_1_597' title='bbox 1525 947 1709 992; x_wconf 89' lang='grc' dir='ltr'>κινεῖσθαι,</span> <span class='ocrx_word' id='word_1_598' title='bbox 1724 943 1793 983; x_wconf 75' lang='grc' dir='ltr'>ὑπό</span> <span class='ocrx_word' id='word_1_599' title='bbox 1810 961 1848 984; x_wconf 87' lang='grc' dir='ltr'>τε</span> <span class='ocrx_word' id='word_1_600' title='bbox 1867 949 1927 984; x_wconf 90' lang='grc' dir='ltr'>τοῦ</span> <span class='ocrx_word' id='word_1_601' title='bbox 1948 947 2151 996; x_wconf 86' lang='grc' dir='ltr'>κινουμένου</span> <span class='ocrx_word' id='word_1_602' title='bbox 2169 949 2226 986; x_wconf 82' lang='grc' dir='ltr'>ὑπ’</span> <span class='ocrx_word' id='word_1_603' title='bbox 2243 949 2308 986; x_wconf 77' lang='grc' dir='ltr'>αὗ-</span> 
     </span>
     <span class='ocr_line' id='line_1_74' title="bbox 1252 1002 2305 1056; baseline 0.004 -14"><span class='ocrx_word' id='word_1_604' title='bbox 1252 1008 1313 1043; x_wconf 90' lang='grc' dir='ltr'>τοῦ</span> <span class='ocrx_word' id='word_1_605' title='bbox 1335 1002 1394 1043; x_wconf 77' lang='grc' dir='ltr'>καὶ</span> <span class='ocrx_word' id='word_1_606' title='bbox 1415 1004 1474 1055; x_wconf 81' lang='grc' dir='ltr'>ὑφ’</span> <span class='ocrx_word' id='word_1_607' title='bbox 1498 1005 1639 1044; x_wconf 82' lang='grc' dir='ltr'>ἑαυτοῦ.</span> <span class='ocrx_word' id='word_1_608' title='bbox 1699 1005 1743 1043; x_wconf 79' lang='grc' dir='ltr'>Εἰ</span> <span class='ocrx_word' id='word_1_609' title='bbox 1765 1004 1833 1056; x_wconf 85' lang='grc' dir='ltr'>γὰρ</span> <span class='ocrx_word' id='word_1_610' title='bbox 1851 1005 1890 1043; x_wconf 81' lang='grc' dir='ltr'>τὸ</span> <span class='ocrx_word' id='word_1_611' title='bbox 1912 1007 1944 1044; x_wconf 89' lang='grc' dir='ltr'><strong>Α</strong></span> <span class='ocrx_word' id='word_1_612' title='bbox 1968 1013 2058 1045; x_wconf 90' lang='grc' dir='ltr'>κινεῖ</span> <span class='ocrx_word' id='word_1_613' title='bbox 2084 1006 2123 1045; x_wconf 86' lang='grc' dir='ltr'>τὸ</span> <span class='ocrx_word' id='word_1_614' title='bbox 2148 1009 2189 1056; x_wconf 85' lang='grc' dir='ltr'>Β,</span> <span class='ocrx_word' id='word_1_615' title='bbox 2209 1010 2248 1046; x_wconf 90' lang='grc' dir='ltr'>τὸ</span> <span class='ocrx_word' id='word_1_616' title='bbox 2270 1007 2305 1046; x_wconf 79' lang='grc' dir='ltr'>δὲ</span> 
     </span>
     <span class='ocr_line' id='line_1_75' title="bbox 1255 1062 2308 1117; baseline 0.005 -16"><span class='ocrx_word' id='word_1_617' title='bbox 1255 1062 1286 1101; x_wconf 89' lang='grc' dir='ltr'><strong>Β</strong></span> <span class='ocrx_word' id='word_1_618' title='bbox 1308 1065 1399 1102; x_wconf 87' lang='grc' dir='ltr'>κινεῖ</span> <span class='ocrx_word' id='word_1_619' title='bbox 1417 1062 1456 1102; x_wconf 84' lang='grc' dir='ltr'>τὸ</span> <span class='ocrx_word' id='word_1_620' title='bbox 1480 1066 1529 1115; x_wconf 85' lang='grc' dir='ltr'>Α,</span> <span class='ocrx_word' id='word_1_621' title='bbox 1549 1063 1611 1102; x_wconf 75' lang='grc' dir='ltr'>καὶ</span> <span class='ocrx_word' id='word_1_622' title='bbox 1634 1064 1692 1117; x_wconf 77' lang='grc' dir='ltr'>ὑφ’</span> <span class='ocrx_word' id='word_1_623' title='bbox 1716 1065 1843 1103; x_wconf 81' lang='grc' dir='ltr'>ἑαυτοῦ</span> <span class='ocrx_word' id='word_1_624' title='bbox 1863 1064 1932 1116; x_wconf 85' lang='grc' dir='ltr'>ἄρα</span> <span class='ocrx_word' id='word_1_625' title='bbox 1952 1066 2101 1104; x_wconf 83' lang='grc' dir='ltr'>κινεῖται</span> <span class='ocrx_word' id='word_1_626' title='bbox 2120 1068 2159 1105; x_wconf 84' lang='grc' dir='ltr'>τὸ</span> <span class='ocrx_word' id='word_1_627' title='bbox 2183 1068 2229 1109; x_wconf 85' lang='grc' dir='ltr'>Α.</span> <span class='ocrx_word' id='word_1_628' title='bbox 2251 1069 2308 1106; x_wconf 62' lang='grc' dir='ltr'>κη)</span> 
     </span>
     <span class='ocr_line' id='line_1_76' title="bbox 1255 1122 2312 1179; baseline 0.005 -17"><span class='ocrx_word' id='word_1_629' title='bbox 1255 1124 1392 1175; x_wconf 86' lang='grc' dir='ltr'>μᾶλλον</span> <span class='ocrx_word' id='word_1_630' title='bbox 1413 1122 1436 1170; x_wconf 83' lang='grc' dir='ltr'>ἢ</span> <span class='ocrx_word' id='word_1_631' title='bbox 1463 1122 1531 1162; x_wconf 78' lang='grc' dir='ltr'>ὑπὸ</span> <span class='ocrx_word' id='word_1_632' title='bbox 1552 1126 1614 1162; x_wconf 90' lang='grc' dir='ltr'>τοῦ</span> <span class='ocrx_word' id='word_1_633' title='bbox 1639 1125 1683 1163; x_wconf 90' lang='grc' dir='ltr'>Β.</span> <span class='ocrx_word' id='word_1_634' title='bbox 1741 1125 1890 1162; x_wconf 86' lang='grc' dir='ltr'>Μᾶλλον</span> <span class='ocrx_word' id='word_1_635' title='bbox 1913 1123 1980 1176; x_wconf 86' lang='grc' dir='ltr'>γὰρ</span> <span class='ocrx_word' id='word_1_636' title='bbox 2002 1125 2070 1163; x_wconf 82' lang='grc' dir='ltr'>ὑπὸ</span> <span class='ocrx_word' id='word_1_637' title='bbox 2089 1129 2150 1164; x_wconf 88' lang='grc' dir='ltr'>τοῦ</span> <span class='ocrx_word' id='word_1_638' title='bbox 2170 1126 2312 1179; x_wconf 88' lang='grc' dir='ltr'>πρώτου</span> 
     </span>
     <span class='ocr_line' id='line_1_77' title="bbox 1253 1182 2312 1239; baseline 0.001 -16"><span class='ocrx_word' id='word_1_639' title='bbox 1253 1188 1429 1228; x_wconf 87' lang='grc' dir='ltr'>κινοῦντος</span> <span class='ocrx_word' id='word_1_640' title='bbox 1449 1183 1599 1223; x_wconf 81' lang='grc' dir='ltr'>κινεῖται</span> <span class='ocrx_word' id='word_1_641' title='bbox 1621 1183 1661 1223; x_wconf 87' lang='grc' dir='ltr'>τὸ</span> <span class='ocrx_word' id='word_1_642' title='bbox 1681 1182 1885 1234; x_wconf 80' lang='grc' dir='ltr'>κινούμενον</span> <span class='ocrx_word' id='word_1_643' title='bbox 1902 1183 1925 1231; x_wconf 84' lang='grc' dir='ltr'>ἢ</span> <span class='ocrx_word' id='word_1_644' title='bbox 1942 1183 2009 1224; x_wconf 78' lang='grc' dir='ltr'>ὑπὸ</span> <span class='ocrx_word' id='word_1_645' title='bbox 2025 1188 2086 1223; x_wconf 88' lang='grc' dir='ltr'>τοῦ</span> <span class='ocrx_word' id='word_1_646' title='bbox 2101 1190 2312 1239; x_wconf 84' lang='grc' dir='ltr'>προσεχοῦς,</span> 
     </span>
     <span class='ocr_line' id='line_1_78' title="bbox 1254 1243 2312 1298; baseline 0.002 -15"><span class='ocrx_word' id='word_1_647' title='bbox 1254 1246 1303 1290; x_wconf 84' lang='grc' dir='ltr'>ὡς</span> <span class='ocrx_word' id='word_1_648' title='bbox 1324 1243 1498 1284; x_wconf 85' lang='grc' dir='ltr'>δέδεικται</span> <span class='ocrx_word' id='word_1_649' title='bbox 1517 1244 1703 1296; x_wconf 85' lang='grc' dir='ltr'>πρότερον.</span> <span class='ocrx_word' id='word_1_650' title='bbox 1760 1245 1937 1297; x_wconf 83' lang='lat' dir='ltr'><strong>Exponit</strong></span> <span class='ocrx_word' id='word_1_651' title='bbox 1955 1246 2187 1284; x_wconf 79' lang='lat' dir='ltr'><strong>Aristoteles</strong></span> <span class='ocrx_word' id='word_1_652' title='bbox 2207 1247 2312 1298; x_wconf 83' lang='lat' dir='ltr'><strong>quod</strong></span> 
     </span>
     <span class='ocr_line' id='line_1_79' title="bbox 1253 1303 2311 1358; baseline 0.003 -15"><span class='ocrx_word' id='word_1_653' title='bbox 1253 1317 1324 1358; x_wconf 90' lang='lat' dir='ltr'>per</span> <span class='ocrx_word' id='word_1_654' title='bbox 1343 1317 1385 1345; x_wconf 88' lang='lat' dir='ltr'>se</span> <span class='ocrx_word' id='word_1_655' title='bbox 1409 1314 1613 1344; x_wconf 85' lang='lat' dir='ltr'><strong>moveatur</strong></span> <span class='ocrx_word' id='word_1_656' title='bbox 1637 1303 1700 1357; x_wconf 84' lang='grc' dir='ltr'>(τὸ</span> <span class='ocrx_word' id='word_1_657' title='bbox 1722 1304 1973 1356; x_wconf 81' lang='grc' dir='ltr'>αὐτοκίνητον)</span> <span class='ocrx_word' id='word_1_658' title='bbox 1994 1319 2016 1344; x_wconf 93' lang='lat' dir='ltr'>e</span> <span class='ocrx_word' id='word_1_659' title='bbox 2038 1306 2194 1346; x_wconf 91' lang='lat' dir='ltr'><strong>duobus</strong></span> <span class='ocrx_word' id='word_1_660' title='bbox 2214 1321 2311 1346; x_wconf 87' lang='lat' dir='ltr'><strong>con-</strong></span> 
     </span>
     <span class='ocr_line' id='line_1_80' title="bbox 1254 1364 2308 1416; baseline -0.001 -13"><span class='ocrx_word' id='word_1_661' title='bbox 1254 1373 1358 1404; x_wconf 87' lang='lat' dir='ltr'><strong>stare</strong></span> <span class='ocrx_word' id='word_1_662' title='bbox 1373 1364 1574 1413; x_wconf 84' lang='lat' dir='ltr'><strong>membris,</strong></span> <span class='ocrx_word' id='word_1_663' title='bbox 1590 1377 1760 1416; x_wconf 86' lang='lat' dir='ltr'><strong>quorum</strong></span> <span class='ocrx_word' id='word_1_664' title='bbox 1779 1367 1945 1404; x_wconf 88' lang='lat' dir='ltr'><strong>alterum</strong></span> <span class='ocrx_word' id='word_1_665' title='bbox 1961 1375 2131 1413; x_wconf 88' lang='lat' dir='ltr'><strong>moveat,</strong></span> <span class='ocrx_word' id='word_1_666' title='bbox 2148 1367 2308 1406; x_wconf 81' lang='lat' dir='ltr'><strong>alterum</strong></span> 
     </span>
     <span class='ocr_line' id='line_1_81' title="bbox 1253 1424 2310 1478; baseline 0.002 -14"><span class='ocrx_word' id='word_1_667' title='bbox 1253 1433 1472 1468; x_wconf 85' lang='lat' dir='ltr'><strong>moveatur.</strong></span> <span class='ocrx_word' id='word_1_668' title='bbox 1531 1424 1726 1471; x_wconf 79' lang='lat' dir='ltr'><strong>Quocirca</strong></span> <span class='ocrx_word' id='word_1_669' title='bbox 1751 1424 1838 1463; x_wconf 84' lang='lat' dir='ltr'><strong>fieri</strong></span> <span class='ocrx_word' id='word_1_670' title='bbox 1863 1433 2007 1478; x_wconf 86' lang='lat' dir='ltr'><strong>potest,</strong></span> <span class='ocrx_word' id='word_1_671' title='bbox 2028 1434 2072 1464; x_wconf 91' lang='lat' dir='ltr'>ut</span> <span class='ocrx_word' id='word_1_672' title='bbox 2101 1436 2166 1465; x_wconf 89' lang='lat' dir='ltr'>aut</span> <span class='ocrx_word' id='word_1_673' title='bbox 2187 1436 2310 1466; x_wconf 84' lang='lat' dir='ltr'><strong>totum</strong></span> 
     </span>
     <span class='ocr_line' id='line_1_82' title="bbox 1257 1483 2314 1538; baseline 0.003 -14"><span class='ocrx_word' id='word_1_674' title='bbox 1257 1485 1317 1537; x_wconf 85' lang='grc' dir='ltr'>(τὸ</span> <span class='ocrx_word' id='word_1_675' title='bbox 1340 1483 1440 1537; x_wconf 84' lang='grc' dir='ltr'>ὅλον)</span> <span class='ocrx_word' id='word_1_676' title='bbox 1465 1493 1620 1523; x_wconf 86' lang='lat' dir='ltr'><strong>moveat</strong></span> <span class='ocrx_word' id='word_1_677' title='bbox 1639 1493 1678 1522; x_wconf 88' lang='lat' dir='ltr'>et</span> <span class='ocrx_word' id='word_1_678' title='bbox 1706 1497 1798 1536; x_wconf 87' lang='lat' dir='ltr'><strong>pars</strong></span> <span class='ocrx_word' id='word_1_679' title='bbox 1823 1484 1968 1537; x_wconf 81' lang='grc' dir='ltr'>(μέρος)</span> <span class='ocrx_word' id='word_1_680' title='bbox 1998 1495 2221 1538; x_wconf 88' lang='lat' dir='ltr'><strong>moveatur,</strong></span> <span class='ocrx_word' id='word_1_681' title='bbox 2247 1497 2314 1527; x_wconf 81' lang='lat' dir='ltr'>aut</span> 
     </span>
     <span class='ocr_line' id='line_1_83' title="bbox 1254 1551 2311 1598; baseline 0.002 -15"><span class='ocrx_word' id='word_1_682' title='bbox 1254 1558 1344 1598; x_wconf 85' lang='lat' dir='ltr'><strong>pars</strong></span> <span class='ocrx_word' id='word_1_683' title='bbox 1357 1552 1516 1583; x_wconf 86' lang='lat' dir='ltr'><strong>moveat</strong></span> <span class='ocrx_word' id='word_1_684' title='bbox 1531 1551 1570 1582; x_wconf 89' lang='lat' dir='ltr'>et</span> <span class='ocrx_word' id='word_1_685' title='bbox 1589 1551 1715 1582; x_wconf 88' lang='lat' dir='ltr'><strong>totum</strong></span> <span class='ocrx_word' id='word_1_686' title='bbox 1737 1553 1955 1593; x_wconf 89' lang='lat' dir='ltr'><strong>moveatur,</strong></span> <span class='ocrx_word' id='word_1_687' title='bbox 1971 1553 2037 1583; x_wconf 89' lang='lat' dir='ltr'>aut</span> <span class='ocrx_word' id='word_1_688' title='bbox 2053 1558 2143 1596; x_wconf 88' lang='lat' dir='ltr'><strong>pars</strong></span> <span class='ocrx_word' id='word_1_689' title='bbox 2157 1555 2311 1585; x_wconf 88' lang='lat' dir='ltr'><strong>moveat</strong></span> 
     </span>
     <span class='ocr_line' id='line_1_84' title="bbox 1253 1603 2312 1657; baseline 0 -13"><span class='ocrx_word' id='word_1_690' title='bbox 1253 1614 1292 1643; x_wconf 83' lang='lat' dir='ltr'>et</span> <span class='ocrx_word' id='word_1_691' title='bbox 1321 1617 1413 1657; x_wconf 85' lang='lat' dir='ltr'><strong>pars</strong></span> <span class='ocrx_word' id='word_1_692' title='bbox 1443 1611 1662 1642; x_wconf 84' lang='lat' dir='ltr'><strong>moveatur.</strong></span> <span class='ocrx_word' id='word_1_693' title='bbox 1721 1603 1959 1643; x_wconf 88' lang='lat' dir='ltr'><strong>Excluditur</strong></span> <span class='ocrx_word' id='word_1_694' title='bbox 1988 1613 2181 1655; x_wconf 86' lang='lat' dir='ltr'><strong>quartum.</strong></span> <span class='ocrx_word' id='word_1_695' title='bbox 2217 1606 2312 1651; x_wconf 85' lang='lat' dir='ltr'><strong>Quis</strong></span> 
     </span>
     <span class='ocr_line' id='line_1_85' title="bbox 1253 1663 2312 1715; baseline 0.002 -12"><span class='ocrx_word' id='word_1_696' title='bbox 1253 1665 1363 1703; x_wconf 57' lang='lat' dir='ltr'><strong>enim*</strong></span> <span class='ocrx_word' id='word_1_697' title='bbox 1387 1673 1513 1703; x_wconf 91' lang='lat' dir='ltr'><strong>totum</strong></span> <span class='ocrx_word' id='word_1_698' title='bbox 1543 1663 1662 1702; x_wconf 88' lang='lat' dir='ltr'><strong>simul</strong></span> <span class='ocrx_word' id='word_1_699' title='bbox 1696 1677 1859 1702; x_wconf 86' lang='lat' dir='ltr'><strong>movere</strong></span> <span class='ocrx_word' id='word_1_700' title='bbox 1894 1673 1933 1703; x_wconf 84' lang='lat' dir='ltr'>et</span> <span class='ocrx_word' id='word_1_701' title='bbox 1968 1665 2118 1704; x_wconf 88' lang='lat' dir='ltr'><strong>moveri</strong></span> <span class='ocrx_word' id='word_1_702' title='bbox 2155 1666 2312 1715; x_wconf 85' lang='lat' dir='ltr'><strong>dixerit,</strong></span> 
     </span>
     <span class='ocr_line' id='line_1_86' title="bbox 1254 1722 2312 1776; baseline 0.002 -14"><span class='ocrx_word' id='word_1_703' title='bbox 1254 1724 1360 1776; x_wconf 92' lang='lat' dir='ltr'><strong>quod</strong></span> <span class='ocrx_word' id='word_1_704' title='bbox 1396 1722 1612 1762; x_wconf 87' lang='lat' dir='ltr'><strong>absurdum</strong></span> <span class='ocrx_word' id='word_1_705' title='bbox 1632 1723 1715 1762; x_wconf 80' lang='lat' dir='ltr'><strong>est?</strong></span> <span class='ocrx_word' id='word_1_706' title='bbox 1735 1722 1870 1775; x_wconf 85' lang='lat' dir='ltr'><strong>Neque</strong></span> <span class='ocrx_word' id='word_1_707' title='bbox 1900 1725 2036 1776; x_wconf 84' lang='lat' dir='ltr'><strong>priora</strong></span> <span class='ocrx_word' id='word_1_708' title='bbox 2064 1724 2143 1763; x_wconf 90' lang='lat' dir='ltr'><strong>duo</strong></span> <span class='ocrx_word' id='word_1_709' title='bbox 2167 1726 2312 1774; x_wconf 79' lang='lat' dir='ltr'><strong>admit·</strong></span> 
     </span>
     <span class='ocr_line' id='line_1_87' title="bbox 1253 1782 2313 1837; baseline 0.002 -14"><span class='ocrx_word' id='word_1_710' title='bbox 1253 1792 1311 1823; x_wconf 88' lang='lat' dir='ltr'><strong>tas</strong></span> <span class='ocrx_word' id='word_1_711' title='bbox 1328 1799 1338 1832; x_wconf 81' lang='lat'><em>3</em></span> <span class='ocrx_word' id='word_1_712' title='bbox 1358 1784 1517 1822; x_wconf 89' lang='lat' dir='ltr'><strong>tertium</strong></span> <span class='ocrx_word' id='word_1_713' title='bbox 1533 1782 1654 1834; x_wconf 85' lang='lat' dir='ltr'><strong>igitur</strong></span> <span class='ocrx_word' id='word_1_714' title='bbox 1671 1783 1934 1835; x_wconf 85' lang='lat' dir='ltr'><strong>probandum.</strong></span> <span class='ocrx_word' id='word_1_715' title='bbox 1995 1785 2051 1823; x_wconf 79' lang='lat' dir='ltr'>Eo</span> <span class='ocrx_word' id='word_1_716' title='bbox 2069 1794 2216 1837; x_wconf 83' lang='lat' dir='ltr'><strong>spectat</strong></span> <span class='ocrx_word' id='word_1_717' title='bbox 2238 1786 2313 1825; x_wconf 86' lang='lat' dir='ltr'><strong>Eu-</strong></span> 
     </span>
     <span class='ocr_line' id='line_1_88' title="bbox 1253 1842 2313 1896; baseline 0.003 -14"><span class='ocrx_word' id='word_1_718' title='bbox 1253 1843 1358 1883; x_wconf 88' lang='lat' dir='ltr'><strong>demi</strong></span> <span class='ocrx_word' id='word_1_719' title='bbox 1397 1844 1672 1893; x_wconf 79' lang='lat' dir='ltr'><strong>fragmentum.</strong></span> <span class='ocrx_word' id='word_1_720' title='bbox 1729 1842 1859 1889; x_wconf 90' lang='lat' dir='ltr'><strong>Quum</strong></span> <span class='ocrx_word' id='word_1_721' title='bbox 1900 1843 2002 1882; x_wconf 87' lang='lat' dir='ltr'><strong>enim</strong></span> <span class='ocrx_word' id='word_1_722' title='bbox 2050 1844 2313 1896; x_wconf 86' lang='lat' dir='ltr'><strong>philosophus</strong></span> 
     </span>
     <span class='ocr_line' id='line_1_89' title="bbox 1252 1902 2312 1957; baseline 0.001 -15"><span class='ocrx_word' id='word_1_723' title='bbox 1252 1903 1532 1943; x_wconf 81' lang='lat' dir='ltr'><strong>membra·ista</strong></span> <span class='ocrx_word' id='word_1_724' title='bbox 1563 1916 1643 1941; x_wconf 88' lang='lat' dir='ltr'>non</span> <span class='ocrx_word' id='word_1_725' title='bbox 1671 1902 1838 1941; x_wconf 86' lang='lat' dir='ltr'><strong>invicem</strong></span> <span class='ocrx_word' id='word_1_726' title='bbox 1865 1916 1906 1942; x_wconf 89' lang='lat' dir='ltr'>se</span> <span class='ocrx_word' id='word_1_727' title='bbox 1935 1917 2095 1943; x_wconf 88' lang='lat' dir='ltr'><strong>movere</strong></span> <span class='ocrx_word' id='word_1_728' title='bbox 2126 1905 2312 1957; x_wconf 85' lang='grc' dir='ltr'>(ἑκάτερον</span> 
     </span>
     <span class='ocr_line' id='line_1_90' title="bbox 1254 1961 2314 2016; baseline 0 -14"><span class='ocrx_word' id='word_1_729' title='bbox 1254 1965 1313 2016; x_wconf 74' lang='grc' dir='ltr'>ὕφ’</span> <span class='ocrx_word' id='word_1_730' title='bbox 1340 1961 1508 2016; x_wconf 80' lang='grc' dir='ltr'>ἑκατέρου</span> <span class='ocrx_word' id='word_1_731' title='bbox 1541 1962 1735 2012; x_wconf 85' lang='grc' dir='ltr'>κινεῖσθαι)</span> <span class='ocrx_word' id='word_1_732' title='bbox 1761 1962 1944 2012; x_wconf 78' lang='lat' dir='ltr'><strong>affirmet,</strong></span> <span class='ocrx_word' id='word_1_733' title='bbox 1975 1964 2141 2002; x_wconf 86' lang='lat' dir='ltr'><strong>alterum</strong></span> <span class='ocrx_word' id='word_1_734' title='bbox 2174 1964 2314 2003; x_wconf 85' lang='lat' dir='ltr'><strong>immo-</strong></span> 
     </span>
     <span class='ocr_line' id='line_1_91' title="bbox 1251 2021 2312 2075; baseline -0.001 -13"><span class='ocrx_word' id='word_1_735' title='bbox 1251 2022 1334 2063; x_wconf 88' lang='lat' dir='ltr'><strong>bile</strong></span> <span class='ocrx_word' id='word_1_736' title='bbox 1357 2021 1566 2075; x_wconf 84' lang='grc' dir='ltr'>(ἀκίνητον)</span> <span class='ocrx_word' id='word_1_737' title='bbox 1590 2035 1684 2070; x_wconf 87' lang='lat' dir='ltr'><strong>esse,</strong></span> <span class='ocrx_word' id='word_1_738' title='bbox 1703 2021 1867 2060; x_wconf 81' lang='lat' dir='ltr'><strong>alterum</strong></span> <span class='ocrx_word' id='word_1_739' title='bbox 1884 2022 2038 2061; x_wconf 90' lang='lat' dir='ltr'><strong>moveri</strong></span> <span class='ocrx_word' id='word_1_740' title='bbox 2060 2022 2312 2075; x_wconf 85' lang='grc' dir='ltr'>(κινούμενον)</span> 
     </span>
     <span class='ocr_line' id='line_1_92' title="bbox 1252 2081 2312 2134; baseline 0 -12"><span class='ocrx_word' id='word_1_741' title='bbox 1252 2083 1436 2125; x_wconf 61' lang='lat' dir='ltr'><strong>effutitur.</strong></span> <span class='ocrx_word' id='word_1_742' title='bbox 1456 2081 1610 2120; x_wconf 85' lang='lat' dir='ltr'><strong>Etenim</strong></span> <span class='ocrx_word' id='word_1_743' title='bbox 1626 2081 1814 2133; x_wconf 87' lang='lat' dir='ltr'><strong>quoniam</strong></span> <span class='ocrx_word' id='word_1_744' title='bbox 1835 2090 1986 2120; x_wconf 83' lang='lat' dir='ltr'><strong>naturae</strong></span> <span class='ocrx_word' id='word_1_745' title='bbox 2004 2095 2075 2134; x_wconf 85' lang='lat' dir='ltr'>per</span> <span class='ocrx_word' id='word_1_746' title='bbox 2095 2096 2137 2121; x_wconf 90' lang='lat' dir='ltr'>se</span> <span class='ocrx_word' id='word_1_747' title='bbox 2157 2083 2312 2123; x_wconf 89' lang='lat' dir='ltr'><strong>mobilis</strong></span> 
     </span>
     <span class='ocr_line' id='line_1_93' title="bbox 1256 2139 2312 2194; baseline 0.001 -13"><span class='ocrx_word' id='word_1_748' title='bbox 1256 2143 1336 2194; x_wconf 87' lang='grc' dir='ltr'>(τοῦ</span> <span class='ocrx_word' id='word_1_749' title='bbox 1358 2139 1610 2194; x_wconf 79' lang='grc' dir='ltr'>αὐτοκινήτου)</span> <span class='ocrx_word' id='word_1_750' title='bbox 1632 2142 1798 2180; x_wconf 88' lang='lat' dir='ltr'><strong>alterum</strong></span> <span class='ocrx_word' id='word_1_751' title='bbox 1829 2140 2047 2180; x_wconf 83' lang='lat' dir='ltr'><strong>membrum</strong></span> <span class='ocrx_word' id='word_1_752' title='bbox 2070 2151 2129 2181; x_wconf 86' lang='lat' dir='ltr'>est</span> <span class='ocrx_word' id='word_1_753' title='bbox 2149 2156 2312 2182; x_wconf 78' lang='lat' dir='ltr'><strong>movens</strong></span> 
     </span>
     <span class='ocr_line' id='line_1_94' title="bbox 1257 2201 2311 2254; baseline -0.001 -13"><span class='ocrx_word' id='word_1_754' title='bbox 1257 2201 1318 2253; x_wconf 84' lang='grc' dir='ltr'>(τὸ</span> <span class='ocrx_word' id='word_1_755' title='bbox 1339 2201 1403 2253; x_wconf 82' lang='grc' dir='ltr'>μὲν</span> <span class='ocrx_word' id='word_1_756' title='bbox 1425 2202 1529 2254; x_wconf 84' lang='grc' dir='ltr'>μέρος</span> <span class='ocrx_word' id='word_1_757' title='bbox 1557 2202 1722 2251; x_wconf 82' lang='grc' dir='ltr'>κινοῦν),</span> <span class='ocrx_word' id='word_1_758' title='bbox 1754 2201 1916 2239; x_wconf 83' lang='lat' dir='ltr'><strong>alterum</strong></span> <span class='ocrx_word' id='word_1_759' title='bbox 1947 2210 2095 2240; x_wconf 84' lang='lat' dir='ltr'><strong>motum</strong></span> <span class='ocrx_word' id='word_1_760' title='bbox 2119 2201 2181 2252; x_wconf 85' lang='grc' dir='ltr'>(τὸ</span> <span class='ocrx_word' id='word_1_761' title='bbox 2202 2202 2236 2241; x_wconf 79' lang='grc' dir='ltr'>δὲ</span> <span class='ocrx_word' id='word_1_762' title='bbox 2256 2218 2311 2240; x_wconf 88' lang='grc' dir='ltr'>κι-</span> 
     </span>
     <span class='ocr_line' id='line_1_95' title="bbox 1253 2260 2310 2314; baseline 0.001 -14"><span class='ocrx_word' id='word_1_763' title='bbox 1253 2261 1445 2314; x_wconf 84' lang='grc' dir='ltr'>νούμενον)</span> <span class='ocrx_word' id='word_1_764' title='bbox 1469 2275 1478 2299; x_wconf 90' lang='lat'>:</span> <span class='ocrx_word' id='word_1_765' title='bbox 1512 2261 1626 2313; x_wconf 88' lang='lat' dir='ltr'><strong>prius</strong></span> <span class='ocrx_word' id='word_1_766' title='bbox 1655 2260 1755 2298; x_wconf 85' lang='lat' dir='ltr'><strong>illud</strong></span> <span class='ocrx_word' id='word_1_767' title='bbox 1791 2260 1851 2311; x_wconf 86' lang='grc' dir='ltr'>(τὸ</span> <span class='ocrx_word' id='word_1_768' title='bbox 1867 2264 1983 2299; x_wconf 87' lang='grc' dir='ltr'>κινοῦν</span> <span class='ocrx_word' id='word_1_769' title='bbox 2013 2260 2140 2314; x_wconf 89' lang='grc' dir='ltr'>μέρος)</span> <span class='ocrx_word' id='word_1_770' title='bbox 2163 2271 2310 2309; x_wconf 88' lang='lat' dir='ltr'><strong>movet,</strong></span> 
     </span>
     <span class='ocr_line' id='line_1_96' title="bbox 1254 2318 2310 2372; baseline -0.001 -12"><span class='ocrx_word' id='word_1_771' title='bbox 1254 2330 1320 2360; x_wconf 87' lang='lat' dir='ltr'>aut</span> <span class='ocrx_word' id='word_1_772' title='bbox 1351 2321 1510 2372; x_wconf 86' lang='lat' dir='ltr'><strong>quando</strong></span> <span class='ocrx_word' id='word_1_773' title='bbox 1534 2319 1700 2372; x_wconf 86' lang='lat' dir='ltr'><strong>quiescit</strong></span> <span class='ocrx_word' id='word_1_774' title='bbox 1723 2318 1912 2372; x_wconf 82' lang='grc' dir='ltr'>(ἀκίνητον</span> <span class='ocrx_word' id='word_1_775' title='bbox 1943 2319 2032 2371; x_wconf 86' lang='grc' dir='ltr'>ὅν),</span> <span class='ocrx_word' id='word_1_776' title='bbox 2054 2329 2121 2358; x_wconf 87' lang='lat' dir='ltr'>aut</span> <span class='ocrx_word' id='word_1_777' title='bbox 2153 2321 2310 2372; x_wconf 80' lang='lat' dir='ltr'><strong>quando</strong></span> 
     </span>
     <span class='ocr_line' id='line_1_97' title="bbox 1254 2378 2309 2431; baseline -0.001 -12"><span class='ocrx_word' id='word_1_778' title='bbox 1254 2389 1432 2420; x_wconf 78' lang='lat' dir='ltr'><strong>movetur</strong></span> <span class='ocrx_word' id='word_1_779' title='bbox 1466 2378 1730 2431; x_wconf 83' lang='grc' dir='ltr'>(κινούμενον).</span> <span class='ocrx_word' id='word_1_780' title='bbox 1788 2379 1829 2417; x_wconf 89' lang='lat' dir='ltr'>Si</span> <span class='ocrx_word' id='word_1_781' title='bbox 1861 2379 2042 2430; x_wconf 88' lang='lat' dir='ltr'><strong>quiescit,</strong></span> <span class='ocrx_word' id='word_1_782' title='bbox 2063 2380 2309 2419; x_wconf 81' lang='lat' dir='ltr'><strong>demonstra-</strong></span> 
     </span>
     <span class='ocr_line' id='line_1_98' title="bbox 1254 2439 2311 2492; baseline -0.002 -12"><span class='ocrx_word' id='word_1_783' title='bbox 1254 2451 1338 2481; x_wconf 88' lang='lat' dir='ltr'>tum</span> <span class='ocrx_word' id='word_1_784' title='bbox 1362 2449 1420 2480; x_wconf 90' lang='lat' dir='ltr'>est</span> <span class='ocrx_word' id='word_1_785' title='bbox 1437 2441 1542 2492; x_wconf 88' lang='lat' dir='ltr'><strong>quod</strong></span> <span class='ocrx_word' id='word_1_786' title='bbox 1573 2439 1781 2488; x_wconf 82' lang='lat' dir='ltr'><strong>volumus3</strong></span> <span class='ocrx_word' id='word_1_787' title='bbox 1803 2439 1837 2478; x_wconf 90' lang='lat' dir='ltr'>si</span> <span class='ocrx_word' id='word_1_788' title='bbox 1859 2452 1954 2478; x_wconf 86' lang='lat' dir='ltr'><strong>vero</strong></span> <span class='ocrx_word' id='word_1_789' title='bbox 1982 2440 2099 2492; x_wconf 86' lang='lat' dir='ltr'><strong>pulsu</strong></span> <span class='ocrx_word' id='word_1_790' title='bbox 2124 2441 2311 2490; x_wconf 81' lang='lat' dir='ltr'><strong>agitatum</strong></span> 
     </span>
     <span class='ocr_line' id='line_1_99' title="bbox 1256 2500 2310 2553; baseline -0.001 -13"><span class='ocrx_word' id='word_1_791' title='bbox 1256 2500 1511 2553; x_wconf 85' lang='grc' dir='ltr'>(κινούμενον)</span> <span class='ocrx_word' id='word_1_792' title='bbox 1535 2508 1759 2539; x_wconf 89' lang='lat' dir='ltr'><strong>commovet</strong></span> <span class='ocrx_word' id='word_1_793' title='bbox 1783 2512 1946 2538; x_wconf 88' lang='lat' dir='ltr'><strong>movens</strong></span> <span class='ocrx_word' id='word_1_794' title='bbox 1966 2500 2063 2539; x_wconf 89' lang='lat' dir='ltr'><strong>illud</strong></span> <span class='ocrx_word' id='word_1_795' title='bbox 2092 2500 2310 2539; x_wconf 78' lang='lat' dir='ltr'><strong>membrum</strong></span> 
     </span>
     <span class='ocr_line' id='line_1_100' title="bbox 1255 2558 2312 2613; baseline 0.002 -14"><span class='ocrx_word' id='word_1_796' title='bbox 1255 2560 1316 2613; x_wconf 83' lang='grc' dir='ltr'>(τὸ</span> <span class='ocrx_word' id='word_1_797' title='bbox 1346 2563 1464 2599; x_wconf 77' lang='grc' dir='ltr'>κινοῦν</span> <span class='ocrx_word' id='word_1_798' title='bbox 1499 2558 1639 2611; x_wconf 84' lang='grc' dir='ltr'>μέρος),</span> <span class='ocrx_word' id='word_1_799' title='bbox 1660 2573 1738 2598; x_wconf 89' lang='lat' dir='ltr'>non</span> <span class='ocrx_word' id='word_1_800' title='bbox 1772 2559 1931 2598; x_wconf 84' lang='lat' dir='ltr'><strong>aliunde</strong></span> <span class='ocrx_word' id='word_1_801' title='bbox 1961 2561 2116 2611; x_wconf 78' lang='lat' dir='ltr'><strong>agitari,</strong></span> <span class='ocrx_word' id='word_1_802' title='bbox 2142 2562 2208 2600; x_wconf 88' lang='lat' dir='ltr'>sed</span> <span class='ocrx_word' id='word_1_803' title='bbox 2241 2577 2312 2601; x_wconf 92' lang='lat' dir='ltr'><strong>suo</strong></span> 
     </span>
     <span class='ocr_line' id='line_1_101' title="bbox 1255 2618 2313 2672; baseline 0.002 -13"><span class='ocrx_word' id='word_1_804' title='bbox 1255 2629 1363 2660; x_wconf 86' lang='lat' dir='ltr'><strong>motu</strong></span> <span class='ocrx_word' id='word_1_805' title='bbox 1379 2620 1475 2658; x_wconf 89' lang='lat' dir='ltr'><strong>cieri</strong></span> <span class='ocrx_word' id='word_1_806' title='bbox 1493 2618 1621 2658; x_wconf 89' lang='lat' dir='ltr'><strong>debet.</strong></span> <span class='ocrx_word' id='word_1_807' title='bbox 1680 2619 1929 2671; x_wconf 78' lang='lat' dir='ltr'><strong>Quapropter</strong></span> <span class='ocrx_word' id='word_1_808' title='bbox 1944 2633 2099 2672; x_wconf 83' lang='lat' dir='ltr'><strong>semper</strong></span> <span class='ocrx_word' id='word_1_809' title='bbox 2117 2621 2158 2659; x_wconf 90' lang='lat' dir='ltr'>in</span> <span class='ocrx_word' id='word_1_810' title='bbox 2179 2623 2313 2661; x_wconf 88' lang='lat' dir='ltr'><strong>eadem</strong></span> 
     </span>
     <span class='ocr_line' id='line_1_102' title="bbox 1255 2678 2313 2733; baseline 0.002 -14"><span class='ocrx_word' id='word_1_811' title='bbox 1255 2680 1469 2733; x_wconf 76' lang='lat' dir='ltr'><strong>quaestione</strong></span> <span class='ocrx_word' id='word_1_812' title='bbox 1501 2693 1564 2718; x_wconf 86' lang='lat' dir='ltr'>res</span> <span class='ocrx_word' id='word_1_813' title='bbox 1597 2679 1835 2719; x_wconf 84' lang='lat' dir='ltr'><strong>versabitur.</strong></span> <span class='ocrx_word' id='word_1_814' title='bbox 1894 2678 1959 2718; x_wconf 91' lang='lat' dir='ltr'>Sic</span> <span class='ocrx_word' id='word_1_815' title='bbox 1988 2689 2114 2718; x_wconf 82' lang='lat' dir='ltr'><strong>autem</strong></span> <span class='ocrx_word' id='word_1_816' title='bbox 2148 2695 2313 2733; x_wconf 84' lang='lat' dir='ltr'><strong>progre-</strong></span> 
     </span>
     <span class='ocr_line' id='line_1_103' title="bbox 1255 2739 2313 2792; baseline 0.001 -13"><span class='ocrx_word' id='word_1_817' title='bbox 1255 2741 1405 2779; x_wconf 84' lang='lat' dir='ltr'><strong>dientes</strong></span> <span class='ocrx_word' id='word_1_818' title='bbox 1428 2739 1710 2792; x_wconf 85' lang='lat' dir='ltr'><strong>perveniemus</strong></span> <span class='ocrx_word' id='word_1_819' title='bbox 1742 2739 1791 2777; x_wconf 85' lang='lat' dir='ltr'>ad</span> <span class='ocrx_word' id='word_1_820' title='bbox 1823 2739 2068 2791; x_wconf 87' lang='lat' dir='ltr'><strong>principium</strong></span> <span class='ocrx_word' id='word_1_821' title='bbox 2092 2749 2222 2778; x_wconf 87' lang='lat' dir='ltr'><strong>motus</strong></span> <span class='ocrx_word' id='word_1_822' title='bbox 2251 2741 2313 2787; x_wconf 87' lang='grc' dir='ltr'>(τὸ</span> 
     </span>
     <span class='ocr_line' id='line_1_104' title="bbox 1254 2797 2312 2854; baseline 0 -15"><span class='ocrx_word' id='word_1_823' title='bbox 1254 2798 1404 2854; x_wconf 83' lang='grc' dir='ltr'>πρώτως</span> <span class='ocrx_word' id='word_1_824' title='bbox 1434 2798 1591 2849; x_wconf 76' lang='grc' dir='ltr'>κινοῦν),</span> <span class='ocrx_word' id='word_1_825' title='bbox 1619 2798 1724 2850; x_wconf 93' lang='lat' dir='ltr'><strong>quod</strong></span> <span class='ocrx_word' id='word_1_826' title='bbox 1754 2797 1960 2837; x_wconf 77' lang='lat' dir='ltr'><strong>immobile</strong></span> <span class='ocrx_word' id='word_1_827' title='bbox 1990 2812 2074 2838; x_wconf 91' lang='lat' dir='ltr'><strong>esse</strong></span> <span class='ocrx_word' id='word_1_828' title='bbox 2109 2800 2312 2853; x_wconf 87' lang='lat' dir='ltr'><strong>apparet).</strong></span> 
     </span>
    </p>

    <p class='ocr_par' dir='ltr' id='par_1_7' title="bbox 1253 2856 2314 3031">
     <span class='ocr_line' id='line_1_105' title="bbox 1309 2856 2314 2909; baseline 0 -11"><span class='ocrx_word' id='word_1_829' title='bbox 1309 2872 1360 2899; x_wconf 87' lang='lat'>80.</span> <span class='ocrx_word' id='word_1_830' title='bbox 1393 2857 1501 2897; x_wconf 81' lang='grc' dir='ltr'>Ἀλλὰ</span> <span class='ocrx_word' id='word_1_831' title='bbox 1523 2856 1593 2908; x_wconf 81' lang='grc' dir='ltr'>μὴν</span> <span class='ocrx_word' id='word_1_832' title='bbox 1621 2856 1655 2896; x_wconf 87' lang='grc' dir='ltr'>εἴ</span> <span class='ocrx_word' id='word_1_833' title='bbox 1680 2857 1721 2909; x_wconf 91' lang='grc' dir='ltr'>γέ</span> <span class='ocrx_word' id='word_1_834' title='bbox 1753 2856 1828 2896; x_wconf 84' lang='grc' dir='ltr'>ἐστί</span> <span class='ocrx_word' id='word_1_835' title='bbox 1860 2872 1895 2896; x_wconf 85' lang='grc' dir='ltr'>τι</span> <span class='ocrx_word' id='word_1_836' title='bbox 1925 2857 1979 2896; x_wconf 86' lang='grc' dir='ltr'>ἀεὶ</span> <span class='ocrx_word' id='word_1_837' title='bbox 2005 2862 2174 2906; x_wconf 89' lang='grc' dir='ltr'>τοιοῦτον,</span> <span class='ocrx_word' id='word_1_838' title='bbox 2195 2863 2314 2898; x_wconf 86' lang='grc' dir='ltr'>κινοῦν</span> 
     </span>
     <span class='ocr_line' id='line_1_106' title="bbox 1257 2913 2312 2971; baseline 0 -13"><span class='ocrx_word' id='word_1_839' title='bbox 1257 2919 1322 2971; x_wconf 88' lang='grc' dir='ltr'>μέν</span> <span class='ocrx_word' id='word_1_840' title='bbox 1350 2933 1396 2965; x_wconf 93' lang='grc' dir='ltr'>τι,</span> <span class='ocrx_word' id='word_1_841' title='bbox 1419 2916 1584 2965; x_wconf 81' lang='grc' dir='ltr'>ἀκίνητον</span> <span class='ocrx_word' id='word_1_842' title='bbox 1610 2916 1646 2956; x_wconf 80' lang='grc' dir='ltr'>δὲ</span> <span class='ocrx_word' id='word_1_843' title='bbox 1668 2916 1755 2956; x_wconf 73' lang='grc' dir='ltr'>αὐτὸ</span> <span class='ocrx_word' id='word_1_844' title='bbox 1775 2917 1837 2956; x_wconf 80' lang='grc' dir='ltr'>καὶ</span> <span class='ocrx_word' id='word_1_845' title='bbox 1861 2913 1970 2956; x_wconf 81' lang='grc' dir='ltr'>ἀΐδιον</span> <span class='ocrx_word' id='word_1_846' title='bbox 1985 2947 1995 2965; x_wconf 96' lang='grc'>,</span> <span class='ocrx_word' id='word_1_847' title='bbox 2019 2917 2156 2971; x_wconf 79' lang='grc' dir='ltr'>ἀνάγκη</span> <span class='ocrx_word' id='word_1_848' title='bbox 2185 2919 2247 2958; x_wconf 84' lang='grc' dir='ltr'>καὶ</span> <span class='ocrx_word' id='word_1_849' title='bbox 2273 2919 2312 2958; x_wconf 87' lang='grc' dir='ltr'>τὸ</span> 
     </span>
     <span class='ocr_line' id='line_1_107' title="bbox 1253 2970 2121 3031; baseline 0.001 -15"><span class='ocrx_word' id='word_1_850' title='bbox 1253 2979 1395 3031; x_wconf 83' lang='grc' dir='ltr'>πρῶτον</span> <span class='ocrx_word' id='word_1_851' title='bbox 1419 2975 1488 3015; x_wconf 73' lang='grc' dir='ltr'>ὑπὸ</span> <span class='ocrx_word' id='word_1_852' title='bbox 1510 2975 1634 3016; x_wconf 82' lang='grc' dir='ltr'>τούτου</span> <span class='ocrx_word' id='word_1_853' title='bbox 1656 2975 1859 3028; x_wconf 88' lang='grc' dir='ltr'>κινούμενον</span> <span class='ocrx_word' id='word_1_854' title='bbox 1885 2973 1996 3016; x_wconf 79' lang='grc' dir='ltr'>ἀΐδιον</span> <span class='ocrx_word' id='word_1_855' title='bbox 2017 2970 2121 3017; x_wconf 69' lang='grc' dir='ltr'>εἶναι.</span> 
     </span>
    </p>
   </div>
   <div class='ocr_carea' id='block_1_7' title="bbox 1314 3036 2309 3090">
    <p class='ocr_par' dir='ltr' id='par_1_8' title="bbox 1314 3036 2309 3090">
     <span class='ocr_line' id='line_1_108' title="bbox 1314 3036 2309 3090; baseline 0.002 -15"><span class='ocrx_word' id='word_1_856' title='bbox 1314 3037 1560 3088; x_wconf 84' lang='lat' dir='ltr'><strong>(Aristoteles</strong></span> <span class='ocrx_word' id='word_1_857' title='bbox 1574 3037 1694 3089; x_wconf 81' lang='lat' dir='ltr'><strong>Phys.</strong></span> <span class='ocrx_word' id='word_1_858' title='bbox 1705 3036 1878 3077; x_wconf 87' lang='lat' dir='ltr'><strong>lib.Vlll</strong></span> <span class='ocrx_word' id='word_1_859' title='bbox 1890 3052 1974 3090; x_wconf 84' lang='lat' dir='ltr'><strong>cap.</strong></span> <span class='ocrx_word' id='word_1_860' title='bbox 1990 3038 2029 3085; x_wconf 87' lang='lat'>6,</span> <span class='ocrx_word' id='word_1_861' title='bbox 2044 3052 2086 3089; x_wconf 88' lang='lat' dir='ltr'>p.</span> <span class='ocrx_word' id='word_1_862' title='bbox 2101 3038 2192 3089; x_wconf 78' lang='lat'><strong>259.</strong></span> <span class='ocrx_word' id='word_1_863' title='bbox 2206 3037 2245 3077; x_wconf 89' lang='lat' dir='ltr'>b.</span> <span class='ocrx_word' id='word_1_864' title='bbox 2259 3039 2309 3077; x_wconf 78' lang='lat'>32</span> 
     </span>
    </p>
   </div>
   <div class='ocr_carea' id='block_1_8' title="bbox 1252 3186 2313 3533">
    <p class='ocr_par' dir='ltr' id='par_1_9' title="bbox 1252 3186 2313 3402">
     <span class='ocr_line' id='line_1_109' title="bbox 1253 3186 2296 3231; baseline -0.001 -10"><span class='ocrx_word' id='word_1_865' title='bbox 1253 3186 1420 3231; x_wconf 79' lang='lat' dir='ltr'><strong>siquidem</strong></span> <span class='ocrx_word' id='word_1_866' title='bbox 1437 3186 1530 3221; x_wconf 83' lang='lat' dir='ltr'><strong>aliud</strong></span> <span class='ocrx_word' id='word_1_867' title='bbox 1552 3186 1686 3221; x_wconf 80' lang='lat' dir='ltr'><strong>aliunde</strong></span> <span class='ocrx_word' id='word_1_868' title='bbox 1707 3187 1864 3230; x_wconf 86' lang='lat' dir='ltr'><strong>agitatur,</strong></span> <span class='ocrx_word' id='word_1_869' title='bbox 1886 3187 1981 3221; x_wconf 79' lang='lat' dir='ltr'><strong>aliud.</strong></span> <span class='ocrx_word' id='word_1_870' title='bbox 1997 3197 2033 3221; x_wconf 91' lang='lat' dir='ltr'>se</span> <span class='ocrx_word' id='word_1_871' title='bbox 2049 3187 2159 3230; x_wconf 85' lang='lat' dir='ltr'><strong>ipsum</strong></span> <span class='ocrx_word' id='word_1_872' title='bbox 2183 3189 2296 3221; x_wconf 87' lang='lat' dir='ltr'><strong>movet</strong></span> 
     </span>
     <span class='ocr_line' id='line_1_110' title="bbox 1254 3246 2313 3292; baseline -0.003 -10"><span class='ocrx_word' id='word_1_873' title='bbox 1254 3249 1422 3282; x_wconf 79' lang='lat' dir='ltr'><strong>Gaeterum</strong></span> <span class='ocrx_word' id='word_1_874' title='bbox 1440 3247 1477 3281; x_wconf 80' lang='lat' dir='ltr'>id</span> <span class='ocrx_word' id='word_1_875' title='bbox 1501 3247 1593 3292; x_wconf 83' lang='lat' dir='ltr'><strong>quod</strong></span> <span class='ocrx_word' id='word_1_876' title='bbox 1609 3247 1739 3290; x_wconf 86' lang='lat' dir='ltr'><strong>lougius</strong></span> <span class='ocrx_word' id='word_1_877' title='bbox 1757 3249 1798 3281; x_wconf 86' lang='lat' dir='ltr'>ab</span> <span class='ocrx_word' id='word_1_878' title='bbox 1825 3256 1864 3281; x_wconf 86' lang='lat' dir='ltr'>eo</span> <span class='ocrx_word' id='word_1_879' title='bbox 1882 3247 2002 3287; x_wconf 83' lang='lat' dir='ltr'><strong>distat,</strong></span> <span class='ocrx_word' id='word_1_880' title='bbox 2027 3247 2118 3290; x_wconf 88' lang='lat' dir='ltr'><strong>quod</strong></span> <span class='ocrx_word' id='word_1_881' title='bbox 2135 3249 2228 3280; x_wconf 89' lang='lat' dir='ltr'><strong>motu</strong></span> <span class='ocrx_word' id='word_1_882' title='bbox 2244 3246 2313 3279; x_wconf 70' lang='lat' dir='ltr'><strong>cie-</strong></span> 
     </span>
     <span class='ocr_line' id='line_1_111' title="bbox 1253 3305 2311 3351; baseline -0.001 -11"><span class='ocrx_word' id='word_1_883' title='bbox 1253 3308 1320 3347; x_wconf 85' lang='lat' dir='ltr'><strong>tur,</strong></span> <span class='ocrx_word' id='word_1_884' title='bbox 1354 3307 1492 3350; x_wconf 82' lang='lat' dir='ltr'><strong>propius</strong></span> <span class='ocrx_word' id='word_1_885' title='bbox 1535 3309 1587 3342; x_wconf 82' lang='lat' dir='ltr'>est</span> <span class='ocrx_word' id='word_1_886' title='bbox 1615 3307 1777 3351; x_wconf 84' lang='lat' dir='ltr'><strong>principio</strong></span> <span class='ocrx_word' id='word_1_887' title='bbox 1799 3309 1929 3348; x_wconf 77' lang='lat' dir='ltr'><strong>motus.</strong></span> <span class='ocrx_word' id='word_1_888' title='bbox 1958 3316 2061 3350; x_wconf 82' lang='lat' dir='ltr'><strong>quam</strong></span> <span class='ocrx_word' id='word_1_889' title='bbox 2089 3306 2125 3339; x_wconf 91' lang='lat' dir='ltr'>id</span> <span class='ocrx_word' id='word_1_890' title='bbox 2156 3306 2248 3349; x_wconf 88' lang='lat' dir='ltr'><strong>quod</strong></span> <span class='ocrx_word' id='word_1_891' title='bbox 2275 3305 2311 3340; x_wconf 87' lang='lat' dir='ltr'>in</span> 
     </span>
     <span class='ocr_line' id='line_1_112' title="bbox 1252 3366 1560 3402; baseline 0 -1"><span class='ocrx_word' id='word_1_892' title='bbox 1252 3366 1363 3401; x_wconf 86' lang='lat' dir='ltr'><strong>medio</strong></span> <span class='ocrx_word' id='word_1_893' title='bbox 1381 3367 1560 3402; x_wconf 82' lang='lat' dir='ltr'><strong>invenitur.</strong></span> 
     </span>
    </p>

    <p class='ocr_par' dir='ltr' id='par_1_10' title="bbox 1253 3424 2310 3533">
     <span class='ocr_line' id='line_1_113' title="bbox 1295 3424 2310 3471; baseline -0.003 -10"><span class='ocrx_word' id='word_1_894' title='bbox 1295 3431 1348 3462; x_wconf 88' lang='lat'>80.</span> <span class='ocrx_word' id='word_1_895' title='bbox 1373 3427 1416 3461; x_wconf 74' lang='lat' dir='ltr'>At</span> <span class='ocrx_word' id='word_1_896' title='bbox 1430 3435 1511 3461; x_wconf 83' lang='lat' dir='ltr'><strong>vero</strong></span> <span class='ocrx_word' id='word_1_897' title='bbox 1530 3427 1559 3461; x_wconf 84' lang='lat' dir='ltr'>si</span> <span class='ocrx_word' id='word_1_898' title='bbox 1583 3427 1667 3471; x_wconf 87' lang='lat' dir='ltr'><strong>quid</strong></span> <span class='ocrx_word' id='word_1_899' title='bbox 1695 3435 1826 3470; x_wconf 83' lang='lat' dir='ltr'><strong>semper</strong></span> <span class='ocrx_word' id='word_1_900' title='bbox 1846 3426 1914 3460; x_wconf 82' lang='lat' dir='ltr'><strong>tale</strong></span> <span class='ocrx_word' id='word_1_901' title='bbox 1930 3427 1999 3464; x_wconf 84' lang='lat' dir='ltr'><strong>est,</strong></span> <span class='ocrx_word' id='word_1_902' title='bbox 2015 3426 2055 3457; x_wconf 85' lang='lat' dir='ltr'>ut</span> <span class='ocrx_word' id='word_1_903' title='bbox 2080 3426 2214 3459; x_wconf 84' lang='lat' dir='ltr'><strong>moveat</strong></span> <span class='ocrx_word' id='word_1_904' title='bbox 2229 3424 2310 3468; x_wconf 86' lang='lat' dir='ltr'><strong>qui-</strong></span> 
     </span>
     <span class='ocr_line' id='line_1_114' title="bbox 1253 3484 2310 3533; baseline -0.004 -11"><span class='ocrx_word' id='word_1_905' title='bbox 1253 3487 1331 3524; x_wconf 86' lang='lat' dir='ltr'>dem</span> <span class='ocrx_word' id='word_1_906' title='bbox 1352 3486 1499 3533; x_wconf 79' lang='lat' dir='ltr'><strong>aliquid.</strong></span> <span class='ocrx_word' id='word_1_907' title='bbox 1518 3486 1693 3523; x_wconf 86' lang='lat' dir='ltr'><strong>immobile</strong></span> <span class='ocrx_word' id='word_1_908' title='bbox 1714 3488 1828 3522; x_wconf 87' lang='lat' dir='ltr'><strong>autem</strong></span> <span class='ocrx_word' id='word_1_909' title='bbox 1843 3487 1878 3521; x_wconf 84' lang='lat' dir='ltr'>et</span> <span class='ocrx_word' id='word_1_910' title='bbox 1898 3486 2099 3530; x_wconf 80' lang='lat' dir='ltr'><strong>perpetuum</strong></span> <span class='ocrx_word' id='word_1_911' title='bbox 2117 3484 2178 3526; x_wconf 77' lang='lat' dir='ltr'><strong>sit,</strong></span> <span class='ocrx_word' id='word_1_912' title='bbox 2208 3484 2310 3519; x_wconf 83' lang='lat' dir='ltr'><strong>etiam</strong></span> 
     </span>
    </p>
   </div>
  </div>
 </body>
</html>
