2508 3776
235 179 314 219 506
1053 170 1341 235 ANDRoNlm
1372 171 1551 212 nnonu

236 267 304 319 γὰρ
319 265 378 305 καὶ
396 264 566 315 σύμπλοι,
580 261 639 300 καὶ
650 263 876 313 στρατιῶται,
888 259 950 299 καὶ
964 259 1051 305 ὅλως
1067 261 1098 300 οἳ
1114 261 1274 316 πράξεών

235 342 337 365 τινων
349 324 408 364 καὶ
425 321 713 373 ἐπιτηδευμάτων
727 323 971 365 κοινωνοῦντες
983 321 1147 370 ἀλλήλοις
1158 321 1276 362 καὶτὰ

234 385 352 424 δίκαια
370 382 557 436 φυλάττειν
587 379 672 433 πρὸς
699 380 871 428 ἀλλήλους
902 382 1068 429 ζητοῦσι,
1098 380 1158 420 καὶ
1183 380 1275 434 φίλοι

234 444 319 483 εἰσὶν
355 442 538 493 ἀλλήλοις,
572 439 633 479 καὶ
659 441 738 478 καθ’
765 439 845 478 ὅσον
876 438 911 478 δὲ
941 444 1163 491 κοινωνοῦσι,
1182 440 1274 480 κατὰ

232 505 393 541 τοσοῦτον
412 501 472 540 καὶ
505 502 662 553 φιλοῦσιν
681 498 877 550 ἀλλήλους,
898 498 959 539 καὶ
977 499 1020 539 τὰ
1052 499 1170 539 δίκαια
1190 499 1276 552 πρὸς

233 561 405 608 ἀλλήλους
418 563 589 599 ποιοῦσιν.
610 556 720 598 (Ὅθεν
740 558 800 597 καὶ
817 561 839 606 ἡ
857 559 1030 612 παροιμία
1050 558 1159 613 φησί,
1178 559 1276 598 κοινὰ

232 619 276 658 τὰ
291 622 356 658 τῶν
378 620 510 673 φίλων,
534 619 652 671 ὀρθῶς·
678 620 712 657 ἐν
732 618 896 672 κοινωνίᾳ
919 617 988 672 γὰρ
1008 621 1030 665 ἡ
1051 617 1169 670 φιλία.
1190 621 1275 658 Δια-

232 678 372 732 φέρουσι
398 678 434 717 δὲ
453 680 487 716 αἱ
507 677 702 718 κοινωνίαι.
727 677 903 731 Ἀδελφοῖς
923 675 986 727 μὲν
1008 675 1076 730 γὰρ
1101 676 1162 716 καὶ
1182 676 1276 716 ἑταί-

234 755 302 790 ροις
319 738 434 777 πάντα
451 737 550 776 κοινά
567 768 577 786 ,
603 740 672 782 τοῖς
692 735 728 776 δὲ
747 737 865 780 ἄλλοις
882 737 920 775 οὐ
942 736 1079 784 πάντα,
1101 737 1178 775 ἀλλ’
1200 735 1276 775 ἔνια

230 797 421 849 ὡρισμένα·
444 797 504 836 καὶ
524 796 655 835 τούτων
671 801 742 840 τοῖς
761 795 823 847 μὲν
839 794 968 842 πλείω,
987 800 1057 839 τοῖς
1074 793 1110 833 δὲ
1124 794 1273 837 ἐλάττω.

232 855 426 910 Ἀναλόγως
445 857 479 895 δὲ
501 857 575 901 ταῖς
590 855 783 900 κοινωνίαις
804 854 864 893 καὶ
885 856 946 893 αἱ
938 853 1049 908 φιλίαι
1066 852 1218 906 ἔχουσιν·
1240 855 1276 893 αἱ

233 914 296 966 μὲν
313 914 381 968 γὰρ
399 916 544 966 μᾶλλον,
563 917 600 954 αἱ
618 915 654 954 δὲ
670 919 774 962 ἡττον
800 914 975 968 γίνονται,
990 914 1068 958 ταῖς
1084 912 1277 958 κοινωνίαις

232 975 497 1014 ἀκολουθοῦσαι.
550 974 706 1026 Ὁμοίως
738 973 800 1013 καὶ
819 974 864 1013 τὰ
892 973 1009 1012 δίκαια
1039 974 1116 1018 ταῖς
1146 972 1276 1023 φιλίαις

232 1034 470 1087 ἀναλογοῦσιν·
491 1035 529 1072 οὔ
560 1034 627 1087 γὰρ
657 1034 700 1073 τὰ
727 1033 817 1072 αὐτὰ
853 1032 971 1072 δίκαια
1006 1033 1166 1086 ἀδελφοῖς
1191 1032 1276 1086 πρὸς

232 1093 423 1141 ἀλλήλους,
449 1094 510 1132 καὶ
538 1092 646 1146 πατρὶ
669 1092 753 1145 πρὸς
779 1091 876 1142 υἱόν,
896 1091 919 1139 ἢ
938 1092 1112 1141 πολίταις,
1136 1091 1159 1140 ἢ
1181 1093 1274 1132 ἑταί-

232 1166 301 1204 ροις
317 1152 402 1205 πρὸς
420 1153 612 1199 ἀλλήλους,
639 1152 717 1190 ἀλλ’
739 1151 853 1204 ἕτερα·
876 1151 938 1190 καὶ
969 1153 1101 1203 μᾶλλον
1122 1151 1181 1191 καὶ
1210 1146 1274 1199 ἧτ-

230 1226 287 1248 τον
306 1210 438 1262 γίνεται
459 1217 534 1255 ταῖς
549 1209 677 1265 φιλίαις
698 1211 967 1249 ἀκολουθοῦντα.
987 1211 1040 1249 Οὐ
1060 1209 1128 1262 γὰρ
1150 1210 1275 1261 ὁμοίως

231 1269 349 1308 ἄδικον
369 1271 538 1323 χρήματα
560 1271 800 1322 ἀποστερῆσαι
816 1275 831 1292 ‘²
855 1271 991 1321 ἑταῖρον
1021 1269 1080 1306 καὶ
1104 1269 1270 1317 πολίτην,

230 1328 290 1366 καὶ
314 1327 363 1379 μὴ
398 1331 571 1380 βοηθῆσαι
600 1327 774 1381 δεομένῳ,
800 1328 939 1380 ἀδελφῷ
959 1326 1019 1366 καὶ
1046 1327 1190 1380 ὀθνείῳ,
1214 1329 1274 1367 καὶ

229 1387 384 1432 πατάξαι
404 1390 563 1441 πατέρα,
599 1387 659 1426 καὶ
687 1390 841 1426 ὁντινοῦν
874 1385 991 1426 ἄλλον·
1020 1385 1182 1431 αὔξεσθαι
1207 1386 1274 1439 γὰρ

230 1446 379 1499 πέφυκεν
400 1446 474 1498 ἅμα
494 1449 539 1500 τῇ
559 1445 657 1500 φιλίᾳ
679 1445 739 1485 καὶ
755 1445 795 1484 τὸ
817 1444 949 1484 δίκαιον
964 1475 975 1496 ,
998 1447 1044 1489 ὡς
1066 1445 1100 1483 ἐν
1121 1448 1192 1489 τοῖς
1209 1447 1273 1484 αὐ-

229 1507 299 1549 τοῖς
327 1505 435 1553 ὄντα,
467 1505 527 1544 καὶ
562 1504 617 1543 ἐπ’
636 1504 709 1544 ἴσον
738 1505 915 1552 διήκοντα·
939 1503 1000 1543 καὶ
1033 1504 1092 1543 τὸν
1115 1503 1273 1560 φίλτερον

229 1563 415 1617 δεινότερον
443 1565 593 1614 ἀδικεῖν,
623 1564 683 1603 καὶ
707 1564 765 1602 τὸν
794 1565 928 1615 μᾶλλον
957 1567 1189 1603 κοινωνοῦντα
1211 1565 1273 1605 καὶ

229 1625 414 1676 φιλοῦντα,
444 1622 467 1672 ἢ
497 1624 581 1677 πρὸς
610 1622 647 1663 ὃν
669 1623 785 1672 ἥττων
811 1622 1015 1672 ἡκοινωνία
1043 1623 1104 1663 καὶ
1124 1627 1147 1673 ἦ
1177 1625 1275 1679 φιλία

227 1683 372 1735 γίνεται.

281 1744 302 1764 '⁴‘
325 1745 447 1782 Πᾶσαι
476 1741 512 1781 δὲ
533 1742 730 1792 κοινωνίαι,
751 1743 786 1781 ἓν
809 1736 862 1788 αἶς
881 1744 971 1782 ἔστιν
994 1745 1014 1789 ἡ
1037 1740 1133 1794 φιλία
1156 1740 1216 1781 καὶ
1235 1740 1275 1780 τὸ

229 1802 388 1855 δίκαιον,
422 1803 511 1856 μέρη
543 1802 609 1843 εἶσὶ
628 1805 690 1851 τ’ἤς
721 1804 916 1850 πολιτικῆς·
943 1805 966 1850 ἡ
1007 1802 1074 1855 γὰρ
1106 1801 1272 1850 πολιτικὴ

228 1861 389 1901 κοινωνία
403 1861 420 1884 ¹³
435 1861 509 1900 ἐστὶ
530 1865 590 1900 τοῦ
611 1859 845 1915 συμφέροντος
865 1861 977 1900 ἕνεκα·
994 1861 1036 1900 δι’
1053 1858 1072 1898 ὃ
1091 1860 1148 1899 καὶ
1175 1862 1289 1900 συνέ-’

229 1936 296 1969 στη
311 1919 374 1967 τὴν
398 1919 512 1972 ἀρχὴν
529 1924 552 1968 ἠ
570 1921 746 1969 πολιτεία,
763 1921 822 1960 καὶ
839 1921 950 1972 μένει.
976 1922 1083 1960 Πᾶσα
1097 1917 1133 1958 δὲ
1150 1935 1273 1959 κοινω-

226 1979 284 2019 νία
315 1983 376 2019 τοῦ
411 1978 648 2033 συμφέροντός
680 1981 773 2019 ἐστιν
805 1979 921 2019 ἕνεκα·
943 1982 965 2028 ἡ
998 1978 1060 2030 μὲν
1093 1980 1192 2017 τοῦδε
1213 1983 1273 2018 τοῦ

228 2037 484 2092 συμφέροντος,
505 2041 528 2086 ἡ
558 2037 593 2077 δὲ
614 2038 757 2078 ἐκείνου·
773 2038 830 2078 διὰ
847 2038 915 2092 γὰρ
938 2041 1006 2078 τῶν
1023 2039 1209 2077 κοινωνιῶν
1230 2037 1274 2076 τὰ

228 2098 450 2151 συμφέροντα
482 2097 670 2150 πορίζομεν
689 2100 825 2142 ἑαυτοῖς
839 2129 850 2147 ,
878 2098 938 2138 καὶ
961 2097 1018 2137 διὰ
1034 2101 1146 2136 ταῦτα
1165 2097 1273 2144 ἀλλή-

227 2158 298 2202 λοις
326 2172 584 2207 Χοινωνουμεν,
620 2157 678 2196 ἵνα
713 2157 940 2210 πΟρῑσώμΞθα
975 2172 1008 2195 'tt
1038 2159 1107 2195 τῶν
1142 2157 1188 2200 Εἷς
1215 2171 1272 2195 τον
1292 2174 1297 2179 '

229 2215 314 2268 βίον.
347 2216 483 2256 Ἰούτου
505 2215 546 2261 δὴ
564 2219 623 2255 τοῦ
644 2219 743 2270 κοινῇ
768 2216 1028 2280 συμφέροντος
1023 2216 1083 2255 καὶ
1111 2217 1142 2255 οἱ
1170 2232 1273 2267 νομο-

227 2276 322 2315 θέται
345 2275 603 2329 στοχάζονται,
625 2277 685 2316 καὶ
715 2276 847 2317 δίκαιόν
869 2293 974 2332 φασιν
997 2281 1085 2316 εἰναι
1106 2274 1146 2315 τὸ
1175 2280 1272 2328 κοινῇ

227 2335 416 2390 συμφέρον.
441 2337 488 2377 Αἱ
519 2336 583 2388 μὲν
616 2331 675 2376 οὖν
702 2336 828 2387 ἄλλαι,
865 2337 924 2376 καὶ
946 2354 981 2376 αι
1003 2336 1104 2384 ὅλαι,
1133 2335 1193 2375 καὶ
1228 2336 1272 2375 τὰ

227 2394 319 2449 μέρη
345 2397 482 2447 αὐτῶν,
505 2399 565 2436 τοῦ
587 2396 819 2450 συμφέροντος
844 2396 1008 2450 ἐφίενται·
1037 2400 1107 2436 οἱον
1127 2397 1272 2443 πλωτῆ-

229 2471 283 2508 ρες
306 2455 369 2505 μὲν
397 2459 456 2499 τοῦ
474 2455 566 2495 κατα
591 2455 649 2495 τὸν
672 2457 817 2508 πλοῦν[
805 2458 906 2510 [τοῦ]
928 2457 1181 2510 συμφέροντος,
1202 2459 1271 2495 οῖον

227 2514 422 2585 χρημάτων
450 2514 472 2562 ἢ
496 2515 603 2554 ἄλλου
631 2515 734 2560 τινός·
761 2518 1022 2577 συστρατιῶται
1039 2515 1073 2554 δὲ
1096 2518 1157 2554 τοῦ
1180 2513 1271 2554 κατὰ

226 2573 285 2611 τὸν
311 2571 464 2623 πόλεμον
484 2573 716 2628 συμφέροντος
738 2575 939 2628 ὀρέγονται,
968 2578 1036 2614 οἷον
1057 2574 1268 2628 χρημάτων,

227 2631 249 2679 ἢ
269 2631 366 2680 νίκης
381 2661 391 2679 ,
409 2632 431 2679 ἢ
446 2633 592 2677 πόλεως·
614 2634 741 2685 ὁμοίως
762 2633 878 2674 δὲκαὶ
909 2635 1056 2687 φυλέται
1078 2633 1138 2673 καὶ
1159 2634 1268 2685 δημό-

228 2707 300 2731 ται.
322 2690 424 2735 Τινὲς
445 2691 480 2729 δὲ
498 2694 566 2730 τῶν
593 2696 780 2732 κοινωνιῶν
812 2697 870 2732 τοῦ
898 2691 998 2740 ἡδέος
1020 2693 1191 2746 ἐφίενται,
1212 2692 1271 2732 καὶ

228 2750 272 2787 δι’
297 2749 421 2796 ἡδονὴν
447 2751 584 2791 δοκοῦσι
603 2752 778 2803 γίνεσθαι,
814 2751 933 2804 ὥσπερ
962 2755 984 2800 ἡ
1004 2755 1073 2791 τῶν
1090 2756 1271 2793 θιασωτῶν

227 2808 411 2859 κοινωνία,
430 2809 492 2848 καὶ
525 2813 548 2858 ἡ
570 2814 637 2850 τῶν
669 2814 871 2864 ἐρανιστῶν.
916 2812 962 2853 Ἡ
983 2812 1045 2863 μὲν
1070 2814 1136 2867 γὰρ
1154 2813 1272 2861 θυσίας

228 2867 331 2906 ἕνεκα
349 2868 507 2921 γίνεται,
530 2871 551 2916 ἡ
567 2868 602 2907 δὲ
621 2871 819 2919 συνουσίας,
846 2870 867 2910 ἃ
890 2871 949 2911 καὶ
965 2872 1072 2924 ἄμφω
1091 2878 1150 2912 τοῦ
1173 2875 1271 2921 ἡδέος

228 2926 302 2966 ἐστὶ
323 2929 473 2978 μᾶλλον.
507 2927 581 2966 Και
604 2932 704 2967 αὗται
725 2930 760 2968 δὲ
791 2931 880 2983 με’ρη
909 2931 975 2970 εἶσὶ
992 2948 1054 2979 της
1078 2933 1271 2980 πολιτικης·

227 2986 408 3026 τάττονται
427 2987 494 3040 γὰρ
511 2986 571 3025 καὶ
594 2982 695 3026 α’ῧται
711 2989 795 3040 πρὸς
825 2991 864 3029 τὸ
887 2995 985 3044 κοινῇ
1013 2992 1188 3045 συμφέρον
1204 2992 1271 3031 ὑπὸ

228 3050 290 3094 τ’ῆς
309 3048 506 3093 πολιτικῆς.
531 3045 603 3084 Καὶ
628 3046 695 3098 γὰρ
716 3050 754 3087 οὗ
782 3049 898 3099 μόνον,
922 3050 940 3089 ὃ
963 3056 1019 3090 νῦν
1037 3054 1110 3090 ἔστι
1132 3051 1270 3105 συμφέ-

231 3121 309 3158 ρον,
331 3104 446 3153 ζητεῖ,
468 3103 558 3142 ἀλλὰ
574 3104 656 3155 καί,
679 3104 777 3144 ὃνῦν
802 3108 863 3157 μὲν
885 3110 923 3147 οὐ
952 3109 1135 3162 συμφέρει,
1158 3111 1272 3150 συνοί-

230 3180 283 3204 σει
304 3163 365 3216 δέ,
387 3163 447 3203 και
467 3168 567 3202 τοῦτο
588 3163 716 3203 διώκει·
736 3167 774 3204 οὐ
795 3166 861 3219 γὰρ
882 3171 941 3206 τοῦ
966 3168 1135 3221 παρόντος
1167 3168 1271 3219 μόνον

230 3223 463 3277 συμφέροντος
482 3222 634 3275 ἐφίεται,
660 3224 752 3264 ἀλλὰ
768 3229 828 3263 τοῦ
849 3225 953 3278 μέχρι
976 3227 1064 3279 βίου’
1091 3226 1146 3266 διὰ
1171 3231 1272 3267 τοῦτο

230 3283 349 3327 θυσίας
380 3298 418 3320 τε
459 3282 648 3334 εἰσήγαγε,
684 3283 744 3322 καὶ
777 3285 956 3330 συνόδους,
1001 3286 1060 3325 καὶ
1088 3287 1271 3331 συνουσίας

270 3426 287 3442 *
307 3428 346 3460 Αἱ
363 3427 397 3460 δὲ
417 3427 584 3460 κοινωνίαι
600 3430 679 3460 πᾶσι
702 3428 825 3472 μορίοις
846 3428 973 3461 ἐοίκασι
987 3430 1057 3462 κτλ.

1334 275 1442 308 noque
1461 265 1610 300 homines
1624 265 1791 299 actionum
1809 267 1843 300 et
1860 266 2047 300 studiorum
2069 267 2298 301 communione
2325 267 2403 304 in-..

1335 327 1386 358 ter
1396 334 1430 358 se
1440 325 1546 367 juncti
1556 325 1654 358 simul
1665 326 1720 367 jus
1731 326 1887 358 mutuum
1901 335 2032 359 servare
2048 329 2220 366 conantur,
2240 329 2275 360 et
2292 327 2382 362 inoer-
2395 352 2403 356 -
2464 316 2466 319 ,

1335 395 1370 419 se
1385 387 1462 418 sunt
1474 385 1588 424 amici,
1611 387 1801 428 quantoque
1818 384 1968 418 homines
1988 386 2226 420 communionis
2245 386 2379 420 vinculo

1335 445 1540 487 copulantur,
1558 446 1651 477 tanto
1676 445 1774 477 etiam
1799 453 1910 477 amore
1935 453 1972 477 se
1992 447 2110 477 mutuo
2134 445 2381 488 amplectuntur<

1335 504 1462 547 sibique
1481 505 1597 537 mutuo
1616 504 1670 547 jus
1693 503 1847 537 reddunt.
1876 503 1962 537 Hinc
1988 505 2077 537 recte
2095 513 2130 538 se
2151 504 2269 544 habet,
2287 504 2380 549 quod

1335 563 1497 606 proverbii
1527 563 1598 596 loco
1629 563 1693 596 dici
1723 563 1826 603 solet,
1869 563 2057 596 communia
2092 563 2274 599 amicorum
2306 573 2381 603 ense

1335 623 1444 656 omnia
1467 633 1476 654 :
1495 632 1571 655 nam
1587 622 1621 655 in
1643 622 1810 656 communi
1829 622 1987 655 societate
2012 623 2122 665 posita
2147 625 2199 657 est
2219 625 2393 663 maius:

1336 684 1419 725 Ipsae
1436 683 1548 715 autem
1562 682 1736 715 societates
1753 682 1839 715 inter
1855 690 1891 715 se
1917 680 2089 716 differunt.
2106 683 2279 718 Fratribus
2290 684 2402 724 enim--

1336 742 1570 785 sodalibusque
1600 741 1787 775 communia
1820 743 1897 774 sunt
1936 741 2044 774 omnia
2062 767 2070 782 ,
2100 742 2174 776 aliis
2203 752 2297 778 vero
2315 750 2400 781 nm·

1335 798 1462 838 omnia,
1489 798 1548 831 sed
1570 800 1659 831 certa
1682 797 1837 840 quaedam
1859 797 1997 840 aliisque
2023 798 2144 831 horum
2170 799 2281 842 plurar
2304 799 2382 837 aliis

1336 853 1500 897 pauciora.
1527 854 1739 896 Proportione
1752 864 1831 887 vero
1848 854 2061 888 societatibus
2077 855 2232 889 amicitiae
2244 864 2393 900 respon-1

1335 910 1414 944 dent
1431 909 1530 944 :aliae
1557 910 1645 943 enim
1660 910 1774 953 magis,
1796 910 1869 944 aliae
1890 911 2000 944 minus
2026 911 2240 946 societatibus
2259 921 2382 947 conve.-

1336 966 1460 1000 nienter
1475 965 1627 999 amicitiae
1643 968 1731 1000 sunt.
1750 965 1908 1000 Similiter
1926 969 1959 999 et
1969 966 2046 1009 jura
2067 967 2219 1001 amicitiis
2242 976 2380 1013 propor-

1336 1024 1427 1056 tione
1444 1016 1640 1066 respondent
1658 1037 1665 1057 :
1681 1033 1786 1066 neque
1802 1024 1886 1057 enim
1902 1023 2018 1057 eadem
2037 1024 2108 1066 jura
2122 1022 2282 1058 fratribus
2293 1025 2380 1061 inter

1335 1087 1370 1112 se
1387 1080 1485 1119 sunt,
1505 1088 1582 1122 quae
1595 1079 1681 1121 patri
1699 1088 1775 1111 cum
1788 1078 1864 1117 filio,
1886 1080 1944 1111 aut
1966 1078 2096 1112 civibus
2112 1079 2199 1112 inter
2220 1089 2258 1114 se
2272 1082 2381 1126 etso-

1334 1136 1464 1169 daiibus
1477 1161 1486 1176 ‚
1509 1135 1565 1168 sed
1578 1134 1665 1167 alia:
1688 1133 1852 1179 siquidem
1877 1134 2004 1175 majora
2019 1136 2052 1166 et
2075 1135 2202 1168 minora
2227 1128 2382 1181 amicitiis

1334 1192 1549 1234 congruenter
1563 1191 1649 1222 sunt,
1675 1190 1789 1231 Neque
1812 1188 1900 1221 enim
1911 1209 1915 1212 -
1926 1197 2022 1230 aeque
2045 1189 2205 1231 injustum
2221 1191 2272 1224 est
2288 1190 2382 1230 soda-

1334 1248 1397 1280 lem
1421 1243 1576 1278 fraudare
1603 1244 1741 1287 pecunia
1763 1253 1803 1276 ac
1829 1242 1954 1282 civem,
1982 1246 2015 1276 et
2038 1243 2136 1278 fratri
2160 1245 2286 1287 petenti
2315 1255 2382 1281 non

1334 1311 1526 1337 succurrere
1548 1311 1587 1335 ac
1610 1301 1797 1344 peregrim,
1820 1303 1854 1333 et
1874 1303 2002 1344 patrem
2018 1301 2194 1336 verberare
2212 1312 2382 1347 aequem-

1334 1360 1414 1393 libet
1440 1359 1542 1391 alium
1563 1370 1571 1390 ε
1598 1358 1681 1390 solet
1710 1357 1831 1400 quippe
1848 1366 1914 1390 una
1935 1367 2012 1390 cum
2036 1358 2181 1392 amicitia
2200 1359 2300 1393 etiam
2326 1360 2383 1403 ius

1334 1415 1527 1459 amplificari
1549 1416 1687 1455 natura,
1708 1414 1843 1457 perinde
1864 1415 1957 1457 quasi
1972 1416 2007 1448 in
2030 1415 2148 1448 iisdem
2165 1416 2264 1450 rebus
2278 1417 2383 1451 consi-

1334 1473 1424 1505 stant
1449 1473 1482 1504 et
1510 1479 1605 1514 aeque
1636 1469 1702 1502 late
1732 1471 1865 1512 pateant
1893 1480 1900 1500 =
1925 1470 2079 1512 quocirca
2098 1471 2199 1504 etiam
2215 1471 2382 1507 homiuem

1334 1527 1428 1562 nobis
1445 1526 1634 1560 amiciorem
1648 1526 1819 1569 magisque
1845 1526 2004 1559 societate
2027 1529 2059 1560 et
2082 1527 2233 1561 amicitiae
2251 1527 2384 1563 vinculo

1332 1586 1487 1628 junctum
1503 1585 1537 1616 et
1554 1582 1744 1626 copulatum
1759 1582 1879 1625 injuria
1901 1581 2032 1615 afficere
2045 1583 2179 1625 gravius
2198 1585 2261 1624 est,
2272 1592 2383 1627 ‘quam

1333 1650 1411 1674 eum
1425 1649 1571 1684 quocum
1596 1639 1704 1672 minor
1724 1638 1818 1672 nobis
1844 1637 2054 1671 familiaritas
2081 1641 2115 1672 et
2134 1649 2216 1674 usus
2238 1634 2393 1675 interce-⁷

1334 1698 1395 1731 dit.

1376 1764 1497 1794 omnes
1518 1757 1629 1789 autem
1651 1754 1845 1793 societates,
1865 1753 1899 1786 in
1914 1753 2037 1796 quibus
2054 1753 2199 1787 amicitia
2211 1755 2246 1788 et
2258 1755 2314 1798 jus
2330 1753 2392 1788 loa

1334 1825 1411 1848 cum
1432 1814 1566 1855 habent,
1583 1817 1693 1857 partes
1714 1815 1791 1846 sunt
1817 1813 1924 1846 civilis
1952 1813 2122 1847 societatis
2150 1822 2159 1843 ε
2184 1822 2262 1847 nam
2276 1813 2384 1849 civilis

1334 1875 1473 1908 societas
1487 1873 1702 1908 emolumenti
1725 1873 1865 1915 alicuius
1885 1881 1986 1905 causa
2002 1871 2175 1906 conciliata
2189 1874 2262 1906 est:
2279 1868 2397 1917 quam'

1334 1934 1376 1967 ob
1395 1943 1466 1966 rem
1491 1934 1533 1966 ab
1557 1931 1652 1966 initio
1677 1931 1784 1964 omnis
1806 1929 1992 1973 respublica
2015 1931 2049 1963 et
2074 1930 2258 1964 constituta
2280 1933 2382 1968 estet

1334 1995 1455 2026 manet.
1512 1992 1629 2026 Omnis
1647 1993 1760 2024 autem
1780 1989 1920 2022 societas
1945 1988 2159 2023 emolumenti
2177 1998 2276 2024 eausa
2304 1989 2382 2024 iniri

1335 2050 1417 2083 solet
1438 2063 1447 2083 ι
1468 2050 1532 2083 alia
1554 2049 1691 2092 quidem
1714 2048 1826 2090 hujus,
1862 2047 1927 2081 alia
1947 2057 2027 2081 vero
2053 2047 2144 2082 illius
2170 2060 2180 2082 ε
2200 2058 2278 2092 quoe
2293 2048 2382 2083 enim

1334 2110 1517 2143 conducere
1533 2108 1628 2142 nobis
1640 2109 1796 2150 putamus
1807 2133 1815 2146 ,
1831 2106 2022 2148 hujusmodi
2039 2106 2197 2142 societate
2216 2107 2311 2142 nobis
2322 2107 2381 2142 'nc-

1334 2167 1500 2211 quirimus
1511 2191 1520 2207 ‚
1535 2167 1676 2209 ideoque
1694 2175 1828 2199 causam
1846 2167 1995 2198 nostram
2015 2174 2093 2199 cum
2112 2166 2178 2200 aiio
2193 2167 2392 2201 communi-·

1335 2236 1468 2266 camus,
1503 2229 1542 2259 ut
1567 2226 1691 2269 aliquid
1723 2235 1837 2258 eorum
1860 2234 1938 2267 quae
1965 2224 2008 2258 ad
2030 2225 2158 2259 victum
2187 2227 2387 2270 cultumque
2481 2268 2485 2270 ,

1334 2287 1499 2330 pertinent
1514 2295 1751 2328 comparemus.
1770 2286 1839 2317 Hoc
1852 2286 1964 2318 autem
1980 2283 2151 2327 publicum
2172 2286 2386 2320 commodum·
2435 2317 2439 2320 .
2454 2284 2459 2285 ⁷

1340 2346 1440 2379 etiam
1460 2347 1569 2388 legum
1585 2345 1707 2378 latores
1729 2344 1851 2377 habent
1867 2343 2072 2386 propositum
2095 2346 2325 2390 spectantque,
2342 2344 2404 2380 et

1334 2405 1424 2450 quod
1442 2405 1632 2448 reipublicae
1652 2404 1734 2437 utile
1752 2406 1802 2437 est
1812 2404 1869 2446 jus
1887 2412 1959 2437 esse
1978 2402 2103 2437 dicunt«
2122 2405 2260 2438 Gaeterae
2279 2403 2383 2446 igitur

1336 2466 1509 2499 societates
1528 2466 1601 2497 tum
1620 2463 1774 2505 integrae,
1805 2463 1878 2494 tum
1902 2471 2017 2495 earum
2035 2463 2147 2504 partes
2173 2462 2258 2497 utile
2280 2473 2381 2506 expe-

1337 2527 1412 2558 tunt
1427 2537 1434 2556 :
1452 2523 1546 2557 verbi
1568 2532 1666 2556 causa
1688 2523 1798 2555 nautae
1817 2522 1852 2555 id.
1864 2520 1955 2565 quod
1967 2530 2010 2555 ex
2024 2521 2232 2564 navigatione
2245 2522 2374 2566 quaeri-

1336 2588 1401 2624 tur,
1427 2587 1466 2617 ut
1489 2583 1662 2626 pecuniam
1676 2584 1735 2615 aut
1751 2582 1841 2615 aliud
1857 2582 1939 2625 quid
1955 2590 1965 2611 t
1988 2581 2228 2616 commilitones
2243 2590 2329 2623 ‚vero
2345 2581 2381 2616 id

1335 2644 1424 2688 quod
1442 2644 1527 2677 bello
1541 2645 1679 2686 paratur
1692 2642 1942 2684 concupiscunt,
1960 2641 2117 2675 nimirum
2130 2641 2184 2675 vel
2205 2641 2381 2684 pecuniam

1335 2704 1491 2737 conticere
1502 2731 1509 2742 ,
1529 2704 1582 2737 vel
1600 2702 1737 2736 victoria
1764 2702 1874 2744 potiri,
1890 2702 1941 2735 vel
1976 2702 2094 2735 urbem
2111 2701 2257 2744 aliquam
2276 2710 2382 2744 expu-

1334 2774 1434 2806 gnare
1446 2764 1592 2805 'gestiunt
1610 2773 1617 2795 ’.
1635 2763 1782 2805 itemque
1799 2761 1938 2795 tribules
1954 2763 1988 2794 et
2006 2761 2190 2804 populares.
2208 2760 2382 2794 Nonnullae

1334 2833 1412 2857 vero
1431 2823 1603 2856 societates
1629 2822 1664 2855 id
1684 2821 1774 2864 quod
1800 2821 1986 2863 jucundum
2010 2822 2061 2854 est
2089 2821 2320 2853 consectantur
2347 2822 2382 2853 et

1335 2884 1467 2925 propter
1486 2882 1691 2924 voluptatem
1708 2880 1840 2930 conflari
1868 2879 2038 2919 videntur-⁴,
2063 2881 2102 2913 ut
2127 2878 2379 2913 comissatorum

1335 2945 1368 2976 et
1384 2941 1551 2975 communi
1568 2942 1681 2974 sumtu
1700 2939 1910 2973 coenantium.
1933 2939 1993 2972 Illa
2013 2938 2100 2973 enim
2126 2939 2285 2978 sacrificii,
2307 2939 2381 2973 haec

1335 3003 1515 3034 conventus
1532 3003 1566 3034 et
1584 3001 1755 3043 convictus
1776 3009 1875 3032 causa
1904 2998 2074 3038 statuitur,
2104 3007 2180 3042 quae
2198 3008 2252 3032 res
2273 2999 2380 3033 ambae

1334 3060 1437 3102 magis
1453 3059 1495 3093 ad
1510 3059 1753 3102 jucunditatem
1771 3059 1930 3101 spectant.
1954 3058 2062 3099 Atque
2076 3057 2131 3090 hae
2147 3057 2283 3100 quidem
2302 3067 2380 3101 par-

1335 3119 1385 3151 tes
1399 3121 1476 3150 sunt
1490 3118 1597 3151 civilis
1609 3117 1775 3150 societatis
1790 3129 1798 3148 z
1817 3110 2018 3159 quapropter
2028 3117 2060 3148 et
2074 3115 2198 3158 publici
2214 3116 2377 3151 commodi

1334 3186 1433 3210 causa
1456 3187 1475 3210 a
1503 3177 1592 3210 civili
1620 3175 1792 3219 prudentia
1819 3175 2052 3209 instituuntur.
2087 3176 2202 3218 Neque
2231 3175 2318 3209 enim
2342 3176 2378 3210 id

1334 3238 1478 3275 tantum,
1508 3236 1599 3279 quod
1625 3245 1712 3269 nunc
1741 3233 1916 3275 conducit,
1948 3234 2175 3277 persequitur,
2196 3232 2255 3269 sed
2277 3235 2378 3270 etiam

1333 3297 1436 3338 illud,
1453 3295 1543 3339 quod
1556 3298 1594 3329 ut
1620 3305 1707 3328 nunc
1730 3304 1794 3327 non
1814 3294 1949 3337 prodest
1961 3320 1968 3333 ,
1984 3294 2031 3327 ita
2056 3294 2090 3327 in
2113 3296 2279 3336 posterum
2295 3305 2384 3348 pro--
