2528 3788
246 279 322 321 134

297 367 370 403 Sed
396 367 473 403 haec
501 366 691 402 hactenus.
716 363 893 411 Superest
909 367 953 398 ut
974 360 1022 398 de
1037 360 1171 397 mortis
1185 365 1280 396 tem-

242 438 338 476 pore
357 437 476 475 pauca
492 430 723 460 annotemus.
747 424 844 459 Vero
862 420 1083 470 proximum
1109 426 1183 466 est,
1202 419 1279 456 ho-

953 263 1020 312 'DE
1050 266 1324 310 CRANTORE
1355 265 1666 307 ACADEMIGO.

1391 355 1442 393 At
1481 355 1632 405 quantis
1667 352 1844 390 laudibus
1874 350 2082 398 Panaetius,
2119 350 2275 398 Cicero,
2313 349 2379 388 alit

1339 428 1426 453 eum
1451 414 1693 462 ornaverint,
1721 412 1820 448 infra
1845 410 2076 455 videbimus,
2105 422 2225 460 quum
2254 409 2305 448 ad
2331 410 2378 449 li-

242 487 381 521 minem
394 484 647 521 doctissimum
659 482 758 518 eirca
770 481 831 519 01.
852 481 957 518 CXX
971 480 1166 517 decessisse
1178 479 1279 530 (35).
1307 481 1314 534 1
1339 474 1452 511 hrum
1473 473 1521 510 de
1536 473 1641 509 luctu
1665 470 1962 521 pervenerimus.

243 545 415 592 Namque
448 555 490 579 ea
521 548 741 591 tempestate
774 541 987 579 Arcesilaus
1018 538 1150 577 floruit
1199 538 1278 591 (36)

1393 533 1556 569 Transeo
1573 530 1622 567 ad
1641 528 1832 567 Crantoris
1844 528 1983 576 scripta
2001 539 2085 576 quae
2104 528 2269 578 exeeptis
2281 527 2381 579 stag-

245 615 358 652 quem
378 609 463 638 ante
483 602 675 638 Crantoris
694 601 842 637 obitum
861 600 1035 638 docuisse
1054 611 1168 637 nemo
1194 611 1281 636 cre-
1340 591 1504 628 minibus
1530 589 1761 640 ‘IUibUSdam
1781 587 2071 626 interemerunt·
2086 588 2240 624 Exsmm
2254 595 2382 626 aum

244 661 328 705 dat,
346 661 555 710 praesertim
580 673 698 710 quum
711 666 799 710 post
817 660 1040 697 Crantorem
1057 659 1169 696 etiam
1189 659 1284 708 Pyr-

241 721 404 757 rhonem
432 727 469 757 et
491 720 706 757 Diodorum
726 719 915 756 audiverit
937 717 1029 771 (36).
1052 721 1108 755 De
1134 718 1283 767 reliquo

243 779 434 816 Solensem
451 780 720 829 philosophum
740 780 780 815 in
798 778 942 829 patria,
963 778 1031 814 ubi
1046 778 1198 826 sepeliri
1216 789 1285 812 vo-

242 839 383 886 luerat,
398 840 586 889 sepultum
602 852 678 876 esse
697 840 929 889 suspicamur
946 838 1044 889 (37).
1059 838 1284 874 Morientem

246 905 372 934 autem
391 899 584 935 Arcesilao
606 899 879 948 patrimonium
899 911 1028 945 suum,
1051 897 1157 946 quod
1180 896 1283 933 duo-

247 956 369 992 decim
408 957 556 993 talentis
588 958 784 993 constabat
796 984 806 1001 ,
832 958 1030 1006 reliquisse
1063 957 1141 1005 J’am
1171 968 1285 1005 supra

244 1015 422 1052 vidimus.
439 1017 541 1052 Finis
556 1017 642 1052 vitae
661 1015 739 1064 ejus
757 1017 883 1052 multis
902 1017 1097 1053 luctuosus
1114 1029 1156 1052 ac
1173 1016 1285 1052 tristis

246 1073 357 1109 fuisse
385 1074 576 1122 putandus
609 1081 682 1119 est,
717 1074 812 1110 adeo
842 1081 886 1110 ut
914 1076 1039 1111 statim
1073 1081 1174 1110 notae
1203 1073 1286 1121 ejus

245 1133 396 1168 vir-tutis
431 1132 660 1169 desiderium
694 1140 1006 1182 consequeretur.
1045 1134 1286 1182 Quapropter

245 1190 452 1227 Theaetetus
471 1191 548 1242 (38)
577 1198 691 1241 poeta
711 1192 785 1228 hoe
814 1204 899 1228 eum
921 1193 1088 1230 carmine
1119 1193 1283 1229 celebra-

245 1248 300 1283 vit
321 1247 400 1298 (39)
429 1260 439 1285 ι

282 1332 474 1388 ΫΗνδανεν
490 1335 698 1389 ἀνθρώποις,
713 1338 731 1376 ὁ
748 1337 777 1375 δ’
796 1335 853 1375 ἐπὶ
867 1335 972 1375 πλέον
986 1336 1112 1384 ἥνδανε
1127 1337 1288 1382 Μούσαις

358 1394 543 1447 Κράντωρ,
563 1395 623 1433 καὶ
642 1395 758 1449 γήρως
777 1395 905 1443 ἤλυθεν
921 1395 995 1434 οὔτι
1015 1395 1151 1449 πρόσω.

299 1455 353 1500 Γῆ
365 1481 375 1500 ,
395 1452 436 1491 σὺ
458 1452 495 1491 δὲ
514 1457 701 1492 τεθνειῶτα
717 1454 776 1493 τὸν
793 1453 885 1506 ἱερὸν
902 1454 996 1508 ἄνδρ’
1014 1454 1169 1500 ὓπεδέξω
1186 1456 1282 1509 (4ο).

352 1507 375 1559 ἦ
398 1511 428 1565 ῥ’
449 1512 508 1564 ὅγε
526 1512 587 1551 καὶ
608 1513 688 1558 ζώει
708 1514 796 1553 κεῖθι
818 1515 853 1553 ἐν
879 1514 1025 1567 εὐπαθίῃ
1049 1516 1148 1567 (41).

298 1611 431 1658 Longe
452 1609 618 1647 deterius
646 1618 699 1648 est
728 1613 979 1661 epigramma,
1005 1612 1111 1662 quod
1135 1613 1176 1648 in
1202 1625 1288 1649 eum

246 1669 334 1704 fecit
354 1669 542 1718 Diogenes
567 1670 738 1707 Laertius
757 1669 851 1723 (42).
869 1671 917 1708 Id
935 1683 1028 1708 vero
1048 1672 1100 1708 sic
1121 1672 1288 1709 scriben-

247 1727 339 1763 dum
353 1739 431 1764 esse
451 1729 704 1766 existimamus
726 1743 735 1766 ε

300 1822 499 1862 Ἐπέκλυσε
511 1823 572 1862 καὶ
587 1823 645 1874 σέ,
665 1824 840 1879 Κράντορ,
856 1829 878 1874 ἡ
895 1825 1006 1866 νόσων
1025 1826 1102 1880 (45)
1122 1828 1287 1877 κακίστη,

351 1882 388 1935 χ’
402 1882 493 1922 οὕτω
504 1885 675 1931 κατῆλθες
686 1886 732 1928 εἷς
744 1885 911 1935 μέλαιναν
922 1886 1108 1931 Πλουτέως
1120 1886 1286 1927 ἅὸυσσον.

300 1942 374 1983 Καὶ
389 1941 431 1980 σὺ
449 1941 512 1990 μὲν
522 1943 629 1982 ἐκεῖθι
647 1946 705 1983 νῦν
713 1944 858 1997 χαίρεις,
867 1944 979 1997 λόγων
993 1945 1070 1999 (44)
1087 1946 1123 1985 δὲ
1137 1948 1205 1985 τῶν
1217 1950 1288 1987 σῶν

354 2000 549 2052 Ἀκαδημία
568 2004 597 2041 θ’
613 2002 740 2050 ἕστηκε
757 2004 854 2057 χήρη
872 2003 948 2057 (45)
966 2004 1026 2043 καὶ
1040 2005 1147 2045 Σόλοι
1162 2007 1289 2060 πατρίς

1186 2067 1285 2116 [σευ.

246 2153 372 2189 Fuisse
393 2151 616 2190 Crantorem
636 2153 733 2190 inter
751 2155 956 2203 exquisitos
980 2156 1129 2194 virtutis
1151 2171 1289 2207 praece-

244 2216 374 2258 ptor-es
390 2209 544 2259 ejusque
559 2224 700 2248 nomen
715 2214 830 2262 vulgo
848 2213 1030 2261 Jactatum
1050 2224 1087 2253 et
1106 2225 1287 2268 tanquam

245 2269 363 2316 ipsius·
385 2270 632 2319 philosophiae
658 2273 830 2318 moralis,
857 2286 936 2310 non
957 2273 1143 2324 hominis,
1173 2291 1286 2315 usur-

246 2335 379 2376 patum
406 2341 506 2375 esse,
535 2342 621 2366 cum
641 2331 713 2367 alia
736 2339 907 2370 veterum
937 2334 1039 2372 dicta
1060 2337 1287 2389 ostendunt,
1316 2311 1321 2395 Ι

249 2394 328 2423 tum
354 2387 448 2424 illud
469 2390 621 2425 Horatii
650 2391 767 2440 Epist.
800 2392 866 2427 lib.
897 2394 931 2439 1,‘
947 2395 998 2438 ΙΙ,
1023 2407 1037 2430 1
1058 2407 1165 2446 seqq.
1189 2409 1197 2433 :

279 2517 285 2531 x
303 2490 456 2538 Trojani
473 2491 564 2527 belli
590 2493 812 2541 scriptorem
827 2524 836 2542 ‚
855 2498 1017 2535 maxime
1035 2501 1154 2548 Lolli,

305 2549 395 2584 dum
413 2556 454 2585 tu
473 2549 657 2587 declamas
675 2553 820 2603 Romae,
839 2555 1023 2593 Praeneste
1042 2559 1178 2608 relegi,

305 2607 372 2657 qui
393 2607 485 2657 quid
500 2608 547 2644 sit
561 2610 781 2659 pulchrum,
800 2613 894 2662 quid
918 2620 1029 2665 turpe
1041 2643 1050 2661 ,
1070 2616 1165 2666 quid
1183 2619 1287 2667 utile,

1046 2674 1167 2724 [quid
1192 2691 1290 2725 non,

246 2743 394 2792 planius
412 2754 455 2780 ac
475 2744 608 2782 melius
626 2745 833 2797 Chrysippo
851 2757 887 2786 et
902 2751 1084 2789 Crantore
1098 2740 1204 2795 dicit}

295 2925 361 2967 (35)
383 2927 462 2959 Inde
493 2928 673 2968 colligimus
691 2930 885 2964 crantorem
914 2933 1001 2966 circa
1023 2935 1075 2968 Ol.
1099 2937 1155 2969 CX
1176 2939 1289 2972 natum

253 2981 325 3004 esse
343 2984 350 3004 :
371 2972 529 3014 siquidem
546 2976 689 3008 mature
701 2977 842 3011 decessit
859 2979 974 3021 (γήρως
993 2983 1106 3021 ἤλυθεν
1124 2985 1191 3017 οὔτι
1215 2987 1289 3028 πρό-

252 3019 322 3061 σω)
355 3019 377 3052 i.
406 3029 434 3053 e.
456 3022 529 3053 ante
548 3023 833 3064 quadragesimum
861 3027 975 3060 saltem
1004 3039 1135 3063 annum.
1157 3050 1198 3057 —
1225 3035 1290 3075 (36)

257 3068 345 3108 Diog.
370 3069 473 3099 Laert.
493 3069 548 3107 w,
565 3071 615 3101 45.
635 3087 677 3093 —-
693 3071 759 3111 (36)
776 3072 936 3106 Eusebius
951 3083 1052 3118 praep.
1072 3086 1186 3120 evang.
1202 3082 1290 3121 XIV,

252 3119 284 3147 6,
302 3116 370 3154 XV,
391 3118 419 3146 5.
439 3131 480 3138 —
496 3115 562 3156 (37)
576 3116 735 3158 Diogenes
753 3120 901 3151 Laertius
917 3122 972 3162 lv,
992 3127 1030 3155 25
1051 3125 1173 3165 λέγεται
1192 3128 1225 3159 δὲ
1237 3129 1290 3160 καὶ

252 3163 308 3200 τήν
322 3162 432 3194 οὐσίαν
448 3163 630 3195 καταλιπεῖν
649 3164 857 3207 Ἀρκεσιλάῳ,
877 3168 1036 3200 ταλάντων
1048 3170 1145 3204 οὖσαν
1165 3174 1291 3207 δυοκαί-

254 3210 339 3241 δεκα·
355 3209 409 3241 καὶ
423 3209 612 3249 ἐρωτηθέντα
628 3212 702 3251 πρὸς
724 3212 818 3244 αὐτοῦ
831 3217 893 3245 ποῦ
920 3215 1062 3255 βούλεται
1076 3223 1225 3260 ταφῆναι,
1244 3222 1290 3253 εἷ-

254 3259 335 3288 πεῖν·
362 3257 392 3287 ἐν
406 3259 460 3297 γῆς
474 3257 560 3296 φίλης
574 3260 702 3297 μυχοῖσι
718 3259 886 3300 κρυφθῆναι
899 3262 1007 3294 καλόν.
1026 3263 1090 3296 Sed
1106 3265 1157 3297 hic
1174 3276 1291 3300 versus

255 3312 275 3335 a
292 3303 402 3335 Telete
420 3303 506 3344 apud
523 3303 689 3336 Stobaeum
706 3307 791 3339 Flor.
820 3309 885 3348 XL,
907 3312 925 3340 8
944 3310 1040 3349 paulo
1062 3311 1155 3344 aliter
1175 3315 1292 3347 citatus

255 3351 308 3384 καὶ
330 3354 385 3391 γῆς,
403 3351 489 3391 φίλης
505 3351 628 3393 ὄχθοισι
644 3354 810 3394 κρυφθῆναι
833 3356 920 3397 τάφῳ
937 3357 1135 3398 Euripideus
1151 3360 1290 3394 videtur.

256 3397 308 3428 Cf.
326 3397 460 3430 Meinek.
490 3399 531 3431 ad
553 3399 644 3431 Stob.
665 3399 687 3432 1.
707 3408 735 3432 c.
758 3403 836 3434 tom.
857 3403 899 3442 ll,
928 3404 1021 3444 praef.
1042 3413 1074 3446 p.
1096 3407 1150 3438 IX.
1168 3424 1209 3429 —
1228 3410 1291 3447 (38)

258 3443 329 3476 Vid.
351 3444 476 3477 Fabric.
495 3446 575 3478 Bibl.
597 3447 651 3479 Gr.
667 3447 732 3479 vol.
751 3449 806 3488 IV,
830 3457 861 3489 p.
877 3452 937 3482 496
955 3450 1006 3484 ed.
1028 3452 1155 3484 Harles.
1174 3454 1292 3494 —(39)

256 3490 348 3531 Diog.
373 3492 478 3524 Laert.
495 3493 551 3534 IV,
571 3497 621 3526 25.
642 3513 683 3518 —
702 3493 769 3536 (40)
785 3496 920 3533 ὑπεδέξω
940 3497 1052 3539 scripsi
1075 3507 1093 3530 e
1110 3500 1292 3534 casauboni

1342 656 1507 700 quatuor
1539 649 1837 698 fragmentorum
1875 657 2036 696 genera,
2069 658 2235 696 quorum
2264 658 2384 686 unum

1344 709 1704 746 commentariorum
1717 708 1757 743 in
1775 707 1941 744 Platonis
1959 706 2138 743 Timaeum
2160 706 2384 757 fragmenta,

1344 769 1507 805 alterum
1527 765 1796 804 consolationis
1815 765 1895 802 sive
1914 763 2003 802 libri
2021 761 2102 815 περὶ
2121 763 2266 810 πένθους
2289 766 2383 804 1-8Ιί-

1345 827 1474 876 quias,
1494 825 1648 862 tertium
1675 823 1811 861 incerti
1843 823 1933 859 libri
1961 822 2239 872 fragmentum,
2265 817 2406 875 quar-v

1345 893 1426 922 tum
1462 884 1627 933 denique
1656 883 1829 934 poeticas
1875 881 2057 931 quasdam
2087 883 2267 933 reliquias
2301 897 2386 935 quae

1346 944 1489 981 Solensi
1520 942 1750 992 philosopho
1794 942 1955 978 forsitan
1991 941 2170 991 assignari
2213 943 2360 992 possint
2373 969 2385 989 ,

1347 1002 1625 1051 complectitur.
1660 1002 1786 1048 Quum
1820 1000 2052 1049 Speusippus
2083 1006 2122 1036 et
2152 1001 2388 1038 Xenocrates

1343 1060 1423 1112 jam
1443 1067 1551 1098 antea
1569 1060 1609 1096 in
1624 1060 1698 1096 hoc
1715 1059 1990 1106 elaborassent,
2011 1065 2055 1095 ut
2073 1059 2260 1096 Platonici
2274 1060 2387 1110 inge-

1346 1121 1401 1157 nii
1414 1125 1658 1156 monumenta
1673 1125 1752 1154 tum
1765 1117 1928 1166 copiosis
1949 1123 1986 1153 et
2003 1117 2184 1154 uberibus
2196 1130 2388 1156 commen-

1348 1179 1469 1225 tariis,
1489 1185 1568 1214 tum
1586 1178 1668 1213 aliis
1684 1177 1820 1212 libellis
1836 1188 1878 1212 ac
1895 1176 2211 1225 disputationibus
2226 1177 2388 1215 illustra-

1346 1245 1431 1274 rent
1446 1247 1454 1258 ·
1469 1237 1607 1273 mirum
1619 1242 1672 1272 est
1688 1234 1794 1284 quod
1809 1235 1964 1271 Proclus
1979 1236 2021 1271 in
2032 1235 2130 1274 Tim.
2148 1247 2189 1284 p.
2205 1240 2255 1281 24
2272 1236 2389 1274 Cran-

1347 1302 1470 1332 torem
1499 1292 1584 1345 (46)
1613 1294 1779 1343 primum
1807 1293 1973 1330 Platonis
1994 1294 2236 1344 interpretem
2259 1302 2385 1335 vocat.

1349 1354 1505 1392 Videtur
1517 1353 1648 1400 utique
1663 1353 1737 1389 hoc
1751 1352 1905 1388 nomine
1920 1353 2156 1401 praecipuum
2173 1353 2290 1392 divini
2304 1353 2391 1404 phi-

1346 1411 1499 1460 losophi
1511 1411 1792 1460 explanatorem
1807 1411 2014 1460 appellare.
2025 1411 2197 1461 Reliquit
2212 1411 2388 1460 Crantor,

1347 1472 1378 1508 si
1390 1470 1552 1519 Diogeni
1565 1468 1641 1520 (47)
1656 1468 2061 1519 fides,commentarios
2077 1469 2126 1506 ad
2137 1470 2289 1520 triginta
2305 1471 2390 1508 mil-

1348 1530 1400 1566 lia
1420 1541 1598 1565 versuum
1625 1529 1873 1565 continentes.
1890 1529 1934 1565 In
1953 1528 2010 1564 his
2036 1541 2116 1565 non
2138 1528 2274 1567 dubito
2296 1531 2392 1580 quin

1348 1588 1460 1624 fuerit
1490 1588 1602 1625 etiam
1624 1588 1753 1624 Timaei
1773 1587 1960 1624 Platonici
1981 1588 2197 1637 explicatio.
2217 1586 2267 1626 Et
2288 1591 2405 1629 Pro-.

1348 1647 1426 1683 clus
1458 1645 1614 1694 quidem
1639 1658 1660 1682 e
1692 1646 1884 1682 Crantoris
1921 1643 2153 1696 ὑπομνήμασι
2182 1648 2392 1696 peculiares

1349 1703 1530 1754 quasdam
1560 1704 1822 1740 annotationes
1846 1704 2012 1753 profert,
2044 1704 2267 1742 Plutarchus
2299 1717 2391 1744 vero

1349 1774 1393 1798 ea
1423 1775 1505 1812 quae
1534 1762 1597 1798 ille
1628 1761 1678 1798 ad
1704 1762 1836 1799 mundi
1863 1763 2103 1800 harmoniam
2135 1776 2391 1815 numerosque
2427 1802 2431 1805 Α

1349 1820 1566 1857 Platonicos
1585 1818 1851 1857 dilucidandos
1870 1822 2110 1871 excogitavit.

1402 1879 1475 1915 Sed
1504 1890 1650 1915 summa
1693 1879 1734 1914 in
1760 1879 1874 1916 laude
1914 1879 1993 1928 ejus
2030 1880 2078 1917 de
2105 1880 2210 1919 luctu
2241 1881 2389 1920 libellus

1349 1945 1429 1974 erat
1447 1935 1547 1988 (48),
1566 1950 1646 1973 non
1664 1950 1822 1988 magnus
1841 1939 1904 1976 ille
1932 1939 2086 1988 quidem
2099 1967 2109 1986 ,
2136 1940 2201 1977 sed
2213 1967 2224 1986 ,
2252 1948 2296 1978 ut
2315 1942 2391 1979 Pa-

1349 1997 1462 2032 naetio
1482 2003 1519 2032 et
1546 1996 1742 2041 Ciceroni,
1761 1997 1804 2033 id
1824 2005 1878 2034 est
1898 1997 2020 2035 doctis
2039 2005 2077 2035 et
2095 1999 2391 2049 intelligentibus

1348 2056 1478 2092 talium
1496 2067 1623 2092 rerum
1643 2055 1981 2101 existimatoribus,
2001 2057 2124 2093 visum
2146 2064 2200 2094 est
2212 2085 2224 2105 ,
2251 2062 2390 2096 aureo-

1349 2115 1406 2150 lus
1425 2120 1463 2150 et
1483 2113 1532 2150 ad
1550 2113 1710 2150 verbum
1729 2113 1951 2165 ediscendus
1982 2113 2061 2166 (49)
2077 2145 2088 2162 ,
2107 2128 2220 2165 quem
2241 2117 2392 2166 periisse

1350 2174 1409 2210 vel
1434 2180 1637 2222 propterea
1669 2172 1857 2219 dolemus,
1886 2173 1992 2222 quod
2013 2185 2062 2210 ne
2082 2174 2275 2211 Ciceronis
2299 2177 2392 2224 qui-

1352 2232 1440 2268 dem
1466 2231 1681 2269 Consolatio
1710 2239 1891 2280 superest.
1919 2231 2066 2269 Etenim
2093 2243 2194 2269 anno
2219 2234 2268 2270 ab
2288 2236 2330 2274 u.
2353 2246 2387 2274 c.

1350 2289 1558 2334 DCCVIII,
1590 2302 1707 2338 quum
1730 2290 2054 2327 vehementissimo
2077 2290 2210 2328 dolore
2230 2304 2276 2330 ex
2295 2293 2390 2330 Tul-—

1350 2349 1428 2394 liae,
1465 2347 1551 2384 filiae
1574 2360 1674 2397 suae,
1704 2349 1833 2385 uxoris
1869 2349 2099 2396 Dolabellae,
2130 2357 2254 2387 morte
2279 2357 2391 2401 capto

1349 2407 1562 2456 laboraret,
1601 2413 1731 2443 orator
1763 2408 1957 2444 Romanus
1989 2408 2029 2444 in
2065 2407 2193 2445 medio
2225 2421 2392 2447 moerore

1351 2467 1572 2515 conscripsit
1590 2465 1730 2501 librum
1754 2465 1802 2502 de
1827 2467 1932 2503 luctu
1958 2466 2165 2504 minuendo
2189 2468 2264 2506 sive
2285 2469 2390 2506 Con-

1351 2526 1587 2563 solationem.
1603 2524 1660 2562 Eo
1678 2524 1853 2561 videlicet
1869 2525 1906 2560 in
1919 2525 2018 2562 libro
2035 2526 2257 2564 Crantorem
2271 2538 2391 2564 unum

1354 2585 1524 2620 omnium
1543 2584 1704 2620 maxime
1726 2591 1875 2620 secutus
1891 2591 1971 2631 est,
1989 2597 2067 2621 non
2088 2585 2244 2634 quidem
2262 2594 2306 2623 ut
2330 2587 2392 2623 in-

1354 2651 1516 2692 terpres,
1537 2644 1676 2692 quippe
1697 2643 1764 2691 qui
1788 2650 1868 2679 tum
1887 2644 2047 2680 aliorum
2066 2645 2181 2681 etiam
2202 2645 2393 2683 volumina

1351 2702 1391 2738 in
1398 2702 1494 2739 hanc
1504 2701 1724 2739 sententiam
1739 2702 1879 2751 scripta
1897 2714 1942 2738 eo
1955 2704 2196 2749 transtulerit,
2213 2710 2293 2741 tum
2309 2705 2392 2741 Ro-

1350 2771 1462 2797 mana
1481 2760 1652 2810 quaedam
1673 2760 1846 2810 exempla
1864 2773 1933 2797 suo
1949 2761 2070 2798 Marte
2089 2761 2278 2800 addiderit
2294 2761 2392 2815 (50),

1352 2941 1557 2982 conjectura3
1575 2941 1673 2983 vulgo
1692 2941 1838 2982 ὑποδέξῃ.
1856 2962 1895 2968 -
1909 2941 1976 2983 (41)
1990 2941 2121 2982 εὐπαθίῃ
2139 2942 2270 2985 scripsi;
2294 2943 2390 2977 codd.

1354 2988 1484 3029 εὐθυμίῃ
1513 2987 1604 3029 quod
1633 2989 1742 3021 metro
1757 2990 1926 3030 repugnat.
1943 3009 1985 3016 —
2003 2988 2071 3030 (42)
2087 2989 2180 3031 Diog.
2207 2991 2314 3024 Laert.
2334 2992 2392 3033 lv,

1353 3036 1402 3067 27.
1421 3052 1464 3059 -
1479 3034 1546 3076 (43)
1561 3035 1663 3068 νόσων
1678 3034 1810 3076 reposui
1825 3043 1901 3067 cum
1922 3035 2088 3077 plerisque
2106 3035 2195 3076 edd.;
2215 3036 2310 3071 codd.
2334 3038 2390 3071 νό-

1352 3091 1417 3120 σος.
1432 3099 1472 3106 -
1489 3081 1556 3124 (44)
1572 3081 1673 3124 λόγων
1691 3082 1725 3115 δὲ
1748 3085 1811 3114 τῶν
1829 3086 1895 3115 σῶν
1914 3081 2012 3124 posui
2031 3090 2107 3115 cum
2125 3083 2333 3125 Hermanno3
2351 3084 2391 3117 li—

1352 3129 1403 3160 bri
1429 3133 1494 3162 σῶν
1509 3129 1611 3169 λόγων
1625 3130 1668 3162 δέ.
1686 3146 1727 3154 -
1750 3129 1816 3171 (45)
1832 3129 1881 3161 sic
1898 3137 1975 3161 cum
1989 3130 2196 3169 Hermann03
2213 3130 2288 3163 libri
2307 3131 2390 3174 χήρη

1353 3175 1484 3213 ἕστηκεν
1499 3176 1684 3218 Ἀκαδημία.
1701 3182 1744 3200 -“
1762 3176 1828 3217 (46)
1842 3175 1978 3208 Proclus
1998 3177 2178 3208 comment.
2195 3175 2230 3208 in
2246 3176 2392 3209 Platonis

1354 3223 1513 3255 Timaeum
1532 3232 1604 3265 pag.
1624 3226 1674 3257 24.
1691 3224 1729 3256 Α.
1749 3223 1801 3256 ed.
1824 3222 1920 3255 Basil.
1940 3222 2035 3265 [pag.
2054 3225 2093 3255 54
2112 3222 2164 3255 ed.
2183 3222 2388 3268 Schneider-,J

1352 3270 1369 3300 ὀ
1382 3273 1501 3311 πρῶτος
1517 3275 1572 3303 τοῦ
1585 3271 1752 3308 Πλάτωνος
1767 3270 1912 3311 ἐξηγητὴς
1923 3270 2082 3311 Κράντωρ.
2098 3290 2135 3297 -
2152 3270 2218 3311 (47)
2231 3270 2393 3312 Diogenes

1352 3317 1496 3350 Laertius
1513 3318 1569 3350 lib.
1591 3320 1646 3358 IV,
1665 3320 1703 3350 24
1720 3319 1774 3350 καὶ
1788 3318 1949 3350 κατέλιπεν
1961 3317 2172 3358 ὑπομνήματα
2185 3319 2226 3355 εἷς
2241 3318 2393 3360 μυριάδας

1352 3364 1470 3405 στίχων
1483 3368 1580 3406 τρεῖς,
1597 3365 1641 3398 ὧν
1652 3365 1720 3398 τινά
1732 3376 1810 3402 τινες
1825 3364 2013 3406 Ἀρκεσιλάῳ
2026 3364 2254 3405 προσάπτουσι.
2268 3382 2311 3390 —·

1394 3411 1458 3452 (48)
1475 3412 1637 3453 Diogenes
1656 3412 1806 3445 Laertius
1821 3411 1875 3444 lib.
1891 3413 1948 3451 IV,
1968 3413 2005 3443 27
2035 3411 2224 3453 θαυμάζεται
2243 3413 2275 3445 δὲ
2294 3413 2394 3446 αὐτοῦ

1352 3457 1488 3496 μάλιστα
1502 3459 1622 3500 βιὸλίον
1638 3459 1675 3491 τὸ
1691 3459 1761 3501 περὶ
1779 3459 1922 3495 πένθους.
1938 3478 1980 3486 -
1997 3458 2063 3499 (49)
2087 3459 2203 3492 Cicero
2221 3459 2322 3492 Acad.
2337 3468 2387 3502 pr.

1353 3504 1395 3543 ΙΙ,
1416 3506 1465 3538 44.
1485 3523 1525 3529 —-
1547 3505 1614 3548 (50)
1638 3506 1852 3548 Hieronymus
1876 3505 1910 3539 in
1930 3505 2083 3548 Epitaph.
2113 3505 2283 3549 Nepotiani
2308 3508 2390 3550 opp.
