2508 3776
54 2793 80 2878 ⁸3>
130 2835 192 2876 ρον
211 2819 272 2861 καὶ
299 2818 537 2875 φυσικώτερον
563 2818 774 2872 ἀνάγουσιν,
793 2819 988 2872 Εὐριπίδης
1014 2818 1079 2871 μὲν
1110 2819 1189 2874 φά-

132 2895 246 2933 σκων,

616 185 919 227 ETHlCORUM
950 183 1402 226 NICOMACHEORUM
1432 184 1816 227 PARAPHRASIS.

128 276 237 317 «nav
254 291 290 316 τι
301 279 503 322 ποιοῦντας.
523 273 612 316 Ἴδοι
626 276 655 314 δ’
673 275 714 314 ἄν
730 291 782 320 τις
800 275 860 316 καὶ
874 276 910 315 ἐν
924 281 1002 319 ταῖς
1018 274 1186 322 πλάναις,

135 337 331 378 ὧιόἷιιιῖον
349 335 444 381 ἅπας
466 336 646 389 ἄνθρωπος
663 335 836 390 ἀνθρώπῳ
852 336 913 375 καὶ
928 335 1043 390 φίλον·
1064 334 1099 374 οῗ
1117 350 1156 373 τε
1169 334 1187 358 ‘²

136 394 207 451 γᾶρ
225 392 285 434 ἰπὶ
309 394 430 448 χώρας
451 394 614 446 μένοντες
649 394 711 434 σὺν
734 396 844 448 ἡδονῇ
872 394 931 434 τὸν
959 393 1191 446 πλανώμενον

132 453 370 509 ὓποδόχονται
389 454 451 494 καὶ
467 454 718 508 θεραπεύουσιν
732 483 743 502 ,
765 455 786 493 ὅ
800 470 838 493 τε
851 462 866 479 ⁶
881 453 1136 505 πλανώμενος,
1161 455 1191 492 εἰ

136 514 305 568 συντύχοι
325 513 428 565 μόνον
445 513 640 567 ἀνθρώποις
654 544 664 563 ,
683 514 841 566 μάλιστα
860 513 996 567 χαίρει.
1034 512 1108 552 Καὶ
1129 511 1191 558 τὰς

133 573 256 619 πόλεις
275 578 298 623 ἡ
317 573 417 626 φιλία
432 574 625 622 συνέστησε
647 573 711 621 τὴν
733 571 850 626 ἀρχὴν
870 573 931 611 καὶ
957 572 1011 611 ἀεὶ
1036 571 1189 625 συνέχει·

137 631 200 672 καὶ
219 634 252 673 οἱ
271 633 498 678 καθιστάντες
521 633 583 678 τὰς
611 631 732 676 πόλεις
763 631 950 681 νομοθέται
973 631 1107 681 μᾶλλον
1129 633 1191 677 τῆς

136 692 256 748 φιλίας
278 692 520 748 φροντίζουσιν
533 721 546 742 ,
575 691 599 740 ἢ
617 694 681 739 τῆς
700 691 936 737 δικαιοσύνης·
963 690 1022 729 καὶ
1042 690 1110 743 γὰρ
1130 690 1188 728 διὰ

133 749 200 802 τὴν
213 751 378 805 ὁμόνοιαν
391 751 627 800 ἡδικαιοσύνη
642 753 811 798 ζητεῖται·
823 753 845 798 ἧ
859 750 896 789 δὲ
907 749 1054 801 ὁμόνοια
1066 749 1187 800 ὅμοιόν

133 813 168 853 τί
179 815 255 854 ἔστι
273 817 319 866 τῇ
332 812 431 867 φιλία
447 841 458 861 ,
481 816 504 862 ἡ
519 811 556 851 δὲ
576 811 697 856 στάσις
716 810 916 863 ὁμοία’ἐστὶ
932 812 974 861 τῇ
995 808 1125 863 ἔχθρᾳ,
1146 809 1189 857 ἣν

134 872 191 912 ἀεὶ
205 875 269 922 τῆς
284 872 421 916 πόλεως
441 870 651 911 ἀπελαύνειν
669 869 924 916 σπουδάζουσιν
940 870 972 908 οἱ
988 869 1188 919 νομοθέται.

130 928 268 978 Ἄλλως
285 947 349 981 τε,
369 930 480 986 φίλων
502 931 567 983 μὲν
588 929 701 970 ὄντων
722 929 810 984 πρὸς
831 927 1005 976 ἀλλήλους
1022 929 1092 967 τῶν
1121 943 1188 966 πο-

131 992 264 1040 λιτῢν,
284 991 324 1031 οὗ
354 989 460 1044 χρεία
482 993 527 1042 τῇ
562 989 666 1030 πόλει
691 987 944 1040 δικαιοσύνης,
979 985 1124 1026 δικαίων
1153 987 1189 1026 δὲ

65 1053 68 1056 ’
133 1049 270 1099 ὄντων,
292 1049 409 1104 φιλίας
430 1049 548 1104 χρεία·
575 1050 711 1103 βέλτιον
731 1050 800 1104 γὰρ
821 1049 912 1101 μετὰ
944 1047 1078 1096 ταύτης
1096 1050 1188 1100 ὃμο-

68 1149 71 1156 ,
131 1109 342 1160 νοήσουσιν,
372 1109 396 1158 ἢ
419 1109 510 1162 μετὰ
539 1112 602 1158 τῆς
623 1109 857 1157 δικαιοσύνης.
878 1107 963 1149 Ἔτι
991 1107 1028 1147 δὲ
1050 1106 1090 1147 τὸ
1110 1108 1184 1159 μά«

133 1171 240 1210 λιστα
269 1169 402 1210 δίκαιον
419 1168 554 1223 φιλικὸν
579 1163 668 1209 εἶναι
684 1170 792 1209 δοκεῖ·
812 1168 873 1208 καὶ
892 1167 960 1222 γὰρ
980 1167 1120 1208 ἐπειδάν
1139 1183 1191 1211 τις

129 1228 214 1285 περὶ
230 1229 291 1270 τὸν
305 1229 455 1278 πλησίον
475 1228 595 1269 πάντα
616 1229 661 1268 τὰ
681 1229 800 1268 δίκαια
821 1227 998 1280 διασώζῃ,
1020 1227 1113 1268 navt
1130 1230 1191 1268 αὖ·

132 1289 193 1330 τόν
211 1285 248 1330 τι
263 1290 325 1344 δέῃ
346 1292 568 1342 ζημιωθῆναι
581 1321 592 1340 ,
609 1291 706 1344 φίλος
727 1288 839 1329 ἐστίν·
861 1287 953 1328 ὥστε
976 1290 1109 1338 μᾶλλον
1126 1290 1190 1335 ζη-

132 1353 247 1389 τεῖται
265 1351 288 1397 ἡ
310 1348 411 1404 φιλία
437 1350 461 1396 ἢ
481 1352 503 1397 ἡ
534 1348 740 1397 δικαιοσύνη
763 1348 861 1401 παρὰ
882 1350 951 1388 τῶν
974 1351 1187 1400 νομοθετῶν,

131 1409 197 1448 καὶ
217 1408 407 1462 ἀναγκαῖόν
424 1410 499 1448 ἐστι
515 1407 603 1462 πρὸς
622 1409 662 1448 τὸ
681 1410 798 1453 καλῶς
816 1411 974 1461 ὁμονοεῖν
1003 1408 1185 1450 δύνασθαι.

133 1467 189 1509 Οὔ
205 1467 310 1521 μόνον
329 1469 366 1508 δὲ
393 1467 584 1521 ἀναγκαῖόν
602 1470 676 1508 ἐστι
698 1467 759 1507 καὶ
777 1467 863 1522 πρὸς
883 1469 970 1508 ἄλλο
986 1467 1084 1523 φέρει
1099 1469 1188 1520 ἀγα-

132 1527 192 1568 θόν
204 1558 216 1581 ,
234 1528 328 1570 ἀλλὰ
345 1527 407 1568 καὶ
428 1529 513 1568 αὐτὸ
527 1530 606 1568 καθ’
626 1528 731 1568 ἑαυτὸ
749 1528 857 1567 καλόν
880 1531 956 1568 ἐστι
970 1528 1031 1567 καὶ
1053 1530 1191 1568 ἐπαινε-

132 1587 206 1627 τόν·
227 1587 309 1634 τοὺς
328 1587 396 1641 γὰρ
411 1588 613 1642 φιλοφίλους
631 1589 848 1640 ἐπαινοῦμεν
863 1617 874 1638 ,
896 1587 919 1635 ἥ
941 1604 978 1626 τε
997 1588 1190 1643 πολυφιλία

131 1647 233 1690 δοκεῖ
247 1649 318 1687 τῶν
334 1649 456 1687 καλῶν
473 1646 511 1686 ἓν
541 1640 644 1686 εἶναι·
662 1647 724 1685 καὶ
746 1647 830 1688 ἔνιοί
854 1663 942 1701 φασι
968 1648 1079 1698 μηδὲν
1106 1650 1184 1688 δια-

50 1711 66 1758 'f
131 1705 250 1762 φίριιν
266 1705 447 1769 τὸνηφίλον
466 1709 529 1746 τοῦ
556 1707 691 1759 ἀγαθοῦ
716 1706 859 1760 ἀνδρός,
879 1706 974 1747 ἀλλὰ
1002 1706 1061 1746 τὸν
1086 1707 1191 1747 αὐτὸν

68 1783 70 1787 ’
133 1766 295 1821 ἄντικρυς
309 1769 413 1807 εἶναι.

187 1825 361 1879 (Scripsi
383 1838 394 1866 ζ
413 1842 430 1861 ι
453 1825 582 1879 χρεία]
610 1840 660 1866 ex
686 1825 916 1875 Aristotele3
942 1827 1030 1866 cod.
1049 1827 1188 1880 χρείαν.

131 1883 416 1936 -*διαμείναι]
429 1885 516 1925 cod.
535 1886 699 1940 διαμείνῃ
710 1890 787 1916 —b
798 1886 861 1925 σύν
871 1887 925 1939 τε]
939 1900 987 1925 ex
1003 1886 1113 1935 Iliad.
1130 1889 1182 1928 X.

133 1951 211 1992 224
226 1961 238 1995 3
251 1945 337 1991 cod.
358 1945 471 1987 σύντε.
495 1968 550 1976 —
569 1954 583 1972 ⁶
595 1946 717 1999 ζῴων]
738 1946 827 1986 cod.
846 1946 961 1992 ζώων.
985 1969 1037 1977 -
1050 1946 1066 1970 ⁰¹
1080 1946 1116 1986 οἵ
1131 1949 1186 2001 τε]

133 2005 221 2046 cod.
244 2003 331 2048 οἵτε.
351 2013 432 2037 ——0
448 2005 470 2044 ὅ
486 2011 548 2055 τε]
565 2007 751 2058 vulgo'b',
771 2022 825 2047 τε.
848 2009 929 2037 ——f
954 2007 1048 2059 κᾶν]
1069 2008 1191 2058 vulgo

130 2062 214 2120 ιι».
234 2064 313 2119 -›

579 2172 672 2224 Κεφ.
708 2170 755 2224 β’.

294 2290 350 2328 Τίς
365 2291 386 2330 ἠ
403 2289 500 2332 φιλία,
515 2291 569 2322 καὶ
583 2290 632 2323 ὄτι
644 2289 720 2333 τρία
739 2289 835 2330 αὐτῆς
851 2290 937 2322 ἐστιν
952 2290 1034 2328 εἷδη.

187 2401 205 2420 *
224 2401 387 2451 Τοιαύτη
406 2401 470 2456 μὲν
486 2395 546 2442 οὗν
562 2404 585 2450 ἠ
599 2400 715 2456 φιλία·
733 2402 955 2454 διαπορεῖται
976 2402 1012 2441 δὲ
1027 2401 1108 2455 περὶ
1125 2404 1189 2442 αὖ-

129 2464 193 2511 τῆς
210 2462 276 2502 οὔκ
294 2460 414 2513 ὀλίγα.
439 2462 596 2514 Πότερον
618 2460 784 2512 ὁμοιότης
817 2460 910 2500 ἐστὶν
931 2464 953 2508 ἡ
986 2461 1106 2515 φιλία,
1125 2461 1189 2501 καὶ

130 2522 164 2563 οἳ
181 2520 298 2573 ὅμοιοι
316 2520 434 2574 φίλοι,
451 2519 476 2568 ἢ
495 2519 697 2567 ἐναντιότης
708 2550 718 2568 ,
738 2520 799 2559 καὶ
821 2522 852 2559 οἱ
868 2519 1008 2574 ἔχοντες
1023 2521 1188 2561 ἐναντίοι.

46 2582 69 2613 ²·
131 2579 183 2622 Οῖ
195 2578 261 2632 μὲν
271 2578 342 2634 γὰρ
357 2577 552 2632 ὁμοιότητα
569 2577 723 2619 τιθέασιν
739 2579 863 2628 αὐτήν,
875 2579 936 2618 καὶ
953 2578 1036 2624 τοὺς
1050 2578 1190 2630 ὁμοίους

131 2639 264 2696 φίλους·
286 2637 362 2679 ὅθεν
382 2639 443 2678 τὸν
460 2638 582 2691 ὁμοῖόν
604 2654 710 2693 φασιν
732 2642 778 2684 ὡς
796 2638 852 2678 τὸν
871 2642 992 2691 ὁμοῖον
1010 2669 1020 2688 ,
1042 2640 1104 2679 καὶ
1125 2655 1187 2679 κο-

111 2698 224 2747 λοιὸν
244 2698 327 2740 ποτὶ
344 2698 503 2748 κολοιόν,
526 2699 587 2738 καὶ
610 2698 675 2737 ὅσα
698 2702 864 2738 τοιαῦτα·
890 2701 922 2738 οἱ
945 2698 981 2738 δὲ
1006 2699 1188 2744 ἐναντίους

130 2758 253 2816 φίλους
268 2759 375 2813 φασὶν
393 2751 485 2817 ,εἶναι
498 2790 508 2809 ,
531 2757 593 2798 καὶ
611 2758 671 2798 τὸν
692 2758 795 2812 λόγον
813 2760 862 2803 εἷς
885 2758 924 2798 τὸ
945 2758 1185 2799 καθολικώτε-

199 2979 294 3025 Ἐρᾷν
311 2979 368 3022 μὲν
391 2979 514 3023 ὅμδρου
527 2982 623 3022 γαῖαν
637 2980 842 3023 ξηρανθεῖσαν
854 3003 865 3020 ,

199 3027 296 3071 Ἐρᾷν
315 3029 349 3062 δὲ
366 3029 482 3070 σεμνὸν
499 3029 632 3071 οὐρανὸν
649 3035 663 3052 ¹
678 3027 895 3071 πληρούμενον

187 3074 354 3119 .“ομδρου,
371 3079 482 3109 πεσεῖν
498 3077 541 3114 εἰς
557 3078 662 3118 γαῖαν·

49 3155 72 3195 s
134 3156 369 3215 Ἡράκλειτος
387 3174 404 3200 ι,
425 3158 462 3198 δὲ
493 3158 607 3212 λέγων
629 3158 669 3198 τὸ
698 3159 854 3205 ἀντίξουν
875 3157 1055 3212 συμφέρον
1075 3152 1185 3208 εἶναι,

132 3218 196 3258 καὶ
224 3219 266 3259 ἐκ
293 3221 365 3259 τῶν
397 3219 635 3275 διαφερόντων
673 3219 869 3267 καλλίστην
901 3218 1093 3272 ἁρμονίαν,
1126 3219 1187 3259 καὶ

133 3275 252 3318 πάντα
271 3280 352 3319 κατ’
374 3278 446 3332 ἔριν
465 3278 638 3332 γίνεσθαι·
660 3277 696 3324 ἐξ
715 3279 873 3323 ἐναντίας
891 3277 926 3317 δὲ
947 3278 1081 3323 τούτοις
1097 3279 1185 3318 ἀπο-

134 3336 296 3393 φαίνεται
314 3337 396 3392 περὶ
418 3342 481 3387 τῆς
509 3339 623 3393 φιλίας
650 3337 742 3390 μετὰ
770 3340 912 3378 πολλῶν
933 3337 1052 3378 ἄλλων
1072 3338 1134 3377 καὶ
1164 3341 1183 3379 ὁ

176 3458 195 3476 ’
214 3458 509 3502 Διαμφισὸητεῖται
524 3459 559 3492 δὲ
578 3460 654 3503 περὶ
674 3459 773 3500 αὐτῆς
790 3460 861 3494 κτλ.

2221 187 2298 227 491

1250 289 1332 312 num
1349 280 1432 323 quid
1452 279 1610 315 facientes
1626 281 1762 315 laudare
1788 280 2034 315 consuevimus.
2061 281 2202 316 Cernere
2227 280 2306 314 licet

1251 341 1353 373 etiam
1370 340 1402 373 in
1431 341 1767 383 peregrinationibus,
1799 352 1901 386 quam
1924 342 1967 375 sit
1987 342 2096 376 omnis
2117 341 2218 375 homo
2245 343 2308 376 ho-

1250 399 1332 433 mini
1356 400 1642 434 accommodatum
1659 401 1822 443 quiddam
1839 404 1941 444 atque
1954 402 2099 435 amicum
2114 415 2122 434 :
2141 401 2200 444 qui
2217 401 2308 435 enim

1250 460 1285 494 in
1301 462 1390 494 terra
1408 470 1470 494 sua
1485 463 1619 494 manent
1637 461 1778 495 libenter
1797 462 2063 505 peregrinantem
2077 462 2249 504 excipiunt
2273 463 2308 494 et

1251 519 1384 559 colunt,
1401 522 1434 553 et
1446 520 1505 563 qui
1522 520 1761 563 peregrinatur,
1779 521 1807 554 si
1822 523 1975 554 occurrat
1987 521 2087 555 modo
2102 521 2305 562 hominibus,

1251 579 1468 613 vehementer
1497 579 1642 614 laetatur.
1688 579 1754 614 Sed
1782 582 1817 613 et
1843 580 1997 614 civitates
2029 580 2126 614 initio
2160 579 2306 614 amicitia

1250 639 1426 672 constituit
1442 641 1476 673 et
1498 648 1629 683 semper
1644 642 1819 673 conservat
1835 652 1843 672 :
1870 642 1904 672 et
1923 640 1979 683 qui
1997 639 2202 683 respublicas
2226 649 2307 673 con-

1252 700 1435 732 stituerunt
1451 699 1561 742 legum
1586 699 1709 733 latores
1724 700 1884 742 maj0rem
1911 699 2067 735 amicitiae
2088 709 2189 743 quam
2202 699 2308 741 Justi-

1252 758 1309 791 tiae
1327 759 1491 792 rationem
1509 758 1635 792 habent
1665 771 1673 792 ι
1694 758 1880 792 concordias
1909 760 2033 802 quippe
2054 767 2156 792 causa
2176 758 2310 801 justitia

1253 818 1417 861 quaeritur
1437 830 1445 850 :
1463 818 1639 852 concordia
1667 821 1781 852 autem
1801 818 1920 852 similis
1948 822 1999 851 est
2017 818 2192 858 amicitiae,
2224 818 2309 851 sicut

1252 878 1370 912 seditio
1389 877 1432 911 ad
1449 878 1630 911 inimicitiae
1645 877 1897 912 similitudinem
1907 879 2046 919 accedit,
2062 888 2165 922 quam
2179 887 2310 921 semper

1252 947 1272 970 a
1291 937 1429 971 civitate
1442 946 1557 971 arcere
1583 937 1722 972 student
1750 938 1861 980 legum
1885 938 2017 972 latores.
2042 938 2136 972 Adde
2152 936 2246 981 quod
2267 947 2309 971 ne

1250 1006 1337 1040 opus
1361 997 1499 1041 quidem
1519 997 1645 1031 civitati
1656 998 1788 1041 iustitia
1809 1000 1880 1038 est,
1906 999 1935 1031 si
1957 998 2054 1031 amici
2078 998 2165 1031 inter
2191 1007 2226 1031 se
2242 997 2309 1031 sint

1251 1057 1362 1098 civeS,
1380 1059 1496 1090 contra
1510 1066 1591 1090 vero
1605 1057 1682 1090 licet
1701 1057 1767 1091 sint
1779 1058 1862 1100 justi
1876 1084 1884 1096 ,
1909 1057 2055 1090 amicitia
2086 1060 2199 1091 tamen
2224 1066 2310 1100 opus

1251 1117 1328 1150 est:
1349 1125 1430 1149 cum
1453 1116 1518 1149 hac
1538 1117 1627 1149 enim
1641 1126 1745 1159 quam
1771 1126 1849 1150 cum
1873 1117 2004 1159 justitia
2028 1117 2224 1150 concordius
2262 1118 2310 1150 vi-

1251 1178 1342 1210 vent.
1366 1176 1455 1216 Quin
1469 1176 1570 1210 etiam
1587 1175 1680 1219 quod
1693 1176 1920 1219 iustissimum
1934 1178 1986 1210 est
2000 1176 2043 1209 ad
2058 1177 2221 1210 amicitias
2233 1177 2302 1220 iun·

1251 1237 1376 1281 gendas
1393 1236 1777 1271 accommodatissimum
1797 1236 1933 1270 videtur
1945 1237 1967 1278 ξε
1990 1247 2095 1279 quum
2117 1237 2194 1280 quis
2222 1237 2311 1271 enim

1249 1298 1326 1341 jura
1350 1297 1462 1331 omnia
1476 1297 1632 1331 observat
1655 1296 1691 1330 in
1707 1296 1789 1338 alio,
1819 1305 1926 1338 neque
1949 1296 2134 1338 quidquam
2164 1299 2309 1339 praeter-

1251 1357 1374 1396 mittit,
1395 1367 1436 1391 ac
1447 1366 1489 1391 ne
1502 1366 1635 1400 poenam
1651 1356 1791 1400 quidem
1809 1356 1837 1388 si
1858 1358 2037 1395 mereatur,
2053 1356 2082 1389 is
2102 1358 2214 1390 tamen
2226 1357 2312 1390 ami-

1252 1427 1313 1451 cus
1330 1417 1395 1451 erit
1423 1417 1669 1460 :quamobrem
1691 1415 1839 1450 amicitia
1870 1416 1976 1459 magis
1999 1426 2104 1459 quam
2128 1417 2262 1459 justitia
2291 1427 2312 1450 a

1252 1477 1362 1521 legum
1394 1478 1557 1512 latoribus
1585 1476 1776 1520 expetitur,
1807 1477 1925 1520 estque
1959 1486 1998 1510 ea
2019 1476 2062 1510 ad
2092 1486 2206 1510 veram
2236 1487 2313 1510 con-

1253 1538 1404 1572 cordiam
1431 1538 1566 1571 omnino
1595 1536 1792 1571 necessaria.
1827 1539 1943 1580 Neque
1973 1539 2107 1570 tantum
2127 1538 2312 1571 necessaria

1252 1599 1304 1631 est
1322 1599 1356 1630 et
1382 1596 1427 1630 ad
1452 1596 1544 1630 aliud
1575 1596 1699 1630 bonum
1726 1596 1875 1640 confert,
1893 1595 1953 1630 sed
1967 1596 2068 1630 etiam
2096 1596 2167 1639 ipsa
2198 1607 2256 1639 per
2276 1606 2312 1631 se

1252 1657 1391 1700 pulchra
1407 1658 1441 1690 et
1454 1655 1632 1690 laudabilis
1650 1658 1702 1690 est
1722 1667 1730 1690 ι
1752 1667 1831 1691 nam
1851 1657 2034 1691 amicorum
2054 1656 2223 1690 studiosos
2238 1657 2312 1690 lau-

1251 1717 1383 1758 damus,
1403 1718 1438 1750 et
1457 1716 1644 1750 amicorum
1671 1716 1855 1750 multitudo
1877 1716 2015 1750 videtur
2029 1726 2096 1750 una
2110 1725 2151 1750 ex
2169 1716 2311 1759 praecla-

1252 1777 1299 1810 ris
1315 1786 1388 1811 esse
1400 1776 1501 1810 rebus
1517 1789 1525 1809 ι
1544 1777 1692 1810 nonnulli
1709 1786 1844 1821 quoque
1855 1776 1940 1810 nibil
1952 1786 1972 1810 a
1985 1776 2059 1810 viro
2073 1776 2159 1810 bono
2175 1776 2311 1812 differre

1251 1839 1396 1873 amicum
1409 1838 1627 1879 arbitrantur,
1643 1837 1703 1873 sed
1716 1839 1814 1882 plane
1828 1837 1973 1873 eundem
1986 1847 2072 1873 esse.

1710 2172 1789 2233 Gap.
1814 2191 1858 2223 11,

1395 2315 1471 2349 Quae
1487 2312 1526 2343 sit
1541 2312 1673 2344 amicitia
1689 2322 1696 2341 ε
1711 2313 1785 2343 item
1800 2315 1863 2344 tres
1878 2315 1947 2350 ejus
1962 2314 2076 2352 specie·
2091 2321 2164 2344 esse.

1295 2420 1385 2454 Talis
1402 2429 1480 2463 ergo
1499 2419 1648 2454 amicitia
1662 2423 1714 2455 est
1734 2430 1743 2452 ε
1761 2422 1842 2454 sunt
1865 2423 1980 2455 autem
2002 2420 2045 2455 de
2059 2421 2117 2455 illa
2135 2420 2312 2464 disputan-

1253 2473 1344 2507 tibus
1367 2473 1456 2506 haud
1488 2482 1618 2516 pauca,
1649 2473 1692 2507 de
1717 2472 1841 2517 quibus
1856 2473 2044 2508 dubitatur.
2080 2476 2126 2507 Ac
2158 2474 2306 2517 primum

1252 2527 1408 2571 quidem,
1436 2529 1552 2560 utrum
1577 2525 1761 2560 similitudo
1786 2527 1829 2560 sit
1849 2527 2014 2567 amicitia,
2035 2526 2227 2571 similesque
2246 2528 2313 2561 sint

1252 2581 1368 2622 amici,
1387 2590 1427 2613 an
1446 2580 1664 2613 contrarietas
1693 2582 1728 2614 et
1753 2580 1910 2614 contrarii
1938 2580 1998 2624 qui
2024 2580 2206 2614 amicitiam
2235 2589 2312 2614 cum

1252 2634 1364 2677 aliquo
1377 2636 1506 2676 gerunt.
1522 2633 1584 2666 Alii
1597 2633 1684 2666 enim
1702 2643 1774 2667 eam
1789 2633 2042 2667 similitudinem
2061 2643 2132 2667 esse
2143 2636 2309 2674 statuunt,

1252 2689 1286 2720 et
1305 2687 1432 2720 similes
1448 2685 1574 2719 amicos
1592 2698 1600 2717 z
1623 2695 1664 2719 ex
1683 2695 1752 2728 quo
1772 2686 1949 2729 proverbia
1967 2689 2045 2720 nata
2067 2689 2159 2726 sunt,
2182 2696 2313 2730 semper

1251 2739 1394 2774 similem
1412 2738 1455 2772 ad
1480 2739 1642 2778 similem,
1665 2742 1699 2772 et
1725 2740 1901 2782 graculum
1920 2739 1963 2773 ad
1983 2739 2167 2783 graculum,
2190 2742 2225 2774 et
2244 2750 2311 2774 cae-

1252 2795 1323 2826 tera
1339 2793 1442 2835 hujus
1459 2792 1610 2835 generis:
1635 2791 1693 2825 alii
1715 2801 1796 2825 vero
1811 2792 1997 2825 contrarios
2011 2792 2137 2826 amicos
2160 2803 2234 2827 esse
2262 2792 2309 2826 af-

1251 2845 1406 2886 firmant,
1437 2847 1612 2888 totamque
1633 2853 1705 2878 rem
1731 2844 1837 2886 magis
1867 2845 2024 2878 universe
2053 2847 2239 2888 spectatam
2267 2847 2310 2880 ad

1252 2900 1421 2934 naturales
1436 2898 1582 2932 rationes
1597 2898 1765 2937 referunt,
1788 2902 1827 2932 ut
1842 2898 2029 2941 Euripides,
2049 2909 2156 2942 quum
2170 2899 2218 2933 ait
2237 2915 2245 2934 z

1322 2990 1412 3018 Amat
1426 2987 1550 3025 quidem
1563 2987 1692 3019 imbrem
1710 2990 1791 3018 terra
1806 3010 1813 3023 ,
1828 2995 1924 3026 quum
1937 2988 2051 3018 siccum
2067 2988 2166 3018 solum
2179 3010 2189 3024 ,

1323 3038 1414 3066 Amat
1425 3043 1547 3074 quoque
1566 3036 1719 3066 excelsum
1733 3035 1880 3065 imbribus
1894 3036 2006 3066 coelum
2018 3044 2112 3073 grave
2120 3057 2128 3072 ‚

1320 3083 1463 3120 Agitante
1476 3084 1593 3113 venere
1611 3082 1643 3112 in
1657 3082 1774 3120 gremia
1792 3084 1883 3112 terrae
1896 3082 2011 3112 labier:

1250 3165 1283 3196 et
1301 3162 1488 3196 Heraclitus
1502 3171 1610 3205 quum
1625 3161 1690 3202 ait,
1706 3161 1910 3195 contrarium
1926 3161 2009 3194 utile
2032 3169 2124 3198 esse,
2149 3162 2182 3193 et
2199 3169 2240 3193 ex
2254 3160 2309 3194 di-

1249 3222 1354 3256 versis
1369 3221 1631 3265 pulcherrimum
1647 3223 1845 3255 concentum
1859 3221 2021 3255 exsistere
2036 3245 2045 3259 ,
2062 3221 2095 3252 et
2112 3228 2153 3252 ex
2171 3222 2308 3254 conten-

1248 3283 1337 3316 tione
1352 3282 1462 3315 omnia
1482 3282 1562 3316 oriri
1579 3293 1588 3315 ι
1607 3282 1661 3316 his
1675 3282 1876 3316 contrariam
1889 3281 1930 3314 de
1948 3280 2093 3314 amicitia
2110 3280 2307 3314 sententiam

1247 3353 1324 3377 cum
1341 3342 1415 3377 aliis
1434 3342 1553 3376 multis
1568 3342 1785 3386 Empedocles
1802 3341 1894 3380 dicit,
1915 3340 2085 3374 affirmans
2107 3339 2214 3373 simile
2234 3340 2307 3382 ejus
