2508 3776
634 142 937 184 ETHICORUM
964 139 1416 188 NICOMACHEORUM
1435 139 1817 182 PARAPHRASIS.

139 231 371 285 volumi<
383 229 569 284 ὑπερέχει,
593 231 652 271 διὰ
668 235 773 272 τοῦτο
787 235 810 281 ἡ
826 231 925 287 φιλία
942 233 1097 272 ἐνταῦθα
1115 230 1191 285 χώ-

194 291 243 350 ’,ξ
255 287 320 336 οὒκ
339 288 428 343 Ιἔχει·
459 290 564 338 δῆλον
594 291 630 330 δὲ
653 291 715 332 καὶ
745 292 804 332 ἐπὶ
830 294 900 332 τῶν
934 290 1126 346 βασιλέων·
1152 291 1192 332 οὗ

162 344 167 350 ’
203 344 315 395 ,οὗδὶ
337 348 472 393 τούτοις
501 350 654 396 ἀξιοῦσιν
676 345 766 391 εἶναι
783 351 929 407 φίλοιοὶ
957 351 1049 391 πολὺ
1074 367 1192 390 κατα-

208 405 219 412 ’
243 414 246 416 ’
262 404 331 463 pot·
349 409 428 449 οῦδὲ
448 411 518 454 τοῖς
537 409 690 463 ἀρίστοις
716 410 739 459 ἢ
765 410 981 466 σοφωτάτοις
996 412 1028 450 οἱ
1044 409 1193 471 μηδενρς

8 462 11 468 ’
34 491 75 519 ;
138 450 389 521 &210th
403 462 463 510 οῧν
486 470 623 524 σφόδρα
652 470 873 526 διαφέροντες
895 473 934 511 οὗ
955 470 1122 510 δύνανται
1141 472 1194 509 εἰ-

8 556 10 566 .
66 531 67 534 ’
137 526 328 582 ν’σῖιῑφίλοι·
341 529 378 568 ἐν
396 528 435 569 δὲ
454 530 582 585 μετρία
609 533 766 585 ὑπεροχῇ
791 530 950 572 δυνατόν.

175 585 293 645 ,ῘίΕν
311 587 405 643 πόσῃ
424 587 460 629 δὲ
477 590 683 644 ὡρισμένως
702 591 812 630 εἰπεῖν
823 620 834 640 ,
850 591 911 630 καὶ
929 589 1060 643 ἀκριὸἧ
1075 590 1195 629 δοῦναι

139 638 243 700 λόγον
267 642 334 688 οὐκ
351 648 417 689 ἔνι·
439 648 599 704 καὶγὰρ
622 650 764 689 πολλῶν
798 649 1066 703 ἀφαιρουμένων
1095 647 1194 701 παρὰ

140 706 359 762 θετέροατῷ
377 709 488 763 φίλων
502 740 514 760 ,
538 708 631 749 ὥστε
650 709 792 763 θάτερον
810 708 994 763 ὑπερέχειν
1008 739 1018 757 ,
1040 707 1195 760 συμὸαί-

139 781 192 807 νει
210 766 274 819 μὲν
299 767 362 817 τὴν
376 768 496 823 φιλίαν
520 768 573 810 ἔτι
594 769 734 821 μένειν,
765 768 955 820 συμὸαίνει
977 767 1013 807 δὲ
1032 767 1192 814 λύεσθαι,

142 823 227 866 θὴν
239 826 500 881 ἰ’νιόλὺγένηται
525 827 655 881 μεταξὺ
675 827 715 868 τὸ
734 827 939 881 διάστημα,
959 829 1119 881 καθάπερ
1139 827 1193 880 ἐφ’

139 885 324 937 ἡμῧὺτιιὺὶ
334 888 404 926 ,τοῦ
419 891 513 928 θεοῦ.

160 955 164 962 '
184 943 235 975 Ψ*-
246 945 323 987 ΔιὰΙ
333 951 436 988 τοῦτο
453 946 515 987 καὶ
536 949 738 1002 ἀπορεῖται,
763 948 903 1001 μήποτε
920 948 931 972 s
948 949 987 988 οὗ
1009 947 1196 1000 βούλονται

139 1004 289 1060 ὡφίλοι
309 1012 381 1053 τοῖς
410 1006 523 1062 φίλοις
542 1006 588 1046 τὰ
622 1007 774 1061 μέγιστα
793 1011 862 1048 τῶν
894 1011 1048 1062 ἀγαθῶν·
1075 1009 1106 1047 εἷ
1125 1006 1195 1060 γὰρ

143 1065 350 1119 βούλονται,
390 1067 616 1114 συνεύξονται
643 1069 760 1114 αὐτοῖς
791 1068 853 1108 καὶ
884 1072 973 1113 θεοῖς
1010 1066 1188 1122 γενέσθαι·

109 1125 118 1136 ’
141 1130 246 1168 τοῦτο
263 1126 301 1167 δὲ
315 1127 415 1168 λύσει
431 1127 494 1177 τὴν
513 1128 646 1184 φιλίαν“
680 1128 772 1169 ὥστε
801 1130 831 1168 εἷ
863 1128 1047 1184 βούλονται
1076 1130 1195 1172 αὐτοῖς

142 1184 190 1226 τᾶ
206 1185 362 1240 μέγιστα
380 1191 451 1228 τῶν
471 1189 636 1242 ἀγαθῶν,
670 1187 859 1243 βούλονται
892 1188 942 1239 μὴ
965 1183 1057 1229 εἶναι
1080 1191 1196 1234 αὐτοῖς

143 1245 276 1300 φίλους·
290 1251 397 1288 τοῦτο
421 1248 458 1288 δὲ
484 1248 641 1289 ἐναντίον
674 1250 749 1289 ἐστὶ
769 1252 820 1303 τῷ
841 1249 937 1304 λόγῳ
965 1253 1030 1298 τῆς
1049 1250 1168 1304 φιλίας
1181 1281 1192 1298 ,

142 1305 374 1356 &wem-382
405 1309 526 1354 αὐτοῖς
550 1307 691 1348 ἔσονται
720 1309 868 1362 ἀγαθοί,
893 1310 943 1361 μὴ
969 1308 1066 1354 ὅντες
1087 1309 1193 1364 φίλοι·

141 1365 298 1420 οόιῑᾶρα
329 1366 553 1414 συνεύξονται
582 1370 699 1414 αὐτοῖς
718 1367 763 1408 τὰ
791 1372 939 1409 τοιαῦτα
960 1370 1087 1421 ἀγαθά.
1108 1368 1197 1418 Ῥη-

89 1473 92 1476 ,
141 1429 220 1467 τίον
247 1425 285 1466 δὲ
303 1426 393 1481 πρὸς
412 1431 537 1478 τοῦτο,
562 1427 616 1468 ὅτι
639 1430 658 1467 ὁ
681 1427 779 1482 φίλος
801 1431 852 1482 τῷ
872 1429 965 1484 φίλῳ
986 1429 1197 1484 συνεύχεται

141 1486 187 1528 τὰ
207 1487 326 1542 ἆγαθοί
339 1518 352 1540 ,
372 1487 504 1529 ἐκείνου
527 1487 646 1528 ἕνεκα·
665 1490 696 1528 εἷ
715 1489 752 1528 δὲ
769 1489 902 1529 ἐκείνου
920 1490 1025 1530 ἕνεκα
1038 1520 1050 1538 ,
1068 1492 1120 1530 δεῖ
1139 1490 1199 1529 τὸν

141 1546 243 1602 φίλον
261 1547 399 1600 μένειν,
419 1547 480 1588 καὶ
500 1549 596 1602 αὐτῷ
627 1547 808 1599 συμὸἧναι
825 1549 869 1589 τὰ
891 1549 1023 1602 ἀγαθά·
1048 1550 1146 1601 μένοι
1169 1551 1198 1589 δ’

141 1605 205 1657 ἄν,
215 1609 252 1647 εἰ
276 1607 458 1661 ἅνθρωπος
488 1607 568 1660 εἴη,
588 1607 650 1647 καὶ
669 1608 720 1659 μὴ
743 1607 820 1653 θεὸς
844 1608 980 1661 γένοιτο
1007 1609 1043 1655 ἐξ
1063 1609 1198 1664 ἀνθρώ·

140 1679 224 1708 mu?
241 1665 416 1722 ἀνθρώπῳ
433 1666 470 1708 δὲ
495 1666 572 1707 ὄντι
594 1667 810 1721 βουλήσεται
832 1671 850 1707 ὁ
867 1668 967 1723 φίλος
984 1669 1028 1708 τὰ
1046 1669 1200 1723 μέγιστα

101 1778 104 1781 ι
139 1725 301 1780 γενέσθαι
336 1726 475 1779 ἀγαθοί,
508 1725 594 1772 ἴσως
625 1727 660 1766 δὲ
702 1728 741 1767 οὐ
781 1728 922 1777 πάντα,
968 1730 1128 1784 καθάπερ
1167 1732 1200 1770 ot

140 1785 285 1832 πλείους
302 1788 372 1826 τῶν
396 1787 508 1842 φίλων
534 1787 688 1841 ἔχουσιν·
717 1789 814 1843 αὐτῷ
834 1788 903 1843 γὰρ
931 1789 1090 1842 μάλιστα
1118 1790 1201 1830 ἕκα-

142 1856 223 1892 στος
243 1845 411 1900 βούλεται
436 1846 483 1886 τὰ
503 1846 632 1900 ἀγαθά.

153 1921 169 1931 2‘
193 1906 369 1961 (Scripsi
387 1921 397 1946 ε
413 1911 429 1931 ⁸
446 1906 619 1963 γίνηται]
639 1907 727 1949 cod.
743 1908 892 1962 γίνεται.
913 1934 966 1940 -
979 1912 995 1936 ¹’
1016 1910 1197 1964 σώζηται]

141 1966 231 2008 cod.
255 1966 419 2013 σώζεται.
450 1990 502 1999 ,-.
518 1973 533 1991 ⁶
563 1966 629 2007 κᾶν
659 1968 794 2022 σφόδρα
812 1971 864 2022 τῷ
895 1972 996 2022 ποσῷ
1027 1971 1197 2027 διαφέρῃ]

141 2027 230 2069 offis
243 2026 311 2082 κᾷν
329 2025 464 2081 σφόδρα
482 2029 535 2081 τῷ
555 2043 657 2082 ποσῳ
678 2029 848 2082 διαφέρει.
870 2053 924 2059 —-
942 2032 959 2056 ‘¹
976 2031 1196 2085 διαφέρωσι]

141 2086 230 2128 cod.
246 2087 475 2140 διαφέρωσιν.
492 2108 546 2116 --
564 2098 579 2117 ⁶
597 2086 748 2142 χώραν]
769 2088 859 2129 cod.
879 2089 1011 2143 χώραν.
1033 2113 1086 2120 -
1101 2090 1112 2114 ¹
1128 2091 1199 2142 μή·

34 2119 54 2155 ’Ὺ
74 2161 78 2164 ·
143 2147 260 2198 ποτε]
281 2147 371 2186 cod.
391 2145 442 2198 μή
461 2161 563 2188 ποτε.
579 2143 656 2201 -’-)

593 2258 686 2312 Κεφ.
718 2254 756 2297 ι’.

149 2371 250 2415 ,,Περὶ
268 2373 326 2412 τῆς
339 2371 374 2404 ἐν
387 2373 435 2413 τῷ
453 2371 556 2414 φιλεῖν
577 2371 697 2445 μᾶλλὶον
710 2395 719 2411 ,
738 2372 759 2411 ἢ
783 2371 816 2404 ἐν
836 2373 882 2413 τῷ
897 2371 1056 2412 φιλεῖσθαι
1082 2371 1180 2410 οὔσης

617 2425 649 2455 φι
663 2424 733 2450 ιιοις.

148 2518 162 2530 ’“
179 2522 181 2537 “
198 2513 255 2533 ’Μ
271 2515 320 2555 Οἳ
341 2512 467 2554 πολλοὶ
489 2511 524 2553 δὲ
545 2514 685 2553 δοκοῦσι
707 2511 764 2553 διὰ
781 2512 987 2566 φιλοτιμίαν
1012 2512 1200 2565 βούλεσθαι

145 2571 541 2628 μᾶλλον·φιλεῖσθαι,ἢ
569 2574 699 2626 φιλεῖν·
723 2572 777 2611 διὸ
804 2572 1032 2625 φιλοκόλακες
1061 2574 1093 2612 οἱ
1113 2578 1201 2612 πολ·

145 2632 228 2680 Mi.
257 2632 320 2673 καὶ
347 2632 496 2681 ἥδονται
525 2631 650 2678 κόλαξι
678 2630 857 2680 συνόντες,
886 2630 940 2670 ὅτι
971 2631 1199 2686 ὑπερέχουσιν

147 2692 284 2744 αὑτῶν,
305 2692 502 2734 δοκούντων
522 2685 611 2732 εἶναι
641 2691 767 2746 φίλων·
791 2691 831 2730 τὸ
852 2689 889 2730 δὲ
919 2691 1106 2744 ὑπερέχειν
1129 2695 1200 2731 τῶν

143 2751 255 2808 φίλων
272 2753 346 2799 τοῖς
363 2752 559 2808 φιλοτίμοις
579 2751 660 2800 ἡδύ·
688 2753 750 2791 καὶ
770 2750 839 2805 γὰρ
870 2752 902 2790 οἱ
923 2751 1071 2796 κόλακες
1089 2768 1198 2805 προσ.

143 2817 327 2854 ποιοῦνται
366 2812 486 2854 πάντα
521 2815 591 2853 τῶν
620 2811 793 2853 συνόντων
824 2814 1021 2862 ἡττᾶσθαι,
1049 2811 1110 2851 καὶ
1141 2812 1200 2852 διὰ

143 2877 249 2914 τοῦτο
277 2874 391 2928 φιλεῖν
413 2874 573 2924 μᾶλλον,
603 2871 627 2920 ἢ
662 2872 857 2926 φιλεῖσθαι·
883 2872 925 2912 τὸ
957 2871 994 2911 δὲ
1021 2872 1200 2927 φιλεῖσθαι

145 2931 249 2986 ἰγγὶις
281 2927 369 2973 εἶναι
401 2933 497 2974 δοκεῖ
528 2935 591 2973 τοῦ
632 2935 826 2985 τιμᾶσθαι,
858 2926 897 2971 οῧ
926 2931 970 2981 δὴ
1004 2934 1036 2972 οἱ
1070 2934 1200 2974 πολλοὶ

143 2991 311 3047 ἰφίενται.

154 3062 163 3066 ”
196 3050 272 3074 ““”
286 3050 338 3093 Τὸ
353 3050 390 3091 δὲ
403 3054 575 3104 τιμᾶσθαι
592 3052 631 3090 οὗ
646 3053 692 3091 δι’
714 3050 816 3091 ἑαυτὸ
830 3053 990 3100 ζητοῦσιν
1006 3053 1038 3091 οἱ
1059 3053 1201 3101 ζητοῦν-

143 3113 216 3163 τες,
232 3111 325 3152 ἀλλὰ
341 3111 436 3151 κατὰ
456 3110 695 3162 συμὸεὸηκός·
715 3110 759 3150 δι’
776 3110 864 3151 ἄλλο
882 3110 951 3163 γὰρ
972 3111 1068 3150 δοκεῖ
1084 3112 1200 3157 αὐτοῖς

146 3170 278 3224 ἀγαθὸν
305 3173 331 3220 ἡ
350 3170 452 3223 ‘ny-⁷5·
470 3174 542 3217 τοῖς
563 3171 628 3222 μὲν
656 3171 799 3215 πολλοῖς
825 3170 893 3210 ὑπὸ
916 3172 985 3210 τῶν
1007 3171 1200 3225 ὑπερεχόν-

145 3244 215 3269 των
231 3231 466 3283 τιμωμένοις,
489 3230 549 3270 διὰ
576 3230 640 3278 τὴν
661 3230 805 3270 {anisa-
823 3230 956 3270 οἴονται
979 3229 1049 3285 γὰρ
1079 3237 1200 3285 τυχεῖν

2227 142 2306 182 503

1254 236 1320 269 bus
1336 234 1432 269 bonis
1445 235 1631 276 antecellit,
1650 235 1776 269 idcirco
1799 236 1911 270 locum
1932 234 1979 270 ibi
1997 234 2144 269 amicitia
2159 244 2226 268 non
2248 235 2308 270 ha·

1252 295 1310 330 bet
1327 303 1336 327 ι
1357 295 1569 338 perspicuum
1588 295 1677 329 idem
1690 296 1792 330 etiam
1808 296 1842 330 in
1860 296 1995 339 regibus
2008 298 2060 330 est
2079 307 2088 329 ι
2109 305 2187 330 nam
2202 305 2310 339 neque

1255 354 1300 388 ad
1333 354 1455 388 horum
1496 355 1678 390 amicitiam
1709 357 1855 400 aspirare
1885 358 2048 391 conantur
2069 356 2093 390 ii
2112 356 2171 400 qui
2203 356 2311 390 multo

1252 416 1332 448 sunt
1350 414 1524 448 inferiores
1535 442 1543 454 ,
1566 424 1675 459 neque
1691 417 2042 459 praestantissimorum
2059 419 2117 450 aut
2134 416 2311 460 sapientis-

1253 474 1415 508 simorum
1450 474 1602 508 virorum
1645 475 1826 509 amicitiam
1855 478 2018 519 expetunt
2050 475 2176 510 nullius
2209 475 2311 519 pretii

1253 534 1415 568 homines.
1433 533 1499 574 Qui
1511 543 1588 577 ergo
1603 535 1749 568 multum
1766 536 1854 569 inter
1871 545 1906 569 se
1917 535 2101 575 differunt,
2122 535 2222 569 amici
2239 543 2313 569 esse

1254 603 1320 628 non
1338 595 1497 637 possunt:
1514 594 1549 627 in
1562 594 1719 628 mediocri
1742 597 1853 629 tamen
1880 595 2077 629 excellentia
2093 595 2250 629 amicitiae
2267 596 2314 629 lo·

1255 663 1315 688 cus
1326 656 1388 688 est.
1407 657 1445 688 In
1461 656 1586 698 quanta
1602 664 1681 688 vero
1694 655 1888 690 excellentia
1911 655 2069 688 amicitiae
2084 656 2177 688 locus
2195 655 2258 694 sit,
2278 654 2315 688 id

1254 712 1389 748 definite
1405 714 1515 748 dicere
1532 716 1566 747 et
1591 717 1781 748 accuratam
1799 715 1961 748 rationem
1980 714 2121 748 reddere
2138 725 2236 748 nemo
2253 724 2315 758 po-

1256 774 1322 806 test
1342 786 1350 806 :
1370 783 1448 806 nam
1476 774 1504 806 si
1527 775 1635 808 multa
1652 775 1746 808 alteri
1775 775 1959 808 amicorum
1985 775 2179 818 eripiantur,
2201 775 2250 808 ita
2276 775 2315 808 ut

1256 832 1397 865 excellat
1416 833 1512 872 alter,
1528 836 1659 868 constat
1681 835 1897 868 nihilominus
1917 835 2029 868 adhuc
2044 835 2226 868 amicitiam
2242 844 2317 868 ma·

1258 900 1336 924 nere
1348 918 1355 931 ,
1383 891 1522 926 dissolvi
1540 896 1653 927 autem
1682 904 1789 937 quum
1806 895 1904 928 nimis
1922 904 2080 936 magnum
2103 894 2249 938 spatium
2263 894 2317 927 in-

1257 951 1435 994 terjectum
1451 954 1520 991 est,
1541 953 1635 986 velut
1651 953 1738 987 inter
1755 964 1815 987 nos
1833 956 1866 987 et
1885 955 1995 990 deum.

1300 1014 1507 1055 Quapropter
1527 1013 1629 1046 etiam
1654 1014 1762 1057 quaeri
1781 1014 1880 1052 solet,
1897 1015 2098 1057 exoptentne
2114 1013 2211 1047 amici
2233 1013 2319 1048 ami-

1257 1070 1306 1104 cis
1322 1071 1467 1104 maxima
1479 1072 1584 1113 bona;
1598 1083 1676 1106 nam
1692 1074 1721 1106 si
1737 1082 1774 1106 ex
1789 1074 1898 1106 animo
1912 1073 1995 1121 bene
2012 1074 2059 1107 eis
2074 1073 2203 1113 volunt,
2217 1074 2319 1107 etiam

1258 1133 1298 1164 ut
1315 1130 1364 1164 dii
1381 1131 1465 1165 fiant
1484 1132 1648 1175 optabunt
1666 1146 1673 1166 ι
1694 1134 1757 1166 hoc
1776 1135 1890 1167 autem
1919 1133 2100 1166 amicitiam
2125 1133 2310 1166 dissolvet:

1258 1191 1374 1234 itaque
1398 1191 1426 1225 si
1445 1193 1590 1226 maxima
1611 1193 1677 1226 illis
1706 1193 1791 1227 bona
1817 1195 1995 1236 exoptant,
2031 1193 2149 1226 nolunt
2170 1203 2227 1226 eos
2246 1202 2320 1226 am-

1259 1250 1348 1294 plius
1369 1250 1433 1284 sibi
1452 1260 1525 1284 esse
1541 1251 1666 1284 amicos
1692 1263 1700 1284 ε
1724 1252 1788 1285 hoc
1809 1261 1890 1285 vero
1907 1260 1985 1284 cnm
2013 1252 2171 1285 amicitiae
2194 1253 2321 1285 ratione

1260 1311 1386 1354 pugnat
1398 1335 1406 1351 ,
1425 1310 1484 1344 sed
1503 1320 1545 1345 ne
1565 1310 1643 1344 boni
1658 1311 1795 1354 quidem
1810 1311 1876 1344 illis
1890 1312 1960 1354 ,iam
1976 1313 2091 1351 erunt,
2116 1311 2220 1345 sinon
2243 1314 2322 1346 sunt

1260 1369 1359 1404 amici
1382 1381 1390 1402 ε
1407 1379 1513 1413 quare
1532 1371 1612 1404 talia
1628 1371 1713 1405 bona
1731 1371 1774 1405 iis
1792 1381 1858 1405 non
1883 1371 2059 1415 optabunt.
2080 1372 2131 1405 Ad
2156 1372 2247 1415 quod
2266 1382 2322 1406 re-

1260 1429 1490 1474 spondendum
1505 1432 1576 1470 est,
1594 1440 1655 1464 suo
1676 1440 1845 1475 quemque
1860 1431 1967 1464 amieo
1983 1433 2098 1474 optare
2114 1431 2210 1471 bona,
2230 1431 2322 1464 illius

1261 1499 1363 1525 causa
1380 1503 1389 1524 ε
1407 1491 1528 1534 quodsi
1548 1491 1639 1524 illius
1656 1500 1767 1530 causa,
1786 1500 1922 1524 manere
1944 1492 2076 1534 oportet
2094 1491 2258 1530 amicum,
2281 1493 2321 1524 ut

1260 1551 1346 1586 bona
1363 1552 1414 1586 illi
1433 1551 1566 1586 evenire
1578 1551 1706 1594 possint
1728 1561 1736 1583 :
1760 1550 1908 1584 manebit
1925 1552 2058 1589 autem,
2088 1550 2115 1583 si
2134 1551 2234 1583 homo
2251 1550 2314 1590 sit,

1260 1621 1368 1656 neque
1386 1611 1471 1646 deus
1487 1611 1547 1644 fiat
1562 1619 1605 1644 ex
1627 1610 1763 1643 homine
1789 1622 1798 1641 :
1826 1609 1952 1643 homini
1973 1619 2053 1643 vero
2078 1609 2226 1642 maxima
2248 1610 2322 1652 qui-

1261 1672 1338 1706 dem
1362 1673 1448 1706 bona
1479 1671 1610 1704 amicus
1636 1670 1828 1714 contingere
1855 1670 1965 1709 volet,
1993 1669 2051 1703 sed
2082 1668 2224 1703 fortasse
2256 1680 2322 1703 non

1260 1732 1389 1770 omnia,
1414 1729 1699 1774 quemadmodum
1717 1730 1868 1773 plerique
1891 1729 1989 1763 amici
2006 1739 2014 1762 ε
2032 1728 2095 1763 sibi
2108 1729 2197 1763 enim
2209 1729 2321 1763 maxi-

1261 1799 1316 1824 me
1334 1790 1411 1824 vult
1426 1789 1572 1834 quisque
1592 1789 1678 1823 bona
1696 1788 1840 1823 evenire.

1728 2258 1809 2301 Cap.
1833 2260 1872 2291 X.

1356 2370 1449 2408 Magis
1466 2371 1498 2400 in
1515 2378 1561 2408 eo,
1578 2373 1611 2401 ut
1626 2373 1707 2402 amet
1721 2371 1799 2408 quis,
1814 2379 1905 2407 quam
1919 2372 1955 2400 ut
1967 2370 2098 2407 ametur,
2117 2370 2231 2400 versari

1700 2412 1874 2442 amicitiam.

1304 2516 1434 2558 Vulgus
1462 2519 1575 2549 autem
1594 2516 1730 2550 honoris
1758 2516 1870 2550 studio
1890 2516 2031 2550 ductum
2059 2517 2159 2551 malle
2186 2516 2321 2551 videtur

1262 2576 1367 2609 amari
1403 2585 1506 2619 quam
1541 2585 1654 2610 amare
1691 2590 1700 2611 ι
1736 2575 1878 2621 ideoque
1919 2577 2070 2621 plerique
2099 2579 2322 2611 assentatores

1263 2637 1376 2669 amant
1400 2645 1440 2669 ao
1458 2635 1599 2670 libenter
1626 2646 1703 2670 cum
1732 2636 1774 2670 iis
1799 2639 1987 2676 versantur,
2018 2638 2099 2681 quia
2133 2638 2321 2681 superiores

1261 2695 1328 2729 illis
1357 2698 1452 2735 sunt,
1473 2705 1580 2739 quum
1610 2698 1722 2730 tamen
1742 2695 1841 2731 amici
1872 2696 2051 2730 videantur
2076 2710 2084 2730 :
2115 2698 2319 2740 superiorem

1260 2765 1341 2790 vero
1360 2765 1432 2789 esse
1451 2755 1587 2795 amicis,
1618 2755 1804 2790 ambitiosis
1824 2759 1958 2798 gratum
1985 2759 2037 2791 est
2066 2771 2075 2790 ι
2100 2767 2244 2802 namque
2263 2768 2320 2792 as-

1261 2817 1447 2849 sentatores
1465 2824 1501 2848 se
1520 2814 1555 2848 in
1581 2816 1671 2849 omni
1693 2825 1810 2859 genere
1829 2815 2050 2850 familiaribus
2077 2817 2195 2851 cedere
2222 2819 2321 2852 simu-

1260 2875 1351 2914 lant,
1373 2877 1408 2909 et
1429 2874 1553 2908 idcirco
1570 2885 1682 2910 amare
1710 2876 1831 2918 magis,
1854 2886 1957 2919 quam
1977 2876 2082 2910 amari
2103 2888 2111 2911 2
2133 2879 2237 2912 amari
2258 2889 2320 2912 au-

1261 2939 1331 2970 tem
1350 2938 1385 2969 et
1407 2935 1532 2969 honore
1561 2935 1690 2978 ornari,
1720 2935 1817 2980 cujus
1838 2936 1887 2971 rei
1915 2936 2067 2982 plerique
2083 2938 2196 2982 cupidi
2223 2942 2318 2980 sunt,

1262 2995 1404 3029 finitima
1423 3004 1495 3029 esse
1514 2995 1682 3030 videntur.

1302 3058 1429 3089 Verum
1448 3055 1573 3089 honore
1591 3056 1702 3090 ornari
1714 3066 1780 3091 non
1798 3067 1858 3100 per
1875 3067 1910 3091 se
1926 3057 2066 3101 cupiunt
2087 3058 2239 3093 homines
2260 3060 2320 3103 qui

1262 3124 1335 3149 eam
1352 3124 1423 3149 rem
1443 3117 1624 3159 expetunt,
1647 3116 1706 3150 sed.
1732 3126 1791 3160 per
1809 3117 1961 3151 accidens
1994 3120 2126 3151 tantum
2156 3131 2164 3151 :
2183 3121 2319 3161 propter

1261 3175 1354 3209 aliud
1385 3177 1473 3210 enim
1493 3176 1621 3210 bonum
1647 3177 1716 3211 illis
1735 3177 1869 3211 videtur
1898 3188 1970 3211 esse
2000 3179 2104 3211 honor
2131 3191 2139 3210 :
2162 3181 2195 3211 et
2219 3179 2319 3221 vulgo

1261 3237 1398 3280 quidem
1420 3246 1528 3281 quum
1552 3247 1573 3272 a
1598 3238 1825 3282 superioribus
1850 3239 1975 3272 honore
2004 3238 2160 3279 afficitur,
2180 3242 2317 3282 propter

189 3373 210 3392 ⁴
245 3372 387 3418 Ἀκριῧὴς
404 3374 462 3417 μὲν
482 3374 538 3407 οὗν
561 3374 594 3406 ἐν
614 3377 683 3412 τοῖς
705 3374 867 3411 τοιούτοις
882 3375 953 3408 κτλ.
970 3393 1011 3399 -
1030 3375 1068 3395 ⁴*
1090 3374 1187 3409 Ὅθεν
1205 3377 1260 3410 καὶ
1280 3377 1454 3422 ἀπορεῖται
1475 3378 1545 3412 κτλ.
1563 3395 1606 3402 -
1621 3378 1682 3397 *⁸*
1705 3377 1783 3420 Cap.
1799 3380 1829 3410 8.
1849 3378 1889 3410 Οἱ
1906 3377 2020 3409 πολλοὶ
2036 3376 2071 3409 δὲ
2095 3377 2225 3410 δοκοῦσι
2241 3375 2309 3410 κτλ.

149 3437 180 3445 -
204 3422 286 3442 *⁴¹⁴*
306 3423 357 3456 Οὐ
370 3423 410 3456 δι’
427 3423 508 3457 αὐτὸ
521 3424 556 3456 δὲ
573 3423 718 3456 ἐοίκασιν
732 3425 802 3456 κτλ.
