2508 3776
306 232 386 273 350

305 324 357 356 κεῖ
376 318 514 357 ἑκούσια
543 311 647 367 εἶναι,
671 316 693 364 ἢ
728 317 885 357 ἀκούσια·
908 321 943 358 αἱ
967 320 1033 374 γὰρ
1053 324 1194 376 πράξεις
1224 326 1276 365 ἀεὶ
1296 328 1331 365 ἐν

302 379 371 419 τοῖς
396 381 547 428 μερικοῖς
566 375 739 426 γίνονται,
763 377 797 414 ἐν
818 371 867 420 οἷς
889 377 942 416 ἀεὶ
960 379 1019 417 καὶ
1037 383 1054 418 ὁ
1077 383 1213 436 καιρός,
1235 384 1291 423 καὶ
1313 387 1331 423 ὁ

301 434 422 483 τόπος,
444 434 503 472 καὶ
524 436 544 480 ἡ
578 434 684 472 αἰτία·
712 438 823 473 ταῦτα
842 436 877 474 δὲ
897 437 1070 485 ἑκουσίους
1092 441 1152 486 τὰς
1171 442 1331 487 τοιαύτας

299 491 438 543 πράξεις
455 496 602 531 ποιοῦσι.
623 492 691 531 Διὰ
725 492 786 539 τὴν
808 494 914 542 αὐτὴν
935 496 970 534 δὲ
998 497 1110 536 αἰτίαν
1128 528 1139 547 ,
1172 500 1331 547 δηλονότι

300 549 338 588 τὸ
357 549 491 602 περὶτὰ
506 550 631 602 μερικὰ
650 544 735 589 εἶναι
750 551 810 596 τὰς
827 553 984 605 πράξεις,
1003 556 1065 594 οὐκ
1082 556 1172 596 ἔστιν
1192 558 1331 610 εὐχερὲς

299 609 511 658 ἀποδοῦναι,
541 614 625 647 ποῖα
657 608 789 661 αἰσχρὰ
819 610 927 650 ποίων
949 614 1113 664 λυπηρῶν
1134 616 1328 668 προκρίνειν

296 666 399 711 ἄξιον·
419 666 546 704 πολλαὶ
565 666 631 719 γὰρ
652 667 812 720 διαφοραὶ
828 670 862 707 ἐν
883 675 954 714 τοῖς
974 672 1140 723 μερικοῖς.

350 725 524 776 (Scripsi
547 738 556 762 ε
575 731 590 748 ³
612 724 750 776 καθὼς]
785 727 869 767 cod.
904 732 1028 773 καθῶς.
1053 752 1102 759 -
1120 730 1136 754 ¹³
1165 732 1324 785 πράττῃ]

295 785 376 823 cod.
402 784 558 834 πράττει.
581 785 660 835 -)

721 914 810 965 Κεφ.
845 911 892 964 β’.

291 1021 361 1054 Ἔτι
373 1023 445 1065 περὶ
463 1021 614 1054 ἑκουσίου
628 1047 636 1063 ,
656 1023 710 1054 καὶ
734 1022 902 1064 ἀκουσίου,
920 1024 973 1055 καὶ
989 1025 1054 1057 τῶν
1079 1026 1195 1067 μεταξὺ
1218 1027 1325 1059 αὐτῶν

683 1070 924 1113 θεωρουμένων.

345 1170 448 1210 Δοκεῖ
481 1169 595 1208 δὲκαὶ
620 1170 664 1209 τὰ
692 1170 805 1220 καλά,
828 1172 888 1210 καὶ
917 1171 962 1210 τὰ
982 1172 1088 1220 ἡδέα,
1121 1173 1218 1225 βίαιά
1248 1191 1324 1215 τινα

287 1226 390 1277 εἶναι,
411 1229 464 1267 ὅτι
482 1228 572 1267 αὐτὰ
591 1229 677 1268 κινεῖ
692 1229 751 1268 καὶ
769 1229 954 1278 ἀναγκάζει
967 1236 1076 1268 ποιεῖν
1094 1231 1170 1276 τοὺς
1185 1237 1322 1272 ποιοῦν·

288 1305 349 1332 τας
365 1291 414 1340 τῷ
431 1287 553 1326 κάλλει
573 1287 632 1325 καὶ
652 1291 694 1339 τῇ
714 1288 820 1335 ἡδονῆ
833 1316 843 1335 ,
873 1288 995 1332 ἔξωθεν
1015 1288 1114 1328 ὄντα.
1143 1291 1222 1329 Οὐκ
1249 1290 1323 1329 ἔστι

287 1346 336 1384 δέ·
363 1347 392 1384 εἰ
411 1345 478 1398 γὰρ
498 1348 599 1383 τοῦτο
619 1345 774 1395 δώσομεν
788 1375 799 1396 ,
820 1345 936 1384 πάντα
955 1346 994 1384 ἂν
1009 1346 1062 1393 εἴη
1082 1346 1190 1399 βίαια·
1207 1348 1322 1388 πάντα

285 1405 351 1457 γὰρ
372 1405 436 1442 ὅσα
464 1402 664 1455 πράττομεν
678 1433 687 1450 ,
705 1402 806 1441 ἕνεκα
827 1408 886 1442 τοῦ
903 1404 1070 1454 νομίζειν,
1090 1403 1143 1442 ὅτι
1157 1407 1249 1444 καλά
1262 1436 1272 1454 ,
1295 1407 1317 1454 ἢ

283 1462 368 1511 ἡδέα
388 1461 601 1514 πράττομεν.
631 1462 703 1501 Καὶ
718 1462 780 1512 μέν
796 1478 872 1500 τινα
891 1462 1101 1513 λυπούμενοι
1121 1464 1320 1516 πράττομεν

283 1521 348 1560 ὅσα
365 1526 530 1572 ποιοῦμεν
546 1520 666 1565 ἔξωθεν
688 1520 898 1571 βιαζόμενοι·
916 1521 994 1560 τινὰ
1011 1521 1047 1559 δὲ
1071 1524 1147 1572 μεθ’
1170 1524 1292 1572 ἡδονῆς
1306 1556 1318 1573 ,

282 1580 348 1619 ὅσα
369 1580 500 1622 ἑκόντες
523 1578 619 1617 αὐτοὶ
639 1583 803 1630 ποιοῦμεν
817 1583 875 1618 τοῦ
893 1579 989 1626 ἡδέος
1008 1579 1124 1620 ἕνεκα.
1143 1582 1267 1621 Πάντα
1283 1583 1318 1623 δὲ

281 1638 382 1678 ἕνεκά
405 1653 494 1681 τινος
515 1643 531 1660 ⁸
550 1639 658 1676 καλοῦ
683 1638 706 1685 ἢ
737 1638 835 1685 ἡδέος
851 1642 1028 1690 ποιοῦμεν·
1047 1639 1108 1678 καὶ
1127 1640 1194 1692 γὰρ
1214 1641 1274 1679 καὶ
1296 1643 1319 1681 ἃ

282 1696 421 1749 λυπηρὰ
453 1699 619 1746 ποιοῦμεν
653 1696 927 1747 ἀναγκαζόμενοι
941 1727 952 1748 ,
976 1700 1037 1744 τῆς
1059 1699 1183 1746 ἡδονῆς
1215 1698 1316 1739 ἕνεκα

280 1760 458 1807 ποιοῦμεν·
488 1759 651 1805 ποιοῦμεν
672 1754 738 1807 γὰρ
757 1755 814 1794 ἵνα
833 1756 995 1808 φύγωμεν
1016 1756 1059 1795 τὰ
1078 1758 1315 1810 λυπηρότερα·

279 1820 379 1854 τοῦτο
401 1815 436 1853 δὲ
454 1814 514 1861 τὴν
537 1813 661 1860 ἡδονήν
682 1815 756 1852 ἐστι
777 1814 926 1855 διώκειν.
944 1813 1012 1852 Διὰ
1028 1818 1128 1853 τοῦτο
1142 1816 1179 1854 οὐ
1199 1816 1250 1853 δεῖ
1271 1816 1316 1854 τὰ

281 1874 374 1913 καλὰ
392 1871 545 1919 καὶὴδέα
567 1871 663 1923 βίαια
676 1872 800 1922 λέγειν·
814 1873 928 1915 ἄλλως
941 1888 978 1910 τε
986 1871 1045 1910 καὶ
1058 1874 1191 1922 γελοῖόν
1205 1876 1313 1923 ἐστιν,

281 1933 376 1971 αἴτια
395 1931 546 1980 νομίζειν
564 1933 632 1968 τῶν
650 1930 807 1982 πράξεων
824 1930 870 1969 τὰ
890 1930 1010 1976 ἔξωθεν
1028 1931 1120 1969 καλὰ
1138 1931 1197 1969 καὶ
1218 1933 1315 1982 ἡδέα,

280 1990 339 2029 καὶ
360 1990 407 2041 μὴ
432 1987 552 2026 ἑαυτὸν
574 1987 641 2024 ὑπὸ
659 1987 788 2026 τούτων
808 1988 932 2041 ῥᾳδίως
952 1989 1193 2037 ἁλισκόμενον.
1211 1990 1314 2029 Ἀλλὰ

279 2052 346 2088 τῶν
369 2047 430 2099 μὲν
451 2049 566 2085 καλῶν
586 2045 743 2097 πράξεων
778 2047 948 2089 πολλάκις
973 2061 1025 2089 τις
1060 2046 1181 2084 ἑαυτὸν
1202 2049 1316 2086 αἰτιᾶ-

279 2122 357 2154 ται,
377 2108 445 2143 τῶν
472 2105 508 2143 δὲ
540 2106 694 2156 αἰσχρῶν
718 2106 781 2156 οὐχ
810 2104 952 2152 ἑαυτόν,
975 2103 1066 2142 ἀλλὰ
1087 2102 1148 2151 τὴν
1171 2105 1311 2153 ἡδονήν.

279 2167 356 2204 Οὐκ
374 2163 446 2202 ἔστι
464 2163 512 2201 δέ·
539 2163 697 2201 ἀκούσιον
719 2162 786 2214 γάρ
809 2163 922 2210 ἔστιν,
952 2156 989 2200 οὗ
1011 2165 1028 2208 ἡ
1053 2161 1145 2214 ἀρχὴ
1166 2162 1310 2215 ἔξωθεν,

278 2223 374 2261 οὐδὲν
395 2222 478 2275 πρὸς
497 2220 558 2267 τὴν
579 2219 701 2274 πρᾶξιν
722 2222 962 2264 συντελοῦντος
980 2224 1038 2258 τοῦ
1058 2220 1283 2271 πράττοντος.

330 2281 350 2304 *
366 2280 424 2319 ,Τὰ
438 2278 474 2317 δὲ
491 2281 533 2317 δι’
546 2279 687 2329 ἄγνοιαν
703 2279 866 2329 γινόμενα
887 2278 1049 2325 ζητητέον
1067 2280 1096 2316 εἷ
1106 2280 1247 2317 ἑκούσιά
1265 2283 1313 2319 εἷ-

278 2356 346 2387 σιν,
364 2337 386 2385 ἢ
403 2338 564 2376 ἀκούσια.
583 2335 687 2389 Ἔχει
697 2337 732 2375 δὲ
745 2340 782 2375 οὐ
797 2338 913 2376 πάντα
925 2337 1062 2384 ὁμοίως·
1079 2337 1170 2376 ἀλλὰ
1187 2338 1230 2376 τὰ
1247 2340 1310 2388 μὲν

278 2398 424 2437 ἀκούσιά
441 2399 527 2444 εἶσι,
547 2397 593 2434 τὰ
613 2396 647 2434 δὲ
672 2396 810 2435 ἑκούσια
829 2427 840 2444 ,
859 2395 903 2434 τὰ
926 2395 961 2434 δὲ
978 2395 1056 2435 οὔτε
1072 2398 1213 2436 ἑκούσια
1233 2398 1311 2439 οὔτε

278 2457 438 2502 ἀκούσια,
449 2455 538 2493 ἀλλὰ
549 2454 721 2493 καλείσθω
732 2456 798 2506 οὐχ
806 2454 960 2493 ἑκούσια.
982 2455 1053 2494 Καὶ
1068 2455 1214 2495 ἀκούσια
1229 2458 1306 2511 μέν,

276 2517 341 2555 ὅσα
358 2515 566 2561 ποιήσαντες
581 2513 785 2563 λυπούμεθα
798 2543 808 2560 ,
831 2513 966 2564 γνόντες
987 2513 1075 2564 μετὰ
1088 2514 1128 2553 τὸ
1147 2518 1306 2564 ποιῆσαι,

278 2574 337 2612 καὶ
354 2572 634 2623 μεταμελόμεθα·
652 2573 717 2624 οὐχ
738 2572 879 2611 ἑκούσια
903 2572 964 2619 δέ,
985 2571 1050 2611 ὅσα
1069 2576 1249 2618 ποιοῦντες
1269 2577 1308 2613 οὔ

278 2631 497 2680 λυπούμεθα,
517 2630 577 2667 καὶ
598 2629 687 2678 μετὰ
716 2629 778 2676 τὴν
815 2629 935 2682 πρᾶξιν
958 2632 995 2669 οὒ
1023 2632 1304 2681 μεταμελόμεθα·

280 2691 297 2726 ὁ
316 2688 382 2739 γὰρ
403 2687 444 2724 δι’
469 2688 607 2737 ἄγνοιαν
638 2685 799 2737 πράττων
830 2686 889 2724 καὶ
924 2685 1015 2737 μετὰ
1036 2686 1075 2724 τὸ
1094 2690 1223 2735 γνῶναι
1257 2688 1308 2738 μὴ

276 2743 510 2797 δυσχεραίνων
539 2747 583 2795 τῇ
612 2743 735 2795 πράξει
766 2743 842 2782 οὔτε
878 2744 965 2783 ἑκὼν
1000 2743 1144 2797 ἔπραξεν
1166 2745 1225 2797 ὅγε
1254 2747 1303 2797 μὴ

275 2804 375 2857 ᾔδει,
398 2802 474 2840 οὔτε
497 2801 603 2840 ἄκων·
627 2804 664 2839 οὔ
689 2802 757 2854 γὰρ
786 2803 885 2853 γνοὺς
916 2804 1031 2856 ἑαυτῷ
1063 2804 1298 2856 δυσχεραίνει·

275 2864 332 2901 διὰ
354 2864 455 2900 τοῦτο
469 2862 534 2912 οὐχ
557 2859 696 2898 ἑκούσια
712 2860 755 2897 τὰ
775 2866 916 2900 τοιαῦτα
932 2861 1119 2901 καλείσθω.
1141 2863 1306 2917 Διαφέρει

275 2921 310 2960 δὲ
331 2920 370 2958 τὸ
403 2921 445 2957 δι’
467 2918 604 2969 ἄγνοιαν
632 2917 796 2969 πράττειν
826 2922 884 2956 τοῦ
908 2921 1096 2970 ἀγνοοῦντα
1124 2921 1303 2973 πράττειν,

274 2977 348 3018 Καὶ
370 2976 426 3015 διὰ
440 2979 540 3014 τοῦτο
556 2975 593 3012 τὸ
615 2974 676 3025 μὲν
695 2975 738 3013 δι’
763 2975 903 3026 ἄγνοιαν
919 2978 1083 3029 πράττειν
1099 2977 1121 3025 ἢ
1143 2979 1304 3019 ἀκούσιόν

274 3035 414 3088 ἐστιν,ἡ
429 3037 494 3087 οὐχ
502 3035 665 3073 ἑκούσιον·
676 3035 714 3073 τὸ
727 3035 761 3073 δὲ
774 3038 958 3087 ἀγνοοῦντα
974 3038 1137 3089 πράττειν
1152 3039 1304 3079 ἑκούσιόν

274 3101 362 3136 ἔστι.
414 3094 486 3134 Καὶ
514 3093 581 3145 γὰρ
607 3094 645 3132 τὸ
674 3096 863 3145 ἀγνοοῦντα
887 3098 1050 3146 πράττειν
1077 3095 1189 3143 ἐστίν,
1218 3097 1305 3135 ἐπάν

272 3172 322 3199 τις
343 3155 540 3207 ὀργίζηται,
561 3151 583 3199 ἢ
606 3153 734 3204 μεθύῃ,
756 3151 776 3198 ἢ
796 3152 903 3199 ἄλλην
924 3153 999 3192 τινὰ
1021 3158 1102 3206 ποιῇ
1123 3155 1304 3207 πονηρίαν·

275 3209 370 3256 οὗτος
388 3213 455 3264 γὰρ
475 3213 511 3250 οὒ
525 3209 567 3250 δι’
587 3210 743 3260 ἄγνοιαν,
764 3210 853 3247 ἀλλὰ
871 3211 928 3248 διὰ
949 3212 1073 3258 ἡδονὴν
1088 3212 1109 3258 ἢ
1129 3212 1214 3252 ἄλλο
1232 3228 1265 3251 τι

275 3277 367 3311 ποιεῖ
385 3269 404 3310 ὃ
421 3277 535 3316 ποιεῖ,
562 3270 693 3320 ἀγνοῶν
717 3267 764 3306 δέ.
789 3270 864 3311 Πᾶς
886 3262 943 3306 οὖν
967 3272 1139 3322 μοχθηρὸς
1158 3271 1296 3321 ἀγνοεῖ,

274 3331 350 3369 τίνα
373 3330 424 3368 δεῖ
437 3328 627 3382 πράττειν,
650 3326 709 3365 καὶ
731 3326 830 3364 τίνων
853 3326 1055 3379 ἀπέχεσθαι·
1076 3328 1136 3366 καὶ
1158 3327 1214 3366 διὰ
1234 3328 1295 3375 τὴν

1122 237 1403 280 ANDRONIGI
1430 241 1608 284 RHODII

1391 336 1438 368 rei
1454 345 1551 370 eausa
1564 339 1773 379 expetuntur,
1789 347 1847 380 per
1859 348 1895 372 se
1906 341 2039 382 quidem
2053 353 2118 376 non
2129 345 2313 379 voluntaria
2328 330 2421 389 suni?

1390 391 1476 414 nunc
1495 392 1572 415 vero
1590 386 1623 416 et
1639 393 1696 425 pro
1712 384 1764 416 his
1775 385 1959 420 voluntaria
1977 388 2130 423 dicuntur
2145 401 2226 426 esse.
2245 395 2287 426 Et
2301 387 2423 429 voluti-*5
2477 395 2480 415 ³

1390 429 1475 461 taria
1504 430 1637 471 quidem
1664 432 1765 472 magis
1786 432 1940 466 videntur
1966 444 2057 477 esse,
2089 447 2189 479 quarn
2210 450 2273 473 non
2297 435 2419 475 volun*
2460 436 2474 444 ⁹

1390 475 1473 508 taria
1494 487 1502 508 :
1521 477 1674 518 quoniam
1690 477 1725 509 in
1745 478 1843 511 rebus
1867 479 2084 521 singularibus
2099 493 2226 527 semper
2245 490 2421 523 versantur
2468 512 2470 517 ·

1390 521 1548 562 actiones,
1566 523 1600 555 in
1615 524 1736 565 quibus
1756 528 1912 567 perpetuo
1931 530 2061 570 tempus
2073 555 2080 568 ,
2103 534 2160 563 aut
2181 532 2272 565 locus
2290 536 2418 576 specta-

1390 570 1454 607 tur,
1474 572 1532 602 aut
1552 579 1650 604 eausa
1667 584 1676 604 ε
1693 581 1769 614 quae
1793 573 1901 606 onmia
1929 574 2007 607 talia
2031 575 2117 610 facta
2136 578 2320 613 voluntaria
2343 579 2418 614 effi-

1389 615 1489 649 ciunt.
1511 619 1637 650 Rursus
1654 618 1768 651 eadem
1783 619 1824 652 de
1835 629 1954 661 causa,
1967 622 2056 662 quod
2072 623 2106 655 in
2124 624 2224 657 relius
2243 624 2419 668 singular-l-

1388 663 1451 695 bus
1478 666 1649 696 versantur
1673 665 1835 704 actiones,
1858 675 1921 698 non
1951 666 2046 700 facile
2080 672 2130 702 est
2160 669 2311 710 definire,
2340 681 2418 714 quo

1388 709 1497 751 turpia
1513 710 1634 751 quibus
1646 711 1849 753 praeferenda
1868 714 1933 746 sint
1954 714 2113 748 molestiis
2134 726 2142 746 τ
2162 716 2240 758 quia
2253 717 2418 753 malmin

1387 756 1486 788 rebus
1507 757 1725 799 singularibus
1745 763 1821 792 sunt
1843 759 2048 794 differ-entim.
2355 759 2359 762 ⁷

1826 930 1903 972 Gap.
1930 931 1973 964 11.

1386 1039 1492 1069 Adhuc
1515 1039 1553 1069 de
1565 1047 1600 1069 eo
1613 1041 1694 1078 quod
1714 1045 1819 1078 sponte
1836 1045 1866 1071 et
1882 1042 1965 1078 quod
1985 1041 2076 1072 invite
2091 1043 2133 1078 lit,
2149 1048 2236 1081 alque
2250 1045 2289 1076 de
2300 1046 2336 1076 ils
2349 1054 2414 1084 quae

1660 1086 1738 1116 inter
1755 1089 1917 1125 utrumque
1929 1089 2157 1119 considerantur
2313 1129 2318 1131 Δ
2334 1108 2340 1109 ff

1425 1194 1587 1227 Videntur
1602 1197 1714 1228 autem
1739 1205 1777 1228 ea
1803 1205 1950 1238 quoque,
1972 1205 2048 1238 quae
2060 1197 2197 1238 pulchra
2211 1199 2245 1231 et
2265 1206 2342 1240 quae
2358 1199 2415 1241 ju-

1384 1242 1491 1274 cunda
1504 1244 1596 1280 sunt,
1616 1242 1757 1274 violenta
1771 1243 2011 1284 quodammodo
2030 1253 2119 1282 esse.
2136 1245 2214 1286 quia
2231 1253 2336 1287 quum
2359 1254 2413 1278 ex.-

1383 1291 1434 1321 tia
1445 1289 1519 1327 sint,
1532 1289 1738 1330 jucunditate
1749 1298 1808 1321 sua
1820 1292 1854 1322 et
1865 1290 2109 1331 pulchritudine
2125 1294 2258 1324 movent
2266 1291 2414 1324 homines

1382 1336 1522 1377 illosque
1537 1345 1632 1376 agere
1651 1338 1771 1376 cogunt
1799 1345 1837 1369 ea
1863 1345 1938 1378 quae
1962 1339 2072 1379 agunt.
2104 1337 2200 1375 Quod
2218 1339 2414 1371 tamennon

1382 1382 1430 1414 ita
1446 1383 1496 1414 est
1515 1393 1523 1413 =
1549 1391 1625 1414 nam
1642 1382 1670 1414 si
1686 1383 1748 1414 hoc
1764 1383 1960 1415 concedatur
1972 1409 1979 1422 ,
2000 1384 2109 1416 onmia
2130 1384 2273 1417 violenta
2288 1386 2384 1419 erint
2400 1395 2410 1415 ε

1382 1429 1491 1461 omnia
1510 1429 1613 1468 enim,
1637 1439 1843 1472 quaecunque
1864 1431 2010 1472 agimus,
2038 1432 2116 1473 quia
2128 1431 2266 1473 pulchra
2287 1439 2359 1464 osso
2373 1436 2413 1466 ae

1380 1477 1524 1518 jucunda
1538 1479 1704 1518 putamus,
1723 1477 1845 1509 idcirco
1859 1479 1959 1510 etiam
1979 1478 2116 1520 agimus.
2141 1479 2185 1511 Et
2196 1477 2412 1521 aliaquidem

1380 1533 1445 1556 non
1471 1524 1539 1556 sine
1564 1524 1714 1556 molestia
1748 1524 1892 1566 agimus,
1924 1534 2129 1568 quaecunque
2155 1525 2191 1558 vi
2211 1525 2413 1558 extrinsecus

1381 1571 1528 1603 adhibita
1545 1569 1683 1603 facimus
1703 1582 1710 1602 :
1732 1571 1796 1604 alia
1816 1581 1894 1604 vero
1909 1581 1986 1604 cum
2003 1573 2172 1614 voluptate
2183 1597 2190 1610 ,
2208 1569 2284 1614 quae
2299 1573 2412 1614 sponte

1379 1618 1441 1660 ipsi
1457 1618 1682 1651 delectationis
1697 1627 1795 1651 causa
1819 1618 1968 1652 facimus.
1994 1620 2111 1652 Omnia
2130 1628 2209 1652 voro
2223 1619 2412 1660 pulchritu-

1379 1665 1465 1697 ‹linIs
1478 1665 1648 1706 cujusdam
1669 1667 1727 1697 aut
1750 1665 1975 1699 delectationis
1990 1675 2088 1699 causa
2104 1665 2244 1698 facimus
2258 1677 2268 1698 z
2285 1674 2360 1698 narn
2377 1668 2412 1699 et

1378 1712 1435 1744 illa
1459 1721 1534 1753 quae
1551 1712 1689 1744 molesta
1717 1714 1810 1750 sunt,
1833 1713 1938 1744 coacti
1962 1721 2066 1754 quum
2086 1712 2226 1745 facimus
2238 1737 2246 1750 ,
2266 1710 2412 1746 delecta,-

1378 1758 1477 1790 tionis
1491 1767 1589 1790 causa
1613 1758 1751 1790 facimus
1767 1768 1774 1787 ε
1795 1759 1957 1799 siquidem
1985 1761 2023 1790 ut
2037 1758 2225 1791 molestiora
2245 1757 2408 1798 vitemus,

1377 1815 1416 1838 ea
1435 1804 1572 1837 facimus
1590 1815 1597 1836 ι
1613 1805 1676 1836 hoc
1695 1812 1772 1837 vero
1791 1806 1841 1837 est
1856 1805 2058 1846 voluptatem
2075 1805 2265 1839 consectari.
2284 1807 2410 1844 Quam-

1378 1852 1491 1884 obrem
1516 1859 1623 1892 neque
1648 1859 1686 1883 ea
1710 1859 1785 1892 quae
1812 1851 1958 1892 pulchra,
1986 1861 2092 1894 neque
2114 1861 2152 1885 ea
2173 1860 2249 1893 qum
2259 1851 2408 1894 jucunda

1378 1900 1470 1936 sunt,
1489 1898 1632 1930 violenta
1651 1899 1781 1938 oportet
1797 1897 1905 1930 dicere
1922 1907 1929 1928 :
1944 1898 2028 1931 adde
2049 1899 2139 1941 quod
2155 1898 2332 1932 ridiculum
2344 1901 2407 1937 est,

1377 1946 1582 1978 extrinsecus
1601 1946 1747 1976 assumta
1774 1944 1843 1976 sive
1872 1945 2010 1986 pulchra
2035 1946 2105 1979 sive
2122 1945 2269 1988 jucunda
2293 1954 2410 1979 causas

1377 1991 1542 2023 actionum
1555 2000 1626 2023 esse
1644 1991 1840 2029 existimare,
1863 1999 1902 2022 ac
1926 1999 1989 2022 non
2011 1992 2122 2032 potius
2143 1999 2178 2022 se
2197 1989 2307 2032 ipsum
2349 1991 2409 2034 qui

1374 2038 1498 2070 talibus
1516 2037 1612 2069 facile
1628 2037 1786 2078 capiatur.
1804 2037 1904 2078 Atqui
1918 2037 2131 2071 honestarum
2143 2041 2308 2073 actionum
2324 2047 2407 2071 cau·

1376 2093 1446 2116 sam
1468 2093 1691 2125 saepenumero
1705 2084 1766 2116 sibi
1784 2084 1903 2124 aliquis
1917 2084 2068 2116 attribuit
2079 2110 2086 2122 ,
2101 2087 2248 2128 turpium
2262 2094 2342 2119 vero
2356 2083 2408 2117 fa·-

1374 2132 1502 2162 ctorum
1520 2140 1585 2162 non
1610 2130 1671 2162 sibi
1684 2155 1692 2168 ,
1711 2130 1768 2162 sed
1785 2130 1958 2171 voluptati.
1975 2131 2100 2164 Verum
2121 2132 2216 2166 aliter
2227 2141 2263 2166 se
2282 2138 2337 2165 ros
2350 2132 2408 2165 ha-

1374 2181 1429 2213 bet
1449 2190 1455 2209 :
1488 2188 1553 2211 non
1578 2179 1801 2212 voluntarium
1827 2180 1913 2212 enim
1932 2182 1996 2219 est,
2018 2181 2112 2223 cujus
2137 2181 2335 2224 principium
2355 2182 2406 2214 cst

1372 2228 1482 2266 extra,
1501 2236 1606 2268 quum
1618 2226 1646 2259 is
1664 2235 1723 2268 qm
1734 2227 1801 2268 agit
1821 2226 1863 2259 ad
1884 2227 2047 2260 actionem
2066 2227 2149 2260 nihil
2165 2227 2302 2260 confert.

1414 2287 1496 2323 Quae
1509 2288 1619 2318 autem
1632 2294 1690 2326 per
1709 2285 1964 2327 imprudentiam
1983 2286 2066 2318 fiunt
2078 2312 2085 2325 ‚
2113 2295 2194 2319 num
2205 2285 2401 2324 voluntarla,
2430 2319 2432 2325 ,
2480 2316 2483 2317 ⁷

1372 2353 1414 2376 an
1431 2353 1495 2376 non
1515 2344 1701 2377 voluntaria
1716 2344 1782 2376 sint
1793 2369 1801 2384 ‚
1820 2353 1907 2395 nunc
1918 2344 2199 2378 considerandum.
2225 2346 2341 2387 Neque
2351 2345 2405 2376 ta-

1368 2414 1445 2437 men
1467 2404 1615 2437 omnium
1640 2404 1755 2437 eadem
1774 2404 1858 2436 ratio
1882 2406 1950 2443 est,
1971 2404 2030 2437 sed
2051 2405 2116 2438 alia
2132 2414 2198 2438 non
2215 2406 2402 2442 voluntaria

1368 2465 1455 2502 sunt,
1471 2463 1535 2495 alia
1549 2463 1744 2502 voluntaria,
1756 2463 1819 2495 alia
1832 2471 1938 2502 neque
1951 2462 2137 2496 voluntaria
2149 2473 2257 2506 neque
2265 2473 2331 2499 non
2342 2475 2404 2500 vo-

1368 2520 1510 2554 luntaria
1518 2547 1525 2560 ‚
1543 2530 1621 2563 quae
1630 2521 1762 2563 quidem
1775 2531 1861 2553 nunc
1873 2531 1937 2553 non
1949 2523 2064 2563 sponte
2075 2523 2146 2556 fieri
2157 2523 2318 2559 dicantur.
2327 2528 2404 2561 Jam

1367 2589 1447 2615 vero
1462 2589 1527 2613 non
1542 2579 1726 2613 voluntaria
1738 2581 1833 2618 sunt,
1855 2589 1931 2622 quaa
1942 2582 2017 2622 post
2029 2581 2189 2615 actionem
2202 2581 2330 2627 cognita
2347 2585 2403 2620 de-

1366 2639 1534 2681 ploramus
1546 2640 1579 2671 et
1591 2647 1733 2680 quorum
1748 2647 1808 2671 nos
1820 2637 1956 2680 poenitet
1968 2647 1977 2668 ε
1991 2648 2056 2671 non
2069 2642 2182 2682 sponte
2191 2640 2278 2675 facta
2290 2645 2402 2678 autem

1367 2706 1444 2739 quae
1454 2696 1523 2729 sine
1533 2696 1683 2729 molestia
1693 2696 1828 2738 agimus,
1843 2698 1876 2729 et
1882 2698 1956 2738 post
1965 2697 2126 2730 actionem
2135 2698 2204 2731 sine
2212 2701 2402 2741 poenitentia

1366 2755 1578 2789 recordamur
1592 2765 1600 2788 ι
1615 2755 1675 2798 qui
1687 2755 1773 2788 enim
1789 2764 1848 2797 per
1860 2755 2115 2797 imprudentiam
2133 2757 2201 2799 agit
2213 2758 2349 2801 aliquid,
2366 2764 2406 2796 et,

1366 2824 1471 2858 quum
1488 2814 1582 2847 novit
1597 2823 1663 2846 non
1673 2814 1862 2856 indignatur
1875 2814 1960 2847 hano
1977 2814 2148 2854 actionem,
2161 2825 2269 2858 neque
2283 2823 2400 2861 sponte

1365 2873 1460 2912 fecit,
1475 2873 1566 2916 quod
1580 2882 1645 2905 non
1663 2874 1818 2910 noverat,
1841 2881 1947 2914 neque
1961 2872 2086 2906 invitus
2097 2898 2105 2914 ,
2126 2875 2206 2916 quia
2221 2878 2399 2920 postquam

1365 2934 1474 2973 novit,
1495 2944 1560 2966 non
1586 2933 1773 2974 indignatur
1792 2933 1899 2965 vicem
1927 2942 2040 2973 suarn3
2066 2943 2169 2975 quare
2193 2945 2259 2970 non
2283 2941 2398 2980 sponte

1365 2992 1453 3025 facta
1471 2992 1551 3024 talia
1576 2991 1790 3033 appellentur.
1813 2990 1911 3023 Aliud
1936 2993 2046 3023 autem
2061 2994 2110 3024 est
2127 3001 2187 3034 per
2205 2994 2396 3037 impruden-

1365 3051 1463 3087 tiam,
1484 3047 1575 3080 aliud
1588 3045 1828 3088 imprudentem
1841 3054 1946 3087 agere.
1973 3046 2115 3088 Ideoque
2126 3049 2185 3089 qui
2200 3058 2258 3091 per
2270 3053 2395 3095 impru-

1365 3107 1511 3141 dentiam
1527 3106 1595 3146 agit
1607 3130 1615 3145 ‚
1646 3106 1704 3137 aut
1716 3104 1840 3136 invitus
1857 3104 1942 3145 agit,
1962 3106 2020 3136 aut
2032 3114 2096 3138 non
2123 3109 2237 3148 sponte
2256 3119 2264 3142 ε
2286 3113 2320 3143 at
2334 3115 2393 3154 qui

1364 3163 1555 3206 imprudens
1570 3162 1652 3204 agit,
1672 3163 1786 3203 sponte
1803 3160 1879 3202 agit.
1898 3161 2142 3202 imprudentem
2157 3163 2241 3195 enim
2254 3163 2396 3197 dicimus

1365 3230 1460 3262 agere
1476 3229 1567 3258 eum,
1583 3218 1640 3260 qui
1658 3217 1820 3255 irascitur,
1845 3217 1897 3249 vel
1915 3216 2026 3249 ebrius
2048 3219 2113 3256 est,
2135 3219 2188 3251 vel
2210 3219 2299 3252 aliud
2311 3221 2392 3263 quid

1365 3275 1526 3317 delinquIt
1550 3284 1557 3303 :
1581 3273 1635 3306 hic
1655 3272 1740 3305 enim
1767 3280 1831 3304 non
1849 3280 1907 3313 per
1926 3271 2195 3313 imprudentiam,
2224 3273 2282 3307 sed
2301 3273 2393 3308 dele-

1366 3331 1517 3365 ctationis
1535 3339 1632 3362 causa
1647 3329 1700 3362 vel
1720 3329 1761 3361 ob
1782 3328 1872 3361 aliud
1885 3328 1965 3370 quid
1977 3327 2076 3368 facit,
2097 3329 2187 3370 quod
2201 3329 2388 3363 committit.

319 3441 336 3470 .*
358 3440 403 3473 Τὸ
421 3440 454 3472 δὲ
476 3440 516 3472 δι’
534 3440 665 3480 ἄγνοιαν
690 3437 836 3470 ἑκούσιον
859 3438 927 3469 κτλ.

2492 3252 2495 3256 “
2491 3133 2508 3199 ζι·”’
2491 3060 2508 3104 Ϊ-,
