2508 3776
261 194 351 258 '394

269 305 306 344 δὲ
339 302 496 356 εἰρωνεία
529 301 694 341 ἐλλείπει.
733 300 904 352 Ἐροῦμεν
938 299 973 339 δὲ
1009 301 1088 353 περὶ
1133 300 1299 354 ἑκατέρου

269 362 525 416 ἀκριὸέστερον·
545 360 709 413 πρότερον
732 358 768 397 δὲ
786 358 865 412 περὶ
885 362 944 398 τοῦ
960 358 1067 410 μέσου
1085 361 1242 411 ἐροῦμεν.

322 422 336 438 *
352 420 460 460 Ἔστι
474 418 586 457 τοίνυν
607 417 851 468 ἀληθευτικός,
868 418 933 470 οὐχ
946 420 964 456 6
982 417 1160 465 ἀληθεύων
1177 421 1210 457 ἐν
1225 422 1300 460 ταῖς

266 478 477 532 συμφωνίαις
497 477 555 515 καὶ
578 476 693 519 ἄλλοις
712 474 898 524 τοιούτοις,
919 476 986 516 ὅσα
1005 477 1054 520 εἷς
1074 473 1297 521 δικαιοσύνην

265 537 286 584 ἢ
311 538 446 576 ἀδικίαν
477 534 658 574 συντείνει·
684 538 787 573 τοῦτο
812 534 881 587 γὰρ
914 534 1021 582 ἄλλης
1051 534 1143 574 ἐστὶν
1163 535 1299 586 ἀρετῆς·

265 596 343 635 ἀλλ’
359 595 453 640 ὅστις
474 595 555 634 ἄνευ
591 593 744 645 ἀνάγκης
758 623 768 640 ,
786 592 808 640 ἢ
826 593 997 642 νομίμου,
1025 593 1048 640 ἢ
1081 592 1216 632 δικαίου
1229 622 1241 640 ,
1275 590 1298 637 ἢ

265 655 371 693 ἄλλου
389 655 480 698 τινὸς
500 655 678 693 πολιτικοῦ
701 654 843 704 ἀγαθοῦ,
865 651 923 690 καὶ
946 653 979 690 ἐν
997 651 1089 704 λόγῳ
1102 650 1161 690 καὶ
1177 652 1213 689 ἐν
1234 649 1299 703 βίῳ

265 712 390 760 ἀληθε’
374 729 410 751 υε
416 728 446 759 ι,
467 712 523 750 διὰ
540 711 641 760 μόνον
662 710 701 750 τὸ
718 710 809 762 ἔχειν
824 708 891 755 ἕξιν
911 726 973 757 της
986 709 1147 756 τοιαύτης
1161 711 1298 761 ἀρετῆς,

263 772 322 810 καὶ
345 776 405 811 τοῦ
426 773 555 823 ἀγαθοῦ
579 769 692 808 ἕνεκα
717 770 776 808 καὶ
799 774 941 813 τοιαῦτα
961 770 1050 829 περὶ
1061 771 1184 807 ἑαυτοῦ
1205 766 1299 819 λέγει

263 829 322 874 καὶ
337 833 489 874 τοιοῦτος
509 834 580 873 τοῖς
598 828 716 872 ἄλλοις
737 827 845 866 ἐθέλει
863 830 991 875 δοκεῖν,
1015 831 1083 872 οἷος
1099 827 1191 866 κατὰ
1208 826 1298 873 ἀλή-

265 888 390 928 Οειάν
376 904 483 928 εστιν.
504 882 618 931 Οὗτος
634 887 669 925 δὲ
686 887 779 925 καῖ’
765 887 921 934 επιεικὴς
936 886 976 925 ἂν
998 886 1068 934 εἴη
1087 889 1133 926 Οἳ
1153 887 1219 939 γὰρ
1237 901 1295 937 φι-

261 946 421 994 λαλήθεις
444 949 503 984 καὶ
522 947 556 984 ἐν
577 940 625 989 οἶς
642 946 703 984 οὐκ
729 944 822 985 ἔστιν
844 945 1001 998 ἀνάγκη,
1024 947 1144 998 πολλῷ
1166 946 1298 995 μᾶλλον

261 1005 296 1042 ἐν
317 1008 365 1049 οἱς
388 1004 569 1051 ἀληθεύειν
597 1004 734 1056 ἀνάγκη
756 1004 812 1043 διὰ
833 1004 871 1042 τὸ
896 1004 1072 1043 πολιτικὸν
1092 1003 1237 1055 ἀγαθόν
1260 1003 1296 1047 ὃς

260 1063 327 1116 γὰρ
360 1064 561 1109 εὖλαὸεῖται
589 1065 628 1101 τὸ
648 1064 771 1117 ψεῦδος
800 1066 877 1102 καθ’
901 1063 1022 1111 ἑαυτό,
1045 1062 1130 1102 διότι
1162 1062 1295 1110 κακόν,

262 1121 344 1160 ὅταν
366 1123 426 1161 καὶ
448 1123 591 1175 αἰσχρὸν
615 1121 654 1160 τὸ
689 1121 773 1161 αὐτὸ
800 1123 966 1173 γένηται,
995 1138 1055 1161 και
1085 1124 1122 1160 οὐ
1152 1122 1255 1173 μόνον
1274 1125 1295 1173 ᾐ

259 1184 390 1232 κακόν,
415 1180 505 1220 ἀλλὰ
526 1197 586 1219 και
615 1186 683 1224 τοῖς
705 1181 824 1225 ἄλλοις
855 1183 939 1234 δοκῇ
960 1186 1135 1228 τοιοῦτον,
1165 1183 1238 1224 πῶς
1259 1182 1297 1218 οὗ

259 1240 417 1294 φεύξεται
455 1241 553 1292 πάσῃ
586 1240 754 1290 δυνάμεις
793 1239 838 1279 Ὁ
873 1240 935 1291 μὲν
973 1234 1030 1277 οῦν
1070 1239 1297 1286 ἀληθευτικὸς

258 1303 432 1348 τοιοῦτος,
457 1300 516 1338 καὶ
543 1299 634 1337 ἔστιν
658 1299 856 1346 ἐπαινετός,
876 1299 916 1337 τὸ
942 1298 1049 1337 κακὸν
1071 1298 1130 1337 καὶ
1151 1298 1297 1350 αἰσχρὸν

258 1358 522 1408 εὖλαὸούμενος·
559 1358 592 1401 ὃς
626 1359 655 1396 εἷ
690 1358 805 1404 δεήσει
831 1358 1061 1410 παρεκκλῖναι
1085 1360 1144 1395 τοῦ
1166 1358 1296 1407 μέσου,

259 1417 344 1469 πρὸς
363 1417 425 1464 τὴν
458 1416 634 1470 ἔλλειψιν,
655 1417 693 1454 οὗ
724 1415 810 1468 πρὸς
841 1415 1136 1467 τὴνῦπερὸολὴν
1165 1415 1295 1454 νεύσει·

258 1481 360 1517 τοῦτο
395 1475 462 1527 γὰρ
497 1475 752 1527 ἐμμελέστερον
786 1476 880 1513 δοκεῖ
913 1475 1057 1527 θατέρου
1079 1474 1135 1513 διὰ
1164 1475 1203 1513 τὸ
1236 1474 1296 1519 τὰς

259 1532 452 1583 ὓπερὸολὰς
472 1534 636 1585 ἐπαχθεῖς
656 1528 757 1573 εἶναι.

312 1589 346 1608 ¹¹*
362 1590 407 1631 ‘O
420 1590 456 1630 δὲ
471 1591 622 1639 ἀλαζών,
645 1591 752 1642 μείζω
763 1594 831 1630 τῶν
847 1592 1075 1653 ὑπαρχόντων
1087 1590 1295 1644 προσποιού-

259 1665 359 1723 μενος
374 1650 434 1688 καὶ
453 1650 566 1702 λόγοις
583 1667 642 1689 και
664 1651 790 1703 ἔργοις.
816 1645 926 1695 Οὗτος
944 1650 1005 1698 δή,
1024 1653 1053 1689 εἷ
1077 1650 1137 1701 μὲν
1162 1650 1296 1695 οὐδενὸς

258 1708 358 1747 ἕνεκα
377 1715 640 1760 προσποιεῖται,
660 1713 788 1762 φαῦλος
819 1710 880 1759 μὲν
905 1709 1014 1748 ἔοικεν
1036 1713 1137 1748 εἶναι·
1170 1711 1208 1747 οὐ
1229 1709 1295 1762 γὰρ

259 1767 337 1806 ἄν’
320 1783 438 1821 εχαιρε
458 1772 507 1807 τῶ
529 1770 660 1823 ψεύδει·
695 1770 840 1820 μάταιος
867 1770 903 1808 δὲ
933 1769 1092 1823 φαίνεται
1115 1768 1284 1819 μᾶλλον*
1266 1786 1288 1815 η

257 1826 373 1871 κακός·
395 1830 423 1866 εἷ
441 1827 476 1865 δὲ
496 1827 585 1871 τινὸς
599 1833 613 1856 b
640 1827 740 1867 ἕνεκα
764 1834 1033 1880 προσποιεῖται,
1064 1830 1094 1866 εἰ
1116 1827 1177 1878 μὲν
1197 1827 1296 1875 δόξης

257 1886 280 1933 ἢ
311 1890 432 1937 τιμῆς,
466 1889 504 1926 οὐ
524 1887 602 1926 λίαν
622 1888 745 1940 ψεκτὸς
767 1891 784 1926 ὁ
804 1887 958 1933 ἀλαζών·
979 1892 996 1927 6
1022 1887 1058 1927 δὲ
1075 1887 1177 1926 ἕνεκα
1195 1889 1297 1940 ἀργυ-

220 1993 228 2000 ·
261 1945 353 1999 ρίου,
375 1945 397 1992 ἢ
417 1946 482 1985 ὅσα
503 1948 549 1989 εἷς
571 1947 731 1999 ἀργύριον
749 1946 905 1999 ἔρχεται,
924 1946 1237 1999 ἀσχημονέστερος.

311 2003 362 2022 ***
376 2005 429 2042 Οὔ
449 2005 621 2058 γάρέστιν
640 2007 673 2043 ἐν
690 2009 733 2058 τῇ
749 2007 892 2054 δυνάμει
909 2009 967 2043 τοῦ
990 2005 1153 2050 ἀλαζόνος
1172 2009 1194 2052 ἡ
1213 2006 1295 2044 ἀλα-

257 2062 380 2107 ζονεία·
394 2079 422 2102 ει
433 2062 499 2115 γαρ
517 2063 623 2108 οὕτως
641 2067 747 2116 εἶχεν,
766 2065 828 2101 οὐκ
843 2063 883 2102 ἂν
897 2067 938 2111 ἠν
955 2064 1095 2116 ψεκτόν·
1111 2080 1148 2102 ου
1163 2063 1231 2115 γὰρ
1252 2063 1293 2102 ἂν

255 2115 297 2167 ἦν
322 2122 388 2159 τῶν
407 2121 572 2159 εκουσίων
594 2137 653 2159 και
674 2123 727 2173 ἐφ’
752 2125 850 2171 ἡμῖν·
873 2123 949 2159 ἀλλ’
971 2123 1005 2159 ἓν
1029 2125 1072 2174 τῇ
1094 2122 1295 2174 προαιρέσει

258 2179 342 2219 ἐστί.
366 2179 437 2218 Καὶ
457 2178 514 2217 διὰ
533 2184 636 2218 τοῦτο
657 2180 717 2218 και
740 2178 886 2231 αἰσχρόν
913 2181 1007 2229 ἐστι,
1037 2180 1096 2218 καὶ
1129 2179 1289 2232 ψέγεται·

256 2237 321 2282 ἕξις
341 2238 407 2291 γάρ
429 2238 479 2281 τίς
500 2239 592 2277 ἐστιν
616 2242 636 2285 ἡ
658 2238 856 2282 ἀλαζονεία·
880 2238 940 2276 καὶ
972 2237 1062 2276 κατά
1084 2253 1160 2276 τινα
1184 2237 1253 2282 ἕξιν
1276 2241 1293 2276 6

257 2296 395 2341 ἀλαζὼν
415 2297 569 2348 γίνεται,
602 2296 719 2349 ὥσπερ
740 2297 800 2334 καὶ
823 2299 841 2335 6
871 2295 1044 2350 ψεύστης,
1075 2295 1109 2339 ὃς
1131 2297 1169 2334 οὐ
1190 2295 1293 2343 δόξης

255 2354 356 2394 ἕνεκα
378 2354 399 2401 ἢ
416 2357 610 2407 χρημάτων
631 2361 885 2409 προσποιεῖται,
911 2355 989 2393 ἀλλ’
1006 2356 1110 2393 αὐτοῦ
1126 2358 1188 2393 τοῦ
1208 2355 1292 2408 ψεύ-

256 2414 333 2457 δους
356 2414 456 2452 ἕνεκα
479 2414 600 2465 μόνον.

308 2472 375 2489 ****
393 2475 438 2510 Οἱ
455 2473 517 2522 μὲν
533 2467 591 2511 οῦν
609 2472 708 2520 δόξης
729 2473 831 2511 ἕνεκα
844 2472 1128 2523 ἀλαζονευόμενοι
1145 2475 1291 2510 τοιαῦτα

254 2534 546 2582 προσποιοῦνται,
568 2532 642 2570 ὅθεν
675 2531 813 2575 ἔπαινος
841 2530 1063 2578 ἀκολουθεῖ-ἢ
1095 2531 1291 2581 εὐδαιμονι-

256 2589 357 2638 σμός·
377 2591 407 2627 οἱ
425 2590 460 2628 δὲ
473 2590 643 2643 κέρδους“
625 2606 677 2628 ενε
681 2606 725 2628 κα
739 2592 1059 2640 ἀλαζονευόμενοι’
1044 2595 1159 2629 εκεῖνα
1174 2606 1287 2642 προσ-

254 2651 454 2696 ποιοῦνται,
476 2648 541 2686 ὅσα
562 2665 641 2693 τους
663 2650 769 2693 πέλας
796 2652 1004 2725 ὠφελοῦσιν·
1036 2653 1107 2689 οἱον
1129 2649 1289 2710 ἰατρικὴν

198 2742 209 2750 ἱ
252 2704 274 2751 ἢ
299 2706 478 2755 μαντείαν.
500 2708 785 2759 Προσποιοῦνται
805 2708 873 2760 γὰρ
894 2708 1007 2760 ἰατροί
1029 2725 1119 2753 τινες
1139 2706 1285 2756 εἶναι,
1265 2724 1287 2755 η

255 2763 395 2814 μάντεις
416 2765 540 2817 σοφοί,
561 2764 619 2803 ἵνα
642 2765 798 2809 δόξαντες
820 2767 992 2818 ὠφέλιμοι
1024 2761 1113 2806 εἶναι
1142 2771 1212 2810 τοῖς
1232 2781 1289 2804 κε-

253 2821 441 2873 χρημένοις
457 2824 763 2876 παρακερδαίνωσι
782 2824 826 2863 τὰ
843 2825 998 2865 ἐκείνων.
1037 2829 1202 2870 Τοιοῦτος
1226 2826 1287 2877 μὲν

253 2876 310 2920 ουν
329 2884 347 2919 ὁ
367 2881 519 2926 ἀλαζών.

304 2939 390 2958 *****
398 2939 444 2979 F
413 2956 511 2992 ιρων
522 2941 582 2978 δέ’
569 2956 660 2979 εστιν
670 2943 687 2978 ὁ
695 2942 736 2980 τὰ
747 2942 983 2981 ἐλάττωτων
964 2955 999 2981 ον
1005 2959 1070 2982 των
1078 2943 1283 2995 προσποιού·

254 3014 366 3047 μενος.
357 2993 489 3042 .Ουτος
500 2999 540 3047 δὴ
555 2999 780 3051 χαριέστερος
789 3004 850 3037 τοῦ
866 3002 1029 3046 ἀλαζόνος
1044 3002 1150 3040 δοκεῖ·
1167 3003 1205 3039 οὗ
1221 3001 1288 3054 γὰρ

252 3052 436 3108 κέρδους”
416 3072 519 3095 ενεκα
518 3063 800 3119 προσποιεῖται,
824 3058 914 3097 ἀλλὰ
929 3059 1064 3111 φεύγων
1087 3061 1125 3100 τὸ
1139 3060 1285 3112 ὃγκηρὸν

254 3116 315 3154 καὶ
333 3116 373 3155 τὸ
395 3115 486 3167 μέγα
507 3110 594 3154 εἶναι
612 3116 835 3159 δοκοῦν.ος
858 3133 900 3166 με
903 3134 919 3155 ν
943 3121 1000 3155 οὐν
1022 3119 1285 3170 εἰρωνευόμενος

252 3173 295 3211 τὰ
323 3172 441 3219 ἔνδοξα
468 3175 695 3226 ἀπαρνεῖται,
720 3173 840 3228 ὥσπερ
859 3182 919 3214 καὶ
939 3176 1165 3230 Σωκράτης’
1151 3177 1281 3225 εποίει,

1067 212 1349 254 ANDRONICI
1381 213 1557 253 RHODlI

1362 305 1416 338 rit.
1435 306 1501 340 Sed
1519 306 1707 340 accuratius
1722 307 1764 340 de
1786 309 1929 352 utraque
1952 320 1988 345 re
2005 312 2248 356 disputabimus
2265 327 2273 348 :
2298 305 2401 352 ants}

1360 373 1438 398 vero
1455 365 1497 398 de
1509 365 1735 399 mediocritate
1750 375 1903 408 agemus.
2391 360 2409 369 ‘

1402 424 1560 456 Veracem
1575 423 1676 465 igitur
1690 424 1922 468 intelligimus,
1940 436 2005 461 non
2021 437 2099 463 eum
2112 431 2175 473 qui
2194 432 2230 465 in
2246 431 2352 475 pactis
2362 433 2397 466 et

1360 482 1529 515 conventis
1547 482 1686 525 aliisque
1700 483 1736 516 id
1747 493 1849 526 genus
1860 509 1869 524 ,
1888 493 1962 527 quaa
1979 486 2022 519 ad
2043 487 2211 529 ,iustitiam
2230 491 2290 524 aut
2306 490 2396 535 inju-
2458 531 2459 538 γ

1360 540 1485 572 stitiam
1501 541 1687 583 pertinent,
1709 551 1827 575 verum
1845 542 1926 576 dicit
1949 557 1956 577 ι
1981 544 2044 578 hoc
2058 546 2146 578 enim
2161 547 2246 581 alius
2261 547 2397 584 virtutis
2454 568 2456 570 v

1359 600 1426 639 est3
1445 598 1503 632 sed
1525 599 1583 642 qui
1605 600 1674 634 sine
1699 601 1910 641 necessitate,
1929 602 1998 636 sine
2023 603 2115 645 lege,
2143 605 2234 638 nullo
2253 604 2394 651 dentque

1357 657 1442 699 juris
1471 660 1530 691 aut
1558 659 1623 692 alio
1641 659 1731 693 civili
1752 660 1885 696 yinculo
1904 661 2085 704 astrictus,
2105 664 2178 696 tum
2200 663 2235 696 in
2249 663 2397 700 oratione
2466 691 2468 694 -

1359 717 1431 750 tum
1446 717 1481 749 in
1493 717 1562 750 vita
1574 727 1742 761 nunquam
1758 728 1777 752 a
1793 720 1932 753 veritate
1944 720 2106 760 deflectit,
2127 721 2228 764 idque
2242 712 2394 766 pmptet-
2447 719 2466 732 ”·

1359 783 1396 807 ea
1431 777 1575 815 tantum,
1603 777 1693 819 quod
1717 778 1907 819 hujusmodi
1931 778 2066 812 virtutis
2093 779 2209 812 habitu
2235 779 2396 823 praeditus

1364 835 1425 872 est,
1445 835 1674 868 ethonestatis
1693 845 1792 869 causa
1809 845 1816 865 ε
1831 837 1887 870 sed
1905 839 1938 870 et
1957 837 2036 870 talia
2053 837 2094 871 de
2112 847 2147 871 se
2159 837 2330 881 proedicat,
2342 839 2397 872 ta-

1358 892 1464 935 lisque
1478 893 1587 927 ‚videri
1603 894 1678 927 vult
1703 895 1793 934 aliiS,
1818 895 1926 937 qualis
1950 898 2000 929 est
2023 905 2153 931 revera.
2205 897 2268 931 Hic
2285 898 2398 931 aunem

1359 952 1458 984 etiam
1476 952 1529 986 vir
1551 953 1657 986 bonus
1677 953 1789 987 fuerit.
1851 956 1934 987 Nam
1947 955 2005 997 qui
2024 954 2079 988 ubi
2094 955 2176 989 nihil
2190 964 2323 991 necesse
2347 957 2413 989 est<

1359 1011 1534 1045 veritatem
1561 1014 1682 1051 amant,
1706 1013 1813 1045 multo
1831 1013 1934 1055 magis
1958 1014 2016 1046 ubi
2040 1013 2163 1047 bonum
2187 1014 2284 1049 civi-e
2307 1014 2397 1048 veri-⁴

1358 1069 1438 1101 tatis
1455 1079 1600 1103 amorem
1628 1071 1794 1112 postulat,
1818 1071 1900 1104 tales
1925 1074 2002 1104 sunt
2024 1071 2132 1105 futuri
2155 1085 2164 1106 z
2187 1073 2247 1116 qui
2270 1072 2359 1107 enim
2377 1083 2398 1106 a

1357 1128 1527 1161 mendacio
1542 1138 1601 1171 per
1623 1138 1669 1170 se,
1696 1129 1775 1171 quia
1800 1129 1919 1162 vitium
1946 1132 2017 1169 est,
2043 1131 2213 1171 abhorret,
2232 1131 2398 1175 quomodo

1358 1189 1387 1221 si
1419 1187 1554 1221 accedat
1579 1188 1743 1229 dedecus,
1769 1197 1877 1231 neque
1899 1190 2029 1222 tantum
2058 1189 2101 1222 sit
2129 1189 2211 1229 tale,
2241 1189 2300 1224 sed
2325 1189 2399 1224 aliis

1358 1247 1458 1280 etiam
1484 1247 1650 1287 videatur,
1676 1256 1740 1279 non
1757 1247 1846 1279 omni
1872 1247 1971 1280 modo
1995 1248 2059 1280 hoc
2076 1247 2221 1282 vitabit?
2255 1249 2302 1282 Ao
2321 1248 2398 1282 talis

1358 1305 1492 1347 quidem
1514 1307 1564 1338 est
1581 1315 1701 1344 verare,
1725 1305 1783 1348 qui
1804 1315 1909 1348 quum
1926 1306 2047 1339 vitium
2064 1308 2098 1340 et
2116 1306 2258 1340 dedecus
2271 1304 2377 1350 fugiat

1357 1364 1475 1398 merito
1495 1364 1648 1396 laudatur
1667 1376 1674 1396 :
1696 1366 1729 1397 et
1750 1364 1798 1397 ita
1816 1364 1951 1407 quidem
1963 1391 1971 1407 ‚
1991 1366 2030 1397 ut
2044 1365 2073 1398 si
2087 1365 2308 1400 recedendum
2320 1363 2396 1400 tue-

1358 1423 1433 1455 rita
1449 1422 1676 1456 mediocritate
1689 1424 1731 1456 ad
1744 1423 1909 1456 defectum
1923 1433 2024 1466 quam
2045 1423 2088 1457 ad
2102 1424 2138 1457 id
2152 1424 2243 1467 quod
2259 1424 2396 1458 nimium

1358 1484 1408 1513 est
1426 1481 1617 1523 propensior
1644 1481 1779 1515 futurus
1803 1483 1846 1516 sit
1868 1492 1876 1512 ι
1897 1483 1960 1515 hoc
1984 1475 2070 1515 enim
2098 1482 2287 1516 concinnius
2308 1482 2395 1517 vide·

1356 1541 1413 1572 tur
1431 1539 1535 1572 altero
1546 1566 1553 1578 ,
1580 1541 1659 1582 quia
1677 1550 1774 1574 omne
1789 1541 1929 1574 nimium
1944 1551 2044 1583 grave
2060 1543 2093 1574 et
2111 1541 2288 1575 molestum
2303 1543 2365 1576 est.
2385 1585 2389 1589 .

1398 1599 1558 1639 Arrogans
1578 1608 1675 1639 vero,
1693 1599 1753 1641 qui
1773 1599 1909 1641 majora
1922 1608 1958 1632 re
1974 1599 2046 1641 ipsa
2067 1599 2223 1632 simulare
2243 1599 2343 1633 dictis
2361 1602 2396 1634 et

1356 1649 1453 1683 factis
1469 1651 1561 1683 solet.
1609 1653 1716 1693 Atque
1738 1651 1792 1683 hic
1806 1651 1956 1693 quidem,
1984 1652 2012 1684 si
2027 1651 2150 1684 nullius
2169 1651 2219 1684 rei
2241 1661 2342 1686 causa
2359 1652 2394 1687 id

1356 1700 1659 1744 faciat‚,improhus
1676 1703 1845 1744 judicatur
1866 1713 1874 1733 z
1895 1703 2018 1745 alioqui
2042 1712 2105 1736 non
2127 1703 2284 1746 gauderet
2308 1713 2396 1737 men-

1357 1753 1450 1786 dacio
1473 1767 1481 1787 :
1509 1756 1542 1787 et
1563 1756 1672 1787 tamen
1694 1764 1799 1788 vanus
1824 1755 1936 1797 potius
1960 1755 2093 1788 videtur
2107 1780 2115 1796 ,
2138 1765 2240 1798 quam
2257 1755 2366 1789 malus
2385 1768 2394 1789 ι

1356 1807 1476 1849 quodsi
1503 1807 1551 1839 rei
1583 1808 1722 1850 alicujus
1747 1817 1846 1841 causa
1874 1817 2029 1849 arrogans
2050 1808 2202 1850 simulet,
2229 1808 2258 1841 si
2284 1807 2321 1842 id
2341 1808 2394 1842 vel

1356 1859 1468 1901 gloriae
1488 1860 1540 1892 vel
1563 1861 1696 1893 honoris
1727 1869 1826 1894 causa
1850 1860 1967 1899 faciat,
1997 1870 2061 1893 non
2079 1862 2131 1894 est
2155 1860 2253 1894 valde
2268 1861 2395 1904 vitupe-

1356 1908 1479 1941 randus
1497 1918 1505 1937 τ
1527 1910 1561 1941 at
1578 1909 1635 1950 qui
1651 1909 1693 1941 ob
1709 1908 1882 1951 pecuniam
1906 1910 1964 1941 aut
1989 1908 2070 1941 alias
2087 1917 2139 1941 res
2157 1917 2233 1951 quae
2248 1908 2396 1952 pecuniae

1356 1958 1428 1990 loeo
1444 1960 1521 1991 sunt
1535 1985 1541 1997 ,
1557 1959 1620 1990 hoc
1631 1958 1747 1997 faciat,
1766 1959 1895 2000 turpior
1912 1958 2064 1991 habetur.
2100 1961 2104 1964 ’

1397 2012 1510 2052 Neque
1533 2011 1618 2043 enim
1636 2010 1818 2052 arrogantis
1834 2010 1869 2042 vi
1895 2019 1934 2042 ac
1948 2011 2112 2052 potestate
2133 2009 2318 2051 arrogantia
2339 2009 2395 2043 ni-

1356 2058 1440 2090 titur
1458 2071 1466 2090 :
1483 2068 1558 2091 nam
1574 2059 1600 2091 si
1614 2068 1666 2091 res
1678 2059 1724 2091 ita
1744 2068 1779 2091 se
1791 2059 1946 2097 haberet,
1961 2057 2179 2100 vituperanda
2197 2064 2264 2091 uon
2277 2058 2364 2091 esset
2385 2067 2393 2087 ι

1355 2111 1528 2150 propterea
1546 2109 1636 2150 quod
1656 2108 1698 2141 ad
1713 2117 1751 2141 ea
1767 2133 1774 2148 ,
1803 2117 1879 2150 quae
1899 2107 2086 2140 voluntaria
2110 2109 2211 2149 atque
2230 2106 2266 2140 in
2280 2106 2395 2140 nostra

1355 2160 1518 2200 potestate
1532 2160 1594 2191 sita
1613 2161 1690 2190 sunt
1701 2183 1709 2197 ,
1723 2168 1787 2190 non
1801 2158 1981 2199 pertineret
1997 2169 2005 2189 ι
2021 2156 2078 2190 sed
2091 2166 2109 2189 e
2118 2156 2254 2190 consilio
2269 2157 2303 2190 et
2314 2153 2395 2189 vitm

1354 2209 1431 2241 insti
1437 2210 1508 2241 luto
1527 2209 1657 2249 pendet.
1676 2209 1884 2249 Quapropter
1897 2208 1931 2239 et
1948 2206 2035 2239 foeda
2047 2208 2098 2239 est
2116 2208 2149 2239 et
2162 2205 2391 2247 vituperatum
2413 2247 2415 2250 ι

1354 2260 1406 2291 cst
1420 2258 1507 2290 enim
1524 2258 1660 2291 habitus
1675 2256 1811 2299 quidam
1823 2256 2020 2298 arrogantia,
2036 2257 2070 2288 et
2084 2264 2126 2288 ex
2137 2254 2256 2288 habitu
2269 2253 2390 2298 anquis

1354 2317 1509 2350 arrogans
1528 2308 1582 2346 fit,
1604 2307 1694 2340 haud
1717 2315 1811 2340 secus
1825 2308 1925 2348 atque
1943 2305 2103 2343 mendax,
2127 2304 2188 2347 qui
2205 2313 2266 2337 nec
2281 2303 2393 2346 glorias

1353 2370 1413 2393 nec
1431 2359 1643 2402 pecuniarum
1656 2367 1773 2396 causa,
1796 2358 1854 2391 sed
1873 2357 1975 2390 solius
1986 2355 2150 2390 mendacii
2163 2355 2270 2398 gratia
2285 2354 2391 2388 simu-

1352 2414 1410 2447 lat.

1395 2472 1460 2509 Qui
1482 2480 1557 2512 ergo
1576 2470 1688 2512 gloriae
1710 2478 1809 2503 causa
1827 2467 1911 2501 falsa
1930 2468 1972 2501 de
2001 2476 2037 2500 se
2063 2466 2262 2510 praedicant,
2286 2465 2338 2500 illi
2351 2476 2391 2500 ea

1352 2530 1508 2562 simulare
1536 2529 1660 2566 solent,
1695 2529 1831 2570 propter
1859 2535 1936 2569 quae
1967 2527 2026 2558 aut
2054 2525 2183 2558 laudari
2210 2526 2268 2558 aut
2302 2523 2392 2558 beati

1351 2587 1524 2631 praedicari
1551 2587 1677 2629 possint
1703 2598 1712 2618 ι
1748 2585 1808 2628 qui
1839 2594 1919 2618 vero
1949 2584 2033 2617 lucri
2057 2593 2156 2617 causa
2183 2583 2220 2616 id
2247 2582 2387 2628 faciunt,

1351 2657 1389 2681 ea
1402 2647 1462 2680 sibi
1476 2645 1662 2679 attribuunt
1675 2671 1681 2683 ,
1698 2644 1821 2687 quibus
1833 2643 1988 2686 prodesse
2001 2642 2074 2676 aliis
2089 2642 2213 2684 queant
2227 2653 2236 2673 :
2249 2641 2390 2684 exempli

1350 2706 1455 2749 gratia
1470 2704 1667 2737 medicinam
1691 2705 1750 2735 aut
1767 2701 2012 2735 divinationem.
2068 2698 2213 2733 Medicus
2226 2697 2314 2732 enim
2331 2699 2390 2731 aut

1349 2765 1492 2798 hariolos
1512 2763 1636 2806 peritos
1648 2771 1683 2795 se
1699 2770 1770 2795 esse
1789 2760 1962 2799 simulant,
1979 2760 2017 2791 ut
2037 2759 2214 2800 postquam
2235 2756 2300 2790 visi
2313 2755 2389 2790 fue-

1348 2824 1417 2857 rint
1436 2822 1598 2866 profuisse
1621 2822 1682 2859 iis,
1704 2821 1762 2863 qui
1781 2820 1927 2862 ipsorum
1943 2817 2066 2851 auxilio
2078 2816 2132 2850 usi
2156 2815 2233 2856 sint,
2253 2815 2387 2851 illorum

1350 2892 1428 2925 opes
1446 2882 1567 2923 injuste
1586 2881 1765 2913 lucrentur.
1804 2877 1893 2911 Talis
1911 2886 1988 2919 ergo
2003 2877 2055 2909 est
2074 2884 2239 2917 arrogans.

1392 2941 1623 2974 Dissimulator
1638 2948 1718 2972 vero
1733 2938 1763 2971 is
1788 2939 1854 2975 est,
1875 2935 1933 2978 qui
1951 2944 1988 2968 re
2009 2934 2080 2977 ipsa
2097 2934 2224 2967 minora
2240 2932 2384 2967 simulat.

1349 3001 1411 3034 Hic
1428 2999 1575 3042 profecto
1596 2998 1769 3039 arrogante
1787 2995 1958 3028 venustior
1980 2992 2116 3026 videtur
2135 3005 2142 3025 :
2172 3001 2280 3035 neque
2299 2991 2386 3026 enim

1349 3059 1434 3092 luc-ri
1457 3067 1556 3091 causa
1575 3056 1725 3095 simulat,
1753 3054 1811 3088 sed
1833 3053 1912 3096 quia
1930 3060 2026 3085 omne
2043 3051 2134 3095 quod
2157 3051 2283 3084 elatum
2309 3059 2383 3083 ma-

1350 3127 1516 3161 gnumque
1532 3118 1665 3150 videtur
1685 3124 1756 3149 esse
1769 3141 1776 3154 ,
1794 3115 1900 3147 vitare
1918 3112 2042 3145 studet.
2073 3111 2137 3150 Qui
2162 3110 2264 3153 igitur
2282 3109 2385 3145 dissi-

1349 3178 1530 3211 mulatione
1562 3176 1669 3208 utitur
1697 3175 1761 3212 ita,
1790 3175 1828 3205 ut
1853 3171 1993 3214 gloriosa
2013 3169 2122 3202 omnia
2143 3169 2185 3202 de
2209 3178 2245 3202 se
2267 3169 2382 3211 neget,

298 3338 317 3356 '⁶
340 3338 388 3370 Οὐ
403 3337 464 3381 γὰρ
481 3339 555 3380 περὶ
572 3341 629 3371 τοῦ
648 3338 680 3370 ἐν
700 3342 770 3375 ταῖς
784 3340 967 3381 ὁμολογίαις
984 3340 1193 3378 ἀληθευοντος
1208 3342 1324 3382 )έγομε
1327 3354 1342 3373 ν
1359 3343 1429 3374 κτλ,
1447 3358 1487 3363 -
1503 3339 1541 3358 'st
1569 3338 1608 3371 ‘O
1627 3338 1661 3370 δὲ
1680 3337 1775 3379 μείζω
1790 3336 1855 3368 τῶν
1874 3334 2084 3377 ὑπαρχόντων
2101 3331 2324 3374 προσποιούμ
2313 3341 2378 3366 νος

254 3387 320 3417 κτλ.
343 3402 383 3408 -
394 3385 454 3404 *⁴⁰¹
468 3386 536 3432 ῼύκ
552 3386 584 3418 ἐν
599 3390 638 3428 τῇ
654 3387 786 3427 δυνάμει
804 3387 859 3418 δ”
847 3388 934 3420 εστὶν
953 3389 969 3419 ὁ
988 3388 1134 3429 ἀλαζών,
1152 3390 1221 3421 κτλ.
1235 3406 1278 3412 -
1293 3389 1371 3408 *Η*
1390 3390 1430 3420 Οἱ
1447 3388 1503 3430 μὲν
1520 3386 1575 3419 θῦν
1594 3387 1682 3424 δόξης
1695 3385 1788 3428 χάριν
1807 3382 2070 3423 ἀΛαζθνΕυθμενοῑ
2086 3381 2155 3412 κτλ·
2169 3397 2208 3402 ““

254 3434 283 3466 δ’
305 3433 432 3476 ειρωνες
450 3434 501 3466 ἐπὶ
521 3434 558 3468 τὸ
572 3433 704 3467 ἔλαττον
725 3435 794 3468 κτλ

2222 3377 2324 3399 *xus
2340 3377 2382 3411 οἱ
