<?xml version="1.0" encoding="UTF-8"?>
<!DOCTYPE html PUBLIC "-//W3C//DTD XHTML 1.0 Transitional//EN"
    "http://www.w3.org/TR/xhtml1/DTD/xhtml1-transitional.dtd">
<html xmlns="http://www.w3.org/1999/xhtml" xml:lang="en" lang="en">
 <head>
  <title>
</title>
<meta http-equiv="Content-Type" content="text/html;charset=utf-8" />
  <meta name='ocr-system' content='tesseract 3.04.00' />
  <meta name='ocr-capabilities' content='ocr_page ocr_carea ocr_par ocr_line ocrx_word'/>
</head>
<body>
  <div class='ocr_page' id='page_1' title='image "./fragmentaphiloso03mulluoft/fragmentaphiloso03mulluoft_0517.png"; bbox 0 0 2508 3776; ppageno 0'>
   <div class='ocr_carea' id='block_1_1' title="bbox 59 2527 186 2588">
    <p class='ocr_par' dir='ltr' id='par_1_1' title="bbox 59 2527 186 2588">
     <span class='ocr_line' id='line_1_1' title="bbox 59 2527 186 2546; baseline 0.016 -8"><span class='ocrx_word' id='word_1_1' title='bbox 59 2527 74 2538; x_wconf 55' lang='grc' dir='ltr'>κ·</span> <span class='ocrx_word' id='word_1_2' title='bbox 130 2533 148 2541; x_wconf 60' lang='grc' dir='ltr'>ι,</span> <span class='ocrx_word' id='word_1_3' title='bbox 182 2543 186 2546; x_wconf 29' lang='grc' dir='ltr'><em>Ὗ</em></span> 
     </span>
     <span class='ocr_line' id='line_1_2' title="bbox 78 2546 163 2566; baseline -0.012 0"><span class='ocrx_word' id='word_1_4' title='bbox 78 2546 83 2552; x_wconf 88' lang='grc'><strong><em>’</em></strong></span> <span class='ocrx_word' id='word_1_5' title='bbox 126 2548 163 2566; x_wconf 57' lang='grc' dir='ltr'>λς’</span> 
     </span>
     <span class='ocr_line' id='line_1_3' title="bbox 66 2571 110 2588; baseline 0 -16"><span class='ocrx_word' id='word_1_6' title='bbox 66 2580 72 2588; x_wconf 37' lang='lat'>⁴</span> <span class='ocrx_word' id='word_1_7' title='bbox 107 2571 110 2572; x_wconf 26' lang='lat'><em>⁷</em></span> 
     </span>
    </p>
   </div>
   <div class='ocr_carea' id='block_1_2' title="bbox 0 0 119 3776">
    <p class='ocr_par' dir='ltr' id='par_1_2' title="bbox 0 0 119 3776">
     <span class='ocr_line' id='line_1_4' title="bbox 0 0 119 3776; baseline 0 0"><span class='ocrx_word' id='word_1_8' title='bbox 0 0 119 3776; x_wconf 95' lang='lat' dir='ltr'> </span> 
     </span>
    </p>
   </div>
   <div class='ocr_carea' id='block_1_3' title="bbox 632 150 1822 194">
    <p class='ocr_par' dir='ltr' id='par_1_3' title="bbox 632 150 1822 194">
     <span class='ocr_line' id='line_1_5' title="bbox 632 150 1822 194; baseline -0.001 -1"><span class='ocrx_word' id='word_1_9' title='bbox 632 150 934 194; x_wconf 87' lang='lat' dir='ltr'>ETHICORUM</span> <span class='ocrx_word' id='word_1_10' title='bbox 962 150 1411 194; x_wconf 81' lang='lat' dir='ltr'><strong>NICOMACHEORUM</strong></span> <span class='ocrx_word' id='word_1_11' title='bbox 1439 151 1822 194; x_wconf 84' lang='lat' dir='ltr'><strong>PARAPHRASIS.</strong></span> 
     </span>
    </p>
   </div>
   <div class='ocr_carea' id='block_1_4' title="bbox 46 239 1201 952">
    <p class='ocr_par' dir='ltr' id='par_1_4' title="bbox 138 239 1198 479">
     <span class='ocr_line' id='line_1_6' title="bbox 142 239 1198 295; baseline 0.001 -14"><span class='ocrx_word' id='word_1_12' title='bbox 142 247 216 288; x_wconf 75' lang='grc' dir='ltr'>τοῖς</span> <span class='ocrx_word' id='word_1_13' title='bbox 241 241 356 295; x_wconf 78' lang='grc' dir='ltr'>φίλοις</span> <span class='ocrx_word' id='word_1_14' title='bbox 379 239 533 295; x_wconf 81' lang='grc' dir='ltr'>γίνηται·</span> <span class='ocrx_word' id='word_1_15' title='bbox 556 241 618 281; x_wconf 78' lang='grc' dir='ltr'>καὶ</span> <span class='ocrx_word' id='word_1_16' title='bbox 636 242 811 295; x_wconf 80' lang='grc' dir='ltr'>χαίρωσιν</span> <span class='ocrx_word' id='word_1_17' title='bbox 826 241 1065 291; x_wconf 57' lang='grc' dir='ltr'>ῧάλλήλοις,</span> <span class='ocrx_word' id='word_1_18' title='bbox 1081 241 1106 289; x_wconf 80' lang='grc' dir='ltr'>ἢ</span> <span class='ocrx_word' id='word_1_19' title='bbox 1125 247 1198 286; x_wconf 86' lang='grc' dir='ltr'>τοῖς</span> 
     </span>
     <span class='ocr_line' id='line_1_7' title="bbox 138 295 1197 355; baseline -0.003 -12"><span class='ocrx_word' id='word_1_20' title='bbox 138 301 283 348; x_wconf 65' lang='grc' dir='ltr'>αὐτοῖς</span> <span class='ocrx_word' id='word_1_21' title='bbox 279 295 387 343; x_wconf 76' lang='grc' dir='ltr'>,Οἶαι</span> <span class='ocrx_word' id='word_1_22' title='bbox 408 304 479 341; x_wconf 85' lang='grc' dir='ltr'>τῶν</span> <span class='ocrx_word' id='word_1_23' title='bbox 505 301 592 342; x_wconf 87' lang='grc' dir='ltr'>νέων</span> <span class='ocrx_word' id='word_1_24' title='bbox 610 301 698 342; x_wconf 78' lang='grc' dir='ltr'>εἰσὶν</span> <span class='ocrx_word' id='word_1_25' title='bbox 717 303 755 341; x_wconf 73' lang='grc' dir='ltr'>αἱ</span> <span class='ocrx_word' id='word_1_26' title='bbox 770 301 899 352; x_wconf 84' lang='grc' dir='ltr'>φιλίαι.</span> <span class='ocrx_word' id='word_1_27' title='bbox 926 301 997 342; x_wconf 79' lang='grc' dir='ltr'>Καὶ</span> <span class='ocrx_word' id='word_1_28' title='bbox 1012 301 1080 355; x_wconf 83' lang='grc' dir='ltr'>γὰρ</span> <span class='ocrx_word' id='word_1_29' title='bbox 1100 302 1136 341; x_wconf 83' lang='grc' dir='ltr'>ἐν</span> <span class='ocrx_word' id='word_1_30' title='bbox 1151 304 1197 355; x_wconf 81' lang='grc' dir='ltr'>τῇ</span> 
     </span>
     <span class='ocr_line' id='line_1_8' title="bbox 138 359 1197 416; baseline -0.002 -14"><span class='ocrx_word' id='word_1_31' title='bbox 138 359 342 413; x_wconf 50' lang='grc' dir='ltr'>-ἴῢῑὴὓέος</span> <span class='ocrx_word' id='word_1_32' title='bbox 354 360 455 416; x_wconf 88' lang='grc' dir='ltr'>φιλία</span> <span class='ocrx_word' id='word_1_33' title='bbox 482 360 617 412; x_wconf 85' lang='grc' dir='ltr'>μᾶλλόν</span> <span class='ocrx_word' id='word_1_34' title='bbox 639 360 774 401; x_wconf 79' lang='grc' dir='ltr'>ἔστιτὸ</span> <span class='ocrx_word' id='word_1_35' title='bbox 799 359 1023 415; x_wconf 84' lang='grc' dir='ltr'>ἐλευθέριον,</span> <span class='ocrx_word' id='word_1_36' title='bbox 1045 359 1069 408; x_wconf 82' lang='grc' dir='ltr'>ἢ</span> <span class='ocrx_word' id='word_1_37' title='bbox 1097 361 1133 400; x_wconf 81' lang='grc' dir='ltr'>ἐν</span> <span class='ocrx_word' id='word_1_38' title='bbox 1153 363 1197 414; x_wconf 83' lang='grc' dir='ltr'>τῇ</span> 
     </span>
     <span class='ocr_line' id='line_1_9' title="bbox 140 418 1198 479; baseline -0.001 -19"><span class='ocrx_word' id='word_1_39' title='bbox 140 459 149 469; x_wconf 71' lang='lat'>‚</span> <span class='ocrx_word' id='word_1_40' title='bbox 176 468 182 476; x_wconf 32' lang='lat' dir='ltr'>k</span> <span class='ocrx_word' id='word_1_41' title='bbox 205 418 414 479; x_wconf 63' lang='grc' dir='ltr'>χρησίμου.</span> <span class='ocrx_word' id='word_1_42' title='bbox 443 419 490 461; x_wconf 84' lang='grc' dir='ltr'><strong>Ἥ</strong></span> <span class='ocrx_word' id='word_1_43' title='bbox 511 420 581 475; x_wconf 84' lang='grc' dir='ltr'>γὰρ</span> <span class='ocrx_word' id='word_1_44' title='bbox 601 436 664 461; x_wconf 88' lang='grc' dir='ltr'>του</span> <span class='ocrx_word' id='word_1_45' title='bbox 683 420 867 474; x_wconf 83' lang='grc' dir='ltr'>χρησίμου</span> <span class='ocrx_word' id='word_1_46' title='bbox 897 419 1075 473; x_wconf 85' lang='grc' dir='ltr'>ἀγοραίων</span> <span class='ocrx_word' id='word_1_47' title='bbox 1094 422 1198 460; x_wconf 80' lang='grc' dir='ltr'>τινῶν</span> 
     </span>
    </p>

    <p class='ocr_par' dir='ltr' id='par_1_5' title="bbox 45 478 1201 947">
     <span class='ocr_line' id='line_1_10' title="bbox 175 478 1198 555; baseline 0 -35"><span class='ocrx_word' id='word_1_48' title='bbox 175 478 207 555; x_wconf 34' lang='grc' dir='ltr'>ᾖ)</span> <span class='ocrx_word' id='word_1_49' title='bbox 237 478 300 526; x_wconf 54' lang='lat' dir='ltr'>itai</span> <span class='ocrx_word' id='word_1_50' title='bbox 321 480 568 535; x_wconf 81' lang='grc' dir='ltr'>ἀνελευθέρων.</span> <span class='ocrx_word' id='word_1_51' title='bbox 598 478 685 521; x_wconf 84' lang='grc' dir='ltr'>Ἔτι</span> <span class='ocrx_word' id='word_1_52' title='bbox 704 483 727 528; x_wconf 84' lang='grc' dir='ltr'>ἦ</span> <span class='ocrx_word' id='word_1_53' title='bbox 759 480 893 529; x_wconf 85' lang='grc' dir='ltr'>ἀληθὴς</span> <span class='ocrx_word' id='word_1_54' title='bbox 919 479 1020 534; x_wconf 87' lang='grc' dir='ltr'>φιλία</span> <span class='ocrx_word' id='word_1_55' title='bbox 1039 479 1103 520; x_wconf 82' lang='grc' dir='ltr'>καὶ</span> <span class='ocrx_word' id='word_1_56' title='bbox 1137 496 1198 520; x_wconf 91' lang='grc' dir='ltr'>του</span> 
     </span>
     <span class='ocr_line' id='line_1_11' title="bbox 46 537 1200 594; baseline 0 -14"><span class='ocrx_word' id='word_1_57' title='bbox 46 579 54 593; x_wconf 16' lang='lat' dir='ltr'>,V</span> <span class='ocrx_word' id='word_1_58' title='bbox 189 556 242 586; x_wconf 81' lang='grc' dir='ltr'>ιος</span> <span class='ocrx_word' id='word_1_59' title='bbox 256 541 390 593; x_wconf 75' lang='grc' dir='ltr'>δεῖται,</span> <span class='ocrx_word' id='word_1_60' title='bbox 411 556 471 580; x_wconf 90' lang='grc' dir='ltr'>του</span> <span class='ocrx_word' id='word_1_61' title='bbox 491 539 672 594; x_wconf 81' lang='grc' dir='ltr'>χρησίμου</span> <span class='ocrx_word' id='word_1_62' title='bbox 696 537 733 579; x_wconf 85' lang='grc' dir='ltr'>δὲ</span> <span class='ocrx_word' id='word_1_63' title='bbox 752 540 930 592; x_wconf 88' lang='grc' dir='ltr'>οὖδαμως.</span> <span class='ocrx_word' id='word_1_64' title='bbox 971 542 1019 580; x_wconf 77' lang='grc' dir='ltr'>Οἵ</span> <span class='ocrx_word' id='word_1_65' title='bbox 1036 540 1104 594; x_wconf 86' lang='grc' dir='ltr'>γὰρ</span> <span class='ocrx_word' id='word_1_66' title='bbox 1127 556 1200 592; x_wconf 87' lang='grc' dir='ltr'>μα-</span> 
     </span>
     <span class='ocr_line' id='line_1_12' title="bbox 50 598 1198 656; baseline -0.003 -14.017"><span class='ocrx_word' id='word_1_67' title='bbox 50 617 84 652; x_wconf 63' lang='lat'>52:</span> <span class='ocrx_word' id='word_1_68' title='bbox 135 599 260 655; x_wconf 52' lang='grc' dir='ltr'>«ἠέριοι</span> <span class='ocrx_word' id='word_1_69' title='bbox 291 599 480 656; x_wconf 84' lang='grc' dir='ltr'>χρησίμων</span> <span class='ocrx_word' id='word_1_70' title='bbox 510 599 575 652; x_wconf 83' lang='grc' dir='ltr'>μὲν</span> <span class='ocrx_word' id='word_1_71' title='bbox 606 601 646 639; x_wconf 83' lang='grc' dir='ltr'>οὗ</span> <span class='ocrx_word' id='word_1_72' title='bbox 681 598 842 651; x_wconf 84' lang='grc' dir='ltr'>δέονται,</span> <span class='ocrx_word' id='word_1_73' title='bbox 876 598 991 647; x_wconf 82' lang='grc' dir='ltr'>ἡδέων</span> <span class='ocrx_word' id='word_1_74' title='bbox 1014 599 1064 639; x_wconf 91' lang='grc' dir='ltr'>δέ·</span> <span class='ocrx_word' id='word_1_75' title='bbox 1092 602 1198 647; x_wconf 83' lang='grc' dir='ltr'>συζῆν</span> 
     </span>
     <span class='ocr_line' id='line_1_13' title="bbox 61 654 1201 717; baseline -0.002 -16"><span class='ocrx_word' id='word_1_76' title='bbox 61 654 78 688; x_wconf 59' lang='grc' dir='ltr'>’Ϊ</span> <span class='ocrx_word' id='word_1_77' title='bbox 134 658 208 712; x_wconf 62' lang='grc' dir='ltr'>μὲν</span> <span class='ocrx_word' id='word_1_78' title='bbox 224 659 293 717; x_wconf 78' lang='grc' dir='ltr'>γὰρ</span> <span class='ocrx_word' id='word_1_79' title='bbox 315 659 502 716; x_wconf 77' lang='grc' dir='ltr'>βούλονταί</span> <span class='ocrx_word' id='word_1_80' title='bbox 521 675 612 708; x_wconf 89' lang='grc' dir='ltr'>τισι,</span> <span class='ocrx_word' id='word_1_81' title='bbox 630 661 801 713; x_wconf 82' lang='grc' dir='ltr'>λυπηροῖς</span> <span class='ocrx_word' id='word_1_82' title='bbox 821 658 859 699; x_wconf 83' lang='grc' dir='ltr'>δὲ</span> <span class='ocrx_word' id='word_1_83' title='bbox 879 661 918 699; x_wconf 85' lang='grc' dir='ltr'>οὗ</span> <span class='ocrx_word' id='word_1_84' title='bbox 939 659 1102 700; x_wconf 84' lang='grc' dir='ltr'>δύνανται</span> <span class='ocrx_word' id='word_1_85' title='bbox 1119 677 1201 699; x_wconf 91' lang='grc' dir='ltr'>συν-</span> 
     </span>
     <span class='ocr_line' id='line_1_14' title="bbox 139 718 1201 774; baseline 0.001 -14"><span class='ocrx_word' id='word_1_86' title='bbox 139 720 246 773; x_wconf 67' lang='grc' dir='ltr'>ξεῖναι,</span> <span class='ocrx_word' id='word_1_87' title='bbox 260 719 320 771; x_wconf 81' lang='grc' dir='ltr'><strong>Τὸ</strong></span> <span class='ocrx_word' id='word_1_88' title='bbox 339 720 409 774; x_wconf 78' lang='grc' dir='ltr'>γὰρ</span> <span class='ocrx_word' id='word_1_89' title='bbox 427 719 584 774; x_wconf 84' lang='grc' dir='ltr'>λυπηρὸν</span> <span class='ocrx_word' id='word_1_90' title='bbox 611 719 728 772; x_wconf 86' lang='grc' dir='ltr'>ὀλίγον</span> <span class='ocrx_word' id='word_1_91' title='bbox 759 718 904 773; x_wconf 88' lang='grc' dir='ltr'>φέρουσι</span> <span class='ocrx_word' id='word_1_92' title='bbox 932 719 1074 774; x_wconf 87' lang='grc' dir='ltr'>χρόνον.</span> <span class='ocrx_word' id='word_1_93' title='bbox 1108 723 1201 761; x_wconf 89' lang='grc' dir='ltr'>Συν-</span> 
     </span>
     <span class='ocr_line' id='line_1_15' title="bbox 143 767 1200 834; baseline -0.002 -14"><span class='ocrx_word' id='word_1_94' title='bbox 143 780 235 834; x_wconf 72' lang='grc' dir='ltr'>εχῶς</span> <span class='ocrx_word' id='word_1_95' title='bbox 254 767 292 820; x_wconf 75' lang='grc' dir='ltr'>δὲ</span> <span class='ocrx_word' id='word_1_96' title='bbox 323 778 434 824; x_wconf 83' lang='grc' dir='ltr'>οὗδεὶς</span> <span class='ocrx_word' id='word_1_97' title='bbox 464 777 541 818; x_wconf 65' lang='grc' dir='ltr'>ἃνε</span> <span class='ocrx_word' id='word_1_98' title='bbox 527 777 716 830; x_wconf 90' lang='grc' dir='ltr'>υπομείναι</span> <span class='ocrx_word' id='word_1_99' title='bbox 735 778 973 829; x_wconf 81' lang='grc' dir='ltr'>λυπούμενος,</span> <span class='ocrx_word' id='word_1_100' title='bbox 1005 779 1078 817; x_wconf 81' lang='grc' dir='ltr'>οὐδ’</span> <span class='ocrx_word' id='word_1_101' title='bbox 1114 778 1200 818; x_wconf 83' lang='grc' dir='ltr'>αὐτὸ</span> 
     </span>
     <span class='ocr_line' id='line_1_16' title="bbox 141 837 1201 892; baseline -0.004 -13"><span class='ocrx_word' id='word_1_102' title='bbox 141 838 183 879; x_wconf 73' lang='grc' dir='ltr'>τὸ</span> <span class='ocrx_word' id='word_1_103' title='bbox 202 838 336 892; x_wconf 78' lang='grc' dir='ltr'>ἀγαθὸν</span> <span class='ocrx_word' id='word_1_104' title='bbox 359 837 549 887; x_wconf 82' lang='grc' dir='ltr'>δυνήσεται</span> <span class='ocrx_word' id='word_1_105' title='bbox 579 838 695 891; x_wconf 88' lang='grc' dir='ltr'>φέρειν</span> <span class='ocrx_word' id='word_1_106' title='bbox 721 837 848 885; x_wconf 81' lang='grc' dir='ltr'>οὐδείς,</span> <span class='ocrx_word' id='word_1_107' title='bbox 871 839 901 876; x_wconf 84' lang='grc' dir='ltr'>εἶ</span> <span class='ocrx_word' id='word_1_108' title='bbox 926 838 1082 890; x_wconf 85' lang='grc' dir='ltr'>λυπηρὸν</span> <span class='ocrx_word' id='word_1_109' title='bbox 1104 840 1201 877; x_wconf 84' lang='grc' dir='ltr'>αὗτω</span> 
     </span>
     <span class='ocr_line' id='line_1_17' title="bbox 142 896 1200 952; baseline -0.004 -12"><span class='ocrx_word' id='word_1_110' title='bbox 142 898 213 947; x_wconf 67' lang='grc' dir='ltr'>εἴη.</span> <span class='ocrx_word' id='word_1_111' title='bbox 235 897 306 940; x_wconf 76' lang='grc' dir='ltr'>Διὰ</span> <span class='ocrx_word' id='word_1_112' title='bbox 321 901 425 939; x_wconf 77' lang='grc' dir='ltr'>τοῦτο</span> <span class='ocrx_word' id='word_1_113' title='bbox 438 896 519 942; x_wconf 81' lang='grc' dir='ltr'>τοὺς</span> <span class='ocrx_word' id='word_1_114' title='bbox 536 897 655 952; x_wconf 83' lang='grc' dir='ltr'>φίλους</span> <span class='ocrx_word' id='word_1_115' title='bbox 673 897 705 936; x_wconf 79' lang='grc' dir='ltr'>οἷ</span> <span class='ocrx_word' id='word_1_116' title='bbox 726 898 911 936; x_wconf 84' lang='grc' dir='ltr'>σπουδαῖοι</span> <span class='ocrx_word' id='word_1_117' title='bbox 927 898 1022 944; x_wconf 81' lang='grc' dir='ltr'>ἡδεῖς</span> <span class='ocrx_word' id='word_1_118' title='bbox 1038 899 1200 945; x_wconf 86' lang='grc' dir='ltr'>ζητουσιν</span> 
     </span>
    </p>
   </div>
   <div class='ocr_carea' id='block_1_5' title="bbox 134 418 216 590">
    <p class='ocr_par' dir='ltr' id='par_1_6' title="bbox 134 418 216 590">
     <span class='ocr_line' id='line_1_18' title="bbox 134 418 216 590; baseline 0 0"><span class='ocrx_word' id='word_1_119' title='bbox 134 418 216 590; x_wconf 95' lang='lat' dir='ltr'>  </span> 
     </span>
    </p>
   </div>
   <div class='ocr_carea' id='block_1_6' title="bbox 141 951 1202 1011">
    <p class='ocr_par' dir='ltr' id='par_1_7' title="bbox 43 950 1202 1017">
     <span class='ocr_line' id='line_1_19' title="bbox 141 951 1202 1011; baseline -0.001 -14.085"><span class='ocrx_word' id='word_1_120' title='bbox 141 951 253 1008; x_wconf 66' lang='grc' dir='ltr'>εἶναι’,</span> <span class='ocrx_word' id='word_1_121' title='bbox 271 957 424 1011; x_wconf 78' lang='grc' dir='ltr'>ἅγαθους</span> <span class='ocrx_word' id='word_1_122' title='bbox 453 957 556 1003; x_wconf 84' lang='grc' dir='ltr'>ὄντας</span> <span class='ocrx_word' id='word_1_123' title='bbox 575 957 637 996; x_wconf 84' lang='grc' dir='ltr'>καὶ</span> <span class='ocrx_word' id='word_1_124' title='bbox 665 959 781 1001; x_wconf 82' lang='grc' dir='ltr'>αὐτοῖς</span> <span class='ocrx_word' id='word_1_125' title='bbox 812 956 976 1009; x_wconf 84' lang='grc' dir='ltr'>ἀγαθούς·</span> <span class='ocrx_word' id='word_1_126' title='bbox 1013 956 1106 996; x_wconf 87' lang='grc' dir='ltr'>ουτω</span> <span class='ocrx_word' id='word_1_127' title='bbox 1132 956 1202 1010; x_wconf 82' lang='grc' dir='ltr'>γὰρ</span> 
     </span>
    </p>
   </div>
   <div class='ocr_carea' id='block_1_7' title="bbox 48 1016 1205 1671">
    <p class='ocr_par' dir='ltr' id='par_1_8' title="bbox 48 1005 1200 1192">
     <span class='ocr_line' id='line_1_20' title="bbox 134 1016 1200 1072; baseline 0.002 -17.864"><span class='ocrx_word' id='word_1_128' title='bbox 134 1018 260 1063; x_wconf 63' lang='grc' dir='ltr'>ιὰῧ”·ῑ·οἳς</span> <span class='ocrx_word' id='word_1_129' title='bbox 290 1017 437 1072; x_wconf 73' lang='grc' dir='ltr'>ὃτι-ἄρξει</span> <span class='ocrx_word' id='word_1_130' title='bbox 456 1016 523 1056; x_wconf 82' lang='grc' dir='ltr'>ὅσα</span> <span class='ocrx_word' id='word_1_131' title='bbox 551 1017 605 1056; x_wconf 83' lang='grc' dir='ltr'>δεῖ</span> <span class='ocrx_word' id='word_1_132' title='bbox 622 1017 695 1062; x_wconf 80' lang='grc' dir='ltr'>τοῖς</span> <span class='ocrx_word' id='word_1_133' title='bbox 727 1017 840 1071; x_wconf 81' lang='grc' dir='ltr'>φίλοις</span> <span class='ocrx_word' id='word_1_134' title='bbox 854 1017 1051 1070; x_wconf 84' lang='grc' dir='ltr'>ὑπάρχειν·</span> <span class='ocrx_word' id='word_1_135' title='bbox 1085 1020 1109 1065; x_wconf 81' lang='grc' dir='ltr'>ἡ</span> <span class='ocrx_word' id='word_1_136' title='bbox 1131 1017 1200 1070; x_wconf 82' lang='grc' dir='ltr'>ἄρα</span> 
     </span>
     <span class='ocr_line' id='line_1_21' title="bbox 51 1076 1198 1134; baseline -0.001 -18"><span class='ocrx_word' id='word_1_137' title='bbox 51 1114 55 1116; x_wconf 90' lang='grc'>.</span> <span class='ocrx_word' id='word_1_138' title='bbox 75 1108 77 1110; x_wconf 83' lang='grc'>-</span> <span class='ocrx_word' id='word_1_139' title='bbox 94 1091 98 1093; x_wconf 67' lang='grc'>“</span> <span class='ocrx_word' id='word_1_140' title='bbox 141 1081 224 1119; x_wconf 67' lang='grc' dir='ltr'>καθ’</span> <span class='ocrx_word' id='word_1_141' title='bbox 239 1077 368 1128; x_wconf 81' lang='grc' dir='ltr'>ἡδονὴν</span> <span class='ocrx_word' id='word_1_142' title='bbox 396 1079 498 1134; x_wconf 80' lang='grc' dir='ltr'>φιλία</span> <span class='ocrx_word' id='word_1_143' title='bbox 521 1077 697 1130; x_wconf 83' lang='grc' dir='ltr'>μᾶλλον”</span> <span class='ocrx_word' id='word_1_144' title='bbox 677 1093 767 1117; x_wconf 82' lang='grc' dir='ltr'>εοικε</span> <span class='ocrx_word' id='word_1_145' title='bbox 782 1080 827 1131; x_wconf 82' lang='grc' dir='ltr'>τῇ</span> <span class='ocrx_word' id='word_1_146' title='bbox 847 1076 966 1131; x_wconf 73' lang='grc' dir='ltr'>τελείᾳ</span> <span class='ocrx_word' id='word_1_147' title='bbox 985 1076 1085 1132; x_wconf 74' lang='grc' dir='ltr'>φιλίᾳ</span> <span class='ocrx_word' id='word_1_148' title='bbox 1100 1106 1112 1126; x_wconf 90' lang='grc'><em>,</em></span> <span class='ocrx_word' id='word_1_149' title='bbox 1130 1077 1154 1126; x_wconf 87' lang='grc' dir='ltr'>ἢ</span> <span class='ocrx_word' id='word_1_150' title='bbox 1176 1079 1198 1125; x_wconf 89' lang='grc' dir='ltr'>ἡ</span> 
     </span>
     <span class='ocr_line' id='line_1_22' title="bbox 48 1136 515 1192; baseline 0 -13"><span class='ocrx_word' id='word_1_151' title='bbox 48 1139 75 1179; x_wconf 66' lang='lat' dir='ltr'>J&lt;</span> <span class='ocrx_word' id='word_1_152' title='bbox 131 1137 242 1179; x_wconf 58' lang='lat' dir='ltr'>m&amp;</span> <span class='ocrx_word' id='word_1_153' title='bbox 255 1137 302 1179; x_wconf 72' lang='grc' dir='ltr'>τὸ·</span> <span class='ocrx_word' id='word_1_154' title='bbox 317 1136 515 1192; x_wconf 80' lang='grc' dir='ltr'>χρήσιμον.</span> 
     </span>
    </p>

    <p class='ocr_par' dir='ltr' id='par_1_9' title="bbox 66 1194 1205 1671">
     <span class='ocr_line' id='line_1_23' title="bbox 66 1194 1202 1254; baseline -0.002 -14"><span class='ocrx_word' id='word_1_155' title='bbox 66 1194 68 1196; x_wconf 17' lang='lat' dir='ltr'>V</span> <span class='ocrx_word' id='word_1_156' title='bbox 136 1238 140 1241; x_wconf 79' lang='grc'>,</span> <span class='ocrx_word' id='word_1_157' title='bbox 160 1226 178 1234; x_wconf 60' lang='lat'>1·</span> <span class='ocrx_word' id='word_1_158' title='bbox 196 1197 219 1242; x_wconf 60' lang='lat' dir='ltr'>*f</span> <span class='ocrx_word' id='word_1_159' title='bbox 231 1199 280 1240; x_wconf 76' lang='grc' dir='ltr'>Οἱ</span> <span class='ocrx_word' id='word_1_160' title='bbox 305 1197 339 1238; x_wconf 80' lang='grc' dir='ltr'>δ’</span> <span class='ocrx_word' id='word_1_161' title='bbox 357 1199 394 1238; x_wconf 84' lang='grc' dir='ltr'>ἐν</span> <span class='ocrx_word' id='word_1_162' title='bbox 406 1203 484 1243; x_wconf 83' lang='grc' dir='ltr'>ταῖς</span> <span class='ocrx_word' id='word_1_163' title='bbox 503 1196 674 1244; x_wconf 82' lang='grc' dir='ltr'>ἐξουσίαις</span> <span class='ocrx_word' id='word_1_164' title='bbox 691 1199 732 1238; x_wconf 83' lang='grc' dir='ltr'>οὗ</span> <span class='ocrx_word' id='word_1_165' title='bbox 752 1204 824 1242; x_wconf 87' lang='grc' dir='ltr'>τοῖς</span> <span class='ocrx_word' id='word_1_166' title='bbox 837 1199 954 1243; x_wconf 79' lang='grc' dir='ltr'>αὐτοῖς</span> <span class='ocrx_word' id='word_1_167' title='bbox 967 1200 1125 1253; x_wconf 77' lang='grc' dir='ltr'>χρῶνται</span> <span class='ocrx_word' id='word_1_168' title='bbox 1143 1200 1202 1254; x_wconf 90' lang='grc' dir='ltr'>φί-</span> 
     </span>
     <span class='ocr_line' id='line_1_24' title="bbox 142 1256 1202 1312; baseline -0.002 -12"><span class='ocrx_word' id='word_1_169' title='bbox 142 1260 220 1304; x_wconf 76' lang='grc' dir='ltr'>λοις</span> <span class='ocrx_word' id='word_1_170' title='bbox 237 1258 287 1304; x_wconf 75' lang='grc' dir='ltr'>ὥς</span> <span class='ocrx_word' id='word_1_171' title='bbox 315 1257 508 1311; x_wconf 84' lang='grc' dir='ltr'>χρησίμοις</span> <span class='ocrx_word' id='word_1_172' title='bbox 531 1258 594 1297; x_wconf 80' lang='grc' dir='ltr'>καὶ</span> <span class='ocrx_word' id='word_1_173' title='bbox 624 1261 672 1303; x_wconf 82' lang='grc' dir='ltr'>ὥς</span> <span class='ocrx_word' id='word_1_174' title='bbox 703 1258 836 1306; x_wconf 84' lang='grc' dir='ltr'>ἡδέσιν.</span> <span class='ocrx_word' id='word_1_175' title='bbox 872 1256 996 1298; x_wconf 83' lang='grc' dir='ltr'>Ἄλλοι</span> <span class='ocrx_word' id='word_1_176' title='bbox 1021 1258 1091 1312; x_wconf 85' lang='grc' dir='ltr'>γάρ</span> <span class='ocrx_word' id='word_1_177' title='bbox 1117 1260 1202 1298; x_wconf 80' lang='grc' dir='ltr'>εἰσιν</span> 
     </span>
     <span class='ocr_line' id='line_1_25' title="bbox 138 1317 1203 1373; baseline 0 -15"><span class='ocrx_word' id='word_1_178' title='bbox 138 1319 263 1364; x_wconf 53' lang='lat' dir='ltr'>mente</span> <span class='ocrx_word' id='word_1_179' title='bbox 276 1317 474 1372; x_wconf 78' lang='grc' dir='ltr'>χρήσιμοι,</span> <span class='ocrx_word' id='word_1_180' title='bbox 496 1318 561 1358; x_wconf 64' lang='grc' dir='ltr'>καὶ</span> <span class='ocrx_word' id='word_1_181' title='bbox 581 1318 694 1373; x_wconf 81' lang='grc' dir='ltr'>ἕτεροι</span> <span class='ocrx_word' id='word_1_182' title='bbox 714 1319 824 1367; x_wconf 84' lang='grc' dir='ltr'>ἡδεῖς.</span> <span class='ocrx_word' id='word_1_183' title='bbox 855 1317 982 1372; x_wconf 86' lang='grc' dir='ltr'>Ἄμφω</span> <span class='ocrx_word' id='word_1_184' title='bbox 1002 1318 1033 1358; x_wconf 84' lang='grc' dir='ltr'>δ’</span> <span class='ocrx_word' id='word_1_185' title='bbox 1049 1320 1080 1358; x_wconf 77' lang='grc' dir='ltr'>οἳ</span> <span class='ocrx_word' id='word_1_186' title='bbox 1103 1319 1203 1358; x_wconf 73' lang='grc' dir='ltr'>αὐτοὶ</span> 
     </span>
     <span class='ocr_line' id='line_1_26' title="bbox 128 1377 1203 1432; baseline 0.003 -17"><span class='ocrx_word' id='word_1_187' title='bbox 128 1377 315 1421; x_wconf 53' lang='lat' dir='ltr'>‚Esar-⁸4⁹⁰.</span> <span class='ocrx_word' id='word_1_188' title='bbox 340 1377 396 1419; x_wconf 81' lang='grc' dir='ltr'><strong>Τὸ</strong></span> <span class='ocrx_word' id='word_1_189' title='bbox 416 1378 448 1418; x_wconf 82' lang='grc' dir='ltr'>δ’</span> <span class='ocrx_word' id='word_1_190' title='bbox 469 1377 606 1427; x_wconf 85' lang='grc' dir='ltr'>αἴτιον,</span> <span class='ocrx_word' id='word_1_191' title='bbox 629 1379 687 1418; x_wconf 81' lang='grc' dir='ltr'>ὅτι</span> <span class='ocrx_word' id='word_1_192' title='bbox 705 1379 745 1418; x_wconf 83' lang='grc' dir='ltr'>τὸ</span> <span class='ocrx_word' id='word_1_193' title='bbox 774 1378 976 1432; x_wconf 87' lang='grc' dir='ltr'>χρήσιμον,</span> <span class='ocrx_word' id='word_1_194' title='bbox 1000 1378 1117 1418; x_wconf 80' lang='grc' dir='ltr'>καὶτὸ</span> <span class='ocrx_word' id='word_1_195' title='bbox 1136 1378 1203 1427; x_wconf 74' lang='grc' dir='ltr'>ἡδὺ</span> 
     </span>
     <span class='ocr_line' id='line_1_27' title="bbox 142 1436 1203 1494; baseline 0 -16"><span class='ocrx_word' id='word_1_196' title='bbox 142 1437 244 1491; x_wconf 33' lang='grc' dir='ltr'>ἆνιτῇ</span> <span class='ocrx_word' id='word_1_197' title='bbox 262 1436 381 1492; x_wconf 73' lang='grc' dir='ltr'>τελείᾳ</span> <span class='ocrx_word' id='word_1_198' title='bbox 397 1436 496 1492; x_wconf 70' lang='grc' dir='ltr'>φιλίᾳ</span> <span class='ocrx_word' id='word_1_199' title='bbox 509 1437 618 1486; x_wconf 81' lang='grc' dir='ltr'>ἐστίν,</span> <span class='ocrx_word' id='word_1_200' title='bbox 639 1437 663 1486; x_wconf 81' lang='grc' dir='ltr'>ἥ</span> <span class='ocrx_word' id='word_1_201' title='bbox 685 1440 759 1477; x_wconf 85' lang='grc' dir='ltr'>ἐστι</span> <span class='ocrx_word' id='word_1_202' title='bbox 774 1440 844 1477; x_wconf 85' lang='grc' dir='ltr'>τῶν</span> <span class='ocrx_word' id='word_1_203' title='bbox 860 1438 1079 1494; x_wconf 86' lang='grc' dir='ltr'>σπουδαίων.</span> <span class='ocrx_word' id='word_1_204' title='bbox 1098 1440 1146 1478; x_wconf 72' lang='grc' dir='ltr'>Οἱ</span> <span class='ocrx_word' id='word_1_205' title='bbox 1166 1438 1203 1479; x_wconf 84' lang='grc' dir='ltr'>δὲ</span> 
     </span>
     <span class='ocr_line' id='line_1_28' title="bbox 142 1496 1205 1551; baseline 0.002 -14"><span class='ocrx_word' id='word_1_206' title='bbox 142 1498 184 1537; x_wconf 69' lang='grc' dir='ltr'>οὗ</span> <span class='ocrx_word' id='word_1_207' title='bbox 201 1496 375 1543; x_wconf 75' lang='grc' dir='ltr'>τοιούτους</span> <span class='ocrx_word' id='word_1_208' title='bbox 393 1499 567 1545; x_wconf 73' lang='grc' dir='ltr'>ζητοῦσιν.</span> <span class='ocrx_word' id='word_1_209' title='bbox 591 1496 688 1538; x_wconf 82' lang='grc' dir='ltr'>Οὔτε</span> <span class='ocrx_word' id='word_1_210' title='bbox 706 1497 776 1551; x_wconf 82' lang='grc' dir='ltr'>γὰρ</span> <span class='ocrx_word' id='word_1_211' title='bbox 795 1497 874 1543; x_wconf 65' lang='grc' dir='ltr'>τοὺς</span> <span class='ocrx_word' id='word_1_212' title='bbox 895 1498 938 1536; x_wconf 84' lang='grc' dir='ltr'>δι’</span> <span class='ocrx_word' id='word_1_213' title='bbox 959 1498 1087 1551; x_wconf 85' lang='grc' dir='ltr'>ἀρετὴν</span> <span class='ocrx_word' id='word_1_214' title='bbox 1109 1500 1205 1547; x_wconf 80' lang='grc' dir='ltr'>ἡδεῖς</span> 
     </span>
     <span class='ocr_line' id='line_1_29' title="bbox 142 1555 1203 1612; baseline 0.004 -16"><span class='ocrx_word' id='word_1_215' title='bbox 142 1559 306 1606; x_wconf 63' lang='grc' dir='ltr'>ζητοῦσιν</span> <span class='ocrx_word' id='word_1_216' title='bbox 319 1588 331 1610; x_wconf 82' lang='grc'><em>,</em></span> <span class='ocrx_word' id='word_1_217' title='bbox 358 1555 439 1603; x_wconf 72' lang='grc' dir='ltr'>οὔτε</span> <span class='ocrx_word' id='word_1_218' title='bbox 470 1556 550 1602; x_wconf 76' lang='grc' dir='ltr'>τοὺς</span> <span class='ocrx_word' id='word_1_219' title='bbox 581 1556 780 1612; x_wconf 79' lang='grc' dir='ltr'>χρησίμους</span> <span class='ocrx_word' id='word_1_220' title='bbox 811 1560 859 1603; x_wconf 86' lang='grc' dir='ltr'>εἷς</span> <span class='ocrx_word' id='word_1_221' title='bbox 879 1558 924 1597; x_wconf 80' lang='grc' dir='ltr'>τὰ</span> <span class='ocrx_word' id='word_1_222' title='bbox 955 1558 1063 1600; x_wconf 84' lang='grc' dir='ltr'>καλοί.</span> <span class='ocrx_word' id='word_1_223' title='bbox 1098 1559 1203 1600; x_wconf 88' lang='grc' dir='ltr'>Ἀλλὰ</span> 
     </span>
     <span class='ocr_line' id='line_1_30' title="bbox 131 1614 1204 1671; baseline 0.001 -15"><span class='ocrx_word' id='word_1_224' title='bbox 131 1621 218 1662; x_wconf 56' lang='grc' dir='ltr'>..τοῖς</span> <span class='ocrx_word' id='word_1_225' title='bbox 250 1614 316 1669; x_wconf 71' lang='grc' dir='ltr'>μὲν</span> <span class='ocrx_word' id='word_1_226' title='bbox 346 1616 574 1671; x_wconf 73' lang='grc' dir='ltr'>εὐτραπέλοις</span> <span class='ocrx_word' id='word_1_227' title='bbox 598 1620 759 1670; x_wconf 85' lang='grc' dir='ltr'>χρῶνται</span> <span class='ocrx_word' id='word_1_228' title='bbox 778 1617 836 1657; x_wconf 82' lang='grc' dir='ltr'>διὰ</span> <span class='ocrx_word' id='word_1_229' title='bbox 860 1616 926 1666; x_wconf 82' lang='grc' dir='ltr'>τὴν</span> <span class='ocrx_word' id='word_1_230' title='bbox 947 1617 1100 1666; x_wconf 80' lang='grc' dir='ltr'>ἡδονήν,</span> <span class='ocrx_word' id='word_1_231' title='bbox 1131 1626 1204 1664; x_wconf 89' lang='grc' dir='ltr'>τοῖς</span> 
     </span>
    </p>
   </div>
   <div class='ocr_carea' id='block_1_8' title="bbox 129 1675 1204 1731">
    <p class='ocr_par' dir='ltr' id='par_1_10' title="bbox 47 1663 1204 1731">
     <span class='ocr_line' id='line_1_31' title="bbox 129 1675 1204 1731; baseline 0.001 -13.929"><span class='ocrx_word' id='word_1_232' title='bbox 129 1675 181 1722; x_wconf 55' lang='grc' dir='ltr'>,δὲ</span> <span class='ocrx_word' id='word_1_233' title='bbox 198 1676 326 1722; x_wconf 57' lang='lat' dir='ltr'>&amp;suffic</span> <span class='ocrx_word' id='word_1_234' title='bbox 343 1677 393 1720; x_wconf 77' lang='grc' dir='ltr'>ὥς</span> <span class='ocrx_word' id='word_1_235' title='bbox 421 1675 639 1729; x_wconf 80' lang='grc' dir='ltr'>χρησίμοις,</span> <span class='ocrx_word' id='word_1_236' title='bbox 667 1675 873 1727; x_wconf 83' lang='grc' dir='ltr'>δυναμένοις</span> <span class='ocrx_word' id='word_1_237' title='bbox 904 1676 1039 1731; x_wconf 82' lang='grc' dir='ltr'>πρᾶξαι</span> <span class='ocrx_word' id='word_1_238' title='bbox 1065 1677 1105 1716; x_wconf 87' lang='grc' dir='ltr'>τὸ</span> <span class='ocrx_word' id='word_1_239' title='bbox 1123 1679 1204 1718; x_wconf 82' lang='grc' dir='ltr'>ἐπι-</span> 
     </span>
    </p>
   </div>
   <div class='ocr_carea' id='block_1_9' title="bbox 50 1733 1205 1969">
    <p class='ocr_par' dir='ltr' id='par_1_11' title="bbox 50 1733 1205 1969">
     <span class='ocr_line' id='line_1_32' title="bbox 50 1733 1202 1792; baseline 0.001 -16"><span class='ocrx_word' id='word_1_240' title='bbox 50 1763 65 1782; x_wconf 78' lang='grc'><em>;</em></span> <span class='ocrx_word' id='word_1_241' title='bbox 129 1733 291 1790; x_wconf 53' lang='grc' dir='ltr'>,ταχθέν</span> <span class='ocrx_word' id='word_1_242' title='bbox 317 1739 434 1776; x_wconf 70' lang='grc' dir='ltr'>ταῦτα</span> <span class='ocrx_word' id='word_1_243' title='bbox 454 1734 492 1775; x_wconf 81' lang='grc' dir='ltr'>δὲ</span> <span class='ocrx_word' id='word_1_244' title='bbox 519 1737 560 1775; x_wconf 76' lang='grc' dir='ltr'>οὗ</span> <span class='ocrx_word' id='word_1_245' title='bbox 580 1735 674 1775; x_wconf 86' lang='grc' dir='ltr'>πάνυ</span> <span class='ocrx_word' id='word_1_246' title='bbox 694 1734 925 1789; x_wconf 82' lang='grc' dir='ltr'>συνέρχονται</span> <span class='ocrx_word' id='word_1_247' title='bbox 953 1738 989 1775; x_wconf 83' lang='grc' dir='ltr'>ἐν</span> <span class='ocrx_word' id='word_1_248' title='bbox 1013 1739 1065 1790; x_wconf 82' lang='grc' dir='ltr'>τῷ</span> <span class='ocrx_word' id='word_1_249' title='bbox 1088 1739 1202 1792; x_wconf 79' lang='grc' dir='ltr'>αὐτῷ.</span> 
     </span>
     <span class='ocr_line' id='line_1_33' title="bbox 66 1793 1204 1850; baseline 0.002 -13"><span class='ocrx_word' id='word_1_250' title='bbox 66 1809 70 1812; x_wconf 80' lang='grc'><strong>’</strong></span> <span class='ocrx_word' id='word_1_251' title='bbox 130 1793 252 1842; x_wconf 62' lang='grc' dir='ltr'>ῑἹΙδὺς</span> <span class='ocrx_word' id='word_1_252' title='bbox 265 1793 334 1850; x_wconf 71' lang='grc' dir='ltr'>γὰρ</span> <span class='ocrx_word' id='word_1_253' title='bbox 347 1796 408 1836; x_wconf 78' lang='grc' dir='ltr'>καὶ</span> <span class='ocrx_word' id='word_1_254' title='bbox 421 1794 598 1849; x_wconf 83' lang='grc' dir='ltr'>χρήσιμος</span> <span class='ocrx_word' id='word_1_255' title='bbox 614 1795 692 1847; x_wconf 85' lang='grc' dir='ltr'>ἅμα</span> <span class='ocrx_word' id='word_1_256' title='bbox 702 1826 713 1844; x_wconf 94' lang='grc'><strong>,</strong></span> <span class='ocrx_word' id='word_1_257' title='bbox 733 1794 852 1840; x_wconf 79' lang='grc' dir='ltr'>καθὼς</span> <span class='ocrx_word' id='word_1_258' title='bbox 867 1795 1031 1849; x_wconf 85' lang='grc' dir='ltr'>εἴρηται,</span> <span class='ocrx_word' id='word_1_259' title='bbox 1052 1799 1072 1836; x_wconf 85' lang='grc' dir='ltr'>ὃ</span> <span class='ocrx_word' id='word_1_260' title='bbox 1094 1813 1204 1839; x_wconf 91' lang='grc' dir='ltr'>σπου-</span> 
     </span>
     <span class='ocr_line' id='line_1_34' title="bbox 51 1852 1202 1910; baseline -0.003 -13"><span class='ocrx_word' id='word_1_261' title='bbox 51 1852 54 1862; x_wconf 71' lang='grc'><strong>’</strong></span> <span class='ocrx_word' id='word_1_262' title='bbox 126 1853 240 1902; x_wconf 61' lang='grc' dir='ltr'>,δαῖὸς</span> <span class='ocrx_word' id='word_1_263' title='bbox 256 1856 375 1907; x_wconf 71' lang='grc' dir='ltr'>ἔστιν,</span> <span class='ocrx_word' id='word_1_264' title='bbox 395 1853 432 1900; x_wconf 78' lang='grc' dir='ltr'>ὃς</span> <span class='ocrx_word' id='word_1_265' title='bbox 460 1856 499 1895; x_wconf 86' lang='grc' dir='ltr'>οὖ</span> <span class='ocrx_word' id='word_1_266' title='bbox 527 1854 661 1909; x_wconf 84' lang='grc' dir='ltr'>γίνεται</span> <span class='ocrx_word' id='word_1_267' title='bbox 690 1855 790 1910; x_wconf 87' lang='grc' dir='ltr'>φίλος</span> <span class='ocrx_word' id='word_1_268' title='bbox 821 1855 1055 1909; x_wconf 79' lang='grc' dir='ltr'>ὑπερέχοντι,</span> <span class='ocrx_word' id='word_1_269' title='bbox 1078 1856 1122 1896; x_wconf 82' lang='grc' dir='ltr'>ἂν</span> <span class='ocrx_word' id='word_1_270' title='bbox 1152 1858 1202 1909; x_wconf 84' lang='grc' dir='ltr'>μὴ</span> 
     </span>
     <span class='ocr_line' id='line_1_35' title="bbox 132 1914 1205 1969; baseline 0.002 -14"><span class='ocrx_word' id='word_1_271' title='bbox 132 1915 226 1963; x_wconf 42' lang='grc' dir='ltr'>,μετ’</span> <span class='ocrx_word' id='word_1_272' title='bbox 244 1914 375 1969; x_wconf 60' lang='grc' dir='ltr'>ἀρετὴν</span> <span class='ocrx_word' id='word_1_273' title='bbox 391 1915 632 1968; x_wconf 82' lang='grc' dir='ltr'>ὓπερέχηται,</span> <span class='ocrx_word' id='word_1_274' title='bbox 659 1915 719 1954; x_wconf 82' lang='grc' dir='ltr'>καὶ</span> <span class='ocrx_word' id='word_1_275' title='bbox 738 1915 805 1954; x_wconf 75' lang='grc' dir='ltr'>ὑπὸ</span> <span class='ocrx_word' id='word_1_276' title='bbox 823 1916 882 1955; x_wconf 85' lang='grc' dir='ltr'>τὸν</span> <span class='ocrx_word' id='word_1_277' title='bbox 904 1916 1096 1956; x_wconf 81' lang='grc' dir='ltr'>σπουδαῖον</span> <span class='ocrx_word' id='word_1_278' title='bbox 1115 1918 1205 1957; x_wconf 76' lang='grc' dir='ltr'>ἑαυ-</span> 
     </span>
    </p>
   </div>
   <div class='ocr_carea' id='block_1_10' title="bbox 52 1973 1204 2090">
    <p class='ocr_par' dir='ltr' id='par_1_12' title="bbox 19 1969 1204 2090">
     <span class='ocr_line' id='line_1_36' title="bbox 62 1973 1204 2030; baseline 0.002 -14.927"><span class='ocrx_word' id='word_1_279' title='bbox 62 1976 67 2015; x_wconf 71' lang='grc' dir='ltr'>Ῑ’</span> <span class='ocrx_word' id='word_1_280' title='bbox 128 1974 204 2022; x_wconf 56' lang='grc' dir='ltr'>,τὸν</span> <span class='ocrx_word' id='word_1_281' title='bbox 222 1973 368 2030; x_wconf 69' lang='grc' dir='ltr'>τάττῃ,</span> <span class='ocrx_word' id='word_1_282' title='bbox 383 1982 398 2000; x_wconf 80' lang='lat'><strong>⁰</strong></span> <span class='ocrx_word' id='word_1_283' title='bbox 424 1975 486 2016; x_wconf 80' lang='grc' dir='ltr'>καὶ</span> <span class='ocrx_word' id='word_1_284' title='bbox 518 1975 701 2030; x_wconf 83' lang='grc' dir='ltr'>κρείττονα</span> <span class='ocrx_word' id='word_1_285' title='bbox 728 1977 854 2015; x_wconf 81' lang='grc' dir='ltr'>ἑαυτοῦ</span> <span class='ocrx_word' id='word_1_286' title='bbox 886 1979 1032 2028; x_wconf 75' lang='grc' dir='ltr'>ἡγῆται.</span> <span class='ocrx_word' id='word_1_287' title='bbox 1055 1974 1070 1998; x_wconf 83' lang='lat'>‘¹</span> <span class='ocrx_word' id='word_1_288' title='bbox 1095 1977 1204 2018; x_wconf 74' lang='grc' dir='ltr'>Οὕτω</span> 
     </span>
     <span class='ocr_line' id='line_1_37' title="bbox 52 2033 1202 2090; baseline 0 -13"><span class='ocrx_word' id='word_1_289' title='bbox 52 2039 55 2055; x_wconf 73' lang='lat'><strong><em>⁵</em></strong></span> <span class='ocrx_word' id='word_1_290' title='bbox 78 2080 79 2083; x_wconf 46' lang='lat'>,</span> <span class='ocrx_word' id='word_1_291' title='bbox 103 2074 106 2077; x_wconf 18' lang='grc' dir='ltr'><em>Δ</em></span> <span class='ocrx_word' id='word_1_292' title='bbox 127 2033 385 2090; x_wconf 49' lang='grc' dir='ltr'>,ςγρρέξισάσει</span> <span class='ocrx_word' id='word_1_293' title='bbox 417 2038 439 2075; x_wconf 80' lang='grc' dir='ltr'><strong>ὁ</strong></span> <span class='ocrx_word' id='word_1_294' title='bbox 469 2038 659 2081; x_wconf 85' lang='grc' dir='ltr'>σπουδαῖος</span> <span class='ocrx_word' id='word_1_295' title='bbox 687 2038 740 2089; x_wconf 82' lang='grc' dir='ltr'>τῷ</span> <span class='ocrx_word' id='word_1_296' title='bbox 773 2037 852 2075; x_wconf 84' lang='grc' dir='ltr'>κατ’</span> <span class='ocrx_word' id='word_1_297' title='bbox 883 2035 1043 2082; x_wconf 79' lang='grc' dir='ltr'>ἐξουσίαν</span> <span class='ocrx_word' id='word_1_298' title='bbox 1072 2037 1202 2090; x_wconf 84' lang='grc' dir='ltr'>ὑπερέ-</span> 
     </span>
    </p>
   </div>
   <div class='ocr_carea' id='block_1_11' title="bbox 49 2094 1204 2331">
    <p class='ocr_par' dir='ltr' id='par_1_13' title="bbox 49 2094 1204 2331">
     <span class='ocr_line' id='line_1_38' title="bbox 50 2094 1203 2150; baseline 0.001 -14"><span class='ocrx_word' id='word_1_299' title='bbox 50 2129 58 2146; x_wconf 81' lang='lat'>-,</span> <span class='ocrx_word' id='word_1_300' title='bbox 142 2109 266 2150; x_wconf 73' lang='grc' dir='ltr'>χσντι,</span> <span class='ocrx_word' id='word_1_301' title='bbox 289 2094 462 2148; x_wconf 75' lang='grc' dir='ltr'>ἀνάλογον</span> <span class='ocrx_word' id='word_1_302' title='bbox 493 2095 678 2150; x_wconf 78' lang='grc' dir='ltr'>ὑπερέχων</span> <span class='ocrx_word' id='word_1_303' title='bbox 702 2095 763 2135; x_wconf 88' lang='grc' dir='ltr'>καὶ</span> <span class='ocrx_word' id='word_1_304' title='bbox 785 2095 1058 2149; x_wconf 82' lang='grc' dir='ltr'>ὑπερεχόμενος·</span> <span class='ocrx_word' id='word_1_305' title='bbox 1079 2098 1203 2144; x_wconf 83' lang='grc' dir='ltr'>ἐξισά-</span> 
     </span>
     <span class='ocr_line' id='line_1_39' title="bbox 49 2153 1204 2210; baseline 0.003 -17"><span class='ocrx_word' id='word_1_306' title='bbox 49 2187 54 2192; x_wconf 16' lang='lat' dir='ltr'>A,</span> <span class='ocrx_word' id='word_1_307' title='bbox 129 2155 212 2201; x_wconf 66' lang='grc' dir='ltr'>,ζμν</span> <span class='ocrx_word' id='word_1_308' title='bbox 231 2153 269 2194; x_wconf 76' lang='grc' dir='ltr'>δὲ</span> <span class='ocrx_word' id='word_1_309' title='bbox 287 2154 389 2195; x_wconf 81' lang='grc' dir='ltr'>ἔσται</span> <span class='ocrx_word' id='word_1_310' title='bbox 413 2155 529 2210; x_wconf 85' lang='grc' dir='ltr'>φίλος·</span> <span class='ocrx_word' id='word_1_311' title='bbox 557 2155 598 2194; x_wconf 80' lang='grc' dir='ltr'>ἂν</span> <span class='ocrx_word' id='word_1_312' title='bbox 625 2156 662 2195; x_wconf 85' lang='grc' dir='ltr'>δὲ</span> <span class='ocrx_word' id='word_1_313' title='bbox 691 2154 741 2207; x_wconf 84' lang='grc' dir='ltr'>μὴ</span> <span class='ocrx_word' id='word_1_314' title='bbox 762 2155 872 2201; x_wconf 63' lang='grc' dir='ltr'>οὕτως</span> <span class='ocrx_word' id='word_1_315' title='bbox 902 2155 1064 2210; x_wconf 83' lang='grc' dir='ltr'>ἐξισάζῃ,</span> <span class='ocrx_word' id='word_1_316' title='bbox 1084 2158 1148 2197; x_wconf 79' lang='grc' dir='ltr'>οὐκ</span> <span class='ocrx_word' id='word_1_317' title='bbox 1168 2157 1204 2197; x_wconf 84' lang='grc' dir='ltr'>ἔ-</span> 
     </span>
     <span class='ocr_line' id='line_1_40' title="bbox 63 2214 1199 2271; baseline 0.003 -17"><span class='ocrx_word' id='word_1_318' title='bbox 63 2231 73 2262; x_wconf 82' lang='lat'>&#39;.</span> <span class='ocrx_word' id='word_1_319' title='bbox 128 2227 240 2263; x_wconf 54' lang='grc' dir='ltr'>ρςται·</span> <span class='ocrx_word' id='word_1_320' title='bbox 258 2214 336 2255; x_wconf 81' lang='grc' dir='ltr'>ἐπεὶ</span> <span class='ocrx_word' id='word_1_321' title='bbox 351 2215 388 2255; x_wconf 82' lang='grc' dir='ltr'>δὲ</span> <span class='ocrx_word' id='word_1_322' title='bbox 403 2217 435 2255; x_wconf 77' lang='grc' dir='ltr'>οἱ</span> <span class='ocrx_word' id='word_1_323' title='bbox 449 2216 486 2255; x_wconf 79' lang='grc' dir='ltr'>ἐν</span> <span class='ocrx_word' id='word_1_324' title='bbox 504 2215 676 2262; x_wconf 83' lang='grc' dir='ltr'>ἐξουσίαις</span> <span class='ocrx_word' id='word_1_325' title='bbox 693 2217 732 2256; x_wconf 81' lang='grc' dir='ltr'>οὐ</span> <span class='ocrx_word' id='word_1_326' title='bbox 752 2217 845 2255; x_wconf 86' lang='grc' dir='ltr'>πάνυ</span> <span class='ocrx_word' id='word_1_327' title='bbox 861 2220 1013 2256; x_wconf 82' lang='grc' dir='ltr'>τοιοῦτοι</span> <span class='ocrx_word' id='word_1_328' title='bbox 1027 2216 1199 2271; x_wconf 81' lang='grc' dir='ltr'>γίνονται,</span> 
     </span>
     <span class='ocr_line' id='line_1_41' title="bbox 56 2273 941 2331; baseline 0.002 -16"><span class='ocrx_word' id='word_1_329' title='bbox 56 2273 59 2280; x_wconf 53' lang='grc'><strong>”</strong></span> <span class='ocrx_word' id='word_1_330' title='bbox 126 2273 206 2315; x_wconf 78' lang='grc' dir='ltr'>διὰ</span> <span class='ocrx_word' id='word_1_331' title='bbox 218 2278 321 2315; x_wconf 72' lang='grc' dir='ltr'>τοῦτο</span> <span class='ocrx_word' id='word_1_332' title='bbox 341 2275 420 2317; x_wconf 70' lang='grc' dir='ltr'>οῦδὲ</span> <span class='ocrx_word' id='word_1_333' title='bbox 437 2275 533 2331; x_wconf 88' lang='grc' dir='ltr'>φίλοι</span> <span class='ocrx_word' id='word_1_334' title='bbox 553 2277 670 2321; x_wconf 78' lang='grc' dir='ltr'>αὐτοῖς</span> <span class='ocrx_word' id='word_1_335' title='bbox 689 2279 720 2316; x_wconf 82' lang='grc' dir='ltr'>οἳ</span> <span class='ocrx_word' id='word_1_336' title='bbox 741 2277 941 2318; x_wconf 88' lang='grc' dir='ltr'>σπουδαῖοι.</span> 
     </span>
    </p>
   </div>
   <div class='ocr_carea' id='block_1_12' title="bbox 143 2334 1200 2391">
    <p class='ocr_par' dir='ltr' id='par_1_14' title="bbox 143 2334 1200 2391">
     <span class='ocr_line' id='line_1_42' title="bbox 143 2334 1200 2391; baseline 0 -14"><span class='ocrx_word' id='word_1_337' title='bbox 143 2334 406 2389; x_wconf 70' lang='lat' dir='ltr'>(Scripsit</span> <span class='ocrx_word' id='word_1_338' title='bbox 459 2335 599 2390; x_wconf 74' lang='grc' dir='ltr'>πρεσ6’“</span> <span class='ocrx_word' id='word_1_339' title='bbox 580 2352 660 2375; x_wconf 90' lang='grc' dir='ltr'>ται</span> <span class='ocrx_word' id='word_1_340' title='bbox 677 2336 714 2375; x_wconf 88' lang='grc' dir='ltr'>δὲ</span> <span class='ocrx_word' id='word_1_341' title='bbox 730 2336 817 2388; x_wconf 79' lang='grc' dir='ltr'>οὔκ]</span> <span class='ocrx_word' id='word_1_342' title='bbox 840 2337 928 2377; x_wconf 87' lang='lat' dir='ltr'>cod.</span> <span class='ocrx_word' id='word_1_343' title='bbox 951 2336 1148 2391; x_wconf 74' lang='grc' dir='ltr'>πρεσὸύται</span> <span class='ocrx_word' id='word_1_344' title='bbox 1165 2337 1200 2377; x_wconf 81' lang='grc' dir='ltr'>δὲ</span> 
     </span>
    </p>
   </div>
   <div class='ocr_carea' id='block_1_13' title="bbox 126 2395 1200 2452">
    <p class='ocr_par' dir='ltr' id='par_1_15' title="bbox 46 2383 1200 2452">
     <span class='ocr_line' id='line_1_43' title="bbox 126 2395 1200 2452; baseline 0 -14"><span class='ocrx_word' id='word_1_345' title='bbox 126 2395 225 2446; x_wconf 57' lang='lat'>„9398-</span> <span class='ocrx_word' id='word_1_346' title='bbox 247 2395 334 2435; x_wconf 85' lang='lat'>—.-¹&#39;</span> <span class='ocrx_word' id='word_1_347' title='bbox 365 2395 562 2451; x_wconf 82' lang='grc' dir='ltr'>χαίρωσιν]</span> <span class='ocrx_word' id='word_1_348' title='bbox 598 2397 686 2436; x_wconf 88' lang='lat' dir='ltr'>cod.</span> <span class='ocrx_word' id='word_1_349' title='bbox 718 2397 932 2452; x_wconf 82' lang='grc' dir='ltr'>χαίρουσιν.</span> <span class='ocrx_word' id='word_1_350' title='bbox 924 2397 1034 2427; x_wconf 75' lang='lat'>¹-0</span> <span class='ocrx_word' id='word_1_351' title='bbox 1059 2398 1200 2452; x_wconf 79' lang='grc' dir='ltr'>τάττῃ]</span> 
     </span>
    </p>
   </div>
   <div class='ocr_carea' id='block_1_14' title="bbox 52 2454 1038 2621">
    <p class='ocr_par' dir='ltr' id='par_1_16' title="bbox 52 2454 1038 2621">
     <span class='ocr_line' id='line_1_44' title="bbox 52 2454 1038 2510; baseline 0.004 -17"><span class='ocrx_word' id='word_1_352' title='bbox 52 2459 74 2493; x_wconf 75' lang='lat'>.&#39;</span> <span class='ocrx_word' id='word_1_353' title='bbox 130 2454 232 2506; x_wconf 87' lang='grc' dir='ltr'>,9οά.</span> <span class='ocrx_word' id='word_1_354' title='bbox 246 2454 375 2510; x_wconf 60' lang='lat' dir='ltr'>tim.</span> <span class='ocrx_word' id='word_1_355' title='bbox 418 2478 474 2487; x_wconf 94' lang='lat'>—</span> <span class='ocrx_word' id='word_1_356' title='bbox 497 2457 654 2509; x_wconf 77' lang='grc' dir='ltr'>ἥγηται]</span> <span class='ocrx_word' id='word_1_357' title='bbox 678 2457 766 2497; x_wconf 91' lang='lat' dir='ltr'>cod.</span> <span class='ocrx_word' id='word_1_358' title='bbox 788 2459 941 2509; x_wconf 86' lang='grc' dir='ltr'>ἡγεῖται.</span> <span class='ocrx_word' id='word_1_359' title='bbox 961 2459 1038 2510; x_wconf 90' lang='grc'>-)</span> 
     </span>
     <span class='ocr_line' id='line_1_45' title="bbox 315 2550 764 2621; baseline 0 -15"><span class='ocrx_word' id='word_1_360' title='bbox 315 2550 339 2556; x_wconf 16' lang='lat'>&#39;¹</span> <span class='ocrx_word' id='word_1_361' title='bbox 590 2567 686 2621; x_wconf 86' lang='grc' dir='ltr'>Κεφ.</span> <span class='ocrx_word' id='word_1_362' title='bbox 719 2566 764 2607; x_wconf 88' lang='grc' dir='ltr'>θ’.</span> 
     </span>
    </p>
   </div>
   <div class='ocr_carea' id='block_1_15' title="bbox 127 2669 1201 2735">
    <p class='ocr_par' dir='ltr' id='par_1_17' title="bbox 60 2656 1201 2735">
     <span class='ocr_line' id='line_1_46' title="bbox 127 2669 1201 2735; baseline 0.001 -24.94"><span class='ocrx_word' id='word_1_363' title='bbox 127 2669 237 2735; x_wconf 68' lang='grc' dir='ltr'>Περὶ</span> <span class='ocrx_word' id='word_1_364' title='bbox 248 2669 306 2720; x_wconf 69' lang='grc' dir='ltr'>’τῆς</span> <span class='ocrx_word' id='word_1_365' title='bbox 322 2678 430 2720; x_wconf 80' lang='grc' dir='ltr'>ἡδείας</span> <span class='ocrx_word' id='word_1_366' title='bbox 442 2679 496 2712; x_wconf 79' lang='grc' dir='ltr'>καὶ</span> <span class='ocrx_word' id='word_1_367' title='bbox 512 2678 676 2723; x_wconf 86' lang='grc' dir='ltr'>χρησίμου</span> <span class='ocrx_word' id='word_1_368' title='bbox 696 2678 825 2720; x_wconf 85' lang='grc' dir='ltr'>φιλίας,</span> <span class='ocrx_word' id='word_1_369' title='bbox 845 2678 896 2712; x_wconf 89' lang='grc' dir='ltr'>ὄτι</span> <span class='ocrx_word' id='word_1_370' title='bbox 922 2679 1007 2712; x_wconf 84' lang='grc' dir='ltr'>κατά</span> <span class='ocrx_word' id='word_1_371' title='bbox 1025 2691 1055 2712; x_wconf 90' lang='grc' dir='ltr'>τι</span> <span class='ocrx_word' id='word_1_372' title='bbox 1079 2679 1201 2722; x_wconf 83' lang='grc' dir='ltr'>φιλίαι,</span> 
     </span>
    </p>
   </div>
   <div class='ocr_carea' id='block_1_16' title="bbox 62 2721 1199 2814">
    <p class='ocr_par' dir='ltr' id='par_1_18' title="bbox 60 2716 1199 2814">
     <span class='ocr_line' id='line_1_47' title="bbox 127 2721 1199 2814; baseline -0.002 -52.12"><span class='ocrx_word' id='word_1_373' title='bbox 127 2721 145 2748; x_wconf 58' lang='lat'>7</span> <span class='ocrx_word' id='word_1_374' title='bbox 155 2723 272 2814; x_wconf 51' lang='lat' dir='ltr'>&#39;gad</span> <span class='ocrx_word' id='word_1_375' title='bbox 281 2737 316 2760; x_wconf 82' lang='grc' dir='ltr'>τι</span> <span class='ocrx_word' id='word_1_376' title='bbox 333 2727 372 2760; x_wconf 84' lang='grc' dir='ltr'>οὗ</span> <span class='ocrx_word' id='word_1_377' title='bbox 399 2727 498 2769; x_wconf 81' lang='grc' dir='ltr'>φιλίαι</span> <span class='ocrx_word' id='word_1_378' title='bbox 521 2727 596 2761; x_wconf 83' lang='grc' dir='ltr'>εἰσί·</span> <span class='ocrx_word' id='word_1_379' title='bbox 614 2729 671 2761; x_wconf 77' lang='grc' dir='ltr'>καὶ</span> <span class='ocrx_word' id='word_1_380' title='bbox 695 2728 770 2772; x_wconf 87' lang='grc' dir='ltr'>περὶ</span> <span class='ocrx_word' id='word_1_381' title='bbox 794 2730 851 2766; x_wconf 85' lang='grc' dir='ltr'>τῆς</span> <span class='ocrx_word' id='word_1_382' title='bbox 866 2727 940 2759; x_wconf 77' lang='grc' dir='ltr'>καθ’</span> <span class='ocrx_word' id='word_1_383' title='bbox 967 2728 1127 2772; x_wconf 79' lang='grc' dir='ltr'>ὑπεροχὴν</span> <span class='ocrx_word' id='word_1_384' title='bbox 1149 2738 1199 2770; x_wconf 83' lang='grc' dir='ltr'>φι-</span> 
     </span>
     <span class='ocr_line' id='line_1_48' title="bbox 62 2782 178 2804; baseline 0 0"><span class='ocrx_word' id='word_1_385' title='bbox 62 2787 75 2797; x_wconf 52' lang='grc' dir='ltr'>ι</span> <span class='ocrx_word' id='word_1_386' title='bbox 127 2782 178 2804; x_wconf 59' lang='lat' dir='ltr'>—Q</span> 
     </span>
    </p>
   </div>
   <div class='ocr_carea' id='block_1_17' title="bbox 68 2827 1206 3293">
    <p class='ocr_par' dir='ltr' id='par_1_19' title="bbox 68 2819 181 2861">
     <span class='ocr_line' id='line_1_49' title="bbox 68 2827 181 2861; baseline -0.027 0"><span class='ocrx_word' id='word_1_387' title='bbox 68 2827 78 2851; x_wconf 55' lang='lat'>9*</span> <span class='ocrx_word' id='word_1_388' title='bbox 143 2843 181 2861; x_wconf 68' lang='lat' dir='ltr'>nst.</span> 
     </span>
    </p>

    <p class='ocr_par' dir='ltr' id='par_1_20' title="bbox 63 2842 1203 3293">
     <span class='ocr_line' id='line_1_50' title="bbox 71 2842 1200 2931; baseline -0.004 -9"><span class='ocrx_word' id='word_1_389' title='bbox 71 2875 104 2892; x_wconf 66' lang='lat'><strong><em>‘</em></strong></span> <span class='ocrx_word' id='word_1_390' title='bbox 128 2842 145 2864; x_wconf 52' lang='lat'><em>¹</em></span> <span class='ocrx_word' id='word_1_391' title='bbox 199 2877 241 2903; x_wconf 61' lang='lat'>&#39;³&#39;</span> <span class='ocrx_word' id='word_1_392' title='bbox 257 2880 383 2920; x_wconf 77' lang='grc' dir='ltr'>Πᾶσαι</span> <span class='ocrx_word' id='word_1_393' title='bbox 390 2876 455 2930; x_wconf 83' lang='grc' dir='ltr'>μὲν</span> <span class='ocrx_word' id='word_1_394' title='bbox 469 2870 530 2918; x_wconf 68' lang='lat' dir='ltr'>oliv</span> <span class='ocrx_word' id='word_1_395' title='bbox 545 2878 581 2917; x_wconf 73' lang='grc' dir='ltr'>αἱ</span> <span class='ocrx_word' id='word_1_396' title='bbox 597 2877 782 2931; x_wconf 81' lang='grc' dir='ltr'>εἰρημέναι</span> <span class='ocrx_word' id='word_1_397' title='bbox 794 2876 909 2931; x_wconf 85' lang='grc' dir='ltr'>φιλίαι</span> <span class='ocrx_word' id='word_1_398' title='bbox 919 2879 954 2917; x_wconf 82' lang='grc' dir='ltr'>ἐν</span> <span class='ocrx_word' id='word_1_399' title='bbox 965 2876 1104 2927; x_wconf 81' lang='grc' dir='ltr'>ἰσότητί</span> <span class='ocrx_word' id='word_1_400' title='bbox 1117 2879 1200 2918; x_wconf 82' lang='grc' dir='ltr'>εἶσι.</span> 
     </span>
     <span class='ocr_line' id='line_1_51' title="bbox 70 2937 1203 2993; baseline -0.004 -13"><span class='ocrx_word' id='word_1_401' title='bbox 70 2946 135 2988; x_wconf 45' lang='grc' dir='ltr'><em>Ἠ</em></span> <span class='ocrx_word' id='word_1_402' title='bbox 124 2938 205 2984; x_wconf 74' lang='grc' dir='ltr'>,Τὰ</span> <span class='ocrx_word' id='word_1_403' title='bbox 216 2937 291 2993; x_wconf 74' lang='grc' dir='ltr'>γὰρ</span> <span class='ocrx_word' id='word_1_404' title='bbox 310 2937 402 2979; x_wconf 74' lang='grc' dir='ltr'>αὐτὰ</span> <span class='ocrx_word' id='word_1_405' title='bbox 423 2940 500 2983; x_wconf 88' lang='grc' dir='ltr'>τοῖς</span> <span class='ocrx_word' id='word_1_406' title='bbox 516 2937 633 2991; x_wconf 87' lang='grc' dir='ltr'>φίλοις</span> <span class='ocrx_word' id='word_1_407' title='bbox 648 2937 683 2984; x_wconf 82' lang='grc' dir='ltr'>ἐξ</span> <span class='ocrx_word' id='word_1_408' title='bbox 714 2937 880 2982; x_wconf 77' lang='grc' dir='ltr'>ἀλλήλων</span> <span class='ocrx_word' id='word_1_409' title='bbox 900 2937 1056 2990; x_wconf 87' lang='grc' dir='ltr'>γίνεται,</span> <span class='ocrx_word' id='word_1_410' title='bbox 1080 2937 1141 2977; x_wconf 84' lang='grc' dir='ltr'>καὶ</span> <span class='ocrx_word' id='word_1_411' title='bbox 1157 2938 1203 2977; x_wconf 87' lang='grc' dir='ltr'>τὰ</span> 
     </span>
     <span class='ocr_line' id='line_1_52' title="bbox 75 2993 1203 3058; baseline 0.001 -21"><span class='ocrx_word' id='word_1_412' title='bbox 75 3011 80 3015; x_wconf 69' lang='grc'><strong><em>’</em></strong></span> <span class='ocrx_word' id='word_1_413' title='bbox 103 2993 240 3047; x_wconf 31' lang='lat' dir='ltr'>&amp;abd</span> <span class='ocrx_word' id='word_1_414' title='bbox 256 2997 449 3052; x_wconf 80' lang='grc' dir='ltr'>βούλονται</span> <span class='ocrx_word' id='word_1_415' title='bbox 471 2995 707 3047; x_wconf 81' lang='grc' dir='ltr'>ἀλλήλοις,</span> <span class='ocrx_word' id='word_1_416' title='bbox 687 3014 711 3045; x_wconf 91' lang='grc' dir='ltr'>η</span> <span class='ocrx_word' id='word_1_417' title='bbox 739 2997 801 3037; x_wconf 86' lang='grc' dir='ltr'>καὶ</span> <span class='ocrx_word' id='word_1_418' title='bbox 798 2997 943 3058; x_wconf 42' lang='lat' dir='ltr'>”gs-epota</span> <span class='ocrx_word' id='word_1_419' title='bbox 975 2999 1049 3038; x_wconf 81' lang='grc' dir='ltr'>ἀνθ’</span> <span class='ocrx_word' id='word_1_420' title='bbox 1083 2997 1203 3051; x_wconf 85' lang='grc' dir='ltr'>ἑτέρου</span> 
     </span>
     <span class='ocr_line' id='line_1_53' title="bbox 77 3051 1206 3110; baseline -0.003 -11.024"><span class='ocrx_word' id='word_1_421' title='bbox 77 3051 87 3104; x_wconf 49' lang='grc' dir='ltr'>’ἶ</span> <span class='ocrx_word' id='word_1_422' title='bbox 126 3057 554 3106; x_wconf 60' lang='grc' dir='ltr'>Ηντικαταλλᾶττονται,</span> <span class='ocrx_word' id='word_1_423' title='bbox 572 3055 682 3096; x_wconf 79' lang='grc' dir='ltr'>ἴσον”</span> <span class='ocrx_word' id='word_1_424' title='bbox 667 3073 761 3107; x_wconf 88' lang='grc' dir='ltr'>ισου,</span> <span class='ocrx_word' id='word_1_425' title='bbox 782 3060 853 3096; x_wconf 79' lang='grc' dir='ltr'>οἷον</span> <span class='ocrx_word' id='word_1_426' title='bbox 869 3055 1036 3105; x_wconf 83' lang='grc' dir='ltr'>ἡδονὴν’</span> <span class='ocrx_word' id='word_1_427' title='bbox 1016 3055 1094 3097; x_wconf 84' lang='grc' dir='ltr'>αντὶ</span> <span class='ocrx_word' id='word_1_428' title='bbox 1116 3058 1206 3110; x_wconf 85' lang='grc' dir='ltr'>ὠφε-</span> 
     </span>
     <span class='ocr_line' id='line_1_54' title="bbox 125 3111 1203 3171; baseline 0.005 -18.694"><span class='ocrx_word' id='word_1_429' title='bbox 125 3111 256 3165; x_wconf 56' lang='lat' dir='ltr'>imm·</span> <span class='ocrx_word' id='word_1_430' title='bbox 288 3116 416 3163; x_wconf 74' lang='grc' dir='ltr'>αἵτινες</span> <span class='ocrx_word' id='word_1_431' title='bbox 437 3117 491 3158; x_wconf 79' lang='grc' dir='ltr'>ὅτι</span> <span class='ocrx_word' id='word_1_432' title='bbox 510 3112 617 3166; x_wconf 80' lang='grc' dir='ltr'>ἧττόν</span> <span class='ocrx_word' id='word_1_433' title='bbox 645 3119 714 3157; x_wconf 88' lang='grc' dir='ltr'>εἶσι</span> <span class='ocrx_word' id='word_1_434' title='bbox 743 3120 812 3156; x_wconf 80' lang='grc' dir='ltr'>τῶν</span> <span class='ocrx_word' id='word_1_435' title='bbox 847 3117 964 3158; x_wconf 92' lang='grc' dir='ltr'>ἄλλων</span> <span class='ocrx_word' id='word_1_436' title='bbox 997 3118 1111 3171; x_wconf 88' lang='grc' dir='ltr'>φιλίαι</span> <span class='ocrx_word' id='word_1_437' title='bbox 1142 3118 1203 3158; x_wconf 87' lang='grc' dir='ltr'>καὶ</span> 
     </span>
     <span class='ocr_line' id='line_1_55' title="bbox 74 3177 1203 3241; baseline -0.001 -23.01"><span class='ocrx_word' id='word_1_438' title='bbox 74 3192 89 3235; x_wconf 54' lang='lat'>5]</span> <span class='ocrx_word' id='word_1_439' title='bbox 146 3178 499 3232; x_wconf 75' lang='grc' dir='ltr'>ὄλιγοχρονιώτεραι,</span> <span class='ocrx_word' id='word_1_440' title='bbox 528 3178 681 3233; x_wconf 85' lang='grc' dir='ltr'>εἴρηται.</span> <span class='ocrx_word' id='word_1_441' title='bbox 712 3180 797 3219; x_wconf 80' lang='grc' dir='ltr'>Τῶν</span> <span class='ocrx_word' id='word_1_442' title='bbox 823 3177 860 3217; x_wconf 84' lang='grc' dir='ltr'>δὲ</span> <span class='ocrx_word' id='word_1_443' title='bbox 881 3179 1004 3241; x_wconf 83' lang='grc' dir='ltr'>φιλιῶν</span> <span class='ocrx_word' id='word_1_444' title='bbox 1026 3180 1062 3217; x_wconf 80' lang='grc' dir='ltr'>αἱ</span> <span class='ocrx_word' id='word_1_445' title='bbox 1085 3178 1144 3219; x_wconf 79' lang='grc' dir='ltr'>διὰ</span> <span class='ocrx_word' id='word_1_446' title='bbox 1162 3178 1203 3218; x_wconf 83' lang='grc' dir='ltr'>τὸ</span> 
     </span>
     <span class='ocr_line' id='line_1_56' title="bbox 126 3236 1201 3293; baseline 0 -15"><span class='ocrx_word' id='word_1_447' title='bbox 126 3236 325 3291; x_wconf 60' lang='grc' dir='ltr'>,χρησιμον</span> <span class='ocrx_word' id='word_1_448' title='bbox 340 3254 402 3278; x_wconf 83' lang='grc' dir='ltr'>και</span> <span class='ocrx_word' id='word_1_449' title='bbox 414 3238 506 3288; x_wconf 88' lang='grc' dir='ltr'>ἡδυ</span> <span class='ocrx_word' id='word_1_450' title='bbox 523 3238 618 3278; x_wconf 81' lang='grc' dir='ltr'>κατά</span> <span class='ocrx_word' id='word_1_451' title='bbox 638 3255 673 3278; x_wconf 88' lang='grc' dir='ltr'>τι</span> <span class='ocrx_word' id='word_1_452' title='bbox 691 3238 734 3290; x_wconf 76' lang='grc' dir='ltr'>μὲ</span> <span class='ocrx_word' id='word_1_453' title='bbox 722 3255 754 3277; x_wconf 92' lang='grc' dir='ltr'>-ν</span> <span class='ocrx_word' id='word_1_454' title='bbox 777 3239 938 3278; x_wconf 87' lang='grc' dir='ltr'>δοκουσιν</span> <span class='ocrx_word' id='word_1_455' title='bbox 959 3242 1050 3278; x_wconf 88' lang='grc' dir='ltr'>εἰναι</span> <span class='ocrx_word' id='word_1_456' title='bbox 1071 3237 1201 3293; x_wconf 89' lang='grc' dir='ltr'>φιλίαι,</span> 
     </span>
    </p>
   </div>
   <div class='ocr_carea' id='block_1_18' title="bbox 75 3295 1196 3356">
    <p class='ocr_par' dir='ltr' id='par_1_21' title="bbox 59 3295 1196 3356">
     <span class='ocr_line' id='line_1_57' title="bbox 75 3295 1196 3356; baseline 0 -18"><span class='ocrx_word' id='word_1_457' title='bbox 75 3347 85 3356; x_wconf 14' lang='lat' dir='ltr'>Q*</span> <span class='ocrx_word' id='word_1_458' title='bbox 128 3296 243 3342; x_wconf 61' lang='lat' dir='ltr'><em>-mxoe&#39;</em></span> <span class='ocrx_word' id='word_1_459' title='bbox 256 3313 291 3337; x_wconf 85' lang='grc' dir='ltr'>τι</span> <span class='ocrx_word' id='word_1_460' title='bbox 306 3295 395 3338; x_wconf 71' lang='grc' dir='ltr'>δὲ’</span> <span class='ocrx_word' id='word_1_461' title='bbox 356 3311 410 3338; x_wconf 82' lang='grc' dir='ltr'>ου’</span> <span class='ocrx_word' id='word_1_462' title='bbox 434 3300 512 3340; x_wconf 85' lang='grc' dir='ltr'>καθ’</span> <span class='ocrx_word' id='word_1_463' title='bbox 533 3298 627 3351; x_wconf 82' lang='grc' dir='ltr'>ὃμὲν</span> <span class='ocrx_word' id='word_1_464' title='bbox 649 3298 716 3352; x_wconf 84' lang='grc' dir='ltr'>γὰρ</span> <span class='ocrx_word' id='word_1_465' title='bbox 737 3298 872 3339; x_wconf 83' lang='grc' dir='ltr'>ἐοίκασι</span> <span class='ocrx_word' id='word_1_466' title='bbox 887 3301 931 3352; x_wconf 80' lang='grc' dir='ltr'>τῇ</span> <span class='ocrx_word' id='word_1_467' title='bbox 952 3298 1070 3338; x_wconf 87' lang='grc' dir='ltr'>τελεία</span> <span class='ocrx_word' id='word_1_468' title='bbox 1082 3299 1196 3353; x_wconf 88' lang='grc' dir='ltr'>φιλία,</span> 
     </span>
    </p>
   </div>
   <div class='ocr_carea' id='block_1_19' title="bbox 2233 155 2308 195">
    <p class='ocr_par' dir='ltr' id='par_1_22' title="bbox 2233 155 2308 195">
     <span class='ocr_line' id='line_1_58' title="bbox 2233 155 2308 195; baseline -0.013 0"><span class='ocrx_word' id='word_1_469' title='bbox 2233 155 2308 195; x_wconf 77' lang='grc'>501</span> 
     </span>
    </p>
   </div>
   <div class='ocr_carea' id='block_1_20' title="bbox 1257 245 2325 747">
    <p class='ocr_par' dir='ltr' id='par_1_23' title="bbox 1257 245 2325 747">
     <span class='ocr_line' id='line_1_59' title="bbox 1261 245 2315 291; baseline 0.001 -11"><span class='ocrx_word' id='word_1_470' title='bbox 1261 247 1344 280; x_wconf 88' lang='lat' dir='ltr'>tiam</span> <span class='ocrx_word' id='word_1_471' title='bbox 1367 247 1512 288; x_wconf 86' lang='lat' dir='ltr'>accedit,</span> <span class='ocrx_word' id='word_1_472' title='bbox 1530 256 1636 291; x_wconf 92' lang='lat' dir='ltr'>quum</span> <span class='ocrx_word' id='word_1_473' title='bbox 1659 247 1774 280; x_wconf 87' lang='lat' dir='ltr'>eadem</span> <span class='ocrx_word' id='word_1_474' title='bbox 1796 245 1859 281; x_wconf 86' lang='lat' dir='ltr'>sibi</span> <span class='ocrx_word' id='word_1_475' title='bbox 1882 246 2002 280; x_wconf 86' lang='lat' dir='ltr'>mutuo</span> <span class='ocrx_word' id='word_1_476' title='bbox 2026 248 2188 290; x_wconf 67' lang='lat' dir='ltr'>praestant</span> <span class='ocrx_word' id='word_1_477' title='bbox 2204 247 2315 289; x_wconf 87' lang='lat' dir='ltr'>amici,</span> 
     </span>
     <span class='ocr_line' id='line_1_60' title="bbox 1260 298 2319 341; baseline 0.002 -11"><span class='ocrx_word' id='word_1_478' title='bbox 1260 299 1295 330; x_wconf 90' lang='lat' dir='ltr'>et</span> <span class='ocrx_word' id='word_1_479' title='bbox 1321 298 1408 331; x_wconf 87' lang='lat' dir='ltr'>alter</span> <span class='ocrx_word' id='word_1_480' title='bbox 1430 299 1536 332; x_wconf 88' lang='lat' dir='ltr'>altero</span> <span class='ocrx_word' id='word_1_481' title='bbox 1562 299 1749 331; x_wconf 82' lang='lat' dir='ltr'>delectatur</span> <span class='ocrx_word' id='word_1_482' title='bbox 1771 300 1831 331; x_wconf 90' lang='lat' dir='ltr'>aut</span> <span class='ocrx_word' id='word_1_483' title='bbox 1863 300 2007 341; x_wconf 84' lang='lat' dir='ltr'>uterque</span> <span class='ocrx_word' id='word_1_484' title='bbox 2021 298 2162 334; x_wconf 83' lang='lat' dir='ltr'>eisdem.</span> <span class='ocrx_word' id='word_1_485' title='bbox 2196 299 2319 338; x_wconf 86' lang='lat' dir='ltr'><strong>Quales</strong></span> 
     </span>
     <span class='ocr_line' id='line_1_61' title="bbox 1257 348 2321 394; baseline 0 -12"><span class='ocrx_word' id='word_1_486' title='bbox 1257 348 1419 391; x_wconf 80' lang='lat' dir='ltr'>juvenum</span> <span class='ocrx_word' id='word_1_487' title='bbox 1453 349 1608 382; x_wconf 74' lang='lat' dir='ltr'>amicitiae</span> <span class='ocrx_word' id='word_1_488' title='bbox 1636 351 1726 382; x_wconf 90' lang='lat' dir='ltr'>suut.</span> <span class='ocrx_word' id='word_1_489' title='bbox 1756 348 1888 382; x_wconf 84' lang='lat' dir='ltr'><strong>Etenim</strong></span> <span class='ocrx_word' id='word_1_490' title='bbox 1911 349 1945 382; x_wconf 89' lang='lat' dir='ltr'>in</span> <span class='ocrx_word' id='word_1_491' title='bbox 1977 359 2014 382; x_wconf 85' lang='lat' dir='ltr'>ea</span> <span class='ocrx_word' id='word_1_492' title='bbox 2036 359 2114 392; x_wconf 80' lang='lat' dir='ltr'>quae</span> <span class='ocrx_word' id='word_1_493' title='bbox 2131 350 2321 394; x_wconf 60' lang='lat' dir='ltr'>‚voluptatis</span> 
     </span>
     <span class='ocr_line' id='line_1_62' title="bbox 1260 400 2319 445; baseline 0 -12"><span class='ocrx_word' id='word_1_494' title='bbox 1260 409 1360 434; x_wconf 86' lang='lat' dir='ltr'>causa</span> <span class='ocrx_word' id='word_1_495' title='bbox 1391 401 1578 434; x_wconf 78' lang='lat' dir='ltr'>instituitur</span> <span class='ocrx_word' id='word_1_496' title='bbox 1605 400 1772 442; x_wconf 81' lang='lat' dir='ltr'>amicitia,</span> <span class='ocrx_word' id='word_1_497' title='bbox 1803 400 1908 442; x_wconf 84' lang='lat' dir='ltr'>magis</span> <span class='ocrx_word' id='word_1_498' title='bbox 1933 410 2036 444; x_wconf 87' lang='lat' dir='ltr'>quam</span> <span class='ocrx_word' id='word_1_499' title='bbox 2058 401 2092 434; x_wconf 89' lang='lat' dir='ltr'>in</span> <span class='ocrx_word' id='word_1_500' title='bbox 2108 411 2155 435; x_wconf 67' lang='lat' dir='ltr'>‚ea</span> <span class='ocrx_word' id='word_1_501' title='bbox 2174 411 2251 445; x_wconf 82' lang='lat' dir='ltr'>quae</span> <span class='ocrx_word' id='word_1_502' title='bbox 2277 410 2319 434; x_wconf 84' lang='lat' dir='ltr'>ex</span> 
     </span>
     <span class='ocr_line' id='line_1_63' title="bbox 1260 452 2322 496; baseline 0 -11"><span class='ocrx_word' id='word_1_503' title='bbox 1260 452 1406 486; x_wconf 90' lang='lat' dir='ltr'>utilitate</span> <span class='ocrx_word' id='word_1_504' title='bbox 1441 453 1559 492; x_wconf 90' lang='lat' dir='ltr'>oritur,</span> <span class='ocrx_word' id='word_1_505' title='bbox 1596 452 1778 485; x_wconf 83' lang='lat' dir='ltr'>liberalitas</span> <span class='ocrx_word' id='word_1_506' title='bbox 1809 454 1957 494; x_wconf 86' lang='lat' dir='ltr'>apparet.</span> <span class='ocrx_word' id='word_1_507' title='bbox 1989 454 2141 496; x_wconf 84' lang='lat' dir='ltr'>Namque</span> <span class='ocrx_word' id='word_1_508' title='bbox 2158 453 2216 487; x_wconf 89' lang='lat' dir='ltr'>illa</span> <span class='ocrx_word' id='word_1_509' title='bbox 2244 461 2322 496; x_wconf 86' lang='lat' dir='ltr'>quae</span> 
     </span>
     <span class='ocr_line' id='line_1_64' title="bbox 1260 501 2318 546; baseline 0.002 -11"><span class='ocrx_word' id='word_1_510' title='bbox 1260 505 1394 546; x_wconf 87' lang='lat' dir='ltr'>propter</span> <span class='ocrx_word' id='word_1_511' title='bbox 1416 503 1498 536; x_wconf 91' lang='lat' dir='ltr'>utile</span> <span class='ocrx_word' id='word_1_512' title='bbox 1516 505 1739 546; x_wconf 75' lang='lat' dir='ltr'>comparatur,</span> <span class='ocrx_word' id='word_1_513' title='bbox 1758 501 2098 536; x_wconf 86' lang='lat' dir='ltr'>circumforaneorum</span> <span class='ocrx_word' id='word_1_514' title='bbox 2112 506 2146 537; x_wconf 90' lang='lat' dir='ltr'>et</span> <span class='ocrx_word' id='word_1_515' title='bbox 2167 504 2318 537; x_wconf 68' lang='lat' dir='ltr'>illibera-⁴</span> 
     </span>
     <span class='ocr_line' id='line_1_65' title="bbox 1260 553 2322 598; baseline 0.002 -12"><span class='ocrx_word' id='word_1_516' title='bbox 1260 553 1343 586; x_wconf 92' lang='lat' dir='ltr'>lium</span> <span class='ocrx_word' id='word_1_517' title='bbox 1362 554 1534 587; x_wconf 91' lang='lat' dir='ltr'>hominum</span> <span class='ocrx_word' id='word_1_518' title='bbox 1551 557 1613 588; x_wconf 86' lang='lat' dir='ltr'>est.</span> <span class='ocrx_word' id='word_1_519' title='bbox 1636 555 1803 587; x_wconf 85' lang='lat' dir='ltr'>Praeterea</span> <span class='ocrx_word' id='word_1_520' title='bbox 1820 554 1922 586; x_wconf 88' lang='lat' dir='ltr'>etiam</span> <span class='ocrx_word' id='word_1_521' title='bbox 1939 563 2020 587; x_wconf 87' lang='lat' dir='ltr'>vera</span> <span class='ocrx_word' id='word_1_522' title='bbox 2035 555 2182 588; x_wconf 83' lang='lat' dir='ltr'>amicitia</span> <span class='ocrx_word' id='word_1_523' title='bbox 2200 556 2322 598; x_wconf 71' lang='lat' dir='ltr'>jucun—</span> 
     </span>
     <span class='ocr_line' id='line_1_66' title="bbox 1260 605 2323 650; baseline -0.001 -11"><span class='ocrx_word' id='word_1_524' title='bbox 1260 605 1342 639; x_wconf 90' lang='lat' dir='ltr'>dum</span> <span class='ocrx_word' id='word_1_525' title='bbox 1357 605 1541 645; x_wconf 86' lang='lat' dir='ltr'>desiderat,</span> <span class='ocrx_word' id='word_1_526' title='bbox 1568 606 1651 639; x_wconf 91' lang='lat' dir='ltr'>utile</span> <span class='ocrx_word' id='word_1_527' title='bbox 1673 615 1898 649; x_wconf 83' lang='lat' dir='ltr'>nequaquam.</span> <span class='ocrx_word' id='word_1_528' title='bbox 1921 607 2052 650; x_wconf 79' lang='lat' dir='ltr'>Quippe</span> <span class='ocrx_word' id='word_1_529' title='bbox 2075 608 2164 641; x_wconf 87' lang='lat' dir='ltr'>beati</span> <span class='ocrx_word' id='word_1_530' title='bbox 2181 608 2323 641; x_wconf 85' lang='lat' dir='ltr'>utilibus</span> 
     </span>
     <span class='ocr_line' id='line_1_67' title="bbox 1261 656 2325 700; baseline 0.002 -12"><span class='ocrx_word' id='word_1_531' title='bbox 1261 665 1326 688; x_wconf 91' lang='lat' dir='ltr'>non</span> <span class='ocrx_word' id='word_1_532' title='bbox 1342 659 1438 697; x_wconf 81' lang='lat' dir='ltr'>egent</span> <span class='ocrx_word' id='word_1_533' title='bbox 1450 683 1457 695; x_wconf 83' lang='grc'><strong>,</strong></span> <span class='ocrx_word' id='word_1_534' title='bbox 1477 656 1536 690; x_wconf 88' lang='lat' dir='ltr'>sed</span> <span class='ocrx_word' id='word_1_535' title='bbox 1555 656 1713 700; x_wconf 84' lang='lat' dir='ltr'>jucundis</span> <span class='ocrx_word' id='word_1_536' title='bbox 1734 669 1742 689; x_wconf 76' lang='grc' dir='ltr'>ε</span> <span class='ocrx_word' id='word_1_537' title='bbox 1760 656 1894 699; x_wconf 85' lang='lat' dir='ltr'>quaudo</span> <span class='ocrx_word' id='word_1_538' title='bbox 1913 657 2000 690; x_wconf 86' lang='lat' dir='ltr'>euim</span> <span class='ocrx_word' id='word_1_539' title='bbox 2026 658 2140 691; x_wconf 85' lang='lat' dir='ltr'>vivere</span> <span class='ocrx_word' id='word_1_540' title='bbox 2159 667 2237 690; x_wconf 85' lang='lat' dir='ltr'>cum</span> <span class='ocrx_word' id='word_1_541' title='bbox 2259 657 2325 690; x_wconf 81' lang='lat' dir='ltr'>ali-</span> 
     </span>
     <span class='ocr_line' id='line_1_68' title="bbox 1260 705 2324 747; baseline 0.001 -10"><span class='ocrx_word' id='word_1_542' title='bbox 1260 705 1383 747; x_wconf 86' lang='lat' dir='ltr'>quibus</span> <span class='ocrx_word' id='word_1_543' title='bbox 1403 705 1539 745; x_wconf 87' lang='lat' dir='ltr'>volunt,</span> <span class='ocrx_word' id='word_1_544' title='bbox 1566 715 1643 739; x_wconf 87' lang='lat' dir='ltr'>cum</span> <span class='ocrx_word' id='word_1_545' title='bbox 1676 705 1830 739; x_wconf 88' lang='lat' dir='ltr'>tristibus</span> <span class='ocrx_word' id='word_1_546' title='bbox 1858 708 1893 739; x_wconf 89' lang='lat' dir='ltr'>et</span> <span class='ocrx_word' id='word_1_547' title='bbox 1923 706 2074 740; x_wconf 81' lang='lat' dir='ltr'>molestis</span> <span class='ocrx_word' id='word_1_548' title='bbox 2103 708 2229 740; x_wconf 82' lang='lat' dir='ltr'>versari</span> <span class='ocrx_word' id='word_1_549' title='bbox 2257 715 2324 739; x_wconf 91' lang='lat' dir='ltr'>non</span> 
     </span>
    </p>
   </div>
   <div class='ocr_carea' id='block_1_21' title="bbox 1262 757 2324 1172">
    <p class='ocr_par' dir='ltr' id='par_1_24' title="bbox 1262 757 2324 1172">
     <span class='ocr_line' id='line_1_69' title="bbox 1262 757 2324 800; baseline 0 -12"><span class='ocrx_word' id='word_1_550' title='bbox 1262 758 1410 798; x_wconf 43' lang='lat' dir='ltr'>possunta</span> <span class='ocrx_word' id='word_1_551' title='bbox 1445 759 1530 790; x_wconf 92' lang='lat' dir='ltr'>Nam</span> <span class='ocrx_word' id='word_1_552' title='bbox 1565 757 1752 790; x_wconf 88' lang='lat' dir='ltr'>molestiam</span> <span class='ocrx_word' id='word_1_553' title='bbox 1786 766 1964 800; x_wconf 82' lang='lat' dir='ltr'>parumper</span> <span class='ocrx_word' id='word_1_554' title='bbox 1999 757 2124 791; x_wconf 87' lang='lat' dir='ltr'>ferunt.</span> <span class='ocrx_word' id='word_1_555' title='bbox 2159 759 2324 800; x_wconf 82' lang='lat' dir='ltr'>Perpetuo</span> 
     </span>
     <span class='ocr_line' id='line_1_70' title="bbox 1262 804 2324 849; baseline 0.001 -12"><span class='ocrx_word' id='word_1_556' title='bbox 1262 813 1341 837; x_wconf 85' lang='lat' dir='ltr'>vero</span> <span class='ocrx_word' id='word_1_557' title='bbox 1370 804 1429 847; x_wconf 89' lang='lat' dir='ltr'>qui</span> <span class='ocrx_word' id='word_1_558' title='bbox 1449 805 1594 847; x_wconf 88' lang='lat' dir='ltr'>perferat</span> <span class='ocrx_word' id='word_1_559' title='bbox 1616 805 1804 838; x_wconf 83' lang='lat' dir='ltr'>molestiam</span> <span class='ocrx_word' id='word_1_560' title='bbox 1832 815 1929 839; x_wconf 91' lang='lat' dir='ltr'>nemo</span> <span class='ocrx_word' id='word_1_561' title='bbox 1955 806 2133 849; x_wconf 78' lang='lat' dir='ltr'>reperitur,</span> <span class='ocrx_word' id='word_1_562' title='bbox 2153 807 2212 840; x_wconf 86' lang='lat' dir='ltr'>sed</span> <span class='ocrx_word' id='word_1_563' title='bbox 2232 815 2272 839; x_wconf 90' lang='lat' dir='ltr'>ne</span> <span class='ocrx_word' id='word_1_564' title='bbox 2294 805 2324 838; x_wconf 90' lang='lat' dir='ltr'>i-</span> 
     </span>
     <span class='ocr_line' id='line_1_71' title="bbox 1262 852 2324 896; baseline 0.001 -12"><span class='ocrx_word' id='word_1_565' title='bbox 1262 861 1359 894; x_wconf 86' lang='lat' dir='ltr'>psum</span> <span class='ocrx_word' id='word_1_566' title='bbox 1374 852 1509 895; x_wconf 89' lang='lat' dir='ltr'>quidem</span> <span class='ocrx_word' id='word_1_567' title='bbox 1523 852 1647 885; x_wconf 82' lang='lat' dir='ltr'>bonum</span> <span class='ocrx_word' id='word_1_568' title='bbox 1664 852 1751 886; x_wconf 84' lang='lat' dir='ltr'>ferre</span> <span class='ocrx_word' id='word_1_569' title='bbox 1770 854 1949 895; x_wconf 83' lang='lat' dir='ltr'>quisquam</span> <span class='ocrx_word' id='word_1_570' title='bbox 1964 854 2087 896; x_wconf 85' lang='lat' dir='ltr'>poterit</span> <span class='ocrx_word' id='word_1_571' title='bbox 2101 881 2108 891; x_wconf 96' lang='lat'><em>,</em></span> <span class='ocrx_word' id='word_1_572' title='bbox 2127 854 2156 887; x_wconf 85' lang='lat' dir='ltr'>si</span> <span class='ocrx_word' id='word_1_573' title='bbox 2170 854 2200 886; x_wconf 90' lang='lat' dir='ltr'>ei</span> <span class='ocrx_word' id='word_1_574' title='bbox 2223 852 2324 886; x_wconf 87' lang='lat' dir='ltr'>mole-</span> 
     </span>
     <span class='ocr_line' id='line_1_72' title="bbox 1263 900 2323 943; baseline 0.001 -11"><span class='ocrx_word' id='word_1_575' title='bbox 1263 902 1353 932; x_wconf 85' lang='lat' dir='ltr'>stum</span> <span class='ocrx_word' id='word_1_576' title='bbox 1372 900 1426 933; x_wconf 90' lang='lat' dir='ltr'>sit.</span> <span class='ocrx_word' id='word_1_577' title='bbox 1449 901 1612 938; x_wconf 86' lang='lat' dir='ltr'>Quocirca</span> <span class='ocrx_word' id='word_1_578' title='bbox 1634 901 1699 934; x_wconf 88' lang='lat' dir='ltr'>viri</span> <span class='ocrx_word' id='word_1_579' title='bbox 1728 903 1804 935; x_wconf 89' lang='lat' dir='ltr'>boni</span> <span class='ocrx_word' id='word_1_580' title='bbox 1830 901 1996 943; x_wconf 87' lang='lat' dir='ltr'>jucundos</span> <span class='ocrx_word' id='word_1_581' title='bbox 2021 902 2146 935; x_wconf 85' lang='lat' dir='ltr'>amicos</span> <span class='ocrx_word' id='word_1_582' title='bbox 2169 910 2241 934; x_wconf 85' lang='lat' dir='ltr'>esse</span> <span class='ocrx_word' id='word_1_583' title='bbox 2261 911 2323 934; x_wconf 89' lang='lat' dir='ltr'>vo-</span> 
     </span>
     <span class='ocr_line' id='line_1_73' title="bbox 1263 948 2322 991; baseline 0.004 -12"><span class='ocrx_word' id='word_1_584' title='bbox 1263 948 1352 987; x_wconf 86' lang='lat' dir='ltr'>lunt,</span> <span class='ocrx_word' id='word_1_585' title='bbox 1372 950 1410 980; x_wconf 92' lang='lat' dir='ltr'>ut</span> <span class='ocrx_word' id='word_1_586' title='bbox 1433 957 1541 990; x_wconf 94' lang='lat' dir='ltr'>quum</span> <span class='ocrx_word' id='word_1_587' title='bbox 1566 948 1643 981; x_wconf 90' lang='lat' dir='ltr'>boni</span> <span class='ocrx_word' id='word_1_588' title='bbox 1662 949 1748 987; x_wconf 88' lang='lat' dir='ltr'>sint,</span> <span class='ocrx_word' id='word_1_589' title='bbox 1774 949 1837 982; x_wconf 90' lang='lat' dir='ltr'>sibi</span> <span class='ocrx_word' id='word_1_590' title='bbox 1865 959 2000 991; x_wconf 89' lang='lat' dir='ltr'>quoque</span> <span class='ocrx_word' id='word_1_591' title='bbox 2035 950 2118 982; x_wconf 87' lang='lat' dir='ltr'>tales</span> <span class='ocrx_word' id='word_1_592' title='bbox 2149 950 2242 982; x_wconf 88' lang='lat' dir='ltr'>sint:</span> <span class='ocrx_word' id='word_1_593' title='bbox 2273 950 2322 983; x_wconf 88' lang='lat' dir='ltr'>ita</span> 
     </span>
     <span class='ocr_line' id='line_1_74' title="bbox 1263 995 2324 1040; baseline 0.001 -11"><span class='ocrx_word' id='word_1_594' title='bbox 1263 995 1351 1029; x_wconf 89' lang='lat' dir='ltr'>enim</span> <span class='ocrx_word' id='word_1_595' title='bbox 1368 995 1435 1029; x_wconf 87' lang='lat' dir='ltr'>illis</span> <span class='ocrx_word' id='word_1_596' title='bbox 1448 996 1513 1028; x_wconf 89' lang='lat' dir='ltr'>erit</span> <span class='ocrx_word' id='word_1_597' title='bbox 1531 996 1697 1038; x_wconf 90' lang='lat' dir='ltr'>quidquid</span> <span class='ocrx_word' id='word_1_598' title='bbox 1716 1006 1782 1030; x_wconf 93' lang='lat' dir='ltr'>non</span> <span class='ocrx_word' id='word_1_599' title='bbox 1797 996 1913 1030; x_wconf 88' lang='lat' dir='ltr'>deesse</span> <span class='ocrx_word' id='word_1_600' title='bbox 1935 997 2050 1031; x_wconf 88' lang='lat' dir='ltr'>amicis</span> <span class='ocrx_word' id='word_1_601' title='bbox 2067 1000 2202 1040; x_wconf 90' lang='lat' dir='ltr'>oportet</span> <span class='ocrx_word' id='word_1_602' title='bbox 2223 1022 2230 1029; x_wconf 93' lang='lat'><strong><em>.</em></strong></span> <span class='ocrx_word' id='word_1_603' title='bbox 2246 1007 2324 1040; x_wconf 83' lang='lat' dir='ltr'>ergo</span> 
     </span>
     <span class='ocr_line' id='line_1_75' title="bbox 1262 1043 2323 1087; baseline 0.001 -10"><span class='ocrx_word' id='word_1_604' title='bbox 1262 1043 1408 1077; x_wconf 88' lang='lat' dir='ltr'>amicitia</span> <span class='ocrx_word' id='word_1_605' title='bbox 1436 1044 1619 1086; x_wconf 87' lang='lat' dir='ltr'>voluptatis</span> <span class='ocrx_word' id='word_1_606' title='bbox 1648 1053 1748 1078; x_wconf 85' lang='lat' dir='ltr'>causa</span> <span class='ocrx_word' id='word_1_607' title='bbox 1776 1047 1948 1078; x_wconf 86' lang='lat' dir='ltr'>contracta</span> <span class='ocrx_word' id='word_1_608' title='bbox 1973 1046 2078 1087; x_wconf 85' lang='lat' dir='ltr'>magis</span> <span class='ocrx_word' id='word_1_609' title='bbox 2095 1045 2138 1078; x_wconf 89' lang='lat' dir='ltr'>ad</span> <span class='ocrx_word' id='word_1_610' title='bbox 2164 1045 2323 1087; x_wconf 61' lang='lat' dir='ltr'>perfectae</span> 
     </span>
     <span class='ocr_line' id='line_1_76' title="bbox 1263 1090 2322 1134; baseline 0 -9"><span class='ocrx_word' id='word_1_611' title='bbox 1263 1090 1515 1126; x_wconf 87' lang='lat' dir='ltr'>similitudinem</span> <span class='ocrx_word' id='word_1_612' title='bbox 1535 1091 1679 1130; x_wconf 78' lang='lat' dir='ltr'>accedit,</span> <span class='ocrx_word' id='word_1_613' title='bbox 1702 1101 1804 1134; x_wconf 89' lang='lat' dir='ltr'>quam</span> <span class='ocrx_word' id='word_1_614' title='bbox 1826 1092 1884 1125; x_wconf 87' lang='lat' dir='ltr'>illa</span> <span class='ocrx_word' id='word_1_615' title='bbox 1903 1101 1980 1134; x_wconf 80' lang='lat' dir='ltr'>quae</span> <span class='ocrx_word' id='word_1_616' title='bbox 1996 1092 2040 1124; x_wconf 83' lang='lat' dir='ltr'>ob</span> <span class='ocrx_word' id='word_1_617' title='bbox 2060 1093 2322 1126; x_wconf 90' lang='lat' dir='ltr'>emolumentum</span> 
     </span>
     <span class='ocr_line' id='line_1_77' title="bbox 1263 1138 1462 1172; baseline -0.005 0"><span class='ocrx_word' id='word_1_618' title='bbox 1263 1138 1462 1172; x_wconf 86' lang='lat' dir='ltr'>instituitur.</span> 
     </span>
    </p>
   </div>
   <div class='ocr_carea' id='block_1_22' title="bbox 1263 1198 2334 2453">
    <p class='ocr_par' dir='ltr' id='par_1_25' title="bbox 1263 1198 2334 2453">
     <span class='ocr_line' id='line_1_78' title="bbox 1306 1198 2322 1244; baseline 0 -12"><span class='ocrx_word' id='word_1_619' title='bbox 1306 1198 1372 1238; x_wconf 88' lang='lat' dir='ltr'>Qui</span> <span class='ocrx_word' id='word_1_620' title='bbox 1394 1207 1473 1231; x_wconf 88' lang='lat' dir='ltr'>vero</span> <span class='ocrx_word' id='word_1_621' title='bbox 1491 1200 1571 1232; x_wconf 90' lang='lat' dir='ltr'>sunt</span> <span class='ocrx_word' id='word_1_622' title='bbox 1586 1198 1787 1244; x_wconf 71' lang='lat' dir='ltr'>auctoritate</span> <span class='ocrx_word' id='word_1_623' title='bbox 1806 1198 1919 1240; x_wconf 87' lang='lat' dir='ltr'>aliqua</span> <span class='ocrx_word' id='word_1_624' title='bbox 1936 1200 1970 1232; x_wconf 89' lang='lat' dir='ltr'>et</span> <span class='ocrx_word' id='word_1_625' title='bbox 1993 1200 2160 1241; x_wconf 86' lang='lat' dir='ltr'>potestate</span> <span class='ocrx_word' id='word_1_626' title='bbox 2176 1199 2322 1241; x_wconf 78' lang='lat' dir='ltr'>praediti,</span> 
     </span>
     <span class='ocr_line' id='line_1_79' title="bbox 1263 1258 2324 1302; baseline 0 -9"><span class='ocrx_word' id='word_1_627' title='bbox 1263 1269 1330 1294; x_wconf 92' lang='lat' dir='ltr'>non</span> <span class='ocrx_word' id='word_1_628' title='bbox 1344 1258 1465 1293; x_wconf 88' lang='lat' dir='ltr'>iisdem</span> <span class='ocrx_word' id='word_1_629' title='bbox 1484 1258 1600 1292; x_wconf 85' lang='lat' dir='ltr'>amicis</span> <span class='ocrx_word' id='word_1_630' title='bbox 1612 1260 1774 1302; x_wconf 86' lang='lat' dir='ltr'>tanquam</span> <span class='ocrx_word' id='word_1_631' title='bbox 1794 1258 1936 1291; x_wconf 83' lang='lat' dir='ltr'>utilibus</span> <span class='ocrx_word' id='word_1_632' title='bbox 1951 1260 1984 1292; x_wconf 90' lang='lat' dir='ltr'>et</span> <span class='ocrx_word' id='word_1_633' title='bbox 1997 1258 2155 1301; x_wconf 82' lang='lat' dir='ltr'>jucundis</span> <span class='ocrx_word' id='word_1_634' title='bbox 2170 1261 2324 1293; x_wconf 90' lang='lat' dir='ltr'>utuntur.</span> 
     </span>
     <span class='ocr_line' id='line_1_80' title="bbox 1263 1319 2327 1362; baseline 0 -8"><span class='ocrx_word' id='word_1_635' title='bbox 1263 1321 1327 1354; x_wconf 85' lang='lat' dir='ltr'>Alii</span> <span class='ocrx_word' id='word_1_636' title='bbox 1350 1320 1439 1354; x_wconf 90' lang='lat' dir='ltr'>enim</span> <span class='ocrx_word' id='word_1_637' title='bbox 1451 1320 1518 1353; x_wconf 91' lang='lat' dir='ltr'>illis</span> <span class='ocrx_word' id='word_1_638' title='bbox 1532 1320 1632 1353; x_wconf 87' lang='lat' dir='ltr'>utiles</span> <span class='ocrx_word' id='word_1_639' title='bbox 1647 1321 1736 1359; x_wconf 86' lang='lat' dir='ltr'>suut,</span> <span class='ocrx_word' id='word_1_640' title='bbox 1756 1319 1814 1352; x_wconf 84' lang='lat' dir='ltr'>alii</span> <span class='ocrx_word' id='word_1_641' title='bbox 1830 1319 1982 1362; x_wconf 83' lang='lat' dir='ltr'>jucundi.</span> <span class='ocrx_word' id='word_1_642' title='bbox 2011 1319 2116 1353; x_wconf 88' lang='lat' dir='ltr'>Iidem</span> <span class='ocrx_word' id='word_1_643' title='bbox 2133 1322 2248 1354; x_wconf 88' lang='lat' dir='ltr'>autem</span> <span class='ocrx_word' id='word_1_644' title='bbox 2262 1330 2327 1354; x_wconf 90' lang='lat' dir='ltr'>non</span> 
     </span>
     <span class='ocr_line' id='line_1_81' title="bbox 1263 1380 2327 1423; baseline -0.002 -8"><span class='ocrx_word' id='word_1_645' title='bbox 1263 1381 1369 1415; x_wconf 82' lang='lat' dir='ltr'>ferme</span> <span class='ocrx_word' id='word_1_646' title='bbox 1382 1381 1481 1414; x_wconf 88' lang='lat' dir='ltr'>utiles</span> <span class='ocrx_word' id='word_1_647' title='bbox 1499 1380 1599 1413; x_wconf 85' lang='lat' dir='ltr'>simul</span> <span class='ocrx_word' id='word_1_648' title='bbox 1616 1382 1650 1413; x_wconf 89' lang='lat' dir='ltr'>et</span> <span class='ocrx_word' id='word_1_649' title='bbox 1659 1380 1799 1423; x_wconf 89' lang='lat' dir='ltr'>jucundi</span> <span class='ocrx_word' id='word_1_650' title='bbox 1823 1380 2003 1414; x_wconf 88' lang='lat' dir='ltr'>habentur.</span> <span class='ocrx_word' id='word_1_651' title='bbox 2035 1380 2140 1423; x_wconf 81' lang='lat' dir='ltr'>Cujus</span> <span class='ocrx_word' id='word_1_652' title='bbox 2159 1380 2207 1414; x_wconf 83' lang='lat' dir='ltr'>rei</span> <span class='ocrx_word' id='word_1_653' title='bbox 2227 1390 2327 1414; x_wconf 90' lang='lat' dir='ltr'>causa</span> 
     </span>
     <span class='ocr_line' id='line_1_82' title="bbox 1264 1439 2327 1484; baseline -0.001 -9"><span class='ocrx_word' id='word_1_654' title='bbox 1264 1443 1327 1481; x_wconf 88' lang='lat' dir='ltr'>est,</span> <span class='ocrx_word' id='word_1_655' title='bbox 1345 1440 1437 1484; x_wconf 87' lang='lat' dir='ltr'>quod</span> <span class='ocrx_word' id='word_1_656' title='bbox 1456 1440 1538 1473; x_wconf 91' lang='lat' dir='ltr'>utile</span> <span class='ocrx_word' id='word_1_657' title='bbox 1566 1442 1600 1474; x_wconf 91' lang='lat' dir='ltr'>et</span> <span class='ocrx_word' id='word_1_658' title='bbox 1616 1439 1804 1483; x_wconf 75' lang='lat' dir='ltr'>Jucundum</span> <span class='ocrx_word' id='word_1_659' title='bbox 1821 1440 1856 1473; x_wconf 91' lang='lat' dir='ltr'>in</span> <span class='ocrx_word' id='word_1_660' title='bbox 1879 1439 2028 1483; x_wconf 86' lang='lat' dir='ltr'>perfecta</span> <span class='ocrx_word' id='word_1_661' title='bbox 2050 1440 2196 1474; x_wconf 87' lang='lat' dir='ltr'>amicitia</span> <span class='ocrx_word' id='word_1_662' title='bbox 2215 1440 2327 1483; x_wconf 85' lang='lat' dir='ltr'>inest,</span> 
     </span>
     <span class='ocr_line' id='line_1_83' title="bbox 1264 1500 2332 1545; baseline 0 -11"><span class='ocrx_word' id='word_1_663' title='bbox 1264 1510 1342 1545; x_wconf 83' lang='lat' dir='ltr'>quae</span> <span class='ocrx_word' id='word_1_664' title='bbox 1358 1502 1410 1534; x_wconf 86' lang='lat' dir='ltr'>est</span> <span class='ocrx_word' id='word_1_665' title='bbox 1428 1500 1602 1534; x_wconf 89' lang='lat' dir='ltr'>bonorum.</span> <span class='ocrx_word' id='word_1_666' title='bbox 1633 1500 1687 1533; x_wconf 91' lang='lat' dir='ltr'>llli</span> <span class='ocrx_word' id='word_1_667' title='bbox 1711 1509 1790 1533; x_wconf 88' lang='lat' dir='ltr'>vero</span> <span class='ocrx_word' id='word_1_668' title='bbox 1812 1500 1897 1534; x_wconf 88' lang='lat' dir='ltr'>tales</span> <span class='ocrx_word' id='word_1_669' title='bbox 1920 1510 1987 1534; x_wconf 91' lang='lat' dir='ltr'>non</span> <span class='ocrx_word' id='word_1_670' title='bbox 2006 1503 2175 1544; x_wconf 85' lang='lat' dir='ltr'>quaerunt.</span> <span class='ocrx_word' id='word_1_671' title='bbox 2210 1503 2332 1544; x_wconf 83' lang='lat' dir='ltr'>Neque·</span> 
     </span>
     <span class='ocr_line' id='line_1_84' title="bbox 1265 1560 2327 1604; baseline -0.001 -8"><span class='ocrx_word' id='word_1_672' title='bbox 1265 1562 1353 1596; x_wconf 90' lang='lat' dir='ltr'>enim</span> <span class='ocrx_word' id='word_1_673' title='bbox 1368 1561 1521 1595; x_wconf 88' lang='lat' dir='ltr'>homines</span> <span class='ocrx_word' id='word_1_674' title='bbox 1549 1560 1687 1594; x_wconf 84' lang='lat' dir='ltr'>virtutis</span> <span class='ocrx_word' id='word_1_675' title='bbox 1704 1561 1862 1594; x_wconf 85' lang='lat' dir='ltr'>beneficio</span> <span class='ocrx_word' id='word_1_676' title='bbox 1875 1560 2043 1603; x_wconf 74' lang='lat' dir='ltr'>Jucundus</span> <span class='ocrx_word' id='word_1_677' title='bbox 2064 1563 2242 1604; x_wconf 89' lang='lat' dir='ltr'>quaerunt,</span> <span class='ocrx_word' id='word_1_678' title='bbox 2263 1571 2327 1595; x_wconf 80' lang='lat' dir='ltr'>ne-</span> 
     </span>
     <span class='ocr_line' id='line_1_85' title="bbox 1264 1620 2328 1666; baseline 0.001 -11"><span class='ocrx_word' id='word_1_679' title='bbox 1264 1631 1331 1666; x_wconf 84' lang='lat' dir='ltr'>que</span> <span class='ocrx_word' id='word_1_680' title='bbox 1347 1631 1404 1655; x_wconf 88' lang='lat' dir='ltr'>eos</span> <span class='ocrx_word' id='word_1_681' title='bbox 1418 1621 1478 1665; x_wconf 90' lang='lat' dir='ltr'>qui</span> <span class='ocrx_word' id='word_1_682' title='bbox 1495 1620 1539 1654; x_wconf 86' lang='lat' dir='ltr'>ad</span> <span class='ocrx_word' id='word_1_683' title='bbox 1555 1630 1610 1654; x_wconf 88' lang='lat' dir='ltr'>res</span> <span class='ocrx_word' id='word_1_684' title='bbox 1626 1621 1784 1654; x_wconf 90' lang='lat' dir='ltr'>honestas</span> <span class='ocrx_word' id='word_1_685' title='bbox 1803 1623 1881 1654; x_wconf 93' lang='lat' dir='ltr'>sunt</span> <span class='ocrx_word' id='word_1_686' title='bbox 1898 1621 2008 1656; x_wconf 86' lang='lat' dir='ltr'>utiles.</span> <span class='ocrx_word' id='word_1_687' title='bbox 2029 1622 2196 1655; x_wconf 78' lang='lat' dir='ltr'>Caeterum</span> <span class='ocrx_word' id='word_1_688' title='bbox 2210 1622 2328 1656; x_wconf 82' lang='lat' dir='ltr'>facetis</span> 
     </span>
     <span class='ocr_line' id='line_1_86' title="bbox 1265 1682 2327 1726; baseline 0 -10"><span class='ocrx_word' id='word_1_689' title='bbox 1265 1683 1401 1726; x_wconf 90' lang='lat' dir='ltr'>quidem</span> <span class='ocrx_word' id='word_1_690' title='bbox 1431 1682 1613 1725; x_wconf 88' lang='lat' dir='ltr'>voluptatis</span> <span class='ocrx_word' id='word_1_691' title='bbox 1639 1691 1740 1715; x_wconf 88' lang='lat' dir='ltr'>causa</span> <span class='ocrx_word' id='word_1_692' title='bbox 1768 1683 1928 1721; x_wconf 88' lang='lat' dir='ltr'>utuntur,</span> <span class='ocrx_word' id='word_1_693' title='bbox 1965 1682 2157 1716; x_wconf 85' lang='lat' dir='ltr'>sollertibus</span> <span class='ocrx_word' id='word_1_694' title='bbox 2182 1692 2263 1716; x_wconf 90' lang='lat' dir='ltr'>vero</span> <span class='ocrx_word' id='word_1_695' title='bbox 2284 1683 2327 1716; x_wconf 90' lang='lat' dir='ltr'>ob</span> 
     </span>
     <span class='ocr_line' id='line_1_87' title="bbox 1265 1742 2327 1787; baseline -0.001 -10"><span class='ocrx_word' id='word_1_696' title='bbox 1265 1743 1548 1782; x_wconf 86' lang='lat' dir='ltr'>emolumentum,</span> <span class='ocrx_word' id='word_1_697' title='bbox 1583 1744 1697 1785; x_wconf 84' lang='lat' dir='ltr'>utpote</span> <span class='ocrx_word' id='word_1_698' title='bbox 1735 1742 1795 1786; x_wconf 91' lang='lat' dir='ltr'>qui</span> <span class='ocrx_word' id='word_1_699' title='bbox 1823 1742 1986 1785; x_wconf 88' lang='lat' dir='ltr'>imperata</span> <span class='ocrx_word' id='word_1_700' title='bbox 2027 1743 2169 1786; x_wconf 86' lang='lat' dir='ltr'>impigre</span> <span class='ocrx_word' id='word_1_701' title='bbox 2189 1744 2327 1787; x_wconf 82' lang='lat' dir='ltr'>exsequi</span> 
     </span>
     <span class='ocr_line' id='line_1_88' title="bbox 1265 1802 2334 1848; baseline 0.002 -12"><span class='ocrx_word' id='word_1_702' title='bbox 1265 1804 1392 1837; x_wconf 86' lang='lat' dir='ltr'>soleant</span> <span class='ocrx_word' id='word_1_703' title='bbox 1412 1817 1421 1837; x_wconf 73' lang='grc' dir='ltr'>ι</span> <span class='ocrx_word' id='word_1_704' title='bbox 1442 1804 1517 1836; x_wconf 85' lang='lat' dir='ltr'>haec</span> <span class='ocrx_word' id='word_1_705' title='bbox 1535 1805 1648 1837; x_wconf 87' lang='lat' dir='ltr'>autem</span> <span class='ocrx_word' id='word_1_706' title='bbox 1677 1812 1742 1836; x_wconf 91' lang='lat' dir='ltr'>non</span> <span class='ocrx_word' id='word_1_707' title='bbox 1768 1802 1872 1837; x_wconf 83' lang='lat' dir='ltr'>ferme</span> <span class='ocrx_word' id='word_1_708' title='bbox 1893 1803 1928 1836; x_wconf 90' lang='lat' dir='ltr'>in</span> <span class='ocrx_word' id='word_1_709' title='bbox 1951 1803 2068 1837; x_wconf 86' lang='lat' dir='ltr'>eodem</span> <span class='ocrx_word' id='word_1_710' title='bbox 2100 1805 2199 1838; x_wconf 91' lang='lat' dir='ltr'>simul</span> <span class='ocrx_word' id='word_1_711' title='bbox 2231 1814 2334 1848; x_wconf 72' lang='lat' dir='ltr'>repe--v</span> 
     </span>
     <span class='ocr_line' id='line_1_89' title="bbox 1264 1863 2325 1906; baseline 0 -8"><span class='ocrx_word' id='word_1_712' title='bbox 1264 1864 1409 1898; x_wconf 90' lang='lat' dir='ltr'>riuntur.</span> <span class='ocrx_word' id='word_1_713' title='bbox 1437 1863 1614 1897; x_wconf 87' lang='lat' dir='ltr'>Jucundus</span> <span class='ocrx_word' id='word_1_714' title='bbox 1631 1863 1719 1897; x_wconf 89' lang='lat' dir='ltr'>enim</span> <span class='ocrx_word' id='word_1_715' title='bbox 1739 1864 1839 1897; x_wconf 85' lang='lat' dir='ltr'>simul</span> <span class='ocrx_word' id='word_1_716' title='bbox 1856 1866 1892 1897; x_wconf 90' lang='lat' dir='ltr'>et</span> <span class='ocrx_word' id='word_1_717' title='bbox 1913 1864 2007 1897; x_wconf 90' lang='lat' dir='ltr'>utilis</span> <span class='ocrx_word' id='word_1_718' title='bbox 2020 1890 2028 1906; x_wconf 93' lang='lat'>,</span> <span class='ocrx_word' id='word_1_719' title='bbox 2049 1864 2136 1898; x_wconf 87' lang='lat' dir='ltr'>sicut</span> <span class='ocrx_word' id='word_1_720' title='bbox 2159 1865 2325 1905; x_wconf 84' lang='lat' dir='ltr'>diximus,</span> 
     </span>
     <span class='ocr_line' id='line_1_90' title="bbox 1264 1924 2329 1968; baseline -0.001 -9"><span class='ocrx_word' id='word_1_721' title='bbox 1264 1926 1317 1959; x_wconf 86' lang='lat' dir='ltr'>est</span> <span class='ocrx_word' id='word_1_722' title='bbox 1341 1925 1394 1958; x_wconf 83' lang='lat' dir='ltr'>vir</span> <span class='ocrx_word' id='word_1_723' title='bbox 1421 1924 1547 1965; x_wconf 90' lang='lat' dir='ltr'>bonus,</span> <span class='ocrx_word' id='word_1_724' title='bbox 1577 1924 1637 1967; x_wconf 93' lang='lat' dir='ltr'>qui</span> <span class='ocrx_word' id='word_1_725' title='bbox 1665 1924 1792 1957; x_wconf 85' lang='lat' dir='ltr'>homiui</span> <span class='ocrx_word' id='word_1_726' title='bbox 1821 1924 1981 1967; x_wconf 84' lang='lat' dir='ltr'>dignitate</span> <span class='ocrx_word' id='word_1_727' title='bbox 2004 1934 2043 1958; x_wconf 91' lang='lat' dir='ltr'>ac</span> <span class='ocrx_word' id='word_1_728' title='bbox 2064 1925 2212 1968; x_wconf 87' lang='lat' dir='ltr'>potentia</span> <span class='ocrx_word' id='word_1_729' title='bbox 2241 1935 2329 1968; x_wconf 85' lang='lat' dir='ltr'>prae-</span> 
     </span>
     <span class='ocr_line' id='line_1_91' title="bbox 1265 1983 2325 2028; baseline -0.001 -10"><span class='ocrx_word' id='word_1_730' title='bbox 1265 1984 1366 2018; x_wconf 86' lang='lat' dir='ltr'>stanti</span> <span class='ocrx_word' id='word_1_731' title='bbox 1382 1994 1448 2018; x_wconf 90' lang='lat' dir='ltr'>non</span> <span class='ocrx_word' id='word_1_732' title='bbox 1463 1983 1559 2017; x_wconf 87' lang='lat' dir='ltr'>facile</span> <span class='ocrx_word' id='word_1_733' title='bbox 1582 1983 1618 2016; x_wconf 83' lang='lat' dir='ltr'>fit</span> <span class='ocrx_word' id='word_1_734' title='bbox 1637 1984 1782 2023; x_wconf 87' lang='lat' dir='ltr'>amicus,</span> <span class='ocrx_word' id='word_1_735' title='bbox 1799 1984 1863 2018; x_wconf 91' lang='lat' dir='ltr'>nisi</span> <span class='ocrx_word' id='word_1_736' title='bbox 1883 1985 1938 2018; x_wconf 89' lang='lat' dir='ltr'>ille</span> <span class='ocrx_word' id='word_1_737' title='bbox 1956 1984 2061 2018; x_wconf 88' lang='lat' dir='ltr'>etiam</span> <span class='ocrx_word' id='word_1_738' title='bbox 2083 1985 2210 2018; x_wconf 88' lang='lat' dir='ltr'>virtute</span> <span class='ocrx_word' id='word_1_739' title='bbox 2227 1994 2325 2028; x_wconf 88' lang='lat' dir='ltr'>supe·</span> 
     </span>
     <span class='ocr_line' id='line_1_92' title="bbox 1263 2044 2328 2088; baseline 0.001 -10"><span class='ocrx_word' id='word_1_740' title='bbox 1263 2047 1370 2084; x_wconf 86' lang='lat' dir='ltr'>ratur,</span> <span class='ocrx_word' id='word_1_741' title='bbox 1389 2044 1531 2087; x_wconf 89' lang='lat' dir='ltr'>ideoque</span> <span class='ocrx_word' id='word_1_742' title='bbox 1545 2046 1706 2087; x_wconf 87' lang='lat' dir='ltr'>tanquam</span> <span class='ocrx_word' id='word_1_743' title='bbox 1722 2044 1809 2078; x_wconf 83' lang='lat' dir='ltr'>bono</span> <span class='ocrx_word' id='word_1_744' title='bbox 1826 2045 1898 2078; x_wconf 88' lang='lat' dir='ltr'>viro</span> <span class='ocrx_word' id='word_1_745' title='bbox 1912 2054 1947 2078; x_wconf 86' lang='lat' dir='ltr'>se</span> <span class='ocrx_word' id='word_1_746' title='bbox 1963 2045 2144 2084; x_wconf 85' lang='lat' dir='ltr'>submittit,</span> <span class='ocrx_word' id='word_1_747' title='bbox 2161 2047 2328 2088; x_wconf 88' lang='lat' dir='ltr'>quatenus</span> 
     </span>
     <span class='ocr_line' id='line_1_93' title="bbox 1264 2105 2327 2148; baseline 0 -9"><span class='ocrx_word' id='word_1_748' title='bbox 1264 2114 1341 2139; x_wconf 84' lang='lat' dir='ltr'>eum</span> <span class='ocrx_word' id='word_1_749' title='bbox 1370 2114 1431 2138; x_wconf 91' lang='lat' dir='ltr'>suo</span> <span class='ocrx_word' id='word_1_750' title='bbox 1452 2105 1583 2148; x_wconf 79' lang='lat' dir='ltr'>fastigio</span> <span class='ocrx_word' id='word_1_751' title='bbox 1607 2105 1779 2138; x_wconf 89' lang='lat' dir='ltr'>meliorem</span> <span class='ocrx_word' id='word_1_752' title='bbox 1808 2105 1948 2148; x_wconf 78' lang='lat' dir='ltr'>Judicat.</span> <span class='ocrx_word' id='word_1_753' title='bbox 1985 2107 2037 2138; x_wconf 87' lang='lat' dir='ltr'>Ita</span> <span class='ocrx_word' id='word_1_754' title='bbox 2061 2105 2150 2138; x_wconf 91' lang='lat' dir='ltr'>enim</span> <span class='ocrx_word' id='word_1_755' title='bbox 2180 2106 2327 2148; x_wconf 82' lang='lat' dir='ltr'>aequabit</span> 
     </span>
     <span class='ocr_line' id='line_1_94' title="bbox 1264 2167 2325 2210; baseline -0.001 -9"><span class='ocrx_word' id='word_1_756' title='bbox 1264 2177 1342 2210; x_wconf 88' lang='lat' dir='ltr'>eum</span> <span class='ocrx_word' id='word_1_757' title='bbox 1362 2167 1420 2210; x_wconf 93' lang='lat' dir='ltr'>qui</span> <span class='ocrx_word' id='word_1_758' title='bbox 1440 2167 1602 2210; x_wconf 84' lang='lat' dir='ltr'>dignitate</span> <span class='ocrx_word' id='word_1_759' title='bbox 1623 2167 1785 2209; x_wconf 85' lang='lat' dir='ltr'>praecellit</span> <span class='ocrx_word' id='word_1_760' title='bbox 1816 2167 1869 2200; x_wconf 85' lang='lat' dir='ltr'>vir</span> <span class='ocrx_word' id='word_1_761' title='bbox 1892 2167 2010 2209; x_wconf 85' lang='lat' dir='ltr'>bonus,</span> <span class='ocrx_word' id='word_1_762' title='bbox 2033 2167 2061 2200; x_wconf 87' lang='lat' dir='ltr'>si</span> <span class='ocrx_word' id='word_1_763' title='bbox 2088 2177 2150 2210; x_wconf 87' lang='lat' dir='ltr'>pro</span> <span class='ocrx_word' id='word_1_764' title='bbox 2174 2168 2325 2210; x_wconf 87' lang='lat' dir='ltr'>portione</span> 
     </span>
     <span class='ocr_line' id='line_1_95' title="bbox 1263 2228 2326 2271; baseline -0.001 -9"><span class='ocrx_word' id='word_1_765' title='bbox 1263 2230 1298 2262; x_wconf 88' lang='lat' dir='ltr'>et</span> <span class='ocrx_word' id='word_1_766' title='bbox 1316 2229 1450 2270; x_wconf 88' lang='lat' dir='ltr'>superet</span> <span class='ocrx_word' id='word_1_767' title='bbox 1472 2229 1506 2260; x_wconf 88' lang='lat' dir='ltr'>et</span> <span class='ocrx_word' id='word_1_768' title='bbox 1525 2230 1700 2270; x_wconf 89' lang='lat' dir='ltr'>superetur</span> <span class='ocrx_word' id='word_1_769' title='bbox 1725 2240 1732 2260; x_wconf 90' lang='lat'><strong>:</strong></span> <span class='ocrx_word' id='word_1_770' title='bbox 1752 2237 1829 2260; x_wconf 87' lang='lat' dir='ltr'>nam</span> <span class='ocrx_word' id='word_1_771' title='bbox 1853 2237 1960 2270; x_wconf 90' lang='lat' dir='ltr'>quum</span> <span class='ocrx_word' id='word_1_772' title='bbox 1980 2228 2176 2271; x_wconf 85' lang='lat' dir='ltr'>aequaverit,</span> <span class='ocrx_word' id='word_1_773' title='bbox 2198 2229 2326 2261; x_wconf 83' lang='lat' dir='ltr'>amicus</span> 
     </span>
     <span class='ocr_line' id='line_1_96' title="bbox 1263 2287 2326 2331; baseline -0.001 -9"><span class='ocrx_word' id='word_1_774' title='bbox 1263 2289 1337 2327; x_wconf 90' lang='lat' dir='ltr'>erit,</span> <span class='ocrx_word' id='word_1_775' title='bbox 1352 2289 1400 2321; x_wconf 83' lang='lat' dir='ltr'>sin</span> <span class='ocrx_word' id='word_1_776' title='bbox 1409 2289 1521 2320; x_wconf 89' lang='lat' dir='ltr'>autem</span> <span class='ocrx_word' id='word_1_777' title='bbox 1535 2297 1574 2321; x_wconf 92' lang='lat' dir='ltr'>eo</span> <span class='ocrx_word' id='word_1_778' title='bbox 1586 2287 1685 2321; x_wconf 84' lang='lat' dir='ltr'>modo</span> <span class='ocrx_word' id='word_1_779' title='bbox 1694 2297 1758 2320; x_wconf 90' lang='lat' dir='ltr'>non</span> <span class='ocrx_word' id='word_1_780' title='bbox 1769 2288 1964 2331; x_wconf 85' lang='lat' dir='ltr'>aequaverit,</span> <span class='ocrx_word' id='word_1_781' title='bbox 1979 2297 2044 2321; x_wconf 89' lang='lat' dir='ltr'>non</span> <span class='ocrx_word' id='word_1_782' title='bbox 2055 2288 2118 2321; x_wconf 88' lang='lat' dir='ltr'>erit</span> <span class='ocrx_word' id='word_1_783' title='bbox 2134 2301 2142 2322; x_wconf 91' lang='lat'>:</span> <span class='ocrx_word' id='word_1_784' title='bbox 2156 2288 2236 2331; x_wconf 86' lang='lat' dir='ltr'>quia</span> <span class='ocrx_word' id='word_1_785' title='bbox 2246 2298 2326 2321; x_wconf 85' lang='lat' dir='ltr'>vero</span> 
     </span>
     <span class='ocr_line' id='line_1_97' title="bbox 1263 2350 2326 2394; baseline -0.001 -10"><span class='ocrx_word' id='word_1_786' title='bbox 1263 2351 1414 2384; x_wconf 89' lang='lat' dir='ltr'>homines</span> <span class='ocrx_word' id='word_1_787' title='bbox 1428 2350 1628 2383; x_wconf 87' lang='lat' dir='ltr'>auctoritate</span> <span class='ocrx_word' id='word_1_788' title='bbox 1641 2350 1754 2394; x_wconf 83' lang='lat' dir='ltr'>aliqua</span> <span class='ocrx_word' id='word_1_789' title='bbox 1770 2352 1804 2384; x_wconf 90' lang='lat' dir='ltr'>et</span> <span class='ocrx_word' id='word_1_790' title='bbox 1822 2350 1971 2393; x_wconf 87' lang='lat' dir='ltr'>potentia</span> <span class='ocrx_word' id='word_1_791' title='bbox 1990 2350 2122 2393; x_wconf 80' lang='lat' dir='ltr'>praedili</span> <span class='ocrx_word' id='word_1_792' title='bbox 2139 2360 2204 2383; x_wconf 90' lang='lat' dir='ltr'>non</span> <span class='ocrx_word' id='word_1_793' title='bbox 2223 2350 2326 2384; x_wconf 85' lang='lat' dir='ltr'>ferme</span> 
     </span>
     <span class='ocr_line' id='line_1_98' title="bbox 1263 2409 2318 2453; baseline 0 -9"><span class='ocrx_word' id='word_1_794' title='bbox 1263 2411 1349 2445; x_wconf 84' lang='lat' dir='ltr'>tales</span> <span class='ocrx_word' id='word_1_795' title='bbox 1366 2412 1465 2449; x_wconf 89' lang='lat' dir='ltr'>sunt,</span> <span class='ocrx_word' id='word_1_796' title='bbox 1486 2409 1609 2443; x_wconf 86' lang='lat' dir='ltr'>idcirco</span> <span class='ocrx_word' id='word_1_797' title='bbox 1624 2419 1666 2444; x_wconf 89' lang='lat' dir='ltr'>ne</span> <span class='ocrx_word' id='word_1_798' title='bbox 1684 2410 1783 2443; x_wconf 74' lang='lat' dir='ltr'>amIci</span> <span class='ocrx_word' id='word_1_799' title='bbox 1801 2410 1939 2453; x_wconf 85' lang='lat' dir='ltr'>quidem</span> <span class='ocrx_word' id='word_1_800' title='bbox 1959 2410 2027 2444; x_wconf 89' lang='lat' dir='ltr'>illis</span> <span class='ocrx_word' id='word_1_801' title='bbox 2041 2412 2120 2444; x_wconf 86' lang='lat' dir='ltr'>sunt</span> <span class='ocrx_word' id='word_1_802' title='bbox 2140 2411 2204 2445; x_wconf 88' lang='lat' dir='ltr'>viri</span> <span class='ocrx_word' id='word_1_803' title='bbox 2230 2411 2318 2445; x_wconf 91' lang='lat' dir='ltr'>boni.</span> 
     </span>
    </p>
   </div>
   <div class='ocr_carea' id='block_1_23' title="bbox 1715 2575 1876 2619">
    <p class='ocr_par' dir='ltr' id='par_1_26' title="bbox 1715 2575 1876 2619">
     <span class='ocr_line' id='line_1_99' title="bbox 1715 2575 1876 2619; baseline 0.006 -10"><span class='ocrx_word' id='word_1_804' title='bbox 1715 2575 1796 2619; x_wconf 83' lang='lat' dir='ltr'>Gap.</span> <span class='ocrx_word' id='word_1_805' title='bbox 1820 2577 1876 2610; x_wconf 87' lang='lat' dir='ltr'>IX.</span> 
     </span>
    </p>
   </div>
   <div class='ocr_carea' id='block_1_24' title="bbox 1265 2658 2339 2797">
    <p class='ocr_par' dir='ltr' id='par_1_27' title="bbox 1265 2658 2339 2797">
     <span class='ocr_line' id='line_1_100' title="bbox 1265 2658 2339 2710; baseline -0.003 -7"><span class='ocrx_word' id='word_1_806' title='bbox 1265 2675 1307 2703; x_wconf 89' lang='lat' dir='ltr'>De</span> <span class='ocrx_word' id='word_1_807' title='bbox 1316 2672 1456 2710; x_wconf 63' lang='lat' dir='ltr'>,iucunda</span> <span class='ocrx_word' id='word_1_808' title='bbox 1469 2673 1500 2702; x_wconf 85' lang='lat' dir='ltr'>et</span> <span class='ocrx_word' id='word_1_809' title='bbox 1512 2671 1581 2701; x_wconf 86' lang='lat' dir='ltr'>utili</span> <span class='ocrx_word' id='word_1_810' title='bbox 1599 2671 1743 2707; x_wconf 87' lang='lat' dir='ltr'>amicitia,</span> <span class='ocrx_word' id='word_1_811' title='bbox 1760 2679 1810 2701; x_wconf 87' lang='lat' dir='ltr'>eas</span> <span class='ocrx_word' id='word_1_812' title='bbox 1823 2671 1967 2702; x_wconf 86' lang='lat' dir='ltr'>videlicet</span> <span class='ocrx_word' id='word_1_813' title='bbox 1984 2678 2020 2701; x_wconf 84' lang='lat' dir='ltr'>ex</span> <span class='ocrx_word' id='word_1_814' title='bbox 2037 2673 2124 2710; x_wconf 84' lang='lat' dir='ltr'>parte</span> <span class='ocrx_word' id='word_1_815' title='bbox 2142 2678 2206 2701; x_wconf 85' lang='lat' dir='ltr'>esse</span> <span class='ocrx_word' id='word_1_816' title='bbox 2226 2658 2339 2701; x_wconf 52' lang='lat' dir='ltr'>amici?</span> 
     </span>
     <span class='ocr_line' id='line_1_101' title="bbox 1298 2718 2326 2758; baseline 0 -9"><span class='ocrx_word' id='word_1_817' title='bbox 1298 2720 1366 2754; x_wconf 82' lang='lat' dir='ltr'>tias,</span> <span class='ocrx_word' id='word_1_818' title='bbox 1381 2721 1515 2756; x_wconf 86' lang='lat' dir='ltr'>exparte</span> <span class='ocrx_word' id='word_1_819' title='bbox 1528 2726 1591 2748; x_wconf 89' lang='lat' dir='ltr'>uon</span> <span class='ocrx_word' id='word_1_820' title='bbox 1607 2726 1671 2748; x_wconf 81' lang='lat' dir='ltr'>esse</span> <span class='ocrx_word' id='word_1_821' title='bbox 1692 2727 1701 2746; x_wconf 72' lang='grc' dir='ltr'><strong>ε</strong></span> <span class='ocrx_word' id='word_1_822' title='bbox 1718 2719 1792 2748; x_wconf 86' lang='lat' dir='ltr'>item</span> <span class='ocrx_word' id='word_1_823' title='bbox 1809 2718 1848 2748; x_wconf 88' lang='lat' dir='ltr'>de</span> <span class='ocrx_word' id='word_1_824' title='bbox 1867 2719 1998 2750; x_wconf 78' lang='lat' dir='ltr'>amicitia</span> <span class='ocrx_word' id='word_1_825' title='bbox 2009 2741 2016 2755; x_wconf 91' lang='lat'><em>,</em></span> <span class='ocrx_word' id='word_1_826' title='bbox 2037 2727 2106 2758; x_wconf 85' lang='lat' dir='ltr'>quae</span> <span class='ocrx_word' id='word_1_827' title='bbox 2122 2719 2154 2748; x_wconf 90' lang='lat' dir='ltr'>in</span> <span class='ocrx_word' id='word_1_828' title='bbox 2175 2718 2326 2749; x_wconf 78' lang='lat' dir='ltr'>excellen-</span> 
     </span>
     <span class='ocr_line' id='line_1_102' title="bbox 1301 2767 1505 2797; baseline 0 0"><span class='ocrx_word' id='word_1_829' title='bbox 1301 2767 1344 2797; x_wconf 85' lang='lat' dir='ltr'>tia</span> <span class='ocrx_word' id='word_1_830' title='bbox 1357 2767 1505 2797; x_wconf 85' lang='lat' dir='ltr'>cernitur.</span> 
     </span>
    </p>
   </div>
   <div class='ocr_carea' id='block_1_25' title="bbox 1262 2881 2325 3349">
    <p class='ocr_par' dir='ltr' id='par_1_28' title="bbox 1262 2881 2325 3349">
     <span class='ocr_line' id='line_1_103' title="bbox 1305 2881 2319 2925; baseline -0.002 -8"><span class='ocrx_word' id='word_1_831' title='bbox 1305 2885 1430 2918; x_wconf 85' lang='lat' dir='ltr'>Omnes</span> <span class='ocrx_word' id='word_1_832' title='bbox 1451 2882 1564 2925; x_wconf 88' lang='lat' dir='ltr'>igitur,</span> <span class='ocrx_word' id='word_1_833' title='bbox 1583 2890 1669 2925; x_wconf 88' lang='lat' dir='ltr'>quas</span> <span class='ocrx_word' id='word_1_834' title='bbox 1691 2881 2042 2922; x_wconf 62' lang='lat' dir='ltr'>commemoravimus,</span> <span class='ocrx_word' id='word_1_835' title='bbox 2075 2881 2232 2917; x_wconf 81' lang='lat' dir='ltr'>amicitiae</span> <span class='ocrx_word' id='word_1_836' title='bbox 2249 2891 2319 2925; x_wconf 78' lang='lat' dir='ltr'>spe-</span> 
     </span>
     <span class='ocr_line' id='line_1_104' title="bbox 1263 2940 2323 2986; baseline -0.001 -9"><span class='ocrx_word' id='word_1_837' title='bbox 1263 2944 1331 2977; x_wconf 87' lang='lat' dir='ltr'>cies</span> <span class='ocrx_word' id='word_1_838' title='bbox 1345 2944 1380 2977; x_wconf 92' lang='lat' dir='ltr'>in</span> <span class='ocrx_word' id='word_1_839' title='bbox 1405 2943 1599 2986; x_wconf 79' lang='lat' dir='ltr'>aequalitate</span> <span class='ocrx_word' id='word_1_840' title='bbox 1615 2942 1812 2976; x_wconf 82' lang='lat' dir='ltr'>consistunt.</span> <span class='ocrx_word' id='word_1_841' title='bbox 1843 2942 1972 2976; x_wconf 88' lang='lat' dir='ltr'>Eadem</span> <span class='ocrx_word' id='word_1_842' title='bbox 2000 2940 2089 2975; x_wconf 87' lang='lat' dir='ltr'>enim</span> <span class='ocrx_word' id='word_1_843' title='bbox 2109 2942 2173 2975; x_wconf 86' lang='lat' dir='ltr'>sibi</span> <span class='ocrx_word' id='word_1_844' title='bbox 2203 2945 2323 2976; x_wconf 77' lang='lat' dir='ltr'>mutuo</span> 
     </span>
     <span class='ocr_line' id='line_1_105' title="bbox 1264 2999 2325 3049; baseline -0.002 -12"><span class='ocrx_word' id='word_1_845' title='bbox 1264 3005 1426 3049; x_wconf 84' lang='lat' dir='ltr'>praestant</span> <span class='ocrx_word' id='word_1_846' title='bbox 1447 3003 1561 3043; x_wconf 88' lang='lat' dir='ltr'>amici,</span> <span class='ocrx_word' id='word_1_847' title='bbox 1593 3003 1776 3046; x_wconf 85' lang='lat' dir='ltr'>eademque</span> <span class='ocrx_word' id='word_1_848' title='bbox 1801 3004 1978 3046; x_wconf 83' lang='lat' dir='ltr'>exoptant,</span> <span class='ocrx_word' id='word_1_849' title='bbox 2005 3003 2065 3035; x_wconf 86' lang='lat' dir='ltr'>aut</span> <span class='ocrx_word' id='word_1_850' title='bbox 2083 2999 2227 3035; x_wconf 87' lang='lat' dir='ltr'>alterum</span> <span class='ocrx_word' id='word_1_851' title='bbox 2249 3012 2325 3036; x_wconf 89' lang='lat' dir='ltr'>cum</span> 
     </span>
     <span class='ocr_line' id='line_1_106' title="bbox 1264 3061 2322 3107; baseline -0.004 -9"><span class='ocrx_word' id='word_1_852' title='bbox 1264 3066 1370 3099; x_wconf 90' lang='lat' dir='ltr'>altero</span> <span class='ocrx_word' id='word_1_853' title='bbox 1395 3065 1603 3097; x_wconf 85' lang='lat' dir='ltr'>commutant</span> <span class='ocrx_word' id='word_1_854' title='bbox 1617 3090 1626 3103; x_wconf 86' lang='lat'>,</span> <span class='ocrx_word' id='word_1_855' title='bbox 1658 3072 1796 3107; x_wconf 82' lang='lat' dir='ltr'>oequum</span> <span class='ocrx_word' id='word_1_856' title='bbox 1827 3072 1906 3096; x_wconf 90' lang='lat' dir='ltr'>cum</span> <span class='ocrx_word' id='word_1_857' title='bbox 1942 3071 2060 3105; x_wconf 75' lang='lat' dir='ltr'>aequo,</span> <span class='ocrx_word' id='word_1_858' title='bbox 2092 3061 2184 3095; x_wconf 87' lang='lat' dir='ltr'>verbi</span> <span class='ocrx_word' id='word_1_859' title='bbox 2217 3062 2322 3104; x_wconf 81' lang='lat' dir='ltr'>gratia</span> 
     </span>
     <span class='ocr_line' id='line_1_107' title="bbox 1265 3122 2325 3168; baseline -0.005 -9"><span class='ocrx_word' id='word_1_860' title='bbox 1265 3125 1473 3168; x_wconf 90' lang='lat' dir='ltr'>voluptatem</span> <span class='ocrx_word' id='word_1_861' title='bbox 1488 3133 1566 3158; x_wconf 90' lang='lat' dir='ltr'>cum</span> <span class='ocrx_word' id='word_1_862' title='bbox 1591 3124 1739 3158; x_wconf 87' lang='lat' dir='ltr'>utilitate</span> <span class='ocrx_word' id='word_1_863' title='bbox 1759 3135 1766 3157; x_wconf 92' lang='lat'><strong>:</strong></span> <span class='ocrx_word' id='word_1_864' title='bbox 1786 3133 1872 3167; x_wconf 84' lang='lat' dir='ltr'>quas</span> <span class='ocrx_word' id='word_1_865' title='bbox 1886 3123 2024 3167; x_wconf 91' lang='lat' dir='ltr'>quidem</span> <span class='ocrx_word' id='word_1_866' title='bbox 2054 3122 2180 3165; x_wconf 83' lang='lat' dir='ltr'>species</span> <span class='ocrx_word' id='word_1_867' title='bbox 2201 3124 2234 3154; x_wconf 92' lang='lat' dir='ltr'>et</span> <span class='ocrx_word' id='word_1_868' title='bbox 2258 3122 2325 3155; x_wconf 90' lang='lat' dir='ltr'>mi-</span> 
     </span>
     <span class='ocr_line' id='line_1_108' title="bbox 1267 3182 2321 3229; baseline -0.005 -10"><span class='ocrx_word' id='word_1_869' title='bbox 1267 3195 1332 3219; x_wconf 86' lang='lat' dir='ltr'>nus</span> <span class='ocrx_word' id='word_1_870' title='bbox 1349 3195 1421 3219; x_wconf 89' lang='lat' dir='ltr'>esse</span> <span class='ocrx_word' id='word_1_871' title='bbox 1448 3185 1612 3219; x_wconf 82' lang='lat' dir='ltr'>amicitias</span> <span class='ocrx_word' id='word_1_872' title='bbox 1632 3195 1733 3229; x_wconf 89' lang='lat' dir='ltr'>quam</span> <span class='ocrx_word' id='word_1_873' title='bbox 1761 3187 1900 3218; x_wconf 85' lang='lat' dir='ltr'>caeteras</span> <span class='ocrx_word' id='word_1_874' title='bbox 1930 3186 1964 3217; x_wconf 89' lang='lat' dir='ltr'>et</span> <span class='ocrx_word' id='word_1_875' title='bbox 1991 3183 2102 3216; x_wconf 91' lang='lat' dir='ltr'>minus</span> <span class='ocrx_word' id='word_1_876' title='bbox 2126 3182 2321 3220; x_wconf 84' lang='lat' dir='ltr'>diuturnas,</span> 
     </span>
     <span class='ocr_line' id='line_1_109' title="bbox 1262 3242 2324 3288; baseline -0.005 -9"><span class='ocrx_word' id='word_1_877' title='bbox 1262 3246 1333 3288; x_wconf 86' lang='lat' dir='ltr'>jam</span> <span class='ocrx_word' id='word_1_878' title='bbox 1351 3245 1508 3279; x_wconf 83' lang='lat' dir='ltr'>diximus.</span> <span class='ocrx_word' id='word_1_879' title='bbox 1532 3247 1621 3279; x_wconf 82' lang='lat' dir='ltr'>Inter</span> <span class='ocrx_word' id='word_1_880' title='bbox 1641 3254 1697 3279; x_wconf 87' lang='lat' dir='ltr'>eas</span> <span class='ocrx_word' id='word_1_881' title='bbox 1715 3247 1828 3278; x_wconf 83' lang='lat' dir='ltr'>autem</span> <span class='ocrx_word' id='word_1_882' title='bbox 1860 3243 2024 3278; x_wconf 86' lang='lat' dir='ltr'>amicitias</span> <span class='ocrx_word' id='word_1_883' title='bbox 2039 3252 2116 3285; x_wconf 84' lang='lat' dir='ltr'>quae</span> <span class='ocrx_word' id='word_1_884' title='bbox 2135 3242 2178 3275; x_wconf 93' lang='lat' dir='ltr'>ob</span> <span class='ocrx_word' id='word_1_885' title='bbox 2196 3242 2324 3275; x_wconf 84' lang='lat' dir='ltr'>emolu-</span> 
     </span>
     <span class='ocr_line' id='line_1_110' title="bbox 1265 3303 2324 3349; baseline -0.005 -10"><span class='ocrx_word' id='word_1_886' title='bbox 1265 3307 1417 3340; x_wconf 85' lang='lat' dir='ltr'>mentum</span> <span class='ocrx_word' id='word_1_887' title='bbox 1433 3307 1467 3339; x_wconf 89' lang='lat' dir='ltr'>et</span> <span class='ocrx_word' id='word_1_888' title='bbox 1483 3314 1561 3349; x_wconf 83' lang='lat' dir='ltr'>quae</span> <span class='ocrx_word' id='word_1_889' title='bbox 1577 3305 1759 3349; x_wconf 84' lang='lat' dir='ltr'>voluptatis</span> <span class='ocrx_word' id='word_1_890' title='bbox 1774 3315 1875 3339; x_wconf 87' lang='lat' dir='ltr'>causa</span> <span class='ocrx_word' id='word_1_891' title='bbox 1898 3304 2123 3338; x_wconf 85' lang='lat' dir='ltr'>instituuntur</span> <span class='ocrx_word' id='word_1_892' title='bbox 2134 3328 2142 3343; x_wconf 94' lang='lat'><strong><em>‚</em></strong></span> <span class='ocrx_word' id='word_1_893' title='bbox 2162 3311 2203 3335; x_wconf 81' lang='lat' dir='ltr'>ex</span> <span class='ocrx_word' id='word_1_894' title='bbox 2230 3303 2324 3345; x_wconf 83' lang='lat' dir='ltr'>parte</span> 
     </span>
    </p>
   </div>
   <div class='ocr_carea' id='block_1_26' title="bbox 58 3449 1350 3502">
    <p class='ocr_par' dir='ltr' id='par_1_29' title="bbox 58 3449 1350 3502">
     <span class='ocr_line' id='line_1_111' title="bbox 58 3449 1350 3502; baseline 0.002 -11"><span class='ocrx_word' id='word_1_895' title='bbox 58 3459 62 3467; x_wconf 70' lang='lat'>&#39;¹</span> <span class='ocrx_word' id='word_1_896' title='bbox 127 3449 179 3499; x_wconf 47' lang='grc' dir='ltr'>μ’,</span> <span class='ocrx_word' id='word_1_897' title='bbox 191 3455 269 3501; x_wconf 57' lang='lat'>*202</span> <span class='ocrx_word' id='word_1_898' title='bbox 284 3458 313 3492; x_wconf 82' lang='grc' dir='ltr'>δ’</span> <span class='ocrx_word' id='word_1_899' title='bbox 329 3457 362 3492; x_wconf 78' lang='grc' dir='ltr'>ἐν</span> <span class='ocrx_word' id='word_1_900' title='bbox 375 3461 449 3496; x_wconf 83' lang='grc' dir='ltr'>ταῖς</span> <span class='ocrx_word' id='word_1_901' title='bbox 463 3457 622 3497; x_wconf 77' lang='grc' dir='ltr'>ἐξουσίαις</span> <span class='ocrx_word' id='word_1_902' title='bbox 639 3460 710 3493; x_wconf 83' lang='grc' dir='ltr'>κτλ.</span> <span class='ocrx_word' id='word_1_903' title='bbox 728 3477 768 3486; x_wconf 94' lang='lat'><em>-</em></span> <span class='ocrx_word' id='word_1_904' title='bbox 790 3459 829 3479; x_wconf 47' lang='grc' dir='ltr'>*Ἰ*</span> <span class='ocrx_word' id='word_1_905' title='bbox 846 3458 923 3493; x_wconf 89' lang='grc' dir='ltr'>Ὂτι</span> <span class='ocrx_word' id='word_1_906' title='bbox 943 3459 978 3494; x_wconf 86' lang='grc' dir='ltr'>δὲ</span> <span class='ocrx_word' id='word_1_907' title='bbox 993 3460 1050 3493; x_wconf 77' lang='grc' dir='ltr'>καὶ</span> <span class='ocrx_word' id='word_1_908' title='bbox 1062 3460 1161 3502; x_wconf 86' lang='grc' dir='ltr'>ἧττόν</span> <span class='ocrx_word' id='word_1_909' title='bbox 1181 3461 1263 3494; x_wconf 81' lang='grc' dir='ltr'>εἰσιν</span> <span class='ocrx_word' id='word_1_910' title='bbox 1279 3462 1350 3495; x_wconf 80' lang='grc' dir='ltr'>κτλ.</span> 
     </span>
    </p>
   </div>
  </div>
 </body>
</html>
