<?xml version="1.0" encoding="UTF-8"?>
<!DOCTYPE html PUBLIC "-//W3C//DTD XHTML 1.0 Transitional//EN"
    "http://www.w3.org/TR/xhtml1/DTD/xhtml1-transitional.dtd">
<html xmlns="http://www.w3.org/1999/xhtml" xml:lang="en" lang="en">
 <head>
  <title>
</title>
<meta http-equiv="Content-Type" content="text/html;charset=utf-8" />
  <meta name='ocr-system' content='tesseract 3.04.00' />
  <meta name='ocr-capabilities' content='ocr_page ocr_carea ocr_par ocr_line ocrx_word'/>
</head>
<body>
  <div class='ocr_page' id='page_1' title='image "./fragmentaphiloso03mulluoft/fragmentaphiloso03mulluoft_0163.png"; bbox 0 0 2528 3788; ppageno 0'>
   <div class='ocr_carea' id='block_1_1' title="bbox 0 0 337 777">
    <p class='ocr_par' dir='ltr' id='par_1_1' title="bbox 0 0 337 777">
     <span class='ocr_line' id='line_1_1' title="bbox 0 0 337 543; baseline 0 -67"><span class='ocrx_word' id='word_1_1' title='bbox 0 0 337 543; x_wconf 95' lang='lat' dir='ltr'>    </span> 
     </span>
     <span class='ocr_line' id='line_1_2' title="bbox 0 543 270 716; baseline 0.022 -61"><span class='ocrx_word' id='word_1_2' title='bbox 0 543 270 716; x_wconf 95' lang='lat' dir='ltr'>   </span> 
     </span>
     <span class='ocr_line' id='line_1_3' title="bbox 0 716 245 777; baseline 0 3011"><span class='ocrx_word' id='word_1_3' title='bbox 0 716 245 777; x_wconf 95' lang='lat' dir='ltr'> </span> 
     </span>
    </p>
   </div>
   <div class='ocr_carea' id='block_1_2' title="bbox 107 395 1203 746">
    <p class='ocr_par' dir='ltr' id='par_1_2' title="bbox 107 388 1203 746">
     <span class='ocr_line' id='line_1_4' title="bbox 223 395 1199 454; baseline -0.005 -17.536"><span class='ocrx_word' id='word_1_4' title='bbox 163 392 226 456; x_wconf 22' lang='grc' dir='ltr'>Ι</span> <span class='ocrx_word' id='word_1_5' title='bbox 250 397 349 447; x_wconf 83' lang='lat' dir='ltr'>mit,</span> <span class='ocrx_word' id='word_1_6' title='bbox 369 405 407 436; x_wconf 89' lang='lat' dir='ltr'>et</span> <span class='ocrx_word' id='word_1_7' title='bbox 419 398 580 449; x_wconf 81' lang='lat' dir='ltr'>spiritus</span> <span class='ocrx_word' id='word_1_8' title='bbox 600 398 677 436; x_wconf 90' lang='lat' dir='ltr'>ictu</span> <span class='ocrx_word' id='word_1_9' title='bbox 697 396 842 435; x_wconf 84' lang='lat' dir='ltr'>doloris</span> <span class='ocrx_word' id='word_1_10' title='bbox 855 395 1046 446; x_wconf 88' lang='lat' dir='ltr'>impulsus</span> <span class='ocrx_word' id='word_1_11' title='bbox 1065 409 1199 446; x_wconf 87' lang='lat' dir='ltr'>quem-</span> 
     </span>
     <span class='ocr_line' id='line_1_5' title="bbox 180 454 1198 509; baseline -0.002 -13"><span class='ocrx_word' id='word_1_12' title='bbox 180 457 189 471; x_wconf 74' lang='lat'>²</span> <span class='ocrx_word' id='word_1_13' title='bbox 276 469 360 496; x_wconf 65' lang='lat' dir='ltr'>mm</span> <span class='ocrx_word' id='word_1_14' title='bbox 403 464 527 495; x_wconf 87' lang='lat' dir='ltr'>totum</span> <span class='ocrx_word' id='word_1_15' title='bbox 578 470 721 509; x_wconf 89' lang='lat' dir='ltr'>corpus</span> <span class='ocrx_word' id='word_1_16' title='bbox 765 456 912 507; x_wconf 87' lang='lat' dir='ltr'>quatit,</span> <span class='ocrx_word' id='word_1_17' title='bbox 945 455 998 493; x_wconf 90' lang='lat' dir='ltr'>ita</span> <span class='ocrx_word' id='word_1_18' title='bbox 1040 454 1198 506; x_wconf 72' lang='lat' dir='ltr'>oculos,</span> 
     </span>
     <span class='ocr_line' id='line_1_6' title="bbox 260 512 1202 567; baseline -0.006 -12.697"><span class='ocrx_word' id='word_1_19' title='bbox 260 513 556 567; x_wconf 42' lang='lat' dir='ltr'>andjacentem</span> <span class='ocrx_word' id='word_1_20' title='bbox 590 516 792 554; x_wconf 86' lang='lat' dir='ltr'>humorem</span> <span class='ocrx_word' id='word_1_21' title='bbox 822 512 1027 566; x_wconf 84' lang='lat' dir='ltr'>perprimit</span> <span class='ocrx_word' id='word_1_22' title='bbox 1064 521 1103 550; x_wconf 91' lang='lat' dir='ltr'>et</span> <span class='ocrx_word' id='word_1_23' title='bbox 1138 525 1202 550; x_wconf 88' lang='lat' dir='ltr'>ex-</span> 
     </span>
     <span class='ocr_line' id='line_1_7' title="bbox 175 535 1202 627; baseline -0.005 -12.808"><span class='ocrx_word' id='word_1_24' title='bbox 175 535 277 614; x_wconf 36' lang='lat' dir='ltr'>‘&#39;ilit.</span> <span class='ocrx_word' id='word_1_25' title='bbox 291 573 362 614; x_wconf 74' lang='lat' dir='ltr'>11ae</span> <span class='ocrx_word' id='word_1_26' title='bbox 377 575 548 614; x_wconf 82' lang='lat' dir='ltr'>lacrimae</span> <span class='ocrx_word' id='word_1_27' title='bbox 565 587 637 627; x_wconf 88' lang='lat' dir='ltr'>per</span> <span class='ocrx_word' id='word_1_28' title='bbox 659 573 860 613; x_wconf 81' lang='lat' dir='ltr'>elisionem</span> <span class='ocrx_word' id='word_1_29' title='bbox 880 572 1045 620; x_wconf 90' lang='lat' dir='ltr'>cadunt,</span> <span class='ocrx_word' id='word_1_30' title='bbox 1064 571 1202 610; x_wconf 90' lang='lat' dir='ltr'>nolen-</span> 
     </span>
     <span class='ocr_line' id='line_1_8' title="bbox 149 616 1202 704; baseline -0.005 -29"><span class='ocrx_word' id='word_1_31' title='bbox 149 616 179 690; x_wconf 33' lang='lat'>⁸2</span> <span class='ocrx_word' id='word_1_32' title='bbox 177 679 223 704; x_wconf 65' lang='lat'>.·‘</span> <span class='ocrx_word' id='word_1_33' title='bbox 223 655 226 666; x_wconf 83' lang='lat'>·</span> <span class='ocrx_word' id='word_1_34' title='bbox 281 633 408 677; x_wconf 81' lang='lat' dir='ltr'>nobis.</span> <span class='ocrx_word' id='word_1_35' title='bbox 434 634 509 673; x_wconf 80' lang='lat' dir='ltr'>Et·</span> <span class='ocrx_word' id='word_1_36' title='bbox 498 648 540 673; x_wconf 89' lang='lat' dir='ltr'>m</span> <span class='ocrx_word' id='word_1_37' title='bbox 557 633 675 673; x_wconf 89' lang='lat' dir='ltr'>Cons.</span> <span class='ocrx_word' id='word_1_38' title='bbox 700 631 749 671; x_wconf 90' lang='lat' dir='ltr'>ad</span> <span class='ocrx_word' id='word_1_39' title='bbox 772 631 886 670; x_wconf 82' lang='lat' dir='ltr'>Helv.</span> <span class='ocrx_word' id='word_1_40' title='bbox 909 644 994 683; x_wconf 89' lang='lat' dir='ltr'>cap.</span> <span class='ocrx_word' id='word_1_41' title='bbox 1026 631 1087 670; x_wconf 86' lang='grc' dir='ltr'>ι6.</span> <span class='ocrx_word' id='word_1_42' title='bbox 1113 631 1202 670; x_wconf 88' lang='lat' dir='ltr'>Scio</span> 
     </span>
     <span class='ocr_line' id='line_1_9' title="bbox 107 684 1203 746; baseline -0.005 -12"><span class='ocrx_word' id='word_1_43' title='bbox 107 733 115 746; x_wconf 55' lang='grc'>,</span> <span class='ocrx_word' id='word_1_44' title='bbox 154 684 173 705; x_wconf 67' lang='lat'><strong>²</strong></span> <span class='ocrx_word' id='word_1_45' title='bbox 221 706 328 734; x_wconf 82' lang='lat' dir='ltr'>non</span> <span class='ocrx_word' id='word_1_46' title='bbox 347 706 432 733; x_wconf 84' lang='lat' dir='ltr'>esse</span> <span class='ocrx_word' id='word_1_47' title='bbox 447 694 487 732; x_wconf 89' lang='lat' dir='ltr'>in</span> <span class='ocrx_word' id='word_1_48' title='bbox 501 702 636 733; x_wconf 89' lang='lat' dir='ltr'>nostra</span> <span class='ocrx_word' id='word_1_49' title='bbox 653 699 857 744; x_wconf 81' lang='lat' dir='ltr'><strong>potestate,</strong></span> <span class='ocrx_word' id='word_1_50' title='bbox 876 704 948 729; x_wconf 90' lang='lat' dir='ltr'>nec</span> <span class='ocrx_word' id='word_1_51' title='bbox 966 690 1092 730; x_wconf 93' lang='lat' dir='ltr'>ullum</span> <span class='ocrx_word' id='word_1_52' title='bbox 1106 691 1203 729; x_wconf 83' lang='lat' dir='ltr'>asse-</span> 
     </span>
    </p>
   </div>
   <div class='ocr_carea' id='block_1_3' title="bbox 1059 307 1391 348">
    <p class='ocr_par' dir='ltr' id='par_1_3' title="bbox 1059 307 1391 348">
     <span class='ocr_line' id='line_1_10' title="bbox 1059 307 1391 348; baseline 0.003 -1"><span class='ocrx_word' id='word_1_53' title='bbox 1059 307 1391 348; x_wconf 79' lang='lat' dir='ltr'><strong>FRAGMENTA.</strong></span> 
     </span>
    </p>
   </div>
   <div class='ocr_carea' id='block_1_4' title="bbox 1229 396 1235 601">
    <p class='ocr_par' dir='ltr' id='par_1_4' title="bbox 1229 396 1235 601">
     <span class='ocr_line' id='line_1_11' title="bbox 1229 396 1235 601; baseline 0 3187"><span class='ocrx_word' id='word_1_54' title='bbox 1229 396 1235 601; x_wconf 95' lang='lat' dir='ltr'> </span> 
     </span>
    </p>
   </div>
   <div class='ocr_carea' id='block_1_5' title="bbox 2233 310 2312 349">
    <p class='ocr_par' dir='ltr' id='par_1_5' title="bbox 2233 310 2312 349">
     <span class='ocr_line' id='line_1_12' title="bbox 2233 310 2312 349; baseline 0 0"><span class='ocrx_word' id='word_1_55' title='bbox 2233 310 2312 349; x_wconf 71' lang='lat'>147</span> 
     </span>
    </p>
   </div>
   <div class='ocr_carea' id='block_1_6' title="bbox 1260 396 2314 628">
    <p class='ocr_par' dir='ltr' id='par_1_6' title="bbox 1260 396 2314 628">
     <span class='ocr_line' id='line_1_13' title="bbox 1260 396 2310 450; baseline 0.002 -16"><span class='ocrx_word' id='word_1_56' title='bbox 1260 410 1348 442; x_wconf 84' lang='lat' dir='ltr'>nem</span> <span class='ocrx_word' id='word_1_57' title='bbox 1369 396 1538 440; x_wconf 83' lang='grc' dir='ltr'>ἀπαθείας</span> <span class='ocrx_word' id='word_1_58' title='bbox 1560 398 1758 436; x_wconf 82' lang='lat' dir='ltr'>studiosos</span> <span class='ocrx_word' id='word_1_59' title='bbox 1780 398 1897 437; x_wconf 90' lang='lat' dir='ltr'>fuisse</span> <span class='ocrx_word' id='word_1_60' title='bbox 1918 413 1926 436; x_wconf 76' lang='grc' dir='ltr'>ε</span> <span class='ocrx_word' id='word_1_61' title='bbox 1958 397 1997 436; x_wconf 92' lang='lat' dir='ltr'>id</span> <span class='ocrx_word' id='word_1_62' title='bbox 2022 398 2310 450; x_wconf 87' lang='lat' dir='ltr'>quodammodo</span> 
     </span>
     <span class='ocr_line' id='line_1_14' title="bbox 1260 455 2312 508; baseline 0.003 -15"><span class='ocrx_word' id='word_1_63' title='bbox 1260 455 1303 494; x_wconf 89' lang='lat' dir='ltr'>in</span> <span class='ocrx_word' id='word_1_64' title='bbox 1333 455 1535 494; x_wconf 85' lang='lat' dir='ltr'>Platonem</span> <span class='ocrx_word' id='word_1_65' title='bbox 1568 470 1725 508; x_wconf 89' lang='lat' dir='ltr'>quoque</span> <span class='ocrx_word' id='word_1_66' title='bbox 1748 458 1948 497; x_wconf 87' lang='lat' dir='ltr'>convenit.</span> <span class='ocrx_word' id='word_1_67' title='bbox 1979 457 2051 504; x_wconf 83' lang='lat' dir='ltr'>Qui</span> <span class='ocrx_word' id='word_1_68' title='bbox 2074 458 2164 496; x_wconf 88' lang='lat' dir='ltr'>licct</span> <span class='ocrx_word' id='word_1_69' title='bbox 2190 458 2312 496; x_wconf 88' lang='lat' dir='ltr'>inter-</span> 
     </span>
     <span class='ocr_line' id='line_1_15' title="bbox 1261 514 2312 568; baseline 0.003 -16"><span class='ocrx_word' id='word_1_70' title='bbox 1261 514 1352 553; x_wconf 89' lang='lat' dir='ltr'>dum</span> <span class='ocrx_word' id='word_1_71' title='bbox 1394 515 1701 554; x_wconf 82' lang='lat' dir='ltr'>mediocritatem</span> <span class='ocrx_word' id='word_1_72' title='bbox 1731 516 1983 568; x_wconf 86' lang='lat' dir='ltr'>probaverit,</span> <span class='ocrx_word' id='word_1_73' title='bbox 2005 519 2151 568; x_wconf 65' lang='lat' dir='ltr'>tia-pius</span> <span class='ocrx_word' id='word_1_74' title='bbox 2183 526 2312 556; x_wconf 72' lang='lat' dir='ltr'>tamen</span> 
     </span>
     <span class='ocr_line' id='line_1_16' title="bbox 1261 572 2314 628; baseline 0.001 -17"><span class='ocrx_word' id='word_1_75' title='bbox 1261 572 1514 612; x_wconf 77' lang='lat' dir='ltr'>indolentiam</span> <span class='ocrx_word' id='word_1_76' title='bbox 1553 583 1695 614; x_wconf 83' lang='lat' dir='ltr'>tuetur.</span> <span class='ocrx_word' id='word_1_77' title='bbox 1734 575 1790 612; x_wconf 87' lang='lat' dir='ltr'>Ac</span> <span class='ocrx_word' id='word_1_78' title='bbox 1825 576 2130 615; x_wconf 81' lang='lat' dir='ltr'>mediocritatem</span> <span class='ocrx_word' id='word_1_79' title='bbox 2158 576 2314 628; x_wconf 85' lang='lat' dir='ltr'>quidem</span> 
     </span>
    </p>
   </div>
   <div class='ocr_carea' id='block_1_7' title="bbox 1262 634 2315 748">
    <p class='ocr_par' dir='ltr' id='par_1_7' title="bbox 1262 634 2315 748">
     <span class='ocr_line' id='line_1_17' title="bbox 1262 634 2315 688; baseline 0.001 -17"><span class='ocrx_word' id='word_1_80' title='bbox 1262 634 1561 673; x_wconf 85' lang='lat' dir='ltr'>commendatde</span> <span class='ocrx_word' id='word_1_81' title='bbox 1579 635 1676 685; x_wconf 85' lang='lat' dir='ltr'>legg.</span> <span class='ocrx_word' id='word_1_82' title='bbox 1699 636 1749 682; x_wconf 91' lang='lat' dir='ltr'>ll,</span> <span class='ocrx_word' id='word_1_83' title='bbox 1770 649 1812 687; x_wconf 89' lang='lat' dir='ltr'>p.</span> <span class='ocrx_word' id='word_1_84' title='bbox 1829 635 1907 674; x_wconf 81' lang='lat'>652</span> <span class='ocrx_word' id='word_1_85' title='bbox 1926 635 1969 674; x_wconf 92' lang='lat' dir='ltr'>b.</span> <span class='ocrx_word' id='word_1_86' title='bbox 1980 635 2143 674; x_wconf 81' lang='grc' dir='ltr'>παιδείαν</span> <span class='ocrx_word' id='word_1_87' title='bbox 2161 634 2203 683; x_wconf 89' lang='grc' dir='ltr'>δὴ</span> <span class='ocrx_word' id='word_1_88' title='bbox 2224 635 2315 688; x_wconf 79' lang='grc' dir='ltr'>λέγω</span> 
     </span>
     <span class='ocr_line' id='line_1_18' title="bbox 1262 691 2314 748; baseline 0.001 -17.001"><span class='ocrx_word' id='word_1_89' title='bbox 1262 691 1326 740; x_wconf 46' lang='grc' dir='ltr'>’.τὶν</span> <span class='ocrx_word' id='word_1_90' title='bbox 1346 696 1654 747; x_wconf 82' lang='grc' dir='ltr'>παραγιγνομένην</span> <span class='ocrx_word' id='word_1_91' title='bbox 1676 696 1814 746; x_wconf 88' lang='grc' dir='ltr'>πρῶτον</span> <span class='ocrx_word' id='word_1_92' title='bbox 1841 695 1963 734; x_wconf 75' lang='grc' dir='ltr'>παισὶν</span> <span class='ocrx_word' id='word_1_93' title='bbox 1982 695 2110 748; x_wconf 85' lang='grc' dir='ltr'>ἀρετήν</span> <span class='ocrx_word' id='word_1_94' title='bbox 2123 724 2133 743; x_wconf 96' lang='grc'>,</span> <span class='ocrx_word' id='word_1_95' title='bbox 2150 695 2258 743; x_wconf 79' lang='grc' dir='ltr'>ἡδονὴ</span> <span class='ocrx_word' id='word_1_96' title='bbox 2279 694 2314 734; x_wconf 85' lang='grc' dir='ltr'>δὲ</span> 
     </span>
    </p>
   </div>
   <div class='ocr_carea' id='block_1_8' title="bbox 121 750 2310 808">
    <p class='ocr_par' dir='ltr' id='par_1_8' title="bbox 115 738 2310 815">
     <span class='ocr_line' id='line_1_19' title="bbox 121 750 2310 808; baseline 0 -14.997"><span class='ocrx_word' id='word_1_97' title='bbox 121 762 136 795; x_wconf 61' lang='grc' dir='ltr'>ἓ</span> <span class='ocrx_word' id='word_1_98' title='bbox 171 728 246 807; x_wconf 4' lang='grc' dir='ltr'>’.λζ’-Ὗ</span> <span class='ocrx_word' id='word_1_99' title='bbox 265 753 458 801; x_wconf 63' lang='grc' dir='ltr'>-ῑθιὟίΥΘ,</span> <span class='ocrx_word' id='word_1_100' title='bbox 479 753 638 791; x_wconf 82' lang='lat' dir='ltr'>minime</span> <span class='ocrx_word' id='word_1_101' title='bbox 655 764 752 790; x_wconf 76' lang='lat' dir='ltr'>vero</span> <span class='ocrx_word' id='word_1_102' title='bbox 770 763 860 789; x_wconf 87' lang='lat' dir='ltr'>eum</span> <span class='ocrx_word' id='word_1_103' title='bbox 873 779 884 799; x_wconf 87' lang='lat'><strong><em>‚</em></strong></span> <span class='ocrx_word' id='word_1_104' title='bbox 915 751 982 802; x_wconf 83' lang='lat' dir='ltr'>qui</span> <span class='ocrx_word' id='word_1_105' title='bbox 998 763 1048 789; x_wconf 87' lang='lat' dir='ltr'>ex</span> <span class='ocrx_word' id='word_1_106' title='bbox 1067 750 1204 789; x_wconf 80' lang='lat' dir='ltr'>dolole</span> <span class='ocrx_word' id='word_1_107' title='bbox 1231 764 1235 787; x_wconf 80' lang='grc'>1</span> <span class='ocrx_word' id='word_1_108' title='bbox 1263 751 1323 790; x_wconf 61' lang='grc' dir='ltr'>καὶ</span> <span class='ocrx_word' id='word_1_109' title='bbox 1340 752 1439 805; x_wconf 83' lang='grc' dir='ltr'>φιλία</span> <span class='ocrx_word' id='word_1_110' title='bbox 1462 753 1522 791; x_wconf 77' lang='grc' dir='ltr'>καὶ</span> <span class='ocrx_word' id='word_1_111' title='bbox 1542 753 1635 800; x_wconf 83' lang='grc' dir='ltr'>λύπη</span> <span class='ocrx_word' id='word_1_112' title='bbox 1655 753 1716 792; x_wconf 75' lang='grc' dir='ltr'>καὶ</span> <span class='ocrx_word' id='word_1_113' title='bbox 1734 759 1834 805; x_wconf 86' lang='grc' dir='ltr'>μῖσος</span> <span class='ocrx_word' id='word_1_114' title='bbox 1854 753 1895 792; x_wconf 74' lang='grc' dir='ltr'>ἂν</span> <span class='ocrx_word' id='word_1_115' title='bbox 1919 755 2062 807; x_wconf 83' lang='grc' dir='ltr'>ὀρθῶς’</span> <span class='ocrx_word' id='word_1_116' title='bbox 2048 771 2082 793; x_wconf 93' lang='grc' dir='ltr'>εν</span> <span class='ocrx_word' id='word_1_117' title='bbox 2103 757 2267 808; x_wconf 81' lang='grc' dir='ltr'>ψυχαῖς’</span> <span class='ocrx_word' id='word_1_118' title='bbox 2251 772 2310 808; x_wconf 88' lang='grc' dir='ltr'>εγ-</span> 
     </span>
    </p>
   </div>
   <div class='ocr_carea' id='block_1_9' title="bbox 0 777 369 1305">
    <p class='ocr_par' dir='ltr' id='par_1_9' title="bbox 0 777 369 1305">
     <span class='ocr_line' id='line_1_20' title="bbox 0 777 322 843; baseline 0.019 -6"><span class='ocrx_word' id='word_1_119' title='bbox 0 777 322 843; x_wconf 95' lang='lat' dir='ltr'>  </span> 
     </span>
     <span class='ocr_line' id='line_1_21' title="bbox 0 843 289 1010; baseline 0 -108"><span class='ocrx_word' id='word_1_120' title='bbox 0 843 289 1010; x_wconf 95' lang='lat' dir='ltr'>    </span> 
     </span>
     <span class='ocr_line' id='line_1_22' title="bbox 0 1010 298 1076; baseline 0 -3"><span class='ocrx_word' id='word_1_121' title='bbox 0 1010 298 1076; x_wconf 95' lang='lat' dir='ltr'>  </span> 
     </span>
     <span class='ocr_line' id='line_1_23' title="bbox 0 1076 369 1305; baseline 0.019 -112"><span class='ocrx_word' id='word_1_122' title='bbox 0 1076 369 1305; x_wconf 95' lang='lat' dir='ltr'>    </span> 
     </span>
    </p>
   </div>
   <div class='ocr_carea' id='block_1_10' title="bbox 270 811 1205 983">
    <p class='ocr_par' dir='ltr' id='par_1_10' title="bbox 270 811 1199 983">
     <span class='ocr_line' id='line_1_24' title="bbox 345 811 1199 851; baseline -0.004 0.136"><span class='ocrx_word' id='word_1_123' title='bbox 345 811 490 851; x_wconf 82' lang='lat' dir='ltr'>:ferox</span> <span class='ocrx_word' id='word_1_124' title='bbox 513 811 615 850; x_wconf 88' lang='lat' dir='ltr'>enim</span> <span class='ocrx_word' id='word_1_125' title='bbox 645 819 684 850; x_wconf 89' lang='lat' dir='ltr'>et</span> <span class='ocrx_word' id='word_1_126' title='bbox 716 811 902 849; x_wconf 86' lang='lat' dir='ltr'>adversus</span> <span class='ocrx_word' id='word_1_127' title='bbox 933 823 1049 849; x_wconf 89' lang='lat' dir='ltr'>omne</span> <span class='ocrx_word' id='word_1_128' title='bbox 1073 823 1199 848; x_wconf 80' lang='lat' dir='ltr'>reme-</span> 
     </span>
     <span class='ocr_line' id='line_1_25' title="bbox 270 869 1134 921; baseline -0.004 -10"><span class='ocrx_word' id='word_1_129' title='bbox 270 873 501 911; x_wconf 72' lang='lat' dir='ltr'>&#39;contumax</span> <span class='ocrx_word' id='word_1_130' title='bbox 524 879 598 911; x_wconf 81' lang='lat' dir='ltr'>est.</span> <span class='ocrx_word' id='word_1_131' title='bbox 619 869 731 908; x_wconf 78' lang='lat' dir='ltr'>Adde</span> <span class='ocrx_word' id='word_1_132' title='bbox 757 869 806 908; x_wconf 85' lang='lat' dir='ltr'>ad</span> <span class='ocrx_word' id='word_1_133' title='bbox 834 869 1022 910; x_wconf 84' lang='lat' dir='ltr'>Marciam</span> <span class='ocrx_word' id='word_1_134' title='bbox 1049 882 1134 921; x_wconf 90' lang='lat' dir='ltr'>cap.</span> 
     </span>
     <span class='ocr_line' id='line_1_26' title="bbox 271 926 1205 983; baseline -0.005 -12"><span class='ocrx_word' id='word_1_135' title='bbox 271 926 388 971; x_wconf 78' lang='lat' dir='ltr'>etiam</span> <span class='ocrx_word' id='word_1_136' title='bbox 402 943 449 970; x_wconf 88' lang='lat' dir='ltr'>ea</span> <span class='ocrx_word' id='word_1_137' title='bbox 466 943 554 983; x_wconf 82' lang='lat' dir='ltr'>quae</span> <span class='ocrx_word' id='word_1_138' title='bbox 571 931 611 969; x_wconf 89' lang='lat' dir='ltr'>in</span> <span class='ocrx_word' id='word_1_139' title='bbox 630 929 884 982; x_wconf 82' lang='lat' dir='ltr'>sequentibus</span> <span class='ocrx_word' id='word_1_140' title='bbox 914 930 1106 976; x_wconf 86' lang='lat' dir='ltr'>eminent,</span> <span class='ocrx_word' id='word_1_141' title='bbox 1128 928 1205 980; x_wconf 90' lang='lat' dir='ltr'>pri-</span> 
     </span>
    </p>
   </div>
   <div class='ocr_carea' id='block_1_11' title="bbox 95 1103 1204 1279">
    <p class='ocr_par' dir='ltr' id='par_1_11' title="bbox 149 1103 1201 1279">
     <span class='ocr_line' id='line_1_27' title="bbox 211 1103 1201 1164; baseline -0.002 -15"><span class='ocrx_word' id='word_1_142' title='bbox 211 1103 344 1164; x_wconf 44' lang='lat' dir='ltr'>jahir</span> <span class='ocrx_word' id='word_1_143' title='bbox 358 1107 523 1158; x_wconf 71' lang='grc' dir='ltr'>εὔνοιαν,</span> <span class='ocrx_word' id='word_1_144' title='bbox 538 1118 620 1147; x_wconf 85' lang='lat' dir='ltr'>tum</span> <span class='ocrx_word' id='word_1_145' title='bbox 647 1106 688 1146; x_wconf 82' lang='grc' dir='ltr'>τὸ</span> <span class='ocrx_word' id='word_1_146' title='bbox 708 1106 744 1146; x_wconf 87' lang='grc' dir='ltr'>δὲ</span> <span class='ocrx_word' id='word_1_147' title='bbox 761 1106 852 1160; x_wconf 85' lang='grc' dir='ltr'>πέρα</span> <span class='ocrx_word' id='word_1_148' title='bbox 885 1123 947 1147; x_wconf 87' lang='grc' dir='ltr'>του</span> <span class='ocrx_word' id='word_1_149' title='bbox 976 1105 1106 1160; x_wconf 81' lang='grc' dir='ltr'>μέτρου</span> <span class='ocrx_word' id='word_1_150' title='bbox 1133 1124 1201 1147; x_wconf 84' lang='grc' dir='ltr'>πα·</span> 
     </span>
     <span class='ocr_line' id='line_1_28' title="bbox 348 1160 1201 1223; baseline 0 -15"><span class='ocrx_word' id='word_1_151' title='bbox 348 1183 381 1208; x_wconf 82' lang='grc' dir='ltr'>ι</span> <span class='ocrx_word' id='word_1_152' title='bbox 398 1168 498 1222; x_wconf 81' lang='grc' dir='ltr'>παρὰ</span> <span class='ocrx_word' id='word_1_153' title='bbox 517 1167 621 1223; x_wconf 81' lang='grc' dir='ltr'>φύσιν</span> <span class='ocrx_word' id='word_1_154' title='bbox 640 1160 754 1216; x_wconf 74' lang='grc' dir='ltr'>εἶναι,</span> <span class='ocrx_word' id='word_1_155' title='bbox 776 1167 945 1220; x_wconf 88' lang='lat' dir='ltr'>denique</span> <span class='ocrx_word' id='word_1_156' title='bbox 964 1166 1028 1214; x_wconf 75' lang='grc' dir='ltr'>τὴν</span> <span class='ocrx_word' id='word_1_157' title='bbox 1045 1182 1201 1223; x_wconf 38' lang='grc' dir='ltr'>,μετριο-</span> 
     </span>
     <span class='ocr_line' id='line_1_29' title="bbox 95 1211 1204 1279; baseline -0.003 -8.845"><span class='ocrx_word' id='word_1_158' title='bbox 95 1211 302 1274; x_wconf 61' lang='lat' dir='ltr'>dham</span> <span class='ocrx_word' id='word_1_159' title='bbox 319 1230 384 1268; x_wconf 77' lang='grc' dir='ltr'>οὐκ</span> <span class='ocrx_word' id='word_1_160' title='bbox 406 1226 710 1279; x_wconf 76' lang='grc' dir='ltr'>ἀποδοκιμαστέον</span> <span class='ocrx_word' id='word_1_161' title='bbox 739 1226 787 1266; x_wconf 90' lang='lat' dir='ltr'>ad</span> <span class='ocrx_word' id='word_1_162' title='bbox 817 1226 871 1266; x_wconf 82' lang='lat' dir='ltr'>C1</span> <span class='ocrx_word' id='word_1_163' title='bbox 872 1235 1047 1266; x_wconf 82' lang='lat' dir='ltr'>antmem</span> <span class='ocrx_word' id='word_1_164' title='bbox 1077 1237 1204 1267; x_wconf 89' lang='lat' dir='ltr'>aucto</span> 
     </span>
    </p>
   </div>
   <div class='ocr_carea' id='block_1_12' title="bbox 1231 825 1236 925">
    <p class='ocr_par' dir='ltr' id='par_1_12' title="bbox 1231 825 1236 925">
     <span class='ocr_line' id='line_1_30' title="bbox 1231 825 1236 925; baseline 0 2863"><span class='ocrx_word' id='word_1_165' title='bbox 1231 825 1236 925; x_wconf 95' lang='lat' dir='ltr'> </span> 
     </span>
    </p>
   </div>
   <div class='ocr_carea' id='block_1_13' title="bbox 1262 813 2315 867">
    <p class='ocr_par' dir='ltr' id='par_1_13' title="bbox 1262 813 2315 867">
     <span class='ocr_line' id='line_1_31' title="bbox 1262 813 2315 867; baseline 0.003 -16"><span class='ocrx_word' id='word_1_166' title='bbox 1262 813 1451 864; x_wconf 84' lang='grc' dir='ltr'>γίγνωνται</span> <span class='ocrx_word' id='word_1_167' title='bbox 1472 813 1582 864; x_wconf 84' lang='grc' dir='ltr'>μήπω</span> <span class='ocrx_word' id='word_1_168' title='bbox 1602 814 1804 863; x_wconf 85' lang='grc' dir='ltr'>δυναμένων</span> <span class='ocrx_word' id='word_1_169' title='bbox 1824 814 1926 867; x_wconf 91' lang='grc' dir='ltr'>λόγον</span> <span class='ocrx_word' id='word_1_170' title='bbox 1950 815 2162 865; x_wconf 76' lang='grc' dir='ltr'>λαμὸάνειν,</span> <span class='ocrx_word' id='word_1_171' title='bbox 2185 815 2315 854; x_wconf 66' lang='grc' dir='ltr'>λαθόν-</span> 
     </span>
    </p>
   </div>
   <div class='ocr_carea' id='block_1_14' title="bbox 205 872 2320 1105">
    <p class='ocr_par' dir='ltr' id='par_1_14' title="bbox 205 872 2320 1105">
     <span class='ocr_line' id='line_1_32' title="bbox 1161 872 2312 927; baseline 0.004 -18.102"><span class='ocrx_word' id='word_1_172' title='bbox 1161 883 1199 917; x_wconf 83' lang='grc'>7.</span> <span class='ocrx_word' id='word_1_173' title='bbox 1262 889 1332 912; x_wconf 86' lang='grc' dir='ltr'>των</span> <span class='ocrx_word' id='word_1_174' title='bbox 1345 872 1381 912; x_wconf 84' lang='grc' dir='ltr'>δὲ</span> <span class='ocrx_word' id='word_1_175' title='bbox 1401 873 1459 912; x_wconf 83' lang='grc' dir='ltr'>τὸν</span> <span class='ocrx_word' id='word_1_176' title='bbox 1478 873 1582 925; x_wconf 87' lang='grc' dir='ltr'>λόγον</span> <span class='ocrx_word' id='word_1_177' title='bbox 1608 873 1875 926; x_wconf 75' lang='grc' dir='ltr'>συμφωνήσωσι</span> <span class='ocrx_word' id='word_1_178' title='bbox 1897 877 1947 913; x_wconf 88' lang='grc' dir='ltr'>τῶ</span> <span class='ocrx_word' id='word_1_179' title='bbox 1967 874 2079 927; x_wconf 87' lang='grc' dir='ltr'>λόγῳ,</span> <span class='ocrx_word' id='word_1_180' title='bbox 2099 876 2208 926; x_wconf 84' lang='grc' dir='ltr'>ὀρθῶς</span> <span class='ocrx_word' id='word_1_181' title='bbox 2228 875 2312 914; x_wconf 85' lang='grc' dir='ltr'>εἷθί-</span> 
     </span>
     <span class='ocr_line' id='line_1_33' title="bbox 1232 927 2316 986; baseline 0.001 -15"><span class='ocrx_word' id='word_1_182' title='bbox 1232 927 1235 983; x_wconf 69' lang='grc' dir='ltr'>ξ</span> <span class='ocrx_word' id='word_1_183' title='bbox 1264 936 1345 971; x_wconf 78' lang='grc' dir='ltr'>σθαι</span> <span class='ocrx_word' id='word_1_184' title='bbox 1375 932 1443 972; x_wconf 68' lang='grc' dir='ltr'>ὑπὸ</span> <span class='ocrx_word' id='word_1_185' title='bbox 1471 934 1542 972; x_wconf 89' lang='grc' dir='ltr'>τῶν</span> <span class='ocrx_word' id='word_1_186' title='bbox 1562 932 1812 986; x_wconf 80' lang='grc' dir='ltr'>προσηκόντων</span> <span class='ocrx_word' id='word_1_187' title='bbox 1840 934 1925 972; x_wconf 82' lang='grc' dir='ltr'>ἐθῶν</span> <span class='ocrx_word' id='word_1_188' title='bbox 1944 936 2024 973; x_wconf 87' lang='grc' dir='ltr'>κτλ.</span> <span class='ocrx_word' id='word_1_189' title='bbox 2049 933 2109 974; x_wconf 89' lang='lat' dir='ltr'>Cf.</span> <span class='ocrx_word' id='word_1_190' title='bbox 2130 936 2230 986; x_wconf 84' lang='lat' dir='ltr'>Rep.</span> <span class='ocrx_word' id='word_1_191' title='bbox 2251 934 2316 985; x_wconf 92' lang='lat' dir='ltr'>lV,</span> 
     </span>
     <span class='ocr_line' id='line_1_34' title="bbox 211 981 2318 1043; baseline 0.001 -14"><span class='ocrx_word' id='word_1_192' title='bbox 211 1039 214 1043; x_wconf 20' lang='grc' dir='ltr'>χ</span> <span class='ocrx_word' id='word_1_193' title='bbox 303 989 370 1039; x_wconf 78' lang='grc' dir='ltr'>τὴν</span> <span class='ocrx_word' id='word_1_194' title='bbox 398 989 569 1030; x_wconf 83' lang='grc' dir='ltr'>ἀπάθειαν</span> <span class='ocrx_word' id='word_1_195' title='bbox 603 987 670 1035; x_wconf 80' lang='grc' dir='ltr'>ἔξω</span> <span class='ocrx_word' id='word_1_196' title='bbox 702 991 763 1027; x_wconf 79' lang='grc' dir='ltr'>τοῦ</span> <span class='ocrx_word' id='word_1_197' title='bbox 799 987 1035 1042; x_wconf 78' lang='grc' dir='ltr'>συμφέροντος</span> <span class='ocrx_word' id='word_1_198' title='bbox 1072 981 1203 1035; x_wconf 84' lang='grc' dir='ltr'>ουσαν,</span> <span class='ocrx_word' id='word_1_199' title='bbox 1232 992 1235 1030; x_wconf 85' lang='grc' dir='ltr'>Ι</span> <span class='ocrx_word' id='word_1_200' title='bbox 1264 1005 1304 1043; x_wconf 89' lang='lat' dir='ltr'>p.</span> <span class='ocrx_word' id='word_1_201' title='bbox 1330 997 1422 1038; x_wconf 76' lang='lat'>442.</span> <span class='ocrx_word' id='word_1_202' title='bbox 1439 991 1477 1029; x_wconf 90' lang='lat' dir='ltr'>b.</span> <span class='ocrx_word' id='word_1_203' title='bbox 1497 991 1599 1029; x_wconf 85' lang='lat' dir='ltr'>Tim.</span> <span class='ocrx_word' id='word_1_204' title='bbox 1621 1005 1659 1043; x_wconf 90' lang='lat' dir='ltr'>p.</span> <span class='ocrx_word' id='word_1_205' title='bbox 1680 992 1742 1029; x_wconf 84' lang='lat'>86.</span> <span class='ocrx_word' id='word_1_206' title='bbox 1768 991 1810 1029; x_wconf 87' lang='lat' dir='ltr'>b.</span> <span class='ocrx_word' id='word_1_207' title='bbox 1844 992 2097 1030; x_wconf 85' lang='lat' dir='ltr'>indolentiam</span> <span class='ocrx_word' id='word_1_208' title='bbox 2119 1006 2225 1032; x_wconf 88' lang='lat' dir='ltr'>vero</span> <span class='ocrx_word' id='word_1_209' title='bbox 2233 994 2318 1032; x_wconf 78' lang='lat' dir='ltr'>lau-</span> 
     </span>
     <span class='ocr_line' id='line_1_35' title="bbox 205 1018 2320 1105; baseline 0.001 -16"><span class='ocrx_word' id='word_1_210' title='bbox 205 1047 259 1083; x_wconf 51' lang='grc' dir='ltr'>ἀ’</span> <span class='ocrx_word' id='word_1_211' title='bbox 280 1049 545 1104; x_wconf 74' lang='grc' dir='ltr'>ἀφαιρήσεται</span> <span class='ocrx_word' id='word_1_212' title='bbox 566 1047 635 1103; x_wconf 79' lang='grc' dir='ltr'>γὰρ</span> <span class='ocrx_word' id='word_1_213' title='bbox 650 1050 756 1099; x_wconf 84' lang='grc' dir='ltr'>ἡμῶν</span> <span class='ocrx_word' id='word_1_214' title='bbox 775 1046 839 1096; x_wconf 86' lang='grc' dir='ltr'>τὴν</span> <span class='ocrx_word' id='word_1_215' title='bbox 861 1049 902 1087; x_wconf 83' lang='grc' dir='ltr'>ἐκ</span> <span class='ocrx_word' id='word_1_216' title='bbox 928 1053 990 1087; x_wconf 82' lang='grc' dir='ltr'>τοῦ</span> <span class='ocrx_word' id='word_1_217' title='bbox 1016 1018 1203 1102; x_wconf 65' lang='grc' dir='ltr'>φιλεῖσθαί</span> <span class='ocrx_word' id='word_1_218' title='bbox 1232 1053 1235 1076; x_wconf 87' lang='lat'><strong>¹</strong></span> <span class='ocrx_word' id='word_1_219' title='bbox 1264 1050 1333 1089; x_wconf 90' lang='lat' dir='ltr'>dat</span> <span class='ocrx_word' id='word_1_220' title='bbox 1351 1050 1482 1089; x_wconf 79' lang='lat' dir='ltr'>Phaed.</span> <span class='ocrx_word' id='word_1_221' title='bbox 1511 1065 1552 1103; x_wconf 88' lang='lat' dir='ltr'>p.</span> <span class='ocrx_word' id='word_1_222' title='bbox 1587 1051 1654 1090; x_wconf 84' lang='lat'>83.</span> <span class='ocrx_word' id='word_1_223' title='bbox 1676 1050 1715 1089; x_wconf 87' lang='lat' dir='ltr'>b</span> <span class='ocrx_word' id='word_1_224' title='bbox 1747 1052 1769 1097; x_wconf 86' lang='grc' dir='ltr'>ἡ</span> <span class='ocrx_word' id='word_1_225' title='bbox 1801 1065 1860 1088; x_wconf 89' lang='grc' dir='ltr'>του</span> <span class='ocrx_word' id='word_1_226' title='bbox 1891 1053 1937 1094; x_wconf 81' lang='grc' dir='ltr'>ὡς</span> <span class='ocrx_word' id='word_1_227' title='bbox 1972 1052 2110 1098; x_wconf 84' lang='grc' dir='ltr'>ἀληθῶς</span> <span class='ocrx_word' id='word_1_228' title='bbox 2131 1052 2320 1105; x_wconf 84' lang='grc' dir='ltr'>φιλοσόφου</span> 
     </span>
    </p>
   </div>
   <div class='ocr_carea' id='block_1_15' title="bbox 1263 1108 2319 1282">
    <p class='ocr_par' dir='ltr' id='par_1_15' title="bbox 1263 1108 2318 1282">
     <span class='ocr_line' id='line_1_36' title="bbox 1263 1108 2317 1165; baseline 0 -16"><span class='ocrx_word' id='word_1_229' title='bbox 1263 1110 1362 1165; x_wconf 81' lang='grc' dir='ltr'>ψυχὴ</span> <span class='ocrx_word' id='word_1_230' title='bbox 1395 1109 1504 1156; x_wconf 73' lang='grc' dir='ltr'>οὕτως</span> <span class='ocrx_word' id='word_1_231' title='bbox 1529 1108 1704 1163; x_wconf 80' lang='grc' dir='ltr'>ἀπέχεται</span> <span class='ocrx_word' id='word_1_232' title='bbox 1731 1111 1801 1148; x_wconf 89' lang='grc' dir='ltr'>τῶν</span> <span class='ocrx_word' id='word_1_233' title='bbox 1822 1110 1956 1157; x_wconf 82' lang='grc' dir='ltr'>ἡδονῶν</span> <span class='ocrx_word' id='word_1_234' title='bbox 1977 1125 2015 1148; x_wconf 91' lang='grc' dir='ltr'>τε</span> <span class='ocrx_word' id='word_1_235' title='bbox 2034 1109 2095 1148; x_wconf 79' lang='grc' dir='ltr'>καὶ</span> <span class='ocrx_word' id='word_1_236' title='bbox 2125 1112 2317 1157; x_wconf 82' lang='grc' dir='ltr'>ἐπιθυμιῶν</span> 
     </span>
     <span class='ocr_line' id='line_1_37' title="bbox 1263 1168 2319 1224; baseline 0 -15"><span class='ocrx_word' id='word_1_237' title='bbox 1263 1185 1325 1210; x_wconf 86' lang='grc' dir='ltr'>και</span> <span class='ocrx_word' id='word_1_238' title='bbox 1358 1171 1480 1210; x_wconf 86' lang='grc' dir='ltr'>λυπῶν</span> <span class='ocrx_word' id='word_1_239' title='bbox 1514 1169 1575 1209; x_wconf 75' lang='grc' dir='ltr'>καὶ</span> <span class='ocrx_word' id='word_1_240' title='bbox 1604 1169 1721 1224; x_wconf 74' lang='grc' dir='ltr'>φόὸων</span> <span class='ocrx_word' id='word_1_241' title='bbox 1751 1169 1829 1209; x_wconf 86' lang='grc' dir='ltr'>καθ’</span> <span class='ocrx_word' id='word_1_242' title='bbox 1849 1168 1929 1208; x_wconf 85' lang='grc' dir='ltr'>ὅσον</span> <span class='ocrx_word' id='word_1_243' title='bbox 1951 1169 2113 1209; x_wconf 87' lang='grc' dir='ltr'>δύναται.</span> <span class='ocrx_word' id='word_1_244' title='bbox 2140 1169 2200 1210; x_wconf 83' lang='lat' dir='ltr'>Cf.</span> <span class='ocrx_word' id='word_1_245' title='bbox 2225 1171 2319 1210; x_wconf 91' lang='lat' dir='ltr'>ibid.</span> 
     </span>
     <span class='ocr_line' id='line_1_38' title="bbox 1264 1229 2318 1282; baseline -0.001 -13"><span class='ocrx_word' id='word_1_246' title='bbox 1264 1244 1302 1282; x_wconf 92' lang='lat' dir='ltr'>p.</span> <span class='ocrx_word' id='word_1_247' title='bbox 1323 1232 1373 1276; x_wconf 74' lang='lat'>64</span> <span class='ocrx_word' id='word_1_248' title='bbox 1393 1244 1506 1282; x_wconf 89' lang='lat' dir='ltr'><strong>seqq.</strong></span> <span class='ocrx_word' id='word_1_249' title='bbox 1526 1229 1585 1268; x_wconf 84' lang='lat' dir='ltr'>Ex</span> <span class='ocrx_word' id='word_1_250' title='bbox 1602 1230 1665 1268; x_wconf 88' lang='lat' dir='ltr'>his</span> <span class='ocrx_word' id='word_1_251' title='bbox 1678 1259 1690 1278; x_wconf 86' lang='lat'>,</span> <span class='ocrx_word' id='word_1_252' title='bbox 1711 1243 1798 1280; x_wconf 90' lang='lat' dir='ltr'>quae</span> <span class='ocrx_word' id='word_1_253' title='bbox 1816 1229 2119 1281; x_wconf 85' lang='lat' dir='ltr'>disputavimus,</span> <span class='ocrx_word' id='word_1_254' title='bbox 2139 1230 2318 1278; x_wconf 83' lang='lat' dir='ltr'>efficitur,</span> 
     </span>
    </p>
   </div>
   <div class='ocr_carea' id='block_1_16' title="bbox 13 1286 2319 1340">
    <p class='ocr_par' dir='ltr' id='par_1_16' title="bbox 13 1286 2319 1340">
     <span class='ocr_line' id='line_1_39' title="bbox 13 1286 2319 1340; baseline 0 -14"><span class='ocrx_word' id='word_1_255' title='bbox 13 1315 16 1326; x_wconf 90' lang='lat'><strong>.</strong></span> <span class='ocrx_word' id='word_1_256' title='bbox 75 1303 94 1322; x_wconf 67' lang='grc' dir='ltr'>τ·</span> <span class='ocrx_word' id='word_1_257' title='bbox 152 1302 237 1331; x_wconf 77' lang='lat' dir='ltr'>rem</span> <span class='ocrx_word' id='word_1_258' title='bbox 252 1287 704 1339; x_wconf 74' lang='lat' dir='ltr'>referendaesseliquet.</span> <span class='ocrx_word' id='word_1_259' title='bbox 723 1287 787 1326; x_wconf 90' lang='lat' dir='ltr'>Sic</span> <span class='ocrx_word' id='word_1_260' title='bbox 803 1287 906 1326; x_wconf 91' lang='lat' dir='ltr'>enim</span> <span class='ocrx_word' id='word_1_261' title='bbox 923 1286 1060 1326; x_wconf 90' lang='lat' dir='ltr'>Cicero</span> <span class='ocrx_word' id='word_1_262' title='bbox 1085 1287 1495 1330; x_wconf 66' lang='lat' dir='ltr'>Acad.(,1antorem</span> <span class='ocrx_word' id='word_1_263' title='bbox 1518 1298 1600 1329; x_wconf 92' lang='lat' dir='ltr'>tum</span> <span class='ocrx_word' id='word_1_264' title='bbox 1620 1289 1670 1328; x_wconf 91' lang='lat' dir='ltr'>ab</span> <span class='ocrx_word' id='word_1_265' title='bbox 1693 1288 1936 1328; x_wconf 82' lang='lat' dir='ltr'>Academicis</span> <span class='ocrx_word' id='word_1_266' title='bbox 1963 1297 2045 1327; x_wconf 82' lang='lat' dir='ltr'>tum</span> <span class='ocrx_word' id='word_1_267' title='bbox 2067 1302 2089 1327; x_wconf 90' lang='lat' dir='ltr'>a</span> <span class='ocrx_word' id='word_1_268' title='bbox 2115 1289 2319 1340; x_wconf 85' lang='lat' dir='ltr'>plerisque</span> 
     </span>
    </p>
   </div>
   <div class='ocr_carea' id='block_1_17' title="bbox 0 1305 328 3091">
    <p class='ocr_par' dir='ltr' id='par_1_17' title="bbox 0 1305 328 3091">
     <span class='ocr_line' id='line_1_40' title="bbox 0 1305 118 1482; baseline 0 -50"><span class='ocrx_word' id='word_1_269' title='bbox 0 1305 118 1482; x_wconf 95' lang='lat' dir='ltr'>   </span> 
     </span>
     <span class='ocr_line' id='line_1_41' title="bbox 0 1541 145 1721; baseline 0 -109"><span class='ocrx_word' id='word_1_270' title='bbox 0 1541 145 1721; x_wconf 95' lang='lat' dir='ltr'>   </span> 
     </span>
     <span class='ocr_line' id='line_1_42' title="bbox 0 1721 312 1795; baseline 0 0"><span class='ocrx_word' id='word_1_271' title='bbox 0 1721 312 1795; x_wconf 95' lang='lat' dir='ltr'>  </span> 
     </span>
     <span class='ocr_line' id='line_1_43' title="bbox 0 1795 240 1855; baseline 0 0"><span class='ocrx_word' id='word_1_272' title='bbox 0 1795 240 1855; x_wconf 95' lang='lat' dir='ltr'>  </span> 
     </span>
     <span class='ocr_line' id='line_1_44' title="bbox 0 1855 210 1913; baseline 0 0"><span class='ocrx_word' id='word_1_273' title='bbox 0 1855 210 1913; x_wconf 95' lang='lat' dir='ltr'>  </span> 
     </span>
     <span class='ocr_line' id='line_1_45' title="bbox 0 1913 208 1960; baseline 0 1828"><span class='ocrx_word' id='word_1_274' title='bbox 0 1913 208 1960; x_wconf 95' lang='lat' dir='ltr'> </span> 
     </span>
     <span class='ocr_line' id='line_1_46' title="bbox 2 1960 208 2014; baseline 0 1774"><span class='ocrx_word' id='word_1_275' title='bbox 2 1960 208 2014; x_wconf 95' lang='lat' dir='ltr'> </span> 
     </span>
     <span class='ocr_line' id='line_1_47' title="bbox 0 2014 328 2089; baseline 0 0"><span class='ocrx_word' id='word_1_276' title='bbox 0 2014 328 2089; x_wconf 95' lang='lat' dir='ltr'>  </span> 
     </span>
     <span class='ocr_line' id='line_1_48' title="bbox 0 2089 232 2136; baseline 0 1652"><span class='ocrx_word' id='word_1_277' title='bbox 0 2089 232 2136; x_wconf 95' lang='lat' dir='ltr'> </span> 
     </span>
     <span class='ocr_line' id='line_1_49' title="bbox 0 2136 258 2212; baseline 0 0"><span class='ocrx_word' id='word_1_278' title='bbox 0 2136 258 2212; x_wconf 95' lang='lat' dir='ltr'>  </span> 
     </span>
     <span class='ocr_line' id='line_1_50' title="bbox 0 2212 146 2268; baseline 0 0"><span class='ocrx_word' id='word_1_279' title='bbox 0 2212 146 2268; x_wconf 95' lang='lat' dir='ltr'>  </span> 
     </span>
     <span class='ocr_line' id='line_1_51' title="bbox 0 2268 274 2417; baseline 0 -41"><span class='ocrx_word' id='word_1_280' title='bbox 0 2268 274 2417; x_wconf 95' lang='lat' dir='ltr'>   </span> 
     </span>
     <span class='ocr_line' id='line_1_52' title="bbox 0 2417 323 2504; baseline 0.028 -8"><span class='ocrx_word' id='word_1_281' title='bbox 0 2417 323 2504; x_wconf 95' lang='lat' dir='ltr'>  </span> 
     </span>
     <span class='ocr_line' id='line_1_53' title="bbox 0 2504 251 2535; baseline 0 1253"><span class='ocrx_word' id='word_1_282' title='bbox 0 2504 251 2535; x_wconf 95' lang='lat' dir='ltr'> </span> 
     </span>
     <span class='ocr_line' id='line_1_54' title="bbox 0 2535 251 2616; baseline 0 1172"><span class='ocrx_word' id='word_1_283' title='bbox 0 2535 251 2616; x_wconf 95' lang='lat' dir='ltr'> </span> 
     </span>
     <span class='ocr_line' id='line_1_55' title="bbox 0 2616 267 2673; baseline 0 1115"><span class='ocrx_word' id='word_1_284' title='bbox 0 2616 267 2673; x_wconf 95' lang='lat' dir='ltr'> </span> 
     </span>
     <span class='ocr_line' id='line_1_56' title="bbox 0 2673 324 2745; baseline 0 0"><span class='ocrx_word' id='word_1_285' title='bbox 0 2673 324 2745; x_wconf 95' lang='lat' dir='ltr'>  </span> 
     </span>
     <span class='ocr_line' id='line_1_57' title="bbox 0 2745 249 2790; baseline 0 998"><span class='ocrx_word' id='word_1_286' title='bbox 0 2745 249 2790; x_wconf 95' lang='lat' dir='ltr'> </span> 
     </span>
     <span class='ocr_line' id='line_1_58' title="bbox 0 2790 249 2850; baseline 0 938"><span class='ocrx_word' id='word_1_287' title='bbox 0 2790 249 2850; x_wconf 95' lang='lat' dir='ltr'> </span> 
     </span>
     <span class='ocr_line' id='line_1_59' title="bbox 0 2850 303 2922; baseline 0 0"><span class='ocrx_word' id='word_1_288' title='bbox 0 2850 303 2922; x_wconf 95' lang='lat' dir='ltr'>  </span> 
     </span>
     <span class='ocr_line' id='line_1_60' title="bbox 0 2922 273 2968; baseline 0 820"><span class='ocrx_word' id='word_1_289' title='bbox 0 2922 273 2968; x_wconf 95' lang='lat' dir='ltr'> </span> 
     </span>
     <span class='ocr_line' id='line_1_61' title="bbox 0 2968 273 3030; baseline 0 758"><span class='ocrx_word' id='word_1_290' title='bbox 0 2968 273 3030; x_wconf 95' lang='lat' dir='ltr'> </span> 
     </span>
     <span class='ocr_line' id='line_1_62' title="bbox 0 3030 304 3091; baseline 0 0"><span class='ocrx_word' id='word_1_291' title='bbox 0 3030 304 3091; x_wconf 95' lang='lat' dir='ltr'>  </span> 
     </span>
    </p>
   </div>
   <div class='ocr_carea' id='block_1_18' title="bbox 17 1346 1208 3068">
    <p class='ocr_par' dir='ltr' id='par_1_18' title="bbox 17 1346 1208 3068">
     <span class='ocr_line' id='line_1_63' title="bbox 152 1346 1203 1404; baseline -0.001 -16"><span class='ocrx_word' id='word_1_292' title='bbox 152 1347 392 1405; x_wconf 67' lang='grc' dir='ltr'>ρν.11,44.</span> <span class='ocrx_word' id='word_1_293' title='bbox 418 1364 438 1384; x_wconf 77' lang='grc' dir='ltr'>ι</span> <span class='ocrx_word' id='word_1_294' title='bbox 457 1347 697 1400; x_wconf 86' lang='lat' dir='ltr'>Sedquaero,</span> <span class='ocrx_word' id='word_1_295' title='bbox 718 1347 876 1399; x_wconf 91' lang='lat' dir='ltr'>quando</span> <span class='ocrx_word' id='word_1_296' title='bbox 895 1346 968 1386; x_wconf 90' lang='lat' dir='ltr'>ista</span> <span class='ocrx_word' id='word_1_297' title='bbox 988 1347 1134 1386; x_wconf 85' lang='lat' dir='ltr'>fuerint</span> <span class='ocrx_word' id='word_1_298' title='bbox 1154 1348 1203 1387; x_wconf 91' lang='lat' dir='ltr'>ab</span> 
     </span>
     <span class='ocr_line' id='line_1_64' title="bbox 155 1406 1204 1460; baseline -0.003 -12"><span class='ocrx_word' id='word_1_299' title='bbox 155 1410 366 1460; x_wconf 69' lang='lat' dir='ltr'>Academia</span> <span class='ocrx_word' id='word_1_300' title='bbox 395 1416 515 1446; x_wconf 71' lang='lat' dir='ltr'>vetere</span> <span class='ocrx_word' id='word_1_301' title='bbox 545 1407 726 1455; x_wconf 89' lang='lat' dir='ltr'>decreta,</span> <span class='ocrx_word' id='word_1_302' title='bbox 751 1415 794 1444; x_wconf 92' lang='lat' dir='ltr'>ut</span> <span class='ocrx_word' id='word_1_303' title='bbox 825 1406 996 1444; x_wconf 90' lang='lat' dir='ltr'>animum</span> <span class='ocrx_word' id='word_1_304' title='bbox 1019 1406 1204 1457; x_wconf 89' lang='lat' dir='ltr'>sapientis</span> 
     </span>
     <span class='ocr_line' id='line_1_65' title="bbox 72 1466 1206 1516; baseline -0.004 -7.058"><span class='ocrx_word' id='word_1_305' title='bbox 72 1511 74 1515; x_wconf 67' lang='grc'>,</span> <span class='ocrx_word' id='word_1_306' title='bbox 150 1467 395 1509; x_wconf 68' lang='lat' dir='ltr'>commoveri</span> <span class='ocrx_word' id='word_1_307' title='bbox 414 1475 454 1506; x_wconf 89' lang='lat' dir='ltr'>et</span> <span class='ocrx_word' id='word_1_308' title='bbox 467 1466 696 1505; x_wconf 84' lang='lat' dir='ltr'>conturbari</span> <span class='ocrx_word' id='word_1_309' title='bbox 722 1466 938 1516; x_wconf 75' lang='lat' dir='ltr'>negarent?</span> <span class='ocrx_word' id='word_1_310' title='bbox 965 1467 1206 1504; x_wconf 81' lang='lat' dir='ltr'>Mediocrita-</span> 
     </span>
     <span class='ocr_line' id='line_1_66' title="bbox 17 1518 1208 1582; baseline -0.003 -15"><span class='ocrx_word' id='word_1_311' title='bbox 17 1526 23 1562; x_wconf 69' lang='grc' dir='ltr'>ἰ</span> <span class='ocrx_word' id='word_1_312' title='bbox 45 1547 47 1550; x_wconf 56' lang='lat'>&gt;</span> <span class='ocrx_word' id='word_1_313' title='bbox 81 1546 101 1582; x_wconf 68' lang='lat' dir='ltr'>j-</span> <span class='ocrx_word' id='word_1_314' title='bbox 142 1535 208 1567; x_wconf 70' lang='lat' dir='ltr'>tes</span> <span class='ocrx_word' id='word_1_315' title='bbox 223 1518 284 1566; x_wconf 84' lang='lat' dir='ltr'>illi</span> <span class='ocrx_word' id='word_1_316' title='bbox 300 1525 526 1580; x_wconf 78' lang='lat' dir='ltr'>probabant</span> <span class='ocrx_word' id='word_1_317' title='bbox 545 1535 584 1564; x_wconf 88' lang='lat' dir='ltr'>et</span> <span class='ocrx_word' id='word_1_318' title='bbox 601 1526 642 1564; x_wconf 90' lang='lat' dir='ltr'>in</span> <span class='ocrx_word' id='word_1_319' title='bbox 660 1525 766 1564; x_wconf 90' lang='lat' dir='ltr'>omni</span> <span class='ocrx_word' id='word_1_320' title='bbox 794 1524 1036 1577; x_wconf 84' lang='lat' dir='ltr'>permotione</span> <span class='ocrx_word' id='word_1_321' title='bbox 1055 1535 1208 1564; x_wconf 81' lang='lat' dir='ltr'>natura-</span> 
     </span>
     <span class='ocr_line' id='line_1_67' title="bbox 111 1584 1206 1636; baseline -0.001 -9.963"><span class='ocrx_word' id='word_1_322' title='bbox 111 1586 229 1630; x_wconf 70' lang='lat' dir='ltr'>lem</span> <span class='ocrx_word' id='word_1_323' title='bbox 257 1585 446 1626; x_wconf 76' lang='lat' dir='ltr'>volebant</span> <span class='ocrx_word' id='word_1_324' title='bbox 487 1598 573 1624; x_wconf 85' lang='lat' dir='ltr'>esse</span> <span class='ocrx_word' id='word_1_325' title='bbox 601 1587 791 1636; x_wconf 78' lang='lat' dir='ltr'>quendam</span> <span class='ocrx_word' id='word_1_326' title='bbox 829 1586 995 1623; x_wconf 87' lang='lat' dir='ltr'>modum.</span> <span class='ocrx_word' id='word_1_327' title='bbox 1024 1584 1206 1635; x_wconf 85' lang='lat' dir='ltr'>Legimus</span> 
     </span>
     <span class='ocr_line' id='line_1_68' title="bbox 106 1643 1204 1716; baseline -0.003 -29.888"><span class='ocrx_word' id='word_1_328' title='bbox 106 1650 289 1716; x_wconf 40' lang='lat' dir='ltr'>&#39;fin-¹¹0⁸</span> <span class='ocrx_word' id='word_1_329' title='bbox 317 1646 532 1695; x_wconf 74' lang='lat' dir='ltr'>Crantoris,</span> <span class='ocrx_word' id='word_1_330' title='bbox 561 1645 706 1683; x_wconf 80' lang='lat' dir='ltr'>veteris</span> <span class='ocrx_word' id='word_1_331' title='bbox 734 1643 978 1690; x_wconf 83' lang='lat' dir='ltr'>Academici,</span> <span class='ocrx_word' id='word_1_332' title='bbox 1008 1643 1057 1682; x_wconf 92' lang='lat' dir='ltr'>de</span> <span class='ocrx_word' id='word_1_333' title='bbox 1083 1645 1204 1686; x_wconf 84' lang='lat' dir='ltr'>luctu.</span> 
     </span>
     <span class='ocr_line' id='line_1_69' title="bbox 119 1673 1206 1766; baseline -0.001 -22.008"><span class='ocrx_word' id='word_1_334' title='bbox 110 1717 214 1766; x_wconf 37' lang='grc' dir='ltr'>ι,</span> <span class='ocrx_word' id='word_1_335' title='bbox 245 1705 356 1746; x_wconf 80' lang='lat' dir='ltr'>enim</span> <span class='ocrx_word' id='word_1_336' title='bbox 373 1718 454 1744; x_wconf 90' lang='lat' dir='ltr'>non</span> <span class='ocrx_word' id='word_1_337' title='bbox 471 1717 659 1755; x_wconf 85' lang='lat' dir='ltr'>magnus,</span> <span class='ocrx_word' id='word_1_338' title='bbox 692 1716 830 1742; x_wconf 86' lang='lat' dir='ltr'>verum</span> <span class='ocrx_word' id='word_1_339' title='bbox 857 1673 1065 1752; x_wconf 71' lang='grc' dir='ltr'>οιιιοόὶιιε,</span> <span class='ocrx_word' id='word_1_340' title='bbox 1086 1713 1138 1752; x_wconf 89' lang='lat' dir='ltr'>et,</span> <span class='ocrx_word' id='word_1_341' title='bbox 1161 1714 1206 1743; x_wconf 89' lang='lat' dir='ltr'>ut</span> 
     </span>
     <span class='ocr_line' id='line_1_70' title="bbox 295 1761 1203 1815; baseline -0.003 -11.503"><span class='ocrx_word' id='word_1_342' title='bbox 295 1764 352 1804; x_wconf 86' lang='lat' dir='ltr'>ni</span> <span class='ocrx_word' id='word_1_343' title='bbox 389 1763 584 1803; x_wconf 69' lang='lat' dir='ltr'>Panaetius</span> <span class='ocrx_word' id='word_1_344' title='bbox 614 1762 808 1815; x_wconf 87' lang='lat' dir='ltr'>praecipit‚</span> <span class='ocrx_word' id='word_1_345' title='bbox 844 1762 893 1800; x_wconf 88' lang='lat' dir='ltr'>ad</span> <span class='ocrx_word' id='word_1_346' title='bbox 923 1761 1091 1801; x_wconf 84' lang='lat' dir='ltr'>verbum</span> <span class='ocrx_word' id='word_1_347' title='bbox 1122 1763 1203 1802; x_wconf 90' lang='lat' dir='ltr'>edi-</span> 
     </span>
     <span class='ocr_line' id='line_1_71' title="bbox 197 1821 1207 1879; baseline 0 -18"><span class='ocrx_word' id='word_1_348' title='bbox 197 1831 320 1879; x_wconf 24' lang='grc' dir='ltr'>χιζιιιιις</span> <span class='ocrx_word' id='word_1_349' title='bbox 335 1822 510 1864; x_wconf 86' lang='lat' dir='ltr'>libellus.</span> <span class='ocrx_word' id='word_1_350' title='bbox 526 1822 655 1874; x_wconf 78' lang='lat' dir='ltr'>Atque</span> <span class='ocrx_word' id='word_1_351' title='bbox 674 1822 731 1860; x_wconf 88' lang='lat' dir='ltr'>illi</span> <span class='ocrx_word' id='word_1_352' title='bbox 753 1821 911 1873; x_wconf 87' lang='lat' dir='ltr'>quidem</span> <span class='ocrx_word' id='word_1_353' title='bbox 932 1821 1046 1860; x_wconf 90' lang='lat' dir='ltr'>etiam</span> <span class='ocrx_word' id='word_1_354' title='bbox 1065 1824 1207 1861; x_wconf 82' lang='lat' dir='ltr'>utiliter</span> 
     </span>
     <span class='ocr_line' id='line_1_72' title="bbox 201 1880 1204 1934; baseline -0.003 -11"><span class='ocrx_word' id='word_1_355' title='bbox 201 1890 352 1926; x_wconf 66' lang='lat' dir='ltr'>‘nusum</span> <span class='ocrx_word' id='word_1_356' title='bbox 374 1881 557 1924; x_wconf 81' lang='lat' dir='ltr'>dicebant</span> <span class='ocrx_word' id='word_1_357' title='bbox 571 1881 836 1934; x_wconf 82' lang='lat' dir='ltr'>permotiones</span> <span class='ocrx_word' id='word_1_358' title='bbox 860 1880 952 1919; x_wconf 86' lang='lat' dir='ltr'>istas</span> <span class='ocrx_word' id='word_1_359' title='bbox 971 1881 1109 1920; x_wconf 91' lang='lat' dir='ltr'>animis</span> <span class='ocrx_word' id='word_1_360' title='bbox 1135 1895 1204 1920; x_wconf 92' lang='lat' dir='ltr'>no-</span> 
     </span>
     <span class='ocr_line' id='line_1_73' title="bbox 203 1938 1204 1989; baseline -0.003 -8"><span class='ocrx_word' id='word_1_361' title='bbox 203 1938 225 1953; x_wconf 64' lang='grc'><em>“</em></span> <span class='ocrx_word' id='word_1_362' title='bbox 256 1939 386 1989; x_wconf 71' lang='lat' dir='ltr'>dms3</span> <span class='ocrx_word' id='word_1_363' title='bbox 405 1948 552 1979; x_wconf 88' lang='lat' dir='ltr'>metum</span> <span class='ocrx_word' id='word_1_364' title='bbox 570 1939 734 1978; x_wconf 87' lang='lat' dir='ltr'>cavendi</span> <span class='ocrx_word' id='word_1_365' title='bbox 751 1952 882 1987; x_wconf 89' lang='lat' dir='ltr'>causa,</span> <span class='ocrx_word' id='word_1_366' title='bbox 904 1941 1204 1978; x_wconf 78' lang='lat' dir='ltr'>misericordiam</span> 
     </span>
     <span class='ocr_line' id='line_1_74' title="bbox 208 1998 1206 2051; baseline -0.003 -12"><span class='ocrx_word' id='word_1_367' title='bbox 208 2007 211 2009; x_wconf 71' lang='grc'>’</span> <span class='ocrx_word' id='word_1_368' title='bbox 231 1998 234 2001; x_wconf 44' lang='grc'>“</span> <span class='ocrx_word' id='word_1_369' title='bbox 258 2015 275 2030; x_wconf 56' lang='grc' dir='ltr'>ι’</span> <span class='ocrx_word' id='word_1_370' title='bbox 294 2004 486 2051; x_wconf 68' lang='lat' dir='ltr'>memque</span> <span class='ocrx_word' id='word_1_371' title='bbox 527 2002 764 2045; x_wconf 81' lang='lat' dir='ltr'>clementioe‚·</span> <span class='ocrx_word' id='word_1_372' title='bbox 802 1999 926 2051; x_wconf 87' lang='lat' dir='ltr'>ipsam</span> <span class='ocrx_word' id='word_1_373' title='bbox 964 1998 1206 2038; x_wconf 87' lang='lat' dir='ltr'>iracundiam</span> 
     </span>
     <span class='ocr_line' id='line_1_75' title="bbox 206 2054 1205 2110; baseline -0.001 -12"><span class='ocrx_word' id='word_1_374' title='bbox 206 2054 243 2106; x_wconf 46' lang='lat'>„¹¹</span> <span class='ocrx_word' id='word_1_375' title='bbox 296 2057 390 2098; x_wconf 84' lang='lat' dir='ltr'>·‘nis</span> <span class='ocrx_word' id='word_1_376' title='bbox 417 2057 529 2110; x_wconf 86' lang='lat' dir='ltr'>quasi</span> <span class='ocrx_word' id='word_1_377' title='bbox 561 2066 685 2097; x_wconf 89' lang='lat' dir='ltr'>cotem</span> <span class='ocrx_word' id='word_1_378' title='bbox 719 2071 804 2096; x_wconf 90' lang='lat' dir='ltr'>esse</span> <span class='ocrx_word' id='word_1_379' title='bbox 838 2057 1033 2098; x_wconf 88' lang='lat' dir='ltr'>dicebant.</span> <span class='ocrx_word' id='word_1_380' title='bbox 1067 2075 1084 2093; x_wconf 69' lang='lat' dir='ltr'>n</span> <span class='ocrx_word' id='word_1_381' title='bbox 1115 2058 1205 2097; x_wconf 87' lang='lat' dir='ltr'>Haec</span> 
     </span>
     <span class='ocr_line' id='line_1_76' title="bbox 202 2116 1207 2171; baseline -0.002 -13"><span class='ocrx_word' id='word_1_382' title='bbox 202 2135 236 2153; x_wconf 76' lang='grc' dir='ltr'>ιιι</span> <span class='ocrx_word' id='word_1_383' title='bbox 284 2131 406 2171; x_wconf 85' lang='lat' dir='ltr'>quum</span> <span class='ocrx_word' id='word_1_384' title='bbox 423 2131 495 2157; x_wconf 83' lang='lat' dir='ltr'>nec</span> <span class='ocrx_word' id='word_1_385' title='bbox 508 2116 716 2156; x_wconf 87' lang='lat' dir='ltr'>Xenocrati</span> <span class='ocrx_word' id='word_1_386' title='bbox 735 2130 805 2156; x_wconf 90' lang='lat' dir='ltr'>nec</span> <span class='ocrx_word' id='word_1_387' title='bbox 821 2117 1023 2156; x_wconf 90' lang='lat' dir='ltr'>Polemoni</span> <span class='ocrx_word' id='word_1_388' title='bbox 1038 2117 1207 2162; x_wconf 82' lang='grc' dir='ltr'>ἀπαθείας</span> 
     </span>
     <span class='ocr_line' id='line_1_77' title="bbox 115 2176 1205 2243; baseline -0.001 -26.988"><span class='ocrx_word' id='word_1_389' title='bbox 115 2195 158 2243; x_wconf 62' lang='lat'>3³2</span> <span class='ocrx_word' id='word_1_390' title='bbox 227 2176 542 2227; x_wconf 53' lang='lat' dir='ltr'>stosisassignari</span> <span class='ocrx_word' id='word_1_391' title='bbox 573 2176 742 2229; x_wconf 84' lang='lat' dir='ltr'>possint,</span> <span class='ocrx_word' id='word_1_392' title='bbox 773 2189 974 2227; x_wconf 87' lang='lat' dir='ltr'>quumque</span> <span class='ocrx_word' id='word_1_393' title='bbox 1010 2176 1205 2215; x_wconf 88' lang='lat' dir='ltr'>simillima</span> 
     </span>
     <span class='ocr_line' id='line_1_78' title="bbox 126 2231 1206 2290; baseline -0.001 -13.981"><span class='ocrx_word' id='word_1_394' title='bbox 126 2231 230 2290; x_wconf 61' lang='lat' dir='ltr'>mut</span> <span class='ocrx_word' id='word_1_395' title='bbox 243 2235 409 2276; x_wconf 79' lang='lat' dir='ltr'>aliorum</span> <span class='ocrx_word' id='word_1_396' title='bbox 422 2235 622 2274; x_wconf 83' lang='lat' dir='ltr'>Plutarchi</span> <span class='ocrx_word' id='word_1_397' title='bbox 633 2235 853 2274; x_wconf 90' lang='lat' dir='ltr'>dictorum:</span> <span class='ocrx_word' id='word_1_398' title='bbox 870 2236 1078 2275; x_wconf 88' lang='lat' dir='ltr'>sententias</span> <span class='ocrx_word' id='word_1_399' title='bbox 1093 2250 1206 2275; x_wconf 90' lang='lat' dir='ltr'>nemo</span> 
     </span>
     <span class='ocr_line' id='line_1_79' title="bbox 102 2294 1207 2363; baseline -0.003 -25.895"><span class='ocrx_word' id='word_1_400' title='bbox 102 2295 316 2363; x_wconf 48' lang='lat' dir='ltr'>&amp;legabit</span> <span class='ocrx_word' id='word_1_401' title='bbox 332 2309 356 2336; x_wconf 90' lang='lat' dir='ltr'>e</span> <span class='ocrx_word' id='word_1_402' title='bbox 366 2295 569 2335; x_wconf 79' lang='lat' dir='ltr'>Crantoris</span> <span class='ocrx_word' id='word_1_403' title='bbox 582 2294 780 2334; x_wconf 82' lang='lat' dir='ltr'>volumine</span> <span class='ocrx_word' id='word_1_404' title='bbox 796 2307 881 2333; x_wconf 87' lang='lat' dir='ltr'>esse</span> <span class='ocrx_word' id='word_1_405' title='bbox 899 2294 1055 2346; x_wconf 89' lang='lat' dir='ltr'>petitas,</span> <span class='ocrx_word' id='word_1_406' title='bbox 1072 2310 1207 2348; x_wconf 87' lang='lat' dir='ltr'>quam-</span> 
     </span>
     <span class='ocr_line' id='line_1_80' title="bbox 106 2350 1207 2396; baseline -0.001 -1"><span class='ocrx_word' id='word_1_407' title='bbox 106 2365 126 2378; x_wconf 80' lang='grc'><strong>”</strong></span> <span class='ocrx_word' id='word_1_408' title='bbox 227 2377 258 2390; x_wconf 82' lang='grc' dir='ltr'>ιιι</span> <span class='ocrx_word' id='word_1_409' title='bbox 286 2350 428 2396; x_wconf 80' lang='lat' dir='ltr'>veteris</span> <span class='ocrx_word' id='word_1_410' title='bbox 450 2354 671 2394; x_wconf 72' lang='lat' dir='ltr'>Academici</span> <span class='ocrx_word' id='word_1_411' title='bbox 685 2354 903 2393; x_wconf 89' lang='lat' dir='ltr'>orationem</span> <span class='ocrx_word' id='word_1_412' title='bbox 920 2367 941 2392; x_wconf 91' lang='lat' dir='ltr'>a</span> <span class='ocrx_word' id='word_1_413' title='bbox 955 2354 1207 2396; x_wconf 87' lang='lat' dir='ltr'>Chaeronensi</span> 
     </span>
     <span class='ocr_line' id='line_1_81' title="bbox 203 2412 1208 2469; baseline 0.004 -19"><span class='ocrx_word' id='word_1_414' title='bbox 203 2425 224 2450; x_wconf 68' lang='grc' dir='ltr'>ἰ</span> <span class='ocrx_word' id='word_1_415' title='bbox 246 2435 297 2451; x_wconf 44' lang='grc' dir='ltr'>ιι.</span> <span class='ocrx_word' id='word_1_416' title='bbox 307 2414 388 2469; x_wconf 83' lang='lat' dir='ltr'>pho</span> <span class='ocrx_word' id='word_1_417' title='bbox 407 2414 681 2469; x_wconf 87' lang='lat' dir='ltr'>interpolatam</span> <span class='ocrx_word' id='word_1_418' title='bbox 701 2426 807 2462; x_wconf 88' lang='lat' dir='ltr'>esse,</span> <span class='ocrx_word' id='word_1_419' title='bbox 827 2412 1014 2452; x_wconf 88' lang='lat' dir='ltr'>credibile</span> <span class='ocrx_word' id='word_1_420' title='bbox 1033 2424 1104 2454; x_wconf 88' lang='lat' dir='ltr'>est.</span> <span class='ocrx_word' id='word_1_421' title='bbox 1129 2415 1208 2454; x_wconf 92' lang='lat' dir='ltr'>Cur</span> 
     </span>
     <span class='ocr_line' id='line_1_82' title="bbox 280 2472 1205 2522; baseline -0.001 -7.073"><span class='ocrx_word' id='word_1_422' title='bbox 280 2472 285 2477; x_wconf 56' lang='grc'><em>“</em></span> <span class='ocrx_word' id='word_1_423' title='bbox 323 2488 405 2515; x_wconf 80' lang='lat' dir='ltr'>nou</span> <span class='ocrx_word' id='word_1_424' title='bbox 435 2482 560 2514; x_wconf 89' lang='lat' dir='ltr'>totum</span> <span class='ocrx_word' id='word_1_425' title='bbox 587 2475 717 2514; x_wconf 90' lang='lat' dir='ltr'>locum</span> <span class='ocrx_word' id='word_1_426' title='bbox 752 2474 934 2522; x_wconf 85' lang='lat' dir='ltr'>verterit,</span> <span class='ocrx_word' id='word_1_427' title='bbox 967 2474 1036 2513; x_wconf 89' lang='lat' dir='ltr'>sed</span> <span class='ocrx_word' id='word_1_428' title='bbox 1068 2488 1205 2514; x_wconf 89' lang='lat' dir='ltr'>eorum</span> 
     </span>
     <span class='ocr_line' id='line_1_83' title="bbox 201 2532 1207 2588; baseline -0.001 -15"><span class='ocrx_word' id='word_1_429' title='bbox 201 2558 208 2581; x_wconf 54' lang='grc' dir='ltr'>ι</span> <span class='ocrx_word' id='word_1_430' title='bbox 229 2563 232 2567; x_wconf 88' lang='grc'><strong>-</strong></span> <span class='ocrx_word' id='word_1_431' title='bbox 251 2532 357 2588; x_wconf 69' lang='lat' dir='ltr'>apud</span> <span class='ocrx_word' id='word_1_432' title='bbox 373 2533 628 2573; x_wconf 86' lang='lat' dir='ltr'>Plutarchum</span> <span class='ocrx_word' id='word_1_433' title='bbox 650 2541 805 2572; x_wconf 86' lang='lat' dir='ltr'>exstant</span> <span class='ocrx_word' id='word_1_434' title='bbox 822 2541 973 2584; x_wconf 89' lang='lat' dir='ltr'>partem</span> <span class='ocrx_word' id='word_1_435' title='bbox 990 2535 1207 2585; x_wconf 83' lang='lat' dir='ltr'>praetermi-</span> 
     </span>
     <span class='ocr_line' id='line_1_84' title="bbox 203 2591 1207 2646; baseline 0 -14"><span class='ocrx_word' id='word_1_436' title='bbox 203 2603 219 2638; x_wconf 58' lang='grc' dir='ltr'><em>ᾖ</em></span> <span class='ocrx_word' id='word_1_437' title='bbox 278 2602 458 2646; x_wconf 72' lang='lat' dir='ltr'>quaerere</span> <span class='ocrx_word' id='word_1_438' title='bbox 486 2605 821 2645; x_wconf 83' lang='lat' dir='ltr'>supervacaneum</span> <span class='ocrx_word' id='word_1_439' title='bbox 844 2591 1082 2643; x_wconf 89' lang='lat' dir='ltr'>judicamus.</span> <span class='ocrx_word' id='word_1_440' title='bbox 1119 2593 1207 2632; x_wconf 89' lang='lat' dir='ltr'>Fuit</span> 
     </span>
     <span class='ocr_line' id='line_1_85' title="bbox 131 2646 1207 2704; baseline -0.002 -12"><span class='ocrx_word' id='word_1_441' title='bbox 131 2660 134 2667; x_wconf 93' lang='grc'><strong>’</strong></span> <span class='ocrx_word' id='word_1_442' title='bbox 272 2646 430 2692; x_wconf 78' lang='lat' dir='ltr'>Tullius</span> <span class='ocrx_word' id='word_1_443' title='bbox 448 2651 567 2692; x_wconf 83' lang='lat' dir='ltr'>homo</span> <span class='ocrx_word' id='word_1_444' title='bbox 585 2652 647 2692; x_wconf 86' lang='lat' dir='ltr'>sui</span> <span class='ocrx_word' id='word_1_445' title='bbox 666 2651 804 2704; x_wconf 88' lang='lat' dir='ltr'>judicii</span> <span class='ocrx_word' id='word_1_446' title='bbox 818 2685 828 2703; x_wconf 92' lang='lat'>‚</span> <span class='ocrx_word' id='word_1_447' title='bbox 846 2652 914 2704; x_wconf 86' lang='lat' dir='ltr'>qui</span> <span class='ocrx_word' id='word_1_448' title='bbox 936 2652 1052 2691; x_wconf 88' lang='lat' dir='ltr'>etiam</span> <span class='ocrx_word' id='word_1_449' title='bbox 1072 2654 1207 2693; x_wconf 90' lang='lat' dir='ltr'>eadem</span> 
     </span>
     <span class='ocr_line' id='line_1_86' title="bbox 129 2711 1206 2764; baseline -0.001 -12"><span class='ocrx_word' id='word_1_450' title='bbox 129 2756 134 2762; x_wconf 37' lang='lat'>¹</span> <span class='ocrx_word' id='word_1_451' title='bbox 324 2725 348 2751; x_wconf 85' lang='lat' dir='ltr'>a</span> <span class='ocrx_word' id='word_1_452' title='bbox 372 2711 492 2752; x_wconf 86' lang='lat' dir='ltr'>modo</span> <span class='ocrx_word' id='word_1_453' title='bbox 511 2711 648 2751; x_wconf 84' lang='lat' dir='ltr'>sectari</span> <span class='ocrx_word' id='word_1_454' title='bbox 677 2711 795 2750; x_wconf 89' lang='lat' dir='ltr'>modo</span> <span class='ocrx_word' id='word_1_455' title='bbox 827 2712 1028 2764; x_wconf 88' lang='lat' dir='ltr'>aspernari</span> <span class='ocrx_word' id='word_1_456' title='bbox 1050 2712 1206 2751; x_wconf 80' lang='lat' dir='ltr'>videre-</span> 
     </span>
     <span class='ocr_line' id='line_1_87' title="bbox 142 2771 1207 2827; baseline -0.005 -12"><span class='ocrx_word' id='word_1_457' title='bbox 142 2772 387 2827; x_wconf 53' lang='grc' dir='ltr'>,ζωιὶιῳιε</span> <span class='ocrx_word' id='word_1_458' title='bbox 410 2785 491 2811; x_wconf 89' lang='lat' dir='ltr'>non</span> <span class='ocrx_word' id='word_1_459' title='bbox 509 2771 696 2810; x_wconf 83' lang='lat' dir='ltr'>miramur</span> <span class='ocrx_word' id='word_1_460' title='bbox 712 2779 906 2810; x_wconf 86' lang='lat' dir='ltr'>oratorem</span> <span class='ocrx_word' id='word_1_461' title='bbox 925 2771 1142 2811; x_wconf 85' lang='lat' dir='ltr'>Romanum</span> <span class='ocrx_word' id='word_1_462' title='bbox 1163 2773 1207 2810; x_wconf 86' lang='lat' dir='ltr'>in</span> 
     </span>
     <span class='ocr_line' id='line_1_88' title="bbox 139 2830 1208 2884; baseline 0 -14"><span class='ocrx_word' id='word_1_463' title='bbox 139 2834 152 2848; x_wconf 89' lang='grc'>”</span> <span class='ocrx_word' id='word_1_464' title='bbox 215 2836 234 2883; x_wconf 47' lang='lat' dir='ltr'>J</span> <span class='ocrx_word' id='word_1_465' title='bbox 266 2831 447 2880; x_wconf 81' lang='lat' dir='ltr'>latione,</span> <span class='ocrx_word' id='word_1_466' title='bbox 467 2843 557 2884; x_wconf 85' lang='lat' dir='ltr'>quae</span> <span class='ocrx_word' id='word_1_467' title='bbox 574 2830 789 2879; x_wconf 84' lang='lat' dir='ltr'>intercidit,</span> <span class='ocrx_word' id='word_1_468' title='bbox 820 2830 1020 2870; x_wconf 87' lang='lat' dir='ltr'>Crantoris</span> <span class='ocrx_word' id='word_1_469' title='bbox 1038 2832 1208 2882; x_wconf 86' lang='lat' dir='ltr'>vestigiis</span> 
     </span>
     <span class='ocr_line' id='line_1_89' title="bbox 102 2883 1207 2942; baseline 0 -12"><span class='ocrx_word' id='word_1_470' title='bbox 102 2883 106 2895; x_wconf 68' lang='lat'><strong><em>¹</em></strong></span> <span class='ocrx_word' id='word_1_471' title='bbox 143 2890 151 2942; x_wconf 45' lang='lat' dir='ltr'>‘j</span> <span class='ocrx_word' id='word_1_472' title='bbox 170 2892 181 2903; x_wconf 71' lang='lat'><strong>²</strong></span> <span class='ocrx_word' id='word_1_473' title='bbox 212 2903 391 2940; x_wconf 43' lang='lat' dir='ltr'>smum,</span> <span class='ocrx_word' id='word_1_474' title='bbox 419 2898 550 2930; x_wconf 86' lang='lat' dir='ltr'>tamen</span> <span class='ocrx_word' id='word_1_475' title='bbox 572 2889 733 2929; x_wconf 88' lang='lat' dir='ltr'>Tuscul.</span> <span class='ocrx_word' id='word_1_476' title='bbox 763 2889 829 2938; x_wconf 89' lang='lat' dir='ltr'>IV,</span> <span class='ocrx_word' id='word_1_477' title='bbox 857 2905 904 2940; x_wconf 87' lang='lat'>19</span> <span class='ocrx_word' id='word_1_478' title='bbox 933 2904 1041 2942; x_wconf 84' lang='lat' dir='ltr'>seqq.</span> <span class='ocrx_word' id='word_1_479' title='bbox 1068 2890 1154 2942; x_wconf 87' lang='lat' dir='ltr'>ejus</span> <span class='ocrx_word' id='word_1_480' title='bbox 1169 2901 1207 2930; x_wconf 92' lang='lat' dir='ltr'>et</span> 
     </span>
     <span class='ocr_line' id='line_1_90' title="bbox 150 2949 1208 3006; baseline -0.003 -14"><span class='ocrx_word' id='word_1_481' title='bbox 150 2973 152 2976; x_wconf 88' lang='lat'><em>·</em></span> <span class='ocrx_word' id='word_1_482' title='bbox 170 2965 172 2968; x_wconf 83' lang='grc'><strong>’</strong></span> <span class='ocrx_word' id='word_1_483' title='bbox 188 2954 208 2980; x_wconf 65' lang='grc'>’-</span> <span class='ocrx_word' id='word_1_484' title='bbox 228 2950 510 3006; x_wconf 56' lang='grc' dir='ltr'>ἰιιεῑίοοτιιιιι</span> <span class='ocrx_word' id='word_1_485' title='bbox 529 2951 580 2989; x_wconf 90' lang='lat' dir='ltr'>de</span> <span class='ocrx_word' id='word_1_486' title='bbox 599 2949 959 3003; x_wconf 87' lang='lat' dir='ltr'>perturbationibus</span> <span class='ocrx_word' id='word_1_487' title='bbox 986 2951 1128 3002; x_wconf 88' lang='lat' dir='ltr'>placita</span> <span class='ocrx_word' id='word_1_488' title='bbox 1148 2964 1208 2989; x_wconf 89' lang='lat' dir='ltr'>re-</span> 
     </span>
     <span class='ocr_line' id='line_1_91' title="bbox 258 3008 1205 3068; baseline -0.003 -18.312"><span class='ocrx_word' id='word_1_489' title='bbox 258 3016 261 3017; x_wconf 72' lang='grc'>’</span> <span class='ocrx_word' id='word_1_490' title='bbox 277 3029 286 3068; x_wconf 72' lang='lat'>&#39;.</span> <span class='ocrx_word' id='word_1_491' title='bbox 324 3009 442 3058; x_wconf 85' lang='lat' dir='ltr'>Quod</span> <span class='ocrx_word' id='word_1_492' title='bbox 465 3023 563 3049; x_wconf 86' lang='lat' dir='ltr'>vero</span> <span class='ocrx_word' id='word_1_493' title='bbox 577 3009 675 3057; x_wconf 78' lang='lat' dir='ltr'>dixi,</span> <span class='ocrx_word' id='word_1_494' title='bbox 694 3008 951 3048; x_wconf 85' lang='lat' dir='ltr'>Xenocratem</span> <span class='ocrx_word' id='word_1_495' title='bbox 971 3018 1009 3048; x_wconf 87' lang='lat' dir='ltr'>et</span> <span class='ocrx_word' id='word_1_496' title='bbox 1028 3010 1205 3048; x_wconf 88' lang='lat' dir='ltr'>Polemo-</span> 
     </span>
    </p>
   </div>
   <div class='ocr_carea' id='block_1_19' title="bbox 1264 1348 2324 3064">
    <p class='ocr_par' dir='ltr' id='par_1_19' title="bbox 1264 1348 2322 1636">
     <span class='ocr_line' id='line_1_92' title="bbox 1264 1348 2318 1403; baseline -0.003 -14"><span class='ocrx_word' id='word_1_497' title='bbox 1264 1350 1588 1403; x_wconf 89' lang='lat' dir='ltr'>philosophorum</span> <span class='ocrx_word' id='word_1_498' title='bbox 1626 1349 1771 1389; x_wconf 88' lang='lat' dir='ltr'>scholis</span> <span class='ocrx_word' id='word_1_499' title='bbox 1808 1349 1878 1387; x_wconf 89' lang='lat' dir='ltr'>illa</span> <span class='ocrx_word' id='word_1_500' title='bbox 1922 1348 1966 1386; x_wconf 90' lang='lat' dir='ltr'>in</span> <span class='ocrx_word' id='word_1_501' title='bbox 2001 1361 2044 1386; x_wconf 86' lang='lat' dir='ltr'>re</span> <span class='ocrx_word' id='word_1_502' title='bbox 2078 1348 2318 1388; x_wconf 83' lang='lat' dir='ltr'>dissensisse.</span> 
     </span>
     <span class='ocr_line' id='line_1_93' title="bbox 1265 1406 2322 1462; baseline -0.004 -14"><span class='ocrx_word' id='word_1_503' title='bbox 1265 1409 1379 1449; x_wconf 90' lang='lat' dir='ltr'>Solos</span> <span class='ocrx_word' id='word_1_504' title='bbox 1398 1409 1611 1462; x_wconf 86' lang='lat' dir='ltr'>excipimus</span> <span class='ocrx_word' id='word_1_505' title='bbox 1625 1408 1888 1461; x_wconf 86' lang='lat' dir='ltr'>Epicureos,a</span> <span class='ocrx_word' id='word_1_506' title='bbox 1907 1406 2055 1459; x_wconf 90' lang='lat' dir='ltr'>quibus</span> <span class='ocrx_word' id='word_1_507' title='bbox 2074 1420 2160 1445; x_wconf 86' lang='lat' dir='ltr'>eum</span> <span class='ocrx_word' id='word_1_508' title='bbox 2177 1407 2322 1457; x_wconf 78' lang='lat' dir='ltr'>dogma</span> 
     </span>
     <span class='ocr_line' id='line_1_94' title="bbox 1265 1466 2322 1512; baseline -0.005 -4"><span class='ocrx_word' id='word_1_509' title='bbox 1265 1482 1379 1508; x_wconf 90' lang='lat' dir='ltr'>suum</span> <span class='ocrx_word' id='word_1_510' title='bbox 1399 1477 1616 1508; x_wconf 88' lang='lat' dir='ltr'>mutuatum</span> <span class='ocrx_word' id='word_1_511' title='bbox 1641 1481 1725 1507; x_wconf 89' lang='lat' dir='ltr'>esse</span> <span class='ocrx_word' id='word_1_512' title='bbox 1754 1481 1869 1506; x_wconf 89' lang='lat' dir='ltr'>nemo</span> <span class='ocrx_word' id='word_1_513' title='bbox 1889 1466 2108 1505; x_wconf 86' lang='lat' dir='ltr'>contendet.</span> <span class='ocrx_word' id='word_1_514' title='bbox 2129 1466 2322 1512; x_wconf 84' lang='lat' dir='ltr'>Quocirca</span> 
     </span>
     <span class='ocr_line' id='line_1_95' title="bbox 1265 1524 2321 1578; baseline -0.006 -12"><span class='ocrx_word' id='word_1_515' title='bbox 1265 1537 1390 1567; x_wconf 89' lang='lat' dir='ltr'>totum</span> <span class='ocrx_word' id='word_1_516' title='bbox 1404 1556 1416 1576; x_wconf 94' lang='lat'>,</span> <span class='ocrx_word' id='word_1_517' title='bbox 1454 1540 1572 1578; x_wconf 88' lang='lat' dir='ltr'>quem</span> <span class='ocrx_word' id='word_1_518' title='bbox 1613 1538 1637 1566; x_wconf 85' lang='lat' dir='ltr'>e</span> <span class='ocrx_word' id='word_1_519' title='bbox 1675 1525 1889 1565; x_wconf 83' lang='lat' dir='ltr'>Plutarcho</span> <span class='ocrx_word' id='word_1_520' title='bbox 1929 1524 2152 1572; x_wconf 87' lang='lat' dir='ltr'>attulimus,</span> <span class='ocrx_word' id='word_1_521' title='bbox 2193 1525 2321 1562; x_wconf 90' lang='lat' dir='ltr'>locum</span> 
     </span>
     <span class='ocr_line' id='line_1_96' title="bbox 1265 1582 2083 1636; baseline -0.005 -9"><span class='ocrx_word' id='word_1_522' title='bbox 1265 1586 1448 1627; x_wconf 84' lang='lat' dir='ltr'>Crantori</span> <span class='ocrx_word' id='word_1_523' title='bbox 1466 1586 1664 1626; x_wconf 79' lang='lat' dir='ltr'>vindicare</span> <span class='ocrx_word' id='word_1_524' title='bbox 1680 1599 1761 1624; x_wconf 90' lang='lat' dir='ltr'>non</span> <span class='ocrx_word' id='word_1_525' title='bbox 1781 1584 2053 1636; x_wconf 88' lang='lat' dir='ltr'>gravabimur.</span> <span class='ocrx_word' id='word_1_526' title='bbox 2071 1582 2083 1635; x_wconf 94' lang='lat'>)</span> 
     </span>
    </p>

    <p class='ocr_par' dir='ltr' id='par_1_20' title="bbox 1264 1640 2324 2528">
     <span class='ocr_line' id='line_1_97' title="bbox 1320 1640 2320 1695; baseline -0.006 -11"><span class='ocrx_word' id='word_1_527' title='bbox 1320 1659 1350 1684; x_wconf 83' lang='lat'>9.</span> <span class='ocrx_word' id='word_1_528' title='bbox 1379 1644 1526 1689; x_wconf 83' lang='grc' dir='ltr'>Τούτοις</span> <span class='ocrx_word' id='word_1_529' title='bbox 1557 1643 1594 1682; x_wconf 83' lang='grc' dir='ltr'>δὲ</span> <span class='ocrx_word' id='word_1_530' title='bbox 1617 1643 1800 1694; x_wconf 81' lang='grc' dir='ltr'>ἑπομένως</span> <span class='ocrx_word' id='word_1_531' title='bbox 1828 1642 1888 1682; x_wconf 80' lang='grc' dir='ltr'>καὶ</span> <span class='ocrx_word' id='word_1_532' title='bbox 1915 1645 1932 1681; x_wconf 84' lang='grc' dir='ltr'>ὁ</span> <span class='ocrx_word' id='word_1_533' title='bbox 1955 1640 2128 1695; x_wconf 79' lang='grc' dir='ltr'>Κράντωρ</span> <span class='ocrx_word' id='word_1_534' title='bbox 2148 1654 2320 1693; x_wconf 88' lang='grc' dir='ltr'>παραμυ-</span> 
     </span>
     <span class='ocr_line' id='line_1_98' title="bbox 1265 1697 2321 1775; baseline -0.007 -32"><span class='ocrx_word' id='word_1_535' title='bbox 1265 1704 1454 1775; x_wconf 44' lang='grc' dir='ltr'>θούμενοςη</span> <span class='ocrx_word' id='word_1_536' title='bbox 1465 1702 1524 1742; x_wconf 81' lang='grc' dir='ltr'>ἐπὶ</span> <span class='ocrx_word' id='word_1_537' title='bbox 1554 1705 1599 1756; x_wconf 84' lang='grc' dir='ltr'>τῇ</span> <span class='ocrx_word' id='word_1_538' title='bbox 1620 1706 1689 1742; x_wconf 85' lang='grc' dir='ltr'>τῶν</span> <span class='ocrx_word' id='word_1_539' title='bbox 1715 1702 1847 1742; x_wconf 86' lang='grc' dir='ltr'>τέκνων</span> <span class='ocrx_word' id='word_1_540' title='bbox 1874 1703 2020 1752; x_wconf 84' lang='grc' dir='ltr'>τελευτῇ</span> <span class='ocrx_word' id='word_1_541' title='bbox 2043 1699 2103 1739; x_wconf 72' lang='grc' dir='ltr'>τὸν</span> <span class='ocrx_word' id='word_1_542' title='bbox 2127 1697 2321 1738; x_wconf 88' lang='grc' dir='ltr'>Ἱπποκλέα</span> 
     </span>
     <span class='ocr_line' id='line_1_99' title="bbox 1265 1756 2323 1817; baseline -0.007 -15"><span class='ocrx_word' id='word_1_543' title='bbox 1265 1763 1365 1817; x_wconf 80' lang='grc' dir='ltr'>φησί·</span> <span class='ocrx_word' id='word_1_544' title='bbox 1387 1778 1501 1801; x_wconf 86' lang='grc' dir='ltr'>ταυτα</span> <span class='ocrx_word' id='word_1_545' title='bbox 1524 1761 1594 1816; x_wconf 80' lang='grc' dir='ltr'>γὰρ</span> <span class='ocrx_word' id='word_1_546' title='bbox 1613 1767 1712 1800; x_wconf 82' lang='grc' dir='ltr'>πᾶσα</span> <span class='ocrx_word' id='word_1_547' title='bbox 1731 1763 1753 1809; x_wconf 87' lang='grc' dir='ltr'>ἡ</span> <span class='ocrx_word' id='word_1_548' title='bbox 1781 1760 1916 1814; x_wconf 79' lang='grc' dir='ltr'>ἀρχαία</span> <span class='ocrx_word' id='word_1_549' title='bbox 1942 1758 2033 1807; x_wconf 88' lang='grc' dir='ltr'>αυτη</span> <span class='ocrx_word' id='word_1_550' title='bbox 2054 1756 2243 1812; x_wconf 76' lang='grc' dir='ltr'>φιλοσοφία</span> <span class='ocrx_word' id='word_1_551' title='bbox 2261 1756 2323 1796; x_wconf 91' lang='grc' dir='ltr'>λέ-</span> 
     </span>
     <span class='ocr_line' id='line_1_100' title="bbox 1264 1814 2322 1875; baseline -0.007 -14"><span class='ocrx_word' id='word_1_552' title='bbox 1264 1837 1320 1875; x_wconf 86' lang='grc' dir='ltr'>γει</span> <span class='ocrx_word' id='word_1_553' title='bbox 1334 1838 1374 1862; x_wconf 90' lang='grc' dir='ltr'>τε</span> <span class='ocrx_word' id='word_1_554' title='bbox 1396 1838 1458 1861; x_wconf 88' lang='grc' dir='ltr'>και</span> <span class='ocrx_word' id='word_1_555' title='bbox 1480 1820 1774 1872; x_wconf 76' lang='grc' dir='ltr'>παρακελεύεται·</span> <span class='ocrx_word' id='word_1_556' title='bbox 1796 1814 1846 1860; x_wconf 68' lang='grc' dir='ltr'>ὧν</span> <span class='ocrx_word' id='word_1_557' title='bbox 1874 1820 1904 1859; x_wconf 80' lang='grc' dir='ltr'>εἰ</span> <span class='ocrx_word' id='word_1_558' title='bbox 1926 1819 1968 1867; x_wconf 82' lang='grc' dir='ltr'>δή</span> <span class='ocrx_word' id='word_1_559' title='bbox 1990 1834 2025 1857; x_wconf 90' lang='grc' dir='ltr'>τι</span> <span class='ocrx_word' id='word_1_560' title='bbox 2052 1817 2140 1856; x_wconf 89' lang='grc' dir='ltr'>ἄλλο</span> <span class='ocrx_word' id='word_1_561' title='bbox 2159 1816 2208 1867; x_wconf 84' lang='grc' dir='ltr'>μὴ</span> <span class='ocrx_word' id='word_1_562' title='bbox 2230 1819 2322 1855; x_wconf 89' lang='grc' dir='ltr'>ἀπο-</span> 
     </span>
     <span class='ocr_line' id='line_1_101' title="bbox 1265 1871 2319 1934; baseline -0.006 -14"><span class='ocrx_word' id='word_1_563' title='bbox 1265 1881 1458 1934; x_wconf 86' lang='grc' dir='ltr'>δεχόμεθα,</span> <span class='ocrx_word' id='word_1_564' title='bbox 1480 1880 1520 1920; x_wconf 91' lang='grc' dir='ltr'>τό</span> <span class='ocrx_word' id='word_1_565' title='bbox 1547 1896 1587 1933; x_wconf 86' lang='grc' dir='ltr'>γε</span> <span class='ocrx_word' id='word_1_566' title='bbox 1608 1881 1774 1933; x_wconf 81' lang='grc' dir='ltr'>πολλαχῇ</span> <span class='ocrx_word' id='word_1_567' title='bbox 1796 1871 1888 1918; x_wconf 70' lang='grc' dir='ltr'>εἶναι</span> <span class='ocrx_word' id='word_1_568' title='bbox 1910 1876 2046 1930; x_wconf 83' lang='grc' dir='ltr'>ἐργώδη</span> <span class='ocrx_word' id='word_1_569' title='bbox 2070 1876 2130 1916; x_wconf 77' lang='grc' dir='ltr'>καὶ</span> <span class='ocrx_word' id='word_1_570' title='bbox 2151 1875 2319 1915; x_wconf 83' lang='grc' dir='ltr'>δύσκολον</span> 
     </span>
     <span class='ocr_line' id='line_1_102' title="bbox 1264 1934 2322 2013; baseline -0.005 -34"><span class='ocrx_word' id='word_1_571' title='bbox 1264 1938 1324 1980; x_wconf 82' lang='grc' dir='ltr'>τὸν</span> <span class='ocrx_word' id='word_1_572' title='bbox 1347 1939 1435 1993; x_wconf 88' lang='grc' dir='ltr'>βίον,</span> <span class='ocrx_word' id='word_1_573' title='bbox 1458 1939 1546 2013; x_wconf 85' lang='grc' dir='ltr'>ἄγαν</span> <span class='ocrx_word' id='word_1_574' title='bbox 1570 1937 1711 1987; x_wconf 77' lang='grc' dir='ltr'>ἀληθές.</span> <span class='ocrx_word' id='word_1_575' title='bbox 1731 1938 1809 1979; x_wconf 78' lang='grc' dir='ltr'>Καὶ</span> <span class='ocrx_word' id='word_1_576' title='bbox 1833 1938 1902 1991; x_wconf 76' lang='grc' dir='ltr'>γὰρ</span> <span class='ocrx_word' id='word_1_577' title='bbox 1919 1938 1950 1976; x_wconf 85' lang='grc' dir='ltr'>εἷ</span> <span class='ocrx_word' id='word_1_578' title='bbox 1971 1935 2021 1987; x_wconf 86' lang='grc' dir='ltr'>μὴ</span> <span class='ocrx_word' id='word_1_579' title='bbox 2051 1934 2152 1990; x_wconf 82' lang='grc' dir='ltr'>φύσει</span> <span class='ocrx_word' id='word_1_580' title='bbox 2168 1949 2322 1974; x_wconf 86' lang='grc' dir='ltr'>τοιουτον</span> 
     </span>
     <span class='ocr_line' id='line_1_103' title="bbox 1266 1995 2324 2051; baseline -0.005 -14"><span class='ocrx_word' id='word_1_581' title='bbox 1266 1997 1340 2051; x_wconf 84' lang='grc' dir='ltr'>ἔχει</span> <span class='ocrx_word' id='word_1_582' title='bbox 1362 1999 1420 2039; x_wconf 84' lang='grc' dir='ltr'>τὸν</span> <span class='ocrx_word' id='word_1_583' title='bbox 1438 1998 1583 2051; x_wconf 87' lang='grc' dir='ltr'>τρόπον,</span> <span class='ocrx_word' id='word_1_584' title='bbox 1611 1997 1680 2041; x_wconf 79' lang='grc' dir='ltr'>ὑπό</span> <span class='ocrx_word' id='word_1_585' title='bbox 1699 2014 1738 2051; x_wconf 89' lang='grc' dir='ltr'>γε</span> <span class='ocrx_word' id='word_1_586' title='bbox 1758 2000 1859 2050; x_wconf 88' lang='grc' dir='ltr'>ἡμῶν</span> <span class='ocrx_word' id='word_1_587' title='bbox 1881 1998 1928 2040; x_wconf 87' lang='grc' dir='ltr'>εἷς</span> <span class='ocrx_word' id='word_1_588' title='bbox 1946 2011 2049 2035; x_wconf 89' lang='grc' dir='ltr'>τουτο</span> <span class='ocrx_word' id='word_1_589' title='bbox 2079 1996 2225 2049; x_wconf 82' lang='grc' dir='ltr'>ἀφῖκται</span> <span class='ocrx_word' id='word_1_590' title='bbox 2245 1995 2324 2033; x_wconf 86' lang='grc' dir='ltr'>δια-</span> 
     </span>
     <span class='ocr_line' id='line_1_104' title="bbox 1265 2054 2323 2115; baseline -0.004 -18"><span class='ocrx_word' id='word_1_591' title='bbox 1265 2061 1410 2115; x_wconf 80' lang='grc' dir='ltr'>φθορᾶς·</span> <span class='ocrx_word' id='word_1_592' title='bbox 1428 2058 1451 2107; x_wconf 78' lang='grc' dir='ltr'>ἥ</span> <span class='ocrx_word' id='word_1_593' title='bbox 1469 2058 1509 2098; x_wconf 91' lang='grc' dir='ltr'>τ’</span> <span class='ocrx_word' id='word_1_594' title='bbox 1517 2058 1646 2107; x_wconf 87' lang='grc' dir='ltr'>ἄδηλος</span> <span class='ocrx_word' id='word_1_595' title='bbox 1665 2057 1754 2106; x_wconf 76' lang='grc' dir='ltr'>αὕτη</span> <span class='ocrx_word' id='word_1_596' title='bbox 1773 2057 1865 2110; x_wconf 84' lang='grc' dir='ltr'>τύχη</span> <span class='ocrx_word' id='word_1_597' title='bbox 1886 2056 2108 2110; x_wconf 57' lang='grc' dir='ltr'>πόῤῥωθενῦ</span> <span class='ocrx_word' id='word_1_598' title='bbox 2103 2055 2173 2106; x_wconf 84' lang='grc' dir='ltr'>,μῖν</span> <span class='ocrx_word' id='word_1_599' title='bbox 2192 2054 2254 2099; x_wconf 74' lang='grc' dir='ltr'>καὶ</span> <span class='ocrx_word' id='word_1_600' title='bbox 2271 2054 2323 2094; x_wconf 82' lang='grc' dir='ltr'>ἔτι</span> 
     </span>
     <span class='ocr_line' id='line_1_105' title="bbox 1264 2175 2323 2230; baseline -0.003 -14"><span class='ocrx_word' id='word_1_601' title='bbox 1264 2193 1303 2216; x_wconf 89' lang='grc' dir='ltr'>τε</span> <span class='ocrx_word' id='word_1_602' title='bbox 1321 2177 1487 2230; x_wconf 88' lang='grc' dir='ltr'>μίγνυταί</span> <span class='ocrx_word' id='word_1_603' title='bbox 1506 2193 1558 2223; x_wconf 88' lang='grc' dir='ltr'>τις</span> <span class='ocrx_word' id='word_1_604' title='bbox 1570 2179 1604 2216; x_wconf 84' lang='grc' dir='ltr'>ἐν</span> <span class='ocrx_word' id='word_1_605' title='bbox 1625 2184 1714 2217; x_wconf 85' lang='grc' dir='ltr'>πᾶσι</span> <span class='ocrx_word' id='word_1_606' title='bbox 1731 2193 1841 2217; x_wconf 86' lang='grc' dir='ltr'>κακου</span> <span class='ocrx_word' id='word_1_607' title='bbox 1857 2182 1978 2228; x_wconf 87' lang='grc' dir='ltr'>μοῖρα.</span> <span class='ocrx_word' id='word_1_608' title='bbox 1996 2175 2054 2215; x_wconf 83' lang='grc' dir='ltr'>Τὰ</span> <span class='ocrx_word' id='word_1_609' title='bbox 2067 2175 2200 2246; x_wconf 80' lang='grc' dir='ltr'>γάρτοι</span> <span class='ocrx_word' id='word_1_610' title='bbox 2217 2175 2323 2227; x_wconf 73' lang='grc' dir='ltr'>σπέρ-</span> 
     </span>
     <span class='ocr_line' id='line_1_106' title="bbox 1267 2233 2322 2287; baseline -0.003 -12"><span class='ocrx_word' id='word_1_611' title='bbox 1267 2252 1363 2287; x_wconf 89' lang='grc' dir='ltr'>ματα</span> <span class='ocrx_word' id='word_1_612' title='bbox 1385 2235 1482 2281; x_wconf 82' lang='grc' dir='ltr'>εὐθυς</span> <span class='ocrx_word' id='word_1_613' title='bbox 1503 2237 1648 2285; x_wconf 77' lang='grc' dir='ltr'>θνητὰ”</span> <span class='ocrx_word' id='word_1_614' title='bbox 1628 2253 1712 2276; x_wconf 87' lang='grc' dir='ltr'>οντα</span> <span class='ocrx_word' id='word_1_615' title='bbox 1729 2237 1859 2285; x_wconf 85' lang='grc' dir='ltr'>ταύτης</span> <span class='ocrx_word' id='word_1_616' title='bbox 1880 2240 2038 2275; x_wconf 84' lang='grc' dir='ltr'>κοινωνεῖ</span> <span class='ocrx_word' id='word_1_617' title='bbox 2058 2251 2120 2282; x_wconf 86' lang='grc' dir='ltr'>της</span> <span class='ocrx_word' id='word_1_618' title='bbox 2140 2233 2266 2283; x_wconf 83' lang='grc' dir='ltr'>αἰτίας,</span> <span class='ocrx_word' id='word_1_619' title='bbox 2288 2234 2322 2280; x_wconf 78' lang='grc' dir='ltr'>ἐξ</span> 
     </span>
     <span class='ocr_line' id='line_1_107' title="bbox 1266 2290 2320 2349; baseline -0.002 -14"><span class='ocrx_word' id='word_1_620' title='bbox 1266 2290 1310 2344; x_wconf 71' lang='grc' dir='ltr'>ἧς</span> <span class='ocrx_word' id='word_1_621' title='bbox 1328 2294 1438 2349; x_wconf 80' lang='grc' dir='ltr'>ἀφυΐα</span> <span class='ocrx_word' id='word_1_622' title='bbox 1465 2296 1529 2348; x_wconf 83' lang='grc' dir='ltr'>μὲν</span> <span class='ocrx_word' id='word_1_623' title='bbox 1553 2298 1689 2349; x_wconf 76' lang='grc' dir='ltr'>ψυχῆς,</span> <span class='ocrx_word' id='word_1_624' title='bbox 1707 2296 1803 2335; x_wconf 91' lang='grc' dir='ltr'>νόσοι</span> <span class='ocrx_word' id='word_1_625' title='bbox 1829 2312 1868 2335; x_wconf 94' lang='grc' dir='ltr'>τε</span> <span class='ocrx_word' id='word_1_626' title='bbox 1889 2295 1949 2335; x_wconf 79' lang='grc' dir='ltr'>καὶ</span> <span class='ocrx_word' id='word_1_627' title='bbox 1982 2293 2094 2342; x_wconf 84' lang='grc' dir='ltr'>κήδεα</span> <span class='ocrx_word' id='word_1_628' title='bbox 2128 2293 2188 2332; x_wconf 72' lang='grc' dir='ltr'>καὶ</span> <span class='ocrx_word' id='word_1_629' title='bbox 2211 2296 2320 2347; x_wconf 85' lang='grc' dir='ltr'>μοῖρα</span> 
     </span>
     <span class='ocr_line' id='line_1_108' title="bbox 1267 2353 2316 2408; baseline -0.004 -13"><span class='ocrx_word' id='word_1_630' title='bbox 1267 2358 1400 2404; x_wconf 84' lang='grc' dir='ltr'>θνητῶν</span> <span class='ocrx_word' id='word_1_631' title='bbox 1420 2357 1551 2394; x_wconf 82' lang='grc' dir='ltr'>ἐκεῖθεν</span> <span class='ocrx_word' id='word_1_632' title='bbox 1570 2358 1657 2405; x_wconf 86' lang='grc' dir='ltr'>ἡμῖν</span> <span class='ocrx_word' id='word_1_633' title='bbox 1678 2355 1793 2408; x_wconf 84' lang='grc' dir='ltr'>ἕρπει.</span> <span class='ocrx_word' id='word_1_634' title='bbox 1808 2357 1882 2395; x_wconf 86' lang='grc' dir='ltr'>Τοῦ</span> <span class='ocrx_word' id='word_1_635' title='bbox 1900 2354 1942 2403; x_wconf 87' lang='grc' dir='ltr'>δὴ</span> <span class='ocrx_word' id='word_1_636' title='bbox 1963 2354 2068 2407; x_wconf 82' lang='grc' dir='ltr'>χάριν</span> <span class='ocrx_word' id='word_1_637' title='bbox 2089 2353 2316 2407; x_wconf 82' lang='grc' dir='ltr'>ἐτραπόμεθα</span> 
     </span>
     <span class='ocr_line' id='line_1_109' title="bbox 1267 2413 2323 2473; baseline -0.003 -19"><span class='ocrx_word' id='word_1_638' title='bbox 1267 2415 1394 2469; x_wconf 77' lang='grc' dir='ltr'>δεῦρο;</span> <span class='ocrx_word' id='word_1_639' title='bbox 1424 2413 1468 2454; x_wconf 79' lang='grc' dir='ltr'>ἵν’</span> <span class='ocrx_word' id='word_1_640' title='bbox 1491 2414 1685 2473; x_wconf 83' lang='grc' dir='ltr'>εἰδείημεν,</span> <span class='ocrx_word' id='word_1_641' title='bbox 1714 2415 1768 2454; x_wconf 79' lang='grc' dir='ltr'>ὅτι</span> <span class='ocrx_word' id='word_1_642' title='bbox 1799 2414 1919 2454; x_wconf 81' lang='grc' dir='ltr'>καινὸν</span> <span class='ocrx_word' id='word_1_643' title='bbox 1950 2413 2049 2453; x_wconf 83' lang='grc' dir='ltr'>οὐδὲν</span> <span class='ocrx_word' id='word_1_644' title='bbox 2086 2414 2229 2466; x_wconf 82' lang='grc' dir='ltr'>ἀτυχεῖν</span> <span class='ocrx_word' id='word_1_645' title='bbox 2263 2416 2323 2452; x_wconf 87' lang='grc' dir='ltr'>ἀν-</span> 
     </span>
     <span class='ocr_line' id='line_1_110' title="bbox 1267 2472 2060 2528; baseline -0.004 -15"><span class='ocrx_word' id='word_1_646' title='bbox 1267 2472 1417 2528; x_wconf 86' lang='grc' dir='ltr'>θρώπῳ,</span> <span class='ocrx_word' id='word_1_647' title='bbox 1437 2474 1529 2513; x_wconf 80' lang='grc' dir='ltr'>ἀλλὰ</span> <span class='ocrx_word' id='word_1_648' title='bbox 1549 2474 1678 2519; x_wconf 87' lang='grc' dir='ltr'>πάντες</span> <span class='ocrx_word' id='word_1_649' title='bbox 1697 2474 1806 2513; x_wconf 77' lang='grc' dir='ltr'>ταύτὸ</span> <span class='ocrx_word' id='word_1_650' title='bbox 1822 2490 1865 2513; x_wconf 67' lang='grc' dir='ltr'>πε</span> <span class='ocrx_word' id='word_1_651' title='bbox 1853 2473 2060 2523; x_wconf 86' lang='grc' dir='ltr'>πόνθαμεν.</span> 
     </span>
    </p>

    <p class='ocr_par' dir='ltr' id='par_1_21' title="bbox 1267 2531 2323 3064">
     <span class='ocr_line' id='line_1_111' title="bbox 1323 2531 2318 2588; baseline 0 -15"><span class='ocrx_word' id='word_1_652' title='bbox 1323 2533 1583 2588; x_wconf 83' lang='lat' dir='ltr'>(Plutarchus</span> <span class='ocrx_word' id='word_1_653' title='bbox 1601 2533 1761 2576; x_wconf 83' lang='lat' dir='ltr'>Consul,</span> <span class='ocrx_word' id='word_1_654' title='bbox 1788 2535 1836 2573; x_wconf 89' lang='lat' dir='ltr'>ad</span> <span class='ocrx_word' id='word_1_655' title='bbox 1858 2534 1990 2586; x_wconf 87' lang='lat' dir='ltr'>Apoll.</span> <span class='ocrx_word' id='word_1_656' title='bbox 2017 2533 2101 2571; x_wconf 89' lang='lat' dir='ltr'>vol.</span> <span class='ocrx_word' id='word_1_657' title='bbox 2119 2531 2207 2581; x_wconf 75' lang='lat' dir='ltr'>Vll,</span> <span class='ocrx_word' id='word_1_658' title='bbox 2228 2545 2318 2583; x_wconf 85' lang='lat' dir='ltr'>pag.</span> 
     </span>
     <span class='ocr_line' id='line_1_112' title="bbox 1269 2591 2323 2645; baseline -0.003 -13"><span class='ocrx_word' id='word_1_659' title='bbox 1269 2595 1345 2632; x_wconf 77' lang='lat'>322</span> <span class='ocrx_word' id='word_1_660' title='bbox 1362 2607 1445 2645; x_wconf 88' lang='lat' dir='ltr'>seq.</span> <span class='ocrx_word' id='word_1_661' title='bbox 1467 2594 1530 2633; x_wconf 89' lang='lat' dir='ltr'>ed.</span> <span class='ocrx_word' id='word_1_662' title='bbox 1551 2593 1709 2634; x_wconf 90' lang='lat' dir='ltr'>Hutten.</span> <span class='ocrx_word' id='word_1_663' title='bbox 1740 2594 1894 2633; x_wconf 90' lang='lat' dir='ltr'>Ultima</span> <span class='ocrx_word' id='word_1_664' title='bbox 1911 2596 1972 2632; x_wconf 79' lang='grc' dir='ltr'>τοῦ</span> <span class='ocrx_word' id='word_1_665' title='bbox 1994 2591 2036 2640; x_wconf 86' lang='grc' dir='ltr'>δὴ</span> <span class='ocrx_word' id='word_1_666' title='bbox 2061 2592 2167 2644; x_wconf 82' lang='grc' dir='ltr'>χάριν</span> <span class='ocrx_word' id='word_1_667' title='bbox 2197 2603 2323 2642; x_wconf 91' lang='lat' dir='ltr'>usque</span> 
     </span>
     <span class='ocr_line' id='line_1_113' title="bbox 1267 2651 2319 2705; baseline -0.005 -12"><span class='ocrx_word' id='word_1_668' title='bbox 1267 2654 1315 2693; x_wconf 91' lang='lat' dir='ltr'>ad</span> <span class='ocrx_word' id='word_1_669' title='bbox 1349 2652 1572 2704; x_wconf 83' lang='grc' dir='ltr'>πεπόνθαμεν</span> <span class='ocrx_word' id='word_1_670' title='bbox 1601 2666 1651 2694; x_wconf 83' lang='lat' dir='ltr'>ex</span> <span class='ocrx_word' id='word_1_671' title='bbox 1678 2652 1977 2705; x_wconf 83' lang='lat' dir='ltr'>Wyttenbachii</span> <span class='ocrx_word' id='word_1_672' title='bbox 2013 2652 2239 2703; x_wconf 66' lang='lat' dir='ltr'>conjectura</span> <span class='ocrx_word' id='word_1_673' title='bbox 2272 2651 2319 2688; x_wconf 91' lang='lat' dir='ltr'>ad</span> 
     </span>
     <span class='ocr_line' id='line_1_114' title="bbox 1267 2711 2320 2766; baseline -0.002 -14"><span class='ocrx_word' id='word_1_674' title='bbox 1267 2713 1376 2752; x_wconf 89' lang='lat' dir='ltr'>Plut.</span> <span class='ocrx_word' id='word_1_675' title='bbox 1407 2713 1490 2752; x_wconf 88' lang='lat' dir='ltr'>vol.</span> <span class='ocrx_word' id='word_1_676' title='bbox 1519 2712 1599 2764; x_wconf 80' lang='lat' dir='ltr'>VI,</span> <span class='ocrx_word' id='word_1_677' title='bbox 1625 2727 1663 2766; x_wconf 89' lang='lat' dir='ltr'><strong>p.</strong></span> <span class='ocrx_word' id='word_1_678' title='bbox 1697 2718 1771 2763; x_wconf 77' lang='lat'>714</span> <span class='ocrx_word' id='word_1_679' title='bbox 1803 2711 2024 2764; x_wconf 89' lang='lat' dir='ltr'>adjicienda</span> <span class='ocrx_word' id='word_1_680' title='bbox 2051 2725 2136 2752; x_wconf 88' lang='lat' dir='ltr'>esse</span> <span class='ocrx_word' id='word_1_681' title='bbox 2173 2711 2320 2750; x_wconf 81' lang='lat' dir='ltr'>consui.</span> 
     </span>
     <span class='ocr_line' id='line_1_115' title="bbox 1268 2770 2321 2824; baseline -0.004 -13"><span class='ocrx_word' id='word_1_682' title='bbox 1268 2773 1374 2811; x_wconf 88' lang='lat' dir='ltr'>Idem</span> <span class='ocrx_word' id='word_1_683' title='bbox 1400 2772 1662 2824; x_wconf 89' lang='lat' dir='ltr'>Theophrasti</span> <span class='ocrx_word' id='word_1_684' title='bbox 1688 2781 1726 2811; x_wconf 92' lang='lat' dir='ltr'>et</span> <span class='ocrx_word' id='word_1_685' title='bbox 1747 2773 1906 2812; x_wconf 87' lang='lat' dir='ltr'>Homeri</span> <span class='ocrx_word' id='word_1_686' title='bbox 1930 2771 2059 2818; x_wconf 88' lang='lat' dir='ltr'>dicta,</span> <span class='ocrx_word' id='word_1_687' title='bbox 2082 2783 2169 2822; x_wconf 89' lang='lat' dir='ltr'>quae</span> <span class='ocrx_word' id='word_1_688' title='bbox 2201 2770 2242 2807; x_wconf 91' lang='lat' dir='ltr'>in</span> <span class='ocrx_word' id='word_1_689' title='bbox 2259 2782 2321 2808; x_wconf 85' lang='lat' dir='ltr'>se-</span> 
     </span>
     <span class='ocr_line' id='line_1_116' title="bbox 1269 2829 2318 2884; baseline -0.006 -13"><span class='ocrx_word' id='word_1_690' title='bbox 1269 2831 1478 2884; x_wconf 89' lang='lat' dir='ltr'>quentibus</span> <span class='ocrx_word' id='word_1_691' title='bbox 1527 2841 1806 2871; x_wconf 88' lang='lat' dir='ltr'>commemorat</span> <span class='ocrx_word' id='word_1_692' title='bbox 1849 2831 2104 2878; x_wconf 87' lang='lat' dir='ltr'>Plutarchus,</span> <span class='ocrx_word' id='word_1_693' title='bbox 2139 2829 2318 2867; x_wconf 83' lang='lat' dir='ltr'>Crantori</span> 
     </span>
     <span class='ocr_line' id='line_1_117' title="bbox 1268 2889 2321 2943; baseline -0.004 -13"><span class='ocrx_word' id='word_1_694' title='bbox 1268 2891 1408 2939; x_wconf 83' lang='lat' dir='ltr'>deberi</span> <span class='ocrx_word' id='word_1_695' title='bbox 1435 2899 1570 2943; x_wconf 89' lang='lat' dir='ltr'>putat;</span> <span class='ocrx_word' id='word_1_696' title='bbox 1609 2891 1716 2943; x_wconf 91' lang='lat' dir='ltr'>quod</span> <span class='ocrx_word' id='word_1_697' title='bbox 1747 2905 1837 2942; x_wconf 84' lang='lat' dir='ltr'>ego,</span> <span class='ocrx_word' id='word_1_698' title='bbox 1867 2899 1910 2930; x_wconf 90' lang='lat' dir='ltr'>ut</span> <span class='ocrx_word' id='word_1_699' title='bbox 1945 2891 2254 2941; x_wconf 86' lang='lat' dir='ltr'>incompertum,</span> <span class='ocrx_word' id='word_1_700' title='bbox 2283 2889 2321 2936; x_wconf 81' lang='lat' dir='ltr'>in</span> 
     </span>
     <span class='ocr_line' id='line_1_118' title="bbox 1267 2949 2319 3003; baseline -0.003 -14"><span class='ocrx_word' id='word_1_701' title='bbox 1267 2951 1398 2989; x_wconf 91' lang='lat' dir='ltr'>medio</span> <span class='ocrx_word' id='word_1_702' title='bbox 1418 2951 1653 3003; x_wconf 88' lang='lat' dir='ltr'>relinquam.</span> <span class='ocrx_word' id='word_1_703' title='bbox 1674 2951 1740 2990; x_wconf 90' lang='lat' dir='ltr'>Sic</span> <span class='ocrx_word' id='word_1_704' title='bbox 1758 2960 1887 2990; x_wconf 91' lang='lat' dir='ltr'>autem</span> <span class='ocrx_word' id='word_1_705' title='bbox 1910 2950 2039 3003; x_wconf 88' lang='lat' dir='ltr'>pergit</span> <span class='ocrx_word' id='word_1_706' title='bbox 2059 2949 2291 2987; x_wconf 81' lang='lat' dir='ltr'>Plutarchus</span> <span class='ocrx_word' id='word_1_707' title='bbox 2312 2963 2319 2986; x_wconf 94' lang='lat'>:</span> 
     </span>
     <span class='ocr_line' id='line_1_119' title="bbox 1269 3007 2321 3064; baseline -0.004 -15"><span class='ocrx_word' id='word_1_708' title='bbox 1269 3009 1424 3054; x_wconf 89' lang='grc' dir='ltr'>ἄσκοπος</span> <span class='ocrx_word' id='word_1_709' title='bbox 1443 3009 1512 3063; x_wconf 81' lang='grc' dir='ltr'>γὰρ</span> <span class='ocrx_word' id='word_1_710' title='bbox 1530 3012 1554 3058; x_wconf 81' lang='grc' dir='ltr'>ἡ</span> <span class='ocrx_word' id='word_1_711' title='bbox 1576 3011 1669 3063; x_wconf 86' lang='grc' dir='ltr'>τύχη</span> <span class='ocrx_word' id='word_1_712' title='bbox 1692 3010 1820 3064; x_wconf 78' lang='grc' dir='ltr'>(φησὶν</span> <span class='ocrx_word' id='word_1_713' title='bbox 1837 3012 1856 3052; x_wconf 80' lang='grc' dir='ltr'><strong>ὁ</strong></span> <span class='ocrx_word' id='word_1_714' title='bbox 1871 3010 2122 3064; x_wconf 83' lang='grc' dir='ltr'>Θεόφραστος)</span> <span class='ocrx_word' id='word_1_715' title='bbox 2143 3008 2200 3048; x_wconf 68' lang='grc' dir='ltr'>καὶ</span> <span class='ocrx_word' id='word_1_716' title='bbox 2227 3007 2321 3055; x_wconf 83' lang='grc' dir='ltr'>δεινὴ</span> 
     </span>
    </p>
   </div>
   <div class='ocr_carea' id='block_1_20' title="bbox 27 3075 2171 3170">
    <p class='ocr_par' dir='ltr' id='par_1_22' title="bbox 27 3075 2171 3170">
     <span class='ocr_line' id='line_1_120' title="bbox 27 3075 209 3098; baseline 0 0"><span class='ocrx_word' id='word_1_717' title='bbox 27 3085 30 3087; x_wconf 91' lang='grc'>-</span> <span class='ocrx_word' id='word_1_718' title='bbox 155 3075 186 3097; x_wconf 56' lang='grc' dir='ltr'>’ξ’</span> <span class='ocrx_word' id='word_1_719' title='bbox 204 3080 209 3098; x_wconf 76' lang='lat'>1:</span> 
     </span>
     <span class='ocr_line' id='line_1_121' title="bbox 111 3109 2171 3170; baseline -0.002 -16"><span class='ocrx_word' id='word_1_720' title='bbox 111 3131 117 3170; x_wconf 64' lang='grc' dir='ltr'>ἱἶ</span> <span class='ocrx_word' id='word_1_721' title='bbox 126 3134 157 3163; x_wconf 39' lang='grc' dir='ltr'>,Γ</span> <span class='ocrx_word' id='word_1_722' title='bbox 166 3109 213 3151; x_wconf 43' lang='grc' dir='ltr'>ἐξ</span> <span class='ocrx_word' id='word_1_723' title='bbox 1330 3119 2171 3134; x_wconf 80' lang='grc'><em>““-’-“-““-“-“-“</em></span> 
     </span>
    </p>
   </div>
   <div class='ocr_carea' id='block_1_21' title="bbox 0 3091 348 3788">
    <p class='ocr_par' dir='ltr' id='par_1_23' title="bbox 0 3091 348 3788">
     <span class='ocr_line' id='line_1_122' title="bbox 0 3091 348 3299; baseline 0 -67"><span class='ocrx_word' id='word_1_724' title='bbox 0 3091 348 3299; x_wconf 95' lang='lat' dir='ltr'>    </span> 
     </span>
     <span class='ocr_line' id='line_1_123' title="bbox 0 3299 300 3420; baseline 0 0"><span class='ocrx_word' id='word_1_725' title='bbox 0 3299 300 3420; x_wconf 95' lang='lat' dir='ltr'>   </span> 
     </span>
     <span class='ocr_line' id='line_1_124' title="bbox 0 3420 274 3556; baseline 0 -118"><span class='ocrx_word' id='word_1_726' title='bbox 0 3420 274 3556; x_wconf 95' lang='lat' dir='ltr'>    </span> 
     </span>
     <span class='ocr_line' id='line_1_125' title="bbox 0 3556 170 3788; baseline 0 -127"><span class='ocrx_word' id='word_1_727' title='bbox 0 3556 170 3788; x_wconf 95' lang='lat' dir='ltr'>   </span> 
     </span>
    </p>
   </div>
   <div class='ocr_carea' id='block_1_22' title="bbox 123 3165 1210 3575">
    <p class='ocr_par' dir='ltr' id='par_1_24' title="bbox 133 3165 1210 3286">
     <span class='ocr_line' id='line_1_126' title="bbox 133 3165 1208 3233; baseline -0.002 -22"><span class='ocrx_word' id='word_1_728' title='bbox 133 3165 166 3196; x_wconf 58' lang='lat'>&#39;⁵³</span> <span class='ocrx_word' id='word_1_729' title='bbox 147 3172 233 3233; x_wconf 45' lang='lat'>{1335</span> <span class='ocrx_word' id='word_1_730' title='bbox 197 3166 206 3172; x_wconf 55' lang='grc'>’</span> <span class='ocrx_word' id='word_1_731' title='bbox 232 3170 242 3181; x_wconf 45' lang='lat'>‘⁸</span> <span class='ocrx_word' id='word_1_732' title='bbox 220 3171 316 3213; x_wconf 64' lang='lat' dir='ltr'>Eis</span> <span class='ocrx_word' id='word_1_733' title='bbox 329 3174 562 3211; x_wconf 73' lang='lat' dir='ltr'>convenienter</span> <span class='ocrx_word' id='word_1_734' title='bbox 580 3176 680 3210; x_wconf 84' lang='lat' dir='ltr'>etiam</span> <span class='ocrx_word' id='word_1_735' title='bbox 693 3176 834 3209; x_wconf 80' lang='lat' dir='ltr'>Crantor</span> <span class='ocrx_word' id='word_1_736' title='bbox 858 3174 893 3208; x_wconf 88' lang='lat' dir='ltr'>in</span> <span class='ocrx_word' id='word_1_737' title='bbox 917 3175 1148 3209; x_wconf 79' lang='lat' dir='ltr'>consolatione</span> <span class='ocrx_word' id='word_1_738' title='bbox 1165 3175 1208 3209; x_wconf 85' lang='lat' dir='ltr'>ad</span> 
     </span>
     <span class='ocr_line' id='line_1_127' title="bbox 127 3229 1210 3291; baseline 0 -22"><span class='ocrx_word' id='word_1_739' title='bbox 127 3229 181 3291; x_wconf 35' lang='grc' dir='ltr'>’,Γ</span> <span class='ocrx_word' id='word_1_740' title='bbox 324 3233 541 3270; x_wconf 80' lang='lat' dir='ltr'>liberorum</span> <span class='ocrx_word' id='word_1_741' title='bbox 556 3237 666 3269; x_wconf 85' lang='lat' dir='ltr'>morte</span> <span class='ocrx_word' id='word_1_742' title='bbox 686 3236 882 3269; x_wconf 84' lang='lat' dir='ltr'>moerentom</span> <span class='ocrx_word' id='word_1_743' title='bbox 902 3235 948 3268; x_wconf 87' lang='lat' dir='ltr'>ita</span> <span class='ocrx_word' id='word_1_744' title='bbox 966 3235 1107 3282; x_wconf 81' lang='lat' dir='ltr'>scripsit.</span> <span class='ocrx_word' id='word_1_745' title='bbox 1129 3237 1210 3269; x_wconf 81' lang='lat' dir='ltr'>Haec</span> 
     </span>
    </p>

    <p class='ocr_par' dir='ltr' id='par_1_25' title="bbox 137 3251 1210 3575">
     <span class='ocr_line' id='line_1_128' title="bbox 167 3251 1204 3338; baseline 0.001 -10.01"><span class='ocrx_word' id='word_1_746' title='bbox 167 3270 235 3301; x_wconf 44' lang='lat'>*³⁶¹</span> <span class='ocrx_word' id='word_1_747' title='bbox 244 3251 380 3328; x_wconf 71' lang='lat' dir='ltr'>omnis</span> <span class='ocrx_word' id='word_1_748' title='bbox 406 3293 465 3328; x_wconf 79' lang='lat' dir='ltr'>illa</span> <span class='ocrx_word' id='word_1_749' title='bbox 485 3295 584 3329; x_wconf 81' lang='lat' dir='ltr'>vetus</span> <span class='ocrx_word' id='word_1_750' title='bbox 613 3294 822 3338; x_wconf 85' lang='lat' dir='ltr'>philosophia</span> <span class='ocrx_word' id='word_1_751' title='bbox 850 3295 947 3327; x_wconf 86' lang='lat' dir='ltr'>docet</span> <span class='ocrx_word' id='word_1_752' title='bbox 974 3303 1013 3327; x_wconf 80' lang='lat' dir='ltr'>ac</span> <span class='ocrx_word' id='word_1_753' title='bbox 1040 3295 1204 3338; x_wconf 73' lang='lat' dir='ltr'>praecipit,</span> 
     </span>
     <span class='ocr_line' id='line_1_129' title="bbox 136 3326 1210 3408; baseline 0 -20"><span class='ocrx_word' id='word_1_754' title='bbox 136 3326 194 3408; x_wconf 39' lang='grc' dir='ltr'>θ’,</span> <span class='ocrx_word' id='word_1_755' title='bbox 187 3331 226 3356; x_wconf 49' lang='lat'><strong>⁴.</strong></span> <span class='ocrx_word' id='word_1_756' title='bbox 249 3367 286 3381; x_wconf 41' lang='lat'>⁸¹¹·</span> <span class='ocrx_word' id='word_1_757' title='bbox 327 3351 456 3397; x_wconf 70' lang='lat' dir='ltr'>utquid</span> <span class='ocrx_word' id='word_1_758' title='bbox 482 3353 573 3388; x_wconf 82' lang='lat' dir='ltr'>aliud</span> <span class='ocrx_word' id='word_1_759' title='bbox 601 3362 666 3388; x_wconf 91' lang='lat' dir='ltr'>non</span> <span class='ocrx_word' id='word_1_760' title='bbox 683 3354 882 3397; x_wconf 87' lang='lat' dir='ltr'>probamus,</span> <span class='ocrx_word' id='word_1_761' title='bbox 912 3353 947 3386; x_wconf 87' lang='lat' dir='ltr'>id</span> <span class='ocrx_word' id='word_1_762' title='bbox 976 3353 1092 3387; x_wconf 80' lang='lat' dir='ltr'>saltem</span> <span class='ocrx_word' id='word_1_763' title='bbox 1109 3353 1210 3388; x_wconf 87' lang='lat' dir='ltr'>nimis</span> 
     </span>
     <span class='ocr_line' id='line_1_130' title="bbox 258 3412 1208 3455; baseline 0 -7"><span class='ocrx_word' id='word_1_764' title='bbox 258 3413 353 3455; x_wconf 61' lang='lat' dir='ltr'>nt.</span> <span class='ocrx_word' id='word_1_765' title='bbox 371 3412 478 3448; x_wconf 64' lang='lat' dir='ltr'>vium</span> <span class='ocrx_word' id='word_1_766' title='bbox 490 3414 638 3447; x_wconf 85' lang='lat' dir='ltr'>nostram</span> <span class='ocrx_word' id='word_1_767' title='bbox 653 3413 859 3447; x_wconf 81' lang='lat' dir='ltr'>multimodis</span> <span class='ocrx_word' id='word_1_768' title='bbox 870 3412 1068 3446; x_wconf 80' lang='lat' dir='ltr'>laboriosam</span> <span class='ocrx_word' id='word_1_769' title='bbox 1082 3422 1155 3448; x_wconf 86' lang='lat' dir='ltr'>esse</span> <span class='ocrx_word' id='word_1_770' title='bbox 1173 3415 1208 3448; x_wconf 82' lang='lat' dir='ltr'>et</span> 
     </span>
     <span class='ocr_line' id='line_1_131' title="bbox 123 3463 1209 3523; baseline 0.001 -16.025"><span class='ocrx_word' id='word_1_771' title='bbox 123 3463 338 3523; x_wconf 56' lang='lat' dir='ltr'>m</span> <span class='ocrx_word' id='word_1_772' title='bbox 379 3474 464 3507; x_wconf 66' lang='lat' dir='ltr'>Ham</span> <span class='ocrx_word' id='word_1_773' title='bbox 491 3472 522 3506; x_wconf 83' lang='lat' dir='ltr'>si</span> <span class='ocrx_word' id='word_1_774' title='bbox 544 3474 664 3507; x_wconf 81' lang='lat' dir='ltr'>natura</span> <span class='ocrx_word' id='word_1_775' title='bbox 690 3481 756 3506; x_wconf 87' lang='lat' dir='ltr'>non</span> <span class='ocrx_word' id='word_1_776' title='bbox 782 3474 834 3507; x_wconf 84' lang='lat' dir='ltr'>est</span> <span class='ocrx_word' id='word_1_777' title='bbox 851 3472 944 3513; x_wconf 84' lang='lat' dir='ltr'>talis,</span> <span class='ocrx_word' id='word_1_778' title='bbox 977 3474 1090 3506; x_wconf 86' lang='lat' dir='ltr'>nostro</span> <span class='ocrx_word' id='word_1_779' title='bbox 1120 3474 1209 3508; x_wconf 81' lang='lat' dir='ltr'>certe</span> 
     </span>
     <span class='ocr_line' id='line_1_132' title="bbox 227 3529 1207 3575; baseline 0.001 -10.024"><span class='ocrx_word' id='word_1_780' title='bbox 227 3529 287 3565; x_wconf 77' lang='lat' dir='ltr'>in</span> <span class='ocrx_word' id='word_1_781' title='bbox 299 3530 386 3566; x_wconf 75' lang='lat' dir='ltr'>hanc</span> <span class='ocrx_word' id='word_1_782' title='bbox 400 3531 578 3575; x_wconf 82' lang='lat' dir='ltr'>perniciem</span> <span class='ocrx_word' id='word_1_783' title='bbox 594 3531 774 3566; x_wconf 81' lang='lat' dir='ltr'>incurrit·</span> <span class='ocrx_word' id='word_1_784' title='bbox 793 3533 827 3565; x_wconf 83' lang='lat' dir='ltr'>et</span> <span class='ocrx_word' id='word_1_785' title='bbox 847 3531 972 3564; x_wconf 81' lang='lat' dir='ltr'>incerta</span> <span class='ocrx_word' id='word_1_786' title='bbox 988 3531 1054 3565; x_wconf 83' lang='lat' dir='ltr'>ista</span> <span class='ocrx_word' id='word_1_787' title='bbox 1073 3532 1207 3566; x_wconf 78' lang='lat' dir='ltr'>fortuna</span> 
     </span>
    </p>
   </div>
   <div class='ocr_carea' id='block_1_23' title="bbox 45 3643 161 3738">
    <p class='ocr_par' dir='ltr' id='par_1_26' title="bbox 45 3643 161 3738">
     <span class='ocr_line' id='line_1_133' title="bbox 45 3643 161 3717; baseline 0 -19"><span class='ocrx_word' id='word_1_788' title='bbox 45 3675 66 3713; x_wconf 63' lang='grc' dir='ltr'>,ζ</span> <span class='ocrx_word' id='word_1_789' title='bbox 114 3643 161 3717; x_wconf 40' lang='grc' dir='ltr'>’,ᾗ</span> 
     </span>
     <span class='ocr_line' id='line_1_134' title="bbox 117 3719 155 3738; baseline 0 -12"><span class='ocrx_word' id='word_1_790' title='bbox 117 3719 155 3738; x_wconf 47' lang='grc' dir='ltr'>,Ἰ</span> 
     </span>
    </p>
   </div>
   <div class='ocr_carea' id='block_1_24' title="bbox 127 3751 173 3788">
    <p class='ocr_par' dir='ltr' id='par_1_27' title="bbox 127 3751 173 3788">
     <span class='ocr_line' id='line_1_135' title="bbox 127 3751 170 3766; baseline -0.047 -3"><span class='ocrx_word' id='word_1_791' title='bbox 127 3751 170 3766; x_wconf 54' lang='grc' dir='ltr'>..ιι</span> 
     </span>
     <span class='ocr_line' id='line_1_136' title="bbox 135 3767 173 3788; baseline 0.053 -2"><span class='ocrx_word' id='word_1_792' title='bbox 135 3767 173 3788; x_wconf 74' lang='grc' dir='ltr'>-ιἾ</span> 
     </span>
    </p>
   </div>
   <div class='ocr_carea' id='block_1_25' title="bbox 1266 3176 2322 3461">
    <p class='ocr_par' dir='ltr' id='par_1_28' title="bbox 1266 3176 2322 3461">
     <span class='ocr_line' id='line_1_137' title="bbox 1268 3176 2320 3222; baseline -0.004 -11"><span class='ocrx_word' id='word_1_793' title='bbox 1268 3176 1417 3212; x_wconf 81' lang='lat' dir='ltr'>salubres</span> <span class='ocrx_word' id='word_1_794' title='bbox 1438 3178 1595 3213; x_wconf 80' lang='lat' dir='ltr'>comitata</span> <span class='ocrx_word' id='word_1_795' title='bbox 1620 3181 1682 3214; x_wconf 87' lang='lat' dir='ltr'>est.</span> <span class='ocrx_word' id='word_1_796' title='bbox 1730 3179 1808 3213; x_wconf 87' lang='lat' dir='ltr'>Mali</span> <span class='ocrx_word' id='word_1_797' title='bbox 1828 3179 1982 3222; x_wconf 78' lang='lat' dir='ltr'>quaedam</span> <span class='ocrx_word' id='word_1_798' title='bbox 2002 3178 2111 3221; x_wconf 86' lang='lat' dir='ltr'>portio</span> <span class='ocrx_word' id='word_1_799' title='bbox 2124 3177 2235 3210; x_wconf 79' lang='lat' dir='ltr'>fatalis</span> <span class='ocrx_word' id='word_1_800' title='bbox 2254 3178 2320 3218; x_wconf 82' lang='lat' dir='ltr'>jam</span> 
     </span>
     <span class='ocr_line' id='line_1_138' title="bbox 1266 3236 2321 3280; baseline -0.006 -7"><span class='ocrx_word' id='word_1_801' title='bbox 1266 3237 1478 3273; x_wconf 75' lang='lat' dir='ltr'>nascentibus</span> <span class='ocrx_word' id='word_1_802' title='bbox 1491 3239 1587 3272; x_wconf 85' lang='lat' dir='ltr'>nobis</span> <span class='ocrx_word' id='word_1_803' title='bbox 1608 3240 1761 3273; x_wconf 85' lang='lat' dir='ltr'>omnibus</span> <span class='ocrx_word' id='word_1_804' title='bbox 1775 3239 1990 3272; x_wconf 85' lang='lat' dir='ltr'>admiscetur.</span> <span class='ocrx_word' id='word_1_805' title='bbox 2051 3238 2180 3280; x_wconf 84' lang='lat' dir='ltr'>Quippe</span> <span class='ocrx_word' id='word_1_806' title='bbox 2197 3236 2321 3269; x_wconf 77' lang='lat' dir='ltr'>semina</span> 
     </span>
     <span class='ocr_line' id='line_1_139' title="bbox 1267 3294 2322 3341; baseline -0.005 -10"><span class='ocrx_word' id='word_1_807' title='bbox 1267 3305 1373 3340; x_wconf 89' lang='lat' dir='ltr'>quum</span> <span class='ocrx_word' id='word_1_808' title='bbox 1400 3297 1468 3332; x_wconf 86' lang='lat' dir='ltr'>sint</span> <span class='ocrx_word' id='word_1_809' title='bbox 1494 3299 1665 3340; x_wconf 76' lang='lat' dir='ltr'>mortalia,</span> <span class='ocrx_word' id='word_1_810' title='bbox 1686 3299 1798 3333; x_wconf 78' lang='lat' dir='ltr'>statim</span> <span class='ocrx_word' id='word_1_811' title='bbox 1826 3299 1953 3341; x_wconf 84' lang='lat' dir='ltr'>partem</span> <span class='ocrx_word' id='word_1_812' title='bbox 1971 3297 2071 3340; x_wconf 74' lang='lat' dir='ltr'>huius</span> <span class='ocrx_word' id='word_1_813' title='bbox 2095 3304 2205 3329; x_wconf 59' lang='lat' dir='ltr'>causae</span> <span class='ocrx_word' id='word_1_814' title='bbox 2225 3294 2322 3327; x_wconf 84' lang='lat' dir='ltr'>susti-</span> 
     </span>
     <span class='ocr_line' id='line_1_140' title="bbox 1267 3353 2321 3401; baseline -0.014 -1"><span class='ocrx_word' id='word_1_815' title='bbox 1267 3358 1358 3399; x_wconf 66' lang='lat' dir='ltr'>nent,</span> <span class='ocrx_word' id='word_1_816' title='bbox 1385 3366 1445 3391; x_wconf 76' lang='lat'><strong>0¹¹1·</strong></span> <span class='ocrx_word' id='word_1_817' title='bbox 1474 3357 1594 3401; x_wconf 81' lang='lat' dir='ltr'>ingenii</span> <span class='ocrx_word' id='word_1_818' title='bbox 1611 3359 1771 3400; x_wconf 82' lang='lat' dir='ltr'>tarditas,</span> <span class='ocrx_word' id='word_1_819' title='bbox 1790 3358 1896 3392; x_wconf 89' lang='lat' dir='ltr'>morbi</span> <span class='ocrx_word' id='word_1_820' title='bbox 1912 3384 1920 3399; x_wconf 92' lang='lat'><strong>‚</strong></span> <span class='ocrx_word' id='word_1_821' title='bbox 1945 3365 2053 3396; x_wconf 77' lang='lat' dir='ltr'>curae,</span> <span class='ocrx_word' id='word_1_822' title='bbox 2075 3365 2165 3388; x_wconf 88' lang='lat' dir='ltr'>mors</span> <span class='ocrx_word' id='word_1_823' title='bbox 2181 3353 2321 3394; x_wconf 82' lang='lat' dir='ltr'>denique</span> 
     </span>
     <span class='ocr_line' id='line_1_141' title="bbox 1266 3413 2321 3461; baseline -0.005 -12"><span class='ocrx_word' id='word_1_824' title='bbox 1266 3415 1339 3461; x_wconf 79' lang='lat' dir='ltr'>ipsa</span> <span class='ocrx_word' id='word_1_825' title='bbox 1365 3417 1460 3451; x_wconf 85' lang='lat' dir='ltr'>nobis</span> <span class='ocrx_word' id='word_1_826' title='bbox 1490 3418 1658 3461; x_wconf 85' lang='lat' dir='ltr'>obrepant.</span> <span class='ocrx_word' id='word_1_827' title='bbox 1721 3420 1790 3451; x_wconf 86' lang='lat' dir='ltr'>Cur</span> <span class='ocrx_word' id='word_1_828' title='bbox 1815 3427 1894 3451; x_wconf 86' lang='lat' dir='ltr'>vero</span> <span class='ocrx_word' id='word_1_829' title='bbox 1922 3427 1962 3450; x_wconf 89' lang='lat' dir='ltr'>eo</span> <span class='ocrx_word' id='word_1_830' title='bbox 1994 3415 2159 3449; x_wconf 83' lang='lat' dir='ltr'>aberravit</span> <span class='ocrx_word' id='word_1_831' title='bbox 2188 3413 2321 3446; x_wconf 82' lang='lat' dir='ltr'>oratio?</span> 
     </span>
    </p>
   </div>
   <div class='ocr_carea' id='block_1_26' title="bbox 1267 3472 2321 3576">
    <p class='ocr_par' dir='ltr' id='par_1_29' title="bbox 1267 3472 2321 3569">
     <span class='ocr_line' id='line_1_142' title="bbox 1267 3472 2318 3522; baseline -0.006 -12"><span class='ocrx_word' id='word_1_832' title='bbox 1267 3486 1385 3520; x_wconf 88' lang='lat' dir='ltr'>nempe</span> <span class='ocrx_word' id='word_1_833' title='bbox 1401 3478 1442 3512; x_wconf 87' lang='lat' dir='ltr'>ut</span> <span class='ocrx_word' id='word_1_834' title='bbox 1465 3478 1701 3522; x_wconf 81' lang='lat' dir='ltr'>intelligamus,</span> <span class='ocrx_word' id='word_1_835' title='bbox 1722 3488 1788 3512; x_wconf 89' lang='lat' dir='ltr'>non</span> <span class='ocrx_word' id='word_1_836' title='bbox 1808 3478 2005 3512; x_wconf 80' lang='lat' dir='ltr'>inusitatum</span> <span class='ocrx_word' id='word_1_837' title='bbox 2031 3474 2158 3509; x_wconf 84' lang='lat' dir='ltr'>homini</span> <span class='ocrx_word' id='word_1_838' title='bbox 2177 3481 2251 3506; x_wconf 85' lang='lat' dir='ltr'>esse</span> <span class='ocrx_word' id='word_1_839' title='bbox 2266 3472 2318 3505; x_wconf 93' lang='lat' dir='ltr'>in-</span> 
     </span>
     <span class='ocr_line' id='line_1_143' title="bbox 1269 3529 2321 3576; baseline -0.005 -9"><span class='ocrx_word' id='word_1_840' title='bbox 1269 3533 1469 3576; x_wconf 81' lang='lat' dir='ltr'>fortunium,</span> <span class='ocrx_word' id='word_1_841' title='bbox 1493 3535 1551 3568; x_wconf 86' lang='lat' dir='ltr'>sed</span> <span class='ocrx_word' id='word_1_842' title='bbox 1569 3544 1683 3569; x_wconf 89' lang='lat' dir='ltr'>omnes</span> <span class='ocrx_word' id='word_1_843' title='bbox 1707 3544 1768 3569; x_wconf 87' lang='lat' dir='ltr'>nos</span> <span class='ocrx_word' id='word_1_844' title='bbox 1783 3535 1844 3568; x_wconf 91' lang='lat' dir='ltr'>sub</span> <span class='ocrx_word' id='word_1_845' title='bbox 1866 3534 2001 3568; x_wconf 87' lang='lat' dir='ltr'>eosdem</span> <span class='ocrx_word' id='word_1_846' title='bbox 2024 3541 2121 3566; x_wconf 84' lang='lat' dir='ltr'>casus</span> <span class='ocrx_word' id='word_1_847' title='bbox 2149 3539 2221 3565; x_wconf 86' lang='lat' dir='ltr'>esse</span> <span class='ocrx_word' id='word_1_848' title='bbox 2244 3529 2321 3563; x_wconf 87' lang='lat' dir='ltr'>sub-</span> 
     </span>
    </p>
   </div>
   <div class='ocr_carea' id='block_1_27' title="bbox 116 3581 1382 3646">
    <p class='ocr_par' dir='ltr' id='par_1_30' title="bbox 116 3581 1382 3646">
     <span class='ocr_line' id='line_1_144' title="bbox 116 3581 1382 3646; baseline 0.004 -23.156"><span class='ocrx_word' id='word_1_849' title='bbox 116 3581 364 3646; x_wconf 59' lang='lat' dir='ltr'>flhnsslnqno</span> <span class='ocrx_word' id='word_1_850' title='bbox 377 3600 437 3624; x_wconf 75' lang='lat' dir='ltr'>nm</span> <span class='ocrx_word' id='word_1_851' title='bbox 451 3601 490 3625; x_wconf 86' lang='lat' dir='ltr'>ac</span> <span class='ocrx_word' id='word_1_852' title='bbox 503 3591 572 3633; x_wconf 79' lang='lat' dir='ltr'>jam</span> <span class='ocrx_word' id='word_1_853' title='bbox 589 3591 665 3625; x_wconf 80' lang='lat' dir='ltr'>inde</span> <span class='ocrx_word' id='word_1_854' title='bbox 679 3591 722 3624; x_wconf 88' lang='lat' dir='ltr'>ab</span> <span class='ocrx_word' id='word_1_855' title='bbox 738 3589 832 3625; x_wconf 82' lang='lat' dir='ltr'>initio</span> <span class='ocrx_word' id='word_1_856' title='bbox 850 3592 983 3634; x_wconf 85' lang='lat' dir='ltr'>propter</span> <span class='ocrx_word' id='word_1_857' title='bbox 1006 3601 1060 3626; x_wconf 87' lang='lat' dir='ltr'>res</span> <span class='ocrx_word' id='word_1_858' title='bbox 1073 3593 1209 3627; x_wconf 86' lang='lat' dir='ltr'>minime</span> <span class='ocrx_word' id='word_1_859' title='bbox 1236 3582 1246 3632; x_wconf 92' lang='grc' dir='ltr'>Ι</span> <span class='ocrx_word' id='word_1_860' title='bbox 1265 3593 1382 3635; x_wconf 83' lang='lat' dir='ltr'>iectos.</span> 
     </span>
    </p>
   </div>
   <div class='ocr_carea' id='block_1_28' title="bbox 2137 3657 2188 3690">
    <p class='ocr_par' dir='ltr' id='par_1_31' title="bbox 2137 3657 2188 3690">
     <span class='ocr_line' id='line_1_145' title="bbox 2137 3657 2188 3690; baseline -0.02 0"><span class='ocrx_word' id='word_1_861' title='bbox 2137 3657 2188 3690; x_wconf 81' lang='lat'><strong>¹0.</strong></span> 
     </span>
    </p>
   </div>
  </div>
 </body>
</html>
