2528 3788
295 194 371 234 ¹198

349 282 546 335 (Clemens
575 281 860 322 Alexandrinus
886 283 1028 323 Strom.
1060 285 1130 325 lib.
1159 286 1198 324 ll
1228 301 1317 339 pag.

297 343 371 391 369
390 342 432 381 C.
453 342 514 380 ed.
533 341 740 392 Syfflurg.)

345 415 396 440 65.
419 398 537 440 Oba*
519 415 592 437 εστι
614 399 649 438 δὲ
678 399 717 437 τὸ
738 399 786 444 δὶς
821 399 1032 455 φθέγξασθαι
1061 403 1185 442 ταύτὸν
1210 404 1320 456 ὄνομα

292 464 360 500 τῶν
392 459 551 507 ἀτόπων,
583 457 673 496 ἀλλὰ
701 458 740 497 τὸ
761 459 941 504 πλεονάκις
960 461 1039 514 περί
1060 478 1148 507 τινος
1168 463 1208 502 τὸ
1236 463 1321 503 αὐτὸ

291 519 515 569 κατηγορεῖν,
531 520 599 555 οἱον
620 518 665 560 ὡς
685 517 909 570 Ξενοκράτης
928 518 990 566 τὴν
1011 519 1173 582 φρόνησιν
1195 523 1322 573 ὁριστι-

290 577 353 623 κὴν
373 575 433 614 καὶ
463 577 676 628 θεωρητικὴν
696 592 763 615 των
784 576 892 616 ὄντων
921 577 1026 632 φησὶν
1055 572 1157 617 εἶναι.
1179 579 1225 620 Ἣ
1254 581 1321 633 γὰρ

291 634 447 687 ὁριστικὴ
466 635 660 688 θεωρητική
683 651 732 679 τις
749 638 865 685 ἐστιν,
887 636 979 675 ὥστε
999 636 1049 682 δὶς
1067 637 1106 676 τὸ
1128 638 1212 677 αὐτὸ
1230 638 1323 690 λέγει

290 694 451 746 προσθεὶς
472 694 577 733 πάλιν
596 694 655 733 καὶ
675 695 906 747 θεωρητικήν.

343 753 597 804 (Aristoteles
617 753 755 805 Topic.
780 753 854 794 lib.
880 754 947 802 Vl,
969 768 1052 806 cap.
1081 756 1102 793 3
1133 770 1222 807 pag.
1250 763 1318 801 141

288 813 331 851 A.
355 812 401 849 ed
419 812 578 849 Bekker.
598 813 652 850 De
670 826 747 863 quo
768 814 854 851 loco
870 815 925 851 sic
938 814 1161 852 Alexander
1175 815 1323 866 Aphro-

286 871 468 909 disiensis
488 884 525 922 p.
549 872 623 908 213
646 871 705 909 καὶ
726 872 839 919 τίθησι
859 872 981 911 τούτου
1013 874 1238 925 παράδειγμα
1264 874 1322 912 τὸν

286 929 355 966 ἀπὸ
376 929 615 981 Ξενοκράτους
635 929 846 968 ἀποδοθέντα
866 930 1009 984 ὁρισμὸν
1025 935 1088 979 τῆς
1105 931 1320 986 φρονήσεως·

287 987 446 1038 λέγοντος
471 987 635 1041 φρόνησίς
658 989 749 1027 ἐστιν
772 989 927 1041 ὁριστικὴ
949 989 1009 1027 καὶ
1037 989 1229 1042 θεωρητικὴ
1253 1008 1320 1029 των

285 1045 415 1084 ὄντων·
435 1047 475 1086 τὸ
494 1047 560 1099 γὰρ
583 1046 791 1100 θεωρητικὸν
818 1049 943 1087 ταύτὸν
961 1047 998 1086 ὂν
1020 1051 1070 1102 τῷ
1087 1051 1252 1104 ὁριστικῳ
1270 1051 1319 1095 δὶς

285 1105 319 1142 ἐν
351 1108 380 1158 ᾧ
408 1106 505 1156 (leg.
538 1105 610 1158 τῷ)
641 1106 786 1159 τοιούτῳ
817 1107 1137 1158 παραλαμὸάνεται
1167 1110 1314 1162 ὁρισμῷ.

287 1163 425 1215 Recepi
446 1173 570 1203 autem
589 1165 631 1204 in
650 1164 782 1204 verbis
810 1166 1053 1204 Aristoteleis
1072 1169 1277 1219 κατηγορεῖν
1298 1182 1320 1206 e

283 1223 414 1261 codice
444 1224 683 1262 Coisliniano
715 1226 790 1262 330
831 1238 905 1276 pro
934 1228 1199 1276 κατηγορῆσαι,
1233 1240 1319 1277 quae

283 1282 557 1333 plerarumque
573 1282 883 1321 membranarum
901 1284 1095 1335 scriptura
1112 1293 1184 1324 est.
1201 1284 1212 1336 )

336 1355 385 1381 66.
407 1339 631 1394 Ξενοκράτης
651 1344 669 1380 ὃ
691 1341 879 1386 Πλάτωνος
905 1344 1038 1393 ἑταῖρος
1058 1341 1177 1394 ἔλεγε,
1210 1342 1317 1392 μηδὲν

283 1400 477 1453 διαφέρειν,
498 1400 521 1446 ἢ
541 1399 617 1443 τοὺς
635 1399 743 1443 πόδας
772 1399 794 1446 ἢ
815 1399 892 1444 τοὺς
919 1400 1115 1450 ὀφθαλμοὺς
1145 1402 1192 1445 εἷς
1215 1403 1316 1440 ἀλλο-

282 1458 380 1510 τρίαν
403 1457 513 1496 οἰκίαν
535 1457 680 1498 τιθέναι.
708 1458 771 1497 Ἐν
795 1459 912 1511 ταύτῷ
931 1458 997 1511 γὰρ
1018 1459 1230 1510 ἁμαρτάνειν
1259 1460 1317 1500 τόν

281 1532 319 1554 τε
337 1518 384 1560 εἷς
413 1517 435 1554 ἃ
455 1516 504 1566 μὴ
527 1517 579 1554 δεῖ
603 1516 718 1569 χωρία
742 1515 916 1569 βλέποντα
931 1545 942 1565 ,
965 1517 1026 1556 καὶ
1053 1519 1099 1560 εἰς
1119 1517 1176 1561 οὓς
1197 1518 1247 1569 μὴ
1267 1519 1318 1557 δεῖ

279 1575 403 1618 τόπους
419 1574 605 1627 παριόντα.

335 1633 533 1687 (AElianus
552 1646 634 1673 var.
654 1633 746 1671 hist.
766 1632 837 1672 lib.
850 1632 952 1682 XIV,
975 1646 1058 1684 cap.
1077 1641 1125 1680 42
1147 1636 1317 1687 ascripto

279 1690 456 1729 lemmate
475 1690 711 1744 Ξενοκράτους
732 1690 892 1743 γνώμη.)

332 1763 381 1789 67.
404 1750 628 1802 Ξενοκράτης
658 1748 797 1800 ἔλεγεν,
821 1748 940 1801 ὥσπερ
968 1749 1008 1788 τὸ
1037 1751 1314 1803 κακοπρόσωπον

280 1808 396 1860 αἴσχει
420 1809 632 1860 προσώπου,
654 1808 714 1846 καὶ
729 1808 904 1861 μοχθηρίᾳ
923 1807 992 1846 τινὶ
1012 1813 1148 1862 μορφῆς
1168 1810 1207 1849 τὸ
1227 1811 1316 1849 δύο·-

281 1883 434 1920 μορφον,
461 1866 552 1906 οὕτω
574 1867 734 1917 δαίμονος
764 1866 872 1920 κακίᾳ
899 1866 978 1911 τοὺς
1001 1867 1173 1921 πονηροὺς
1201 1884 1314 1908 κακο-

281 1927 446 1977 δαίμονας
465 1926 692 1977 ὀνομάζομεν.

336 1985 537 2035 (Stobaens
553 1986 657 2023 Flor.
677 1985 774 2033 CIV,
794 1986 883 2036 24.)

331 2057 379 2084 68.
400 2044 462 2084 Διὸ
478 2044 597 2084 nal*
567 2044 788 2097 Ξενοκράτης
807 2049 878 2088 τοῖς
903 2044 1007 2083 παισὶ
1029 2047 1183 2096 μᾶλλον,
1203 2046 1226 2093 ἢ
1246 2050 1315 2091 τοῖς

220 2150 223 2152 -
279 2105 463 2150 ἀθληταῖς,
480 2102 617 2141 ἐκέλευε
643 2102 844 2155 περιάπτειν
862 2102 1119 2155 οἰμφοῖιτιδας,ε
1100 2121 1146 2148 ως
1167 2105 1309 2144 ἐκείνων

282 2161 344 2211 μὲν
364 2153 460 2200 τὰ
433 2177 508 2200 ωτα
528 2161 601 2204 ταῖς
632 2163 783 2212 πληγαις
797 2190 807 2209 ,
828 2161 959 2200 τούτων
989 2162 1025 2200 δὲ
1045 2168 1116 2207 τοῖς
1132 2162 1245 2215 λόγοις
1269 2165 1314 2202 τὰ

279 2219 346 2267 ἤθη
377 2220 698 2273 διαστρεφομένων·
726 2222 789 2260 οὐκ
809 2219 1001 2272 ἀνηκοΐαν,
1027 2221 1105 2260 οὐδὲ
1125 2222 1314 2275 κωφότητα

276 2278 544 2331 προμνώμενος,
580 2278 670 2318 ἀλλὰ
690 2295 758 2318 των
778 2280 888 2331 λόγων
908 2278 987 2324 τους
1007 2279 1156 2332 φαύλους
1178 2282 1313 2333 φυλάτ-

276 2423 387 2454 mam,
410 2414 549 2446 activam
579 2423 688 2454 unam,
721 2414 859 2447 alteram
891 2415 1195 2457 contemplativam,
1213 2425 1311 2457 quam

265 2463 449 2505 >humanam
461 2473 648 2515 sapientiam
663 2472 824 2515 perhibet.
842 2473 1003 2510 Quocirca
1013 2473 1172 2515 sapientia
1180 2474 1314 2515 quidem

276 2534 326 2564 est
340 2532 534 2573 prudentia,
556 2531 613 2565 sed
632 2533 742 2564 tamen
760 2541 823 2564 non
842 2533 966 2574 quaevis
986 2532 1161 2575 prudentia
1179 2534 1231 2566 est
1258 2543 1314 2566 sa-

277 2590 412 2631 pientia.

318 2651 367 2681 65.
389 2650 459 2681 Non
479 2650 531 2681 est
547 2649 704 2690 ineptum,
733 2649 821 2682 idem
844 2658 962 2682 nomen
983 2649 1033 2682 bis
1055 2650 1233 2690 enuntiare,
1254 2649 1314 2683 sed

275 2708 394 2749 saepius
409 2707 495 2740 idem
520 2707 561 2739 de
578 2716 614 2739 re
643 2707 796 2750 quapiam
820 2708 1018 2749 praedicare,
1033 2708 1126 2740 verbi
1151 2717 1252 2741 causa
1274 2709 1313 2741 ut

274 2767 471 2798 Xenocrates
486 2766 688 2808 prudentiam
708 2767 754 2799 ait
773 2775 843 2799 esse
861 2766 1085 2800 definitionem
1115 2769 1148 2800 et
1176 2767 1314 2800 medita-

272 2825 394 2857 tionem
412 2832 532 2856 rerum.
549 2825 632 2856 Nam
655 2824 799 2857 definitio
824 2825 994 2858 meditatio
1012 2826 1163 2868 quaedam
1180 2827 1248 2866 est,
1266 2826 1312 2858 ita

272 2884 310 2916 ut
321 2883 371 2916 bis
386 2884 472 2916 idem
486 2883 576 2916 dicat
591 2883 720 2925 adjecto
736 2884 956 2919 meditationis
974 2886 1145 2919 vocabulo.

314 2947 365 2975 66.
385 2944 585 2974 Xenocrates
603 2942 747 2975 Platonis
759 2942 926 2975 familiaris
943 2944 1082 2984 dicebat,
1106 2945 1189 2977 nihil
1209 2944 1309 2977 inter-

272 3009 345 3034 esse
356 3026 364 3041 ,
385 3001 484 3043 pedes
502 3010 543 3033 an
561 3001 673 3034 oculos
691 3001 725 3033 in
743 3001 846 3034 aliena
860 3001 956 3034 domo
971 3001 1195 3044 defigeremus.
1215 3005 1309 3034 Nam-

271 3069 335 3102 que
349 3060 463 3093 eodem
489 3060 521 3092 in
539 3070 655 3102 genere
673 3070 808 3103 peccare
831 3062 996 3094 hominem
1023 3073 1117 3104 agros
1137 3073 1201 3095 non
1221 3063 1308 3105 aspi-

271 3119 402 3152 ciendos
418 3121 621 3152 contuentem
642 3121 674 3153 et
684 3121 756 3153 loca
769 3129 834 3153 non
851 3121 1060 3163 ingredienda
1079 3122 1265 3155 intrantem.

313 3181 365 3211 67.
386 3180 581 3212 Xenocrates
599 3180 750 3221 dicebat,
769 3181 1045 3222 quemadmodum
1064 3192 1083 3214 a
1100 3182 1192 3215 faciei
1212 3182 1308 3214 soedi-

269 3237 338 3269 tate
354 3237 495 3279 aliquem
522 3238 651 3270 foedum
666 3240 765 3281 atque
783 3248 803 3271 a
824 3239 938 3273 sormae
956 3239 1038 3272 vitio
1059 3240 1237 3273 informem
1248 3249 1308 3272 vo-

271 3306 385 3330 camus
404 3306 414 3326 t
433 3297 479 3330 sic
496 3298 538 3330 ob
557 3297 640 3340 genii
660 3298 818 3332 malitiam
844 3299 992 3333 homines
1009 3299 1146 3332 miseros
1163 3299 1308 3332 infelices

269 3356 392 3389 vocari.

313 3418 364 3448 68.
392 3416 611 3458 Quamobrem
627 3416 726 3450 etiam
739 3419 936 3450 Xenocrates
949 3418 1058 3459 pueris
1074 3418 1193 3460 potius,
1208 3425 1306 3459 quam

1197 197 1513 239 XENOCRATIS

1382 291 1501 326 τεσθαι
1520 289 1700 339 παραινῶν
1712 315 1722 334 ,
1740 286 1820 338 πρὶν
1838 286 1975 336 ἑτέρους
1993 289 2184 342 χρηστούς,
2205 289 2324 344 ὥσπερ
2345 289 2416 344 9⁸5-
2481 298 2485 302 ’

1382 346 1492 389 λακας
1513 345 1742 397 ἐντραφέντας
1762 345 1829 384 ὑπὸ
1850 345 2051 400 φιλοσοφίας
2066 349 2116 401 τῷ
2135 347 2234 397 ἤθει,
2256 349 2320 398 τὴν
2339 348 2416 401 μᾶ-

1382 405 1485 443 λιστα
1519 403 1725 454 κινουμένην
1756 405 1859 443 αὐτοῦ
1893 403 1954 443 καὶ
1992 405 2266 457 ἀναπειθομένην
2293 406 2416 460 χώραν

1383 468 1586 516 κατασχεῖν.

1441 523 1451 575 (
1470 522 1700 561 Plutarchus
1715 522 1763 560 de
1775 523 1972 561 auditione
1992 537 2074 575 cap.
2093 538 2115 562 ει
2133 524 2214 565 vol.
2233 523 2322 574 vll,
2343 536 2420 578 pag

1390 583 1463 620 130
1480 582 1539 620 ed.
1557 582 1711 619 Hutten.
1730 581 1740 632 )
2411 623 2415 627 ,

1439 654 1491 679 69.
1513 639 1712 693 Φιλόσοφός
1741 655 1791 684 τις
1819 642 1935 691 ἔλεγε·
1957 639 2129 692 μεγάλους
2150 641 2202 679 δεῖ
2226 640 2420 692 λαμὸάνειν

1387 698 1527 750 μισθοὺς
1550 701 1715 749 μαθητῶν
1742 698 1821 742 τοὺς
1848 700 2103 751 διδασκάλους,
2135 698 2234 753 παρὰ
2262 698 2325 751 μὲν
2350 701 2421 741 τῶν

1387 758 1520 810 εὐφυῶν
1532 787 1542 805 ,
1560 758 1612 795 ὅτι
1628 757 1744 795 πολλὰ
1768 758 2003 808 μανθάνουσι,
2020 758 2118 811 παρὰ
2138 757 2174 797 δὲ
2193 760 2263 798 τῶν
2282 759 2418 812 ἅφυῶν,

1385 815 1437 854 ὅτι
1456 815 1563 853 πολὺν
1583 816 1689 854 κόπον
1709 815 1935 869 παρέχουσιν.

1437 874 1655 926 (Antonius
1672 875 1793 915 Serm.
1811 875 1923 924 CCX,
1939 889 2027 927 pag,
2051 891 2123 925 707
2143 876 2211 927 qui
2227 876 2321 916 huic
2333 889 2421 916 sen-

1386 934 1511 971 tentiae
1535 942 1717 983 tanquam
1749 934 1833 972 sine
1866 944 2025 973 auctore
2055 936 2192 986 positae
2219 935 2422 1004 subjOungit

1384 993 1610 1031 Xenocratis
1634 992 1755 1031 veiha
1783 994 1886 1044 apud
1916 994 2166 1033 Plutaichum
2195 994 2243 1033 de
2272 995 2421 1035 virtute

1384 1051 1522 1088 morali
1542 1063 1626 1101 cap.
1653 1065 1697 1087 12
1719 1051 1758 1088 οὔ
1773 1051 1841 1103 γὰρ
1861 1052 1966 1096 οὕτως
1981 1052 2026 1090 τὰ
2045 1052 2238 1103 μαθήματα
2261 1051 2356 1108 φαίη
2368 1068 2421 1097 τις

1384 1109 1425 1147 ἂν
1456 1110 1520 1159 (ὡς
1542 1108 1639 1159 ἔλεγε
1653 1110 1914 1181 1νΞενοκράτης)
1937 1110 2048 1154 λαὸὰς
2069 1104 2160 1150 εἶναι
2188 1111 2417 1165 φιλοσοφιας,

1384 1169 1431 1211 ὡς
1446 1167 1491 1205 τὰ
1510 1167 1604 1212 πάθη
1630 1169 1698 1206 τῶν
1718 1167 1803 1206 νέων
1815 1169 2039 1222 ,αἷσχυνην,
2066 1168 2274 1219 ἐπιθυμίαν,
2304 1169 2422 1220 μετά·

1382 1241 1499 1273 νοιαν,
1533 1225 1681 1273 ἡδονήν,
1711 1225 1848 1277 λύπην,
1879 1226 2098 1278 φιλοτιμίαν·
2123 1221 2172 1266 ὧν
2195 1226 2339 1278 ἐμμελῆ
2359 1225 2421 1267 καὶ

1383 1283 1530 1334 σωτήρι
1519 1299 1552 1322 ν
1570 1283 1699 1335 ἁφὴνε
1681 1283 1875 1336 απτόμενος
1892 1287 1911 1323 ὃ
1926 1284 2025 1334 λόγος
2043 1284 2103 1324 καὶ
2120 1287 2139 1323 ὁ
2152 1284 2277 1336 νόμος,
2291 1285 2340 1328 εἰς
2354 1284 2420 1332 τὴν

1382 1341 1626 1395 προσήκουσαν
1649 1342 1726 1381 ὁδὸν
1745 1343 1920 1393 ἀνυσίμως
1939 1344 2125 1390 καθίστησι
2143 1343 2202 1382 τὸν
2222 1342 2335 1396 νέον.)

1398 1415 1483 1444 «ι70.
1505 1403 1560 1442 Τὰ
1583 1402 1645 1453 μὲν
1662 1397 1719 1442 οῧν
1739 1406 1811 1456 ζῷα
1834 1402 1925 1442 οὕτω
1944 1404 2053 1444 πάλιν
2067 1406 2244 1458 διῃρεῖτο,
2262 1405 2309 1449 εἷς
2325 1403 2419 1451 ἰδέας

1380 1477 1417 1500 τε
1433 1461 1494 1501 καὶ
1507 1460 1614 1513 μέρη,
1629 1461 1744 1500 πάντα
1761 1462 1887 1515 τρόπον
1906 1464 2060 1515 διαιρῶν,
2080 1462 2145 1508 ἕως
2160 1465 2207 1508 εἰς
2219 1463 2265 1502 τὰ
2277 1462 2420 1504 πάντων

1379 1520 1535 1572 στοιχεῖα
1553 1519 1697 1573 ἀφίκετο
1713 1524 1781 1560 τῶν
1799 1520 1896 1573 ζῴων
1911 1551 1922 1573 ,
1943 1521 1967 1560 ἃ
1987 1521 2029 1569 δὴ
2050 1521 2154 1561 πέντε
2173 1521 2345 1575 σχήματα
2360 1522 2422 1562 καὶ
2448 1530 2462 1572 ᾗ

1379 1578 1529 1629 σώματα
1551 1579 1751 1631 ὠνόμαζεν,
1771 1582 1818 1624 εἷς
1843 1580 1966 1634 αἰθέρα
1992 1580 2053 1620 καὶ
2079 1586 2148 1634 πῦρ
2167 1580 2229 1621 καὶ
2248 1581 2342 1636 ὕδωρ
2359 1581 2421 1622 καὶ

1377 1641 1442 1690 γῆν
1461 1636 1522 1676 καὶ
1544 1636 1640 1690 ἀέρα.

1435 1696 1682 1748 (Simplicius
1701 1698 1917 1738 Comment.
1941 1700 1982 1737 in
2006 1699 2230 1739 Aristotelis
2258 1699 2418 1752 physic.

1379 1754 1448 1796 lib.
1476 1755 1586 1804 Vlll,
1619 1757 1687 1796 fol,
1724 1757 1812 1796 265.
1835 1758 1880 1796 B.
1906 1757 1968 1798 Cf.
1999 1758 2158 1798 Scholia
2189 1759 2233 1796 in
2255 1759 2415 1801 Aristot.

1376 1827 1420 1866 p.
1450 1817 1524 1862 [427
1555 1815 1616 1853 ed.
1646 1816 1827 1855 Brandis.
1854 1815 1906 1853 ἔτι
1929 1814 1966 1854 δὲ
1986 1819 2088 1855 τοῦτο
2113 1816 2322 1869 σαφέστερον
2350 1833 2418 1856 πε-

1378 1872 1573 1921 ποίηκε’““
1542 1874 1766 1926 Ξενοκράτης
1800 1877 1818 1912 ὁ
1860 1874 2095 1926 γνησιώτατος
2129 1876 2197 1913 τῶν
2231 1875 2420 1936 Πλάτωνος

1380 1932 1561 1985 ἀκροατῶν
1584 1933 1618 1970 ἐν
1638 1933 1689 2008 τῷ
1707 1932 1792 1985 περὶ
1809 1937 1869 1971 τοῦ
1891 1932 2082 1977 Πλάτωνος
2103 1931 2180 1985 βίον
2196 1931 2276 1971 τάδε
2291 1947 2423 1986 γεγρα-

1378 1989 1466 2041 φώς·
1489 1989 1534 2027 τὰ
1556 1991 1618 2040 μὲν
1639 1985 1698 2029 ουν
1714 1992 1785 2044 ζῷα
1802 1992 1879 2031 κτλ.
1899 1992 1911 2043 )

1438 2061 1485 2087 71
1508 2049 1748 2102 Παραιτητέοι
1767 2050 1833 2102 γὰρ
1854 2050 2082 2100 Ἐπιμενίδης
2100 2049 2162 2090 καὶ
2189 2049 2340 2099 Εὔδοξος
2360 2049 2420 2089 καὶ

1378 2107 1602 2159 Ξενοκράτης
1631 2112 1853 2153 υπονοουντες
1881 2111 1924 2162 τῇ
1953 2110 2142 2161 Παρθενίδι
2162 2109 2241 2147 τότε
2272 2111 2419 2162 μιγῆναι

1378 2167 1436 2205 τὸν
1455 2165 1612 2205 Ἀπόλλω
1625 2197 1635 2215 ,
1653 2168 1714 2206 καὶ
1729 2167 1878 2207 κύουσαν
1895 2167 2004 2216 αὐτὴν
2018 2170 2058 2207 ἐκ
2074 2169 2123 2218 μὴ
2143 2167 2252 2212 οὕτως
2267 2166 2418 2220 ἐχούσης

1380 2226 1603 2272 καταστῆσαί
1622 2242 1660 2265 τε
1686 2226 1748 2265 καὶ
1767 2229 1999 2279 προαγγεῖλαι
2019 2227 2075 2266 διὰ
2095 2229 2158 2275 τῆς
2186 2226 2418 2279 προφήτιδος·

1379 2287 1481 2322 τοῦτο
1504 2283 1567 2334 μὲν
1587 2277 1646 2323 οῧν
1665 2286 1826 2336 οὖδαμῶς
1844 2285 2064 2338 προσίεσθαι.

1373 2419 1507 2452 athletis
1538 2420 1693 2461 applicari
1706 2420 1844 2462 jubebat
1865 2420 1993 2452 aurium
2020 2419 2244 2462 munimenta,
2260 2420 2346 2461 quod
2361 2419 2420 2452 ho·

1373 2485 1445 2508 rum
1476 2486 1572 2510 aures
1602 2478 1812 2519 verberibus,
1840 2478 1971 2511 illorum
2005 2487 2113 2511 mores
2146 2477 2254 2511 verbis
2284 2486 2416 2520 perver-

1371 2535 1519 2568 terentur
1553 2547 1562 2567 =
1590 2524 1696 2577 neque
1721 2535 1894 2569 auditionis
1921 2535 2087 2569 defectum
2123 2538 2182 2568 aut
2217 2535 2412 2568 surditatem

1371 2594 1613 2635 commendans,
1632 2595 1690 2628 sed
1708 2595 1860 2635 hortans,
1879 2596 1919 2628 ut
1933 2604 2050 2637 pravos
2065 2603 2232 2628 semones
2246 2594 2390 2628 vitarent
2402 2619 2411 2635 ,

1372 2655 1545 2695 antequam
1571 2653 1649 2686 boni
1665 2663 1829 2687 sermones
1852 2656 2009 2694 tanquam
2030 2653 2185 2686 custodes
2203 2652 2333 2696 ingenio
2357 2661 2416 2695 per

1371 2712 1608 2755 philosophiam
1626 2712 1720 2745 inditi
1739 2721 1810 2745 eam
1823 2713 1998 2754 regionem,
2015 2721 2090 2754 quae
2108 2712 2252 2746 maxime
2266 2711 2412 2745 oratione

1371 2773 1522 2803 movetur
1537 2780 1576 2803 ac
1594 2770 1736 2812 ducitur,
1754 2773 1978 2812 occupassent.

1415 2832 1470 2862 69.
1498 2828 1716 2872 Philosophus
1751 2828 1884 2870 quidem
1907 2828 2054 2868 dicebat,
2079 2838 2231 2871 magnam
2262 2829 2413 2872 oportere

1370 2887 1556 2920 mercedem
1572 2888 1744 2929 magistros
1761 2886 1908 2930 accipere
1925 2896 1946 2920 a
1969 2887 2163 2928 discipulis3
2181 2887 2222 2920 ab
2237 2887 2412 2930 ingeniosis

1373 2946 1519 2988 quidem,
1543 2947 1632 2988 quod
1646 2947 1753 2980 multa
1769 2946 1934 2980 discerent
1950 2958 1959 2978 :
1974 2945 2017 2979 ab
2030 2945 2205 2980 hebetibus
2218 2955 2309 2987 vero,
2324 2945 2413 2988 quod

1369 3006 1511 3038 multum
1526 3006 1684 3039 molestia>
1698 3006 1896 3039 exhiberent.

1412 3067 1463 3096 70.
1489 3064 1648 3097 Animalia
1665 3065 1765 3105 igitur
1787 3063 1835 3097 ita
1857 3072 1973 3096 rursus
1989 3063 2207 3096 distribuebat
2233 3063 2268 3095 in
2293 3070 2410 3100 genera

1369 3124 1401 3154 et
1424 3123 1545 3164 partes,
1564 3122 1653 3155 omni
1681 3122 1780 3156 modo
1801 3122 1969 3163 dividens,
1988 3122 2092 3154 donec
2109 3122 2152 3155 ad
2167 3121 2315 3155 omnium
2333 3119 2406 3153 ani-

1369 3181 1504 3213 malium
1520 3182 1681 3214 elementa
1696 3181 1854 3223 pervenit,
1876 3189 1952 3222 quae
1967 3181 2111 3222 quinque
2129 3180 2253 3212 formas
2270 3181 2305 3212 et
2328 3187 2404 3212 cor-

1369 3247 1449 3280 pora
1468 3240 1658 3282 appellabat,
1671 3240 1835 3280 aetherem,
1852 3239 1961 3280 ignem
1972 3263 1981 3278 ‚
1999 3248 2120 3280 aquam
2130 3263 2140 3278 ,
2160 3240 2283 3271 terram
2297 3239 2332 3271 et
2349 3246 2405 3270 ae-

1368 3306 1448 3331 rem.

1411 3359 1460 3389 71.
1483 3358 1611 3391 Etenim
1636 3358 1801 3401 rejiciendi
1829 3360 1906 3390 sunt
1930 3357 2148 3400 Epimenides,
2181 3356 2341 3390 Eudoxus
2371 3354 2408 3387 et

1367 3418 1566 3452 Xenocrates
1584 3419 1786 3461 suspicantes
1808 3420 1881 3452 tum
1906 3418 2085 3460 Apollinem
2113 3427 2189 3451 cum
2207 3415 2404 3451 Parthenide
