2528 3788
1124 210 1454 254 FRAGMEtrrA.

2291 206 2370 245 149

174 338 183 347 ,,
201 317 346 363 gau-ruf
372 303 461 341 huic
482 306 522 340 in
545 305 691 342 tabellis
716 313 790 343 tres
809 304 1024 347 huiusmodi
1053 303 1256 340 versiculos
1281 299 1291 342 ἰ
1318 300 1595 340 Consolatione
1621 306 1714 337 teste
1733 297 1948 335 Lactantio
1963 294 2089 334 divin.
2106 294 2275 333 institut.
2299 295 2368 333 lib.

86 361 93 406 ’.
114 347 115 354 ¹
144 352 149 390 ’Ῐ
203 356 316 403 datm-
332 376 344 401 .·

258 443 418 489 lgnare's
435 441 608 479 hommes
625 444 663 478 in
683 444 759 478 vita
777 438 963 478 mentibus
983 425 1113 476 errant
1130 451 1139 475 :

258 499 478 548 Euthynous
493 499 834 551 potitur-„fatorum
854 501 1016 543 nume’ne,
1046 499 1118 535 leco
1135 510 1148 533 .·

258 559 324 597 Sic
326 556 415 607 fuit
435 560 564 596 utilius
574 560 686 609 finiri
701 562 847 608 ipsique
867 558 1021 606 tibique.

204 642 379 688 Primum
397 660 578 692 versum.
599 646 668 698 qui
693 646 735 684 in
766 643 1004 684 membranis
1041 644 1095 682 sic
1123 656 1256 681 exara-

183 701 268 748 'tur
287 721 297 746 ε
317 705 428 759 ἤρου,
446 705 553 754 νήπιε
566 736 578 755 ,
601 704 737 753 ἠλίθιαι
765 703 887 758 φρένες
915 705 1068 756 ἀνδρῶν,
1092 717 1114 742 a
1134 703 1256 741 libra-

202 766 272 807 riis
289 766 511 805 mutilatum
526 777 632 811 esse,
653 777 769 803 nemo
797 777 877 802 non
909 763 1031 802 videt.
1061 762 1186 809 Quem
1216 772 1258 801 ut

202 824 447 879 supplerem,
465 824 602 876 scripsi
634 837 643 861 ι
671 822 780 875 ἤρου,
805 822 935 870 νήπιε,
964 821 1099 869 ἣλίθιαι
1133 823 1256 860 δειλῶν

203 886 323 940 φρένες
339 884 489 938 ἀνδρῶν.
513 883 628 931 Quod
657 883 854 934 reliquum
884 890 966 929 est,
988 882 1070 920 haec
1085 882 1257 920 narratio
1285 872 1291 897 ¹

203 945 350 999 optime
368 943 576 996 copulatur
589 956 678 982 cum
685 943 774 980 vitae
790 942 971 981 humanae
990 941 1258 980 miserationes

198 1017 323 1058 quam
340 1005 599 1054 fragmentum
619 1015 644 1053 9
672 1001 854 1040 continet.
876 1000 1020 1039 Confer
1047 1006 1085 1038 et
1112 999 1253 1050 fragm.

209 1078 270 1104 ια.
289 1065 301 1116 )

258 1136 306 1163 11.
343 1122 396 1163 Τὸ
420 1119 558 1176 γὰρμὴ
591 1119 635 1159 δι’
656 1119 761 1159 αὑτὸν
794 1121 913 1165 κακῶς
943 1118 1111 1172 πράττειν
1143 1119 1161 1156 ὁ
1188 1115 1253 1170 μὲν

205 1181 380 1236 Κράντωρ
407 1181 512 1236 φησὶν
541 1180 581 1220 οὗ
610 1176 734 1232 μικρὸν
761 1172 850 1218 εἶναι
880 1178 1059 1232 κούφισμα
1082 1178 1168 1230 πρὸς
1194 1177 1256 1221 τὰς

203 1257 244 1280 W
273 1257 329 1286 ας.

209 1297 214 1301 ’
246 1256 516 1353 {Plutarchus
533 1299 695 1340 Consol.
715 1299 764 1337 ad
782 1300 909 1350 Apoll.
939 1298 1018 1337 vol.
1049 1297 1138 1344 Vll,
1167 1310 1255 1348 pag.

206 1361 286 1412 349
303 1359 365 1401 ed.
389 1360 550 1401 Hutten.
586 1359 670 1397 Hoc
690 1358 830 1397 solatio
848 1358 957 1396 multi
987 1358 1026 1395 in
1047 1356 1166 1395 rebus
1195 1357 1254 1395 ad-

205 1419 329 1460 versis
363 1431 406 1458 se
442 1418 627 1458 consolati
655 1425 766 1466 sunt,
805 1417 916 1456 velut
943 1418 1121 1455 Socrates
1154 1416 1257 1467 apud

205 1477 505 1530 Xenophontem
537 1478 655 1530 Apol.
692 1490 778 1529 cap.
808 1477 941 1523 2448,
970 1475 1122 1522 Cicero,
1144 1474 1259 1526 cujus

205 1541 409 1592 complura
440 1539 544 1579 dicta
571 1540 691 1579 refert
723 1539 772 1578 ad
804 1539 847 1580 h.
880 1539 909 1579 l.
938 1537 1260 1589 Wyttenbachius

205 1612 252 1651 p.
275 1599 356 1650 759
372 1629 382 1647 ‚
403 1598 513 1649 alii.)

260 1668 321 1710 ης
346 1658 498 1701 Πολλοῖς
534 1655 602 1709 γὰρ
637 1655 700 1695 καὶ
722 1661 841 1708 σοφοῖς
874 1654 1142 1708 ἀνδράσιν,<ὥς
1174 1671 1260 1707 φησι

183 1717 398 1776 ’-Κράντωρ,
417 1717 458 1756 οὗ
477 1719 566 1764 νῦν,
599 1713 691 1755 ἀλλὰ
719 1714 835 1754 πάλαι
862 1713 1081 1753 κέκλαυσται
1109 1714 1260 1768 τάνθρώ-

205 1793 291 1819 πινα
306 1806 319 1826 ,
340 1774 512 1829 τιμωρίαν
531 1773 737 1825 ἡγουμένοις
750 1766 840 1812 εἶναι
857 1772 916 1811 τὸν
941 1771 1030 1825 βίον,
1052 1773 1114 1812 καὶ
1136 1773 1252 1826 ἀρχὴν

205 1837 247 1878 τὸ
260 1835 421 1890 γενέσθαι
437 1834 618 1886 ἄνθρωπον
634 1832 817 1887 συμφορὰν
835 1831 899 1879 τὴν
916 1831 1098 1883 μεγίστην.
1206 1875 1214 1883 .

209 1931 217 1934 -
263 1893 527 1950 (Plutarchus
546 1893 706 1931 Consol.
734 1891 783 1931 ad
812 1891 942 1944 Apoll.
963 1892 1043 1930 vol.
1061 1891 1150 1939 Vll,
1169 1904 1257 1944 pag.

210 1955 306 2008 351,
325 1953 391 1994 ed·-
413 1953 574 1992 Hutten.
593 1950 679 1990 Viri
696 1950 912 2003 sapientes,
931 1951 1000 2002 qui
1020 1951 1060 1988 in
1080 1950 1152 1989 hac
1179 1951 1255 1989 fue-

206 2024 300 2056 runt
310 2013 504 2055 sententia
515 2041 526 2060 ,
541 2010 791 2063 appellantur
812 2013 1005 2049 Homerus
1016 2039 1026 2058 ,
1043 2010 1258 2060 Theognis,

206 2066 488 2127 Empedocles,
536 2070 743 2118 Prodicus,
775 2070 858 2110 alii.
886 2069 1136 2122 Empedoclis
1155 2072 1260 2108 lucu·

206 2133 306 2174 lenti
325 2139 462 2172 extant
477 2143 616 2170 versus
639 2130 743 2182 apud
778 2129 1035 2169 Plutarchum
1054 2129 1102 2168 de
1120 2130 1262 2168 exsilio

210 2208 253 2247 p.
271 2194 348 2241 607
364 2190 458 2230 ἔστιν
474 2189 630 2242 ἀνάγκης
648 2192 792 2242 χρῆμα,
812 2191 900 2227 θεῶν
922 2188 1091 2242 ψήφισμα
1110 2187 1262 2228 παλαιόν

209 2253 290 2292 κτλ.
311 2249 428 2301 (vid.
452 2249 556 2288 Phil.
581 2248 652 2288 Gr.
688 2248 842 2299 Fragm.
874 2248 954 2286 vol.
975 2247 1016 2295 l,
1038 2262 1080 2299 p.
1104 2262 1119 2285 1
1143 2261 1201 2287 vs.
1224 2263 1263 2285 1-

213 2311 299 2364 1o);
320 2311 370 2350 de
387 2309 534 2361 quibus
555 2309 612 2348 sic
627 2308 782 2361 judicat
801 2308 983 2346 Plotinus
997 2307 1171 2347 Ennead.
1194 2307 1259 2355 lv,

210 2371 289 2411 lib-⁷
305 2369 420 2418 Vlll,
451 2383 537 2421 cap.
579 2383 612 2415 1,
637 2383 676 2421 p.
712 2369 790 2413 468
814 2367 1065 2418 Ἐμπεδοκλῆς
1088 2382 1128 2406 τε
1155 2366 1263 2406 εἰπὼν

211 2427 498 2484 ἂμαρτανούσαις
524 2427 631 2479 νόμον
667 2420 758 2466 εἶναι
791 2431 868 2472 ταῖς
900 2428 1030 2479 ψυχαῖς
1061 2428 1180 2464 πεσεῖν
1206 2429 1265 2465 ἐν-

210 2493 323 2531 ταῦθα
342 2488 404 2528 καὶ
425 2488 529 2532 αὗτὸς
551 2488 663 2541 φυγὰς
683 2486 800 2533 θεόθεν
827 2486 1010 2538 γενόμενος
1042 2484 1142 2533 ἥκειν
1162 2486 1264 2525 πίσυ-

212 2563 269 2593 νος
294 2546 495 2602 μαινομένῳ
513 2545 618 2586 νείκεϊ
631 2575 643 2598 ,
666 2549 833 2585 τοσοῦτον
855 2545 1082 2599 παρεγύμνου
1105 2544 1185 2585 ὅσον
1205 2548 1266 2586 καὶ

213 2605 423 2662 Πυθαγόρας
440 2601 540 2658 οἶμαι
559 2605 620 2645 καὶ
639 2608 672 2645 οἱ
690 2607 752 2645 ἀπ’
776 2603 907 2645 ἐκείνου
923 2604 1107 2658 ᾐνίττοντο
1127 2605 1207 2659 περί
1228 2621 1264 2645 τε

213 2664 336 2706 τούτου
356 2664 440 2719 περί
457 2680 497 2705 τε
515 2666 655 2705 πολλῶν
683 2665 816 2706 ἄλλων.
836 2665 946 2704 Adde
965 2665 1073 2704 locos
1093 2678 1192 2716 quos
1219 2666 1267 2704 ad

213 2725 486 2778 Empedoclem
515 2726 628 2765 attuli
664 2739 756 2777 pag.
791 2725 837 2763 15
864 2738 975 2777 seqq.
1005 2724 1111 2764 Idem
1148 2727 1269 2764 sensit

36 2759 47 2826 i
76 2775 109 2830 ff.
214 2785 328 2826 Plato
349 2784 506 2824 Phaedr.
541 2799 582 2837 p.
617 2786 710 2830 248.
747 2784 940 2823 Similiter
984 2784 1194 2835 Euripides
1227 2786 1268 2823 in

103 2844 105 2853 ⁴
170 2857 171 2860 ’
215 2844 360 2884 Smbaei
392 2844 495 2884 Flor.
534 2845 660 2893 CXX,
686 2859 736 2882 αα
760 2846 868 2898 ἐχρῆν
898 2843 961 2896 μὲν
982 2847 1078 2894 ἡμᾶς
1100 2844 1269 2896 σύλλογον

215 2903 444 2956 ποιουμένους
463 2902 521 2942 τὸν
546 2903 658 2957 φύντα
675 2907 814 2954 θρηνεῖν
836 2904 883 2947 εἷς
899 2902 954 2942 ὅσ’
988 2903 1131 2956 ἔρχεται
1150 2903 1267 2954 κακά,

215 2960 276 3003 τὸν
290 2962 324 3001 δῖ
341 2956 387 3001 αὖ
419 2961 566 3001 θανόντα
594 2962 654 3001 καὶ
684 2961 800 3002 πόνων
824 2962 1050 3013 πεπαυμένον
1082 2961 1270 3015 χαίροντας

217 3023 460 3077 εὐφημοῦντας
487 3021 680 3072 ἐκπέμπειν
715 3022 847 3074 δόμων.
879 3022 961 3074 (Cf.
992 3022 1087 3063 Eur.
1117 3022 1266 3074 Fragm.

217 3094 259 3136 p.
276 3082 354 3132 728
372 3081 434 3122 ed.
458 3082 639 3133 Wagner.
654 3085 664 3133 )
684 3082 816 3120 Porro
832 3082 1034 3122 Crantoris
1053 3082 1161 3120 dicto
1175 3096 1270 3122 usus

218 3149 279 3181 eat
292 3141 470 3182 Phalaris
485 3155 523 3194 p.
544 3142 621 3180 252
645 3142 709 3181 ed.
731 3144 906 3192 Lennep.
931 3142 1120 3192 Inprimis
1141 3150 1268 3181 autem

218 3201 420 3241 crantoris
437 3214 439 3217 ·
461 3201 749 3254 apophthegma
795 3200 1006 3239 celebravit
1050 3200 1191 3239 Cicero
1229 3204 1270 3240 in

1283 345 1290 403 l
1317 359 1388 405 lli,
1407 373 1493 411 cap.
1521 359 1566 396 18
1599 360 1622 409 S
1658 372 1703 395 ιο
1732 367 1770 395 et
1798 369 1882 408 cap.
1913 369 1964 406 19
1997 356 2021 406 §
2053 361 2114 400 πί..
2152 357 2208 392 Ac
2237 354 2370 405 priore

1284 407 1290 472 ξ
1317 419 1475 470 quidem
1493 418 1581 456 loco
1600 417 1823 454 Lactantius
1843 428 1854 453 τ
1877 413 2016 453 Cicero
2031 443 2043 463 ‚
2065 412 2226 465 inquit,
2248 425 2369 463 quum

1284 475 1291 504 t
1317 478 1358 517 in
1378 478 1580 529 principio
1601 475 1889 514 Consolationis
1913 487 1994 512 suae
2014 472 2194 520 dixisset,
2215 474 2369 510 luendo-

1284 506 1291 596 !
1316 552 1399 575 rum
1434 539 1614 575 scelerum
1642 549 1759 572 causa
1795 538 1901 571 nasci
1929 534 2116 580 homines,
2145 532 2303 570 iteravit
2329 532 2371 570 id

1318 596 1449 648 ipsum
1461 603 1597 648 postea
1604 599 1714 645 quasi
1727 595 1931 644 objurgans
1938 605 2021 629 eum
2030 596 2092 642 qui
2099 595 2210 629 vitam
2217 602 2371 641 poenam

1318 671 1393 694 non
1422 669 1501 694 esse
1520 663 1645 706 putet.
1675 652 1896 690 Posteriore
1925 663 2022 689 vero
2052 651 2107 690 ait
2133 664 2142 688 ε
2179 651 2375 688 Damnant

1285 719 1291 774 Ι
1318 715 1440 766 igitur
1474 714 1594 751 vitam
1626 724 1808 758 omnem,
1836 710 2074 762 plenamque
2105 708 2206 746 nihil
2235 705 2369 753 aliud,

1318 787 1434 825 quam
1451 773 1586 819 malis,
1608 771 1832 823 opinantur.
1852 769 1952 807 Hinc
1970 776 2060 806 nata
2083 775 2138 805 est
2150 767 2288 817 inepta
2307 765 2376 802 illa

1318 833 1530 880 sententia,
1544 832 1644 869 hanc
1659 843 1743 868 esse
1756 837 1937 877 mortem,
1948 841 2064 879 quam
2077 839 2150 865 nos
2169 826 2290 864 vitam
2303 837 2375 876 pu-

1319 900 1457 942 temns;
1466 891 1575 929 illam
1587 890 1708 927 vitam
1719 901 1834 939 quam
1843 900 1916 926 nos
1929 900 2002 939 pro
2012 894 2137 924 morte
2145 885 2348 923 timeamus
2363 896 2372 919 t

1317 951 1373 989 ita
1385 951 1556 1002 primum
1579 949 1726 987 bonum
1747 959 1832 986 esse
1847 977 1856 994 ,
1875 960 1956 984 non
1984 947 2112 993 nasci3
2133 943 2372 988 secundumn,

1317 1011 1435 1049 citius
1465 1009 1582 1047 mori.
1622 1007 1718 1053 Quae
1749 1015 1791 1044 ut
1819 1004 1983 1056 majoris
2020 1005 2071 1043 sit
2099 1001 2370 1048 auctoritatis,

1317 1069 1450 1108 Sileno
1470 1067 1710 1107 attribuitur.
1729 1065 1866 1103 Cicero
1894 1065 1936 1102 in
1964 1063 2242 1102 Consolatione
2255 1090 2266 1109 ,
2289 1063 2375 1099 Non

1317 1133 1436 1178 nasci,
1455 1128 1598 1179 inquit,
1617 1129 1726 1177 longe
1751 1130 1947 1175 optimum,
1972 1137 2042 1160 nec
2058 1127 2097 1160 in
2115 1124 2184 1160 hos
2201 1123 2375 1171 scopulos

1319 1190 1485 1224 incidere
1498 1191 1584 1223 vitoe
1595 1200 1604 1223 :
1615 1189 1831 1235 proximum
1845 1192 1991 1231 autem,
2010 1186 2044 1218 si
2059 1190 2170 1218 natus
2182 1185 2250 1227 sis,
2262 1193 2375 1230 quam

1313 1251 1479 1298 primum
1506 1248 1621 1292 mori,
1640 1253 1679 1281 et
1705 1253 1887 1293 tanquam
1924 1255 1974 1278 ex
1995 1242 2172 1278 incendio
2203 1238 2376 1290 effugere

1319 1303 1734 1352 violentiamfortunoe.
1756 1303 1840 1340 Huc
1866 1301 2066 1354 pertinent
2085 1300 2203 1338 etiam
2227 1299 2375 1337 Aristo-

1319 1366 1410 1404 telis
1445 1363 1568 1403 verba
1609 1363 1713 1414 apud
1751 1361 2004 1400 Plutarchum
2039 1361 2081 1398 in
2133 1359 2291 1398 Consol.
2328 1361 2375 1397 ad

1321 1425 1454 1477 Apoll.
1497 1423 1579 1461 vol.
1611 1421 1697 1470 Vll,
1732 1435 1818 1474 pag.
1860 1421 1933 1460 351
1968 1433 2078 1471 seqq.
2114 1419 2177 1459 ed.
2212 1419 2373 1459 Hutten.

1320 1487 1423 1523 τοῦτο
1454 1481 1490 1521 δέ
1513 1497 1616 1536 φησιν
1633 1480 1874 1533 Ἀριστοτέλης
1893 1479 1954 1518 καὶ
1977 1479 2034 1517 τὸν
2060 1478 2228 1526 Σειληνὸν
2245 1479 2375 1525 συλλη·

1321 1605 1383 1641 τοῦ
1403 1599 1593 1654 φιλοσόφου
1610 1597 1717 1644 λέξεις
1740 1597 1976 1650 παραθέσθαι.
2000 1595 2101 1642 Φησὶ
2122 1594 2158 1633 δὲ
2177 1596 2211 1632 ἐν
2229 1597 2280 1647 τῷ
2299 1595 2379 1633 Εὖ-

1322 1661 1425 1713 δήμῳ
1442 1657 1732 1712 ἐπιγραφομένῳ,
1752 1655 1776 1703 ἢ
1798 1655 1887 1708 Περὶ
1907 1657 2042 1709 ψυχῆς,
2059 1653 2175 1693 ταυτί·
2194 1652 2328 1704 διόπερ,
2349 1646 2378 1691 ὦ

1287 1519 1293 1760 ι
1321 1542 1450 1596 φθέντα
1476 1543 1526 1594 τῷ
1552 1539 1652 1592 Μίδᾳ
1672 1537 1935 1592 ἀποφήνασθαι.
1956 1536 2103 1578 Βέλτιον
2128 1535 2157 1575 δ’
2184 1535 2292 1579 αὐτὰς
2316 1535 2379 1579 τὰς

1288 1763 1293 1771 ¹
1323 1720 1490 1773 κράτιστε
1509 1716 1650 1756 πάντων
1671 1715 1733 1754 καὶ
1753 1715 2040 1768 μακαριστότατε
2052 1744 2064 1764 ,
2082 1713 2167 1765 πρὸς
2193 1716 2244 1765 τῷ
2263 1727 2381 1763 μακα-

1324 1778 1418 1833 ρίους
1435 1777 1495 1818 καὶ
1514 1775 1726 1826 εὐδαίμονας
1747 1769 1838 1814 εἶναι
1863 1773 1942 1818 τοὺς
1962 1771 2258 1819 τετελευτηκότας
2275 1771 2379 1822 νομί-

1322 1841 1390 1885 ζειν
1403 1869 1413 1888 ,
1435 1836 1496 1877 καὶ
1513 1835 1552 1874 τὸ
1566 1834 1765 1889 ψεύσασθαί
1780 1850 1815 1872 τι
1834 1833 1913 1872 κατ’
1930 1833 2044 1872 αὐτῶν
2070 1832 2131 1871 καὶ
2151 1831 2192 1870 τὸ
2214 1833 2380 1884 βλασφη-

1325 1903 1422 1950 μεῖν,
1443 1898 1511 1950 οὖχ
1526 1893 1619 1934 ὅσιον
1635 1925 1646 1946 ,
1677 1896 1724 1938 ὡς
1745 1892 1838 1933 κατὰ
1861 1892 2046 1946 βελτιόνων
2063 1922 2074 1941 ,
2093 1890 2296 1943 ἡγούμεθα,
2318 1889 2379 1928 καὶ

1322 1956 1529 2012 κρειττόνων
1553 1955 1621 2003 ἤδη
1647 1954 1857 2006 γεγονότων.
1883 1953 1953 1992 Καὶ
1981 1954 2082 1992 ταῦθ’
2108 1951 2216 1995 οὕτως
2245 1952 2381 2004 ἀρχαῖα

1323 2017 1385 2058 καὶ
1404 2014 1543 2056 παλαιὰ
1563 2016 1718 2053 διατελεῖ
1736 2012 1973 2064 νενομισμένα
1993 2011 2079 2066 παρ’
2100 2014 2203 2062 ἡμῖν,
2226 2009 2319 2049 ὥστε
2339 2009 2380 2048 τὸ

1324 2077 1497 2130 παράπαν
1529 2074 1641 2117 οὐδεὶς
1671 2067 1760 2112 οἶδεν
1794 2072 1873 2111 οὔτε
1905 2075 1966 2111 τοῦ
1997 2071 2125 2126 χρόνου
2153 2070 2215 2118 τὴν
2250 2070 2378 2124 ἀρχήν,

1324 2135 1403 2175 οὔτε
1430 2133 1489 2174 τὸν
1524 2132 1628 2172 θέντα
1660 2136 1820 2185 πρῶτον,
1859 2130 1951 2170 ἀλλὰ
1986 2132 2044 2170 τὸν
2084 2130 2227 2183 ἄπειρον
2269 2131 2379 2167 αἰῶνα

1323 2192 1537 2247 τυγχάνουσι
1558 2192 1614 2231 διὰ
1635 2192 1756 2236 τέλους
1780 2191 1870 2230 οὕτω
1889 2189 2140 2240 νενομισμένα.
2167 2187 2262 2240 Πρὸς
2277 2187 2313 2226 δὲ
2337 2186 2379 2233 δὴ

1325 2254 1479 2297 τούτοις,
1499 2251 1557 2290 διὰ
1587 2251 1762 2302 στόματος
1785 2252 1819 2288 ἐν
1842 2252 1912 2293 τοῖς
1942 2248 2136 2300 ἀνθρώποις
2154 2250 2258 2300 δρᾷς,
2277 2249 2323 2289 ὥς
2341 2248 2381 2284 ἐκ

1325 2314 1463 2352 πολλῶν
1480 2313 1588 2359 ἐτῶν,
1608 2312 1647 2349 ἐκ
1666 2312 1820 2348 παλαιοῦ
1848 2308 1975 2360 χρόνου
1988 2337 1999 2356 ,
2029 2305 2256 2360 περιφέρεται
2276 2307 2381 2358 θρυλ-

1325 2370 1506 2424 λούμενον.
1530 2371 1577 2410 Τί
1593 2372 1706 2417 τοῦτ’,
1731 2369 1808 2422 ἔφη.
1837 2370 2006 2412 Κάκεῖνος
2024 2366 2225 2406 ὖπολαὸών·
2247 2368 2294 2410 ὡς
2312 2364 2380 2417 ἄρα

1328 2431 1378 2483 μὴ
1405 2429 1563 2482 γίνεσθαι
1590 2428 1653 2479 μέν
1670 2458 1680 2477 ,
1700 2427 1807 2481 ἔφην,
1840 2426 1982 2480 ἄριστον
2002 2426 2144 2465 πάντων
2159 2454 2168 2472 ,
2193 2425 2234 2463 τὸ
2265 2423 2302 2463 δὲ
2324 2432 2384 2463 ‘te-³

1328 2489 1448 2530 θνάναι
1467 2493 1527 2527 τοῦ
1548 2491 1609 2540 ζῇν
1629 2486 1703 2526 ἐστὶ
1723 2489 1893 2540 κρεῖττον.
1922 2487 1994 2526 Καὶ
2013 2487 2155 2530 πολλοῖς
2175 2484 2265 2523 οὕτω
2283 2484 2382 2536 παρὰ

1327 2554 1387 2589 τοῦ
1421 2548 1602 2600 δαιμονίου
1631 2546 1916 2599 μεμαρτύρηται.
1949 2547 2064 2585 Τοῦτο
2092 2546 2155 2597 μὲν
2185 2545 2306 2596 ἐκείνῳ
2331 2546 2382 2595 τῷ

1328 2607 1426 2660 Μίδᾳ
1455 2606 1595 2658 λέγουσι
1619 2606 1730 2653 δήπου
1767 2605 1857 2654 μετὰ
1880 2604 1943 2651 τὴν
1964 2605 2097 2658 θήραν,
2127 2607 2174 2647 ὡς
2194 2603 2299 2642 ἔλαὸε
2325 2602 2382 2640 τὸν

1329 2666 1519 2714 Σειληνόν,
1544 2667 1757 2719 διερωτῶντι
1779 2663 1839 2703 καὶ
1859 2664 2111 2718 πυνθανομένῳ
2125 2695 2134 2712 ,
2154 2663 2187 2702 τί
2206 2662 2291 2702 ποτέ
2309 2664 2383 2701 ἐστι

1329 2727 1368 2765 τὸ
1391 2726 1526 2779 βέλτιον
1545 2731 1615 2768 τοῖς
1636 2723 1853 2778 ἀνθρώποις,
1873 2724 1936 2764 καὶ
1959 2724 1991 2762 τί
2021 2724 2059 2761 τὸ
2080 2723 2222 2762 πάντων
2243 2720 2385 2775 αἱρετώ-

1332 2801 1455 2834 τατον,
1491 2784 1531 2824 τὸ
1562 2785 1626 2835 μὲν
1659 2786 1799 2836 πρῶτον
1833 2784 1933 2823 οὖδὲν
1971 2784 2099 2824 ἐθέλειν
2132 2785 2240 2822 εἰπεῖν
2254 2814 2264 2831 ,
2294 2780 2386 2820 ἀλλὰ

1331 2851 1467 2898 σιωπᾷν
1484 2845 1663 2900 ἀῤῥήτως.
1683 2843 1832 2891 Ἐπειδὴ
1852 2843 1890 2883 δέ
1909 2860 1996 2884 ποτε
2014 2844 2117 2895 μόλις
2129 2849 2247 2882 πᾶσαν
2270 2857 2387 2895 μηχα-

1330 2903 1391 2951 νὴν
1426 2903 1681 2958 μηχανώμενος
1713 2902 1961 2957 προσηγάγετο
1990 2902 2204 2956 φθέγξασθαί
2233 2916 2268 2940 τι
2300 2901 2386 2954 πρὸς

1331 2964 1458 3012 αὐτόν,
1476 2963 1583 3008 οὕτως
1605 2962 1887 3014 ἀναγκαζόμενον
1915 2963 2038 3001 εἰπεῖν·
2073 2962 2240 3013 δαίμονος
2262 2961 2384 2999 ἐπιπό-

1330 3038 1389 3063 νου
1406 3023 1467 3062 xant
1487 3023 1599 3077 τύχης
1619 3024 1779 3076 χαλεπῆς
1799 3023 1974 3077 ἐφήμερον
1992 3022 2158 3076 σπέρμα,
2179 3022 2213 3059 τί
2235 3036 2279 3072 με
2304 3021 2385 3073 βιά-

1330 3085 1430 3129 ζεσθε
1448 3083 1562 3135 λέγειν
1576 3114 1587 3132 ,
1613 3081 1636 3121 ἃ
1663 3085 1744 3134 ὑμῖν
1772 3082 1887 3135 ἄρειον
1906 3082 1958 3133 μὴ
1978 3084 2129 3134 γνῶναι;
2153 3083 2228 3133 μετ’
2246 3080 2384 3132 ἀγνοίας

1331 3141 1401 3196 γὰρ
1418 3145 1487 3182 τῶν
1506 3142 1642 3182 οἰκείων
1659 3144 1778 3181 κακῶν
1798 3140 2016 3186 ἀλυπότατος
2035 3144 2054 3180 ὁ
2073 3140 2161 3193 βίος.
2177 3139 2387 3192 Ἀνθρώποις

1333 3202 1370 3241 δὲ
1389 3202 1542 3254 πάμπαν
1562 3205 1625 3242 οὐκ
1645 3203 1719 3243 ἔστι
1739 3203 1900 3255 γενέσθαι
1917 3202 1956 3242 τὸ
1973 3202 2115 3240 πάντων
2132 3201 2289 3254 ἄριστον,
2309 3198 2387 3236 οὐδὲ

272 3362 321 3393 11.
338 3361 421 3394 Nam
439 3359 696 3402 haudquaquam
710 3369 770 3393 sua
792 3359 890 3402 culpa
911 3359 945 3391 in
969 3359 1111 3392 miseriis
1137 3361 1283 3397 versari,>

169 3466 173 3471 θ
227 3420 368 3453 crantor
380 3428 536 3461 magnum
551 3419 779 3454 calamitatum
795 3419 944 3453 levamen
959 3427 1032 3452 esse
1051 3419 1108 3452 ait.

1336 3371 1401 3396 non
1431 3373 1519 3398 nunc
1539 3364 1680 3408 primum
1706 3363 1960 3407 deploraverunt
1985 3369 2038 3405 res
2064 3368 2245 3399 numanas,
2281 3359 2386 3391 vitam

1337 3429 1409 3454 esse
1437 3421 1631 3464 supplicium
1660 3421 1862 3462 judicantes,
1898 3422 1931 3452 et
1954 3418 2088 3451 omnino
2114 3418 2203 3449 nasei
2222 3416 2388 3449 hominem

275 3482 324 3512 12.
344 3478 441 3514 Multi
468 3478 576 3519 enim,
593 3480 632 3512 ut
657 3478 703 3513 ait
721 3480 882 3519 Crantor,
911 3478 999 3521 iique
1024 3479 1188 3522 sapientes
1214 3479 1277 3513 viri
1339 3489 1500 3514 summam
1524 3481 1744 3514 calamitatem
1760 3480 1929 3513 ducentes.
