2508 3776
312 158 391 197 432

311 258 427 295 γωμεν
449 242 561 282 τοίνυν
585 241 657 294 περὶ
687 243 748 292 τοῦ
769 242 871 295 ὀρθοῦ
892 240 1013 295 λόγοῦ,
1045 242 1174 283 ἄνωθεν
1196 245 1353 299 ἀρξάμε-

308 317 376 343 νοι.

368 360 536 412 (Scripsi
558 372 567 399 :
587 363 601 381 ¹¹
619 358 705 397 ἄλλο
724 359 778 411 τι]
801 360 921 410 vulgo
943 360 1030 400 ἄλλό
1052 377 1099 402 τι.
1122 364 1200 415 -)

734 449 825 500 Κεφ.
859 448 907 499 β’.

308 532 469 576 Διαίρεσις
486 535 544 565 τοῦ
560 534 691 575 λογικοῦ
708 537 764 573 τῆς
783 535 897 576 ψυχῆς·
925 535 982 567 καὶ
1001 535 1074 568 τίνα
1093 536 1126 569 ἐν
1148 538 1222 578 ἡμῖν
1240 535 1280 568 τὰ
1296 536 1353 569 κύ-

680 592 734 624 ρια
748 585 805 621 τῆς
821 581 978 624 πράξεως.

361 651 377 668 *
399 651 460 691 Ἐν
482 656 552 696 τοῖς
582 652 846 704 προειρημένοις
868 652 1036 697 διελόντες
1057 653 1119 698 τὰς
1152 669 1214 701 της
1240 655 1355 707 ψυχῆς

308 710 450 762 ἀρετάς,
469 710 531 754 τὰς
553 710 615 761 μὲν
637 710 762 758 ἠθικὰς
781 710 944 763 ἐλέγομεν
969 715 1080 760 εἰναι,
1105 711 1186 751 ὅσαι
1206 715 1268 751 τοῦ
1287 729 1355 751 πα-

307 772 446 816 θητικοῦ
468 771 529 816 τῆς
548 771 662 822 ψυχῆς
692 770 838 822 μέρους,
868 771 930 814 τὰς
960 770 996 809 δὲ
1020 771 1252 819 διανοητικᾶς,
1273 769 1354 810 ὅσαι

305 831 366 876 τ’ῆς
387 827 537 872 διανοίας
559 829 636 867 εἶσί.
671 829 759 882 Περὶ
783 845 845 880 μεν
868 833 928 868 οὖν
948 845 1016 868 των
1036 832 1168 877 ἠθικῶν
1191 830 1353 878 διεληλύ-

306 890 429 938 θαμεν·
452 903 532 940 περι
563 886 599 926 δὲ
621 891 689 926 τῶν
715 888 844 927 λοιπων
865 889 934 937 ἤδη
957 888 1144 941 λέγωμεν,
1172 891 1205 928 ἐν
1230 890 1352 934 αὐταῖς

305 947 372 999 γὰρ
388 946 445 984 τὸν
470 946 569 998 ὀρθὸν
593 947 786 999 εὑρήσομεν
805 948 917 998 λόγον·
942 949 1052 987 ἐκεῖνο
1080 950 1217 1002 πρῶτον
1236 949 1350 988 εἶπόν-

304 1021 359 1050 τες
380 1005 460 1057 περὶ
482 1008 542 1051 τῆς
564 1006 690 1058 ψυχῆς.

357 1064 391 1081 **
411 1063 585 1117 Πρότερον
607 1064 669 1114 μὲν
689 1069 747 1104 οὖν
769 1064 829 1104 δύο
849 1065 938 1118 μέρη
955 1081 1028 1113 της
1065 1067 1181 1119 ψυχῆς
1211 1065 1352 1118 εἴπομεν

304 1127 413 1173 εἰναι,
434 1123 474 1162 τό
493 1139 530 1161 τε
543 1132 558 1150 ‘¹
577 1123 713 1176 λόγον’
695 1140 799 1177 εχον,
818 1125 878 1162 καὶ
895 1125 934 1162 τὸ
953 1123 1093 1176 ἄλογον.

357 1183 409 1200 ***
439 1185 518 1223 Νῦν
536 1182 573 1221 δὲ
593 1183 632 1221 τὸ
648 1183 785 1235 λόγον’
766 1199 846 1236 εχον
871 1184 1080 1236 διαιροῦντες
1095 1213 1105 1231 ,
1128 1183 1274 1235 λέγομεν
1292 1183 1352 1223 δύο

304 1245 390 1280 εἰναι
412 1241 454 1279 τὰ
475 1241 576 1293 λόγον
610 1242 745 1294 ἔχοντα
782 1242 819 1280 ἓν
841 1241 925 1293 μέν,
957 1245 1000 1280 δι’
1025 1246 1063 1281 οὓ
1092 1243 1136 1281 τὰ
1176 1245 1349 1295 ἀναγκαῖα

303 1300 518 1351 γινώσκομεν
538 1301 598 1340 καὶ
619 1301 672 1339 ἀεὶ
699 1300 868 1345 ὡσαύτως
891 1302 1041 1352 ἔχοντα,
1061 1317 1120 1340 και
1143 1301 1166 1340 ἃ
1187 1301 1237 1351 μὴ
1259 1302 1351 1341 ἐνδέ-

302 1374 403 1411 χεται
421 1359 534 1404 ἄλλως
556 1360 660 1411 ἔχειν·
683 1359 770 1397 ἄλλο
789 1359 825 1398 δέ
842 1388 852 1407 ,
872 1358 914 1398 δι’
935 1355 975 1398 οὗ
995 1360 1040 1397 τὰ
1061 1359 1272 1412 ἐνδεχόμενα
1290 1376 1349 1412 γι-

302 1416 499 1468 νώσκομεν,
520 1417 581 1455 καὶ
603 1417 728 1456 ἄλλοτε
749 1417 863 1461 ἄλλως
882 1418 1023 1470 ἔχοντα.

355 1475 423 1492 ****
449 1475 520 1515 Καὶ
540 1475 609 1529 γὰρ
640 1476 717 1514 ἐπεὶ
733 1475 778 1514 τὰ
796 1476 978 1527 γνωστὰ
959 1477 1108 1531 οιοὶφορά
1129 1480 1195 1518 εἰσι
1215 1478 1276 1516 καὶ
1297 1480 1348 1517 τῶ

301 1534 418 1572 εἴδει’
405 1534 519 1588 ε’τερα,
541 1535 601 1574 καὶ
618 1534 679 1578 τὰς
704 1533 844 1586 γνώσεις
863 1534 982 1574 ἕπεται
995 1537 1178 1591 διαφόρους
1197 1531 1348 1590 εἶναιτῷ

304 1593 400 1634 εἴδει.
421 1594 497 1641 Τὴν
514 1594 581 1669 γὰρ
591 1610 729 1676 1’γνωσιν
758 1594 881 1644 ὁμοίαν
904 1590 992 1634 εἶναι
1009 1598 1060 1650 τῷ
1081 1612 1274 1648 γινωσκομε
1267 1597 1347 1649 ’νῳ,

300 1653 359 1691 καὶ
379 1654 574 1705 ἀναγκαίαν
591 1653 688 1705 1’μὲν
709 1653 773 1702 τὴν
790 1658 849 1692 τοῦ
871 1656 1084 1706 ἀναγκαίου,
1118 1656 1345 1710 ἐνδεχομένην

301 1711 335 1751 δὲ
355 1712 418 1760 τὴν
435 1717 497 1752 τοῦ
496 1713 744 1785 ἐνδεχομένου
759 1743 771 1764 ‚
791 1719 891 1752 πᾶσα
913 1715 1061 1767 ἀνάγκη·
1084 1715 1145 1754 καὶ
1165 1718 1232 1768 γὰρ
1252 1716 1346 1754 ἐνδε-

298 1771 432 1823 χομένη
450 1772 575 1824 γνῶσίς
592 1774 683 1810 ἐστιν
697 1803 709 1824 ‚
732 1771 808 1819 ἥτις
827 1774 888 1811 οὐκ
909 1773 962 1811 ἀεὶ
982 1774 1157 1823 ἀληθεύει·
1180 1774 1346 1828 ψεύδεται

299 1830 375 1877 δὲὴ
403 1833 555 1882 γνῶσις,
593 1830 675 1869 ὅταν
709 1831 749 1870 τὸ
773 1832 1031 1906 γινωσκόμενον
1066 1833 1115 1884 μὴ
1143 1833 1251 1878 οὕτως
1256 1834 1346 1896 ἔχη

297 1886 417 1941 ὥσπερ
436 1890 659 1939 γινώσκεται·
674 1890 713 1928 τὸ
735 1890 838 1941 δὲμὴ
861 1907 968 1935 ουτως
988 1892 1082 1945 ἔχειν
1102 1893 1221 1944 ὥσπερ
1241 1897 1270 1932 εἰ
1272 1910 1335 1945 χε

299 1950 367 1986 τῶν
390 1948 624 2001 ἐνδεχομένων
647 1948 721 1987 ἐστὶ
742 1950 803 1988 καὶ
822 1950 945 1988 ἄλλοτε
969 1950 1113 1994 ἄλλως’
1099 1968 1112 1990 ε
1115 1967 1260 2004 χοντων
1276 1955 1345 1991 τῶν

300 2007 534 2059 ἐνδεχομένων
557 2007 624 2058 ἄρα
645 2010 667 2054 ἡ
692 2012 816 2058 γνῶσις
837 2009 1050 2060 ἐνδεχομένη
1084 2009 1172 2047 ἐστί.
1213 2011 1280 2049 Διὰ
1300 2011 1344 2049 τὰ

298 2065 388 2104 αὐτὰ
408 2066 451 2113 δὴ
467 2065 528 2105 καὶ
547 2069 616 2105 τῶν
635 2067 837 2118 ἀναγκαίων
856 2067 1031 2118 ἀναγκαία
1044 2071 1066 2115 ἡ
1090 2070 1226 2118 γνῶσις·
1247 2075 1346 2108 πᾶσα

297 2123 365 2176 γὰρ
383 2126 508 2176 γνῶσις
529 2126 606 2163 καθ’
632 2125 826 2175 ὁμοιότητα
843 2124 904 2164 καὶ
933 2125 1012 2165 κατ’
1037 2125 1234 2173 οἰκειότητα
1255 2127 1342 2180 γίνε-

296 2198 365 2222 ται·
386 2183 447 2221 καὶ
474 2183 541 2235 γὰρ
562 2185 744 2237 ἐφαρμογή
766 2184 818 2229 τίς
841 2187 916 2226 ἐστι
936 2184 996 2224 καὶ
1028 2184 1145 2239 ἐπαφὴ
1165 2190 1223 2225 τοῦ
1243 2202 1345 2239 γινω-

301 2242 475 2293 σκομένου
496 2241 557 2281 καὶ
578 2246 637 2281 τοῦ
660 2242 901 2295 γινώσκοντος.

350 2300 440 2318 *****
459 2300 563 2340 Ἐπεὶ
584 2301 695 2340 τοίνυν
717 2301 814 2349 διττὴ
828 2306 851 2349 ἡ
869 2305 1010 2354 γνῶσις,
1028 2304 1051 2350 ἡ
1071 2302 1133 2354 μὲν
1150 2304 1343 2356 ἀναγκαία,

296 2361 319 2406 ἡ
349 2358 385 2397 δὲ
405 2359 615 2412 ἐνδεχομένη
631 2391 640 2409 ,
658 2361 833 2399 καλείσθω
858 2364 880 2407 ἡ
903 2360 964 2411 μὲν
997 2362 1172 2413 ἀναγκαία
1199 2364 1344 2412 ἐπιστη-

298 2418 423 2468 μονική
437 2449 448 2469 ‚
472 2423 493 2466 ἡ
510 2420 545 2457 δὲ
567 2419 777 2473 ἐνδεχομένη
793 2420 995 2470 λογιστική,
1014 2421 1036 2468 ἢ
1057 2423 1275 2474 βουλευτική.
1290 2423 1343 2463 Τὸ

295 2476 363 2527 γὰρ
388 2476 611 2527 βουλεύεσθαι
633 2478 694 2516 καὶ
725 2479 941 2529 λογίζεσθαι,
971 2479 1107 2519 ταύτόν·
1133 2481 1209 2520 ἔστι
1225 2481 1294 2533 γὰρ
1317 2484 1339 2528 ἡ

298 2534 473 2585 βούλευσις
487 2551 567 2589 περι
587 2536 630 2574 τὰ
651 2537 877 2590 ἐνδεχόμενα·
899 2538 1008 2583 οὐδεὶς
1029 2539 1097 2592 γὰρ
1136 2539 1342 2592 βουλεύεται

296 2608 375 2644 περι
394 2597 461 2631 τῶν
489 2594 537 2644 μὴ
572 2596 806 2647 ἐνδεχομένων
838 2597 990 2639 ἅλλως”
972 2612 1078 2648 εχειν·
1110 2599 1246 2651 ἀνάγκη
1276 2598 1342 2652 γὰρ

297 2651 424 2701 ὁμοίως
451 2651 555 2704 ἔχειν,
583 2670 643 2692 και
664 2655 739 2692 ουδὲ
744 2670 761 2692 ν
792 2657 813 2701 ἡ
837 2654 943 2706 βουλὴ
974 2654 1108 2702 κινήσει
1140 2658 1216 2694 οὐδὲ
1236 2673 1343 2706 μετα-

298 2709 414 2749 ὅαλεῖ.
436 2710 539 2750 'Euan
561 2712 674 2752 τοίνυν
699 2713 778 2767 περὶ
801 2714 845 2751 τὰ
863 2713 1074 2766 ἐνδεχόμενα
1106 2714 1144 2753 τὸ
1168 2716 1343 2776 βουλευτι-

297 2769 375 2816 κόν,
418 2769 496 2821 περὶ
532 2770 567 2808 δὲ
598 2770 642 2809 τὰ
675 2767 886 2824 ἐνδεχόμενα
923 2773 1008 2811 αὐτό
1041 2789 1153 2827 φαμεν
1179 2777 1269 2812 εἰναι
1305 2774 1344 2812 τὸ

296 2828 504 2878 λογιστικόν,
524 2830 649 2868 ταύτὸν
673 2830 713 2868 ἂν
734 2830 786 2878 εἴη
806 2832 844 2870 τὸ
859 2832 1057 2883 λογιστικὸν
1078 2833 1138 2872 καὶ
1155 2835 1342 2886 βουλευτι-

298 2887 372 2927 κόν.
395 2886 521 2926 Ἔστιν
544 2888 612 2941 ἄρα
633 2889 672 2927 τὸ
694 2891 939 2940 βουλευτικόν,
959 2891 999 2930 τὸ
1021 2891 1136 2945 ἕτερον
1160 2892 1264 2946 μέρος
1283 2897 1342 2932 τοῦ

300 2948 515 2998 λογιστικοῦ.

351 3004 450 3022 *****’
480 3006 586 3045 Ἐπεὶ
601 3006 635 3046 δὲ
648 3009 804 3061 περὶτῶν
823 3011 1050 3058 διανοητικῶν
1067 3013 1199 3064 ἀρετῶν
1213 3013 1231 3050 ὁ
1244 3011 1344 3064 λόγος

298 3069 407 3116 ἡμῖν,
441 3066 533 3105 τοῦτ’
564 3066 637 3105 ἔστι
652 3075 665 3092 ⁰
689 3072 757 3107 τῶν
778 3070 891 3108 οὐσῶν
921 3072 954 3109 ἐν
975 3074 1018 3124 τῇ
1042 3071 1190 3124 διανοίᾳ,
1212 3073 1262 3124 τῷ
1282 3073 1342 3110 lo-

298 3127 462 3178 γιστικῷ·
485 3125 529 3164 τὰ
558 3125 594 3164 δὲ
613 3125 702 3179 με’ρη
723 3133 782 3167 τοῦ
806 3129 966 3180 λογικοῦ,
999 3130 1038 3169 τὸ
1073 3129 1341 3181 ἐπιστημονικόν

301 3187 376 3224 ἐστι
396 3185 457 3224 καὶ
480 3186 715 3238 βουλευτικόν·
736 3188 769 3225 ἐν
788 3188 903 3232 αὐτοῖς
929 3196 998 3234 τοῖς
1020 3190 1141 3242 μέρεσι
1159 3195 1219 3229 τοῦ
1240 3193 1337 3243 λογι-

297 3250 358 3285 κοῦ
380 3245 547 3294 ζητητέον
568 3247 653 3296 ἡμῖν
675 3245 737 3289 τὰς
765 3247 987 3294 διανοητικὰς
1010 3249 1149 3301 ἀρετάς’
1182 3250 1334 3298 ληπτέον

1150 156 1428 200 ANDRONICI
1457 159 1636 200 RHODII

1414 252 1515 293 igitur
1535 251 1577 285 de
1592 253 1683 286 recta
1700 252 1847 293 ratione,
1871 262 1908 287 re
1925 254 2025 296 paulo
2043 254 2144 289 altius
2164 255 2306 298 repetita
2317 281 2326 296 ‚

1415 309 1652 351 aggrediamur.

1866 491 1946 535 Gap.
1970 492 2013 526 ΙΙ.

1414 563 1569 594 Dividitur
1584 565 1737 595 rationalis
1751 566 1843 596 animi
1856 575 1926 604 pars
1940 575 1950 597 z
1967 568 1999 597 et
2010 575 2079 605 quae
2091 567 2123 598 iu
2139 568 2225 600 nobi·
2241 569 2306 600 nint
2322 569 2459 601 tenone·
2492 570 2496 602 s

1862 621 2005 651 ωορκ-ιιι».

1457 682 1579 716 Divisis
1591 683 1626 716 in
1649 683 1808 726 superiori
1826 683 2050 727 disputatione
2061 686 2163 721 animi
2174 686 2366 728 virtutibus,
2378 686 2460 720 alias
2501 671 2508 679 “

1414 746 1555 779 morales
1570 755 1642 780 esse
1661 747 1871 788 dicebamus,
1887 759 2097 794 quaecunque
2111 751 2154 785 ad
2171 751 2343 794 patibil-
2358 751 2459 785 animi
2496 731 2508 769 <⁴

1414 812 1542 853 partem
1560 812 1745 854 pertinent,
1761 813 1843 846 alias
1859 814 1893 847 in
1916 815 2111 856 cogitatione
2126 816 2250 859 positas
2261 843 2269 858 ‚
2286 825 2364 861 quoe
2381 815 2460 851 sunt

1414 873 1544 907 mentis.
1571 875 1617 907 Ac
1640 875 1683 908 de
1719 878 1900 912 moralibus
1927 879 2062 922 quidem
2093 880 2312 915 disseruimus
2339 893 2349 915 ι
2370 890 2460 914 nuuc

1414 949 1493 973 vero
1508 940 1550 973 de
1563 942 1701 984 reliquis
1717 943 1886 984 dicamus,
1907 946 1941 979 in
1956 947 2079 990 quibus
2092 956 2206 981 veram
2220 947 2312 982 illam
2333 946 2376 983 de
2391 958 2460 992 qua

1413 1006 1523 1048 agitur
1541 1008 1703 1042 rationem
1720 1010 1943 1051 inveniemus,
1966 1013 2026 1046 ubi
2040 1013 2185 1056 primum
2196 1014 2281 1048 illud
2297 1013 2340 1048 de
2350 1014 2460 1048 animo

1414 1072 1674 1114 exposuerimus.
1708 1074 1807 1107 Prius
1822 1084 1899 1117 ergo
1922 1076 2007 1110 duas
2021 1086 2094 1111 esse
2122 1078 2223 1112 animi
2245 1079 2356 1122 partes
2367 1077 2459 1113 dixi-

1413 1145 1489 1170 mus
1504 1164 1511 1177 ‚
1528 1138 1667 1171 alteram
1682 1139 1820 1172 rationis
1836 1141 2029 1184 participem
2041 1167 2050 1184 ,
2071 1146 2242 1186 expertem
2265 1144 2416 1179 altu-am.

1453 1204 1549 1235 Nunc
1574 1212 1652 1236 vero
1676 1212 1750 1236 eam
1775 1214 1852 1247 quae
1874 1206 2000 1240 ratione
2029 1207 2169 1250 praedita
2185 1210 2238 1242 est
2259 1208 2458 1249 dividimus,

1413 1259 1644 1303 duplicemque
1671 1261 1763 1295 illam
1782 1271 1854 1296 esse
1873 1263 2101 1299 affirmamus:
2128 1266 2286 1307 alteram,
2312 1276 2381 1311 qua
2400 1275 2461 1300 ne-

1415 1320 1558 1352 cessaria
1581 1322 1615 1353 et
1644 1330 1720 1364 quae
1750 1322 1866 1356 eodem
1890 1333 2019 1367 semper
2044 1325 2144 1359 modo
2168 1335 2204 1360 se
2224 1326 2366 1367 habent.
2399 1334 2460 1360 nec

1415 1377 1511 1411 aliter
1525 1377 1646 1411 habere
1664 1388 1699 1412 se
1715 1383 1875 1422 possunt:
1896 1382 2034 1416 alteram
2045 1409 2053 1423 ‚
2069 1393 2136 1427 qua
2149 1383 2367 1428 contigentia,
2381 1392 2460 1427 quoe

1415 1436 1497 1469 alias
1518 1437 1614 1470 aliter
1634 1446 1669 1471 se
1690 1438 1812 1473 habent
1833 1442 2068 1483 cognoscimus.

1453 1497 1584 1531 Etenim
1623 1509 1729 1541 quum
1748 1510 1786 1534 ea
1807 1511 1884 1544 qum
1910 1503 2061 1545 cognosci
2088 1505 2216 1547 queunt
2236 1503 2304 1538 sint
2328 1503 2460 1541 diversa

1413 1556 1515 1598 atque
1534 1556 1598 1589 alia
1617 1557 1724 1599 specie
1742 1585 1749 1597 ,
1769 1560 1921 1602 sequitur
1939 1560 2040 1594 etiam
2060 1561 2263 1604 cognitiones
2275 1561 2385 1604 specie
2401 1560 2455 1594 di-

1411 1622 1523 1647 versas
1542 1624 1626 1649 esse..
1669 1614 1799 1658 Quippe
1825 1617 2040 1659 cognitionem
2056 1618 2087 1651 ei
2102 1627 2235 1651 necesse
2250 1619 2302 1651 est
2318 1615 2460 1650 similem

1414 1674 1498 1704 esse,
1519 1668 1610 1709 quod
1642 1669 1859 1710 cognoscitur,
1883 1671 1916 1702 et
1946 1669 2120 1703 necessarii
2146 1669 2283 1712 quidem
2308 1677 2460 1703 necessa-

1411 1717 1492 1752 riam
1509 1746 1517 1758 ,
1537 1721 1754 1764 contingentis
1776 1730 1855 1754 vero
1874 1722 2118 1764 contingentem
2140 1731 2213 1755 esse
2237 1734 2246 1755 ι
2263 1721 2455 1763 contingens

1412 1773 1498 1804 enim
1515 1773 1656 1815 cognitio
1680 1776 1730 1806 est
1746 1783 1823 1816 quae
1839 1783 1903 1806 non
1919 1783 2048 1816 semper
2067 1783 2148 1808 vera
2167 1773 2328 1818 praedicat
2350 1785 2360 1806 ι
2385 1775 2460 1806 tum

1412 1827 1523 1858 autem
1539 1827 1673 1859 mentiri
1693 1827 1825 1865 dicitur,
1847 1837 1952 1869 quum
1972 1827 2024 1866 id,
2047 1826 2138 1870 quod
2154 1826 2374 1869 cognoscitur,
2391 1834 2458 1859 non

1410 1877 1457 1909 ita
1473 1887 1509 1910 se
1533 1878 1651 1917 habet,
1683 1881 1723 1911 ut
1751 1879 1984 1920 cognoscitur:
2007 1888 2105 1921 porro
2122 1879 2219 1912 aliter
2243 1888 2283 1912 ac
2302 1878 2396 1921 prius
2421 1886 2457 1911 se

1410 1930 1530 1961 habere
1547 1940 1662 1962 eorum
1685 1933 1735 1963 est
1754 1940 1831 1971 quae
1850 1932 2070 1972 contingentia
2095 1931 2303 1974 appellantur
2321 1933 2361 1964 et‘
2375 1930 2458 1964 alias

1410 1981 1506 2013 aliter
1521 1990 1556 2014 se
1575 1981 1698 2014 habent
1720 1993 1727 2013 :
1747 1981 2006 2024 contingentium
2022 1991 2099 2023 ergo
2115 1981 2306 2024 contingens
2322 1990 2457 2025 quoque

1409 2036 1460 2065 est
1493 2035 1643 2074 cognitio.
1669 2037 1848 2075 Propterea
1876 2034 1977 2074 igitur
1995 2036 2029 2065 et
2059 2043 2169 2066 rerum
2198 2034 2456 2067 necessariarum

1410 2085 1592 2125 necessaria
1613 2087 1665 2118 est
1685 2085 1827 2127 cognitio
1849 2097 1857 2117 ι
1879 2084 2036 2118 nimIrum
2054 2084 2161 2117 omnis
2184 2083 2326 2126 cognitio
2347 2092 2389 2123 ex
2409 2082 2457 2116 si·-
2483 2121 2485 2124 ,

1408 2138 1597 2172 militudine
1618 2138 1763 2181 quadam
1791 2140 1892 2181 atque
1910 2137 2071 2171 affinitate
2092 2138 2302 2180 comparatur
2321 2148 2330 2169 x
2349 2135 2456 2180 siqui-

1409 2191 1484 2225 dem
1502 2192 1584 2225 nihil
1605 2192 1696 2225 aliud
1714 2201 1816 2234 quam
1841 2191 2069 2224 convenientia
2085 2193 2120 2224 et
2138 2190 2236 2233 quasi
2254 2188 2456 2224 cobaereutia

1407 2245 1562 2287 quaedam
1589 2246 1813 2288 cognoscentis
1828 2247 1861 2279 et
1878 2245 1925 2278 rei
1942 2245 2080 2287 cognitae
2097 2246 2160 2278 est.

1449 2307 1560 2343 Quum
1585 2314 1662 2348 ergo
1678 2305 1799 2347 duplex
1815 2304 1859 2338 sit
1878 2303 2019 2346 cognitio
2035 2329 2043 2344 ,
2062 2302 2246 2337 necessaria
2264 2302 2380 2342 altera,
2401 2301 2454 2345 al-

1407 2368 1477 2399 tera
1494 2366 1693 2408 contingens,
1707 2364 1890 2399 necessaria
1906 2364 2042 2407 quidem
2061 2363 2206 2397 scientiae
2222 2362 2365 2406 propria,
2381 2371 2455 2395 con-

1408 2426 1535 2468 tingens
1547 2434 1626 2458 vero
1646 2424 1876 2457 ratiocinativa
1893 2425 1952 2456 aut
1968 2422 2184 2456 deliberativa
2204 2423 2352 2454 vocetur.
2369 2422 2453 2454 Nam

1406 2485 1587 2518 deliberare
1624 2486 1657 2516 et
1675 2482 1863 2516 ratiocinari
1884 2482 1973 2515 idem
1993 2483 2070 2514 sunt
2092 2492 2100 2513 :
2119 2480 2242 2523 quippe
2267 2480 2303 2513 in
2324 2479 2452 2513 contin-

1406 2544 1558 2586 gentibus
1571 2545 1723 2576 versatur
1741 2541 1934 2575 deliberatio
1953 2554 1960 2574 :
1981 2540 2060 2583 quia
2070 2549 2167 2573 nemo
2179 2539 2222 2572 de
2237 2539 2279 2572 iis
2292 2538 2452 2572 deliberat
2504 2540 2505 2545 ’

1406 2613 1482 2646 quae
1499 2603 1594 2636 aliter
1609 2612 1643 2636 se
1665 2602 1785 2635 habere
1804 2610 1868 2634 non
1893 2602 2032 2643 possunt
2047 2613 2054 2632 :
2074 2599 2230 2632 nimirum
2248 2598 2305 2631 illa
2319 2607 2452 2631 necesse

1406 2664 1456 2694 est
1473 2662 1587 2694 eodem
1616 2670 1744 2703 semper
1761 2660 1860 2693 modo
1878 2669 1912 2693 se
1927 2659 2063 2697 habere,
2081 2657 2245 2701 siquidem
2260 2657 2451 2690 deliberatio

1406 2729 1511 2762 neque
1529 2720 1675 2753 movebit
1699 2719 1882 2762 quidquam
1902 2719 1936 2751 in
1961 2718 2004 2751 iis
2023 2726 2130 2761 neque
2152 2716 2307 2750 mutabit.
2338 2718 2449 2754 Quum

1405 2788 1481 2821 ergo
1495 2779 1528 2811 in
1543 2779 1807 2820 contingentibus
1823 2777 2039 2811 deliberativa
2053 2777 2154 2810 animi
2166 2785 2243 2819 pars
2258 2777 2446 2818 occupetur,

1404 2838 1439 2870 in
1457 2837 1574 2871 iisdem
1598 2840 1710 2870 autem
1731 2836 1994 2879 contingentibus
2012 2835 2278 2869 ratiocinativam
2297 2834 2448 2877 occupari

1405 2897 1572 2937 dicamus,
1594 2897 1709 2930 eadem
1726 2907 1778 2931 res
1792 2899 1826 2930 et
1851 2897 2082 2930 ratiocinativa
2096 2896 2158 2929 erit
2171 2897 2205 2928 et
2221 2894 2446 2928 deliberativa,

1406 2959 1522 2999 Itaque
1542 2956 1760 2990 deliberativa
1777 2956 1880 2989 altera
1898 2955 2138 2989 ratiocinativae
2156 2963 2233 2997 pars
2245 2954 2318 2988 erit.

1447 3018 1558 3054 Quum
1570 3026 1647 3049 vero
1660 3016 1701 3049 de
1719 3016 1902 3049 virtutibus
1916 3016 1949 3047 in
1965 3015 2161 3056 cogitatione
2172 3014 2288 3056 positis
2297 3022 2444 3056 agamus,
2502 3047 2508 3059 ,ρ

1405 3066 1466 3098 hoc
1482 3067 1532 3098 est
1548 3065 1588 3097 iis
1610 3074 1686 3107 quae
1703 3064 1736 3096 in
1752 3064 1853 3097 animi
1870 3065 1963 3105 parte
1974 3087 1983 3101 ‚
2005 3063 2040 3107 in
2059 3072 2126 3104 qua
2138 3062 2224 3095 inest
2242 3062 2326 3095 ratio
2347 3064 2450 3104 atque
2491 3069 2497 3101 ξ

1405 3113 1577 3145 consilium
1588 3139 1595 3153 ‚
1612 3112 1813 3145 consistunt:
1830 3113 1940 3153 partes
1959 3113 2071 3143 autem
2085 3109 2210 3142 ratione
2224 3109 2373 3152 praeditae
2382 3109 2448 3141 sint
2490 3119 2492 3121 ·

1405 3160 1549 3192 scientiae
1574 3161 1706 3202 propria
1725 3161 1758 3193 et
1780 3158 1994 3191 deliberativa
2016 3169 2024 3189 ι

1404 3207 1534 3249 praediti
1564 3206 1716 3248 partibus
1743 3205 1885 3237 virtutes
1913 3212 1990 3246 quae
2019 3203 2215 3246 cogitatione
2239 3202 2447 3236 continentur
2493 3207 2499 3230 ί

1404 3255 1496 3287 nobis
1518 3254 1704 3297 quaerendae
1727 3254 1804 3286 sunt
1828 3265 1835 3284 :
1857 3251 2038 3284 videndum
2054 3251 2155 3293 igitur
2180 3250 2358 3293 utriusque
2379 3249 2444 3282 ha-

338 3364 355 3381 *
371 3363 435 3400 Τὰς
450 3364 488 3401 δὴ
507 3368 561 3403 τῆς
582 3365 686 3406 ψυχῆς
710 3364 826 3407 ἀρετὰς
839 3366 908 3397 κτλ.
938 3381 979 3388 —
993 3365 1031 3384 Η
1049 3367 1208 3409 Πρότερον
1231 3379 1269 3409 με
1271 3379 1286 3399 ν
1317 3380 1371 3400 ουν
1390 3369 1459 3400 κτλ.
1481 3388 1519 3394 -
1540 3366 1595 3385 ***
1611 3369 1677 3399 Νῦν
1696 3366 1731 3398 δὲ
1753 3366 1827 3408 περὶ
1844 3367 1901 3397 τοῦ
1921 3364 2018 3406 λόγου
2038 3365 2164 3396 κτλ.-

2188 3363 2258 3382 *a*
2275 3363 2362 3406 Πρὸς
2381 3362 2476 3406 γὰρ

298 3410 339 3442 τὰ
352 3413 399 3451 τῷ
409 3420 493 3451 γενει
507 3410 601 3452 ε’τερα
615 3411 685 3442 κτλ
703 3425 745 3434 --
761 3410 851 3429 *****
868 3411 1022 3452 Λεγέσθω
1042 3411 1076 3443 δὲ
1091 3413 1216 3445 τούτων
1232 3415 1269 3446 τὸ
1289 3413 1346 3454 μὲν
1360 3412 1626 3455 ἐπιστημονικόν,
1651 3413 1721 3444 κτλ.
1743 3428 1785 3436 --
1797 3411 1906 3429 ******
1923 3410 2073 3448 Ληπτέον
2092 3410 2175 3452 ἄρα,
2198 3409 2355 3451 ἑκατέρου
2370 3407 2465 3442 κτλ

2054 3157 2088 3190 in
2108 3157 2189 3199 ipsis
2204 3156 2305 3190 animi
2321 3155 2448 3189 ratione
2491 3166 2508 3172 ‘¹
