2508 3776
297 175 375 215 564

297 265 400 309 δῆλον
420 261 500 314 γάρ,
520 261 566 305 ὡς
597 260 635 298 οὗ
661 258 755 311 λόγῳ
782 256 927 297 δύναται
952 257 992 297 τὸ
1019 258 1127 303 πάθος
1162 259 1334 308 ὑπείκειν,

297 322 387 358 ἀλλὰ
411 319 469 372 βία
491 318 570 357 τινί
591 316 659 357 Διὰ
679 320 780 356 τοῦτο
807 319 872 369 οὐχ
895 316 1013 360 ἱκανὸς
1032 319 1050 355 ὁ
1071 317 1171 369 λόγος
1188 320 1336 365 ποιῆσαι

295 376 486 430 χρηστούς,
507 377 546 414 τὸ
561 374 597 414 δὲ
618 375 690 420 ἔθος
715 375 988 428 προϋποκεῖσθαι
1009 375 1061 414 δεῖ
1081 378 1143 423 τῆς
1163 377 1335 416 διδασκα-

295 435 394 484 λίας,
431 436 473 473 δι’
502 438 541 474 οὑ
562 434 600 473 τὸ
626 428 707 481 ῆθος
733 437 793 472 τοῦ
816 435 990 486 ἀκροατοῦ
1019 434 1103 487 πρὸς
1124 436 1249 487 ἀρετὴν
1280 436 1337 473 οἰ-

295 493 393 537 κείως
408 493 448 532 ἂν
470 493 563 545 ἔχοι,
602 492 781 545 στέργονέι
800 491 864 544 μὲν
891 493 931 532 τὸ
947 492 1055 532 καλόν
1079 493 1305 547 δυσχεραῖνον
1319 493 1336 517 ¹³

296 553 330 591 δὲ
352 552 391 590 τὸ
411 552 568 605 αἰσχρόν.

348 609 460 650 *υΟτι
482 611 544 662 μὲν
560 605 618 649 οῦν
634 611 674 650 τὸ
691 610 820 662 ἀγαθὸν
837 609 913 655 ἔθος
932 611 984 649 δεῖ
1003 611 1259 664 προϋπάρχειν,
1276 609 1337 650 καὶ

299 668 355 716 τὴν
374 669 490 723 ψυχὴν
513 670 794 721 προδιατιθέναι,
832 670 934 717 δῆλόν
967 671 1059 709 ἐστιν
1090 672 1129 710 ἐκ
1148 673 1216 710 τῶν
1239 671 1337 724 εἴρη-

296 729 407 779 μένων
421 744 429 752 ·
458 730 634 774 ἐθισθῆναι
653 727 689 766 δὲ
709 728 795 781 πρὸς
815 728 854 766 τὸ
871 728 999 780 ἀγαθὸν
1022 729 1080 767 καὶ
1101 735 1219 782 τυχεῖν
1238 732 1334 782 ἀγω·

295 791 357 839 γῆς
373 790 474 841 ὀρθῆς
499 787 559 827 καὶ
578 787 664 841 πρὸς
688 787 815 840 ἀρετὴν
835 788 1002 842 φερούσης
1020 789 1155 836 διαίτης
1168 819 1178 839 ,
1196 792 1271 834 πῶς
1296 788 1336 827 ἂν

295 847 428 898 γένοιτο
440 848 548 900 χωρὶς
568 851 634 886 τῶν
649 848 758 899 ὀρθῶν
778 846 838 885 καὶ
855 847 998 887 δικαίων
1018 849 1078 888 καὶ
1098 849 1185 894 ὅλως
1205 850 1337 888 καταλ-

295 907 446 953 λήλων
428 910 534 959 αρετῇ
556 907 697 957 νόμων;
720 907 772 945 δεῖ
789 905 857 959 γὰρ
877 908 946 946 ὑπὸ
965 908 1082 960 νόμοις
1103 909 1268 953 τοιούτοις
1288 908 1338 947 ἔτι

295 965 369 1004 νέον
391 966 474 1004 ὄντα
495 969 684 1020 τραφῆναι.
713 965 765 1004 Τὸ
785 965 851 1018 γὰρ
870 968 1055 1020 σωφρόνως
1075 970 1136 1017 ζῆν
1166 969 1227 1007 καὶ
1247 983 1338 1029 καρ-

295 1039 438 1095 τερικως
458 1040 523 1076 ουχ
539 1024 603 1071 ἠδυ
624 1030 695 1069 τοῖς
708 1025 867 1073 πολλοῖς,
892 1027 952 1065 καὶ
967 1027 1121 1076 μάλιστα
1143 1028 1229 1072 νέοις
1251 1030 1338 1066 οὖσι·

295 1098 354 1121 και
385 1085 440 1121 διὰ
468 1087 570 1123 τοῦτο
591 1083 762 1137 προσήκει
784 1083 902 1135 νόμοις
936 1086 1104 1139 τετάχθαι
1141 1088 1257 1131 αυτοῖς
1293 1086 1338 1125 τὰ

296 1141 582 1193 ἐπιτηδεύματα,
603 1143 662 1181 καὶ
683 1142 745 1191 τὴν
767 1145 897 1198 τροφήν
911 1174 921 1193 ,
951 1145 1010 1184 καὶ
1030 1145 1163 1194 τᾶλλα,
1192 1147 1234 1184 δι’
1255 1140 1303 1185 ὧν
1322 1149 1340 1185 ὁ

298 1203 391 1252 βίος·
427 1202 486 1239 καὶ
505 1202 613 1246 οὕτως
642 1204 704 1240 οὒκ
732 1202 774 1240 ἂν
803 1203 857 1252 εἴη
880 1205 1022 1257 λυπηρὰ
1052 1206 1188 1252 αὐτοῖς,
1223 1205 1279 1243 διὰ
1299 1204 1340 1243 τὸ

299 1260 430 1307 συνήθη
449 1260 623 1311 γενέσθαι.
657 1264 710 1300 Οὐ
735 1262 837 1311 μόνον
869 1262 904 1301 δὲ
926 1263 1013 1306 νέοις
1034 1258 1147 1311 οἶσιν,
1167 1264 1259 1303 ἀλλὰ
1279 1263 1339 1303 καὶ

295 1318 442 1370 ἀνδράσι
461 1319 561 1371 χρεία
578 1322 647 1357 τῶν
667 1319 802 1370 νόμων·
829 1322 867 1358 οὐ
890 1320 957 1373 γὰρ
977 1322 1095 1360 ἱκανὸν
1116 1321 1204 1374 πρὸς
1224 1322 1263 1360 τὸ
1279 1337 1336 1374 γε·

296 1375 415 1415 νέσθαι
434 1377 624 1429 χρηστούς,
655 1378 695 1416 τὸ
723 1379 818 1423 νέους
843 1378 942 1423 ὄντας
963 1379 1067 1431 μόνον
1092 1383 1221 1433 τροφῆς
1237 1383 1340 1434 ὀρθῆς

295 1436 355 1473 καὶ
386 1436 588 1485 ἐπιμελείας
620 1438 826 1489 τυγχάνειν,
847 1439 925 1475 ἀλλ’
956 1438 1075 1486 ἐπειδὴ
1105 1438 1165 1477 καὶ
1201 1440 1338 1492 ἀνδρω-

295 1492 415 1538 θέντας
447 1495 660 1541 ἐπιτηδεύειν
684 1497 735 1533 δεῖ
767 1495 811 1534 τὰ
844 1496 959 1544 καλά,
992 1496 1052 1535 καὶ
1088 1497 1174 1550 πρὸς
1212 1498 1339 1550 ἀρετὴν

296 1552 435 1596 ἑαυτοὺς
457 1553 576 1597 ἐθίζειν
590 1583 600 1599 ,
617 1553 677 1592 καὶ
698 1558 892 1600 τηνικαῦτα
907 1555 1106 1606 δεησόμεθα
1127 1557 1260 1608 νόμων,
1279 1557 1338 1596 καὶ

294 1609 380 1654 ὅλως
412 1612 491 1664 περὶ
521 1612 638 1650 πάντα
670 1612 727 1651 τὸν
760 1613 855 1666 βίον·
884 1615 915 1652 οἱ
949 1615 1018 1667 γὰρ
1048 1616 1173 1656 πολλοὶ
1200 1617 1337 1670 ἀνάγκῃ

293 1674 523 1722 πειθαρχοῦσι
557 1674 714 1722 μᾶλλον,
739 1671 760 1720 ἢ
790 1673 902 1727 λόγῳ,
939 1675 998 1713 καὶ
1032 1678 1108 1719 ταῖς
1136 1676 1337 1726 ζημίαις,ἢ

293 1731 342 1781 τῷ
363 1732 475 1783 καλῷ.
504 1733 572 1770 Διὰ
588 1735 689 1769 τοῦτο
710 1732 770 1771 καί
790 1748 879 1777 τινες
900 1732 1030 1772 οἴονται
1049 1735 1117 1773 δεῖν
1138 1735 1217 1780 τοὺς
1237 1752 1339 1787 νομο-

294 1789 393 1832 θέτας
413 1791 535 1840 πρῶτα
557 1789 620 1840 μὲν
643 1789 756 1841 λόγοις
786 1791 842 1829 ἐπὶ
872 1791 935 1839 τὴν
957 1792 1084 1845 ἀρετὴν
1105 1795 1164 1832 καὶ
1194 1809 1233 1832 το
1253 1797 1339 1846 ἀγα-

291 1846 346 1885 θὸν
377 1847 532 1899 ενάγειν,
560 1848 861 1901 προτρεπομένους
882 1855 942 1889 τοῦ
973 1853 1079 1890 καλοῦ
1105 1853 1221 1905 χάριν·
1246 1854 1337 1894 οὕτω

291 1905 359 1958 γὰρ
380 1921 420 1943 αν
454 1922 534 1950 τους
562 1910 727 1952 ἐπιεικεῖς
763 1909 926 1960 ἀμείνους
960 1910 1144 1963 γενέσθαι,
1178 1912 1263 1965 πρὸς
1298 1913 1337 1952 τὸ

293 1964 422 2015 ἀγαθὸν
444 1965 656 2010 ἐθισθέντας·
689 1966 812 2006 ἔπειτα
836 1971 905 2012 τοῖς
927 1969 1106 2010 ἀπειθοῦσι
1137 1971 1197 2009 καὶ
1198 1974 1336 2048 ἀφυῶς

292 2022 411 2074 ἔχουσι
431 2024 589 2068 κολάσεις
603 2041 663 2064 και
680 2027 849 2079 τιμωρίας
865 2028 1075 2077 ἐπιτιθέναι,
1097 2028 1175 2074 τους
1195 2031 1225 2068 δ’
1242 2031 1336 2070 ἀνιά-

290 2097 367 2123 τους
387 2081 546 2134 εξορίζειν
576 2088 636 2123 τοῦ
654 2089 761 2138 χοροῦ
782 2087 850 2124 τῶν
872 2088 1113 2138 ὑγιαινόντων,
1135 2087 1156 2135 ἢ
1184 2090 1336 2140 δυναμέ-

290 2155 357 2178 νων
373 2156 381 2164 ·
402 2141 572 2193 προσήκει
591 2143 658 2196 γὰρ
673 2145 730 2182 τὸν
753 2145 815 2195 μὲν
838 2147 975 2194 ἐπιεικῆ
999 2147 1057 2186 καὶ
1072 2147 1156 2199 πρὸς
1173 2147 1212 2186 τὸ
1228 2149 1336 2188 καλὸν

291 2201 404 2244 ζῶντα
428 2216 477 2252 τῳ
505 2201 598 2253 λόγῳ
619 2203 893 2255 πειθαρχήσειν·
917 2204 973 2243 τὸν
1003 2204 1038 2242 δὲ
1059 2208 1189 2259 φαῦλον
1212 2208 1336 2254 ἡδονῆς

290 2259 493 2310 ὀρεγόμενον
529 2263 589 2299 ’καὶ
610 2262 755 2301 πάθεσιν
786 2262 923 2314 ἀλόγοις
955 2265 1210 2303 ἀκολουθοῦντα
1244 2264 1336 2318 λόγῳ

292 2316 353 2367 μὲν
376 2333 438 2356 ουκ
458 2334 499 2357 αν
534 2320 660 2371 βελτίω
683 2319 864 2371 γενέσθαι,
893 2322 987 2374 λύπῃ
1014 2322 1049 2360 δὲ
1078 2323 1333 2373 κολαζόμενον,

290 2375 408 2430 ὠσπερ
429 2378 625 2431 ὑποζύγιον.
643 2377 754 2419 ϋΟθεν
774 2381 832 2419 καί
849 2396 934 2434 φασι
954 2381 1029 2420 δέον
1051 2385 1139 2420 εἶναι
1153 2382 1232 2426 τους
1252 2383 1335 2421 ἀλο-

289 2435 461 2488 γωτέρους
478 2438 623 2482 ἐκείναις
653 2440 728 2483 ταῖς
748 2439 875 2484 λύπαις
895 2440 1052 2486 κολάζειν
1065 2471 1076 2492 ,
1107 2439 1144 2478 αἳ
1162 2441 1250 2493 πρὸς
1276 2440 1337 2486 τὰς

292 2496 529 2553 ἀγαπωμένῃ
560 2497 619 2535 ὑπ’
650 2499 764 2536 αὐτῶν
804 2499 930 2546 ἡδονὰς
965 2499 1129 2543 ἐναντίως
1158 2499 1296 2552 ἔχουσιν
1324 2515 1333 2525 ·

291 2556 384 2602 οἱον,
420 2554 477 2593 τὸν
499 2556 561 2605 μὲν
591 2557 804 2605 πλεονέκτην
829 2559 1085 2610 ἀπογυμνῶσαι
1120 2560 1189 2596 τῶν
1221 2561 1334 2612 ὓπαρ-

288 2612 437 2669 χόντων,
458 2613 514 2652 τὸν
540 2614 575 2652 δὲ
604 2616 757 2660 ἀλαζόνα
780 2616 839 2655 καὶ
861 2616 1028 2670 ὑδριστὴν
1048 2615 1244 2669 ἀτιμάσαι,
1275 2632 1335 2655 τυ-

291 2673 425 2716 πτῆσαι
438 2671 473 2709 δὲ
489 2671 546 2709 τὸν
566 2673 772 2713 ἀκόλαστον.

346 2729 387 2751 **
404 2731 448 2769 Ei
470 2730 504 2768 δὲ
523 2735 635 2770 ταῦτα
653 2734 790 2786 σκληρὰ
808 2733 868 2772 καὶ
890 2736 1002 2782 ἀηδῆ,
1019 2735 1080 2774 καὶ
1101 2734 1229 2787 ἀγαθὸν
1248 2729 1336 2774 εἶναι

293 2787 345 2825 δεῖ
360 2788 419 2826 καὶ
441 2791 577 2837 ἐπιεικῆ
592 2794 659 2829 τῶν
682 2792 872 2844 ἀνθρώπων
892 2793 1056 2842 ἕκαστον,
1083 2795 1121 2832 ἐκ
1134 2793 1255 2838 παιδὸς
1276 2809 1337 2832 κα-

291 2849 360 2891 λῶς
379 2847 440 2885 καὶ
459 2849 567 2900 ὀρθῶς
592 2853 760 2903 προσήκει
780 2855 980 2904 τραφῆναι,
1000 2854 1060 2892 καὶ
1081 2854 1333 2903 παιδευθῆναι,

291 2907 352 2946 καὶ
370 2907 433 2954 τὴν
459 2908 648 2947 ἐπιείκειαν
670 2912 866 2960 ἐθισθῆναι,
889 2911 950 2950 καὶ
966 2911 1074 2956 οὕτως
1103 2912 1224 2950 ἔπειτα
1245 2914 1306 2958 ζῆν
1321 2917 1334 2934 ⁰

291 2968 326 3005 ἐν
361 2967 634 3016 ἐπιτηδεύμασιν
673 2971 834 3019 ἀγαθοῖς,
865 2971 925 3009 καὶ
961 2971 1050 3022 μήτε
1089 2971 1220 3010 ἄκοντα
1245 2970 1335 3021 μήτε

291 3025 415 3065 ἑκόντα
432 3026 598 3079 πράττειν
616 3026 660 3065 τὰ
683 3032 810 3081 φαῦλα·
834 3035 933 3069 τοῦτο
953 3030 989 3068 δὲ
1011 3031 1155 3070 δύναται
1178 3028 1333 3082 γενέσθαι

293 3085 529 3136 διαιτωμένοις
547 3086 638 3125 κατά
657 3102 736 3125 τινα
758 3087 853 3133 τάξιν
874 3088 933 3127 καὶ
963 3089 1084 3139 λόγους
1101 3087 1333 3141 ὡρισμένους,

291 3148 393 3196 κῦρος
425 3144 566 3197 ἔχοντας
586 3145 646 3183 καὶ
666 3146 783 3197 ἰσχύν.
822 3149 855 3186 Τ
859 3145 879 3183 ὰ
902 3146 965 3197 μὲν
996 3142 1054 3186 οὖν
1084 3150 1153 3186 τῶν
1173 3147 1333 3198 πατέρων

292 3204 375 3256 πρὸς
397 3203 475 3248 τοὺς
491 3205 618 3248 παῖδας
637 3204 895 3256 προστάγματα
915 3235 923 3251 ,
945 3206 1009 3254 τὴν
1031 3206 1132 3258 ἰσχὺν
1154 3207 1220 3258 οὐχ
1239 3205 1330 3244 οὕτω

296 3263 451 3314 μεγάλην
471 3261 546 3314 ἔχει
564 3261 657 3301 ὥστε
677 3263 879 3314 βιάζεσθαι,
901 3264 980 3302 οὐδέ
998 3280 1087 3307 τινος
1105 3264 1177 3308 ἑνὸς
1198 3263 1332 3317 ἀνδρός,

1121 167 1399 209 ANDRONICI
1427 168 1607 209 RHODII

1396 265 1543 297 oratione
1575 263 1617 296 de
1640 273 1700 296 sua
1728 263 1890 296 sententia
1914 263 2090 298 demovere
2121 266 2248 308 possis?
2266 268 2325 300 Est
2350 267 2450 303 enim'
2503 298 2506 306 ,

1396 315 1619 353 manifestum,
1638 314 1919 355 perturbationem
1947 324 2012 347 non
2031 323 2126 357 posse
2146 316 2288 349 orationi
2309 317 2437 359 cedere,

1397 365 1455 398 sed
1471 364 1503 396 vi
1521 374 1593 397 esse
1612 364 1801 405 cogendam.
1820 363 2042 402 Quamobrem
2057 364 2126 397 sola
2141 365 2292 399 doctrina
2311 366 2354 400 ad
2378 367 2437 401 bo-

1397 424 1457 447 nos
1484 414 1651 447 faciendos
1679 423 1743 446 non
1770 413 1912 453 sufficit,
1939 413 1997 447 sed
2027 414 2211 448 doctrinam
2237 415 2440 450 oensuetudo

1397 464 1562 507 praecedat
1581 465 1722 506 oportet,
1744 473 1812 506 qua
1827 463 1990 496 auditoris
2013 472 2121 496 mores
2146 464 2190 497 ad
2207 465 2368 500 virtutem
2382 475 2438 500 ac-

1398 514 1597 548 commodati
1617 514 1697 555 sint,
1719 514 1778 555 qui
1793 514 1970 547 honestum
1994 513 2236 556 amplectantur
2257 515 2442 559 turpitudi-

1397 574 1504 606 neque
1527 563 1749 596 offendantur.

1438 617 1567 651 Debere
1585 626 1662 659 ergo
1677 616 1797 650 bonam
1813 617 2086 651 consuetudinem
2099 618 2269 661 praemitti,
2283 607 2442 663 priusque

1399 674 1480 707 bene
1508 672 1771 715 componendum
1787 682 1857 706 esse
1871 673 2030 713 animum,
2049 683 2091 707 ex
2106 674 2370 716 praecedentibus
2383 683 2443 718 ap-

1399 731 1492 772 paret
1510 740 1517 760 z
1547 736 1735 761 assuescere
1756 730 1868 761 autem
1886 728 1929 760 ad
1947 728 2081 769 bonum,
2100 729 2265 772 simulque
2287 729 2444 773 consequi

1398 785 1640 819 institutionem
1663 786 1786 817 rectam
1809 786 1843 816 et
1868 783 1948 816 vitae
1966 793 2070 826 genus
2095 783 2138 816 ad
2155 783 2316 818 virtutem
2333 783 2441 818 addu-

1399 851 1485 880 cens,
1508 840 1674 884 quomodo
1699 840 1856 882 cuiquam
1878 840 2044 881 contingat
2061 839 2129 873 sine
2154 840 2253 874 rectis
2275 842 2310 874 et
2329 840 2442 884 iustis,

1399 898 1539 939 denique
1556 897 1674 930 virtuti
1695 896 1921 929 consentaneis
1948 895 2095 937 legibus?
2125 898 2255 939 oportet
2267 905 2384 940 nempe
2409 897 2444 930 in

1400 955 1523 988 talibus
1554 954 1679 994 legibus
1711 953 1752 986 ab
1782 953 2003 986 adolescentia
2031 952 2176 986 educari.
2211 955 2445 996 'temperanter

1383 1011 1487 1048 ,enim
1502 1012 1537 1044 et
1558 1009 1721 1052 patienter
1750 1008 1862 1041 vivere
1878 1008 1966 1040 'cum
1994 1007 2203 1040 multitudini
2227 1008 2445 1051 injucundum

1401 1068 1463 1106 est,
1491 1068 1561 1097 tum
1591 1063 1736 1096 maxime
1766 1062 2031 1096 adolescentibus
2057 1074 2066 1094 ι
2088 1062 2243 1105 quocIrca
2271 1063 2383 1102 studia
2411 1066 2444 1097 et

1401 1112 1630 1155 educationem
1647 1121 1845 1160 caeteraque,
1870 1127 1945 1160 quae
1961 1118 2004 1151 ad
2025 1118 2107 1151 bene
2127 1118 2310 1153 vivendum
2331 1126 2443 1154 neces·

1401 1179 1488 1212 saria
1516 1178 1605 1218 sunt,
1623 1176 1752 1217 legibus
1778 1173 1899 1207 sanciri
1929 1174 2036 1217 iisque
2055 1174 2227 1216 praescribi
2252 1177 2405 1210 convenit
2435 1183 2444 1211 ι’

1401 1234 1448 1266 ita
1468 1234 1535 1272 fiet,
1560 1235 1598 1265 ut
1626 1232 1766 1264 molesta
1785 1230 1827 1263 iis
1854 1238 1925 1263 esse
1954 1230 2117 1272 desinant,
2141 1240 2246 1273 quum
2265 1231 2337 1274 iam
2364 1242 2444 1275 eon-

1401 1292 1495 1323 sueta
1513 1297 1585 1322 esse
1604 1287 1771 1329 coeperint.
1793 1289 1908 1329 Neque
1927 1286 2150 1320 adolescentes
2171 1287 2291 1330 solum,
2307 1287 2366 1322 sed
2382 1289 2446 1322 viri

1401 1349 1502 1381 etiam
1522 1346 1651 1388 legibus
1668 1347 1763 1387 egent
1781 1356 1789 1377 ;
1807 1344 1886 1388 quia
1907 1354 1972 1377 non
1993 1344 2074 1378 satis
2097 1346 2148 1378 est
2164 1343 2208 1377 ad
2230 1353 2362 1380 morum
2385 1345 2445 1379 bo·

1401 1404 1540 1436 nitatem
1568 1400 1809 1444 assequendam
1838 1400 2062 1433 adolescentes
2089 1400 2176 1433 solos
2195 1403 2286 1434 recte
2311 1391 2446 1435 educari

1400 1458 1640 1500 diligenterque
1669 1456 1821 1497 institui,
1841 1456 1899 1489 sed
1933 1465 2038 1498 quum
2057 1455 2278 1490 corroboratis
2299 1456 2370 1499 iam
2399 1466 2447 1490 ae-

1400 1514 1526 1546 tatibus
1543 1521 1620 1555 quae
1643 1512 1782 1544 honesta
1802 1513 1880 1544 sunt
1898 1520 1995 1553 agere
2015 1513 2049 1544 et
2064 1511 2202 1545 virtutis
2218 1510 2447 1546 exercitationi

1400 1579 1587 1604 assuescere
1606 1569 1758 1608 debeant,
1779 1571 1853 1601 tum
1871 1578 2005 1611 quoque
2017 1578 2100 1611 opus
2117 1569 2180 1602 erit
2195 1569 2334 1612 legibus,
2351 1568 2446 1603 deni·

1399 1637 1465 1670 que
1492 1637 1594 1670 quam
1613 1626 1672 1659 diu
1695 1626 1846 1659 vivemus
1868 1638 1875 1658 :
1903 1626 2052 1668 plerique
2079 1625 2232 1659 videlicet
2258 1626 2445 1660 necessitati

1399 1682 1510 1724 potius
1529 1691 1630 1723 quam
1657 1680 1796 1713 orationi
1817 1682 1944 1722 parent,
1964 1682 1997 1712 et
2013 1679 2118 1722 poenis
2133 1680 2238 1722 magis
2259 1689 2361 1722 quam
2385 1681 2443 1712 ho-

1399 1736 1492 1767 nesto
1511 1735 1773 1766 commoventur.
1797 1732 2020 1771 Quamobrem
2035 1732 2225 1766 existimant
2239 1732 2388 1766 nonnulli
2403 1733 2445 1766 ab

1399 1788 1440 1819 iis
1457 1786 1515 1829 qui
1531 1786 1619 1827 leges
1637 1784 1748 1818 ferunt
1767 1784 1917 1818 homines
1941 1784 2087 1826 primum
2113 1784 2298 1818 rationibus
2319 1786 2353 1818 et
2369 1794 2444 1818 ver-

1399 1840 1449 1872 bis
1465 1839 1595 1872 honesti
1627 1847 1725 1871 causa
1751 1838 1794 1870 ad
1813 1837 1974 1870 virtutem
1997 1839 2030 1870 et
2049 1837 2173 1871 bonum
2195 1836 2387 1872 excitandos
2411 1839 2446 1871 et

1399 1893 1617 1926 cohortandos
1632 1901 1704 1924 esse
1722 1905 1729 1925 :
1749 1892 1796 1924 ita
1812 1891 1937 1924 scilicet
1956 1889 2120 1931 futurum,
2138 1893 2177 1924 ut
2196 1891 2273 1926 boni
2287 1891 2350 1924 viri
2363 1891 2446 1925 fiaut

1399 1946 1561 1985 meliores,
1587 1944 1629 1976 ad
1644 1944 1767 1976 bonum
1781 1943 1851 1985 jam
1873 1942 2051 1976 assuefacti
2082 1956 2090 1976 ε
2115 1942 2234 1977 deinde
2253 1943 2287 1976 in
2308 1952 2364 1977 eos
2386 1943 2446 1986 qui

1397 2009 1463 2032 non
1481 1997 1655 2040 parebunt,
1677 1997 1803 2038 quique
1828 1997 1948 2028 natura
1967 1995 2102 2029 minime
2126 1995 2195 2038 apti
2217 1995 2260 2028 ad
2283 1995 2444 2029 virtutem

1398 2055 1431 2086 et
1460 2050 1606 2084 officium
1638 2052 1746 2088 erunt,
1777 2058 1848 2081 esse
1877 2048 2207 2082 animadvertendum
2228 2050 2263 2083 et
2285 2049 2446 2092 supplicia

1398 2104 1638 2143 constituenda,
1670 2102 1813 2143 denique
1839 2102 2035 2135 insanabiles
2059 2102 2100 2136 de
2129 2111 2267 2136 numero
2290 2111 2445 2136 sanorum
2472 2130 2474 2133 ,

1398 2161 1457 2190 aut
1477 2165 1591 2189 eorum
1610 2155 1667 2196 qui
1682 2154 1746 2186 viri
1765 2154 1842 2187 boni
1857 2163 1993 2187 munere
2013 2153 2104 2195 fungi
2119 2156 2268 2196 possunt,
2297 2154 2442 2188 eximen-

1399 2211 1459 2243 dos
1474 2217 1545 2241 esse
1563 2221 1570 2240 ι
1591 2205 1848 2239 consentaneum
1870 2206 1993 2248 quippe
2021 2208 2082 2245 est,
2109 2206 2220 2239 virum
2248 2206 2372 2240 bonum
2385 2206 2446 2249 qui
2476 2230 2477 2233 η

1399 2262 1442 2295 ad
1457 2259 1587 2294 honesti
1605 2268 1754 2291 normam
1769 2258 1875 2291 vitam
1891 2257 2015 2300 dirigit,
2036 2258 2178 2291 orationi
2197 2258 2443 2302 obtemperatu-

1400 2325 1492 2355 rum„·
1512 2312 1700 2355 improbum
1716 2313 1839 2351 autem,
1869 2310 2002 2353 quando
2024 2311 2212 2353 voluptates
2236 2312 2445 2344 consectatur
2499 2357 2504 2359 Δ

1399 2371 1432 2401 et
1450 2366 1551 2400 animi
1580 2363 1811 2397 affectionibus
1837 2364 1957 2396 mentis
1974 2363 2098 2395 lumine
2121 2362 2310 2396 carentibus
2327 2363 2440 2401 servit,

1398 2420 1545 2453 oratione
1573 2417 1692 2458 corrigi
1726 2426 1790 2450 non
1817 2425 1923 2458 posse,
1945 2426 2050 2458 quum
2070 2416 2182 2449 dolore
2208 2418 2365 2458 tanquam
2385 2416 2444 2458 ju-

1398 2475 1548 2506 mentum
1565 2470 1753 2512 castigetur.
1774 2470 1884 2507 Quare
1904 2468 2019 2501 dicunt
2041 2468 2191 2502 homines
2207 2468 2376 2502 dementes
2403 2467 2445 2500 iis

1400 2524 1605 2567 castigandos
1622 2531 1694 2556 esse
1710 2521 1891 2560 doloribus,
1909 2521 1968 2563 qui
1988 2521 2217 2563 voluptatibus
2231 2521 2274 2554 iis
2295 2529 2381 2564 quas
2395 2519 2445 2553 illi

1400 2579 1556 2612 adamant
1579 2577 1796 2609 adversantur
1819 2586 1828 2605 ι
1856 2573 1947 2606 verbi
1971 2582 2081 2615 causa,
2100 2573 2325 2606 fraudatorem
2341 2572 2443 2606 omni-

1399 2632 1463 2664 bus
1478 2630 1572 2663 bonis
1589 2627 1799 2670 privandum,
1816 2627 2023 2668 arrogantem
2049 2629 2083 2658 et
2099 2625 2373 2658 contumeliosum
2389 2624 2440 2657 in-

1398 2684 1603 2722 famandum,
1626 2682 1899 2723 intemperantem
1915 2679 2109 2713 verberibus
2126 2678 2343 2712 coercendum
2358 2686 2440 2711 esse.

1439 2737 1565 2776 Quodsi
1587 2737 1660 2770 haec
1679 2735 1763 2768 dura
1788 2736 1864 2767 sunt
1891 2742 1930 2766 ac
1953 2732 2103 2773 molesta,
2122 2735 2155 2765 et
2180 2734 2291 2765 tamen
2319 2731 2443 2764 bonum

1398 2807 1468 2831 esse
1496 2796 1919 2839 oportet‘unumquemque
1943 2792 2116 2825 hominum
2142 2799 2181 2823 ac
2196 2790 2348 2833 probum,
2368 2791 2438 2822 sta-

1397 2856 1458 2888 tim
1474 2865 1494 2888 a
1519 2855 1626 2897 prima
1643 2856 1741 2887 aetate
1757 2853 1839 2886 bene
1856 2850 1990 2884 educari
2006 2851 2040 2883 et
2055 2848 2185 2882 institui
2202 2851 2302 2891 atque
2315 2847 2358 2881 ad
2371 2856 2444 2891 pro-

1397 2915 1535 2948 bitatem
1560 2922 1748 2947 assuescere
1764 2922 1839 2946 eum
1858 2910 2021 2952 convenit,
2048 2911 2148 2952 atque
2170 2909 2218 2942 ita
2234 2909 2333 2942 rectis
2347 2909 2444 2942 dein-

1397 2984 1472 3017 ceps
1492 2974 1656 3006 institutis
1672 2973 1776 3006 vitam
1797 2971 1982 3010 traducere,
2003 2979 2042 3003 ac
2053 2977 2160 3011 neque
2175 2968 2318 3002 invitum
2336 2977 2443 3010 neque

1397 3036 1512 3077 sponte
1537 3042 1590 3066 res
1616 3032 1721 3065 malas
1748 3033 1782 3064 et
1807 3030 1984 3072 flagitiosas
2018 3028 2193 3061 admittere
2216 3037 2224 3060 ε
2244 3026 2308 3059 hoc
2330 3028 2442 3058 autem

1397 3093 1582 3135 contingere
1597 3091 1692 3125 nobis
1713 3092 1823 3134 potest
1845 3091 1873 3123 si
1893 3099 1935 3123 ex
1951 3088 2145 3132 praescripto
2168 3086 2312 3129 quodam
2327 3084 2442 3118 ordine

1396 3156 1430 3187 et
1459 3151 1602 3185 definitis
1621 3150 1824 3194 quibusdam
1849 3149 2023 3192 praeeeptis
2050 3147 2204 3180 vivamus
2229 3153 2306 3188 quae
2332 3144 2442 3188 legum
2480 3142 2485 3167 ἶ

1395 3213 1500 3245 instar
1529 3213 1601 3244 rata
1628 3210 1693 3243 sint
1723 3211 1756 3242 et
1781 3208 1923 3241 valeant.
1950 3209 1991 3240 Et
2015 3208 2148 3249 patrum
2178 3203 2314 3247 quidem
2335 3204 2438 3246 jussa,

1396 3271 1519 3315 quibus
1539 3268 1646 3302 officia
1661 3268 1774 3301 liberis
1792 3267 1974 3309 imponunt,
1992 3265 2062 3298 vim
2077 3264 2213 3307 quidem
2228 3263 2276 3296 ita
2288 3271 2440 3304 magnam

295 3339 2438 3362 ‚W

332 3411 346 3425 *
368 3411 423 3441 Ἐκ
439 3412 514 3443 νέου
530 3412 565 3444 δὲ
585 3413 713 3454 ἀγωγῆς
731 3413 823 3456 ὀρθῆς
837 3415 948 3455 τυχεῖν
964 3413 1032 3445 κτλ.
1052 3429 1089 3436 -
1114 3412 1149 3430 ”¹
1169 3413 1205 3444 Εἰ
1223 3413 1250 3444 δ’
1269 3410 1340 3447 οὖν,
1356 3411 1501 3453 καθάπερ
1522 3410 1662 3453 εἴρηται,
1680 3407 1747 3440 κτλ.
