2508 3776
234 281 423 341 απουδῆς
441 281 539 329 τέλος
557 283 602 325 τὰ
623 286 836 340 χρήματαν
817 304 927 342 εχειν.
985 286 1075 330 Ὅτι
1094 290 1131 330 δὲ
1151 291 1224 331 οὐδ’

119 388 124 395 .
147 337 234 359 ”
239 365 290 395 3
288 339 356 391 τὸ
390 341 542 396 ἔσχατον
554 345 706 420 κάγαθὸν
737 349 857 399 ζητεῖ,
894 348 1091 403 πρόδηλον·
1114 353 1133 391 ὃ
1160 350 1229 404 γὰρ

126 392 212 419 ⁹*
301 423 303 426 ·
346 400 405 442 διὰ
423 401 486 451 τὴν
506 405 634 457 χρῆσίν
662 407 755 447 ε’στιν
777 408 904 458 ἀγαθός
917 438 928 457 ,
948 409 1010 449 καὶ
1030 409 1139 451 ἄλλου
1161 410 1228 464 χά-

221 462 437 513 ζητεῖται,
459 468 567 516 τιμῆς
590 465 695 506 ἕνεκα
717 467 741 515 ἢ
775 468 919 517 ἡδονῆς·
941 469 981 509 τὸ
1009 469 1045 508 δὲ
1079 471 1227 524 ἔσχατον

247 533 285 556 «ν’·
330 522 377 562 δι’
397 523 505 564 ἑαυτὸ
527 526 580 564 δεῖ
600 526 732 577 ἀγαθὸν
754 520 857 566 εἶναι
916 529 974 568 Δι’
994 529 1014 568 ὃ
1029 532 1164 581 μᾶλλον
1183 530 1228 570 τὰ

200 605 218 614 Γ·
286 598 345 636 ρον
360 583 532 637 λεχθέντα
550 585 636 632 τέλη
656 601 708 630 τις
721 585 766 626 ἂν
780 587 952 627 ὖπολᾶὅοι
964 590 1120 638 ,ἡδονὴν
1137 590 1229 644 λέγω

131 632 238 697 ᾏῙξωὶ
254 641 319 690 τὴν
340 642 471 694 τιμήν·
493 643 538 682 δι’
555 642 648 682 αὑτὰ
665 643 682 668 b
697 643 766 698 γὰρ
793 647 992 698 ἀγαπᾶται.
1049 649 1228 689 Φαίνεται

129 698 223 743 ’δὲ
228 699 320 741 οὔθ’
327 701 443 742 exat-oa
464 701 511 742 τὰ
528 701 648 742 τέλεια
670 704 809 755 ἀγαθά·
830 706 946 745 καίτοι
975 708 1102 747 πολλοὶ
1130 708 1228 762 λόγοι

134 758 261 815 Jaeu'p!
271 760 392 800 αὐτῶν
413 759 572 812 ἐγένοντο
589 762 736 808 πολλοῖς
760 766 830 804 τῶν
852 766 1041 818 παλαιῶν,
1061 769 1131 806 τῶν
1164 768 1227 819 μὲν

96 835 102 850 2
123 834 177 876 f>
195 867 196 870 Ἴ
250 819 384 869 ἡδονήν
395 849 407 870 ,
418 822 489 860 τῶν
507 820 545 860 δὲ
562 821 629 871 τὴν
644 821 752 874 τιμὴν
769 823 983 877 λεγόντων”
963 841 1115 879 εσχατον
1135 828 1225 880 ἀγα-

103 919 107 924 ,
126 872 175 934 §fu
223 871 260 939 ’.’
305 876 433 919 Ταυτα
454 879 519 932 μὲν
540 874 600 920 ουν
618 881 792 936 ἀφείσθω.

110 920 430 997 2².--.5,(Seripsi.
446 945 464 964 ⁸
488 939 733 994 γινώσκεται]
766 943 854 984 cod.
878 943 1124 996 γινώσκονται.
1140 949 1228 978 —¹²

218 1027 223 1038 2
237 997 354 1051 αὑτὰ]
391 999 479 1040 cod-
501 1000 547 1040 82¹
568 1001 701 1041 ἐκεῖνα.
719 1002 731 1053 )

613 1116 709 1168 Κεφ.
739 1115 788 1163 η’.

381 1231 459 1268 Ὅτι
477 1233 538 1268 οὐκ
553 1233 625 1268 ἔστι
645 1234 704 1277 μία
718 1234 791 1268 ἰδέα
807 1238 866 1268 τοῦ
882 1235 1016 1278 ἀγαθοῦ.

94 1388 95 1391 ,
204 1337 249 1361 ’*
269 1335 374 1378 Ἐπεὶ
387 1335 425 1376 δὲ
439 1337 521 1391 περὶ
540 1340 600 1376 τοῦ
622 1338 772 1390 ἐσχάτου
793 1339 914 1383 τέλους
930 1339 948 1376 ὃ
967 1337 1068 1391 λόγος
1081 1341 1186 1391 ἡμῖν,
1209 1342 1227 1382 ὃ

94 1391 124 1435 Γ·’
105 1349 265 1458 ,ζ”δατῑ
281 1397 432 1436 καθόλου
451 1412 487 1436 τι
500 1395 630 1448 ἀγαθὸν
654 1391 770 1446 εἶναι,
792 1396 960 1436 σκεπτέον
980 1397 1061 1452 περὶ
1077 1413 1139 1437 του
1154 1414 1226 1438 κα-

252 1470 274 1495 υ
310 1457 387 1501 πῶς
417 1455 578 1508 λέγεται,
605 1455 666 1496 καὶ
695 1457 725 1494 εἷ
755 1454 829 1494 ἔστι
855 1471 906 1500 τις
936 1454 988 1494 ἰδέ
972 1471 1011 1495 ··α
1039 1472 1100 1496 του
1132 1459 1225 1510 ἀγα-

106 1506 263 1577 δορ
279 1514 410 1557 Καίτοι
429 1516 633 1570 προσάντης
662 1517 681 1554 ὁ
711 1513 813 1567 λόγος
839 1508 938 1560 οὗτος
965 1517 1071 1567 ἡμῖν,
1106 1516 1164 1556 διὰ
1183 1522 1224 1557 τὸ

91 1573 144 1611 ῐῖ
87 1503 290 1703 μῶμος
306 1568 396 1615 εἶναι
423 1591 504 1626 τους
537 1574 798 1628 εἰσενεγκόντας
828 1573 888 1613 τὸν
911 1574 1093 1627 περὶτῶν
1123 1576 1225 1617 ἰδεῶν

102 1631 287 1690 flamma
307 1629 362 1676 Ὅ
373 1634 410 1674 δὲ
429 1633 548 1688 λόγος,
573 1627 665 1674 εἷναί
682 1650 761 1674 τινα
783 1633 879 1674 ἰδέαν
900 1633 1052 1674 ἑκάστου
1071 1637 1140 1675 τῶν
1162 1635 1224 1675 ὄν-

100 1702 263 1745 m,
284 1693 366 1737 καθ’
397 1693 567 1743 ἑαυτὴν(
553 1709 805 1748 υφεστηκυιαν.
845 1692 964 1740 Δόξειε
999 1693 1029 1732 δ’
1061 1694 1101 1733 ἂν
1141 1693 1224 1741 ἴσως

313 1748 415 1796 εἶναι
431 1753 493 1795 καὶ
508 1753 603 1804 δεῖν,
619 1753 680 1793 καὶ
699 1753 746 1794 τὰ
767 1755 879 1793 οἰκεῖα
900 1755 1073 1808 ἀναιρεῖν,
1094 1754 1154 1794 ε’πὶ
1171 1771 1222 1810 τι.)

142 1815 281 1859 ἆσαι
297 1813 365 1863 τὴν
379 1812 596 1864 ἀλήθειανῇ
613 1812 730 1857 ἄλλως
750 1829 790 1852 τε
806 1812 866 1852 καὶ
883 1812 1090 1867 φιλοσόφους
1109 1814 1222 1860 ὄντας,

63 1878 97 1914 Ῑ·1»
100 1871 314 1929 ι’Ἀθηιοῑν
339 1872 411 1928 γὰρ
428 1871 540 1913 ὄντων
568 1871 707 1927 φίλων,
728 1888 791 1921 της
820 1888 859 1911 τε
882 1872 1048 1920 ἀληθείας
1075 1874 1137 1912 καὶ
1162 1877 1223 1914 τοῦ

70 1950 95 1973 ·’
81 1931 249 1992 “²2th
263 1934 335 1974 τῶν
354 1934 456 1975 ἰδεὶῖον
490 1932 670 1982 εἰπόντος,
709 1931 804 1973 ὅσιον
835 1939 1012 1988 προτιμᾶν
1041 1933 1105 1983 τὴν
1126 1933 1221 1983 ἀλή-

83 2011 92 2023 ··
143 1993 278 2047 him.

73 2051 86 2079 ⁷¹
216 2051 260 2078 *ἰ*
275 2053 326 2094 Οἱ
341 2051 379 2092 δὲ
397 2050 530 2100 ταύτην
550 2051 795 2105 εἰσαγαγόντες
817 2051 880 2101 τὴν
897 2051 998 2099 δόξαν
1018 2054 1082 2092 οὐκ
1103 2053 1222 2106 ἔλεγον

165 2113 306 2157 ἐκείνων
326 2115 397 2152 τῶν
415 2111 525 2152 ὄντων
546 2112 630 2164 μίαν
652 2111 749 2151 ἰδέαν
772 2105 888 2160 εἶναι,
910 2112 945 2150 ἐν
965 2104 1016 2157 οἷς
1035 2111 1075 2151 τὸ
1074 2112 1221 2183 Νπρότε-

165 2189 225 2228 ρον
240 2171 304 2214 καὶ
318 2171 360 2212 τὸ
378 2169 522 2226 ὕστερον
545 2165 603 2218 ἦν.
653 2171 726 2212 Καὶ
746 2171 803 2211 διὰ
823 2174 925 2211 τοῦτο
942 2170 1019 2210 οὐδὲ
1036 2186 1096 2210 του
1118 2173 1221 2226 ἀριθ-

63 2231 67 2244 ’
165 2235 235 2286 μοῒο
265 2231 350 2284 μίαν
382 2230 522 2271 ἐποίουν
539 2231 660 2280 ἰδέαν,
683 2230 736 2270 ὅτι
761 2230 801 2270 τὸ
819 2233 958 2285 πρῶτον
978 2229 1040 2270 καὶ
1061 2230 1220 2286 δεύτερον

66 2313 71 2315 ·
140 2312 145 2323 ν
154 2292 258 2348 ἦρι.
314 2290 422 2332 Ἐπεὶ
437 2290 475 2330 δὲ
501 2293 536 2331 ἐν
558 2292 608 2344 τῷ
627 2292 749 2344 ἀγαθῷ
768 2291 808 2330 τὸ
833 2290 1001 2344 πρότερον
1034 2306 1096 2330 και
1113 2290 1154 2330 τὸ
1182 2290 1220 2330 ὕ-

149 2351 285 2406 πτερόν
305 2353 406 2400 ἐστι,
426 2349 575 2404 φανερὸν
588 2329 644 2389 Γὸτι
661 2351 725 2390 οὒκ
741 2349 783 2389 ἂν
801 2349 854 2398 εἴη
870 2349 935 2401 μία
956 2351 1062 2390 αὐτοῦ
1087 2349 1178 2391 ἰδέα.

131 2413 179 2442 ’ἓ
214 2411 304 2454 Ὅτι
322 2411 360 2451 δὲ
378 2409 418 2450 τὸ
437 2409 607 2465 πρότερον
627 2409 689 2449 καὶ
720 2409 760 2449 τὸ
788 2409 931 2463 υστερόν
958 2410 1052 2449 ἐστιν
1072 2410 1156 2449 ἰδεῖν
1182 2412 1217 2450 ἐν

134 2473 215 2529 *τῷ
235 2472 380 2527 ἀγαθῶ,
406 2471 450 2519 δ”·
451 2471 524 2509 λον
581 2469 690 2510 Ἔστι
718 2470 786 2524 γὰρ
801 2469 841 2509 τὸ
838 2469 993 2540 κάγαθὸν
1013 2470 1075 2510 καὶ
1105 2471 1140 2509 ἐν
1172 2473 1216 2524 τῇ

161 2530 286 2587 dcta,
303 2545 323 2570 ο
337 2545 373 2570 ον
395 2526 511 2578 νουςῆ
532 2528 620 2574 θεός.
647 2528 722 2570 Καὶ
751 2531 787 2568 ἐν
813 2531 864 2582 τῷ
883 2544 944 2567 πο.
947 2531 998 2583 63,
1021 2530 1057 2568 αἱ
1082 2530 1143 2582 ἀρε
1128 2530 1215 2568 ..ταί-

161 2590 223 2635 καὶ
249 2592 287 2632 ἓν
305 2592 357 2646 τῷ
381 2591 468 2645 πρός
486 2605 543 2638 τι,
563 2588 605 2628 τὸ
620 2588 810 2643 χρήσιμον·
829 2588 889 2628 καὶ
908 2590 945 2628 ἐν
968 2590 1019 2642 τῷ
1036 2591 1157 2642 ποσῶ,
1176 2588 1216 2628 τὸ

132 2651 376 2728 ιυμιμτρον·
394 2647 456 2690 καὶ
471 2650 508 2688 ἐν
526 2665 558 2688 τ
552 2651 578 2701 ξ’)
593 2665 681 2698 που,
701 2649 830 2688 δίαιτα·
848 2650 870 2696 ἡ
887 2647 955 2723 γὰρ
972 2647 1090 2687 δίαιτα
1110 2647 1216 2693 τόπος

91 2698 268 2761 Ῐ.ξιτ(ν,
287 2703 376 2750 ἰν
348 2726 379 2764 ῳ
398 2701 437 2748 ευ
453 2709 632 2762 διάγομεν·
654 2707 714 2747 καὶ
733 2709 769 2748 ἐν
788 2711 838 2762 τῷ
858 2708 965 2757 πότε,
988 2707 1124 2761 καιρός·
1140 2707 1214 2748 ἔστι

44 2770 83 2805 ⁶¹1·
75 2714 230 2825 (sam
248 2768 402 2824 ὁκαιρδς
419 2771 437 2808 ὁ
457 2768 653 2817 ἐπιτήδειος
676 2768 815 2822 ἑκάστῳ
837 2767 972 2822 χρόνος.
998 2767 1107 2807 Καὶ’
1093 2783 1127 2806 εν
1143 2769 1215 2813 τοῖς

61 2849 64 2859 =
83 2867 100 2876 ,,
159 2829 279 2876 ἄλλοις
293 2828 436 2882 ὁμοίως.
471 2828 536 2869 Ἔν
563 2828 695 2873 τούτοις
717 2827 754 2868 δὲ
778 2827 818 2867 τὸ
832 2828 1002 2882 πρότερον
1023 2827 1084 2867 καὶ
1112 2827 1153 2868 τὸ
1169 2828 1203 2867 ὕ·

128 2888 283 2944 παρόν
309 2889 416 2930 ἔστιν·
434 2891 459 2937 ἡ
484 2887 554 2942 γὰρ
573 2888 674 2928 οὐσία
693 2888 847 2962 προτέρα
875 2888 949 2928 ἐστὶ
969 2890 1029 2927 τοῦ
1056 2887 1143 2941 πρός
1161 2904 1212 2929 τι.

46 2946 87 2997 2
128 2947 233 2999 Καὶ
249 2946 303 2989 ὅτι
317 2951 343 2998 ἡ
357 2948 423 3000 μὲν
437 2950 517 2988 καθ’
542 2948 682 2988 ἑαυτό
666 2962 764 2999 εστι,
780 2964 820 2988 το
843 2947 936 2987 δὲέν
952 2946 1062 3001 ἑτέρῳ
1077 2946 1154 3000 ἔχει
1170 2948 1209 2987 τὸ

124 2986 259 3067 :dvm-
285 3007 347 3048 καὶ
365 3006 420 3047 ὅτι
437 3011 461 3057 ἡ
482 3007 593 3059 μὲν”
570 3023 742 3062 ασχ,ετος
775 3024 814 3047 το
841 3008 944 3047 δὲέν
969 3007 1091 3061 σχέσει
1120 3008 1208 3048 ἐστί·

74 3046 363 3182 *ἷξμρῖἒυάδι
383 3066 453 3122 γὰρ
474 3066 566 3107 ἔοικε
581 3067 644 3106 καὶ
665 3067 910 3120 συμὸεὸηκότι
931 3070 990 3107 τοῦ
1012 3066 1138 3112 ὄντος.

149 3154 155 3160 ·
308 3126 392 3169 Ἔτι
411 3127 489 3168 ἐπεὶ
506 3126 546 3167 τὸ
566 3127 736 3180 ἄγαθὸν’
727 3143 859 3181 ισαχως
877 3126 1018 3179 λέγεται
1037 3128 1088 3181 τῷ
1106 3126 1180 3167 ὄντι
1193 3157 1204 3177 ,

124 3163 347 3242 ςΓπολλαχῶς
366 3187 404 3228 δὲ
428 3187 572 3241 λέγεται
589 3204 632 3228 το
651 3187 703 3238 ὄν,
724 3189 913 3240 πολλαχῶς
935 3186 975 3226 ἂν
990 3186 1128 3238 λέγοιτο
1148 3188 1208 3227 καὶ

137 3246 200 3295 ἐὺ
216 3244 344 3302 ἀγαθόν
359 3276 371 3298 ,
389 3246 450 3287 καὶ
465 3248 528 3288 οὔκ
541 3245 633 3288 ἄν’
599 3264 653 3297 ειη
675 3247 786 3287 κοινόν
803 3263 836 3286 τι
849 3247 908 3286 καὶ
925 3246 1074 3286 καθόλου
1088 3247 1147 3287 καὶ
1159 3247 1208 3287 ἕν·

128 3351 136 3355 ,
157 3307 198 3348 οὔ
215 3305 285 3360 γὰρ
304 3306 346 3346 ἂν
366 3309 402 3347 ἐν
418 3306 551 3353 πάσαις
567 3308 645 3354 ταῖς
663 3306 892 3360 κατηγορίαις
912 3306 1050 3360 ἐλέγετο
1065 3338 1075 3356 ,
1092 3305 1210 3353 καθὼς

157 3363 312 3419 εἴρηται,
334 3365 415 3405 ἀλλ’
435 3366 471 3405 ὃν
488 3372 554 3420 μιᾷ
577 3366 678 3420 μόνῃ.

657 197 963 242 ETHICORUM
994 200 1451 247 NICOMACHEORUM
1482 207 1621 250 PARA
1633 211 1866 255 PHRASIS.

2264 220 2340 260 311

1291 297 1503 341 plectendum
1524 312 1531 334 :
1549 304 1740 346 paucissimi
1757 307 1844 340 enim
1861 307 1896 341 in
1910 308 2142 345 constituenda
2162 312 2233 346 vita
2254 313 2348 347 omni

1277 351 1404 385 studio
1439 354 1526 388 solas
1554 358 1711 398 pecunias
1739 361 1899 403 tanquam
1935 362 2036 396 linem
2060 365 2260 406 quaerendas
2277 365 2346 400 sibi

1290 409 1544 447 proposuerunt.
1593 410 1659 443 Sed
1694 420 1736 444 ne
1768 412 1832 446 hoc
1869 414 2003 456 quidem
2039 415 2120 450 vitae
2152 417 2346 451 institutum

1292 456 1392 491 finem
1423 459 1585 495 bonorum
1613 464 1707 506 sequi
1739 466 1955 500 manifestum
1984 470 2035 502 cst
2061 482 2070 502 z
2100 470 2228 504 divitiae
2257 472 2347 505 enim

1290 512 1426 553 propter
1443 522 1543 546 usum
1567 514 1663 549 bonae
1685 519 1856 558 putantur,
1879 519 2046 563 aliamque
2073 522 2116 555 ob
2134 532 2269 556 causam
2287 533 2348 557 ex-

1285 565 1461 606 petuntur,
1480 567 1638 602 honorem
1659 570 1733 603 dico
1755 572 1809 605 vel
1826 573 2057 616 voluptatem:
2081 585 2249 609 summum
2268 586 2348 611 vero

1292 617 1414 652 bonum
1447 630 1506 663 per
1547 632 1584 656 se
1614 623 1737 657 bonum
1769 635 1840 659 esse
1865 630 2006 670 oportet.
2053 631 2261 674 Quapropter
2292 640 2350 664 eos

1290 672 1402 713 potius
1433 683 1518 716 quos
1547 685 1648 719 supra
1678 679 1894 720 exposuimus
1922 682 2003 715 lines
2029 691 2102 716 esse
2130 684 2251 716 merito
2271 686 2349 726 quis

1291 725 1548 767 existimaverit,
1574 730 1782 772 voluptatem
1798 732 1873 766 dico
1894 735 1927 766 et
1948 734 2135 768 honorem.
2157 738 2294 778 propter
2312 745 2346 770 se

1290 778 1378 811 enim
1397 779 1606 815 adamantur.
1653 784 1879 818 Veruntamen
1907 795 1949 820 ne
1965 787 2013 820 illi
2031 787 2166 830 quidem
2183 788 2348 821 bonorum

1291 831 1450 865 videntur
1471 843 1543 867 esse
1564 835 1677 869 snos
1671 862 1677 868 .
1698 838 1853 879 quamvis
1867 840 1966 873 multi
1989 841 2078 883 apud
2096 843 2226 875 veteres
2242 841 2350 875 multa

1291 883 1333 916 de
1348 884 1391 918 iis
1405 885 1651 928 disputaverint
1665 915 1672 928 ,
1688 899 1833 932 quorum
1852 892 1909 924 alii
1925 893 2132 936 voluptatem
2146 921 2154 934 ,
2173 894 2230 928 alii
2245 895 2348 928 hono-

1290 945 1361 970 rem
1393 947 1563 972 summum
1587 940 1712 975 bonum
1738 952 1810 976 esse
1831 944 2000 979 dixerunt.
2047 947 2114 981 Sed
2144 947 2219 982 baec
2245 946 2349 981 missa

1290 995 1463 1031 faciamus.

1718 1119 1800 1162 cap.
1825 1121 1916 1154 VIlI.

1568 1230 1637 1258 Non
1653 1237 1717 1260 csse
1735 1238 1828 1260 unam
1841 1231 1915 1261 boni
1926 1232 2070 1271 speciem.

1331 1338 1445 1376 Quum
1463 1336 1528 1369 hoc
1543 1336 1617 1370 loco
1634 1337 1677 1371 de
1693 1338 1759 1372 fine
1772 1339 1912 1381 ultimo,
1928 1341 1989 1383 qui
2005 1341 2141 1375 videtur
2156 1343 2351 1379 universum

1290 1396 1459 1440 quoddam
1478 1397 1603 1430 bonum
1626 1407 1718 1438 esse,
1737 1399 1833 1432 nobis
1851 1399 1895 1433 sit
1916 1410 2047 1443 sermo;
2072 1403 2351 1438 considerandum

1289 1459 1340 1491 est
1356 1457 1524 1501 quomodo
1538 1458 1734 1491 universum
1749 1458 1892 1499 dicatur,
1912 1463 1946 1494 et
1965 1471 2046 1494 num
2062 1462 2143 1496 boni
2155 1463 2268 1507 aliqua
2281 1474 2352 1508 spe-

1289 1517 1357 1550 cies
1373 1517 1438 1558 sit;
1463 1517 1601 1550 tametsi
1616 1517 1722 1551 ardua
1740 1517 1836 1551 nobis
1848 1519 1882 1550 et
1900 1518 2029 1552 lubrica
2045 1519 2119 1553 haec
2137 1522 2282 1563 quaestio
2293 1521 2351 1555 fu-

1287 1578 1366 1610 tura
1385 1578 1457 1618 est,
1487 1577 1578 1620 quod
1606 1577 1760 1610 homines
1785 1577 1882 1611 amici
1904 1577 2050 1620 primum
2081 1579 2168 1613 hanc
2194 1581 2236 1615 ‹le
2266 1581 2351 1615 ideis

1287 1636 1548 1679 disput-ationem
1563 1636 1834 1671 introduxerunt.
1881 1639 2031 1676 Quorum
2050 1640 2162 1682 opinio
2177 1640 2244 1674 fuit
2257 1667 2265 1682 ,
2286 1642 2351 1676 fiin-

1287 1696 1440 1738 gularum
1457 1705 1535 1739 quae
1551 1701 1630 1730 sunt
1645 1705 1757 1730 rerum
1770 1723 1778 1737 ‚
1798 1696 1945 1741 aliquam
1965 1707 2038 1732 esse
2053 1699 2182 1739 ideam,
2198 1710 2275 1743 quae
2285 1710 2344 1743 per

1287 1763 1323 1788 se
1343 1755 1515 1789 subsistat.
1560 1756 1716 1789 Forsitan
1735 1757 1849 1790 autem
1863 1758 2024 1799 praestare
2036 1759 2140 1802 atque
2151 1758 2236 1793 adeo
2250 1769 2350 1803 opor-

1286 1817 1359 1849 t-cre
1379 1815 1548 1857 videatur,
1563 1816 1718 1849 veritatis
1733 1816 1867 1850 tuendae
1883 1826 1982 1850 causa
2000 1818 2053 1851 vel
2068 1819 2183 1852 nostra
2201 1819 2349 1862 ipsorum

1285 1875 1419 1910 decreta
1433 1877 1582 1910 evertere
1593 1902 1601 1917 ‚
1617 1877 1803 1919 praesertim
1818 1886 1926 1920 quum
1951 1877 2054 1911 etiam
2074 1887 2134 1912 nos
2151 1873 2339 1922 philosophi

1285 1938 1402 1972 simus.
1446 1938 1579 1972 Etenim
1600 1947 1707 1981 quum
1722 1939 1822 1972 ambo
1838 1938 1934 1973 nobis
1950 1939 2050 1973 amici
2063 1940 2148 1981 sint,
2169 1941 2295 1976 veritas
2314 1945 2349 1976 et

1284 1998 1436 2032 idearum
1455 1998 1584 2039 auctor,
1606 1998 1783 2032 veritatem
1805 1999 1896 2032 certe
1915 2007 2052 2042 aequum
2070 2001 2123 2033 est
2137 2000 2301 2042 praeferri.

1326 2056 1392 2097 Qui
1407 2065 1507 2100 porro
1526 2057 1612 2090 hanc
1626 2056 1669 2091 de
1687 2067 1756 2100 qua
1777 2058 1908 2100 agimus
1925 2058 2113 2101 opinionem
2133 2059 2321 2094 attulerunt
2336 2086 2343 2102 ‚

1282 2126 1349 2150 non
1371 2117 1565 2151 statuebant
1586 2126 1689 2150 unam
1709 2126 1782 2151 esse
1797 2117 1932 2151 illarum
1945 2127 2056 2151 rerum
2071 2118 2198 2158 ideam,
2217 2119 2250 2153 in
2268 2121 2346 2164 qui-

1281 2177 1348 2210 bus
1366 2177 1461 2220 prius
1493 2178 1527 2210 et
1551 2176 1719 2220 posterius
1739 2178 1839 2211 esset.
1886 2177 2049 2216 Quocirca
2065 2187 2106 2211 ne
2129 2187 2344 2214 numerorum

1282 2236 1420 2280 quidem
1434 2246 1539 2270 unam
1557 2236 1724 2270 faciebant
1742 2236 1963 2280 ideam,quia
1980 2237 2125 2280 primum
2139 2238 2264 2273 habent
2281 2249 2344 2273 nu-

1281 2295 1365 2330 meri
1379 2296 1414 2328 et
1427 2294 1622 2328 secundum.
1664 2297 1777 2333 Quum
1792 2305 1872 2329 vero
1885 2295 1920 2329 in
1929 2297 2016 2330 bono
2029 2297 2123 2340 prius
2136 2299 2180 2332 sit
2193 2301 2226 2332 et
2238 2302 2346 2343 poste·

1282 2355 1369 2394 rius,
1386 2353 1603 2387 manifestum
1620 2355 1672 2387 est
1688 2363 1754 2387 non
1770 2363 1867 2397 posse
1882 2365 1986 2389 unam
2006 2365 2079 2390 esse
2094 2357 2186 2392 illius
2202 2358 2322 2394 ideam.

1323 2415 1422 2448 Prius
1441 2415 1554 2447 autem
1584 2416 1618 2446 in
1636 2414 1723 2447 bono
1754 2415 1892 2457 reperiri
1917 2417 1951 2449 et
1975 2417 2161 2464 posterius,
2193 2421 2341 2462 apparet.

1279 2474 1412 2509 Etenim
1437 2473 1524 2507 etin
1544 2473 1733 2507 substantia
1749 2473 1875 2507 bonum
1898 2476 1968 2515 est,
1994 2477 2031 2508 ut
2048 2485 2142 2510 mens
2167 2478 2221 2511 vel
2245 2478 2340 2513 deus.

1279 2537 1322 2568 Et
1340 2535 1375 2567 in
1397 2533 1581 2577 qualitate,
1611 2535 1650 2566 ut
1675 2533 1785 2567 virtus
1815 2545 1822 2566 :
1845 2535 1879 2567 et
1902 2534 1938 2567 in
1963 2544 2002 2568 eo
2027 2535 2120 2579 quod
2152 2537 2196 2571 ad
2214 2538 2342 2581 aliquid

1278 2594 1435 2632 refertur,
1460 2594 1499 2625 ut
1518 2592 1601 2626 utile
1620 2605 1628 2625 ι
1656 2594 1690 2627 ct
1707 2592 1742 2625 in
1765 2593 1954 2635 quantitate
1966 2620 1973 2633 ,
1993 2596 2032 2627 ut
2051 2594 2218 2630 mediocre
2233 2609 2242 2629 :
2257 2600 2291 2631 et
2306 2598 2342 2632 in

1280 2653 1338 2687 ubi
1350 2679 1358 2693 ,
1380 2655 1418 2686 ut
1438 2651 1644 2686 domicilium
1665 2664 1673 2685 :
1692 2651 1900 2686 domicilium
1917 2654 2004 2687 enim
2030 2653 2124 2689 locus
2141 2655 2276 2697 dicitur.
2303 2658 2339 2692 iu

1276 2724 1344 2758 quo
1373 2714 1456 2747 bene
1471 2713 1620 2747 vivimus
1638 2722 1647 2742 τ
1663 2714 1698 2747 et
1722 2713 1758 2747 in
1783 2712 1953 2757 quando,
1977 2716 2016 2748 ut
2032 2717 2186 2750 occasio:
2209 2719 2339 2753 occasio

1277 2776 1391 2809 autem
1408 2776 1541 2817 tempus
1567 2773 1706 2816 singulis
1727 2773 1829 2808 rebus
1853 2777 2078 2818 opportunum
2097 2779 2247 2812 vocatur.
2294 2781 2338 2813 Et

1275 2834 1430 2868 similiter
1445 2834 1480 2867 in
1502 2834 1587 2867 aliis.
1633 2836 1671 2867 Iu
1686 2834 1739 2867 his
1752 2843 1832 2868 vcro
1849 2835 1946 2878 prius
1964 2838 2015 2870 est
2032 2839 2066 2870 et
2084 2838 2251 2880 posterius
2269 2851 2276 2872 :
2297 2850 2337 2873 eo

1275 2895 1373 2934 enim,
1389 2894 1481 2937 quod
1494 2893 1537 2927 ad
1549 2893 1677 2938 aliquid
1689 2893 1845 2938 refertur,
1857 2895 1949 2939 prior
1961 2898 2012 2930 est
2024 2897 2221 2932 substantia.
2249 2901 2335 2933 Tum

1274 2955 1366 2999 quod
1377 2955 1450 2989 haec
1465 2963 1525 2998 per
1543 2963 1579 2988 se
1595 2955 1771 2996 subsistit,
1793 2955 1877 2990 illud
1899 2956 1932 2990 in
1958 2957 2042 2999 alio;
2063 2958 2138 2992 tum
2153 2959 2246 3002 quod
2261 2960 2334 2994 haee

1273 3014 1378 3048 libera
1395 3016 1429 3047 et
1450 3014 1561 3048 soluta
1575 3016 1644 3054 est,
1655 3014 1749 3050 ‚illud
1771 3024 1849 3049 vero
1871 3016 2010 3050 alterius
2025 3019 2179 3060 respectu
2195 3018 2330 3059 dicitur,

1274 3074 1440 3118 siquidem
1455 3074 1582 3109 arboris
1599 3076 1692 3118 pullo
1707 3077 1742 3110 et
1757 3078 1846 3110 entis
1865 3076 2027 3110 accidenti
2045 3077 2153 3112 simile
2169 3081 2230 3112 est.

1314 3135 1481 3168 Praeterea
1498 3134 1633 3178 quando
1651 3135 1794 3169 totidem
1823 3136 1934 3169 modis
1969 3137 2160 3170 nominatur
2185 3138 2326 3177 bonum,

1273 3184 1357 3226 quot
1381 3182 1491 3216 modis
1507 3183 1700 3217 nominatur
1722 3194 1799 3223 ens,
1821 3194 1880 3218 ens
1893 3187 2006 3218 autem
2025 3185 2178 3227 plurimis
2192 3186 2326 3225 dicitur,

1271 3230 1424 3274 plurimis
1452 3239 1587 3274 quoque
1607 3231 1717 3265 modis
1739 3241 1872 3272 necesse
1898 3234 1949 3266 est
1976 3231 2041 3265 dici
2065 3233 2208 3271 bonum,
2226 3232 2329 3274 idque

1271 3287 1333 3312 nec
1363 3287 1560 3319 commune,
1590 3288 1653 3313 noc
1679 3280 1884 3319 universale,
1913 3289 1975 3313 nec
2002 3289 2107 3312 unum
2141 3289 2230 3320 esse;
2259 3288 2326 3313 non

1271 3327 1359 3360 enim
1374 3327 1410 3361 in
1424 3326 1578 3362 omnibus
1593 3328 1785 3371 categoriis,
1813 3328 1900 3362 sicut
1921 3328 2048 3361 dictum
2064 3328 2134 3369 est,
2146 3327 2233 3361 foret
2243 3350 2253 3367 ,
2267 3325 2325 3359 sed

1267 3376 1302 3410 in
1324 3385 1390 3410 una
1411 3377 1552 3410 tantum.

0 3422 6 3443 s
160 3441 776 3450 ...-..——-———-——

0 3461 11 3490 i*
119 3483 122 3486 '
200 3477 223 3500 ⁴²
235 3478 318 3523 Gap.
334 3479 367 3514 6.
382 3479 422 3514 τὸ
439 3479 476 3514 δὶ
492 3480 633 3514 καθόλου
650 3481 722 3513 κτλ.
740 3497 784 3505 -·
800 3479 843 3501 *⁴*
858 3481 899 3514 Oi
919 3479 956 3513 δὲ
967 3479 1169 3523 κομίσαντες
1186 3480 1245 3521 τὴν
1268 3479 1363 3520 δόξαν
1383 3480 1506 3520 ταύτην
1522 3480 1593 3514 κτλ.
1608 3497 1651 3504 -
1667 3479 1731 3501 *μ
1749 3479 1820 3513 Ἔτι
1838 3479 1910 3512 ἐπεὶ
1927 3478 2068 3522 τάγαθὸν
2081 3478 2151 3511 κτλ.
2190 3480 2195 3485 “
