2508 3776
253 164 335 203 528

253 265 316 303 ρει.
351 248 421 288 Καὶ
442 248 518 292 τοὺς
541 247 659 301 φίλους
681 245 808 299 ὁμοίως
836 248 991 299 ὁμονοεῖν
1011 248 1159 301 λέγομεν
1173 278 1184 298 ,
1210 251 1292 290 ὅταν

251 309 308 347 τὸν
326 308 426 347 αὐτὸν
461 308 610 346 ἕλωνται
641 306 714 360 βίον
727 338 736 355 ,
756 306 818 345 καὶ
843 306 897 354 τὰ,
915 307 1066 358 μέγιστα
1087 311 1155 348 τῶν
1177 311 1211 348 ἐν
1241 312 1292 363 τῷ

254 361 338 414 βίῳ,
359 362 418 400 καὶ
449 362 576 413 ἀμφοῖν
605 360 628 407 ἢ
658 360 743 412 πρὸς
781 359 918 414 βλάὸην
954 359 978 408 ἢ
1016 361 1101 415 πρὸς
1120 363 1292 413 ὠφέλειαν

251 421 395 474 φέροντα
427 421 616 473 ἀμφότεροι
643 420 771 471 ὁμοίως
794 419 817 467 ἢ
839 419 1074 473 φεύγωσιν,ἢ
1099 422 1288 463 διώκωσιν.

250 482 303 519 Οὐ
319 480 387 533 γὰρ
406 479 450 518 τὰ
480 481 566 519 αὐτὰ
588 481 639 518 δεῖ
660 481 773 527 ζητεῖν
805 480 909 531 μόνον
938 479 1018 525 τοὺς
1037 481 1294 532 ὁμονοήσοντας

250 538 426 586 ἀλλήλοις,
456 538 547 577 ἀλλὰ
578 538 639 578 καὶ
672 538 799 590 ὁμοίως
817 544 888 583 τοῖς
920 538 1033 585 ὅλοις·
1052 534 1123 579 οἷον
1145 543 1175 580 εἰ
1201 541 1293 580 δοκεῖ

248 598 317 642 τοῖς
334 598 442 652 φίλοις
469 599 597 652 ἀμφοῖν
631 597 786 650 ἡγεμόνα
824 598 900 651 βίου
928 599 1063 654 θατέρῳ
1095 600 1154 639 τὸν
1174 599 1290 653 ἕτερον

246 658 426 709 γενέσθαι,
449 657 626 710 βούλοιντο
647 657 683 696 δὲ
713 659 751 696 οὐ
787 658 845 697 τὸν
871 658 991 708 αὐτόν,
1027 659 1105 698 ἀλλ’
1128 659 1290 712 ἑκάτερος

247 716 370 756 ἑαυτόν
386 747 397 768 ,
414 721 609 765 τηνικαῦτα
631 717 699 770 γὰρ
729 717 768 756 τὸ
801 717 886 756 αὐτὸ
923 718 986 768 μὲν
1013 721 1196 768 ζητοῦσιν,
1214 721 1291 759 ἀλλ’

247 775 309 813 οὔκ
323 777 357 814 ἓν
372 778 423 829 τῷ
441 778 534 828 αὐτῷ
548 807 558 826 ,
576 775 656 814 ἀλλ’
679 778 792 830 ἑαυτῷ
818 776 997 831 ἑκάτερος,
1019 777 1104 831 ὅπερ
1124 779 1186 818 οὐκ
1200 777 1293 818 ἔστιν

248 835 417 884 ὁμονοεῖν.
443 835 514 874 Καὶ
536 837 570 873 ἐν
595 837 671 878 ταῖς
687 834 811 874 πόλεσι
833 836 868 873 δὲ
886 836 1137 887 ὁμονοήσουσιν
1167 839 1200 876 ἐν
1219 844 1293 884 ταῖς

248 893 504 947 ἀρχαιρεσίαις,
527 894 611 935 ὅταν
632 893 691 932 τὸν
713 894 816 933 αὐτὸν
837 893 985 933 ἕλωνται
1001 895 1128 940 πάντες
1149 895 1290 950 ἄρχειν,

246 949 362 997 ἢτοὺς
382 951 539 1006 ἀρίστους
565 952 710 1000 πάντες,
731 952 792 992 καὶ
814 954 862 1003 μὴ
885 955 1006 993 ἑαυτὸν
1028 954 1192 999 ἕκαστος·
1220 971 1289 994 κα-

248 1009 358 1062 θάπερ
386 1011 578 1064 Εὐριπίδης
599 1013 633 1050 ἓν
656 1015 730 1056 ταῖς
751 1012 960 1058 Φοινίσσαις
989 1013 1149 1061 ἐποίησεν
1163 1028 1172 1038 ·
1200 1013 1290 1054 οὕτω

247 1068 316 1122 γὰρ
332 1071 369 1108 οὐ
387 1070 425 1108 τὸ
440 1076 546 1110 πᾶσιν
562 1070 709 1124 ἀρέσκον
728 1071 876 1123 γίνεται·
893 1072 932 1110 τὸ
954 1072 990 1112 δὲ
1010 1073 1071 1112 οὔκ
1087 1071 1181 1112 ἔστιν
1201 1072 1288 1124 ὁμό-

247 1143 341 1168 νοια·
360 1129 437 1168 ἀλλ’
448 1129 530 1168 ὅταν
545 1130 679 1184 τύχωσι
700 1131 828 1176 πάντες
847 1124 886 1170 οὗ
908 1131 1082 1185 ἐφίενται,
1100 1135 1293 1180 τηνικαῦτα

247 1189 466 1239 ὁμονοοῦσιν.

302 1246 323 1270 *
341 1246 446 1287 ’Ἐστι
466 1247 578 1287 τοίνυν
603 1251 626 1297 ἡ
656 1250 800 1300 ὁμόνοια
828 1249 992 1297 πολιτική
1023 1266 1074 1295 τις
1094 1250 1211 1304 φιλία,
1232 1250 1292 1290 καὶ

247 1305 338 1344 οὕτω
353 1307 519 1359 λέγεται·
537 1308 596 1347 καὶ
618 1309 686 1362 γὰρ
707 1310 787 1362 περὶ
809 1309 852 1347 τὰ
870 1309 1031 1363 πρακτά,
1054 1309 1115 1348 καὶ
1135 1310 1179 1348 τὰ
1200 1326 1292 1359 συμ-

248 1363 395 1418 φέροντά
417 1369 511 1414 ἐστι,
536 1367 596 1406 καὶ
617 1367 704 1421 πρὸς
723 1367 780 1406 τὸν
802 1367 874 1421 βίον
895 1368 1088 1415 ἀνήκοντα·
1117 1371 1230 1406 ταῦτα
1256 1368 1291 1406 δὲ

247 1426 309 1470 τῆς
324 1426 518 1472 πολιτικῆς.

300 1482 341 1505 **
358 1482 463 1523 Ἔστι
481 1485 515 1522 δὲ
538 1485 572 1522 ἐν
597 1486 666 1528 τοῖς
687 1483 913 1531 ἔπιεικέσινὴ
936 1485 1089 1535 ὁμόνοια·
1116 1479 1210 1524 οὗτοι
1223 1486 1291 1538 γὰρ

247 1541 306 1580 καὶ
326 1543 459 1585 ἑαυτοῖς
490 1545 697 1593 ὁμονοοῦσι,
723 1542 784 1581 καὶ
815 1544 981 1591 ἀλλήλοις
1009 1543 1067 1582 ἐπὶ
1087 1546 1156 1582 τῶν
1179 1545 1292 1583 αὐτῶν

247 1601 359 1657 ὄντες,
384 1604 430 1646 ὥς
444 1603 555 1641 εἰπεῖν
569 1617 578 1627 ·
601 1605 670 1640 τῶν
708 1602 872 1641 τοιούτων
899 1602 967 1655 γὰρ
983 1601 1127 1641 ἵσταται
1147 1602 1190 1640 τὰ
1210 1605 1291 1655 βου-

245 1660 413 1711 λήματα,
444 1663 503 1700 καὶ
525 1661 640 1713 μένει,
663 1661 724 1700 καὶ
752 1665 790 1700 οὖ
815 1662 1004 1715 μεταῤῥεῖ,
1036 1661 1194 1714 καθάπερ
1215 1661 1290 1702 Εὔ-

250 1735 365 1773 ριπος,
402 1720 589 1772 βούλονταί
607 1738 645 1759 τε
665 1720 708 1759 τὰ
729 1721 848 1760 δίκαια
878 1720 941 1760 καὶ
968 1721 1013 1760 τὰ
1043 1721 1289 1775 συμφέροντα,

246 1779 376 1818 τούτων
397 1780 432 1819 δὲ
450 1780 509 1819 καὶ
529 1784 627 1834 κοινῇ
645 1781 811 1833 ἐφίενται.

300 1838 365 1862 ***
380 1838 471 1885 Τοὺς
494 1839 528 1878 δὲ
551 1840 701 1893 φαύλους
721 1841 787 1892 οὐχ
802 1834 872 1878 οἶόν
889 1854 926 1878 τε
948 1836 1103 1890 ὁμονοεῖν
1121 1838 1211 1887 πλὴν
1234 1839 1293 1878 ἐπὶ

249 1897 393 1950 μικρόν,
415 1899 574 1951 καθάπερ
598 1898 658 1937 καὶ
680 1898 772 1950 φίλοι
795 1897 932 1950 βέὸαιοι
960 1900 998 1937 οὔ
1019 1899 1185 1938 δύνανται
1205 1893 1292 1939 εἶναι

248 1955 447 2001 πλεονεξίας
468 1957 664 2010 ἐφιέμενοι,
700 1957 759 1995 καὶ
782 1959 896 2008 μεῖζον
914 1957 1007 2010 ἔχειν
1030 1957 1191 2012 ἑκάτερος
1207 1961 1291 1997 ἑκα-

248 2015 346 2069 τέρου
366 2018 544 2071 ζητοῦντες
560 2018 595 2056 ἐν
621 2022 690 2062 τοῖς
708 2016 940 2070 συμφέρουσιν
957 2029 966 2039 ·
998 2019 1031 2056 ἐν
1052 2017 1120 2070 γὰρ
1140 2023 1210 2062 τοῖς
1226 2018 1290 2056 πό·

247 2090 317 2118 νοις
337 2074 397 2113 καὶ
414 2077 448 2113 ἐν
464 2078 537 2119 ταῖς
552 2075 639 2129 ὑπὲρ
659 2077 821 2121 ἀλλήλων
836 2075 1065 2130 λειτουργίαις
1083 2077 1135 2115 ἀεὶ
1151 2079 1292 2124 ζητοῦσι

247 2132 286 2170 τὸ
307 2132 449 2172 ἔλαττον
479 2135 594 2186 ἔχειν,
617 2134 677 2172 καὶ
698 2135 821 2173 ἑαυτὸν
844 2135 1008 2187 ἑκάτερος
1030 2135 1123 2180 ἄξιον
1144 2135 1291 2185 νομίζων

247 2191 348 2243 ὀλίγα
371 2191 433 2243 μὲν
454 2195 589 2242 πονεῖν,
613 2194 751 2245 μεγάλα
784 2193 819 2232 δὲ
840 2195 1072 2247 ὠφελεῖσθαι,
1095 2194 1152 2233 τὸν
1175 2194 1290 2247 ἕτερον

248 2251 397 2300 εὐθύνει,
420 2254 498 2305 περὶ
515 2255 584 2291 τῶν
606 2254 832 2304 λειτουργιῶν
852 2252 1190 2306 ἀκριὸολογούμενος
1203 2284 1213 2303 ,
1231 2253 1291 2292 καὶ

248 2310 392 2349 κωλύων
413 2315 481 2350 τῶν
501 2311 747 2365 συμφερόντων
766 2312 954 2350 ἀπολαύειν
969 2342 979 2360 ,
995 2312 1074 2351 ὅσον
1093 2312 1220 2363 ἐθέλει,
1246 2315 1291 2357 ὡς

249 2370 424 2419 μεγάλων,
455 2370 594 2423 φαύλων
626 2371 844 2416 ἀπονάμενον
864 2371 998 2410 πόνων·
1033 2370 1090 2410 διὰ
1119 2375 1220 2410 τοῦτο
1241 2373 1290 2422 μὴ

247 2432 432 2480 τηροῦντες
448 2429 489 2467 τὸ
504 2430 616 2469 κοινόν
626 2462 635 2478 ,
658 2430 735 2469 ἀλλ’
751 2432 912 2484 ἑκάτερος
926 2431 965 2469 τὸ
984 2433 1106 2469 ἑαυτοῦ
1117 2460 1127 2478 ,
1141 2433 1291 2483 τάχιστα

250 2487 468 2526 διαλύονται·
489 2491 528 2527 τὸ
547 2491 614 2542 γὰρ
629 2489 802 2528 συνάπτον
821 2492 1016 2529 διασπῶσιν
1028 2521 1037 2539 ,
1056 2491 1142 2542 ὅπερ
1164 2490 1239 2529 ἐστὶ
1254 2490 1292 2529 τὸ

249 2547 359 2584 κοινὸν
377 2549 435 2586 καὶ
455 2551 478 2595 ἡ
499 2549 662 2598 ὁμόνοια·
697 2554 759 2589 τοῦ
784 2549 1018 2594 συνάπτοντος
1051 2550 1086 2588 δὲ
1109 2549 1291 2588 διαλυθέν-

248 2619 326 2653 τος,
359 2607 396 2645 οὗ
415 2606 576 2647 δύνανται
598 2609 813 2661 συνημμένοι
836 2604 938 2650 εἶναι.
964 2609 1161 2659 Συμὸαίνει
1180 2610 1292 2649 τοίνυν

250 2665 363 2708 αὖτοῒς
395 2668 613 2716 στασιάζειν,
646 2671 831 2709 ἀπαιτοῦσι
857 2670 919 2719 μὲν
954 2670 1036 2722 παρ’
1058 2669 1220 2717 ἀλλήλων
1249 2670 1293 2710 τὰ

251 2724 389 2775 φιλικά,
409 2726 520 2769 αὐτοῖς
554 2726 589 2765 δὲ
616 2729 653 2765 οὗ
687 2728 906 2779 ὅουλομένοις
931 2730 976 2768 τὰ
1013 2727 1130 2767 δίκαια
1161 2729 1291 2769 ποιεῖν·

250 2781 325 2821 ὅθεν
349 2784 384 2820 ἐν
416 2789 486 2828 τοῖς
504 2785 646 2837 φαύλοις
666 2788 704 2824 οὗ
722 2787 867 2826 δυνατὸν
898 2789 1060 2839 ὁμόνοιαν
1093 2780 1194 2837 εἶναι,
1215 2789 1291 2827 ἀλλ’

250 2840 286 2878 ἔν
304 2846 374 2884 τοῖς
396 2842 562 2882 ἐπιεικέσι
583 2844 712 2893 μόνοις.

306 2900 471 2952 (Scripsi
495 2909 534 2940 :²
552 2903 704 2955 δρᾶσαι]
725 2906 811 2946 cod.
826 2906 966 2959 δράσαι.
993 2929 1046 2938 -
1066 2907 1080 2959 )

692 3022 784 3073 Κεφ.
814 3022 862 3069 η’.

625 3132 702 3175 Περὶ
727 3133 918 3175 εὐεργεσίας.

305 3229 387 3254 ****
403 3230 540 3270 Ἐκεῖνο
563 3230 598 3268 δὲ
615 3231 792 3279 ζητητέον,
818 3233 891 3269 ἀνθ’
903 3229 980 3269 ὅτου
992 3230 1069 3275 τοὺς
1085 3224 1122 3269 εῧ
1139 3230 1290 3284 πάσχον-

1086 161 1368 203 ANDRONICI
1395 163 1573 204 RHODII

1353 259 1512 292 morabile
1540 260 1584 293 sit
1606 261 1639 294 et
1669 259 1712 293 ad
1742 258 1930 292 universam
1957 260 2195 304 rempublicam
2219 261 2394 306 pertineat.
2415 256 2434 269 ⁵
2469 278 2471 282 Α

1355 314 1515 348 Similiter
1536 318 1568 348 et
1590 316 1714 348 amicos
1739 315 2108 358 concordarffdicimus,
2128 327 2232 360 quum
2260 307 2399 352 eandem

1354 368 1431 401 vitae
1459 370 1618 403 rationem
1640 370 1820 412 suscipiunt
1847 371 1882 402 et
1910 379 1986 412 quae
2019 371 2052 404 in
2070 372 2140 405 vita
2164 375 2238 407 tum
2254 372 2399 408 maxima

1355 426 1433 456 sunt
1466 426 1538 457 tum
1563 425 1607 458 ad
1634 425 1807 466 utriusque
1834 424 1887 457 vel
1916 424 2124 459 incommoda
2147 427 2201 460 vel
2228 426 2398 461 commoda

1354 480 1514 520 spectant,
1532 479 1629 512 ambo
1655 481 1713 512 aut
1735 478 1865 520 fugiunt
1885 480 1943 511 aut
1969 482 2164 522 sequuntur.
2182 483 2296 525 Neque
2311 482 2399 517 enim

1355 533 1461 565 solum
1489 533 1605 566 eadem
1627 533 1811 567 consectari
1838 532 1959 566 debent
1983 535 2160 568 concordes
2175 561 2183 575 ‚
2213 534 2272 569 sed
2296 535 2398 571 etiam

1354 597 1489 631 prorsus
1509 589 1624 622 eodem
1640 589 1739 622 modo
1758 599 1766 621 z
1786 589 1927 631 exempli
1942 590 2059 632 gratia,
2075 590 2103 623 si
2121 591 2255 634 utrique
2274 584 2400 627 alifien-

1354 652 1430 675 rum
1455 643 1490 675 in
1523 646 1669 677 mentem
1702 643 1824 683 veniat,
1850 646 1887 676 ut
1917 644 1987 677 dux
2016 645 2095 678 vitae
2115 645 2212 679 alteri
2239 645 2284 680 stt
2301 641 2398 687 atter,

1354 708 1460 741 neque
1471 701 1581 732 tamen
1597 699 1738 748 eundem
1751 709 1821 732 esse
1832 700 1944 739 velint,
1956 700 2015 734 sed
2029 703 2168 744 uterque
2180 711 2215 735 se
2226 703 2398 746 proponat,

1355 754 1427 787 uim
1441 754 1526 787 enim
1542 755 1630 788 idem
1648 757 1815 798 quaerunt,
1832 765 1891 789 nec
1910 756 2067 789 tamenin
2084 757 2211 798 eodem,
2231 756 2291 791 sed
2305 759 2398 791 uter-

1353 820 1419 853 que
1438 811 1500 844 sibi
1517 812 1650 854 quaerit,
1665 812 1756 854 quod
1778 822 1840 845 non
1860 815 1911 846 est
1927 813 2136 846 concordare.
2160 813 2215 847 Sic
2238 815 2274 848 et
2289 813 2324 848 in
2340 823 2403 847 ur·-

1354 866 1446 899 bium
1474 868 1617 900 comitiis
1641 868 1898 908 concordabunt,
1920 878 2024 910 quum
2057 868 2198 902 eundem
2221 869 2400 912 magistra-

1354 924 1427 955 tum
1440 932 1553 955 omnes
1569 923 1760 966 delegerint,
1780 926 1838 956 aut
1862 925 1981 957 saltem
2007 925 2171 967 optimum
2190 934 2316 966 omnes,
2335 934 2402 960 non

1355 987 1389 1013 se
1401 978 1541 1020 quisque
1556 992 1564 1011 ι
1582 979 1863 1020 quemadmodum
1875 980 1909 1012 in
1925 980 2103 1013 Phoenissis
2116 980 2292 1023 Euripides
2303 982 2402 1024 poeta

1355 1029 1432 1064 fecit
1460 1043 1467 1061 ι
1497 1043 1606 1075 neque
1636 1034 1724 1066 enim
1753 1034 1787 1069 id
1813 1034 1904 1076 quod
1924 1035 2077 1067 omnibus
2106 1035 2215 1077 placet
2240 1044 2280 1068 eo
2300 1034 2402 1068 modo

1356 1087 1427 1120 fieri
1448 1091 1557 1131 potest
1582 1102 1589 1121 :
1608 1090 1679 1122 baec
1694 1091 1806 1122 autem
1825 1099 1888 1122 non
1904 1091 1956 1122 est
1977 1089 2172 1123 concordia:
2193 1089 2252 1124 sed
2264 1089 2401 1133 quando

1354 1153 1468 1178 omnes
1488 1144 1524 1177 id
1538 1145 1628 1186 quod
1644 1147 1772 1186 petunt,
1791 1147 2049 1187 consequuntur,
2071 1147 2146 1178 tum
2165 1144 2302 1179 demum
2324 1153 2400 1179 con-

1356 1198 1501 1231 cordant.

1396 1259 1457 1290 Est
1476 1257 1578 1299 igitur
1602 1258 1773 1291 concordia
1800 1258 1908 1291 civilis
1928 1257 2083 1301 quaedam
2110 1257 2268 1300 amicitia,
2295 1267 2402 1303 eoque

1355 1314 1484 1348 nomine
1513 1316 1723 1357 appellatur:
1755 1318 1907 1348 versatur
1938 1316 2026 1349 enim
2055 1316 2088 1348 in
2105 1315 2147 1348 iis
2169 1324 2247 1359 quae
2274 1314 2338 1350 sub
2361 1308 2399 1348 a·

1356 1374 1499 1407 ctionem
1531 1374 1666 1415 cadunt,
1698 1376 1731 1407 et
1761 1374 1952 1417 reipubIIcae
1971 1374 2172 1415 conducunt,
2189 1376 2224 1407 et
2250 1372 2295 1407 ad
2321 1372 2401 1408 vitae

1356 1444 1455 1467 usum
1479 1435 1645 1477 pertinent
1674 1448 1682 1469 ι
1707 1445 1783 1477 quae
1821 1436 1931 1468 omnia
1956 1435 2064 1468 civilis
2093 1434 2278 1477 prudentia}
2309 1436 2399 1469 sunt.

1397 1496 1486 1526 Inest
1510 1496 1621 1527 autem
1642 1495 1815 1527 concordia
1829 1494 1863 1527 in
1893 1494 1975 1527 viris
2000 1494 2122 1527 bonis:
2144 1493 2281 1527 hienim
2293 1495 2328 1527 et
2347 1503 2402 1527 se«

1357 1562 1432 1586 cum
1454 1554 1515 1596 ipsi
1530 1554 1730 1587 concordant
1745 1557 1779 1587 et
1802 1554 1888 1586 inter
1905 1563 1951 1593 se,
1972 1563 2078 1596 quum
2097 1553 2131 1586 in
2151 1553 2280 1593 iisdem,
2302 1554 2342 1586 ut
2354 1551 2402 1586 ita

1356 1613 1475 1652 dicam,
1498 1613 1597 1646 rebus
1618 1613 1769 1655 gerendis
1796 1611 1947 1654 occupati
1968 1611 2035 1644 sint
2057 1622 2065 1643 ι
2090 1610 2206 1644 talium
2236 1610 2324 1644 enim
2348 1609 2399 1644 vi-

1355 1682 1467 1705 rorum
1480 1673 1667 1705 voluntates
1682 1674 1832 1714 perstant
1843 1674 1876 1704 et
1889 1672 2034 1710 manent,
2048 1679 2155 1713 neque
2165 1669 2284 1712 Euripi
2294 1669 2401 1703 instar

1354 1732 1460 1764 fluunt
1476 1733 1509 1764 et
1524 1732 1668 1764 refluunt
1683 1743 1691 1764 ε
1713 1730 1878 1774 siquidem
1894 1740 1932 1762 ea
1947 1738 2022 1772 quae
2034 1729 2136 1772 justa,
2151 1730 2185 1762 et
2209 1737 2287 1772 quoe
2304 1728 2401 1763 utilia

1355 1794 1432 1824 sunt
1451 1791 1578 1830 volunt,
1598 1799 1779 1833 eorumque
1798 1789 1965 1823 communi
1986 1787 2169 1830 cupiditate
2191 1786 2341 1829 flagrant.
2355 1813 2362 1821 .

1397 1850 1475 1883 Mali
1491 1852 1603 1883 autem
1622 1848 1798 1883 concordes
1809 1858 1881 1883 esse
1891 1858 1955 1881 non
1970 1849 2119 1890 possunt,
2138 1845 2201 1880 nisi
2210 1839 2399 1889 parumper,

1355 1907 1636 1951 quemadmodum
1649 1916 1690 1939 ne
1703 1906 1801 1939 amici
1818 1905 1953 1948 quidem
1971 1904 2159 1937 constantes
2175 1911 2246 1936 esse
2263 1904 2402 1946 possunt

1355 1974 1461 2007 quum
1495 1965 1636 2005 uterque
1671 1962 1748 2005 plus
1781 1962 1844 1994 sibi
1869 1960 2039 1994 vindicare
2061 1961 2095 1993 et
2118 1958 2277 2002 maJorem
2296 1959 2402 1992 altero

1355 2021 1482 2062 partem
1502 2017 1660 2060 consequi
1683 2017 1795 2059 cupiat
1816 2015 1909 2049 iniis
1933 2024 2009 2057 quae
2029 2013 2118 2047 utilia
2141 2021 2213 2047 esse
2227 2012 2392 2047 arbitran-

1356 2077 1413 2108 tur
1431 2088 1439 2107 :
1460 2075 1582 2117 quippe
1598 2074 1632 2106 in
1648 2073 1817 2106 laboribus
1836 2080 1921 2115 quos
1936 2071 2020 2103 alter
2033 2069 2170 2102 alterius
2185 2077 2286 2102 causa
2309 2069 2401 2103 subit

1355 2132 1455 2172 atque
1495 2130 1529 2162 in
1559 2129 1752 2162 ministeriis
1797 2128 1920 2170 quibus
1958 2125 2118 2167 fungitur,
2151 2124 2249 2158 ambo
2274 2133 2402 2167 semper

1355 2184 1465 2217 minus
1486 2184 1606 2216 habere
1628 2183 1792 2225 gestiunt,
1812 2192 1918 2225 quum
1942 2184 2083 2224 uterque
2099 2189 2136 2214 se
2163 2180 2302 2222 dignum
2326 2179 2398 2213 oxi-

1356 2239 1479 2277 stimet‚
1505 2238 1564 2280 qui
1586 2238 1715 2270 labores
1743 2246 1844 2279 quam
1872 2236 2027 2269 minimos
2056 2234 2226 2277 suscipiat,
2248 2243 2401 2277 magnam

1357 2295 1468 2326 autem
1491 2293 1672 2326 utilitatem
1699 2302 1741 2325 ex
1756 2291 1848 2324 omni
1867 2301 1902 2324 re
1918 2291 2044 2334 capiat,
2063 2290 2206 2323 alterum
2223 2295 2407 2332 coarguens.

1356 2351 1389 2383 in
1405 2351 1542 2393 ejusque
1565 2350 1749 2383 ministeria
1769 2348 1932 2382 curiosius
1947 2347 2117 2390 inquirens
2131 2348 2312 2388 vetansque
2323 2341 2414 2378 eum>

1357 2406 1422 2438 frui
1445 2408 1568 2447 quanta
1591 2405 1665 2437 vult
1691 2404 1836 2437 utilitate
1858 2402 1970 2435 fructu
1995 2412 2036 2435 ex
2054 2399 2214 2443 improbis
2233 2399 2402 2432 laboribus
2428 2429 2434 2433 .

1355 2463 1532 2503 percepto:
1550 2459 1766 2502 quamobrem
1779 2459 1860 2492 dum
1878 2456 1968 2499 quod
1981 2464 2154 2489 commune
2168 2453 2249 2497 ipsis
2267 2456 2318 2487 est
2335 2463 2401 2486 non

1356 2516 1563 2554 conservant,
1579 2513 1638 2547 sed
1661 2522 1721 2546 sua
1740 2515 1881 2555 uterque
1906 2510 2080 2544 commoda
2103 2511 2228 2548 tuetur,
2247 2508 2312 2542 cito
2330 2509 2398 2542 dis-

1356 2571 1526 2603 sociantur
1551 2568 1700 2603 :tollunt
1727 2568 1815 2601 enim
1842 2566 1998 2600 amicitiae
2026 2565 2160 2605 nodum,
2179 2564 2238 2607 qui
2264 2563 2401 2606 quidem

1355 2626 1543 2660 communio
1561 2628 1595 2659 et
1617 2625 1790 2658 concordia
1807 2626 1858 2657 est
1878 2632 1940 2656 :eo
1956 2624 2070 2655 autem
2095 2620 2226 2654 sublato
2247 2619 2400 2662 coniungi

1355 2682 1484 2715 diutius
1511 2690 1577 2714 non
1610 2682 1757 2722 possunt.
1792 2677 1920 2711 Accidit
1946 2686 2022 2719 ergo
2049 2675 2106 2714 eis,
2141 2677 2180 2708 ut
2210 2673 2400 2707 discordent

1355 2739 1442 2771 inter
1464 2747 1510 2778 se,
1525 2737 1603 2770 dum
1623 2737 1706 2769 alter
1719 2736 1761 2769 ab
1775 2735 1879 2768 altero
1897 2732 2052 2766 amicitiae
2073 2729 2272 2765 documenta
2284 2730 2398 2772 exigit,

1355 2797 1426 2836 ipse
1446 2796 1558 2827 autem
1579 2802 1655 2835 quae
1670 2793 1762 2834 justa
1780 2793 1857 2825 sunt
1873 2791 1978 2823 facere
1997 2797 2063 2822 nou
2079 2787 2153 2821 vult
2169 2799 2179 2821 ι
2199 2786 2287 2821 unde
2308 2787 2400 2828 patet

1355 2851 1427 2883 fieri
1448 2859 1514 2883 non
1533 2859 1640 2892 posse,
1668 2851 1707 2882 ut
1724 2848 1811 2882 inter
1836 2846 2004 2889 improbos
2022 2843 2215 2886 concordia,
2231 2842 2293 2879 sed.
2314 2841 2402 2875 iuter

1355 2905 1475 2948 probos
1492 2907 1623 2938 tantum
1642 2903 1697 2937 sit.

1781 3030 1873 3064 cAP.
1897 3028 1986 3063 VIII.

1746 3128 1789 3156 De
1807 3123 2014 3155 beneficentia.
2028 3103 2029 3106 Ἴ

1399 3236 1459 3268 Est
1482 3236 1515 3267 et
1538 3233 1622 3267 illud
1641 3232 1869 3276 quaerendum,
1893 3239 1953 3263 cur
1970 3228 2103 3262 benefici
2121 3236 2178 3260 eos
2207 3226 2248 3260 de
2275 3226 2398 3269 quibus

261 3297 2399 3315 Μ

293 3348 310 3363 *
337 3348 493 3386 Πολιτικῆ
524 3348 558 3379 δὲ
584 3347 671 3389 φιλία
692 3348 762 3380 κτλ.
781 3364 823 3370 —-
848 3347 885 3366 *³*
910 3346 1004 3379 Ἐστι
1023 3346 1050 3379 δ’
1072 3349 1092 3385 ἡ
1119 3347 1253 3384 τοιαύτη
1289 3346 1426 3388 ὁμόνοια
1449 3348 1518 3379 κτλ.

1563 3366 1597 3372 —
1629 3346 1688 3365 *Η
1709 3345 1791 3380 Τοὺς
1825 3342 1861 3375 δὲ
1893 3341 2028 3384 φαύλους
2047 3341 2107 3382 οὐχ
2138 3339 2207 3372 οἷόν
2250 3348 2288 3370 τε
2317 3338 2398 3378 ὁμο-

252 3398 336 3426 νοεῖν
351 3420 359 3434 ,
384 3397 452 3427 κτλ.
477 3395 604 3419 —·****
622 3395 700 3436 Cap.
726 3397 756 3427 7.
780 3396 810 3427 οἱ
830 3394 863 3427 δὲ
887 3394 1053 3437 εὐεργέται
1074 3395 1148 3431 τοὺς
1169 3395 1428 3437 εὐεργετηθέντας
1447 3396 1515 3426 κτλ.
