2528 3788
299 264 378 303 276

294 352 401 401 δημος
421 348 483 400 μὲν
509 351 527 387 ὁ
549 347 829 401 Περιπατητικὸς
851 347 985 401 βιὸλίον
1005 349 1085 402 περὶ
1101 350 1227 402 γωνίας
1246 350 1332 404 γρά-

293 411 361 462 ψας
379 408 548 456 ποιότητα
569 407 675 455 αὐτὴν
705 401 794 446 εἶναι
822 408 1080 462 συνεχώρησεν·
1109 410 1242 462 γένεσιν
1266 413 1334 464 γὰρ

291 467 424 521 γωνίας
439 469 583 506 ἐπινοῶν
613 469 675 506 οὒκ
696 467 808 516 ἄλλην
830 461 918 511 εἷναί
940 484 1044 522 φησιν
1077 469 1099 518 ἢ
1127 470 1188 517 τὴν
1209 471 1334 510 κλάσιν

289 543 355 564 των
376 530 562 578 γραμμῶν.

346 587 557 637 (l'roclus
548 601 589 625 1n
608 586 757 627 Euclid.
778 601 816 639 p.
839 588 887 626 35
903 589 964 629 ed.
977 590 1064 630 Bas.
1082 595 1235 628 τοσαῦτα
1252 587 1332 642 περὶ

289 650 349 693 τῆς
369 648 436 683 τῶν
463 649 596 698 γωνιῶν
629 647 833 700 ὓποφάσεως
856 648 952 699 (leg.
976 648 1219 699 ὑποστάσεως)
1239 649 1330 701 εἷρή-

289 709 382 752 σθω,
402 704 520 752 κοινὴν
538 706 860 758 προσλαμβάνοντα
884 709 895 757 (
918 707 992 758 leg.
1017 707 1332 760 προλαμὸάνοντα)

288 764 433 816 Θεωρίαν
464 764 606 812 ἁπάσης
637 765 765 816 γωνίας
803 765 871 818 πρὸ
909 769 970 813 τῆς
997 770 1066 805 τῶν
1099 767 1197 805 εἷδῶν
1228 767 1334 814 αὐτῆς

287 824 499 876 διαιρέσεως.
559 827 676 876 Ἰριῶν
691 825 726 863 δὲ
748 824 851 870 δοξῶν
873 828 983 864 οὐσῶν
1000 828 1080 866 κτλ.
1103 826 1332 878 Superiori-

286 881 358 919 bus
378 892 506 921 autem
528 883 622 922 haec
639 883 799 935 subjicit
818 884 871 922 Ρι
874 885 1011 923 oclus
1035 887 1064 923 εἷ
1084 883 1120 923 δὲ
1139 889 1161 933 ἡ
1175 884 1332 959 ..εὐθύτης

287 942 445 990 ποιότης,
466 942 527 981 καὶ
544 946 566 990 ἡ
587 943 710 987 κλάσις
730 942 883 991 ποιότης,
915 945 950 982 ἐν
972 943 1132 1017 ποιότητι
1156 937 1215 983 οὖν
1236 944 1334 996 ἔχου-

288 1016 353 1039 σαν
374 1001 481 1048 αὐτὴν
500 1001 564 1049 τὴν
586 1002 718 1054 γένεσιν
741 1003 880 1047 πάντως
902 1007 992 1042 εἰναι
1015 1003 1200 1052 ποιότητα.
1263 1005 1331 1043 Εὔ-

288 1061 427 1105 κλείδης
449 1061 485 1099 δὲ
507 1059 610 1099 καὶ“’
591 1077 664 1101 οσοι
684 1061 798 1100 κλίσιν
826 1062 1021 1116 εἷρηκασιν,
1044 1065 1078 1102 ἓν
1099 1069 1169 1107 τοῖς
1191 1062 1275 1115 πρός
1296 1079 1330 1101 τι

291 1120 535 1172 καταλέγουσι
595 1121 784 1170 Ποσότητα
821 1122 855 1161 δὲ
890 1122 1065 1175 ἠρηκοισιν
1108 1124 1203 1175 (leg.
1241 1122 1333 1175 εἰρή-

288 1183 412 1230 κασιν)
432 1181 508 1218 αυτ
500 1196 554 1232 ῑν
576 1196 649 1218 οσοι
667 1182 749 1233 φασὶ
770 1180 823 1242 τὸὐ
838 1184 975 1234 πρῶτον
1005 1182 1219 1232 διάστημα“
1207 1182 1274 1220 υπὸ
1293 1180 1333 1220 τὸ

289 1244 433 1288 σημεῖον
451 1233 536 1277 εἶναι
554 1240 618 1286 τὴν
638 1240 781 1291 γωνίαν,
798 1243 846 1278 ὡν
870 1242 929 1280 καὶ
952 1245 969 1279 ὃ
995 1242 1254 1294 Πλούταρχός
1241 1256 1332 1280 εστιν

289 1298 318 1335 εἷ
322 1314 336 1341 ς
356 1297 418 1345 τὴν
439 1298 547 1345 αυτὴν
565 1299 665 1342 δόξαν
687 1302 845 1338 συνωθῶν
864 1299 964 1338 καὶ
933 1316 990 1338 τον
1009 1300 1251 1340 Ἀπολλώνιον.
1268 1302 1331 1339 Δεῖ

287 1357 354 1409 γὰρ
374 1351 463 1395 εἶναί
483 1374 537 1405 τι,
559 1357 657 1408 φησί,
680 1359 856 1409 διάστημα
877 1363 1012 1412 πρῶτον
1035 1361 1101 1399 ὑπὸ
1123 1360 1186 1407 τὴν
1206 1360 1329 1400 κλάσιν

288 1418 357 1454 τῶν
395 1419 632 1469 περιεχουσῶν
665 1420 839 1470 γραμμῶν
871 1417 893 1465 ἢ
922 1419 1144 1471 ἐπιφανειῶν.
1205 1418 1332 1458 Καίτοι

289 1489 328 1524 γε
350 1479 515 1526 συνεχοῦς
537 1475 634 1519 ὄντος
654 1481 713 1515 τοῦ
741 1476 808 1514 ὑπὸ
825 1477 968 1526 σημεῖον
991 1477 1232 1527 διαστήματος
1251 1478 1333 1515 ἀδύ-

288 1547 390 1570 νατον
408 1533 446 1571 τὸ
466 1536 603 1586 πρῶτον
628 1534 763 1572 λαὸεῒν.

293 1606 412 1642 στημα
433 1593 603 1644 διαιρετὸν
631 1592 716 1645 πρὸς
739 1596 787 1646 τῷ
808 1593 867 1631 καὶ
894 1593 954 1632 ἐὰν
977 1597 1134 1633 ὁπωσοῦν
1161 1595 1335 1648 ἀφορίσω-

290 1666 352 1701 μεν
375 1651 414 1690 τὸ
434 1668 570 1724 πρωτον
591 1652 650 1690 καὶ
683 1652 728 1690 δι’
763 1651 893 1692 ἐκείνου
916 1654 1050 1692 εὐθεῖαν
1074 1652 1260 1706 ἀγάγωμεν
1283 1654 1334 1706 γί-

287 1714 417 1749 νεσθαι
421 1711 599 1762 τρίγωνον,
623 1712 761 1750 ἀλλὀὐ
783 1711 867 1762 μίαν
890 1713 1035 1764 γωνίαν.
1098 1714 1238 1766 Κάρπος
1258 1714 1293 1752 δὲ
1315 1717 1333 1754 ὃ

287 1769 480 1823 ’Ἀντιοχευς
508 1772 614 1810 ποσὸν
636 1770 697 1822 μὲν
727 1765 815 1810 εἶναί
834 1789 919 1824 φησι
937 1772 1001 1820 τὴν
1021 1773 1149 1825 γωνίαν
1170 1773 1228 1812 καὶ
1260 1774 1335 1812 διά-

287 1844 406 1879 στημα
426 1846 495 1868 των
515 1834 751 1884 περιεχουσῶν
773 1832 881 1880 αὐτὴν
891 1836 1070 1930 γραμμῶν
1085 1834 1139 1881 ἢ’
1125 1838 1331 1887 επιφανειῶν

333 1889 341 1903 .
368 1890 378 1903 ,
408 1889 416 1902 ,
444 1888 452 1900 .

289 1947 356 1999 μὴν
378 1929 542 1995 εἶναιτὴν
556 1949 705 2001 γωνίαν·
726 1951 764 1989 οὗ
782 1949 849 2003 γὰρ
876 1956 945 1988 πᾶν
966 1951 1004 1990 τὸ
1020 1951 1072 2004 ἐφ’
1093 1951 1127 1990 ἓν
1146 1953 1332 1992 διαστατὸν

287 2005 458 2058 ὑπάρχειν
477 2008 661 2059 γραμμήν.
686 2012 800 2049 ’.Ιοῦτο
815 2010 850 2049 δὲ
877 2010 1018 2049 πάντων
1039 2011 1333 2064 παραδοξότατον,

290 2065 317 2101 εἷ
344 2064 418 2103 ἔστι
446 2080 481 2103 τι
515 2067 568 2120 ἐφ’
595 2066 631 2105 ἓν
663 2067 804 2120 μέγεθος
826 2068 1012 2109 διαστατὸν
1041 2069 1106 2115 ἔξω
1148 2075 1333 2124 γραμμῆς.

282 2126 393 2165 Ἀλλὰ
411 2126 541 2166 τούτων
563 2126 625 2177 μὲν
647 2127 746 2176 ἅδην.

353 2241 422 2279 ΕΚ
451 2242 554 2280 ΤΗΣ
584 2242 983 2282 ΑΣΤΡΟΛΟΓΙΚΗΣ
1014 2244 1268 2283 ΙΣΤΟΡΙΑΣ.

340 2366 386 2392 94.
408 2354 513 2392 Δοκεῖ
533 2353 568 2391 δὲ
589 2354 681 2392 κατά
694 2370 789 2398 τινας
804 2356 941 2407 πρῶτος
975 2357 1256 2409 ἀστρολογῆσαι,
1273 2356 1334 2396 καὶ

287 2411 440 2456 ἡλιακὰς
470 2412 641 2465 ἐκλείψεις
665 2413 727 2451 καὶ
759 2412 890 2466 τροπὰς
926 2417 1127 2468 προειπεῖν,
1164 2414 1211 2459 ὥς
1230 2431 1332 2468 φησιν

290 2469 456 2520 Εὔδημος
475 2472 509 2509 ἐν
530 2475 573 2523 τῇ
594 2472 674 2523 περὶ
695 2474 764 2510 τῶν
781 2473 1111 2525 ἀστρολογουμένων
1131 2475 1281 2528 ἱστορία.

343 2530 536 2578 Diogenes
557 2530 734 2569 Laertius
762 2531 795 2579 Ι,
819 2533 884 2572 23.

344 2589 510 2634 Θαλῆν
493 2589 527 2626 οὲ
549 2591 576 2627 1⁴2
580 2589 743 2640 ὔδημος’
729 2607 763 2628 εν
780 2596 855 2635 ταῖς
886 2593 1151 2645 ἀστρολογικαῗς
1167 2592 1336 2646 ἱστορίαις

293 2644 352 2692 τὴν
372 2646 559 2697 γενομένην
575 2646 727 2702 ἔκλειψιν
750 2652 812 2687 τοῦ
832 2649 931 2696 ἡλίου
946 2654 1128 2703 προειπεῖν
1144 2667 1243 2704 φησι,
1259 2655 1335 2691 καθ’

290 2703 347 2749 οὒς
363 2705 506 2758 χρόνους
523 2710 678 2760 συνῆψαν
702 2708 821 2761 μάχην
845 2710 927 2762 πρὸς
958 2712 1130 2759 ἀλλήλους
1161 2711 1279 2758 Μῆδοί
1297 2726 1335 2750 τε

294 2781 355 2802 και
376 2765 498 2815 Λυδοί,
522 2766 764 2817 βασιλεύοντος
797 2767 1000 2821 Κυαξάρους
1024 2769 1087 2819 μὲν
1113 2774 1172 2810 τοῦ
1191 2770 1335 2810 Ἀστυά·

292 2838 369 2872 γους
402 2824 550 2877 πατρός,
577 2825 707 2879 Μήδων
722 2826 958 2873 ,Ἀλυάττου
994 2828 1029 2867 δὲ
1073 2833 1132 2868 τοῦ
1161 2829 1336 2884 Κροίσου,

296 2882 430 2922 Λυδῶν.
478 2883 660 2922 Συνάδει
642 2885 677 2922 οὲ
692 2886 784 2938 αὖτῳ
798 2887 858 2924 καὶ
873 2885 1092 2939 *Ηρόδοτοῌ
1077 2905 1112 2927 εν
1129 2892 1173 2942 τῇ
1192 2888 1330 2942 πρώτῃ.

973 260 1174 301 EUDEMI
1202 259 1382 302 RHODII
1411 260 1772 302 PERIPATETIGI

824 1534 906 1574 Ἐπ’
925 1535 1065 1588 ἄπειρον
1086 1535 1155 1590 γὰρ
1170 1542 1240 1574 πᾶν
1260 1534 1350 1590 διά-ὓ

1399 351 1478 391 Εἰσὶ
1499 351 1535 390 δὲ
1555 353 1585 389 οἱ
1605 349 1724 404 χρόνοι
1737 347 1827 403 ἀμφὶ
1845 353 1910 397 τὴν
1929 350 2167 399 πεντηκοστὴν
2188 349 2432 404 Ὀλυμπιάδα.
2474 379 2485 384 -η

1452 411 1650 462 (Clemens
1686 408 1973 451 Alexandrinus
2006 410 2148 449 Strom.
2187 411 2206 449 Ι
2235 425 2325 462 pag.
2357 406 2434 451 ὅσα

1396 470 1455 508 ed.
1496 468 1680 520 Sylburg.
1710 467 1847 506 Theon
1881 467 2104 519 Smyrnaeus
2135 469 2183 508 de
2213 479 2359 509 astron.
2391 483 2433 522 p.

1399 530 1472 566 322
1495 529 1556 567 ed.
1580 527 1735 566 Martin.
1757 528 1805 567 cf.
1832 527 2032 566 Fabricius
2053 528 2094 566 in
2109 528 2292 570 Biblioth.
2309 529 2436 569 Graec.

1395 587 1431 627 11
1457 602 1494 639 p.
1518 602 1590 636 277
1611 588 1679 638 qui
1702 587 1894 637 integrum
1914 587 2017 625 hune
2031 587 2157 625 locum
2170 587 2260 626 inde
2278 587 2440 628 averbis

1395 646 1446 690 τίς
1464 646 1498 685 τί
1511 641 1606 698 εὗρεν
1622 659 1643 684 e
1663 647 1795 685 codice
1821 646 2066 684 Peiresciano
2096 646 2333 697 descriptum
2351 655 2439 687 uu-

1396 719 1513 757 quam
1528 706 1701 744 Anatolii
1731 707 1988 756 fragmentum
2007 705 2192 745 ediderat.
2248 704 2363 746 Ταυτὶ
2377 704 2439 756 μὲν

1396 766 1415 803 ὁ
1427 764 1615 818 Ἄδραστος
1628 780 1638 791 ·
1652 768 1670 804 ὁ
1690 765 1726 803 δὲ
1747 765 1981 818 Δερκυλλίδης
1995 765 2140 818 οὐδεμιᾷ
2159 764 2222 816 μὲν
2243 764 2358 819 οἰκείᾳ
2374 779 2424 805 κα
2506 767 2508 770 ’

1397 824 1624 899 προσηκούσῃ
1659 823 1759 869 τάξει
1783 824 1863 877 περὶ
1891 822 2020 863 τούτων
2045 823 2251 877 ἀνέγραψεν,
2281 822 2363 864 ἃδὶ
2379 820 2441 863 καὶ

1397 884 1499 930 αὖτὸς
1517 885 1797 923 ἀποδείκνυσιν’
1782 900 1816 923 εν
1843 886 1892 922 τῶ
1914 899 1958 923 πε
1962 883 1994 938 pl.
2015 887 2075 922 τοῦ
2098 883 2271 936 ἀτράκτου
2290 881 2351 922 καὶ
2369 885 2440 924 τῶν
2457 889 2462 893 ’
2508 894 2518 931 3

1397 943 1596 997 σφονδύλων
1626 946 1695 982 τῶν
1716 945 1750 982 ἓν
1782 946 1825 996 τῇ
1847 943 2006 996 πολιτεία
2034 941 2132 995 παρὰ
2157 941 2441 995 Πλάτωνιλεγο-

1398 1004 1524 1053 μένων,
1546 1003 1619 1042 ἐστὶ
1652 1006 1809 1042 τοιαῦτα.
1866 1002 1930 1046 Τίς
1948 1002 1982 1040 τί
2003 996 2099 1056 ευρεν
2120 1003 2155 1040 ἐν
2185 1005 2438 1056 μαθηματικῇ·
2428 1033 2440 1051 ,

1399 1062 1562 1113 Εὔδημος
1580 1063 1713 1115 ἱστορεῖ
1731 1066 1764 1102 ἐν
1794 1064 1869 1106 ταῖς
1889 1061 2142 1114 ἀστρολογίαις,
2177 1060 2230 1099 ὅτι
2249 1061 2442 1110 Οἰνοπίδης

1397 1116 1475 1175 εὗρε
1497 1124 1633 1175 πρῶτος
1655 1121 1717 1169 τὴν
1752 1124 1812 1160 τοῦ
1833 1122 2003 1173 ζῳδιακοῦ
2024 1120 2186 1165 διάζωσιν
2204 1118 2266 1158 καὶ
2301 1119 2365 1168 τὴν
2381 1125 2443 1160 τοῦ

1399 1182 1553 1232 μεγάλου
1580 1182 1737 1219 ἐνιαυτοῦ
1766 1179 1988 1231 περίστασιν·
2050 1180 2174 1226 Θαλῆς
2197 1176 2234 1216 δὲ
2253 1177 2355 1225 ἡλίου
2384 1177 2444 1217 ἔκ·

1396 1241 1509 1292 λειψιν
1524 1239 1583 1278 καὶ
1602 1239 1666 1287 τὴν
1692 1238 1786 1278 κατὰ
1804 1237 1867 1283 τὰς
1893 1237 2024 1291 τροπὰς
2056 1238 2161 1276 αὐτοῦ
2200 1235 2374 1289 περίοδον,
2394 1241 2442 1282 ὡς

1397 1299 1458 1354 οὔκ
1480 1299 1538 1345 ἴση
1570 1301 1608 1336 ἀε
1595 1298 1624 1336 el
1646 1297 1852 1349 συμὸαίνει·
1878 1296 2145 1348 Ἀναξίμανδρος
2177 1295 2214 1334 δὲ
2234 1294 2287 1335 ὅτι
2307 1295 2398 1336 ἐστὶν
2418 1298 2441 1344 ἡ

1397 1361 1442 1408 γῆ
1458 1358 1642 1410 μετέωρος,
1668 1356 1728 1396 καὶ
1749 1372 1894 1396 κινειται
1914 1355 1995 1407 περὶ
2013 1356 2053 1394 τὸ
2074 1359 2134 1394 τοῦ
2163 1355 2297 1406 κόσμου
2316 1350 2443 1405 μέσον·

1397 1415 1620 1467 Ἀναξιμένης
1639 1417 1675 1454 δὲ
1698 1415 1750 1454 ὅτι
1772 1419 1795 1463 ἡ
1812 1431 1850 1453 σε
1853 1414 1968 1461 λήνη’
1954 1430 1992 1451 εκ
2007 1417 2070 1451 τοῦ
2087 1412 2224 1460 ἡλίου’
2203 1428 2263 1466 εχε
2247 1429 2278 1452 ,ι
2294 1415 2335 1452 τὸ
2353 1415 2441 1468 φῶς,

1397 1475 1457 1513 καὶ
1472 1475 1547 1513 τίνα
1564 1474 1716 1513 ἐκλείπει
1732 1474 1875 1525 τρόπον·
1888 1473 1918 1511 οἱ
1934 1471 1970 1510 δὲ
1985 1470 2102 1510 λοιποὶ
2118 1470 2176 1509 ἐπὶ
2195 1470 2317 1525 ἔξευρη
2326 1471 2444 1523 μένοις

1397 1531 1531 1576 τούτοις
1556 1530 1735 1583 ἔπεξεῦρον
1767 1529 1883 1582 ἕτερα,
1918 1529 1970 1568 ὅτι
2009 1531 2041 1568 οἱ
2070 1530 2235 1574 ἀπλανεῖς
2267 1534 2444 1569 κινοῦνται
2500 1561 2505 1578 ,,

1398 1592 1477 1643 περὶ
1509 1590 1566 1629 τὸν
1600 1590 1657 1628 διὰ
1694 1592 1762 1628 τῶν
1782 1589 1900 1627 πόλων
1920 1588 2022 1633 ἄξονα
2046 1587 2208 1639 μένοντα,
2237 1590 2268 1628 οἱ
2289 1589 2325 1628 δὲ
2346 1590 2442 1628 πλα-
2500 1581 2501 1587 ’

1397 1650 1543 1700 νώμενοι
1562 1649 1641 1702 περὶ
1659 1649 1716 1687 τὸν
1738 1654 1797 1688 τοῦ
1816 1649 1986 1701 ζῳδιακοῦ
2004 1648 2088 1700 πρὸς
2103 1649 2206 1700 ὀρθὰς
2224 1648 2308 1688 ὄντα
2342 1650 2437 1703 αὐτῷ

1398 1709 1709 1761 ἄξονα,ἀπε’χουσι
1739 1708 1774 1746 δὲ
1798 1708 1961 1754 ἀλλήλων
1979 1707 1999 1747 ὅ
2017 1723 2053 1746 τε
2083 1709 2154 1746 τῶν
2182 1709 2348 1747 ἀπλανῶν
2380 1708 2442 1747 καὶ
2506 1721 2508 1729 “

1396 1772 1464 1808 τῶν
1496 1768 1733 1819 πλανωμένων
1755 1766 1847 1812 ἄξων
1868 1765 2234 1818 πεντεκαιδεκαγώνου
2261 1767 2440 1822 πλευράν,
2494 1816 2497 1822 Α

1398 1827 1418 1866 ὅ
1454 1829 1527 1867 ἐστι
1555 1827 1673 1879 μοῖραι
1700 1826 1809 1865 εικοσι
1844 1825 2026 1879 τέσσαρες.
2015 1827 2045 1878 .)
2502 1823 2504 1827 ⁴

1453 1897 1508 1926 95.
1538 1885 1628 1936 Περὶ
1653 1885 1688 1924 δὲ
1723 1888 1785 1931 τ’ἧς
1812 1884 1942 1930 τάξεως
1977 1887 2104 1935 αὐτῶν,
2137 1885 2173 1926 ὃν
2209 1885 2274 1937 μὲν
2313 1885 2442 1940 τρόπον
2509 1895 2512 1931 j

1397 1947 1543 1985 ἕκαστον
1558 1951 1671 1984 κεῖται
1685 1961 1735 1983 τι)
1754 1944 1797 1982 τὰ
1819 1944 1882 1995 μὲν
1895 1937 1983 1983 εἰναι
2003 1945 2171 1998 πρότερα,
2186 1946 2230 1984 τὰ
2250 1946 2280 1984 δ’
2297 1945 2442 2000 ὕστερα,

1397 2005 1457 2044 καὶ
1477 2008 1551 2050 πῶς
1570 2004 1642 2057 ἔχει
1661 2004 1745 2058 πρὸς
1768 2004 1907 2052 ἄλληλα
1932 2005 2003 2049 τοῖς
2023 2004 2296 2056 ἀποστήμασιν,
2315 2005 2356 2044 ἐκ
2374 2021 2442 2044 των

1397 2080 1476 2117 περι
1497 2063 1725 2116 ἀστρολογίαν
1744 2062 1956 2116 θεωρείσθω·
1988 2061 2128 2114 λέγεται
2153 2063 2221 2116 γὰρ
2239 2065 2386 2108 ἱκανῶς.

1451 2123 1703 2175 (Aristoteles
1719 2123 1766 2161 de
1782 2123 1882 2160 coelo
1901 2121 1974 2162 lib.
1995 2121 2033 2159 ΙΙ
2053 2136 2139 2175 cap.
2161 2136 2207 2160 ιο
2223 2136 2264 2174 p.
2290 2136 2440 2173 291.a.

1399 2197 1460 2234 29-
1479 2183 1537 2221 ed.
1558 2184 1724 2223 Bekkei.
1743 2182 1966 2233 Simplicius
1987 2181 2055 2221 fol.
2083 2182 2155 2220 115
2192 2181 2262 2236 (cf.
2289 2181 2446 2222 Scholia

1396 2245 1437 2280 in
1459 2242 1620 2281 Alistot.
1653 2257 1689 2294 p.
1729 2247 1821 2292 497.
1849 2254 1885 2280 a,
1909 2241 1970 2282 ed.
2001 2240 2180 2281 Brandis.
2194 2243 2205 2294 )
2227 2244 2339 2280 ταῦτα
2361 2235 2443 2291 ουν,

1397 2301 1518 2374 ιρησίν,
1542 2302 1581 2340 ἐκ
1601 2303 1669 2339 τῶν
1679 2300 1759 2351 περὶ
1775 2299 2004 2352 ἀστρολογίαν
2020 2299 2229 2351 θεωρείσθω.
2287 2299 2360 2340 Καὶ
2376 2298 2444 2357 γὸιρ

1398 2362 1470 2398 ἐκεῖ
1490 2359 1570 2412 περὶ
1598 2361 1659 2406 τ’ἧς
1683 2357 1811 2403 τάξεως
1830 2359 1898 2395 τῶν
1932 2355 2170 2407 πλανωμένων
2190 2355 2252 2396 καὶ
2281 2356 2362 2408 περὶ
2381 2373 2444 2408 με·

1398 2420 1507 2469 γεθῶν
1537 2417 1598 2456 καὶ
1636 2416 1898 2467 ἀποστημάτων
1935 2414 2197 2468 ἀποδέδεικται,
2228 2414 2440 2468 Ἀναξιμάν-

1400 2478 1481 2527 δρου
1503 2475 1642 2529 πρώτου
1660 2476 1717 2515 τὸν
1739 2475 1823 2526 περὶ
1849 2476 2003 2526 μεγεθῶν
2023 2473 2083 2513 καὶ
2105 2473 2369 2526 ἀποστημάτων
2383 2474 2443 2514 λό-
2519 2511 2525 2530 <a

1397 2552 1456 2588 γον
1481 2535 1676 2588 εὖρηκότος,
1696 2537 1742 2578 ὡς
1764 2533 1928 2585 Εὔδημος
1955 2533 2100 2586 ἱστορεῖ,
2131 2531 2194 2581 τὴν
2223 2536 2291 2581 τῆς·
2315 2533 2443 2580 θέσεως

1398 2594 1494 2640 τάξιν
1521 2596 1566 2638 εἷς
1601 2593 1677 2637 τοὺς
1707 2593 1964 2647 Πυθαγορείους
1993 2591 2150 2645 πρώτους
2175 2588 2376 2646 ἀναφέρων·
2397 2593 2444 2634 τὰ
2519 2590 2525 2638 ,ἶ

1400 2654 1434 2693 δὲ
1455 2653 1582 2705 μεγέθη
1594 2654 1652 2692 καὶ
1666 2652 1744 2691 τὰ’
1725 2651 1962 2703 αποστήματα
1981 2652 2082 2701 ἡλίου
2097 2650 2158 2691 καὶ
2174 2653 2321 2701 σελήνης
2337 2652 2444 2707 μέχρι
2468 2685 2475 2692 ,
2504 2649 2512 2696 ’,

1399 2716 1457 2751 νῦν
1494 2714 1689 2765 ἔγνωσται,
1711 2712 1779 2752 ἀπὸ
1808 2714 1878 2750 τῶν
1904 2711 2116 2786 ἐκλείψεωνῗ
2119 2710 2182 2759 τὴν
2203 2710 2364 2764 ἀφορμὴν
2383 2715 2445 2760 τῆς
2511 2763 2514 2767 ¹

1398 2771 1630 2825 καταληψεως
1650 2771 1819 2811 λαὸόντα.
1880 2769 1953 2810 Καὶ
1972 2769 2062 2814 εἰκὸς
2092 2763 2135 2817 ην
2161 2772 2272 2807 ταῦτα
2304 2768 2443 2808 καὶτὸν

1398 2830 1668 2884 Ἀναξίμανδρον
1687 2830 1886 2884 ευρηκέναι,
1922 2829 1982 2868 καὶ
2003 2828 2137 2881 Ἑρμοῦ
2158 2827 2194 2867 δὲ
2216 2843 2277 2867 και
2309 2829 2441 2884 Ἀφρο-

1400 2889 1493 2938 δίτης
1522 2890 1592 2928 ἀπὸ
1626 2893 1690 2937 τῆς
1718 2889 1804 2943 πρὸς
1839 2888 1981 2933 τούτους
2012 2887 2230 2941 παραδολῆς,
2250 2881 2368 2942 ὦνπερ
2396 2889 2442 2928 τὰ
2502 2926 2506 2928 s

678 3019 733 3051 EX
754 3019 956 3053 HISTORIA

662 3102 853 3136 ASTROLO
858 3104 966 3136 GIGA.

336 3199 385 3230 2³4.
409 3196 551 3230 Videtur
577 3198 688 3229 autem
714 3197 898 3240 (Thales),
925 3200 964 3230 ut
995 3200 1204 3241 quorundam
1228 3202 1338 3243 opinio

297 3257 377 3296 sert,
396 3256 524 3299 primus
547 3256 759 3297 astrologia-m
788 3258 964 3296 tractasse,
983 3267 1022 3290 ac
1043 3259 1121 3292 solis
1141 3259 1340 3294 defectiones

294 3320 330 3346 et
347 3314 490 3348 solstitia
507 3315 718 3358 praetlixisse‚
738 3317 777 3348 ut
798 3315 845 3349 ait
864 3315 1034 3350 Eudemus
1056 3317 1091 3350 in
1113 3328 1152 3352 ea
1174 3329 1276 3363 quam
1298 3319 1341 3352 de

294 3374 471 3418 astrologia
486 3373 632 3417 scripsit,
651 3374 799 3408 historia.

335 3433 508 3468 Thaletem
522 3435 634 3467 autem
649 3433 820 3467 Eudemus
834 3433 868 3467 in
881 3433 1029 3468 historiis
1041 3436 1245 3478 astrologicis
1261 3436 1342 3469 dicit

294 3493 490 3536 praedixisse
504 3493 670 3527 defectum
688 3493 765 3526 solis
781 3493 839 3536 qui
854 3493 921 3526 fuit
938 3503 977 3527 eo
994 3495 1158 3537 tempore,
1173 3504 1240 3537 quo
1256 3495 1342 3528 inter

1399 3029 1433 3053 se
1448 3028 1592 3062 pugnam
1614 3028 1806 3052 conseruere
1838 3018 1926 3052 Medi
1951 3020 1985 3051 et
2009 3017 2108 3061 Lydi,
2136 3019 2293 3061 regnante
2309 3016 2446 3062 quidem
2498 3005 2511 3012 ν

1400 3084 1547 3126 Gyaxare
1561 3084 1654 3125 patre
1674 3082 1825 3125 Astyagis
1844 3081 1879 3114 in
1896 3080 2005 3115 MedIa
2025 3091 2032 3113 :
2050 3081 2181 3124 Alyatte
2198 3082 2312 3116 autem
2324 3079 2440 3121 crasi,
2487 3079 2512 3130 γ’,

1399 3148 1433 3180 in
1454 3148 1568 3190 Lydia.
1587 3147 1628 3180 Ei
1651 3156 1730 3181 vero
1748 3146 1899 3189 congruit
1918 3145 2108 3180 Herodotus
2122 3154 2256 3190 quoque
2271 3145 2307 3179 in
2321 3143 2444 3189 primu.
2480 3136 2494 3178 f
2526 3193 2528 3202 .

1401 3214 1485 3246 Sunt
1509 3215 1620 3247 autem
1649 3221 1688 3247 ea
1716 3214 1864 3255 tempora
1889 3211 1976 3245 circa
1994 3210 2299 3255 quinquagesimam
2325 3210 2445 3253 Olym·
2487 3198 2491 3202 i

1400 3278 1542 3321 piadem.
1938 3270 1941 3274 ”
2487 3256 2491 3266 1

1442 3353 1494 3383 95.
1518 3351 1568 3383 De
1583 3348 1698 3382 ordine
1722 3357 1800 3382 vero
1829 3347 2016 3387 stellarum,
2041 3346 2207 3391 quomodo
2220 3355 2362 3391 qumque
2381 3344 2435 3382 ool-

1401 3421 1508 3454 locata
1540 3420 1600 3459 sit,
1634 3421 1674 3453 ut
1697 3417 1770 3453 aliae
1799 3418 1865 3452 sint
1889 3417 2031 3463 priores,
2065 3418 2140 3452 aliae
2166 3417 2382 3462 posteriores,
2410 3418 2444 3450 et
2504 3464 2509 3467 Ἴ

1404 3493 1567 3532 quantum
1593 3489 1777 3537 interval-lis
1795 3489 1970 3532 disjunctae
2002 3489 2093 3523 inter
2123 3498 2159 3524 se
2183 3488 2330 3528 distent,
2352 3484 2443 3520 exiis
2459 3469 2511 3514 4
