2508 3776
632 173 934 216 ETHICORUM
963 170 1411 216 NICOMACHEORUM
1439 173 1821 219 PARAPHRASIS.

2241 189 2326 230 549

159 259 373 312 ὃὲάλλήλων
405 263 487 300 κατ’
509 254 596 308 εἶδος
611 278 619 288 ·
642 264 681 303 οὗ
701 266 806 303 τοῦτο
825 264 861 303 δὲ
885 263 1010 317 μόνον,
1032 264 1126 303 ἀλλὰ
1147 263 1208 303 καὶ
1274 268 1382 310 specie
1404 269 1490 301 inter
1517 280 1551 303 se
1583 270 1746 306 differunt
1774 286 1782 306 :
1807 284 1916 318 neque
1937 276 2001 311 hoc
2027 279 2178 320 tantum,
2208 282 2266 315 sed
2293 284 2326 316 in

158 321 195 360 ἒν
211 319 345 374 ἑκάστῃ
366 322 437 360 τῶν
455 324 570 375 φορῶν
585 321 716 362 τούτων
738 324 888 378 διάφορα
904 324 979 372 εἴδη
993 324 1126 377 γίνεται
1142 326 1208 378 βα-

20 420 23 429 ,
158 375 294 424 δόσεως.
320 379 367 419 Οἱ
387 378 455 432 γὰρ
470 379 544 434 ὅροι
558 381 739 436 διάφοροι,
760 382 800 421 τὸ
819 383 926 422 πόθεν
940 413 950 433 ,
966 382 1028 422 καὶ
1041 385 1118 422 ποῖ·
1139 385 1208 422 τῶν

20 476 22 483 γ
90 437 96 443 ”
154 436 247 491 ὅρων
265 436 303 478 δὲ
314 436 489 491 διαφόρων
501 439 612 479 ὄντων
624 470 634 487 ,
658 439 807 494 διάφορα
827 441 888 480 καὶ
907 441 953 481 τὰ
973 441 1049 490 εἴδη
1068 443 1131 489 τῆς
1145 443 1209 493 βα-

155 495 296 542 δίσεως·
319 500 380 546 τῆς
397 496 466 551 γὰρ
485 500 520 537 ἐν
533 501 586 552 τῷ
607 499 740 552 σταδίῳ
759 499 930 552 βαδίσεως
948 499 989 539 τὸ
1011 499 1115 553 μέρος
1133 501 1208 538 δια-

155 554 280 611 φόρους
299 555 374 611 ἔχει
391 556 470 601 τοὺς
494 557 595 612 ὅρους
614 558 699 611 πρὸς
714 558 778 604 τὴν
800 558 885 608 ὅλην
904 558 1045 612 βάδισιν
1061 574 1071 583 ·
1090 558 1151 597 καὶ
1171 559 1208 598 οὗ

155 615 260 666 μόνον
281 615 367 670 πρὸς
388 616 452 665 τὴν
470 617 578 666 ὅλην,
601 616 695 657 ἀλλὰ
720 618 782 657 καὶ
803 618 890 671 πρὸς
909 619 955 658 τὰ
975 617 1084 658 λοιπὰ
1099 619 1206 671 μέρη.

154 673 200 715 Εἰ
219 675 288 730 γὰρ
303 675 359 724 εἴη
385 679 408 725 ἡ
430 676 568 730 βάδισις
590 676 657 725 ὅλη
679 676 750 716 ἀπὸ
769 681 830 716 τοῦ
848 677 882 716 α’
905 678 962 717 ἐπὶ
980 677 1020 717 τὸ
1040 678 1069 726 ε’,
1096 679 1119 725 ἡ
1139 677 1208 716 ἀπὸ

144 739 216 775 ’τοῦ
235 735 268 775 α’
287 734 349 775 ἐπὶ
367 734 408 775 τὸ
427 734 462 788 γ’
485 736 647 789 διάφορος
669 734 712 774 ἂν
727 736 780 784 εἴη
802 736 895 775 κατὰ
916 735 996 782 τοὺς
1013 736 1129 790 ὅρους,
1146 739 1208 784 τῆς

153 809 192 833 τε
204 793 301 845 ὅλης,
319 793 380 834 καὶ
398 797 462 842 τῆς
479 795 551 834 ἀπὸ
569 799 631 834 τοῦ
649 794 683 847 γ’
699 794 757 834 ἐπὶ
774 794 814 834 τὸ
834 794 878 843 δ’,
899 794 960 834 καὶ
983 797 1046 842 τῆς
1063 794 1134 834 ἀπὸ
1148 799 1208 834 τοῦ

153 851 254 893 δ’ἐπὶ
269 853 364 902 τὸζ’,
381 852 444 893 καὶ
461 852 516 894 ἔτι
534 857 604 902 τῆς
616 853 687 893 ἀπὸ
702 857 765 892 τοῦ
783 852 810 900 ζ’
833 853 891 892 ἐπὶ
905 854 946 894 τὸ
963 853 1002 893 ε’.
1021 853 1206 907 Διαφόρων

153 910 319 955 δὲὸντων
345 914 415 952 τῶν
441 913 552 966 ὅρων,
585 912 646 952 καὶ
669 912 774 952 αὐταὶ
805 913 965 967 διάφοροι
991 911 1033 951 ἂν
1063 908 1131 952 εἶεν
1157 915 1206 966 τῷ

151 970 249 1013 εἴδει.
269 972 315 1012 Εἰ
329 971 400 1046 γὰρ
411 972 584 1026 γραμμὴν
595 972 753 1022 ὴὲκάστη
771 972 906 1026 βάδισις
922 971 1146 1025 διεπορεύετο
1163 980 1177 997 ⁰
1189 1004 1200 1022 ‚

150 1030 216 1083 τὴν
231 1031 342 1082 αὐτὴν
360 1047 467 1072 ουσαν
500 1035 551 1085 τῷ
571 1031 668 1081 εἴδει,
691 1033 780 1073 ἄλλο
799 1028 852 1081 ἧν·
874 1032 952 1072 ἀλλ’
971 1032 1049 1072 ἐπεὶ
1071 1033 1203 1081 ἑκάστη

149 1090 300 1146 γραμμὴ
322 1093 358 1131 ἐν
375 1091 474 1146 τόπῳ
508 1091 601 1131 ἐστίν
613 1122 625 1144 ‚
659 1093 690 1131 οἳ
727 1091 763 1131 δὲ
796 1092 898 1132 τόποι
930 1091 1112 1147 διάφοροι,
1147 1091 1205 1131 διὰ

149 1152 254 1190 τοῦτο
273 1149 431 1204 διάφοροί
453 1153 539 1189 εἰσιν
562 1152 599 1189 αἱ
619 1149 784 1198 κινήσεις.
809 1149 900 1195 Τοὺς
931 1150 993 1202 μὲν
1021 1145 1079 1190 οῧν
1102 1147 1204 1204 ἀὶιρι-

150 1208 224 1254 ὄεῗς
248 1209 328 1262 περὶ
363 1211 532 1258 κινήσεως
566 1210 688 1263 λόγους
724 1211 758 1249 ἐν
790 1209 910 1254 ἄλλοις
943 1210 1201 1262 ἐποιησάμεθα.

148 1269 266 1309 Τοῦτο
285 1267 322 1308 δὲ
339 1262 442 1319 μόνον
472 1270 623 1308 ἐνταῦθα
646 1271 756 1307 εἰπεῖν
778 1270 992 1320 ἀναγκαῖον,
1015 1268 1068 1308 ὅτι
1085 1270 1148 1309 οὐκ
1167 1270 1202 1308 ἐν

148 1327 255 1368 παντὶ
271 1327 388 1382 χρόνῳ
406 1328 524 1367 τελεία
545 1328 639 1368 ἐστὶν
657 1332 680 1376 ἡ
710 1327 864 1377 κίνησις,
896 1328 974 1368 ἀλλ’
994 1331 1029 1368 ἐν
1048 1331 1098 1382 τῷ
1115 1328 1199 1382 ὅλῳ.

148 1389 197 1430 Αἱ
213 1387 300 1427 δὲέν
317 1392 389 1431 τοῖς
409 1387 532 1442 μέρεσι
552 1391 615 1427 τοῦ
633 1387 714 1427 ὅλου
729 1387 858 1441 χρόνου
882 1388 1036 1436 κινήσεις
1069 1389 1204 1434 ἀτελεῖς

148 1448 240 1496 εἶσι,
266 1445 327 1486 καὶ
351 1446 572 1501 διαφέρουσιν
612 1446 777 1495 ἀλλήλων
814 1449 864 1501 τῷ
898 1446 983 1486 εἴδει
997 1460 1005 1469 ·
1036 1447 1134 1501 εἴπερ
1171 1449 1203 1487 οἱ

149 1505 222 1560 ὅροι
240 1508 303 1553 τῆς
319 1505 490 1554 κινήσεως
506 1505 547 1545 τὸ
563 1507 665 1546 πόθεν
690 1506 750 1545 καὶ
772 1512 851 1556 ποῖ,
869 1505 934 1554 τὴν
955 1506 1092 1556 κίνησιν
1114 1508 1202 1546 εἰδο-

147 1568 300 1606 ποιοῦσι.
323 1567 399 1612 Τῆς
425 1565 462 1605 δὲ
482 1567 609 1614 ἡδονῆς
625 1565 666 1604 τὸ
686 1562 774 1611 εἶδος
795 1567 831 1604 ἐν
848 1569 979 1620 ὁτῳοῦν
1007 1566 1124 1620 χρόνῳ
1143 1567 1202 1605 τέ-

146 1623 238 1666 λειόν
251 1626 340 1665 ἐστι.
364 1623 526 1676 Φανερὸν
542 1624 656 1664 τοίνυν
668 1655 679 1675 ,
698 1623 751 1664 ὅτι
769 1627 792 1672 ἡ
806 1625 936 1677 ἡδονή,
957 1625 1019 1665 καὶ
1031 1628 1053 1672 ἡ
1067 1625 1202 1673 κίνησις

146 1683 266 1739 ἔτεραί
278 1685 366 1724 εἰσιν
386 1685 551 1732 ἀλλήλων
564 1698 572 1707 ·
587 1685 647 1724 καὶ
669 1688 690 1732 ἡ
710 1684 774 1736 μὲν
789 1685 897 1733 ἡδονὴ
918 1684 998 1724 ὅλον
1011 1701 1044 1723 τι
1059 1685 1120 1724 καὶ
1139 1685 1200 1724 τέ-

145 1743 240 1783 λειον
257 1745 352 1784 ἔστιν
365 1772 376 1792 ,
393 1746 416 1791 ἡ
431 1743 467 1782 δὲ
483 1743 617 1790 κίνησις
639 1745 702 1783 οὐκ
734 1746 768 1782 ἐν
789 1744 896 1783 παντὶ
916 1743 1033 1798 χρόνῳ
1056 1743 1176 1783 τελεία
1189 1775 1201 1797 ,

145 1802 208 1843 καὶ
228 1803 283 1842 ὅτι
293 1802 432 1851 κίνησιν
453 1802 517 1855 μὲν
533 1802 616 1842 ἄνευ
635 1803 762 1856 χρόνου
782 1805 847 1843 οὐκ
867 1803 1048 1856 ἐνδέχεται
1065 1804 1081 1828 ‘¹
1095 1798 1201 1853 εἶναι,

143 1861 272 1911 ἡδονὴν
292 1861 329 1902 δὲ
359 1862 519 1903 δυνατόν.
558 1862 632 1902 Καὶ
655 1862 724 1916 γὰρ
754 1864 789 1901 ἐν
811 1862 875 1913 μὲν
895 1865 945 1915 τῷ
973 1866 1032 1901 νῦν
1059 1863 1120 1901 καὶ
1152 1866 1201 1916 τῷ

145 1922 269 1976 ἀτόμῳ
288 1923 327 1962 οὗ
349 1922 494 1962 δυνατὸν
515 1926 715 1971 κινηθῆναι,
731 1925 883 1971 ἡσθῆναι
900 1922 935 1962 δὲ
959 1921 1105 1962 δυνατὸν
1116 1922 1201 1973 ὅλην

142 1982 206 2023 καὶ
221 1981 361 2022 τελείαν
377 1981 519 2030 ἡδονήν.
556 2027 563 2034 ,

199 2041 217 2059 ”
233 2041 302 2083 Ἐκ
313 2041 447 2082 τούτων
467 2042 503 2083 δὲ
519 2043 638 2092 δῆλον,
657 2041 710 2080 ὅτι
726 2043 766 2081 οὐ
779 2041 883 2093 μόνον
898 2043 962 2081 οὐκ
979 2040 1053 2080 ἔστι
1064 2041 1200 2091 κίνησις

95 2102 100 2106 ”
141 2103 167 2149 ἡ
190 2100 321 2150 ἡδονή,
354 2099 435 2141 ἀλλ’
451 2101 530 2142 οὐδὲ
557 2101 703 2154 γένεσις.
732 2103 786 2141 Οὐ
807 2101 875 2155 γὰρ
913 2101 1055 2140 πάντων
1081 2102 1201 2147 ἅπλῶς

140 2159 276 2212 γένεσίς
294 2162 388 2201 ἔστιν
400 2190 411 2212 ‚
434 2160 527 2200 ἀλλὰ
548 2163 618 2200 τῶν
633 2164 813 2213 μεριστῶν
832 2160 894 2200 καὶ
919 2159 968 2212 μὴ
987 2160 1078 2199 ὅλων
1090 2190 1100 2208 ,
1123 2161 1198 2199 ἐπεὶ

142 2219 232 2272 μηδὲ
253 2219 408 2273 ὁράσεώς
426 2222 501 2260 ἐστι
520 2219 672 2272 γένεσις,
689 2219 768 2260 οὐδὲ
789 2223 942 2272 στιγμῆς
955 2251 965 2271 ,
989 2219 1068 2258 οὐδὲ
1090 2220 1208 2271 μονά·

141 2279 218 2324 δας·
238 2279 293 2319 ὅτι
306 2278 386 2319 ὅλον
409 2296 443 2319 τι
465 2279 616 2319 ἕκαστον
639 2281 752 2319 αὐτῶν
770 2281 860 2329 ἐστι,
884 2279 945 2319 καὶ
957 2281 996 2318 οὐ
1021 2279 1198 2333 μεριστόν,

139 2338 221 2379 οὐδὲ
236 2339 355 2394 χρόνῳ
373 2339 445 2380 ἀπὸ
475 2343 536 2379 τοῦ
560 2341 712 2386 ἀτελοῦς,
732 2339 791 2379 ἐπὶ
812 2340 852 2379 τὸ
880 2340 1011 2379 τέλειον
1031 2338 1193 2392 ἔρχεται,

140 2399 219 2439 ἄλλ’
242 2401 279 2438 ἐν
298 2401 433 2453 ὁτῳοῦν
453 2398 572 2454 χρόνῳ
589 2399 669 2439 ὅλον
689 2415 723 2438 τι
744 2400 806 2439 καὶ
823 2399 956 2439 τέλειον
978 2398 1127 2439 ἕκαστον
1141 2401 1199 2438 αὖ·

139 2460 210 2506 τῶν
230 2459 341 2508 ἐστιν.
363 2456 417 2499 “H
434 2467 500 2498 τεε
519 2459 588 2511 γὰρ
609 2459 718 2508 μονὰς
752 2462 791 2499 οὗ
809 2459 849 2498 τὸ
882 2458 945 2511 μὲν
966 2459 1084 2498 τελεία
1104 2459 1193 2508 ἐστί,

138 2517 181 2558 τὸ
201 2518 240 2558 δᾶ
257 2517 409 2571 ἀτελής,
431 2519 493 2558 καὶ
512 2522 564 2574 τῷ
581 2519 698 2573 χρόνῳ
714 2521 929 2567 τελειοῦται,
953 2519 1030 2559 οὔτε
1054 2521 1075 2566 ἡ
1095 2535 1192 2570 στιγ-

138 2578 190 2630 μὴ
203 2592 214 2603 ·
230 2577 272 2618 τό
291 2594 330 2618 τε
346 2581 454 2632 ίδρὸζίν
475 2580 511 2618 ἐν
527 2579 637 2618 παντὶ
666 2578 766 2632 μέρει
786 2583 847 2618 τοῦ
875 2578 1018 2632 χρόνου,
1050 2578 1127 2617 καθ’
1156 2578 1194 2618 ὃν

138 2639 297 2691 ὁρῶμεν,
325 2637 460 2678 τέλειόν
496 2639 589 2677 ἐστι·
622 2637 683 2676 καὶ
717 2636 807 2682 ὅλως
843 2637 962 2685 πάσης
999 2637 1195 2686 αἰσθήσεως

137 2697 294 2751 ἐνέργεια
313 2696 400 2751 πρὸς
432 2698 471 2736 τὸ
494 2699 621 2736 οἰκεῖον
644 2697 809 2744 αἰσθητὸν
845 2695 1051 2749 ἐνεργούσης
1076 2696 1194 2736 τελεία

137 2756 233 2796 ἔστὶν
253 2758 289 2796 ἕν
302 2757 408 2796 παντὶ
423 2756 521 2809 με’ρει
545 2760 602 2795 τοῦ
624 2757 765 2809 χρόνου.

193 2815 367 2868 (Scripsi
388 2847 397 2855 .
420 2821 436 2839 ⁸
451 2815 678 2864 κατασκευή]
709 2817 798 2855 cod.
820 2815 1037 2864 κατασκεύη.
1053 2839 1107 2846 -—
1126 2815 1142 2840 b
1160 2821 1189 2857 εἰ

133 2876 203 2929 γὰρ
222 2874 419 2930 γραμμὴν]
447 2877 536 2915 cod.
567 2877 596 2914 εἰ
616 2875 684 2929 γὰρ
710 2875 771 2914 καὶ
791 2870 980 2928 γραμμὴν.
1017 2899 1072 2907 -
1091 2883 1105 2899 ⁰
1121 2878 1190 2916 διε-

134 2934 322 2989 ττορεόετο]
357 2937 446 2975 cod.
480 2934 726 2988 διαπορεύεται
746 2935 763 2959 ‘¹
805 2959 857 2968 -
886 2937 950 2974 οὐκ
985 2936 1191 2992 ἐνδέχεται]

134 2995 223 3035 cod.
249 2995 316 3048 οὐχ
342 2995 535 3049 ἐνδέχεται.
572 3017 627 3025 -
646 2997 660 3014 ⁰
683 2994 734 3035 Ἥ
764 2995 832 3048 τε]
862 2996 984 3046 vulgo
1010 2994 1117 3036 Ἥτε.
1141 3019 1194 3028 -

134 3051 149 3077 ¹
160 3052 201 3094 τό
219 3054 291 3108 τε]
307 3054 430 3106 vulgo
449 3054 501 3104 τό,
515 3054 640 3108 τε.-)

575 3146 666 3198 Κεφ.
705 3144 748 3185 δ’.

238 3235 314 3277 Περὶ
328 3238 398 3274 τοῦ,
415 3234 464 3267 ὅτι
481 3237 590 3267 πᾶσαν
607 3235 766 3276 ἐνέργειαν
782 3234 905 3268 τελειοῖ
923 3237 943 3273 ἡ
969 3235 1081 3273 ἡδονή.

186 3313 220 3331 *¹*
232 3313 388 3353 Ἔπεται
408 3311 444 3352 δὲ
459 3319 535 3358 ταῖς
553 3313 741 3365 ἐνεργείαις
762 3316 823 3360 τῆς
836 3312 1030 3360 αἰσθήσεως
1046 3312 1106 3351 καὶ
1126 3317 1189 3361 τῆς
1216 3339 1223 3362 ,

1274 326 1411 369 singulis
1443 329 1546 362 etiam
1577 331 1631 364 his
1656 332 1719 365 loci
1746 335 1986 370 mutationibus
2011 338 2154 373 diversae
2178 340 2340 376 incessus

1273 387 1399 428 species
1427 388 1602 423 exsistunt.
1625 391 1719 425 Unde
1745 393 1833 427 enim
1860 397 1894 427 et
1915 406 1983 438 quo
2009 397 2135 432 diversi
2154 404 2232 434 sunt
2254 405 2326 436 ter-

1272 445 1355 479 mini
1383 455 1391 474 :
1417 446 1540 481 diversi
1560 452 1672 483 autem
1694 461 1799 494 quum
1825 453 1892 487 sint
1909 457 2056 498 termini,
2073 458 2215 494 diversae
2238 471 2325 504 quo-

1271 515 1339 549 que
1357 506 1506 540 incessus
1522 510 1647 550 species
1665 512 1831 546 exsistunt
1848 526 1856 547 :
1872 515 1996 548 scilicet
2009 526 2086 559 pars
2106 519 2196 553 illius
2213 522 2272 564 qui
2292 523 2326 555 in

1273 564 1381 598 stadio
1412 568 1464 600 est
1491 568 1639 602 incessus
1657 570 1808 605 diversos
1826 573 1869 606 ad
1896 576 2006 608 totum
2026 576 2193 612 incessum
2222 580 2326 614 habet

1273 624 1432 658 terminos
1462 640 1470 659 ε
1497 637 1603 670 neque
1624 630 1730 663 solum
1757 631 1800 664 ad
1830 634 1949 673 totum,
1969 635 2029 668 sed
2055 637 2156 670 etiam
2184 639 2225 671 ad
2251 640 2325 673 reli-

1271 692 1357 726 quas
1370 687 1493 727 partes.
1515 687 1551 720 Si
1570 688 1657 720 enim
1675 691 1766 722 totus
1788 690 1938 725 incessus
1959 696 2100 729 essetab
2118 698 2145 729 Α
2157 697 2199 730 ad
2209 699 2247 737 Ε,
2266 699 2325 741 qui

1271 745 1312 778 ab
1329 748 1355 778 Α
1378 747 1420 780 ad
1438 749 1466 781 G
1487 751 1585 790 esset,
1605 752 1676 783 tum
1700 761 1719 783 a
1737 754 1816 791 toto,
1840 755 1912 786 tum
1947 755 1989 788 ab
2014 766 2052 789 eo
2071 758 2130 799 qui
2146 768 2165 791 a
2182 760 2210 792 G
2233 759 2275 791 ad
2293 761 2323 792 D

1270 807 1368 844 esset,
1394 805 1546 839 differret
1582 807 1741 847 terminiS,
1766 812 1837 842 tum
1856 811 1897 843 ab
1911 821 1950 844 eo
1968 813 2027 855 qui
2043 823 2062 845 a
2081 815 2110 845 D
2127 814 2169 847 ad
2182 817 2216 853 Z,
2238 817 2271 848 et
2285 815 2326 848 ab

1269 875 1308 899 eo
1327 866 1385 908 qui
1400 877 1419 899 a
1435 869 1458 899 Z
1472 867 1514 900 ad
1529 870 1568 901 Ε.
1588 870 1700 908 Quum
1714 874 1826 904 autem
1837 871 1959 906 diversi
1985 874 2051 906 sint
2070 875 2212 913 termini.
2238 876 2327 918 ipsos

1271 938 1404 971 quoque
1430 930 1538 971 specie
1570 930 1659 964 inter
1687 941 1722 965 se
1744 932 1880 966 differre
1911 938 2064 977 apertum
2084 939 2147 970 est.
2178 938 2212 972 si
2237 938 2325 971 enim

1270 990 1389 1032 singuli
1406 991 1555 1025 incessus
1575 993 1696 1026 lineam
1723 995 1830 1037 specie
1858 996 1997 1029 eandem
2017 998 2207 1037 transirent,
2233 999 2324 1032 aliud

1268 1055 1356 1086 esset
1374 1067 1381 1086 :
1397 1063 1503 1096 quum
1514 1064 1593 1087 vero
1613 1055 1647 1088 in
1663 1057 1734 1088 loco
1763 1058 1875 1099 aliquo
1891 1059 2028 1101 singulae
2047 1060 2112 1093 sint
2138 1061 2243 1100 lineae,
2262 1062 2324 1094 toci

1268 1118 1382 1149 autem
1405 1116 1471 1149 sint
1496 1116 1630 1156 diversi,
1662 1117 1736 1150 ideo
1770 1118 1893 1151 diversi
1928 1130 2062 1164 quoque
2093 1124 2171 1154 sunt
2199 1125 2323 1155 motus.

1269 1179 1435 1212 Caeterum
1458 1178 1500 1211 de
1528 1181 1621 1212 motu
1639 1179 1806 1213 subtiliter
1829 1181 1862 1213 in
1894 1182 1967 1214 aliis
1992 1183 2086 1216 libris
2104 1194 2124 1216 a
2144 1184 2239 1217 nobis
2258 1184 2325 1217 dis-

1266 1243 1422 1284 putatum
1446 1244 1508 1274 est.
1539 1241 1627 1274 lltud
1654 1244 1784 1275 tantum
1811 1243 1867 1276 hic
1895 1243 2005 1277 dicere
2028 1254 2161 1278 necesse
2175 1248 2236 1284 est,
2260 1256 2324 1278 non

1266 1304 1355 1337 omni
1372 1306 1519 1346 tempore
1541 1303 1727 1346 perfectum
1747 1314 1820 1338 esse
1850 1308 1991 1346 motum,
2017 1307 2076 1340 sed
2103 1308 2138 1340 in
2157 1310 2239 1341 toto.
2259 1307 2323 1347 Qui

1266 1368 1380 1400 autem
1407 1365 1441 1398 in
1469 1365 1620 1408 partibus
1656 1367 1816 1409 temporis
1842 1368 1947 1401 totius
1977 1371 2055 1402 sunt
2087 1372 2210 1409 motus,
2245 1371 2322 1402 sunt

1267 1426 1463 1470 imperfecti,
1486 1427 1660 1469 specieque
1675 1427 1762 1460 inter
1779 1437 1814 1461 se
1833 1428 2012 1462 differunt:
2030 1430 2195 1473 siquidem
2213 1433 2323 1464 motus

1265 1489 1370 1531 ipsius
1386 1488 1538 1527 termini,
1559 1488 1647 1522 unde
1670 1488 1825 1522 videlicet
1853 1491 1887 1522 et
1915 1500 1995 1533 quo,
2015 1491 2142 1533 species
2156 1491 2319 1524 efficiunt.

1265 1551 1455 1594 Voluptatis
1487 1560 1566 1584 vero
1598 1551 1726 1593 species
1755 1552 1877 1594 quovis
1902 1554 2051 1596 tempore
2082 1555 2133 1587 est
2160 1553 2318 1596 perfecta.

1264 1612 1360 1646 Unde
1373 1614 1521 1655 apparet,
1540 1612 1747 1654 voluptatem
1770 1615 1966 1656 motumque
1981 1614 2067 1648 inter
2087 1625 2123 1648 se
2148 1614 2287 1649 differre
2301 1627 2312 1648 .·

1264 1678 1298 1709 et
1331 1675 1486 1718 voluptas
1517 1675 1676 1717 quidem,
1700 1677 1926 1718 praeterquam
1955 1676 2045 1719 quod
2084 1676 2229 1719 perfecta
2257 1679 2321 1719 est,

1265 1740 1336 1770 tota
1358 1740 1420 1778 est,
1446 1740 1559 1770 motus
1582 1747 1661 1770 vero
1686 1747 1751 1770 non
1777 1739 1866 1771 omni
1896 1741 2043 1781 tempore
2067 1741 2118 1772 est
2140 1739 2318 1782 perfectus,

1269 1798 1387 1831 deinde
1410 1799 1480 1832 sine
1500 1801 1649 1841 tempore
1675 1800 1803 1831 motum
1832 1809 1904 1832 esse
1929 1809 1994 1833 non
2009 1809 2104 1842 posse
2120 1801 2235 1844 liquet,
2260 1811 2321 1833 vo-

1265 1861 1429 1903 luptatem
1458 1870 1564 1903 posse.
1586 1863 1624 1894 In
1650 1860 1806 1903 praesenti
1833 1861 1920 1894 enim
1951 1863 1984 1894 et
2009 1862 2167 1904 temporis
2193 1864 2317 1904 puncto

1263 1923 1391 1956 moveri
1412 1923 1495 1956 nihil
1512 1925 1631 1966 potest,
1653 1925 1763 1966 potest
1781 1932 1861 1956 vero
1887 1923 2009 1966 aliquis
2025 1925 2095 1956 tota
2112 1925 2146 1957 et
2167 1924 2314 1966 perfecta

1264 1983 1438 2026 voluptate
1462 1983 1628 2026 perfundi.

1305 2045 1356 2076 Ex
1382 2043 1435 2076 his
1463 2044 1675 2086 perspicuum
1703 2046 1766 2083 est,
1796 2052 1861 2076 non
1880 2043 1980 2076 modo
2000 2053 2064 2076 non
2084 2046 2214 2078 motum
2243 2055 2315 2079 esse

1263 2103 1484 2146 voluptatem,
1503 2103 1562 2136 sed
1587 2113 1628 2136 ne
1646 2105 1757 2136 ortum
1780 2102 1927 2145 quidem.
1948 2105 2063 2145 Neque
2077 2103 2165 2137 enim
2181 2105 2315 2137 omnino

1262 2162 1412 2196 omnium
1447 2172 1560 2195 rerum
1589 2165 1684 2195 ortus
1716 2164 1784 2200 est,
1810 2161 1869 2194 sed
1888 2157 2003 2194 earum
2043 2162 2208 2196 duntaxat
2241 2173 2318 2206 quae

1261 2221 1368 2255 dividi
1392 2223 1536 2264 possunt
1555 2223 1588 2254 et
1610 2230 1687 2263 quae
1703 2230 1768 2252 non
1788 2222 1865 2252 sunt
1894 2222 1985 2259 totae,
2012 2230 2118 2263 quum
2135 2231 2195 2254 nec
2210 2222 2314 2261 visus,

1261 2290 1322 2313 nec
1351 2280 1483 2323 puncti,
1513 2290 1620 2323 neque
1654 2280 1791 2313 unitatis
1833 2280 1876 2312 sit
1916 2282 2020 2318 ortus,
2061 2280 2142 2322 quia
2181 2281 2316 2314 illorum

1262 2339 1515 2383 unumquidque
1550 2342 1661 2372 totum
1687 2342 1748 2379 est,
1778 2350 1884 2383 neque
1915 2339 2021 2372 dividi
2049 2341 2178 2382 potest,
2207 2350 2316 2383 neque

1260 2399 1419 2442 temporis
1443 2408 1619 2441 progressu
1643 2399 1686 2432 ab
1700 2398 1892 2442 imperfecto
1913 2398 1948 2430 in
1976 2397 2162 2440 perfectum
2182 2399 2313 2439 transit,

1259 2459 1318 2492 sed
1343 2459 1463 2501 quovis
1487 2462 1635 2501 tempore
1660 2469 1775 2492 eorum
1800 2457 2055 2501 unumquidque
2085 2460 2193 2490 totum
2214 2461 2315 2501 atque

1259 2519 1423 2560 integrum
1443 2518 1603 2561 quiddam
1620 2520 1654 2551 et
1671 2518 1857 2561 perfectum
1882 2519 1943 2551 est.
1966 2519 2080 2559 Neque
2097 2517 2185 2550 enim
2201 2518 2314 2551 unitas

1260 2578 1381 2620 partim
1404 2577 1562 2620 perfecta,
1586 2578 1707 2620 partim
1724 2577 1917 2620 imperfecta
1943 2579 2006 2615 est,
2036 2586 2143 2619 neque
2161 2579 2309 2620 tempore

1258 2638 1438 2681 perficitur,
1462 2640 1499 2670 ut
1520 2647 1580 2670 nec
1614 2640 1805 2680 punctum:
1834 2637 1921 2670 sicut
1951 2636 2064 2669 videre
2094 2636 2127 2668 in
2159 2637 2310 2679 qualibet

1258 2698 1415 2740 temporis
1444 2700 1538 2740 parte
1561 2707 1629 2740 quo
1654 2698 1816 2736 videmus,
1843 2699 1894 2730 est
1927 2696 2112 2739 perfectum
2137 2709 2145 2728 2
2167 2696 2312 2739 denique

1257 2758 1435 2800 cujuslibet
1451 2767 1576 2797 sensus,
1595 2758 1654 2800 qui
1673 2758 1707 2790 in
1721 2757 1778 2790 illo
1790 2756 1880 2799 quod
1896 2756 1959 2789 sub
1976 2765 2054 2797 eum
2067 2764 2200 2789 sensum
2218 2757 2305 2790 cadit

1256 2822 1422 2861 operatur,
1439 2819 1473 2852 in
1485 2818 1634 2862 qualibet
1647 2818 1806 2862 temporis
1818 2819 1913 2861 parte
1930 2815 2078 2860 perfecta
2093 2818 2145 2850 est
2164 2816 2310 2849 muneris

1258 2878 1396 2911 functio.

1691 3170 1782 3202 CAP.
1804 3170 1860 3201 lv.

1381 3247 1508 3276 Omnem
1521 3248 1658 3276 muneris
1672 3247 1862 3276 functionem
1880 3255 1898 3276 a
1911 3248 2068 3282 voluptate
2081 3246 2197 3282 pertici.

1295 3319 1418 3351 Sensus
1439 3321 1552 3351 autem
1573 3318 1755 3351 efficaciam
1790 3319 1976 3360 mentisque
2005 3317 2216 3359 agitationem
2249 3327 2304 3350 se-

175 3431 194 3450 *
214 3433 271 3466 Ἐκ
291 3431 418 3465 τούτων
443 3431 477 3464 δὲ
497 3432 592 3471 δῆλον
606 3433 672 3464 κτλ.
699 3450 739 3455 -
761 3432 802 3450 *⁴¹
819 3432 1008 3471 Αἰσθησεως
1028 3432 1063 3465 δὲ
1080 3432 1187 3479 πάσης
1206 3431 1285 3475 πρὸς
1301 3433 1338 3466 τὸ
1355 3434 1511 3471 αἰσθητὸν
1531 3436 1598 3466 κτλ-
