2528 3788
287 231 362 267 254

284 319 319 358 ἓν
343 318 360 354 6
378 315 498 368 χρόνος
522 314 612 353 κατὰ
630 314 692 361 τὴν
728 314 905 367 συνέχειαν
932 315 1004 368 ἔχει
1023 318 1082 357 καὶ
1102 319 1140 357 οὗ
1165 319 1255 357 κατὰ
1276 319 1313 358 τὸ

284 378 419 426 ἀριθμῷ
447 372 572 425 κυρίως
596 372 644 420 ἕν,
677 376 722 416 ὡς
739 373 779 411 τὸ
799 375 1040 426 ὑποκείμενον.
1097 376 1142 416 Ὁ
1176 378 1211 415 δὲ
1241 378 1311 417 Εὕ-

282 433 388 482 δημός
401 447 503 484 φησιν
522 434 566 476 ὡς
577 434 594 469 ὁ
608 431 727 484 χρόνος
743 447 751 456 ’
769 432 846 471 οὐδὲ
860 433 925 486 γὰρ
940 439 960 483 ἠ
979 435 1173 484 ἀλλοίωσις,
1192 437 1309 489 φησίν,

281 491 455 541 ὑπομένει,
481 491 557 528 οὐδὲ
578 494 598 537 ἡ
620 491 719 543 φορά,
749 493 825 530 ἀλλ’
846 491 963 544 ὥσπερ
984 497 1001 532 6
1026 495 1146 547 χρόνος
1169 496 1313 549 ὑποῤῥεῒ

279 551 336 589 καὶ
357 551 444 596 ἄλλη
461 550 591 602 γίνεται
610 552 675 590 ἀεί.
731 550 794 590 Διὸ
812 554 861 604 τῷ
882 551 964 591 εἴδει
981 552 1016 591 ἓν
1046 557 1146 592 τοῦτο
1172 553 1308 606 ῥητέον,

279 610 354 647 ἀλλ’
374 611 411 647 06
436 611 483 662 τῷ
505 611 653 661 ἀριθμῷ.
680 611 723 649 Εἰ
741 609 877 660 μέντοι,
895 611 1021 665 φησίν,
1039 616 1056 652 6
1078 614 1311 665 Αριστοτέλης

278 666 346 705 ἀπὸ
366 671 427 714 τῆς
441 669 544 706 πάλιν
560 670 594 706 ἐν
606 669 701 720 ἄλλῳ
718 670 833 722 χρόνῳ
850 669 912 717 τὴν
934 670 1039 717 αὐτὴν
1060 671 1102 718 ἣν
1119 671 1307 718 ἀπέὸαλεν,

278 726 530 776 ἀναλαμὸάνει,
552 729 589 766 οὗ
609 727 748 766 λεκτέον
769 728 820 766 ἔτι
841 730 974 776 ταύτην
988 729 1069 780 μίαν
1087 732 1135 782 τῷ
1157 732 1308 782 ἀριθμῷ,

277 784 366 822 ἀλλὰ
388 786 521 835 μᾶλλον
541 788 590 838 τῷ
612 785 695 824 εἴδει
715 786 779 833 τὴν
802 787 949 839 αὐτήν.)

331 856 378 883 σο.
403 842 489 883 ιὶὈτι
511 843 546 882 δὲ
573 843 613 882 τὸ
650 848 707 884 νῦν
728 844 953 898 προκείμενον
989 846 1122 898 βιὸλίον
1151 849 1193 898 τῇ
1217 845 1310 890 τάξει

277 901 364 951 μετὰ
384 903 422 940 τὸ
442 903 600 952 πέμπτον
623 905 684 941 ε’στ
672 903 714 954 ί,
736 905 834 951 δηλοῖ
856 903 917 954 μὲν
936 905 996 942 καὶ
1020 904 1182 955 Εὔδημος
1202 905 1240 944 τὸ
1259 908 1307 943 τῶ

276 960 502 1012 Αριστοτέλει
516 955 582 999 ὧδε
599 962 778 1034 εἰρημένον
794 963 948 1016 συνάψας
961 969 1030 1007 τοῖς
1045 965 1079 1002 ἐν
1093 981 1142 1016 τῳ
1157 963 1308 1017 πέμπτῳ

277 1018 401 1072 βιὸλίῳ
425 1022 571 1072 ῥηθεῖσι,
608 1020 646 1058 τὸ
667 1020 754 1070 μηδὲ
756 1038 773 1058 ν
811 1037 879 1059 των
913 1024 1069 1074 συνεχῶν
1100 1023 1133 1067 ἐξ
1171 1025 1308 1075 ἀμερων

275 1078 485 1128 συγκεῖσθαι.
543 1078 615 1118 Και
646 1078 857 1131 Ἀνδρόνικος
887 1078 922 1117 δὲ
959 1080 1088 1127 ταύτην
1115 1080 1177 1127 τὴν
1215 1080 1307 1125 τάξιν

274 1136 405 1179 τούτοις
425 1143 492 1180 τοῖς
510 1137 656 1187 βιὸλίοις
683 1138 886 1178 ἀποδίδωσι.

329 1193 563 1246 (Simplicius
574 1195 717 1246 isagog.
735 1196 977 1243 libriV1,fol.
997 1210 1017 1234 2
1027 1197 1071 1234 16
1084 1212 1094 1244 3
1106 1197 1155 1237 cs.
1166 1197 1306 1236 Scholl.

273 1255 314 1293 in
336 1256 449 1294 Arist.
468 1269 506 1305 p.
533 1260 620 1299 404.
637 1254 676 1292 Ι).
696 1255 762 1295 ed.
777 1255 958 1294 Brandis
978 1255 989 1305 )

325 1328 372 1353 61.
399 1313 503 1352 Ἀλλὰ
527 1313 596 1363 μὴν
618 1314 689 1351 οὐδ’
719 1313 840 1366 ἐφεξῆς
873 1313 970 1352 ἔσται
976 1312 1137 1383 Μστιγμὴ
1162 1317 1307 1365 στιγμῆς

271 1373 293 1420 ἢ
323 1373 362 1412 τὸ
385 1376 440 1411 νῦν
460 1387 520 1410 του
540 1376 619 1418 νῦν,
646 1371 728 1409 ὥστ’
753 1373 791 1410 ἐκ
810 1371 939 1410 τούτων
966 1374 1053 1408 εἰναι
1082 1371 1121 1408 τὸ
1150 1386 1260 1420 μηκος
1285 1369 1306 1417 ἢ

270 1431 330 1470 τὸν
352 1431 490 1483 χρόνον.
548 1429 721 1482 Ἐφεξῆς
717 1429 777 1467 μὲν
798 1430 866 1482 γάρ
903 1431 994 1468 ἐστιν
1027 1422 1074 1466 ῶν
1102 1429 1211 1478 μηθέν
1233 1431 1307 1468 ἐστι

273 1489 400 1540 μεταξὺ
422 1487 601 1540 συγγενές,
624 1467 776 1539 στιγμῶν
814 1489 842 1525 δ’
861 1487 914 1526 ἀεὶ
937 1487 975 1525 τὸ
1010 1487 1137 1539 μεταξὺ
1158 1489 1305 1539 γραμμὴ

271 1548 329 1587 καὶ
349 1550 417 1586 τῶν
436 1551 493 1585 νῦν
513 1546 645 1599 χρόνος.

323 1606 564 1658 (Aristoteles
581 1605 696 1655 Phys.
720 1604 788 1643 lib.
822 1604 875 1642 Vl
895 1617 980 1655 cap.
1003 1604 1019 1641 l
1039 1609 1077 1655 ΡΣ
1098 1605 1188 1642 231.
1211 1604 1249 1644 Ι).
1265 1607 1302 1646 6.

270 1666 332 1705 ed.
356 1666 514 1704 Bekker.
537 1664 753 1714 Simplicius
788 1663 854 1702 fol.
879 1677 969 1711 217.
1002 1662 1122 1715 ἐφεξῆς
1140 1665 1234 1702 ἐστιν
1256 1659 1304 1703 ῶν

270 1724 365 1763 οὐδὲν
387 1723 514 1774 μεταξύ
542 1724 614 1761 ε’στι
643 1721 824 1775 συγγενές,
852 1723 898 1765 ὡς·
917 1721 1023 1759 οἰκίαι
1046 1720 1166 1774 ἐφεξῆς
1192 1723 1307 1770 ἀλλή-

271 1787 360 1832 λαις,
382 1778 429 1823 &iv
451 1783 500 1834 μή
525 1784 616 1821 ἐστιν
644 1782 736 1820 οἰκία
764 1796 816 1824 τις
846 1780 995 1831 μεταξύ,
1018 1780 1082 1818 κᾶν
1113 1780 1249 1833 δένδρον
1283 1782 1304 1827 ἢ

271 1845 355 1883 ἄλλο
380 1860 414 1882 τι
449 1842 575 1917 μεταξυ
611 1844 766 1893 τυγχάνῃ
790 1839 812 1887 ἢ
835 1839 938 1893 ἀργὸς
968 1839 1083 1883 τόπος.

272 1905 427 1954 στιγμῶν
447 1902 520 1940 ἐστί
535 1916 568 1939 τι
586 1899 728 1961 peristi)m
735 1899 893 1950 ὁμογενὲς
909 1899 1059 1973 γραμμὴ
1081 1899 1143 1938 καὶ
1159 1902 1227 1939 τῶν
1247 1917 1303 1939 νυν

271 1962 406 2013 χρόνος.
467 1959 664 2009 Συνάγεται
688 1962 747 1996 οὖν
780 1956 831 1995 ὅτι
851 1957 928 1996 οὔτε
956 1959 991 1995 αἱ
1014 1973 1066 1996 στι
1071 1958 1160 2010 γμαὶ
1183 1958 1303 2011 ἐφεξῆς

271 2022 356 2059 εἰσιν
378 2018 455 2058 οὔτε
474 2017 517 2056 τὰ
543 2021 613 2055 νῦν.
644 2016 753 2055 Και
739 2015 792 2055 ότι
814 2016 876 2065 μὲν
912 2015 1040 2066 μεταξὺ
1063 2017 1124 2054 δύο
1145 2021 1302 2068 στιγμῶν

271 2093 452 2129 πανταχου
471 2076 617 2129 γραμμή
638 2078 726 2125 ἐστι,
747 2074 806 2113 καὶ
826 2074 955 2125 μεταξὺ
977 2075 1068 2113 δυοῖν
1089 2078 1146 2112 νῦν
1164 2076 1301 2128 χρόνος,

271 2138 460 2189 πρόδηλον,
482 2152 554 2179 πως
569 2135 603 2173 δὲ
619 2133 784 2185 ὁμογενὴς
800 2137 822 2180 ἡ
837 2132 988 2206 γραμμὴ
1009 2133 1085 2177 ταῖς
1116 2140 1300 2186 στιγμαῖς·
1292 2166 1302 2185 ,

271 2193 293 2241 ἢ
317 2198 363 2239 ὡς
384 2193 490 2246 πέρας
507 2193 626 2231 ἐκείνω
651 2196 691 2231 ου
716 2193 789 2230 ἐστι
809 2191 926 2243 πέρας,
946 2193 991 2234 ὡς
1012 2193 1045 2230 ἐν
1068 2191 1226 2235 Ἠθικοῖς
1241 2193 1303 2239 τὴν

271 2253 397 2300 ἡδονὴν
419 2268 564 2304 συγγενη
586 2252 648 2298 τὴν
668 2249 796 2290 οἰκείαν
815 2249 917 2293 ἔδειξε
938 2253 979 2302 τῇ
996 2250 1150 2303 ἐνεργεία
1172 2246 1246 2298 ἧς’
1231 2268 1303 2290 εστι

271 2311 392 2363 πέρας.
450 2310 540 2348 Ἀλλ’
561 2312 590 2347 εἰ
610 2309 648 2348 τὸ
666 2309 727 2361 μὲν
748 2313 891 2358 σημεῖον
906 2307 1065 2358 ὁμογενὲς
1081 2312 1124 2360 τῇ
1136 2314 1300 2363 γραμμῇ,

271 2370 310 2408 τὸ
334 2370 369 2408 δὲ
385 2373 444 2407 νῦν
464 2371 512 2420 τῷ
533 2368 661 2421 χρόνῳ,
681 2366 773 2406 ποσὰ
791 2366 825 2405 δὲ
845 2369 866 2412 ἡ
888 2365 1036 2418 γραμμὴ
1054 2369 1114 2405 καὶ
1131 2369 1149 2404 ὁ
1170 2369 1303 2420 χρόνος,

271 2427 364 2467 ποσὰ
381 2427 420 2465 ἂν
438 2426 490 2474 εἴη
506 2427 565 2464 καὶ
586 2426 624 2465 τὸ
642 2432 783 2476 σημεῖον
807 2424 865 2462 καὶ
884 2425 923 2463 τὸ
942 2428 1014 2471 νῦν,
1037 2426 1066 2463 εἷ
1084 2424 1132 2475 μὴ
1149 2425 1216 2477 ἄρα
1237 2427 1303 2465 ὑπὸ

270 2486 311 2523 τὸ
331 2485 450 2531 ποσόν,
472 2485 531 2523 καὶ
557 2489 667 2523 ταῦτα
701 2486 745 2527 ὥς
773 2488 881 2522 ποσοῦ
910 2482 1061 2535 πέρατα.
1117 2482 1210 2523 εΥπέ)
1237 2484 1303 2537 γὰρ

271 2542 348 2581 τίνα
368 2542 407 2579 ἂν
429 2542 536 2588 ἄλλην
564 2542 615 2590 εἴη
641 2542 851 2594 κατηγορίαν
867 2571 877 2589 ,
900 2541 996 2594 εἴπερ
1019 2541 1087 2612 χρὴ
1109 2548 1177 2580 πᾶν
1199 2541 1238 2581 τὸ
1269 2545 1303 2581 ἐν

273 2602 464 2640 ὑποστάσει
480 2600 544 2638 υπό
561 2617 637 2638 τινα
652 2617 719 2639 των
743 2601 824 2639 δέκα
846 2603 1063 2653 κατηγοριῶν
1089 2603 1302 2653 ἀναχθηναι;

274 2659 346 2698 Καὶ
363 2660 391 2697 εἷ
412 2661 445 2697 ἐν
452 2658 574 2720 Νπαντὶ
610 2660 723 2712 χρόνῳ
741 2660 812 2698 ἐστὶ
830 2663 887 2698 νῦν
906 2660 965 2698 καὶ
985 2662 1019 2698 ἐν
1040 2659 1136 2712 πάσῃ
1156 2675 1302 2713 γραμμῃ

274 2719 429 2769 σημεῖον,
448 2721 495 2755 ὧν
513 2718 670 2767 μεταξύ’
657 2734 729 2756 εστι
754 2719 902 2791 γραμμὴ
925 2718 983 2757 καὶ
1006 2719 1144 2771 χρόνος,
1166 2719 1296 2757 τούτων

275 2775 440 2828 μεταξὺ
424 2792 464 2814 αν
490 2776 542 2822 εἴη
566 2783 707 2826 σημεῖον
725 2793 784 2815 και
803 2778 841 2815 τὸ
861 2793 929 2823 νυν,
952 2779 982 2815 εἷ
1004 2778 1095 2828 μὴ”
1074 2793 1141 2830 αρα
1159 2778 1288 2829 δυνάμε
1275 2795 1302 2816 ει

273 2836 332 2874 καὶ
351 2835 412 2873 οὒκ
433 2834 585 2885 ἐνεργείᾳ
606 2834 696 2872 ἐστὶν
733 2837 767 2873 ἐν
788 2839 829 2887 τῇ
844 2839 990 2887 γραμμῇ
1018 2836 1147 2887 στιγμὴ
1174 2836 1234 2874 καὶ
1267 2838 1300 2875 ἐν

273 2897 323 2945 τῷ
344 2892 459 2946 χρόνῳ
477 2892 516 2931 τὸ
536 2897 607 2944 νῦν,
631 2891 653 2939 ἢ
672 2892 710 2930 τὸ
730 2893 876 2943 δυνάμει
892 2893 928 2931 ὂν
954 2895 1095 2933 δύναται
1122 2895 1183 2934 καὶ
1205 2898 1301 2949 ἐνερ-

945 229 1143 270 EUDEMI
1171 229 1351 269 RHODII
1379 229 1732 270 PERIPATETICI

1148 1842 1230 1879 Τῶν
1265 1834 1331 1880 δὲ’

1376 317 1451 370 γεία
1488 318 1657 370 γίνεσθαι.

1376 376 1485 420 οὕτως
1513 377 1704 428 ἐχρήσατο·
1735 388 1752 411 ((
1777 374 1807 411 εἷ
1826 372 1895 426 γαρ
1925 372 2017 412 ἔστιν
2045 373 2177 426 ἐφεξῆς,
2209 374 2329 427 φησίν,

1376 436 1501 509 ἀμερη,
1520 437 1570 474 δεῖ
1600 435 1738 477 πάντως
1757 426 1844 470 εἷναί
1863 448 1895 470 τι
1918 432 2029 470 αὐτῶν
2060 432 2186 482 μεταξὺ
2207 432 2256 483 μὴ
2275 432 2407 494 ὁμογε-

1374 493 1437 541 νές,
1457 494 1547 532 ὥστε
1577 492 1704 545 στιγμὴ
1728 491 1770 542 μὲ
1756 508 1789 530 ν
1810 492 1871 530 οὒκ
1899 490 1939 529 ἂν
1958 490 2026 540 ειη,
2045 490 2192 544 γραμμὴ
2223 491 2259 530 δὲ
2289 489 2314 540 ἢ
2332 476 2407 543 (εἴ.

1373 554 1434 603 ὡς)
1469 552 1567 592 κενὸν
1602 551 1729 603 μεταξὺ
1762 553 1916 600 στιγμῶν
1950 551 1986 587 ἐν
2019 550 2135 600 μήκει.
2191 550 2235 588 Εἰ
2255 547 2317 600 μὶν
2337 537 2407 590 ὢν

1373 611 1536 684 γραμμή,
1558 612 1618 649 οὐκ
1657 610 1756 649 ἔσται
1786 610 1825 647 ἐκ
1857 611 1925 646 τῶν
1959 610 2115 659 στιγμῶν
2138 609 2160 654 ἡ
2181 589 2407 660 ypafflsssffiffl

1372 669 1437 720 γὰρ
1457 671 1490 707 ἐν
1518 671 1605 720 αὐτῇ
1628 670 1694 706 αἶ’
1680 684 1736 720 ezpe
1723 667 1796 714 ξῆς
1819 666 1987 719 στιγμαί.
2044 667 2089 706 Ei.
2109 665 2144 704 δὲ
2164 665 2278 740 κενόν,
2301 652 2407 707 τῆξ,
2350 648 2410 741 οξ

1373 725 1470 764 ἔσται
1501 742 1540 764 ΤΟ
1572 741 1667 765 ΧΕνΟν
1689 727 1723 763 ἐν
1753 741 1823 769 τοις
1855 724 2015 777 συνεχέσι
2032 740 2113 773 τίον,
2152 722 2187 768 ἐξ
2219 717 2282 770 ων,
2311 726 2395 763 ⁴2⁶!st

1372 784 1445 822 ἔστι
1475 787 1543 823 τῶν
1577 784 1695 838 ἐρεξης
1731 784 1924 836 λεγομένων
1955 784 2125 834 στιγμῶν,
2152 779 2174 829 ἢ
2204 781 2282 822 οὐδὲ
2304 775 2408 822 ἔσται

1371 841 1457 888 ὅλως
1477 844 1629 896 μέγεθος.
1684 842 1827 895 εὨσπερ
1851 842 1917 894 γὰρ
1948 842 2141 893 ἁπτόμεναι
2175 840 2236 880 δύο
2262 840 2407 904 στιγμαὶ

1372 906 1481 952 μῆκος
1499 902 1596 942 οὐδὲν
1615 917 1785 953 ποιουσιν,
1802 901 1909 946 οὕτως
1923 901 1998 940 οὐδὲ
2017 900 2163 972 στιγμαὶ
2183 899 2242 938 καὶ
2257 897 2369 940 κενόν.
2390 917 2406 935 u

1372 963 1522 1008 Μήποτε
1550 955 1608 1000 06v
1636 963 1743 1013 ὀρθῶς
1771 963 1929 1007 ἐννοῆσαι
1950 960 2044 998 δοκεῖ
2073 960 2111 997 τὸ
2141 958 2208 998 ὑπὸ
2226 962 2285 998 τοῦ
2315 957 2406 1012 Ἀρι-

1371 1021 1547 1064 στοτέλους
1568 1019 1668 1072 ῥηθὲν
1688 1023 1705 1057 6
1724 1019 1899 1070 Εὔδημος,
1919 1019 1970 1058 ὅτι
1994 1020 2056 1056 οὐκ
2077 1018 2212 1070 ἀναιρεῖ
2233 1013 2356 1062 ἅπλῶς
2367 1017 2419 1066 τὸ,

1371 1077 1489 1130 ἔφεξης
1509 1082 1596 1116 εἶναι
1615 1076 1763 1127 στιγμὴν
1784 1092 1913 1128 στιγμῃ
1930 1077 1952 1123 ἢ
1972 1076 2010 1114 τὸ
2025 1079 2085 1115 ν’ὔν
2106 1079 2156 1128 τῷ
2173 1079 2248 1125 νῦν,
2261 1074 2352 1114 ἀλλὰ
2365 1074 2405 1114 τὸ

1370 1137 1475 1180 οὕτως
1495 1129 1582 1175 εἶναι
1605 1134 1786 1188 ἐφεξῆς,
1762 1150 1852 1173 ωστε
1874 1136 1912 1173 ἐκ
1934 1134 2064 1173 τούτων
2081 1117 2169 1172 εἶναι
2193 1133 2233 1172 τὸ
2251 1131 2387 1207 μῆκος.
2382 1131 2405 1180 ἢ

1370 1195 1429 1233 τὸν
1443 1194 1580 1248 χρόνον.
1636 1196 1682 1234 Εἰ
1698 1195 1764 1246 γὰρ
1785 1193 1913 1244 μεταξὺ
1929 1196 1997 1231 τῶν
2019 1195 2174 1245 στιγμῶν
2194 1191 2254 1232 καὶ
2266 1194 2337 1233 τῶν
2346 1195 2406 1232 ν’ὗν

1371 1254 1521 1306 γραμμή
1542 1253 1689 1292 ἐστικαὶ
1710 1251 1845 1305 χρόνος,
1865 1254 1940 1296 πῶς
1967 1254 2006 1290 ἐκ
2027 1254 2094 1290 τῶν
2106 1251 2229 1304 ἐφεξῆς
2247 1249 2405 1324 στιγμῶν

1373 1312 1427 1358 εἴη
1461 1312 1502 1350 ἂν
1533 1311 1744 1364 συγκειμένη
1766 1314 1789 1358 ἡ
1822 1311 1984 1384 γραμμή,
2005 1310 2103 1364 εἴπερ
2130 1309 2265 1363 πέρατα
2301 1304 2405 1367 μόνον

1370 1372 1473 1418 αὖτης
1488 1372 1574 1410 εἰσιν
1595 1373 1629 1410 αἱ
1642 1371 1761 1424 εἶφεξης
1786 1369 1954 1421 στιγμαί;
1979 1369 2024 1409 Ὁ
2044 1370 2075 1408 δ’
2097 1364 2329 1424 Ἀλέξανδρός
2343 1359 2407 1413 mi

1370 1429 1479 1474 οὕτως
1506 1430 1712 1483 ἐπεχείρησε
1731 1432 1781 1467 τῶ
1811 1428 1920 1490 λόγῳ.
1979 1427 2174 1480 Ὁμογενῆ,
2197 1427 2314 1482 φησίν,
2334 1424 2404 1469 τῶν

1371 1488 1526 1539 σημείων
1560 1488 1623 1536 τὴν
1655 1487 1824 1541 γραμμὴν
1845 1491 1920 1526 εἰπε
1944 1486 2004 1526 καὶ
2023 1490 2091 1527 τῶν
2121 1502 2181 1526 νυν
2202 1487 2263 1527 τὸν
2280 1484 2409 1542 χρόνον

1367 1550 1446 1586 κατ’
1468 1547 1590 1592 αὖτοὺς
1610 1548 1772 1594 ἐκείνους,
1794 1546 1908 1596 ειγεε
1894 1546 2038 1585 ἕκαστον
2075 1547 2187 1585 αὐτῶν
2205 1544 2240 1591 ἐξ
2263 1546 2404 1605 ἀμερῶν
2450 1558 2452 1560 ’
2512 1556 2514 1558 ’

1368 1605 1559 1657 σύγκειται,
1575 1607 1621 1650 ὥς
1633 1605 1732 1650 αὖτός
1743 1620 1860 1658 φησιν,
1874 1606 1896 1651 ἠ
1912 1602 1974 1654 μὲν
1990 1602 2138 1656 γραμμὴ
2148 1604 2218 1642 τῶν
2231 1599 2410 1660 σημείων,

1367 1666 1386 1702 6
1406 1663 1441 1702 δὲ
1459 1664 1580 1716 χρόνος
1599 1665 1668 1702 τῶν
1695 1679 1774 1710 νυν,
1798 1661 1888 1702 ὥστε
1911 1661 1989 1700 κατ’
2009 1659 2132 1705 αὐτους
2167 1660 2317 1706 ἐκείνους
2340 1663 2404 1702 οὐκ

1368 1722 1487 1776 ἐφεξῆς
1513 1722 1557 1761 τὰ
1576 1728 1719 1773 σημεῖα,
1740 1721 1809 1774 εἴγε
1844 1720 1884 1759 τὸ
1920 1719 1955 1766 ἐξ
1975 1721 2091 1759 αὖτῶν·
2109 1720 2291 1776 γινόμενον
2320 1723 2400 1760 κατ’
2425 1727 2430 1733 “

2331 1780 2404 1820 Καὶ

1368 1781 1489 1825 αὐτοὺς
1510 1781 1675 1832 μεταξύ’
1661 1797 1753 1819 εστιν
1769 1782 1882 1819 αὐτῶν
1904 1780 1941 1819 ὂν
1963 1781 2076 1824 αὐτοῖς
2095 1778 2272 1831 ὁμογενές.

1368 1840 1502 1880 ἔοικενὸ
1517 1839 1735 1893 Αλέξανδρος
1751 1842 1931 1891 πανταχοῦ
1952 1838 1990 1877 τὸ
2005 1838 2125 1891 ἐφεξης
2136 1839 2287 1890 νομίζειν
2305 1841 2404 1879 ἆναι-
2444 1858 2446 1861 ’

1369 1904 1437 1952 ρεῖν
1471 1898 1528 1937 τὸν
1555 1898 1807 1951 Ἀριστοτέλην,
1829 1897 1920 1936 ἀλλὰ
1950 1896 1998 1948 μὴ
2020 1896 2131 1941 οὕτως
2154 1896 2276 1949 ἐφεξῆς
2297 1889 2406 1947 εἶναι,

1364 1958 1455 1997 ὥστε
1476 1959 1515 1996 ἐκ
1538 1957 1668 1996 τούτων
1687 1955 1727 1994 τὸ
1767 1972 1876 2007 μηκος
1902 1949 1990 1993 εἶναι
2023 1954 2045 2001 ἢ
2071 1955 2130 1994 τὸν
2152 1954 2295 2008 χρόνον,
2318 1951 2404 2012 ὅπερ

1365 2019 1483 2071 σαφῶς
1498 2016 1539 2055 δι’
1558 2018 1671 2055 αὐτων
1685 2017 1751 2054 τῶν
1768 2014 1891 2059 λέξεων
1905 2016 1923 2052 ὁ
1939 2013 2179 2066 ΜΑριστοτέλης
2193 2012 2400 2068 ἐσήμανεν.)
2430 2054 2432 2058 ,
2448 2062 2450 2072 7

2424 307 2465 323 ,ιγ

1715 315 1760 355 Ὁ
1798 315 1833 353 δὲ
1886 313 2048 366 Εὔδημος
2082 317 2132 366 τῷ
2158 292 2442 449 ἐπιχειρήμῗ
2450 349 2474 376 ·‘.

1417 2088 1466 2114 62.
1498 2072 1657 2127 Φανερὸν
1690 2073 1725 2111 δὲ
1745 2072 1805 2111 καὶ
1830 2072 1882 2110 ὅτι
1902 2077 1970 2110 πᾶν
1992 2070 2132 2124 συνεχὲς
2155 2071 2327 2123 διαιρετὸν
2354 2072 2403 2118 εἰς
2447 2079 2452 2112 .-“
2503 2056 2528 2131 ³!

1366 2133 1420 2171 ἀεὶ
1441 2131 1619 2184 διαιρετά·
1641 2133 1671 2169 εἷ
1697 2130 1765 2184 γὰρ
1785 2132 1832 2176 εἷς
1853 2130 2050 2183 ἀδιαίρετα,
2085 2130 2183 2169 ἔσται
2205 2126 2401 2187 ἀδιαίρετον
2443 2157 2447 2168 =
2506 2135 2510 2137 ’

1366 2190 1591 2245 ἀδιαιρέτου
1573 2190 1788 2241 απτόμενον·
1807 2189 1843 2228 ἓν
1856 2189 1924 2242 γὰρ
1939 2188 2160 2242 τὸέσχατον,
2179 2188 2239 2228 καὶ
2255 2188 2402 2232 ἅπτεται

1364 2254 1433 2290 τῶν
1454 2252 1623 2303 συνεχῶν.
1649 2252 1722 2289 Ἰου
1751 2249 1780 2287 δ’
1819 2250 1922 2288 αὐτοῦ
1954 2248 2058 2301 λόγου
2082 2247 2142 2286 καὶ
2164 2250 2306 2300 μέγεθος
2341 2238 2409 2302 κιιιῖι
2440 2288 2443 2294 ,

1364 2309 1487 2363 χρόνον
1500 2309 1560 2347 καὶ
1573 2308 1708 2355 κίνησιν
1724 2306 1759 2352 ἐξ
1773 2306 1980 2359 ἀδιαιρέτων
1998 2307 2215 2358 συγκεῖσθαι,
2236 2306 2296 2346 καὶ
2315 2307 2401 2347 διαι-
2445 2343 2452 2357 ,

1366 2373 1499 2422 ρεισθαι
1519 2369 1565 2411 εἷς
1586 2366 1764 2418 ἀδιαίρετα
1785 2366 1806 2413 ἢ
1830 2365 1951 2416 μηθέν.

1420 2427 1666 2480 (Aristoteles
1680 2426 1796 2477 Phys.
1809 2425 1878 2463 lib.
1891 2424 1941 2462 Vl
1955 2437 2037 2474 cap.
2055 2423 2086 2464 Ι.
2077 2438 2142 2520 b.p
2165 2424 2253 2463 231.
2272 2423 2315 2464 b.
2335 2415 2396 2466 15.

1364 2487 1425 2527 ed.
1447 2486 1604 2525 Bekker.
1631 2484 1852 2536 Simplicius
1874 2483 1940 2521 fol.
1968 2497 2058 2530 217.

1368 2544 1427 2584 καὶ
1448 2543 1612 2588 τοιαύτας
1630 2542 1724 2586 τινὰς
1746 2542 1978 2594 ἐπιχειρήσεις
2004 2542 2021 2578 6
2044 2514 2263 2592 Ἀλέξανδρος
2283 2542 2323 2580 ἐκ
2341 2544 2403 2580 τσῖΐ

1368 2603 1534 2654 Εὖδήμου
1554 2601 1690 2640 λαὸών·
1721 2615 1740 2638 ι(
1763 2602 1792 2639 εἷ
1812 2600 1903 2638 ἔστιν
1920 2599 1953 2645 ἐξ
1969 2600 2110 2652 ἀμερῶν
2129 2598 2283 2650 μέγεθος,
2301 2599 2400 2640 ἔσται

1364 2662 1513 2715 γραμμὴ
1530 2663 1698 2714 γραμμῆς
1717 2662 1847 2712 στιγμῇ
1870 2658 2011 2707 μείζων·

1366 2723 1403 2759 06
1424 2719 1679 2773 διαιρεθήσεται
1694 2726 1790 2758 πᾶσα
1805 2717 2073 2772 γραμμὴιδίχα,
2090 2716 2113 2764 ἢ
2132 2719 2161 2756 εἷ
2187 2719 2397 2771 διαιρεθήσε-

1366 2795 1436 2826 ται,
1457 2779 1518 2817 mi
1536 2783 1558 2826 ἡ
1574 2780 1612 2816 ἐκ
1621 2779 1795 2827 περισσῶν
1808 2776 2016 2829 συγκειμένη
2034 2777 2200 2828 διαιροῖτο
2216 2776 2271 2818 ἄν.
2327 2775 2398 2816 06-

1366 2852 1414 2875 τω
1436 2835 1466 2875 δ’
1487 2835 1528 2874 ἂν
1561 2835 1613 2883 εἴη
1634 2836 1694 2873 καὶ
1719 2835 1758 2874 τὸ
1792 2838 1936 2887 σημεῖον
1957 2834 2210 2886 διαιρούμενον.
2264 2831 2350 2874 Ἔτι
2367 2835 2398 2873 εἷ

1364 2895 1452 2940 ὅλως
1474 2894 1621 2948 γραμμὴ
1642 2897 1809 2947 γραμμῆς
1827 2894 1962 2946 σημείῳ
1981 2892 2120 2944 μείζων,
2137 2892 2196 2930 καὶ
2213 2891 2339 2936 κύκλος
2353 2890 2394 2930 ἂν

315 3029 366 3060 60.
388 3026 525 3059 Librum
546 3028 655 3059 autem
682 3036 769 3059 nuno
787 3027 830 3060 ad
853 3030 1137 3062 commentandum
1155 3030 1304 3072 proposi-
1363 3030 1427 3063 iliis
1449 3023 1639 3072 longitudo,
1663 3039 1704 3063 ex
1730 3029 1783 3062 his
1800 3031 1931 3071 tempus
1946 3030 2082 3061 constet.
2101 3029 2184 3060 Nam
2201 3036 2239 3060 ea
2264 3026 2399 3070 quidem

274 3089 346 3120 tum
365 3095 407 3120 ex
427 3086 539 3120 ordine
554 3088 628 3129 post
645 3086 796 3129 qulntum
815 3087 1037 3121 collocandum
1055 3098 1140 3128 esse,
1158 3089 1304 3123 declarat

273 3145 374 3178 etiam
387 3144 573 3184 Eudemus,
588 3145 651 3177 hoc
671 3145 854 3178 Aristotelis
873 3145 997 3178 dicium
1014 3148 1210 3189 conjungens
1227 3157 1301 3181 cum

273 3204 330 3243 iis,
351 3212 427 3247 quae
441 3203 557 3246 quinto
571 3202 656 3236 libro
672 3203 838 3245 exposuit,
856 3203 939 3236 nihil
952 3205 1041 3247 quod
1056 3206 1246 3239 continuum
1261 3207 1304 3239 sit

274 3271 315 3295 ex
337 3261 517 3295 individuis
533 3263 690 3296 constare.
724 3262 789 3295 Sed
809 3263 1013 3296 Andronicus
1030 3274 1163 3307 quoque
1181 3266 1243 3299 hos
1259 3266 1303 3298 li-

274 3321 351 3354 bros
366 3320 414 3353 sie
429 3320 581 3364 disponit.

315 3383 366 3412 61.
392 3380 434 3411 At
454 3388 533 3412 vero
546 3388 654 3422 neque
668 3380 827 3422 punctum
846 3389 864 3412 a
882 3382 1004 3423 puncto
1021 3380 1205 3423 proximum
1221 3382 1302 3421 erit,

274 3447 384 3481 neque
402 3447 489 3471 nunc
505 3437 614 3481 ipsum
628 3437 777 3482 proxime
796 3442 953 3482 sequetur
969 3449 1055 3472 nunc
1071 3439 1195 3482 ipsum,
1210 3443 1248 3473 ut
1265 3449 1305 3474 ex

1363 3089 1512 3133 proxima
1531 3089 1600 3122 sive
1617 3088 1767 3131 deinceps
1783 3089 1875 3128 sunt,
1895 3087 1981 3120 inter
1998 3096 2074 3129 quae
2095 3095 2159 3119 non
2177 3085 2325 3128 ejusdem
2340 3092 2401 3129 ge-

1363 3148 1450 3181 neris
1467 3148 1650 3191 quidquam
1667 3149 1716 3181 est
1733 3162 1741 3189 ς
1764 3147 1850 3180 inter
1862 3147 1985 3188 puncta
2002 3137 2081 3178 vero
2100 3154 2228 3188 semper
2243 3145 2294 3178 est
2313 3143 2399 3178 linea

1365 3209 1397 3240 et
1412 3207 1497 3240 inter
1512 3208 1584 3250 ipsa
1600 3215 1686 3239 nunc
1701 3208 1841 3248 tempus.

1406 3269 1455 3300 62.
1478 3268 1573 3299 Patet
1589 3267 1699 3298 autem
1715 3267 1749 3298 et
1766 3274 1862 3297 omne
1879 3263 2068 3296 continuum
2095 3262 2130 3296 in
2153 3272 2191 3296 ea
2208 3271 2284 3305 quae
2308 3269 2397 3296 sem-

1366 3335 1421 3367 per
1439 3325 1572 3358 dividua
1586 3326 1663 3357 sunt
1676 3324 1779 3357 dividi
1794 3332 1899 3365 posse.
1922 3323 1956 3356 Si
1969 3322 2054 3355 enim
2073 3322 2107 3355 in
2123 3321 2293 3355 individua
2307 3319 2396 3354 divi-

1364 3383 1471 3421 detur,
1493 3383 1702 3416 individuum
1721 3381 1874 3416 videlicet
1898 3381 2108 3414 individuum
2126 3382 2238 3421 tanget
2261 3389 2270 3412 t
2291 3377 2400 3423 conli-

1364 3451 1505 3474 nuorum
1521 3440 1606 3473 enim
1631 3441 1785 3474 ultimum
1813 3450 1916 3474 unum
1931 3441 1999 3481 est,
2014 3441 2047 3473 et
2069 3449 2107 3472 ea
2135 3448 2170 3473 se
2187 3438 2327 3480 tangunt
2353 3438 2407 3470 σι’

2077 2482 2345 2534 Ι).προστίθησι
2364 2482 2400 2523 δὲ
2437 2528 2443 2535 ¹

2067 2657 2161 2698 Ἀλλ’
2182 2659 2213 2697 εἰ
2239 2661 2354 2707 τοῦτο,
2373 2657 2398 2706 ἢ
2436 2694 2439 2696 .
