2528 3788
272 268 349 307 122

269 355 327 396 ἐπὶ
347 357 408 402 τῆς
425 356 540 406 ψυχῆς
556 350 703 403 εὐλόγως
722 352 768 394 ὡς
786 348 974 400 γνωστικὸν
993 350 1154 402 εἰρῆσθαι
1169 346 1302 394 ἀκούει,

1174 256 1498 301 XENOCRATIS

1366 345 1504 393 κίνητον
1524 344 1662 388 ἀναθεὶς
1686 344 1791 396 αὐτῇ·
1815 341 1910 395 ἀρχὴ
1931 342 1999 395 γὰρ
2018 341 2078 381 καὶ
2098 341 2196 395 πηγὴ
2214 341 2330 391 πάσης
2348 357 2408 382 κι-

269 414 329 453 καὶ
353 413 408 452 διὰ
428 415 529 451 τοῦτο
548 409 625 453 τοὺς
644 408 802 453 εἰπόντας
819 407 882 455 τὴν
901 407 1017 462 ψυχὴν
1037 408 1182 462 ἀριθμὸν
1203 405 1304 445 αὐτὸν
1366 403 1499 451 νήσεως
1518 405 1597 442 κατ’
1617 400 1741 446 αὐτοὺς
1760 402 1801 440 τὸ
1818 401 2059 448 αὐτοκίνητον.

269 472 391 511 ἑαυτὸν
422 473 603 517 κινοῦντα,
626 467 824 520 συμπλέξαι
843 467 908 522 ἔφη
929 468 969 507 τὸ
987 466 1163 515 κινητικὸν
1183 466 1243 506 καὶ
1267 465 1307 504 τὸ

267 530 470 583 γνωστικόν.
1176 568 1199 583 “

323 587 568 641 (Simplicius
589 587 637 625 ad
659 587 880 625 Aristotelis
899 587 947 625 de
965 586 1105 624 Anima
1118 585 1186 624 lib.
1201 585 1218 622 l
1236 585 1302 622 101.

271 663 290 696 7
312 648 355 685 A.
376 647 524 698 Scripsi
545 660 553 683 :
573 650 588 669 ¹¹
605 644 725 698 νοερὰ;
744 645 855 683 codd.
870 644 987 698 νευρὰ.
1007 667 1061 675 -
1076 645 1093 669 ¹³
1108 650 1227 696 νοερᾶς
1242 643 1308 696 φύ-

267 720 376 754 σεως,
398 705 512 744 codd.
535 711 656 756 νευρᾶς
677 703 825 756 φύσεως.
847 707 931 734 —c
948 706 1009 751 τῆς
1024 708 1166 755 νοερᾶς,
1189 702 1303 741 codd.

265 767 326 811 τῆς
341 770 474 816 νευρᾶς.
498 763 574 814 -·)
977 813 979 815 ‚

318 836 365 863 36.
387 824 434 862 Οἱ
462 822 498 861 δὲ
515 822 582 860 ὑπὸ
610 821 649 860 τὸ
669 821 796 860 ποσόν·
811 815 858 860 ὧν
885 822 958 860 ἐστι
975 821 1035 859 καὶ
1055 819 1283 872 Ξενοκράτης
1297 833 1305 842 ·

266 882 408 933 ἀριθμὸς
434 882 500 934 γάρ
531 897 617 934 φησι
643 885 745 920 κινῶν
770 879 890 919 ἑαυτόν
913 881 1006 918 ἔστιν
1027 883 1049 927 ἡ
1083 879 1198 932 ψυχή·
1230 881 1248 916 ὁ
1271 877 1307 916 δὲ

266 940 409 993 ἀριθμὸς
428 939 495 978 ὑπὸ
513 939 553 978 τὸ
570 939 693 978 ποσόν·
715 942 744 977 εἶ
764 938 806 986 δὴ
823 942 925 977 τοῦτο
945 937 1061 989 ἔλεγεν
1079 938 1206 981 ἐκεῖνος
1218 967 1229 988 ,
1247 936 1307 975 καὶ

263 998 317 1050 μὴ
338 999 425 1038 ἄλλο
441 1015 474 1038 τι
496 998 552 1038 διὰ
571 998 694 1037 τούτου
709 998 880 1050 ᾐνίττετο.

321 1058 583 1110 (Philoponus
611 1058 658 1096 ad
689 1058 913 1096 Aristotelis
946 1058 994 1095 de
1022 1057 1162 1095 Anima
1186 1055 1254 1094 lib.
1289 1055 1306 1094 l

264 1116 335 1156 fol.
358 1117 406 1164 A,
432 1117 490 1155 15.
510 1115 520 1168 )

323 1188 373 1215 37.
401 1175 486 1215 Ἐπὶ
506 1175 613 1214 ταύτὸ
634 1174 670 1213 δὲ
702 1175 865 1228 φέρονται
894 1174 955 1213 καὶ
977 1174 1050 1214 ὅσοι
1075 1174 1216 1226 λέγουσι
1243 1174 1307 1222 τὴν

265 1234 384 1287 ψυχὴν
404 1234 444 1273 τὸ
461 1233 545 1272 αὑτὸ
559 1237 692 1273 κινοῦν·
710 1234 842 1272 ἐοίκασι
861 1233 928 1286 γὰρ
950 1228 1044 1272 οὗτοι
1063 1234 1189 1277 πάντες
1209 1235 1306 1272 ὕπει-

265 1292 415 1346 ληφέναι
443 1293 506 1341 τὴν
527 1292 663 1341 κίνησιν
691 1291 903 1331 οἰκειότατον
926 1285 1014 1330 εἶναι
1045 1295 1087 1344 τῇ
1108 1294 1226 1345 ψυχῇ·
1248 1293 1307 1330 καὶ

263 1351 307 1390 τὰ
330 1351 392 1402 μὲν
418 1351 508 1390 ἄλλα
525 1351 640 1390 πάντα
661 1351 830 1389 κινεῖσθαι
852 1350 909 1389 διὰ
931 1351 994 1397 τὴν
1016 1350 1152 1402 ψυχήν·
1176 1350 1307 1397 ταύτην

265 1410 295 1448 δ’
323 1410 380 1463 ὑφ’
407 1413 555 1461 ἑαυτῆς,
578 1411 633 1448 διὰ
654 1409 693 1448 τὸ
727 1410 834 1460 μηθὲν
863 1413 947 1462 δρᾶν
966 1412 1104 1457 κινοῦν,
1136 1408 1225 1459 ὃμὴ
1249 1409 1307 1447 καὶ
1345 1412 1351 1418 ’

265 1469 349 1508 αὐτὸ
368 1472 527 1509 κινεῖται.

316 1529 571 1578 (Aristoteles
587 1528 635 1566 de
658 1527 797 1565 Anima
815 1527 882 1564 lib.
900 1527 930 1575 l,
947 1537 1035 1577 cap;
1061 1542 1098 1577 2,
1116 1540 1208 1578 pag.
1229 1534 1303 1574 404

261 1590 308 1627 A.
329 1587 389 1626 ed.
412 1588 573 1626 Bekker.
602 1587 649 1624 ad
671 1600 785 1637 quem
808 1588 935 1624 locum
963 1586 1211 1637 Philoponus
1237 1587 1304 1627 fol.

263 1647 308 1693 B,
336 1648 394 1685 16.
417 1645 605 1684 αἰνίττεται
626 1647 671 1689 εἷς
702 1646 878 1685 Πλάτωνα
904 1645 963 1683 καὶ
998 1645 1223 1698 Ξενοκράτην
1248 1645 1307 1685 καὶ

263 1704 530 1755 Ἀλκμαίωνα.)

316 1777 367 1803 38.
390 1761 610 1815 Ξενοκράτης
640 1765 658 1800 ὁ
684 1761 806 1800 τούτου
835 1762 991 1814 διάδοχος
1014 1761 1075 1799 ἀπ’
1098 1762 1306 1815 ἀμφοτέρων

262 1822 413 1874 ὁρίζεται
433 1821 495 1868 τὴν
525 1820 664 1874 ψυχήν,
695 1819 801 1859 εἰπὼν
827 1819 936 1867 αὐτὴν
969 1819 1115 1872 ἀριθμὸν
1145 1824 1307 1860 κινοῦντα

265 1880 386 1919 ἑαυτόν
401 1896 410 1904 ·
431 1879 487 1918 διὰ
508 1879 569 1931 μὲν
585 1880 624 1918 τὸ
642 1877 839 1930 γνωστικὴν
863 1873 952 1918 εἶναι
973 1877 1082 1926 αὐτὴν
1103 1881 1171 1918 τῶν
1186 1879 1307 1931 ὄντων,

265 1939 410 1991 ἀριθμὸν
432 1938 537 1979 εἰπὼν
559 1941 605 1982 ὥς
627 1938 852 1991 Πυθαγόρας·
871 1937 964 1990 ἀρχὴ
987 1938 1055 1990 γὰρ
1071 1938 1215 1978 πάντων
1234 1942 1308 1993 ἀρι-

263 1999 347 2048 θμὸς
371 1996 463 2037 κατὰ
485 1997 625 2041 αὐτούς·
647 1997 703 2035 διὰ
722 1995 812 2035 δὲτὸ
833 1998 1013 2045 κινητικὴν
1035 1991 1122 2036 εἶναι
1144 1998 1184 2036 τὸ
1202 2000 1305 2038 αὖτο-

260 2129 415 2161 latentem
447 2127 599 2160 nuntians
630 2126 863 2159 intellectualis
890 2129 1017 2160 naturae
1036 2128 1213 2170 virtutem,
1246 2131 1307 2163 sed

261 2187 351 2230 quod
365 2187 470 2219 omnis
484 2186 555 2219 vita
577 2187 712 2228 propter
733 2186 839 2227 ipsam
852 2186 988 2220 vitalem
1007 2188 1076 2222 vim
1096 2189 1130 2221 et
1151 2190 1306 2231 proprIe-

258 2248 361 2280 tatem
378 2246 601 2279 incitationem
623 2245 789 2286 quandam
806 2246 841 2278 et
864 2245 1027 2294 fervorem
1042 2246 1186 2288 indicat,
1208 2247 1306 2281 intel-

261 2305 410 2338 lectualis
438 2304 572 2346 quidem
594 2303 796 2336 individuam
822 2305 856 2337 et
879 2304 1095 2338 inhaerentem
1108 2330 1116 2345 ‚
1151 2315 1307 2348 corporea

263 2367 373 2397 autem
388 2364 474 2396 circa
491 2373 628 2405 corpora
639 2363 774 2396 scissam
784 2365 817 2396 et
826 2363 957 2397 aliunde
969 2364 1003 2396 in
1017 2364 1079 2397 alia
1093 2367 1187 2407 parte
1203 2365 1308 2398 subsi-

261 2424 404 2464 dentem,
416 2423 522 2455 anima
534 2423 675 2464 denique
693 2431 735 2455 ex
750 2431 786 2456 se
801 2422 871 2464 ipsa
885 2423 917 2454 in
935 2423 1048 2456 orbem
1068 2424 1166 2456 simul
1181 2424 1307 2457 discur-

262 2492 400 2523 sumque
420 2482 641 2514 collectionem
655 2494 662 2513 :
674 2480 799 2514 idcirco
819 2483 1016 2515 Xenocrates
1034 2482 1176 2515 animam
1190 2492 1307 2517 nume-

262 2550 334 2572 rum
348 2549 382 2572 se
391 2540 499 2582 ipsum
510 2541 696 2573 moventem
703 2540 828 2573 statuit.
839 2540 1031 2574 Aristoteles
1045 2550 1123 2574 vero
1133 2551 1307 2575 numerum

261 2599 465 2632 definitivum
481 2608 604 2640 eorum,
637 2608 712 2640 quae
741 2601 811 2632 tum
832 2601 960 2642 cognita
985 2602 1054 2633 tum
1087 2602 1302 2644 cognoscendi

260 2658 413 2691 facultate
446 2658 583 2699 praedita
611 2660 701 2698 sunt,
733 2659 829 2700 paulo
845 2660 923 2692 ante
935 2660 1110 2700 appellans,
1136 2660 1178 2693 de
1198 2660 1305 2693 anima

260 2717 343 2750 bene
363 2716 575 2758 cognoscendi
599 2716 667 2748 vim
693 2717 863 2759 praedicari
887 2718 1055 2761 intelligit,
1083 2719 1220 2761 ideoque
1247 2729 1304 2753 eos

260 2776 317 2817 qui
335 2775 475 2808 animam
499 2785 671 2809 numerum
695 2785 730 2809 se
743 2776 851 2818 ipsum
865 2781 1051 2811 moventem
1071 2779 1301 2820 nominarunt,

260 2837 413 2869 movendi
433 2837 619 2869 facultatem
637 2839 670 2869 et
689 2838 904 2878 cognoscendi
926 2838 991 2870 vim
1010 2839 1216 2880 conjunxisse
1244 2841 1299 2873 ait.

303 2899 354 2929 36.
381 2895 443 2928 Alii
465 2895 505 2927 ad
522 2896 739 2936 quantitatem
755 2895 921 2937 [animum
947 2898 1119 2940 redigunt]
1139 2912 1146 2931 ε
1165 2908 1303 2941 quorum

261 2957 312 2988 est
346 2955 380 2987 et
408 2956 606 2987 Xenocrates
639 2954 753 2987 dicens
786 2955 931 2987 animum
963 2965 1035 2989 esse
1066 2967 1241 2990 numerum
1268 2969 1303 2992 se

259 3013 374 3055 ipsum
394 3014 579 3045 moventem
606 3025 615 3045 ι
634 3021 790 3045 numerus
808 3015 918 3046 autem
934 3015 1108 3055 quantitati
1134 3016 1300 3059 subjacet,

259 3072 420 3114 siquidem
447 3071 511 3103 hoc
537 3071 592 3103 ille
612 3071 752 3111 dicebat,
769 3073 803 3104 et
827 3081 892 3104 non
910 3072 999 3105 aliud
1015 3074 1095 3115 quid
1111 3084 1150 3107 eo
1164 3075 1303 3109 obscure

259 3128 473 3171 significabat.

300 3188 352 3220 37.
375 3187 498 3219 Eodem
514 3186 665 3220 feruntur
683 3188 718 3220 et
732 3187 754 3219 ii
771 3188 958 3229 quicunque
982 3189 1095 3223 dicunt
1108 3191 1252 3223 animum
1267 3193 1302 3224 id

259 3255 332 3279 esse
349 3246 440 3288 quod
458 3255 493 3279 se
521 3246 630 3288 ipsum
660 3249 816 3287 moveat3
850 3247 1004 3280 videntur
1031 3249 1116 3281 enim
1134 3249 1170 3282 hi
1189 3260 1302 3285 omnes

258 3304 477 3347 existimasse,
503 3306 632 3338 motum
658 3305 799 3338 maxime
823 3306 989 3347 proprium
1019 3316 1090 3340 esse
1118 3309 1238 3347 animi;
1262 3320 1301 3342 ac

259 3365 376 3397 caetera
393 3364 527 3406 quidem
542 3364 652 3396 omnia
670 3366 800 3406 propter
813 3365 968 3407 animum,
988 3366 1076 3398 hunc
1097 3368 1206 3400 autem
1223 3378 1242 3400 a
1264 3378 1299 3401 se

256 3423 328 3465 ipso
346 3423 470 3456 moveri
484 3449 492 3463 ,
510 3423 588 3464 quia
612 3422 692 3456 nihil
719 3423 870 3458 videbant
895 3433 1031 3457 movens
1044 3449 1052 3462 ,
1071 3425 1160 3466 quod
1178 3435 1241 3459 non
1262 3429 1295 3460 et

258 3481 364 3526 ipsum
380 3484 578 3517 moveretur.

1334 2138 1342 2385 Ι

1421 463 1684 515 (Philoponus
1714 462 1762 500 ad
1795 460 2016 510 Aristotelis
2044 460 2092 498 de
2130 459 2270 499 Anima
2297 459 2407 500 lib.1

1369 523 1436 563 fol.
1455 521 1500 571 C,
1520 522 1555 561 5.
1573 523 1584 573 )

1422 595 1471 629 39.
1498 580 1766 634 [Ξενοκράτης]
1787 579 1902 632 ἔλεγεν
1929 572 1987 618 οῧν
2006 577 2152 632 ἀριθμὸν
2172 576 2234 630 μὲν
2258 576 2323 626 τὴν
2339 580 2409 633 ψυ-

1367 640 1435 693 χὴν
1462 640 1519 679 διὰ
1543 640 1583 679 τὸ
1610 641 1789 693 πλήρωμα
1809 640 1909 678 εἰδῶν
1931 631 2021 677 εἶναι
2041 636 2105 684 τὴν
2125 636 2243 690 ψυχὴν
2266 635 2329 676 καὶ
2345 635 2406 677 λό-

1368 716 1426 752 γον
1438 729 1448 748 ,
1467 703 1506 740 ἐκ
1524 702 1592 738 τῶν
1618 699 1731 750 λόγων
1753 697 1894 737 πάντων
1914 697 1981 750 γὰρ
2001 698 2036 735 ἐν
2057 698 2166 747 ἑαυτῇ
2195 693 2275 740 τοὺς
2290 695 2415 750 λόγους

1370 759 1444 813 ἔχει
1462 762 1508 805 ὡς
1537 759 1678 810 εἴπομεν
1691 773 1701 783 ·
1720 757 1887 810 ἀριθμοὺς
1913 756 1949 795 δὲ
1968 756 2012 794 τὰ
2029 755 2103 803 εἴδη
2129 755 2274 795 ἐκάλουν
2298 754 2412 800 ‹bc-et-

1371 834 1472 871 ρηται
1487 848 1498 869 ,
1522 818 1583 857 καὶ
1603 816 1705 862 αὐτὸς
1727 820 1807 869 γοῦν
1830 818 1864 855 ἐν
1893 821 1962 860 τοῖς
1982 815 2058 864 ἑξῆς
2077 829 2202 869 φησιν·
2222 813 2283 854 καὶ
2302 807 2348 855 εὖ,
2365 813 2410 863 δὴ

1370 881 1402 917 ot
1421 877 1578 930 λέγοντες
1599 877 1663 924 τὴν
1685 876 1803 931 ψυχὴν
1824 875 1930 915 τόπον
1946 876 2049 914 εἰδῶν
2062 905 2073 926 ,
2095 872 2241 926 ἀριθμὸν
2262 873 2326 925 μὲν
2352 867 2411 912 οῦν

1371 937 1427 976 διὰ
1447 941 1567 976 τοῦτο·
1587 940 1748 975 κινοῦντα
1770 935 1805 975 δὲ
1835 933 1943 974 αὑτὸν
1967 934 2024 973 διὰ
2044 933 2083 972 τὸ
2110 933 2265 979 αὖτόζων
2285 934 2412 980 αὐτῆς·

1370 999 1408 1036 οὐ
1428 997 1496 1050 γὰρ
1517 997 1571 1050 ὑφ’
1593 996 1708 1049 ἑτέρου
1731 997 1819 1046 αὐτῇ
1838 994 1878 1033 τὸ
1896 996 1980 1042 ζῆν,
2002 993 2160 1040 αὖτοζωὴ
2177 992 2248 1046 γάρ
2267 994 2376 1034 ἔστιν.

1423 1057 1691 1109 (Philoponus
1718 1056 1764 1094 ad
1791 1054 2016 1092 Aristotelis
2053 1053 2100 1091 dc
2127 1052 2272 1091 Anima
2300 1051 2368 1092 lib.
2392 1053 2407 1091 Ι

1371 1115 1435 1154 fol.
1461 1115 1507 1166 E,
1535 1129 1550 1153 1
1563 1129 1594 1153 1.
1612 1115 1755 1166 Scripsi
1777 1114 1927 1159 αὐτόζων
1943 1126 2015 1164 pro
2035 1112 2147 1152 codd.
2166 1112 2412 1151 lectione-atn-

1369 1173 1517 1227 τοζῶν.)

1421 1246 1470 1272 40.
1487 1235 1650 1276 Τοιοῦτος
1677 1232 1712 1271 δὲ
1729 1232 1788 1271 καὶ
1810 1235 1827 1271 ὃ
1856 1235 1917 1279 τῆς
1944 1233 2060 1285 ψυχῆς
2081 1230 2182 1283 ὅρος,
2211 1231 2243 1269 εἰ
2267 1230 2412 1283 ἀριθμὸς

1370 1292 1472 1335 αὐτὸς
1500 1291 1602 1329 αὑτὸν
1619 1295 1722 1330 κινῶν
1744 1293 1835 1329 ἐστι·
1858 1291 1918 1330 καὶ
1937 1290 2005 1342 γὰρ
2026 1289 2067 1328 τὸ
2087 1288 2170 1328 αὐτὸ
2191 1287 2277 1328 αὓτὸ
2296 1288 2412 1342 κινοῦν

1369 1351 1489 1406 ψυχή,
1504 1351 1664 1403 καθάπερ
1685 1350 1840 1388 Πλάτων
1859 1349 2025 1401 ὥρισται.

1423 1411 1679 1464 (Aristoteles
1702 1409 1840 1461 Topic.
1875 1408 1942 1447 lib.
1963 1407 2028 1457 Vl,
2052 1420 2139 1459 cap.
2171 1408 2193 1445 3
2214 1420 2302 1459 pag.
2337 1412 2411 1461 140

1369 1471 1414 1511 Β.
1432 1470 1494 1509 ed.
1518 1469 1676 1509 Bekker.
1696 1468 1705 1520 )

1422 1543 1473 1569 Π.
1491 1527 1635 1580 (Ὠσπερ
1655 1529 1771 1580 ψυχῆς
1790 1527 1953 1580 ὁρισμός,
1976 1526 2015 1564 τὸ
2036 1524 2181 1578 ἀριθμὸς
2202 1524 2304 1571 αὐτὸς
2328 1527 2412 1566 ἐασ-

1369 1588 1427 1626 τὸν
1455 1589 1581 1633 κινῶν,
1614 1586 1654 1624 τὸ
1683 1586 1750 1639 γὰρ
1773 1585 1918 1638 ἀριθμὸς
1940 1586 1979 1624 ἐκ
1999 1588 2163 1637 περιττοῦ
2183 1590 2320 1624 κεῖται·
2349 1586 2412 1625 καὶ

1370 1647 1438 1700 γὰρ
1467 1646 1508 1686 τὸ
1529 1645 1613 1684 αὐτὸ
1641 1646 1746 1685 ἑαυτὸ
1766 1649 1902 1693 κινοῦν,
1933 1644 2043 1698 χωρὶς
2063 1648 2123 1684 τοῦ
2150 1645 2321 1699 ἀριθμοῦ,
2349 1645 2413 1694 τὴν

1369 1706 1484 1760 ψυχὴν
1515 1706 1631 1752 δηλοῖ,
1653 1704 1813 1757 καθάπερ
1833 1703 1985 1744 Πλάτων
2013 1703 2047 1741 ἐν
2076 1704 2127 1756 τῷ
2148 1703 2298 1758 Φαίδρῳ
2328 1705 2414 1758 φησὶ

1368 1765 1501 1815 λέγων·
1523 1763 1696 1803 ἀθανάτου
1723 1763 1759 1802 δὲ
1787 1763 2013 1817 πεφασμένου
2041 1765 2101 1800 τοῦ
2129 1761 2186 1815 ὑφ’
2214 1764 2415 1802 ἑαυτοῦκι-

1370 1823 1535 1874 νουμένου
1556 1824 1671 1875 ψυχῆς
1693 1822 1812 1862 οὐσίαν
1833 1838 1869 1860 τε
1893 1822 1952 1860 καὶ
1971 1821 2073 1873 λόγον
2093 1821 2196 1861 τοῦτό
2221 1839 2274 1868 τις
2299 1822 2412 1875 λέγων

1370 1883 1432 1921 οὔκ
1450 1883 1681 1935 αἰσχυνεῖται.
1699 1880 1833 1924 Ἄλλως
1851 1896 1890 1920 τε
1908 1880 1969 1919 καὶ
1989 1882 2006 1918 ὁ
2027 1880 2171 1933 ἀριθμὸς
2185 1881 2248 1920 οὐκ
2267 1882 2342 1921 ἔστι
2359 1881 2416 1935 γέ-

1369 1956 1425 1985 νος
1443 1944 1505 1989 τῆς
1521 1943 1635 1994 ψυχῆς
1647 1957 1655 1965 ·
1671 1940 1791 1994 ὥσπερ
1810 1940 1851 1987 δή
1866 1955 1958 1983 τινος
1975 1939 2201 1989 ἐνισταμένου
2219 1940 2281 1980 καὶ
2295 1940 2416 1994 λέγον-

1372 2016 1447 2050 τος,
1474 2003 1549 2046 πῶς
1569 1999 1636 2054 φὴς
1653 1999 1706 2039 ὅτι
1734 1999 1976 2054 ἀφαιρεθέντος
1997 2002 2061 2039 τοῦ
2086 2000 2234 2052 ἀριθμοῦ
2251 2030 2259 2047 ,
2281 2002 2321 2039 οὐ
2341 2002 2414 2040 λυ-

1409 2134 1460 2164 38.
1487 2132 1704 2172 Xenocrates,
1735 2130 1880 2163 Platonis
1901 2139 2090 2172 successor,
2114 2132 2254 2173 utroque
2282 2131 2414 2166 nomine

1366 2192 1510 2224 animum
1527 2191 1653 2232 definit,
1678 2191 1791 2224 dicens
1807 2200 1883 2225 eum
1902 2200 2079 2225 numerum
2098 2201 2134 2224 se
2148 2191 2258 2234 ipsum
2271 2201 2411 2227 moven-⁴

1366 2252 1434 2282 tem
1460 2263 1469 2283 ι
1502 2249 1579 2291 quia
1603 2258 1715 2283 rerum
1741 2249 2037 2291 cognoscendarum
2068 2249 2227 2284 facultate
2255 2249 2414 2293 proeditus

1365 2307 1408 2340 sit
1421 2334 1429 2348 ‚
1465 2317 1642 2341 numerum
1670 2307 1835 2350 appellans
1848 2331 1860 2350 ,
1889 2309 1926 2340 ut
1955 2307 2186 2349 Pythagoras:
2216 2307 2413 2351 principium

1365 2366 1451 2399 enim
1467 2367 1615 2399 omnium
1644 2375 1802 2399 numerus
1819 2365 1862 2399 de
1879 2365 2012 2398 illorum
2034 2365 2192 2398 sententia
2219 2378 2229 2399 ι
2256 2365 2412 2408 quoniam

1364 2436 1445 2460 vero
1459 2426 1490 2459 ei
1505 2425 1661 2459 movendi
1672 2426 1722 2458 vis
1735 2425 1834 2465 insit,
1862 2426 2079 2466 spontaneum
2101 2425 2229 2458 motum
2257 2423 2322 2467 ipsi
2351 2425 2412 2458 tri-

1366 2486 1470 2518 buens
1491 2497 1498 2517 :
1517 2485 1638 2527 quippe
1658 2483 1852 2526 principium
1878 2484 1913 2516 et
1940 2484 2013 2517 sons
2035 2482 2140 2516 omnis
2164 2484 2274 2530 motus
2289 2493 2412 2518 secuu-

1365 2544 1443 2577 dum
1462 2553 1520 2577 eos
1538 2546 1588 2576 est
1616 2546 1726 2575 motus
1745 2542 1955 2584 spontaneus.

1407 2607 1463 2637 39.
1486 2604 1689 2636 Xenocrates
1722 2601 1822 2643 igitur
1855 2600 2039 2644 appellabat
2067 2601 2213 2635 animum
2237 2592 2410 2635 numerum

1364 2666 1538 2707 propterea
1561 2662 1651 2704 quod
1678 2663 1806 2695 animus
1825 2662 1859 2694 et
1874 2661 1958 2694 ratio
1985 2662 2096 2694 essent
2113 2661 2295 2695 formarum
2317 2671 2410 2696 com-

1363 2723 1582 2765 plementum;
1599 2730 1642 2756 ex
1658 2720 1810 2754 omnibus
1828 2720 1915 2753 enim
1933 2719 2118 2753 rationibus
2134 2720 2168 2752 in
2183 2729 2220 2754 se
2235 2719 2335 2754 habet
2351 2730 2406 2754 ra-

1364 2782 1485 2822 tiones,
1502 2783 1541 2814 ut
1556 2780 1700 2814 diximus
1717 2790 1724 2809 :
1740 2788 1895 2812 numeros
1913 2781 2025 2812 eutem
2043 2779 2165 2813 formas
2184 2778 2408 2822 nominabant,

1362 2843 1400 2873 ut
1417 2840 1542 2872 dictum
1556 2841 1618 2881 est,
1637 2841 1671 2872 et
1689 2839 1759 2881 ipse
1783 2838 1919 2880 quidem
1931 2837 1964 2870 in
1979 2837 2018 2870 iis
2041 2847 2116 2879 quae
2131 2838 2314 2879 sequuntur
2333 2837 2381 2870 ait
2397 2847 2406 2867 z

1362 2901 1460 2941 atque
1473 2899 1572 2932 etiam
1590 2899 1678 2931 recte
1696 2898 1841 2931 sentiunt
1856 2896 1914 2940 qui
1932 2897 2079 2930 animum
2098 2896 2270 2939 perhibent
2285 2883 2406 2930 foi-ma-

1362 2969 1436 2992 rum
1454 2960 1565 2992 locum
1576 2983 1585 2999 ,
1605 2958 1742 3001 ideoque
1759 2965 1932 2990 numerum
1948 2969 1957 2998 ;
1985 2964 2021 2989 se
2043 2956 2151 2998 ipsum
2168 2965 2250 2989 vero
2269 2964 2407 2989 moven-

1361 3020 1428 3052 tem
1452 3018 1529 3060 quia
1541 3026 1598 3060 per
1621 3007 1656 3050 se
1675 3016 1776 3057 vivit,
1797 3024 1903 3057 neque
1915 3015 2000 3048 enim
2015 3016 2058 3048 ab
2077 3015 2140 3048 alio
2152 3015 2187 3048 in
2207 3015 2314 3048 lucem
2329 3025 2407 3048 sus-

1360 3079 1477 3118 ceptus
1493 3078 1562 3117 est,
1577 3086 1681 3119 quum
1697 3076 1767 3118 ipsa
1782 3075 1863 3108 vitai
1875 3074 1933 3108 lux
1950 3074 2006 3108 sit.

1403 3139 1454 3168 40.
1475 3135 1562 3168 Talis
1586 3135 1684 3168 etiam
1709 3134 1808 3167 animi
1832 3133 1978 3166 definitio
1994 3135 2066 3174 est,
2081 3133 2109 3166 si
2127 3141 2283 3166 numerus
2300 3134 2352 3166 est
2367 3141 2404 3166 se

1362 3196 1467 3238 ipsum
1486 3204 1622 3234 movens
1640 3208 1648 3227 z
1673 3193 1794 3227 etenim
1809 3193 1897 3234 quod
1925 3202 1960 3225 sc
1977 3193 2086 3234 ipsum
2113 3191 2240 3232 movet,
2261 3182 2403 3225 est'ani-

1360 3260 1452 3292 mus,
1472 3253 1511 3283 ut
1528 3251 1622 3284 Plato
1643 3249 1801 3283 definivit.
2387 3279 2390 3283 .

1400 3313 1452 3342 41.
1476 3309 1566 3343 Sicut
1593 3309 1691 3342 animi
1711 3304 1855 3342 definitio
1879 3316 2036 3341 numerus
2063 3316 2099 3340 se
2119 3307 2228 3350 ipsum
2248 3316 2401 3349 movens,

1359 3377 1434 3400 nam
1461 3368 1591 3402 numeri
1617 3378 1736 3402 nomen
1763 3377 1805 3401 ex
1836 3367 2017 3401 abundanti
2045 3366 2190 3409 positum
2214 3367 2266 3400 est
2296 3355 2403 3409 :quia

1358 3426 1445 3464 quod
1460 3435 1497 3458 se
1515 3426 1625 3468 ipsum
1646 3418 1776 3467 movet,
1801 3426 1923 3458 omisso
1940 3426 2069 3467 numeri
2087 3424 2239 3465 nomine,
2256 3424 2400 3456 animum

1355 3485 1490 3526 indicat,
1506 3487 1544 3519 ut
1561 3487 1654 3520 Plato
1669 3486 1703 3519 in
1727 3485 1864 3519 Phaedro
1887 3485 1933 3519 ait
1951 3484 2064 3518 dicens
2082 3497 2090 3516 :
2109 3483 2264 3526 quoniam
2283 3484 2397 3516 autem
