<?xml version="1.0" encoding="UTF-8"?>
<!DOCTYPE html PUBLIC "-//W3C//DTD XHTML 1.0 Transitional//EN"
    "http://www.w3.org/TR/xhtml1/DTD/xhtml1-transitional.dtd">
<html xmlns="http://www.w3.org/1999/xhtml" xml:lang="en" lang="en">
 <head>
  <title>
</title>
<meta http-equiv="Content-Type" content="text/html;charset=utf-8" />
  <meta name='ocr-system' content='tesseract 3.04.00' />
  <meta name='ocr-capabilities' content='ocr_page ocr_carea ocr_par ocr_line ocrx_word'/>
</head>
<body>
  <div class='ocr_page' id='page_1' title='image "./fragmentaphiloso03mulluoft_0210.png"; bbox 0 0 2528 3788; ppageno 0'>
   <div class='ocr_carea' id='block_1_1' title="bbox 304 206 379 244">
    <p class='ocr_par' dir='ltr' id='par_1_1' title="bbox 304 206 379 244">
     <span class='ocr_line' id='line_1_1' title="bbox 304 206 379 244; baseline 0 -1"><span class='ocrx_word' id='word_1_1' title='bbox 304 206 379 244; x_wconf 71' lang='lat'>494</span> 
     </span>
    </p>
   </div>
   <div class='ocr_carea' id='block_1_2' title="bbox 255 287 1328 3448">
    <p class='ocr_par' dir='ltr' id='par_1_2' title="bbox 289 287 1328 1163">
     <span class='ocr_line' id='line_1_2' title="bbox 300 287 1323 343; baseline 0.002 -14"><span class='ocrx_word' id='word_1_2' title='bbox 300 292 514 343; x_wconf 74' lang='grc' dir='ltr'>παραμενεῖς</span> <span class='ocrx_word' id='word_1_3' title='bbox 543 289 643 333; x_wconf 83' lang='grc' dir='ltr'>Τίνος</span> <span class='ocrx_word' id='word_1_4' title='bbox 675 287 785 332; x_wconf 80' lang='grc' dir='ltr'><strong>αἰτίας</strong></span> <span class='ocrx_word' id='word_1_5' title='bbox 820 290 1034 341; x_wconf 80' lang='grc' dir='ltr'>βιασαμένης</span> <span class='ocrx_word' id='word_1_6' title='bbox 1061 290 1123 338; x_wconf 82' lang='grc' dir='ltr'>τὴν</span> <span class='ocrx_word' id='word_1_7' title='bbox 1161 294 1220 331; x_wconf 78' lang='grc' dir='ltr'>τοῦ</span> <span class='ocrx_word' id='word_1_8' title='bbox 1247 295 1323 331; x_wconf 79' lang='grc' dir='ltr'>θεοῦ</span> 
     </span>
     <span class='ocr_line' id='line_1_3' title="bbox 300 347 1325 404; baseline 0.003 -17"><span class='ocrx_word' id='word_1_9' title='bbox 300 350 463 401; x_wconf 84' lang='grc' dir='ltr'>γνώμην;</span> <span class='ocrx_word' id='word_1_10' title='bbox 488 347 640 399; x_wconf 88' lang='grc' dir='ltr'>Πότερον</span> <span class='ocrx_word' id='word_1_11' title='bbox 659 350 718 394; x_wconf 75' lang='grc' dir='ltr'>τῆς</span> <span class='ocrx_word' id='word_1_12' title='bbox 737 347 771 392; x_wconf 80' lang='grc' dir='ltr'>ἐξ</span> <span class='ocrx_word' id='word_1_13' title='bbox 790 349 902 387; x_wconf 83' lang='grc' dir='ltr'>αὐτῶν</span> <span class='ocrx_word' id='word_1_14' title='bbox 918 351 985 388; x_wconf 79' lang='grc' dir='ltr'>τῶν</span> <span class='ocrx_word' id='word_1_15' title='bbox 1006 350 1197 403; x_wconf 85' lang='grc' dir='ltr'>γενομένων</span> <span class='ocrx_word' id='word_1_16' title='bbox 1223 351 1325 404; x_wconf 80' lang='grc' dir='ltr'>ἀνάγ·</span> 
     </span>
     <span class='ocr_line' id='line_1_4' title="bbox 298 404 1328 461; baseline 0.001 -15"><span class='ocrx_word' id='word_1_17' title='bbox 298 423 380 457; x_wconf 82' lang='grc' dir='ltr'>κης;</span> <span class='ocrx_word' id='word_1_18' title='bbox 415 407 503 448; x_wconf 81' lang='grc' dir='ltr'>Ἀλλ’</span> <span class='ocrx_word' id='word_1_19' title='bbox 540 404 627 452; x_wconf 81' lang='grc' dir='ltr'>αὐτή</span> <span class='ocrx_word' id='word_1_20' title='bbox 654 421 693 457; x_wconf 90' lang='grc' dir='ltr'>γε</span> <span class='ocrx_word' id='word_1_21' title='bbox 725 409 774 459; x_wconf 83' lang='grc' dir='ltr'>τῷ</span> <span class='ocrx_word' id='word_1_22' title='bbox 813 406 1001 459; x_wconf 81' lang='grc' dir='ltr'>προσέσθαι</span> <span class='ocrx_word' id='word_1_23' title='bbox 1032 409 1072 448; x_wconf 82' lang='grc' dir='ltr'>τὸ</span> <span class='ocrx_word' id='word_1_24' title='bbox 1111 413 1328 461; x_wconf 79' lang='grc' dir='ltr'>κοσμηθῆναι</span> 
     </span>
     <span class='ocr_line' id='line_1_5' title="bbox 296 461 1327 516; baseline 0.002 -11"><span class='ocrx_word' id='word_1_25' title='bbox 296 468 357 513; x_wconf 72' lang='grc' dir='ltr'>τὴν</span> <span class='ocrx_word' id='word_1_26' title='bbox 379 467 417 504; x_wconf 85' lang='grc' dir='ltr'>ἐκ</span> <span class='ocrx_word' id='word_1_27' title='bbox 436 469 511 503; x_wconf 75' lang='grc' dir='ltr'>θεοῦ</span> <span class='ocrx_word' id='word_1_28' title='bbox 532 463 845 516; x_wconf 82' lang='grc' dir='ltr'>προσωμολόγησεν</span> <span class='ocrx_word' id='word_1_29' title='bbox 861 461 981 514; x_wconf 69' lang='grc' dir='ltr'>ἧτταν.</span> <span class='ocrx_word' id='word_1_30' title='bbox 998 467 1086 507; x_wconf 85' lang='grc' dir='ltr'>Ἀλλ’</span> <span class='ocrx_word' id='word_1_31' title='bbox 1103 468 1223 514; x_wconf 83' lang='grc' dir='ltr'>ἔξωθέν</span> <span class='ocrx_word' id='word_1_32' title='bbox 1238 484 1327 513; x_wconf 87' lang='grc' dir='ltr'>τινος</span> 
     </span>
     <span class='ocr_line' id='line_1_6' title="bbox 295 521 1326 578; baseline 0.004 -16"><span class='ocrx_word' id='word_1_33' title='bbox 295 524 406 568; x_wconf 81' lang='grc' dir='ltr'>αἰτίας</span> <span class='ocrx_word' id='word_1_34' title='bbox 420 521 737 574; x_wconf 83' lang='grc' dir='ltr'>ἀνταγωνιζομένης</span> <span class='ocrx_word' id='word_1_35' title='bbox 753 526 801 575; x_wconf 83' lang='grc' dir='ltr'>τῷ</span> <span class='ocrx_word' id='word_1_36' title='bbox 816 527 900 578; x_wconf 83' lang='grc' dir='ltr'>θεῷ;</span> <span class='ocrx_word' id='word_1_37' title='bbox 921 525 1012 564; x_wconf 88' lang='grc' dir='ltr'>Ἀλλ’</span> <span class='ocrx_word' id='word_1_38' title='bbox 1030 525 1101 565; x_wconf 84' lang='grc' dir='ltr'>οὔτ’</span> <span class='ocrx_word' id='word_1_39' title='bbox 1115 526 1208 565; x_wconf 87' lang='grc' dir='ltr'>ἔστιν</span> <span class='ocrx_word' id='word_1_40' title='bbox 1220 557 1230 575; x_wconf 89' lang='grc'>,</span> <span class='ocrx_word' id='word_1_41' title='bbox 1249 526 1326 566; x_wconf 83' lang='grc' dir='ltr'>οὔτε</span> 
     </span>
     <span class='ocr_line' id='line_1_7' title="bbox 294 577 1325 635; baseline 0.002 -14"><span class='ocrx_word' id='word_1_42' title='bbox 294 586 328 622; x_wconf 86' lang='grc' dir='ltr'>ἐν</span> <span class='ocrx_word' id='word_1_43' title='bbox 352 577 399 627; x_wconf 68' lang='grc' dir='ltr'>οἷς</span> <span class='ocrx_word' id='word_1_44' title='bbox 420 583 505 635; x_wconf 80' lang='grc' dir='ltr'>ἔφθη</span> <span class='ocrx_word' id='word_1_45' title='bbox 525 583 705 635; x_wconf 81' lang='grc' dir='ltr'>κρατήσας</span> <span class='ocrx_word' id='word_1_46' title='bbox 724 583 784 621; x_wconf 77' lang='grc' dir='ltr'>καὶ</span> <span class='ocrx_word' id='word_1_47' title='bbox 803 585 983 635; x_wconf 82' lang='grc' dir='ltr'>κοσμήσας</span> <span class='ocrx_word' id='word_1_48' title='bbox 1005 587 1023 622; x_wconf 81' lang='grc' dir='ltr'><strong>ὃ</strong></span> <span class='ocrx_word' id='word_1_49' title='bbox 1053 585 1146 634; x_wconf 86' lang='grc' dir='ltr'>θεός,</span> <span class='ocrx_word' id='word_1_50' title='bbox 1166 585 1216 623; x_wconf 91' lang='grc' dir='ltr'>ἔτι</span> <span class='ocrx_word' id='word_1_51' title='bbox 1235 584 1325 630; x_wconf 83' lang='grc' dir='ltr'>ἄξιον</span> 
     </span>
     <span class='ocr_line' id='line_1_8' title="bbox 293 639 1326 693; baseline 0.002 -14"><span class='ocrx_word' id='word_1_52' title='bbox 293 642 327 679; x_wconf 85' lang='grc' dir='ltr'>ἐν</span> <span class='ocrx_word' id='word_1_53' title='bbox 350 639 481 684; x_wconf 79' lang='grc' dir='ltr'>τούτοις</span> <span class='ocrx_word' id='word_1_54' title='bbox 502 639 604 679; x_wconf 84' lang='grc' dir='ltr'>αὐτὸν</span> <span class='ocrx_word' id='word_1_55' title='bbox 624 641 788 679; x_wconf 77' lang='grc' dir='ltr'>ἐλαττοῦν</span> <span class='ocrx_word' id='word_1_56' title='bbox 810 657 923 693; x_wconf 89' lang='grc' dir='ltr'>τινος,</span> <span class='ocrx_word' id='word_1_57' title='bbox 948 641 980 681; x_wconf 85' lang='grc' dir='ltr'>εἴ</span> <span class='ocrx_word' id='word_1_58' title='bbox 999 658 1038 693; x_wconf 89' lang='grc' dir='ltr'>γε</span> <span class='ocrx_word' id='word_1_59' title='bbox 1059 642 1108 693; x_wconf 83' lang='grc' dir='ltr'>μὴ</span> <span class='ocrx_word' id='word_1_60' title='bbox 1124 642 1326 683; x_wconf 87' lang='grc' dir='ltr'>παντάπασι</span> 
     </span>
     <span class='ocr_line' id='line_1_9' title="bbox 294 699 1324 754; baseline 0.002 -15"><span class='ocrx_word' id='word_1_61' title='bbox 294 701 506 750; x_wconf 86' lang='grc' dir='ltr'>λανθάνομεν</span> <span class='ocrx_word' id='word_1_62' title='bbox 527 703 619 750; x_wconf 79' lang='grc' dir='ltr'>ἡμᾶς</span> <span class='ocrx_word' id='word_1_63' title='bbox 651 699 773 744; x_wconf 75' lang='grc' dir='ltr'>αὐτοὺς</span> <span class='ocrx_word' id='word_1_64' title='bbox 796 701 875 753; x_wconf 77' lang='grc' dir='ltr'>περὶ</span> <span class='ocrx_word' id='word_1_65' title='bbox 901 703 962 746; x_wconf 73' lang='grc' dir='ltr'>τῆς</span> <span class='ocrx_word' id='word_1_66' title='bbox 980 700 1146 754; x_wconf 84' lang='grc' dir='ltr'>μεγίστης</span> <span class='ocrx_word' id='word_1_67' title='bbox 1159 701 1219 740; x_wconf 82' lang='grc' dir='ltr'>καὶ</span> <span class='ocrx_word' id='word_1_68' title='bbox 1239 705 1324 742; x_wconf 86' lang='grc' dir='ltr'>θειο·</span> 
     </span>
     <span class='ocr_line' id='line_1_10' title="bbox 292 759 1325 813; baseline 0.001 -16"><span class='ocrx_word' id='word_1_69' title='bbox 292 759 398 806; x_wconf 87' lang='grc' dir='ltr'>τάτης</span> <span class='ocrx_word' id='word_1_70' title='bbox 418 759 595 810; x_wconf 87' lang='grc' dir='ltr'>δυνάμεως</span> <span class='ocrx_word' id='word_1_71' title='bbox 616 759 866 811; x_wconf 83' lang='grc' dir='ltr'>διαλεγόμενοι.</span> <span class='ocrx_word' id='word_1_72' title='bbox 890 760 994 798; x_wconf 82' lang='grc' dir='ltr'>Ἀλλὰ</span> <span class='ocrx_word' id='word_1_73' title='bbox 1013 760 1080 812; x_wconf 84' lang='grc' dir='ltr'>γὰρ</span> <span class='ocrx_word' id='word_1_74' title='bbox 1104 761 1150 804; x_wconf 82' lang='grc' dir='ltr'>εἷς</span> <span class='ocrx_word' id='word_1_75' title='bbox 1167 759 1225 799; x_wconf 87' lang='grc' dir='ltr'>τὸν</span> <span class='ocrx_word' id='word_1_76' title='bbox 1245 760 1325 813; x_wconf 79' lang='grc' dir='ltr'>περὶ</span> 
     </span>
     <span class='ocr_line' id='line_1_11' title="bbox 296 817 1323 870; baseline 0.002 -14"><span class='ocrx_word' id='word_1_77' title='bbox 296 821 352 865; x_wconf 78' lang='grc' dir='ltr'>τῆς</span> <span class='ocrx_word' id='word_1_78' title='bbox 385 818 545 864; x_wconf 80' lang='grc' dir='ltr'>ἀληθείας</span> <span class='ocrx_word' id='word_1_79' title='bbox 563 817 662 869; x_wconf 89' lang='grc' dir='ltr'>λόγον</span> <span class='ocrx_word' id='word_1_80' title='bbox 685 817 846 870; x_wconf 82' lang='grc' dir='ltr'>ἐοίκαμεν</span> <span class='ocrx_word' id='word_1_81' title='bbox 867 819 933 857; x_wconf 80' lang='grc' dir='ltr'>ὑπὸ</span> <span class='ocrx_word' id='word_1_82' title='bbox 962 818 1155 870; x_wconf 84' lang='grc' dir='ltr'>προθυμίας</span> <span class='ocrx_word' id='word_1_83' title='bbox 1183 819 1265 870; x_wconf 84' lang='grc' dir='ltr'>ἐκφέ</span> <span class='ocrx_word' id='word_1_84' title='bbox 1289 835 1323 858; x_wconf 95' lang='grc' dir='ltr'>ε-</span> 
     </span>
     <span class='ocr_line' id='line_1_12' title="bbox 292 836 1322 930; baseline 0.002 -16"><span class='ocrx_word' id='word_1_85' title='bbox 292 881 386 917; x_wconf 87' lang='grc' dir='ltr'>σθαι.</span> <span class='ocrx_word' id='word_1_86' title='bbox 415 879 527 925; x_wconf 81' lang='grc' dir='ltr'>Δῆλον</span> <span class='ocrx_word' id='word_1_87' title='bbox 551 877 611 928; x_wconf 83' lang='grc' dir='ltr'>μὲν</span> <span class='ocrx_word' id='word_1_88' title='bbox 645 877 704 916; x_wconf 83' lang='grc' dir='ltr'>καὶ</span> <span class='ocrx_word' id='word_1_89' title='bbox 723 877 741 916; x_wconf 81' lang='grc' dir='ltr'>ὃ</span> <span class='ocrx_word' id='word_1_90' title='bbox 763 877 1000 930; x_wconf 77' lang='grc' dir='ltr'>προύθέμεθα,</span> <span class='ocrx_word' id='word_1_91' title='bbox 1020 880 1065 922; x_wconf 82' lang='grc' dir='ltr'>ὡς</span> <span class='ocrx_word' id='word_1_92' title='bbox 1095 880 1156 916; x_wconf 84' lang='grc' dir='ltr'>οὐκ</span> <span class='ocrx_word' id='word_1_93' title='bbox 1184 877 1225 916; x_wconf 81' lang='grc' dir='ltr'>ἂν</span> <span class='ocrx_word' id='word_1_94' title='bbox 1259 836 1322 917; x_wconf 58' lang='grc' dir='ltr'>εςεν</span> 
     </span>
     <span class='ocr_line' id='line_1_13' title="bbox 291 935 1322 990; baseline 0.002 -17"><span class='ocrx_word' id='word_1_95' title='bbox 291 936 492 975; x_wconf 67' lang='grc' dir='ltr'>διδάσκαλοι</span> <span class='ocrx_word' id='word_1_96' title='bbox 511 936 590 989; x_wconf 85' lang='grc' dir='ltr'>περὶ</span> <span class='ocrx_word' id='word_1_97' title='bbox 611 935 741 986; x_wconf 82' lang='grc' dir='ltr'>κόσμου</span> <span class='ocrx_word' id='word_1_98' title='bbox 762 938 927 988; x_wconf 83' lang='grc' dir='ltr'>γενέσεως</span> <span class='ocrx_word' id='word_1_99' title='bbox 953 940 983 976; x_wconf 80' lang='grc' dir='ltr'>οἱ</span> <span class='ocrx_word' id='word_1_100' title='bbox 1004 936 1091 987; x_wconf 81' lang='grc' dir='ltr'>μηδὲ</span> <span class='ocrx_word' id='word_1_101' title='bbox 1117 937 1179 985; x_wconf 89' lang='grc' dir='ltr'>τὴν</span> <span class='ocrx_word' id='word_1_102' title='bbox 1212 938 1322 990; x_wconf 81' lang='grc' dir='ltr'>ἀρχὴν</span> 
     </span>
     <span class='ocr_line' id='line_1_14' title="bbox 290 994 1322 1048; baseline 0 -15"><span class='ocrx_word' id='word_1_103' title='bbox 290 994 420 1044; x_wconf 86' lang='grc' dir='ltr'>γένεσιν</span> <span class='ocrx_word' id='word_1_104' title='bbox 442 994 667 1037; x_wconf 84' lang='grc' dir='ltr'>ἀπολιπόντες</span> <span class='ocrx_word' id='word_1_105' title='bbox 688 996 795 1048; x_wconf 80' lang='grc' dir='ltr'>αὐτῷ.</span> <span class='ocrx_word' id='word_1_106' title='bbox 819 996 889 1035; x_wconf 84' lang='grc' dir='ltr'>Καὶ</span> <span class='ocrx_word' id='word_1_107' title='bbox 912 995 979 1046; x_wconf 83' lang='grc' dir='ltr'>μὴν</span> <span class='ocrx_word' id='word_1_108' title='bbox 1000 995 1058 1034; x_wconf 84' lang='grc' dir='ltr'>καὶ</span> <span class='ocrx_word' id='word_1_109' title='bbox 1076 994 1155 1047; x_wconf 82' lang='grc' dir='ltr'>περὶ</span> <span class='ocrx_word' id='word_1_110' title='bbox 1175 998 1236 1042; x_wconf 74' lang='grc' dir='ltr'>τῆς</span> <span class='ocrx_word' id='word_1_111' title='bbox 1253 998 1322 1033; x_wconf 84' lang='grc' dir='ltr'>τῶν</span> 
     </span>
     <span class='ocr_line' id='line_1_15' title="bbox 291 1053 1322 1107; baseline 0.002 -16"><span class='ocrx_word' id='word_1_112' title='bbox 291 1053 464 1104; x_wconf 86' lang='grc' dir='ltr'>σωμάτων</span> <span class='ocrx_word' id='word_1_113' title='bbox 485 1053 649 1105; x_wconf 84' lang='grc' dir='ltr'>πέμπτης</span> <span class='ocrx_word' id='word_1_114' title='bbox 671 1054 807 1102; x_wconf 79' lang='grc' dir='ltr'>οὐσίας,</span> <span class='ocrx_word' id='word_1_115' title='bbox 827 1054 869 1101; x_wconf 81' lang='grc' dir='ltr'>ἣν</span> <span class='ocrx_word' id='word_1_116' title='bbox 891 1055 1100 1106; x_wconf 80' lang='grc' dir='ltr'>εἰσηγήσατο</span> <span class='ocrx_word' id='word_1_117' title='bbox 1128 1053 1322 1107; x_wconf 85' lang='grc' dir='ltr'>Ἀριστοτέ-</span> 
     </span>
     <span class='ocr_line' id='line_1_16' title="bbox 289 1113 746 1163; baseline 0.004 -14"><span class='ocrx_word' id='word_1_118' title='bbox 289 1114 374 1162; x_wconf 83' lang='grc' dir='ltr'>λης,</span> <span class='ocrx_word' id='word_1_119' title='bbox 396 1116 505 1150; x_wconf 72' lang='grc' dir='ltr'>ταῦτα</span> <span class='ocrx_word' id='word_1_120' title='bbox 523 1113 746 1163; x_wconf 83' lang='grc' dir='ltr'>παραθετέον.</span> 
     </span>
    </p>

    <p class='ocr_par' dir='ltr' id='par_1_3' title="bbox 255 1170 1323 3214">
     <span class='ocr_line' id='line_1_17' title="bbox 344 1170 1322 1223; baseline 0.001 -15"><span class='ocrx_word' id='word_1_121' title='bbox 344 1170 555 1223; x_wconf 84' lang='lat' dir='ltr'>(Eusebius</span> <span class='ocrx_word' id='word_1_122' title='bbox 577 1172 747 1223; x_wconf 84' lang='lat' dir='ltr'>Praepar.</span> <span class='ocrx_word' id='word_1_123' title='bbox 767 1172 909 1221; x_wconf 83' lang='lat' dir='ltr'>Evang.</span> <span class='ocrx_word' id='word_1_124' title='bbox 933 1171 1003 1211; x_wconf 91' lang='lat' dir='ltr'>lib.</span> <span class='ocrx_word' id='word_1_125' title='bbox 1030 1171 1099 1211; x_wconf 92' lang='lat' dir='ltr'>XV</span> <span class='ocrx_word' id='word_1_126' title='bbox 1120 1185 1201 1222; x_wconf 88' lang='lat' dir='ltr'>cap.</span> <span class='ocrx_word' id='word_1_127' title='bbox 1224 1172 1245 1208; x_wconf 89' lang='lat'>6</span> <span class='ocrx_word' id='word_1_128' title='bbox 1263 1175 1322 1209; x_wconf 83' lang='grc' dir='ltr'>τοῦ</span> 
     </span>
     <span class='ocr_line' id='line_1_18' title="bbox 290 1229 1322 1282; baseline 0.001 -14"><span class='ocrx_word' id='word_1_129' title='bbox 290 1231 393 1268; x_wconf 79' lang='grc' dir='ltr'>αὖτοῧ</span> <span class='ocrx_word' id='word_1_130' title='bbox 421 1229 505 1281; x_wconf 83' lang='grc' dir='ltr'>πρὸς</span> <span class='ocrx_word' id='word_1_131' title='bbox 525 1230 582 1268; x_wconf 81' lang='grc' dir='ltr'>τὸν</span> <span class='ocrx_word' id='word_1_132' title='bbox 612 1230 713 1269; x_wconf 83' lang='grc' dir='ltr'>αὐτόν</span> <span class='ocrx_word' id='word_1_133' title='bbox 722 1260 733 1278; x_wconf 88' lang='grc'>,</span> <span class='ocrx_word' id='word_1_134' title='bbox 750 1229 963 1282; x_wconf 82' lang='grc' dir='ltr'>διενεχθέντα</span> <span class='ocrx_word' id='word_1_135' title='bbox 986 1232 1109 1269; x_wconf 89' lang='grc' dir='ltr'>Μωσεῖ</span> <span class='ocrx_word' id='word_1_136' title='bbox 1136 1229 1196 1268; x_wconf 82' lang='grc' dir='ltr'>καὶ</span> <span class='ocrx_word' id='word_1_137' title='bbox 1220 1231 1322 1269; x_wconf 84' lang='grc' dir='ltr'>Πλά-</span> 
     </span>
     <span class='ocr_line' id='line_1_19' title="bbox 290 1282 1323 1341; baseline -0.001 -14"><span class='ocrx_word' id='word_1_138' title='bbox 290 1305 394 1336; x_wconf 87' lang='grc' dir='ltr'>τωνι,</span> <span class='ocrx_word' id='word_1_139' title='bbox 420 1289 479 1326; x_wconf 78' lang='grc' dir='ltr'>καὶ</span> <span class='ocrx_word' id='word_1_140' title='bbox 510 1290 543 1327; x_wconf 81' lang='grc' dir='ltr'>ἐν</span> <span class='ocrx_word' id='word_1_141' title='bbox 564 1292 614 1341; x_wconf 85' lang='grc' dir='ltr'>τῷ</span> <span class='ocrx_word' id='word_1_142' title='bbox 645 1289 693 1339; x_wconf 85' lang='grc' dir='ltr'>μὴ</span> <span class='ocrx_word' id='word_1_143' title='bbox 730 1291 922 1341; x_wconf 76' lang='grc' dir='ltr'>συγχωρεῖν</span> <span class='ocrx_word' id='word_1_144' title='bbox 957 1289 1119 1338; x_wconf 86' lang='grc' dir='ltr'>γεννητὸν</span> <span class='ocrx_word' id='word_1_145' title='bbox 1151 1282 1238 1326; x_wconf 65' lang='grc' dir='ltr'>εἶναι</span> <span class='ocrx_word' id='word_1_146' title='bbox 1266 1289 1323 1327; x_wconf 64' lang='grc' dir='ltr'>τὸν</span> 
     </span>
     <span class='ocr_line' id='line_1_20' title="bbox 289 1347 1316 1402; baseline -0.001 -15"><span class='ocrx_word' id='word_1_147' title='bbox 289 1348 428 1398; x_wconf 89' lang='grc' dir='ltr'>κόσμον.</span> <span class='ocrx_word' id='word_1_148' title='bbox 448 1348 592 1398; x_wconf 83' lang='lat' dir='ltr'><strong>Scripsi</strong></span> <span class='ocrx_word' id='word_1_149' title='bbox 615 1363 623 1385; x_wconf 91' lang='lat'>:</span> <span class='ocrx_word' id='word_1_150' title='bbox 641 1353 653 1370; x_wconf 78' lang='lat'>‘¹</span> <span class='ocrx_word' id='word_1_151' title='bbox 674 1348 791 1395; x_wconf 83' lang='grc' dir='ltr'>ἐπειδὴ</span> <span class='ocrx_word' id='word_1_152' title='bbox 806 1348 886 1400; x_wconf 89' lang='grc' dir='ltr'>γάρ,</span> <span class='ocrx_word' id='word_1_153' title='bbox 905 1349 1007 1400; x_wconf 84' lang='grc' dir='ltr'>φησί,</span> <span class='ocrx_word' id='word_1_154' title='bbox 1023 1348 1206 1398; x_wconf 84' lang='grc' dir='ltr'>γεγένησθε</span> <span class='ocrx_word' id='word_1_155' title='bbox 1222 1347 1316 1402; x_wconf 85' lang='grc' dir='ltr'>κτλ.]</span> 
     </span>
     <span class='ocr_line' id='line_1_21' title="bbox 289 1406 1322 1453; baseline -0.001 -8"><span class='ocrx_word' id='word_1_156' title='bbox 289 1422 374 1445; x_wconf 89' lang='lat' dir='ltr'>cum</span> <span class='ocrx_word' id='word_1_157' title='bbox 396 1406 551 1444; x_wconf 83' lang='lat' dir='ltr'>Eusebii</span> <span class='ocrx_word' id='word_1_158' title='bbox 576 1407 688 1453; x_wconf 80' lang='lat' dir='ltr'>codd3</span> <span class='ocrx_word' id='word_1_159' title='bbox 710 1407 884 1444; x_wconf 79' lang='lat' dir='ltr'>Platonis</span> <span class='ocrx_word' id='word_1_160' title='bbox 904 1407 1013 1444; x_wconf 84' lang='lat' dir='ltr'>locus</span> <span class='ocrx_word' id='word_1_161' title='bbox 1036 1415 1092 1444; x_wconf 83' lang='lat' dir='ltr'>est</span> <span class='ocrx_word' id='word_1_162' title='bbox 1113 1407 1154 1444; x_wconf 93' lang='lat' dir='ltr'>in</span> <span class='ocrx_word' id='word_1_163' title='bbox 1176 1406 1322 1444; x_wconf 82' lang='lat' dir='ltr'>Timaeo</span> 
     </span>
     <span class='ocr_line' id='line_1_22' title="bbox 291 1464 1322 1516; baseline 0 -14"><span class='ocrx_word' id='word_1_164' title='bbox 291 1479 378 1516; x_wconf 75' lang='lat' dir='ltr'>pag.</span> <span class='ocrx_word' id='word_1_165' title='bbox 408 1471 453 1508; x_wconf 76' lang='lat'>41</span> <span class='ocrx_word' id='word_1_166' title='bbox 483 1464 526 1501; x_wconf 85' lang='grc' dir='ltr'>δι’</span> <span class='ocrx_word' id='word_1_167' title='bbox 559 1464 580 1502; x_wconf 82' lang='grc' dir='ltr'>ἃ</span> <span class='ocrx_word' id='word_1_168' title='bbox 602 1464 659 1502; x_wconf 84' lang='grc' dir='ltr'>καὶ</span> <span class='ocrx_word' id='word_1_169' title='bbox 683 1465 826 1516; x_wconf 85' lang='grc' dir='ltr'>ἐπείπερ</span> <span class='ocrx_word' id='word_1_170' title='bbox 845 1464 1051 1515; x_wconf 86' lang='grc' dir='ltr'>γεγένησθε,</span> <span class='ocrx_word' id='word_1_171' title='bbox 1073 1464 1237 1502; x_wconf 83' lang='grc' dir='ltr'>ἀθάνατοι</span> <span class='ocrx_word' id='word_1_172' title='bbox 1260 1464 1322 1514; x_wconf 81' lang='grc' dir='ltr'>μὲν</span> 
     </span>
     <span class='ocr_line' id='line_1_23' title="bbox 287 1522 1321 1573; baseline 0 -11"><span class='ocrx_word' id='word_1_173' title='bbox 287 1526 349 1562; x_wconf 83' lang='grc' dir='ltr'>οὐκ</span> <span class='ocrx_word' id='word_1_174' title='bbox 371 1522 446 1561; x_wconf 83' lang='grc' dir='ltr'>ἐστὲ</span> <span class='ocrx_word' id='word_1_175' title='bbox 479 1522 548 1560; x_wconf 79' lang='grc' dir='ltr'>οὐδ’</span> <span class='ocrx_word' id='word_1_176' title='bbox 569 1523 688 1561; x_wconf 89' lang='grc' dir='ltr'>ἄλυτοι</span> <span class='ocrx_word' id='word_1_177' title='bbox 708 1523 745 1561; x_wconf 85' lang='grc' dir='ltr'>τὸ</span> <span class='ocrx_word' id='word_1_178' title='bbox 764 1523 913 1573; x_wconf 86' lang='grc' dir='ltr'>πάμπαν</span> <span class='ocrx_word' id='word_1_179' title='bbox 927 1554 937 1572; x_wconf 81' lang='lat'>‚</span> <span class='ocrx_word' id='word_1_180' title='bbox 960 1523 1033 1561; x_wconf 87' lang='grc' dir='ltr'>οὔτι</span> <span class='ocrx_word' id='word_1_181' title='bbox 1058 1522 1119 1572; x_wconf 81' lang='grc' dir='ltr'>μὲν</span> <span class='ocrx_word' id='word_1_182' title='bbox 1145 1522 1185 1569; x_wconf 79' lang='grc' dir='ltr'>δὴ</span> <span class='ocrx_word' id='word_1_183' title='bbox 1212 1523 1321 1570; x_wconf 79' lang='grc' dir='ltr'>λυθή-</span> 
     </span>
     <span class='ocr_line' id='line_1_24' title="bbox 288 1580 1320 1633; baseline 0 -13"><span class='ocrx_word' id='word_1_184' title='bbox 288 1582 387 1620; x_wconf 83' lang='grc' dir='ltr'>σεσθέ</span> <span class='ocrx_word' id='word_1_185' title='bbox 406 1597 444 1632; x_wconf 86' lang='grc' dir='ltr'>γε</span> <span class='ocrx_word' id='word_1_186' title='bbox 464 1581 539 1618; x_wconf 75' lang='grc' dir='ltr'>οὐδὲ</span> <span class='ocrx_word' id='word_1_187' title='bbox 555 1580 711 1625; x_wconf 77' lang='grc' dir='ltr'>τεύξεσθε</span> <span class='ocrx_word' id='word_1_188' title='bbox 728 1581 876 1619; x_wconf 87' lang='grc' dir='ltr'>θανάτου</span> <span class='ocrx_word' id='word_1_189' title='bbox 897 1580 1039 1633; x_wconf 86' lang='grc' dir='ltr'>μοίρας,</span> <span class='ocrx_word' id='word_1_190' title='bbox 1057 1584 1117 1628; x_wconf 74' lang='grc' dir='ltr'>τῆς</span> <span class='ocrx_word' id='word_1_191' title='bbox 1140 1583 1226 1631; x_wconf 77' lang='grc' dir='ltr'>ἐμῆς</span> <span class='ocrx_word' id='word_1_192' title='bbox 1243 1585 1320 1633; x_wconf 87' lang='grc' dir='ltr'>βου-</span> 
     </span>
     <span class='ocr_line' id='line_1_25' title="bbox 286 1638 1322 1692; baseline 0.002 -16"><span class='ocrx_word' id='word_1_193' title='bbox 286 1639 419 1686; x_wconf 85' lang='grc' dir='ltr'>λήσεως</span> <span class='ocrx_word' id='word_1_194' title='bbox 449 1638 600 1688; x_wconf 79' lang='grc' dir='ltr'>μείζονος</span> <span class='ocrx_word' id='word_1_195' title='bbox 619 1639 669 1676; x_wconf 87' lang='grc' dir='ltr'>ἔτι</span> <span class='ocrx_word' id='word_1_196' title='bbox 691 1640 818 1689; x_wconf 77' lang='grc' dir='ltr'>δεσμοῦ</span> <span class='ocrx_word' id='word_1_197' title='bbox 836 1639 896 1677; x_wconf 82' lang='grc' dir='ltr'>καὶ</span> <span class='ocrx_word' id='word_1_198' title='bbox 923 1639 1131 1692; x_wconf 82' lang='grc' dir='ltr'>κυριωτέρου</span> <span class='ocrx_word' id='word_1_199' title='bbox 1158 1639 1322 1692; x_wconf 79' lang='grc' dir='ltr'>λαχόντες</span> 
     </span>
     <span class='ocr_line' id='line_1_26' title="bbox 287 1690 1320 1748; baseline 0.002 -15"><span class='ocrx_word' id='word_1_200' title='bbox 287 1695 423 1734; x_wconf 78' lang='grc' dir='ltr'>ἐκείνων</span> <span class='ocrx_word' id='word_1_201' title='bbox 445 1690 493 1740; x_wconf 68' lang='grc' dir='ltr'>οἷς</span> <span class='ocrx_word' id='word_1_202' title='bbox 513 1696 566 1735; x_wconf 82' lang='grc' dir='ltr'>ὅτ’</span> <span class='ocrx_word' id='word_1_203' title='bbox 582 1697 757 1748; x_wconf 81' lang='grc' dir='ltr'>ἐγίγνεσθε</span> <span class='ocrx_word' id='word_1_204' title='bbox 779 1697 978 1741; x_wconf 80' lang='grc' dir='ltr'>ξυνεδεῒσθε.</span> <span class='ocrx_word' id='word_1_205' title='bbox 999 1698 1058 1736; x_wconf 88' lang='lat' dir='ltr'>Cf.</span> <span class='ocrx_word' id='word_1_206' title='bbox 1079 1695 1243 1735; x_wconf 59' lang='lat' dir='ltr'>Photius&#39;</span> <span class='ocrx_word' id='word_1_207' title='bbox 1259 1699 1320 1735; x_wconf 85' lang='lat' dir='ltr'>Bi-</span> 
     </span>
     <span class='ocr_line' id='line_1_27' title="bbox 286 1755 1322 1807; baseline 0.002 -14"><span class='ocrx_word' id='word_1_208' title='bbox 286 1755 421 1795; x_wconf 78' lang='lat' dir='ltr'>blioth.</span> <span class='ocrx_word' id='word_1_209' title='bbox 442 1769 528 1807; x_wconf 84' lang='lat' dir='ltr'>pag.</span> <span class='ocrx_word' id='word_1_210' title='bbox 550 1770 625 1805; x_wconf 83' lang='lat'>9⁰0</span> <span class='ocrx_word' id='word_1_211' title='bbox 641 1757 706 1806; x_wconf 89' lang='lat' dir='ltr'>qui</span> <span class='ocrx_word' id='word_1_212' title='bbox 731 1769 801 1807; x_wconf 84' lang='lat' dir='ltr'>pro</span> <span class='ocrx_word' id='word_1_213' title='bbox 829 1757 1012 1807; x_wconf 84' lang='grc' dir='ltr'>γεγένησθε</span> <span class='ocrx_word' id='word_1_214' title='bbox 1032 1756 1147 1794; x_wconf 86' lang='lat' dir='ltr'>habet</span> <span class='ocrx_word' id='word_1_215' title='bbox 1168 1757 1322 1807; x_wconf 81' lang='grc' dir='ltr'>ἐγένεσθε</span> 
     </span>
     <span class='ocr_line' id='line_1_28' title="bbox 288 1811 1322 1865; baseline 0.003 -14"><span class='ocrx_word' id='word_1_216' title='bbox 288 1823 402 1864; x_wconf 82' lang='lat' dir='ltr'>atque</span> <span class='ocrx_word' id='word_1_217' title='bbox 423 1814 461 1851; x_wconf 91' lang='lat' dir='ltr'>in</span> <span class='ocrx_word' id='word_1_218' title='bbox 484 1814 732 1864; x_wconf 85' lang='lat' dir='ltr'>sequentibus</span> <span class='ocrx_word' id='word_1_219' title='bbox 753 1813 845 1853; x_wconf 89' lang='grc' dir='ltr'>οὔτοι</span> <span class='ocrx_word' id='word_1_220' title='bbox 864 1811 901 1865; x_wconf 82' lang='grc' dir='ltr'>γε</span> <span class='ocrx_word' id='word_1_221' title='bbox 924 1815 991 1864; x_wconf 74' lang='grc' dir='ltr'>μὴν</span> <span class='ocrx_word' id='word_1_222' title='bbox 1013 1815 1216 1861; x_wconf 76' lang='grc' dir='ltr'>λυθήσεσθε.</span> <span class='ocrx_word' id='word_1_223' title='bbox 1238 1839 1290 1844; x_wconf 85' lang='lat'>-—</span> <span class='ocrx_word' id='word_1_224' title='bbox 1307 1815 1322 1839; x_wconf 75' lang='lat'>¹³</span> 
     </span>
     <span class='ocr_line' id='line_1_29' title="bbox 287 1872 1316 1924; baseline 0.003 -14"><span class='ocrx_word' id='word_1_225' title='bbox 287 1873 362 1911; x_wconf 79' lang='grc' dir='ltr'>οὐδὲ</span> <span class='ocrx_word' id='word_1_226' title='bbox 378 1873 454 1910; x_wconf 81' lang='grc' dir='ltr'>καθ’</span> <span class='ocrx_word' id='word_1_227' title='bbox 473 1872 573 1910; x_wconf 83' lang='grc' dir='ltr'>αὑτὸν</span> <span class='ocrx_word' id='word_1_228' title='bbox 589 1873 833 1924; x_wconf 88' lang='grc' dir='ltr'>περαίνοντος]</span> <span class='ocrx_word' id='word_1_229' title='bbox 847 1887 868 1911; x_wconf 90' lang='lat' dir='ltr'>e</span> <span class='ocrx_word' id='word_1_230' title='bbox 884 1873 1011 1923; x_wconf 86' lang='lat' dir='ltr'>Vigeri</span> <span class='ocrx_word' id='word_1_231' title='bbox 1028 1875 1316 1918; x_wconf 83' lang='lat' dir='ltr'>emendatione;</span> 
     </span>
     <span class='ocr_line' id='line_1_30' title="bbox 287 1929 1318 1985; baseline 0.002 -17"><span class='ocrx_word' id='word_1_232' title='bbox 287 1931 398 1970; x_wconf 79' lang='lat' dir='ltr'>codd.</span> <span class='ocrx_word' id='word_1_233' title='bbox 419 1929 495 1968; x_wconf 79' lang='grc' dir='ltr'>οὐδὲ</span> <span class='ocrx_word' id='word_1_234' title='bbox 515 1931 591 1969; x_wconf 84' lang='grc' dir='ltr'>καθ’</span> <span class='ocrx_word' id='word_1_235' title='bbox 611 1934 714 1969; x_wconf 78' lang='grc' dir='ltr'>αὑτοῦ</span> <span class='ocrx_word' id='word_1_236' title='bbox 735 1932 964 1984; x_wconf 84' lang='grc' dir='ltr'>περαίνοντος.</span> <span class='ocrx_word' id='word_1_237' title='bbox 985 1954 1038 1962; x_wconf 93' lang='grc'>-</span> <span class='ocrx_word' id='word_1_238' title='bbox 1057 1938 1071 1956; x_wconf 79' lang='lat'><strong>⁰</strong></span> <span class='ocrx_word' id='word_1_239' title='bbox 1092 1933 1318 1985; x_wconf 84' lang='grc' dir='ltr'>κρατύνεσθαι</span> 
     </span>
     <span class='ocr_line' id='line_1_31' title="bbox 286 2060 1319 2100; baseline 0.003 -9"><span class='ocrx_word' id='word_1_240' title='bbox 286 2060 438 2100; x_wconf 87' lang='lat' dir='ltr'>plurima,</span> <span class='ocrx_word' id='word_1_241' title='bbox 471 2069 573 2100; x_wconf 90' lang='lat' dir='ltr'>quum</span> <span class='ocrx_word' id='word_1_242' title='bbox 600 2061 699 2093; x_wconf 88' lang='lat' dir='ltr'>semel</span> <span class='ocrx_word' id='word_1_243' title='bbox 732 2061 900 2093; x_wconf 85' lang='lat' dir='ltr'>hominum</span> <span class='ocrx_word' id='word_1_244' title='bbox 920 2061 1065 2094; x_wconf 87' lang='lat' dir='ltr'>studium</span> <span class='ocrx_word' id='word_1_245' title='bbox 1100 2072 1137 2094; x_wconf 85' lang='lat' dir='ltr'>ac</span> <span class='ocrx_word' id='word_1_246' title='bbox 1166 2063 1319 2095; x_wconf 87' lang='lat' dir='ltr'>voluntas</span> 
     </span>
     <span class='ocr_line' id='line_1_32' title="bbox 287 2118 1322 2163; baseline 0.004 -13"><span class='ocrx_word' id='word_1_247' title='bbox 287 2118 479 2158; x_wconf 84' lang='lat' dir='ltr'>accesserit,</span> <span class='ocrx_word' id='word_1_248' title='bbox 499 2118 626 2150; x_wconf 82' lang='lat' dir='ltr'>infinito</span> <span class='ocrx_word' id='word_1_249' title='bbox 645 2121 792 2160; x_wconf 88' lang='lat' dir='ltr'>tempore</span> <span class='ocrx_word' id='word_1_250' title='bbox 812 2120 908 2153; x_wconf 88' lang='lat' dir='ltr'>eliam</span> <span class='ocrx_word' id='word_1_251' title='bbox 928 2121 1002 2161; x_wconf 87' lang='lat' dir='ltr'>post</span> <span class='ocrx_word' id='word_1_252' title='bbox 1018 2121 1156 2152; x_wconf 89' lang='lat' dir='ltr'>mortem</span> <span class='ocrx_word' id='word_1_253' title='bbox 1180 2121 1250 2162; x_wconf 82' lang='lat' dir='ltr'>ejus</span> <span class='ocrx_word' id='word_1_254' title='bbox 1266 2120 1322 2163; x_wconf 89' lang='lat' dir='ltr'>qui</span> 
     </span>
     <span class='ocr_line' id='line_1_33' title="bbox 285 2177 1303 2219; baseline 0.002 -10"><span class='ocrx_word' id='word_1_255' title='bbox 285 2178 332 2209; x_wconf 85' lang='lat' dir='ltr'>ita</span> <span class='ocrx_word' id='word_1_256' title='bbox 352 2177 500 2209; x_wconf 82' lang='lat' dir='ltr'>voluerat</span> <span class='ocrx_word' id='word_1_257' title='bbox 519 2178 695 2209; x_wconf 78' lang='lat' dir='ltr'>constituta</span> <span class='ocrx_word' id='word_1_258' title='bbox 711 2182 842 2209; x_wconf 88' lang='lat' dir='ltr'>manent</span> <span class='ocrx_word' id='word_1_259' title='bbox 866 2193 874 2209; x_wconf 86' lang='lat'>:</span> <span class='ocrx_word' id='word_1_260' title='bbox 900 2187 974 2219; x_wconf 81' lang='lat' dir='ltr'>quae</span> <span class='ocrx_word' id='word_1_261' title='bbox 991 2188 1068 2210; x_wconf 83' lang='lat' dir='ltr'>vero</span> <span class='ocrx_word' id='word_1_262' title='bbox 1087 2179 1138 2211; x_wconf 89' lang='lat' dir='ltr'>dei</span> <span class='ocrx_word' id='word_1_263' title='bbox 1155 2181 1227 2211; x_wconf 87' lang='lat' dir='ltr'>orta</span> <span class='ocrx_word' id='word_1_264' title='bbox 1242 2188 1303 2211; x_wconf 88' lang='lat' dir='ltr'>con</span> 
     </span>
     <span class='ocr_line' id='line_1_34' title="bbox 286 2235 1320 2278; baseline 0.002 -11"><span class='ocrx_word' id='word_1_265' title='bbox 286 2235 376 2276; x_wconf 82' lang='lat' dir='ltr'>silio,</span> <span class='ocrx_word' id='word_1_266' title='bbox 398 2245 471 2276; x_wconf 77' lang='lat' dir='ltr'>quae</span> <span class='ocrx_word' id='word_1_267' title='bbox 494 2237 624 2277; x_wconf 87' lang='lat' dir='ltr'>propter</span> <span class='ocrx_word' id='word_1_268' title='bbox 643 2235 751 2276; x_wconf 91' lang='lat' dir='ltr'>ipsum</span> <span class='ocrx_word' id='word_1_269' title='bbox 783 2238 880 2276; x_wconf 82' lang='lat' dir='ltr'>atque</span> <span class='ocrx_word' id='word_1_270' title='bbox 899 2236 940 2268; x_wconf 89' lang='lat' dir='ltr'>ab</span> <span class='ocrx_word' id='word_1_271' title='bbox 963 2236 1036 2278; x_wconf 88' lang='lat' dir='ltr'>ipso</span> <span class='ocrx_word' id='word_1_272' title='bbox 1062 2237 1206 2278; x_wconf 78' lang='lat' dir='ltr'>perfecta</span> <span class='ocrx_word' id='word_1_273' title='bbox 1237 2237 1320 2277; x_wconf 90' lang='lat' dir='ltr'>sint,</span> 
     </span>
     <span class='ocr_line' id='line_1_35' title="bbox 285 2294 1322 2337; baseline 0.001 -10"><span class='ocrx_word' id='word_1_274' title='bbox 285 2303 323 2327; x_wconf 88' lang='lat' dir='ltr'>ea</span> <span class='ocrx_word' id='word_1_275' title='bbox 341 2297 502 2335; x_wconf 86' lang='lat' dir='ltr'>praesente</span> <span class='ocrx_word' id='word_1_276' title='bbox 523 2294 680 2326; x_wconf 88' lang='lat' dir='ltr'>videlicet</span> <span class='ocrx_word' id='word_1_277' title='bbox 695 2294 850 2327; x_wconf 80' lang='lat' dir='ltr'>effectore</span> <span class='ocrx_word' id='word_1_278' title='bbox 875 2294 1001 2337; x_wconf 88' lang='lat' dir='ltr'>dilapsa</span> <span class='ocrx_word' id='word_1_279' title='bbox 1021 2296 1221 2328; x_wconf 81' lang='lat' dir='ltr'>interibunt?</span> <span class='ocrx_word' id='word_1_280' title='bbox 1239 2298 1322 2334; x_wconf 84' lang='lat' dir='ltr'>Quae</span> 
     </span>
     <span class='ocr_line' id='line_1_36' title="bbox 285 2353 1322 2387; baseline 0.001 -1"><span class='ocrx_word' id='word_1_281' title='bbox 285 2362 384 2386; x_wconf 86' lang='lat' dir='ltr'>causa</span> <span class='ocrx_word' id='word_1_282' title='bbox 399 2355 525 2385; x_wconf 81' lang='lat' dir='ltr'>tantam</span> <span class='ocrx_word' id='word_1_283' title='bbox 546 2354 612 2385; x_wconf 89' lang='lat' dir='ltr'>vim</span> <span class='ocrx_word' id='word_1_284' title='bbox 631 2353 746 2385; x_wconf 75' lang='lat' dir='ltr'>asseret</span> <span class='ocrx_word' id='word_1_285' title='bbox 758 2353 879 2385; x_wconf 72' lang='lat' dir='ltr'>divinae</span> <span class='ocrx_word' id='word_1_286' title='bbox 896 2354 1078 2386; x_wconf 77' lang='lat' dir='ltr'>voluntati?</span> <span class='ocrx_word' id='word_1_287' title='bbox 1098 2357 1147 2386; x_wconf 86' lang='lat' dir='ltr'>An</span> <span class='ocrx_word' id='word_1_288' title='bbox 1169 2364 1207 2386; x_wconf 86' lang='lat' dir='ltr'>ex</span> <span class='ocrx_word' id='word_1_289' title='bbox 1223 2355 1322 2387; x_wconf 88' lang='lat' dir='ltr'>rebus</span> 
     </span>
     <span class='ocr_line' id='line_1_37' title="bbox 287 2411 1321 2453; baseline 0.001 -9"><span class='ocrx_word' id='word_1_290' title='bbox 287 2412 382 2453; x_wconf 87' lang='lat' dir='ltr'>ipsis,</span> <span class='ocrx_word' id='word_1_291' title='bbox 403 2421 478 2452; x_wconf 82' lang='lat' dir='ltr'>quae</span> <span class='ocrx_word' id='word_1_292' title='bbox 507 2411 601 2443; x_wconf 82' lang='lat' dir='ltr'>factae</span> <span class='ocrx_word' id='word_1_293' title='bbox 621 2412 701 2450; x_wconf 87' lang='lat' dir='ltr'>sint,</span> <span class='ocrx_word' id='word_1_294' title='bbox 734 2412 878 2452; x_wconf 78' lang='lat' dir='ltr'>profecta</span> <span class='ocrx_word' id='word_1_295' title='bbox 904 2413 1105 2444; x_wconf 79' lang='lat' dir='ltr'>necessitas?</span> <span class='ocrx_word' id='word_1_296' title='bbox 1126 2413 1166 2444; x_wconf 80' lang='lat' dir='ltr'>At</span> <span class='ocrx_word' id='word_1_297' title='bbox 1190 2412 1243 2444; x_wconf 89' lang='lat' dir='ltr'>illa</span> <span class='ocrx_word' id='word_1_298' title='bbox 1269 2412 1321 2445; x_wconf 86' lang='lat' dir='ltr'>vel</span> 
     </span>
     <span class='ocr_line' id='line_1_38' title="bbox 286 2470 1322 2511; baseline 0.002 -9"><span class='ocrx_word' id='word_1_299' title='bbox 286 2471 346 2502; x_wconf 83' lang='lat' dir='ltr'>hoc</span> <span class='ocrx_word' id='word_1_300' title='bbox 367 2470 456 2511; x_wconf 85' lang='lat' dir='ltr'>ipso,</span> <span class='ocrx_word' id='word_1_301' title='bbox 477 2470 566 2511; x_wconf 92' lang='lat' dir='ltr'>quod</span> <span class='ocrx_word' id='word_1_302' title='bbox 587 2470 661 2511; x_wconf 77' lang='lat' dir='ltr'>tingi</span> <span class='ocrx_word' id='word_1_303' title='bbox 686 2479 742 2502; x_wconf 87' lang='lat' dir='ltr'>eas</span> <span class='ocrx_word' id='word_1_304' title='bbox 768 2470 961 2511; x_wconf 82' lang='lat' dir='ltr'>disponique</span> <span class='ocrx_word' id='word_1_305' title='bbox 979 2471 1078 2511; x_wconf 84' lang='lat' dir='ltr'>sivit,</span> <span class='ocrx_word' id='word_1_306' title='bbox 1103 2471 1225 2504; x_wconf 85' lang='lat' dir='ltr'>victam</span> <span class='ocrx_word' id='word_1_307' title='bbox 1252 2481 1287 2504; x_wconf 90' lang='lat' dir='ltr'>se</span> <span class='ocrx_word' id='word_1_308' title='bbox 1303 2480 1322 2503; x_wconf 87' lang='lat' dir='ltr'>a</span> 
     </span>
     <span class='ocr_line' id='line_1_39' title="bbox 285 2528 1322 2570; baseline 0.002 -10"><span class='ocrx_word' id='word_1_309' title='bbox 285 2528 347 2561; x_wconf 88' lang='lat' dir='ltr'>deo</span> <span class='ocrx_word' id='word_1_310' title='bbox 360 2538 431 2562; x_wconf 85' lang='lat' dir='ltr'>esse</span> <span class='ocrx_word' id='word_1_311' title='bbox 447 2529 594 2561; x_wconf 85' lang='lat' dir='ltr'>confessa</span> <span class='ocrx_word' id='word_1_312' title='bbox 610 2531 681 2561; x_wconf 81' lang='lat' dir='ltr'>est?</span> <span class='ocrx_word' id='word_1_313' title='bbox 699 2530 748 2560; x_wconf 84' lang='lat' dir='ltr'>An</span> <span class='ocrx_word' id='word_1_314' title='bbox 762 2529 824 2561; x_wconf 88' lang='lat' dir='ltr'>deo</span> <span class='ocrx_word' id='word_1_315' title='bbox 840 2538 938 2561; x_wconf 84' lang='lat' dir='ltr'>causa</span> <span class='ocrx_word' id='word_1_316' title='bbox 953 2529 1103 2570; x_wconf 88' lang='lat' dir='ltr'>quaedam</span> <span class='ocrx_word' id='word_1_317' title='bbox 1120 2530 1322 2562; x_wconf 86' lang='lat' dir='ltr'>extrinsecus</span> 
     </span>
     <span class='ocr_line' id='line_1_40' title="bbox 287 2587 1320 2630; baseline 0.001 -10"><span class='ocrx_word' id='word_1_318' title='bbox 287 2587 502 2620; x_wconf 74' lang='lat' dir='ltr'>adversatur?</span> <span class='ocrx_word' id='word_1_319' title='bbox 523 2591 565 2621; x_wconf 87' lang='lat' dir='ltr'>At</span> <span class='ocrx_word' id='word_1_320' title='bbox 585 2596 644 2619; x_wconf 87' lang='lat' dir='ltr'>nec</span> <span class='ocrx_word' id='word_1_321' title='bbox 665 2587 731 2619; x_wconf 85' lang='lat' dir='ltr'>ulla</span> <span class='ocrx_word' id='word_1_322' title='bbox 749 2588 824 2619; x_wconf 82' lang='lat' dir='ltr'>talis</span> <span class='ocrx_word' id='word_1_323' title='bbox 843 2589 911 2628; x_wconf 86' lang='lat' dir='ltr'>est,</span> <span class='ocrx_word' id='word_1_324' title='bbox 934 2597 993 2620; x_wconf 90' lang='lat' dir='ltr'>nec</span> <span class='ocrx_word' id='word_1_325' title='bbox 1012 2588 1038 2620; x_wconf 89' lang='lat' dir='ltr'>si</span> <span class='ocrx_word' id='word_1_326' title='bbox 1061 2590 1167 2629; x_wconf 88' lang='lat' dir='ltr'>esset,</span> <span class='ocrx_word' id='word_1_327' title='bbox 1189 2597 1320 2630; x_wconf 84' lang='lat' dir='ltr'>aequum</span> 
     </span>
     <span class='ocr_line' id='line_1_41' title="bbox 290 2645 1322 2686; baseline 0.002 -8"><span class='ocrx_word' id='word_1_328' title='bbox 290 2648 399 2678; x_wconf 84' lang='lat' dir='ltr'>tamen</span> <span class='ocrx_word' id='word_1_329' title='bbox 427 2645 528 2685; x_wconf 81' lang='lat' dir='ltr'>soret,</span> <span class='ocrx_word' id='word_1_330' title='bbox 550 2645 667 2685; x_wconf 88' lang='lat' dir='ltr'>deum,</span> <span class='ocrx_word' id='word_1_331' title='bbox 687 2646 806 2686; x_wconf 85' lang='lat' dir='ltr'>quibus</span> <span class='ocrx_word' id='word_1_332' title='bbox 832 2646 865 2677; x_wconf 91' lang='lat' dir='ltr'>in</span> <span class='ocrx_word' id='word_1_333' title='bbox 894 2647 992 2679; x_wconf 89' lang='lat' dir='ltr'>rebus</span> <span class='ocrx_word' id='word_1_334' title='bbox 1014 2646 1113 2679; x_wconf 88' lang='lat' dir='ltr'>etiam</span> <span class='ocrx_word' id='word_1_335' title='bbox 1134 2646 1322 2680; x_wconf 79' lang='lat' dir='ltr'>ordinandis</span> 
     </span>
     <span class='ocr_line' id='line_1_42' title="bbox 255 2702 1320 2746; baseline 0.003 -12"><span class='ocrx_word' id='word_1_336' title='bbox 255 2713 257 2715; x_wconf 94' lang='lat'>·</span> <span class='ocrx_word' id='word_1_337' title='bbox 287 2703 432 2744; x_wconf 74' lang='lat' dir='ltr'>superior</span> <span class='ocrx_word' id='word_1_338' title='bbox 451 2704 518 2743; x_wconf 82' lang='lat' dir='ltr'>jam</span> <span class='ocrx_word' id='word_1_339' title='bbox 539 2702 634 2734; x_wconf 81' lang='lat' dir='ltr'>fucrit</span> <span class='ocrx_word' id='word_1_340' title='bbox 647 2727 654 2741; x_wconf 87' lang='lat'>,</span> <span class='ocrx_word' id='word_1_341' title='bbox 676 2704 706 2734; x_wconf 90' lang='lat' dir='ltr'>in</span> <span class='ocrx_word' id='word_1_342' title='bbox 735 2703 786 2734; x_wconf 88' lang='lat' dir='ltr'>his</span> <span class='ocrx_word' id='word_1_343' title='bbox 807 2703 886 2744; x_wconf 83' lang='lat' dir='ltr'>ipsis</span> <span class='ocrx_word' id='word_1_344' title='bbox 910 2704 1019 2746; x_wconf 81' lang='lat' dir='ltr'>aliqua</span> <span class='ocrx_word' id='word_1_345' title='bbox 1036 2704 1168 2736; x_wconf 87' lang='lat' dir='ltr'>demum</span> <span class='ocrx_word' id='word_1_346' title='bbox 1185 2704 1320 2737; x_wconf 85' lang='lat' dir='ltr'>inferio-</span> 
     </span>
     <span class='ocr_line' id='line_1_43' title="bbox 287 2761 1322 2805; baseline 0.003 -12"><span class='ocrx_word' id='word_1_347' title='bbox 287 2770 355 2793; x_wconf 84' lang='lat' dir='ltr'>rern</span> <span class='ocrx_word' id='word_1_348' title='bbox 373 2761 446 2793; x_wconf 89' lang='lat' dir='ltr'>duci</span> <span class='ocrx_word' id='word_1_349' title='bbox 469 2775 476 2793; x_wconf 76' lang='lat' dir='ltr'><strong><em>z</em></strong></span> <span class='ocrx_word' id='word_1_350' title='bbox 496 2762 555 2793; x_wconf 87' lang='lat' dir='ltr'>uisi</span> <span class='ocrx_word' id='word_1_351' title='bbox 575 2762 657 2793; x_wconf 79' lang='lat' dir='ltr'>[orte</span> <span class='ocrx_word' id='word_1_352' title='bbox 674 2762 766 2793; x_wconf 88' lang='lat' dir='ltr'>uobis</span> <span class='ocrx_word' id='word_1_353' title='bbox 783 2762 823 2794; x_wconf 91' lang='lat' dir='ltr'>de</span> <span class='ocrx_word' id='word_1_354' title='bbox 839 2771 968 2795; x_wconf 91' lang='lat' dir='ltr'>summo</span> <span class='ocrx_word' id='word_1_355' title='bbox 986 2764 1194 2805; x_wconf 82' lang='lat' dir='ltr'>maximeque</span> <span class='ocrx_word' id='word_1_356' title='bbox 1210 2763 1322 2797; x_wconf 89' lang='lat' dir='ltr'>divino</span> 
     </span>
     <span class='ocr_line' id='line_1_44' title="bbox 289 2820 1316 2862; baseline 0.003 -11"><span class='ocrx_word' id='word_1_357' title='bbox 289 2820 421 2852; x_wconf 87' lang='lat' dir='ltr'>numine</span> <span class='ocrx_word' id='word_1_358' title='bbox 441 2828 621 2852; x_wconf 84' lang='lat' dir='ltr'>sermonem</span> <span class='ocrx_word' id='word_1_359' title='bbox 644 2829 714 2852; x_wconf 87' lang='lat' dir='ltr'>esse</span> <span class='ocrx_word' id='word_1_360' title='bbox 731 2820 859 2861; x_wconf 87' lang='lat' dir='ltr'>penitus</span> <span class='ocrx_word' id='word_1_361' title='bbox 877 2821 1072 2862; x_wconf 83' lang='lat' dir='ltr'>ignoramus.</span> <span class='ocrx_word' id='word_1_362' title='bbox 1095 2823 1158 2855; x_wconf 86' lang='lat' dir='ltr'>Sed</span> <span class='ocrx_word' id='word_1_363' title='bbox 1174 2823 1261 2856; x_wconf 89' lang='lat' dir='ltr'>enim</span> <span class='ocrx_word' id='word_1_364' title='bbox 1282 2823 1316 2855; x_wconf 92' lang='lat' dir='ltr'>in</span> 
     </span>
     <span class='ocr_line' id='line_1_45' title="bbox 290 2879 1321 2923; baseline 0.004 -13"><span class='ocrx_word' id='word_1_365' title='bbox 290 2880 374 2911; x_wconf 86' lang='lat' dir='ltr'>hanc</span> <span class='ocrx_word' id='word_1_366' title='bbox 391 2879 432 2911; x_wconf 92' lang='lat' dir='ltr'>de</span> <span class='ocrx_word' id='word_1_367' title='bbox 452 2879 589 2911; x_wconf 84' lang='lat' dir='ltr'>veritate</span> <span class='ocrx_word' id='word_1_368' title='bbox 620 2879 871 2921; x_wconf 87' lang='lat' dir='ltr'>disputationem</span> <span class='ocrx_word' id='word_1_369' title='bbox 894 2880 1017 2913; x_wconf 84' lang='lat' dir='ltr'>acriore</span> <span class='ocrx_word' id='word_1_370' title='bbox 1045 2881 1189 2923; x_wconf 85' lang='lat' dir='ltr'>quodam</span> <span class='ocrx_word' id='word_1_371' title='bbox 1211 2881 1321 2914; x_wconf 84' lang='lat' dir='ltr'>studio</span> 
     </span>
     <span class='ocr_line' id='line_1_46' title="bbox 287 2937 1321 2982; baseline 0.002 -11"><span class='ocrx_word' id='word_1_372' title='bbox 287 2937 410 2980; x_wconf 84' lang='lat' dir='ltr'>delapsi</span> <span class='ocrx_word' id='word_1_373' title='bbox 422 2946 494 2970; x_wconf 86' lang='lat' dir='ltr'>esse</span> <span class='ocrx_word' id='word_1_374' title='bbox 509 2937 668 2970; x_wconf 85' lang='lat' dir='ltr'>videmur.</span> <span class='ocrx_word' id='word_1_375' title='bbox 683 2938 815 2970; x_wconf 85' lang='lat' dir='ltr'>Planum</span> <span class='ocrx_word' id='word_1_376' title='bbox 827 2938 957 2979; x_wconf 84' lang='lat' dir='ltr'>quidem</span> <span class='ocrx_word' id='word_1_377' title='bbox 974 2939 1055 2972; x_wconf 89' lang='lat' dir='ltr'>illud</span> <span class='ocrx_word' id='word_1_378' title='bbox 1072 2940 1218 2981; x_wconf 70' lang='lat' dir='ltr'>fecimus,</span> <span class='ocrx_word' id='word_1_379' title='bbox 1231 2940 1321 2982; x_wconf 91' lang='lat' dir='ltr'>quod</span> 
     </span>
     <span class='ocr_line' id='line_1_47' title="bbox 288 2995 1321 3038; baseline 0.002 -9"><span class='ocrx_word' id='word_1_380' title='bbox 288 2995 489 3038; x_wconf 81' lang='lat' dir='ltr'>propositum</span> <span class='ocrx_word' id='word_1_381' title='bbox 514 2995 608 3028; x_wconf 87' lang='lat' dir='ltr'>nobis</span> <span class='ocrx_word' id='word_1_382' title='bbox 626 2999 714 3036; x_wconf 81' lang='lat' dir='ltr'>erat,</span> <span class='ocrx_word' id='word_1_383' title='bbox 735 2996 775 3028; x_wconf 87' lang='lat' dir='ltr'>de</span> <span class='ocrx_word' id='word_1_384' title='bbox 796 2997 904 3029; x_wconf 87' lang='lat' dir='ltr'>mundi</span> <span class='ocrx_word' id='word_1_385' title='bbox 926 2998 1047 3037; x_wconf 80' lang='lat' dir='ltr'>origine</span> <span class='ocrx_word' id='word_1_386' title='bbox 1077 2998 1228 3031; x_wconf 84' lang='lat' dir='ltr'>doctores</span> <span class='ocrx_word' id='word_1_387' title='bbox 1248 2998 1321 3031; x_wconf 89' lang='lat' dir='ltr'>illos</span> 
     </span>
     <span class='ocr_line' id='line_1_48' title="bbox 287 3053 1322 3097; baseline 0 -10"><span class='ocrx_word' id='word_1_388' title='bbox 287 3062 451 3095; x_wconf 88' lang='lat' dir='ltr'>nunquam</span> <span class='ocrx_word' id='word_1_389' title='bbox 480 3053 627 3093; x_wconf 83' lang='lat' dir='ltr'>futuros,</span> <span class='ocrx_word' id='word_1_390' title='bbox 655 3053 711 3094; x_wconf 92' lang='lat' dir='ltr'>qui</span> <span class='ocrx_word' id='word_1_391' title='bbox 732 3062 773 3086; x_wconf 88' lang='lat' dir='ltr'>ne</span> <span class='ocrx_word' id='word_1_392' title='bbox 804 3054 902 3087; x_wconf 86' lang='lat' dir='ltr'>ullam</span> <span class='ocrx_word' id='word_1_393' title='bbox 922 3055 1055 3094; x_wconf 86' lang='lat' dir='ltr'>quidem</span> <span class='ocrx_word' id='word_1_394' title='bbox 1078 3055 1233 3097; x_wconf 84' lang='lat' dir='ltr'>originem</span> <span class='ocrx_word' id='word_1_395' title='bbox 1260 3055 1322 3097; x_wconf 89' lang='lat' dir='ltr'>ipsi</span> 
     </span>
     <span class='ocr_line' id='line_1_49' title="bbox 288 3112 1319 3155; baseline 0.001 -9"><span class='ocrx_word' id='word_1_396' title='bbox 288 3113 480 3154; x_wconf 86' lang='lat' dir='ltr'>relinquant.</span> <span class='ocrx_word' id='word_1_397' title='bbox 503 3112 665 3145; x_wconf 78' lang='lat' dir='ltr'>coeterum</span> <span class='ocrx_word' id='word_1_398' title='bbox 681 3112 720 3144; x_wconf 89' lang='lat' dir='ltr'>de</span> <span class='ocrx_word' id='word_1_399' title='bbox 735 3112 847 3152; x_wconf 86' lang='lat' dir='ltr'>quinta</span> <span class='ocrx_word' id='word_1_400' title='bbox 862 3112 960 3145; x_wconf 85' lang='lat' dir='ltr'>etiam</span> <span class='ocrx_word' id='word_1_401' title='bbox 976 3121 1151 3155; x_wconf 81' lang='lat' dir='ltr'>corporum</span> <span class='ocrx_word' id='word_1_402' title='bbox 1169 3114 1319 3154; x_wconf 85' lang='lat' dir='ltr'>essentia,</span> 
     </span>
     <span class='ocr_line' id='line_1_50' title="bbox 287 3170 1165 3214; baseline 0.001 -10"><span class='ocrx_word' id='word_1_403' title='bbox 287 3181 386 3214; x_wconf 79' lang='lat' dir='ltr'>quam</span> <span class='ocrx_word' id='word_1_404' title='bbox 403 3170 582 3204; x_wconf 74' lang='lat' dir='ltr'>introduxit</span> <span class='ocrx_word' id='word_1_405' title='bbox 598 3170 805 3210; x_wconf 79' lang='lat' dir='ltr'>Aristoteles,</span> <span class='ocrx_word' id='word_1_406' title='bbox 827 3171 898 3204; x_wconf 80' lang='lat' dir='ltr'>haec</span> <span class='ocrx_word' id='word_1_407' title='bbox 917 3171 1064 3204; x_wconf 82' lang='lat' dir='ltr'>addenda</span> <span class='ocrx_word' id='word_1_408' title='bbox 1081 3175 1165 3205; x_wconf 90' lang='lat' dir='ltr'>sunt.</span> 
     </span>
    </p>

    <p class='ocr_par' dir='ltr' id='par_1_4' title="bbox 289 3230 1320 3448">
     <span class='ocr_line' id='line_1_51' title="bbox 331 3230 1320 3273; baseline 0 -9"><span class='ocrx_word' id='word_1_409' title='bbox 331 3235 363 3264; x_wconf 87' lang='lat'>5.</span> <span class='ocrx_word' id='word_1_410' title='bbox 393 3232 476 3263; x_wconf 77' lang='lat' dir='ltr'>Nam</span> <span class='ocrx_word' id='word_1_411' title='bbox 494 3230 534 3262; x_wconf 89' lang='lat' dir='ltr'>de</span> <span class='ocrx_word' id='word_1_412' title='bbox 551 3230 591 3262; x_wconf 87' lang='lat' dir='ltr'>iis</span> <span class='ocrx_word' id='word_1_413' title='bbox 609 3239 684 3272; x_wconf 86' lang='lat' dir='ltr'>quae</span> <span class='ocrx_word' id='word_1_414' title='bbox 706 3232 802 3271; x_wconf 78' lang='lat' dir='ltr'>vulgo</span> <span class='ocrx_word' id='word_1_415' title='bbox 821 3230 975 3262; x_wconf 87' lang='lat' dir='ltr'>dicuntur</span> <span class='ocrx_word' id='word_1_416' title='bbox 992 3232 1167 3273; x_wconf 85' lang='lat' dir='ltr'>elementa,</span> <span class='ocrx_word' id='word_1_417' title='bbox 1194 3241 1236 3264; x_wconf 84' lang='lat' dir='ltr'>ex</span> <span class='ocrx_word' id='word_1_418' title='bbox 1251 3232 1320 3273; x_wconf 88' lang='lat' dir='ltr'>qui-</span> 
     </span>
     <span class='ocr_line' id='line_1_52' title="bbox 289 3289 1319 3332; baseline 0 -10"><span class='ocrx_word' id='word_1_419' title='bbox 289 3290 352 3323; x_wconf 89' lang='lat' dir='ltr'>bus</span> <span class='ocrx_word' id='word_1_420' title='bbox 368 3289 484 3331; x_wconf 83' lang='lat' dir='ltr'>primis</span> <span class='ocrx_word' id='word_1_421' title='bbox 502 3297 639 3330; x_wconf 84' lang='lat' dir='ltr'>corpora</span> <span class='ocrx_word' id='word_1_422' title='bbox 657 3290 807 3321; x_wconf 87' lang='lat' dir='ltr'>constant</span> <span class='ocrx_word' id='word_1_423' title='bbox 821 3314 829 3329; x_wconf 92' lang='lat'>‚</span> <span class='ocrx_word' id='word_1_424' title='bbox 852 3289 896 3321; x_wconf 88' lang='lat' dir='ltr'>ita</span> <span class='ocrx_word' id='word_1_425' title='bbox 912 3290 1003 3321; x_wconf 86' lang='lat' dir='ltr'>Plato</span> <span class='ocrx_word' id='word_1_426' title='bbox 1024 3291 1227 3331; x_wconf 79' lang='lat' dir='ltr'>superiorum</span> <span class='ocrx_word' id='word_1_427' title='bbox 1245 3290 1319 3332; x_wconf 85' lang='lat' dir='ltr'>phi-</span> 
     </span>
     <span class='ocr_line' id='line_1_53' title="bbox 291 3347 1320 3390; baseline 0 -9"><span class='ocrx_word' id='word_1_428' title='bbox 291 3348 499 3390; x_wconf 84' lang='lat' dir='ltr'>losophorum</span> <span class='ocrx_word' id='word_1_429' title='bbox 530 3347 679 3389; x_wconf 80' lang='lat' dir='ltr'>exemplo</span> <span class='ocrx_word' id='word_1_430' title='bbox 711 3348 915 3389; x_wconf 82' lang='lat' dir='ltr'>perspectam</span> <span class='ocrx_word' id='word_1_431' title='bbox 950 3348 1090 3380; x_wconf 86' lang='lat' dir='ltr'>istorum</span> <span class='ocrx_word' id='word_1_432' title='bbox 1126 3349 1320 3382; x_wconf 87' lang='lat' dir='ltr'>evidentiam</span> 
     </span>
     <span class='ocr_line' id='line_1_54' title="bbox 290 3394 1316 3448; baseline 0 -9"><span class='ocrx_word' id='word_1_433' title='bbox 290 3408 420 3440; x_wconf 86' lang='lat' dir='ltr'>secutus</span> <span class='ocrx_word' id='word_1_434' title='bbox 437 3405 607 3446; x_wconf 88' lang='lat' dir='ltr'>disseruit,</span> <span class='ocrx_word' id='word_1_435' title='bbox 626 3407 663 3438; x_wconf 85' lang='lat' dir='ltr'>ut</span> <span class='ocrx_word' id='word_1_436' title='bbox 680 3407 837 3447; x_wconf 82' lang='lat' dir='ltr'>quattuor</span> <span class='ocrx_word' id='word_1_437' title='bbox 850 3405 907 3438; x_wconf 85' lang='lat' dir='ltr'>illa</span> <span class='ocrx_word' id='word_1_438' title='bbox 924 3394 1051 3446; x_wconf 83' lang='lat' dir='ltr'>publice</span> <span class='ocrx_word' id='word_1_439' title='bbox 1070 3409 1199 3447; x_wconf 81' lang='lat' dir='ltr'>recepta</span> <span class='ocrx_word' id='word_1_440' title='bbox 1216 3415 1316 3448; x_wconf 88' lang='lat' dir='ltr'>pone-</span> 
     </span>
    </p>
   </div>
   <div class='ocr_carea' id='block_1_3' title="bbox 957 203 1756 247">
    <p class='ocr_par' dir='ltr' id='par_1_5' title="bbox 957 203 1756 247">
     <span class='ocr_line' id='line_1_55' title="bbox 957 203 1756 247; baseline 0.005 -4"><span class='ocrx_word' id='word_1_441' title='bbox 957 203 1121 244; x_wconf 86' lang='lat' dir='ltr'>ATTlCl</span> <span class='ocrx_word' id='word_1_442' title='bbox 1150 205 1419 246; x_wconf 84' lang='lat' dir='ltr'>PLATONICI</span> <span class='ocrx_word' id='word_1_443' title='bbox 1449 206 1756 247; x_wconf 88' lang='lat' dir='ltr'>PHILOSOPHI</span> 
     </span>
    </p>
   </div>
   <div class='ocr_carea' id='block_1_4' title="bbox 1389 287 2510 349">
    <p class='ocr_par' dir='ltr' id='par_1_6' title="bbox 1389 287 2510 349">
     <span class='ocr_line' id='line_1_56' title="bbox 1389 287 2510 349; baseline 0.005 -17"><span class='ocrx_word' id='word_1_444' title='bbox 1389 293 1580 346; x_wconf 81' lang='grc' dir='ltr'>ἄφθαρτον]</span> <span class='ocrx_word' id='word_1_445' title='bbox 1596 306 1617 332; x_wconf 89' lang='lat' dir='ltr'>e</span> <span class='ocrx_word' id='word_1_446' title='bbox 1633 294 1760 344; x_wconf 84' lang='lat' dir='ltr'>Vigeri</span> <span class='ocrx_word' id='word_1_447' title='bbox 1781 294 2172 344; x_wconf 74' lang='lat' dir='ltr'>emendatione311bri</span> <span class='ocrx_word' id='word_1_448' title='bbox 2189 295 2415 349; x_wconf 73' lang='grc' dir='ltr'>κρατύνεσθαι</span> <span class='ocrx_word' id='word_1_449' title='bbox 2454 335 2459 337; x_wconf 87' lang='grc'><em>,</em></span> <span class='ocrx_word' id='word_1_450' title='bbox 2508 287 2510 290; x_wconf 69' lang='lat'>,</span> 
     </span>
    </p>
   </div>
   <div class='ocr_carea' id='block_1_5' title="bbox 1382 350 2447 1928">
    <p class='ocr_par' dir='ltr' id='par_1_7' title="bbox 1384 350 2419 759">
     <span class='ocr_line' id='line_1_57' title="bbox 1387 350 2417 405; baseline 0.005 -15"><span class='ocrx_word' id='word_1_451' title='bbox 1387 351 1426 390; x_wconf 79' lang='grc' dir='ltr'>τὸ</span> <span class='ocrx_word' id='word_1_452' title='bbox 1446 352 1630 405; x_wconf 84' lang='grc' dir='ltr'>ἄφθαρτον.</span> <span class='ocrx_word' id='word_1_453' title='bbox 1651 374 1703 383; x_wconf 90' lang='grc'>-</span> <span class='ocrx_word' id='word_1_454' title='bbox 1719 350 1736 375; x_wconf 85' lang='lat'>‘¹</span> <span class='ocrx_word' id='word_1_455' title='bbox 1753 351 1812 391; x_wconf 76' lang='grc' dir='ltr'>ἐάν</span> <span class='ocrx_word' id='word_1_456' title='bbox 1832 352 1897 404; x_wconf 88' lang='grc' dir='ltr'>τις]</span> <span class='ocrx_word' id='word_1_457' title='bbox 1916 353 2146 393; x_wconf 81' lang='lat' dir='ltr'>membranae</span> <span class='ocrx_word' id='word_1_458' title='bbox 2163 353 2204 402; x_wconf 76' lang='grc' dir='ltr'>ἢν</span> <span class='ocrx_word' id='word_1_459' title='bbox 2221 354 2262 395; x_wconf 78' lang='grc' dir='ltr'>ἄν</span> <span class='ocrx_word' id='word_1_460' title='bbox 2279 371 2342 400; x_wconf 87' lang='grc' dir='ltr'>τις.</span> <span class='ocrx_word' id='word_1_461' title='bbox 2364 376 2417 386; x_wconf 90' lang='grc'>-</span> 
     </span>
     <span class='ocr_line' id='line_1_58' title="bbox 1388 411 2418 464; baseline 0.007 -16"><span class='ocrx_word' id='word_1_462' title='bbox 1388 415 1402 432; x_wconf 79' lang='lat'>‘³</span> <span class='ocrx_word' id='word_1_463' title='bbox 1425 411 1601 461; x_wconf 83' lang='grc' dir='ltr'>δυνάμεως</span> <span class='ocrx_word' id='word_1_464' title='bbox 1620 411 1812 463; x_wconf 82' lang='grc' dir='ltr'>ἐπινοήσῃ]</span> <span class='ocrx_word' id='word_1_465' title='bbox 1838 411 1928 450; x_wconf 79' lang='lat' dir='ltr'>libri</span> <span class='ocrx_word' id='word_1_466' title='bbox 1948 412 2123 464; x_wconf 87' lang='grc' dir='ltr'>δυνάμεως</span> <span class='ocrx_word' id='word_1_467' title='bbox 2151 414 2344 460; x_wconf 84' lang='grc' dir='ltr'>ἐπινοήσαι.</span> <span class='ocrx_word' id='word_1_468' title='bbox 2363 435 2418 445; x_wconf 88' lang='grc'>·-</span> 
     </span>
     <span class='ocr_line' id='line_1_59' title="bbox 1388 469 2414 522; baseline 0.004 -13"><span class='ocrx_word' id='word_1_469' title='bbox 1388 469 1400 493; x_wconf 70' lang='lat'><strong><em>¹</em></strong></span> <span class='ocrx_word' id='word_1_470' title='bbox 1420 473 1488 510; x_wconf 79' lang='grc' dir='ltr'>τῶν</span> <span class='ocrx_word' id='word_1_471' title='bbox 1510 471 1623 509; x_wconf 83' lang='grc' dir='ltr'>ἄλλων</span> <span class='ocrx_word' id='word_1_472' title='bbox 1640 471 1781 522; x_wconf 80' lang='grc' dir='ltr'>αἰτιῶν]</span> <span class='ocrx_word' id='word_1_473' title='bbox 1802 484 1824 509; x_wconf 86' lang='lat' dir='ltr'>e</span> <span class='ocrx_word' id='word_1_474' title='bbox 1847 470 1976 521; x_wconf 87' lang='lat' dir='ltr'>Vigeri</span> <span class='ocrx_word' id='word_1_475' title='bbox 1997 472 2281 521; x_wconf 82' lang='lat' dir='ltr'>emendatione;</span> <span class='ocrx_word' id='word_1_476' title='bbox 2303 472 2414 514; x_wconf 80' lang='lat' dir='ltr'>codd.</span> 
     </span>
     <span class='ocr_line' id='line_1_60' title="bbox 1387 529 2419 582; baseline 0.003 -14"><span class='ocrx_word' id='word_1_477' title='bbox 1387 532 1455 568; x_wconf 84' lang='grc' dir='ltr'>τῶν</span> <span class='ocrx_word' id='word_1_478' title='bbox 1474 530 1588 568; x_wconf 82' lang='grc' dir='ltr'>ἄλλων</span> <span class='ocrx_word' id='word_1_479' title='bbox 1605 529 1732 569; x_wconf 84' lang='grc' dir='ltr'>αἰτίαν.</span> <span class='ocrx_word' id='word_1_480' title='bbox 1755 551 1807 559; x_wconf 90' lang='grc'><strong>-</strong></span> <span class='ocrx_word' id='word_1_481' title='bbox 1826 534 1844 560; x_wconf 73' lang='lat'>⁸</span> <span class='ocrx_word' id='word_1_482' title='bbox 1862 529 2000 573; x_wconf 89' lang='grc' dir='ltr'>πάντως</span> <span class='ocrx_word' id='word_1_483' title='bbox 2020 530 2060 568; x_wconf 88' lang='grc' dir='ltr'>τό</span> <span class='ocrx_word' id='word_1_484' title='bbox 2075 530 2138 582; x_wconf 87' lang='grc' dir='ltr'>γε]</span> <span class='ocrx_word' id='word_1_485' title='bbox 2158 531 2270 570; x_wconf 85' lang='lat' dir='ltr'>codd.</span> <span class='ocrx_word' id='word_1_486' title='bbox 2290 531 2419 582; x_wconf 76' lang='grc' dir='ltr'>πάντας</span> 
     </span>
     <span class='ocr_line' id='line_1_61' title="bbox 1385 583 2416 646; baseline 0.003 -19"><span class='ocrx_word' id='word_1_487' title='bbox 1385 589 1479 640; x_wconf 86' lang='grc' dir='ltr'>τόγε.</span> <span class='ocrx_word' id='word_1_488' title='bbox 1500 611 1553 619; x_wconf 89' lang='grc'><strong>-</strong></span> <span class='ocrx_word' id='word_1_489' title='bbox 1573 591 1589 615; x_wconf 77' lang='lat'>¹¹</span> <span class='ocrx_word' id='word_1_490' title='bbox 1606 589 1675 641; x_wconf 82' lang='grc' dir='ltr'>εἴγε</span> <span class='ocrx_word' id='word_1_491' title='bbox 1696 589 1817 640; x_wconf 83' lang='grc' dir='ltr'>μέλλοι</span> <span class='ocrx_word' id='word_1_492' title='bbox 1842 604 1893 634; x_wconf 90' lang='grc' dir='ltr'>τις</span> <span class='ocrx_word' id='word_1_493' title='bbox 1913 589 2000 633; x_wconf 83' lang='grc' dir='ltr'>ὅλως</span> <span class='ocrx_word' id='word_1_494' title='bbox 2016 583 2102 628; x_wconf 73' lang='grc' dir='ltr'>εἶναι</span> <span class='ocrx_word' id='word_1_495' title='bbox 2126 589 2294 646; x_wconf 85' lang='grc' dir='ltr'>ποιητής]</span> <span class='ocrx_word' id='word_1_496' title='bbox 2313 603 2336 630; x_wconf 84' lang='lat' dir='ltr'>e</span> <span class='ocrx_word' id='word_1_497' title='bbox 2349 591 2416 630; x_wconf 80' lang='lat' dir='ltr'>Vi-</span> 
     </span>
     <span class='ocr_line' id='line_1_62' title="bbox 1386 648 2418 700; baseline 0.006 -16"><span class='ocrx_word' id='word_1_498' title='bbox 1386 648 1465 696; x_wconf 86' lang='lat' dir='ltr'>geri</span> <span class='ocrx_word' id='word_1_499' title='bbox 1484 648 1772 697; x_wconf 84' lang='lat' dir='ltr'>emendatione3</span> <span class='ocrx_word' id='word_1_500' title='bbox 1788 649 1901 689; x_wconf 87' lang='lat' dir='ltr'>codd.</span> <span class='ocrx_word' id='word_1_501' title='bbox 1923 649 1992 700; x_wconf 87' lang='grc' dir='ltr'>εἴγε</span> <span class='ocrx_word' id='word_1_502' title='bbox 2008 648 2130 700; x_wconf 88' lang='grc' dir='ltr'>μέλλοι</span> <span class='ocrx_word' id='word_1_503' title='bbox 2147 664 2197 694; x_wconf 85' lang='grc' dir='ltr'>τις</span> <span class='ocrx_word' id='word_1_504' title='bbox 2216 649 2304 694; x_wconf 80' lang='grc' dir='ltr'>ὅλως</span> <span class='ocrx_word' id='word_1_505' title='bbox 2318 664 2418 698; x_wconf 84' lang='grc' dir='ltr'>ποιη-</span> 
     </span>
     <span class='ocr_line' id='line_1_63' title="bbox 1384 706 1544 759; baseline 0.006 -14"><span class='ocrx_word' id='word_1_506' title='bbox 1384 706 1457 753; x_wconf 83' lang='grc' dir='ltr'>τής.</span> <span class='ocrx_word' id='word_1_507' title='bbox 1479 706 1544 759; x_wconf 88' lang='lat'>—)</span> 
     </span>
    </p>

    <p class='ocr_par' dir='ltr' id='par_1_8' title="bbox 1382 758 2447 1928">
     <span class='ocr_line' id='line_1_64' title="bbox 1438 758 2417 820; baseline 0.001 -15"><span class='ocrx_word' id='word_1_508' title='bbox 1438 781 1468 807; x_wconf 83' lang='lat'>5.</span> <span class='ocrx_word' id='word_1_509' title='bbox 1497 765 1583 819; x_wconf 77' lang='grc' dir='ltr'>Περὶ</span> <span class='ocrx_word' id='word_1_510' title='bbox 1608 769 1689 818; x_wconf 82' lang='grc' dir='ltr'>γοῦν</span> <span class='ocrx_word' id='word_1_511' title='bbox 1724 769 1792 806; x_wconf 82' lang='grc' dir='ltr'>τῶν</span> <span class='ocrx_word' id='word_1_512' title='bbox 1824 767 2045 818; x_wconf 84' lang='grc' dir='ltr'>καλουμένων</span> <span class='ocrx_word' id='word_1_513' title='bbox 2072 766 2271 820; x_wconf 83' lang='grc' dir='ltr'>στοιχείων,</span> <span class='ocrx_word' id='word_1_514' title='bbox 2303 765 2339 813; x_wconf 69' lang='grc' dir='ltr'>ἒξ</span> <span class='ocrx_word' id='word_1_515' title='bbox 2360 758 2417 806; x_wconf 61' lang='grc' dir='ltr'>ὃν</span> 
     </span>
     <span class='ocr_line' id='line_1_65' title="bbox 1384 823 2418 876; baseline 0.003 -15"><span class='ocrx_word' id='word_1_516' title='bbox 1384 824 1531 876; x_wconf 85' lang='grc' dir='ltr'>πρώτων</span> <span class='ocrx_word' id='word_1_517' title='bbox 1561 823 1708 874; x_wconf 86' lang='grc' dir='ltr'>σώματα</span> <span class='ocrx_word' id='word_1_518' title='bbox 1739 824 1954 875; x_wconf 79' lang='grc' dir='ltr'>συνέστηκε,</span> <span class='ocrx_word' id='word_1_519' title='bbox 1976 824 2129 864; x_wconf 87' lang='grc' dir='ltr'>Πλάτων</span> <span class='ocrx_word' id='word_1_520' title='bbox 2159 823 2222 876; x_wconf 88' lang='grc' dir='ltr'>μὲν</span> <span class='ocrx_word' id='word_1_521' title='bbox 2254 823 2418 876; x_wconf 70' lang='grc' dir='ltr'>ἑπόμενος</span> 
     </span>
     <span class='ocr_line' id='line_1_66' title="bbox 1384 883 2416 937; baseline 0.002 -17"><span class='ocrx_word' id='word_1_522' title='bbox 1384 885 1427 935; x_wconf 83' lang='grc' dir='ltr'>τῇ</span> <span class='ocrx_word' id='word_1_523' title='bbox 1450 883 1528 935; x_wconf 74' lang='grc' dir='ltr'>περὶ</span> <span class='ocrx_word' id='word_1_524' title='bbox 1557 883 1644 922; x_wconf 82' lang='grc' dir='ltr'>αὐτὰ</span> <span class='ocrx_word' id='word_1_525' title='bbox 1666 884 1848 936; x_wconf 76' lang='grc' dir='ltr'>ἐναργείᾳ,</span> <span class='ocrx_word' id='word_1_526' title='bbox 1879 885 2037 937; x_wconf 88' lang='grc' dir='ltr'>καθάπερ</span> <span class='ocrx_word' id='word_1_527' title='bbox 2065 884 2124 923; x_wconf 72' lang='grc' dir='ltr'>καὶ</span> <span class='ocrx_word' id='word_1_528' title='bbox 2144 886 2176 922; x_wconf 77' lang='grc' dir='ltr'>οἱ</span> <span class='ocrx_word' id='word_1_529' title='bbox 2195 883 2263 936; x_wconf 67' lang='grc' dir='ltr'>πρὸ</span> <span class='ocrx_word' id='word_1_530' title='bbox 2290 884 2416 934; x_wconf 71' lang='grc' dir='ltr'>αὐτῶ,</span> 
     </span>
     <span class='ocr_line' id='line_1_67' title="bbox 1384 937 2418 996; baseline 0.004 -18"><span class='ocrx_word' id='word_1_531' title='bbox 1384 941 1537 993; x_wconf 90' lang='grc' dir='ltr'>τέσσαρά</span> <span class='ocrx_word' id='word_1_532' title='bbox 1569 957 1605 979; x_wconf 89' lang='grc' dir='ltr'>τε</span> <span class='ocrx_word' id='word_1_533' title='bbox 1633 940 1758 994; x_wconf 79' lang='grc' dir='ltr'>ἔφησεν</span> <span class='ocrx_word' id='word_1_534' title='bbox 1792 937 1878 980; x_wconf 74' lang='grc' dir='ltr'>εἶναι</span> <span class='ocrx_word' id='word_1_535' title='bbox 1909 947 2018 981; x_wconf 83' lang='grc' dir='ltr'>ταῦτα</span> <span class='ocrx_word' id='word_1_536' title='bbox 2043 942 2328 995; x_wconf 84' lang='grc' dir='ltr'>ὁμολογούμενα,</span> <span class='ocrx_word' id='word_1_537' title='bbox 2349 946 2418 996; x_wconf 69' lang='grc' dir='ltr'>πῦρ</span> 
     </span>
     <span class='ocr_line' id='line_1_68' title="bbox 1384 999 2416 1056; baseline 0.002 -18"><span class='ocrx_word' id='word_1_538' title='bbox 1384 1000 1443 1039; x_wconf 88' lang='grc' dir='ltr'>καὶ</span> <span class='ocrx_word' id='word_1_539' title='bbox 1475 1002 1537 1052; x_wconf 77' lang='grc' dir='ltr'>γῆν</span> <span class='ocrx_word' id='word_1_540' title='bbox 1569 999 1628 1038; x_wconf 75' lang='grc' dir='ltr'>καὶ</span> <span class='ocrx_word' id='word_1_541' title='bbox 1661 999 1744 1052; x_wconf 87' lang='grc' dir='ltr'>ἀέρα</span> <span class='ocrx_word' id='word_1_542' title='bbox 1767 1002 1826 1039; x_wconf 82' lang='grc' dir='ltr'>καὶ</span> <span class='ocrx_word' id='word_1_543' title='bbox 1856 1000 1960 1052; x_wconf 81' lang='grc' dir='ltr'>ὕδωρ,</span> <span class='ocrx_word' id='word_1_544' title='bbox 1982 1001 2040 1040; x_wconf 78' lang='grc' dir='ltr'>καὶ</span> <span class='ocrx_word' id='word_1_545' title='bbox 2062 1003 2100 1040; x_wconf 80' lang='grc' dir='ltr'>ἐκ</span> <span class='ocrx_word' id='word_1_546' title='bbox 2125 1002 2251 1041; x_wconf 83' lang='grc' dir='ltr'>τούτων</span> <span class='ocrx_word' id='word_1_547' title='bbox 2273 1014 2416 1056; x_wconf 71' lang='grc' dir='ltr'>συγκρι-</span> 
     </span>
     <span class='ocr_line' id='line_1_69' title="bbox 1382 1057 2416 1112; baseline 0.004 -17"><span class='ocrx_word' id='word_1_548' title='bbox 1382 1057 1533 1108; x_wconf 88' lang='grc' dir='ltr'>νομένων</span> <span class='ocrx_word' id='word_1_549' title='bbox 1559 1058 1619 1095; x_wconf 81' lang='grc' dir='ltr'>καὶ</span> <span class='ocrx_word' id='word_1_550' title='bbox 1646 1057 1863 1110; x_wconf 89' lang='grc' dir='ltr'>τρεπομένων</span> <span class='ocrx_word' id='word_1_551' title='bbox 1883 1059 1927 1097; x_wconf 80' lang='grc' dir='ltr'>τὰ</span> <span class='ocrx_word' id='word_1_552' title='bbox 1951 1059 2056 1098; x_wconf 79' lang='grc' dir='ltr'>λοιπὰ</span> <span class='ocrx_word' id='word_1_553' title='bbox 2076 1060 2189 1098; x_wconf 84' lang='grc' dir='ltr'>πάντα</span> <span class='ocrx_word' id='word_1_554' title='bbox 2214 1063 2416 1112; x_wconf 71' lang='grc' dir='ltr'>γεννᾶσθαι.</span> 
     </span>
     <span class='ocr_line' id='line_1_70' title="bbox 1384 1115 2417 1171; baseline 0.002 -16"><span class='ocrx_word' id='word_1_555' title='bbox 1384 1115 1620 1167; x_wconf 85' lang='grc' dir='ltr'>Ἀριστοτέλης</span> <span class='ocrx_word' id='word_1_556' title='bbox 1660 1115 1716 1164; x_wconf 86' lang='grc' dir='ltr'>δέ,</span> <span class='ocrx_word' id='word_1_557' title='bbox 1750 1120 1796 1162; x_wconf 82' lang='grc' dir='ltr'>ὡς</span> <span class='ocrx_word' id='word_1_558' title='bbox 1833 1118 1960 1165; x_wconf 86' lang='grc' dir='ltr'>ἔοικεν,</span> <span class='ocrx_word' id='word_1_559' title='bbox 1996 1119 2138 1162; x_wconf 83' lang='grc' dir='ltr'>ἐλπίσας</span> <span class='ocrx_word' id='word_1_560' title='bbox 2176 1117 2417 1171; x_wconf 82' lang='grc' dir='ltr'>περιττότερος</span> 
     </span>
     <span class='ocr_line' id='line_1_71' title="bbox 1384 1174 2416 1230; baseline 0.004 -19"><span class='ocrx_word' id='word_1_561' title='bbox 1384 1177 1565 1225; x_wconf 85' lang='grc' dir='ltr'>φανεῖσθαι</span> <span class='ocrx_word' id='word_1_562' title='bbox 1589 1176 1639 1226; x_wconf 86' lang='grc' dir='ltr'>τῷ</span> <span class='ocrx_word' id='word_1_563' title='bbox 1656 1180 1812 1227; x_wconf 84' lang='grc' dir='ltr'>φρονεῖν,</span> <span class='ocrx_word' id='word_1_564' title='bbox 1839 1174 1870 1213; x_wconf 84' lang='grc' dir='ltr'>εἴ</span> <span class='ocrx_word' id='word_1_565' title='bbox 1887 1191 1919 1212; x_wconf 91' lang='grc' dir='ltr'>τι</span> <span class='ocrx_word' id='word_1_566' title='bbox 1939 1179 2042 1226; x_wconf 87' lang='grc' dir='ltr'>σῶμα</span> <span class='ocrx_word' id='word_1_567' title='bbox 2061 1178 2100 1215; x_wconf 84' lang='grc' dir='ltr'>ἐκ</span> <span class='ocrx_word' id='word_1_568' title='bbox 2116 1179 2278 1228; x_wconf 73' lang='grc' dir='ltr'>περιττοῦ</span> <span class='ocrx_word' id='word_1_569' title='bbox 2305 1182 2416 1230; x_wconf 73' lang='grc' dir='ltr'>προσ·</span> 
     </span>
     <span class='ocr_line' id='line_1_72' title="bbox 1383 1231 2418 1287; baseline 0.005 -18"><span class='ocrx_word' id='word_1_570' title='bbox 1383 1231 1455 1279; x_wconf 87' lang='grc' dir='ltr'>θείη</span> <span class='ocrx_word' id='word_1_571' title='bbox 1468 1260 1478 1278; x_wconf 90' lang='grc'>,</span> <span class='ocrx_word' id='word_1_572' title='bbox 1524 1233 1853 1284; x_wconf 85' lang='grc' dir='ltr'>προσκατηρίθμησε</span> <span class='ocrx_word' id='word_1_573' title='bbox 1890 1238 1959 1276; x_wconf 88' lang='grc' dir='ltr'>τοῖς</span> <span class='ocrx_word' id='word_1_574' title='bbox 2004 1233 2221 1287; x_wconf 85' lang='grc' dir='ltr'>φαινομένοις</span> <span class='ocrx_word' id='word_1_575' title='bbox 2254 1233 2418 1287; x_wconf 68' lang='grc' dir='ltr'>τέτταρσι</span> 
     </span>
     <span class='ocr_line' id='line_1_73' title="bbox 1384 1290 2419 1344; baseline 0.003 -17"><span class='ocrx_word' id='word_1_576' title='bbox 1384 1290 1524 1339; x_wconf 86' lang='grc' dir='ltr'>σώμασι</span> <span class='ocrx_word' id='word_1_577' title='bbox 1543 1291 1605 1337; x_wconf 82' lang='grc' dir='ltr'>τὴν</span> <span class='ocrx_word' id='word_1_578' title='bbox 1628 1291 1791 1341; x_wconf 86' lang='grc' dir='ltr'>πέμπτην</span> <span class='ocrx_word' id='word_1_579' title='bbox 1812 1292 1948 1332; x_wconf 80' lang='grc' dir='ltr'>οὐσίαν·</span> <span class='ocrx_word' id='word_1_580' title='bbox 1972 1292 2063 1331; x_wconf 89' lang='grc' dir='ltr'>πάνυ</span> <span class='ocrx_word' id='word_1_581' title='bbox 2083 1290 2145 1343; x_wconf 80' lang='grc' dir='ltr'>μὲν</span> <span class='ocrx_word' id='word_1_582' title='bbox 2173 1293 2342 1344; x_wconf 72' lang='grc' dir='ltr'>λαμπρῶς</span> <span class='ocrx_word' id='word_1_583' title='bbox 2358 1291 2419 1332; x_wconf 74' lang='grc' dir='ltr'>καὶ</span> 
     </span>
     <span class='ocr_line' id='line_1_74' title="bbox 1385 1347 2418 1402; baseline 0.005 -17"><span class='ocrx_word' id='word_1_584' title='bbox 1385 1347 1581 1400; x_wconf 84' lang='grc' dir='ltr'>φιλοὸώρως</span> <span class='ocrx_word' id='word_1_585' title='bbox 1602 1352 1644 1402; x_wconf 81' lang='grc' dir='ltr'>τῇ</span> <span class='ocrx_word' id='word_1_586' title='bbox 1665 1349 1763 1401; x_wconf 80' lang='grc' dir='ltr'>φύσει</span> <span class='ocrx_word' id='word_1_587' title='bbox 1792 1349 2033 1402; x_wconf 87' lang='grc' dir='ltr'>χρησάμενος,</span> <span class='ocrx_word' id='word_1_588' title='bbox 2063 1350 2111 1400; x_wconf 87' lang='grc' dir='ltr'>μὴ</span> <span class='ocrx_word' id='word_1_589' title='bbox 2132 1348 2276 1389; x_wconf 74' lang='grc' dir='ltr'>συνιδὼν</span> <span class='ocrx_word' id='word_1_590' title='bbox 2296 1349 2333 1390; x_wconf 70' lang='grc' dir='ltr'>δὲ</span> <span class='ocrx_word' id='word_1_591' title='bbox 2365 1348 2418 1390; x_wconf 69' lang='grc' dir='ltr'>ὅτι</span> 
     </span>
     <span class='ocr_line' id='line_1_75' title="bbox 1383 1407 2418 1463; baseline 0.005 -20"><span class='ocrx_word' id='word_1_592' title='bbox 1383 1408 1421 1444; x_wconf 82' lang='grc' dir='ltr'>οὐ</span> <span class='ocrx_word' id='word_1_593' title='bbox 1441 1407 1635 1455; x_wconf 83' lang='grc' dir='ltr'>νομοθετεῖν</span> <span class='ocrx_word' id='word_1_594' title='bbox 1668 1408 1717 1445; x_wconf 85' lang='grc' dir='ltr'>δεῖ</span> <span class='ocrx_word' id='word_1_595' title='bbox 1748 1408 2040 1460; x_wconf 73' lang='grc' dir='ltr'>φυσιολογοῦντα,</span> <span class='ocrx_word' id='word_1_596' title='bbox 2064 1407 2108 1446; x_wconf 84' lang='grc' dir='ltr'>τὰ</span> <span class='ocrx_word' id='word_1_597' title='bbox 2129 1407 2166 1447; x_wconf 84' lang='grc' dir='ltr'>δὲ</span> <span class='ocrx_word' id='word_1_598' title='bbox 2193 1412 2253 1456; x_wconf 81' lang='grc' dir='ltr'>τ’ἥς</span> <span class='ocrx_word' id='word_1_599' title='bbox 2284 1409 2418 1463; x_wconf 75' lang='grc' dir='ltr'>φύσεως</span> 
     </span>
     <span class='ocr_line' id='line_1_76' title="bbox 1384 1464 2447 1518; baseline 0.005 -17"><span class='ocrx_word' id='word_1_600' title='bbox 1384 1465 1488 1511; x_wconf 80' lang='grc' dir='ltr'>αὐτῆς</span> <span class='ocrx_word' id='word_1_601' title='bbox 1506 1464 1699 1518; x_wconf 80' lang='grc' dir='ltr'>ἐξιστορεῒν.</span> <span class='ocrx_word' id='word_1_602' title='bbox 1722 1467 1783 1509; x_wconf 86' lang='grc' dir='ltr'>Εἷς</span> <span class='ocrx_word' id='word_1_603' title='bbox 1802 1466 1915 1504; x_wconf 88' lang='grc' dir='ltr'>τοίνυν</span> <span class='ocrx_word' id='word_1_604' title='bbox 1934 1466 1996 1514; x_wconf 86' lang='grc' dir='ltr'>τὴν</span> <span class='ocrx_word' id='word_1_605' title='bbox 2025 1466 2196 1512; x_wconf 77' lang='grc' dir='ltr'>ἀπόδειξιν</span> <span class='ocrx_word' id='word_1_606' title='bbox 2215 1470 2275 1506; x_wconf 76' lang='grc' dir='ltr'>τοῦ</span> <span class='ocrx_word' id='word_1_607' title='bbox 2295 1465 2417 1506; x_wconf 79' lang='grc' dir='ltr'>τέττα·</span> <span class='ocrx_word' id='word_1_608' title='bbox 2444 1508 2447 1511; x_wconf 72' lang='grc'>,</span> 
     </span>
     <span class='ocr_line' id='line_1_77' title="bbox 1384 1515 2416 1578; baseline 0.006 -19"><span class='ocrx_word' id='word_1_609' title='bbox 1384 1538 1444 1575; x_wconf 88' lang='grc' dir='ltr'>ρας</span> <span class='ocrx_word' id='word_1_610' title='bbox 1474 1515 1562 1561; x_wconf 65' lang='grc' dir='ltr'>εἶναι</span> <span class='ocrx_word' id='word_1_611' title='bbox 1579 1523 1640 1567; x_wconf 86' lang='grc' dir='ltr'>τὰς</span> <span class='ocrx_word' id='word_1_612' title='bbox 1661 1523 1799 1577; x_wconf 84' lang='grc' dir='ltr'>πρώτας</span> <span class='ocrx_word' id='word_1_613' title='bbox 1831 1527 1900 1563; x_wconf 82' lang='grc' dir='ltr'>τῶν</span> <span class='ocrx_word' id='word_1_614' title='bbox 1929 1525 2102 1575; x_wconf 89' lang='grc' dir='ltr'>σωμάτων</span> <span class='ocrx_word' id='word_1_615' title='bbox 2130 1525 2271 1578; x_wconf 84' lang='grc' dir='ltr'>φύσεις,</span> <span class='ocrx_word' id='word_1_616' title='bbox 2300 1518 2343 1573; x_wconf 73' lang='grc' dir='ltr'>ἧς</span> <span class='ocrx_word' id='word_1_617' title='bbox 2374 1524 2416 1574; x_wconf 80' lang='grc' dir='ltr'>δὴ</span> 
     </span>
     <span class='ocr_line' id='line_1_78' title="bbox 1383 1580 2416 1634; baseline 0.006 -16"><span class='ocrx_word' id='word_1_618' title='bbox 1383 1580 1485 1633; x_wconf 81' lang='grc' dir='ltr'>χρεία</span> <span class='ocrx_word' id='word_1_619' title='bbox 1510 1589 1578 1626; x_wconf 89' lang='grc' dir='ltr'>τοῖς</span> <span class='ocrx_word' id='word_1_620' title='bbox 1606 1583 1864 1631; x_wconf 80' lang='grc' dir='ltr'>Πλατωνικοῖς,</span> <span class='ocrx_word' id='word_1_621' title='bbox 1887 1586 1924 1622; x_wconf 81' lang='grc' dir='ltr'>οὐ</span> <span class='ocrx_word' id='word_1_622' title='bbox 1957 1583 2059 1634; x_wconf 88' lang='grc' dir='ltr'>μόνον</span> <span class='ocrx_word' id='word_1_623' title='bbox 2091 1587 2153 1623; x_wconf 86' lang='grc' dir='ltr'>οὗκ</span> <span class='ocrx_word' id='word_1_624' title='bbox 2175 1583 2216 1622; x_wconf 77' lang='grc' dir='ltr'>ἂν</span> <span class='ocrx_word' id='word_1_625' title='bbox 2239 1583 2416 1632; x_wconf 73' lang='grc' dir='ltr'>συντελιίη</span> 
     </span>
     <span class='ocr_line' id='line_1_79' title="bbox 1383 1639 2416 1694; baseline 0.005 -17"><span class='ocrx_word' id='word_1_626' title='bbox 1383 1656 1415 1677; x_wconf 92' lang='grc' dir='ltr'>τι</span> <span class='ocrx_word' id='word_1_627' title='bbox 1435 1642 1452 1678; x_wconf 79' lang='grc' dir='ltr'>ὁ</span> <span class='ocrx_word' id='word_1_628' title='bbox 1476 1642 1761 1691; x_wconf 81' lang='grc' dir='ltr'>περιπατητικός,</span> <span class='ocrx_word' id='word_1_629' title='bbox 1785 1642 2018 1694; x_wconf 80' lang='grc' dir='ltr'>ἀλλὰ-σχεδὸν</span> <span class='ocrx_word' id='word_1_630' title='bbox 2039 1643 2097 1682; x_wconf 79' lang='grc' dir='ltr'>καὶ</span> <span class='ocrx_word' id='word_1_631' title='bbox 2114 1639 2215 1694; x_wconf 79' lang='grc' dir='ltr'>μόνος</span> <span class='ocrx_word' id='word_1_632' title='bbox 2235 1644 2416 1682; x_wconf 82' lang='grc' dir='ltr'>ε’νάντιοῖτ’</span> 
     </span>
     <span class='ocr_line' id='line_1_80' title="bbox 1384 1699 2417 1754; baseline 0.005 -19"><span class='ocrx_word' id='word_1_633' title='bbox 1384 1699 1436 1737; x_wconf 81' lang='grc' dir='ltr'>ἄν.</span> <span class='ocrx_word' id='word_1_634' title='bbox 1461 1699 1640 1750; x_wconf 88' lang='grc' dir='ltr'>Λεγόντων</span> <span class='ocrx_word' id='word_1_635' title='bbox 1660 1703 1740 1751; x_wconf 81' lang='grc' dir='ltr'>γοῦν</span> <span class='ocrx_word' id='word_1_636' title='bbox 1763 1702 1885 1750; x_wconf 82' lang='grc' dir='ltr'>ἡμῶν,</span> <span class='ocrx_word' id='word_1_637' title='bbox 1914 1699 1966 1738; x_wconf 85' lang='grc' dir='ltr'>ὅτι</span> <span class='ocrx_word' id='word_1_638' title='bbox 1985 1707 2054 1738; x_wconf 83' lang='grc' dir='ltr'>πᾶν</span> <span class='ocrx_word' id='word_1_639' title='bbox 2077 1703 2181 1752; x_wconf 79' lang='grc' dir='ltr'>σῶμα</span> <span class='ocrx_word' id='word_1_640' title='bbox 2200 1700 2222 1748; x_wconf 78' lang='grc' dir='ltr'>ἢ</span> <span class='ocrx_word' id='word_1_641' title='bbox 2251 1701 2376 1754; x_wconf 81' lang='grc' dir='ltr'>θερμὸν</span> <span class='ocrx_word' id='word_1_642' title='bbox 2395 1699 2417 1748; x_wconf 79' lang='grc' dir='ltr'>ἢ</span> 
     </span>
     <span class='ocr_line' id='line_1_81' title="bbox 1382 1758 2417 1812; baseline 0.002 -16"><span class='ocrx_word' id='word_1_643' title='bbox 1382 1758 1513 1812; x_wconf 71' lang='grc' dir='ltr'>ψυχρόν</span> <span class='ocrx_word' id='word_1_644' title='bbox 1528 1789 1538 1808; x_wconf 94' lang='grc'>,</span> <span class='ocrx_word' id='word_1_645' title='bbox 1559 1758 1581 1805; x_wconf 84' lang='grc' dir='ltr'>ἢ</span> <span class='ocrx_word' id='word_1_646' title='bbox 1612 1759 1714 1811; x_wconf 81' lang='grc' dir='ltr'>ὑγρὸν</span> <span class='ocrx_word' id='word_1_647' title='bbox 1741 1758 1763 1805; x_wconf 88' lang='grc' dir='ltr'>ἢ</span> <span class='ocrx_word' id='word_1_648' title='bbox 1781 1758 1879 1812; x_wconf 86' lang='grc' dir='ltr'>ξηρόν</span> <span class='ocrx_word' id='word_1_649' title='bbox 1893 1789 1903 1807; x_wconf 93' lang='grc'>,</span> <span class='ocrx_word' id='word_1_650' title='bbox 1926 1759 1948 1806; x_wconf 79' lang='grc' dir='ltr'>ἢ</span> <span class='ocrx_word' id='word_1_651' title='bbox 1974 1759 2131 1809; x_wconf 81' lang='grc' dir='ltr'>μαλακὸν</span> <span class='ocrx_word' id='word_1_652' title='bbox 2150 1758 2173 1806; x_wconf 74' lang='grc' dir='ltr'>ἢ</span> <span class='ocrx_word' id='word_1_653' title='bbox 2201 1759 2350 1812; x_wconf 81' lang='grc' dir='ltr'>σκληρόν</span> <span class='ocrx_word' id='word_1_654' title='bbox 2363 1789 2375 1808; x_wconf 90' lang='grc'>,</span> <span class='ocrx_word' id='word_1_655' title='bbox 2394 1759 2417 1807; x_wconf 81' lang='grc' dir='ltr'>ἢ</span> 
     </span>
     <span class='ocr_line' id='line_1_82' title="bbox 1383 1815 2417 1871; baseline 0.003 -18"><span class='ocrx_word' id='word_1_656' title='bbox 1383 1819 1507 1869; x_wconf 76' lang='grc' dir='ltr'>κοῦφον</span> <span class='ocrx_word' id='word_1_657' title='bbox 1524 1815 1546 1863; x_wconf 83' lang='grc' dir='ltr'>ἢ</span> <span class='ocrx_word' id='word_1_658' title='bbox 1568 1817 1679 1869; x_wconf 81' lang='grc' dir='ltr'>βαρύ,</span> <span class='ocrx_word' id='word_1_659' title='bbox 1700 1815 1722 1863; x_wconf 84' lang='grc' dir='ltr'>ἢ</span> <span class='ocrx_word' id='word_1_660' title='bbox 1741 1817 1860 1869; x_wconf 81' lang='grc' dir='ltr'>ἀραιὸν</span> <span class='ocrx_word' id='word_1_661' title='bbox 1889 1816 1912 1864; x_wconf 84' lang='grc' dir='ltr'>ἢ</span> <span class='ocrx_word' id='word_1_662' title='bbox 1932 1817 2083 1856; x_wconf 87' lang='grc' dir='ltr'>πυκνόν·</span> <span class='ocrx_word' id='word_1_663' title='bbox 2108 1815 2167 1856; x_wconf 78' lang='grc' dir='ltr'>καὶ</span> <span class='ocrx_word' id='word_1_664' title='bbox 2193 1819 2417 1871; x_wconf 79' lang='grc' dir='ltr'>εὑρισκόντων</span> 
     </span>
     <span class='ocr_line' id='line_1_83' title="bbox 1382 1874 2418 1928; baseline 0.002 -16"><span class='ocrx_word' id='word_1_665' title='bbox 1382 1874 1435 1913; x_wconf 84' lang='grc' dir='ltr'>ὅτι</span> <span class='ocrx_word' id='word_1_666' title='bbox 1451 1876 1513 1914; x_wconf 81' lang='grc' dir='ltr'>οὐκ</span> <span class='ocrx_word' id='word_1_667' title='bbox 1534 1874 1575 1913; x_wconf 81' lang='grc' dir='ltr'>ἂν</span> <span class='ocrx_word' id='word_1_668' title='bbox 1598 1874 1710 1927; x_wconf 76' lang='grc' dir='ltr'>ἕτερον</span> <span class='ocrx_word' id='word_1_669' title='bbox 1729 1874 1782 1922; x_wconf 84' lang='grc' dir='ltr'>εἴη</span> <span class='ocrx_word' id='word_1_670' title='bbox 1802 1892 1835 1913; x_wconf 87' lang='grc' dir='ltr'>τι</span> <span class='ocrx_word' id='word_1_671' title='bbox 1852 1876 1891 1914; x_wconf 86' lang='grc' dir='ltr'>τὸ</span> <span class='ocrx_word' id='word_1_672' title='bbox 1912 1875 2049 1925; x_wconf 86' lang='grc' dir='ltr'>μεθέξον</span> <span class='ocrx_word' id='word_1_673' title='bbox 2063 1875 2192 1915; x_wconf 85' lang='grc' dir='ltr'>τούτων</span> <span class='ocrx_word' id='word_1_674' title='bbox 2215 1876 2304 1920; x_wconf 86' lang='grc' dir='ltr'>τινὸς</span> <span class='ocrx_word' id='word_1_675' title='bbox 2321 1875 2418 1928; x_wconf 75' lang='grc' dir='ltr'>παρὰ</span> 
     </span>
    </p>
   </div>
   <div class='ocr_carea' id='block_1_6' title="bbox 1381 1933 2416 1987">
    <p class='ocr_par' dir='ltr' id='par_1_9' title="bbox 1381 1933 2416 1987">
     <span class='ocr_line' id='line_1_84' title="bbox 1381 1933 2416 1987; baseline 0.001 -16"><span class='ocrx_word' id='word_1_676' title='bbox 1381 1933 1424 1971; x_wconf 86' lang='grc' dir='ltr'>τὰ</span> <span class='ocrx_word' id='word_1_677' title='bbox 1441 1934 1612 1985; x_wconf 86' lang='grc' dir='ltr'>τέσσαρα·</span> <span class='ocrx_word' id='word_1_678' title='bbox 1638 1934 1692 1986; x_wconf 87' lang='grc' dir='ltr'>(εἷ</span> <span class='ocrx_word' id='word_1_679' title='bbox 1715 1934 1776 1984; x_wconf 84' lang='grc' dir='ltr'>μὲν</span> <span class='ocrx_word' id='word_1_680' title='bbox 1798 1934 1864 1987; x_wconf 84' lang='grc' dir='ltr'>γὰρ</span> <span class='ocrx_word' id='word_1_681' title='bbox 1884 1934 2070 1986; x_wconf 83' lang='grc' dir='ltr'>θερμόν,ἢ</span> <span class='ocrx_word' id='word_1_682' title='bbox 2092 1933 2197 1987; x_wconf 82' lang='grc' dir='ltr'>π’ὕρῆ</span> <span class='ocrx_word' id='word_1_683' title='bbox 2216 1934 2300 1986; x_wconf 79' lang='grc' dir='ltr'>ἀήρ·</span> <span class='ocrx_word' id='word_1_684' title='bbox 2329 1935 2360 1973; x_wconf 88' lang='grc' dir='ltr'>εἷ</span> <span class='ocrx_word' id='word_1_685' title='bbox 2380 1933 2416 1972; x_wconf 82' lang='grc' dir='ltr'>δὲ</span> 
     </span>
    </p>
   </div>
   <div class='ocr_carea' id='block_1_7' title="bbox 1379 2063 2418 3453">
    <p class='ocr_par' dir='ltr' id='par_1_10' title="bbox 1379 2063 2418 3453">
     <span class='ocr_line' id='line_1_85' title="bbox 1385 2063 2418 2106; baseline 0.002 -10"><span class='ocrx_word' id='word_1_686' title='bbox 1385 2065 1453 2103; x_wconf 87' lang='lat' dir='ltr'>rct,</span> <span class='ocrx_word' id='word_1_687' title='bbox 1474 2064 1579 2104; x_wconf 77' lang='lat' dir='ltr'>ignem</span> <span class='ocrx_word' id='word_1_688' title='bbox 1590 2087 1598 2103; x_wconf 95' lang='lat'>,</span> <span class='ocrx_word' id='word_1_689' title='bbox 1621 2065 1741 2095; x_wconf 85' lang='lat' dir='ltr'>terram</span> <span class='ocrx_word' id='word_1_690' title='bbox 1751 2087 1760 2103; x_wconf 93' lang='lat'>,</span> <span class='ocrx_word' id='word_1_691' title='bbox 1778 2071 1886 2095; x_wconf 86' lang='lat' dir='ltr'>aerem</span> <span class='ocrx_word' id='word_1_692' title='bbox 1903 2065 1936 2096; x_wconf 88' lang='lat' dir='ltr'>et</span> <span class='ocrx_word' id='word_1_693' title='bbox 1949 2072 2087 2104; x_wconf 80' lang='lat' dir='ltr'>aquam,</span> <span class='ocrx_word' id='word_1_694' title='bbox 2101 2073 2139 2096; x_wconf 85' lang='lat' dir='ltr'>ex</span> <span class='ocrx_word' id='word_1_695' title='bbox 2155 2063 2276 2106; x_wconf 78' lang='lat' dir='ltr'>quibus</span> <span class='ocrx_word' id='word_1_696' title='bbox 2288 2064 2372 2097; x_wconf 73' lang='lat' dir='ltr'>inter</span> <span class='ocrx_word' id='word_1_697' title='bbox 2383 2072 2418 2098; x_wconf 74' lang='lat' dir='ltr'>se</span> 
     </span>
     <span class='ocr_line' id='line_1_86' title="bbox 1383 2120 2418 2163; baseline 0.002 -9"><span class='ocrx_word' id='word_1_698' title='bbox 1383 2121 1494 2154; x_wconf 83' lang='lat' dir='ltr'>mixtis</span> <span class='ocrx_word' id='word_1_699' title='bbox 1517 2123 1550 2153; x_wconf 91' lang='lat' dir='ltr'>et</span> <span class='ocrx_word' id='word_1_700' title='bbox 1575 2120 1714 2153; x_wconf 86' lang='lat' dir='ltr'>mutatis</span> <span class='ocrx_word' id='word_1_701' title='bbox 1741 2123 1862 2153; x_wconf 80' lang='lat' dir='ltr'>caetera</span> <span class='ocrx_word' id='word_1_702' title='bbox 1886 2121 1997 2154; x_wconf 86' lang='lat' dir='ltr'>omnia</span> <span class='ocrx_word' id='word_1_703' title='bbox 2027 2121 2246 2163; x_wconf 83' lang='lat' dir='ltr'>gignerentur.</span> <span class='ocrx_word' id='word_1_704' title='bbox 2269 2123 2312 2155; x_wconf 83' lang='lat' dir='ltr'>At</span> <span class='ocrx_word' id='word_1_705' title='bbox 2337 2131 2418 2156; x_wconf 80' lang='lat' dir='ltr'>vero</span> 
     </span>
     <span class='ocr_line' id='line_1_87' title="bbox 1383 2179 2416 2223; baseline 0.003 -11"><span class='ocrx_word' id='word_1_706' title='bbox 1383 2180 1592 2220; x_wconf 84' lang='lat' dir='ltr'>Aristoteles,</span> <span class='ocrx_word' id='word_1_707' title='bbox 1624 2188 1724 2220; x_wconf 84' lang='lat' dir='ltr'>quum</span> <span class='ocrx_word' id='word_1_708' title='bbox 1756 2179 1977 2220; x_wconf 82' lang='lat' dir='ltr'>perfectioris,</span> <span class='ocrx_word' id='word_1_709' title='bbox 2002 2181 2039 2213; x_wconf 90' lang='lat' dir='ltr'>ut</span> <span class='ocrx_word' id='word_1_710' title='bbox 2068 2180 2211 2220; x_wconf 76' lang='lat' dir='ltr'>videtur,</span> <span class='ocrx_word' id='word_1_711' title='bbox 2250 2181 2416 2223; x_wconf 75' lang='lat' dir='ltr'>sapientiae</span> 
     </span>
     <span class='ocr_line' id='line_1_88' title="bbox 1381 2238 2417 2281; baseline 0.003 -11"><span class='ocrx_word' id='word_1_712' title='bbox 1381 2238 1512 2271; x_wconf 89' lang='lat' dir='ltr'>laudem</span> <span class='ocrx_word' id='word_1_713' title='bbox 1531 2247 1566 2270; x_wconf 84' lang='lat' dir='ltr'>se</span> <span class='ocrx_word' id='word_1_714' title='bbox 1583 2239 1836 2271; x_wconf 86' lang='lat' dir='ltr'>consecuturum</span> <span class='ocrx_word' id='word_1_715' title='bbox 1852 2240 2016 2280; x_wconf 83' lang='lat' dir='ltr'>speraret,</span> <span class='ocrx_word' id='word_1_716' title='bbox 2033 2238 2061 2271; x_wconf 82' lang='lat' dir='ltr'>si</span> <span class='ocrx_word' id='word_1_717' title='bbox 2081 2247 2203 2272; x_wconf 85' lang='lat' dir='ltr'>novum</span> <span class='ocrx_word' id='word_1_718' title='bbox 2220 2239 2354 2281; x_wconf 83' lang='lat' dir='ltr'>aliquod</span> <span class='ocrx_word' id='word_1_719' title='bbox 2371 2240 2417 2273; x_wconf 90' lang='lat' dir='ltr'>in-</span> 
     </span>
     <span class='ocr_line' id='line_1_89' title="bbox 1382 2296 2416 2340; baseline 0.004 -12"><span class='ocrx_word' id='word_1_720' title='bbox 1382 2305 1479 2337; x_wconf 89' lang='lat' dir='ltr'>super</span> <span class='ocrx_word' id='word_1_721' title='bbox 1508 2305 1627 2338; x_wconf 87' lang='lat' dir='ltr'>corpus</span> <span class='ocrx_word' id='word_1_722' title='bbox 1661 2296 1849 2337; x_wconf 87' lang='lat' dir='ltr'>inveheret,</span> <span class='ocrx_word' id='word_1_723' title='bbox 1877 2297 1964 2329; x_wconf 86' lang='lat' dir='ltr'>notis</span> <span class='ocrx_word' id='word_1_724' title='bbox 1985 2297 2049 2330; x_wconf 88' lang='lat' dir='ltr'>illis</span> <span class='ocrx_word' id='word_1_725' title='bbox 2084 2299 2242 2338; x_wconf 85' lang='lat' dir='ltr'>quattuor</span> <span class='ocrx_word' id='word_1_726' title='bbox 2269 2299 2416 2340; x_wconf 78' lang='lat' dir='ltr'>quintam</span> 
     </span>
     <span class='ocr_line' id='line_1_90' title="bbox 1381 2354 2416 2398; baseline 0.003 -11"><span class='ocrx_word' id='word_1_727' title='bbox 1381 2354 1609 2389; x_wconf 74' lang='lat' dir='ltr'>annumeravit</span> <span class='ocrx_word' id='word_1_728' title='bbox 1635 2355 1809 2388; x_wconf 87' lang='lat' dir='ltr'>essentiam</span> <span class='ocrx_word' id='word_1_729' title='bbox 1842 2368 1849 2387; x_wconf 90' lang='lat'>:</span> <span class='ocrx_word' id='word_1_730' title='bbox 1883 2355 1916 2387; x_wconf 88' lang='lat' dir='ltr'>in</span> <span class='ocrx_word' id='word_1_731' title='bbox 1937 2364 2004 2397; x_wconf 87' lang='lat' dir='ltr'>quo</span> <span class='ocrx_word' id='word_1_732' title='bbox 2028 2355 2194 2396; x_wconf 83' lang='lat' dir='ltr'>splendide</span> <span class='ocrx_word' id='word_1_733' title='bbox 2221 2365 2354 2398; x_wconf 85' lang='lat' dir='ltr'>prorsus</span> <span class='ocrx_word' id='word_1_734' title='bbox 2377 2367 2416 2390; x_wconf 80' lang='lat' dir='ltr'>ac</span> 
     </span>
     <span class='ocr_line' id='line_1_91' title="bbox 1380 2413 2412 2457; baseline 0.003 -11"><span class='ocrx_word' id='word_1_735' title='bbox 1380 2414 1554 2447; x_wconf 88' lang='lat' dir='ltr'>liberaliter</span> <span class='ocrx_word' id='word_1_736' title='bbox 1563 2413 1698 2455; x_wconf 86' lang='lat' dir='ltr'>quidem</span> <span class='ocrx_word' id='word_1_737' title='bbox 1710 2413 1763 2446; x_wconf 83' lang='lat' dir='ltr'>ille</span> <span class='ocrx_word' id='word_1_738' title='bbox 1780 2415 1928 2446; x_wconf 85' lang='lat' dir='ltr'>naturam</span> <span class='ocrx_word' id='word_1_739' title='bbox 1943 2413 2078 2455; x_wconf 77' lang='lat' dir='ltr'>habuit,</span> <span class='ocrx_word' id='word_1_740' title='bbox 2093 2414 2149 2447; x_wconf 83' lang='lat' dir='ltr'>sed</span> <span class='ocrx_word' id='word_1_741' title='bbox 2163 2423 2227 2447; x_wconf 89' lang='lat' dir='ltr'>non</span> <span class='ocrx_word' id='word_1_742' title='bbox 2242 2414 2412 2457; x_wconf 78' lang='lat' dir='ltr'>intellexit,</span> 
     </span>
     <span class='ocr_line' id='line_1_92' title="bbox 1380 2472 2412 2515; baseline 0.003 -10"><span class='ocrx_word' id='word_1_743' title='bbox 1380 2472 1506 2515; x_wconf 84' lang='lat' dir='ltr'>physici</span> <span class='ocrx_word' id='word_1_744' title='bbox 1522 2482 1586 2505; x_wconf 87' lang='lat' dir='ltr'>non</span> <span class='ocrx_word' id='word_1_745' title='bbox 1605 2480 1677 2505; x_wconf 87' lang='lat' dir='ltr'>esse</span> <span class='ocrx_word' id='word_1_746' title='bbox 1697 2473 1784 2513; x_wconf 85' lang='lat' dir='ltr'>leges</span> <span class='ocrx_word' id='word_1_747' title='bbox 1804 2472 2022 2514; x_wconf 81' lang='lat' dir='ltr'>constituere,</span> <span class='ocrx_word' id='word_1_748' title='bbox 2041 2472 2101 2505; x_wconf 83' lang='lat' dir='ltr'>sed</span> <span class='ocrx_word' id='word_1_749' title='bbox 2117 2474 2245 2506; x_wconf 86' lang='lat' dir='ltr'>tantum</span> <span class='ocrx_word' id='word_1_750' title='bbox 2264 2477 2340 2515; x_wconf 78' lang='lat' dir='ltr'>(111oe</span> <span class='ocrx_word' id='word_1_751' title='bbox 2353 2484 2412 2508; x_wconf 80' lang='lat' dir='ltr'>na-</span> 
     </span>
     <span class='ocr_line' id='line_1_93' title="bbox 1380 2530 2413 2572; baseline 0.003 -9"><span class='ocrx_word' id='word_1_752' title='bbox 1380 2533 1464 2565; x_wconf 74' lang='lat' dir='ltr'>tum</span> <span class='ocrx_word' id='word_1_753' title='bbox 1492 2530 1625 2572; x_wconf 87' lang='lat' dir='ltr'>propria</span> <span class='ocrx_word' id='word_1_754' title='bbox 1645 2531 1721 2563; x_wconf 90' lang='lat' dir='ltr'>sunt</span> <span class='ocrx_word' id='word_1_755' title='bbox 1752 2530 1950 2571; x_wconf 85' lang='lat' dir='ltr'>perquirere.</span> <span class='ocrx_word' id='word_1_756' title='bbox 1977 2532 2088 2568; x_wconf 86' lang='lat' dir='ltr'>Quare</span> <span class='ocrx_word' id='word_1_757' title='bbox 2112 2531 2155 2564; x_wconf 89' lang='lat' dir='ltr'>ad</span> <span class='ocrx_word' id='word_1_758' title='bbox 2170 2531 2259 2564; x_wconf 83' lang='lat' dir='ltr'>illam</span> <span class='ocrx_word' id='word_1_759' title='bbox 2276 2531 2413 2566; x_wconf 86' lang='lat' dir='ltr'>demon-</span> 
     </span>
     <span class='ocr_line' id='line_1_94' title="bbox 1381 2588 2414 2632; baseline 0.002 -10"><span class='ocrx_word' id='word_1_760' title='bbox 1381 2589 1588 2630; x_wconf 84' lang='lat' dir='ltr'>strationem,</span> <span class='ocrx_word' id='word_1_761' title='bbox 1602 2598 1675 2630; x_wconf 79' lang='lat' dir='ltr'>quae</span> <span class='ocrx_word' id='word_1_762' title='bbox 1693 2588 1814 2629; x_wconf 86' lang='lat' dir='ltr'>primas</span> <span class='ocrx_word' id='word_1_763' title='bbox 1833 2590 1989 2630; x_wconf 82' lang='lat' dir='ltr'>quattuor</span> <span class='ocrx_word' id='word_1_764' title='bbox 2003 2598 2073 2622; x_wconf 88' lang='lat' dir='ltr'>esse</span> <span class='ocrx_word' id='word_1_765' title='bbox 2093 2598 2265 2632; x_wconf 89' lang='lat' dir='ltr'>corporum</span> <span class='ocrx_word' id='word_1_766' title='bbox 2282 2592 2414 2624; x_wconf 85' lang='lat' dir='ltr'>naturas</span> 
     </span>
     <span class='ocr_line' id='line_1_95' title="bbox 1380 2647 2413 2693; baseline 0.002 -12"><span class='ocrx_word' id='word_1_767' title='bbox 1380 2648 1499 2682; x_wconf 80' lang='lat' dir='ltr'>efficiat</span> <span class='ocrx_word' id='word_1_768' title='bbox 1511 2674 1518 2687; x_wconf 91' lang='lat'>‚</span> <span class='ocrx_word' id='word_1_769' title='bbox 1537 2657 1602 2689; x_wconf 84' lang='lat' dir='ltr'>qua</span> <span class='ocrx_word' id='word_1_770' title='bbox 1629 2657 1706 2680; x_wconf 90' lang='lat' dir='ltr'>sane</span> <span class='ocrx_word' id='word_1_771' title='bbox 1721 2647 1878 2680; x_wconf 87' lang='lat' dir='ltr'>Platonici</span> <span class='ocrx_word' id='word_1_772' title='bbox 1899 2647 2058 2690; x_wconf 83' lang='lat' dir='ltr'>indigent,</span> <span class='ocrx_word' id='word_1_773' title='bbox 2078 2658 2143 2681; x_wconf 90' lang='lat' dir='ltr'>non</span> <span class='ocrx_word' id='word_1_774' title='bbox 2161 2648 2261 2682; x_wconf 87' lang='lat' dir='ltr'>modo</span> <span class='ocrx_word' id='word_1_775' title='bbox 2278 2649 2413 2693; x_wconf 83' lang='lat' dir='ltr'>Peripa-</span> 
     </span>
     <span class='ocr_line' id='line_1_96' title="bbox 1379 2705 2413 2748; baseline 0.002 -9"><span class='ocrx_word' id='word_1_776' title='bbox 1379 2707 1498 2739; x_wconf 83' lang='lat' dir='ltr'>teticus</span> <span class='ocrx_word' id='word_1_777' title='bbox 1516 2706 1596 2739; x_wconf 88' lang='lat' dir='ltr'>nihil</span> <span class='ocrx_word' id='word_1_778' title='bbox 1614 2705 1765 2748; x_wconf 83' lang='lat' dir='ltr'>prodest,</span> <span class='ocrx_word' id='word_1_779' title='bbox 1786 2705 1842 2738; x_wconf 84' lang='lat' dir='ltr'>sed</span> <span class='ocrx_word' id='word_1_780' title='bbox 1860 2714 1961 2747; x_wconf 88' lang='lat' dir='ltr'>prope</span> <span class='ocrx_word' id='word_1_781' title='bbox 1982 2705 2074 2738; x_wconf 89' lang='lat' dir='ltr'>solus</span> <span class='ocrx_word' id='word_1_782' title='bbox 2089 2706 2189 2739; x_wconf 83' lang='lat' dir='ltr'>etiam</span> <span class='ocrx_word' id='word_1_783' title='bbox 2206 2707 2237 2739; x_wconf 86' lang='lat' dir='ltr'>ei</span> <span class='ocrx_word' id='word_1_784' title='bbox 2259 2708 2413 2742; x_wconf 78' lang='lat' dir='ltr'>adversa-</span> 
     </span>
     <span class='ocr_line' id='line_1_97' title="bbox 1380 2762 2410 2807; baseline 0.002 -11"><span class='ocrx_word' id='word_1_785' title='bbox 1380 2766 1445 2796; x_wconf 89' lang='lat' dir='ltr'>tur.</span> <span class='ocrx_word' id='word_1_786' title='bbox 1467 2765 1575 2802; x_wconf 87' lang='lat' dir='ltr'>Quum</span> <span class='ocrx_word' id='word_1_787' title='bbox 1607 2762 1694 2796; x_wconf 85' lang='lat' dir='ltr'>enim</span> <span class='ocrx_word' id='word_1_788' title='bbox 1724 2771 1819 2795; x_wconf 90' lang='lat' dir='ltr'>omne</span> <span class='ocrx_word' id='word_1_789' title='bbox 1849 2771 1967 2804; x_wconf 86' lang='lat' dir='ltr'>corpus</span> <span class='ocrx_word' id='word_1_790' title='bbox 1994 2763 2134 2795; x_wconf 80' lang='lat' dir='ltr'>calidum</span> <span class='ocrx_word' id='word_1_791' title='bbox 2157 2765 2214 2796; x_wconf 84' lang='lat' dir='ltr'>aut</span> <span class='ocrx_word' id='word_1_792' title='bbox 2240 2764 2410 2807; x_wconf 78' lang='lat' dir='ltr'>frigidum,</span> 
     </span>
     <span class='ocr_line' id='line_1_98' title="bbox 1380 2821 2410 2865; baseline 0.003 -11"><span class='ocrx_word' id='word_1_793' title='bbox 1380 2821 1551 2854; x_wconf 89' lang='lat' dir='ltr'>humidum</span> <span class='ocrx_word' id='word_1_794' title='bbox 1571 2823 1629 2854; x_wconf 81' lang='lat' dir='ltr'>aut</span> <span class='ocrx_word' id='word_1_795' title='bbox 1647 2821 1770 2853; x_wconf 87' lang='lat' dir='ltr'>siccum</span> <span class='ocrx_word' id='word_1_796' title='bbox 1783 2846 1791 2861; x_wconf 91' lang='lat'>,</span> <span class='ocrx_word' id='word_1_797' title='bbox 1808 2821 1905 2853; x_wconf 86' lang='lat' dir='ltr'>molle</span> <span class='ocrx_word' id='word_1_798' title='bbox 1920 2822 1977 2853; x_wconf 86' lang='lat' dir='ltr'>aut</span> <span class='ocrx_word' id='word_1_799' title='bbox 1989 2821 2107 2853; x_wconf 87' lang='lat' dir='ltr'>durum</span> <span class='ocrx_word' id='word_1_800' title='bbox 2117 2845 2127 2863; x_wconf 93' lang='lat'>,</span> <span class='ocrx_word' id='word_1_801' title='bbox 2142 2822 2214 2854; x_wconf 89' lang='lat' dir='ltr'>leve</span> <span class='ocrx_word' id='word_1_802' title='bbox 2229 2825 2288 2855; x_wconf 87' lang='lat' dir='ltr'>aut</span> <span class='ocrx_word' id='word_1_803' title='bbox 2302 2832 2410 2865; x_wconf 78' lang='lat' dir='ltr'>grave,</span> 
     </span>
     <span class='ocr_line' id='line_1_99' title="bbox 1382 2878 2411 2922; baseline 0.003 -11"><span class='ocrx_word' id='word_1_804' title='bbox 1382 2888 1491 2912; x_wconf 87' lang='lat' dir='ltr'>rarum</span> <span class='ocrx_word' id='word_1_805' title='bbox 1520 2880 1578 2911; x_wconf 89' lang='lat' dir='ltr'>aut</span> <span class='ocrx_word' id='word_1_806' title='bbox 1607 2878 1743 2919; x_wconf 81' lang='lat' dir='ltr'>densum</span> <span class='ocrx_word' id='word_1_807' title='bbox 1774 2886 1853 2911; x_wconf 75' lang='lat' dir='ltr'>esse</span> <span class='ocrx_word' id='word_1_808' title='bbox 1867 2878 2033 2918; x_wconf 87' lang='lat' dir='ltr'>dicamus,</span> <span class='ocrx_word' id='word_1_809' title='bbox 2062 2878 2296 2922; x_wconf 83' lang='lat' dir='ltr'>videamusque</span> <span class='ocrx_word' id='word_1_810' title='bbox 2325 2881 2411 2914; x_wconf 85' lang='lat' dir='ltr'>aliud</span> 
     </span>
     <span class='ocr_line' id='line_1_100' title="bbox 1379 2937 2411 2980; baseline 0.002 -10"><span class='ocrx_word' id='word_1_811' title='bbox 1379 2938 1502 2970; x_wconf 90' lang='lat' dir='ltr'>nullum</span> <span class='ocrx_word' id='word_1_812' title='bbox 1517 2940 1634 2980; x_wconf 79' lang='lat' dir='ltr'>praeter</span> <span class='ocrx_word' id='word_1_813' title='bbox 1648 2937 1703 2970; x_wconf 85' lang='lat' dir='ltr'>illa</span> <span class='ocrx_word' id='word_1_814' title='bbox 1714 2938 1868 2978; x_wconf 82' lang='lat' dir='ltr'>quattuor</span> <span class='ocrx_word' id='word_1_815' title='bbox 1883 2945 2020 2979; x_wconf 84' lang='lat' dir='ltr'>corpora</span> <span class='ocrx_word' id='word_1_816' title='bbox 2037 2945 2108 2970; x_wconf 87' lang='lat' dir='ltr'>esse</span> <span class='ocrx_word' id='word_1_817' title='bbox 2121 2947 2236 2979; x_wconf 86' lang='lat' dir='ltr'>posse,</span> <span class='ocrx_word' id='word_1_818' title='bbox 2253 2939 2343 2980; x_wconf 83' lang='lat' dir='ltr'>quod</span> <span class='ocrx_word' id='word_1_819' title='bbox 2361 2939 2411 2972; x_wconf 89' lang='lat' dir='ltr'>his</span> 
     </span>
     <span class='ocr_line' id='line_1_101' title="bbox 1381 2994 2411 3039; baseline 0.002 -10"><span class='ocrx_word' id='word_1_820' title='bbox 1381 3006 1398 3029; x_wconf 93' lang='lat' dir='ltr'>e</span> <span class='ocrx_word' id='word_1_821' title='bbox 1431 2996 1682 3039; x_wconf 84' lang='lat' dir='ltr'>proprietatibus</span> <span class='ocrx_word' id='word_1_822' title='bbox 1706 2996 1847 3038; x_wconf 87' lang='lat' dir='ltr'>aliquam</span> <span class='ocrx_word' id='word_1_823' title='bbox 1874 2995 2030 3028; x_wconf 85' lang='lat' dir='ltr'>sortiatur</span> <span class='ocrx_word' id='word_1_824' title='bbox 2054 3008 2064 3028; x_wconf 66' lang='grc' dir='ltr'>τ</span> <span class='ocrx_word' id='word_1_825' title='bbox 2086 2994 2100 3037; x_wconf 91' lang='grc'>(</span> <span class='ocrx_word' id='word_1_826' title='bbox 2111 3005 2187 3037; x_wconf 84' lang='lat' dir='ltr'>nam</span> <span class='ocrx_word' id='word_1_827' title='bbox 2221 2997 2251 3030; x_wconf 87' lang='lat' dir='ltr'>si</span> <span class='ocrx_word' id='word_1_828' title='bbox 2268 2997 2411 3031; x_wconf 81' lang='lat' dir='ltr'>calidum</span> 
     </span>
     <span class='ocr_line' id='line_1_102' title="bbox 1380 3054 2411 3098; baseline 0.002 -10"><span class='ocrx_word' id='word_1_829' title='bbox 1380 3056 1442 3096; x_wconf 88' lang='lat' dir='ltr'>sit,</span> <span class='ocrx_word' id='word_1_830' title='bbox 1469 3058 1526 3088; x_wconf 84' lang='lat' dir='ltr'>aut</span> <span class='ocrx_word' id='word_1_831' title='bbox 1552 3055 1635 3097; x_wconf 81' lang='lat' dir='ltr'>ignis</span> <span class='ocrx_word' id='word_1_832' title='bbox 1654 3054 1716 3088; x_wconf 87' lang='lat' dir='ltr'>erit</span> <span class='ocrx_word' id='word_1_833' title='bbox 1740 3056 1795 3087; x_wconf 87' lang='lat' dir='ltr'>aut</span> <span class='ocrx_word' id='word_1_834' title='bbox 1822 3063 1894 3094; x_wconf 58' lang='lat' dir='ltr'>aer,</span> <span class='ocrx_word' id='word_1_835' title='bbox 1916 3054 1945 3086; x_wconf 89' lang='lat' dir='ltr'>si</span> <span class='ocrx_word' id='word_1_836' title='bbox 1971 3054 2146 3096; x_wconf 83' lang='lat' dir='ltr'>frigidum,</span> <span class='ocrx_word' id='word_1_837' title='bbox 2173 3056 2226 3088; x_wconf 83' lang='lat' dir='ltr'>vel</span> <span class='ocrx_word' id='word_1_838' title='bbox 2248 3065 2334 3098; x_wconf 86' lang='lat' dir='ltr'>aqua</span> <span class='ocrx_word' id='word_1_839' title='bbox 2359 3057 2411 3090; x_wconf 80' lang='lat' dir='ltr'>vel</span> 
     </span>
     <span class='ocr_line' id='line_1_103' title="bbox 1380 3113 2412 3157; baseline 0.003 -11"><span class='ocrx_word' id='word_1_840' title='bbox 1380 3115 1487 3154; x_wconf 78' lang='lat' dir='ltr'>terra3</span> <span class='ocrx_word' id='word_1_841' title='bbox 1518 3114 1567 3146; x_wconf 89' lang='lat' dir='ltr'>sin</span> <span class='ocrx_word' id='word_1_842' title='bbox 1586 3115 1694 3147; x_wconf 84' lang='lat' dir='ltr'>autem</span> <span class='ocrx_word' id='word_1_843' title='bbox 1723 3113 1845 3146; x_wconf 88' lang='lat' dir='ltr'>siccum</span> <span class='ocrx_word' id='word_1_844' title='bbox 1863 3113 1980 3154; x_wconf 77' lang='lat' dir='ltr'>fuerit,</span> <span class='ocrx_word' id='word_1_845' title='bbox 1999 3115 2056 3146; x_wconf 85' lang='lat' dir='ltr'>aut</span> <span class='ocrx_word' id='word_1_846' title='bbox 2082 3113 2163 3155; x_wconf 82' lang='lat' dir='ltr'>ignis</span> <span class='ocrx_word' id='word_1_847' title='bbox 2179 3115 2237 3148; x_wconf 86' lang='lat' dir='ltr'>aut</span> <span class='ocrx_word' id='word_1_848' title='bbox 2258 3115 2365 3157; x_wconf 65' lang='lat' dir='ltr'>term</span> <span class='ocrx_word' id='word_1_849' title='bbox 2382 3115 2412 3149; x_wconf 80' lang='lat' dir='ltr'>si</span> 
     </span>
     <span class='ocr_line' id='line_1_104' title="bbox 1379 3170 2412 3216; baseline 0.003 -11"><span class='ocrx_word' id='word_1_850' title='bbox 1379 3173 1550 3206; x_wconf 83' lang='lat' dir='ltr'>humidum</span> <span class='ocrx_word' id='word_1_851' title='bbox 1563 3199 1571 3214; x_wconf 94' lang='lat'>,</span> <span class='ocrx_word' id='word_1_852' title='bbox 1592 3172 1644 3206; x_wconf 85' lang='lat' dir='ltr'>vel</span> <span class='ocrx_word' id='word_1_853' title='bbox 1662 3181 1746 3214; x_wconf 84' lang='lat' dir='ltr'>aqua</span> <span class='ocrx_word' id='word_1_854' title='bbox 1763 3172 1817 3204; x_wconf 88' lang='lat' dir='ltr'>vel</span> <span class='ocrx_word' id='word_1_855' title='bbox 1833 3180 1887 3204; x_wconf 87' lang='lat' dir='ltr'>aer</span> <span class='ocrx_word' id='word_1_856' title='bbox 1907 3185 1915 3204; x_wconf 79' lang='lat' dir='ltr'><strong><em>z</em></strong></span> <span class='ocrx_word' id='word_1_857' title='bbox 1936 3172 1963 3204; x_wconf 90' lang='lat' dir='ltr'>si</span> <span class='ocrx_word' id='word_1_858' title='bbox 1983 3180 2061 3204; x_wconf 89' lang='lat' dir='ltr'>vero</span> <span class='ocrx_word' id='word_1_859' title='bbox 2079 3173 2176 3205; x_wconf 89' lang='lat' dir='ltr'>molle</span> <span class='ocrx_word' id='word_1_860' title='bbox 2198 3170 2338 3216; x_wconf 74' lang='lat' dir='ltr'>sit,&#39;aut</span> <span class='ocrx_word' id='word_1_861' title='bbox 2354 3183 2412 3208; x_wconf 74' lang='lat' dir='ltr'>aer</span> 
     </span>
     <span class='ocr_line' id='line_1_105' title="bbox 1381 3230 2411 3274; baseline 0.002 -10"><span class='ocrx_word' id='word_1_862' title='bbox 1381 3235 1438 3264; x_wconf 83' lang='lat' dir='ltr'>aut</span> <span class='ocrx_word' id='word_1_863' title='bbox 1452 3231 1552 3274; x_wconf 81' lang='lat' dir='ltr'>ignis;</span> <span class='ocrx_word' id='word_1_864' title='bbox 1573 3231 1601 3263; x_wconf 90' lang='lat' dir='ltr'>si</span> <span class='ocrx_word' id='word_1_865' title='bbox 1616 3231 1753 3271; x_wconf 83' lang='lat' dir='ltr'>durum,</span> <span class='ocrx_word' id='word_1_866' title='bbox 1771 3230 1822 3263; x_wconf 87' lang='lat' dir='ltr'>vel</span> <span class='ocrx_word' id='word_1_867' title='bbox 1836 3239 1920 3271; x_wconf 83' lang='lat' dir='ltr'>aqua</span> <span class='ocrx_word' id='word_1_868' title='bbox 1936 3231 1987 3263; x_wconf 81' lang='lat' dir='ltr'>vel</span> <span class='ocrx_word' id='word_1_869' title='bbox 2003 3232 2092 3263; x_wconf 86' lang='lat' dir='ltr'>terra</span> <span class='ocrx_word' id='word_1_870' title='bbox 2108 3244 2115 3263; x_wconf 89' lang='lat'>:</span> <span class='ocrx_word' id='word_1_871' title='bbox 2137 3231 2276 3273; x_wconf 87' lang='lat' dir='ltr'>denique</span> <span class='ocrx_word' id='word_1_872' title='bbox 2297 3233 2325 3265; x_wconf 84' lang='lat' dir='ltr'>si</span> <span class='ocrx_word' id='word_1_873' title='bbox 2339 3232 2411 3266; x_wconf 87' lang='lat' dir='ltr'>leve</span> 
     </span>
     <span class='ocr_line' id='line_1_106' title="bbox 1380 3288 2411 3332; baseline 0.001 -10"><span class='ocrx_word' id='word_1_874' title='bbox 1380 3290 1423 3322; x_wconf 88' lang='lat' dir='ltr'>sit</span> <span class='ocrx_word' id='word_1_875' title='bbox 1441 3292 1538 3331; x_wconf 85' lang='lat' dir='ltr'>atque</span> <span class='ocrx_word' id='word_1_876' title='bbox 1557 3298 1686 3330; x_wconf 79' lang='lat' dir='ltr'>rarum,</span> <span class='ocrx_word' id='word_1_877' title='bbox 1713 3290 1769 3321; x_wconf 86' lang='lat' dir='ltr'>aut</span> <span class='ocrx_word' id='word_1_878' title='bbox 1784 3289 1865 3329; x_wconf 81' lang='lat' dir='ltr'>ignis</span> <span class='ocrx_word' id='word_1_879' title='bbox 1892 3288 1954 3320; x_wconf 85' lang='lat' dir='ltr'>erit</span> <span class='ocrx_word' id='word_1_880' title='bbox 1971 3291 2029 3321; x_wconf 90' lang='lat' dir='ltr'>aut</span> <span class='ocrx_word' id='word_1_881' title='bbox 2055 3298 2131 3329; x_wconf 87' lang='lat' dir='ltr'>aer;</span> <span class='ocrx_word' id='word_1_882' title='bbox 2151 3292 2179 3322; x_wconf 80' lang='lat' dir='ltr'>si</span> <span class='ocrx_word' id='word_1_883' title='bbox 2194 3299 2290 3331; x_wconf 84' lang='lat' dir='ltr'>grave</span> <span class='ocrx_word' id='word_1_884' title='bbox 2313 3292 2411 3332; x_wconf 82' lang='lat' dir='ltr'>atque</span> 
     </span>
     <span class='ocr_line' id='line_1_107' title="bbox 1380 3347 2410 3390; baseline 0.001 -9"><span class='ocrx_word' id='word_1_885' title='bbox 1380 3348 1536 3389; x_wconf 78' lang='lat' dir='ltr'>densum,</span> <span class='ocrx_word' id='word_1_886' title='bbox 1557 3358 1642 3390; x_wconf 82' lang='lat' dir='ltr'>aqua</span> <span class='ocrx_word' id='word_1_887' title='bbox 1670 3348 1719 3380; x_wconf 80' lang='lat' dir='ltr'>vel</span> <span class='ocrx_word' id='word_1_888' title='bbox 1746 3347 1856 3388; x_wconf 85' lang='lat' dir='ltr'>terra)</span> <span class='ocrx_word' id='word_1_889' title='bbox 1872 3347 1996 3379; x_wconf 89' lang='lat' dir='ltr'>nulium</span> <span class='ocrx_word' id='word_1_890' title='bbox 2018 3348 2096 3380; x_wconf 86' lang='lat' dir='ltr'>item</span> <span class='ocrx_word' id='word_1_891' title='bbox 2118 3348 2206 3382; x_wconf 87' lang='lat' dir='ltr'>aliud</span> <span class='ocrx_word' id='word_1_892' title='bbox 2224 3347 2264 3381; x_wconf 75' lang='lat' dir='ltr'>&#39;ex</span> <span class='ocrx_word' id='word_1_893' title='bbox 2283 3349 2410 3382; x_wconf 68' lang='lat' dir='ltr'>caeteris</span> 
     </span>
     <span class='ocr_line' id='line_1_108' title="bbox 1381 3405 2410 3453; baseline 0.002 -14"><span class='ocrx_word' id='word_1_894' title='bbox 1381 3407 1529 3439; x_wconf 86' lang='lat' dir='ltr'>omnibus</span> <span class='ocrx_word' id='word_1_895' title='bbox 1554 3406 1753 3448; x_wconf 74' lang='lat' dir='ltr'>simplicibus</span> <span class='ocrx_word' id='word_1_896' title='bbox 1780 3405 2004 3453; x_wconf 77' lang='lat' dir='ltr'>facultatibus,</span> <span class='ocrx_word' id='word_1_897' title='bbox 2037 3409 2155 3448; x_wconf 64' lang='lat' dir='ltr'>praeter</span> <span class='ocrx_word' id='word_1_898' title='bbox 2174 3407 2228 3439; x_wconf 86' lang='lat' dir='ltr'>iila</span> <span class='ocrx_word' id='word_1_899' title='bbox 2253 3409 2410 3448; x_wconf 73' lang='lat' dir='ltr'>quattuor</span> 
     </span>
    </p>
   </div>
  </div>
 </body>
</html>
