2528 3788
322 283 399 320 0214

320 368 397 407 καθ’
425 368 462 406 ἣν
486 368 679 418 ἀλγοῦμεν,
713 369 864 407 ἐοικυῖαν
888 370 939 422 τῷ
958 367 1048 406 κατὰ
1068 369 1248 408 θάλασσαν
1274 384 1349 421 χει-

322 430 422 478 μῶνι·
445 426 563 479 ἑτέραν
595 427 654 474 δέ,
675 429 753 465 καθ’
772 427 814 475 ἣν
835 427 1012 478 ἡδόμεθα,
1036 429 1086 479 τῷ
1111 426 1194 480 λείῳ
1211 425 1342 478 κύματι

321 485 595 538 ἀφομοιούμενοι·
617 479 705 524 εἶναι
724 485 790 538 γὰρ
820 485 917 524 λείαν
938 485 1072 534 κίνησιν
1106 486 1169 532 τὴν
1189 484 1315 532 ἡδονήν
1332 514 1342 532 ,

320 544 423 596 οὐρίῳ
445 543 760 595 παραὸαλλομένην
792 543 920 597 ἀνέμῳ·
941 543 1005 591 τὴν
1025 543 1061 582 δὲ
1092 543 1211 596 τρίτην
1233 542 1345 594 μέσην

320 595 407 639 εἶναι
426 601 639 640 κατάστασιν
654 631 664 651 ‚
688 601 762 640 καθ’
783 601 824 649 ἣν
840 601 918 640 οὔτε
948 603 1144 652 ἀλγοῢμεν,
1162 600 1240 640 οὔτε
1258 600 1341 649 ἡδό-

320 663 428 710 μεθα,
453 659 617 712 γαλήνῃῑ·
651 660 902 712 παραπλησίαν
935 654 1058 700 οὖσαν.
1127 660 1270 700 Τούτων
1308 660 1348 707 δὴ

322 719 380 757 καὶ
402 719 530 770 ἔφασκε
561 721 629 757 τῶν
662 721 780 757 παθῶν
816 718 929 770 μόνων
961 722 1055 769 ἡμᾶς
1086 718 1149 766 τὴν
1182 718 1342 766 αἴσθησιν

323 777 431 829 ἔχειν.
491 777 582 826 Πρὸς
601 777 658 820 οὓς
678 778 916 816 ἀντιλέλεκται
937 780 1060 815 ταῦτα.

371 840 384 883 (
398 837 586 875 Eusebius
599 838 808 888 Praeparat.
827 838 961 887 Evang
993 835 1065 877 lib.
1078 835 1181 883 XIV,
1198 849 1281 888 cap.
1305 837 1350 873 18

318 895 401 946 πρὸς
425 894 502 938 τοὺς
534 894 625 933 κατὰ
662 895 835 948 Πύρῤωνα
869 894 1069 938 σκεπτικούς
1085 924 1096 943 ,
1117 894 1194 941 ἤτοι
1219 895 1352 947 ἐφεκτι-

317 953 396 997 κοὺς
425 953 693 1001 ἐπικληθέντας,
724 953 831 1004 μηδὲν
852 953 1077 1000 καταληπτὸν
1104 946 1190 991 εἶναι
1213 954 1349 1006 ἀποφη·

317 1011 496 1063 ναμένους.
519 1011 603 1050 Ἀπὸ
622 1016 681 1051 τοῦ
696 1013 810 1051 αὐτοῦ.
831 1012 978 1063 Scripsi
1006 1026 1014 1050 τ
1036 1015 1050 1034 ⁸
1066 1011 1137 1050 οὐδ’
1157 1012 1217 1049 οὐκ
1233 1010 1348 1061 ἔστιν]

318 1071 431 1111 codd.
456 1069 526 1108 οὔτ’
549 1071 610 1108 οὐκ
630 1069 735 1109 ἔστιν.
755 1093 808 1100 ——
824 1072 840 1093 ¹³
861 1072 890 1108 εἷ
922 1069 982 1108 καὶ
1010 1069 1178 1121 δοίημεν]
1199 1068 1292 1108 libri
1323 1071 1351 1107 εἷ

317 1130 375 1167 καὶ
399 1128 550 1180 δῴημεν.
574 1151 626 1157 -
645 1132 659 1151 ⁰
679 1128 813 1180 ἀνάγκη
841 1127 902 1178 δὲ]
931 1142 1017 1166 curn
1035 1128 1202 1177 vigea-03
1234 1127 1347 1166 codd.

318 1187 451 1238 ἀνάγκη
471 1202 507 1224 τε
537 1209 589 1215 -
605 1187 621 1208 ‘¹
639 1185 750 1233 ἡδέως
770 1186 810 1225 ἄν
831 1202 880 1230 τις
909 1185 1040 1239 ἔροιτο]
1060 1186 1151 1223 libri
1182 1185 1289 1232 ἡδέως
1311 1186 1351 1223 ἄν

319 1262 367 1288 τις
399 1247 521 1298 εἴρετο.
549 1266 602 1274 -—
621 1251 633 1267 ⁰
661 1244 868 1297 διελέχθης]
906 1245 1017 1283 codd.
1048 1243 1236 1294 διηλέχθης
1267 1242 1346 1281 bis.

315 1329 368 1335 —
388 1303 540 1354 ῐΤίμων
574 1304 700 1357 φησίν]
732 1303 817 1342 Vid.
851 1304 953 1342 Phil.
985 1303 1053 1341 Gr.
1094 1302 1245 1351 Fragm.
1270 1302 1349 1341 vol.

318 1364 349 1407 1,
373 1376 457 1414 pag.
481 1362 545 1411 95.
568 1383 620 1391 —
637 1367 653 1389 8
684 1360 866 1413 Κόρυδον]
893 1360 1072 1411 Corybus
1100 1362 1183 1397 sive
1213 1360 1350 1397 Coroe-

324 1423 394 1462 bus
423 1419 647 1472 (Κόροιὸος),
674 1419 879 1470 Mygdonis
901 1419 1002 1456 filius
1017 1447 1027 1465 ,
1049 1431 1071 1455 a
1090 1417 1216 1469 poetis
1243 1418 1350 1455 stulti

316 1478 484 1515 hominis
508 1489 673 1527 persona
692 1489 793 1527 saepe
822 1476 1000 1520 indutus,
1037 1476 1181 1526 passini
1203 1489 1221 1513 a
1248 1484 1348 1514 vete-

316 1537 424 1574 ribus
442 1543 686 1574 memoratur.
699 1534 786 1574 vid.
802 1535 936 1586 Eurip.
956 1534 1069 1572 Rhes.
1088 1534 1164 1584 539
1181 1549 1192 1582 3
1213 1534 1347 1580 Quint.

315 1595 469 1644 Smyrn.
507 1593 596 1631 xlll
616 1623 626 1641 ‚
667 1595 761 1643 ¹693
797 1594 960 1631 l‘ausan.
990 1592 1038 1640 X,
1071 1607 1136 1640 27,
1171 1606 1212 1643 13
1242 1592 1347 1642 Virg.

318 1653 397 1691 AEn.
422 1651 471 1698 ll,
493 1654 566 1696 341
588 1660 626 1689 et
645 1652 701 1690 ibi
737 1652 859 1702 Heyn.
885 1653 1048 1691 Excurs.
1069 1651 1116 1689 X.
1141 1651 1238 1689 Hinc
1253 1665 1349 1702 pro-

314 1710 493 1749 verbium
516 1709 687 1762 Κοροίὸου
718 1711 939 1761 ἠλιθιώτερος
965 1710 1068 1762 apud
1101 1709 1251 1748 Zenob.
1281 1710 1346 1757 lv,

316 1769 385 1816 583
405 1769 579 1819 Apostol.
599 1768 647 1815 X,
678 1771 722 1816 33
744 1770 971 1819 Diogenian.
995 1769 1040 1816 V,
1063 1769 1111 1806 56
1133 1777 1170 1806 et
1192 1768 1349 1820 μωρότε-

315 1843 368 1878 ρος
394 1826 552 1878 Κορύδου
572 1827 675 1878 apud
707 1828 881 1878 Apostol.
911 1827 979 1872 XI,
1002 1828 1067 1878 93.
1091 1850 1143 1856 —-
1161 1826 1177 1849 ¹¹
1203 1827 1347 1866 Μελιτί-

313 1883 397 1940 δην]
419 1887 476 1923 De
496 1885 568 1923 hoc
584 1886 746 1936 aliisque
763 1886 990 1924 hominibus
1015 1886 1142 1924 stultis
1163 1888 1217 1923 sic
1235 1886 1349 1924 [Elia-

314 1958 386 1983 nus
405 1957 488 1982 var.
510 1944 600 1982 hist.
619 1943 727 1991 Xlll,
746 1958 761 1981 1
783 1944 867 1997 φασὶ
887 1944 1087 1997 παχύτατον
1107 1943 1265 1995 γενέσθαι
1284 1944 1362 1991 τὴν·

313 2002 466 2040 διάνοιαν
489 2004 520 2040 οἳ
539 2004 599 2049 τῆς
626 2001 812 2054 κωμῳδίας
831 2001 997 2050 ποιηταί,
1019 2003 1059 2041 τὸ
1088 2001 1200 2055 δέρμα
1224 2003 1347 2054 ἔχοντα

315 2062 594 2108 ἀδιακόντιστον,
639 2060 844 2113 Πολύδωρόν
873 2076 960 2099 τινα·
995 2060 1053 2099 καὶ
1083 2060 1186 2099 ἄλλον
1221 2063 1348 2100 Κοικυ-

312 2119 418 2158 λίωνα
449 2118 583 2170 ὄνομα,
620 2119 727 2171 ὅσπερ
754 2120 796 2157 τὰ
836 2119 977 2170 κύματα
1007 2119 1146 2171 ἠρίθμει
1180 2120 1247 2159 ὑπὸ
1283 2124 1342 2168 τ’ῆς

317 2179 404 2227 ἄγαν
429 2178 568 2229 μανίας.
615 2178 725 2228 Λόγος
744 2177 781 2215 δέ
804 2194 852 2221 τις
872 2178 930 2216 καὶ
951 2178 1174 2232 Σαννυρίωνα
1195 2182 1346 2218 τοιοῦτον

313 2237 490 2287 γενέσθαι,
512 2235 546 2280 ὃς
564 2241 597 2275 ἐν
619 2240 661 2289 τῇ
683 2237 822 2288 ληκύθῳ
840 2236 903 2284 τὴν
921 2237 1077 2288 κλίμακα
1102 2237 1228 2284 ἐζήτει.
1268 2238 1341 2277 Καὶ

315 2294 483 2346 Κόροιὸον
503 2294 560 2342 δέ,
582 2295 641 2333 καὶ
678 2295 891 2342 Μελιτιάδην
925 2295 984 2334 καὶ
1006 2296 1156 2340 ἐκείνους
1175 2296 1341 2343 ἀνοήτους

312 2353 426 2403 φασίν.
452 2354 728 2404 Aristophanes
762 2354 855 2393 llan.
881 2368 958 2405 990
973 2354 1057 2398 τέως
1081 2354 1109 2393 δ’
1131 2354 1332 2404 ἀὸελτερώ-

311 2427 425 2458 τατοι,
452 2412 636 2464 κεχηνότες
663 2412 924 2462 Μαμμάκυθοι,
949 2413 1133 2451 Μελιτίδαι
1163 2416 1336 2460 καθῆντο,

312 2470 379 2507 ubi
404 2470 587 2518 legendus
607 2479 663 2507 est
694 2470 885 2521 interpres
917 2484 1074 2520 graecus.
1098 2469 1175 2500 —i
1197 2469 1340 2521 Τίμων]

313 2527 396 2565 vid.
416 2527 519 2566 Phil.
541 2528 612 2565 Gr.
634 2528 781 2578 Fragm.
800 2530 877 2568 vol.
901 2528 931 2575 Ι,
954 2543 1039 2580 pag.
1065 2530 1130 2580 95.
1149 2551 1201 2557 —
1224 2529 1243 2551 ¹¹
1266 2529 1343 2566 ἀλλ’

313 2578 404 2637 οἷον]
441 2600 525 2623 cuni
555 2586 717 2635 Vigero;
742 2588 975 2625 membrana:
1002 2589 1153 2626 ἀλλοῖον.
1184 2611 1236 2616 -
1257 2586 1267 2609 ¹
1287 2586 1342 2634 ἠδ’

313 2711 481 2753 luptatem,
511 2714 644 2746 secundi
669 2715 756 2747 venti
784 2716 990 2749 simillimam.
1036 2717 1177 2749 Tertiam
1201 2716 1342 2757 denique

309 2770 450 2802 mediam
483 2780 554 2803 esse
582 2772 797 2805 conditionem
810 2798 817 2812 ‚
858 2783 923 2814 qua
952 2783 1012 2806 nec
1044 2774 1248 2814 doleremus,
1282 2783 1341 2806 nec

311 2827 515 2868 laetaremur,
557 2830 701 2862 malaciae
736 2833 768 2863 et
808 2832 1034 2872 tranquillitati
1073 2832 1339 2873 comparandam.

310 2886 433 2916 Horum
465 2885 518 2917 ille
539 2885 695 2919 duntaxat
730 2887 829 2920 animi
873 2892 1021 2921 motuum
1049 2899 1180 2922 sensum
1201 2890 1343 2931 aliquem

309 2942 402 2975 nobis
422 2942 529 2975 inesse
546 2944 695 2977 docebat.
741 2946 800 2978 Sed
822 2946 885 2978 illis
902 2947 971 2979 haec
991 2947 1215 2981 adversantur.

349 3003 380 3033 4.
404 3001 563 3043 Deinceps
574 3027 582 3041 ‚
597 3002 703 3043 inquit
715 3027 723 3042 ,
742 3012 797 3035 eos
810 3003 981 3037 videamus
993 3030 1001 3046 ,
1017 3006 1073 3047 qni
1099 3008 1186 3039 solos
1203 3007 1343 3041 affectus

312 3060 417 3092 mente
446 3060 681 3101 comprehendi
722 3070 816 3102 posse
843 3062 1031 3096 defendunt.
1088 3065 1249 3098 Dixerunt
1282 3067 1343 3099 hoc

313 3116 441 3158 quidam
454 3118 541 3150 exiis
551 3118 606 3159 qui
618 3119 864 3160 Cyrenaicorum
879 3123 1143 3163 sectamprofessi
1150 3124 1236 3156 sunt.
1259 3124 1285 3156 li
1295 3124 1342 3157 sic

311 3177 463 3217 tanquam
472 3185 586 3209 somno
601 3178 745 3218 oppressi
758 3178 888 3211 omnino
905 3179 984 3212 nibil
1002 3189 1074 3213 esse
1095 3181 1340 3220 existimabant,

309 3233 448 3275 nisiquis
460 3235 592 3275 propius
599 3235 756 3267 accedens
764 3236 852 3277 ipsos
867 3237 978 3270 feriret
988 3240 1044 3270 aut
1057 3239 1195 3272 foderet.
1210 3240 1340 3282 Quippe

309 3293 338 3325 si
354 3295 526 3325 urerentur
542 3302 579 3325 ac
601 3296 803 3333 secarentur,
830 3296 896 3336 pali
910 3304 945 3328 se
968 3297 1088 3337 aliquid
1101 3323 1108 3337 ,
1124 3298 1186 3331 sihi
1202 3299 1338 3341 liquere,

310 3352 510 3384 utrum‘vero
527 3351 607 3393 iguis
619 3355 706 3385 esset
717 3352 795 3385 illud
811 3354 899 3394 quod
912 3357 1033 3395 ureret,
1054 3365 1094 3388 an
1113 3358 1234 3390 serrum
1248 3358 1336 3400 quod

308 3411 452 3449 secaret,
474 3410 507 3442 id
524 3419 559 3443 se
573 3410 811 3452 incompertum
836 3412 957 3445 habere
981 3413 1199 3448 affirmabant.
1218 3419 1263 3449 Ex
1278 3417 1341 3450 hoc

309 3464 474 3500 hominum
488 3478 604 3511 genere
619 3469 730 3503 statim
747 3480 953 3512 quaeramus,
971 3481 1048 3505 num
1060 3473 1093 3505 id
1111 3475 1225 3507 saltem
1242 3476 1340 3517 probe

1062 280 1356 321 ARISTOCLIS
1385 280 1741 321 PERIPATE'I‘IGI

1413 368 1634 420 ἀδάμαστον]
1654 382 1675 407 e
1693 369 1825 418 Vigeri
1847 366 2090 418 conjectura3
2114 367 2229 407 codd.
2254 366 2277 414 ἢ
2301 365 2442 418 ἀδάμα-

1412 443 1504 467 mov.
1518 449 1569 458 -—
1588 433 1614 450 ¹¹¹
1631 427 1727 467 οὐδὲν
1746 426 1813 479 γὰρ
1834 424 1875 464 ἂν
1888 418 1958 476 ἦν]
1977 425 2072 464 libri
2088 424 2263 478 οὐδὲνγὰρ
2282 419 2339 473 ἦν,
2354 447 2409 456 -
2421 429 2441 458 Ι,

1414 485 1500 526 vid.
1518 487 1619 526 Phil.
1639 486 1708 526 Gr.
1734 486 1884 535 Fragm.
1904 484 1985 523 vol.
2002 483 2035 531 l,
2065 496 2152 534 pag.
2184 484 2233 522 85
2251 505 2306 515 —
2320 488 2339 508 ⁶
2357 482 2440 524 οἵων

1408 540 1453 584 Ὶέκ
1472 543 1502 583 τ’
1523 545 1667 599 ἐρίδων]
1689 545 1774 585 cod.
1795 542 1894 582 τοίων
1916 540 2019 593 apud
2040 541 2251 580 Eusebium
2275 550 2315 581 et
2331 541 2442 583 ποίων

1411 601 1513 654 apud
1539 602 1828 640 Theodoretum
1859 600 1908 639 de
1938 599 2122 639 curandis
2141 599 2313 649 gentium
2333 612 2438 639 mor·

1412 659 1473 699 bis
1493 673 1607 699 serm.
1634 674 1655 697 2
1676 658 1847 708 tom.IV,
1863 672 1902 710 p.
1922 660 2012 707 489.
2040 679 2081 687 —
2105 661 2124 687 Ρ
2145 657 2183 696 ἔκ
2203 671 2241 696 τε
2261 659 2440 710 emax-&iv

1414 718 1595 757 πέπλασθε
1610 719 1624 770 ]
1642 731 1727 756 cum
1741 717 1933 768 Eusebi03
1954 716 2222 755 'theodoretus
2237 714 2297 754 καὶ
2313 716 2442 769 λεσχο-

1413 778 1537 830 μάχων
1555 777 1791 825 πεπλάνησθε,
1815 799 1867 807 -
1885 783 1902 808 (1
1934 776 2028 821 ὅπως
2047 775 2087 815 ἂν
2113 775 2211 828 ἐθέλῃ
2229 775 2302 828 τις]
2325 775 2438 817 codd.

1411 836 1504 881 ὅπως
1525 836 1622 889 ἐθέλῃ
1642 852 1706 881 τις.
1729 858 1780 866 —-
1799 842 1813 860 ¹*
1828 835 1987 888 γαλήνῃ]
2007 835 2103 873 libri
2123 834 2365 887 γαληνῇ.-)
2412 869 2414 871 ,

1464 909 1492 934 4.
1514 894 1615 943 Ἑξῆς
1635 895 1664 933 δ’
1685 893 1727 933 ἂν
1747 889 1813 933 εἶεν
1840 896 1870 933 οἱ
1896 894 2054 945 λέγοντες
2079 894 2169 944 μόνα
2203 892 2247 932 τὰ
2265 893 2362 942 πάθη
2381 909 2444 933 κα-

1411 954 1586 1000 ταληπτά.
1612 955 1726 993 Τοῦτο
1748 952 1777 991 δ’
1807 948 1901 992 εἷπον
1923 951 2005 992 ἔνιοι
2034 953 2103 991 τῶν
2124 955 2163 991 ἐκ
2181 954 2243 999 τῆς
2264 950 2439 1006 Κυρήνης.

1413 1005 1519 1051 Οὗτοι
1541 1010 1570 1049 δ’
1601 1010 1717 1059 ἠξίουν
1732 1041 1742 1060 ,
1764 1010 1884 1062 ὥσπερ
1902 1010 1968 1049 ὑπὸ
1988 1010 2095 1063 κάρου
2114 1009 2310 1061 πιεζόμενοί
2330 1025 2438 1059 τινες,

1412 1069 1509 1108 οὐδὲν
1531 1064 1618 1108 εἶναι
1646 1069 1686 1108 τὸ
1704 1069 1894 1122 παράπαν,
1912 1070 1942 1107 εἷ
1965 1068 2015 1119 μή
2043 1084 2093 1113 τις
2113 1067 2297 1121 παραστὰς
2315 1068 2440 1113 αὖτοὺς

1414 1127 1511 1167 παίοι
1526 1127 1585 1167 καὶ
1605 1127 1753 1180 κεντῴη.
1812 1126 2001 1178 Καιόμενοι
2018 1127 2086 1180 γὰρ
2100 1127 2216 1179 ἔλεγον
2236 1127 2297 1167 καὶ
2316 1127 2441 1179 τεμνό-

1414 1201 1509 1236 μενοι
1528 1186 1720 1238 γνωρίζειν,
1741 1182 1794 1223 ὅτι
1813 1184 1982 1237 πάσχοιέν
2001 1201 2046 1224 τι·
2063 1185 2206 1238 πότερον
2231 1185 2268 1226 δὲ
2285 1186 2326 1227 τὸ
2339 1192 2438 1226 καῖον

1412 1243 1465 1292 εἴη
1485 1247 1554 1297 πῦρ
1569 1274 1580 1292 ,
1599 1243 1622 1291 ἢ
1638 1247 1677 1283 τὸ
1690 1242 1812 1294 τέμνον
1832 1243 1989 1295 σίδηρος,
2014 1245 2076 1282 οὔκ
2095 1243 2186 1296 ἔχειν
2206 1246 2328 1286 εἰπεῖν.
2344 1244 2438 1290 Τοὺς

1412 1301 1447 1340 δὲ
1479 1305 1590 1341 ταῦτα
1616 1301 1779 1353 λέγοντας
1799 1301 1895 1345 εὐθὺς
1914 1301 2026 1354 ἔροιτό
2055 1317 2106 1347 τις
2126 1302 2190 1348 ἄν.
2210 1305 2241 1343 εἷ
2269 1301 2312 1351 δὴ
2337 1305 2440 1343 τοῦτο

1411 1363 1491 1411 γοῦν
1520 1360 1635 1399 ἴσασιν
1663 1359 1782 1407 αὐτοί,
1815 1360 1901 1398 διότι
1932 1359 2110 1412 πάσχουσί
2130 1376 2163 1399 τι
2183 1362 2242 1401 καὶ
2264 1361 2444 1402 αἰσθάνον-

1411 1433 1487 1458 ται.
1545 1416 1608 1465 Μὴ
1629 1417 1754 1460 εἰδότες
1783 1416 1845 1468 μὲν
1864 1416 1933 1469 γὰρ
1964 1419 2034 1456 οὐδ’
2057 1420 2165 1458 εἰπεῖν
2186 1421 2362 1468 δυνηθεῖεν
2382 1420 2423 1460 ἄν

1413 1476 1464 1514 ὅτι
1482 1476 1584 1527 μόνον
1603 1476 1702 1515 ἴσασι
1722 1475 1760 1514 τὸ
1787 1476 1907 1520 πάθος.
1947 1478 1992 1516 Εἰ
2008 1476 2041 1515 δ’
2058 1471 2102 1516 αὗ
2120 1478 2363 1530 γνωρίζουσιν,
2380 1480 2445 1518 οὐκ

1412 1534 1453 1573 ἂν
1475 1534 1528 1583 εἴη
1565 1535 1652 1585 μόνα
1680 1534 1723 1572 τὰ
1746 1534 1841 1582 πάθη
1872 1536 2097 1583 καταληπτά.
2163 1537 2217 1577 Τὸ
2248 1537 2334 1591 γάρ,
2373 1537 2443 1587 ἐγὼ

1411 1594 1579 1642 καίομαι,
1599 1595 1697 1645 λόγος
1715 1587 1756 1640 ἧν
1776 1593 1835 1631 καὶ
1851 1595 1888 1632 οὗ
1910 1594 2029 1638 πάθος.
2085 1593 2191 1634 Ἀλλὰ
2207 1594 2277 1646 μὴν
2301 1595 2436 1648 ἀνάγκη

1411 1668 1450 1705 γε
1469 1652 1549 1704 τρία
1568 1655 1676 1690 ταῦτα
1697 1651 1995 1704 συνυφίστασθαι,
2015 1651 2053 1690 τό
2071 1668 2110 1691 τε
2129 1653 2237 1697 πάθος
2256 1653 2352 1702 αὐτό,
2374 1653 2434 1694 καὶ

1409 1711 1450 1750 τὸ
1467 1714 1603 1758 ποιοῦν,
1624 1709 1683 1749 καὶ
1709 1710 1748 1748 τὸ
1767 1711 1917 1763 πάσχον.
1987 1710 2032 1751 Ὃ
2053 1710 2164 1750 τοίνυν
2184 1712 2442 1763 ἀντιλαμῆανό·

1411 1784 1510 1819 μενος
1529 1772 1588 1807 τοῦ
1611 1768 1739 1812 πάθους
1755 1767 1894 1812 πάντως
1911 1768 2103 1808 αἷσθάνοιτ’
2121 1769 2177 1809 ἄν.
2235 1771 2289 1809 Οὔ
2309 1769 2377 1822 γὰρ
2399 1771 2440 1817 δὴ

1414 1826 1465 1865 ὅτι
1501 1826 1584 1878 μέν,
1612 1827 1642 1865 εἷ
1667 1826 1791 1878 τύχοι,
1823 1827 2044 1878 θερμαίνεται
2062 1833 2224 1882 γνωριεῖ,
2246 1827 2391 1881 πότερον
2412 1829 2441 1867 δ’

1410 1885 1510 1928 αὐτὸς
1539 1885 1562 1932 ἢ
1591 1887 1609 1923 ὁ
1638 1885 1782 1935 γείτων,
1805 1886 1978 1937 ἀγνοήσει·
2010 1885 2068 1924 καὶ
2089 1890 2147 1925 νῦν
2168 1885 2191 1934 ἢ
2214 1884 2351 1940 πέρυσι·
2371 1887 2430 1928 καὶ

1410 1944 1591 1997 Ἀθήνῃσιν
1609 1942 1632 1991 ἢ
1657 1946 1691 1983 ἐν
1713 1943 1881 1996 Αἰγύπτῳ
1895 1973 1905 1992 ,
1926 1945 1986 1982 καὶ
2011 1946 2076 1990 ζῶν
2096 1942 2118 1991 ἢ
2137 1943 2280 1989 τεθνεώς
2294 1973 2305 1993 ,
2327 1944 2379 1983 ἔτι
2397 1946 2433 1984 δὲ

1410 2003 1587 2055 ἄνθρωπος
1621 2000 1668 2041 ὢν
1708 2001 1731 2049 ἢ
1764 2002 1865 2046 λίθος.
1897 2004 2035 2042 Οὐκοῦν
2065 2002 2195 2042 εἴσεται
2228 2002 2288 2042 καὶ
2316 2004 2375 2058 ὑφ’
2401 1997 2440 2042 οὗ

1411 2061 1555 2114 πάσχει.
1578 2061 1651 2101 Καὶ
1684 2060 1751 2114 γὰρ
1782 2061 1954 2109 ἀλλήλους
1986 2061 2207 2113 γνωρίζουσι,
2235 2061 2296 2100 καὶ
2330 2060 2440 2105 ὁδούς,

1408 2120 1468 2160 καὶ
1496 2120 1637 2172 πόλεις,
1658 2120 1718 2159 καὶ
1750 2119 1814 2167 τὴν
1833 2120 1978 2173 τροφήν.
2033 2123 2080 2160 Οἱ
2102 2121 2132 2159 δ’
2156 2113 2200 2159 αὖ
2219 2125 2375 2173 τεχνῖται
2397 2119 2440 2159 τὰ

1408 2180 1573 2232 ἐργαλεῖα
1592 2177 1636 2216 τὰ
1656 2180 1768 2216 αὑτῶν
1786 2178 1916 2219 οἴδασι.
1970 2178 2038 2218 Καὶ
2057 2180 2088 2217 οἱ
2102 2177 2221 2231 ,ἰατροὶ
2243 2177 2304 2217 καὶ
2323 2193 2439 2217 ναυτι-

1409 2237 1463 2277 κοὶ
1487 2242 1711 2287 σημειοῦνται
1726 2237 1768 2275 τὰ
1787 2236 1972 2287 μέλλοντα.
1999 2237 2068 2276 Καὶ
2089 2239 2157 2275 τῶν
2174 2236 2303 2290 θηρίων
2318 2237 2350 2276 οἳ
2369 2236 2436 2276 κύ-

1409 2312 1461 2339 νες
1478 2296 1672 2348 εὑρίσκουσι
1696 2295 1771 2339 τοὺς
1791 2294 1941 2339 στίὸους.
1997 2293 2081 2335 Ἔτι
2101 2312 2140 2347 γε
2161 2293 2230 2346 μὴν
2251 2297 2270 2334 ὁ
2288 2294 2435 2348 πάσχων

1407 2370 1466 2405 τι,
1487 2355 1625 2397 πάντως
1646 2353 1667 2400 ἢ
1690 2355 1735 2397 ὡς
1755 2352 1881 2392 οἰκείου
1910 2352 1997 2396 τινός
2011 2383 2021 2401 ,
2055 2352 2077 2399 ἢ
2103 2355 2149 2398 ὡς
2171 2351 2352 2406 ἀλλοτρίου
2370 2354 2437 2392 πά-

1408 2417 1486 2457 θους
1507 2412 1815 2462 ἀντιλαμὸάνεται.
1839 2411 1949 2451 Πόθεν
1965 2404 2024 2450 οὖν
2041 2409 2108 2456 ἔξει
2120 2410 2248 2463 λέγειν,
2268 2409 2321 2450 ὅτι
2336 2414 2439 2451 τοῦτο

1411 2470 1472 2522 μέν
1493 2472 1585 2509 ἐστιν
1607 2469 1733 2520 ἡδονή,
1754 2473 1855 2508 τοῦτο
1888 2468 1924 2508 δὲ
1942 2468 2065 2517 πόνοςς
2087 2468 2110 2516 ἢ
2141 2468 2194 2508 ὅτι
2213 2469 2391 2521 γενόμενος
2418 2470 2438 2517 ἢ

1406 2532 1493 2582 ὁρῶν
1514 2528 1536 2575 ἢ
1568 2527 1702 2567 ἀκούων
1722 2531 1852 2580 πάσχοι
1875 2543 1928 2576 τι,
1949 2527 2006 2566 καὶ
2026 2531 2069 2581 τῇ
2094 2526 2155 2578 μὲν
2174 2527 2317 2580 γλώσσῃ
2338 2529 2435 2580 γευό-

1410 2601 1508 2636 μενος
1521 2616 1531 2634 ,
1558 2593 1628 2630 τοῖς
1651 2586 1679 2624 δ’
1701 2586 1856 2638 ὄμμασιν
1885 2588 1972 2639 ὁρῶν
1985 2615 1996 2634 ,
2014 2591 2084 2630 τοῖς
2105 2585 2133 2624 δ’
2152 2586 2237 2624 ὠσὶν
2269 2586 2404 2626 ἀκούων

1404 2715 1524 2756 sciant,
1546 2714 1614 2757 pati
1630 2723 1665 2748 se
1684 2724 1722 2748 ac
1737 2715 1856 2748 senlire
1887 2714 2020 2755 aliquid.
2078 2717 2146 2747 Hoc
2170 2714 2216 2747 illi
2231 2714 2261 2748 si
2271 2714 2430 2755 nesciant,

1403 2783 1443 2806 ne
1469 2773 1663 2806 contendere
1687 2773 1818 2815 quidem
1832 2773 1972 2815 possint,
1991 2781 2026 2806 se
2053 2773 2140 2806 solos
2163 2773 2305 2806 affectus
2323 2782 2430 2807 nosse.

1403 2832 1458 2864 Sin
1476 2833 1584 2865 autem
1605 2833 1669 2865 hoe
1690 2831 1881 2874 intelligant,
1898 2840 1963 2864 non
1985 2831 2045 2864 soli
2062 2831 2201 2864 affectus
2213 2833 2322 2865 mente
2340 2841 2431 2865 com-

1402 2891 1560 2932 prehendi
1590 2891 1724 2934 possint.
1769 2893 1850 2924 Nam
1878 2890 1959 2924 illud
1978 2899 2062 2924 uror
2078 2891 2243 2932 loquentis
2270 2893 2340 2932 est,
2368 2901 2433 2924 non

1401 2950 1563 2991 patientis.
1608 2950 1780 2983 Enimvero
1808 2949 1904 2982 simul
1929 2949 1999 2982 haec
2014 2949 2078 2982 tria
2097 2949 2277 2983 subsistere
2299 2959 2432 2987 necesse

1402 3012 1468 3051 est,
1483 3010 1623 3052 primum
1639 3010 1723 3043 mala
1745 3010 1827 3052 ipsa,
1848 3009 1964 3043 deinde
1985 3009 2018 3042 id
2037 3009 2125 3051 quod
2143 3018 2182 3043 ea
2201 3009 2312 3050 affert,
2330 3010 2425 3043 deni-

1402 3079 1465 3112 que
1479 3070 1514 3103 id
1531 3071 1619 3112 quod
1635 3071 1675 3104 iis
1692 3070 1861 3113 premitur.
1906 3072 2005 3103 Porro
2020 3070 2079 3112 qui
2103 3071 2226 3104 malum
2243 3070 2403 3104 sustineat
2419 3096 2428 3110 ,

1400 3128 1429 3160 is
1456 3129 1570 3171 utIque
1591 3128 1708 3161 sentiat
1728 3129 1868 3170 oportet.
1912 3130 1978 3161 Nee
2007 3128 2094 3161 enim
2118 3129 2267 3170 profecto
2290 3127 2432 3162 calefieri

1401 3196 1455 3228 se,
1474 3187 1500 3220 si
1520 3187 1602 3220 forte
1625 3187 1783 3228 calescat,
1800 3186 1979 3228 intelliget;
2007 3187 2093 3219 idem
2111 3188 2242 3227 tamen,
2264 3187 2376 3229 ipsene
2392 3196 2431 3219 an

1401 3245 1526 3278 vicinus
1543 3245 1690 3285 calefiat,
1707 3245 1868 3287 ignorabit
1889 3257 1896 3277 ε
1927 3246 2073 3287 adeoque
2091 3253 2178 3280 nunc
2202 3255 2243 3278 an
2265 3245 2431 3287 superiore

1401 3313 1484 3336 anno
1498 3327 1507 3343 ,
1527 3304 1662 3337 Athenis
1683 3313 1725 3337 an
1747 3304 1781 3336 in
1797 3305 1935 3345 AEgypto
1947 3328 1955 3343 ‚
1974 3303 2109 3337 vivusne
2135 3313 2176 3337 an
2190 3303 2340 3336 mortuus
2351 3326 2361 3344 ,
2377 3301 2426 3335 lio

1404 3371 1499 3395 mone
1517 3372 1558 3395 an
1574 3363 1667 3404 lapis.
1711 3363 1817 3401 Quare
1839 3361 1935 3394 simul
1956 3362 2054 3395 etiam
2070 3362 2219 3403 noverit,
2243 3371 2263 3395 a
2280 3369 2347 3404 quo
2367 3369 2428 3404 pa-

1400 3420 1513 3467 tiatur.
1567 3421 1696 3454 [atenim
1731 3421 1878 3454 homines
1905 3430 1981 3454 cum
2010 3430 2046 3454 se
2072 3421 2231 3462 invicem,
2264 3421 2336 3454 tum
2358 3419 2429 3453 vias

1402 3478 1502 3511 etiam
1516 3503 1527 3520 ,
1551 3479 1650 3513 urbes
1673 3480 1828 3522 cibosque
1857 3480 1986 3513 norunt.
2041 3481 2106 3513 Sua
2130 3488 2226 3522 porro
2254 3477 2431 3512 artificibus
