2508 3776
244 212 322 251 302

250 299 350 349 1559
368 299 492 335 forma
502 295 669 348 maxima
685 304 733 330 ex
746 290 903 329 officina
919 288 1148 339 Hieronymi
1162 285 1281 333 scoti,

246 359 378 397 addito
398 353 609 395 Alexandri
628 352 676 390 de
699 350 889 388 mixtione
908 348 1110 400 opusculo.

300 418 446 456 Caetera
458 411 670 452 Alexandri
684 410 827 461 scripta
843 409 997 448 silentio
1011 415 1212 460 praetereo.
1229 405 1287 443 Ex

247 479 297 517 iis
315 485 439 515 autem
459 482 600 512 nostrae
617 470 815 508 memoriae
836 467 982 506 criticis
1003 467 1071 518 qui
1089 465 1137 503 ad
1154 477 1284 503 emen-

247 535 373 574 danda
389 530 603 571 Alexandri
620 541 740 581 opera
756 526 1040 572 incubuerunt,
1060 524 1288 562 nobilitatus

247 603 304 633 est
323 593 494 631 Joannes
514 587 716 629 Conradus
739 585 910 623 Orellius
927 584 1101 622 editione
1121 582 1218 620 libri
1241 581 1289 619 de

248 653 364 698 Fato,
388 649 532 701 quibus
569 648 665 685 alias
692 644 834 684 similis
863 642 1080 692 argumenti
1115 642 1288 692 disputa-

248 707 375 744 tiones
408 702 550 753 adjecit
575 698 674 752 (61).
698 700 735 737 Is
754 698 864 736 enim
878 696 998 734 multa
1026 697 1082 733 rei
1103 694 1203 732 bene
1223 706 1290 743 ge-

250 763 400 811 rendae,
433 759 579 811 quibus
608 757 831 809 superiores
869 755 1036 793 editores
1064 761 1288 799 caruerant,

250 822 470 870 adjumenta
499 817 648 857 habuit.
685 817 862 854 Duorum
883 813 1067 852 videlicet
1095 813 1291 850 librorum

251 880 606 930 manuscriptorum
656 876 868 922 lectiones,
900 874 1109 922 diligenter
1146 886 1167 910 a
1193 871 1292 911 viris

250 939 374 977 doctis
394 945 579 984 enotatae,
602 935 650 974 ad
666 933 945 973 recensendum
970 932 1184 970 Alexandri
1212 941 1292 969 tex-

252 1007 332 1037 tum
363 999 397 1035 ei
419 1005 560 1048 praesto
583 995 752 1034 fuerunt.
772 993 928 1044 Quippe
948 991 1121 1029 codicem
1157 990 1294 1028 Fabri-

252 1060 402 1096 cianum
417 1085 428 1106 ,
447 1055 516 1106 qui
533 1055 574 1092 in
594 1053 807 1093 Academiae
826 1051 1047 1089 Hafniensis
1059 1050 1297 1088 bibliotheca

253 1124 490 1164 asservatur,
524 1127 611 1151 cum
632 1113 805 1151 editione
826 1110 1066 1148 Londinensi
1096 1109 1222 1147 libelli
1249 1111 1296 1147 de

252 1176 330 1213 fato
356 1188 398 1212 ac
418 1174 466 1211 de
487 1186 533 1210 eo
558 1172 664 1222 quod
685 1172 727 1209 in
750 1179 882 1208 nostra
901 1178 957 1207 est
985 1177 1177 1219 potestate
1197 1182 1291 1206 con-

254 1233 344 1270 tulit
361 1231 434 1270 Th.
452 1232 501 1271 D.
526 1230 730 1278 Blochius‚
753 1230 861 1267 illius
885 1227 1132 1266 bibliothecae
1161 1227 1297 1278 praefe-

254 1300 361 1338 ctus,
399 1302 632 1339 omnemque
667 1289 871 1339 scripturae
899 1286 1125 1325 varietatem
1147 1286 1296 1323 Orellio

254 1349 372 1387 misit.
403 1348 512 1386 Idem
535 1347 718 1384 Blochius
751 1346 830 1384 duo
852 1345 1046 1397 capitarde
1067 1345 1239 1383 Fortuna
1263 1354 1300 1383 et

257 1407 350 1446 Fato
371 1420 420 1445 ex
455 1407 531 1445 isto
564 1405 698 1442 codice
729 1404 925 1454 exscripta
956 1416 1044 1441 cum
1074 1403 1301 1442 diversitate

255 1467 435 1504 lectionis
459 1464 646 1502 editionis
664 1463 814 1501 Aldinae
831 1462 977 1514 prioris
994 1462 1107 1512 (nam
1126 1462 1168 1499 in
1183 1463 1302 1501 altera

256 1524 367 1562 Libri
388 1524 436 1561 de
456 1523 585 1560 anima
598 1553 608 1572 ‚
629 1521 773 1572 quibus
793 1521 1043 1558 continentur
1063 1521 1144 1558 haec
1160 1522 1300 1572 capita,

255 1584 347 1622 licet
380 1583 423 1620 in
454 1582 570 1620 titulo
608 1580 902 1632 promittantur,
938 1593 1019 1617 non
1053 1583 1303 1631 comparent)

256 1641 403 1679 Orellio
424 1641 569 1678 utenda
589 1639 764 1677 tradidit.
786 1638 976 1677 Caeterum
997 1639 1039 1676 in
1060 1640 1195 1677 codice
1215 1641 1302 1689 illo,

258 1701 326 1752 qui
346 1712 509 1738 numero
524 1698 571 1736 85
593 1707 764 1748 notatur,
782 1698 897 1736 varia
916 1698 1063 1749 scripta
1076 1697 1152 1737 hoc
1167 1699 1305 1738 ordine

259 1759 534 1810 reperiuntur;
558 1759 729 1809 primum
750 1757 911 1797 ,Ioannis
934 1758 1164 1796 Damasceni
1195 1761 1307 1811 κεφά-

259 1817 343 1854 λαια
360 1814 592 1869 φιλοσοφικά;
610 1815 749 1852 deinde
768 1815 934 1853 Graeculi
950 1816 1078 1853 nescio
1096 1816 1208 1867 cujus
1229 1818 1308 1856 dis-

261 1876 415 1915 sertatio
438 1874 517 1926 περὶ
547 1873 703 1913 ἑκουσίου
732 1874 792 1912 καὶ
825 1873 990 1912 ἀκουσίου
1023 1883 1133 1912 sexto
1159 1875 1308 1914 decimo

264 1935 403 1974 saeculo
425 1933 660 1984 composita,
689 1942 769 1971 tum
792 1933 1003 1970 Alexandri
1028 1933 1308 1982 Aphrodisien-

264 1994 317 2031 sis
341 1992 422 2045 περὶ
441 1991 553 2044 τύχης
577 1993 637 2030 καὶ
658 1991 874 2044 εἱμαρμένης
906 1992 1032 2042 capita
1059 1992 1138 2030 duo
1158 2007 1206 2031 ex
1226 1994 1311 2045 ejus

266 2052 368 2090 libro
385 2052 556 2090 secundo
576 2051 623 2089 de
646 2051 799 2100 anima3
823 2059 1010 2102 praeterea
1029 2051 1204 2102 ejusdem
1227 2053 1312 2106 πρὸς

266 2109 529 2163 αὐτοκράτορας
561 2110 640 2163 περὶ
662 2109 878 2161 εἱμαρμένης
903 2110 964 2148 καὶ
991 2114 1050 2148 τοῦ
1073 2111 1126 2163 ἐφ’
1145 2115 1231 2161 ἡμῖν
1259 2115 1313 2164 βι-

269 2170 392 2217 6λίον;
421 2171 542 2222 porro
576 2169 750 2220 ejusdem
782 2169 935 2222 σχολίων
959 2173 1136 2223 φυσαῶν,
1159 2174 1314 2224 ἀποριῶν

270 2230 329 2269 καὶ
347 2228 481 2268 λύσεων
502 2228 636 2281 βιὸλίον
661 2229 693 2281 β’
714 2230 823 2280 (cap.
852 2229 980 2280 2-16)
1000 2245 1010 2277 ;
1035 2230 1202 2281 denique
1223 2233 1313 2271 Συν-

271 2286 392 2341 αγωγὴ
411 2290 480 2326 τῶν
507 2287 789 2340 ἀναγκαιοτάτων
812 2286 1011 2339 ἐξηγήσεων
1034 2290 1082 2332 εἷς
1121 2289 1186 2336 τὴν
1212 2292 1313 2341 ῥητο-

272 2347 370 2401 ρικὴν
388 2350 457 2385 τῶν
480 2348 715 2386 ἀποδοθεισῶν
734 2347 800 2386 ὑπὸ
817 2349 885 2385 τῶν
902 2351 1118 2400 χριστιανῶν
1136 2347 1314 2399 ἐξηγητῶν

272 2406 331 2445 καὶ
353 2405 553 2452 Ἑλλήνων.
577 2407 684 2444 Alter
716 2407 839 2444 codex
870 2421 949 2457 quo
971 2408 1120 2446 Orellio
1142 2409 1198 2446 uti
1227 2410 1317 2449 lice-

273 2465 362 2513 bat,
385 2474 442 2503 est
461 2465 703 2503 Monacensis
724 2466 785 2503 vel
809 2466 939 2516 potius
959 2468 1156 2518 exemplar
1182 2468 1318 2507 editio-

276 2525 336 2562 nis
356 2525 507 2562 Aldinae
529 2525 672 2575 prioris
686 2554 696 2571 ‚
715 2524 961 2563 bibliothecae
978 2526 1092 2575 regiae
1114 2529 1320 2566 Monacen-

276 2584 330 2621 sis
370 2591 661 2629 ornamentum,
694 2583 733 2620 in
763 2583 874 2633 cujus
906 2584 1078 2633 margine
1111 2598 1250 2633 manu,
1279 2596 1321 2625 ut

278 2641 446 2688 videtur,
478 2642 523 2678 P.
567 2641 725 2679 Victorii
758 2657 845 2680 cum
880 2644 1139 2683 correctiones
1172 2646 1322 2684 Aldinae

279 2700 526 2750 posterioris,
572 2709 652 2737 tum
691 2701 774 2738 aliae
812 2701 994 2740 lectiones
1043 2703 1145 2741 haud
1194 2713 1323 2743 conte-

279 2758 452 2796 mnendae
467 2759 618 2810 scriptae
638 2768 741 2798 sunt.
762 2760 838 2797 Has
861 2760 1023 2799 Victorii
1046 2771 1156 2801 notas
1179 2777 1200 2801 e
1219 2764 1322 2802 libro

281 2816 502 2855 Monacensi
533 2817 754 2868 depromtas
785 2818 976 2858 Xaverius
1007 2821 1205 2861 Werferus
1236 2837 1323 2862 cum

280 2875 427 2913 Orellio
452 2876 762 2916 communicavit.
784 2878 868 2916 Huc
887 2890 1131 2918 accesserunt
1156 2881 1232 2919 alia
1259 2882 1325 2920 do-

285 2934 416 2972 ctrinae
434 2934 626 2985 praesidIa.
657 2934 806 2972 Etenim
836 2950 858 2974 a
883 2937 1051 2975 Benekio
1067 2968 1077 2986 ,
1100 2939 1325 2978 professore

283 2991 545 3041 Gottingensi,
592 2993 877 3031 contentionem
920 3005 956 3033 et
994 2999 1324 3048 comparationem

284 3051 488 3101 utriusque
521 3051 670 3089 Aldinae
703 3066 790 3090 cum
829 3053 996 3093 editione
1038 3056 1272 3097 Londinensi
1305 3072 1327 3097 a

288 3197 458 3230 translatio
469 3198 568 3240 paulo
581 3197 697 3230 melior
709 3199 742 3231 et
754 3198 937 3240 elegantior
952 3201 1107 3235 Grotiana
1120 3206 1181 3237 est.
1201 3205 1263 3245 (61)
1279 3205 1335 3238 Li-

289 3242 347 3276 ber
364 3244 412 3276 ita
429 3244 620 3277 inscribitur
635 3256 641 3276 :
662 3245 838 3278 Alexandri
871 3248 1153 3290 Aphrodisiensis,
1171 3252 1334 3284 Ammonii

289 3291 433 3324 Hermiae
463 3291 542 3331 filii,
570 3292 707 3332 Plotini,
729 3293 924 3327 Bardesanis
960 3296 1033 3336 Syri
1059 3299 1091 3329 et
1118 3299 1247 3342 Georgii
1269 3302 1336 3333 Ge-

289 3338 381 3371 misti
407 3338 576 3372 Plethonis
593 3339 635 3373 dc
662 3342 743 3373 Fato
770 3350 846 3383 quae
871 3344 1047 3383 supersunt
1071 3353 1176 3384 graece
1202 3346 1244 3378 ad
1278 3355 1335 3379 co·-

291 3386 403 3419 dicum
428 3387 744 3429 manuscriptorum,
774 3388 977 3428 editionum,
1013 3392 1201 3425 versionum
1232 3394 1331 3426 fidem

294 3434 476 3473 recensuit,
504 3434 807 3474 interpretationem
834 3436 969 3469 latinam
1000 3439 1145 3478 Ilugonis
1173 3440 1277 3472 Grotii
1302 3442 1335 3472 et

543 205 611 245 DE
640 197 962 243 ARISTOTELE
989 195 1220 246 EJUSQUE
1253 190 1535 234 DISCIPULIS
1562 189 1628 230 ΕΤ
1660 188 2084 231 SUCCESSORIBUS.

1347 283 1469 323 doctis
1506 278 1818 320 adolescentibus
1851 279 1989 317 factam
2023 277 2182 329 accepit.
2219 274 2384 326 Insuper

1347 343 1486 382 Joann.
1522 339 1665 380 Caselii
1695 338 1902 376 editionem
1916 365 1926 385 ,
1958 337 2035 378 viri
2073 337 2121 375 de
2160 333 2384 375 Alexandro
2439 343 2440 346 ’

1349 402 1447 440 bene
1468 399 1615 446 meriti,
1643 395 1843 435 Rostochii
1862 409 1897 434 a.
1919 395 2021 434 1588
2041 395 2239 446 quaternis
2264 392 2386 432 ador-

1350 469 1476 499 natam
1510 458 1732 497 Fridericus
1753 456 1968 509 Creuzerus
1997 454 2142 493 Orellio
2166 452 2387 492 commoda-

1350 519 1408 558 vit
1421 548 1431 566 ,
1447 519 1516 570 qui
1536 519 1618 569 ipse
1631 529 1714 554 eam
1732 529 1819 554 cum
1833 513 2068 552 Londinensi
2085 512 2262 553 contulit.
2280 511 2387 551 Idem

1350 576 1397 614 ad
1417 575 1644 627 corrigenda
1660 587 1792 625 graecae
1812 572 1998 611 orationis
2012 572 2151 611 menda
2170 585 2248 610 non
2264 571 2390 611 solum

1351 635 1507 674 Eusebii
1535 634 1862 685 praeparationem
1898 631 2170 682 Evangelicam
2193 638 2232 668 et
2255 628 2391 668 Hiero-

1352 696 1458 746 nymi
1493 693 1670 744 Bagolini
1698 691 1990 731 translationem
2019 704 2108 738 cum
2143 688 2276 728 codice
2308 686 2403 726 Haf-

1354 755 1477 793 niensi
1506 766 1607 804 saepe
1647 751 1975 803 consentientem,
2010 749 2078 788 sed
2109 749 2223 788 etiam
2255 747 2395 787 latinas

1355 818 1528 868 Hugonis
1549 817 1676 854 Grotii
1694 825 1730 854 et
1750 815 1911 854 editoris
1933 813 2191 854 Londinensis
2210 813 2400 864 interpre-

1356 877 1518 914 tationes
1541 884 1578 913 et
1594 875 1854 925 germanicam
1873 874 2030 924 Georgii
2052 871 2303 912 Schulthessii
2316 870 2394 924 (62)

1357 935 1546 974 adhibuit.
1569 935 1792 986 Exemplari
1821 947 1945 984 graeco
1978 933 2192 983 elegantem
2220 930 2398 981 Hugonis

1358 995 1490 1033 Grotii
1528 994 1904 1045 interpretationem,
1943 992 2108 1031 maxime
2146 1004 2195 1029 ex
2231 989 2400 1029 editione

1359 1054 1501 1092 Aldina
1522 1052 1739 1104 posteriore
1759 1064 2004 1103 expressam,
2032 1049 2244 1088 emendatis
2274 1057 2402 1097 tamen

1359 1112 1456 1150 locis
1496 1111 1732 1162 quibusdam
1779 1110 1909 1147 minus
1942 1109 2169 1156 intellectis,
2206 1107 2399 1158 adjunxit.

1361 1170 1479 1208 Libro
1504 1170 1550 1207 de
1573 1169 1664 1207 Fato
1689 1167 1836 1206 addidit
1855 1167 1992 1218 Capita
2012 1167 2090 1205 duo
2109 1165 2158 1204 de
2179 1165 2351 1204 Fortuna
2367 1173 2406 1204 et

1361 1229 1453 1267 Fato
1489 1243 1576 1267 cum
1615 1227 1751 1276 Angeli
1781 1227 1934 1264 Caninii
1975 1224 2245 1271 translatione,
2279 1237 2403 1277 porro

1362 1287 1557 1324 Ammonii
1576 1285 1740 1323 Hermiae
1758 1285 1828 1322 filii
1845 1293 1882 1322 et
1897 1284 2040 1322 Plotini
2058 1283 2406 1322 commentationes

1362 1347 1408 1384 de
1430 1346 1520 1383 Fato
1534 1373 1544 1391 ‚
1566 1344 1674 1382 illam
1691 1356 1711 1381 e
1733 1342 1971 1381 Londinensi
1986 1341 2198 1380 Alexandri
2217 1342 2405 1391 editione,

1362 1405 1461 1442 hanc
1481 1417 1502 1442 e
1522 1402 1731 1441 Basileensi
1765 1402 1938 1453 petitam.
1960 1401 2110 1450 Adjecit
2136 1401 2253 1440 etiam
2271 1413 2318 1439 ex
2334 1399 2409 1445 Eu-

1364 1464 1459 1504 sebii
1494 1462 1782 1514 Praeparatione
1828 1461 2084 1511 Evangelica,
2123 1459 2274 1499 collatis
2305 1458 2406 1500 Rob.

1364 1523 1546 1575 Stephani
1566 1531 1603 1560 et
1626 1521 1762 1561 Franc.
1785 1520 1917 1571 Vigeri
1939 1519 2176 1559 editionibus
2189 1549 2200 1569 ‚
2221 1518 2409 1569 Bardesa-

1366 1583 1425 1620 nis
1452 1582 1542 1633 Syri
1578 1582 1708 1619 locum
1737 1581 1922 1619 adversus
1954 1580 2174 1630 astrologos
2207 1577 2407 1632 scriptum.

1367 1642 1546 1692 Denique
1566 1641 1605 1678 in
1630 1641 1708 1678 fine
1736 1641 1947 1678 voluminis
1981 1648 2125 1692 praeter
2154 1638 2279 1678 breve
2307 1639 2412 1677 Alci·

1369 1701 1435 1738 noi
1469 1708 1607 1751 caput,
1631 1699 1793 1749 Georgii
1824 1699 1994 1737 Geniisti
2021 1698 2221 1737 Plethonis
2250 1698 2298 1737 de
2321 1697 2412 1737 Fato

1369 1759 1547 1798 libellum
1586 1758 1735 1809 posuit,
1771 1771 1886 1809 quem
1920 1766 2031 1796 antea
2070 1751 2414 1803 san15ffleimar'us

1371 1818 1550 1868 Lugduni
1569 1819 1803 1856 Batavorum
1823 1831 1859 1857 a.
1884 1831 1982 1866 1722
2001 1830 2122 1868 graece
2138 1825 2175 1855 et
2202 1816 2322 1856 latine
2337 1816 2416 1855 edi·

1371 1877 1489 1915 derat.
1510 1876 1577 1914 His
1591 1875 1771 1913 omnibus
1786 1875 1982 1926 opusculis
2003 1883 2081 1913 tum
2099 1873 2279 1912 lectionis
2293 1874 2417 1913 varie-

1374 1945 1487 1974 tatem
1507 1948 1529 1973 e
1560 1934 1673 1973 libris
1702 1935 1855 1986 scriptis
1884 1944 1921 1973 et
1948 1934 2147 1987 impressis
2171 1941 2415 1986 excerptam,

1375 2005 1454 2034 tum
1472 2008 1561 2034 suas
1579 2003 1618 2032 et
1642 1995 1832 2047 patruelis
1849 1995 1966 2047 Casp.
1989 1994 2126 2033 Orellii
2149 1994 2417 2033 annotationes

1373 2054 1551 2105 subjecit.

1429 2113 1601 2152 Uberius
1637 2113 1684 2150 de
1716 2112 1866 2151 Orellio
1895 2112 2001 2162 dixi,
2031 2126 2080 2151 ne
2109 2112 2237 2152 virum
2263 2115 2419 2165 praecla-

1376 2186 1485 2222 rum,
1511 2172 1624 2223 cujus
1644 2185 1804 2210 acumen
1824 2171 1867 2209 in
1887 2172 2138 2210 emendandis
2157 2181 2196 2210 et
2212 2172 2417 2213 illustran-

1377 2230 1437 2268 dis
1472 2230 1580 2268 hisce
1629 2230 1957 2280 disputationibus
2001 2231 2242 2283 elaboravit,
2290 2232 2422 2274 debita

1376 2289 1490 2328 laude
1508 2289 1708 2327 fraudasse
1723 2290 1896 2330 viderer.
1919 2292 1966 2328 At
1983 2292 2014 2329 si
2035 2292 2121 2343 quis
2150 2305 2230 2330 non
2251 2305 2298 2330 ex
2317 2306 2420 2344 prae-

1379 2357 1506 2386 sumta
1535 2349 1745 2400 opinione,
1771 2349 1837 2387 sed
1870 2363 1918 2387 ex
1948 2351 2109 2388 veritate
2140 2364 2227 2402 quae
2249 2353 2422 2405 praestita

1383 2416 1473 2445 sunt
1493 2408 1752 2455 aestimaverit,
1774 2408 1887 2459 plura
1900 2409 2068 2460 incepta,
2085 2410 2213 2461 aliqua
2229 2410 2420 2460 absoluta,

1380 2467 1458 2504 alia
1482 2468 1529 2505 de
1556 2467 1707 2516 integro
1733 2475 1771 2504 et
1804 2468 2014 2507 intentiore
2039 2469 2166 2507 studio
2190 2471 2336 2520 agenda
2364 2484 2424 2510 re-

1382 2526 1513 2577 periet.
1548 2526 1676 2573 Quum
1705 2527 1824 2576 igitur
1863 2528 2208 2579 Peripateticorum
2247 2530 2424 2582 reliquiis

1383 2585 1660 2636 disputationes
1677 2598 1812 2624 omnes
1837 2586 1886 2624 ab
1900 2587 2045 2626 Orellio
2059 2589 2235 2639 vulgatas
2253 2589 2424 2640 adjicere

1384 2642 1643 2681 decrevissem
1673 2643 1950 2696 videremque,
1976 2655 2163 2696 quantum
2190 2647 2229 2684 in
2257 2647 2330 2684 hoc
2355 2657 2423 2696 ge-

1384 2714 1475 2740 nere
1514 2710 1604 2753 post
1644 2703 1749 2742 illius
1784 2704 1958 2743 laborem
1990 2705 2168 2744 relictum
2200 2713 2300 2744 esset
2325 2705 2426 2745 bene

1384 2761 1558 2799 merendi
1577 2763 1749 2801 materiae
1775 2777 1784 2801 t
1808 2764 1922 2815 operi
1941 2764 2125 2803 inchoato
2145 2774 2182 2804 et
2201 2779 2326 2817 prope
2343 2765 2424 2818 jam

1388 2819 1566 2859 absoluto
1598 2830 1783 2872 tanquam
1813 2823 2008 2874 fastigium
2033 2825 2237 2878 imponere
2265 2825 2427 2866 conatus

1387 2893 1485 2919 sum.
1508 2879 1642 2932 Itaque
1663 2881 1784 2920 verba
1802 2895 1926 2932 graeca
1941 2885 2127 2934 castigavi
2142 2913 2152 2933 ,
2171 2885 2277 2924 locos
2295 2899 2429 2925 corru-

1388 2949 1472 2991 ptos
1496 2943 1672 2991 correxi,
1697 2944 1863 2995 denique
1895 2944 2051 2994 rejectis
2077 2959 2215 2997 magna
2239 2959 2289 2984 ex
2317 2955 2428 2998 parte

1388 3000 1550 3038 aliorum
1567 3003 1882 3042 translationibus
1899 3003 1982 3055 ipse
1998 3004 2079 3043 haec
2100 3005 2287 3057 opuscula
2302 3006 2428 3045 inter-

1389 3069 1560 3110 pretatus
1584 3075 1683 3101 sum.

2220 3160 2416 3176 —q-e—

1394 3207 1534 3243 aliorum
1553 3211 1805 3244 emendatiorem
1819 3237 1825 3249 ,
1842 3211 2037 3246 varietatem
2054 3213 2203 3247 lectionis
2216 3215 2249 3247 et
2261 3215 2357 3247 notas
2368 3211 2427 3247 ad-

1389 3256 1469 3298 jccit
1496 3259 1637 3292 Joannes
1659 3259 1827 3293 conradus
1846 3260 1998 3295 Orellius.
2021 3263 2158 3295 Insertaa
2182 3263 2260 3295 sunt
2285 3261 2431 3296 animad-

1394 3305 1560 3339 versiones
1577 3308 1628 3340 Jo.
1653 3307 1747 3350 Casp.
1766 3307 1889 3341 Orellii.
1907 3309 2034 3348 Turici,
2050 3310 2139 3352 typis
2163 3309 2430 3349 oreuii,·1³¹uess-

1393 3352 1453 3385 lini
1474 3354 1507 3386 et
1520 3362 1584 3386 soc.
1608 3357 1696 3387 1824.
1726 3368 1728 3370 ·

1437 3402 1502 3442 (62)
1518 3401 1602 3434 Vide
1630 3403 1828 3436 Bibliothelc
1848 3404 1912 3436 cler
1931 3405 2168 3445 qriechischen
2200 3405 2428 3448 Philosopten

1394 3451 1472 3481 tom.
1503 3451 1547 3480 IV
1570 3459 1642 3492 pag.
1664 3454 1721 3483 150
1739 3460 1830 3494 seqq.
1849 3452 1958 3485 Turici
1980 3455 2066 3485 1782.
2084 3457 2112 3486 8.
