2528 3788
273 227 351 265 118

271 327 361 367 pag.
387 313 459 351 150
476 313 536 351 ed.
563 313 722 352 Hutten.
745 312 803 350 De
824 311 978 363 reliquo
992 311 1146 360 omnia,
1166 325 1255 363 quae
1275 313 1315 350 in

270 382 375 411 terra
402 379 577 418 exstant,
607 371 669 409 vel
695 383 766 422 per
796 383 837 408 se
854 380 972 419 sunt,
1000 371 1060 410 vel
1081 370 1130 409 ad
1161 370 1314 422 aliquid

271 431 515 469 referuntur.
535 430 659 467 Docet
670 428 746 467 hoc
759 428 988 481 Simplicius
999 429 1047 468 ad
1060 429 1219 469 Aristot.
1238 429 1314 467 Ca-

270 499 346 539 teg.
377 502 465 540 pag.
496 502 544 537 27
583 487 748 541 (interp.
769 488 832 526 lat.
860 487 996 529 venet.
1030 487 1196 541 1567):
1230 491 1316 526 Xe-

269 557 441 586 nocrates
470 557 508 586 et
532 550 770 586 Andronicus
797 550 974 586 videntur
998 553 1125 587 omnia
1149 561 1315 599 compre-

268 609 432 645 hendere
449 609 516 645 sub
532 621 606 658 per
621 621 662 645 se
680 617 719 645 et
735 610 790 645 ad
816 610 963 658 aliquid
986 621 996 645 .·
1022 610 1186 659 perinde
1209 612 1319 658 quasi

266 681 588 717 supervacaneum
606 671 656 705 sit
671 669 777 717 apud
790 681 852 705 eos
872 676 1020 705 tantam
1042 670 1317 706 multitudinem

264 742 441 776 generum
461 726 620 775 afferre.
642 726 718 772 Qui
739 726 848 765 locus
878 727 933 765 sic
953 726 1210 777 explicandus
1231 735 1289 765 est
1303 756 1315 778 ‚

267 795 310 825 ut
329 787 435 838 quod
458 800 529 838 per
549 799 589 825 se
609 786 659 824 sit
672 816 683 833 ,
717 785 975 824 substantiam
998 798 1082 824 esse
1110 786 1287 825 dicamus
1302 816 1313 835 ,

267 846 372 897 quod
393 847 441 885 ad
463 846 614 898 aliquid
634 846 839 893 referatur,
859 845 1040 884 accidens
1061 848 1126 885 vel
1148 845 1310 884 modum

268 906 531 956 appellemus,
562 904 748 957 quoniam
792 905 855 944 hic
890 918 970 944 non
1004 913 1132 958 potest
1165 905 1242 945 nisi
1275 905 1315 943 in

267 963 390 1003 altero
412 966 535 1016 esse.)

321 1038 369 1064 21.
398 1026 444 1064 Οἱ
464 1023 501 1063 δὲ
524 1023 605 1077 περὶ
637 1023 861 1078 Ξενοκράτην
883 1023 946 1073 τὴν
974 1023 1037 1075 μὲν
1061 1023 1204 1077 πρώτην
1226 1025 1312 1063 ἀκο-

265 1083 445 1134 λουθιάνε
432 1099 497 1122 υπε
498 1086 572 1122 ῒναι
591 1085 828 1136 συνεχώρουν,
844 1085 940 1122 τοῦτ’
957 1083 1050 1122 ἔστιν
1072 1082 1125 1122 ὅτι
1145 1083 1175 1122 εἷ
1190 1082 1257 1122 ἕν’
1242 1098 1315 1121 εστι

265 1142 304 1180 τὸ
322 1141 381 1190 ὄν,
401 1142 462 1181 καὶ
490 1141 728 1195 ἀδιαίρετον”
710 1157 834 1181 εσται·
858 1144 896 1181 οὐ
918 1141 987 1194 μὴν
1010 1142 1204 1194 ἀδιαίρετον
1227 1144 1315 1179 εἰναι

265 1201 304 1239 τὸ
333 1200 394 1240 ὅν·
422 1202 475 1240 διὸ
494 1203 601 1240 πάλιν
622 1202 710 1253 μηδὲ
741 1200 776 1240 ἓν
799 1201 900 1252 μόνον
918 1201 958 1240 τὸ
978 1201 1042 1249 ὄν,
1065 1201 1156 1239 ἀλλὰ
1181 1200 1312 1239 πλείω·

265 1260 435 1313 διαιρετὸν
458 1260 577 1312 μέντοι
597 1260 679 1312 μὴ’
664 1262 718 1299 επ’
735 1259 878 1313 ἄπειρον
897 1263 1010 1310 εἶναι,
1032 1259 1109 1299 ἀλλ’
1125 1261 1172 1303 εἷς
1194 1259 1311 1310 ἄτομά

264 1334 342 1358 τινα
371 1319 608 1372 καταλήγειν·
640 1324 750 1359 ταῦτα
780 1319 898 1369 μέντοι
925 1318 975 1370 μὴ
1013 1318 1130 1369 ἄτομα
1151 1311 1242 1356 εἶναι
1269 1320 1315 1363 ὡς

265 1379 381 1431 ἀμερη
415 1378 476 1417 καὶ
508 1378 703 1431 ἐλάχιστα,
727 1378 818 1418 ἀλλὰ
838 1378 878 1418 τὸ
901 1377 1010 1417 ποσὸν
1045 1377 1106 1417 καὶ
1136 1376 1199 1424 τὴν
1226 1376 1311 1425 ὕλην

263 1436 381 1487 τμητὰ
397 1453 457 1476 και
478 1436 567 1488 μέρη
586 1438 723 1489 ἔχοντα·
738 1440 789 1476 τῶ
807 1437 843 1476 δὲ
861 1437 988 1476 εἴδει”
965 1453 1082 1488 ατομα
1103 1437 1163 1476 καὶ
1183 1439 1310 1490 πρῶτα

263 1495 404 1548 πρώτας
437 1494 531 1540 τινὰς
569 1496 812 1546 ὑποτιθέμενος
842 1490 931 1535 ἐἶναι
967 1494 1135 1548 γραμμὰς
1165 1495 1315 1546 ἀτόμους

263 1553 322 1591 καὶ
343 1553 387 1592 τὰ
405 1555 443 1592 ἐκ
462 1553 593 1592 τούτων
611 1553 759 1592 ἐπίπεδα
779 1570 839 1592 και
861 1553 984 1608 στερεὰ
998 1557 1138 1608 πρῶτα.
1161 1554 1236 1601 Τὴν
1254 1549 1313 1594 ουν

263 1613 302 1650 ἐκ
318 1615 381 1659 τῆς
404 1612 610 1665 διχοτομίας
644 1612 704 1651 καὶ
732 1613 852 1657 ἅπλῶς
871 1616 932 1661 τ’ἥς
952 1613 1009 1652 ἐπ’
1043 1613 1185 1666 ἄπειρον
1204 1616 1314 1663 τομῆς

263 1671 322 1710 καὶ
346 1673 543 1724 διαιρέσεως
563 1673 775 1712 ὑπαντῶσαν
796 1674 945 1726 ἀπορίαν
965 1675 983 1711 ὃ
1002 1672 1224 1726 Ξένοκράτης
1240 1672 1309 1712 οἴε-

262 1745 320 1768 ται
353 1729 574 1780 διαλύεσθαι,
606 1730 668 1775 τὰς
705 1731 855 1782 ἀτόμους
895 1731 1094 1783 εἰσαγαγὼν
1121 1732 1310 1785 γραμμάς,

262 1789 323 1827 καὶ
344 1788 463 1833 ἁπλῶς
484 1789 600 1838 ἄτομα
613 1789 762 1836 ποιήσας
777 1789 926 1843 μεγέθη,
943 1791 1080 1844 φεύγων
1100 1790 1141 1830 τὸ
1160 1790 1198 1829 ὂν
1214 1790 1311 1843 εἴπερ

264 1849 337 1888 ἐστὶ
359 1849 529 1900 διαιρετὸν
550 1851 597 1893 εἷς
615 1849 655 1887 τὸ
674 1847 723 1900 μὴ
745 1847 782 1887 ὂν
804 1849 1019 1896 ἀναλυθῆναι
1044 1848 1105 1888 καὶ
1126 1849 1311 1897 ἀναλωθῆ-

264 1923 345 1958 ναι,
362 1910 431 1946 τῶν
453 1909 593 1959 ἀτόμων
613 1910 788 1961 γραμμῶν
817 1907 850 1953 ἐξ
883 1902 931 1946 ῶν
953 1906 1142 1948 ὓπίσταται
1163 1907 1207 1947 τὰ
1226 1907 1309 1947 ὄντα

262 1967 429 2019 ἀτμήτων
450 1969 627 2017 μενουσῶν
650 1966 708 2005 καὶ
732 1966 958 2015 ἀδιαιρέτων.

318 2026 601 2079 (Simplicius
591 2041 632 2065 1n
653 2027 873 2065 Aristotelis
893 2027 1012 2078 Phys.
1037 2040 1124 2080 pag.
1146 2028 1208 2066 30.
1231 2028 1309 2081 Α.)

317 2101 366 2128 22.
397 2085 502 2126 Ἐπεὶ
523 2086 558 2124 δὲ
578 2086 638 2125 καὶ
660 2086 885 2161 Ξενοκράτης
906 2086 1009 2141 σοφὸς
1038 2082 1079 2134 ἠν
1103 2086 1208 2140 ἀνήρ,
1235 2090 1310 2132 πῶς

264 2147 332 2198 ἄρα
350 2145 411 2190 τὰς
431 2145 582 2196 ἀτόμους
594 2144 762 2198 γραμμὰς
777 2147 841 2183 υπε
846 2145 916 2185 τίθε
903 2162 980 2184 ετο·
972 2176 982 2194 ,
1000 2144 1093 2186 Οὖδὲ
1106 2145 1210 2198 γὰρ’
1196 2146 1308 2198 ηγνόει

262 2206 325 2253 τὴν
344 2205 446 2259 φύσιν
465 2208 525 2244 τοῦ
548 2204 731 2256 μεγέθους,
755 2204 833 2243 ἀλλ’
847 2205 925 2243 οὐδὲ
945 2207 995 2258 τῷ
1015 2204 1098 2244 εἴδει
1113 2204 1308 2257 ἀδιαίρετον

263 2263 359 2315 ἔλεγε
373 2279 382 2288 ·
396 2268 498 2303 τοῦτο
515 2265 581 2317 γὰρ
598 2265 635 2301 οὗ
655 2263 757 2314 μόνον
777 2264 812 2302 αἳ
828 2264 1013 2317 ἐλάχισται
1029 2263 1195 2316 γραμμαὶ
1209 2263 1306 2318 ἔχου·

305 2395 357 2426 21.
372 2393 414 2426 At
427 2395 624 2426 Xenocrates
641 2392 780 2435 primam
794 2393 1060 2426 consecut10nem
1078 2393 1217 2427 subesse
1235 2403 1311 2427 con-

265 2449 419 2490 cedebat,
441 2450 503 2482 hoc
524 2452 592 2490 est,
615 2450 643 2482 si
663 2459 765 2483 unum
797 2451 840 2484 sit
872 2460 951 2492 ens,
976 2452 1075 2485 etiam
1106 2452 1312 2486 individuum

266 2509 335 2541 fore
356 2522 364 2541 :
388 2518 451 2541 non
470 2512 579 2541 tamen
596 2509 802 2543 individuum
828 2520 900 2544 esse
924 2520 998 2552 ens,
1027 2511 1165 2554 ideoque
1193 2521 1312 2546 rursus

264 2576 304 2600 ne
320 2577 424 2600 unum
446 2568 580 2609 quidem
600 2568 725 2609 solum,
758 2569 816 2602 sed
841 2570 936 2612 plura
963 2582 971 2602 ε
1003 2571 1036 2603 in
1051 2571 1215 2604 infinitum
1233 2581 1310 2605 vero

264 2626 367 2659 dividi
385 2636 449 2659 non
470 2636 583 2668 posse,
605 2627 707 2659 sedin
730 2629 857 2662 atomos
871 2629 1032 2671 quasdam
1056 2631 1205 2664 desinere
1224 2641 1232 2661 z
1250 2630 1311 2664 has

263 2695 361 2728 porro
379 2687 506 2718 atomos
523 2695 587 2718 non
604 2695 675 2719 esse
692 2687 833 2728 partium
853 2690 1002 2730 expertes
1018 2691 1051 2723 et
1064 2690 1230 2732 minimas,
1251 2690 1311 2724 sed

263 2753 323 2786 pro
341 2745 524 2785 quantitate
541 2747 574 2777 et
590 2745 728 2778 materia
743 2746 846 2779 dividi
867 2757 963 2789 posse
983 2751 1016 2781 et
1035 2750 1145 2791 partes
1166 2750 1307 2783 habere:

263 2804 442 2845 caeteroqui
464 2803 571 2846 specie
589 2805 716 2836 atomos
736 2807 769 2837 et
790 2805 898 2847 prima
926 2811 1051 2841 naturae
1069 2811 1215 2842 statuens
1240 2819 1312 2843 esse

263 2862 390 2904 primas
403 2862 564 2903 quasdam
583 2862 682 2895 lineas
702 2863 893 2897 insecabiles
916 2866 948 2898 et
976 2874 1017 2898 ex
1033 2867 1085 2899 his
1103 2868 1189 2900 sacta
1213 2867 1310 2911 plana

265 2923 296 2954 et
310 2921 414 2954 solida
433 2922 548 2964 prima.
572 2923 665 2954 Hanc
690 2922 792 2963 igitur
809 2924 1022 2965 quaestionem
1040 2934 1081 2958 ex
1095 2926 1254 2959 divisione
1275 2929 1306 2961 in

265 2981 347 3014 duas
365 2982 474 3022 partes
488 2982 521 3012 et
537 2980 669 3013 omnino
693 2990 735 3014 ex
762 2969 906 3015 sectione
926 2983 958 3015 in
979 2984 1144 3018 infinitum
1167 2987 1200 3019 et
1218 2986 1306 3020 divi-

265 3039 356 3072 sione
370 3039 569 3071 exorientem
599 3040 795 3072 Xenocrates
818 3041 901 3074 solvi
917 3043 1030 3083 putat,
1049 3053 1150 3084 quum
1180 3044 1307 3077 inseca-

265 3097 346 3131 biles
365 3098 467 3130 lineas
486 3098 602 3130 afferat
624 3100 722 3140 atque
741 3099 873 3132 omnino
889 3100 1047 3134 indivisas
1071 3103 1309 3145 magnitudines

265 3156 410 3197 efficiat,
430 3156 535 3189 vitans
553 3157 637 3189 entis
650 3183 657 3197 ‚
686 3158 713 3190 si
730 3159 830 3190 modo
845 3159 948 3191 dividi
968 3161 1090 3201 possit,
1117 3161 1152 3194 in
1174 3172 1239 3195 non
1254 3172 1312 3196 ens

265 3216 501 3249 resolutionem
513 3218 546 3249 et
562 3217 826 3250 consumtionem
838 3242 846 3258 ‚
864 3219 1070 3252 manentibus
1082 3220 1310 3255 insecabilibus

266 3275 359 3309 lineis
372 3300 380 3315 ‚
397 3284 440 3308 ex
462 3275 584 3317 quibus
604 3277 756 3310 constant
774 3286 811 3310 ea
827 3286 901 3320 quae
920 3280 1019 3320 sunt,
1034 3279 1080 3312 ita
1097 3281 1134 3313 ut
1151 3281 1254 3314 secari
1273 3292 1311 3315 ac

266 3334 369 3367 dividi
391 3335 565 3376 nequeant.

308 3398 359 3426 22.
386 3396 495 3432 Quum
523 3403 603 3429 vero
620 3394 719 3428 etiam
752 3397 948 3429 Xenocrates
970 3396 1021 3429 vir
1053 3398 1180 3440 sapiens
1203 3403 1309 3439 esset,

240 3462 332 3513 ‘quo
359 3454 455 3496 pacto
480 3453 580 3496 igitur
608 3454 775 3488 statuebat
812 3455 912 3489 lineas
939 3456 1157 3491 insecabiles?
1193 3461 1307 3502 Neque

1180 220 1503 263 XENOGRATIS

1381 325 1456 360 σιν,
1480 308 1573 349 ἀλλὰ
1599 309 1661 348 καὶ
1689 308 1733 347 τὰ
1753 307 1902 360 μέγιστα
1928 308 2094 360 σώματα·
2124 309 2262 362 μήποτε
2290 303 2351 350 οὖν
2377 325 2418 351 ου

1381 369 1467 423 πρὸς
1481 367 1543 416 τὴν
1560 369 1616 407 ἐπ’
1636 367 1779 421 ἄπειρον
1795 366 1906 418 τομὴν
1924 367 2082 408 ἐνίστατο
2097 371 2115 408 ὁ
2131 367 2363 422 Ξενοκράτης·
2383 369 2422 410 οὗ

1381 427 1448 482 γὰρ
1471 428 1513 468 ἂν
1533 427 1775 482 γεωμετρικὴν
1798 426 1910 480 ἀρχὴν
1934 427 2090 479 ἀνεῖλεν,
2109 427 2347 481 γεωμετρικὸς
2373 426 2422 468 ὢν

1382 487 1492 541 ἀνήρ,
1514 487 1606 527 ἀλλὰ
1625 487 1710 541 πρὸς
1731 486 1771 526 τὸ
1798 488 1844 531 εἷς
1873 486 2003 540 ἄπειρα
2022 487 2222 540 διῃρῆσθαι,
2241 486 2350 527 ὄντων
2366 486 2424 527 ἀεί

1380 563 1482 587 τινων
1495 547 1660 599 ἀτμήτων
1676 548 1850 598 μεγεθῶν,
1865 546 1967 586 ἅτινα
1983 545 2061 585 οὐδὲ
2078 546 2144 586 ὑπὸ
2161 545 2295 600 φύσεως
2308 546 2423 600 ἰσχύει

1381 605 1458 645 καθ’
1477 606 1567 644 αὑτὰ
1589 607 1796 659 διαιρεῖσθαι
1819 605 1876 645 διὰ
1898 603 2135 658 σμικρότητα,
2159 605 2238 643 ἀλλ’
2254 604 2422 645 tarmei-m

1382 665 1488 704 πάλιν
1510 664 1626 710 ἄλλοις
1647 665 1829 717 σώμασιν,
1852 664 1962 713 οὕτω,
1983 667 2042 703 τοῦ
2061 662 2142 704 ὅλου
2162 663 2423 718 διαιρουμένου,

1381 728 1417 765 ἐν
1444 726 1579 768 ἑαυτοῖς
1604 724 1737 772 ἐκείνην
1769 723 1909 776 δέχεται
1940 722 2003 771 τὴν
2037 722 2225 775 διαίρεσιν,
2259 723 2302 772 ἣν
2332 724 2422 774 μόνα

1380 779 1464 823 ὄντα
1483 785 1545 823 οὖκ
1561 783 1603 823 ἂν
1623 784 1819 836 ὑπέμεινεν.
1837 782 1904 828 εΩς
1923 777 1981 822 οῧν
2002 785 2019 822 ὁ
2039 782 2193 823 Πλάτων
2213 782 2363 823 ἐπίπεδα
2375 777 2424 823 εἶ-

1379 858 1443 882 πεν
1463 837 1551 883 εἶναι
1578 843 1623 883 τὰ
1647 845 1770 897 πρῶτα
1795 842 1856 881 καὶ
1883 841 2055 895 ἐλάχιστα
2086 841 2256 894 σώματα,
2277 841 2387 887 οὕτως
2403 846 2423 882 ὁ

1380 902 1606 956 Ξενοκράτης
1621 901 1788 956 γραμμὰς
1809 901 2023 955 ἀδιαιρέτους
2038 899 2100 953 μὲν
2118 902 2176 940 διὰ
2190 901 2422 957 σμικρότητα,

1380 961 1554 1012 διαιρετὰς
1571 960 1607 999 δὲ
1627 961 1686 1000 καὶ
1706 960 1812 1004 αὐτὰς
1835 958 1939 1004 οὔσας
1959 963 2002 1012 τῇ
2023 958 2138 1011 φύσει.
2223 1012 2224 1015 ¹

1432 1020 1679 1074 (Simplicius
1706 1020 1750 1058 in
1781 1018 2000 1059 Aristotelis
2026 1018 2148 1070 Phys.
2180 1032 2270 1071 pag.
2305 1021 2354 1060 30
2375 1019 2419 1059 B.

1377 1080 1523 1130 Scripsi
1541 1088 1668 1118 autem
1689 1078 1822 1126 ἐκείνην
1844 1076 1984 1131 δέχεται
2006 1075 2069 1125 τὴν
2091 1076 2260 1131 διαίρεσιν
2278 1077 2424 1132 rejecta

1377 1141 1694 1178 membranarum
1728 1138 1896 1177 lectione
1917 1138 2031 1176 ἐκεῖνα
2063 1135 2206 1190 δέχεται
2234 1136 2298 1185 τὴν
2329 1137 2424 1178 διαί-

1378 1213 1484 1251 ρεσιν.
1502 1198 1513 1249 )

1511 1255 1618 1294 Ἀλλὰ
1638 1253 1709 1306 μὴν
1731 1253 1935 1294 δέδεικται’
1919 1269 1954 1293 εν
1974 1256 2017 1305 τῇ
2048 1255 2193 1314 Φυσικῇ
2215 1252 2420 1308 Ἀκροάσει,

1377 1318 1410 1355 ἐν
1432 1320 1501 1359 τοῖς
1526 1314 1607 1366 περὶ
1638 1313 1812 1361 κικήσεως
1841 1313 1978 1363 λόγοις,
2002 1314 2037 1351 ἐν
2072 1305 2122 1357 οἷς
2144 1312 2307 1366 ἀντέλεγε
2338 1313 2423 1367 πρὸς

1375 1373 1602 1425 Ξενοκράτην
1623 1372 1792 1424 γραμμὰς
1813 1372 1961 1423 ἀτόμους
1980 1371 2156 1424 λέγοντα,
2177 1371 2231 1411 ὅτι
2250 1373 2313 1412 οὒκ
2333 1373 2422 1414 εἰσὶν

1377 1433 1565 1484 ἀδιαίρετοι
1579 1430 1767 1485 γραμμαί,
1780 1431 1877 1470 τοῦτ’
1897 1430 1989 1470 ἔστιν
2008 1432 2062 1470 ὅτι
2075 1429 2172 1470 οὐδὲν
2188 1430 2294 1484 μέρος
2308 1448 2424 1486 γραμ-

1376 1495 1445 1543 μῆς
1471 1493 1562 1531 ἐστιν
1582 1491 1776 1543 ἀδιαίρετον
1789 1520 1801 1540 ,
1820 1490 1896 1530 ἀλλ’
1915 1491 1964 1535 εἷς
1978 1489 2120 1545 ἄπειρόν
2145 1491 2221 1529 ἐστι
2240 1492 2422 1545 διαιρετόν·

1375 1554 1437 1592 οὐκ
1458 1553 1528 1604 ἄρα
1549 1554 1588 1591 ἐκ
1621 1550 1776 1601 σημείων
1799 1549 1872 1589 ἐστὶ
1898 1551 2073 1603 γραμμή,
2096 1549 2167 1589 οὐδ’
2190 1551 2230 1590 ἐκ
2248 1554 2424 1604 γραμμῶν

1374 1612 1415 1652 τὸ
1434 1611 1597 1652 ἐπίπεδον
1615 1643 1626 1663 ,
1657 1613 1731 1652 οὐδ’
1750 1612 1783 1658 ἐξ
1814 1613 1988 1652 ἐπιπέδων
2009 1611 2049 1652 τὸ
2069 1611 2208 1665 στερεόν
2227 1613 2338 1651 ταῦτα
2358 1610 2422 1662 μὲν

1375 1670 1419 1709 τὰ
1434 1670 1755 1724 Ἀριστοτέλους,“’
1734 1687 1819 1725 οπερ
1838 1673 1892 1710 ἀεὶ
1913 1670 2019 1724 ἔφην,
2040 1672 2264 1716 ἀπαντῶντος
2281 1669 2366 1723 πρὸς
2383 1671 2424 1712 τὸ

1374 1733 1433 1769 τοῦ
1463 1731 1568 1782 λόγου
1600 1731 1819 1785 φαινόμενον.
1842 1730 1990 1777 Ῥητέον
2012 1729 2048 1770 δὲ
2078 1730 2130 1770 ὅτι
2129 1730 2251 1803 ὐεἴπερ
2277 1728 2323 1768 τὰ
2341 1730 2422 1769 ἐπί-

1374 1791 1463 1829 πεδα
1480 1790 1598 1843 ἔλεγον
1626 1791 1857 1843 μαθηματικὰ
1884 1784 1996 1840 εἶναι,
2022 1791 2070 1835 ὡς
2101 1793 2212 1839 μ’ἥκος
2239 1788 2343 1841 μόνον
2361 1789 2421 1829 καὶ

1374 1849 1547 1894 πλάτος”
1529 1865 1640 1903 εχειν,
1662 1851 1694 1888 οἱ
1716 1849 1751 1895 ἐξ
1774 1848 1948 1888 ἐπιπέδων
1974 1847 2019 1887 τὰ
2039 1847 2163 1900 στερεὰ
2184 1848 2343 1902 λέγοντες
2361 1848 2422 1888 καὶ

1374 1911 1423 1954 εἷς
1437 1908 1482 1948 τὰ
1501 1909 1651 1948 ἐπίπεδα
1666 1909 1755 1948 αὐτὰ
1775 1908 1999 1956 ἀναλύοντες,
2014 1909 2132 1954 καλῶς
2149 1912 2169 1949 ὁ
2182 1907 2423 1962 Ἀριστοτέλης

1374 1968 1433 2008 καὶ
1454 1972 1566 2007 ταῦτα
1586 1969 1702 2012 αὐτοῖς
1723 1967 1880 2020 ἐπήγαγε
1899 1966 1944 2006 τὰ
1962 1967 2078 2006 ἄτοπα
2094 1967 2156 2007 καὶ
2175 1968 2220 2012 τὰ
2240 1967 2318 2016 ἑξῆς
2333 1967 2422 2008 ἐπά·

1374 2028 1436 2074 ξει.
1460 2029 1505 2067 Εἷ
1526 2027 1563 2067 δὲ
1592 2027 1722 2080 φυσικὰ
1738 2026 1784 2066 τὰ
1804 2026 1953 2066 ἐπίπεδα
1972 2027 2154 2079 λέγουσιν,
2176 2030 2223 2072 ὡς
2245 2026 2295 2080 μὴ
2316 2027 2420 2078 μόνον

1374 2091 1484 2140 μῆκος
1505 2088 1565 2126 καὶ
1582 2087 1713 2131 πλάτος
1734 2086 1826 2126 ἀλλὰ
1846 2085 1906 2125 καὶ
1928 2085 2032 2138 βάθος
2052 2084 2168 2139 ἔχειν,
2197 2085 2282 2140 ὅπερ
2300 2086 2416 2140 ἀρχὴν

1372 2149 1407 2186 ἐν
1427 2152 1498 2191 τοῖς
1517 2151 1672 2198 φυσικοῖς
1691 2145 1900 2186 καθιστάναι
1931 2145 2097 2195 δυνατόν,
2124 2145 2238 2185 οὐκέτι
2257 2147 2301 2194 τῆ
2329 2146 2422 2186 θέσει

1372 2207 1484 2245 αὐτῶν
1505 2205 1629 2246 ἕπεται
1648 2205 1694 2245 τὰ
1717 2205 1833 2244 ἄτοπα
1853 2203 1898 2244 τὰ
1918 2204 2120 2258 ἑπαγόμενα
2150 2205 2236 2260 πρὸς
2267 2205 2313 2245 τὰ
2340 2207 2422 2246 ἐπί-

1370 2266 1461 2305 πεδα
1477 2296 1488 2315 ,
1508 2267 1554 2310 ὥς
1578 2264 1628 2316 μὴ
1652 2263 1914 2317 βεὸαθυσμένα.
1944 2262 2031 2304 “On
2066 2264 2102 2303 δὲ
2134 2264 2264 2318 φυσικὰ
2292 2265 2354 2305 καὶ
2381 2262 2421 2306 οὗ

1377 2394 1464 2428 enim
1493 2393 1662 2436 ignorabat
1691 2393 1926 2436 magnitudinis
1958 2395 2128 2435 naturam,
2156 2394 2215 2427 sed
2248 2404 2291 2428 ne
2319 2395 2421 2429 forma

1374 2453 1508 2495 quidem
1529 2453 1706 2486 indivisam
1732 2452 1864 2486 dicebat
1890 2463 1896 2484 :
1920 2452 2003 2485 hanc
2027 2453 2115 2486 enim
2142 2462 2208 2486 non
2226 2454 2334 2488 solum
2353 2455 2419 2488 mi-

1375 2513 1473 2546 nimae
1493 2513 1587 2546 lineae
1611 2512 1754 2553 habent,
1786 2511 1845 2545 sed
1864 2514 1898 2545 et
1916 2512 2069 2545 *maxima
2090 2521 2228 2555 corpora
2245 2525 2255 2546 ε
2278 2513 2420 2548 fortasse

1375 2572 1472 2615 igitur
1489 2571 1627 2605 sectioni
1640 2572 1674 2605 et
1689 2571 1852 2604 infinitum
1868 2573 2067 2605 Xenocrates
2079 2581 2144 2604 non
2156 2572 2395 2606 adversabatur
2409 2586 2418 2607 ι

1375 2633 1502 2675 (neque
1520 2631 1604 2664 enim
1622 2631 1808 2672 geometriae
1833 2631 2026 2674 principium
2051 2631 2242 2665 sustulisset
2266 2632 2318 2665 vir
2342 2641 2418 2675 geo-

1374 2690 1502 2724 metriae
1521 2690 1683 2733 peritus),
1708 2689 1768 2723 sed
1782 2690 1920 2732 negabat
1945 2690 2049 2723 lineas
2076 2690 2110 2723 in
2127 2690 2292 2732 infinitum
2316 2691 2420 2725 dividi

1373 2759 1470 2794 posse
1481 2775 1490 2791 ,
1507 2750 1585 2793 quia
1599 2758 1727 2792 semper
1747 2751 1824 2782 sunt
1839 2749 1991 2791 quaedam
2003 2749 2154 2783 indivisae
2166 2750 2417 2792 magnitudines,

1373 2819 1448 2853 quae
1471 2819 1512 2843 ne
1528 2811 1645 2843 natura
1666 2807 1802 2851 quidem
1820 2818 1878 2850 per
1900 2818 1936 2842 se
1953 2811 2091 2852 propter
2109 2809 2302 2852 parvitatem
2316 2809 2420 2844 dividi

1373 2871 1514 2911 queunt,
1534 2868 1592 2902 sed
1607 2876 1722 2901 rursus
1735 2877 1812 2901 cum
1828 2867 1901 2900 aliis
1913 2868 2105 2910 corporibus
2116 2868 2330 2909 cohaerentes,
2349 2869 2420 2902 toto

1374 2927 1483 2961 diviso
1503 2953 1511 2968 ‚
1534 2926 1623 2959 illam
1643 2925 1823 2959 admittunt
1846 2925 2056 2965 divisionem,
2076 2935 2176 2969 quam
2191 2935 2211 2958 a
2229 2927 2420 2969 corporibus

1375 2984 1533 3031 separatae
1559 2997 1625 3021 non
1655 2987 1867 3020 sustinerent.
1907 2988 1951 3019 Ut
1975 2986 2075 3029 igitur
2102 2987 2193 3019 Plato
2215 2986 2295 3019 dixit
2322 2987 2419 3030 plana

1373 3048 1478 3090 prima
1495 3057 1567 3082 esse
1579 3048 1612 3081 et
1638 3047 1773 3080 minima
1797 3055 1945 3089 corpora,
1966 3046 2013 3079 ita
2032 3047 2231 3079 Xenocrates
2245 3046 2346 3079 lineas
2363 3046 2417 3078 in-

1373 3107 1527 3140 dividuas
1554 3106 1687 3149 quidem
1717 3107 1851 3148 propter
1873 3106 2090 3154 parvitatem,
2127 3104 2280 3139 dividuas
2306 3107 2417 3139 autem

1373 3167 1490 3199 natura
1512 3166 1546 3198 et
1563 3164 1651 3207 ipsas
1674 3164 1858 3207 appellavit.

1416 3229 1466 3262 23.
1490 3225 1593 3267 Atqui
1609 3224 1748 3257 inlibris
1761 3224 1802 3257 de
1817 3222 1957 3265 Physica
1970 3222 2156 3264 Auditione,
2173 3222 2207 3256 in
2223 3222 2417 3265 disputatio-

1373 3283 1467 3317 nibus
1484 3283 1526 3317 de
1553 3285 1666 3325 motu,
1684 3283 1741 3316 ubi
1763 3283 1954 3317 Aristoteles
1980 3283 2196 3315 Xenocratem
2225 3282 2417 3317 insecabiles

1373 3342 1473 3375 lineas
1498 3343 1696 3376 statuentem
1721 3341 1908 3383 refutabat,
1941 3342 2126 3375 rationibus
2158 3341 2336 3384 probatum
2365 3344 2417 3375 est

1374 3410 1438 3433 non
1453 3410 1524 3435 esse
1537 3402 1640 3435 lineas
1658 3398 1846 3435 individuas
1861 3426 1869 3442 ‚
1886 3401 1948 3434 hoc
1963 3402 2026 3442 est,
2046 3401 2173 3434 nullam
2184 3400 2279 3434 lineae
2291 3401 2416 3443 partem

1339 3480 1345 3485 ν
1371 3471 1442 3496 esse
1468 3462 1693 3505 individuam,
1718 3462 1776 3497 sed
1796 3463 1831 3496 in
1861 3463 2026 3498 infinitum
2054 3462 2158 3497 dividi
2188 3471 2306 3507 posse:
2333 3471 2415 3508 erqo
