2508 3776
643 149 952 191 ETHICORUM
979 148 1435 192 NlCOMAGHEORUM
1465 151 1841 193 PARAPHRASIS.

27 232 41 291 J
138 241 284 341 mima,
303 237 365 279 καὶ
383 241 454 279 τῶν
470 241 665 293 τυχόντων·
687 241 738 280 δεῖ
758 240 827 295 ἄρα
846 242 897 294 τῷ
919 239 1101 293 εὐδαίμονι
1133 240 1191 294 φί-

42 380 49 391 ·
191 328 357 399 ‘'Auriov
379 356 416 398 δὲ
434 358 511 404 τοὺς
531 359 690 412 πρώτους
708 359 851 413 λόγους,
868 360 912 400 δι’
932 360 988 406 οὒς
1011 359 1122 400 ἐδόκει
1141 359 1191 411 μὴ

48 442 55 461 >.
138 418 211 460 δεῖν
227 417 338 471 φίλων
358 420 430 464 τοῖς
450 419 658 472 μακαρίοις·
672 419 733 459 καὶ
750 419 873 474 ῥητέον
894 420 928 459 τί
946 419 1110 472 λέγουσι,
1130 418 1191 458 καὶ

137 477 223 527 „55¹³
240 478 463 528 ἀληθεύουσι.
499 479 640 532 Λέγομε
642 495 660 519 ν
689 479 825 528 τοίνυν,
850 479 903 520 ὅτι
934 482 966 519 οἱ
986 478 1113 519 πολλοὶ
1137 478 1194 534 φί-

36 550 47 564 *
135 539 218 584 λους
249 537 383 579 οἴονται
406 539 484 584 τους
512 539 711 614 χρησίμους
746 510 860 592 εἶνοίι,
899 539 962 579 καὶ
997 541 1036 578 οὐ
1065 538 1122 578 διὰ
1153 538 1192 577 τὸ

53 590 58 593 “
87 640 94 646 1
137 595 294 649 ἀγαθόν,
315 595 408 637 ἀλλὰ
429 595 488 636 διὰ
514 598 579 646 τὴν
599 596 724 651 χρείαν
754 596 1029 649 ἀγαπωμένους,
1058 595 1160 636 xant*
1141 612 1193 636 ετι

135 655 216 703 τοὺς
236 655 296 696 διὰ
317 655 381 706 τὴν
401 656 548 706 ἡδονήν·
569 657 702 696 τούτων
721 655 757 704 δὲ
774 660 792 697 ὁ
808 657 987 709 εὐδαίμων
1007 658 1045 696 οὐ
1068 657 1192 695 δεῖται·

136 719 200 756 τοῦ
221 715 286 768 μὶν
304 715 506 771 χρησίμου,
523 715 580 757 ὅτι
603 715 724 756 πάντα
747 715 820 769 ἔχει
840 715 887 756 τὰ
907 715 1025 769 ἀγαθοί
1040 747 1050 766 ,
1074 719 1134 755 τοῦ
1157 715 1192 754 δὲ

39 787 54 821 ζ
136 775 260 827 ἡδέος,
275 775 431 825 δτιὴδὺς
453 779 473 817 ὃ
502 775 576 831 βίος
596 777 712 831 αὐτῷ,
735 775 798 816 καὶ
822 777 861 816 οὐ
880 776 993 816 δεῖται
1017 778 1082 824 τῆς
1099 775 1192 822 ἔξω·

44 843 46 845 ’
67 855 71 857 “
136 837 194 875 θεν
213 836 355 884 ἡδονῆς.

43 892 47 899 ’
193 894 237 920 **
254 896 310 936 Οὐ
341 893 504 949 δεόμενος
524 894 561 934 δὲ
590 896 661 934 τῶν
679 894 846 935 τοιούτων
873 894 982 948 φίλων
995 925 1006 944 ,
1037 895 1076 933 οὐ
1097 894 1193 933 δοκεῖ

136 954 272 996 δεῖσθαι
289 955 402 1009 φίλων
421 956 491 994 τῶν
513 957 562 999 ὣς
593 955 734 1003 ἀληθῶς
766 951 903 1009 φίλων,
938 954 1015 993 ὅσοι
1041 954 1100 992 διὰ
1128 954 1192 1002 τὴν

50 1018 58 1038 ²'
83 1016 97 1045 l
136 1013 264 1069 ἅρστῆν
283 1014 466 1070 φιλοῦνται
492 1013 610 1054 καὶτὸ
628 1016 775 1068 ἀγαθόν.
806 1015 921 1054 Τοῦτο
948 1014 985 1053 δὲ
1012 1014 1076 1053 οὐκ
1097 1011 1192 1053 ἔστιν

126 1074 285 1123 ἀληθές·
304 1074 366 1114 καὶ
385 1074 490 1122 δῆλον
509 1076 652 1115 ἐκεῖθεν.

188 1133 258 1159 ***
283 1133 458 1188 Καθάπερ
482 1133 551 1188 γὰρ
571 1137 606 1174 ἐν
629 1137 724 1189 ἀρχῇ
752 1134 911 1188 εἴρηται,
932 1137 956 1182 ἡ
985 1133 1192 1186 εὐδαιμονία

136 1193 295 1249 ἰνίργειᾶ
313 1195 424 1236 ἔστιν.
442 1193 488 1235 Ἥ
505 1195 573 1233 δὲ’
556 1194 715 1249 ενέργεια
731 1194 880 1249 φανερὸν
894 1193 949 1234 ὅτι
967 1193 1115 1247 γίνεται,
1131 1193 1192 1233 καὶ

135 1252 451 1308 ἔντῷγίνεσθαι
419 1269 459 1293 το
473 1246 562 1292 εἶναι
582 1253 670 1307 ἔχει,
689 1253 750 1293 καὶ
759 1255 799 1293 οὐ
819 1253 939 1306 γέγονε
957 1253 1047 1293 καὶξ
1016 1253 1188 1328 “uwdpy'et

134 1311 205 1363 ἤδη
220 1342 230 1362 ,
242 1312 434 1385 ,Νκαθοίπερ
432 1329 468 1353 τι
490 1316 640 1365 κτῆμα·
663 1313 869 1354 συνίσταται
902 1314 967 1365 μὲν
996 1317 1056 1354 οὐν
1092 1316 1114 1362 ἡ
1136 1315 1193 1352 εὐ-

134 1372 302 1426 δαιμονία
332 1375 369 1415 ἐν
387 1375 438 1426 τῷ
463 1375 526 1421 ζῆν
560 1373 622 1413 καὶ
654 1373 838 1427 πράττειν.
859 1373 912 1414 Τὸ
937 1373 1005 1426 γαρ
1029 1376 1094 1422 ζῆν
1114 1374 1192 1413 κατ’

83 1469 96 1476 ,
135 1431 264 1488 ἃρετὴν
283 1431 346 1472 καὶ
366 1432 536 1486 πράττειν
557 1433 604 1474 τὰ
626 1435 803 1474 σπουδαῖα
823 1434 1046 1486 εὐδαιμονεῖν
1077 1435 1190 1474 ἐστιν.

131 1488 243 1538 Ἐπεὶ,
262 1492 300 1532 δὲ
318 1494 342 1539 ἡ
365 1491 511 1540 τοιαύτη
534 1494 691 1546 ἐνέργεια
711 1493 813 1542 ἡδεῖά
835 1495 909 1534 ἐστι
928 1497 979 1548 τῷ
995 1493 1192 1547 σπουδαίῳ,

134 1550 190 1592 ὅτι
209 1567 249 1592 τε
268 1550 412 1606 ἀγαθή,
437 1551 500 1591 καὶ
533 1553 637 1600 ἡδεῖα
672 1555 752 1591 καθ’
774 1554 926 1602 ἑαυτήν,
956 1555 1003 1598 ὡς
1036 1554 1072 1592 ἐν
1102 1555 1194 1607 ἀρχῇ

134 1610 297 1665 ἄρηται,
318 1611 381 1658 καὶ
410 1610 464 1650 ὅτι
491 1611 606 1651 οἰκεία
638 1612 756 1665 αὐτῷ,
788 1613 829 1652 τὸ
860 1612 931 1665 ἄρα
957 1616 1098 1665 θεωρεῖν
1130 1615 1194 1661 τὴν

51 1669 68 1685 ¹
135 1670 304 1720 τοιαύτην
318 1669 502 1726 ἐνέργειαν
533 1671 710 1720 ἥδιστόν’
695 1686 770 1710 εστι
797 1674 848 1725 τῷ
879 1672 1081 1724 εὐδαίμονι·
1110 1675 1194 1712 θεω-

137 1737 231 1789 ρεῖν
225 1731 263 1773 δὲ
283 1731 331 1772 τὰ
358 1735 419 1772 τοῦ
442 1730 553 1776 πέλας
578 1732 757 1782 δυνάμεθα
786 1733 922 1783 μᾶλλον
943 1731 966 1780 ἢ
987 1731 1032 1771 τὰ
1060 1733 1194 1783 οἰκεῖα,

135 1808 197 1832 και
215 1782 281 1840 τὰς
295 1790 438 1832 ἐκείνων
465 1790 632 1845 πράξεις,
654 1789 678 1838 ἢ
695 1790 757 1837 τὰς
778 1791 978 1845 ἡμετέρας·
1001 1796 1019 1832 ὁ
1043 1792 1146 1846 ἄρα-
1131 1793 1191 1831 εὖ-

136 1850 274 1904 δαίμων
296 1849 456 1903 μάλιστα
479 1850 650 1904 θεωρήσει
668 1849 729 1895 τὰς
745 1867 806 1891 του
828 1853 929 1905 φίλου
948 1851 1114 1904 πράξεις,
1133 1852 1195 1892 καὶ

39 1910 43 1911 ’
67 1962 71 1963 ⁷
136 1914 286 1967 ἀγαθαῖς
317 1909 354 1950 δὲ
375 1907 497 1955 οὔσαις
516 1909 714 1958 ἡσθήσεται
741 1911 911 1962 μάλιστα.
945 1914 990 1951 Εἰ
1019 1911 1056 1950 δὲ
1086 1912 1193 1965 ἀνάγ-

135 1987 185 2023 κη
202 1971 268 2020 τὴν
288 1968 423 2024 ἀγαθὴν
441 1969 572 2018 ἡδονὴν
597 1969 743 2017 ἥδεσθαι
766 1987 826 2010 τον
849 1970 1064 2022 εὐδαίμονα,
1087 1988 1194 2026 φανε-

86 2066 98 2077 ,
138 2029 223 2086 ρύν,
244 2030 298 2070 ὅτι
317 2028 422 2085 χρεία
447 2033 497 2085 τῷ
526 2030 705 2082 εὐδαίμονι
741 2030 852 2085 φίλων
875 2030 1064 2081 τοιούτων,
1091 2031 1191 2094 εἴπερ

69 2118 76 2126 .
134 2092 279 2145 θεωρεῖν
308 2091 464 2142 αἱρεῖται
484 2087 664 2143 πράξεις’
649 2093 813 2135 επιεικεῖς
851 2106 913 2130 και
933 2090 1061 2138 οἰκείας
1077 2123 1088 2145 ,
1123 2086 1209 2132 οἱαί’

135 2150 227 2192 εἰσιν
247 2148 284 2188 αἱ
306 2163 368 2188 του
389 2149 523 2201 ἀγαθοῦ
543 2148 688 2203 φίλου”
667 2165 778 2194 οντος.

189 2206 276 2232 *Μ’*
290 2205 377 2249 Ἔτι
398 2208 436 2248 δὲ
455 2208 584 2254 πάντες
601 2208 732 2248 οἴονται
753 2209 899 2258 ἡδίστην
916 2209 981 2258 τὴν
1001 2213 1061 2250 τοῦ
1083 2212 1195 2251 εὐδαί-

51 2260 70 2299 ¹·
136 2283 242 2320 μονος
268 2266 377 2316 ζωήν.
400 2266 447 2309 Ἦ
471 2267 509 2308 δὲ
529 2267 601 2317 ζωὴ
621 2272 682 2309 τοῦ
713 2269 918 2320 εὐδαίμονός
947 2271 1023 2309 ἐστι
1044 2271 1085 2311 τὸ
1113 2273 1193 2311 κατ’

66 2328 68 2330 ’
134 2327 439 2382 ἀρετὴνένεργεῑν
453 2358 465 2378 ,
489 2327 530 2367 τὸ
551 2327 588 2367 δὲ
609 2330 760 2382 ἐνεργεῖν
785 2332 942 2383 συνεχῶς
964 2333 1042 2381 μεθ’
1063 2332 1192 2385 ἑτέρων

135 2387 200 2440 μὲν
230 2386 367 2443 ῥᾴδιον,
404 2387 485 2428 καθ’
504 2387 626 2428 ἑαυτὸν
649 2387 685 2427 δὲ
707 2390 868 2442 χαλεπόν
883 2399 892 2411 ·
935 2389 1012 2429 ὅθεν
1032 2392 1192 2443 χαλεπὸς

55 2448 69 2492 ¹,
135 2450 156 2488 ὃ
176 2446 338 2500 μονώτης
355 2446 430 2501 βίος
443 2463 452 2473 ·
468 2448 511 2488 τὸ
527 2447 563 2488 δὲ
584 2447 704 2503 ῥᾴδιον
724 2448 822 2497 ἥδιον
837 2454 898 2489 τοῦ
921 2450 1108 2503 δυσχεροῦς
1122 2466 1130 2475 ·
1155 2451 1194 2491 τὸ

134 2507 234 2558 ἥδιον
254 2506 294 2548 δὲ
311 2509 449 2560 μᾶλλον
471 2508 647 2562 προσήκει
678 2511 728 2562 τῷ
751 2509 959 2584 μακαρίῳ.
977 2510 1049 2550 Καὶ
1070 2510 1147 2562 ἅμα
1168 2515 1190 2560 ἡ

136 2567 297 2622 ἐνέργεια
311 2571 548 2622 συνεχεστέρα
563 2569 660 2622 αὐτῷ
682 2567 795 2618 ἔσται,
807 2563 959 2616 ἡδεῖα
921 2585 1020 2608 ουσα·
1035 2574 1136 2609 τοῦτο
1155 2571 1190 2610 δὲ

83 2670 88 2680 γ
127 2629 192 2680 τῷ
202 2627 374 2704 μακαρίῳ
389 2626 565 2681 προσήκει
595 2629 749 2680 συνεχῶς
774 2627 854 2667 κατ’
874 2628 1002 2682 ἀρετὴν
1024 2631 1190 2682 ἐνεργεῖν.

135 2667 297 2728 Τίν’ῠτοδὲ
311 2680 412 2731 αυθις
429 2686 540 2739 μείζω
555 2688 652 2741 αὐτῷ
665 2687 807 2735 ποιήσει
821 2686 886 2735 τὴν
900 2688 1043 2737 ἡδονήν·
1067 2687 1192 2736 ἥδεται

135 2746 205 2800 γὰρ
224 2748 244 2786 ὁ
259 2747 449 2792 σπουδαῖος
475 2752 552 2791 ταῖς
565 2749 646 2786 κατ’
663 2746 793 2800 ἀρετὴν
815 2747 1010 2802 πράξεσιν,
1033 2752 1056 2800 ᾖ
1078 2764 1189 2788 σπου-

135 2806 244 2852 δαῖος·
277 2806 354 2852 ταῖς
380 2805 419 2846 δὲ
451 2806 523 2846 ἀπὸ
548 2807 676 2851 κακίας
714 2807 950 2859 δυσχεραίνει·
980 2808 1141 2862 καθάπερ
1173 2811 1192 2848 ὁ

66 2906 70 2909 ,
137 2864 303 2918 μουσικὸς
333 2865 406 2910 τοῖς
442 2866 565 2910 καλοῖς
594 2864 738 2917 μέλεσιν
772 2865 917 2916 ἥδεται,
961 2865 1021 2905 ἐπὶ
1049 2865 1086 2906 δὲ
1122 2874 1193 2913 τοῖς

136 2924 293 2979 φαύλοις
298 2924 475 2965 λυπεῖται.

195 2982 305 3008 *m*
318 2985 372 3024 05
387 2982 491 3036 μόνον
509 2983 545 3024 δὲ
555 2977 675 3034 τὴνγ
634 3000 742 3024 ουσαν
753 2983 822 3030 ἕξιν
837 2984 1084 3039 συνεχέστερον
1100 2988 1192 3040 ἐνερ-

137 3042 240 3097 γήθει
266 3045 286 3084 ὁ
306 3044 517 3092 σπουδαῖος,
542 3044 615 3083 ἀπὸ
638 3047 700 3084 τοῦ
722 3043 927 3090 σπουδαίοις
949 3047 1078 3096 συζῆν,
1098 3046 1191 3085 ἀλλὰ

136 3103 198 3145 και
217 3103 281 3153 ’τὴν
302 3104 354 3158 μὴ
374 3097 484 3145 ουσαν
511 3105 708 3154 κτήσεται,
730 3103 750 3152 ἢ
775 3104 851 3150 ἃς”
832 3121 907 3158 εχει
933 3105 1076 3156 ἄμεινον
1097 3106 1165 3152 ἔξει
1183 3121 1191 3130 ·

137 3161 275 3218 γίνοιτο
290 3162 360 3220 γὰρ
389 3163 432 3204 ἂν
454 3163 609 3210 ἐπίδοσις
644 3167 773 3218 ἀρετῆς
800 3165 873 3204 ἀπὸ
899 3168 960 3204 τοῦ
984 3168 1090 3212 συζῆν
1123 3168 1193 3211 τοῖς

138 3224 302 3281 ἆγαθοῖς,
318 3224 482 3280 καθάπερ
507 3225 567 3264 καὶ
591 3223 741 3278 Θέογνίς
769 3240 875 3280 φησι·
899 3227 951 3266 δεῖ
973 3224 1042 3280 ἄρα
1063 3227 1114 3279 τῷ
1134 3226 1194 3264 εὐ-

140 3282 280 3337 δαίμονι
300 3283 425 3339 φίλων.

2237 151 2317 191 535

1269 247 1416 282 dundius
1432 251 1499 288 est,
1521 259 1623 292 quam
1644 260 1721 284 cum
1749 250 1865 284 alienis
1886 252 1920 284 et
1942 250 2026 284 sorte
2048 249 2182 284 fortuna
2199 249 2320 283 oblatis

1245 353 1251 359 ·
1267 307 1456 341 hominibus
1479 321 1486 341 :
1502 318 1579 351 ergo
1598 309 1713 343 amicis
1732 309 1834 343 etiam
1852 310 1925 343 viro
1941 310 2040 344 beato
2055 318 2139 352 opus
2152 311 2214 342 est.

1309 368 1376 402 Sed
1396 370 1661 411 respondendum
1680 370 1788 404 estad
1809 370 1960 413 priorum
1974 370 2109 403 illorum
2122 369 2317 407 orationem,

1266 432 1334 465 qua
1354 423 1495 466 probare
1522 424 1731 464 videbantur,
1752 425 1868 458 amicis
1889 434 1954 457 non
1983 434 2078 466 egere
2099 424 2212 457 felices
2232 436 2241 457 z
2267 422 2322 455 di-

1268 478 1495 521 cendumque,
1519 489 1596 522 quae
1627 480 1762 512 illorum
1784 489 1880 513 mens
1909 479 1952 512 sit
1980 481 2014 512 et
2046 489 2114 522 qua
2150 483 2205 511 ex·
2228 479 2322 520 parte

1267 540 1387 564 verum
1414 531 1604 574 loquantur.
1627 533 1779 565 Dicimus
1808 541 1886 574 ergo
1907 533 2028 575 vulgus
2057 531 2248 565 existimare
2266 539 2323 563 eos

1267 593 1340 617 esse
1364 583 1497 623 amicos,
1528 585 1586 627 qui
1620 586 1801 619 utilitatem
1823 584 1970 618 afferunt
2004 586 2129 628 quique
2154 593 2221 617 non
2245 583 2323 616 boni

1268 646 1368 669 causa
1393 637 1452 670 sed
1484 641 1618 680 propter
1649 639 1912 672 emolumentum
1934 641 2100 677 amantur,
2132 640 2190 671 aut
2222 637 2323 670 etiam

1267 687 1497 720 delectationis
1528 696 1656 720 causti:
1689 688 1813 731 quibus
1833 690 1945 721 tamen
1977 688 2096 721 beatus
2117 697 2182 720 non
2210 689 2283 729 eget
2312 698 2319 719 :

1268 739 1343 771 utili
1370 738 1507 781 quidem
1529 739 1652 777 amico,
1675 739 1755 782 quia
1776 739 1886 771 omnia
1922 739 2022 772 habet
2051 739 2147 777 bona,
2177 737 2324 780 jucundo

1267 791 1390 828 autem,
1415 790 1494 832 quia
1510 789 1658 831 jucunda
1679 792 1730 823 est
1746 790 1819 832 ejus
1838 790 1918 829 vita,
1941 800 2048 833 neque
2069 793 2240 823 externam
2263 798 2324 822 vo-

1268 841 1433 883 luptatem
1450 840 1605 882 requirit.
1654 876 1657 878 ,

1310 903 1352 933 At
1371 900 1399 933 si
1420 899 1544 932 talibus
1560 899 1675 932 amicis
1700 908 1765 932 non
1778 901 1863 941 eget,
1884 909 1979 941 egere
1997 899 2114 932 amicis
2140 909 2206 932 non
2223 899 2321 933 vide-

1268 963 1334 999 tur,
1353 960 1414 1002 qui
1429 969 1546 993 revera
1567 961 1645 992 sunt
1670 959 1778 998 amici,
1800 959 1993 1001 quicunque
2010 959 2168 992 nimirum
2185 959 2324 992 virtutis

1268 1022 1302 1053 et
1322 1019 1400 1053 boni
1426 1028 1525 1052 causa
1557 1018 1752 1060 diliguntur.
1779 1020 1849 1051 Hoc
1871 1020 1984 1052 autem
2001 1028 2121 1051 verum
2148 1028 2214 1051 non
2245 1020 2322 1051 est:

1267 1081 1359 1126 quod
1375 1081 1429 1114 vel
1451 1081 1542 1113 illinc
1562 1081 1711 1122 apparet.

1309 1144 1461 1184 Namque
1480 1142 1518 1173 ut
1532 1139 1693 1183 principio
1708 1139 1866 1178 diximus,
1879 1138 2052 1172 beatitudo
2064 1139 2152 1172 actio
2169 1138 2325 1181 quaedam

1242 1238 1246 1243 ,
1269 1203 1331 1234 est.
1347 1202 1390 1233 At
1407 1199 1573 1233 actionem
1591 1198 1808 1232 manifestum
1827 1200 1878 1231 est
1892 1197 1974 1237 fieri,
2003 1199 2104 1240 atque
2127 1197 2162 1230 in
2178 1206 2217 1230 eo
2235 1197 2325 1240 quod

1268 1261 1306 1294 tit
1333 1259 1526 1299 consistere,
1549 1267 1671 1302 neque
1700 1258 1887 1292 absolutam
1919 1267 1992 1291 esse
2018 1258 2155 1300 jamque
2190 1258 2326 1290 subesse

1267 1323 1427 1363 tanquam
1456 1319 1698 1362 possessionem
1734 1330 1742 1351 ε
1786 1319 1821 1351 in
1862 1317 2007 1351 vivendo
2039 1327 2117 1360 ergo
2155 1319 2260 1361 atque
2291 1317 2325 1350 in

1268 1380 1394 1423 agendo
1416 1379 1564 1413 cernitur
1591 1378 1774 1413 beatitudo.
1795 1378 1918 1411 Vivere
1931 1377 2019 1411 enim
2038 1387 2115 1410 cum
2138 1378 2265 1411 virtute
2292 1380 2326 1410 et

1267 1442 1406 1476 honesta
1438 1449 1536 1482 agere
1558 1442 1610 1473 est
1628 1440 1767 1473 beatum
1790 1449 1873 1472 esse.
1900 1439 1984 1472 Cum
2004 1441 2117 1471 autem
2147 1439 2220 1471 viro
2241 1439 2326 1472 bono

1264 1500 1413 1544 jucunda
1433 1499 1564 1533 sitiatis
1591 1499 1695 1538 actio,
1711 1498 1791 1542 quia
1814 1498 1900 1532 bona
1916 1507 1975 1541 per
1995 1507 2031 1531 se
2047 1500 2097 1531 est
2116 1500 2150 1530 et
2162 1498 2323 1541 jucunda,

1266 1559 1551 1604 quemadmodum
1571 1558 1737 1602 principio
1753 1557 1918 1596 diximus,
1940 1559 1973 1590 et
1997 1557 2078 1600 quia
2103 1557 2236 1600 propria
2253 1558 2326 1600 ejus

1267 1620 1329 1658 est,
1349 1617 1633 1661 jucundissimum
1653 1617 1755 1649 etiam
1779 1617 1960 1659 beatossest,
1979 1617 2081 1650 talem
2101 1616 2266 1660 inspicere
2295 1627 2326 1650 a·

1268 1679 1410 1712 ctionem
1433 1690 1440 1710 ε
1461 1677 1603 1711 aliorum
1618 1686 1698 1710 vero
1718 1686 1771 1709 res
1788 1676 1918 1709 facilius
1942 1686 2044 1720 quam
2057 1679 2188 1710 nostras
2203 1680 2236 1710 et
2250 1677 2326 1710 illo-

1267 1749 1343 1772 rum
1380 1738 1528 1771 actiones
1545 1746 1649 1780 quam
1678 1738 1810 1769 nostras
1834 1735 2041 1769 commodius
2059 1736 2221 1779 inspicere
2248 1747 2326 1780 pos-

1268 1809 1407 1832 sumus:
1432 1807 1537 1842 quare
1556 1798 1676 1831 beatus
1700 1797 1799 1830 amici
1821 1797 1969 1830 actiones
1988 1797 2133 1830 maxime
2160 1797 2322 1840 inspiciet¹

1267 1862 1301 1893 et
1328 1859 1462 1902 quando
1487 1858 1582 1891 bonae
1606 1859 1685 1890 sunt
1713 1856 1859 1890 maxime
1891 1856 1994 1889 etiam
2023 1856 2065 1889 iis
2090 1856 2317 1898 delectabitur,

1267 1919 1395 1959 Quodsi
1415 1927 1548 1952 necesse
1566 1920 1627 1957 cst,
1652 1917 1773 1950 bonam
1800 1926 1873 1950 esse
1899 1916 2118 1959 voluptatem,
2140 1926 2208 1959 qua
2234 1916 2324 1949 frua-

1266 1982 1324 2013 tur
1361 1979 1414 2012 vir
1451 1978 1586 2017 beatus,
1618 1977 1723 2021 liquet
1752 1977 1876 2010 talibus
1904 1976 2019 2010 amicis
2039 1986 2134 2019 egere
2172 1977 2321 2016 beatum,

1267 2039 1433 2083 siquidem
1464 2038 1627 2081 inspicere
1646 2037 1722 2070 vult
1747 2037 1894 2070 actiones
1916 2037 2074 2069 honestas
2108 2039 2141 2069 et
2160 2037 2322 2080 propriaS,

1265 2100 1383 2144 quales
1399 2101 1478 2133 sunt
1498 2099 1562 2132 viri
1585 2097 1663 2132 boni
1687 2097 1749 2140 qui
1770 2096 1859 2130 idem
1876 2098 1927 2130 est
1954 2096 2093 2130 amicus.

1310 2217 1477 2249 Praeterea
1509 2221 1624 2245 omnes
1644 2210 1922 2254 ⁸iucundissimam
1961 2209 2052 2243 beati
2077 2209 2181 2243 vitam
2208 2209 2325 2243 existi-

1266 2270 1372 2302 mant.
1396 2267 1489 2301 Beati
1520 2268 1632 2299 autem
1665 2265 1738 2298 vita
1767 2255 1802 2296 in
1829 2262 2017 2296 actionibus
2038 2262 2187 2296 honestis
2216 2262 2326 2296 consi-

1268 2324 1327 2357 stit
1345 2337 1353 2356 :
1371 2331 1511 2356 munere
1531 2331 1610 2354 vero
1622 2319 1755 2354 assidue
1768 2317 1861 2360 fungi
1880 2328 1957 2351 cum
1977 2318 2052 2351 aliis
2064 2317 2201 2360 quidem
2217 2318 2323 2356 iacile,

1267 2388 1327 2422 per
1343 2388 1378 2411 se
1400 2377 1463 2410 soli
1481 2378 1594 2409 autem
1618 2374 1756 2408 difficile
1781 2375 1853 2406 est:
1875 2382 1981 2416 quare
2009 2371 2157 2405 difficilis
2177 2372 2326 2405 solitaria

1269 2435 1320 2468 est
1343 2431 1437 2465 vita:
1457 2433 1618 2463 caeterum
1637 2428 1730 2472 quod
1760 2427 1855 2460 facile
1875 2429 1936 2466 est,
1955 2427 2138 2469 jucundius
2170 2427 2322 2467 habetur,

1267 2503 1370 2537 quam
1390 2490 1482 2534 quod
1505 2487 1639 2522 difficile
1664 2487 1716 2518 est
1731 2498 1738 2518 :
1756 2485 1848 2528 quod
1869 2494 1947 2518 vero
1962 2485 2147 2527 jucundius
2170 2488 2231 2524 est,
2254 2496 2325 2518 ma-

1268 2550 1319 2592 gis
1347 2547 1449 2581 etiam
1470 2543 1556 2578 felici
1577 2540 1742 2575 convenit.
1767 2541 1870 2573 Porro
1895 2539 1995 2573 simul
2023 2539 2172 2573 muneris
2201 2539 2327 2573 functio

1269 2601 1374 2643 magis
1407 2598 1540 2632 assidua
1560 2596 1590 2629 ei
1614 2594 1793 2635 minusque
1812 2593 2000 2636 interrupta
2024 2593 2100 2632 erit,
2120 2593 2149 2626 si
2178 2593 2326 2635 jucunda

1268 2653 1311 2686 sit
1331 2665 1338 2683 :
1362 2651 1486 2694 quippe
1512 2646 1645 2680 assidue
1668 2643 1818 2676 actiones
1841 2644 1998 2677 honestas
2015 2643 2182 2686 suscipere
2200 2644 2325 2676 felicem

1268 2703 1374 2737 decet.
1404 2699 1502 2738 Quod
1539 2706 1657 2730 rursus
1675 2696 1705 2729 ei
1734 2697 1895 2739 maJorem
1916 2696 2038 2730 afferet
2074 2697 2282 2738 voluptatem
2315 2707 2323 2726 ε

1268 2763 1346 2787 nam
1363 2752 1413 2785 vir
1431 2751 1554 2788 bonus,
1578 2756 1646 2790 qua
1667 2747 1776 2781 bonus
1802 2749 1870 2786 est,
1900 2747 2089 2780 actionibus
2107 2747 2227 2779 virtuti
2254 2756 2328 2780 con-

1269 2801 1433 2837 sentaneis
1460 2800 1647 2833 delectatur
1678 2813 1685 2833 :
1712 2799 1942 2843 improbisque
1972 2799 2076 2833 factis
2101 2799 2285 2834 offenditur
2317 2816 2324 2834 ε

1268 2851 1552 2897 quemadmodum
1583 2851 1732 2884 musicus
1751 2861 1793 2884 ex
1825 2850 2008 2884 modulatis
2037 2851 2191 2884 cantibus
2227 2852 2323 2884 volu-

1268 2906 1396 2948 ptatem
1421 2901 1578 2944 percipit,
1600 2901 1708 2935 malos
1736 2903 1852 2935 autem
1875 2903 1909 2935 et
1941 2900 2093 2935 dissonos
2119 2901 2266 2943 graviter
2294 2903 2323 2934 et

1267 2955 1407 2988 moleste
1431 2952 1509 2986 fert.

1310 3006 1382 3037 Non
1411 3004 1519 3037 solum
1544 3005 1657 3036 autem
1690 3003 1855 3036 bonorum
1885 3002 2035 3036 virorum
2073 3002 2325 3036 conversatione

1269 3055 1455 3087 commotus
1471 3051 1635 3091 habitum,
1655 3060 1755 3094 quem
1776 3052 1847 3094 J'am
1865 3053 2064 3084 consecutus
2088 3053 2148 3089 est,
2169 3050 2327 3092 frequen-

1270 3102 1336 3135 tius
1352 3100 1394 3134 ad
1422 3110 1522 3134 usum
1553 3099 1784 3142 actionemque
1806 3101 1996 3138 convertet,
2024 3099 2082 3132 sed
2105 3098 2204 3132 etiam
2225 3107 2326 3140 quem

1267 3158 1333 3181 non
1363 3147 1463 3181 habet
1493 3152 1726 3191 consequetur,
1755 3152 1814 3183 aut
1849 3159 1951 3193 quem
1972 3150 2076 3182 habet
2103 3149 2321 3181 emendabit:

1268 3206 1343 3229 nam
1362 3195 1505 3230 vivendo
1517 3205 1593 3230 cum
1612 3198 1707 3231 bonis
1727 3199 1837 3231 virtus
1856 3207 1991 3241 quoque
2009 3199 2185 3235 accrescet.
2206 3206 2326 3240 quem-

1266 3244 1447 3325 admodutm
1468 3245 1632 3287 Theognis
1661 3247 1709 3280 ait
1729 3258 1737 3279 ε
1767 3255 1844 3289 ergo
1867 3246 1983 3279 amicis
2006 3245 2107 3279 etiam
2129 3244 2200 3278 viro
2227 3245 2326 3278 beato

1264 3301 1349 3334 opus
1367 3301 1403 3325 es
1422 3317 1431 3325 .

182 3397 201 3416 '⁸
219 3397 260 3431 Τί
283 3397 340 3432 οὖν
360 3399 509 3440 λέγουσιν
533 3401 563 3431 οἱ
580 3400 725 3443 πρῶτοι,
745 3401 815 3432 κτλ.
844 3417 885 3423 -
907 3399 948 3419 *⁴*
969 3401 1017 3432 Οὐ
1041 3400 1193 3443 δεόμενος
1213 3401 1247 3433 δὲ
1269 3402 1335 3433 τῶν
1360 3402 1517 3434 τοιούτων
1543 3403 1664 3444 φίλων,
1695 3404 1767 3435 κτλ.
1793 3420 1836 3427 -
1858 3403 1917 3422 *⁴¹*
1952 3401 2005 3435 Ἐν
2025 3402 2109 3446 ἀρχῇ
2137 3402 2199 3446 γὰρ
2221 3402 2311 3445 είρη-

138 3454 214 3488 ται,
227 3446 298 3479 κτλ.
323 3463 367 3473 -
379 3446 454 3466 *Μ’*
469 3447 605 3480 Οἷονται
624 3447 659 3480 δὲ
675 3448 744 3481 δεῖν
761 3448 868 3487 ἡδέως
878 3451 932 3489 ζῆν
947 3450 1018 3482 κτλ.
1036 3464 1080 3475 -

1101 3447 1201 3470 *****
1219 3449 1350 3483 Γένοιτο
1366 3450 1393 3482 δ’
1408 3450 1447 3482 ἂν
1467 3451 1522 3483 καὶ
1540 3451 1611 3483 κτλ.
