2508 3776
643 165 951 208 ETHICORUM
979 167 1435 240 NICOMAGHEORUM
1463 174 1848 221 PARAPHRASIS.

219 251 237 270 ¹*
251 252 332 297 Πᾶς
349 250 387 292 δὲ
409 251 566 307 ἀκρατὴς
584 251 645 293 καὶ
671 255 951 308 μεταμελητικός
980 243 1076 307 ἐστι,
1093 257 1209 304 καθὼς

160 308 312 366 εἴρηται·
345 314 407 360 τῆς
444 312 512 365 γὰρ
556 313 745 365 ἐπιθυμίας
789 314 1016 364 σὸεσθείσης,
1061 320 1080 357 ὁ
1111 317 1211 369 λόγος

158 367 324 425 &inimic
344 379 474 426 συνορᾷ
500 372 565 420 τὴν
590 374 738 413 ἀτοπίαν
767 378 828 414 τοῦ
852 376 984 420 πάθους
999 405 1010 425 ,
1032 370 1062 431 ᾧ
1089 375 1210 417 ἕπεται

3 428 7 479 2
154 429 341 483 μετάνοια.
365 430 411 472 Ὁ
433 433 468 472 δὲ
490 432 684 479 ἀκόλαστος
711 434 992 486 ἀμεταμέλητος
1024 438 1043 476 ὁ
1064 436 1130 491 γὰρ
1149 436 1207 477 λό’

30 481 127 539 5
155 485 341 545 Ῥς-αὖτῷ
370 493 436 546 ⁰²³1.
466 494 625 546 ὑγιαίνει·
651 494 712 534 καὶ
744 494 801 533 διὰ
836 499 939 534 τοῦτο
967 497 1122 536 κατιδεῖν
1170 497 1210 536 τὸ

40 546 46 551 “
63 540 126 589 2⁷²2&
154 550 303 604 αἰσχρὸν
318 553 358 591 οὐ
378 552 534 593 δύναται.
559 553 630 594 Καὶ
653 553 712 594 διὰ
733 557 835 593 τοῦτο
856 557 874 593 ὁ
894 554 959 606 μὲν
976 556 1133 607 ἀκρατὴς
1154 558 1209 595 ἷα-

153 607 212 655 τός
230 612 323 651 ἐστιν
339 642 349 660 ,
379 615 398 653 ὁ
428 612 465 652 δὲ
486 613 680 658 ἀκόλαστος
712 614 866 658 ἀνίατος.
908 615 961 655 Οὐ
982 615 1065 668 γάρ,
1086 615 1207 669 ὥσπερ

155 667 299 722 εἴπομεν
319 672 356 710 ἐν
379 664 430 717 οἷς
444 672 610 728 πρότερον
631 674 821 724 ἐζητοῦμεν
845 675 926 726 περὶ
948 676 1064 713 αὐτῶν
1077 705 1089 726 ,
1113 675 1206 714 οὕτω

152 727 215 767 καὶ
234 728 322 783 ἔχει·
341 729 478 785 εἴρηται
509 732 577 785 γὰρ
598 731 646 778 ὥς
664 749 716 777 τις
751 732 882 778 ἔνδοξος
902 732 1002 785 λόγος
1035 734 1204 786 γυμνάζει

152 787 193 828 τὸ
206 787 361 840 ζήτημα·
381 789 422 830 τὸ
442 790 480 830 δὲ
513 792 639 841 ἀληθὲς
669 791 771 832 τοῦτό
792 794 899 832 ἐστιν.
935 788 1060 832 Ἔοικε
1093 792 1162 846 γὰρ
1181 797 1202 840 ἡ

153 846 219 900 μὲν
244 842 419 889 ἀκολασία
452 850 560 905 ὑδέρῳ
578 850 639 890 καὶ
663 851 795 904 φθίσει,
825 853 848 900 ἢ
873 854 1027 904 συνεχῶς
1056 853 1115 890 τὸν
1146 868 1202 891 νο·

84 939 92 943 ,
150 908 278 946 σοῦντα
308 909 433 956 λυπεῖ,
465 912 487 957 ἡ
513 909 551 948 δὲ
572 911 726 964 ἀκρασία
762 912 834 956 τοῖς
871 912 1136 962 ἐπιληπτικοῖς,
1176 914 1199 952 ἃ

67 991 82 1018 ¹,
148 965 428 1018 διαλιμπάνοντα
466 969 506 1008 οὗ
530 974 685 1023 συνεχῶς
720 971 933 1024 ἐνοχλοῦσιν·
977 974 998 1019 ἡ
1031 969 1095 1021 μὲν
1125 970 1194 1024 γὰρ

62 1071 63 1074 ¹
147 1024 322 1070 ἀκολασία
347 1027 496 1082 συνεχὴς
516 1026 668 1084 πονηρία
710 1032 815 1071 ἐστίν·
837 1031 891 1071 ἀεὶ
909 1031 977 1085 γὰρ
999 1032 1193 1077 ἀκόλαστος

62 1079 63 1082 ¹
99 1102 103 1105 ·
146 1082 258 1126 οἴεται
287 1085 360 1127 δεῖν
390 1090 670 1131 ἀκολασταίνειν·
708 1095 728 1131 ὃ
767 1093 803 1131 δὲ
834 1093 989 1146 ἀκρατὴς
1018 1094 1082 1132 οὒκ
1118 1092 1193 1144 ἀεί,

146 1142 226 1183 ἀλλ’
245 1145 330 1186 ὅταν
346 1151 362 1172 ⁰
379 1150 547 1203 σφοδραῖς
565 1151 739 1206 περιπέσῃ
763 1152 976 1203 ἐπιθυμίαις.
1018 1152 1087 1192 Καὶ
1105 1151 1195 1196 ὅλως
1223 1157 1226 1160 ’

146 1201 183 1242 δὲ
202 1202 321 1260 ἕτερον
335 1207 376 1247 τὸ
392 1209 489 1260 γένος
507 1211 700 1257 ἀκολασίας
717 1213 778 1251 καὶ
799 1211 980 1266 ἀκρασίας·
1002 1215 1025 1260 ἡ
1047 1212 1111 1263 μὲν
1128 1212 1197 1265 γὰρ

146 1262 320 1305 ἀκολασία
353 1267 514 1308 λανθάνει
544 1264 631 1310 οῧσα
667 1271 798 1324 αἰσχρά
810 1301 820 1320 ,
849 1274 872 1319 ἡ
902 1272 938 1311 δὲ
968 1271 1122 1324 ἀκρασία
1156 1272 1194 1311 οὐ

145 1322 319 1364 λανθάνει·
345 1320 416 1367 οἶδε
447 1329 516 1384 γὰρ
546 1333 564 1370 ὁ
592 1331 747 1386 ἀκρατὴς
772 1332 826 1372 ὅτι
858 1332 1003 1385 αἰσχρὸν
1022 1334 1073 1386 τῷ
1092 1332 1197 1371 πάθει

144 1388 388 1439 συγχωρῆσαι·
413 1391 436 1436 ἡ
458 1389 523 1440 μὲν
555 1386 613 1432 οὖν
654 1391 826 1431 ἀκολασία
858 1391 987 1446 χείρων
1025 1391 1192 1446 ἑκατέρου

143 1441 255 1488 εἴδους
273 1448 336 1494 τῆς
353 1448 538 1501 ἀκρασίας.

197 1505 234 1526 *'
248 1509 375 1549 Αὐτῶν
391 1509 429 1550 δὲ
441 1513 511 1550 τῶν
525 1515 587 1560 τῆς
598 1513 771 1566 ἀκρασίας
785 1515 886 1554 εἰδῶν
906 1517 925 1562 ἡ
942 1514 1102 1554 ἀσθένεια
1121 1515 1196 1568 χεί-

144 1580 213 1618 ρων
230 1569 295 1615 τῆς
321 1569 545 1622 προπετείας.
581 1572 629 1611 Οἱ
656 1571 724 1624 γὰρ
754 1572 818 1619 τὴν
855 1576 984 1622 ἀσθενῆ
1019 1573 1191 1626 ἀκρασίαν

54 1671 55 1674 ¹
142 1625 309 1678 ἀκρατεῖς
328 1627 391 1667 ὑπ’
408 1629 594 1675 ἐλάττονος
624 1631 756 1676 πάθους
786 1635 985 1682 ἡττῶνται,
1009 1635 1041 1672 οἱ
1061 1633 1096 1672 δὲ
1128 1633 1193 1682 τὴν

52 1706 54 1710 ·
79 1715 99 1728 .,
141 1688 301 1737 προπετῆ
320 1688 495 1741 ἀκρασίαν
510 1719 521 1738 ,
546 1689 613 1729 ὑπὸ
632 1690 797 1741 μείζονος·
818 1685 867 1736 οἷς
884 1691 953 1745 γὰρ
971 1693 1114 1732 δυνατὸν
1130 1694 1190 1733 καὶ

53 1742 55 1747 ’
142 1745 406 1798 βουλεύσασθαι,
428 1749 576 1804 φανερὸν
591 1749 646 1789 ὅτι
662 1751 701 1789 οὗ
719 1752 876 1805 σφοδρῶς
896 1753 1046 1804 πολεμεῖ
1063 1753 1103 1792 τὸ
1119 1753 1188 1792 πά-

139 1806 209 1850 θος·
221 1806 254 1845 οῖ
273 1805 310 1845 δὲ
326 1810 532 1860 προπετεῖς,
557 1809 601 1848 δι’
618 1803 668 1849 ῶν
689 1813 728 1850 οὐ
746 1810 911 1851 δύνανται
934 1812 1190 1866 βουλεύσασθαι

50 1866 58 1920 ι’
113 1860 119 1864 ’
141 1863 245 1912 δ’ἥλοί
273 1868 361 1906 εἰσιν
387 1867 456 1907 ὑπὸ
483 1869 648 1922 μεγάλων
676 1873 868 1922 ἐπιθυμιῶν
894 1873 1104 1926 βιαζόμενοι·
1131 1873 1191 1912 καὶ

139 1922 256 1971 ἄλλως
274 1925 312 1967 δὲ
330 1927 557 1983 αἰσχρότερον
577 1933 773 1980 ἡττηθῆναι
803 1933 1185 1987 προδουλευσαμένους,

137 1981 259 2039 ὥσπερ
277 1988 557 2043 ὁπλισαμένους,
584 1990 607 2038 ἢ
637 1992 947 2046 ἀπροὸουλεύτους·
976 1994 1094 2044 ὅμοιος
1121 1995 1191 2048 γάρ

137 2044 233 2084 ἐστιν
247 2046 267 2084 ὁ
287 2045 380 2085 κατὰ
397 2047 461 2094 τὴν
483 2051 611 2097 ἀσθενῆ
645 2051 818 2104 ἀκρασίαν
848 2053 1004 2105 ἀκρατὴς
1023 2057 1093 2099 τοῖς
1123 2070 1186 2092 τα-

137 2101 230 2156 χέως
249 2105 520 2158 μεθυσκομένοις
535 2138 547 2156 ,
577 2108 637 2148 καὶ
658 2109 727 2149 ὑπὸ
745 2111 864 2164 ὀλίγου
883 2111 976 2152 οἴνου
997 2113 1057 2153 καὶ
1081 2113 1188 2152 ἐλάτ-

137 2163 272 2212 τονοςῆ
290 2166 338 2210 ὡς
355 2166 388 2211 οἱ
404 2166 542 2207 πολλοί.

191 2222 245 2241 ***
263 2221 353 2265 Ὅτι
373 2223 438 2278 μὲν
457 2219 518 2266 οὗν
536 2227 647 2268 κακία
665 2228 758 2270 ἐστὶν
775 2233 798 2278 ἡ
819 2230 995 2286 ἀκρασία,
1017 2231 1165 2286 φανερόν
1177 2264 1187 2284 ‚

137 2283 230 2332 πλὴν
249 2286 316 2338 οὐχ
334 2285 457 2331 ἅπλῶς
478 2287 586 2327 κακία
599 2318 610 2337 ,
635 2287 694 2328 οἵα
713 2293 736 2339 ἡ
760 2292 952 2337 ἀκολασία,
977 2293 1071 2332 ἀλλά
1086 2292 1177 2341 πη·*’

63 2355 70 2363 ”
137 2345 216 2384 καθ’
236 2344 318 2384 ὅσον
337 2349 352 2369 ⁶
373 2343 438 2392 μὲν
458 2345 528 2400 γὰρ
547 2349 768 2402 προαιρεῖταί
792 2366 866 2396 πως
882 2351 921 2390 τὸ
942 2353 1049 2391 κακὸν
1084 2354 1119 2391 ἐν
1140 2354 1189 2405 τῷ

135 2402 314 2454 πάθειῶν,
322 2404 432 2446 κακία
447 2406 540 2456 ἐστί,
556 2409 636 2447 καθ’
653 2408 733 2449 ὅσον
747 2411 782 2451 δὲ
794 2412 832 2450 οὔ
843 2411 958 2459 πάντη
968 2410 980 2434 ¹
992 2412 1099 2451 οἴεται
1117 2412 1188 2451 δεῖν

135 2461 274 2504 &unium
287 2463 460 2516 τὸπάθος,
482 2468 546 2507 οὔκ
563 2467 640 2507 ἔστι
655 2469 780 2509 κακία·
802 2471 864 2510 καὶ
884 2471 976 2510 ἔστιν
994 2472 1100 2521 ὁμοία
1116 2479 1188 2518 τοῖς

135 2522 352 2574 Μιλησίοις,
374 2525 435 2572 οὓς
463 2527 667 2577 Δημόδοκος
691 2530 757 2585 ἔφη
789 2531 981 2578 σκώπτων,
1018 2534 1185 2580 Μιλήσιοι

74 2584 78 2586 ’
136 2582 295 2625 desimus
311 2583 376 2637 μὲν
399 2587 462 2626 οὖκ
481 2587 568 2626 εἰσίν
581 2619 592 2637 ,
615 2591 722 2642 δρῶσι
743 2590 778 2629 δὲ
795 2585 851 2631 οἶά
885 2607 953 2644 περ
967 2596 986 2622 8
1004 2593 1036 2631 οἱ
1058 2593 1186 2632 ἀσύνε-

46 2678 53 2689 ,
134 2654 200 2684 τοι·
217 2642 277 2684 τὸν
291 2644 396 2684 αὐτὸν
417 2645 546 2699 τρόπον
566 2648 626 2686 καὶ
648 2651 679 2689 οἱ
710 2651 872 2704 ἀκρατεῖς
910 2651 1100 2692 ἀκόλαστοι
1121 2653 1185 2704 μὲν

89 2707 117 2730 „⁶
134 2704 199 2744 οὒκ
217 2702 304 2753 εἰσί,
323 2704 432 2759 δρῶσι
449 2705 486 2746 δὲ
506 2706 551 2745 τὰ
569 2710 637 2747 τῶν
659 2710 879 2752 ἀκολάστων.

89 2807 90 2810 ,
187 2761 260 2782 *⁰*
279 2762 384 2805 Ἐπεὶ
409 2764 447 2804 δὲ
465 2767 483 2804 δ
497 2765 560 2817 μὲν
578 2767 733 2821 ἀκρατὴς
755 2770 873 2810 διώκει
892 2771 955 2818 τὰς
975 2774 1180 2824 σωματικὰς

133 2823 262 2872 ἡδονὰς
273 2824 373 2878 παρὰ
392 2824 450 2865 τὸν
462 2826 562 2879 ὀρθὸν
581 2828 699 2881 λόγον,
716 2831 755 2869 οὗ
768 2831 1010 2882 ’πεπεισμένος
1024 2835 1077 2874 ὅτι
1090 2834 1176 2872 εἰσὶν

52 2872 74 2927 .,’
134 2884 264 2934 ἀγαθαὶ
284 2884 346 2924 καὶ
365 2885 435 2924 δεῖν
452 2886 612 2940 διώκειν,
634 2891 653 2928 ὁ
670 2888 706 2928 δὲ
725 2892 920 2937 ἀκόλαστος
933 2892 1121 2933 πέπεισται
1137 2895 1183 2938 ὡς

61 2940 85 2956 ¹
134 2944 189 2984 δεῖ
205 2942 367 2995 διώκειν,
402 2949 422 2986 ὁ
450 2945 513 2998 μὲν
535 2948 689 3002 ἀκρατὴς
715 2951 987 3002 εὖμετάπειστός
1018 2956 1134 3003 ἐστιν,
1165 2956 1184 2992 ὁ

43 3002 99 3057 ,s
133 2999 170 3043 δέ
189 3002 384 3051 ἀκόλαστος
403 3004 457 3047 οὗ.
491 3007 568 3056 Τὴν
585 3009 654 3063 γὰρ
679 3010 792 3063 ἀρχὴν
813 3014 883 3051 τῶν
906 3013 1066 3067 πράξεων
1079 3045 1088 3062 ,
1109 3013 1187 3062 ἥτις

43 3063 52 3082 ·’·’
133 3062 208 3112 {etl
221 3063 262 3104 τὸ
286 3065 416 3117 ἀγαθὸν
438 3067 500 3106 καὶ
521 3068 562 3107 τὸ
578 3068 676 3113 τέλος
708 3065 747 3109 οῖ’)
789 3071 913 3121 ἕνεκα,
934 3077 956 3120 ἡ
993 3073 1056 3124 μὲν
1076 3074 1183 3128 ἀρετὴ

133 3121 257 3174 &aas
277 3120 306 3172 ἧ.
323 3124 360 3164 δὲ
389 3127 567 3182 μοχθηρία
601 3129 746 3184 φθείρει*
771 3131 919 3185 καὶγὰρ
953 3132 1009 3171 διὰ
1030 3131 1092 3183 μὲν
1123 3135 1187 3179 τῆς

134 3179 260 3236 ἀρετῆς
275 3186 513 3238 ἀφικνούμεθα
531 3191 578 3234 εἷς
603 3190 644 3230 τὸ
664 3192 812 3244 ἀγαθόν,
828 3193 885 3231 διὰ
907 3193 943 3233 δὲ
967 3195 1029 3241 τῆς
1050 3195 1186 3246 μοχθη·

135 3239 213 3295 plue
229 3243 484 3300 ἀποχωροῧμεν
505 3250 628 3290 αὐτοῦ·
647 3251 687 3290 τὸ
712 3251 749 3291 δὲ
769 3256 923 3294 τοιοῦτον
944 3253 1042 3307 τέλος
1067 3255 1106 3293 οὔ
1123 3251 1182 3291 διὰ

2248 187 2330 228 475

1319 269 1459 301 Omnem
1496 271 1608 303 autem
1647 271 1815 307 hominem
1844 273 2119 316 incontinentem,
2158 279 2197 311 ut
2227 288 2327 323 supra

1273 319 1437 364 diximus,
1459 321 1643 358 facinorum
1663 336 1799 360 suorum
1821 326 1919 363 facile
1943 331 2081 373 poenitet
2109 341 2254 377 :nempe
2275 343 2330 368 re·

1274 373 1394 407 stincto
1409 375 1630 418 cupiditatum
1644 379 1772 419 ardore,
1799 390 1878 415 sana
1897 383 1983 417 ratio
2000 387 2157 430 perspicit
2175 388 2330 422 absurdi-

1273 427 1377 460 tatem
1397 426 1550 468 affectus,
1571 440 1670 473 quem
1695 434 1851 476 sequitur
1870 437 2073 478 poenitentia.
2096 442 2138 474 At
2164 441 2329 486 intempe-

1272 482 1401 514 rantem
1414 481 1539 516 nullius
1568 484 1615 517 rei
1630 486 1768 528 poenitet
1789 497 1798 517 τ
1822 498 1899 522 nam
1920 490 2000 532 quia
2021 493 2105 526 ratio
2121 494 2170 527 illi
2191 505 2255 529 non
2276 499 2329 531 est

1272 542 1352 566 sana
1364 559 1371 571 ,
1384 533 1506 567 idcirco
1523 537 1763 578 turpitudinem
1781 540 1880 574 etiam
1910 543 2174 580 animadvertere
2197 550 2324 592 nequit.

1271 586 1432 624 Quocirca
1449 587 1653 623 incontinens
1665 591 1802 633 quidem
1812 594 1968 628 sanabilis
1974 597 2328 643 est,sedintemperans

1269 638 1470 673 insanabilis.
1486 643 1599 685 Neque
1619 645 1706 678 enim
1718 672 1725 684 ,
1746 647 2030 689 quemadmodum
2050 651 2083 684 in
2100 655 2268 696 superiore
2283 655 2326 690 de

1269 690 1310 723 iis
1331 693 1514 733 quaestione
1530 694 1677 730 diximus
1690 724 1697 736 ,
1716 698 1763 731 ita
1775 708 1810 732 se
1836 709 1890 733 res
1911 701 2011 735 habet
2028 713 2035 733 :
2054 704 2176 748 quippe
2187 706 2223 739 id
2233 707 2326 749 quod

1269 744 1436 785 probabile
1458 749 1530 779 erat
1551 750 1798 784 exercitationis
1825 762 1925 786 causa
1955 758 1988 788 et
2002 755 2193 799 disputandi
2218 761 2324 802 gratia

1268 795 1395 828 dictum
1414 800 1466 830 est
1487 808 1495 830 z
1514 799 1571 832 sed
1590 801 1660 843 ipsa
1681 812 1734 835 res
1755 804 1801 837 ita
1831 814 1867 838 se
1884 805 1993 840 babet.
2021 809 2145 843 Similis
2166 811 2255 844 enim
2270 812 2323 846 in-

1268 851 1485 892 temperantia
1507 862 1603 895 aquae
1618 855 1773 889 intercuti
1803 861 1854 890 est
1869 863 1902 892 et
1917 861 2000 900 tabi,
2022 871 2099 904 quae
2117 863 2249 898 assidue
2272 875 2322 899 ω-

1267 911 1364 944 grum
1384 902 1516 947 fatigat,
1535 906 1770 942 incontinentia
1785 921 1863 945 vero
1879 914 2004 947 morbis
2016 917 2248 958 comitialibus,
2263 920 2320 962 qui

1267 955 1402 998 aliquod
1420 958 1552 1000 tempus
1570 959 1812 1002 intermittunt,
1834 974 1943 1008 neque
1960 968 2166 1002 continenter
2184 971 2316 1004 molesti

1266 1011 1374 1041 sunt:
1404 1014 1563 1053 perpetua
1596 1013 1684 1046 enim
1712 1015 1906 1058 improbitas
1943 1019 2195 1063 intemperantia
2225 1026 2276 1057 est
2311 1034 2320 1055 τ

1265 1062 1387 1106 quippe
1406 1073 1537 1108 semper
1572 1066 1834 1111 intemperanter
1853 1071 2034 1106 vivendum
2057 1085 2130 1109 esse
2157 1079 2254 1119 putat
2267 1078 2321 1111 in-

1266 1117 1453 1158 temperans
1471 1130 1480 1150 :
1501 1120 1536 1150 at
1552 1118 1759 1155 incontinens
1778 1132 1842 1156 non
1854 1134 1999 1168 semper,
2014 1127 2072 1160 sed
2094 1138 2200 1171 quum
2219 1131 2322 1165 vehe-

1264 1169 1482 1202 mentioribus
1511 1172 1644 1205 tantum
1675 1174 1917 1217 cupiditatibus
1955 1179 2189 1216 inflammatur.
2223 1183 2319 1218 Aliud

1263 1221 1406 1266 denique
1424 1223 1709 1268 intemperantiae,
1737 1228 1829 1262 aliud
1853 1230 2099 1267 incontinentiae
2115 1244 2218 1277 genus
2244 1240 2317 1272 est:

1263 1268 1421 1309 nimirum
1442 1277 1524 1310 latet
1552 1279 1818 1324 intemperantiae
1846 1285 2039 1327 turpitudo,
2074 1287 2320 1326 incontinentiae

1262 1340 1328 1363 non
1346 1330 1426 1364 item
1449 1343 1457 1363 ι
1479 1341 1556 1365 nam
1578 1333 1784 1369 incontinens
1803 1338 1866 1370 scit
1882 1339 1980 1381 turpe
1994 1349 2086 1379 esse,
2108 1341 2245 1377 affectui
2258 1355 2320 1379 suo

1262 1385 1378 1418 cedere
1405 1399 1414 1419 ε
1435 1395 1539 1428 quare
1570 1387 1825 1432 intemperantia
1840 1390 1959 1426 foedior
1974 1396 2025 1427 est
2042 1397 2186 1440 utraque
2203 1398 2319 1433 incon-

1263 1439 1411 1473 tinentiae
1429 1440 1547 1482 specie.

1302 1499 1399 1539 Quod
1416 1508 1496 1533 vero
1519 1500 1563 1534 ad
1581 1501 1671 1543 ipsas
1693 1501 1940 1540 incontinentiae
1954 1508 2080 1551 species
2094 1510 2234 1552 attinet,
2256 1512 2319 1547 foe-

1261 1559 1335 1592 dior
1357 1559 1545 1593 temeritate
1560 1563 1611 1593 est
1638 1561 1859 1598 imbecillitas.
1888 1567 1953 1605 Qui
1976 1568 2063 1601 enim
2085 1569 2250 1606 imbecilla
2270 1573 2319 1607 in-

1261 1619 1462 1652 continentia
1482 1619 1645 1662 laborant,
1661 1622 1790 1657 minore
1809 1624 1946 1666 affectu,
1961 1628 2021 1670 qui
2038 1631 2212 1664 temeraria
2225 1642 2315 1674 vero,

1259 1679 1384 1720 majore
1404 1681 1605 1721 superantur
1633 1693 1641 1714 ·.
1666 1690 1724 1715 eos
1747 1692 1887 1727 nempe,
1908 1687 2034 1729 quibus
2054 1687 2239 1725 deliberare
2256 1692 2318 1726 ad-

1258 1738 1325 1771 huc
1341 1738 1428 1777 licet,
1455 1737 1670 1773 manifestum
1684 1744 1738 1775 est
1752 1753 1818 1776 non
1841 1744 1890 1778 ita
1911 1746 2128 1782 vehementer
2143 1751 2317 1792 perturba-

1259 1797 1346 1830 tione
1361 1797 1493 1831 incitari
1513 1807 1522 1828 ι
1543 1800 1712 1833 temerarii
1729 1804 1842 1836 autem
1857 1803 1922 1837 hoc
1934 1804 2007 1848 ipso
2020 1806 2113 1849 quod
2129 1807 2316 1844 deliberare

1256 1867 1322 1890 non
1341 1859 1489 1900 possunt,
1529 1867 1566 1892 se
1589 1860 1718 1902 magnis
1739 1850 1840 1896 animi
1860 1864 2008 1898 motibus
2027 1866 2080 1908 agi
2103 1868 2285 1902 ostendunt
2307 1883 2315 1902 :

1256 1920 1416 1961 praeterea
1438 1918 1572 1961 turpius
1588 1921 1660 1958 est,
1679 1923 1754 1962 post
1771 1921 2048 1958 deliberationem
2066 1928 2228 1970 tanquam
2255 1938 2315 1962 ar-

1256 1980 1364 2011 matos
1381 1979 1547 2021 superari,
1566 1989 1670 2022 quam
1683 1980 1755 2014 sine
1767 1981 2005 2025 deliberatione
2020 1985 2110 2019 vinci
2125 1999 2133 2019 :
2151 1988 2211 2031 qui
2229 1989 2316 2023 enim

1255 2038 1422 2073 imbecilla
1437 2039 1566 2072 laborat
1591 2040 1849 2084 incontinentia,
1873 2043 1914 2077 iis
1935 2044 1994 2087 qui
2011 2044 2108 2081 facile
2136 2049 2171 2081 et
2198 2049 2316 2092 exigua

1257 2098 1325 2132 vini
1342 2098 1458 2141 copia,
1477 2101 1536 2132 aut
1560 2099 1688 2133 minore
1707 2103 1815 2141 certe,
1831 2111 1934 2146 quam
1957 2104 2128 2149 plerique,
2148 2106 2316 2142 inebrian-

1256 2159 1323 2196 tur,
1346 2157 1463 2191 similis
1479 2160 1540 2191 est.

1276 2237 1278 2239 >
1298 2217 1426 2251 Vitium
1443 2227 1521 2260 ergo
1538 2218 1811 2253 incontinentiam
1836 2230 1909 2256 esse
1928 2223 2143 2260 manifestum
2163 2229 2232 2267 est¹
2255 2238 2315 2262 ve-

1255 2281 1332 2308 rum
1357 2280 1422 2303 non
1439 2271 1652 2314 simpliciter,
1671 2273 1781 2315 qualis
1803 2275 2057 2319 intemperantia
2073 2280 2233 2322 habetur,
2256 2282 2315 2316 sed

1254 2333 1521 2377 quodammodo:
1550 2334 1716 2376 quatenus
1729 2333 1818 2366 enim
1832 2335 1995 2377 quamdiu
2015 2337 2051 2370 in
2066 2339 2315 2380 perturbatione

1253 2388 1310 2421 illa
1327 2390 1489 2427 versatur,
1510 2386 1663 2420 consulto
1679 2387 1806 2420 malum
1830 2388 1929 2428 facit,
1950 2392 2002 2424 est
2023 2390 2164 2432 vitium,
2193 2398 2314 2437 quate-

1253 2450 1316 2474 nus
1334 2450 1415 2474 vero
1433 2450 1498 2474 non
1527 2439 1661 2473 omnino
1684 2440 1889 2483 sequendam
1908 2451 1980 2476 esse
1996 2446 2093 2486 putat
2120 2445 2212 2480 illam
2237 2457 2314 2490 per-

1254 2496 1489 2535 turbationem,
1507 2504 1573 2528 non
1586 2497 1636 2527 est
1654 2494 1775 2527 vitium
1798 2503 1806 2526 t
1828 2505 1933 2538 quare
1953 2497 2071 2532 similis
2091 2502 2143 2532 est
2156 2501 2309 2541 Milesiis,

1252 2559 1337 2592 quos
1363 2548 1556 2592 perstringit
1576 2548 1785 2582 Demodocus
1819 2549 1866 2583 ita
1892 2550 2039 2586 scribens
2064 2564 2071 2585 ε
2102 2554 2223 2588 Milesii
2248 2567 2313 2590 non

1253 2605 1331 2636 sunt
1350 2603 1398 2636 illi
1422 2602 1558 2646 quidem
1588 2602 1707 2641 stulti,
1732 2603 1791 2637 sed
1811 2605 1923 2638 tamen
1947 2605 2063 2639 eadem
2089 2606 2215 2642 faciunt
2235 2621 2312 2653 quae

1253 2657 1371 2690 stulti:
1395 2657 1511 2690 eodem
1534 2656 1634 2690 modo
1652 2657 1892 2692 incontinentes
1919 2668 1985 2692 non
2011 2662 2089 2693 sunt
2104 2660 2153 2694 illi
2174 2663 2311 2705 quidem

1251 2709 1527 2753 intemperantes,
1544 2709 1603 2744 sed
1621 2719 1660 2744 ea
1677 2720 1754 2754 quae
1771 2711 2030 2755 intemperantes
2047 2712 2183 2748 faciunt.

1293 2770 1405 2808 Quum
1435 2778 1513 2812 ergo
1542 2770 1748 2804 incontinens
1789 2771 1937 2814 corporis
1968 2772 2159 2816 voluptates
2189 2777 2312 2818 praeter

1251 2831 1376 2862 rectam
1400 2829 1563 2864 rationem
1588 2833 1767 2875 sequatur,
1803 2841 1870 2865 non
1899 2831 1991 2875 quod
2017 2834 2219 2876 persuaserit
2248 2833 2311 2869 sibi

1250 2889 1353 2923 bonas
1367 2898 1424 2923 eas
1444 2892 1478 2923 et
1494 2892 1682 2935 sequendas
1705 2901 1795 2932 esse,
1820 2893 2045 2937 intemperans
2070 2903 2151 2928 vero
2167 2905 2310 2939 sequen-

1250 2948 1311 2983 das
1327 2959 1383 2983 eas
1402 2959 1474 2984 esse
1493 2951 1556 2984 sibi
1580 2953 1805 2995 persuaserit,
1826 2953 2034 2988 incontinens
2054 2953 2152 2989 facile
2172 2956 2214 2989 de
2231 2965 2309 2989 sen-

1250 3009 1354 3042 tentia
1366 3009 1555 3051 deducitur,
1569 3011 1792 3056 intemperans
1805 3024 1870 3048 non
1886 3015 1978 3049 item.
1996 3016 2171 3049 Actionum
2186 3016 2309 3059 quippe
2377 3023 2379 3025 ·

1249 3070 1447 3113 principium
1458 3097 1466 3110 ,
1485 3071 1595 3115 ipsum
1610 3073 1768 3108 nimirum
1789 3075 1912 3109 bonum
1931 3076 2099 3120 finemque
2116 3077 2213 3119 cujus
2232 3086 2308 3119 gra-

1250 3131 1297 3164 tia
1323 3131 1572 3175 suscipiuntur,
1591 3138 1766 3168 conservat
1790 3135 1909 3176 virtus,
1939 3138 2123 3180 corrumpit
2147 3137 2306 3179 improbi-

1249 3194 1301 3225 tas
1322 3205 1330 3226 ε
1347 3200 1407 3234 per
1418 3192 1579 3227 virtutem
1595 3194 1719 3228 scilicet
1739 3195 1782 3229 ad
1798 3196 1921 3230 bonum
1939 3197 2164 3240 pervenimus,
2185 3197 2305 3239 impro-

1249 3251 1353 3285 bitate
1368 3261 1449 3286 vero
1466 3253 1508 3286 ab
1525 3262 1565 3287 eo
1585 3254 1774 3289 recedimus
1795 3269 1802 3289 :
1824 3257 1898 3290 tinis
1925 3260 2035 3290 autem
2058 3257 2218 3299 ejusmodi
2239 3266 2303 3290 non

173 3387 195 3405 *
211 3388 291 3433 Gap.
317 3393 348 3424 8.
368 3389 463 3426 Ἐστι
481 3395 518 3428 δὲ
535 3397 554 3428 ὁ
569 3396 627 3438 μὲν
652 3397 851 3439 ἀκόλαστος,
871 3397 983 3444 ὥσπερ
1004 3401 1115 3445 ἐλέχθη
1133 3404 1204 3438 κτλ.
1228 3423 1270 3430 -
1283 3405 1318 3424 *³*
1345 3406 1458 3442 Αὐτῶν
1486 3407 1522 3443 δὲ
1542 3409 1668 3443 τούτων
1685 3410 1830 3457 βελτίους
1853 3413 1920 3447 κτλ.
1939 3428 1981 3438 -
2003 3411 2057 3430 ***
2075 3409 2152 3447 Ὅτι
2168 3409 2226 3454 μὲν
2247 3409 2313 3443 οὖν

133 3435 233 3470 κακία
247 3438 317 3472 κτλ.
333 3453 376 3463 -
395 3440 466 3462 ****
480 3441 579 3477 Ἐπεὶ
596 3445 624 3478 δ’
644 3446 662 3479 ὁ
679 3445 736 3489 μὲν
755 3447 903 3489 τοιοῦτός
918 3448 1022 3492 ἐστιν,
1037 3452 1107 3487 κτλ.
