2528 3788
257 249 271 285 1
284 248 308 286 4
317 249 335 285 ἱ
1180 240 1458 283 CRANTORIS

257 335 350 372 tima
371 346 454 383 quae
480 332 521 369 in
551 328 751 368 codicibus
786 328 843 366 sic
876 327 1021 380 scripta
1050 336 1140 366 sunt
1168 342 1177 365 ι
1211 329 1288 367 ἀλλ’
1319 335 1325 408 ¹
1349 331 1439 368 lent.
1472 327 1604 379 Itaque
1631 327 1672 365 in
1703 326 1736 365 T
1740 326 1847 364 imaeo
1866 326 1894 364 l.
1926 339 1957 365 c.
1985 326 2038 364 ait
2068 339 2078 363 ε
2101 324 2190 373 μετὰ
2210 324 2379 365 δὲταῦτα

256 390 400 434 ἐναλλὰξ
419 388 544 442 ἀρτίων
563 388 623 425 καὶ
644 388 720 433 ἐπί,
742 400 860 438 quum
882 399 1016 425 manca
1040 399 1124 425 esse
1143 395 1285 437 pateat,
1350 385 1597 439 ξυνεπληροῦτο
1621 385 1666 425 τά
1689 401 1726 423 τε
1747 385 1913 423 διπλάσια
1933 384 1994 423 καὶ
2023 384 2214 438 τριπλάσια
2239 381 2382 430 διαστή·

255 449 308 486 ita
328 446 616 499 supplevimus,
639 453 682 483 ut
710 457 985 495 reponeremus
1011 459 1019 482 ι
1043 445 1119 482 ἀλλ’
1143 443 1289 489 ἐναλλὰξ
1321 413 1324 467 i
1351 460 1444 496 ματα
1458 475 1468 493 ,
1493 445 1614 497 μοίρας
1631 444 1681 483 ἔτι
1702 444 1829 482 ἐκεῖθεν
1848 442 2052 492 ἀποτέμνων
2076 442 2136 480 καὶ
2158 441 2260 485 τιθεὶς
2278 443 2326 485 εἷς
2343 440 2383 480 τὸ

256 506 382 555 ἀρτίων
403 504 461 542 καὶ
483 502 654 541 ἐπιπέδων
683 501 812 555 ἀρτίοις
839 503 897 541 καὶ
919 502 1092 546 ἐπιπέδοις
1122 502 1289 554 ἀντιθέτῳ
1350 503 1477 554 μεταξὺ
1498 503 1646 550 τούτων,
1663 502 1753 540 ὥστε
1773 503 1807 540 ἐν
1826 501 1962 553 ἑκάστῳ
1981 500 2192 550 διαστήματι
2214 499 2274 539 δύο
2295 494 2384 540 εἶναι

255 562 410 614 συζυγίᾳ.
434 562 602 599 Periisse
622 560 685 598 hic
705 561 826 599 multa
849 561 1109 613 inprimisque
1135 561 1289 610 elegan-
1350 561 1563 611 μεσότητας,
1588 561 1651 609 τὴν
1684 560 1746 612 μὲν
1775 561 1892 612 ταύτῷ
1916 560 2015 613 μέρει
2033 562 2103 598 τῶν
2136 558 2384 611 ἄκρωκαῦτῶν

255 628 328 657 tem
350 620 397 657 de
417 620 591 658 numeris
610 618 911 670 disputationem
927 620 1006 668 jam
1028 618 1129 656 vidit
1145 618 1291 668 Xylan·
1322 623 1324 643 ¹
1350 621 1588 673 ὑπερέχουσαν
1611 623 1673 660 καὶ
1701 620 1982 672 ὑπερεχομένην,
2006 617 2069 665 τὴν
2090 618 2120 656 δ’
2139 616 2205 670 ἴσῳ
2225 617 2289 668 μὲν
2304 618 2387 656 κατ’

256 678 335 717 der.
361 678 493 728 ltaque
515 677 582 715 alii
612 691 683 728 pro
719 678 796 715 ἀλλ’
820 677 966 722 ἐναλλὰξ
985 677 1111 729 ἀρτίων
1144 677 1203 715 καὶ
1235 676 1292 715 ἐπί
1351 679 1495 731 ἀριθμὸν
1515 679 1772 731 ὑπερέχουσαν,
1803 678 1869 731 ἴσῳ
1890 679 1919 716 δ’
1946 675 2219 730 ὑπερεχομένην.
2243 676 2386 715 Harum

255 735 329 784 legi
358 735 557 786 jusserunt
585 736 660 773 ἀλλ’
681 735 827 780 ἐναλλὰξ
859 735 986 787 ἀρτίων
1019 734 1080 773 καὶ
1107 737 1292 788 περιττῶν,
1352 738 1598 776 medietatum
1628 739 1752 789 prima
1779 747 1836 775 est
1866 749 2049 776 numerus
2084 735 2391 787 quaternarius,

256 795 329 832 rati
360 795 498 832 melius
525 794 671 846 opponi
701 808 813 845 pares
845 807 1026 833 numeros
1057 794 1290 846 imparibus.
1353 796 1522 834 ternario
1553 805 1590 834 et
1619 796 1771 834 senario
1803 795 2053 846 interjectus,
2087 794 2298 833 ternarium
2321 807 2385 833 eo-

256 853 328 889 Sed
345 853 420 890 loci
441 854 612 891 lacunosi
627 854 772 892 incerta
790 862 846 891 est
863 853 1065 893 medicina.
1087 853 1143 891 De
1162 853 1291 891 clear·
1323 863 1326 903 Ι
1351 855 1437 893 dem
1458 855 1573 893 modo
1592 867 1777 906 superans
1791 884 1802 906 ,
1829 869 1905 904 quo
1926 869 1948 892 a
1976 854 2128 892 senario
2163 861 2384 905 superatur,

259 913 330 951 cho
362 911 511 949 Solensi
546 912 624 961 egit
660 911 859 950 Fabricius
890 912 994 950 Bibl.
1017 912 1086 949 Gr.
1108 911 1192 950 Vol.
1219 912 1290 959 111,
1352 915 1630 965 proportione,
1651 927 1767 964 quam
1787 923 1938 952 veteres
1959 913 2226 951 harmonicam
2248 913 2385 965 appel-

255 968 385 1019 p.l.81
412 968 474 1007 ed.
498 969 650 1008 Harles.
685 970 742 1008 De
768 969 975 1007 Theodoro
1007 969 1158 1007 Solensi
1195 969 1291 1008 alibi
1352 973 1495 1015 labant.
1522 973 1565 1011 ld
1591 972 1858 1024 proportionis
1890 986 2011 1022 genus
2039 972 2080 1010 in
2113 984 2158 1010 eo
2192 980 2385 1018 versatur,

257 1039 411 1075 quoque
434 1028 608 1064 meminit
643 1027 896 1074 Plutarchus,
919 1029 984 1078 qui
1016 1040 1101 1065 eum
1122 1027 1225 1065 libro
1246 1028 1293 1065 de
1323 1021 1326 1054 Ι
1353 1039 1394 1068 ut
1413 1045 1531 1081 quum
1563 1031 1666 1068 inter
1686 1029 1870 1081 majorem
1899 1043 2101 1068 numerum
2131 1030 2184 1081 (6)
2206 1037 2244 1078 et
2262 1031 2387 1068 mino-

257 1082 405 1120 defectu
436 1085 684 1123 oraculorum
718 1099 799 1137 cap.
833 1087 880 1122 32
912 1086 955 1123 τὰ
979 1084 1208 1136 μαθηματικὰ
1234 1088 1293 1123 τοῦ
1353 1101 1434 1126 rem
1454 1089 1509 1141 (4)
1540 1087 1644 1126 aliud
1676 1088 1924 1126 intervallum
1953 1088 2108 1127 intersit
2142 1095 2256 1138 atque
2286 1087 2390 1127 inter

259 1140 444 1185 Πλάτωνος
484 1143 780 1194 interpretatum
821 1157 904 1182 esse
941 1152 1115 1183 testatur.
1151 1144 1208 1183 Cf.
1245 1144 1293 1181 de
1323 1157 1326 1221 Ι
1352 1147 1519 1184 medium
1543 1147 1592 1199 (4)
1608 1156 1645 1185 et
1663 1147 1852 1185 minorem
1876 1146 1949 1199 (3),
1968 1147 2047 1185 haec
2067 1146 2274 1185 intervalla
2297 1157 2388 1184 ean-

256 1198 374 1238 anim.
397 1210 583 1250 procreat.
602 1201 643 1239 in
659 1201 762 1240 Tim.
784 1215 867 1252 cap.
885 1216 956 1252 29.
976 1201 1101 1239 Verba
1121 1203 1151 1239 εἰ
1173 1201 1207 1240 δὲ
1230 1201 1292 1250 μή,
1323 1223 1326 1263 3
1352 1204 1436 1242 dem
1454 1205 1556 1243 inter
1568 1218 1606 1243 se
1625 1205 1955 1255 comparationem
1975 1205 2142 1243 habeant
2156 1233 2166 1250 ,
2186 1217 2302 1255 quam
2321 1216 2389 1241 nu-

257 1257 413 1309 ταραχὴν
446 1258 504 1296 καὶ
525 1258 690 1311 σύγχυσιν
723 1258 884 1310 ἔσεσθαι,
906 1258 965 1296 καὶ
987 1259 1216 1308 μεταστάσεις
1247 1262 1294 1302 εἰς
1351 1276 1479 1301 merus
1498 1263 1624 1314 major
1639 1272 1676 1301 et
1688 1263 1816 1301 minor
1830 1263 1881 1315 (οἱ
1899 1262 2024 1315 ἄκροι,
2049 1264 2069 1300 3
2091 1271 2129 1301 et
2155 1264 2217 1312 6).
2238 1261 2387 1308 Quodsi

255 1314 296 1353 τὸ
315 1318 448 1368 πρῶτον
469 1317 564 1361 εὐθὺς
587 1318 792 1370 τριπλάσιον
811 1332 832 1356 a
848 1319 961 1356 nobis
985 1318 1161 1356 restituta
1186 1327 1289 1358 sunt.
1351 1322 1479 1359 minus
1501 1323 1748 1359 intervallum
1779 1323 1951 1360 dicamus
1970 1322 1994 1360 d
2008 1350 2021 1370 ‚
2045 1320 2242 1372 majus-D
2265 1335 2274 1358 :
2297 1333 2386 1372 pro-

256 1373 350 1411 Nam
370 1388 442 1426 pro
459 1376 686 1425 μεταστάσεις
707 1378 825 1425 vulgo
846 1377 986 1426 legitur
1000 1374 1197 1426 μεταστὰς,
1218 1390 1291 1425 pro
1352 1380 1481 1430 portio
1501 1379 1581 1417 haec
1600 1380 1772 1419 exsistit:

257 1430 351 1476 εὐθὺς
369 1441 492 1471 autem
516 1434 670 1472 fuerunt
689 1435 756 1484 qui
776 1428 869 1477 αὖθις
890 1434 1039 1471 exarari
1060 1435 1218 1472 vellent.
1243 1435 1293 1472 At
1672 1452 1690 1481 3
1718 1456 1728 1484 2
1756 1454 1775 1482 6
1900 1462 1940 1478 =
2111 1455 2122 1484 ε
2147 1450 2177 1482 D

255 1491 435 1540 quoniam
458 1505 518 1531 res
536 1506 614 1530 non
633 1493 725 1530 satis
743 1501 833 1530 nota
853 1502 923 1540 est,
948 1502 1138 1544 receptam
1158 1494 1291 1532 lectio·
1597 1516 1656 1540 seu
1903 1523 1944 1535 =
1964 1510 1985 1541 4
2007 1525 2047 1532 —
2069 1511 2087 1541 3
2113 1514 2123 1543 ς
2151 1512 2170 1540 6
2195 1525 2231 1531 —
2252 1509 2272 1540 4

1902 1580 1944 1596 =
1968 1570 1985 1599 ¹
2012 1578 2020 1586 ο
2045 1577 2053 1586 ο
2079 1578 2087 1586 ³
2112 1574 2124 1601 ἒ
2149 1571 2191 1600 2⁰
2218 1576 2225 1584 ε

255 1607 459 1645 Plutarcho
475 1618 629 1646 servata
650 1609 698 1646 ad
718 1623 805 1647 eum
827 1609 997 1647 Platonis
1020 1610 1147 1648 locum
1169 1612 1292 1650 reser-
1480 1625 1532 1658 ve}
1552 1625 1650 1658 etjam
1674 1629 1691 1658 3
1718 1632 1728 1660 :
1756 1625 1779 1658 <1
1902 1640 1943 1653 =
1965 1630 1984 1658 6
2113 1631 2124 1660 g
2150 1627 2179 1658 D

255 1675 330 1714 tur,
353 1680 430 1717 quo
451 1667 654 1705 varietates
687 1668 727 1705 iu
767 1667 896 1704 anima
931 1668 1065 1706 mundi
1100 1669 1291 1708 notabiles
1585 1685 1653 1717 sive
1676 1688 1694 1717 3
1721 1687 1731 1719 ς
1758 1682 1776 1717 ‘4
1794 1683 1840 1707 ’-
1862 1680 1944 1717 ’3”=
1967 1678 2002 1717 6'
2114 1691 2125 1719 2
2152 1687 2172 1716 6
2193 1703 2229 1709 ..
2253 1686 2284 1718 4,

254 1733 291 1761 et
318 1725 485 1763 confusae
508 1738 578 1776 per
608 1726 775 1776 speciem
808 1725 1084 1776 descriptionis
1113 1740 1293 1766 numero·

254 1795 340 1819 rum
361 1783 634 1833 quadratorum
651 1793 687 1821 et
708 1783 936 1821 cubicorum
954 1792 1289 1835 repraesentantur.

255 1842 351 1878 Sunt
369 1850 493 1879 autem
511 1841 551 1879 hi
572 1842 723 1880 numeri
746 1855 755 1879 ε

423 1913 456 1951 1,
608 1908 642 1944 12
665 1910 733 1944 sive
759 1913 792 1951 1,
943 1914 976 1944 1-
999 1910 1067 1945 sive
1093 1915 1105 1944 1

420 1974 454 2008 2,
605 1966 640 2002 2²
663 1970 732 2002 sive
754 1972 790 2010 4,
938 1965 974 2002 2³
998 1971 1068 2004 sive
1091 1973 1109 2002 8

1352 1743 1486 1793 Itaque
1518 1743 1700 1793 quoniam
1732 1744 2002 1792 quaternarius
2035 1742 2250 1781 ternarium
2277 1742 2391 1781 tertia

1352 1800 1437 1852 ejus
1457 1810 1569 1852 parte
1599 1810 1754 1852 superat
1791 1803 1803 1852 (
1816 1807 1837 1846 4
1859 1818 1911 1835 =
1945 1803 1965 1840 3
1990 1810 2039 1843 -4-
2061 1801 2100 1854 {3}
2128 1809 2167 1839 et
2184 1814 2206 1839 a
2233 1801 2386 1840 senario

1353 1860 1443 1898 item
1466 1860 1580 1897 tertia
1597 1859 1682 1911 ejus
1704 1869 2046 1912 parte-superatur
2065 1861 2114 1912 (6
2140 1877 2193 1894 =
2213 1865 2235 1906 4
2258 1867 2299 1904 -1-
2320 1858 2388 1913 ξ),

1352 1927 1471 1970 patet,
1503 1918 1597 1969 quid
1629 1919 1844 1968 significent
1878 1919 2054 1958 Platonis
2087 1917 2231 1966 verba,
2268 1931 2389 1969 quum

1283 2020 1286 2024 ⁴
1352 1978 1518 2028 primam
1550 1977 1788 2015 medietatem
1814 1978 1865 2028 (4)
1887 1975 2004 2029 ταύτῷ
2022 1973 2128 2028 ’μέρέι
2146 1975 2198 2026 (i.
2220 1988 2254 2014 e.
2274 1975 2388 2014 tertia

422 2030 459 2067 3,
606 2025 642 2061 3‘-‘
666 2028 734 2061 sive
757 2033 792 2069 9,
939 2025 975 2061 3³
998 2029 1067 2062 sive
1090 2031 1127 2062 27
1321 2024 1327 2060 Ῑ
1352 2035 1478 2087 parte)
1498 2037 1567 2073 τῶν
1592 2035 1708 2088 ἄκρων
1730 2036 1774 2086 (6
1796 2045 1834 2074 et
1858 2034 1899 2087 3)
1915 2035 2156 2088 ὑπερέχουσαν
2174 2033 2235 2073 καὶ
2256 2035 2384 2086 ὑπερε-

256 1561 342 1586 nem
374 1558 521 1588 mutare
554 1564 632 1588 non
675 1551 870 1588 audemus.
902 1550 1118 1602 Explicatio
1153 1552 1232 1590 haec
1270 1567 1292 1591 a

256 2105 353 2143 quos
370 2092 425 2131 sic
445 2092 713 2132 ordinabimus
737 2108 745 2131 ι
1322 2061 1327 2111 Ι
1350 2092 1503 2146 χομένην
1525 2094 1633 2133 dicit.
1666 2095 1793 2145 Atque
1811 2093 2035 2145 hujusmodi
2062 2094 2284 2132 medietates
2303 2093 2389 2144 plu·

564 2166 598 2204 1,
622 2168 657 2204 2,
682 2166 718 2204 3,
742 2166 778 2203 4,
803 2166 838 2203 8,
863 2166 899 2204 9,
924 2167 976 2203 27,
1351 2166 1413 2191 res
1426 2155 1526 2191 inter
1537 2167 1716 2191 numeros
1735 2153 1953 2191 Platonicos
1971 2154 2166 2204 interponi
2189 2161 2406 2204 poterant,

1351 2211 1542 2262 siquidem
1571 2221 1614 2250 ut
1644 2225 1828 2250 numerus
1861 2213 1884 2250 8
1916 2211 2084 2249 medium
2117 2210 2302 2262 quiddam
2329 2219 2387 2249 est

1351 2270 1451 2308 inter
1467 2272 1490 2308 6
1505 2279 1543 2309 et
1567 2285 1611 2308 12
1628 2284 1638 2321 3
1657 2271 1710 2309 ita
1725 2285 1770 2308 12
1791 2271 1892 2309 inter
1910 2284 1933 2320 9
1951 2278 1988 2308 et
2007 2270 2052 2307 18
2070 2269 2238 2308 medium
2262 2269 2387 2308 inter-

1350 2327 1517 2379 jectum,
1546 2338 1584 2367 et
1607 2331 1652 2366 16
1680 2329 1780 2368 inter
1816 2339 1919 2367 12>et
1940 2334 1987 2372 24
2009 2328 2177 2366 medium
2207 2340 2291 2366 esse
2317 2340 2386 2379 ap-

1352 2396 1472 2438 paret.
1514 2387 1642 2433 Quum
1682 2401 1776 2438 ergo
1811 2388 1895 2426 talis
1925 2388 2131 2439 proportio
2167 2388 2388 2426 harmonica

1351 2447 1630 2496 nominaretur,
1653 2446 1815 2484 alterum
1845 2458 1964 2495 genus
1982 2445 2203 2492 vocabatur,
2224 2453 2266 2482 ut
2284 2458 2387 2483 nunc

1352 2519 1506 2557 quoque
1533 2514 1692 2544 vocatur
1721 2506 2004 2543 arithmeticum
2017 2535 2028 2556 ‚
2051 2505 2124 2543 hoc
2143 2504 2229 2543 dico
2241 2530 2254 2552 ,

255 2229 371 2279 idque
387 2229 493 2268 Plato
512 2230 574 2268 his
589 2229 722 2268 verbis
742 2231 934 2281 expressit
953 2230 1076 2281 (Tim.
1103 2244 1142 2281 p.
1166 2231 1231 2270 35.
1249 2231 1291 2268 Β.

256 2286 305 2326 cf.
317 2287 419 2328 Phil.
436 2288 504 2325 Gr.
516 2287 667 2338 Fragm.
684 2288 759 2326 vol.
771 2289 819 2335 ll,
831 2301 916 2339 pag.
932 2289 1004 2326 163
1021 2286 1152 2339 ;)μίαν
1167 2286 1292 2338 ἀφεῖλε

257 2344 296 2383 τὸ
319 2348 453 2397 πρῶτον
488 2346 556 2384 ἀπὸ
584 2346 712 2389 παντὸς
741 2351 864 2398 μοῖραν
883 2347 951 2398 (1),
974 2345 1063 2397 μετὰ
1096 2345 1131 2383 δὲ
1161 2344 1291 2391 ταύτην

258 2403 382 2455 ἀφῄρει
402 2404 588 2443 διπλασίαν
608 2405 736 2452 ταύτης
760 2404 828 2458 (2),
844 2403 909 2451 τὴν
930 2406 959 2442 δ’
981 2398 1025 2442 αὖ
1046 2403 1166 2456 τρίτην
1180 2406 1290 2454 ἡμιο-

257 2462 334 2498 λίαν
366 2460 426 2511 μὲν
454 2465 515 2508 τ’ἧς
541 2462 722 2514 δευτέρας,
755 2463 964 2515 τριπλασίαν
999 2461 1035 2501 δὲ
1061 2465 1121 2508 τῆς
1151 2461 1292 2513 πρώτης

261 2518 411 2571 (1·ὲ><
435 2534 528 2557 2==
550 2523 570 2559 3
597 2528 643 2564 ><
667 2536 681 2558 1
705 2539 756 2555 ==
778 2521 851 2573 3),
876 2521 1045 2574 τετάρτην
1077 2521 1113 2559 δὲ
1134 2523 1195 2567 τῆς
1215 2520 1324 2573 §eug

262 2577 362 2629 τέρας
392 2578 516 2624 διπλῆν
543 2581 595 2629 (2
612 2586 658 2621 ><
681 2593 702 2616 2
723 2597 775 2612 =
802 2578 862 2631 4),
891 2579 1056 2629 πέμπτην
1078 2578 1114 2617 δὲ
1135 2580 1286 2631 τριπλῆν
1320 2574 1325 2644 ἰ
1711 2578 1730 2608 4
1755 2581 1767 2610 ἶ
1794 2579 1813 2608 5
1835 2588 1876 2604 =
1898 2580 1916 2609 5
1943 2582 1953 2611 ἶ
1980 2580 2017 2616 6,

258 2637 319 2681 τ’ἦς
339 2635 454 2687 τρίτης
481 2637 528 2687 (3
552 2643 598 2679 ><
624 2638 644 2673 3
666 2653 716 2672 =
738 2637 804 2689 9),
825 2637 887 2684 τὴν
906 2639 935 2676 δ’
956 2638 1058 2686 ἕκτην
1075 2641 1137 2685 τῆς
1151 2636 1292 2689 πρώτης
1320 2646 1325 2685 ξ
1349 2637 1390 2676 ix:
1409 2649 1488 2686 quo
1508 2635 1711 2687 quinarius
1743 2649 1823 2674 non
1844 2634 1977 2674 eadem
2007 2644 2120 2686 parte
2149 2633 2217 2674 sed
2250 2633 2386 2674 eodem

259 2694 497 2733 ὀκταπλασίαν
531 2695 579 2745 (8
606 2702 653 2737 ><
677 2694 736 2747 ι),
758 2695 909 2745 ἑὸδόμην
935 2696 971 2734 δὲ
992 2697 1285 2735 ἑπτακαιεικοσα-
1319 2711 1324 2725 v
1350 2709 1500 2733 numero
1520 2696 1571 2748 (ι)
1587 2704 1744 2746 superat
1763 2696 2055 2746 quaternarium
2081 2703 2118 2733 et
2136 2703 2340 2746 superatur
2364 2708 2387 2733 a

257 2751 408 2790 πλασίαν
429 2756 489 2799 τ’ἧς
511 2751 652 2803 πρώτης
682 2756 694 2800 (
713 2768 759 2801 27
792 2762 838 2797 ><
864 2756 923 2804 1).
954 2756 1010 2793 De
1038 2768 1291 2794 numerorum
1319 2728 1324 2818 3
1350 2754 1515 2793 senario.
1535 2754 1628 2793 Vide
1647 2754 1830 2792 Proclum
1845 2754 1887 2792 in
1901 2754 2003 2794 Tim.
2026 2768 2065 2806 p.
2089 2754 2178 2804 193.
2195 2753 2386 2799 Quocirca

258 2810 299 2847 vi
331 2818 368 2847 et
397 2818 582 2860 potestate
612 2811 736 2860 longae
763 2821 852 2850 sunt
878 2813 1028 2861 Procli,
1056 2813 1289 2860 Jamblichi',
1319 2821 1323 2843 ¹
1349 2813 1457 2851 Plato
1472 2813 1632 2851 alteram
1655 2813 1892 2851 medietatem
1909 2813 1963 2851 ait
1981 2812 2047 2865 ἴσῳ
2063 2812 2124 2862 μὲν
2145 2810 2223 2851 κατ’
2242 2811 2387 2865 ἀριθμὸν

259 2868 471 2919 Porphyrii
499 2869 740 2919 aliorumque
772 2872 1132 2919 commentationes,
1162 2886 1183 2910 e
1203 2873 1291 2923 qui·
1318 2844 1323 2937 3
1349 2870 1604 2923 ὑπερέχουσαν,
1624 2870 1690 2924 ἴσῳ
1710 2870 1746 2909 δὲ
1769 2870 2043 2924 ὑπερεχομένην.
2064 2870 2150 2909 Jam
2167 2870 2384 2919 videamus,

258 2925 331 2963 bus
358 2935 482 2964 tamen
508 2927 606 2964 nihil
637 2927 892 2978 excerpimus,
924 2930 1139 2978 praesertim
1170 2944 1289 2981 quum
1319 2941 1323 2986 Ι
1348 2930 1492 2981 quibus
1510 2930 1750 2980 argumentis
1780 2929 2009 2969 Theodorus
2040 2938 2082 2968 et
2113 2930 2281 2968 Crantor
2303 2928 2386 2968 haec

259 2984 306 3021 ad
321 2983 473 3022 abditos
488 2985 659 3023 Platonis
678 2998 810 3024 sensus
822 2987 1011 3025 eruendos
1031 3002 1109 3026 non
1120 2989 1286 3030 valeant.
1319 2987 1323 3045 ξ
1349 2989 1487 3027 docere
1506 2990 1635 3028 conati
1655 2990 1745 3028 sint.
1765 2988 1891 3034 Quum
1906 2989 1972 3027 alii
2001 2988 2096 3027 duas
2112 2988 2234 3026 lineas
2252 2987 2386 3027 duxis-

258 3043 552 3082 VideProclum
580 3043 628 3081 ad
646 3043 747 3082 Tim.
768 3058 804 3095 p.
825 3047 900 3082 206
932 3059 1038 3096 seqq.
1072 3045 1084 3099 f
1098 3047 1184 3098 pag.
1212 3053 1289 3098 494
1319 3059 1323 3110 ἰ
1351 3057 1460 3095 sent,
1490 3061 1656 3097 quarum
1677 3048 1833 3086 alteram
1856 3045 2051 3088 διπλασίοις
2069 3045 2261 3099 (numeris
2279 3059 2302 3084 a
2325 3045 2385 3084 bi-

259 3114 365 3152 seqq.
399 3102 445 3140 ed
475 3100 726 3156 Schneider.]
759 3103 898 3141 Paucis
922 3104 1042 3153 igitur
1074 3119 1153 3143 rem
1175 3119 1293 3158 expo·
1320 3115 1324 3165 Ῑ
1349 3107 1458 3145 nario
1478 3107 1687 3154 derivatis,
1718 3119 1757 3154 2,
1788 3111 1827 3152 4,
1859 3106 1904 3156 8)
1941 3105 2236 3156 compleverunt
2259 3103 2313 3154 [i.
2345 3117 2381 3143 e.

260 3172 407 3199 nemus.
425 3158 583 3198 Numeri
609 3174 643 3208 ι,
669 3174 707 3207 2,
729 3161 767 3207 3,
799 3165 836 3208 4,
858 3162 897 3207 8,
922 3175 961 3210 9,
986 3174 1033 3209 27
1056 3176 1077 3200 a
1098 3164 1292 3214 Pythago*-
1320 3168 1325 3218 ζ
1351 3166 1568 3205 diviserunt
1590 3166 1630 3203 in
1659 3165 1770 3215 duaS,
1796 3173 1977 3214 quatuor,
1996 3172 2082 3202 octo
2105 3161 2273 3215 partes]‚
2290 3162 2382 3200 alte·

260 3217 334 3254 reis
364 3217 528 3255 aliorum
559 3231 808 3255 numerorum
846 3232 918 3269 ope
953 3222 1290 3264 connectebantur.
1320 3219 1324 3265 l
1351 3237 1433 3261 ram
1469 3223 1682 3276 τριπλασίοις
1713 3225 1777 3276 (3,
1809 3237 1848 3273 9,
1872 3237 1935 3270 27,
1971 3222 2082 3273 aliis)
2114 3234 2123 3259 ε
2156 3220 2189 3258 T
2193 3220 2385 3260 heodorus

259 3275 344 3319 Quo
363 3275 404 3313 in
424 3288 561 3324 genere
582 3276 676 3314 tales
707 3277 858 3314 numeri
879 3278 959 3315 illis
987 3279 1202 3328 placebant,
1223 3284 1291 3331 qui
1320 3289 1324 3342 Ι
1350 3296 1426 3320 una
1439 3284 1647 3334 eademque
1665 3284 1767 3321 linea
1783 3283 1977 3324 διπλασίοις
1993 3290 2030 3319 et
2044 3279 2261 3332 τριπλασίοις
2280 3293 2384 3319 com-

261 3332 411 3371 duobus
449 3334 621 3372 numeris
666 3334 889 3386 interpositi
934 3339 1121 3375 minorem
1156 3339 1288 3377 eodem
1320 3344 1324 3386 ί
1350 3342 1454 3392 pleta
1473 3341 1765 3387 demonstravit,
1793 3339 2182 3391 quomodo'numeris
2215 3338 2384 3377 Platoni-

261 3390 376 3430 modo
400 3402 638 3444 superarent,
660 3407 737 3444 quo
770 3407 791 3432 a
813 3394 959 3445 majore
992 3406 1289 3448 superarentur,
1320 3387 1324 3461 3
1350 3400 1405 3438 cis
1437 3401 1638 3451 permixtis
1676 3409 1813 3451 sponte
1859 3407 2107 3440 nascerentur
2144 3397 2383 3438 medietates.

261 3450 391 3500 quales
411 3450 557 3490 idcirco
577 3451 796 3491 medietates
819 3453 1046 3507 (μεσότητες)
1070 3455 1203 3494 vocari
1226 3470 1287 3495 so·
1320 3468 1325 3481 ·
1352 3459 1496 3510 Πρῶτον
1532 3458 1595 3511 μὲν
1629 3458 1867 3512 ἰσχυρίζεται,
1906 3457 2037 3509 inquit
2066 3456 2297 3495 Plutarchus
2327 3451 2384 3497 «τῆ

2486 358 2507 430 3.
