2528 3788
243 250 321 287 154
1203 247 1419 289 NUMENII

239 337 370 387 μᾶλλον
386 335 455 375 ὅσοι
477 335 592 374 πλεῖον
611 333 667 371 ἐπὶ
693 334 732 372 τὸ
750 338 906 385 τεχνικὸν
923 335 1089 387 ὤφθησαν
1106 335 1271 388 μικρολό-
1301 345 1305 357 ’
1331 328 1478 386 ἐάσομεν
1516 334 1617 379 αὐτὸν
1648 335 1701 388 ἐφ’
1738 336 1861 373 ἑαυτοῦ
1894 337 1955 372 νῦν
1989 329 2076 374 εἶναι
2113 338 2362 391 Πυθαγόρειον.

238 411 304 447 γοι.
324 394 431 434 Αὐτοὶ
455 394 514 447 γὰρ
523 388 616 432 οὗτοι
630 392 706 436 τοὺς
716 394 852 445 ἑτέρους
863 392 1216 446 ὓπερὸαλλόμενοιτῇ
1233 410 1270 432 τε
1298 365 1302 410 Ι
1331 392 1394 438 εΩς
1411 397 1470 433 νῦν
1490 392 1745 445 μανικώτερον,
1765 391 1787 439 ἢ
1804 394 1932 432 Πενθεῖ
1948 408 2016 432 τινι
2031 397 2210 447 προσῆκε,
2228 394 2361 436 διελκό-

238 452 554 506 πολυπραγμοσύνῃ
570 453 639 495 τοῖς
652 466 689 490 τε
697 453 943 505 σκαριφισμοῒς
951 458 978 500 0,
994 452 1169 503 ἐπετίμων
1189 457 1270 492 θᾶτ-
1330 467 1429 503 μενος
1444 453 1574 504 πάσχει
1597 451 1660 503 μὲν
1678 450 1768 490 κατὰ
1791 450 1903 502 μέλη,
1926 450 2013 496 ὅλως
2029 451 2060 490 δ’
2079 452 2114 498 ἐξ
2134 452 2215 493 ὅλου
2237 456 2362 493 ἑαυτοῦ

238 528 307 551 τον.
329 511 424 551 Πολὺ
434 510 552 560 μέντοι
568 510 698 549 τούτων
708 511 876 564 πρότερον
891 509 1004 549 ταύτὰ
1015 510 1140 551 ἔπαθον
1160 512 1268 550 οἱάπὸ
1330 510 1549 561 μετατίθεταί
1578 526 1620 549 τε.
1649 509 1708 548 καὶ
1735 508 2039 560 ἀντιμετατίθεται
2071 511 2246 562 οὐδαμῶς.
2301 512 2364 556 Ὡς

238 571 456 622 Σωκράτους,
473 569 727 622 ἀφελκύσαντες
747 569 929 622 διαφόρους
948 569 1026 613 τοὺς
1043 569 1176 620 λόγους·
1198 570 1269 623 ἰδίᾳ
1328 566 1386 608 οὖν
1417 569 1503 622 ἀνὴρ
1525 567 1678 615 μεσεύων
1717 567 1923 620 Πυθαγόρου
1957 567 2016 606 καὶ
2041 569 2273 622 Σωκράτους,
2300 574 2363 610 τοῦ

236 629 297 679 μὲν
311 629 542 681 Ἀρίστιππος,
558 628 629 683 ἰδίᾳ
649 629 685 667 δὲ
696 629 923 676 Ἀντισθένης·
945 628 1005 666 καὶ
1023 630 1179 681 ἀλλαχοῦ
1192 630 1268 682 ἰδίᾳ

235 690 265 725 οἱ
287 688 479 739 Μεγαρικοί
497 703 535 726 τε
555 687 614 726 καὶ
631 685 926 740 Ἐρετρικοί,ἢεῖ
946 702 1035 730 τινες
1055 686 1155 725 ἄλλοι
1178 688 1268 737 μετὰ
1329 686 1364 724 δὲ
1386 685 1425 724 τὸ
1444 684 1578 737 κομψὸν
1609 687 1712 722 τοῦτο
1743 683 1804 722 καὶ
1837 686 2050 735 παιγνιῆμον
2079 683 2266 740 ἀναγαγὼν
2293 685 2364 725 ἀπὸ

234 745 377 784 τούτων.
396 745 513 785 Αἴτιον
526 746 578 797 δέ,
594 746 646 785 ὅτι
658 751 748 798 τρεῖς
765 744 861 790 θεοὺς
874 745 1052 796 τιθεμένου
1062 745 1269 798 Σωκράτους
1327 746 1388 791 τῆς
1421 741 1595 795 εἷρωνείας
1630 742 1677 785 εἷς
1697 740 1835 793 ἀξίωμα
1860 742 1920 780 καὶ
1937 741 2051 794 ὄγκον,
2071 743 2132 782 καὶ
2159 745 2244 784 αὗτὸ
2260 747 2363 785 τοῦτο

234 803 293 843 καὶ
315 806 578 858 φιλοσοφοῦντος
599 806 712 848 αὐτοῖς
734 807 768 843 ἐν
785 806 854 849 τοῖς
874 804 1108 858 προσήκουσιν
1132 804 1268 859 ἑκάστῳ
1328 800 1474 853 κεράσας
1505 799 1686 852 Σωκράτει
1709 799 1943 853 Πυθαγόραν,
1968 805 2028 840 τοῦ
2049 801 2111 852 μὲν
2132 801 2364 854 δημοτικώτε-

234 865 385 917 ῥυθμοῒς,
403 865 434 902 οἱ
457 862 700 908 διακούσαντες
715 868 816 902 τοῦτο
838 863 899 914 μὲν
920 863 1064 915 ἠγνόουν
1078 893 1087 911 ,
1103 861 1212 917 ᾤοντο
1232 865 1267 903 δὲ
1331 875 1400 911 ρος,
1418 862 1477 897 τοῦ
1493 858 1529 897 δὲ
1548 859 1751 911 σεμνότερος
1777 857 1892 912 ὤφθη.
1951 859 2043 899 Ἀλλ’
2057 861 2096 900 οὔ
2114 861 2184 914 γάρ
2204 877 2239 901 τι
2252 864 2363 900 ταῦτα

233 923 344 973 λέγειν
364 921 479 960 πάντα
502 922 602 960 αὐτὸν
626 925 723 974 εἰκῇ,
746 921 806 960 καὶ
827 922 896 961 ἀπὸ
919 925 981 969 τ’ἥς
999 921 1150 968 νικώσης
1177 922 1231 962 ἀεὶ
1250 923 1268 947 ‘¹
1328 917 1514 965 δῑαῑῖήσων
1533 911 1659 964 ἦλθον,
1688 916 1738 968 μὴ
1761 917 1840 970 περὶ
1865 917 1997 957 τούτων
2013 917 2119 966 Οὔσης
2137 922 2198 959 νῦν
2221 934 2282 972 μθ*
2301 922 2364 968 τῆς

233 982 434 1033 προστυχῶς
451 979 575 1019 ἄλλοτε
593 980 702 1028 ἄλλης
721 981 829 1033 τύχης
841 1011 851 1031 ,
866 981 957 1025 ὅπως
978 980 1091 1020 πνέοι.
1166 981 1211 1020 Ὁ
1232 982 1268 1020 δὲ
1327 976 1513 1024 ζητήσεως·
1567 973 1610 1014 Ἃ
1629 974 1664 1013 δὲ
1685 974 1938 1028 προῦδέδοκτο,
1959 976 2017 1016 καὶ
2038 971 2111 1029 εἶμι
2126 978 2256 1028 ἐκεῖσε,
2274 977 2300 1026 ἢ
2319 978 2362 1028 δὴ

235 1038 384 1078 Πλάτων
406 1037 670 1091 [Iuda-(optem,
690 1039 790 1092 (ᾔδει
804 1038 841 1078 δὲ
858 1041 917 1080 τὸν
941 1039 1135 1091 Σωκράτην
1157 1042 1268 1091 μηδα.
1327 1036 1470 1088 φροῦδος
1490 1035 1704 1088 ἀναδραμεῖν
1720 1035 1810 1074 δοκῶ
1844 1050 1923 1086 μοι,
1946 1037 1995 1087 μὴ
2015 1037 2076 1076 καί
2107 1052 2172 1076 που
2193 1039 2364 1092 ἀποκρου-

234 1098 334 1146 μόθεν
364 1096 386 1144 ἢ
417 1099 545 1136 ἐκεῖθεν
573 1103 681 1137 ταῦτα
717 1098 775 1137 καὶ
806 1102 950 1138 τοιαῦτα
966 1103 981 1121 ⁶
1009 1100 1116 1138 εἰπεῖν
1137 1114 1174 1137 τε
1208 1100 1266 1138 καὶ
1327 1096 1461 1144 σθῶμεν
1479 1097 1540 1141 τῆς
1562 1094 1641 1132 ὃδθῧ
1661 1096 1724 1140 τῆς
1743 1093 1929 1148 φερούσης.
2001 1095 2211 1147 Πολέμωνος
2232 1095 2269 1136 δῖ
2289 1093 2367 1149 ἔτί·

230 1155 354 1207 γνόντα
373 1155 591 1208 εἷρηκέναι,)
615 1150 682 1194 ὧδε
699 1151 757 1195 οὖν
778 1156 837 1195 καὶ
859 1156 962 1200 αὐτὸς
989 1156 1202 1204 συνεδήσατο
1222 1157 1265 1195 τὰ
1326 1168 1422 1191 νοντο
1442 1153 1612 1206 γνώριμοι
1636 1152 1855 1206 Ἀρκεσίλαος
1887 1153 1948 1192 καὶ
1980 1154 2116 1202 Ζήνων·
2151 1154 2258 1195 πάλιν
2294 1154 2363 1208 γὰρ

232 1214 449 1267 πράγματα,
480 1213 557 1254 οὔτε
586 1215 775 1260 εἰωθότως,
815 1214 893 1253 οὔτε
927 1217 975 1258 εἷς
1009 1215 1047 1253 τὸ
1070 1215 1214 1268 φανερόν
1239 1214 1262 1252 ¹.
1327 1212 1440 1248 αὐτῶν
1476 1212 1722 1262 μνησθήσομαι
1753 1211 1810 1250 ἐπὶ
1839 1210 1946 1251 τέλει.
2016 1211 2166 1260 Ζήνωνα
2201 1211 2264 1263 μὲν
2298 1206 2358 1252 οὖν

231 1271 416 1326 Διαγαγὼν
435 1273 470 1311 δὲ
495 1273 625 1312 ἕκαστα
642 1273 710 1322 ὅπη
733 1273 886 1324 ἐνόμιζεν
900 1303 910 1322 ,
934 1274 1210 1326 ἐπικρυψάμενος
1230 1274 1265 1311 ἐν
1327 1269 1510 1321 μέμνημαι
1532 1269 1639 1309 εἷπὼν
1668 1269 1905 1322 Ξενοκράτει,
1927 1263 2002 1308 εἶτα
2020 1269 2058 1309 δὲ
2080 1269 2267 1321 Πολέμωνι
2289 1283 2364 1321 φοι-

233 1331 327 1384 μέσῳ
349 1336 408 1370 τοῦ
436 1333 523 1379 δῆλα
552 1326 641 1370 εἶναι
670 1331 731 1370 καὶ
764 1331 812 1382 μὴ
857 1332 965 1379 δῆλα,
999 1333 1164 1384 ἀσφαλῶς
1200 1331 1264 1382 μὲν
1324 1330 1453 1378 τ’ἦσαι,
1476 1321 1572 1371 αὖθις
1599 1327 1635 1366 δὲ
1662 1328 1760 1380 παρὰ
1799 1328 1958 1380 Κράτητι
1996 1328 2145 1373 κυνίσαι.
2201 1328 2290 1369 Νυνὶ
2323 1327 2360 1368 δὲ

232 1390 425 1443 ἐγράψατο,
457 1390 557 1434 αὐτὸς
591 1390 627 1429 δὲ
647 1389 760 1428 αἰτίαν
788 1388 946 1442 παρέσχε
970 1393 1032 1437 τῆς
1060 1392 1138 1440 μετ’
1160 1389 1262 1428 αὐτὸν
1325 1388 1420 1438 αὐτῷ
1437 1386 1649 1438 λελογίσθω,
1673 1386 1725 1427 ὅτι
1745 1387 1806 1426 καὶ
1835 1386 2040 1431 Στίλπωνός
2071 1403 2109 1426 τε
2131 1385 2282 1440 μετέσχε
2301 1385 2364 1425 καὶ

230 1448 382 1492 στάσεώς
396 1464 432 1487 τε
453 1448 527 1498 ἅμα
547 1448 606 1487 καὶ
626 1449 763 1495 διολκῆς
783 1450 851 1487 τῶν
872 1447 1054 1499 δογμάτων
1067 1477 1076 1495 ,
1093 1450 1131 1486 οὐ
1153 1448 1265 1501 φθόνῳ
1324 1446 1391 1482 τῶν
1417 1444 1529 1495 λόγων
1547 1447 1614 1484 τῶν
1635 1443 1922 1498 Ἡρακλειτείων.
1993 1445 2097 1485 Ἐπεὶ
2115 1445 2183 1498 γὰρ
2201 1459 2360 1498 συμφοι-

229 1506 314 1556 μέν,
342 1507 420 1545 οὐδέ
435 1521 475 1557 γε
495 1506 645 1558 δυσνοίᾳ·
667 1506 745 1543 ἀλλ’
769 1506 806 1544 οὗ
829 1504 1001 1557 βούλομαι
1029 1504 1087 1542 ἐπὶ
1116 1504 1263 1555 ἀνδράσι
1324 1504 1450 1546 τῶντες
1486 1502 1584 1555 παρὰ
1619 1503 1809 1554 Πολέμωνι
1843 1503 2140 1556 ἐφιλοτιμήθησαν
2173 1502 2361 1555 ἀλλήλοις,

227 1564 471 1617 πρεσὸυτέροις
488 1565 592 1603 εἰπεῖν
608 1563 749 1617 ῥήματα
769 1565 831 1602 οὒκ
852 1563 1034 1614 ἐναίσιμα.
1078 1565 1207 1602 ’Τοῦτο
1228 1563 1263 1602 δὲ
1293 1533 1297 1598 ί
1324 1562 1596 1615 συμπαρέλαὸον
1629 1565 1676 1606 εἷς
1694 1562 1756 1608 τὴν
1788 1561 1872 1614 πρὸς
1905 1562 2076 1610 ἀλλήλους
2106 1562 2240 1616 μάχην,
2259 1565 2278 1603 ὁ
2298 1562 2362 1613 μὲν

229 1623 296 1675 χρὴ
334 1622 507 1674 μαθόντας
535 1626 627 1672 ἡμᾶς
659 1623 853 1672 ἐπενεγκεῖν
889 1623 1002 1661 ἐκεῖσε
1033 1623 1166 1673 μᾶλλον
1199 1622 1262 1670 τὴν
1293 1599 1296 1675 ί
1323 1621 1552 1674 εΗράκλειτον
1573 1621 1633 1659 καὶ
1666 1621 1880 1671 Στίλπωνα,
1911 1619 1987 1672 ἅμα
2009 1621 2070 1660 καὶ
2103 1619 2290 1674 Κράτητα,
2310 1615 2360 1660 ὧν

226 1681 369 1732 γνώμην
384 1712 395 1732 ,
416 1680 472 1719 καὶ
490 1681 606 1734 ὥσπερ
628 1679 661 1726 ἐξ
689 1682 800 1734 ἀρχῆς
830 1680 1071 1730 προύθέμεθα,
1100 1679 1263 1733 χωρίζειν
1293 1677 1297 1706 ¹
1325 1679 1389 1717 [nro
1423 1679 1485 1730 μὲν
1516 1679 1716 1724 Στίλπωνος
1737 1678 1871 1730 ἐγένετο
1897 1678 2082 1732 μαχητής,
2102 1678 2170 1719 ὑπὸ
2188 1679 2225 1719 δὲ
2244 1679 2362 1733 Ἥρα-

228 1739 329 1778 αὒτὸν
350 1738 618 1791 Ἀριστοτέλους
638 1739 697 1777 καὶ
720 1739 901 1785 Ζήνωνος,
922 1738 1013 1777 οὕτω
1041 1739 1100 1777 καὶ
1120 1743 1178 1777 νῦν
1201 1741 1263 1786 τῆς
1323 1737 1458 1776 κλείτου
1492 1737 1681 1790 αὐστηρός,
1704 1737 1866 1782 ’Κυνικὸς
1898 1737 1934 1775 δὲ
1965 1738 2033 1777 ὑπὸ
2066 1738 2264 1789 Κράτητος·
2289 1738 2309 1776 ὁ
2329 1737 2355 1775 δ’

228 1798 460 1848 Ἀκαδημίας,
493 1798 551 1836 ἐὰν
591 1801 609 1836 ὁ
648 1798 720 1841 θεὸς
753 1797 1007 1846 ἀντιλάὸηται,
1043 1797 1260 1850 χωρίζοντες,
1326 1795 1542 1849 Ἀρκεσίλαος
1576 1796 1802 1849 Θεόφραστον
1848 1795 1942 1848 ἴσχει
1975 1795 2035 1834 καὶ
2077 1796 2267 1849 Κράντορα
2302 1794 2362 1839 τὸν

227 1943 298 1975 aliis
315 1942 423 1976 adhuc
441 1943 494 1975 alii
512 1943 630 1976 Stoicae
641 1942 852 1984 philosophiae
868 1942 1081 1975 studiosiores
1095 1944 1168 1974 sint.
1190 1944 1261 1979 Quo
1292 1944 1295 2015 Ι
1322 1941 1413 1975 initio
1434 1941 1636 1983 propositum
1655 1944 1736 1982 erat,
1763 1950 1841 1974 eum
1861 1942 1902 1975 ab
1926 1941 2101 1976 Aristotele
2122 1944 2157 1975 et
2173 1944 2300 1977 zenone
2314 1951 2374 1983 soff

226 2003 257 2034 in
276 2011 391 2043 genere
411 2002 614 2035 molestiores
636 2002 725 2034 fuere
738 2026 746 2041 ,
772 2001 828 2042 qui
851 2001 988 2033 subtiles
1011 2000 1140 2034 dicendi
1155 2000 1261 2033 artifi-
1319 2001 1465 2042 jungere,
1483 2001 1530 2033 sic
1549 2010 1623 2033 eum
1640 2009 1727 2033 nunc
1739 2000 1781 2033 ab
1799 2000 1871 2042 ipsa
1889 2009 2019 2043 quoque
2033 2000 2222 2041 Academia‚'
2239 1998 2269 2038 si
2280 2001 2364 2036 deus

226 2069 280 2093 ces
297 2061 497 2094 videbantur.
542 2061 584 2094 Hi
606 2059 691 2093 enim
707 2062 746 2092 ut
761 2059 951 2093 curiositate
978 2062 1116 2093 caeteros
1145 2069 1182 2092 ac
1202 2059 1262 2092 du·
1322 2059 1423 2099 juvet,
1452 2061 1656 2100 segregantes
1683 2067 1741 2100 per
1760 2067 1796 2091 se
1816 2059 2058 2101 Pythagoreum
2084 2067 2157 2092 esse
2181 2059 2368 2101 patiemur:

224 2121 319 2152 metis
333 2120 400 2152 suis
412 2119 617 2161 superabant,
642 2119 687 2152 ita
700 2118 741 2151 ad
761 2119 1062 2160 reprehendendum
1081 2119 1262 2161 paratiores
1322 2117 1447 2159 Quippe
1464 2116 1616 2149 furiosius
1632 2125 1737 2157 nunc,
1765 2126 1865 2159 quam
1887 2116 2068 2151 Pentheum
2083 2117 2247 2159 quendam
2263 2117 2360 2152 dece-

225 2181 326 2210 erant.
371 2178 465 2216 Quod
482 2177 589 2219 ipsum
616 2179 725 2210 tamen
753 2177 859 2209 multo
886 2179 960 2209 ante
990 2175 1050 2208 hos
1070 2175 1192 2210 accidit
1220 2175 1260 2207 iis
1321 2175 1388 2215 bat,
1403 2175 1579 2208 distractus
1594 2184 1634 2208 ex
1654 2175 1808 2208 membris
1823 2175 1970 2218 laborat,
1984 2175 2043 2209 sed
2060 2175 2192 2209 minime
2209 2175 2257 2209 ita
2269 2177 2363 2210 totus

224 2236 280 2279 qui
295 2245 313 2269 e
335 2236 473 2268 Socratis
491 2235 764 2277 disputationibus
780 2235 926 2268 diversas
940 2236 1094 2267 eruerunt
1107 2234 1259 2274 rationes,
1321 2237 1476 2275 mutatur,
1494 2238 1532 2270 ut
1547 2246 1669 2269 novum
1693 2234 1755 2270 sihi
1772 2237 1935 2278 ingenium
1957 2236 2082 2271 induat.
2150 2237 2214 2272 sed
2231 2237 2360 2280 potius,

225 2294 364 2336 separati
376 2295 547 2337 praeceptis
561 2296 635 2327 tum
651 2293 845 2335 Aristippus,
861 2294 931 2326 tum
949 2293 1169 2333 Antisthenes,
1187 2294 1261 2325 tum
1320 2296 1415 2336 quasi
1429 2296 1556 2330 medius
1567 2296 1654 2329 inter
1667 2295 1884 2338 Pythagoram
1905 2298 1940 2329 et
1958 2295 2126 2330 Socratem
2138 2320 2148 2338 ,
2179 2295 2259 2329 dum
2273 2295 2362 2331 nlius

224 2356 300 2389 alibi
314 2357 347 2388 et
365 2354 518 2395 Megarici
539 2354 572 2387 et
589 2353 736 2394 Eretrici,
754 2355 810 2385 aut
824 2353 851 2385 si
865 2353 920 2394 qui
940 2352 994 2385 alii
1013 2361 1090 2384 cum
1106 2351 1159 2384 his
1185 2360 1261 2384 sen·
1320 2355 1512 2395 gravitatem
1529 2355 1571 2387 ad
1583 2355 1817 2388 humanitatem
1834 2354 1956 2396 flectit,
1968 2354 2067 2396 huius
2094 2354 2309 2389 festivitatem
2323 2356 2360 2389 ct

224 2414 320 2446 tiunt.
391 2414 493 2455 Cujus
509 2412 636 2445 dissidii
655 2421 753 2445 causa
772 2411 845 2444 haec
866 2412 939 2451 suit,
957 2410 1044 2453 quod
1074 2419 1178 2451 quum
1201 2411 1258 2445 So·
1317 2415 1407 2455 jocos
1425 2423 1443 2447 a
1467 2414 1725 2447 dissimulatione
1750 2413 1793 2446 ad
1820 2413 2013 2455 dignitatem
2031 2413 2175 2457 aliquam
2199 2413 2358 2448 severita-

223 2474 328 2504 crates
342 2473 409 2504 tres
425 2472 504 2504 deos
520 2472 691 2510 statueret,
706 2471 805 2512 atque
828 2470 862 2502 in
878 2479 993 2503 eorum
1011 2469 1167 2502 honorem
1192 2469 1260 2500 sin·
1319 2475 1450 2514 temque
1463 2472 1619 2513 traducit,
1635 2472 1781 2514 adeoque
1808 2481 1884 2504 cum
1901 2473 2034 2506 socrate
2049 2472 2156 2514 jungit
2174 2472 2360 2514 miscetque

224 2531 373 2571 gulorum
391 2530 515 2561 naturae
532 2527 759 2560 convenienter
779 2527 1078 2569 philosopharetur,
1093 2527 1260 2559 auditores
1322 2532 1555 2573 pythagoram,
1574 2531 1727 2563 comitate
1746 2530 1895 2571 alterum,
1911 2531 2048 2564 alterum
2066 2530 2225 2573 gravitate
2245 2530 2358 2565 vincit.

225 2598 258 2620 re
279 2597 343 2620 non
363 2588 532 2630 perspecta
561 2586 679 2628 partim
704 2587 826 2619 temere
851 2595 927 2619 eum
956 2586 1074 2627 partim
1100 2586 1258 2625 fortunae,
1319 2590 1489 2622 Enimvero
1507 2589 1577 2621 haec
1601 2587 1746 2629 judicare
1778 2597 1843 2620 non
1871 2590 1923 2621 est
1944 2587 1979 2621 in
2005 2588 2139 2629 animo,
2165 2592 2267 2630 quum
2296 2587 2360 2622 alia

224 2655 298 2688 quae
322 2646 385 2679 alio
411 2648 558 2687 tempore
582 2645 644 2678 alia
673 2647 740 2685 est,
763 2647 861 2694 prout
876 2645 1024 2686 vicisset,
1050 2645 1130 2678 ssatu
1162 2654 1259 2677 usum
1319 2650 1411 2683 nobis
1426 2650 1565 2691 quaestio
1582 2649 1644 2682 hoc
1661 2651 1808 2690 tempore
1835 2649 2003 2690 proposita
2029 2648 2090 2685 sit,
2142 2640 2362 2686 Quamobrem

223 2706 330 2738 omnia
348 2705 497 2747 proloqui
518 2705 756 2737 existimabant.
814 2706 855 2736 At
877 2705 970 2736 Plato
994 2707 1031 2737 ut
1064 2704 1260 2746 Pythagorae
1320 2709 1361 2740 ad
1378 2708 1542 2749 inceptum
1566 2707 1674 2746 redeo,
1693 2715 1731 2739 ac
1748 2713 1791 2740 ne
1821 2705 1951 2746 longius
1976 2706 2129 2739 aberrare
2149 2714 2170 2738 a
2194 2706 2362 2747 proposito

225 2765 404 2797 assectator
422 2765 506 2802 erat,
534 2763 580 2795 sic
604 2764 768 2796 Socratem
789 2763 912 2795 sciebat
928 2773 992 2795 non
1014 2763 1145 2797 aliunde
1160 2773 1260 2805 quam
1320 2768 1443 2808 videar,
1458 2766 1535 2798 illuc
1549 2775 1634 2799 nunc
1653 2767 1811 2808 revertor.
1859 2764 2042 2798 Polemonis
2056 2763 2208 2806 discipuli
2225 2764 2359 2797 Arcesi-

223 2832 264 2856 ex
282 2822 482 2864 Pythagoreo
498 2822 552 2854 illo
569 2821 657 2854 fonte
678 2821 796 2854 hausta
816 2821 888 2854 haec
904 2831 942 2854 ac
960 2822 1036 2854 talia
1051 2822 1158 2855 dicere
1175 2823 1255 2855 soli·
1320 2827 1366 2858 las
1383 2826 1416 2858 et
1428 2828 1514 2858 zeno
1531 2825 1684 2858 fuerunt:
1700 2832 1814 2856 rursus
1832 2823 1918 2856 enim
1939 2832 1994 2856 eos
2011 2823 2054 2855 ad
2067 2822 2251 2855 extremum
2269 2829 2361 2854 mm-

224 2883 295 2914 tum
317 2882 350 2914 et
368 2880 525 2913 scientem
546 2879 807 2922 prudentemque
824 2889 861 2912 ea
873 2881 1018 2913 locutum
1042 2890 1124 2914 esse.
1165 2884 1252 2919 Quo·
1319 2883 1516 2916 memorabo.
1561 2884 1684 2924 Nempe
1705 2882 1813 2914 dicere
1842 2890 1894 2914 me
1925 2882 1994 2923 jam
2021 2880 2173 2920 memini,
2198 2881 2362 2914 Zenonem

223 2942 307 2973 circa
324 2947 395 2974 rem
410 2942 514 2973 totam
526 2939 572 2972 ita
590 2939 660 2981 ipse
675 2948 807 2981 quoque
821 2940 994 2980 convolvit,
1010 2942 1047 2973 ut
1066 2950 1126 2974 nec
1140 2941 1260 2974 usitate
1322 2942 1510 2976 xenocratis
1528 2942 1680 2983 primum,
1696 2941 1814 2973 deinde
1833 2940 2016 2972 Polemonis
2039 2939 2222 2972 auditorem
2239 2937 2359 2978 fuisse,
2421 2941 2425 2945 '

224 3007 282 3031 nec
297 2997 464 3040 perspicue
481 2997 684 3038 loqueretur.
741 2999 783 3030 At
796 2997 928 3039 singulis
940 2999 1098 3031 arbitratu
1122 3009 1181 3032 suo
1194 3009 1261 3033 non
1320 3005 1387 3035 tum
1416 3001 1503 3043 apud
1533 3000 1697 3034 Gratetem
1732 2999 1882 3040 Cynicam
1910 3000 2035 3030 sectam
2059 2996 2256 3039 professum-
2278 3003 2360 3028 esse.

223 3058 290 3089 tam
306 3055 471 3098 Olp‘ficafis
487 3065 581 3097 (luam
610 3056 804 3096 obscuratis,
819 3059 857 3088 ut
870 3057 1017 3097 quaedam
1041 3058 1258 3099 intelligerem
1319 3065 1345 3095 N
1349 3071 1410 3095 unc
1426 3062 1535 3093 autem
1555 3060 1711 3101 praeterea
1727 3058 1755 3090 ei
1769 3056 1956 3098 imputanda
1970 3057 2021 3088 est
2032 3057 2186 3098 percepta
2201 3054 2361 3097 suiponis

224 3117 290 3155 tur,
309 3112 372 3146 alia
397 3113 508 3155 ignota
531 3115 718 3154 manerent,
750 3116 846 3146 caute
866 3114 998 3155 quidem
1030 3115 1181 3157 scripsit,
1204 3116 1261 3149 sed
1319 3123 1352 3154 et
1370 3120 1554 3153 Heraclitea
1574 3117 1788 3160 philosophia.
1834 3117 1944 3153 Quum
1959 3114 2046 3147 enim
2061 3113 2163 3156 ⁴ambo
2187 3112 2361 3147 Polemoni

222 3177 331 3208 tamen
357 3174 427 3216 ipse
442 3173 540 3215 huius
554 3183 628 3215 quae
652 3176 725 3215 post
742 3183 815 3206 eum
839 3175 950 3206 secuta
972 3176 1022 3206 est
1047 3175 1258 3208 dissensionis
1319 3187 1450 3220 operam
1469 3177 1595 3214 darent,
1610 3175 1696 3216 quod
1722 3176 1837 3207 mutua
1861 3173 2003 3214 quadam
2019 3172 2224 3205 aemulatione
2249 3171 2356 3205 duce-

224 3236 258 3267 ct
273 3234 461 3276 dogmatum
482 3232 703 3265 distractionis
728 3240 860 3264 causam
877 3233 1035 3274 praebuit,
1058 3243 1122 3265 non
1138 3234 1260 3266 invidia
1319 3239 1440 3278 rentur,
1461 3244 1577 3279 pugnae
1598 3234 1703 3267 socios
1717 3233 1778 3265 sibi
1794 3232 2032 3266 arcessiverunt
2048 3230 2259 3272 Heraclitum,
2277 3231 2358 3264 Stil..

225 3298 369 3340 quidem,
383 3299 444 3330 aut
460 3296 698 3330 malevolentia.
741 3296 913 3329 Enimvero
938 3296 1015 3328 nihil
1036 3297 1077 3328 de
1097 3297 1259 3338 antiquio-
1321 3305 1437 3338 ponem
1468 3298 1501 3328 et
1530 3295 1695 3328 Gratetem
1719 3294 1824 3333 Zeno,
1855 3291 1911 3332 qui
1938 3289 2093 3332 stilponis
2122 3289 2358 3324 consuetudine

226 3358 317 3391 ribus
346 3357 427 3394 illis,
458 3355 544 3397 quod
568 3355 676 3388 minus
705 3355 850 3388 faustum
866 3363 963 3388 omen
990 3355 1179 3387 habiturum
1205 3356 1258 3396 sit,
1320 3363 1450 3396 pugnax
1465 3367 1474 3394 ς
1491 3352 1666 3392 Heracliti,
1691 3352 1862 3390 austerus3
1885 3350 2039 3390 Cratetis,
2065 3349 2207 3390 cynicus
2225 3348 2356 3382 evasit}

226 3416 333 3449 dicere
349 3416 461 3449 statui.
505 3417 626 3448 Verum
645 3422 705 3448 nos
718 3414 782 3447 hoc
797 3414 898 3447 semel
914 3413 1042 3455 cognito
1059 3414 1201 3446 animum
1223 3424 1261 3447 eo
1325 3413 1481 3446 Arcesilas
1510 3421 1589 3445 vcro
1606 3410 1870 3453 Theophrastum
1881 3434 1890 3449 ‚
1922 3408 2112 3440 crantorem
2140 3407 2356 3447 Platonicum,

226 3474 335 3516 potius
361 3474 528 3508 intendere
547 3473 720 3515 oportebit,
738 3476 770 3506 ct
796 3471 1069 3513 quemadmodum
1102 3472 1194 3504 nobis
1221 3474 1260 3504 ab
1323 3472 1498 3504 Diodorum
1523 3480 1561 3504 ac
1577 3470 1694 3503 deinde
1712 3468 1913 3511 Pyrrhonem
1936 3466 2079 3500 habuit:
2103 3468 2135 3499 et
2162 3474 2181 3498 a
2202 3466 2356 3499 Crantore

1329 628 1392 679 μὲν
1412 627 1451 666 τὸ
1467 625 1592 676 σεμνὸν
1616 623 1803 677 ὑπαγαγὼν
1825 624 1931 677 μέχρι
1950 628 2009 664 τοῦ
2027 626 2283 680 φιλανθρώπου·
2302 630 2372 669 τοῦ
