2528 3788
22 306 24 382 Ξ
147 335 240 372 *εἰσι
255 329 327 373 τοῖς
346 327 525 380 ἀγαθοῖςε
506 342 552 370 ως
573 325 842 378 μελλήσοντες(
829 326 928 377 υμῶν
949 330 1116 378 κρατεῖν,
1140 323 1203 362 καὶ

22 388 24 398 “
90 404 94 411 ’
115 384 117 386 ’
123 387 286 431 τούτων
315 379 374 426 οὖν
396 385 608 430 ἀκούσαντες
626 387 659 424 οἱ
686 384 865 432 Ἕλληνες
891 382 936 422 τὰ
959 382 1023 434 μὲν
1045 385 1202 436 πρωτεῖα

106 446 200 507 τῇ
213 445 340 503 Ἀρετῇ
362 445 607 496 ἀποδώσουσι,
620 444 665 484 τὰ
680 444 717 484 δὲ
738 445 914 496 δευτερεῖα
933 446 977 496 τῇ
995 442 1141 496 Ὑγεία,
1158 441 1204 481 τὰ

98 525 144 562 ,φ·
144 505 358 561 vai‘twtffi
371 505 520 581 ’,Ἡδονῇ
537 507 736 546 τελευταῖον
749 503 787 543 δὲ
797 501 938 548 τᾶξουσι
953 502 1010 541 τὸν
1025 503 1202 542 Πλουτον.

59 623 64 628 ’
91 657 131 679 .·-
131 626 290 671 &stne
305 654 318 674 ‚
333 640 484 679 στοιχιιν
504 629 577 668 τοῖς
590 620 894 677 ἰιριιειριημένοιςε
911 620 1124 675 φιλοσόφοις.

204 685 374 739 (Sextus
389 682 710 737 Empiricusadv.
726 680 846 721 Math.
857 680 931 721 lib.
953 679 1024 730 XI,
1047 680 1206 730 51-59

32 783 33 790 ,
101 756 200 801 p,
217 757 290 795 7⁰¹
309 757 389 796 seq.
404 743 465 785 ed.
476 741 631 782 Fabric.
646 742 711 794 [p.
725 740 802 779 556
814 738 924 792 seqq.
940 739 1003 780 ed.
1019 739 1183 780 Bekker.
1189 739 1203 790 ]

82 802 194 857 1⁷7.ss
207 812 288 859 quo
300 802 504 843 Crantoris
523 813 642 854 opere
659 799 736 839 hoc
758 799 1018 851 fragmentum
1036 806 1207 837 sumtum

31 895 34 899 .
133 861 479 918 &gignor-amus.
497 861 556 900 De
567 859 738 911 singulis
757 859 855 898 locis
874 871 999 911 pauca
1018 857 1207 897 dicenda¹³

83 919 87 921 ’
141 923 264 976 νεῦρα
281 922 352 962 τῶν
369 916 555 974 πράξεων]
583 918 644 959 Cf.
679 918 940 970 Epicharmus
960 918 1065 970 apud
1095 917 1209 958 Cice-

75 1013 79 1015 -
93 990 115 1039 .ss
157 977 539 1031 ronemndAttie.1,
566 993 642 1031 19:
665 976 830 1060 vfftpsbxoel
851 976 1005 1028 μέμνασ’
1026 976 1206 1018 ἀπιστεῖν·

70 1042 123 1089 ξ’)
156 1041 269 1096 δρθρι
287 1055 401 1081 ταυτα
419 1044 484 1079 τᾶν
504 1053 723 1093 φρενωνμ-
746 1036 1041 1088 ιἰι.ελεόσουσιν]
1073 1037 1130 1078 sic
1160 1037 1213 1076 le-

153 1101 328 1155 gendum
360 1113 449 1140 cum
479 1098 660 1138 Fabricio
695 1107 733 1136 et
761 1097 962 1146 Bekker03
994 1098 1109 1138 codd.
1147 1113 1209 1136 κε-

158 1158 332 1201 λεύουσιν.
353 1157 618 1197 —0nomer.
643 1156 758 1196 lliad.
780 1156 882 1205 XIV,
905 1158 1094 1206 216-217.
1115 1179 1168 1187 —

159 1208 304 1260 Incerti
340 1226 465 1272 poete
495 1229 660 1265 versus,
693 1229 792 1267 quos
826 1216 987 1267 quidam
1030 1216 1210 1268 Euripidi

161 1278 354 1320 tribuunt.
367 1283 448 1309 -θ
475 1276 728 1327 Intelligendi
750 1275 936 1315 videntur
953 1274 1135 1314 Fabricio
1155 1275 1211 1314 dii

163 1337 324 1390 deaeque
348 1335 493 1390 Apollo
550 1335 795 1384 Mercurius,
822 1334 1023 1384 Minerva,
1054 1334 1207 1382 Venus,

163 1395 361 1445 Panacea,
382 1394 530 1447 quibus
549 1408 637 1434 cum
658 1394 794 1446 Hygea
821 1406 1069 1433 communem
1100 1407 1206 1433 aram

162 1456 206 1496 in
227 1456 373 1510 templo
391 1454 560 1507 quodam
577 1455 703 1507 Oropi
722 1454 820 1492 olim
841 1454 983 1502 fuisse,
1014 1457 1210 1493 memoriae

161 1514 342 1568 prodidit
371 1512 585 1553 Pausanias
603 1511 675 1552 lib.
708 1511 743 1560 1,
767 1525 853 1564 cap.
889 1514 952 1559 34.
978 1513 1029 1551 At
1060 1526 1140 1551 non
1163 1514 1210 1552 li-

162 1582 274 1627 quet.
302 1596 356 1604 —
373 1572 388 1597 ¹
404 1571 553 1611 Versus
583 1584 632 1610 ex
653 1571 859 1623 Euripidis
881 1571 915 1609 Τ
917 1572 1058 1624 elepho
1083 1573 1209 1624 petiti.

70 1678 79 1682 ⁷·
159 1632 414 1685 Vide-Eurip.
439 1631 593 1683 Fragm.
624 1645 666 1683 p.
699 1644 775 1682 790
811 1631 875 1670 ed.
913 1631 1095 1683 Wagner.
1129 1639 1212 1664 -ss

10 1687 11 1690 ¹
161 1689 426 1749 προειρημένοις
448 1688 673 1745 φιλοσόφοις]
696 1690 724 1730 i.
747 1703 782 1730 e.
809 1690 1055 1731 Academicis
1074 1701 1113 1731 et
1133 1693 1212 1732 Pe·-

34 1748 36 1754 ‘
161 1752 393 1809 ripateticis.
414 1773 469 1781 —
488 1751 547 1790 Ex
563 1749 640 1789 hoc
661 1750 877 1801 fragmento
890 1751 1026 1802 colligi
1045 1762 1213 1805 oportet,

86 1810 88 1816 '
161 1815 392 1856 crantorem
404 1819 444 1850 et
460 1819 633 1850 veterem
654 1811 871 1850 Academiae
889 1811 1137 1864 disciplinam
1158 1824 1214 1854 te-

78 1862 85 1926 :
104 1876 107 1910 ζ
161 1875 293 1916 unisse
303 1879 349 1911 -et
362 1870 565 1924 sapientiae
584 1879 781 1924 praecepta
803 1871 852 1909 ad
872 1871 964 1910 vitae
984 1886 1096 1911 usum
1114 1888 1213 1912 con—

91 1952 97 1977 5
160 1927 313 1977 tulisse.
335 1931 549 1972 Enimvero
569 1931 743 1980 scimus,
771 1930 821 1970 ab
857 1931 1103 1972 Academicis
1122 1934 1213 1973 vir-

162 2001 283 2036 tutem
316 1990 475 2045 quidem
503 2004 697 2030 summum
722 1990 873 2029 bonum
901 2003 985 2030 esse
1012 1991 1209 2042 habitam,

162 2053 233 2096 sed
248 2062 381 2094 tamen
405 2051 556 2090 idcirco
578 2051 736 2102 reliqua
765 2050 893 2098 bona,
923 2052 1210 2103 valetudinem,

28 2102 32 2111 ¹
163 2113 346 2164 divitias,
388 2111 467 2150 alia
497 2110 546 2150 de
582 2123 748 2150 numero
777 2109 976 2149 bonorum
1013 2125 1093 2151 non
1129 2125 1214 2153 esse

91 2215 93 2217 ,
163 2179 342 2220 exemta,
369 2178 414 2210 ut
441 2183 464 2209 a
489 2169 631 2209 Stoicis
657 2178 796 2222 postea
824 2170 967 2209 factum
1003 2183 1085 2210 esse
1114 2173 1215 2212 inter

10 2219 34 2232 ’
161 2243 295 2272 omnes
311 2237 474 2270 constat.
494 2228 582 2276 Qua
603 2228 652 2267 de
675 2242 720 2268 re
747 2242 837 2268 cum
867 2229 909 2268 in
933 2230 1023 2269 aliis
1040 2234 1215 2284 scriptis

4 2299 12 2310 ·
29 2302 41 2339 '⁷
74 2282 102 2335 [ζ
126 2327 127 2330 ,
162 2291 306 2334 Cicero
323 2288 552 2342 disputavit,
567 2296 648 2327 tum
664 2288 858 2341 praecipue
877 2289 919 2328 in
933 2288 1048 2328 libris
1065 2290 1114 2329 de
1129 2291 1216 2330 fini-

82 2361 102 2401 ,ξ
143 2351 240 2395 ,bus
263 2349 463 2390 bonorum
489 2356 528 2387 et
547 2347 763 2397 malorum,
785 2361 807 2387 e
829 2347 974 2400 quibus
988 2349 1088 2388 duos
1106 2351 1214 2392 locos

75 2445 97 2455 ,,
161 2420 375 2462 “comere
393 2406 522 2459 juvat.
542 2407 667 2448 Acad.
692 2416 798 2460 post.
819 2407 854 2456 l,
879 2408 900 2446 5
928 2422 937 2446 :
969 2426 984 2443 ιι
1013 2408 1104 2449 Fuit
1120 2423 1214 2462 ergo

42 2485 47 2492 ’
89 2470 91 2474 ”
158 2469 243 2525 iam
261 2475 420 2520 accepta
441 2480 465 2507 a
496 2466 660 2506 Platone
693 2467 998 2519 philosophandi
1029 2469 1127 2508 ratio
1151 2472 1218 2510 tri-

23 2536 26 2537 ’
58 2523 59 2526 “
91 2553 93 2573 ;
158 2529 257 2584 ¹plez
273 2541 285 2578 ς
302 2540 382 2568 una
396 2527 446 2566 de
463 2526 546 2566 vita
563 2535 602 2565 et
620 2525 800 2566 moribus
823 2541 833 2564 :
855 2527 990 2574 altera,
1010 2527 1059 2566 de
1078 2538 1217 2569 natura

20 2639 22 2641 Ι
82 2603 87 2631 2
96 2607 101 2642 2,
156 2596 204 2635 „et
220 2589 338 2629 rebus
351 2586 516 2627 occultis
538 2598 548 2625 τ
570 2585 688 2624 tertia
701 2614 712 2635 ,
728 2586 777 2624 de
790 2585 1020 2625 disserendo
1034 2619 1045 2639 ,
1064 2597 1103 2626 et
1122 2591 1217 2641 quid

18 2646 41 2678 s}
72 2653 101 2693 ,s
162 2661 315 2698 mum,
351 2645 447 2697 quid
483 2645 645 2693 salsum3
676 2645 770 2696 quid
797 2654 946 2685 rectum
977 2647 1019 2685 in
1042 2650 1219 2687 oratione

33 2704 39 2716 ’
84 2744 85 2747 ,
165 2717 403 2761 pravumve3
443 2704 539 2756 quid
576 2704 818 2743 consentiens
854 2705 922 2754 sit,
962 2706 1056 2758 quid
1097 2721 1217 2760 repu-

25 2776 46 2816 '·.
116 2772 278 2821 affluet,
296 2763 525 2818 judicando.
545 2764 601 2802 Ac
622 2764 791 2816 primam
816 2774 966 2816 partem
987 2765 1091 2804 illam
1118 2766 1218 2805 bene

75 2828 117 2861 2!
165 2824 326 2868 vivendi
364 2837 388 2863 a
425 2833 566 2862 natura
596 2823 779 2876 petebant
795 2852 806 2871 ‚
840 2825 956 2876 eique
999 2826 1215 2878 parendum

42 2920 45 2922 .
90 2879 118 2931 ’ᾗ
146 2891 254 2926 sesse
279 2883 462 2926 dicebant
491 2898 501 2922 ε
527 2896 656 2936 neque
674 2884 758 2923 ulla
785 2884 860 2922 alia
889 2883 932 2923 in
960 2898 1025 2934 re,
1060 2886 1134 2924 nisi
1176 2888 1216 2925 in

86 2942 121 3001 ''ss
169 2953 328 2995 natura,
366 2943 620 2997 quaerendum
658 2957 743 2983 esse
773 2943 874 2983 illud
911 2957 1105 2984 summum
1146 2945 1217 2984 bo-

8 3023 19 3061 ‚⁸
82 2999 139 3066 §.3
171 3004 289 3056 dnm,
314 3017 394 3057 quo
409 3004 540 3043 omnia
558 3004 1216 3056 referrentur3constituebantque,

80 3071 138 3104 -·;
169 3071 383 3104 extremum
420 3076 505 3102 esse
531 3075 661 3103 rerum
689 3063 996 3114 expetendarum
1032 3071 1071 3102 et
1101 3064 1218 3103 finem

15 3155 20 3162 .
168 3120 381 3171 bonorum,
414 3122 596 3174 adeptum
635 3135 720 3161 6556
768 3122 899 3160 omnia
951 3135 973 3160 e
1007 3131 1147 3161 natura
1183 3134 1220 3163 et

15 3201 20 3211 ν
44 3180 111 3207 ⁴·
169 3181 300 3226 “timo
322 3190 361 3221 et
391 3195 558 3234 corpore
583 3191 621 3221 et
650 3182 745 3221 vita.
778 3181 965 3234 Corporis
994 3191 1122 3221 autem
1146 3184 1221 3223 alia

28 3243 31 3245 “
78 3236 127 3278 ’.ἰ
169 3240 367 3295 ponebant
385 3253 470 3280 esse
485 3241 525 3279 in
550 3250 646 3289 toto,
679 3241 756 3279 alia
771 3241 809 3278 in
829 3241 1038 3292 partibus:
1071 3242 1223 3282 valetu-

170 3299 326 3349 dinem,
358 3301 486 3347 vires,
523 3300 885 3350 pulchritudinem,
921 3301 963 3338 in
998 3310 1080 3339 toto
1124 3317 1132 3339 z
1174 3303 1215 3341 in

32 3463 48 3499 ·⁹
170 3446 370 3487 Valetudink
389 3447 502 3481 tertias
525 3447 712 3490 Voluptati,
738 3447 891 3480 ultimam
910 3447 1053 3490 denique
1075 3448 1218 3491 opulen-

56 3502 85 3525 '¹'
101 3539 107 3542 ⁴
146 3527 150 3529 λ
169 3506 252 3542 tiam
270 3507 400 3550 ponent.
426 3507 470 3540 Et
488 3507 628 3541 crantor
646 3515 777 3550 quoque
796 3506 1017 3541 valetudinem
1038 3508 1219 3542 secundum

1069 232 1400 279 FRAGMENTA.

50 590 57 593 .
83 563 232 618 ...Q-Kal
250 564 295 616 δὴ
314 567 334 606 ὁ
349 564 412 618 μὲν
436 565 609 618 Κράντωρ
629 564 692 613 τὴν
722 562 882 616 ὑγείαν’
867 578 903 600 εν
923 560 1072 615 δευτέρα
1094 561 1201 615 μοίρα
1223 588 1229 594 .-

2238 237 2311 276 ¹51

1264 324 1442 376 partibus
1478 333 1629 372 autem,
1668 338 1803 363 sensus
1830 325 2030 375 integros,
2055 333 2093 363 et
2124 334 2319 376 praestan—

1265 384 1360 421 tiam
1382 384 1553 435 aliquam
1578 384 1747 435 partium
1777 384 2028 434 singularum
2051 396 2061 423 t
2082 393 2125 422 ut
2144 384 2184 422 in
2213 384 2320 436 pedi-

1264 442 1339 482 bus
1352 473 1361 490 ,
1387 444 1643 492 celeritatem3
1664 443 1770 492 vim,
1792 444 1835 482 in
1852 443 2060 493 manibus;
2083 443 2314 491 claritatem,

1265 503 1308 541 in
1328 516 1450 552 voce3
1473 503 1513 542 in
1532 503 1666 554 lingua
1685 505 1804 543 etiam
1823 505 2071 557 explanatam
2093 518 2235 543 vocum
2255 517 2321 543 ex-

1266 563 1512 615 pressionem
1538 578 1545 600 :
1567 564 1687 601 animi
1717 572 1870 615 autem,
1899 577 1985 615 quae
2000 572 2130 602 essent
2149 564 2198 602 ad
2217 559 2321 603 coim-

1266 622 1578 675 prehendcndam
1608 623 1777 674 ingeniis
1808 624 1991 662 virtutem
2014 623 2322 676 idonea3eaque

1267 682 1317 721 ab
1338 683 1387 722 iis
1422 684 1459 721 in
1492 692 1671 722 naturam
1699 692 1737 722 et
1762 697 1892 723 mores
1933 683 2222 724 dividebantur.
2250 686 2324 722 Na-

1269 751 1366 780 turae
1386 742 1621 781 celeritatem
1642 742 1690 781 ad
1710 742 1939 781 discendum
1963 751 2001 781 et
2016 742 2244 781 memoriam
2257 743 2322 781 ‹la-

1268 801 1362 840 bant
1384 816 1392 840 :
1416 815 1584 853 quorum
1605 811 1817 854 utrumque
1834 802 1975 841 mentis
1994 810 2094 840 esset
2115 802 2322 854 proprium

1269 870 1307 899 et
1324 861 1483 911 ingenii.
1507 861 1659 899 Morum
1684 869 1812 899 autem
1843 860 2032 912 putabant
2052 861 2182 900 studia
2207 874 2294 902 esse
2310 891 2321 911 ‚

1270 929 1307 958 et
1327 920 1439 972 quasi
1462 920 1785 959 consuetudinem
1808 933 1816 957 :
1840 933 1957 971 quam
1973 920 2115 971 partim
2136 921 2325 959 exercita-

1272 979 1388 1017 tionis
1402 979 1648 1025 assiduitate,
1669 979 1813 1031 partim
1842 978 1995 1017 ratione
2015 978 2256 1028 formabant3
2283 979 2325 1017 in

1271 1037 1417 1089 quibus
1442 1046 1525 1076 erat
1552 1036 1803 1089 philosophia
1839 1036 1936 1088 ipsa.
1961 1036 2007 1075 In
2029 1049 2107 1087 qua
2124 1037 2231 1088 quod
2258 1038 2323 1076 in-

1271 1097 1451 1137 choatum
1469 1105 1548 1146 est,
1571 1109 1698 1148 neque
1715 1095 1952 1143 absolutum,
1975 1096 2199 1148 progressio
2223 1109 2327 1148 quae-

1271 1156 1360 1195 dam
1375 1157 1422 1195 ad
1442 1156 1627 1194 virtutem
1658 1155 1879 1207 appellatur
1899 1170 1907 1193 :
1930 1155 2036 1207 quod
2068 1164 2198 1193 autem
2217 1155 2328 1194 abso-

1271 1217 1419 1265 lutum,
1455 1216 1498 1255 id
1517 1225 1597 1264 est,
1618 1216 1760 1262 virtus,
1794 1215 1908 1266 quasi
1935 1214 2125 1267 perfectio
2158 1223 2327 1265 natnrae‚

1271 1277 1527 1328 omniumque
1543 1289 1696 1323 rerum,
1718 1288 1816 1326 quas
1839 1276 1880 1313 in
1902 1275 2044 1314 animis
2064 1284 2233 1327 ponunt,
2250 1289 2330 1315 una

1273 1349 1336 1376 res
1354 1336 1518 1389 optima.
1550 1335 1654 1386 Ergo
1693 1335 1775 1374 haec
1798 1335 2037 1375 animorum.
2073 1334 2170 1374 Vitae
2197 1344 2327 1375 autem

1277 1395 1343 1450 (id
1360 1405 1445 1436 erat
1469 1397 1575 1435 enim
1596 1395 1779 1447 tertium)
1801 1394 1987 1447 adjuncta
2012 1409 2098 1435 esse
2117 1395 2328 1448 dicebant,

1273 1469 1361 1508 quae
1378 1455 1425 1494 ad
1440 1456 1602 1495 virtutis
1627 1469 1744 1495 usum
1764 1456 1954 1496 valerent.
1974 1455 2070 1494 Nam
2096 1456 2226 1496 virtus
2246 1470 2329 1496 cer-

1273 1517 1382 1555 nitur
1394 1516 1436 1555 in
1450 1515 1685 1567 quibusdam
1697 1545 1708 1564 ‚
1729 1529 1817 1567 quae
1837 1529 1916 1554 non
1931 1525 2007 1554 tam
2025 1525 2189 1565 naturae,
2211 1531 2329 1568 quam

1274 1575 1396 1614 beatae
1415 1577 1528 1623 vitae,
1550 1574 1734 1627 adjuncta
1758 1583 1864 1614 sunt.
1895 1575 2104 1614 Hominem
2129 1589 2216 1615 esse
2238 1590 2328 1615 cen-

1273 1635 1431 1683 sebant,
1456 1636 1568 1686 quasi
1593 1643 1744 1687 partem
1774 1636 1973 1687 quandam
1993 1635 2167 1675 civitatis
2182 1644 2220 1674 et
2239 1637 2330 1675 uni-

1272 1694 1377 1733 versi
1394 1695 1551 1745 generis
1569 1694 1752 1742 humani,
1775 1707 1944 1747 eumque
1960 1707 2047 1734 esse
2071 1694 2328 1747 conjunctum

1274 1768 1361 1792 cum
1382 1753 1611 1793 hominibus
1631 1754 1831 1793 communi
1861 1754 2029 1806 quadam
2059 1756 2256 1795 societate.
2279 1756 2332 1795 Ac

1274 1813 1321 1850 de
1332 1826 1484 1851 summo
1499 1813 1658 1864 quidem
1676 1820 1794 1865 atque
1803 1813 1971 1852 naturali
1988 1812 2097 1853 bono
2113 1814 2172 1852 sic
2186 1823 2329 1865 agunt:

1274 1879 1411 1909 caetera
1432 1879 1561 1910 autem
1581 1871 1779 1923 pertinere
1802 1871 1850 1910 ad
1879 1871 1922 1910 id
1947 1881 2087 1924 putant
2111 1881 2179 1911 aut
2213 1872 2329 1912 adau-

1275 1931 1443 1981 gendum
1458 1960 1468 1978 ‚
1490 1939 1556 1969 aut
1582 1931 1794 1981 tuendumt,
1817 1940 1860 1970 ut
1879 1931 2037 1970 divitias
2051 1960 2062 1979 ,
2085 1941 2127 1970 ut
2148 1945 2243 1984 opes
2256 1961 2267 1981 ,
2290 1942 2333 1971 ut

1275 1990 1457 2041 gloriam,
1486 1999 1529 2029 ut
1548 1990 1727 2041 gratiam.
1745 1990 1805 2029 lta
1825 1991 2016 2043 tripartita
2038 1991 2087 2029 ab
2114 1991 2163 2031 iis
2182 1992 2332 2032 induci-

1275 2057 1340 2088 tur
1352 2049 1450 2088 ratio
1468 2048 1683 2090 bonorum.
1705 2067 1722 2084 α
1744 2049 1846 2089 lbid.
1881 2064 1967 2102 cap.
1999 2051 2038 2089 6.
2067 2068 2083 2085 ιι
2105 2050 2244 2090 Omnis
2264 2052 2334 2090 illa

1276 2110 1436 2160 antiqua
1454 2109 1711 2162 philosophia
1731 2109 1854 2148 sensit
1871 2113 1909 2147 in
1925 2124 2002 2148 una
2027 2114 2160 2148 virtute
2163 2117 2333 2162 positam

1276 2183 1355 2207 esse
1369 2171 1521 2208 beatam
1543 2174 1679 2215 vitam‚·
1702 2183 1774 2208 nec
1799 2178 1928 2208 tamen
1947 2168 2212 2208 beatissimam
2227 2201 2238 2220 ,
2254 2172 2331 2211 nisi

1277 2228 1584 2279 adjungerentur
1609 2237 1647 2267 et
1673 2233 1838 2279 corporis
1868 2238 1905 2266 et
1935 2238 2078 2266 coetera
2098 2242 2183 2280 quae
2216 2242 2334 2282 supra

1278 2289 1485 2328 dictasunt
1506 2289 1554 2327 ad
1583 2288 1743 2328 virtutis
1766 2302 1880 2328 usum
1899 2288 2057 2328 idonea.
2092 2305 2109 2323 α
2133 2288 2334 2328 Addamus

1278 2348 1504 2387 Polemonis
1532 2349 1765 2387 sententiam
1780 2377 1791 2396 ,
1820 2362 1900 2400 quo
1925 2357 2086 2387 auctore
2104 2347 2274 2387 Crantor
2293 2349 2334 2387 in

1277 2409 1525 2461 philosophia
1537 2417 1712 2447 versatus
1723 2417 1793 2447 est.
1809 2409 1866 2447 De
1881 2408 1957 2447 hoc
1971 2407 2151 2447 Clemens
2164 2407 2333 2447 Alexan-

1277 2471 1414 2510 drinus
1432 2472 1577 2509 Strom.
1599 2468 1743 2521 V11,p.
1766 2475 1843 2521 419
1859 2471 1878 2508 ὁ
1893 2468 2009 2521 γὰρ’““
1977 2467 2223 2521 ..ιενοκράτους
2241 2468 2333 2522 γνώ-

1280 2545 1380 2583 ριμος
1402 2529 1577 2581 Πολέμων
1593 2528 1754 2581 φαίνεται
1773 2529 1838 2577 τὴν
1866 2528 2090 2580 εὐδαιμονίαν
2117 2527 2333 2581 αὖτάρκειαν

1279 2581 1366 2628 εἶναι
1389 2588 1598 2641 βουλόμενος
1618 2590 1758 2640 ἀγαθῶν
1769 2589 1930 2638 πάντων,
1953 2588 2059 2636 ἢτῶν
2073 2587 2249 2628 πλείστων
2270 2603 2332 2627 και

1280 2647 1469 2699 μεγίστων
1503 2647 1718 2699 Δογματίζει
1742 2663 1824 2700 γουν
1851 2648 1960 2701 χωρὶς
1987 2647 2051 2699 μὲν
2075 2649 2203 2700 ἀρετῆς
2225 2646 2332 2698 μηδέ-

1279 2723 1363 2747 ποτε
1395 2707 1438 2746 ἂν
1470 2707 1730 2759 εὐδαιμονίαν
1717 2707 1904 2761 υπάρχειν·
1927 2708 2011 2761 δίχα
2033 2708 2068 2746 δὲ
2090 2707 2150 2746 καὶ
2169 2709 2240 2746 τῶν
2262 2723 2333 2745 σω-

1280 2769 1438 2818 ματικῶν
1470 2784 1530 2807 και
1561 2783 1630 2806 'tow
1661 2767 1782 2817 ἐκτός,
1814 2766 1879 2815 τὴν
1902 2767 2032 2821 ἀρετὴν
2061 2767 2222 2819 αὗταρχη
2245 2767 2334 2821 προ“ς

1279 2827 1501 2876 εὐδαιμονίαν
1537 2820 1640 2868 εἶναι.
1689 2827 1749 2868 Cf.
1787 2827 1928 2867 Sextus
1974 2827 2196 2880 Empiticus
2243 2827 2333 2868 adv.

1278 2887 1576 2939 Math.x1,42
1608 2902 1644 2940 p.
1677 2889 1756 2939 699
1789 2887 1853 2926 ed.
1879 2887 2033 2928 Fabric.
2071 2889 2130 2940 [p.
2162 2887 2240 2932 554
2267 2887 2330 2928 ed.

1280 2946 1470 3000 Bekker.]
1492 2956 1530 2986 et
1544 2947 1738 2999 Archytas
1757 2947 1994 2987 Tarentinus
2009 2948 2113 2999 apud
2133 2947 2334 2986 Stobaeum

1281 3007 1384 3048 Flor.
1406 3006 1435 3055 Ι,
1451 3009 1517 3056 76.
1532 3006 1739 3048 Vid.Phil.
1758 3007 1830 3046 Gr.
1857 3008 2008 3058 Fragm.
2029 3008 2116 3047 vol.
2137 3009 2168 3059 l,
2194 3021 2234 3058 p.
2256 3007 2333 3053 554

1281 3080 1365 3119 seq.
1381 3066 1467 3105 Jam
1492 3080 1614 3119 quum
1638 3080 1686 3106 ex
1706 3067 1767 3106 his
1794 3068 1894 3106 locis
1916 3077 2045 3120 pateat
2059 3100 2068 3118 ‚
2100 3067 2333 3106 Crantor-em

1280 3126 1376 3164 nihil
1393 3127 1500 3178 quod
1518 3141 1597 3166 non
1616 3127 1940 3167 Academicorum
1956 3128 2111 3180 placitis
2131 3135 2332 3166 consenta-

1281 3198 1396 3224 neum
1420 3195 1536 3234 esset,
1563 3187 1810 3240 praecepisse,
1838 3187 1954 3226 simul
1980 3200 2068 3225 eum
2104 3201 2190 3238 quae
2218 3199 2333 3244 expe-

1281 3244 1420 3283 rientia
1445 3245 1550 3285 'duce
1577 3248 1732 3298 cognita
1766 3247 1928 3286 haberet
1958 3246 2163 3286 tradidisse
2190 3248 2328 3297 liquet.

1280 3304 1424 3357 Nempe
1438 3318 1519 3346 non
1533 3306 1661 3346 solum
1678 3307 1841 3346 divitem
1865 3308 1997 3356 fuisse,
2017 3307 2083 3345 sed
2103 3308 2217 3345 etiam
2232 3318 2333 3356 saepe

1279 3450 1389 3484 locum
1405 3452 1552 3486 obtinere
1580 3453 1733 3494 volebat,
1754 3452 1923 3496 praedictis
1946 3452 2151 3495 philosophis
2176 3450 2332 3493 astipula-
2380 3486 2383 3490 ,

1280 3512 1344 3544 tus.
