<?xml version="1.0" encoding="UTF-8"?>
<!DOCTYPE html PUBLIC "-//W3C//DTD XHTML 1.0 Transitional//EN"
    "http://www.w3.org/TR/xhtml1/DTD/xhtml1-transitional.dtd">
<html xmlns="http://www.w3.org/1999/xhtml" xml:lang="en" lang="en">
 <head>
  <title>
</title>
<meta http-equiv="Content-Type" content="text/html;charset=utf-8" />
  <meta name='ocr-system' content='tesseract 3.04.00' />
  <meta name='ocr-capabilities' content='ocr_page ocr_carea ocr_par ocr_line ocrx_word'/>
</head>
<body>
  <div class='ocr_page' id='page_1' title='image "./fragmentaphiloso03mulluoft/fragmentaphiloso03mulluoft_0376.png"; bbox 0 0 2508 3776; ppageno 0'>
   <div class='ocr_carea' id='block_1_1' title="bbox 259 227 339 266">
    <p class='ocr_par' dir='ltr' id='par_1_1' title="bbox 259 227 339 266">
     <span class='ocr_line' id='line_1_1' title="bbox 259 227 339 266; baseline 0 0"><span class='ocrx_word' id='word_1_1' title='bbox 259 232 279 266; x_wconf 71' lang='lat'><strong>3</strong></span> <span class='ocrx_word' id='word_1_2' title='bbox 286 227 339 266; x_wconf 91' lang='grc'><strong>60</strong></span> 
     </span>
    </p>
   </div>
   <div class='ocr_carea' id='block_1_2' title="bbox 259 312 1287 424">
    <p class='ocr_par' dir='ltr' id='par_1_2' title="bbox 259 312 1287 424">
     <span class='ocr_line' id='line_1_2' title="bbox 260 312 1281 367; baseline -0.003 -12"><span class='ocrx_word' id='word_1_3' title='bbox 260 315 393 359; x_wconf 86' lang='grc' dir='ltr'>ἑκόντες</span> <span class='ocrx_word' id='word_1_4' title='bbox 421 312 547 360; x_wconf 78' lang='grc' dir='ltr'>εῖσὶνῆ</span> <span class='ocrx_word' id='word_1_5' title='bbox 578 313 718 365; x_wconf 76' lang='grc' dir='ltr'>ἀγαθοί,</span> <span class='ocrx_word' id='word_1_6' title='bbox 747 313 770 360; x_wconf 77' lang='grc' dir='ltr'>ἢ</span> <span class='ocrx_word' id='word_1_7' title='bbox 790 313 949 366; x_wconf 87' lang='grc' dir='ltr'>πονηροί.</span> <span class='ocrx_word' id='word_1_8' title='bbox 978 313 1079 353; x_wconf 91' lang='grc' dir='ltr'>Πάνυ</span> <span class='ocrx_word' id='word_1_9' title='bbox 1097 314 1163 367; x_wconf 86' lang='grc' dir='ltr'>γάρ</span> <span class='ocrx_word' id='word_1_10' title='bbox 1190 316 1281 354; x_wconf 82' lang='grc' dir='ltr'>ἔστιν</span> 
     </span>
     <span class='ocr_line' id='line_1_3' title="bbox 259 370 1287 424; baseline 0 -13"><span class='ocrx_word' id='word_1_11' title='bbox 259 373 404 424; x_wconf 85' lang='grc' dir='ltr'>ἄλογον,</span> <span class='ocrx_word' id='word_1_12' title='bbox 435 371 492 410; x_wconf 87' lang='grc' dir='ltr'><strong>τὸν</strong></span> <span class='ocrx_word' id='word_1_13' title='bbox 513 373 696 409; x_wconf 86' lang='grc' dir='ltr'>ἀδικοῦντα</span> <span class='ocrx_word' id='word_1_14' title='bbox 721 370 831 422; x_wconf 85' lang='grc' dir='ltr'>λέγειν</span> <span class='ocrx_word' id='word_1_15' title='bbox 860 370 912 409; x_wconf 82' lang='grc' dir='ltr'><strong>ὅτι</strong></span> <span class='ocrx_word' id='word_1_16' title='bbox 931 373 968 410; x_wconf 81' lang='grc' dir='ltr'>οὗ</span> <span class='ocrx_word' id='word_1_17' title='bbox 993 371 1152 424; x_wconf 86' lang='grc' dir='ltr'>βούλεται</span> <span class='ocrx_word' id='word_1_18' title='bbox 1173 372 1287 414; x_wconf 83' lang='grc' dir='ltr'>ἄδικος</span> 
     </span>
    </p>
   </div>
   <div class='ocr_carea' id='block_1_3' title="bbox 257 426 1325 482">
    <p class='ocr_par' dir='ltr' id='par_1_3' title="bbox 257 426 1325 482">
     <span class='ocr_line' id='line_1_4' title="bbox 257 426 1325 482; baseline -0.001 -13"><span class='ocrx_word' id='word_1_19' title='bbox 257 426 361 478; x_wconf 74' lang='grc' dir='ltr'>εἶναι,</span> <span class='ocrx_word' id='word_1_20' title='bbox 378 429 401 476; x_wconf 83' lang='grc' dir='ltr'><strong>ἢ</strong></span> <span class='ocrx_word' id='word_1_21' title='bbox 421 430 478 468; x_wconf 83' lang='grc' dir='ltr'><strong>τὸν</strong></span> <span class='ocrx_word' id='word_1_22' title='bbox 499 428 692 468; x_wconf 86' lang='grc' dir='ltr'>ἀκόλαστον</span> <span class='ocrx_word' id='word_1_23' title='bbox 713 429 764 467; x_wconf 79' lang='grc' dir='ltr'><strong>ὅτι</strong></span> <span class='ocrx_word' id='word_1_24' title='bbox 778 431 816 468; x_wconf 83' lang='grc' dir='ltr'>οὗ</span> <span class='ocrx_word' id='word_1_25' title='bbox 838 428 999 482; x_wconf 87' lang='grc' dir='ltr'>βούλεται</span> <span class='ocrx_word' id='word_1_26' title='bbox 1013 430 1285 470; x_wconf 85' lang='grc' dir='ltr'>ἀκολασταίνειν·</span> <span class='ocrx_word' id='word_1_27' title='bbox 1323 461 1325 474; x_wconf 91' lang='grc'>,</span> 
     </span>
    </p>
   </div>
   <div class='ocr_carea' id='block_1_4' title="bbox 258 486 1287 541">
    <p class='ocr_par' dir='ltr' id='par_1_4' title="bbox 258 486 1287 541">
     <span class='ocr_line' id='line_1_5' title="bbox 258 486 1287 541; baseline -0.002 -14"><span class='ocrx_word' id='word_1_28' title='bbox 258 492 287 528; x_wconf 87' lang='grc' dir='ltr'><strong>εἰ</strong></span> <span class='ocrx_word' id='word_1_29' title='bbox 313 488 380 540; x_wconf 86' lang='grc' dir='ltr'>γὰρ</span> <span class='ocrx_word' id='word_1_30' title='bbox 402 488 461 526; x_wconf 70' lang='grc' dir='ltr'><strong>καὶ</strong></span> <span class='ocrx_word' id='word_1_31' title='bbox 496 486 699 539; x_wconf 86' lang='grc' dir='ltr'>βουλόμενος</span> <span class='ocrx_word' id='word_1_32' title='bbox 724 487 856 532; x_wconf 84' lang='grc' dir='ltr'>δίκαίος</span> <span class='ocrx_word' id='word_1_33' title='bbox 876 487 936 526; x_wconf 80' lang='grc' dir='ltr'><strong>καὶ</strong></span> <span class='ocrx_word' id='word_1_34' title='bbox 957 487 1102 541; x_wconf 87' lang='grc' dir='ltr'>σώφρων</span> <span class='ocrx_word' id='word_1_35' title='bbox 1130 488 1287 540; x_wconf 84' lang='grc' dir='ltr'>γενέσθαι</span> 
     </span>
    </p>
   </div>
   <div class='ocr_carea' id='block_1_5' title="bbox 253 661 1291 1125">
    <p class='ocr_par' dir='ltr' id='par_1_5' title="bbox 253 661 1291 1125">
     <span class='ocr_line' id='line_1_6' title="bbox 256 661 1290 715; baseline -0.002 -14"><span class='ocrx_word' id='word_1_36' title='bbox 256 662 436 715; x_wconf 84' lang='grc' dir='ltr'>χρώμενος</span> <span class='ocrx_word' id='word_1_37' title='bbox 471 663 530 701; x_wconf 83' lang='grc' dir='ltr'><strong>καὶ</strong></span> <span class='ocrx_word' id='word_1_38' title='bbox 562 664 713 702; x_wconf 84' lang='grc' dir='ltr'>ἀπειθῶν</span> <span class='ocrx_word' id='word_1_39' title='bbox 749 665 819 706; x_wconf 88' lang='grc' dir='ltr'>τοῖς</span> <span class='ocrx_word' id='word_1_40' title='bbox 848 663 979 714; x_wconf 80' lang='grc' dir='ltr'>ἰατροῖς</span> <span class='ocrx_word' id='word_1_41' title='bbox 1010 662 1070 701; x_wconf 79' lang='grc' dir='ltr'><strong>καὶ</strong></span> <span class='ocrx_word' id='word_1_42' title='bbox 1100 661 1157 700; x_wconf 87' lang='grc' dir='ltr'><strong>διὰ</strong></span> <span class='ocrx_word' id='word_1_43' title='bbox 1188 665 1290 701; x_wconf 79' lang='grc' dir='ltr'>τοῦτο</span> 
     </span>
     <span class='ocr_line' id='line_1_7' title="bbox 255 715 1288 774; baseline -0.003 -14"><span class='ocrx_word' id='word_1_44' title='bbox 255 722 420 772; x_wconf 81' lang='grc' dir='ltr'>νοσήσας,</span> <span class='ocrx_word' id='word_1_45' title='bbox 439 721 525 760; x_wconf 83' lang='grc' dir='ltr'>ἑκὼν</span> <span class='ocrx_word' id='word_1_46' title='bbox 540 722 602 772; x_wconf 82' lang='grc' dir='ltr'><strong>μὲν</strong></span> <span class='ocrx_word' id='word_1_47' title='bbox 620 722 723 760; x_wconf 84' lang='grc' dir='ltr'>νοσεῖ·</span> <span class='ocrx_word' id='word_1_48' title='bbox 738 721 797 760; x_wconf 85' lang='grc' dir='ltr'><strong>καὶ</strong></span> <span class='ocrx_word' id='word_1_49' title='bbox 811 722 878 774; x_wconf 88' lang='grc' dir='ltr'>γὰρ</span> <span class='ocrx_word' id='word_1_50' title='bbox 891 722 947 758; x_wconf 82' lang='grc' dir='ltr'><strong>ἐπ’</strong></span> <span class='ocrx_word' id='word_1_51' title='bbox 961 721 1057 773; x_wconf 84' lang='grc' dir='ltr'>αὐτῷ</span> <span class='ocrx_word' id='word_1_52' title='bbox 1067 715 1109 768; x_wconf 69' lang='grc' dir='ltr'><strong>ἦν</strong></span> <span class='ocrx_word' id='word_1_53' title='bbox 1123 724 1144 768; x_wconf 87' lang='grc' dir='ltr'>ἡ</span> <span class='ocrx_word' id='word_1_54' title='bbox 1160 720 1288 758; x_wconf 86' lang='grc' dir='ltr'>δίαιτα·</span> 
     </span>
     <span class='ocr_line' id='line_1_8' title="bbox 258 778 1290 832; baseline -0.003 -13"><span class='ocrx_word' id='word_1_55' title='bbox 258 779 463 832; x_wconf 87' lang='grc' dir='ltr'>βουλόμενος</span> <span class='ocrx_word' id='word_1_56' title='bbox 478 779 514 818; x_wconf 87' lang='grc' dir='ltr'><strong>δὲ</strong></span> <span class='ocrx_word' id='word_1_57' title='bbox 532 781 799 831; x_wconf 87' lang='grc' dir='ltr'>ἀπαλλαγηναι,</span> <span class='ocrx_word' id='word_1_58' title='bbox 818 781 856 818; x_wconf 82' lang='grc' dir='ltr'>οὔ</span> <span class='ocrx_word' id='word_1_59' title='bbox 875 778 1028 817; x_wconf 87' lang='grc' dir='ltr'>δύναται·</span> <span class='ocrx_word' id='word_1_60' title='bbox 1045 779 1127 831; x_wconf 80' lang='grc' dir='ltr'>πρὶν</span> <span class='ocrx_word' id='word_1_61' title='bbox 1148 778 1210 829; x_wconf 84' lang='grc' dir='ltr'><strong>μὲν</strong></span> <span class='ocrx_word' id='word_1_62' title='bbox 1225 779 1290 831; x_wconf 87' lang='grc' dir='ltr'>γὰρ</span> 
     </span>
     <span class='ocr_line' id='line_1_9' title="bbox 256 837 1291 891; baseline -0.003 -13"><span class='ocrx_word' id='word_1_63' title='bbox 256 843 420 886; x_wconf 80' lang='grc' dir='ltr'>νοσῆσαι,</span> <span class='ocrx_word' id='word_1_64' title='bbox 452 840 508 876; x_wconf 85' lang='grc' dir='ltr'><strong>ἐπ’</strong></span> <span class='ocrx_word' id='word_1_65' title='bbox 543 840 635 891; x_wconf 81' lang='grc' dir='ltr'>αὐτῷ</span> <span class='ocrx_word' id='word_1_66' title='bbox 655 843 696 886; x_wconf 84' lang='grc' dir='ltr'><strong>ἠν</strong></span> <span class='ocrx_word' id='word_1_67' title='bbox 717 837 780 885; x_wconf 86' lang='grc' dir='ltr'><strong>τὴν</strong></span> <span class='ocrx_word' id='word_1_68' title='bbox 810 837 940 890; x_wconf 79' lang='grc' dir='ltr'>ὑγίειαν</span> <span class='ocrx_word' id='word_1_69' title='bbox 961 837 1158 891; x_wconf 83' lang='grc' dir='ltr'>φυλάττειν·</span> <span class='ocrx_word' id='word_1_70' title='bbox 1184 853 1291 890; x_wconf 89' lang='grc' dir='ltr'>προε-</span> 
     </span>
     <span class='ocr_line' id='line_1_10' title="bbox 258 895 1291 951; baseline 0 -16"><span class='ocrx_word' id='word_1_71' title='bbox 258 898 350 950; x_wconf 86' lang='grc' dir='ltr'>με’νῳ</span> <span class='ocrx_word' id='word_1_72' title='bbox 365 896 401 935; x_wconf 80' lang='grc' dir='ltr'><strong>δὲ</strong></span> <span class='ocrx_word' id='word_1_73' title='bbox 421 898 477 936; x_wconf 87' lang='grc' dir='ltr'><strong>διὰ</strong></span> <span class='ocrx_word' id='word_1_74' title='bbox 491 913 552 945; x_wconf 78' lang='grc' dir='ltr'><strong>της</strong></span> <span class='ocrx_word' id='word_1_75' title='bbox 569 899 738 951; x_wconf 80' lang='grc' dir='ltr'>ἀκρατοῦς</span> <span class='ocrx_word' id='word_1_76' title='bbox 754 896 918 943; x_wconf 58' lang='grc' dir='ltr'><strong>διαίτης(11</strong></span> <span class='ocrx_word' id='word_1_77' title='bbox 932 899 992 935; x_wconf 84' lang='grc' dir='ltr'><strong>οὐκ</strong></span> <span class='ocrx_word' id='word_1_78' title='bbox 1004 895 1099 935; x_wconf 86' lang='grc' dir='ltr'>ἔστιν</span> <span class='ocrx_word' id='word_1_79' title='bbox 1118 897 1174 935; x_wconf 77' lang='grc' dir='ltr'><strong>ἐπ’</strong></span> <span class='ocrx_word' id='word_1_80' title='bbox 1195 898 1291 949; x_wconf 87' lang='grc' dir='ltr'>αυτῶ</span> 
     </span>
     <span class='ocr_line' id='line_1_11' title="bbox 255 954 1291 1008; baseline 0 -15"><span class='ocrx_word' id='word_1_81' title='bbox 255 954 317 1001; x_wconf 85' lang='grc' dir='ltr'><strong>τὴν</strong></span> <span class='ocrx_word' id='word_1_82' title='bbox 336 955 467 1006; x_wconf 84' lang='grc' dir='ltr'>ὑγίειαν</span> <span class='ocrx_word' id='word_1_83' title='bbox 488 957 736 1007; x_wconf 82' lang='grc' dir='ltr'>ἐπαναγαγεῖν.</span> <span class='ocrx_word' id='word_1_84' title='bbox 757 954 902 1008; x_wconf 58' lang='grc' dir='ltr'>υΩσπερ</span> <span class='ocrx_word' id='word_1_85' title='bbox 922 954 1015 993; x_wconf 88' lang='grc' dir='ltr'>λίθον</span> <span class='ocrx_word' id='word_1_86' title='bbox 1036 954 1098 1006; x_wconf 86' lang='grc' dir='ltr'><strong>μέν</strong></span> <span class='ocrx_word' id='word_1_87' title='bbox 1118 970 1170 999; x_wconf 86' lang='grc' dir='ltr'><strong>τις</strong></span> <span class='ocrx_word' id='word_1_88' title='bbox 1193 954 1291 993; x_wconf 87' lang='grc' dir='ltr'>δύνα-</span> 
     </span>
     <span class='ocr_line' id='line_1_12' title="bbox 256 1012 1290 1066; baseline 0 -15"><span class='ocrx_word' id='word_1_89' title='bbox 256 1028 315 1051; x_wconf 91' lang='grc' dir='ltr'><strong>ται</strong></span> <span class='ocrx_word' id='word_1_90' title='bbox 335 1013 427 1053; x_wconf 81' lang='grc' dir='ltr'>κατὰ</span> <span class='ocrx_word' id='word_1_91' title='bbox 449 1013 623 1064; x_wconf 83' lang='grc' dir='ltr'>πελάγους</span> <span class='ocrx_word' id='word_1_92' title='bbox 646 1017 805 1066; x_wconf 85' lang='grc' dir='ltr'>ἀφεῖναι,</span> <span class='ocrx_word' id='word_1_93' title='bbox 822 1013 920 1066; x_wconf 74' lang='grc' dir='ltr'>ἀφεὶς</span> <span class='ocrx_word' id='word_1_94' title='bbox 940 1013 976 1052; x_wconf 79' lang='grc' dir='ltr'><strong>δὲ</strong></span> <span class='ocrx_word' id='word_1_95' title='bbox 991 1015 1029 1051; x_wconf 86' lang='grc' dir='ltr'>οὒ</span> <span class='ocrx_word' id='word_1_96' title='bbox 1050 1012 1195 1052; x_wconf 84' lang='grc' dir='ltr'>δύναται</span> <span class='ocrx_word' id='word_1_97' title='bbox 1216 1013 1290 1051; x_wconf 84' lang='grc' dir='ltr'><strong>πά-</strong></span> 
     </span>
     <span class='ocr_line' id='line_1_13' title="bbox 253 1070 1286 1125; baseline -0.001 -14"><span class='ocrx_word' id='word_1_98' title='bbox 253 1073 306 1111; x_wconf 89' lang='grc' dir='ltr'><strong>λιν</strong></span> <span class='ocrx_word' id='word_1_99' title='bbox 332 1072 580 1112; x_wconf 75' lang='grc' dir='ltr'>ἐπαναλαὸεῗν·</span> <span class='ocrx_word' id='word_1_100' title='bbox 613 1074 690 1111; x_wconf 82' lang='grc' dir='ltr'>ἀλλ’</span> <span class='ocrx_word' id='word_1_101' title='bbox 716 1071 810 1122; x_wconf 80' lang='grc' dir='ltr'>ὅμως</span> <span class='ocrx_word' id='word_1_102' title='bbox 845 1070 932 1110; x_wconf 83' lang='grc' dir='ltr'>ἑκὼν</span> <span class='ocrx_word' id='word_1_103' title='bbox 952 1072 1069 1125; x_wconf 82' lang='grc' dir='ltr'>ἔρῤιψε</span> <span class='ocrx_word' id='word_1_104' title='bbox 1093 1071 1150 1110; x_wconf 84' lang='grc' dir='ltr'><strong>τὸν</strong></span> <span class='ocrx_word' id='word_1_105' title='bbox 1169 1071 1286 1120; x_wconf 84' lang='grc' dir='ltr'>λίθον,</span> 
     </span>
    </p>
   </div>
   <div class='ocr_carea' id='block_1_6' title="bbox 255 1129 2386 1195">
    <p class='ocr_par' dir='ltr' id='par_1_6' title="bbox 255 1129 2386 1195">
     <span class='ocr_line' id='line_1_14' title="bbox 255 1129 2386 1195; baseline -0.002 -11"><span class='ocrx_word' id='word_1_106' title='bbox 255 1133 311 1169; x_wconf 69' lang='grc' dir='ltr'><strong>ἐπ’</strong></span> <span class='ocrx_word' id='word_1_107' title='bbox 341 1133 436 1170; x_wconf 60' lang='grc' dir='ltr'><strong>αὐτο)</strong></span> <span class='ocrx_word' id='word_1_108' title='bbox 469 1130 535 1183; x_wconf 66' lang='grc' dir='ltr'><strong>γὰρ</strong></span> <span class='ocrx_word' id='word_1_109' title='bbox 561 1135 603 1178; x_wconf 63' lang='grc' dir='ltr'><strong>ἦν</strong></span> <span class='ocrx_word' id='word_1_110' title='bbox 631 1133 765 1184; x_wconf 58' lang='grc' dir='ltr'>ῥῖψαι</span> <span class='ocrx_word' id='word_1_111' title='bbox 788 1130 847 1168; x_wconf 63' lang='grc' dir='ltr'><strong>καὶ</strong></span> <span class='ocrx_word' id='word_1_112' title='bbox 868 1131 933 1180; x_wconf 73' lang='grc' dir='ltr'><strong>μή·</strong></span> <span class='ocrx_word' id='word_1_113' title='bbox 963 1129 1066 1170; x_wconf 68' lang='grc' dir='ltr'><strong>Οτῦω</strong></span> <span class='ocrx_word' id='word_1_114' title='bbox 1088 1129 1198 1169; x_wconf 32' lang='grc' dir='ltr'>τοίνυν</span> <span class='ocrx_word' id='word_1_115' title='bbox 1230 1130 1290 1168; x_wconf 58' lang='grc' dir='ltr'><strong>καὶ</strong></span> <span class='ocrx_word' id='word_1_116' title='bbox 1326 1144 1327 1184; x_wconf 55' lang='lat' dir='ltr'>ff</span> <span class='ocrx_word' id='word_1_117' title='bbox 1351 1151 1506 1195; x_wconf 86' lang='lat' dir='ltr'><strong>projecit,</strong></span> <span class='ocrx_word' id='word_1_118' title='bbox 1535 1160 1600 1183; x_wconf 91' lang='lat' dir='ltr'><strong>non</strong></span> <span class='ocrx_word' id='word_1_119' title='bbox 1623 1152 1732 1192; x_wconf 90' lang='lat' dir='ltr'><strong>potest</strong></span> <span class='ocrx_word' id='word_1_120' title='bbox 1759 1150 1929 1182; x_wconf 79' lang='lat' dir='ltr'>retrahere</span> <span class='ocrx_word' id='word_1_121' title='bbox 1949 1150 2134 1182; x_wconf 85' lang='lat' dir='ltr'><strong>:ettamen</strong></span> <span class='ocrx_word' id='word_1_122' title='bbox 2157 1149 2273 1190; x_wconf 83' lang='lat' dir='ltr'><strong>sponte</strong></span> <span class='ocrx_word' id='word_1_123' title='bbox 2293 1147 2386 1182; x_wconf 84' lang='lat' dir='ltr'><strong>misit</strong></span> 
     </span>
    </p>
   </div>
   <div class='ocr_carea' id='block_1_7' title="bbox 261 1189 467 1204">
    <p class='ocr_par' dir='ltr' id='par_1_7' title="bbox 261 1189 467 1204">
     <span class='ocr_line' id='line_1_15' title="bbox 261 1189 467 1204; baseline -0.019 -1"><span class='ocrx_word' id='word_1_124' title='bbox 261 1189 467 1204; x_wconf 58' lang='lat'><strong>22222</strong></span> 
     </span>
    </p>
   </div>
   <div class='ocr_carea' id='block_1_8' title="bbox 254 1171 1307 3169">
    <p class='ocr_par' dir='ltr' id='par_1_8' title="bbox 254 1171 1295 2280">
     <span class='ocr_line' id='line_1_16' title="bbox 256 1171 1290 1240; baseline -0.001 -13"><span class='ocrx_word' id='word_1_125' title='bbox 256 1205 313 1227; x_wconf 90' lang='grc' dir='ltr'><strong>επι</strong></span> <span class='ocrx_word' id='word_1_126' title='bbox 331 1204 390 1227; x_wconf 90' lang='grc' dir='ltr'><strong>του</strong></span> <span class='ocrx_word' id='word_1_127' title='bbox 411 1171 530 1229; x_wconf 82' lang='grc' dir='ltr'>ἀδικου</span> <span class='ocrx_word' id='word_1_128' title='bbox 550 1188 610 1227; x_wconf 77' lang='grc' dir='ltr'><strong>καὶ</strong></span> <span class='ocrx_word' id='word_1_129' title='bbox 638 1192 696 1226; x_wconf 82' lang='grc' dir='ltr'><strong>τοῦ</strong></span> <span class='ocrx_word' id='word_1_130' title='bbox 721 1187 926 1227; x_wconf 83' lang='grc' dir='ltr'>ἀκολάστου·</span> <span class='ocrx_word' id='word_1_131' title='bbox 956 1188 1024 1238; x_wconf 86' lang='grc' dir='ltr'>πρὸ</span> <span class='ocrx_word' id='word_1_132' title='bbox 1049 1186 1111 1237; x_wconf 82' lang='grc' dir='ltr'><strong>μὲν</strong></span> <span class='ocrx_word' id='word_1_133' title='bbox 1135 1187 1202 1240; x_wconf 84' lang='grc' dir='ltr'>γὰρ</span> <span class='ocrx_word' id='word_1_134' title='bbox 1223 1203 1290 1226; x_wconf 87' lang='grc' dir='ltr'>πο-</span> 
     </span>
     <span class='ocr_line' id='line_1_17' title="bbox 254 1245 1290 1301; baseline -0.002 -14"><span class='ocrx_word' id='word_1_135' title='bbox 254 1248 376 1301; x_wconf 90' lang='grc' dir='ltr'>νηρους</span> <span class='ocrx_word' id='word_1_136' title='bbox 394 1247 552 1299; x_wconf 83' lang='grc' dir='ltr'>γενέσθαι</span> <span class='ocrx_word' id='word_1_137' title='bbox 581 1247 639 1286; x_wconf 81' lang='grc' dir='ltr'><strong>καὶ</strong></span> <span class='ocrx_word' id='word_1_138' title='bbox 658 1249 705 1291; x_wconf 90' lang='grc' dir='ltr'><strong>εἷς</strong></span> <span class='ocrx_word' id='word_1_139' title='bbox 724 1247 852 1294; x_wconf 89' lang='grc' dir='ltr'>ταύτην</span> <span class='ocrx_word' id='word_1_140' title='bbox 885 1245 949 1293; x_wconf 87' lang='grc' dir='ltr'><strong>τὴν</strong></span> <span class='ocrx_word' id='word_1_141' title='bbox 969 1245 1036 1290; x_wconf 82' lang='grc' dir='ltr'>ἕξιν</span> <span class='ocrx_word' id='word_1_142' title='bbox 1064 1247 1189 1296; x_wconf 81' lang='grc' dir='ltr'>ἐλθεῖν,</span> <span class='ocrx_word' id='word_1_143' title='bbox 1211 1245 1290 1292; x_wconf 83' lang='grc' dir='ltr'>ἐξην</span> 
     </span>
     <span class='ocr_line' id='line_1_18' title="bbox 257 1297 1292 1359; baseline -0.005 -13"><span class='ocrx_word' id='word_1_144' title='bbox 257 1306 306 1357; x_wconf 86' lang='grc' dir='ltr'><strong>μὴ</strong></span> <span class='ocrx_word' id='word_1_145' title='bbox 327 1307 500 1359; x_wconf 84' lang='grc' dir='ltr'>γενέσθαι·</span> <span class='ocrx_word' id='word_1_146' title='bbox 518 1306 696 1357; x_wconf 86' lang='grc' dir='ltr'>γενόμενοι</span> <span class='ocrx_word' id='word_1_147' title='bbox 721 1305 756 1343; x_wconf 81' lang='grc' dir='ltr'><strong>δὲ</strong></span> <span class='ocrx_word' id='word_1_148' title='bbox 779 1321 816 1343; x_wconf 90' lang='grc' dir='ltr'>ου</span> <span class='ocrx_word' id='word_1_149' title='bbox 836 1304 1000 1343; x_wconf 88' lang='grc' dir='ltr'>δύνανται</span> <span class='ocrx_word' id='word_1_150' title='bbox 1033 1303 1082 1355; x_wconf 87' lang='grc' dir='ltr'><strong>μὴ</strong></span> <span class='ocrx_word' id='word_1_151' title='bbox 1114 1297 1214 1342; x_wconf 81' lang='grc' dir='ltr'>εἶναι.</span> <span class='ocrx_word' id='word_1_152' title='bbox 1239 1305 1292 1343; x_wconf 83' lang='grc' dir='ltr'><strong>Οὐ</strong></span> 
     </span>
     <span class='ocr_line' id='line_1_19' title="bbox 256 1360 1287 1416; baseline -0.006 -13"><span class='ocrx_word' id='word_1_153' title='bbox 256 1364 357 1414; x_wconf 88' lang='grc' dir='ltr'>μόνον</span> <span class='ocrx_word' id='word_1_154' title='bbox 378 1364 413 1403; x_wconf 83' lang='grc' dir='ltr'><strong>δὲ</strong></span> <span class='ocrx_word' id='word_1_155' title='bbox 435 1366 469 1402; x_wconf 83' lang='grc' dir='ltr'><strong>αἱ</strong></span> <span class='ocrx_word' id='word_1_156' title='bbox 486 1363 632 1416; x_wconf 82' lang='grc' dir='ltr'>ψυχικαι</span> <span class='ocrx_word' id='word_1_157' title='bbox 653 1362 774 1401; x_wconf 87' lang='grc' dir='ltr'>κακίαι</span> <span class='ocrx_word' id='word_1_158' title='bbox 793 1361 943 1401; x_wconf 85' lang='grc' dir='ltr'>ἑκούσιοί</span> <span class='ocrx_word' id='word_1_159' title='bbox 962 1363 1066 1410; x_wconf 84' lang='grc' dir='ltr'>εἶσιν,</span> <span class='ocrx_word' id='word_1_160' title='bbox 1087 1361 1163 1398; x_wconf 91' lang='grc' dir='ltr'>ἀλλ’</span> <span class='ocrx_word' id='word_1_161' title='bbox 1186 1360 1287 1405; x_wconf 80' lang='grc' dir='ltr'>ἐνίοις</span> 
     </span>
     <span class='ocr_line' id='line_1_20' title="bbox 257 1418 1292 1475; baseline -0.004 -14"><span class='ocrx_word' id='word_1_162' title='bbox 257 1425 324 1461; x_wconf 87' lang='grc' dir='ltr'><strong>τῶν</strong></span> <span class='ocrx_word' id='word_1_163' title='bbox 346 1422 534 1475; x_wconf 84' lang='grc' dir='ltr'>ἀνθρώπων</span> <span class='ocrx_word' id='word_1_164' title='bbox 557 1422 617 1460; x_wconf 83' lang='grc' dir='ltr'><strong>καί</strong></span> <span class='ocrx_word' id='word_1_165' title='bbox 644 1436 731 1464; x_wconf 86' lang='grc' dir='ltr'>τινες</span> <span class='ocrx_word' id='word_1_166' title='bbox 761 1419 962 1470; x_wconf 75' lang='grc' dir='ltr'>σωματικαὶ</span> <span class='ocrx_word' id='word_1_167' title='bbox 993 1418 1156 1463; x_wconf 82' lang='grc' dir='ltr'>ἑκουσίως</span> <span class='ocrx_word' id='word_1_168' title='bbox 1177 1418 1292 1470; x_wconf 92' lang='grc' dir='ltr'>γίνον-</span> 
     </span>
     <span class='ocr_line' id='line_1_21' title="bbox 255 1476 1290 1531; baseline -0.005 -12"><span class='ocrx_word' id='word_1_169' title='bbox 255 1496 332 1528; x_wconf 84' lang='grc' dir='ltr'>ται,</span> <span class='ocrx_word' id='word_1_170' title='bbox 355 1481 397 1518; x_wconf 87' lang='grc' dir='ltr'><strong>δι’</strong></span> <span class='ocrx_word' id='word_1_171' title='bbox 421 1480 461 1524; x_wconf 86' lang='grc' dir='ltr'><strong>ἃς</strong></span> <span class='ocrx_word' id='word_1_172' title='bbox 481 1479 539 1519; x_wconf 73' lang='grc' dir='ltr'><strong>καὶ</strong></span> <span class='ocrx_word' id='word_1_173' title='bbox 559 1481 799 1529; x_wconf 83' lang='grc' dir='ltr'>ἕπιτιμῶνται·</span> <span class='ocrx_word' id='word_1_174' title='bbox 829 1478 898 1521; x_wconf 89' lang='grc' dir='ltr'>τοῖς</span> <span class='ocrx_word' id='word_1_175' title='bbox 915 1477 977 1528; x_wconf 80' lang='grc' dir='ltr'><strong>μὲν</strong></span> <span class='ocrx_word' id='word_1_176' title='bbox 994 1476 1060 1529; x_wconf 82' lang='grc' dir='ltr'>γὰρ</span> <span class='ocrx_word' id='word_1_177' title='bbox 1078 1476 1168 1515; x_wconf 84' lang='grc' dir='ltr'>κατὰ</span> <span class='ocrx_word' id='word_1_178' title='bbox 1190 1477 1290 1531; x_wconf 88' lang='grc' dir='ltr'>φύσιν</span> 
     </span>
     <span class='ocr_line' id='line_1_22' title="bbox 257 1534 1292 1590; baseline -0.01 -14"><span class='ocrx_word' id='word_1_179' title='bbox 257 1539 413 1590; x_wconf 81' lang='grc' dir='ltr'>αἰσχροῖς</span> <span class='ocrx_word' id='word_1_180' title='bbox 445 1537 554 1582; x_wconf 76' lang='grc' dir='ltr'>οὐδεὶς</span> <span class='ocrx_word' id='word_1_181' title='bbox 576 1539 720 1590; x_wconf 80' lang='grc' dir='ltr'>ἐπιτιμᾷ</span> <span class='ocrx_word' id='word_1_182' title='bbox 752 1541 828 1575; x_wconf 81' lang='grc' dir='ltr'>νοῦν</span> <span class='ocrx_word' id='word_1_183' title='bbox 856 1535 957 1587; x_wconf 84' lang='grc' dir='ltr'>ἔχων·</span> <span class='ocrx_word' id='word_1_184' title='bbox 994 1535 1063 1578; x_wconf 87' lang='grc' dir='ltr'>τοῖς</span> <span class='ocrx_word' id='word_1_185' title='bbox 1085 1534 1121 1572; x_wconf 83' lang='grc' dir='ltr'><strong>δὲ</strong></span> <span class='ocrx_word' id='word_1_186' title='bbox 1141 1535 1184 1572; x_wconf 86' lang='grc' dir='ltr'><strong>δι’</strong></span> <span class='ocrx_word' id='word_1_187' title='bbox 1208 1538 1292 1586; x_wconf 89' lang='grc' dir='ltr'>ἀγυ-.</span> 
     </span>
     <span class='ocr_line' id='line_1_23' title="bbox 259 1592 1291 1646; baseline -0.002 -12"><span class='ocrx_word' id='word_1_188' title='bbox 259 1595 430 1646; x_wconf 84' lang='grc' dir='ltr'>μνασίαν,</span> <span class='ocrx_word' id='word_1_189' title='bbox 450 1596 510 1634; x_wconf 79' lang='grc' dir='ltr'><strong>καὶ</strong></span> <span class='ocrx_word' id='word_1_190' title='bbox 530 1594 714 1645; x_wconf 81' lang='grc' dir='ltr'>ἀμέλειαν,</span> <span class='ocrx_word' id='word_1_191' title='bbox 735 1593 758 1640; x_wconf 79' lang='grc' dir='ltr'>ἢ</span> <span class='ocrx_word' id='word_1_192' title='bbox 776 1592 969 1645; x_wconf 83' lang='grc' dir='ltr'>μοχθηρίαν</span> <span class='ocrx_word' id='word_1_193' title='bbox 989 1593 1033 1631; x_wconf 87' lang='grc' dir='ltr'>τὰ</span> <span class='ocrx_word' id='word_1_194' title='bbox 1049 1592 1197 1643; x_wconf 85' lang='grc' dir='ltr'>σώματα</span> <span class='ocrx_word' id='word_1_195' title='bbox 1217 1595 1291 1632; x_wconf 87' lang='grc' dir='ltr'>δια-</span> 
     </span>
     <span class='ocr_line' id='line_1_24' title="bbox 256 1650 1292 1707; baseline -0.002 -14"><span class='ocrx_word' id='word_1_196' title='bbox 256 1654 412 1707; x_wconf 85' lang='grc' dir='ltr'>φθείρασι</span> <span class='ocrx_word' id='word_1_197' title='bbox 427 1684 437 1704; x_wconf 96' lang='grc'>,</span> <span class='ocrx_word' id='word_1_198' title='bbox 454 1653 582 1698; x_wconf 86' lang='grc' dir='ltr'>τούτοις</span> <span class='ocrx_word' id='word_1_199' title='bbox 599 1652 819 1706; x_wconf 68' lang='grc' dir='ltr'><strong>μεμφόμεθα6</strong></span> <span class='ocrx_word' id='word_1_200' title='bbox 844 1651 879 1695; x_wconf 87' lang='grc' dir='ltr'><strong>ὃς</strong></span> <span class='ocrx_word' id='word_1_201' title='bbox 900 1650 962 1701; x_wconf 84' lang='grc' dir='ltr'><strong>μὲν</strong></span> <span class='ocrx_word' id='word_1_202' title='bbox 982 1651 1051 1705; x_wconf 88' lang='grc' dir='ltr'>γὰρ</span> <span class='ocrx_word' id='word_1_203' title='bbox 1071 1652 1140 1690; x_wconf 85' lang='grc' dir='ltr'><strong>ἀπὸ</strong></span> <span class='ocrx_word' id='word_1_204' title='bbox 1160 1652 1292 1705; x_wconf 86' lang='grc' dir='ltr'>φύσεως</span> 
     </span>
     <span class='ocr_line' id='line_1_25' title="bbox 256 1711 1293 1765; baseline -0.002 -14"><span class='ocrx_word' id='word_1_205' title='bbox 256 1712 401 1765; x_wconf 83' lang='grc' dir='ltr'>τυφλός,</span> <span class='ocrx_word' id='word_1_206' title='bbox 420 1712 443 1758; x_wconf 83' lang='grc' dir='ltr'>ἢ</span> <span class='ocrx_word' id='word_1_207' title='bbox 463 1712 528 1751; x_wconf 77' lang='grc' dir='ltr'><strong>ὑπὸ</strong></span> <span class='ocrx_word' id='word_1_208' title='bbox 549 1712 666 1762; x_wconf 83' lang='grc' dir='ltr'>νόσου,</span> <span class='ocrx_word' id='word_1_209' title='bbox 686 1711 709 1758; x_wconf 79' lang='grc' dir='ltr'>ἢ</span> <span class='ocrx_word' id='word_1_210' title='bbox 732 1711 800 1750; x_wconf 83' lang='grc' dir='ltr'><strong>ὑπὸ</strong></span> <span class='ocrx_word' id='word_1_211' title='bbox 819 1711 971 1762; x_wconf 77' lang='grc' dir='ltr'>πληγῆς,</span> <span class='ocrx_word' id='word_1_212' title='bbox 990 1713 1108 1748; x_wconf 80' lang='grc' dir='ltr'>τοῦτον</span> <span class='ocrx_word' id='word_1_213' title='bbox 1125 1712 1187 1749; x_wconf 81' lang='grc' dir='ltr'><strong>οὐκ</strong></span> <span class='ocrx_word' id='word_1_214' title='bbox 1207 1712 1293 1749; x_wconf 87' lang='grc' dir='ltr'>ὄνει-</span> 
     </span>
     <span class='ocr_line' id='line_1_26' title="bbox 258 1767 1290 1822; baseline -0.003 -13"><span class='ocrx_word' id='word_1_215' title='bbox 258 1771 395 1821; x_wconf 83' lang='grc' dir='ltr'>δίζομεν</span> <span class='ocrx_word' id='word_1_216' title='bbox 411 1800 421 1819; x_wconf 89' lang='grc'>,</span> <span class='ocrx_word' id='word_1_217' title='bbox 443 1770 533 1809; x_wconf 85' lang='grc' dir='ltr'>ἀλλὰ</span> <span class='ocrx_word' id='word_1_218' title='bbox 555 1771 687 1820; x_wconf 85' lang='grc' dir='ltr'>μᾶλλον</span> <span class='ocrx_word' id='word_1_219' title='bbox 714 1771 887 1819; x_wconf 80' lang='grc' dir='ltr'>ἐλεοῦμεν·</span> <span class='ocrx_word' id='word_1_220' title='bbox 903 1768 938 1812; x_wconf 86' lang='grc' dir='ltr'><strong>ὃς</strong></span> <span class='ocrx_word' id='word_1_221' title='bbox 955 1767 991 1806; x_wconf 86' lang='grc' dir='ltr'><strong>δὲ</strong></span> <span class='ocrx_word' id='word_1_222' title='bbox 1007 1767 1040 1813; x_wconf 83' lang='grc' dir='ltr'><strong>ἐξ</strong></span> <span class='ocrx_word' id='word_1_223' title='bbox 1059 1770 1290 1822; x_wconf 84' lang='grc' dir='ltr'>οἰνοφλυγίας,</span> 
     </span>
     <span class='ocr_line' id='line_1_27' title="bbox 256 1827 1292 1880; baseline -0.001 -13"><span class='ocrx_word' id='word_1_224' title='bbox 256 1829 279 1876; x_wconf 87' lang='grc' dir='ltr'>ἢ</span> <span class='ocrx_word' id='word_1_225' title='bbox 302 1830 410 1877; x_wconf 84' lang='grc' dir='ltr'>ἄλλης</span> <span class='ocrx_word' id='word_1_226' title='bbox 428 1829 515 1873; x_wconf 84' lang='grc' dir='ltr'>τινὸς</span> <span class='ocrx_word' id='word_1_227' title='bbox 544 1828 735 1880; x_wconf 86' lang='grc' dir='ltr'>μοχθηρίας</span> <span class='ocrx_word' id='word_1_228' title='bbox 769 1827 941 1880; x_wconf 84' lang='grc' dir='ltr'>διέφθειρε</span> <span class='ocrx_word' id='word_1_229' title='bbox 970 1827 1046 1867; x_wconf 77' lang='grc' dir='ltr'>τοὺς</span> <span class='ocrx_word' id='word_1_230' title='bbox 1073 1828 1292 1879; x_wconf 81' lang='grc' dir='ltr'>ὀφθαλμούς,</span> 
     </span>
     <span class='ocr_line' id='line_1_28' title="bbox 259 1885 1290 1941; baseline -0.001 -15"><span class='ocrx_word' id='word_1_231' title='bbox 259 1887 369 1941; x_wconf 82' lang='grc' dir='ltr'>τούτῳ</span> <span class='ocrx_word' id='word_1_232' title='bbox 391 1887 598 1939; x_wconf 85' lang='grc' dir='ltr'>μεμφόμεθα</span> <span class='ocrx_word' id='word_1_233' title='bbox 610 1916 620 1934; x_wconf 91' lang='grc'>,</span> <span class='ocrx_word' id='word_1_234' title='bbox 637 1887 696 1925; x_wconf 84' lang='grc' dir='ltr'><strong>καὶ</strong></span> <span class='ocrx_word' id='word_1_235' title='bbox 716 1888 946 1937; x_wconf 69' lang='grc' dir='ltr'>ἐπιτιμῶμεν,</span> <span class='ocrx_word' id='word_1_236' title='bbox 969 1885 1143 1925; x_wconf 83' lang='grc' dir='ltr'>Φαίνεται</span> <span class='ocrx_word' id='word_1_237' title='bbox 1161 1886 1290 1936; x_wconf 82' lang='grc' dir='ltr'>τοίνυν,</span> 
     </span>
     <span class='ocr_line' id='line_1_29' title="bbox 259 1943 1289 1998; baseline -0.003 -12"><span class='ocrx_word' id='word_1_238' title='bbox 259 1947 311 1986; x_wconf 84' lang='grc' dir='ltr'><strong>ὅτι</strong></span> <span class='ocrx_word' id='word_1_239' title='bbox 338 1949 405 1985; x_wconf 87' lang='grc' dir='ltr'><strong>τῶν</strong></span> <span class='ocrx_word' id='word_1_240' title='bbox 434 1947 642 1995; x_wconf 85' lang='grc' dir='ltr'>σωματικῶν</span> <span class='ocrx_word' id='word_1_241' title='bbox 664 1946 795 1983; x_wconf 83' lang='grc' dir='ltr'>κακιῶν</span> <span class='ocrx_word' id='word_1_242' title='bbox 828 1946 863 1982; x_wconf 81' lang='grc' dir='ltr'><strong>αἱ</strong></span> <span class='ocrx_word' id='word_1_243' title='bbox 887 1943 948 1994; x_wconf 86' lang='grc' dir='ltr'><strong>μὲν</strong></span> <span class='ocrx_word' id='word_1_244' title='bbox 978 1943 1127 1982; x_wconf 84' lang='grc' dir='ltr'>ἑκούσιοι</span> <span class='ocrx_word' id='word_1_245' title='bbox 1147 1945 1207 1982; x_wconf 88' lang='grc' dir='ltr'><strong>καὶ</strong></span> <span class='ocrx_word' id='word_1_246' title='bbox 1236 1947 1289 1998; x_wconf 83' lang='grc' dir='ltr'><strong>ἐφ’</strong></span> 
     </span>
     <span class='ocr_line' id='line_1_30' title="bbox 260 2001 1293 2055; baseline -0.001 -12"><span class='ocrx_word' id='word_1_247' title='bbox 260 2006 344 2055; x_wconf 81' lang='grc' dir='ltr'>ἡμῖν</span> <span class='ocrx_word' id='word_1_248' title='bbox 364 2007 612 2054; x_wconf 82' lang='grc' dir='ltr'>ἐπιτιμῶνται,</span> <span class='ocrx_word' id='word_1_249' title='bbox 632 2006 668 2041; x_wconf 78' lang='grc' dir='ltr'><strong>αἱ</strong></span> <span class='ocrx_word' id='word_1_250' title='bbox 688 2003 723 2041; x_wconf 83' lang='grc' dir='ltr'><strong>δὲ</strong></span> <span class='ocrx_word' id='word_1_251' title='bbox 739 2001 893 2042; x_wconf 88' lang='grc' dir='ltr'>ἀκούσιοι</span> <span class='ocrx_word' id='word_1_252' title='bbox 910 2003 1081 2052; x_wconf 77' lang='grc' dir='ltr'>οὐδαμῶς.</span> <span class='ocrx_word' id='word_1_253' title='bbox 1100 2001 1216 2041; x_wconf 68' lang='lat' dir='ltr'><strong>“sse-rs</strong></span> <span class='ocrx_word' id='word_1_254' title='bbox 1235 2005 1293 2043; x_wconf 82' lang='grc' dir='ltr'><strong>καὶ</strong></span> 
     </span>
     <span class='ocr_line' id='line_1_31' title="bbox 262 2061 1293 2114; baseline -0.003 -10"><span class='ocrx_word' id='word_1_255' title='bbox 262 2065 319 2104; x_wconf 80' lang='grc' dir='ltr'><strong>ἐπὶ</strong></span> <span class='ocrx_word' id='word_1_256' title='bbox 339 2067 406 2102; x_wconf 88' lang='grc' dir='ltr'><strong>τῶν</strong></span> <span class='ocrx_word' id='word_1_257' title='bbox 428 2063 543 2102; x_wconf 89' lang='grc' dir='ltr'>ἄλλων</span> <span class='ocrx_word' id='word_1_258' title='bbox 563 2063 668 2106; x_wconf 79' lang='grc' dir='ltr'>οὕτως</span> <span class='ocrx_word' id='word_1_259' title='bbox 689 2063 729 2100; x_wconf 83' lang='grc' dir='ltr'><strong>ἂν</strong></span> <span class='ocrx_word' id='word_1_260' title='bbox 752 2062 839 2114; x_wconf 87' lang='grc' dir='ltr'>ἔχοι·</span> <span class='ocrx_word' id='word_1_261' title='bbox 861 2062 901 2105; x_wconf 80' lang='grc' dir='ltr'><strong>ἃς</strong></span> <span class='ocrx_word' id='word_1_262' title='bbox 917 2061 979 2112; x_wconf 84' lang='grc' dir='ltr'><strong>μὲν</strong></span> <span class='ocrx_word' id='word_1_263' title='bbox 1000 2061 1067 2114; x_wconf 84' lang='grc' dir='ltr'>γὰρ</span> <span class='ocrx_word' id='word_1_264' title='bbox 1085 2062 1293 2114; x_wconf 83' lang='grc' dir='ltr'>κολάζομεν,</span> 
     </span>
     <span class='ocr_line' id='line_1_32' title="bbox 261 2117 1295 2175; baseline -0.001 -12"><span class='ocrx_word' id='word_1_265' title='bbox 261 2124 322 2163; x_wconf 89' lang='grc' dir='ltr'><strong>καὶ</strong></span> <span class='ocrx_word' id='word_1_266' title='bbox 356 2123 441 2175; x_wconf 78' lang='grc' dir='ltr'>ὑπὲρ</span> <span class='ocrx_word' id='word_1_267' title='bbox 460 2117 507 2161; x_wconf 58' lang='lat' dir='ltr'><strong>{fn</strong></span> <span class='ocrx_word' id='word_1_268' title='bbox 529 2124 562 2161; x_wconf 79' lang='grc' dir='ltr'><strong>αἱ</strong></span> <span class='ocrx_word' id='word_1_269' title='bbox 591 2123 780 2174; x_wconf 87' lang='grc' dir='ltr'>τιμωρίαι,</span> <span class='ocrx_word' id='word_1_270' title='bbox 804 2121 913 2159; x_wconf 84' lang='grc' dir='ltr'>πᾶσαί</span> <span class='ocrx_word' id='word_1_271' title='bbox 947 2123 1031 2159; x_wconf 83' lang='grc' dir='ltr'>εἰσιν</span> <span class='ocrx_word' id='word_1_272' title='bbox 1059 2121 1210 2161; x_wconf 84' lang='grc' dir='ltr'>ἑκούσιοι</span> <span class='ocrx_word' id='word_1_273' title='bbox 1236 2123 1295 2162; x_wconf 83' lang='grc' dir='ltr'><strong>καὶ</strong></span> 
     </span>
     <span class='ocr_line' id='line_1_33' title="bbox 262 2180 1292 2236; baseline 0.001 -16"><span class='ocrx_word' id='word_1_274' title='bbox 262 2182 313 2236; x_wconf 82' lang='grc' dir='ltr'><strong>ἐφ’</strong></span> <span class='ocrx_word' id='word_1_275' title='bbox 333 2185 417 2233; x_wconf 77' lang='grc' dir='ltr'>ἡμῖν</span> <span class='ocrx_word' id='word_1_276' title='bbox 431 2211 441 2230; x_wconf 90' lang='grc'>,</span> <span class='ocrx_word' id='word_1_277' title='bbox 462 2182 499 2220; x_wconf 75' lang='grc' dir='ltr'><strong>αἳ</strong></span> <span class='ocrx_word' id='word_1_278' title='bbox 519 2181 554 2220; x_wconf 84' lang='grc' dir='ltr'><strong>δὲ</strong></span> <span class='ocrx_word' id='word_1_279' title='bbox 572 2180 620 2232; x_wconf 79' lang='grc' dir='ltr'><strong>μὴ</strong></span> <span class='ocrx_word' id='word_1_280' title='bbox 643 2185 819 2227; x_wconf 83' lang='grc' dir='ltr'>τοιαῦται,</span> <span class='ocrx_word' id='word_1_281' title='bbox 843 2180 1013 2220; x_wconf 82' lang='grc' dir='ltr'>ἀκούσιοι.</span> <span class='ocrx_word' id='word_1_282' title='bbox 1033 2180 1077 2219; x_wconf 87' lang='grc' dir='ltr'>Ἣ</span> <span class='ocrx_word' id='word_1_283' title='bbox 1096 2181 1202 2220; x_wconf 86' lang='grc' dir='ltr'>κακία</span> <span class='ocrx_word' id='word_1_284' title='bbox 1224 2181 1292 2235; x_wconf 84' lang='grc' dir='ltr'><strong>ἄρα</strong></span> 
     </span>
     <span class='ocr_line' id='line_1_34' title="bbox 261 2241 425 2280; baseline 0 -1"><span class='ocrx_word' id='word_1_285' title='bbox 261 2241 425 2280; x_wconf 84' lang='grc' dir='ltr'>ἑκούσιον.</span> 
     </span>
    </p>

    <p class='ocr_par' dir='ltr' id='par_1_9' title="bbox 266 2296 1302 2699">
     <span class='ocr_line' id='line_1_35' title="bbox 316 2296 1295 2351; baseline -0.001 -13"><span class='ocrx_word' id='word_1_286' title='bbox 316 2299 332 2316; x_wconf 87' lang='lat'><strong>*</strong></span> <span class='ocrx_word' id='word_1_287' title='bbox 353 2299 457 2339; x_wconf 86' lang='grc' dir='ltr'>Δοκεῖ</span> <span class='ocrx_word' id='word_1_288' title='bbox 476 2298 512 2337; x_wconf 81' lang='grc' dir='ltr'><strong>δὲ</strong></span> <span class='ocrx_word' id='word_1_289' title='bbox 530 2300 581 2351; x_wconf 80' lang='grc' dir='ltr'>τῷ</span> <span class='ocrx_word' id='word_1_290' title='bbox 601 2296 694 2350; x_wconf 87' lang='grc' dir='ltr'>λόγῳ</span> <span class='ocrx_word' id='word_1_291' title='bbox 714 2299 823 2336; x_wconf 83' lang='grc' dir='ltr'>ἐκεῖνο</span> <span class='ocrx_word' id='word_1_292' title='bbox 843 2298 1093 2335; x_wconf 77' lang='grc' dir='ltr'>ἐναντιοῦσθαι·</span> <span class='ocrx_word' id='word_1_293' title='bbox 1114 2296 1167 2336; x_wconf 78' lang='grc' dir='ltr'><strong>ὅτι</strong></span> <span class='ocrx_word' id='word_1_294' title='bbox 1188 2301 1210 2344; x_wconf 83' lang='grc' dir='ltr'>ἡ</span> <span class='ocrx_word' id='word_1_295' title='bbox 1233 2298 1295 2349; x_wconf 87' lang='grc' dir='ltr'><strong>μὲν</strong></span> 
     </span>
     <span class='ocr_line' id='line_1_36' title="bbox 266 2356 1298 2409; baseline -0.003 -12"><span class='ocrx_word' id='word_1_296' title='bbox 266 2358 372 2397; x_wconf 85' lang='grc' dir='ltr'>κακία</span> <span class='ocrx_word' id='word_1_297' title='bbox 391 2357 521 2409; x_wconf 89' lang='grc' dir='ltr'>γίνεται</span> <span class='ocrx_word' id='word_1_298' title='bbox 545 2356 613 2394; x_wconf 86' lang='grc' dir='ltr'><strong>ἀπὸ</strong></span> <span class='ocrx_word' id='word_1_299' title='bbox 629 2360 689 2395; x_wconf 78' lang='grc' dir='ltr'><strong>τοῦ</strong></span> <span class='ocrx_word' id='word_1_300' title='bbox 712 2357 840 2394; x_wconf 87' lang='grc' dir='ltr'>τιθέναι</span> <span class='ocrx_word' id='word_1_301' title='bbox 859 2361 928 2399; x_wconf 85' lang='grc' dir='ltr'>τοῖς</span> <span class='ocrx_word' id='word_1_302' title='bbox 942 2356 1052 2407; x_wconf 87' lang='grc' dir='ltr'>ἔργοις</span> <span class='ocrx_word' id='word_1_303' title='bbox 1071 2356 1166 2399; x_wconf 82' lang='grc' dir='ltr'>τέλος</span> <span class='ocrx_word' id='word_1_304' title='bbox 1186 2371 1298 2404; x_wconf 92' lang='grc' dir='ltr'>πονη-</span> 
     </span>
     <span class='ocr_line' id='line_1_37' title="bbox 266 2413 1297 2468; baseline 0 -14"><span class='ocrx_word' id='word_1_305' title='bbox 266 2416 334 2468; x_wconf 89' lang='grc' dir='ltr'>ρόν·</span> <span class='ocrx_word' id='word_1_306' title='bbox 368 2420 468 2454; x_wconf 76' lang='grc' dir='ltr'>τοῦτο</span> <span class='ocrx_word' id='word_1_307' title='bbox 494 2415 528 2453; x_wconf 83' lang='grc' dir='ltr'><strong>δὲ</strong></span> <span class='ocrx_word' id='word_1_308' title='bbox 556 2414 687 2466; x_wconf 90' lang='grc' dir='ltr'>γίνεται</span> <span class='ocrx_word' id='word_1_309' title='bbox 717 2414 785 2453; x_wconf 89' lang='grc' dir='ltr'><strong>ἀπὸ</strong></span> <span class='ocrx_word' id='word_1_310' title='bbox 798 2417 856 2452; x_wconf 83' lang='grc' dir='ltr'><strong>τοῦ</strong></span> <span class='ocrx_word' id='word_1_311' title='bbox 877 2413 1060 2464; x_wconf 61' lang='grc' dir='ltr'>νομίζειν,</span> <span class='ocrx_word' id='word_1_312' title='bbox 1080 2413 1133 2452; x_wconf 85' lang='grc' dir='ltr'><strong>ὅτι</strong></span> <span class='ocrx_word' id='word_1_313' title='bbox 1169 2414 1297 2466; x_wconf 89' lang='grc' dir='ltr'>ἀγαθόν</span> 
     </span>
     <span class='ocr_line' id='line_1_38' title="bbox 266 2470 1298 2524; baseline -0.001 -11"><span class='ocrx_word' id='word_1_314' title='bbox 266 2477 354 2514; x_wconf 82' lang='grc' dir='ltr'>ἐστι·</span> <span class='ocrx_word' id='word_1_315' title='bbox 378 2474 418 2512; x_wconf 84' lang='grc' dir='ltr'>τὸ</span> <span class='ocrx_word' id='word_1_316' title='bbox 451 2473 486 2511; x_wconf 82' lang='grc' dir='ltr'><strong>δὲ</strong></span> <span class='ocrx_word' id='word_1_317' title='bbox 508 2473 656 2524; x_wconf 84' lang='grc' dir='ltr'>νομίζειν</span> <span class='ocrx_word' id='word_1_318' title='bbox 689 2473 727 2510; x_wconf 83' lang='grc' dir='ltr'>τὸ</span> <span class='ocrx_word' id='word_1_319' title='bbox 761 2471 909 2523; x_wconf 90' lang='grc' dir='ltr'>ἀγαθόν,</span> <span class='ocrx_word' id='word_1_320' title='bbox 937 2470 960 2518; x_wconf 83' lang='grc' dir='ltr'>ἢ</span> <span class='ocrx_word' id='word_1_321' title='bbox 991 2472 1212 2523; x_wconf 79' lang='grc' dir='ltr'>τούναντίον,</span> <span class='ocrx_word' id='word_1_322' title='bbox 1236 2475 1298 2512; x_wconf 85' lang='grc' dir='ltr'><strong>οὐκ</strong></span> 
     </span>
     <span class='ocr_line' id='line_1_39' title="bbox 267 2529 1300 2585; baseline -0.002 -13"><span class='ocrx_word' id='word_1_323' title='bbox 267 2533 359 2572; x_wconf 85' lang='grc' dir='ltr'>ἔστιν</span> <span class='ocrx_word' id='word_1_324' title='bbox 391 2534 443 2585; x_wconf 80' lang='grc' dir='ltr'><strong>ἐφ’</strong></span> <span class='ocrx_word' id='word_1_325' title='bbox 465 2535 563 2582; x_wconf 79' lang='grc' dir='ltr'>ἡμῖν.</span> <span class='ocrx_word' id='word_1_326' title='bbox 590 2532 723 2574; x_wconf 82' lang='grc' dir='ltr'>Πάντες</span> <span class='ocrx_word' id='word_1_327' title='bbox 741 2530 802 2581; x_wconf 83' lang='grc' dir='ltr'><strong>μὲν</strong></span> <span class='ocrx_word' id='word_1_328' title='bbox 825 2529 889 2582; x_wconf 78' lang='grc' dir='ltr'>γὰρ</span> <span class='ocrx_word' id='word_1_329' title='bbox 911 2530 1075 2582; x_wconf 82' lang='grc' dir='ltr'>ἐφιέμεθα</span> <span class='ocrx_word' id='word_1_330' title='bbox 1095 2535 1154 2569; x_wconf 79' lang='grc' dir='ltr'><strong>τοῦ</strong></span> <span class='ocrx_word' id='word_1_331' title='bbox 1175 2547 1300 2583; x_wconf 90' lang='grc' dir='ltr'>φαινο-</span> 
     </span>
     <span class='ocr_line' id='line_1_40' title="bbox 273 2588 1302 2642; baseline -0.001 -12"><span class='ocrx_word' id='word_1_332' title='bbox 273 2591 377 2641; x_wconf 79' lang='grc' dir='ltr'>μένου</span> <span class='ocrx_word' id='word_1_333' title='bbox 398 2592 543 2641; x_wconf 73' lang='grc' dir='ltr'>ἀγαθοῦ·</span> <span class='ocrx_word' id='word_1_334' title='bbox 568 2593 629 2636; x_wconf 74' lang='grc' dir='ltr'><strong>τῆς</strong></span> <span class='ocrx_word' id='word_1_335' title='bbox 649 2589 685 2628; x_wconf 82' lang='grc' dir='ltr'><strong>δὲ</strong></span> <span class='ocrx_word' id='word_1_336' title='bbox 708 2588 898 2642; x_wconf 86' lang='grc' dir='ltr'>φαντασίας</span> <span class='ocrx_word' id='word_1_337' title='bbox 918 2589 1046 2635; x_wconf 85' lang='grc' dir='ltr'>ταύτης</span> <span class='ocrx_word' id='word_1_338' title='bbox 1079 2591 1141 2627; x_wconf 80' lang='grc' dir='ltr'><strong>οὐκ</strong></span> <span class='ocrx_word' id='word_1_339' title='bbox 1172 2590 1302 2640; x_wconf 64' lang='grc' dir='ltr'>ἔσμὲνῑ</span> 
     </span>
     <span class='ocr_line' id='line_1_41' title="bbox 273 2646 1152 2699; baseline 0 -12"><span class='ocrx_word' id='word_1_340' title='bbox 273 2648 371 2687; x_wconf 73' lang='grc' dir='ltr'>αὐτοὶ</span> <span class='ocrx_word' id='word_1_341' title='bbox 390 2648 514 2699; x_wconf 86' lang='grc' dir='ltr'>κύριοι·</span> <span class='ocrx_word' id='word_1_342' title='bbox 539 2651 560 2694; x_wconf 88' lang='grc' dir='ltr'>ἠ</span> <span class='ocrx_word' id='word_1_343' title='bbox 578 2647 645 2698; x_wconf 91' lang='grc' dir='ltr'><strong>ἄρα</strong></span> <span class='ocrx_word' id='word_1_344' title='bbox 667 2647 773 2685; x_wconf 91' lang='grc' dir='ltr'>κακία</span> <span class='ocrx_word' id='word_1_345' title='bbox 793 2648 855 2685; x_wconf 80' lang='grc' dir='ltr'><strong>οὐκ</strong></span> <span class='ocrx_word' id='word_1_346' title='bbox 874 2646 965 2684; x_wconf 83' lang='grc' dir='ltr'>ἔστιν</span> <span class='ocrx_word' id='word_1_347' title='bbox 985 2647 1152 2687; x_wconf 83' lang='grc' dir='ltr'>ἑκούσιον.</span> 
     </span>
    </p>

    <p class='ocr_par' dir='ltr' id='par_1_10' title="bbox 322 2703 1300 2758">
     <span class='ocr_line' id='line_1_42' title="bbox 322 2703 1300 2758; baseline -0.001 -13"><span class='ocrx_word' id='word_1_348' title='bbox 322 2706 417 2757; x_wconf 84' lang='grc' dir='ltr'>Πρὸς</span> <span class='ocrx_word' id='word_1_349' title='bbox 433 2706 472 2752; x_wconf 85' lang='grc' dir='ltr'><strong>δὴ</strong></span> <span class='ocrx_word' id='word_1_350' title='bbox 493 2710 592 2744; x_wconf 75' lang='grc' dir='ltr'>τοῦτο</span> <span class='ocrx_word' id='word_1_351' title='bbox 613 2707 720 2744; x_wconf 81' lang='grc' dir='ltr'>ἐκεῖνο</span> <span class='ocrx_word' id='word_1_352' title='bbox 738 2704 899 2757; x_wconf 84' lang='grc' dir='ltr'>λέγομεν,</span> <span class='ocrx_word' id='word_1_353' title='bbox 919 2703 971 2743; x_wconf 75' lang='grc' dir='ltr'><strong>ὅτι</strong></span> <span class='ocrx_word' id='word_1_354' title='bbox 987 2705 1046 2743; x_wconf 80' lang='grc' dir='ltr'><strong>καὶ</strong></span> <span class='ocrx_word' id='word_1_355' title='bbox 1068 2705 1124 2743; x_wconf 77' lang='grc' dir='ltr'><strong>ἐπὶ</strong></span> <span class='ocrx_word' id='word_1_356' title='bbox 1137 2709 1197 2754; x_wconf 76' lang='grc' dir='ltr'><strong>τῆς</strong></span> <span class='ocrx_word' id='word_1_357' title='bbox 1218 2707 1300 2758; x_wconf 87' lang='grc' dir='ltr'>ἀρε-</span> 
     </span>
    </p>

    <p class='ocr_par' dir='ltr' id='par_1_11' title="bbox 269 2764 1307 3169">
     <span class='ocr_line' id='line_1_43' title="bbox 396 2764 1074 2781; baseline 0.004 -4"><span class='ocrx_word' id='word_1_358' title='bbox 396 2767 417 2776; x_wconf 75' lang='grc'><strong>...</strong></span> <span class='ocrx_word' id='word_1_359' title='bbox 773 2764 1074 2781; x_wconf 65' lang='lat'><strong>‚‚‚‚‚‚</strong></span> 
     </span>
     <span class='ocr_line' id='line_1_44' title="bbox 269 2821 1304 2875; baseline 0.001 -14"><span class='ocrx_word' id='word_1_360' title='bbox 269 2824 336 2875; x_wconf 85' lang='grc' dir='ltr'>γὰρ</span> <span class='ocrx_word' id='word_1_361' title='bbox 363 2823 454 2863; x_wconf 84' lang='grc' dir='ltr'>ἄκων</span> <span class='ocrx_word' id='word_1_362' title='bbox 492 2822 672 2873; x_wconf 83' lang='grc' dir='ltr'>μακάριος.</span> <span class='ocrx_word' id='word_1_363' title='bbox 705 2823 750 2861; x_wconf 81' lang='grc' dir='ltr'><strong>Εἰ</strong></span> <span class='ocrx_word' id='word_1_364' title='bbox 771 2821 831 2872; x_wconf 86' lang='grc' dir='ltr'><strong>μὲν</strong></span> <span class='ocrx_word' id='word_1_365' title='bbox 858 2821 925 2874; x_wconf 84' lang='grc' dir='ltr'>γὰρ</span> <span class='ocrx_word' id='word_1_366' title='bbox 951 2822 1021 2861; x_wconf 86' lang='grc' dir='ltr'><strong>ἀπὸ</strong></span> <span class='ocrx_word' id='word_1_367' title='bbox 1043 2826 1105 2870; x_wconf 77' lang='grc' dir='ltr'><strong>τῆς</strong></span> <span class='ocrx_word' id='word_1_368' title='bbox 1124 2823 1223 2868; x_wconf 79' lang='grc' dir='ltr'>ἕξεως</span> <span class='ocrx_word' id='word_1_369' title='bbox 1242 2827 1304 2870; x_wconf 79' lang='grc' dir='ltr'><strong>τῆς</strong></span> 
     </span>
     <span class='ocr_line' id='line_1_45' title="bbox 271 2880 1302 2933; baseline -0.001 -13"><span class='ocrx_word' id='word_1_370' title='bbox 271 2887 424 2933; x_wconf 81' lang='grc' dir='ltr'>πονηρᾶς</span> <span class='ocrx_word' id='word_1_371' title='bbox 448 2884 470 2927; x_wconf 83' lang='grc' dir='ltr'>ἡ</span> <span class='ocrx_word' id='word_1_372' title='bbox 492 2881 613 2930; x_wconf 88' lang='grc' dir='ltr'>ἄγνοια</span> <span class='ocrx_word' id='word_1_373' title='bbox 634 2880 765 2931; x_wconf 89' lang='grc' dir='ltr'>γίνεται</span> <span class='ocrx_word' id='word_1_374' title='bbox 796 2884 854 2918; x_wconf 79' lang='grc' dir='ltr'><strong>τοῦ</strong></span> <span class='ocrx_word' id='word_1_375' title='bbox 877 2883 1006 2931; x_wconf 85' lang='grc' dir='ltr'>ἀγαθοῦ</span> <span class='ocrx_word' id='word_1_376' title='bbox 1021 2911 1032 2929; x_wconf 91' lang='grc'>,</span> <span class='ocrx_word' id='word_1_377' title='bbox 1060 2882 1119 2919; x_wconf 83' lang='grc' dir='ltr'><strong>καὶ</strong></span> <span class='ocrx_word' id='word_1_378' title='bbox 1148 2882 1219 2919; x_wconf 81' lang='grc' dir='ltr'><strong>ἀπὸ</strong></span> <span class='ocrx_word' id='word_1_379' title='bbox 1240 2885 1302 2929; x_wconf 80' lang='grc' dir='ltr'><strong>τῆς</strong></span> 
     </span>
     <span class='ocr_line' id='line_1_46' title="bbox 271 2939 1304 2991; baseline 0 -13"><span class='ocrx_word' id='word_1_380' title='bbox 271 2943 402 2991; x_wconf 82' lang='grc' dir='ltr'>ἀγαθῆς</span> <span class='ocrx_word' id='word_1_381' title='bbox 421 2940 443 2985; x_wconf 79' lang='grc' dir='ltr'><strong>ἡ</strong></span> <span class='ocrx_word' id='word_1_382' title='bbox 464 2941 588 2989; x_wconf 86' lang='grc' dir='ltr'>γνῶσις</span> <span class='ocrx_word' id='word_1_383' title='bbox 615 2942 675 2975; x_wconf 78' lang='grc' dir='ltr'><strong>τοῦ</strong></span> <span class='ocrx_word' id='word_1_384' title='bbox 708 2940 851 2988; x_wconf 76' lang='grc' dir='ltr'>ἀγαθοῦ·</span> <span class='ocrx_word' id='word_1_385' title='bbox 886 2939 1031 2991; x_wconf 84' lang='grc' dir='ltr'>φανερὸν</span> <span class='ocrx_word' id='word_1_386' title='bbox 1063 2939 1117 2977; x_wconf 81' lang='grc' dir='ltr'><strong>ὅτι</strong></span> <span class='ocrx_word' id='word_1_387' title='bbox 1142 2940 1304 2984; x_wconf 84' lang='grc' dir='ltr'>ἑκουσίως</span> 
     </span>
     <span class='ocr_line' id='line_1_47' title="bbox 273 2996 1305 3051; baseline 0.001 -14"><span class='ocrx_word' id='word_1_388' title='bbox 273 2999 334 3038; x_wconf 81' lang='grc' dir='ltr'><strong>καὶ</strong></span> <span class='ocrx_word' id='word_1_389' title='bbox 355 2996 476 3050; x_wconf 79' lang='grc' dir='ltr'>ἀγαθοὶ</span> <span class='ocrx_word' id='word_1_390' title='bbox 494 2996 553 3035; x_wconf 74' lang='grc' dir='ltr'><strong>καὶ</strong></span> <span class='ocrx_word' id='word_1_391' title='bbox 573 2996 716 3047; x_wconf 81' lang='grc' dir='ltr'>πονηροὶ</span> <span class='ocrx_word' id='word_1_392' title='bbox 732 2997 911 3047; x_wconf 86' lang='grc' dir='ltr'>γινόμεθα·</span> <span class='ocrx_word' id='word_1_393' title='bbox 929 3001 990 3044; x_wconf 81' lang='grc' dir='ltr'>τ’ῆς</span> <span class='ocrx_word' id='word_1_394' title='bbox 1005 2998 1072 3050; x_wconf 87' lang='grc' dir='ltr'>γὰρ</span> <span class='ocrx_word' id='word_1_395' title='bbox 1089 2998 1189 3044; x_wconf 84' lang='grc' dir='ltr'>ἕξεως</span> <span class='ocrx_word' id='word_1_396' title='bbox 1205 3002 1305 3051; x_wconf 87' lang='grc' dir='ltr'>ἡμεῖς</span> 
     </span>
     <span class='ocr_line' id='line_1_48' title="bbox 272 3055 1306 3108; baseline 0.003 -15"><span class='ocrx_word' id='word_1_397' title='bbox 272 3060 358 3108; x_wconf 78' lang='grc' dir='ltr'>ἡμῖν</span> <span class='ocrx_word' id='word_1_398' title='bbox 387 3056 501 3099; x_wconf 76' lang='grc' dir='ltr'>αὐτοῖς</span> <span class='ocrx_word' id='word_1_399' title='bbox 533 3055 650 3094; x_wconf 86' lang='grc' dir='ltr'>αἴτιοι.</span> <span class='ocrx_word' id='word_1_400' title='bbox 687 3055 731 3092; x_wconf 78' lang='grc' dir='ltr'><strong>Εἰ</strong></span> <span class='ocrx_word' id='word_1_401' title='bbox 760 3055 795 3093; x_wconf 82' lang='grc' dir='ltr'><strong>δὲ</strong></span> <span class='ocrx_word' id='word_1_402' title='bbox 819 3059 842 3102; x_wconf 79' lang='grc' dir='ltr'>ἡ</span> <span class='ocrx_word' id='word_1_403' title='bbox 871 3059 995 3106; x_wconf 83' lang='grc' dir='ltr'>γνῶσις</span> <span class='ocrx_word' id='word_1_404' title='bbox 1013 3062 1073 3095; x_wconf 82' lang='grc' dir='ltr'><strong>τοῦ</strong></span> <span class='ocrx_word' id='word_1_405' title='bbox 1105 3056 1225 3101; x_wconf 84' lang='grc' dir='ltr'>τέλους</span> <span class='ocrx_word' id='word_1_406' title='bbox 1244 3060 1306 3097; x_wconf 78' lang='grc' dir='ltr'><strong>οὐκ</strong></span> 
     </span>
     <span class='ocr_line' id='line_1_49' title="bbox 275 3112 1307 3169; baseline 0.001 -16"><span class='ocrx_word' id='word_1_407' title='bbox 275 3115 368 3154; x_wconf 79' lang='grc' dir='ltr'>ἔστιν</span> <span class='ocrx_word' id='word_1_408' title='bbox 390 3114 458 3153; x_wconf 85' lang='grc' dir='ltr'><strong>ἀπὸ</strong></span> <span class='ocrx_word' id='word_1_409' title='bbox 476 3116 537 3159; x_wconf 75' lang='grc' dir='ltr'><strong>τῆς</strong></span> <span class='ocrx_word' id='word_1_410' title='bbox 554 3112 652 3157; x_wconf 81' lang='grc' dir='ltr'>ἕξεως</span> <span class='ocrx_word' id='word_1_411' title='bbox 670 3114 740 3151; x_wconf 78' lang='grc' dir='ltr'>οὐδ’</span> <span class='ocrx_word' id='word_1_412' title='bbox 764 3114 836 3152; x_wconf 87' lang='grc' dir='ltr'>ἔστι</span> <span class='ocrx_word' id='word_1_413' title='bbox 857 3115 1045 3166; x_wconf 80' lang='grc' dir='ltr'>προαιρετή</span> <span class='ocrx_word' id='word_1_414' title='bbox 1058 3145 1069 3162; x_wconf 93' lang='grc'>,</span> <span class='ocrx_word' id='word_1_415' title='bbox 1091 3116 1170 3153; x_wconf 83' lang='grc' dir='ltr'>ἀλλ’</span> <span class='ocrx_word' id='word_1_416' title='bbox 1190 3115 1307 3169; x_wconf 79' lang='grc' dir='ltr'>ὥσπερ</span> 
     </span>
    </p>
   </div>
   <div class='ocr_carea' id='block_1_9' title="bbox 773 3172 795 3181">
    <p class='ocr_par' dir='ltr' id='par_1_12' title="bbox 773 3172 795 3181">
     <span class='ocr_line' id='line_1_50' title="bbox 773 3172 795 3181; baseline 0 0"><span class='ocrx_word' id='word_1_417' title='bbox 773 3172 795 3181; x_wconf 70' lang='grc' dir='ltr'><strong><em>Ν</em></strong></span> 
     </span>
    </p>
   </div>
   <div class='ocr_carea' id='block_1_10' title="bbox 276 3170 1306 3226">
    <p class='ocr_par' dir='ltr' id='par_1_13' title="bbox 276 3170 1306 3226">
     <span class='ocr_line' id='line_1_51' title="bbox 276 3170 1306 3226; baseline 0.002 -16"><span class='ocrx_word' id='word_1_418' title='bbox 276 3173 354 3226; x_wconf 82' lang='grc' dir='ltr'>ὄψις</span> <span class='ocrx_word' id='word_1_419' title='bbox 375 3171 485 3223; x_wconf 78' lang='grc' dir='ltr'>ἀγαθὴ</span> <span class='ocrx_word' id='word_1_420' title='bbox 516 3170 539 3217; x_wconf 80' lang='grc' dir='ltr'>ἢ</span> <span class='ocrx_word' id='word_1_421' title='bbox 562 3170 646 3209; x_wconf 88' lang='grc' dir='ltr'>ἄλλο</span> <span class='ocrx_word' id='word_1_422' title='bbox 664 3172 722 3208; x_wconf 66' lang='grc' dir='ltr'><strong>τι3</strong></span> <span class='ocrx_word' id='word_1_423' title='bbox 749 3187 817 3208; x_wconf 89' lang='grc' dir='ltr'><strong>των</strong></span> <span class='ocrx_word' id='word_1_424' title='bbox 838 3174 990 3223; x_wconf 87' lang='grc' dir='ltr'>φυσικῶν</span> <span class='ocrx_word' id='word_1_425' title='bbox 1010 3173 1100 3211; x_wconf 81' lang='grc' dir='ltr'>ἐστιν</span> <span class='ocrx_word' id='word_1_426' title='bbox 1113 3203 1123 3221; x_wconf 88' lang='grc'>,</span> <span class='ocrx_word' id='word_1_427' title='bbox 1143 3172 1228 3226; x_wconf 82' lang='grc' dir='ltr'>ὅπερ</span> <span class='ocrx_word' id='word_1_428' title='bbox 1257 3181 1306 3225; x_wconf 86' lang='grc' dir='ltr'>μή</span> 
     </span>
    </p>
   </div>
   <div class='ocr_carea' id='block_1_11' title="bbox 278 3228 1309 3284">
    <p class='ocr_par' dir='ltr' id='par_1_14' title="bbox 278 3228 1309 3284">
     <span class='ocr_line' id='line_1_52' title="bbox 278 3228 1309 3284; baseline -0.001 -14"><span class='ocrx_word' id='word_1_429' title='bbox 278 3232 403 3284; x_wconf 87' lang='grc' dir='ltr'>ἔχοντα</span> <span class='ocrx_word' id='word_1_430' title='bbox 416 3231 478 3269; x_wconf 84' lang='grc' dir='ltr'><strong>οὐκ</strong></span> <span class='ocrx_word' id='word_1_431' title='bbox 499 3231 547 3267; x_wconf 87' lang='grc' dir='ltr'><strong>ἔνι</strong></span> <span class='ocrx_word' id='word_1_432' title='bbox 561 3228 682 3267; x_wconf 71' lang='grc' dir='ltr'>λαὸεῒν</span> <span class='ocrx_word' id='word_1_433' title='bbox 702 3228 864 3280; x_wconf 79' lang='grc' dir='ltr'>ἑτέρωθεν</span> <span class='ocrx_word' id='word_1_434' title='bbox 882 3260 891 3277; x_wconf 86' lang='grc'>,</span> <span class='ocrx_word' id='word_1_435' title='bbox 916 3229 991 3268; x_wconf 77' lang='grc' dir='ltr'>οὐδὲ</span> <span class='ocrx_word' id='word_1_436' title='bbox 1015 3230 1115 3269; x_wconf 75' lang='grc' dir='ltr'>αὐτόν</span> <span class='ocrx_word' id='word_1_437' title='bbox 1134 3246 1210 3269; x_wconf 89' lang='grc' dir='ltr'>τινα</span> <span class='ocrx_word' id='word_1_438' title='bbox 1230 3232 1309 3278; x_wconf 82' lang='grc' dir='ltr'>κτή-</span> 
     </span>
    </p>
   </div>
   <div class='ocr_carea' id='block_1_12' title="bbox 1079 224 1562 274">
    <p class='ocr_par' dir='ltr' id='par_1_15' title="bbox 1079 224 1562 274">
     <span class='ocr_line' id='line_1_53' title="bbox 1079 224 1562 274; baseline -0.002 -8"><span class='ocrx_word' id='word_1_439' title='bbox 1079 224 1354 274; x_wconf 83' lang='lat' dir='ltr'>ANDRONIGI</span> <span class='ocrx_word' id='word_1_440' title='bbox 1383 224 1562 266; x_wconf 88' lang='lat' dir='ltr'><strong>RHODII</strong></span> 
     </span>
    </p>
   </div>
   <div class='ocr_carea' id='block_1_13' title="bbox 1325 678 2384 725">
    <p class='ocr_par' dir='ltr' id='par_1_16' title="bbox 1325 678 2384 725">
     <span class='ocr_line' id='line_1_54' title="bbox 1325 678 2384 725; baseline -0.004 -9"><span class='ocrx_word' id='word_1_441' title='bbox 1325 704 1327 723; x_wconf 62' lang='lat'>3</span> <span class='ocrx_word' id='word_1_442' title='bbox 1350 693 1425 716; x_wconf 90' lang='lat' dir='ltr'><strong>men</strong></span> <span class='ocrx_word' id='word_1_443' title='bbox 1440 685 1554 725; x_wconf 88' lang='lat' dir='ltr'><strong>sponte</strong></span> <span class='ocrx_word' id='word_1_444' title='bbox 1573 684 1623 715; x_wconf 89' lang='lat' dir='ltr'><strong>est</strong></span> <span class='ocrx_word' id='word_1_445' title='bbox 1650 682 1828 724; x_wconf 88' lang='lat' dir='ltr'><strong>improbus.</strong></span> <span class='ocrx_word' id='word_1_446' title='bbox 1851 684 1933 714; x_wconf 88' lang='lat' dir='ltr'><strong>Nam</strong></span> <span class='ocrx_word' id='word_1_447' title='bbox 1949 684 1982 714; x_wconf 89' lang='lat' dir='ltr'><strong>et</strong></span> <span class='ocrx_word' id='word_1_448' title='bbox 2002 681 2061 724; x_wconf 90' lang='lat' dir='ltr'><strong>qui</strong></span> <span class='ocrx_word' id='word_1_449' title='bbox 2078 680 2170 714; x_wconf 87' lang='lat' dir='ltr'><strong>victu</strong></span> <span class='ocrx_word' id='word_1_450' title='bbox 2189 678 2297 712; x_wconf 86' lang='lat' dir='ltr'><strong>utitur</strong></span> <span class='ocrx_word' id='word_1_451' title='bbox 2310 687 2384 713; x_wconf 77' lang='lat' dir='ltr'><strong>eor-</strong></span> 
     </span>
    </p>
   </div>
   <div class='ocr_carea' id='block_1_14' title="bbox 2371 0 2508 2374">
    <p class='ocr_par' dir='ltr' id='par_1_17' title="bbox 2371 0 2508 2374">
     <span class='ocr_line' id='line_1_55' title="bbox 2371 0 2508 2374; baseline 0 0"><span class='ocrx_word' id='word_1_452' title='bbox 2371 0 2508 2374; x_wconf 95' lang='lat' dir='ltr'><strong> </strong></span> 
     </span>
    </p>
   </div>
   <div class='ocr_carea' id='block_1_15' title="bbox 1347 294 2406 362">
    <p class='ocr_par' dir='ltr' id='par_1_18' title="bbox 1347 294 2406 362">
     <span class='ocr_line' id='line_1_56' title="bbox 1347 294 2406 362; baseline -0.001 -10"><span class='ocrx_word' id='word_1_453' title='bbox 1347 319 1390 352; x_wconf 89' lang='lat' dir='ltr'><strong>ad</strong></span> <span class='ocrx_word' id='word_1_454' title='bbox 1408 319 1565 352; x_wconf 84' lang='lat' dir='ltr'><strong>virtutem</strong></span> <span class='ocrx_word' id='word_1_455' title='bbox 1579 316 1764 351; x_wconf 80' lang='lat' dir='ltr'><strong>referantur</strong></span> <span class='ocrx_word' id='word_1_456' title='bbox 1782 326 1790 347; x_wconf 68' lang='grc' dir='ltr'><strong><em>ε</em></strong></span> <span class='ocrx_word' id='word_1_457' title='bbox 1808 327 1911 360; x_wconf 89' lang='lat' dir='ltr'><strong>quum</strong></span> <span class='ocrx_word' id='word_1_458' title='bbox 1923 327 2003 352; x_wconf 82' lang='lat' dir='ltr'><strong>vero</strong></span> <span class='ocrx_word' id='word_1_459' title='bbox 2024 319 2144 358; x_wconf 86' lang='lat' dir='ltr'><strong>sciant,</strong></span> <span class='ocrx_word' id='word_1_460' title='bbox 2162 294 2378 362; x_wconf 48' lang='lat' dir='ltr'><strong>quarum&#39;l‘sss</strong></span> <span class='ocrx_word' id='word_1_461' title='bbox 2390 303 2406 343; x_wconf 51' lang='lat' dir='ltr'><em>s</em></span> 
     </span>
    </p>
   </div>
   <div class='ocr_carea' id='block_1_16' title="bbox 227 364 2495 599">
    <p class='ocr_par' dir='ltr' id='par_1_19' title="bbox 227 364 2495 599">
     <span class='ocr_line' id='line_1_57' title="bbox 1351 364 2479 418; baseline 0.001 -15"><span class='ocrx_word' id='word_1_462' title='bbox 1351 380 1424 403; x_wconf 90' lang='lat' dir='ltr'><strong>rum</strong></span> <span class='ocrx_word' id='word_1_463' title='bbox 1439 372 1565 403; x_wconf 75' lang='lat' dir='ltr'><strong>actores</strong></span> <span class='ocrx_word' id='word_1_464' title='bbox 1581 370 1646 402; x_wconf 88' lang='lat' dir='ltr'><strong>sint</strong></span> <span class='ocrx_word' id='word_1_465' title='bbox 1659 394 1667 409; x_wconf 89' lang='lat'><strong>,</strong></span> <span class='ocrx_word' id='word_1_466' title='bbox 1683 371 1797 411; x_wconf 88' lang='lat' dir='ltr'><strong>sponte</strong></span> <span class='ocrx_word' id='word_1_467' title='bbox 1822 370 1921 403; x_wconf 84' lang='lat' dir='ltr'><strong>etiam</strong></span> <span class='ocrx_word' id='word_1_468' title='bbox 1946 372 2004 403; x_wconf 87' lang='lat' dir='ltr'><strong>aut</strong></span> <span class='ocrx_word' id='word_1_469' title='bbox 2019 370 2095 404; x_wconf 90' lang='lat' dir='ltr'><strong>boni</strong></span> <span class='ocrx_word' id='word_1_470' title='bbox 2113 373 2199 409; x_wconf 87' lang='lat' dir='ltr'><strong>sunt,</strong></span> <span class='ocrx_word' id='word_1_471' title='bbox 2218 371 2276 403; x_wconf 80' lang='lat' dir='ltr'><strong>aut</strong></span> <span class='ocrx_word' id='word_1_472' title='bbox 2287 364 2376 404; x_wconf 65' lang='lat' dir='ltr'><strong>mffl.</strong></span> <span class='ocrx_word' id='word_1_473' title='bbox 2404 374 2417 418; x_wconf 56' lang='lat'><strong>·&#39;</strong></span> <span class='ocrx_word' id='word_1_474' title='bbox 2478 367 2479 370; x_wconf 64' lang='grc'>’</span> 
     </span>
     <span class='ocr_line' id='line_1_58' title="bbox 1323 415 2489 464; baseline 0.001 -10"><span class='ocrx_word' id='word_1_475' title='bbox 1323 448 1325 459; x_wconf 77' lang='grc'><strong>,</strong></span> <span class='ocrx_word' id='word_1_476' title='bbox 1349 422 1510 455; x_wconf 90' lang='lat' dir='ltr'>Nimirum</span> <span class='ocrx_word' id='word_1_477' title='bbox 1528 421 1624 454; x_wconf 85' lang='lat' dir='ltr'><strong>valde</strong></span> <span class='ocrx_word' id='word_1_478' title='bbox 1653 421 1832 454; x_wconf 90' lang='lat' dir='ltr'><strong>absurdum</strong></span> <span class='ocrx_word' id='word_1_479' title='bbox 1856 422 1923 461; x_wconf 85' lang='lat' dir='ltr'><strong>est,</strong></span> <span class='ocrx_word' id='word_1_480' title='bbox 1949 430 2025 454; x_wconf 89' lang='lat' dir='ltr'><strong>eum</strong></span> <span class='ocrx_word' id='word_1_481' title='bbox 2055 422 2115 464; x_wconf 85' lang='lat' dir='ltr'><strong>qui</strong></span> <span class='ocrx_word' id='word_1_482' title='bbox 2143 422 2265 464; x_wconf 79' lang='lat' dir='ltr'><strong>injuste</strong></span> <span class='ocrx_word' id='word_1_483' title='bbox 2287 419 2377 464; x_wconf 54' lang='lat' dir='ltr'><strong>affl.</strong></span> <span class='ocrx_word' id='word_1_484' title='bbox 2485 415 2489 430; x_wconf 82' lang='grc'><strong><em>’</em></strong></span> 
     </span>
     <span class='ocr_line' id='line_1_59' title="bbox 1349 468 2492 516; baseline -0.002 -10"><span class='ocrx_word' id='word_1_485' title='bbox 1349 474 1456 506; x_wconf 85' lang='lat' dir='ltr'><strong>dicere</strong></span> <span class='ocrx_word' id='word_1_486' title='bbox 1484 482 1519 506; x_wconf 85' lang='lat' dir='ltr'><strong>se</strong></span> <span class='ocrx_word' id='word_1_487' title='bbox 1550 473 1710 515; x_wconf 87' lang='lat' dir='ltr'><strong>injustum</strong></span> <span class='ocrx_word' id='word_1_488' title='bbox 1735 482 1806 506; x_wconf 90' lang='lat' dir='ltr'><strong>esse</strong></span> <span class='ocrx_word' id='word_1_489' title='bbox 1835 473 1944 512; x_wconf 90' lang='lat' dir='ltr'><strong>nolle,</strong></span> <span class='ocrx_word' id='word_1_490' title='bbox 1971 474 2028 506; x_wconf 87' lang='lat' dir='ltr'><strong>aut</strong></span> <span class='ocrx_word' id='word_1_491' title='bbox 2053 473 2111 515; x_wconf 89' lang='lat' dir='ltr'><strong>qui</strong></span> <span class='ocrx_word' id='word_1_492' title='bbox 2127 473 2379 516; x_wconf 68' lang='lat' dir='ltr'><strong>intemperanter</strong></span> <span class='ocrx_word' id='word_1_493' title='bbox 2425 492 2427 495; x_wconf 68' lang='grc'><strong><em>»</em></strong></span> <span class='ocrx_word' id='word_1_494' title='bbox 2483 468 2492 512; x_wconf 63' lang='grc' dir='ltr'>ξ</span> 
     </span>
     <span class='ocr_line' id='line_1_60' title="bbox 227 525 2495 599; baseline -0.003 -37"><span class='ocrx_word' id='word_1_495' title='bbox 227 593 230 596; x_wconf 28' lang='lat'><em>⁴</em></span> <span class='ocrx_word' id='word_1_496' title='bbox 257 549 295 586; x_wconf 67' lang='grc' dir='ltr'><strong>οὔ</strong></span> <span class='ocrx_word' id='word_1_497' title='bbox 317 547 459 585; x_wconf 64' lang='grc' dir='ltr'>δύναται</span> <span class='ocrx_word' id='word_1_498' title='bbox 477 548 527 599; x_wconf 68' lang='grc' dir='ltr'><strong>τῷ</strong></span> <span class='ocrx_word' id='word_1_499' title='bbox 555 550 683 599; x_wconf 72' lang='grc' dir='ltr'>μακρῷ</span> <span class='ocrx_word' id='word_1_500' title='bbox 706 545 775 585; x_wconf 58' lang='grc' dir='ltr'>ἔθει</span> <span class='ocrx_word' id='word_1_501' title='bbox 805 544 1061 598; x_wconf 64' lang='grc' dir='ltr'>κρατούμενος,</span> <span class='ocrx_word' id='word_1_502' title='bbox 1089 546 1148 585; x_wconf 64' lang='grc' dir='ltr'><strong>καὶ</strong></span> <span class='ocrx_word' id='word_1_503' title='bbox 1182 545 1288 589; x_wconf 64' lang='grc' dir='ltr'>οὕτως</span> <span class='ocrx_word' id='word_1_504' title='bbox 1324 539 1325 565; x_wconf 73' lang='grc'>;</span> <span class='ocrx_word' id='word_1_505' title='bbox 1350 526 1418 568; x_wconf 86' lang='lat' dir='ltr'><strong>agit</strong></span> <span class='ocrx_word' id='word_1_506' title='bbox 1447 526 1717 568; x_wconf 81' lang='lat' dir='ltr'><strong>intemperantem</strong></span> <span class='ocrx_word' id='word_1_507' title='bbox 1736 534 1806 558; x_wconf 87' lang='lat' dir='ltr'><strong>esse</strong></span> <span class='ocrx_word' id='word_1_508' title='bbox 1833 526 1926 558; x_wconf 87' lang='lat' dir='ltr'><strong>nolle.</strong></span> <span class='ocrx_word' id='word_1_509' title='bbox 1952 525 2111 564; x_wconf 84' lang='lat' dir='ltr'><strong>Quamvis</strong></span> <span class='ocrx_word' id='word_1_510' title='bbox 2136 525 2223 558; x_wconf 85' lang='lat' dir='ltr'><strong>enim</strong></span> <span class='ocrx_word' id='word_1_511' title='bbox 2239 525 2380 568; x_wconf 57' lang='lat' dir='ltr'><strong>nequeat</strong></span> <span class='ocrx_word' id='word_1_512' title='bbox 2427 560 2431 563; x_wconf 53' lang='grc'>,</span> <span class='ocrx_word' id='word_1_513' title='bbox 2489 529 2495 571; x_wconf 56' lang='grc' dir='ltr'>ᾗ</span> 
     </span>
    </p>
   </div>
   <div class='ocr_carea' id='block_1_17' title="bbox 256 575 2227 657">
    <p class='ocr_par' dir='ltr' id='par_1_20' title="bbox 256 575 2227 657">
     <span class='ocr_line' id='line_1_61' title="bbox 256 575 2227 657; baseline -0.003 -40"><span class='ocrx_word' id='word_1_514' title='bbox 256 604 342 643; x_wconf 67' lang='grc' dir='ltr'>ἑκών</span> <span class='ocrx_word' id='word_1_515' title='bbox 363 606 436 643; x_wconf 63' lang='grc' dir='ltr'>ἐστι</span> <span class='ocrx_word' id='word_1_516' title='bbox 454 604 614 657; x_wconf 43' lang='grc' dir='ltr'>πονηρός.</span> <span class='ocrx_word' id='word_1_517' title='bbox 633 604 704 643; x_wconf 50' lang='grc' dir='ltr'><strong>Καὶ</strong></span> <span class='ocrx_word' id='word_1_518' title='bbox 720 603 786 656; x_wconf 63' lang='grc' dir='ltr'><strong>γὰρ</strong></span> <span class='ocrx_word' id='word_1_519' title='bbox 807 604 867 642; x_wconf 61' lang='grc' dir='ltr'><strong>καὶ</strong></span> <span class='ocrx_word' id='word_1_520' title='bbox 885 606 902 641; x_wconf 71' lang='grc' dir='ltr'><strong><em>ὃ</em></strong></span> <span class='ocrx_word' id='word_1_521' title='bbox 922 603 1036 657; x_wconf 55' lang='grc' dir='ltr'>διαίτῃ</span> <span class='ocrx_word' id='word_1_522' title='bbox 1057 604 1288 656; x_wconf 58' lang='grc' dir='ltr'>διεφθαρμένῃ</span> <span class='ocrx_word' id='word_1_523' title='bbox 1325 609 1327 647; x_wconf 43' lang='lat'><em>3</em></span> <span class='ocrx_word' id='word_1_524' title='bbox 1350 576 1379 611; x_wconf 83' lang='lat' dir='ltr'><strong>si</strong></span> <span class='ocrx_word' id='word_1_525' title='bbox 1402 577 1502 616; x_wconf 90' lang='lat' dir='ltr'><strong>velit,</strong></span> <span class='ocrx_word' id='word_1_526' title='bbox 1524 579 1699 620; x_wconf 82' lang='lat' dir='ltr'><strong>postquam</strong></span> <span class='ocrx_word' id='word_1_527' title='bbox 1719 577 1875 610; x_wconf 88' lang='lat' dir='ltr'><strong>diuturna</strong></span> <span class='ocrx_word' id='word_1_528' title='bbox 1893 577 1973 609; x_wconf 85' lang='lat' dir='ltr'><strong>illa</strong></span> <span class='ocrx_word' id='word_1_529' title='bbox 1963 586 2031 618; x_wconf 75' lang='lat' dir='ltr'><strong>jam</strong></span> <span class='ocrx_word' id='word_1_530' title='bbox 2052 575 2163 610; x_wconf 83' lang='lat' dir='ltr'><strong>victus</strong></span> <span class='ocrx_word' id='word_1_531' title='bbox 2176 577 2227 611; x_wconf 77' lang='lat' dir='ltr'><strong>est</strong></span> 
     </span>
    </p>
   </div>
   <div class='ocr_carea' id='block_1_18' title="bbox 1351 615 2380 672">
    <p class='ocr_par' dir='ltr' id='par_1_21' title="bbox 1351 615 2380 672">
     <span class='ocr_line' id='line_1_62' title="bbox 1351 615 2380 672; baseline -0.001 -10"><span class='ocrx_word' id='word_1_532' title='bbox 1351 630 1479 669; x_wconf 86' lang='lat' dir='ltr'><strong>tudine,</strong></span> <span class='ocrx_word' id='word_1_533' title='bbox 1505 632 1562 663; x_wconf 87' lang='lat' dir='ltr'><strong>aut</strong></span> <span class='ocrx_word' id='word_1_534' title='bbox 1576 630 1687 672; x_wconf 83' lang='lat' dir='ltr'><strong>justus</strong></span> <span class='ocrx_word' id='word_1_535' title='bbox 1711 639 1781 663; x_wconf 87' lang='lat' dir='ltr'><strong>esse</strong></span> <span class='ocrx_word' id='word_1_536' title='bbox 1797 632 1855 663; x_wconf 91' lang='lat' dir='ltr'><strong>aut</strong></span> <span class='ocrx_word' id='word_1_537' title='bbox 1873 632 2078 671; x_wconf 79' lang='lat' dir='ltr'><strong>temperans,</strong></span> <span class='ocrx_word' id='word_1_538' title='bbox 2103 615 2316 662; x_wconf 73' lang='lat' dir='ltr'><strong>nibilominus</strong></span> <span class='ocrx_word' id='word_1_539' title='bbox 2329 629 2380 661; x_wconf 78' lang='lat' dir='ltr'><strong>ta-</strong></span> 
     </span>
    </p>
   </div>
   <div class='ocr_carea' id='block_1_19' title="bbox 1350 720 2385 1142">
    <p class='ocr_par' dir='ltr' id='par_1_22' title="bbox 1350 720 2385 1142">
     <span class='ocr_line' id='line_1_63' title="bbox 1351 720 2383 776; baseline -0.003 -9"><span class='ocrx_word' id='word_1_540' title='bbox 1351 736 1469 776; x_wconf 85' lang='lat' dir='ltr'><strong>rupto,</strong></span> <span class='ocrx_word' id='word_1_541' title='bbox 1486 743 1591 776; x_wconf 89' lang='lat' dir='ltr'><strong>neque</strong></span> <span class='ocrx_word' id='word_1_542' title='bbox 1613 743 1736 767; x_wconf 90' lang='lat' dir='ltr'><strong>morem</strong></span> <span class='ocrx_word' id='word_1_543' title='bbox 1750 733 1832 775; x_wconf 76' lang='lat' dir='ltr'><strong>gerit</strong></span> <span class='ocrx_word' id='word_1_544' title='bbox 1847 733 2002 772; x_wconf 86' lang='lat' dir='ltr'><strong>medicis,</strong></span> <span class='ocrx_word' id='word_1_545' title='bbox 2021 731 2182 774; x_wconf 77' lang='lat' dir='ltr'><strong>ideoque</strong></span> <span class='ocrx_word' id='word_1_546' title='bbox 2172 741 2207 764; x_wconf 85' lang='lat' dir='ltr'><strong>m</strong></span> <span class='ocrx_word' id='word_1_547' title='bbox 2229 720 2383 765; x_wconf 81' lang='lat' dir='ltr'><strong>morbum</strong></span> 
     </span>
     <span class='ocr_line' id='line_1_64' title="bbox 1351 782 2385 829; baseline -0.003 -9"><span class='ocrx_word' id='word_1_548' title='bbox 1351 787 1481 826; x_wconf 84' lang='lat' dir='ltr'><strong>incidit,</strong></span> <span class='ocrx_word' id='word_1_549' title='bbox 1498 789 1612 829; x_wconf 90' lang='lat' dir='ltr'><strong>sponte</strong></span> <span class='ocrx_word' id='word_1_550' title='bbox 1628 789 1716 820; x_wconf 88' lang='lat' dir='ltr'><strong>certe</strong></span> <span class='ocrx_word' id='word_1_551' title='bbox 1731 788 1891 827; x_wconf 86' lang='lat' dir='ltr'><strong>aegrotat.</strong></span> <span class='ocrx_word' id='word_1_552' title='bbox 1907 787 1984 828; x_wconf 91' lang='lat' dir='ltr'><strong>quia</strong></span> <span class='ocrx_word' id='word_1_553' title='bbox 1994 785 2127 819; x_wconf 86' lang='lat' dir='ltr'><strong>vivendi</strong></span> <span class='ocrx_word' id='word_1_554' title='bbox 2139 793 2242 827; x_wconf 85' lang='lat' dir='ltr'><strong>genus</strong></span> <span class='ocrx_word' id='word_1_555' title='bbox 2253 782 2308 818; x_wconf 74' lang='lat' dir='ltr'><strong>ab</strong></span> <span class='ocrx_word' id='word_1_556' title='bbox 2312 783 2385 826; x_wconf 70' lang='lat' dir='ltr'><strong>ejus</strong></span> 
     </span>
     <span class='ocr_line' id='line_1_65' title="bbox 1350 836 2385 881; baseline -0.003 -8"><span class='ocrx_word' id='word_1_557' title='bbox 1350 840 1520 873; x_wconf 83' lang='lat' dir='ltr'><strong>voluntate</strong></span> <span class='ocrx_word' id='word_1_558' title='bbox 1551 838 1818 881; x_wconf 85' lang='lat' dir='ltr'><strong>proficiscebatur</strong></span> <span class='ocrx_word' id='word_1_559' title='bbox 1834 853 1843 872; x_wconf 67' lang='grc' dir='ltr'><strong>ι</strong></span> <span class='ocrx_word' id='word_1_560' title='bbox 1862 840 1894 871; x_wconf 92' lang='lat' dir='ltr'><strong>et</strong></span> <span class='ocrx_word' id='word_1_561' title='bbox 1915 847 2020 880; x_wconf 90' lang='lat' dir='ltr'><strong>quum</strong></span> <span class='ocrx_word' id='word_1_562' title='bbox 2044 837 2178 879; x_wconf 83' lang='lat' dir='ltr'><strong>defungi</strong></span> <span class='ocrx_word' id='word_1_563' title='bbox 2197 836 2385 871; x_wconf 68' lang='lat' dir='ltr'><strong>morbo&#39;v‘e-</strong></span> 
     </span>
     <span class='ocr_line' id='line_1_66' title="bbox 1351 889 2377 933; baseline 0 -9"><span class='ocrx_word' id='word_1_564' title='bbox 1351 891 1408 930; x_wconf 85' lang='lat' dir='ltr'><strong>lit,</strong></span> <span class='ocrx_word' id='word_1_565' title='bbox 1429 893 1500 924; x_wconf 90' lang='lat' dir='ltr'><strong>&#39;non</strong></span> <span class='ocrx_word' id='word_1_566' title='bbox 1519 891 1660 933; x_wconf 87' lang='lat' dir='ltr'><strong>amplius</strong></span> <span class='ocrx_word' id='word_1_567' title='bbox 1677 892 1785 933; x_wconf 87' lang='lat' dir='ltr'><strong>potest</strong></span> <span class='ocrx_word' id='word_1_568' title='bbox 1804 901 1810 922; x_wconf 93' lang='lat'>:</span> <span class='ocrx_word' id='word_1_569' title='bbox 1832 891 1953 932; x_wconf 88' lang='lat' dir='ltr'><strong>quippe</strong></span> <span class='ocrx_word' id='word_1_570' title='bbox 1973 890 2167 932; x_wconf 83' lang='lat' dir='ltr'><strong>priusquam</strong></span> <span class='ocrx_word' id='word_1_571' title='bbox 2181 889 2377 931; x_wconf 69' lang='lat' dir='ltr'><strong>aegrotmt,</strong></span> 
     </span>
     <span class='ocr_line' id='line_1_67' title="bbox 1352 942 2384 983; baseline -0.002 -7"><span class='ocrx_word' id='word_1_572' title='bbox 1352 943 1454 977; x_wconf 85' lang='lat' dir='ltr'><strong>situm</strong></span> <span class='ocrx_word' id='word_1_573' title='bbox 1474 943 1508 976; x_wconf 89' lang='lat' dir='ltr'><strong>in</strong></span> <span class='ocrx_word' id='word_1_574' title='bbox 1521 953 1559 977; x_wconf 90' lang='lat' dir='ltr'><strong>eo</strong></span> <span class='ocrx_word' id='word_1_575' title='bbox 1578 945 1664 982; x_wconf 88' lang='lat' dir='ltr'><strong>erat,</strong></span> <span class='ocrx_word' id='word_1_576' title='bbox 1690 944 1729 975; x_wconf 92' lang='lat' dir='ltr'><strong>ut</strong></span> <span class='ocrx_word' id='word_1_577' title='bbox 1746 942 1968 976; x_wconf 83' lang='lat' dir='ltr'><strong>valetudinem</strong></span> <span class='ocrx_word' id='word_1_578' title='bbox 1984 943 2135 975; x_wconf 90' lang='lat' dir='ltr'><strong>tueretur</strong></span> <span class='ocrx_word' id='word_1_579' title='bbox 2161 954 2169 974; x_wconf 76' lang='grc' dir='ltr'><strong>ι</strong></span> <span class='ocrx_word' id='word_1_580' title='bbox 2189 950 2294 983; x_wconf 85' lang='lat' dir='ltr'><strong>quum</strong></span> <span class='ocrx_word' id='word_1_581' title='bbox 2305 943 2384 974; x_wconf 70' lang='lat' dir='ltr'><strong>vero</strong></span> 
     </span>
     <span class='ocr_line' id='line_1_68' title="bbox 1352 991 2385 1037; baseline -0.003 -9"><span class='ocrx_word' id='word_1_582' title='bbox 1352 996 1452 1029; x_wconf 85' lang='lat' dir='ltr'><strong>semel</strong></span> <span class='ocrx_word' id='word_1_583' title='bbox 1470 1004 1542 1028; x_wconf 86' lang='lat' dir='ltr'><strong>eam</strong></span> <span class='ocrx_word' id='word_1_584' title='bbox 1557 1004 1615 1037; x_wconf 90' lang='lat' dir='ltr'><strong>per</strong></span> <span class='ocrx_word' id='word_1_585' title='bbox 1638 995 1747 1028; x_wconf 88' lang='lat' dir='ltr'><strong>victus</strong></span> <span class='ocrx_word' id='word_1_586' title='bbox 1765 994 2031 1027; x_wconf 82' lang='lat' dir='ltr'><strong>incontinentiam</strong></span> <span class='ocrx_word' id='word_1_587' title='bbox 2061 991 2295 1035; x_wconf 75' lang='lat' dir='ltr'><strong>pessumdedit,</strong></span> <span class='ocrx_word' id='word_1_588' title='bbox 2321 1001 2385 1025; x_wconf 81' lang='lat' dir='ltr'><strong>non</strong></span> 
     </span>
     <span class='ocr_line' id='line_1_69' title="bbox 1353 1042 2381 1086; baseline -0.003 -6"><span class='ocrx_word' id='word_1_589' title='bbox 1353 1050 1402 1080; x_wconf 88' lang='lat' dir='ltr'><strong>est</strong></span> <span class='ocrx_word' id='word_1_590' title='bbox 1420 1048 1454 1080; x_wconf 92' lang='lat' dir='ltr'><strong>in</strong></span> <span class='ocrx_word' id='word_1_591' title='bbox 1468 1056 1506 1080; x_wconf 92' lang='lat' dir='ltr'><strong>eo</strong></span> <span class='ocrx_word' id='word_1_592' title='bbox 1526 1047 1643 1084; x_wconf 86' lang='lat' dir='ltr'><strong>situm,</strong></span> <span class='ocrx_word' id='word_1_593' title='bbox 1660 1047 1699 1078; x_wconf 93' lang='lat' dir='ltr'><strong>ut</strong></span> <span class='ocrx_word' id='word_1_594' title='bbox 1721 1045 1894 1078; x_wconf 88' lang='lat' dir='ltr'><strong>sanitatem</strong></span> <span class='ocrx_word' id='word_1_595' title='bbox 1911 1045 2076 1078; x_wconf 86' lang='lat' dir='ltr'><strong>restituat.</strong></span> <span class='ocrx_word' id='word_1_596' title='bbox 2097 1042 2381 1086; x_wconf 69' lang='lat' dir='ltr'><strong>Quemadmodum</strong></span> 
     </span>
     <span class='ocr_line' id='line_1_70' title="bbox 1351 1095 2384 1142; baseline -0.003 -10"><span class='ocrx_word' id='word_1_597' title='bbox 1351 1101 1459 1142; x_wconf 84' lang='lat' dir='ltr'><strong>potest</strong></span> <span class='ocrx_word' id='word_1_598' title='bbox 1474 1099 1595 1141; x_wconf 87' lang='lat' dir='ltr'><strong>aliquis</strong></span> <span class='ocrx_word' id='word_1_599' title='bbox 1613 1098 1757 1140; x_wconf 88' lang='lat' dir='ltr'><strong>lapidem</strong></span> <span class='ocrx_word' id='word_1_600' title='bbox 1782 1098 1816 1130; x_wconf 94' lang='lat' dir='ltr'><strong>in</strong></span> <span class='ocrx_word' id='word_1_601' title='bbox 1828 1107 1919 1130; x_wconf 88' lang='lat' dir='ltr'><strong>mare</strong></span> <span class='ocrx_word' id='word_1_602' title='bbox 1943 1097 2119 1139; x_wconf 84' lang='lat' dir='ltr'><strong>projicere,</strong></span> <span class='ocrx_word' id='word_1_603' title='bbox 2146 1095 2207 1129; x_wconf 87' lang='lat' dir='ltr'><strong>ubi</strong></span> <span class='ocrx_word' id='word_1_604' title='bbox 2221 1105 2302 1130; x_wconf 80' lang='lat' dir='ltr'><strong>vero</strong></span> <span class='ocrx_word' id='word_1_605' title='bbox 2312 1095 2384 1141; x_wconf 69' lang='lat' dir='ltr'><strong>iam</strong></span> 
     </span>
    </p>
   </div>
   <div class='ocr_carea' id='block_1_20' title="bbox 1351 1197 2390 1399">
    <p class='ocr_par' dir='ltr' id='par_1_23' title="bbox 1351 1197 2390 1399">
     <span class='ocr_line' id='line_1_71' title="bbox 1352 1197 2386 1247; baseline -0.005 -9"><span class='ocrx_word' id='word_1_606' title='bbox 1352 1204 1493 1247; x_wconf 84' lang='lat' dir='ltr'><strong>lapidem</strong></span> <span class='ocrx_word' id='word_1_607' title='bbox 1507 1229 1515 1242; x_wconf 93' lang='lat'>‚</span> <span class='ocrx_word' id='word_1_608' title='bbox 1542 1203 1621 1245; x_wconf 82' lang='lat' dir='ltr'><strong>quia</strong></span> <span class='ocrx_word' id='word_1_609' title='bbox 1647 1202 1681 1234; x_wconf 92' lang='lat' dir='ltr'><strong>in</strong></span> <span class='ocrx_word' id='word_1_610' title='bbox 1698 1202 1768 1243; x_wconf 85' lang='lat' dir='ltr'><strong>ejus</strong></span> <span class='ocrx_word' id='word_1_611' title='bbox 1783 1202 1947 1243; x_wconf 83' lang='lat' dir='ltr'><strong>potestate</strong></span> <span class='ocrx_word' id='word_1_612' title='bbox 1975 1202 2067 1242; x_wconf 86' lang='lat' dir='ltr'><strong>erat,</strong></span> <span class='ocrx_word' id='word_1_613' title='bbox 2090 1199 2224 1234; x_wconf 84' lang='lat' dir='ltr'><strong>mittere</strong></span> <span class='ocrx_word' id='word_1_614' title='bbox 2245 1201 2304 1234; x_wconf 74' lang='lat' dir='ltr'><strong>aut</strong></span> <span class='ocrx_word' id='word_1_615' title='bbox 2321 1197 2386 1233; x_wconf 68' lang='lat' dir='ltr'><strong>non</strong></span> 
     </span>
     <span class='ocr_line' id='line_1_72' title="bbox 1351 1250 2384 1295; baseline -0.005 -6"><span class='ocrx_word' id='word_1_616' title='bbox 1351 1256 1502 1289; x_wconf 83' lang='lat' dir='ltr'><strong>mittere:</strong></span> <span class='ocrx_word' id='word_1_617' title='bbox 1516 1254 1563 1287; x_wconf 86' lang='lat' dir='ltr'><strong>sic</strong></span> <span class='ocrx_word' id='word_1_618' title='bbox 1574 1263 1650 1295; x_wconf 85' lang='lat' dir='ltr'><strong>ergo</strong></span> <span class='ocrx_word' id='word_1_619' title='bbox 1664 1253 1777 1294; x_wconf 83' lang='lat' dir='ltr'><strong>injusti</strong></span> <span class='ocrx_word' id='word_1_620' title='bbox 1791 1254 1825 1285; x_wconf 90' lang='lat' dir='ltr'><strong>et</strong></span> <span class='ocrx_word' id='word_1_621' title='bbox 1842 1252 2088 1294; x_wconf 82' lang='lat' dir='ltr'><strong>intemperantis</strong></span> <span class='ocrx_word' id='word_1_622' title='bbox 2101 1251 2217 1285; x_wconf 80' lang='lat' dir='ltr'><strong>eadem</strong></span> <span class='ocrx_word' id='word_1_623' title='bbox 2226 1250 2312 1285; x_wconf 72' lang='lat' dir='ltr'><strong>ratio</strong></span> <span class='ocrx_word' id='word_1_624' title='bbox 2323 1252 2384 1284; x_wconf 79' lang='lat' dir='ltr'><strong>est·</strong></span> 
     </span>
     <span class='ocr_line' id='line_1_73' title="bbox 1351 1302 2384 1350; baseline -0.003 -9"><span class='ocrx_word' id='word_1_625' title='bbox 1351 1309 1549 1350; x_wconf 83' lang='lat' dir='ltr'><strong>Priusquam</strong></span> <span class='ocrx_word' id='word_1_626' title='bbox 1561 1307 1648 1340; x_wconf 92' lang='lat' dir='ltr'><strong>enim</strong></span> <span class='ocrx_word' id='word_1_627' title='bbox 1662 1305 1774 1339; x_wconf 84' lang='lat' dir='ltr'><strong>vitiosi</strong></span> <span class='ocrx_word' id='word_1_628' title='bbox 1793 1307 1870 1338; x_wconf 91' lang='lat' dir='ltr'><strong>sunt</strong></span> <span class='ocrx_word' id='word_1_629' title='bbox 1885 1307 1918 1338; x_wconf 85' lang='lat' dir='ltr'><strong>et</strong></span> <span class='ocrx_word' id='word_1_630' title='bbox 1933 1305 1976 1337; x_wconf 86' lang='lat' dir='ltr'><strong>ad</strong></span> <span class='ocrx_word' id='word_1_631' title='bbox 1991 1305 2080 1337; x_wconf 89' lang='lat' dir='ltr'><strong>hunc</strong></span> <span class='ocrx_word' id='word_1_632' title='bbox 2091 1304 2247 1337; x_wconf 85' lang='lat' dir='ltr'><strong>habitum</strong></span> <span class='ocrx_word' id='word_1_633' title='bbox 2266 1302 2384 1346; x_wconf 65' lang='lat' dir='ltr'><strong>pervo-</strong></span> 
     </span>
     <span class='ocr_line' id='line_1_74' title="bbox 1352 1355 2390 1399; baseline -0.004 -6"><span class='ocrx_word' id='word_1_634' title='bbox 1352 1363 1488 1399; x_wconf 89' lang='lat' dir='ltr'><strong>nerunt,</strong></span> <span class='ocrx_word' id='word_1_635' title='bbox 1514 1359 1633 1392; x_wconf 88' lang='lat' dir='ltr'><strong>licebat</strong></span> <span class='ocrx_word' id='word_1_636' title='bbox 1647 1368 1714 1391; x_wconf 92' lang='lat' dir='ltr'><strong>non</strong></span> <span class='ocrx_word' id='word_1_637' title='bbox 1735 1367 1808 1391; x_wconf 88' lang='lat' dir='ltr'><strong>esse</strong></span> <span class='ocrx_word' id='word_1_638' title='bbox 1824 1358 1971 1398; x_wconf 78' lang='lat' dir='ltr'><strong>vitiosis3</strong></span> <span class='ocrx_word' id='word_1_639' title='bbox 1985 1359 2163 1399; x_wconf 88' lang='lat' dir='ltr'><strong>postquam</strong></span> <span class='ocrx_word' id='word_1_640' title='bbox 2176 1355 2390 1390; x_wconf 65' lang='lat' dir='ltr'><strong>autumnos</strong></span> 
     </span>
    </p>
   </div>
   <div class='ocr_carea' id='block_1_21' title="bbox 1352 1408 2449 1454">
    <p class='ocr_par' dir='ltr' id='par_1_24' title="bbox 1352 1408 2449 1454">
     <span class='ocr_line' id='line_1_75' title="bbox 1352 1408 2449 1454; baseline -0.004 -8"><span class='ocrx_word' id='word_1_641' title='bbox 1352 1413 1431 1447; x_wconf 84' lang='lat' dir='ltr'><strong>facti</strong></span> <span class='ocrx_word' id='word_1_642' title='bbox 1447 1414 1536 1453; x_wconf 90' lang='lat' dir='ltr'><strong>sunt,</strong></span> <span class='ocrx_word' id='word_1_643' title='bbox 1552 1421 1618 1445; x_wconf 91' lang='lat' dir='ltr'><strong>non</strong></span> <span class='ocrx_word' id='word_1_644' title='bbox 1630 1413 1768 1454; x_wconf 87' lang='lat' dir='ltr'><strong>possunt</strong></span> <span class='ocrx_word' id='word_1_645' title='bbox 1778 1420 1842 1443; x_wconf 91' lang='lat' dir='ltr'><strong>non</strong></span> <span class='ocrx_word' id='word_1_646' title='bbox 1853 1419 1936 1443; x_wconf 86' lang='lat' dir='ltr'><strong>esse.</strong></span> <span class='ocrx_word' id='word_1_647' title='bbox 1957 1411 2030 1443; x_wconf 92' lang='lat' dir='ltr'><strong>Non</strong></span> <span class='ocrx_word' id='word_1_648' title='bbox 2044 1409 2152 1442; x_wconf 88' lang='lat' dir='ltr'><strong>solum</strong></span> <span class='ocrx_word' id='word_1_649' title='bbox 2163 1411 2275 1443; x_wconf 82' lang='lat' dir='ltr'><strong>autem</strong></span> <span class='ocrx_word' id='word_1_650' title='bbox 2285 1409 2388 1443; x_wconf 72' lang='lat' dir='ltr'><strong>urrini</strong></span> <span class='ocrx_word' id='word_1_651' title='bbox 2445 1408 2449 1435; x_wconf 78' lang='grc' dir='ltr'>ἱ</span> 
     </span>
    </p>
   </div>
   <div class='ocr_carea' id='block_1_22' title="bbox 1352 1462 2394 2295">
    <p class='ocr_par' dir='ltr' id='par_1_25' title="bbox 1352 1462 2394 2295">
     <span class='ocr_line' id='line_1_76' title="bbox 1352 1462 2390 1508; baseline -0.003 -9"><span class='ocrx_word' id='word_1_652' title='bbox 1352 1467 1432 1501; x_wconf 82' lang='lat' dir='ltr'><strong>vitia</strong></span> <span class='ocrx_word' id='word_1_653' title='bbox 1447 1466 1561 1508; x_wconf 90' lang='lat' dir='ltr'><strong>sponte</strong></span> <span class='ocrx_word' id='word_1_654' title='bbox 1570 1465 1821 1504; x_wconf 87' lang='lat' dir='ltr'><strong>contrahuntur,</strong></span> <span class='ocrx_word' id='word_1_655' title='bbox 1834 1463 1892 1496; x_wconf 86' lang='lat' dir='ltr'><strong>sed</strong></span> <span class='ocrx_word' id='word_1_656' title='bbox 1905 1462 2103 1504; x_wconf 86' lang='lat' dir='ltr'><strong>quibusdam</strong></span> <span class='ocrx_word' id='word_1_657' title='bbox 2111 1462 2299 1496; x_wconf 81' lang='lat' dir='ltr'><strong>hominibus</strong></span> <span class='ocrx_word' id='word_1_658' title='bbox 2310 1471 2390 1496; x_wconf 71' lang='lat' dir='ltr'><strong>non·</strong></span> 
     </span>
     <span class='ocr_line' id='line_1_77' title="bbox 1353 1514 2388 1560; baseline -0.003 -9"><span class='ocrx_word' id='word_1_659' title='bbox 1353 1518 1442 1551; x_wconf 83' lang='lat' dir='ltr'><strong>nulla</strong></span> <span class='ocrx_word' id='word_1_660' title='bbox 1451 1525 1583 1560; x_wconf 87' lang='lat' dir='ltr'><strong>quoque</strong></span> <span class='ocrx_word' id='word_1_661' title='bbox 1594 1515 1738 1558; x_wconf 89' lang='lat' dir='ltr'><strong>corporis</strong></span> <span class='ocrx_word' id='word_1_662' title='bbox 1750 1518 1826 1551; x_wconf 82' lang='lat' dir='ltr'><strong>vitia</strong></span> <span class='ocrx_word' id='word_1_663' title='bbox 1835 1516 1950 1557; x_wconf 88' lang='lat' dir='ltr'><strong>sponte</strong></span> <span class='ocrx_word' id='word_1_664' title='bbox 1972 1514 2135 1554; x_wconf 85' lang='lat' dir='ltr'><strong>accidunt,</strong></span> <span class='ocrx_word' id='word_1_665' title='bbox 2149 1514 2191 1548; x_wconf 92' lang='lat' dir='ltr'><strong>ob</strong></span> <span class='ocrx_word' id='word_1_666' title='bbox 2201 1523 2277 1557; x_wconf 78' lang='lat' dir='ltr'><strong>quae</strong></span> <span class='ocrx_word' id='word_1_667' title='bbox 2288 1514 2388 1548; x_wconf 82' lang='lat' dir='ltr'><strong>etiam</strong></span> 
     </span>
     <span class='ocr_line' id='line_1_78' title="bbox 1352 1565 2390 1611; baseline -0.004 -9"><span class='ocrx_word' id='word_1_668' title='bbox 1352 1568 1646 1611; x_wconf 86' lang='lat' dir='ltr'><strong>reprehenduntur.</strong></span> <span class='ocrx_word' id='word_1_669' title='bbox 1673 1569 1756 1600; x_wconf 85' lang='lat' dir='ltr'><strong>Nam</strong></span> <span class='ocrx_word' id='word_1_670' title='bbox 1783 1566 1843 1608; x_wconf 83' lang='lat' dir='ltr'><strong>qui</strong></span> <span class='ocrx_word' id='word_1_671' title='bbox 1871 1568 1991 1598; x_wconf 86' lang='lat' dir='ltr'><strong>natura</strong></span> <span class='ocrx_word' id='word_1_672' title='bbox 2019 1565 2182 1599; x_wconf 84' lang='lat' dir='ltr'><strong>deformes</strong></span> <span class='ocrx_word' id='word_1_673' title='bbox 2208 1567 2302 1605; x_wconf 76' lang='lat' dir='ltr'><strong>sunt,</strong></span> <span class='ocrx_word' id='word_1_674' title='bbox 2333 1574 2390 1599; x_wconf 81' lang='lat' dir='ltr'><strong>eos</strong></span> 
     </span>
     <span class='ocr_line' id='line_1_79' title="bbox 1352 1618 2385 1663; baseline -0.003 -8"><span class='ocrx_word' id='word_1_675' title='bbox 1352 1631 1446 1655; x_wconf 88' lang='lat' dir='ltr'><strong>nemo</strong></span> <span class='ocrx_word' id='word_1_676' title='bbox 1461 1621 1604 1663; x_wconf 90' lang='lat' dir='ltr'><strong>prudens</strong></span> <span class='ocrx_word' id='word_1_677' title='bbox 1616 1619 1852 1661; x_wconf 86' lang='lat' dir='ltr'><strong>reprehendit:</strong></span> <span class='ocrx_word' id='word_1_678' title='bbox 1871 1627 1927 1651; x_wconf 87' lang='lat' dir='ltr'><strong>eos</strong></span> <span class='ocrx_word' id='word_1_679' title='bbox 1945 1627 2023 1651; x_wconf 84' lang='lat' dir='ltr'><strong>vero</strong></span> <span class='ocrx_word' id='word_1_680' title='bbox 2041 1618 2099 1660; x_wconf 89' lang='lat' dir='ltr'><strong>qui</strong></span> <span class='ocrx_word' id='word_1_681' title='bbox 2123 1627 2182 1660; x_wconf 88' lang='lat' dir='ltr'><strong>per</strong></span> <span class='ocrx_word' id='word_1_682' title='bbox 2201 1618 2385 1662; x_wconf 80' lang='lat' dir='ltr'><strong>ignaviam,</strong></span> 
     </span>
     <span class='ocr_line' id='line_1_80' title="bbox 1354 1669 2390 1714; baseline -0.005 -8"><span class='ocrx_word' id='word_1_683' title='bbox 1354 1676 1412 1707; x_wconf 84' lang='lat' dir='ltr'><strong>aut</strong></span> <span class='ocrx_word' id='word_1_684' title='bbox 1425 1672 1672 1714; x_wconf 84' lang='lat' dir='ltr'><strong>negligentiam,</strong></span> <span class='ocrx_word' id='word_1_685' title='bbox 1696 1673 1753 1703; x_wconf 88' lang='lat' dir='ltr'><strong>aut</strong></span> <span class='ocrx_word' id='word_1_686' title='bbox 1778 1669 1877 1702; x_wconf 85' lang='lat' dir='ltr'><strong>aliam</strong></span> <span class='ocrx_word' id='word_1_687' title='bbox 1901 1669 2146 1711; x_wconf 87' lang='lat' dir='ltr'><strong>improbitatem</strong></span> <span class='ocrx_word' id='word_1_688' title='bbox 2172 1671 2390 1712; x_wconf 74' lang='lat' dir='ltr'><strong>corruperunt</strong></span> 
     </span>
     <span class='ocr_line' id='line_1_81' title="bbox 1355 1715 2388 1761; baseline -0.004 -9"><span class='ocrx_word' id='word_1_689' title='bbox 1355 1728 1506 1761; x_wconf 87' lang='lat' dir='ltr'><strong>corpora,</strong></span> <span class='ocrx_word' id='word_1_690' title='bbox 1536 1716 1774 1760; x_wconf 76' lang='lat' dir='ltr'><strong>reprehendere</strong></span> <span class='ocrx_word' id='word_1_691' title='bbox 1801 1717 1945 1749; x_wconf 88' lang='lat' dir='ltr'><strong>solemus</strong></span> <span class='ocrx_word' id='word_1_692' title='bbox 1964 1727 1972 1748; x_wconf 90' lang='lat'>:</span> <span class='ocrx_word' id='word_1_693' title='bbox 2004 1715 2161 1748; x_wconf 88' lang='lat' dir='ltr'><strong>nimirum</strong></span> <span class='ocrx_word' id='word_1_694' title='bbox 2185 1715 2245 1758; x_wconf 90' lang='lat' dir='ltr'><strong>qui</strong></span> <span class='ocrx_word' id='word_1_695' title='bbox 2266 1717 2388 1749; x_wconf 81' lang='lat' dir='ltr'><strong>natura</strong></span> 
     </span>
     <span class='ocr_line' id='line_1_82' title="bbox 1353 1763 2391 1806; baseline -0.004 -7"><span class='ocrx_word' id='word_1_696' title='bbox 1353 1767 1405 1800; x_wconf 87' lang='lat' dir='ltr'><strong>vel</strong></span> <span class='ocrx_word' id='word_1_697' title='bbox 1418 1765 1532 1806; x_wconf 87' lang='lat' dir='ltr'><strong>morbo</strong></span> <span class='ocrx_word' id='word_1_698' title='bbox 1549 1765 1603 1797; x_wconf 88' lang='lat' dir='ltr'><strong>vel</strong></span> <span class='ocrx_word' id='word_1_699' title='bbox 1618 1765 1687 1796; x_wconf 90' lang='lat' dir='ltr'><strong>ictu</strong></span> <span class='ocrx_word' id='word_1_700' title='bbox 1702 1763 1814 1805; x_wconf 87' lang='lat' dir='ltr'><strong>aliquo</strong></span> <span class='ocrx_word' id='word_1_701' title='bbox 1832 1771 1939 1795; x_wconf 79' lang='lat' dir='ltr'><strong>caecus</strong></span> <span class='ocrx_word' id='word_1_702' title='bbox 1952 1763 2013 1801; x_wconf 87' lang='lat' dir='ltr'><strong>sit,</strong></span> <span class='ocrx_word' id='word_1_703' title='bbox 2029 1763 2060 1796; x_wconf 90' lang='lat' dir='ltr'><strong>ei</strong></span> <span class='ocrx_word' id='word_1_704' title='bbox 2075 1771 2171 1795; x_wconf 88' lang='lat' dir='ltr'><strong>nemo</strong></span> <span class='ocrx_word' id='word_1_705' title='bbox 2189 1763 2252 1795; x_wconf 88' lang='lat' dir='ltr'><strong>hoc</strong></span> <span class='ocrx_word' id='word_1_706' title='bbox 2269 1771 2391 1805; x_wconf 84' lang='lat' dir='ltr'><strong>expro-</strong></span> 
     </span>
     <span class='ocr_line' id='line_1_83' title="bbox 1352 1812 2391 1856; baseline -0.004 -7"><span class='ocrx_word' id='word_1_707' title='bbox 1352 1815 1515 1855; x_wconf 81' lang='lat' dir='ltr'><strong>braverit„</strong></span> <span class='ocrx_word' id='word_1_708' title='bbox 1541 1814 1599 1847; x_wconf 90' lang='lat' dir='ltr'><strong>sed</strong></span> <span class='ocrx_word' id='word_1_709' title='bbox 1626 1814 1736 1856; x_wconf 83' lang='lat' dir='ltr'><strong>potius</strong></span> <span class='ocrx_word' id='word_1_710' title='bbox 1762 1812 2020 1845; x_wconf 87' lang='lat' dir='ltr'><strong>misericordiam</strong></span> <span class='ocrx_word' id='word_1_711' title='bbox 2045 1812 2181 1846; x_wconf 83' lang='lat' dir='ltr'><strong>adhibet</strong></span> <span class='ocrx_word' id='word_1_712' title='bbox 2201 1824 2210 1845; x_wconf 72' lang='grc' dir='ltr'><strong>ε</strong></span> <span class='ocrx_word' id='word_1_713' title='bbox 2230 1812 2294 1855; x_wconf 85' lang='lat' dir='ltr'><strong>qui</strong></span> <span class='ocrx_word' id='word_1_714' title='bbox 2311 1821 2391 1846; x_wconf 80' lang='lat' dir='ltr'><strong>vero</strong></span> 
     </span>
     <span class='ocr_line' id='line_1_84' title="bbox 1354 1861 2390 1904; baseline -0.002 -7"><span class='ocrx_word' id='word_1_715' title='bbox 1354 1864 1530 1898; x_wconf 87' lang='lat' dir='ltr'><strong>vinolentia</strong></span> <span class='ocrx_word' id='word_1_716' title='bbox 1547 1865 1605 1895; x_wconf 91' lang='lat' dir='ltr'><strong>aut</strong></span> <span class='ocrx_word' id='word_1_717' title='bbox 1628 1863 1692 1894; x_wconf 85' lang='lat' dir='ltr'><strong>alia</strong></span> <span class='ocrx_word' id='word_1_718' title='bbox 1713 1861 1923 1903; x_wconf 86' lang='lat' dir='ltr'><strong>improbitate</strong></span> <span class='ocrx_word' id='word_1_719' title='bbox 1952 1861 2063 1903; x_wconf 83' lang='lat' dir='ltr'><strong>aliqua</strong></span> <span class='ocrx_word' id='word_1_720' title='bbox 2091 1861 2204 1894; x_wconf 84' lang='lat' dir='ltr'><strong>oculos</strong></span> <span class='ocrx_word' id='word_1_721' title='bbox 2226 1861 2390 1904; x_wconf 82' lang='lat' dir='ltr'><strong>corrupit,</strong></span> 
     </span>
     <span class='ocr_line' id='line_1_85' title="bbox 1353 1909 2390 1955; baseline -0.004 -7"><span class='ocrx_word' id='word_1_722' title='bbox 1353 1916 1441 1948; x_wconf 91' lang='lat' dir='ltr'><strong>hunc</strong></span> <span class='ocrx_word' id='word_1_723' title='bbox 1466 1914 1693 1955; x_wconf 88' lang='lat' dir='ltr'><strong>vituperamus</strong></span> <span class='ocrx_word' id='word_1_724' title='bbox 1728 1913 1762 1944; x_wconf 86' lang='lat' dir='ltr'><strong>et</strong></span> <span class='ocrx_word' id='word_1_725' title='bbox 1792 1911 2072 1953; x_wconf 84' lang='lat' dir='ltr'><strong>reprehendimus.</strong></span> <span class='ocrx_word' id='word_1_726' title='bbox 2102 1912 2245 1953; x_wconf 79' lang='lat' dir='ltr'><strong>Apparet</strong></span> <span class='ocrx_word' id='word_1_727' title='bbox 2278 1909 2390 1954; x_wconf 66' lang='lat' dir='ltr'><strong>igitur,</strong></span> 
     </span>
     <span class='ocr_line' id='line_1_86' title="bbox 1354 1960 2393 2006; baseline -0.002 -10"><span class='ocrx_word' id='word_1_728' title='bbox 1354 1964 1500 2006; x_wconf 88' lang='lat' dir='ltr'><strong>corporis</strong></span> <span class='ocrx_word' id='word_1_729' title='bbox 1515 1962 1612 2002; x_wconf 81' lang='lat' dir='ltr'><strong>vitia,</strong></span> <span class='ocrx_word' id='word_1_730' title='bbox 1636 1970 1712 2004; x_wconf 79' lang='lat' dir='ltr'><strong>quae</strong></span> <span class='ocrx_word' id='word_1_731' title='bbox 1733 1963 1847 2002; x_wconf 80' lang='lat' dir='ltr'><strong>sponte</strong></span> <span class='ocrx_word' id='word_1_732' title='bbox 1861 1961 2100 1993; x_wconf 86' lang='lat' dir='ltr'><strong>contrahuntur</strong></span> <span class='ocrx_word' id='word_1_733' title='bbox 2118 1962 2219 2002; x_wconf 86' lang='lat' dir='ltr'><strong>atque</strong></span> <span class='ocrx_word' id='word_1_734' title='bbox 2234 1960 2393 1994; x_wconf 76' lang='lat' dir='ltr'><strong>innostra</strong></span> 
     </span>
     <span class='ocr_line' id='line_1_87' title="bbox 1354 2009 2393 2056; baseline -0.002 -11"><span class='ocrx_word' id='word_1_735' title='bbox 1354 2014 1518 2056; x_wconf 87' lang='lat' dir='ltr'><strong>potestate</strong></span> <span class='ocrx_word' id='word_1_736' title='bbox 1537 2013 1629 2049; x_wconf 90' lang='lat' dir='ltr'><strong>sunt,</strong></span> <span class='ocrx_word' id='word_1_737' title='bbox 1650 2009 1860 2052; x_wconf 83' lang='lat' dir='ltr'><strong>reprehendi,</strong></span> <span class='ocrx_word' id='word_1_738' title='bbox 1882 2018 1958 2052; x_wconf 89' lang='lat' dir='ltr'><strong>quae</strong></span> <span class='ocrx_word' id='word_1_739' title='bbox 1972 2018 2052 2042; x_wconf 82' lang='lat' dir='ltr'><strong>vero</strong></span> <span class='ocrx_word' id='word_1_740' title='bbox 2075 2009 2266 2043; x_wconf 85' lang='lat' dir='ltr'><strong>hominibus</strong></span> <span class='ocrx_word' id='word_1_741' title='bbox 2278 2009 2393 2043; x_wconf 78' lang='lat' dir='ltr'><strong>invitis</strong></span> 
     </span>
     <span class='ocr_line' id='line_1_88' title="bbox 1355 2058 2394 2101; baseline 0 -8"><span class='ocrx_word' id='word_1_742' title='bbox 1355 2060 1541 2094; x_wconf 84' lang='lat' dir='ltr'><strong>afferuntur</strong></span> <span class='ocrx_word' id='word_1_743' title='bbox 1562 2060 1659 2097; x_wconf 86' lang='lat' dir='ltr'><strong>vitia.</strong></span> <span class='ocrx_word' id='word_1_744' title='bbox 1685 2068 1905 2101; x_wconf 85' lang='lat' dir='ltr'><strong>nequaquam.</strong></span> <span class='ocrx_word' id='word_1_745' title='bbox 1929 2060 2045 2100; x_wconf 77' lang='lat' dir='ltr'><strong>Itaque</strong></span> <span class='ocrx_word' id='word_1_746' title='bbox 2071 2059 2172 2092; x_wconf 87' lang='lat' dir='ltr'><strong>etiam</strong></span> <span class='ocrx_word' id='word_1_747' title='bbox 2192 2059 2228 2092; x_wconf 90' lang='lat' dir='ltr'><strong>in</strong></span> <span class='ocrx_word' id='word_1_748' title='bbox 2249 2058 2323 2093; x_wconf 80' lang='lat' dir='ltr'><strong>aliis</strong></span> <span class='ocrx_word' id='word_1_749' title='bbox 2345 2059 2394 2093; x_wconf 81' lang='lat' dir='ltr'><strong>sio</strong></span> 
     </span>
     <span class='ocr_line' id='line_1_89' title="bbox 1356 2105 2393 2149; baseline -0.004 -7"><span class='ocrx_word' id='word_1_750' title='bbox 1356 2119 1390 2142; x_wconf 91' lang='lat' dir='ltr'><strong>se</strong></span> <span class='ocrx_word' id='word_1_751' title='bbox 1406 2118 1459 2141; x_wconf 90' lang='lat' dir='ltr'><strong>res</strong></span> <span class='ocrx_word' id='word_1_752' title='bbox 1471 2107 1605 2140; x_wconf 88' lang='lat' dir='ltr'><strong>habebit</strong></span> <span class='ocrx_word' id='word_1_753' title='bbox 1630 2118 1637 2138; x_wconf 91' lang='lat'>:</span> <span class='ocrx_word' id='word_1_754' title='bbox 1667 2116 1743 2139; x_wconf 90' lang='lat' dir='ltr'><strong>nam</strong></span> <span class='ocrx_word' id='word_1_755' title='bbox 1761 2115 1837 2148; x_wconf 76' lang='lat' dir='ltr'><strong>quae</strong></span> <span class='ocrx_word' id='word_1_756' title='bbox 1858 2106 2014 2148; x_wconf 88' lang='lat' dir='ltr'><strong>punimus</strong></span> <span class='ocrx_word' id='word_1_757' title='bbox 2030 2107 2064 2139; x_wconf 89' lang='lat' dir='ltr'><strong>et</strong></span> <span class='ocrx_word' id='word_1_758' title='bbox 2090 2106 2214 2148; x_wconf 85' lang='lat' dir='ltr'><strong>quibus</strong></span> <span class='ocrx_word' id='word_1_759' title='bbox 2233 2105 2393 2149; x_wconf 79' lang='lat' dir='ltr'><strong>supplicia</strong></span> 
     </span>
     <span class='ocr_line' id='line_1_90' title="bbox 1356 2154 2394 2200; baseline -0.002 -8"><span class='ocrx_word' id='word_1_760' title='bbox 1356 2158 1597 2195; x_wconf 86' lang='lat' dir='ltr'><strong>constituimus,</strong></span> <span class='ocrx_word' id='word_1_761' title='bbox 1609 2166 1647 2189; x_wconf 90' lang='lat' dir='ltr'><strong>ea</strong></span> <span class='ocrx_word' id='word_1_762' title='bbox 1654 2156 1736 2189; x_wconf 88' lang='lat' dir='ltr'><strong>vitia</strong></span> <span class='ocrx_word' id='word_1_763' title='bbox 1749 2157 1864 2198; x_wconf 90' lang='lat' dir='ltr'><strong>sponte</strong></span> <span class='ocrx_word' id='word_1_764' title='bbox 1874 2156 2115 2188; x_wconf 86' lang='lat' dir='ltr'><strong>contrahuntur</strong></span> <span class='ocrx_word' id='word_1_765' title='bbox 2126 2157 2226 2200; x_wconf 82' lang='lat' dir='ltr'><strong>atque</strong></span> <span class='ocrx_word' id='word_1_766' title='bbox 2236 2154 2272 2189; x_wconf 82' lang='lat' dir='ltr'><strong>in</strong></span> <span class='ocrx_word' id='word_1_767' title='bbox 2281 2156 2394 2190; x_wconf 73' lang='lat' dir='ltr'><strong>nostra</strong></span> 
     </span>
     <span class='ocr_line' id='line_1_91' title="bbox 1356 2203 2393 2250; baseline -0.002 -10"><span class='ocrx_word' id='word_1_768' title='bbox 1356 2210 1518 2250; x_wconf 87' lang='lat' dir='ltr'><strong>potestate</strong></span> <span class='ocrx_word' id='word_1_769' title='bbox 1535 2209 1611 2240; x_wconf 88' lang='lat' dir='ltr'><strong>sunt</strong></span> <span class='ocrx_word' id='word_1_770' title='bbox 1625 2220 1632 2246; x_wconf 90' lang='lat'>;</span> <span class='ocrx_word' id='word_1_771' title='bbox 1654 2215 1729 2248; x_wconf 83' lang='lat' dir='ltr'><strong>quae</strong></span> <span class='ocrx_word' id='word_1_772' title='bbox 1746 2208 1856 2239; x_wconf 90' lang='lat' dir='ltr'><strong>autem</strong></span> <span class='ocrx_word' id='word_1_773' title='bbox 1870 2215 1935 2238; x_wconf 89' lang='lat' dir='ltr'><strong>non</strong></span> <span class='ocrx_word' id='word_1_774' title='bbox 1948 2207 2025 2238; x_wconf 88' lang='lat' dir='ltr'><strong>sunt</strong></span> <span class='ocrx_word' id='word_1_775' title='bbox 2041 2204 2121 2238; x_wconf 86' lang='lat' dir='ltr'><strong>talia</strong></span> <span class='ocrx_word' id='word_1_776' title='bbox 2136 2230 2144 2244; x_wconf 97' lang='lat'><strong>,</strong></span> <span class='ocrx_word' id='word_1_777' title='bbox 2159 2215 2197 2238; x_wconf 89' lang='lat' dir='ltr'><strong>ea</strong></span> <span class='ocrx_word' id='word_1_778' title='bbox 2210 2205 2323 2238; x_wconf 72' lang='lat' dir='ltr'><strong>invitis</strong></span> <span class='ocrx_word' id='word_1_779' title='bbox 2341 2203 2393 2238; x_wconf 66' lang='grc' dir='ltr'><strong>ιβ-</strong></span> 
     </span>
     <span class='ocr_line' id='line_1_92' title="bbox 1357 2251 2167 2295; baseline -0.005 -7"><span class='ocrx_word' id='word_1_780' title='bbox 1357 2255 1518 2288; x_wconf 85' lang='lat' dir='ltr'><strong>feruutur.</strong></span> <span class='ocrx_word' id='word_1_781' title='bbox 1543 2256 1651 2292; x_wconf 88' lang='lat' dir='ltr'><strong>Quare</strong></span> <span class='ocrx_word' id='word_1_782' title='bbox 1675 2253 1795 2285; x_wconf 88' lang='lat' dir='ltr'><strong>vitium</strong></span> <span class='ocrx_word' id='word_1_783' title='bbox 1815 2254 1929 2295; x_wconf 88' lang='lat' dir='ltr'><strong>sponte</strong></span> <span class='ocrx_word' id='word_1_784' title='bbox 1951 2251 2167 2284; x_wconf 83' lang='lat' dir='ltr'><strong>contrabitur.</strong></span> 
     </span>
    </p>
   </div>
   <div class='ocr_carea' id='block_1_23' title="bbox 1359 2308 2423 3227">
    <p class='ocr_par' dir='ltr' id='par_1_26' title="bbox 1359 2308 2423 2703">
     <span class='ocr_line' id='line_1_93' title="bbox 1400 2308 2423 2352; baseline -0.003 -7"><span class='ocrx_word' id='word_1_785' title='bbox 1400 2313 1540 2345; x_wconf 88' lang='lat' dir='ltr'><strong>Videtur</strong></span> <span class='ocrx_word' id='word_1_786' title='bbox 1555 2313 1666 2344; x_wconf 88' lang='lat' dir='ltr'><strong>autem</strong></span> <span class='ocrx_word' id='word_1_787' title='bbox 1679 2311 1762 2343; x_wconf 87' lang='lat' dir='ltr'><strong>illud</strong></span> <span class='ocrx_word' id='word_1_788' title='bbox 1777 2320 1854 2343; x_wconf 90' lang='lat' dir='ltr'><strong>cum</strong></span> <span class='ocrx_word' id='word_1_789' title='bbox 1877 2312 1967 2343; x_wconf 86' lang='lat' dir='ltr'><strong>recta</strong></span> <span class='ocrx_word' id='word_1_790' title='bbox 1982 2310 2111 2343; x_wconf 87' lang='lat' dir='ltr'><strong>ratione</strong></span> <span class='ocrx_word' id='word_1_791' title='bbox 2125 2317 2270 2352; x_wconf 83' lang='lat' dir='ltr'><strong>pugnare</strong></span> <span class='ocrx_word' id='word_1_792' title='bbox 2290 2308 2393 2351; x_wconf 76' lang='lat' dir='ltr'><strong>:quia</strong></span> <span class='ocrx_word' id='word_1_793' title='bbox 2416 2314 2423 2322; x_wconf 72' lang='grc'><strong>’·</strong></span> 
     </span>
     <span class='ocr_line' id='line_1_94' title="bbox 1359 2366 2394 2411; baseline -0.004 -7"><span class='ocrx_word' id='word_1_794' title='bbox 1359 2381 1400 2405; x_wconf 85' lang='lat' dir='ltr'><strong>ex</strong></span> <span class='ocrx_word' id='word_1_795' title='bbox 1421 2380 1460 2404; x_wconf 89' lang='lat' dir='ltr'><strong>eo</strong></span> <span class='ocrx_word' id='word_1_796' title='bbox 1475 2370 1622 2403; x_wconf 86' lang='lat' dir='ltr'><strong>nascitur</strong></span> <span class='ocrx_word' id='word_1_797' title='bbox 1641 2369 1763 2402; x_wconf 84' lang='lat' dir='ltr'><strong>vitium</strong></span> <span class='ocrx_word' id='word_1_798' title='bbox 1775 2394 1783 2410; x_wconf 86' lang='lat'>‚</span> <span class='ocrx_word' id='word_1_799' title='bbox 1797 2368 1888 2411; x_wconf 87' lang='lat' dir='ltr'><strong>quod</strong></span> <span class='ocrx_word' id='word_1_800' title='bbox 1902 2368 2090 2410; x_wconf 86' lang='lat' dir='ltr'><strong>improbum</strong></span> <span class='ocrx_word' id='word_1_801' title='bbox 2108 2368 2207 2401; x_wconf 77' lang='lat' dir='ltr'><strong>finem</strong></span> <span class='ocrx_word' id='word_1_802' title='bbox 2217 2367 2256 2401; x_wconf 82' lang='lat' dir='ltr'><strong>in</strong></span> <span class='ocrx_word' id='word_1_803' title='bbox 2269 2366 2394 2409; x_wconf 80' lang='lat' dir='ltr'><strong>agendo</strong></span> 
     </span>
     <span class='ocr_line' id='line_1_95' title="bbox 1359 2424 2395 2471; baseline -0.002 -9"><span class='ocrx_word' id='word_1_804' title='bbox 1359 2430 1452 2463; x_wconf 84' lang='lat' dir='ltr'><strong>nobis</strong></span> <span class='ocrx_word' id='word_1_805' title='bbox 1470 2428 1681 2471; x_wconf 87' lang='lat' dir='ltr'><strong>proponimus</strong></span> <span class='ocrx_word' id='word_1_806' title='bbox 1698 2439 1706 2460; x_wconf 71' lang='grc' dir='ltr'><strong>ε</strong></span> <span class='ocrx_word' id='word_1_807' title='bbox 1733 2427 1769 2460; x_wconf 88' lang='lat' dir='ltr'><strong>id</strong></span> <span class='ocrx_word' id='word_1_808' title='bbox 1790 2435 1868 2459; x_wconf 84' lang='lat' dir='ltr'><strong>vero</strong></span> <span class='ocrx_word' id='word_1_809' title='bbox 1885 2427 1991 2459; x_wconf 91' lang='lat' dir='ltr'><strong>oritur</strong></span> <span class='ocrx_word' id='word_1_810' title='bbox 2018 2435 2059 2459; x_wconf 86' lang='lat' dir='ltr'><strong>ex</strong></span> <span class='ocrx_word' id='word_1_811' title='bbox 2082 2425 2248 2467; x_wconf 81' lang='lat' dir='ltr'><strong>opinione,</strong></span> <span class='ocrx_word' id='word_1_812' title='bbox 2272 2424 2395 2461; x_wconf 79' lang='lat' dir='ltr'><strong>bonum</strong></span> 
     </span>
     <span class='ocr_line' id='line_1_96' title="bbox 1360 2483 2396 2529; baseline -0.004 -7"><span class='ocrx_word' id='word_1_813' title='bbox 1360 2497 1430 2522; x_wconf 86' lang='lat' dir='ltr'><strong>esse</strong></span> <span class='ocrx_word' id='word_1_814' title='bbox 1447 2487 1538 2529; x_wconf 88' lang='lat' dir='ltr'><strong>quod</strong></span> <span class='ocrx_word' id='word_1_815' title='bbox 1561 2486 1713 2527; x_wconf 79' lang='lat' dir='ltr'><strong>agimus:</strong></span> <span class='ocrx_word' id='word_1_816' title='bbox 1740 2485 1831 2528; x_wconf 90' lang='lat' dir='ltr'><strong>atqui</strong></span> <span class='ocrx_word' id='word_1_817' title='bbox 1855 2484 1964 2526; x_wconf 88' lang='lat' dir='ltr'><strong>opinio</strong></span> <span class='ocrx_word' id='word_1_818' title='bbox 1988 2484 2029 2517; x_wconf 89' lang='lat' dir='ltr'><strong>de</strong></span> <span class='ocrx_word' id='word_1_819' title='bbox 2045 2484 2131 2517; x_wconf 91' lang='lat' dir='ltr'><strong>hono</strong></span> <span class='ocrx_word' id='word_1_820' title='bbox 2154 2485 2213 2517; x_wconf 80' lang='lat' dir='ltr'><strong>aut</strong></span> <span class='ocrx_word' id='word_1_821' title='bbox 2225 2483 2313 2517; x_wconf 86' lang='lat' dir='ltr'><strong>malo</strong></span> <span class='ocrx_word' id='word_1_822' title='bbox 2330 2493 2396 2518; x_wconf 86' lang='lat' dir='ltr'><strong>non</strong></span> 
     </span>
     <span class='ocr_line' id='line_1_97' title="bbox 1360 2541 2396 2585; baseline -0.003 -7"><span class='ocrx_word' id='word_1_823' title='bbox 1360 2547 1411 2579; x_wconf 88' lang='lat' dir='ltr'><strong>est</strong></span> <span class='ocrx_word' id='word_1_824' title='bbox 1429 2545 1465 2577; x_wconf 95' lang='lat' dir='ltr'><strong>in</strong></span> <span class='ocrx_word' id='word_1_825' title='bbox 1482 2545 1594 2577; x_wconf 85' lang='lat' dir='ltr'><strong>nostra</strong></span> <span class='ocrx_word' id='word_1_826' title='bbox 1609 2544 1784 2585; x_wconf 87' lang='lat' dir='ltr'><strong>potestate.</strong></span> <span class='ocrx_word' id='word_1_827' title='bbox 1803 2544 1924 2576; x_wconf 88' lang='lat' dir='ltr'><strong>Omnes</strong></span> <span class='ocrx_word' id='word_1_828' title='bbox 1941 2541 2028 2574; x_wconf 90' lang='lat' dir='ltr'><strong>enim</strong></span> <span class='ocrx_word' id='word_1_829' title='bbox 2039 2541 2075 2574; x_wconf 92' lang='lat' dir='ltr'><strong>id</strong></span> <span class='ocrx_word' id='word_1_830' title='bbox 2086 2541 2270 2584; x_wconf 84' lang='lat' dir='ltr'><strong>appetimus</strong></span> <span class='ocrx_word' id='word_1_831' title='bbox 2281 2567 2290 2580; x_wconf 89' lang='lat'><strong>,</strong></span> <span class='ocrx_word' id='word_1_832' title='bbox 2305 2541 2396 2584; x_wconf 75' lang='lat' dir='ltr'><strong>quod</strong></span> 
     </span>
     <span class='ocr_line' id='line_1_98' title="bbox 1361 2599 2395 2642; baseline -0.003 -6"><span class='ocrx_word' id='word_1_833' title='bbox 1361 2605 1482 2637; x_wconf 90' lang='lat' dir='ltr'><strong>bonum</strong></span> <span class='ocrx_word' id='word_1_834' title='bbox 1501 2602 1632 2635; x_wconf 85' lang='lat' dir='ltr'><strong>videtur</strong></span> <span class='ocrx_word' id='word_1_835' title='bbox 1647 2613 1655 2634; x_wconf 89' lang='lat'>:</span> <span class='ocrx_word' id='word_1_836' title='bbox 1677 2602 1753 2635; x_wconf 81' lang='lat' dir='ltr'><strong>haec·</strong></span> <span class='ocrx_word' id='word_1_837' title='bbox 1770 2602 1882 2634; x_wconf 85' lang='lat' dir='ltr'><strong>autem</strong></span> <span class='ocrx_word' id='word_1_838' title='bbox 1900 2600 1990 2633; x_wconf 49' lang='lat' dir='ltr'><strong>visio*</strong></span> <span class='ocrx_word' id='word_1_839' title='bbox 2007 2609 2071 2632; x_wconf 90' lang='lat' dir='ltr'><strong>non</strong></span> <span class='ocrx_word' id='word_1_840' title='bbox 2089 2602 2139 2632; x_wconf 88' lang='lat' dir='ltr'><strong>est</strong></span> <span class='ocrx_word' id='word_1_841' title='bbox 2156 2599 2191 2632; x_wconf 90' lang='lat' dir='ltr'><strong>in</strong></span> <span class='ocrx_word' id='word_1_842' title='bbox 2207 2600 2321 2633; x_wconf 77' lang='lat' dir='ltr'><strong>nostra</strong></span> <span class='ocrx_word' id='word_1_843' title='bbox 2334 2608 2395 2642; x_wconf 87' lang='lat' dir='ltr'><strong>po-</strong></span> 
     </span>
     <span class='ocr_line' id='line_1_99' title="bbox 1361 2657 2136 2703; baseline -0.008 -7"><span class='ocrx_word' id='word_1_844' title='bbox 1361 2664 1481 2696; x_wconf 84' lang='lat' dir='ltr'><strong>testate</strong></span> <span class='ocrx_word' id='word_1_845' title='bbox 1499 2674 1507 2694; x_wconf 87' lang='lat'>:</span> <span class='ocrx_word' id='word_1_846' title='bbox 1533 2669 1608 2702; x_wconf 87' lang='lat' dir='ltr'><strong>ergo</strong></span> <span class='ocrx_word' id='word_1_847' title='bbox 1620 2660 1740 2693; x_wconf 79' lang='lat' dir='ltr'><strong>vitium</strong></span> <span class='ocrx_word' id='word_1_848' title='bbox 1755 2669 1820 2691; x_wconf 93' lang='lat' dir='ltr'><strong>non</strong></span> <span class='ocrx_word' id='word_1_849' title='bbox 1834 2661 1888 2703; x_wconf 23' lang='lat' dir='ltr'><strong>sest</strong></span> <span class='ocrx_word' id='word_1_850' title='bbox 1902 2657 2136 2691; x_wconf 88' lang='lat' dir='ltr'><strong>voluntarium.</strong></span> 
     </span>
    </p>

    <p class='ocr_par' dir='ltr' id='par_1_27' title="bbox 1363 2715 2398 3227">
     <span class='ocr_line' id='line_1_100' title="bbox 1415 2715 2395 2761; baseline -0.007 -7"><span class='ocrx_word' id='word_1_851' title='bbox 1415 2721 1466 2754; x_wconf 85' lang='lat' dir='ltr'><strong>Ad</strong></span> <span class='ocrx_word' id='word_1_852' title='bbox 1494 2720 1557 2753; x_wconf 85' lang='lat' dir='ltr'><strong>hoc</strong></span> <span class='ocrx_word' id='word_1_853' title='bbox 1574 2719 1676 2761; x_wconf 84' lang='lat' dir='ltr'><strong>igitur</strong></span> <span class='ocrx_word' id='word_1_854' title='bbox 1700 2717 1783 2751; x_wconf 86' lang='lat' dir='ltr'><strong>illud</strong></span> <span class='ocrx_word' id='word_1_855' title='bbox 1809 2716 2059 2759; x_wconf 84' lang='lat' dir='ltr'><strong>respondemus,</strong></span> <span class='ocrx_word' id='word_1_856' title='bbox 2094 2715 2230 2748; x_wconf 80' lang='lat' dir='ltr'><strong>virtutis</strong></span> <span class='ocrx_word' id='word_1_857' title='bbox 2261 2724 2395 2758; x_wconf 85' lang='lat' dir='ltr'><strong>quoque</strong></span> 
     </span>
     <span class='ocr_line' id='line_1_101' title="bbox 1363 2765 2391 2817; baseline -0.005 -5"><span class='ocrx_word' id='word_1_858' title='bbox 1363 2778 1500 2812; x_wconf 88' lang='lat' dir='ltr'><strong>eandem</strong></span> <span class='ocrx_word' id='word_1_859' title='bbox 1513 2786 1598 2810; x_wconf 78' lang='lat' dir='ltr'><strong>esse</strong></span> <span class='ocrx_word' id='word_1_860' title='bbox 1626 2776 1804 2814; x_wconf 85' lang='lat' dir='ltr'><strong>rationem,</strong></span> <span class='ocrx_word' id='word_1_861' title='bbox 1830 2784 1934 2817; x_wconf 83' lang='lat' dir='ltr'><strong>quum</strong></span> <span class='ocrx_word' id='word_1_862' title='bbox 1954 2775 2066 2807; x_wconf 88' lang='lat' dir='ltr'><strong>tamen</strong></span> <span class='ocrx_word' id='word_1_863' title='bbox 2096 2773 2139 2807; x_wconf 90' lang='lat' dir='ltr'><strong>sit</strong></span> <span class='ocrx_word' id='word_1_864' title='bbox 2166 2765 2358 2807; x_wconf 66' lang='lat' dir='ltr'><strong>voluntaria</strong></span> <span class='ocrx_word' id='word_1_865' title='bbox 2382 2785 2391 2807; x_wconf 87' lang='lat'>:</span> 
     </span>
     <span class='ocr_line' id='line_1_102' title="bbox 1363 2831 2397 2871; baseline -0.004 -1"><span class='ocrx_word' id='word_1_866' title='bbox 1363 2845 1459 2871; x_wconf 88' lang='lat' dir='ltr'><strong>nemo</strong></span> <span class='ocrx_word' id='word_1_867' title='bbox 1483 2836 1570 2869; x_wconf 89' lang='lat' dir='ltr'><strong>enim</strong></span> <span class='ocrx_word' id='word_1_868' title='bbox 1596 2835 1721 2867; x_wconf 87' lang='lat' dir='ltr'><strong>invitus</strong></span> <span class='ocrx_word' id='word_1_869' title='bbox 1739 2833 1775 2866; x_wconf 83' lang='lat' dir='ltr'><strong>fit</strong></span> <span class='ocrx_word' id='word_1_870' title='bbox 1801 2832 1890 2866; x_wconf 83' lang='lat' dir='ltr'><strong>felix.</strong></span> <span class='ocrx_word' id='word_1_871' title='bbox 1928 2831 1964 2866; x_wconf 78' lang='lat' dir='ltr'><strong>sl</strong></span> <span class='ocrx_word' id='word_1_872' title='bbox 1986 2832 2074 2865; x_wconf 91' lang='lat' dir='ltr'><strong>enim</strong></span> <span class='ocrx_word' id='word_1_873' title='bbox 2096 2841 2116 2865; x_wconf 84' lang='lat' dir='ltr'><strong>a</strong></span> <span class='ocrx_word' id='word_1_874' title='bbox 2139 2831 2258 2864; x_wconf 87' lang='lat' dir='ltr'><strong>viti0so</strong></span> <span class='ocrx_word' id='word_1_875' title='bbox 2279 2831 2397 2866; x_wconf 68' lang='lat' dir='ltr'><strong>habitu</strong></span> 
     </span>
     <span class='ocr_line' id='line_1_103' title="bbox 1363 2889 2398 2935; baseline -0.005 -7"><span class='ocrx_word' id='word_1_876' title='bbox 1363 2895 1437 2928; x_wconf 84' lang='lat' dir='ltr'><strong>haee</strong></span> <span class='ocrx_word' id='word_1_877' title='bbox 1452 2894 1530 2927; x_wconf 86' lang='lat' dir='ltr'><strong>boni</strong></span> <span class='ocrx_word' id='word_1_878' title='bbox 1550 2893 1733 2935; x_wconf 83' lang='lat' dir='ltr'><strong>ignorantia</strong></span> <span class='ocrx_word' id='word_1_879' title='bbox 1747 2891 1977 2934; x_wconf 87' lang='lat' dir='ltr'><strong>proficiscitur,</strong></span> <span class='ocrx_word' id='word_1_880' title='bbox 2000 2892 2033 2923; x_wconf 88' lang='lat' dir='ltr'><strong>et</strong></span> <span class='ocrx_word' id='word_1_881' title='bbox 2047 2900 2067 2923; x_wconf 90' lang='lat' dir='ltr'><strong>a</strong></span> <span class='ocrx_word' id='word_1_882' title='bbox 2077 2890 2162 2923; x_wconf 91' lang='lat' dir='ltr'><strong>bono</strong></span> <span class='ocrx_word' id='word_1_883' title='bbox 2179 2890 2298 2923; x_wconf 87' lang='lat' dir='ltr'><strong>habitu</strong></span> <span class='ocrx_word' id='word_1_884' title='bbox 2318 2889 2398 2924; x_wconf 88' lang='lat' dir='ltr'><strong>boni</strong></span> 
     </span>
     <span class='ocr_line' id='line_1_104' title="bbox 1366 2947 2398 2995; baseline -0.005 -10"><span class='ocrx_word' id='word_1_885' title='bbox 1366 2953 1506 2995; x_wconf 87' lang='lat' dir='ltr'><strong>cognitio</strong></span> <span class='ocrx_word' id='word_1_886' title='bbox 1526 2965 1535 2985; x_wconf 68' lang='grc' dir='ltr'><strong>ι</strong></span> <span class='ocrx_word' id='word_1_887' title='bbox 1556 2953 1649 2993; x_wconf 86' lang='lat' dir='ltr'><strong>patet</strong></span> <span class='ocrx_word' id='word_1_888' title='bbox 1669 2960 1729 2984; x_wconf 87' lang='lat' dir='ltr'><strong>nos</strong></span> <span class='ocrx_word' id='word_1_889' title='bbox 1747 2951 1861 2992; x_wconf 84' lang='lat' dir='ltr'><strong>sponte</strong></span> <span class='ocrx_word' id='word_1_890' title='bbox 1875 2950 1909 2982; x_wconf 89' lang='lat' dir='ltr'><strong>et</strong></span> <span class='ocrx_word' id='word_1_891' title='bbox 1922 2948 2024 2981; x_wconf 83' lang='lat' dir='ltr'><strong>honos</strong></span> <span class='ocrx_word' id='word_1_892' title='bbox 2038 2948 2109 2981; x_wconf 87' lang='lat' dir='ltr'><strong>fieri</strong></span> <span class='ocrx_word' id='word_1_893' title='bbox 2121 2950 2155 2982; x_wconf 90' lang='lat' dir='ltr'><strong>et</strong></span> <span class='ocrx_word' id='word_1_894' title='bbox 2171 2948 2276 2982; x_wconf 83' lang='lat' dir='ltr'><strong>malos</strong></span> <span class='ocrx_word' id='word_1_895' title='bbox 2291 2959 2301 2981; x_wconf 68' lang='grc' dir='ltr'><strong>ε</strong></span> <span class='ocrx_word' id='word_1_896' title='bbox 2318 2947 2398 2990; x_wconf 74' lang='lat' dir='ltr'><strong>quia</strong></span> 
     </span>
     <span class='ocr_line' id='line_1_105' title="bbox 1364 3005 2398 3053; baseline -0.005 -9"><span class='ocrx_word' id='word_1_897' title='bbox 1364 3012 1465 3053; x_wconf 82' lang='lat' dir='ltr'><strong>hujus</strong></span> <span class='ocrx_word' id='word_1_898' title='bbox 1479 3009 1611 3043; x_wconf 87' lang='lat' dir='ltr'><strong>habitus</strong></span> <span class='ocrx_word' id='word_1_899' title='bbox 1625 3008 1813 3050; x_wconf 87' lang='lat' dir='ltr'><strong>nobisipsis</strong></span> <span class='ocrx_word' id='word_1_900' title='bbox 1839 3015 1938 3040; x_wconf 76' lang='lat' dir='ltr'><strong>causa</strong></span> <span class='ocrx_word' id='word_1_901' title='bbox 1956 3015 2081 3040; x_wconf 85' lang='lat' dir='ltr'><strong>sumus.</strong></span> <span class='ocrx_word' id='word_1_902' title='bbox 2103 3006 2230 3045; x_wconf 84' lang='lat' dir='ltr'><strong>Quodsi</strong></span> <span class='ocrx_word' id='word_1_903' title='bbox 2257 3005 2398 3040; x_wconf 82' lang='lat' dir='ltr'><strong>finis-oo-</strong></span> 
     </span>
     <span class='ocr_line' id='line_1_106' title="bbox 1367 3062 2398 3110; baseline -0.002 -9"><span class='ocrx_word' id='word_1_904' title='bbox 1367 3069 1468 3110; x_wconf 85' lang='lat' dir='ltr'><strong>gnitio</strong></span> <span class='ocrx_word' id='word_1_905' title='bbox 1492 3077 1558 3100; x_wconf 92' lang='lat' dir='ltr'><strong>non</strong></span> <span class='ocrx_word' id='word_1_906' title='bbox 1575 3067 1681 3100; x_wconf 90' lang='lat' dir='ltr'><strong>oritur</strong></span> <span class='ocrx_word' id='word_1_907' title='bbox 1706 3067 1747 3099; x_wconf 87' lang='lat' dir='ltr'><strong>ab</strong></span> <span class='ocrx_word' id='word_1_908' title='bbox 1768 3065 1903 3103; x_wconf 88' lang='lat' dir='ltr'><strong>habitu,</strong></span> <span class='ocrx_word' id='word_1_909' title='bbox 1921 3073 2028 3106; x_wconf 85' lang='lat' dir='ltr'><strong>neque</strong></span> <span class='ocrx_word' id='word_1_910' title='bbox 2044 3063 2217 3098; x_wconf 85' lang='lat' dir='ltr'><strong>arbitraria</strong></span> <span class='ocrx_word' id='word_1_911' title='bbox 2241 3065 2292 3097; x_wconf 87' lang='lat' dir='ltr'><strong>est</strong></span> <span class='ocrx_word' id='word_1_912' title='bbox 2305 3087 2314 3105; x_wconf 95' lang='lat'><strong>‚</strong></span> <span class='ocrx_word' id='word_1_913' title='bbox 2340 3062 2398 3099; x_wconf 69' lang='lat' dir='ltr'><strong>sed</strong></span> 
     </span>
     <span class='ocr_line' id='line_1_107' title="bbox 1366 3122 2394 3170; baseline -0.006 -10"><span class='ocrx_word' id='word_1_914' title='bbox 1366 3129 1464 3170; x_wconf 87' lang='lat' dir='ltr'><strong>prout</strong></span> <span class='ocrx_word' id='word_1_915' title='bbox 1493 3126 1586 3159; x_wconf 83' lang='lat' dir='ltr'><strong>visus</strong></span> <span class='ocrx_word' id='word_1_916' title='bbox 1614 3126 1719 3159; x_wconf 83' lang='lat' dir='ltr'><strong>bonus</strong></span> <span class='ocrx_word' id='word_1_917' title='bbox 1737 3124 1800 3157; x_wconf 88' lang='lat' dir='ltr'><strong>erit</strong></span> <span class='ocrx_word' id='word_1_918' title='bbox 1826 3125 1884 3156; x_wconf 88' lang='lat' dir='ltr'><strong>aut</strong></span> <span class='ocrx_word' id='word_1_919' title='bbox 1902 3122 1992 3155; x_wconf 83' lang='lat' dir='ltr'><strong>aliud</strong></span> <span class='ocrx_word' id='word_1_920' title='bbox 2012 3123 2162 3155; x_wconf 80' lang='lat' dir='ltr'><strong>naturale</strong></span> <span class='ocrx_word' id='word_1_921' title='bbox 2188 3122 2312 3155; x_wconf 87' lang='lat' dir='ltr'><strong>bonum</strong></span> <span class='ocrx_word' id='word_1_922' title='bbox 2338 3129 2394 3155; x_wconf 83' lang='lat' dir='ltr'><strong>ex—</strong></span> 
     </span>
     <span class='ocr_line' id='line_1_108' title="bbox 1367 3179 2389 3227; baseline -0.005 -9"><span class='ocrx_word' id='word_1_923' title='bbox 1367 3185 1486 3223; x_wconf 84' lang='lat' dir='ltr'><strong>stabit,</strong></span> <span class='ocrx_word' id='word_1_924' title='bbox 1501 3184 1592 3227; x_wconf 92' lang='lat' dir='ltr'><strong>quod</strong></span> <span class='ocrx_word' id='word_1_925' title='bbox 1611 3183 1675 3216; x_wconf 90' lang='lat' dir='ltr'><strong>nisi</strong></span> <span class='ocrx_word' id='word_1_926' title='bbox 1685 3182 1761 3225; x_wconf 90' lang='lat' dir='ltr'><strong>quis</strong></span> <span class='ocrx_word' id='word_1_927' title='bbox 1776 3182 1875 3215; x_wconf 87' lang='lat' dir='ltr'><strong>habet</strong></span> <span class='ocrx_word' id='word_1_928' title='bbox 1886 3190 1927 3214; x_wconf 87' lang='lat' dir='ltr'><strong>ne</strong></span> <span class='ocrx_word' id='word_1_929' title='bbox 1945 3180 2076 3214; x_wconf 79' lang='lat' dir='ltr'><strong>aliunde</strong></span> <span class='ocrx_word' id='word_1_930' title='bbox 2092 3180 2226 3223; x_wconf 86' lang='lat' dir='ltr'><strong>quidem</strong></span> <span class='ocrx_word' id='word_1_931' title='bbox 2237 3179 2389 3222; x_wconf 64' lang='lat' dir='ltr'><strong>aucupia,</strong></span> 
     </span>
    </p>
   </div>
   <div class='ocr_carea' id='block_1_24' title="bbox 1343 3237 2397 3286">
    <p class='ocr_par' dir='ltr' id='par_1_28' title="bbox 1343 3237 2397 3286">
     <span class='ocr_line' id='line_1_109' title="bbox 1343 3237 2397 3286; baseline -0.003 -10"><span class='ocrx_word' id='word_1_932' title='bbox 1343 3258 1344 3261; x_wconf 41' lang='lat'>¹</span> <span class='ocrx_word' id='word_1_933' title='bbox 1367 3253 1428 3277; x_wconf 92' lang='lat' dir='ltr'><strong>nec</strong></span> <span class='ocrx_word' id='word_1_934' title='bbox 1451 3244 1521 3286; x_wconf 90' lang='lat' dir='ltr'><strong>ipse</strong></span> <span class='ocrx_word' id='word_1_935' title='bbox 1539 3242 1604 3276; x_wconf 87' lang='lat' dir='ltr'><strong>sibi</strong></span> <span class='ocrx_word' id='word_1_936' title='bbox 1630 3240 1911 3279; x_wconf 86' lang='lat' dir='ltr'><strong>subministrabit,</strong></span> <span class='ocrx_word' id='word_1_937' title='bbox 1942 3239 2002 3273; x_wconf 87' lang='lat' dir='ltr'><strong>sed</strong></span> <span class='ocrx_word' id='word_1_938' title='bbox 2021 3239 2112 3272; x_wconf 88' lang='lat' dir='ltr'><strong>nasci</strong></span> <span class='ocrx_word' id='word_1_939' title='bbox 2133 3247 2212 3272; x_wconf 85' lang='lat' dir='ltr'><strong>cum</strong></span> <span class='ocrx_word' id='word_1_940' title='bbox 2237 3237 2397 3281; x_wconf 77' lang='lat' dir='ltr'><strong>ejusmodi</strong></span> 
     </span>
    </p>
   </div>
   <div class='ocr_carea' id='block_1_25' title="bbox 281 3286 2400 3344">
    <p class='ocr_par' dir='ltr' id='par_1_29' title="bbox 281 3286 2400 3344">
     <span class='ocr_line' id='line_1_110' title="bbox 281 3286 2400 3344; baseline -0.003 -17"><span class='ocrx_word' id='word_1_941' title='bbox 281 3293 408 3328; x_wconf 82' lang='grc' dir='ltr'>σασθαι</span> <span class='ocrx_word' id='word_1_942' title='bbox 426 3287 556 3327; x_wconf 81' lang='grc' dir='ltr'>οἴκοθεν</span> <span class='ocrx_word' id='word_1_943' title='bbox 567 3317 578 3336; x_wconf 85' lang='grc'>,</span> <span class='ocrx_word' id='word_1_944' title='bbox 605 3286 695 3325; x_wconf 82' lang='grc' dir='ltr'>ἀλλὰ</span> <span class='ocrx_word' id='word_1_945' title='bbox 714 3291 816 3339; x_wconf 83' lang='grc' dir='ltr'>φῦναι</span> <span class='ocrx_word' id='word_1_946' title='bbox 837 3288 971 3339; x_wconf 86' lang='grc' dir='ltr'>ἀνάγκη</span> <span class='ocrx_word' id='word_1_947' title='bbox 1004 3288 1092 3338; x_wconf 82' lang='grc' dir='ltr'>μετὰ</span> <span class='ocrx_word' id='word_1_948' title='bbox 1109 3293 1170 3337; x_wconf 80' lang='grc' dir='ltr'><strong>τῆς</strong></span> <span class='ocrx_word' id='word_1_949' title='bbox 1189 3291 1309 3328; x_wconf 88' lang='grc' dir='ltr'>τοιαύ-</span> <span class='ocrx_word' id='word_1_950' title='bbox 1364 3301 1489 3344; x_wconf 75' lang='lat' dir='ltr'><strong>judicio</strong></span> <span class='ocrx_word' id='word_1_951' title='bbox 1513 3297 1695 3343; x_wconf 65' lang='lat' dir='ltr'><strong>oportebit,</strong></span> <span class='ocrx_word' id='word_1_952' title='bbox 1718 3299 1746 3332; x_wconf 79' lang='lat' dir='ltr'><strong>si</strong></span> <span class='ocrx_word' id='word_1_953' title='bbox 1759 3299 1834 3341; x_wconf 78' lang='lat' dir='ltr'><strong>quis</strong></span> <span class='ocrx_word' id='word_1_954' title='bbox 1852 3299 1942 3331; x_wconf 66' lang='lat' dir='ltr'><strong>recte</strong></span> <span class='ocrx_word' id='word_1_955' title='bbox 1952 3297 2102 3340; x_wconf 63' lang='lat' dir='ltr'><strong>judicare</strong></span> <span class='ocrx_word' id='word_1_956' title='bbox 2113 3297 2212 3338; x_wconf 61' lang='lat' dir='ltr'><strong>velit,</strong></span> <span class='ocrx_word' id='word_1_957' title='bbox 2227 3304 2304 3339; x_wconf 68' lang='lat' dir='ltr'><strong>quae</strong></span> <span class='ocrx_word' id='word_1_958' title='bbox 2317 3305 2400 3329; x_wconf 80' lang='lat' dir='ltr'><strong>con·</strong></span> 
     </span>
    </p>
   </div>
   <div class='ocr_carea' id='block_1_26' title="bbox 590 3376 2394 3393">
    <p class='ocr_par' dir='ltr' id='par_1_30' title="bbox 590 3376 2394 3393">
     <span class='ocr_line' id='line_1_111' title="bbox 590 3376 2394 3393; baseline 0 383"><span class='ocrx_word' id='word_1_959' title='bbox 590 3376 2394 3393; x_wconf 95' lang='lat' dir='ltr'><strong> </strong></span> 
     </span>
    </p>
   </div>
   <div class='ocr_carea' id='block_1_27' title="bbox 324 3431 1492 3476">
    <p class='ocr_par' dir='ltr' id='par_1_31' title="bbox 324 3431 1492 3476">
     <span class='ocr_line' id='line_1_112' title="bbox 324 3431 1492 3476; baseline 0.003 -11"><span class='ocrx_word' id='word_1_960' title='bbox 324 3432 346 3454; x_wconf 62' lang='lat'><strong>⁴¹</strong></span> <span class='ocrx_word' id='word_1_961' title='bbox 363 3434 404 3466; x_wconf 77' lang='lat' dir='ltr'><strong>Et</strong></span> <span class='ocrx_word' id='word_1_962' title='bbox 423 3433 457 3465; x_wconf 84' lang='grc' dir='ltr'><strong>δέ</strong></span> <span class='ocrx_word' id='word_1_963' title='bbox 472 3444 518 3470; x_wconf 88' lang='grc' dir='ltr'><strong>τις</strong></span> <span class='ocrx_word' id='word_1_964' title='bbox 533 3431 619 3472; x_wconf 83' lang='grc' dir='ltr'>λέγοι</span> <span class='ocrx_word' id='word_1_965' title='bbox 640 3432 689 3465; x_wconf 86' lang='grc' dir='ltr'><strong>ὅτι</strong></span> <span class='ocrx_word' id='word_1_966' title='bbox 705 3432 821 3470; x_wconf 84' lang='grc' dir='ltr'>πάντες</span> <span class='ocrx_word' id='word_1_967' title='bbox 835 3433 974 3474; x_wconf 83' lang='grc' dir='ltr'>ἐφίενται</span> <span class='ocrx_word' id='word_1_968' title='bbox 988 3436 1045 3465; x_wconf 83' lang='grc' dir='ltr'><strong>τοῦ</strong></span> <span class='ocrx_word' id='word_1_969' title='bbox 1068 3435 1262 3475; x_wconf 87' lang='grc' dir='ltr'>φαινομένου</span> <span class='ocrx_word' id='word_1_970' title='bbox 1282 3435 1404 3476; x_wconf 81' lang='grc' dir='ltr'>ἀγαθοῦ</span> <span class='ocrx_word' id='word_1_971' title='bbox 1422 3437 1492 3468; x_wconf 78' lang='grc' dir='ltr'>κτλ.</span> 
     </span>
    </p>
   </div>
  </div>
 </body>
</html>
