2528 3788
1297 88 1306 109 ,1

286 188 310 224 6
1176 187 1244 227 DE
1274 184 1502 228 EUSEBIO.

326 279 388 325 τὴν
409 279 471 330 μὲν
491 278 556 331 γὰρ
578 277 754 325 κακότητα
774 276 833 316 καὶ
852 276 971 316 ἷλαδόν
992 277 1084 315 ἔστιν
1102 274 1240 315 ἑλέσθαι

330 339 485 392 ῥηϊδίως·
505 337 602 390 ὀλίγη
627 337 688 386 μὲν
709 336 783 380 ὁδός
796 365 806 384 ,
830 335 924 387 μάλα
944 336 976 374 δ’
997 334 1112 387 ἐγγύθι
1131 336 1236 374 ναίει.

329 400 403 443 Τῆς
423 397 451 434 δ’
472 398 595 448 ἀρετῆς
621 396 749 446 ἱδρῶτα
769 394 838 433 θεοὶ
857 395 974 447 προπά
999 398 1087 433 οιθεν
1108 394 1232 441 ἔθηκαν

331 455 514 493 ἀθάνατοι·
533 453 666 507 μακρὸς
686 453 721 490 δὲ
742 453 801 492 καὶ
823 452 933 504 ὄρθιος
957 411 1054 502 oiim<
1075 454 1129 490 ἐπ’
1153 451 1271 498 αὐτήν,

330 515 389 552 καὶ
412 514 542 566 τρηχὺς
559 513 597 552 τὸ
616 515 770 564 πρῶτον·
791 511 877 558 ἐπὴν
896 513 925 550 δ’
948 512 992 555 εἷς
1013 510 1118 564 ἄκρον
1137 509 1256 561 ἵκηαι,

337 573 453 625 ῥηϊδίη
492 572 533 619 δὴ
556 571 676 609 ἔπειτα
697 571 818 619 πέλει,
841 569 979 623 χαλεπή
1002 585 1067 622 περ
1088 570 1201 608 ἐοῦσα.

280 690 384 727 Hanc
411 688 531 737 igitur
552 688 745 726 fictionem
774 686 948 724 certatim
975 684 1172 723 inferioris
1193 684 1313 722 aetatis

277 757 400 799 poetae
446 756 483 785 et
524 747 747 798 philosophi
792 753 1052 792 exornarunt,
1088 744 1254 781 maxime
1285 743 1313 781 ii

280 806 348 857 qui
368 805 571 855 allegorias
588 813 662 842 tam
680 804 857 842 invenire
874 816 987 854 quam
1007 802 1200 854 explicare
1219 801 1316 840 sole-

281 873 381 904 rent.
402 864 498 902 Vide
516 877 600 913 quae
621 863 704 900 dixi
725 862 772 900 ad
793 862 951 899 Prodici
981 861 1237 909 fragmentum
1269 873 1317 897 ex

281 923 548 974 Xenophontis
564 922 724 960 Memor.
742 921 809 959 lib.
831 920 882 968 ll,
901 933 982 971 cap.
1004 934 1018 956 1
1040 920 1211 970 petitum.
1233 918 1318 963 Quo

278 1040 433 1076 ἀλληλέων
449 1039 488 1070 τὰ
515 1041 624 1078 πρῶτα
642 1036 858 1078 διειργόμεναι.
883 1036 943 1067 Καὶ
963 1037 982 1073 ἡ
1004 1036 1059 1075 μὲν
1088 1034 1206 1066 αὐτέων
1230 1033 1314 1073 ἐστί,

282 1087 375 1117 ὁκοῖα
402 1086 439 1123 δὴ
464 1086 519 1122 τήν
543 1085 726 1125 τιμιωτέρην
750 1084 833 1120 τάξιν
863 1083 1024 1123 λαχοῦσα,
1040 1083 1075 1114 ἐκ
1104 1083 1200 1117 δεξιῆς
1228 1081 1315 1122 χερὸς

282 1130 447 1163 ἐσιόντων·
468 1131 546 1168 αὕτη
562 1130 612 1162 ἐπὶ
629 1131 684 1168 τὴν
699 1129 807 1170 ἀρετὴν
835 1129 947 1169 αὐτῇσι
971 1129 1114 1166 ἡγέεται·
1132 1129 1151 1165 ἡ
1173 1127 1259 1168 ἑτέρη
1283 1126 1315 1157 δὲ

281 1171 352 1216 λαιῆ
373 1178 467 1209 ἐοῦσα
492 1177 542 1208 ἐπὶ
569 1177 624 1214 τὴν
643 1177 754 1213 κακίην
774 1176 838 1207 ἐστὶ
857 1174 1317 1216 παραπέμπουσα.Φατίζονται

282 1226 314 1257 δὲ
328 1225 407 1257 εἶναι
423 1224 539 1256 τοιαίδε
549 1232 556 1239 ·
569 1226 588 1262 ἡ
606 1223 659 1264 μὲν
676 1228 729 1261 τῆς
744 1223 849 1262 ἀρετῆς
867 1222 904 1252 τὰ
918 1225 1028 1262 πρῶτα
1038 1222 1094 1253 οὐκ
1109 1221 1244 1258 εὐηλατά
1255 1231 1317 1256 κως

281 1273 426 1312 παρέχειν
443 1271 563 1311 δοκέει,
586 1270 638 1301 οἷά
662 1280 695 1301 τε
722 1270 824 1310 μέντοι
860 1270 984 1308 συνεχέϊ
1018 1268 1103 1308 πόνῳ
1131 1268 1315 1304 ἀνυσθῆναι·

281 1318 359 1349 ἀλλὰ
379 1318 432 1348 καὶ
450 1317 520 1352 τοὺς
545 1317 789 1356 κατηγεομένους
807 1315 870 1356 ἔχει
887 1315 940 1346 καὶ
956 1316 1217 1356 παραπέμποντας
1234 1314 1318 1344 ἀκιν-

281 1365 394 1400 δύνως·
413 1365 448 1395 τὸ
474 1364 507 1395 δὲ
533 1364 611 1403 μετὰ
631 1362 725 1394 τοῦτό
751 1362 814 1393 ἐστι
832 1362 899 1397 ὁδὸς
916 1362 980 1398 ἰθέη
996 1372 1030 1392 τε
1047 1364 1099 1392 καὶ
1121 1361 1207 1402 εὐρέη
1231 1361 1319 1400 μέχρι

280 1415 334 1449 τῆς
354 1411 404 1442 ἐπὶ
421 1410 475 1447 τήν
497 1410 665 1450 ἀκρόπολιν
682 1409 776 1440 αὐτοῦ
801 1411 856 1439 τοῦ
881 1408 998 1439 καλοῦ·
1015 1408 1063 1439 ἐπ’
1082 1408 1120 1445 ἣν
1139 1406 1272 1438 ἀνελθὼν
1289 1406 1319 1435 ἐν

281 1461 364 1488 τοῖσι
392 1455 587 1487 καλλίστοισι
616 1456 702 1487 ἔσεαι
731 1455 783 1485 καὶ
805 1455 855 1494 θέῃ
886 1454 985 1484 ἄλλων
1003 1465 1036 1485 τε
1063 1454 1178 1495 μυρίων
1196 1452 1319 1492 ἀγαθῶν

282 1505 335 1535 καὶ
356 1507 417 1534 τῶν
441 1503 744 1543 εὐδαιμονεστάτων,
764 1502 843 1542 ἀτὰρ
866 1502 902 1538 δὴ
927 1501 979 1532 καὶ
1001 1500 1116 1541 φωτός,
1138 1499 1249 1534 παντὸς
1266 1499 1320 1529 τοῦ

285 1553 395 1582 λοιποῦ
411 1550 515 1581 κάλλεϊ
532 1549 631 1591 μυρίῳ
647 1549 835 1589 προήκοντας
862 1548 914 1579 καὶ
939 1547 1209 1587 αὐγοειδεστάτου.
1224 1546 1319 1587 Πέριξ

282 1599 314 1629 δὲ
332 1598 382 1628 καὶ
403 1597 451 1628 ἐπὶ
468 1599 573 1628 πᾶσαν
591 1599 648 1634 γῆν
666 1595 924 1633 ἀναπεπταμένην
950 1596 982 1626 αἱ
1003 1595 1106 1630 πόλιες
1132 1595 1203 1625 ἔασι
1223 1593 1276 1624 καὶ
1293 1594 1321 1624 οἱ

283 1646 338 1683 τῆν
356 1649 412 1685 γῆν
432 1645 646 1679 κατοικέοντες
671 1644 724 1674 καὶ
742 1643 959 1684 ἐργαζόμενοι,
975 1643 1042 1682 περὶ
1063 1645 1124 1673 τῶν
1143 1643 1183 1677 ὡς
1204 1641 1321 1672 ἕκαστα

284 1694 349 1732 ἔχει
367 1693 384 1722 ὁ
401 1692 449 1722 επὶ
468 1691 638 1731 συμὸουλίῃ
665 1692 727 1721 τῶν
748 1691 874 1730 ψυχέων
891 1689 1097 1730 προπεμφθεὶς
1123 1689 1197 1729 ἐρέει
1218 1687 1320 1727 λόγος.

286 1740 345 1770 Καὶ
362 1739 415 1776 ἣδε
433 1738 487 1778 μὲν
504 1737 564 1768 ὧδέ
580 1748 642 1773 κως
663 1737 744 1777 ἔχει·
759 1738 781 1774 ἡ
795 1737 828 1767 δὲ
842 1736 892 1767 ἐπὶ
906 1736 961 1773 τὴν
982 1735 1094 1772 κακίην
1117 1735 1239 1774 ἄγουσά
1257 1735 1322 1766 ἐστι

285 1786 353 1823 λείη
372 1786 410 1816 τὰ
431 1784 484 1823 μὲν
511 1783 579 1815 κατ’
604 1783 716 1824 ἀρχάς,
744 1785 785 1819 ὡς
814 1783 920 1822 ὀλίγου
946 1782 1052 1822 πάγχυ
1080 1783 1134 1813 καὶ
1159 1781 1268 1813 τούτου
1288 1781 1323 1813 οὐ

284 1832 414 1870 γνησίου
426 1855 434 1871 ,
454 1832 614 1868 ἀπατηλοῦ
628 1831 681 1868 δέ,
696 1831 748 1861 καὶ
770 1830 822 1861 ἐπὶ
842 1833 1015 1871 παραγωγῇ
1035 1831 1097 1860 τῶν
1117 1828 1322 1870 προσιόντων,

285 1879 457 1917 γεύσασθαι
475 1878 584 1913 αὐτοὺς
604 1881 659 1909 τοῦ
679 1878 766 1915 ἡδέος
778 1886 785 1894 ·
802 1878 885 1908 ὥστε
906 1878 958 1908 καὶ
976 1877 1102 1917 μηδενὸς
1129 1877 1205 1917 μετὰ
1227 1879 1324 1906 ταῦτα

286 1925 435 1966 ἡγεμόνος
454 1926 677 1966 εὑρισκομένου
693 1925 779 1960 εὐθὺς
793 1924 862 1963 ἄγει
881 1925 910 1960 ἐς
924 1925 995 1955 ὁδὸν
1009 1924 1136 1961 σκολιὴν
1167 1922 1323 1958 σκόλοπάς

286 1981 321 2002 τε
345 1972 480 2012 ἔχουσαν
494 1996 502 2009 ,
522 1972 630 2007 οἵτινες
655 1971 691 2009 δή
719 1971 819 2011 ὀξέες,
839 1971 964 2011 μεγάλοι
983 1972 1034 2003 καὶ
1055 1971 1167 2003 πυκνοὶ
1186 1981 1323 2002 καταπε-

286 2018 406 2056 πήγασι
420 2041 428 2058 ‚
445 2019 497 2049 καὶ
509 2018 661 2059 χαράδρας
675 2019 726 2050 καὶ
743 2018 912 2060 κρημνούς,
929 2019 1009 2050 κατὰ
1027 2020 1157 2058 κεφαλῆς
1174 2018 1324 2053 ὠθέοντας

286 2065 356 2100 τοὺς
378 2066 601 2105 πορευομένους
621 2065 703 2096 κατὰ
720 2068 774 2096 τοῦ
789 2066 1007 2106 συμψήσοντος
1025 2066 1078 2096 καὶ
1095 2066 1324 2106 παρασύροντος

286 2113 356 2147 τοὺς
376 2113 610 2151 κατενεχθέντας
630 2112 658 2147 ές
676 2111 768 2143 αὐτὸν
785 2115 927 2151 ποταμοῦ
947 2113 1031 2143 κάτω
1051 2112 1191 2152 βορὸόρῳ
1213 2112 1265 2142 καὶ
1282 2110 1324 2142 λί-

287 2160 348 2193 θοις
367 2159 505 2199 ῥέοντος·
528 2158 609 2188 ὥστε
628 2158 757 2194 πολλοὺς
775 2158 859 2194 εὐθὺς
876 2158 958 2189 οὕτω
984 2158 1227 2199 διαφθείρεσθαι,
1245 2159 1274 2188 οἱ
1291 2157 1323 2188 δὲ

288 2206 390 2237 λοιποὶ
426 2206 523 2246 τύχῃ,
545 2205 610 2236 οὔτ’
635 2204 682 2245 ἄρ’
704 2205 803 2244 οἷκείῃ
829 2206 1019 2246 προμηθείῃ,
1051 2206 1099 2237 ἐπὶ
1128 2206 1181 2241 τὰς
1216 2204 1322 2236 αὐτόθι

288 2252 399 2287 ἐούσας
418 2251 526 2287 πόλιας
549 2251 823 2282 διασκεδαννύαται
837 2251 922 2282 ἄλλοι
940 2252 1052 2283 ἄλλοσε
1073 2252 1127 2283 καὶ
1147 2251 1197 2282 ἐπὶ
1214 2253 1318 2282 πᾶσαν

287 2299 404 2335 πολλὴν
418 2299 528 2329 ἐοῦσαν
545 2298 599 2335 τήν
615 2298 737 2338 χώρην,
754 2299 820 2338 περὶ
840 2301 901 2329 τῶν
927 2299 964 2336 δὴ
991 2299 1042 2329 καὶ
1063 2299 1165 2329 αὐτῶν
1184 2299 1201 2329 ὁ
1217 2308 1323 2338 προει-

288 2342 416 2381 ρημένος
428 2343 556 2382 ἅγγελος
570 2345 778 2384 άπηγήσεται.
790 2362 830 2367 ——
841 2345 886 2385 (6)
895 2344 1053 2376 Eusebius
1065 2345 1150 2386 apud
1160 2345 1325 2377 stobaeum

288 2388 396 2428 Eclog.
416 2389 472 2420 lib.
505 2391 535 2420 ΙΙ
557 2399 625 2431 cap.
648 2393 723 2423 VIII
745 2392 796 2432 (fr.
827 2392 879 2432 03)
909 2393 1007 2433 ψυχαὶ
1026 2393 1217 2433 ἀνθρώπων,
1234 2393 1326 2432 φύσιν

291 2435 422 2475 ἔχουσαι
450 2437 555 2471 θνηταί
575 2448 607 2468 τε
626 2438 705 2468 εἶναι
731 2439 783 2469 καὶ
804 2438 968 2477 ἀθάνατοι,
988 2440 1040 2470 καὶ
1059 2442 1121 2480 ζωῇ
1141 2440 1195 2479 μὲν
1212 2443 1250 2480 τῇ
1276 2439 1325 2471 ἐπὶ

291 2485 343 2519 τῆς
362 2486 416 2522 γῆς
433 2484 617 2524 νομιζομένῃ
635 2485 756 2526 θανάτῳ
774 2485 974 2526 ἐγκυρέουσαι
988 2511 996 2525 ,
1017 2486 1138 2526 θανάτῳ
1154 2487 1186 2518 δὲ
1206 2490 1251 2526 τῷ
1272 2487 1323 2518 δο-

290 2529 387 2559 κέοντι
402 2530 507 2560 αὐτόθι
529 2532 609 2568 ζωὴν
630 2532 904 2571 ἀπολαμβάνουσαι
918 2558 925 2572 ,
942 2533 1033 2564 ἐπεὰν
1053 2534 1166 2574 χρόνον
1194 2536 1248 2565 τοῦ
1273 2544 1322 2565 τε·

291 2577 443 2615 ταγμένου
459 2578 529 2616 ὑμῖν
550 2578 730 2614 ἀνυσθέντος
750 2579 835 2615 αὖτις
864 2580 1034 2618 ἀπολυθῆτε
1058 2581 1203 2621 σώματος
1220 2584 1274 2612 τοῦ
1294 2582 1324 2612 ἐν

291 2626 336 2663 τῷ
357 2623 460 2655 αὐτόθι
487 2624 608 2665 θανάτῳ
636 2627 863 2666 ὑποδεξαμένου
891 2628 1003 2667 ὑμέας,
1033 2628 1218 2663 διαδέξονται
1238 2627 1324 2664 αὖτις

290 2672 385 2711 ὑμέας
401 2671 513 2712 τρόπον
534 2676 587 2708 τῆς
605 2673 654 2703 ἐπὶ
674 2677 726 2711 γῆς
745 2676 822 2710 ζωῆς
842 2673 903 2713 βίοι
921 2675 948 2705 οἱ
966 2674 1167 2715 ὀφειλόμεναι.
1190 2676 1227 2706 In
1245 2683 1322 2706 ean-

291 2716 364 2749 dem
386 2718 577 2750 sententiam
598 2720 690 2751 Plato
709 2720 803 2761 Gorg.
823 2730 853 2761 p.
874 2723 932 2752 492
969 2730 997 2753 ε,
1017 2722 1093 2754 ἀλλὰ
1123 2722 1178 2762 μὲν
1204 2723 1241 2760 δὴ
1270 2722 1323 2753 καὶ

292 2764 332 2799 ὥς
350 2775 384 2803 γε
401 2766 439 2796 σὺ
460 2766 576 2804 λέγεις,
593 2766 687 2802 δεινὸς
705 2767 721 2796 ὁ
736 2766 811 2806 βίος.
832 2767 879 2798 Οὐ
896 2767 952 2808 γάρ
968 2779 1015 2799 τοι
1031 2769 1214 2809 θαυμάζοιμ’
1228 2769 1276 2808 ἄν,
1296 2770 1322 2800 εἰ

296 2810 461 2850 Εὐριπίδης
483 2811 578 2849 ἀληθῆ
598 2813 628 2843 ἐν
646 2813 749 2843 τοῖσδε
769 2814 868 2852 λέγει,
888 2814 1003 2854 λέγων,
1018 2814 1061 2851 τίς
1081 2815 1107 2846 δ’
1127 2815 1228 2855 οἶδεν,
1247 2816 1273 2846 εἰ
1289 2815 1325 2847 τὸ

293 2859 345 2895 ζῆν
354 2859 407 2894 μέν
418 2858 481 2889 ἐστι
492 2859 672 2896 κατθανεῖν,
688 2860 723 2890 τὸ
733 2856 891 2891 κατθανεῖν
900 2860 930 2891 δὲ
946 2863 1014 2901 ζῆν;
1031 2862 1083 2892 καὶ
1095 2863 1181 2899 ἡμεῖς
1197 2865 1242 2903 τῷ
1261 2862 1325 2893 ὄντι

1375 276 1414 314 ἱη
1444 287 1581 325 genere
1610 273 1762 311 Cebetis
1793 272 1921 311 tabula
1955 273 2121 312 excellit.
2147 272 2276 318 Quid?
2302 271 2408 324 quod

1375 334 1609 373 recentiores
1631 333 1814 370 Platonici
1836 332 2032 370 materiam
2047 331 2095 370 ab
2110 331 2197 370 aliis
2206 339 2406 371 tractatam

1374 394 1428 431 ita
1460 393 1585 430 denuo
1615 391 1859 442 poliverunt‚
1898 395 1939 429 ut
1979 390 2195 441 compilatis
2234 390 2410 429 Platonis

1376 451 1532 490 scriniis
1553 450 1700 487 fabulas
1722 449 1769 487 de
1790 450 2007 487 animorum
2035 449 2295 488 humanorum
2322 458 2410 489 ante

1375 511 1473 548 hanc
1493 510 1612 548 vitam
1643 517 1742 547 statu
1779 522 1827 546 ex
1847 508 1996 546 decimo
2016 507 2063 545 de
2082 507 2284 559 republica
2306 508 2409 548 libro

1377 569 1436 606 vel
1465 568 1620 606 aliunde
1651 576 1794 605 sumtas
1825 567 1872 605 ad
1901 580 1982 605 eam
2014 567 2348 606 accommodarent
2374 576 2413 606 et

1376 625 1588 663 Platonicis
1615 625 1841 663 commentis
1869 626 1919 676 (6)
1950 624 2133 663 variatam
2162 625 2409 675 refingerent.

1436 682 1666 734 Hujusmodi
1700 696 1791 732 ergo
1823 683 2022 734 sapientiae
2049 684 2183 721 doctor
2203 683 2273 721 fuit
2291 682 2415 723 Euse-

1376 741 1488 789 bius,
1525 741 1637 792 cujus
1668 741 1859 780 librorum
1898 742 2083 792 reliquias
2114 750 2199 793 post
2223 741 2413 781 Orellium

1377 800 1518 851 Opusc.
1536 800 1619 838 Vet.
1637 800 1758 838 Graec.
1776 809 1871 841 sent.
1890 809 1927 838 et
1949 801 2084 838 moral.
2102 799 2188 840 Vol.
2207 799 2245 838 ll
2261 814 2302 852 p.
2320 800 2415 838 362-

1382 861 1453 910 391
1484 868 1521 897 et
1549 859 1690 898 Stobaei
1712 860 1878 898 editores
1910 860 2114 909 diligenter
2129 860 2335 898 recensitas
2370 871 2414 897 ac

1382 919 1504 956 latine
1531 931 1660 956 versas
1679 917 1759 968 jam
1781 918 1998 968 subjiciam.
2311 924 2313 926 ’

1382 1045 1455 1070 ισως
1471 1036 1635 1075 τέθναμεν·
1652 1035 1725 1075 ὅπερ
1742 1035 1800 1072 ἤδη
1817 1045 1872 1065 του
1889 1035 1989 1075 ἔγωγε
2008 1036 2060 1066 καὶ
2078 1035 2202 1072 ἤκουσα
2217 1037 2416 1076 τῶνσᾳφῶν,

1378 1083 1418 1118 ὡς
1427 1085 1479 1114 νῦν
1491 1084 1578 1123 ἡμεῖς
1588 1082 1736 1122 τέθναμεν
1746 1106 1754 1121 ,
1767 1083 1820 1113 καὶ
1833 1082 1867 1113 τὸ
1883 1082 1935 1122 μὲν
1947 1082 2041 1121 σῶμά.
2061 1081 2143 1113 ἐστιν
2157 1083 2232 1121 ἡμῖν
2243 1084 2348 1121 σῆμα,
2363 1083 2418 1118 τῆς

1377 1127 1409 1159 δὲ
1420 1126 1521 1170 ψυχῆς
1533 1131 1637 1166 τοῦτο,
1647 1128 1711 1168 ἐνῷ
1732 1129 1764 1159 αἱ
1784 1128 1942 1168 ἐπιθυμίαι
1961 1129 2039 1168 εἰσί,
2054 1128 2199 1170 τυγχάνει
2213 1128 2248 1160 ὃν
2259 1127 2324 1160 οἶον
2338 1127 2415 1160 ἀνα·

1378 1176 1541 1208 πείθεσθαι
1561 1175 1615 1206 καὶ
1627 1175 1828 1215 μεταπίπτειν
1846 1175 1912 1206 ἄνω
1930 1176 1983 1207 καὶ
2005 1175 2110 1207 κάτω·
2128 1175 2184 1208 ubi
2197 1173 2391 1208 scholiastes
2407 1185 2414 1204 :

1377 1224 1417 1255 τὰ
1434 1223 1562 1263 ίαμόεῖα
1582 1223 1618 1253 ε“κ
1637 1225 1691 1253 τοῦ
1711 1223 1826 1261 Φρίξου
1851 1225 1906 1253 τοῦ
1933 1222 2085 1264 δράματος
2113 1221 2294 1264 Εὐριπίδου.
2319 1221 2373 1259 Τίς
2388 1220 2417 1253 δ’

1379 1271 1478 1312 οἶδεν,
1497 1270 1522 1301 εἰ
1539 1269 1574 1300 τὸ
1592 1271 1644 1307 ζῆν
1660 1269 1713 1309 μέν
1733 1269 1798 1300 ἐστι
1816 1271 2036 1310 κατθανεῖν,τὸ
2051 1269 2254 1302 κατθανεῖνδὲ
2266 1267 2418 1308 ζῆνοαὶκω

1378 1315 1685 1358 νομίζεται,Εοεᾶθιη
1694 1323 1711 1346 c
1722 1315 1844 1347 Phrixo
1852 1325 1968 1349 versus
1978 1316 2024 1349 ita
2033 1317 2156 1357 profert
2166 1316 2316 1354 Stobaeus
2330 1314 2416 1360 Flet.-

1380 1364 1475 1401 CXX,
1490 1365 1525 1393 18
1542 1362 1586 1397 τίς
1597 1360 1623 1392 δ’
1639 1362 1731 1399 οἶδεν,
1742 1363 1769 1393 εἷ
1795 1364 1848 1400 ζῆν
1867 1363 1964 1402 τοῦθ’,
1983 1362 2000 1394 ὃ
2025 1362 2171 1399 κέκληται
2185 1363 2301 1402 θανεῖν,
2310 1360 2347 1392 τὸ
2364 1360 2418 1399 ζῆν

1380 1403 1411 1442 δὲ
1426 1411 1568 1447 θνήσκειν
1583 1409 1666 1448 ἐστί;
1684 1408 1756 1440 Vid.
1776 1408 1941 1450 Euripidis
1954 1409 2120 1451 fragment.
2133 1418 2167 1451 p.
2179 1411 2237 1442 821
2263 1406 2425 1441 ed..Wa·‘

1380 1465 1468 1496 gner.
1490 1455 1584 1487 Plato
1603 1455 1724 1496 Cratyl.
1745 1464 1775 1495 p.
1792 1457 1853 1487 400
1871 1457 1924 1487 καὶ
1944 1457 2003 1498 γὰρ
2024 1457 2112 1497 σῆμά
2128 1457 2206 1494 τινές
2231 1454 2419 1496 ‹pact-mox&

1381 1504 1427 1543 (τὸ
1447 1502 1554 1543 σῶμα)
1573 1502 1651 1534 εἶναι
1667 1505 1721 1540 τῆς
1740 1503 1862 1543 ψυχῆς,
1881 1505 1922 1539 ὡς
1939 1504 2127 1545 τεθαμμένης
2157 1504 2188 1536 ἐν
2208 1506 2254 1545 τῷ
2279 1505 2332 1535 νῦν
2357 1512 2420 1534 πα·-

1381 1551 1472 1592 ρὸντι.
1490 1549 1554 1582 Sed
1570 1549 1750 1581 communis
1767 1549 1838 1581 haec
1854 1550 2032 1582 mullorum
2054 1550 2116 1583 suit
2134 1549 2241 1591 opinio
2259 1550 2358 1590 atque
2375 1545 2419 1580 ab

1381 1596 1616 1638 antiquissimis
1633 1596 1732 1628 ducta
1752 1597 1965 1638 temporibus.
1984 1597 2210 1630 Theodoretus
2229 1598 2334 1632 Groee.
2361 1597 2417 1628 M·

1381 1645 1456 1676 fect.
1481 1645 1592 1677 Curat.
1612 1644 1639 1675 V
1658 1653 1689 1684 p.
1709 1646 1768 1675 544
1789 1644 1938 1685 σύμφωνα
1964 1646 1998 1677 δὲ
2022 1645 2140 1678 τούτων
2156 1646 2208 1678 καὶ
2227 1644 2380 1682 Φιλόλαος
2401 1644 2420 1676 ὁ

1383 1690 1591 1732 Πυθαγόρειος
1609 1690 1682 1730 ἔφη·
1702 1691 1782 1728 λέγει
1799 1691 1830 1722 δὲ
1853 1691 1925 1722 ὦδε·
1948 1693 2169 1733 μαρτυρέοντοιι
2187 1693 2220 1725 δὲ
2240 1693 2340 1724 καὶόἱ
2358 1702 2421 1724 πα·

1381 1738 1465 1768 λαιοὶ
1479 1736 1618 1775 θεολόγοι
1635 1747 1669 1767 τε
1687 1737 1739 1768 καὶ
1755 1736 1875 1778 μάντεις
1886 1761 1894 1775 ,
1913 1740 1953 1774 ὡς
1968 1738 2018 1770 διά
2033 1750 2115 1776 τινας
2134 1739 2285 1781 τιμωρίας
2299 1741 2321 1778 ἡ
2332 1739 2420 1779 ψυχὴ

1382 1787 1429 1824 τῷ
1446 1784 1571 1823 σώματι
1590 1783 1789 1816 συνέζευκται
1812 1785 1866 1816 καὶ
1893 1785 2032 1827 καθάπερ
2055 1786 2087 1818 ἐν
2114 1786 2231 1826 σήματι
2252 1786 2352 1828 τούτῳ
2373 1786 2422 1819 τί·

1383 1832 1495 1862 θαπται
1509 1842 1518 1870 3
1534 1831 1650 1863 Sextus
1665 1830 1844 1871 Empiricus
1857 1831 1971 1873 Pyrrh.
1990 1834 2047 1872 111,
2066 1836 2126 1866 230
2143 1835 2162 1866 ὁ
2174 1834 2207 1866 δὲ
2222 1832 2422 1875 Ἡράκλειτός

1383 1889 1476 1918 φησιν
1488 1903 1495 1916 ,
1516 1879 1562 1910 ὅτι
1583 1879 1636 1909 καὶ
1653 1879 1688 1910 τὸ
1705 1881 1757 1916 ζῆν
1777 1880 1829 1910 καὶ
1848 1880 1884 1911 τὸ
1904 1879 2068 1913 ἀποθανεῖν
2087 1881 2141 1913 καὶ
2157 1881 2188 1913 ἐν
2208 1880 2258 1922 τῷ
2275 1883 2327 1920 ζῆν
2340 1882 2421 1922 ἡμᾶς

1384 1926 1450 1957 ἐστι
1466 1925 1519 1957 καὶ
1539 1926 1569 1956 ἐν
1587 1927 1632 1967 τῷ
1651 1926 1812 1957 τεθνάναι·
1832 1926 1884 1957 ὅτε
1905 1926 1960 1967 μὲν
1976 1928 2036 1967 γὰρ
2052 1930 2140 1968 ἡμεῖς
2158 1931 2277 1969 ζῶμεν,
2290 1927 2346 1964 τὰς
2360 1929 2420 1969 ψυ-

1384 1973 1441 2014 χὰς
1457 1975 1549 2013 ἡμῶν
1568 1972 1707 2004 τεθνάναι
1727 1973 1780 2004 καὶ
1800 1974 1831 2005 ἐν
1851 1975 1923 2013 ἡμῖν
1938 1975 2084 2013 τεθάφθαι
2097 2000 2105 2016 ‚
2121 1975 2171 2006 ὅτε
2187 1975 2220 2007 δὲ
2239 1976 2329 2015 ἡμεῖς
2339 1974 2424 2007 ἀπο·

1385 2019 1576 2059 θνήσκομεν,
1593 2019 1647 2055 τὰς
1670 2020 1772 2060 ψυχὰς
1801 2020 1948 2051 ἀναὸιοῦν
1977 2021 2032 2052 καὶ
2059 2024 2124 2060 ζῆν.
2152 2020 2302 2054 Clemens
2327 2020 2419 2054 Alex.

1383 2067 1502 2099 Strom.
1521 2067 1567 2097 111
1586 2074 1617 2106 p.
1638 2069 1697 2097 520
1713 2066 1742 2097 τί
1759 2067 1809 2104 δές
1826 2067 1898 2108 οὐχὶ
1918 2068 1970 2098 καὶ
1987 2068 2187 2110 Ἡράκλειτος
2211 2068 2342 2101 θάνατον
2367 2068 2422 2107 τὴν

1384 2114 1505 2153 γένεσιν
1535 2113 1646 2152 καλεῖς
1677 2113 1859 2154 Πυθαγόρας
1888 2113 1920 2145 δὲ
1938 2114 1991 2146 καὶ
2017 2117 2062 2155 τῷ
2081 2114 2113 2146 ἐν
2130 2114 2244 2157 Γοργίᾳ
2263 2115 2434 2156 Σωκράτει·

1384 2160 1520 2201 ἐμφερῶς
1532 2185 1540 2198 ,
1561 2161 1590 2191 ἐν
1608 2160 1652 2196 οἷς
1670 2171 1766 2200 φησι,
1785 2161 1911 2197 θάνατός
1928 2160 2012 2193 ἐστιν
2023 2186 2031 2202 ,
2042 2161 2144 2194 ὁκόσα
2161 2162 2329 2204 ἐγερθέντες
2340 2161 2424 2204 ὀρέο-
2443 2170 2445 2172 “

1386 2215 1457 2247 μεν·
1479 2207 1580 2238 ὁκόσα
1613 2207 1645 2238 δὲ
1671 2207 1830 2247 εὕδοντες,
1858 2207 1963 2243 ὕπνος.
1991 2208 2086 2240 Philo
2114 2208 2213 2250 Alleg.
2239 2207 2301 2250 leg.
2329 2211 2344 2240 1
2365 2208 2409 2242 nu

1386 2254 1515 2294 μονονοὺ
1533 2254 1586 2286 καὶ
1605 2255 1622 2285 ὁ
1637 2254 1853 2295 Ἡράκλειτος,
1876 2255 1959 2286 κατὰ
1980 2258 2080 2287 τοῦτο’
2101 2256 2266 2292 Μωῡσέως
2290 2256 2420 2288 ἀκολου-

1386 2303 1483 2338 θήσας
1501 2305 1545 2342 τῷ
1559 2301 1690 2341 δόγματί
1708 2312 1782 2342 φησι
1791 2301 1804 2313 “
1818 2303 1926 2341 Ζῶμεν
1941 2302 1996 2334 τὸν
2009 2302 2136 2334 ἐκείνων
2150 2302 2299 2343 θάνατον,
2318 2304 2422 2342 τεθνή-

1385 2359 1484 2388 καμεν
1502 2348 1533 2379 δὲ
1552 2349 1605 2380 τὸν
1625 2347 1751 2380 ἐκείνων
1773 2349 1857 2389 βίον·
1876 2350 1917 2385 ὡς
1936 2352 1989 2380 νῦν
2015 2350 2071 2390 μέν
2091 2349 2142 2381 ὅτε
2167 2349 2298 2390 ἐνζῶμεν
2320 2351 2423 2389 τεθνη-

1385 2395 1474 2431 κυίας
1491 2398 1544 2433 τῆς
1564 2396 1665 2436 ψυχῆς
1685 2395 1737 2426 καὶ
1758 2396 1799 2431 ὡς
1816 2395 1852 2426 ἂν
1876 2396 1907 2427 ἐν
1925 2397 2041 2437 σήματι
2061 2400 2106 2437 τῷ
2127 2397 2251 2438 σώματι
2278 2397 2421 2439 ἐντετυμ·

1386 2427 1726 2482 6ευμένης.Ἧὶοι·οοΙοε
1742 2440 1775 2472 in
1791 2450 1889 2473 carm.
1909 2450 1980 2473 aur.
1998 2451 2030 2483 p.
2051 2444 2108 2474 142
2127 2443 2177 2475 διὸ
2205 2445 2258 2477 καὶ
2283 2444 2422 2486 ἐπαμφο-

1385 2490 1493 2529 τερίζει
1505 2490 1574 2523 ταῖς
1588 2488 1703 2528 σχέσεσ
1709 2498 1736 2518 ιν
1747 2511 1756 2527 ,
1771 2488 1822 2519 ὁτὲ
1836 2488 1891 2528 μὲν
1908 2489 1974 2520 ἐκεῖ
1989 2491 2076 2525 ζῶσα
2090 2489 2145 2527 τὴν
2161 2491 2268 2530 νοεράν
2286 2491 2420 2529 εὐζωΐαν

1386 2537 1436 2567 ὁτὲ
1454 2537 1487 2568 δὲ
1504 2534 1633 2566 ἐνταῦθα
1650 2534 1705 2571 τὴν
1724 2535 1909 2572 αἰσθητικὴν
1934 2535 2104 2574 ἐμπάθειαν
2123 2537 2418 2579 προσλαμόάνουσα.

1386 2583 1493 2615 Ἔνθεν
1518 2583 1574 2614 καὶ
1598 2581 1718 2621 λέγεται
1747 2581 1842 2622 ὀρθῶς
1866 2583 1927 2613 ὑπὸ
1943 2581 2166 2624 Ἡρακλείτου,
2185 2584 2232 2616 ὅτι
2251 2586 2352 2625 ζῶμεν
2369 2586 2422 2618 τὸν

1386 2630 1511 2662 ἐκείνων
1528 2629 1656 2660 θάνατον
1666 2652 1675 2666 ,
1691 2629 1878 2668 τεθνηκαμεν
1895 2629 1928 2660 δὲ
1943 2629 1996 2660 τὸν
2012 2628 2137 2661 ἐκείνων
2152 2631 2219 2671 βίον
2243 2630 2421 2664 Numenius

1386 2676 1473 2718 apud
1498 2674 1714 2717 Porphyrium
1733 2674 1774 2707 dc
1793 2676 1894 2707 Antro
1914 2683 1946 2716 p.
1968 2678 2027 2707 256
2045 2675 2098 2709 ed.
2118 2677 2270 2711 cantabr.
2287 2679 2342 2710 καὶ
2364 2679 2415 2711 ἀλ-

1386 2725 1484 2765 λαχοῦ
1503 2723 1535 2755 δὲ
1553 2723 1642 2764 φάναι
1659 2725 1712 2760 ζῆν
1735 2724 1816 2762 ἡμᾶς
1835 2722 1888 2754 τὸν
1907 2722 2032 2755 ἐκείνων
2048 2722 2124 2764 [τῶν
2139 2723 2262 2765 ψυχῶν]
2276 2725 2418 2764 θάνατον,

1385 2771 1439 2801 καὶ
1467 2773 1519 2808 ζῆν
1545 2769 1663 2806 ἐκείνας
1692 2769 1745 2800 τὸν
1770 2770 1917 2810 ἡμέτερον
1936 2768 2078 2802 θάνατον.
2093 2769 2177 2802 vide
2204 2769 2285 2802 Phil.
2312 2771 2415 2804 Groec.

1386 2819 1513 2857 Fragm.
1532 2817 1605 2849 Vol.
1626 2818 1640 2849 1
1658 2825 1728 2858 pag.
1748 2820 1804 2848 321
1828 2819 1860 2849 et
1876 2819 1935 2848 323
