2508 3776
40 3314 69 3362 ἦ.
90 3317 94 3320 ”
122 3311 284 3364 μάλιστά
297 3329 348 3359 τις
367 3315 462 3368 φιλεῖ
471 3316 611 3365 ἑαυτόν,
626 3316 687 3354 καὶ
701 3315 860 3367 μάλιστα
871 3320 965 3370 φιλεῖ
983 3314 1130 3359 ἕκαστος
1142 3316 1183 3354 τὸ

44 3368 61 3414 ’,
125 3372 250 3413 ίαυτοῦ
264 3372 383 3428 ἔργον,
402 3373 464 3414 καὶ
482 3374 540 3414 τὸν
561 3375 870 3427 εὐεργετούμενον,
889 3374 966 3414 καθ’
982 3373 1062 3414 ὅσον
1079 3373 1182 3429 ἔργον

53 3451 59 3460 ⁴
124 3431 220 3473 lmiv
235 3435 342 3474 αὐτοῦ
358 3464 369 3484 ,
386 3435 544 3486 μάλιστα
561 3435 704 3490 φιλῆσει
717 3451 725 3460 ·
747 3435 808 3476 καὶ
823 3435 881 3475 διὰ
897 3439 1000 3476 τοῦτο
1013 3434 1075 3474 καὶ
1089 3437 1182 3488 μᾶλ·

607 175 912 216 ETHICORUM
941 171 1388 216 NIGOMAGHEORUM
1418 172 1796 213 PARAPHRASIS.

46 284 57 290 ’·
117 258 270 315 'dt‘ddf''
235 265 416 322 ευεργὲται
436 266 576 320 φιλοῦσι
590 264 773 317 μᾶλλον,
755 282 776 311 η
788 267 847 303 υπ’
866 264 1009 304 ἐκείνων
1026 265 1168 316 φιλουν-

117 341 201 389 τοι·
187 325 275 377 καὶ
290 325 400 380 γὰρ’
380 341 428 370 ως
447 325 652 378 παράλογον
670 324 849 377 γινόμενον
872 325 1102 372 ἐπιζητεῖται
1120 323 1169 362 Οἵ

160 367 263 443 οὖν
283 385 408 426 πολλοὶ
430 384 490 426 διὰ
521 384 625 425 τοῦτό
654 400 741 438 φασι
772 386 884 436 φιλεῖν
921 385 1059 434 μᾶλλον
1089 380 1170 426 τους

161 445 325 500 γε’τας,
340 444 386 484 δι’
410 443 429 484 ὃ
446 443 508 484 καὶ
527 446 559 484 οἱ
578 443 758 483 δανεισται
787 444 945 496 φιλοῦσιν
966 436 1016 487 οἶς
1035 440 1134 482 ἐδάνε
1120 456 1171 480 ει-

4 489 7 497 '
31 480 121 547 ⁴³²]
112 517 205 556 m,
222 502 275 557 μὴ
305 503 539 559 φιλούμενοιε
527 503 595 543 υπὸ
616 505 685 543 τῶν
713 503 945 556 ὀφειλόντων·
970 504 1002 542 οἱ
1021 500 1084 553 μὲν
1101 500 1169 554 γὰρ

35 546 62 578 ’γ’
114 563 314 620 χρήσαντες
342 563 530 618 βούλονται
553 565 626 608 τοῖς
651 562 844 616 ὀφείλουσι
863 561 928 609 τὴν
966 559 1167 614 σωτηρίαν,

50 646 51 651 ’
80 638 82 640 ’
115 623 188 665 ami-
194 625 313 664 πάντα
333 623 460 678 τρόπον
484 625 689 684 βοηθοῦσιν,
723 620 779 661 ἵνα
800 622 916 666 αὐτοῖς
935 620 980 659 τὰ
998 621 1171 674 χρήματα

40 655 51 734 η,
75 683 79 692 ’
116 683 307 736 ἅπαντ’λθῃ,
324 685 359 724 οἱ
375 683 412 722 δὲ
422 682 619 736 ὀφείλοντες
634 675 684 726 οἷς
702 680 901 735 ὀφείλουσιν
919 679 1070 718 οὗκέτια·
1091 677 1171 732 βού-

115 738 235 783 λοιντο
258 742 330 797 γὰρ
368 742 410 782 ἂν
444 740 568 786 αὐτους
600 740 650 792 μὴ
683 733 796 790 εἶναι,
820 742 869 784 ὡς
904 738 1049 790 ἄμεινον
1080 737 1171 777 οὕτω

53 805 65 853 ᾗ
116 800 308 855 πράξαντος
327 806 389 841 τοῦ
410 800 549 840 δανείου
567 799 747 845 λυθέντος·
771 799 830 839 τὸν
853 797 957 838 αὐτὸν
977 797 1019 846 δὴ
1042 797 1170 851 τρόπον

117 859 213 962 3:12
223 859 294 900 καὶ
317 861 381 900 ἐπὶ
403 859 561 900 τούτων·
586 858 666 904 τους
687 858 751 910 μὲν
770 857 954 913 εὐεργέτας
982 857 1172 911 βούλεσθαι

59 928 66 941 ”
196 937 213 961 ι
225 920 289 962 καὶ
313 920 488 967 σώζεσθαι
516 918 596 965 τοὺς
629 912 668 958 εῧ
690 919 887 969 παθόντας,
916 921 964 964 ὥς
993 918 1085 959 ούτω
1112 933 1173 957 κο-

50 1030 65 1043 ι
118 979 328 1035 ,καιομένους
338 981 402 1027 τὰς
422 978 598 1032 ἃμοιὸἄς,
619 978 700 1024 τους
719 973 811 1019 δὲ’*
773 996 810 1019 ευ
829 979 1003 1025 παθόντας
1022 980 1060 1019 οὓ
1078 978 1168 1034 σφό-

49 1044 62 1059 “’
117 1038 187 1096 δρὰ
206 1042 320 1097 φιλεῖν
333 1039 396 1088 τὴν
412 1042 482 1080 τῶν
495 1040 683 1093 εὖεργετῶν
699 1038 899 1092 σωτηρίαν·
920 1039 960 1079 οὗ
976 1038 1045 1094 γὰρ
1063 1038 1173 1085 ουτως

122 1100 300 1153 ἐπιμελὲς,
295 1101 368 1147 τοῖς
381 1099 576 1155 ἀνθρώποις
587 1098 628 1152 τὸ
643 1100 915 1148 ἀνταποδοῦναι,
926 1101 972 1144 ὡς
983 1098 1023 1138 τὸ
1038 1100 1174 1139 ἀπολα-

122 1160 211 1205 Βεῖν.
233 1159 283 1202 Ἥ
304 1160 368 1214 μὲν
397 1153 497 1200 οὖν
478 1163 630 1199 οοκουσα
659 1164 732 1203 τοῖς
768 1159 910 1204 πολλοῖς
946 1158 1043 1198 αἰτία
1083 1158 1173 1208 αὕτη

53 1266 73 1274 Η
118 1220 216 1271 ἔστί,
253 1221 316 1262 καὶ
346 1225 462 1262 ταῦτα
498 1218 731 1274 προήχθησαν
765 1218 939 1271 νομίζειν,
978 1219 1064 1273 πρὸς
1096 1219 1174 1265 τους

40 1275 65 1336 J
119 1280 328 1345 ἇγηῶμονας
356 1280 419 1322 καὶ
449 1279 621 1334 πονηροὺς
654 1277 916 1329 ἄποὸλέποντες
936 1282 1006 1320 τῶν
1039 1281 1175 1336 ἀνθρώ-

51 1346 60 1351 ’
85 1347 90 1351 ”
117 1340 218 1388 πων·
237 1341 299 1383 καὶ
316 1341 339 1381 ὅ
357 1357 464 1396 φησιν
482 1339 767 1414 'Essfxsst’tffl‘sn
752 1355 793 1379 εκ
810 1343 964 1391 πονηροῦ
988 1340 1172 1392 θεωμενοι.

116 1395 243 1451 ’Ἔοικα
275 1399 314 1441 δὲ
344 1401 565 1454 ἀνθρωπικὸν
591 1399 632 1438 τὸ
657 1414 813 1438 τοιουτον
835 1392 948 1438 εἶναι·
977 1399 1176 1452 ἀμνήμονες

25 1456 27 1458 ’
46 1464 83 1506 43,
117 1458 197 1518 γὸρ
200 1462 234 1502 οῖ
249 1461 400 1510 πολλοί,
423 1460 486 1500 καὶ
502 1460 637 1512 μᾶλλον
656 1453 694 1497 ευ
707 1457 875 1520 πάσχειν,
898 1457 1047 1506 ἢποιεῒν
1065 1460 1174 1515 ἐφίεν

117 1535 193 1561 ται.
215 1519 336 1568 Δόξειε
369 1521 400 1559 δ’
419 1519 461 1560 ἂν
497 1516 737 1574 φυσικώτερον
771 1512 862 1558 εἶναι
893 1518 930 1557 τὸ
950 1517 1092 1568 αἴτιον,
1116 1519 1176 1559 καὶ

46 1573 60 1611 Ϊ
86 1572 90 1573 ⁷
118 1578 188 1636 οὔχ
204 1579 326 1635 ὅμοιον
341 1582 392 1634 τῷ
411 1578 493 1651 περὶ
511 1578 590 1623 τοὺς
604 1569 844 1622 δανείσαντας.
864 1576 928 1618 Ἔν
940 1577 1004 1628 μὲν
1022 1578 1091 1632 γὰρ
1107 1581 1178 1624 τοῖς

120 1639 323 1696 σῦεργίταις
333 1638 396 1680 καὶ
416 1643 488 1684 τοῖς
508 1631 547 1678 εὖ
569 1636 750 1691 πάσχουσι
780 1635 957 1691 φίλησίς’
941 1652 1061 1687 εστιν,
1084 1639 1118 1677 ἐν
1140 1638 1177 1679 δὲ

118 1699 191 1747 τᾶς
210 1699 463 1751 δανειζομένοις
482 1698 544 1738 καὶ
573 1697 772 1741 δανεισταῖς
803 1697 842 1735 οὐ
866 1696 1030 1751 φίλησις·
1050 1698 1090 1736 οὖ
1108 1698 1177 1753 γὰρ

50 1787 61 1807 3
120 1750 216 1814 φιλεῖ
227 1761 248 1800 ὁ
267 1758 431 1804 δανείσας
447 1757 506 1798 τὸν
526 1757 735 1812 ὀφείλοντα,
752 1754 831 1795 ἀλλ’
849 1756 935 1796 αὐτὸ
953 1771 1056 1796 τουτο
1071 1758 1176 1809 μόνον

45 1807 58 1825 '³
121 1817 296 1867 σώζεσθαι
320 1817 424 1860 αὐτὸν
445 1816 609 1872 βούλεται
625 1820 691 1865 τῆς
719 1817 867 1868 κομιδῆς
887 1815 1008 1866 ἕνεκα,
1037 1817 1098 1856 καὶ
1119 1816 1176 1858 ἵνα

50 1890 73 1926 ,“
119 1877 162 1920 τὸ
181 1878 316 1919 δάνειον
335 1876 515 1930 ἆπολᾶὅῃ·
535 1878 567 1917 οἱ
597 1878 628 1916 δ’
649 1871 688 1916 εὖ
705 1875 938 1924 πεποιηκότες
957 1878 1098 1931 φιλοῦσι
1117 1879 1178 1919 καὶ

121 1938 290 1995 ἀγαπῶσι
307 1937 389 1983 τους
401 1932 439 1978 ευ
462 1936 700 1986 πεπονθότας,
721 1953 789 1976 καν
808 1929 935 1987 ‘’p-h*
909 1952 977 1976 ωσι
988 1937 1172 1990 χρήσιμοι,

121 1996 228 2071 μηδὲ.
230 1996 404 2039 δύνωνται
433 1997 612 2051 γενέσθαι.
637 1999 751 2037 Τουτο
787 1994 905 2035 δὲκαὶ
937 1995 996 2035 ἐπὶ
1027 2000 1098 2036 τῶν
1119 2014 1176 2037 τε·

120 2059 252 2113 χνπῶν
272 2055 506 2110 συμὸέὸηκε·
528 2063 598 2102 πᾶς
616 2056 686 2110 γὰρ
711 2055 751 2095 τὸ
784 2054 950 2095 οἷκεῐον”
930 2071 1031 2108 εργον
1053 2059 1178 2112 ἀγαπᾷ

121 2118 278 2170 μᾶλλον,
295 2116 320 2166 ἢ
341 2117 544 2170 ἀγαπηθείη
574 2116 616 2156 ἂν
648 2117 716 2156 υπὸ
735 2132 796 2156 του
817 2115 954 2170 ἔργουε
940 2115 1101 2170 ἐμψύχου
1122 2133 1180 2170 γε-

51 2207 53 2210 -
118 2175 284 2240 'vivon’
304 2178 463 2229 μάλιστα
484 2177 520 2216 δὲ
540 2192 645 2216 τουτο
661 2176 741 2228 περὶ
763 2191 841 2219 τους
855 2174 1004 2224 ποιητὰς
1025 2175 1178 2228 συμὸοἷί-

54 2267 69 2296 3
121 2251 198 2283 νει
212 2238 472 2292 ὓπεραγαπῶσι
505 2239 573 2290 γὰρ
603 2240 698 2275 οὖτοι
735 2235 780 2274 τὰ
813 2237 926 2274 οἰκεῖα
960 2235 1172 2287 ποιήματα,

55 2327 58 2332 -
122 2297 324 2352 στέργοντες
345 2297 467 2350 ὥσπερ
498 2295 630 2336 τέκνα·
650 2311 786 2336 τοιουτο
808 2296 844 2336 δὲ
865 2295 976 2335 ἔοικεν
997 2300 1086 2335 εἰναι
1114 2296 1174 2336 καὶ

43 2355 58 2367 ”
119 2368 167 2396 το
190 2358 263 2396 τῶν
267 2359 500 2431 ,εὐεργετῶν
520 2358 552 2396 οἳ
582 2356 650 2409 γὰρ
671 2360 709 2396 εὖ
746 2355 942 2409 πάσχοντες
973 2357 1032 2394 ὑπ’
1059 2357 1175 2395 αὐτῶν

55 2418 59 2425 ¹
106 2414 216 2456 mcv&
229 2419 333 2458 τοῦτο
351 2417 437 2473 ἔργα
465 2418 581 2456 αὐτῶν
598 2418 685 2464 εἶσι,
713 2415 821 2455 καὶ
802 2431 834 2455 οι
824 2415 860 2454 ·ὰ
883 2431 986 2455 τουτο
1011 2418 1176 2470 ἀγαπῶσι

36 2463 38 2466 ¹
64 2487 83 2524 sp
121 2475 259 2527 μᾶλλον
285 2475 468 2526 αὖτούς,ἢ
445 2475 532 2524 ἢτὰ
554 2474 640 2529 ἔργα
657 2474 781 2519 αὖτους
811 2478 947 2547 ἀγαπᾷ.
976 2475 1114 2515 Τούτου
1143 2476 1179 2515 δὲ

121 2531 255 2583 αἴτιον,
269 2533 381 2575 ὅτιτὸ
410 2535 472 2586 μὲν
502 2538 592 2574 εἶναι
609 2541 718 2574 πᾶσιν
738 2534 874 2586 αιρετὸν
907 2533 968 2572 καὶ
997 2535 1169 2588 φιλητόν·

58 2608 71 2651 ‘s
121 2591 233 2644 lep-lv
257 2593 296 2634 δὲ
313 2594 440 2648 κυρίως
464 2593 548 2635 ὅταν
566 2595 724 2649 ἐνεργεία
745 2597 864 2646 ὠμεν·
885 2594 990 2646 ἐσμὲν
1012 2594 1087 2633 δὲ’
1071 2611 1174 2649 ενερ-

119 2650 201 2707 γεία
220 2653 257 2694 ἰν
279 2655 393 2708 τῷη
349 2656 412 2703 ζῆν
429 2653 491 2694 καὶ
518 2654 703 2709 πράττειν·
737 2658 755 2693 ὁ
775 2654 811 2693 δὲ
833 2654 999 2706 πράττων
1019 2655 1175 2710 ἐνεργεία

61 2708 86 2773 ‘lg'
121 2710 217 2753 ἔστὶν
234 2714 271 2753 ἓν
289 2715 342 2768 τῷ
361 2713 469 2769 ἔργῳ.
488 2713 540 2754 Ἡ
555 2714 624 2767 γὰρ
650 2713 922 2765 οἰκοδομική,
901 2730 924 2761 η
941 2713 1042 2766 λθΥΟς
1063 2721 1077 2737 ⁰
1099 2714 1175 2754 ἐστὶ

47 2774 82 2826 ,st
120 2773 184 2821 τῆς
199 2773 422 2826 οἰκοδομίας,
441 2775 595 2828 ἐνεργείᾳ
625 2775 718 2813 ἐστὶν
731 2776 765 2814 ἐν
786 2777 830 2828 τῇ
851 2775 965 2827 οἰκία·
986 2776 1047 2814 καὶ
1085 2775 1177 2816 ἔστιν

63 2843 70 2847 ”
122 2831 249 2882 αὗτὴῆ
265 2833 378 2883 οἷκία,
398 2834 486 2874 καθὸ
514 2833 608 2874 οἰκία
621 2864 632 2882 ,
664 2836 682 2873 ὁ
702 2834 865 2888 τεχνίτης
885 2836 1070 2909 ἐνεργεία,
1092 2836 1178 2876 καθὸ

47 2927 59 2945 s
122 2893 307 2947 τεχνίτης·
333 2893 463 2946 ὁμοίως
487 2893 548 2934 καὶ
566 2899 635 2938 πᾶς
666 2895 814 2948 ἐνεργων
844 2896 974 2949 ἐνεργε]
964 2912 1000 2934 ια
1030 2897 1104 2936 ἐστὶ
1139 2896 1180 2935 τὸ

121 2949 222 3006 ἔργον
239 2953 362 2995 αυτου.
381 2953 552 2994 Εἷτοίνυν
572 2954 717 3008 φυσικὸν
740 2953 803 3006 μὲν
824 2955 983 3010 ἐφίεσθαι
1002 2959 1063 2995 τοῦ
1078 2951 1180 3006 εἶναι,

121 3011 163 3052 τὸ
181 3005 270 3053 εἶναι
298 3013 365 3054 δέ’
349 3029 444 3054 εστιν
464 3015 500 3055 ἐν
530 3017 581 3054 τῶ
600 3015 766 3069 πράττειν
785 3017 816 3066 ³,
842 3017 882 3056 τὸ
903 3018 1003 3071 ἔργον
1033 3018 1070 3057 δέ
1086 3019 1179 3056 ἐστιν

123 3070 229 3118 αὐτὸς
245 3075 266 3114 ὃ
278 3089 444 3129 πραττων
458 3074 614 3130 ἐνεργεία
626 3105 638 3124 ,
661 3076 809 3130 φανερὸν
825 3077 880 3117 ὅτι
899 3079 978 3116 καθ’
994 3076 1074 3116 ὅσον
1089 3091 1102 3109 ε·
1118 3078 1180 3125 ζη-

53 3134 63 3149 ”“
123 3133 180 3172 nt
194 3147 246 3178 τις
264 3132 305 3173 τὸ
334 3135 460 3173 ἑαυτου
490 3138 608 3182 εἰναι,
637 3135 731 3175 κατὰ
753 3151 918 3175 τοσουτον
944 3139 1039 3184 ζητεῖ
1060 3140 1120 3175 καὶ
1143 3136 1184 3176 τὸ

54 3204 61 3243 j
123 3191 144 3231 ἔ
185 3208 223 3232 ον
243 3186 353 3232 εἶναι·
375 3194 477 3247 φύσει
506 3194 543 3233 δέ
581 3210 633 3240 τις
660 3197 754 3250 φιλεῖ
775 3196 898 3235 ἑαυτὸν
926 3195 988 3234 καὶ
1017 3195 1182 3248 βούλεται

137 3206 234 3293 ζυγὸν
263 3251 367 3306 φύσει
396 3253 466 3308 ἄρα
488 3257 583 3307 φιλεῖ
600 3271 651 3300 τις
673 3256 712 3295 τὸ
735 3258 860 3295 ἑαυτοῦ
888 3255 1003 3309 ἔργον.
1022 3254 1128 3295 Ἐπεὶ
1146 3255 1182 3295 δὲ

251 3512 340 3538 Pan..
362 3514 466 3539 GRAEG.
490 3514 538 3539 m.

2203 175 2283 215 529

1230 265 1313 298 bene
1329 265 1441 298 meriti
1457 268 1533 299 sunt
1547 267 1778 300 vehementius
1790 264 1914 308 ament,
1935 276 2039 310 quam
2057 266 2100 300 ab
2115 266 2157 300 iis
2174 275 2286 300 amen-

1231 327 1288 358 tur
1305 338 1314 359 ι
1334 335 1478 368 namque
1499 327 1571 369 ejus
1590 327 1649 370 rei,
1669 327 1766 370 quasi
1788 328 1910 370 praeter
1923 327 2087 360 rationem
2103 329 2136 360 et
2157 327 2283 369 opinio-

1231 393 1308 418 nem
1324 385 1474 418 omnium
1506 386 1575 425 fiat,
1603 386 1687 419 ratio
1711 387 1887 430 quaeritur.
1918 388 1962 420 Et
1996 387 2118 429 vulgus
2149 386 2287 428 quidem

1231 443 1356 478 idcirco
1381 445 1545 479 beneficos
1564 446 1812 480 vehementiore
1833 456 1948 480 amore
1975 448 2090 489 captos
2117 455 2188 479 esse
2213 446 2288 488 opi-

1230 507 1342 544 natur,
1367 505 1459 547 quod
1485 505 1666 539 creditores
1693 515 1769 545 eos,
1791 506 1916 550 quibus
1944 507 2117 549 pecuniam
2136 505 2289 539 credide-

1231 566 1321 602 runt,
1361 567 1493 604 amant,
1531 566 1690 608 quamvis
1717 566 1886 599 debitores
1923 566 2058 599 illorum
2086 566 2191 600 amori
2222 575 2289 598 non

1232 625 1451 667 respondeant
1481 638 1488 658 ε
1526 635 1643 669 nempe
1684 626 1866 660 creditores
1894 626 2103 660 debitoribus
2146 626 2290 659 salutem

1233 685 1345 720 ferunt
1365 690 1399 721 et
1425 690 1604 731 exoptant,
1633 688 1790 731 omnique
1815 688 1917 722 modo
1938 688 1979 722 iis
1998 688 2219 727 subveniunt,
2251 690 2290 721 ut

1233 747 1382 789 pecuniae
1403 747 1484 790 ipsis
1507 748 1664 788 redeant,
1683 748 1852 783 debitores
1876 758 1957 782 vero
1977 748 2198 782 creditoribus
2225 757 2291 781 non

1234 806 1316 839 item
1343 818 1350 839 :
1370 807 1496 841 vellent
1514 808 1602 841 enim
1625 817 1682 842 eos
1701 808 1861 842 excedere
1880 818 1899 842 e
1916 809 2004 850 vital,
2025 809 2105 851 quia
2129 808 2292 841 dissoluto

1234 875 1300 899 cere
1317 866 1425 900 alieno
1439 866 1569 901 felicius
1583 867 1707 901 victuri
1720 868 1899 902 videntur:
1915 868 2004 901 idem
2023 868 2124 901 ethic
2142 867 2292 901 accidere

1236 925 1403 959 affirmant
1419 939 1428 959 ;
1443 927 1606 960 beneficos
1627 927 1765 970 quidem
1782 930 1898 970 optare
1919 928 2024 961 vitam
2041 930 2076 961 et
2090 928 2233 961 salutem
2252 927 2294 960 iis

1235 984 1270 1016 in
1283 994 1368 1026 quos
1384 985 1542 1018 beneficia
1559 987 1785 1027 contulerunt,
1804 987 1896 1029 quod
1910 987 1957 1020 sic
1978 987 2127 1020 beneficii
2152 987 2293 1029 gratiam

1237 1053 1273 1077 se
1286 1047 1525 1078 consecuturos
1534 1054 1606 1079 esse
1625 1048 1768 1088 sperent,
1786 1055 1843 1079 eos
1855 1056 1935 1079 vero
1947 1047 2007 1089 qui
2022 1046 2178 1080 beneficia
2199 1057 2294 1080 aece-

1238 1105 1360 1146 perunt
1379 1103 1421 1136 de
1447 1104 1670 1137 beneficorum
1700 1105 1808 1138 salute
1827 1114 1892 1137 non
1910 1105 2007 1138 valde
2024 1105 2182 1138 sollicitos
2195 1115 2266 1138 esse
2283 1119 2292 1138 ι

1237 1162 1344 1205 neque
1370 1162 1459 1196 enim
1484 1165 1658 1206 tantopere
1675 1163 1828 1196 laborare
1851 1163 2004 1196 homines
2018 1163 2060 1196 de
2081 1164 2188 1206 gratia
2208 1163 2292 1197 rese-

1237 1221 1351 1259 renda,
1386 1223 1593 1264 quantopere
1629 1221 1671 1254 de
1711 1221 1902 1264 accipiendo
1940 1221 2097 1255 beneficio
2132 1223 2292 1256 laborant.

1237 1283 1347 1325 Atque
1368 1282 1443 1316 haec
1461 1283 1599 1326 quidem
1616 1293 1654 1317 ea
1667 1285 1728 1322 est,
1745 1293 1848 1326 quam
1871 1284 1992 1327 vulgus
2009 1293 2082 1318 esse
2097 1285 2293 1326 arbitratur,

1238 1351 1349 1382 causa,
1377 1352 1454 1386 quae
1475 1343 1612 1386 quidem
1634 1344 1770 1378 credere
1793 1344 1900 1377 coacti
1925 1347 2004 1378 sunt
2029 1345 2124 1388 quod
2149 1345 2296 1388 ingratos

1238 1404 1371 1435 tantum
1387 1404 1489 1445 atque
1511 1402 1682 1446 improbos
1702 1403 1851 1437 homines
1877 1404 2065 1447 respiciant,
2081 1407 2115 1438 et
2129 1406 2220 1448 quod
2246 1407 2298 1439 est

1238 1462 1329 1505 apud
1349 1461 1598 1505 Epicharmum,
1623 1472 1665 1496 ex
1697 1463 1800 1496 animi
1822 1463 1988 1506 pravitate
2007 1467 2206 1508 spectantes.
2235 1465 2296 1498 Vi-

1239 1521 1338 1554 detur
1354 1524 1467 1556 autem
1478 1522 1544 1556 tale
1555 1523 1638 1566 quid
1650 1523 1776 1556 homini
1785 1524 1956 1566 proprium
1973 1534 2044 1558 esse
2059 1537 2068 1557 ε
2085 1525 2298 1559 immemores

1239 1581 1327 1614 enim
1341 1581 1492 1626 plerique
1507 1585 1599 1623 suut,
1614 1583 1788 1626 magisque
1805 1582 1894 1617 affici
1906 1583 2086 1624 beneficiis,
2098 1594 2202 1627 quam
2217 1595 2298 1619 oon-

1240 1641 1327 1676 ferre
1340 1651 1378 1676 ea
1403 1642 1439 1676 in
1466 1643 1548 1677 alios
1575 1644 1725 1687 cupiunt.
1748 1646 1875 1677 Verum
1894 1645 1997 1687 hujus
2012 1645 2062 1678 rei
2077 1655 2177 1680 causa
2196 1648 2296 1680 natu-

1241 1703 1320 1736 ralis
1343 1703 1457 1745 potius
1478 1703 1623 1743 videtur,
1652 1713 1761 1747 neque
1778 1704 1896 1738 similis
1919 1714 1992 1738 esse
2015 1706 2220 1740 creditorum
2248 1717 2299 1740 ra-

1242 1761 1335 1796 tioni.
1346 1764 1384 1795 In
1394 1762 1435 1796 iis
1448 1763 1572 1806 quippe
1581 1764 1641 1806 qui
1657 1764 1816 1798 beneficio
1828 1763 1978 1798 afficiunt
1992 1767 2025 1798 et
2038 1765 2098 1808 qui
2107 1765 2299 1800 afficiuntur

1240 1824 1381 1856 mutuus
1397 1832 1490 1856 amor
1507 1826 1570 1863 est,
1595 1823 1630 1856 in
1657 1823 1867 1858 debitoribus
1892 1827 2005 1858 autem
2025 1827 2059 1858 et
2076 1826 2299 1861 creditoribus

1242 1892 1308 1915 non
1327 1884 1378 1916 est
1397 1892 1490 1916 amor
1520 1895 1529 1916 ι
1553 1892 1662 1926 neque
1693 1883 1782 1917 enim
1808 1886 1898 1917 amat
1928 1884 2075 1918 creditor
2097 1886 2297 1930 debitorem,

1242 1944 1301 1978 sed
1317 1945 1449 1978 salvum
1469 1945 1634 1978 duntaxat
1670 1955 1741 1979 esse
1757 1946 1845 1986 vult,
1865 1949 1903 1979 ut
1929 1956 2029 1980 suum
2055 1949 2229 1990 recuperet
2240 1956 2302 1990 pe·-

1241 2007 1440 2050 cuniamque
1475 2007 1637 2041 creditam
1672 2007 1820 2050 recipiat.
1859 2008 1923 2046 Qui
1955 2011 2069 2042 autem
2103 2009 2301 2043 beneficium

1241 2067 1466 2108 contulerunt,
1498 2072 1610 2102 amant
1627 2072 1660 2103 et
1691 2070 1833 2111 diligunt
1861 2079 1917 2103 eos
1939 2080 2025 2113 quos
2044 2071 2202 2105 beneficio
2217 2072 2302 2106 affe-

1242 2133 1370 2170 cerunt,
1402 2131 1531 2164 etiamsi
1558 2131 1658 2164 utiles
1680 2132 1761 2174 ipsis
1778 2142 1842 2164 non
1859 2133 1935 2170 sint,
1963 2143 2001 2166 ac
2021 2143 2062 2167 ne
2076 2142 2148 2167 esse
2165 2135 2301 2176 quidem

1242 2187 1380 2230 possint.
1404 2186 1501 2225 Quod
1530 2189 1564 2219 et
1593 2187 1627 2219 in
1658 2188 1841 2220 artificibus
1860 2198 1923 2221 usu
1956 2189 2076 2222 venit:
2105 2191 2194 2222 amat
2213 2190 2301 2223 enim

1243 2252 1342 2276 suum
1363 2242 1507 2285 quisque
1539 2252 1623 2285 opus
1658 2243 1890 2277 vehementius
1909 2255 2011 2287 quam
2039 2246 2082 2278 ab
2110 2255 2210 2288 opere
2240 2256 2302 2279 suo

1244 2301 1425 2339 amaretur,
1447 2298 1474 2330 si
1490 2307 1532 2331 ex
1557 2298 1702 2332 inanimo
1720 2299 1814 2332 fieret
1833 2300 2017 2333 animatum
2033 2313 2041 2333 ε
2060 2302 2162 2343 atque
2185 2301 2247 2334 hoc
2269 2302 2302 2335 in

1244 2355 1349 2400 poetis
1362 2354 1507 2388 maxime
1524 2354 1684 2396 contingit
1699 2367 1708 2388 ι
1726 2355 1849 2398 quippe
1880 2356 1912 2388 hi
1942 2365 2002 2389 sua
2019 2359 2174 2399 poemata
2201 2365 2302 2399 supra

1243 2413 1382 2447 modum
1401 2414 1524 2450 amant,
1553 2421 1664 2444 amore
1691 2422 1792 2455 prope
1819 2415 1957 2454 paterno
1992 2416 2151 2457 tanquam
2180 2415 2303 2447 liberos

1244 2470 1300 2503 illa
1322 2469 1560 2512 prosequentes
1584 2480 1591 2499 :
1613 2467 1690 2500 talis
1707 2467 1839 2500 videtur
1871 2470 1905 2501 et
1932 2478 2047 2502 eorum
2066 2470 2125 2513 qui
2137 2471 2302 2503 benefieiis

1243 2526 1326 2559 alios
1351 2526 1511 2557 ornarunt
1541 2533 1612 2557 esse
1644 2524 1728 2556 ratio
1757 2535 1764 2557 :
1795 2524 1853 2567 qui
1889 2525 1977 2558 enim
2003 2525 2048 2558 ab
2073 2526 2114 2558 iis
2146 2526 2303 2559 beneficio

1243 2581 1354 2622 aliquo
1387 2578 1502 2612 affecti
1530 2581 1619 2618 sunt,
1658 2578 1759 2621 hujus
1803 2579 1851 2612 rei
1886 2582 2039 2622 respectu
2077 2590 2191 2614 eorum
2226 2583 2304 2614 sunt

1243 2651 1354 2684 opera,
1390 2640 1532 2682 ideoque
1558 2637 1664 2680 magis
1706 2646 1763 2670 eos
1791 2639 1916 2677 amant,
1954 2647 2055 2680 quam
2082 2638 2124 2671 ab
2149 2639 2304 2681 operibus

1244 2697 1314 2730 suis
1346 2698 1510 2730 amantur.
1539 2694 1648 2737 Hujus
1666 2693 1714 2726 rei
1740 2703 1840 2726 causa
1857 2696 1919 2735 est,
1941 2694 2032 2737 quod
2061 2704 2133 2728 esse
2150 2697 2304 2729 omnibus

1243 2754 1389 2797 optabile
1419 2754 1453 2785 et
1478 2750 1619 2784 amabile
1638 2752 1689 2783 est
1715 2760 1722 2782 :
1752 2750 1883 2792 proprie
1920 2754 2033 2784 autem
2062 2754 2134 2785 tum
2165 2762 2300 2792 sumuS,

1244 2820 1350 2854 quum
1366 2811 1444 2842 actu
1461 2816 1577 2841 sumus
1593 2817 1601 2836 ε
1631 2808 1708 2839 actu
1743 2808 1856 2839 autem
1886 2816 2003 2841 sumus
2021 2811 2194 2851 propterea
2213 2810 2301 2852 quod

1244 2867 1390 2900 vivimus
1409 2868 1511 2908 atque
1524 2863 1653 2906 agimus
1670 2874 1677 2894 :
1698 2861 1757 2905 qui
1786 2871 1866 2896 vero
1880 2863 1959 2906 agit,
1979 2866 2057 2896 actu
2078 2865 2171 2898 estin
2191 2875 2300 2907 opere.

1245 2925 1327 2957 Nam
1351 2921 1584 2958 architectura,
1604 2927 1681 2962 quae
1709 2920 1888 2952 structurae
1909 2919 1994 2952 ratio
2014 2922 2076 2960 est,
2103 2922 2180 2953 actu
2200 2923 2250 2953 est
2270 2922 2303 2954 in

1245 2982 1402 3016 aedificio:
1414 2983 1532 3023 estque
1545 2979 1655 3022 ipsum
1662 2976 1855 3017 aedificium,
1868 2978 2035 3020 quatenus
2049 2979 2099 3010 est
2110 2978 2300 3015 aedifieium,

1245 3039 1331 3072 sicut
1344 3037 1466 3072 artifex
1479 3038 1568 3076 actu,
1583 3037 1750 3079 quatenus
1765 3036 1815 3067 est
1831 3032 1954 3066 artifex
1974 3046 1982 3066 :
1998 3033 2181 3076 eodemque
2205 3034 2303 3066 modo

1244 3094 1436 3137 quicunque
1454 3092 1489 3124 in
1509 3090 1618 3133 aliqua
1632 3099 1668 3123 re
1683 3090 1854 3132 operatur,
1869 3091 1947 3122 actu
1972 3098 2056 3131 opus
2073 3098 2170 3121 suum
2184 3091 2244 3121 est.
2267 3089 2303 3121 Si

1245 3159 1322 3193 ergo
1344 3149 1499 3183 omnibus
1521 3149 1673 3182 naturale
1699 3151 1762 3189 est,
1782 3150 1820 3182 ut
1842 3158 1913 3182 esse
1931 3147 2076 3190 cupiant,
2101 3155 2172 3178 esse
2190 3147 2303 3178 autem

1245 3209 1278 3241 in
1306 3206 1432 3249 agendo
1463 3206 1622 3246 cernitur,
1649 3215 1732 3250 opus
1761 3215 1841 3239 vero
1855 3206 1925 3248 ipse
1950 3206 2001 3237 est
2023 3203 2082 3246 qui
2113 3204 2188 3235 actu
2216 3198 2302 3234 illud

1245 3261 1334 3300 facit,
1358 3261 1572 3294 manifestum
1588 3264 1650 3303 est,
1673 3263 1840 3304 quatenus
1858 3261 1934 3303 quis
1964 3269 1999 3292 se
2016 3259 2126 3301 ipsum
2154 3267 2225 3290 esse
2242 3257 2302 3290 de-

1245 3317 1377 3353 sideret,
1398 3319 1536 3350 eatenus
1553 3326 1630 3350 eum
1640 3325 1724 3360 opus
1741 3326 1876 3359 quoque
1891 3325 1988 3348 suum
2005 3324 2076 3347 esse
2094 3313 2298 3347 desiderare:

1243 3382 1363 3413 natura
1390 3382 1503 3413 autem
1521 3379 1607 3413 duce
1629 3380 1751 3423 aliquis
1776 3388 1811 3412 se
1841 3379 1951 3421 ipsum
1982 3380 2072 3411 amat
2101 3380 2202 3420 atque
2229 3385 2300 3410 esse

1247 3442 1321 3477 vult
1347 3453 1355 3475 :
1388 3444 1519 3476 naturae
1542 3441 1644 3484 igitur
1672 3441 1904 3475 convenienter
1939 3440 2059 3484 aliquis
2089 3450 2172 3483 opus
2201 3450 2299 3472 suum

2137 3507 2175 3537 34
