2508 3776
19 268 21 270 q
119 217 231 271 v„tm
255 217 292 259 δὲ
313 218 382 258 τῶν
401 215 511 273 φίλων
532 217 551 256 ὃ
571 215 634 268 μὲν
663 216 915 270 ἐπιεικέστερος
935 213 1060 254 ἑαυτοῦ
1087 213 1147 264 γέ-

39 287 45 294 ’
72 269 287 330 νμτο,καὶ
313 276 405 318 πολὺ
440 275 644 316 διαλλάττοι
667 279 712 330 τῇ
741 277 871 330 ἀρετῇ,
892 278 911 315 ὁ
939 273 975 314 δὲ
1004 276 1053 318 ὥς
1074 266 1149 327 εἶχε

20 381 22 383 ,
77 330 219 391 μένοι,
237 330 305 391 ἆρα
319 337 336 362 ¹¹
353 337 527 392 χρηστέον
556 336 614 376 τὸν
635 337 824 376 σπουδαῖον
843 338 893 389 τῷ
915 334 965 386 μὴ
982 333 1146 388 τοιούτῳ,

75 391 129 452 ᾖ
218 395 422 450 ἐνδέχεται,
451 396 544 435 ἀλλα
564 396 771 445 διαλυτέον;
797 397 832 435 ἐν
854 394 992 447 μεγάλῃ
1013 393 1049 432 δὲ
1071 395 1148 432 δια·

38 459 43 501 J
91 451 146 510 ,ξφ
184 471 220 503 ,ι
234 457 391 510 μάλιστα
406 458 511 506 δῆλον
532 455 680 509 γίνεται.
705 457 750 496 Εἰ
771 454 840 509 γὰρ
855 455 915 494 δύο
939 453 1074 493 παίδων
1093 455 1146 508 φί-

22 515 167 567 hv
181 515 314 567 ὄντων,
354 516 414 557 διὰ
443 517 508 567 τὴν
538 517 680 566 ἡλικίαν
703 515 764 555 καὶ
796 516 837 554 τὸ
869 514 1058 569 διατριὸῶν
1089 513 1150 553 καὶ

22 610 27 615 .
44 620 47 622 ,
92 577 238 623 παιδιᾶς
256 582 434 618 κοινωνεῖν
448 608 461 631 ,
477 579 496 617 ὁ
516 576 580 629 μὲν
610 577 659 621 εἰς
680 576 809 628 ἄνδρας
828 574 937 614 ἐλθὼν
965 574 1151 618 σπουδαῖος

31 638 34 639 ’
93 635 255 690 γίνοιτο,
275 636 339 677 καὶ
360 637 457 692 ἀνὴρ·
472 636 526 686 είῃ
546 639 619 681 τοῖς
638 633 753 685 ὅλοις,
771 637 790 674 ὃ
816 634 852 674 δὲ
872 634 998 688 νεαρὸν
1018 634 1069 673 ἔτι
1087 634 1150 685 με’·

78 694 148 738 'vot
166 696 207 739 τὸ
226 692 308 748 ἦθος
320 696 434 752 ἔχων,
452 699 528 742 πῶς
548 696 590 736 ἂν
612 690 680 735 εἶεν
700 695 815 748 φίλοι,
839 694 930 746 μήτε
947 695 1019 738 τοῖς
1033 694 1150 736 αὖτὀῑς

69 775 76 780 ·
93 751 346 816 &pedu-mot,
369 755 462 809 μήτε
481 756 554 800 τοῖς
572 756 689 798 αὐτοῖς
716 752 899 807 χαίροντες
923 750 947 800 ἢ
968 751 1150 802 λυπούμε-

92 811 167 872 vet}
187 811 268 866 οῦδὲ
293 815 362 871 γὰρ
379 820 558 871 χαριεῖται
575 813 752 866 οὐδέτερος
779 812 968 866 οὐδετέρῳ·
989 810 1152 864 οὐδὲγὰρ

42 871 56 910 ῗ
81 869 172 937 {gest
187 870 380 926 ’8,ποιῆσας
413 875 502 924 ἡδίω
522 872 663 922 ποιήσει
692 872 750 912 τὸν
781 873 881 927 φίλον
900 887 907 895 ·
929 871 981 911 ἔτι
1013 870 1051 910 δὲ
1071 869 1149 910 οὐδὲ

78 927 200 986 συζῆν
220 934 430 985 δυνήσονται
443 928 521 987 ,ὧν
542 933 651 988 χωρὶς
671 934 734 972 οὗκ
759 931 810 971 ἔνι
830 932 950 986 φιλίαν
966 934 1152 980 συστῆναι,

32 1010 49 1045 „⁵
79 993 213 1043 »κιιῆὼς
233 994 386 1050 εἴρηται.

40 1051 65 1087 ⁷¹5
147 1052 188 1076 ἢ
204 1047 357 1109 Ἆρ’-οἶν
373 1053 466 1096 οὕτω
478 1053 566 1107 πρὸς
578 1052 682 1093 αὐτὸν
694 1054 890 1093 διακεῖσθαι
901 1053 953 1092 δεῖ
972 1052 1030 1093 τὸν
1040 1067 1153 1091 σπου-

77 1113 218 1164 δαῖον,
241 1113 365 1169 ὥσπερ
386 1115 418 1154 εἰ
438 1112 617 1164 μηδέποτε
641 1113 762 1165 γέγονε
781 1112 898 1167 φίλος,
915 1111 938 1160 ἢ
960 1113 1010 1152 δεῖ
1027 1111 1150 1165 μνείαν

28 1183 46 1213 .’
96 1171 194 1227 ἔχειν
217 1175 280 1222 τῆς
311 1172 500 1226 γενομένης
529 1171 737 1221 συνηθείας,
765 1172 827 1211 καὶ
852 1173 1013 1226 καθάπερ
1043 1172 1155 1227 φίλοις

38 1231 47 1279 ’;
82 1233 256 1287 μᾶλλον,
271 1231 295 1280 ἢ
311 1231 454 1278 ὀθνείοις
478 1231 622 1284 οἰόμεθα
641 1230 711 1270 δεῖν
729 1230 956 1285 χαρίζεσθαι,
977 1231 1068 1271 οὕτω
1091 1230 1153 1271 καὶ

32 1336 35 1342 ,
60 1327 71 1334 ,,
98 1289 169 1343 τοῖς
197 1305 284 1331 ποτε
304 1289 503 1345 γενομένοις
538 1290 651 1344 φίλοις
678 1290 784 1329 πλέον
804 1289 855 1328 δεῖ
880 1290 1019 1342 νέμειν,
1051 1289 1075 1337 ἢ
1104 1283 1154 1333 οἷς

96 1344 265 1397 diffluet:
281 1351 536 1406 ἐχρησάμεθα;
560 1350 658 1390 δοκεῖ
677 1349 793 1388 τοίνυν
813 1349 1015 1403 ὀφείλεσθαί
1033 1365 1067 1388 τι
1089 1350 1155 1388 αὖ-

31 1405 53 1437 .'-
95 1409 182 1460 τοῖς,
193 1401 254 1450 διὰ
269 1411 333 1459 τὴν
353 1409 613 1464 προγενομένην
635 1409 774 1464 φιλίαν,
800 1409 861 1448 ἐὰν
880 1409 929 1461 μὴ
946 1408 989 1448 δι’
1009 1409 1158 1462 ὑπερθο-

21 1466 47 1517 “[[”
96 1468 164 1518 λὴν
182 1469 382 1526 μοχθηρίας
401 1473 424 1518 ἡ
443 1470 602 1513 διάλυσις
621 1470 780 1521 γένηται.

38 1570 48 1578 ..
153 1528 317 1582 (Scripsi
336 1544 346 1568 ε
362 1528 401 1582 ⁵]
430 1527 591 1582 κάκεῖνο]
615 1529 739 1578 vulgo
761 1530 915 1583 κᾴκεῖνο.
932 1550 985 1558 -
1000 1530 1018 1552 ¹’
1036 1533 1155 1568 τοιαῦ-

34 1623 53 1630 .,
84 1581 180 1643 Ἰτοιι]
197 1590 288 1630 cod.
313 1587 490 1628 τοιαύται.
507 1609 562 1618 -
578 1594 592 1610 ⁰
613 1588 780 1640 αἰτιῷτο]
804 1588 892 1626 cod.
927 1589 1083 1628 αἷτιῶτο.
1103 1610 1158 1619 -—

39 1663 59 1702 ’ὲ
96 1647 354 1702 ικακουργίαι]
375 1647 463 1687 cod.
491 1646 704 1700 κάκουργία.
724 1669 777 1675 -
803 1652 817 1668 ⁰
833 1640 926 1699 ἆρα]
957 1648 1045 1686 cod.
1070 1646 1154 1700 ἄρα.

37 1718 53 1753 j
97 1729 153 1739 -·
170 1703 184 1731 ‘
208 1706 311 1763 οῦδὲ]
351 1707 442 1747 cod.
476 1705 572 1748 οὔτε.
603 1711 687 1737 -Έ
715 1704 822 1758 οὐδὲ]
856 1706 944 1745 cod.
976 1705 1070 1746 οὔτε.
1105 1729 1153 1736 —-

40 1762 61 1802 f
97 1759 333 1823 ''231210-‘100‘1-
356 1765 535 1821 dem-l

138 1864 141 1867 Α
551 1875 642 1928 Κεφ.
664 1872 707 1912 ε’.

12 2018 15 2019 ⁷
105 1991 182 2036 Περὶ
203 1992 337 2036 φιλικῶν
357 1990 477 2035 ἔργων,
507 1992 562 2024 καὶ
590 1991 639 2024 ὅτι
663 1989 748 2032 φίλος
779 1989 898 2032 ὁμοίως
916 1990 960 2026 εἷς
993 1988 1105 2021 ἑαυτόν
1124 1998 1157 2020 τε

43 2050 50 2080 ·-;
138 2041 196 2074 καὶ
222 2041 280 2074 τὸν
302 2041 409 2084 φίλον,
429 2041 549 2080 φαῦλος
566 2040 601 2072 δὲ
624 2038 698 2072 οὔτε
719 2039 764 2077 εἰς
782 2038 898 2071 ἑαυτὸν
915 2050 1001 2078 πως,
1027 2036 1093 2070 οὔτ’
1110 2037 1153 2073 εἰς

39 2108 61 2136 33„
130 2087 241 2123 41ἅλα-ἰν
253 2089 387 2132 φιλικῶς
405 2087 580 2121 διάκειται.

38 2232 41 2234 ,
135 2182 220 2213 ¹⁶⁸*
239 2181 312 2223 Kal
331 2181 425 2221 οὕτω
437 2179 501 2233 μὲν
518 2179 670 2230 γίνοιντο
691 2178 734 2218 ἂν
752 2176 943 2232 ἐπικαίρως
961 2179 996 2216 αἱ
1015 2179 1085 2216 τῶν
1105 2193 1158 2230 φι-

50 2279 51 2282 ,
100 2240 389 2290 λῆνδιαλύσεις.
407 2237 496 2280 Ἔτι
507 2239 543 2278 δὲ
553 2239 634 2291 περὶ
650 2240 758 2286 αὐτῆς
768 2240 831 2285 τῆς
850 2237 967 2292 φιλίας
984 2236 1156 2290 λέγωμεν.

40 2292 75 2350 ''l-,³
98 2298 288 2345 Τᾶζτοίνυν
309 2298 432 2355 φιλικὰ
451 2299 514 2339 καὶ
535 2300 570 2338 ἐν
586 2293 636 2343 οἷς
654 2302 676 2346 ἡ
692 2299 791 2353 φιλία
813 2296 1020 2337 συνίσταται
1040 2298 1158 2337 δοκοῦ·

100 2378 157 2406 σιν
175 2361 297 2414 ὥσπερ
316 2359 446 2400 κανόνα
465 2359 544 2399 τινὰ
569 2358 665 2413 ἔχειν
693 2359 753 2398 καὶ
774 2357 887 2411 ἀρχὴν
908 2357 952 2396 τὰ
976 2359 1062 2410 παρ’
1083 2357 1158 2396 ἑκά·

101 2431 187 2463 στου
204 2420 321 2473 ἑαυτῷ
346 2418 559 2474 ὀφειλόμενα
572 2433 580 2443 ·
601 2421 714 2457 ταῦτα
734 2417 804 2471 γὰρ
825 2419 966 2466 ζητοῦσι
992 2416 1078 2471 παρ’
1098 2418 1161 2456 ἀλ-

39 2495 43 2501 ’
59 2496 70 2532 j
100 2480 221 2532 λῆλων
239 2481 272 2520 οἱ
287 2477 403 2534 φίλοι,
423 2477 447 2518 ἃ
462 2479 548 2532 παρ’
570 2480 696 2517 ἑαυτοῦ
713 2481 746 2519 ⁸.

62 2542 70 2565 ““
135 2535 242 2565 *³⁸¹²*
257 2538 331 2580 Καὶ
341 2538 398 2582 διὰ
411 2541 514 2578 τοῦτο
528 2536 627 2591 φίλον
642 2537 817 2591 ὁρίζονται
837 2538 967 2577 ἐκεῖνον
978 2530 1082 2587 εἶναι,
1100 2537 1160 2577 τὸν

96 2599 318 2657 ’βουλόμενον
336 2597 383 2645 τὰ
408 2597 524 2651 ἀγαθὰ
542 2600 593 2652 τῷ
643 2595 706 2651 ίλῳ
725 2597 786 2636 καὶ
804 2597 1007 2650 πράττοντα
1027 2597 1160 2638 ἐκείνου

47 2690 77 2707 „-
90 2658 229 2721 '‘Mt‘’
247 2657 273 2708 ἣ
289 2658 348 2699 τὸν
364 2656 579 2713 βουλόμενον
595 2613 686 2697 εἶναι
699 2657 760 2696 καὶ
779 2659 840 2705 ζῆν
862 2656 920 2696 τὸν
939 2657 1037 2711 φίλον
1052 2658 1160 2698 αὐτοῦ

50 2715 73 2758 J'.
85 2746 99 2776 Ν,
129 2718 222 2774 Quo,
236 2717 324 2774 ὅπερ
337 2720 375 2760 αἱ
392 2717 540 2772 μητέρες
555 2717 641 2772 πρὸς
650 2716 695 2756 τὰ
713 2717 820 2757 τέκνα
836 2718 1053 2758 πεπόνθασι·
1076 2719 1157 2772 βού-

52 2736 226 2830 ’ἄαται
248 2777 316 2832 γὰρ
334 2777 381 2818 τὰ
399 2777 506 2818 τέκνα
525 2779 588 2826 ζῆν
604 2777 664 2816 καὶ
681 2769 720 2816 εὖ
736 2776 902 2830 πράττειν
919 2778 1035 2817 αὐτῶν
1057 2778 1162 2818 ἕνεκα

57 2834 74 2865 5³
103 2838 175 2885 ,τῶν
189 2837 338 2888 τέκνων,
359 2837 437 2878 ἐπεὶ
454 2836 516 2876 καὶ
533 2835 583 2887 μὴ
599 2835 804 2890 φιλούμεναι
817 2837 986 2882 πολλάκις
1006 2837 1074 2877 ὑπὸ
1091 2840 1160 2878 τῶν

103 2897 256 2950 τέκνων,
272 2897 296 2946 ἢ
313 2895 405 2951 μηδὲ
423 2896 725 2950 γιγνωσκόμεναι,
741 2895 785 2935 τὰ
809 2896 925 2949 ἀγαθὰ
945 2896 1005 2936 καὶ
1023 2897 1085 2946 τὴν
1101 2899 1162 2937 εὗ-

105 2956 291 3010 δαιμονίαν
311 2957 428 3001 αὐτοῖς
453 2955 698 3009 συνεύχονται·
729 2961 831 2996 τοῦτο
852 2957 887 2995 δὲ
909 2957 1090 3011 πάσχουσι
1103 2958 1164 2998 καὶ

105 3019 177 3058 οὖν
197 3016 308 3073 φίλων
331 3018 365 3057 οἳ
383 3015 702 3071 προσκεκρουκότες
723 3015 787 3068 μὲν
813 3016 874 3056 καὶ
896 3017 1162 3072 περιοφθέντες,

54 3091 71 3110 s
106 3076 271 3131 μένοντες
300 3076 339 3118 δὲ
369 3076 468 3117 αὐτοὶ
498 3078 534 3116 ἐν
565 3079 615 3130 τῷ
640 3076 751 3130 φιλεῖν
764 3092 773 3101 ·
803 3079 987 3129 βούλονται
1006 3077 1075 3131 γὰρ
1094 3085 1165 3125 τοῖς

63 3146 73 3185 ’γ
106 3135 220 3192 φίλοις
231 3137 351 3178 πάντα
370 3137 415 3178 τὰ
435 3135 572 3189 ἀγαθοί,
594 3135 702 3188 μηδὲν
724 3136 920 3183 ἐλπίζοντες
939 3138 1163 3187 κοινωνήσειν

64 3203 71 3239 J
107 3195 224 3247 αὗταί,
240 3195 333 3237 ἀλλὰ
351 3197 467 3236 αὐτῶν
487 3195 608 3236 ἕνεκα·
633 3194 684 3234 ἔτι
703 3196 738 3234 δὲ
760 3196 857 3249 φίλον
880 3196 1053 3250 ὁρίζονται
1075 3192 1163 3238 εἶναι

156 2776 161 2783 v
179 2773 182 2782 ι

67 3423 69 3428 ·
109 3406 182 3441 κτλ.
207 3425 237 3431 -
257 3406 333 3426 ****
353 3407 487 3441 Τιθέασι
506 3408 568 3452 γὰρ
587 3407 677 3450 φίλον
692 3432 701 3449 ,
721 3408 776 3441 τὸν
793 3408 992 3451 βουλόμενον
1009 3409 1092 3451 κτλ.6

580 125 886 168 ETHICORUM
918 123 1371 168 NlCOMACHEORUM
1400 126 1780 168 PARAPHRASIS.

2182 127 2261 167 523

1249 221 1325 253 Jam
1351 229 1432 254 vero
1458 221 1485 253 si
1506 220 1690 254 amicorum
1710 221 1794 254 alter
1813 230 1848 254 se
1864 220 1936 263 ipso
1953 219 2086 264 probior
2102 219 2160 252 fiat
2176 221 2266 254 mul-

1211 272 1351 313 tumque
1367 271 1494 304 virtute
1513 272 1666 310 excellat,
1683 272 1767 304 alter
1794 273 1906 304 autem
1926 271 2013 304 idem
2030 270 2090 314 qui
2118 269 2183 303 fuit
2196 279 2266 303 ma-

1210 323 1298 360 neat,
1315 323 1429 354 utrum
1449 323 1549 354 etiam
1564 332 1651 355 nunc
1671 323 1776 356 bonus
1787 323 1843 356 ille
1856 322 1983 356 amicus
1996 323 2102 355 altero
2121 322 2181 365 qui
2202 331 2267 355 non

1211 374 1262 404 est
1275 372 1352 405 talis
1366 373 1414 405 uti
1427 373 1537 411 debet,
1551 383 1593 406 an
1607 374 1669 406 hoc
1678 374 1748 407 fieri
1767 383 1831 406 non
1843 376 1964 416 potest,
1983 374 2041 407 sed
2054 373 2267 407 dissolvenda

1211 423 1261 454 est
1285 422 1453 455 amicitia?
1470 423 1567 460 Quod
1593 423 1729 465 quidem
1749 424 1782 456 in
1807 433 1927 466 magna
1946 423 2105 457 distantia
2121 423 2268 457 maxime

1211 473 1400 515 perspicere
1429 473 1516 507 licet.
1541 473 1575 507 Si
1610 474 1697 507 enim
1724 484 1764 507 ex
1787 474 1919 507 duobus
1949 475 2061 517 pueris
2085 475 2145 518 qui
2170 473 2268 508 amici

1212 526 1302 563 sunt,
1317 526 1390 557 tum
1408 527 1544 567 propter
1562 524 1826 568 inaequalitatem
1848 527 1920 558 tum
1940 525 1982 558 ob
2001 526 2189 559 studiorum
2215 525 2266 558 lu-

1212 570 1413 615 sionumque
1438 573 1713 612 communionem,
1735 574 1819 606 alter
1835 576 2012 616 postquam
2034 574 2163 606 virilem
2184 576 2266 606 aeta-

1214 620 1282 651 tem
1317 619 1441 662 attigit,
1480 620 1580 653 homo
1614 621 1727 662 gravis
1762 621 1979 664 omniumque
2020 631 2098 664 quae
2135 624 2268 655 aetatem

1213 666 1306 699 illam
1324 666 1442 700 decent
1464 668 1634 701 virtutum
1656 670 1766 707 cultor
1785 669 1916 707 evadat,
1937 669 2022 701 alter
2037 678 2116 702 vero
2127 670 2271 712 pueriles

1214 713 1288 747 illos
1314 724 1424 748 mores
1451 716 1604 755 retineat,
1625 717 1682 758 qui
1709 717 1778 750 fieri
1804 719 1924 760 potest,
1942 719 1980 749 ut
2004 717 2068 750 sint
2082 718 2192 756 amici,
2211 718 2271 760 qui

1216 771 1323 804 neque
1349 763 1464 796 eadem
1493 764 1644 806 probent,
1680 775 1788 808 neque
1824 765 1942 798 iisdem
1969 767 2027 797 aut
2064 764 2271 798 delectentur

1215 811 1274 841 aut
1299 809 1536 843 offendantur?
1564 820 1671 854 neque
1699 813 1787 846 enim
1810 813 1952 854 amplius
1976 812 2060 845 alter
2084 812 2272 854 alterigra-

1218 856 1397 889 titicabitur
1428 869 1436 889 ι
1475 858 1554 900 quia
1595 861 1712 892 neuter
1752 869 1820 902 quo
1848 859 1999 891 conciliet
2031 859 2093 891 sibi
2131 860 2272 892 alterum

1216 913 1362 946 eumque
1379 904 1536 945 oblectet,
1557 906 1742 948 quidquam
1756 907 1865 940 facere
1877 909 1979 948 queat
2000 920 2007 939 ι
2030 907 2088 939 sed
2104 916 2145 939 ne
2161 907 2273 939 vivere

1215 950 1352 992 quidem
1374 962 1439 985 una
1459 956 1636 996 poterunt,
1655 955 1725 987 sine
1750 955 1874 998 quibus
1905 957 2017 987 tamen
2044 957 2206 996 constare,
2235 958 2273 987 ut

1216 998 1375 1039 diximus,
1393 1001 1541 1034 amicitia
1553 1003 1681 1044 nequit.

1258 1061 1382 1092 Utrum
1407 1060 1510 1102 igitur
1527 1062 1578 1093 vir
1600 1061 1706 1094 bonus
1734 1062 1781 1095 ita
1810 1072 1886 1104 erga
1907 1071 1985 1095 eum
2017 1063 2181 1095 animatus
2202 1071 2274 1095 esse

1216 1118 1367 1159 debebit,
1393 1122 1432 1152 ut
1453 1120 1481 1153 si
1497 1130 1669 1163 nunquam
1687 1121 1814 1154 amicus
1836 1121 1976 1162 fuisset,
1997 1131 2040 1155 an
2058 1131 2138 1155 vero
2151 1124 2274 1164 praete-

1217 1178 1292 1212 ritae
1311 1180 1562 1213 consuetudinis
1591 1180 1750 1213 memoria
1779 1181 2005 1213 conservanda
2017 1184 2079 1221 est,
2098 1182 2132 1213 et
2157 1189 2277 1223 quem-

1216 1238 1398 1272 admodum
1415 1240 1531 1273 amicis
1560 1240 1672 1283 potius
1691 1250 1793 1284 quam
1811 1240 1994 1283 peregrinis
2021 1239 2276 1282 gratificandum

1217 1303 1384 1343 putamus,
1411 1301 1461 1334 ita
1486 1303 1520 1335 et
1551 1301 1594 1335 iis
1613 1302 1674 1345 qui
1701 1301 1879 1344 aliquando
1907 1301 2005 1334 amici
2032 1300 2168 1335 fuerunt
2199 1301 2276 1344 plus

1218 1361 1365 1395 tribuere
1390 1361 1564 1404 debemus,
1582 1372 1683 1404 quam
1713 1363 1836 1406 quibus
1856 1372 2028 1404 nunquam
2055 1362 2107 1395 usi
2137 1363 2277 1395 sumus?

1219 1421 1354 1454 videtur
1370 1431 1448 1464 ergo
1467 1423 1510 1455 ob
1527 1423 1733 1465 praeteritam
1755 1422 1937 1455 amicitiam
1948 1422 2075 1465 aliquid
2092 1422 2133 1455 iis
2149 1422 2275 1462 deberi,

1220 1482 1283 1515 nisi
1302 1481 1388 1515 forte
1404 1483 1484 1525 quia
1499 1483 1638 1516 modum
1650 1492 1784 1517 omnem
1800 1483 1933 1517 excedit
1952 1492 2067 1517 eorum
2082 1482 2277 1526 improbitas

1222 1542 1368 1576 amicitia
1383 1542 1593 1577 dissociatur.

1685 1874 1778 1908 GAP.
1800 1875 1841 1907 V.

1220 1981 1262 2009 De
1284 1980 1454 2010 amicorum
1475 1979 1602 2016 officiis,
1628 1984 1659 2010 et
1684 1981 1819 2010 amicum
1843 1982 1950 2011 eodem
1966 1982 2067 2010 animo
2091 1982 2123 2010 in
2139 1990 2170 2010 se
2191 1987 2225 2010 et
2248 1982 2280 2010 in

1255 2028 1406 2062 amicum,
1431 2028 1605 2064 improbum
1623 2032 1729 2057 autem
1755 2035 1858 2064 neque
1883 2028 1916 2057 in
1937 2037 1986 2065 se,
2011 2037 2112 2065 neque
2131 2029 2163 2058 in
2185 2030 2281 2058 alium

1255 2075 1356 2105 amico
1376 2083 1443 2104 esse
1460 2076 1576 2104 animo.

1266 2186 1374 2227 Atque
1402 2183 1451 2217 ita
1471 2184 1608 2226 quidem
1639 2187 1825 2227 opportune
1857 2185 2082 2219 dissolventur
2109 2185 2279 2219 amicitiae.

1219 2238 1304 2280 Sunt
1322 2253 1401 2277 vero
1420 2245 1455 2276 et
1474 2243 1540 2276 alia
1558 2243 1653 2276 nobis
1673 2244 1715 2277 de
1736 2244 1807 2286 ipsa
1823 2244 1971 2277 amicitia
1994 2245 2145 2278 dicenda.
2167 2247 2280 2278 Docu-

1220 2307 1334 2339 menta
1346 2303 1447 2346 igitur
1463 2302 1618 2335 amicitiae
1631 2305 1665 2335 et
1677 2303 1711 2335 in
1728 2303 1853 2345 quibus
1868 2302 1926 2336 illa
1942 2303 2106 2343 consistit,
2121 2306 2282 2346 tanquam

1221 2373 1373 2399 normam
1398 2363 1547 2406 aliquam
1571 2364 1605 2395 et
1631 2362 1829 2405 principium
1845 2389 1852 2401 ,
1882 2372 1920 2396 ea
1943 2372 2020 2406 quae
2047 2363 2110 2397 sibi
2138 2364 2283 2407 quisque

1223 2424 1335 2464 debet,
1353 2421 1477 2455 habere
1492 2421 1670 2455 videntur:
1686 2430 1727 2455 ea
1739 2422 1828 2455 enim
1839 2422 1983 2465 quisque
2000 2422 2042 2456 ab
2057 2423 2172 2456 amicis
2184 2424 2279 2466 petit,

1224 2495 1301 2529 quae
1315 2494 1335 2517 a
1349 2493 1384 2517 se
1401 2483 1483 2526 ipso.

1234 2575 1237 2578 ⁴
1266 2544 1474 2586 Quapropter
1488 2541 1632 2574 amicum
1642 2541 1805 2576 definiunt
1816 2552 1890 2577 esse
1900 2553 1987 2583 eum,
2003 2543 2063 2587 qui
2078 2543 2163 2578 bona
2173 2545 2285 2579 omnia

1223 2601 1330 2636 amico
1345 2600 1490 2641 exoptet,
1513 2598 1650 2641 ipseque
1663 2599 1748 2632 eain
1767 2599 1913 2633 amicum
1929 2599 2090 2641 conferat,
2107 2610 2184 2644 quoe
2199 2601 2285 2634 bona

1226 2667 1297 2692 esse
1316 2655 1419 2696 ducit,
1445 2654 1547 2698 idque
1575 2654 1665 2688 illius
1690 2665 1801 2698 causa,
1833 2658 1892 2689 aut
1919 2657 1980 2699 qui
2006 2666 2079 2691 esse
2107 2660 2142 2691 et
2169 2659 2283 2692 vivere

1228 2713 1372 2747 amicum
1389 2711 1469 2744 velit
1497 2709 1601 2752 ipsius
1617 2719 1717 2743 causa
1734 2723 1743 2744 ε
1762 2709 2047 2754 quemadmodum
2068 2714 2194 2745 matres
2208 2721 2285 2755 erga

1227 2771 1313 2804 tilios
1337 2769 1470 2803 affecta>
1498 2769 1600 2801 sunt:
1623 2777 1700 2800 nam
1720 2769 1754 2800 et
1779 2768 1893 2803 vivere
1918 2771 1951 2803 et
1977 2768 2138 2802 felicitate
2160 2769 2210 2801 uti
2230 2779 2286 2803 eos

1226 2828 1375 2871 cupiunt,
1396 2825 1497 2869 idque
1524 2833 1638 2857 eorum
1659 2833 1772 2866 causa,
1792 2825 1951 2867 quoniam
1971 2824 2071 2857 etiam
2092 2823 2286 2868 frequenter

1226 2891 1291 2914 non
1306 2882 1428 2914 amatae
1445 2890 1464 2912 a
1479 2879 1592 2912 liberis
1603 2880 1662 2910 aut
1686 2888 1726 2910 ne
1744 2879 1881 2921 cognitae
1900 2879 2048 2922 quidem,
2072 2879 2157 2912 bona
2173 2882 2285 2913 tamen

1226 2937 1336 2970 omnia
1355 2936 1421 2969 illis
1444 2939 1477 2969 et
1502 2934 1696 2967 felicitatem
1721 2938 1901 2977 precantur
1923 2947 1930 2967 :
1955 2934 2047 2978 quod
2067 2934 2134 2967 illis
2153 2943 2286 2977 quoque

1227 2990 1342 3023 amicis
1359 2989 1532 3030 contingit,
1546 2989 1633 3021 inter
1642 2997 1729 3031 quos
1749 2987 1860 3031 aliqua
1876 2987 2121 3020 offensiuncula
2141 2989 2219 3020 nata
2234 2989 2285 3019 est

1228 3045 1262 3077 et
1283 3043 1343 3086 qui
1356 3042 1398 3076 ab
1414 3042 1488 3076 aliis
1499 3041 1640 3085 neglecti
1659 3043 1751 3080 sunt,
1771 3051 1878 3084 quum
1898 3041 1962 3083 ipsi
1984 3043 2158 3083 propterea
2173 3049 2286 3073 amare

1224 3101 1292 3131 'non
1313 3097 1466 3130 desinant
1488 3110 1496 3130 :
1518 3097 1642 3140 quippe
1664 3096 1775 3129 omnia
1795 3095 1881 3128 bona
1899 3097 2016 3138 optant
2033 3094 2160 3134 amicis,
2179 3103 2284 3136 quum

1227 3159 1340 3183 eorum
1359 3150 1487 3183 nullam
1495 3149 1558 3192 ipsi
1574 3152 1703 3193 partem
1724 3150 1929 3191 exspectent,
1955 3147 2014 3182 sed
2032 3147 2166 3179 illorum
2185 3155 2285 3179 causa

1226 3204 1414 3238 duntaxat:
1435 3206 1594 3248 praeterea
1613 3203 1758 3237 amicum
1781 3203 1944 3236 definiunt
1965 3210 2037 3234 esse
2056 3210 2133 3234 eum
2153 3199 2285 3243 quiiis-

67 3342 70 3350 Ι
94 3347 95 3350 ¹
150 3359 168 3379 ¹*
187 3360 227 3393 m
241 3359 278 3393 δὲ
294 3360 314 3392 ὁ
338 3360 396 3402 μὲν
411 3359 576 3402 διαμένοι,
607 3361 676 3392 κτλ.
698 3374 742 3384 ·-
756 3359 794 3376 **
818 3359 882 3403 Ἆρ’
904 3359 961 3392 οὗν
981 3359 1072 3392 οὐθὲν
1094 3359 1302 3406 ἀλλοιότερον
1319 3362 1389 3395 κτλ.
1407 3376 1450 3386 --
1473 3360 1532 3381 *¹²*
1550 3360 1630 3407 Gap.
1652 3362 1684 3394 4.
1704 3360 1753 3394 Τὰ
1773 3359 1882 3404 φιλικὰ
1897 3359 1932 3392 δὲ
1951 3358 2029 3404 πρὸς
2055 3357 2130 3396 τοὺς
2151 3357 2280 3400 φίλους,
