2528 3788
294 213 346 252 26

291 298 548 352 παραὸεὸηκώς
571 297 656 336 cod.
682 297 730 337 H.
750 319 802 326 —
821 302 834 318 ⁰
854 298 876 344 ἢ
903 296 1057 350 ἰστορίας
1074 297 1160 337 cod.
1186 297 1238 346 L;
1261 297 1322 336 καὶ

290 358 442 410 ἱστορίας
458 357 543 396 cod.
564 360 612 396 H.
633 377 685 385 —
704 354 717 378 ¹
730 355 850 393 ἕνεκα·
871 359 893 403 ἡ
912 355 948 394 δὲ
965 355 1056 395 κατὰ
1073 356 1139 400 ἕξιν
1159 357 1247 396 cod.
1268 357 1320 406 L;

290 416 389 454 ἕνεκα
410 414 476 459 ἕξιν
498 415 583 453 cod.
606 415 652 453 H.
669 435 723 444 —
737 418 754 444 ὅ
775 413 798 461 ἢ
818 416 954 465 ἀμαθης
971 415 1058 455 cod.-
1078 415 1130 462 L3
1152 414 1212 454 καὶ
1229 416 1321 465 ἅμα·

290 474 349 520 θής
366 473 453 512 cod.
471 473 519 512 H.
537 473 619 501 —h
637 471 875 525 περιστάσεων
894 473 1026 523 codd„
1048 474 1233 511 πολιτικῶν
1254 489 1320 511 πε-

291 532 479 585 ριστάσεων
496 530 711 569 Fischerus.
733 530 810 583 —)

339 591 385 639 η’
414 590 459 629 ‘0
481 589 543 641 μὲν
564 583 622 629 ουν
643 589 734 629 κατὰ
763 590 863 640 φύσιν
885 583 922 628 εῧ
942 590 1125 642 πεφυκώς,
1146 590 1205 628 καὶ
1230 589 1320 628 κατὰ

287 650 349 697 τὴν
374 649 514 698 ἡλικίαν
543 648 636 701 ὥραν
663 648 753 701 ἔχων
778 652 839 687 τοῦ
871 649 1087 702 φιλοσοφεῖν,
1110 649 1279 688 καὶκατὰ
1306 654 1320 672 ⁰

284 710 349 757 τὴν
368 708 568 762 προαίρεσιν
585 708 686 747 ἕνεκα
701 711 761 747 τοῦ
780 708 842 755 τὴν
859 707 985 762 ἀρετὴν
999 709 1154 755 ἀσκῆσαι
1169 707 1318 760 προσιὼν

282 772 332 822 τῷ
348 768 461 821 λόγῳ,
484 767 543 806 καὶ
562 767 653 806 κατὰ
667 767 729 816 τὴν
748 767 814 813 ἕξιν
835 767 1146 820 προτετελεσμένος
1162 769 1232 811 τοῖς
1249 783 1316 818 μα-

284 829 436 879 θημασι,
465 827 526 866 καὶ
557 826 739 880 ἀφειμένος
762 827 832 867 ἀπὸ
850 828 919 866 τῶν
943 827 1130 865 πολιτικῶν
1150 826 1318 879 περιστά-

284 901 371 925 σεων
391 885 533 940 ἄρξεται
556 884 625 923 ἀπὸ
653 890 712 924 τοῦ
728 884 948 924 Ἀλκιὸιάδου
974 885 1058 937 πρὸς
1080 885 1120 923 τὸ
1140 887 1318 937 τραπῆναι

281 946 339 984 καὶ
361 948 617 998 ἐπιστραφηναι
646 945 704 982 καὶ
727 947 874 996 γνῶναι,
898 938 936 983 οἷ
965 945 1018 982 δεῖ
1037 943 1098 991 τὴν
1119 944 1261 994 ἐπιμέλε
1247 959 1317 981 ειαν

281 1007 453 1043 ποιεῖσθαι
465 1003 616 1056 ,ὥσπερ
644 1003 727 1055 πρὸς
747 1004 973 1056 παράδειγμα
1003 1003 1108 1041 καλὸν
1137 1005 1243 1054 ιδεῖν,
1268 1003 1318 1046 τίς

280 1065 371 1102 ἐστιν
396 1065 414 1101 ὃ
432 1062 634 1116 φιλόσοφος,
652 1062 711 1100 καὶ
727 1062 778 1106 τίς
800 1063 906 1100 αὐτοῦ
925 1065 947 1108 ἡ
968 1061 985 1085 b
1002 1061 1217 1108 ἐπιτήδευσις
1230 1092 1240 1112 ,
1259 1062 1317 1099 καὶ

280 1122 338 1160 ἐπὶ
368 1121 452 1160 ποία
483 1120 643 1160 ὑποθέσει
673 1123 691 1158 ὁ
723 1120 805 1172 παρ’
833 1121 929 1173 αὐτῷ
961 1119 1059 1171 λόγος
1085 1119 1313 1171 προσάγεται.

281 1180 407 1227 Δεήσει
431 1181 482 1232 τῶ
504 1178 666 1217 Φαίδωνι
696 1179 810 1226 ἑξῆς’
796 1179 1036 1231 εντυγχάνειν·
1066 1178 1158 1229 λέγει
1187 1178 1254 1230 γὰρ
1283 1180 1316 1215 ἐν

279 1239 413 1291 τούτῳ,
433 1238 519 1282 τίς’
504 1253 577 1276 εστι
600 1236 782 1310 φιλόσοφος
799 1236 859 1275 καὶ
878 1236 962 1280 τίς’
948 1252 1038 1275 εστιν
1069 1240 1090 1284 ἡ
1112 1239 1216 1275 αὐτοῦ
1237 1238 1314 1274 ἐπι-

277 1298 434 1344 τήδευσις
465 1301 501 1346 ⁰,
523 1295 619 1333 καῖ’
605 1295 662 1333 επὶ
688 1295 846 1333 ὑποθέσει
867 1298 926 1333 τοῦ
949 1291 1118 1334 αθάνατον
1139 1299 1226 1333 εἶναι
1253 1296 1315 1341 τὴν

279 1355 393 1407 ψυχὴν
410 1353 547 1393 δίεισι(1
565 1354 623 1392 τὸν
643 1354 723 1405 περὶ
745 1356 852 1400 αὖτης
865 1353 981 1405 λόγον.
1040 1354 1140 1392 Μετὰ
1157 1357 1257 1392 τοῦτο
1274 1356 1316 1406 τῇ

279 1412 446 1465 Πολιτείᾳ
477 1411 547 1452 δέοι
577 1411 815 1463 ἐντυγχάνειν·
843 1411 1034 1463 ἀρξάμενος
1068 1412 1134 1464 γὰρ
1161 1412 1229 1450 ἀπὸ
1257 1414 1316 1458 τῆς

277 1472 421 1524 πρώτης
440 1470 655 1514 παιδεύσεως
674 1474 689 1491 ⁰
705 1470 898 1523 ὑπογράφει
920 1476 1036 1508 πᾶσαν
1054 1469 1115 1516 τὴν
1135 1471 1314 1516 παιδείαν,

279 1525 300 1582 ᾗ
321 1530 500 1583 χρώμενος
523 1528 679 1581 ἀφίκοιτο
703 1527 743 1565 ἄν
773 1544 824 1571 τις
844 1528 900 1566 ἐπὶ
921 1529 982 1574 τὴν
1008 1530 1069 1574 τῆς
1088 1530 1210 1580 ἄρετ’ῆς
1229 1530 1313 1574 κτῆ-

276 1604 346 1627 σιν.
403 1586 507 1627 Ἐπεὶ
536 1586 549 1611 ¹
565 1586 600 1624 δὲ
633 1587 685 1624 δεῖ
712 1586 771 1624 καὶ
800 1588 834 1624 ἐν
864 1585 988 1637 γνώσει
1007 1589 1074 1625 τῶν
1096 1586 1194 1625 θείων
1215 1590 1310 1639 γενέ-

275 1651 374 1693 σθαι,
393 1648 439 1690 ὡς
455 1646 622 1684 δύνασθαι
648 1644 865 1695 κτησάμενον
882 1645 945 1691 τὴν
964 1644 1090 1698 ἀρετὴν
1105 1647 1314 1696 ὁμοιωθῆναι

275 1707 409 1753 αὐτοῖς,
432 1703 658 1754 ἐντευξόμεθα
680 1708 697 1733 3
717 1706 766 1755 τῷ
786 1703 928 1755 Τιμαίῳ
942 1719 950 1726 ·
970 1704 1058 1755 αὐτῇ
1086 1703 1153 1756 γὰρ
1170 1708 1213 1757 τῇ
1234 1707 1312 1758 περὶ

275 1764 336 1811 τὴν
365 1763 382 1786 ¹³
403 1763 503 1817 φύσιν
524 1762 662 1814 ἱστορίᾳ
692 1762 958 1813 ἐντυγχάνοντες
989 1762 1047 1799 καὶ
1078 1766 1121 1814 τῇ
1144 1764 1311 1816 λεγομένῃ

275 1822 431 1875 θεολογίᾳ
456 1822 516 1861 καὶ
548 1823 591 1873 τῇ
622 1822 688 1858 τῶν
717 1819 804 1858 ὅλων
834 1820 986 1864 διατάξει
1015 1820 1242 1873 ἐποψόμεθαἰ
1269 1823 1312 1861 τὰ

274 1887 349 1921 θεῖα
368 1883 533 1933 ἐναργῶς.

329 1940 500 1992 (Scripsi
523 1954 531 1977 :
551 1943 565 1961 ¹³
580 1937 670 1977 κατὰ
692 1951 775 1976 cum
798 1938 880 1976 cod.
902 1938 949 1985 L3
976 1939 1064 1989 μετὰ
1086 1939 1169 1977 cod.
1191 1940 1237 1979 H.
1262 1963 1311 1970 —

279 2023 296 2047 b
315 2000 418 2037 αὐτοῦ
436 2001 458 2044 ἡ
474 1997 690 2044 ἐπιτήδευσις
705 1997 787 2035 cod.
803 1996 857 2044 L;
874 1998 991 2046 vulgo
1009 1999 1112 2035 αὐτοῦ
1135 1998 1320 2044 ἐπιτήδευ-

273 2072 337 2100 σις.
359 2083 403 2089 --
431 2063 446 2082 ⁰
466 2059 487 2102 ἡ
507 2057 609 2093 αὐτοῦ
633 2054 848 2101 ἐπιτήδευσις
877 2068 962 2092 cum
989 2054 1191 2104 Fabrici03
1219 2055 1242 2103 ἥ
1276 2071 1310 2094 τε

274 2115 489 2162 ἐπιτήδευσις
500 2115 584 2154 cod.
606 2118 637 2151 L
651 2129 660 2161 ;
675 2116 695 2160 ἡ
712 2112 930 2159 ἐπιτήδευσις
948 2114 1033 2153 cod,
1049 2114 1094 2151 H.
1109 2138 1160 2143 —
1175 2114 1189 2137 ‘¹
1211 2114 1310 2152 δίεισι

273 2187 359 2213 cum
372 2173 606 2212 Schneidero
619 2188 629 2220 3
643 2171 748 2219 διίησι
767 2172 940 2209 codd.—
958 2175 973 2193 θ
991 2172 1205 2216 παιδεύσεως
1224 2174 1309 2213 cod.

274 2235 330 2281 Η,
354 2232 517 2285 γενέσεως
536 2233 622 2272 cod.
645 2234 688 2271 L.
706 2253 758 2261 —
774 2230 786 2254 ¹
807 2230 880 2268 ἐπεὶ
898 2230 932 2270 δὲ
951 2231 1003 2269 δεῖ
1016 2233 1099 2273 cod.
1126 2232 1176 2280 L;
1194 2234 1310 2279 ἐπειδὴ

271 2293 306 2331 δὲ
322 2294 371 2330 δεῖ
388 2292 475 2332 cod.
492 2292 541 2331 Η.
562 2316 610 2322 -—
624 2296 641 2321 Β
659 2289 902 2341 ἐντευξόμεθα,
925 2291 1035 2330 codd.
1063 2291 1309 2342 ἐντευξώμεθα.

273 2375 325 2382 -
345 2351 362 2378 *¹
381 2351 443 2399 τὴν
469 2351 568 2404 φύσιν
590 2351 677 2390 cod.
705 2350 755 2398 L;
775 2350 875 2402 φύσιν
893 2351 978 2390 cod.
1003 2351 1050 2388 H.
1077 2373 1128 2380 —
1152 2350 1161 2374 i
1182 2350 1310 2403 ἐποψό-

273 2415 382 2460 μεθα;
402 2410 485 2449 cod.
506 2410 550 2449 L.
569 2409 810 2462 ἀντοψόμεθα;
832 2410 916 2447 cod.
932 2409 965 2446 H
982 2411 1045 2460 ἄν,
1069 2409 1179 2447 Fabr.
1201 2410 1304 2460 ἆν[α-

274 2469 462 2519 μνήσομεν.
480 2470 494 2519 ]
511 2468 521 2519 )

312 2598 399 2630 vm.
423 2596 488 2634 Qui
515 2596 613 2638 igitur
633 2598 704 2628 tum
724 2596 807 2628 bono
830 2597 956 2638 ingenio
987 2599 1018 2629 ei
1047 2599 1143 2629 aetate
1170 2598 1310 2638 philoso-

274 2656 359 2697 phiae
387 2656 518 2687 matura
535 2656 602 2693 est,
624 2655 696 2686 tum
714 2663 754 2686 ex
770 2654 918 2687 instituto
934 2655 1056 2687 idcirco
1074 2655 1241 2688 Platonem
1262 2656 1309 2687 le-

270 2723 345 2756 gere
367 2713 563 2755 aggreditur,
585 2715 622 2744 ut
632 2713 788 2745 virtutem
802 2715 967 2754 exerceat,
989 2723 1047 2746 nec
1068 2724 1132 2746 non
1145 2715 1308 2747 variarum

271 2772 515 2815 disciplinarum
533 2771 719 2804 facultatem
736 2772 803 2813 jam
825 2774 1017 2805 consecutus
1038 2775 1103 2814 est,
1129 2783 1233 2815 neque
1252 2776 1307 2808 ul-

270 2833 335 2865 lam
356 2830 543 2872 reipublicae
562 2832 686 2871 partem
705 2831 864 2871 suscepit,
882 2831 923 2863 ab
936 2831 1097 2865 Alcibiade
1114 2833 1307 2876 principium

272 2887 389 2928 ducet,
411 2890 450 2921 ut
480 2887 559 2920 illuc
585 2887 775 2920 advertatur
798 2890 832 2920 et
857 2887 1016 2922 referatur
1044 2890 1186 2930 animus,
1209 2893 1307 2932 atque

271 2948 448 2989 intelligat,
479 2947 635 2989 quantum
658 2955 746 2979 curae
775 2956 814 2979 ac
831 2947 1006 2989 diligentiae
1025 2947 1245 2982 adhibendum
1264 2950 1307 2983 sit

270 3008 313 3040 ad
328 3004 584 3049 pulcherrimum
599 3005 765 3047 exemplar
778 3006 1035 3046 assequendum,
1056 3007 1129 3047 quis
1146 3008 1188 3039 sit
1204 3008 1304 3050 phi10»

273 3064 394 3107 sophus
406 3090 414 3105 ,
429 3071 503 3105 quae
515 3065 585 3106 ejus
603 3063 764 3096 industria
780 3065 812 3096 et
830 3064 863 3096 in
883 3073 946 3105 qua
966 3073 1000 3096 re
1019 3073 1184 3098 sermones
1202 3067 1306 3107 ipsius

270 3124 452 3157 versentur.
496 3122 692 3155 Phaedonem
721 3122 874 3164 deinceps
894 3123 957 3164 legi
981 3123 1159 3164 oportebit,
1186 3125 1217 3156 in
1241 3134 1305 3166 quo

270 3183 365 3215 docet
377 3181 470 3214 Plato
482 3206 490 3222 ,
503 3181 650 3222 quisnam
663 3181 873 3223 philosophus
886 3181 946 3221 sit,
960 3182 1047 3222 quod
1061 3182 1130 3222 eJus
1147 3183 1301 3223 studium,

273 3242 306 3273 et
327 3241 367 3273 de
388 3240 487 3273 animi
513 3239 753 3272 immortalitate
772 3239 945 3281 disputans
960 3239 1091 3281 longum
1114 3240 1153 3272 de
1175 3240 1231 3272 illo
1250 3240 1306 3272 ha-

272 3300 327 3331 bet
346 3306 540 3332 sermonem.
583 3299 662 3330 Post
682 3298 752 3330 haec
779 3298 878 3330 libros
898 3298 939 3330 de
963 3298 1129 3339 republlca
1156 3299 1305 3331 evolvere

273 3357 415 3396 decebit,
451 3357 605 3400 quoniam
629 3357 663 3389 in
691 3356 755 3389 illis
790 3366 808 3388 a
843 3357 947 3398 prima
974 3356 1178 3390 institutione
1212 3366 1305 3389 orsus

273 3423 402 3448 omnem
416 3415 558 3457 depingit
576 3415 755 3447 doctrinam
765 3439 773 3454 ‚
789 3424 851 3455 qua
865 3414 1012 3455 quisquis
1026 3415 1127 3446 utitur
1146 3414 1301 3447 virtutem

968 191 1026 222 '⁴
1098 210 1267 250 ALB1N1
1296 210 1625 250 FRAGMENTA.

1436 300 1481 338 θ’.
1509 298 1594 339 Ἔτι
1608 303 1622 322 ¹¹
1639 298 1676 337 δέ
1691 315 1741 343 τις
1759 298 1815 337 καὶ
1834 300 1866 336 ἐν
1887 300 2065 353 κεφαλαίῳ
2080 301 2205 339 δύναιτ’
2223 299 2265 339 ἂν
2281 301 2298 327 ¹³
2316 315 2414 341 κατι-

1384 358 1452 396 δεῖν
1475 357 1538 405 τὴν
1569 357 1814 410 προσήκουσαν
1838 357 1936 403 τάξιν
1965 360 2031 398 τῶν
2052 358 2220 411 διαλόγων
2248 363 2292 413 τῇ
2323 359 2414 399 κατὰ

1383 416 1559 456 Πλάτωνα
1591 417 1798 468 διδασκαλίᾳ
1829 419 1847 455 ὁ
1879 415 1922 454 τὰ
1954 417 2144 462 Πλάτωνος
2167 418 2367 471 αἱρούμενος
2381 424 2412 460 ⁰.

1382 475 1587 526 Ἀναγκαίου
1604 475 1672 528 γὰρ
1692 475 1787 519 ὄντος
1807 474 1931 519 θεατὰς
1947 476 2104 527 γενέσθαι
2128 477 2188 516 καὶ
2211 479 2276 526 τῆς
2289 479 2415 518 ὗαυτοῦ

1383 536 1497 587 ψυχῆς
1516 533 1659 574 καὶτῶν
1677 533 1795 585 θείων,
1821 533 1881 573 καὶ
1904 536 1974 573 τῶν
2001 536 2087 574 θεῶν
2109 536 2244 586 αὐτῶν,
2267 535 2329 576 καὶ
2353 539 2414 576 τοῦ

1382 594 1570 632 καλλίστου
1602 597 1661 632 νοῦ
1688 593 1826 645 τυχεῖν,
1852 593 1904 631 δεῖ
1926 595 2063 646 πρῶτον
2090 593 2155 646 μὲν
2177 595 2370 648 ἐκκαθᾶραι
2384 593 2414 643 ,ἆ

1381 651 1443 696 τὰς
1455 653 1592 706 ψευδεῖς
1610 651 1708 697 δόξας
1729 654 1796 690 τῶν
1817 652 2043 707 ὖπολήψεων·
2064 652 2143 694 οὐδὲ
2162 652 2233 706 γὰρ
2254 653 2286 692 οἱ
2302 651 2415 706 ἰατροὶ

1380 710 1581 762 νενομίκασι
1610 710 1775 763 πρότερον
1793 714 1856 759 τῆς
1876 711 2160 765 προσφερομένης
2179 715 2309 767 τροφῆς
2326 713 2414 752 ἀπο·

1380 771 1510 808 λαῦσαι
1530 770 1568 809 τὸ
1595 772 1698 818 σῶμα
1717 768 1904 819 δύνασθαι,
1929 771 1959 809 εἷ
1986 771 2036 821 μὴ
2065 770 2110 810 τὰ
2133 771 2362 822 ἐμποδίζοντα
2379 774 2416 812 ἐν

1379 829 1491 882 τούτῳ
1508 845 1559 871 τις
1578 827 1738 867 ἐκὸάλοι·
1765 829 1854 879 μετὰ
1872 829 1909 869 δὲ
1925 829 1964 868 τὸ
1985 832 2177 884 ἐκκαθᾶραι
2193 830 2209 854 ⁸
2225 831 2415 886 ἐπεγείρειν

1380 887 1440 925 καὶ
1461 888 1711 939 προκαλεῖσθαι
1730 888 1781 926 δεῖ
1811 887 1873 932 τὰς
1890 889 2040 943 φυσικὰς
2059 889 2188 935 ἐννοίας
2205 889 2267 930 καὶ
2287 890 2416 935 ταύτας

1380 945 1615 999 ἐκκαθαίρειν,
1633 944 1693 984 καὶ
1713 946 1876 998 εὖκρινεῖς
1893 947 2092 1000 ἀποφαίνειν
2109 949 2154 993 ὡς
2173 948 2296 1002 ἀρχάς.
2328 948 2415 988 Ἐπὶ

1379 1003 1510 1048 τούτοις
1526 1007 1572 1048 ὡς
1592 1005 1988 1056 προκατεσκευασμένης
2015 1009 2076 1054 τῆς
2092 1009 2208 1060 ψυχῆς
2222 1038 2232 1056 ,
2252 1008 2303 1046 δεῖ
2323 1007 2411 1059 αὖτ’ᾐ·

1379 1064 1421 1101 τὰ
1465 1065 1574 1102 οἰκεῖα
1619 1065 1773 1114 ἐμποιεῖν
1812 1064 1990 1117 δόγματα,
2033 1065 2110 1104 καθ’
2143 1065 2166 1103 ἃ
2203 1067 2410 1104 τελειοῦται.

1377 1123 1499 1162 Ταῦτα
1520 1122 1557 1160 δέ
1573 1124 1644 1161 ἐστι
1662 1122 1791 1175 φυσικὰ
1808 1123 1867 1161 καὶ
1885 1124 2067 1176 θεολογικὰ
2088 1123 2148 1162 καὶ
2166 1123 2209 1163 τὰ
2228 1123 2334 1171 ἠθικὰ
2353 1123 2413 1163 καὶ

1378 1182 1553 1221 πολιτικά.
1611 1180 1691 1221 Ἵνα
1722 1181 1757 1219 δὲ
1779 1186 1797 1212 8
1815 1181 1858 1220 τὰ
1886 1182 2043 1233 δόγματα
2074 1182 2162 1236 μένῃ
2182 1183 2217 1222 ἓν
2243 1185 2288 1235 τῇ
2315 1185 2410 1236 ψυχῇ

1379 1240 1626 1293 ἀναπόδραστα
1652 1242 1690 1287 1¹,
1709 1239 1823 1286 δεήσει
1852 1241 2064 1288 ἀποδοθῆναι
2096 1239 2107 1264 ¹
2138 1242 2189 1293 τῷ
2210 1244 2273 1289 τῆς
2303 1240 2414 1285 αἰτίας

1378 1301 1558 1351 λογισμῷ,
1581 1297 1637 1335 ἵνα
1662 1314 1711 1342 τις
1743 1297 1893 1350 βεὸαίως
1922 1297 2047 1350 ἔχηται
2067 1297 2087 1324 ¹⁵
2111 1301 2170 1338 τοῦ
2190 1299 2414 1351 προκειμένου

1379 1359 1523 1397 σκοποῦ.
1580 1356 1624 1394 Γ
1627 1356 1666 1394 πι
1693 1357 1823 1398 τούτοις
1841 1358 1894 1392 δεῖ
1921 1355 2155 1409 πεπορίσθαιι
2172 1356 2210 1395 τὸ
2232 1358 2412 1411 ἀπαραλό-

1377 1430 1514 1466 γιστον,
1531 1414 1587 1452 ἵνα
1609 1413 1656 1464 μὴ
1677 1414 1745 1453 υπό
1760 1429 1849 1457 τινος
1869 1418 2033 1467 σοφιστοῦ
2048 1415 2317 1468 παρενεχθέντες
2331 1416 2413 1470 τρέ-

1376 1474 1532 1527 ψωμεν’
1517 1473 1574 1510 επὶ
1591 1473 1633 1511 τὰ
1651 1473 1760 1525 χείρω
1775 1471 1837 1520 τὴν
1857 1474 1987 1511 ἑαυτῶν
2006 1473 2158 1513 διάνοιαν
2175 1468 2411 1514 ¹¹¹.‘'1v'03v

1377 1532 1625 1581 ἐκὸοίλωμενΠ
1651 1530 1714 1575 τὰς
1741 1532 1879 1585 ψευδεῖς
1909 1531 2029 1581 δόξας,
2055 1532 2172 1578 δεήσει
2192 1533 2413 1586 ἐντυγχάνειν

1378 1591 1566 1634 Πλάτωνος
1581 1592 1652 1634 τοῖς
1671 1592 1730 1628 τοῦ
1747 1593 2208 1644 πειραστικοῦᾼχαρακτῆρος
2224 1592 2409 1644 διαλόγοις,

1375 1649 1495 1702 ἔχουσι
1518 1648 1557 1687 τὸ
1586 1648 1784 1699 ἐλεγκτικὸν
1812 1648 1874 1687 καὶ
1900 1648 1941 1688 τὸ
1969 1649 2155 1701 λεγόμενον
2185 1651 2408 1704 καθαρτικόν.

1374 1707 1455 1748 Ἵνα
1491 1707 1528 1745 δέ
1555 1723 1606 1751 τις
1636 1707 1698 1751 τὰς
1730 1706 1877 1761 φυσικὰς
1909 1707 2037 1752 ἐννοίας
2068 1709 2116 1752 εἷς
2142 1711 2213 1762 φῶς
2241 1710 2414 1763 προκαλέ-

1375 1781 1475 1804 σαιτο
1501 1771 1540 1813 ⁰,
1569 1766 1638 1808 τοῖς
1665 1767 1725 1803 τοῦ
1754 1768 1956 1816 μαιευτικοῦ
1985 1768 2209 1821 χαρακτῆρος
2243 1766 2412 1820 διαλόγοις

1375 1824 1492 1872 δεήσει
1523 1824 1762 1875 ἐντυγχάνειν·
1798 1827 1900 1863 τοῦτο
1940 1821 2011 1876 γάρ
2037 1826 2130 1864 ἐστιν
2162 1826 2275 1865 αὗτῶν
2306 1825 2408 1866 ἴδιον.

1372 1881 1454 1922 Ἵνα
1477 1882 1512 1920 δέ
1530 1896 1580 1924 τις
1599 1880 1644 1919 τὰ
1670 1883 1779 1920 οἰκεῖα
1801 1885 1819 1910 Ρ
1840 1882 1999 1933 δόγματα
2018 1881 2233 1936 παραλάὸῃ,
2254 1888 2326 1928 τοῖς
2350 1887 2410 1923 τοῦ

1375 1943 1590 1993 ὕφηγητικοῦ
1608 1942 1839 2014 χαρακτῆηρος
1844 1940 2015 1992 διαλόγοις
2031 1940 2147 1990 δεήσει
2167 1942 2387 1994 ἐντυγχάνειν
2404 1963 2408 1969 ·

1373 2003 1474 2039 τοῦτο
1496 2000 1562 2052 γάρ
1583 2000 1675 2038 ἐστιν
1693 1999 1804 2037 αὐτῶν
1825 1998 1932 2047 ἴδιον,
1954 1998 2038 2051 εἴγε
2055 2015 2089 2038 εν
2107 2000 2238 2045 τούτοις
2254 1999 2327 2040 ἔστι
2342 2002 2405 2053 μὲν

1373 2059 1417 2096 τὰ
1434 2057 1561 2112 φυσικὰ
1577 2056 1759 2109 δόγματα,
1778 2056 1851 2096 ἔστι
1867 2057 1903 2097 δὲ
1920 2059 1979 2096 και
1996 2057 2039 2096 τὰ
2052 2058 2157 2105 ἠθικὰ
2173 2060 2233 2098 καὶ
2251 2060 2294 2100 τὰ
2310 2063 2404 2099 πολι-

1373 2116 1452 2155 τικὰ
1470 2115 1530 2155 καὶ
1547 2115 1771 2166 οἷκονομικά,
1790 2110 1838 2154 ὧν
1859 2115 1900 2153 τὰ
1923 2114 1984 2167 μὲν
2005 2115 2063 2155 ἐπὶ
2083 2117 2228 2170 θεωρίαν
2244 2123 2263 2148 ‘¹
2277 2118 2335 2158 καὶ
2351 2119 2408 2158 τὸν

1374 2175 1582 2226 θεωρητικὸν
1602 2173 1715 2226 βίον”
1698 2190 1770 2227 εχει
1786 2174 1889 2222 τὴν’
1871 2174 2068 2227 αναφοράν,
2084 2174 2129 2214 τὰ
2149 2175 2185 2214 δὲ
2204 2174 2261 2215 ἐπὶ
2285 2176 2408 2229 πραξιν
2436 2206 2443 2213 2

1373 2233 1433 2271 καὶ
1450 2233 1506 2272 τὸν
1525 2248 1717 2285 πρακτικον
1738 2231 1810 2283 βίον
1822 2263 1831 2281 ,
1849 2232 1955 2285 ἄμφω
1971 2232 2006 2271 δὲ
2021 2235 2131 2272 ταῦτα
2149 2234 2205 2272 ἐπὶ
2220 2235 2270 2287 τῷ
2282 2236 2409 2285 ὁμοιω·

1373 2294 1472 2339 θῆναι
1489 2293 1565 2344 θεῷ.
1619 2290 1697 2332 Ἵνα
1714 2291 1748 2329 δὲ
1764 2290 1805 2329 τὰ
1822 2290 1999 2329 ἐντεθέντα
2012 2296 2026 2313 ¹
2043 2291 2179 2344 ἄφυκτα
2196 2295 2282 2343 ἡμῖν
2297 2294 2407 2346 ὑπάρ-

1373 2366 1420 2403 χῃ
1432 2380 1442 2398 ,
1458 2355 1526 2394 τοῖς
1541 2353 1602 2389 τοῦ
1617 2351 1760 2401 λογικοῦ
1776 2353 1998 2402 χαρακτῆρος
2018 2350 2210 2402 διαλόγοις,
2231 2350 2326 2394 ὄντος
2346 2352 2406 2390 καὶ

1374 2412 1478 2448 αὐτοῦ
1498 2412 1707 2458 ζητητικοῦ,
1729 2409 1844 2455 δεήσει
1870 2408 2104 2461 ἐντυγχάνειν.
2161 2408 2313 2462 Ἔχουσι
2338 2409 2406 2464 γὰρ

1373 2467 1433 2511 τάς
1451 2484 1487 2506 τε
1504 2466 1712 2519 διαιρετικὰς
1728 2466 1788 2505 καὶ
1810 2467 1988 2518 ὃριστικὰς
2008 2467 2168 2519 μεθόδους
2182 2469 2242 2507 καὶ
2262 2469 2347 2522 πρός
2362 2485 2401 2521 γε

1371 2596 1506 2637 adipisci
1522 2595 1626 2636 possit
1682 2597 1790 2632 Quum
1810 2603 1886 2628 vero
1907 2595 2004 2627 etiam
2024 2595 2207 2628 divinarum
2226 2605 2334 2630 rerum
2348 2607 2406 2630 co-

1369 2654 1467 2696 gnitio
1502 2654 1644 2696 paranda
1673 2654 1734 2693 sit,
1768 2655 1805 2686 ut
1842 2653 1973 2686 virtutis
2003 2663 2136 2698 compos
2162 2655 2202 2689 iis
2233 2656 2405 2690 assimilari

1368 2714 1484 2753 queat,
1507 2712 1665 2745 Timaeum
1683 2711 1772 2745 adire
1791 2712 1838 2744 fas
1854 2713 1935 2752 erit,
1951 2712 1983 2744 in
2005 2721 2070 2754 quo
2085 2711 2252 2747 historiam
2275 2715 2404 2748 natura-

1368 2772 1428 2804 lcm
1445 2780 1482 2803 ac
1504 2771 1696 2813 theologiam
1716 2772 1750 2804 et
1770 2771 1914 2804 universi
1934 2771 2187 2814 descriptionem
2210 2780 2401 2815 cognoscen-

1367 2833 1417 2863 tes
1436 2840 1489 2863 res
1504 2831 1632 2863 divinas
1654 2830 1740 2863 clare
1759 2830 1971 2863 intuebimur.

1410 2891 1470 2921 IX.
1496 2890 1660 2923 Praeterea
1679 2890 1851 2922 Platonicae
1867 2889 2080 2931 philosophiae
2106 2889 2237 2923 futurus
2259 2892 2402 2924 sectator

1367 2949 1552 2982 summatim
1566 2948 1664 2982 etiam
1680 2949 1782 2990 possit
1799 2951 2026 2990 congruentem
2042 2948 2238 2992 dialogorum
2254 2950 2401 2984 ordinem

1367 3017 1406 3040 ex
1426 3007 1611 3050 philosophi
1626 3007 1771 3040 doctrina
1787 3016 1988 3048 cognoscere.
2033 3010 2142 3046 Quum
2161 3008 2246 3041 enim
2259 3011 2402 3043 contem-

1366 3066 1506 3107 platores
1519 3065 1617 3097 animi
1633 3064 1733 3096 nostri
1744 3089 1752 3104 ,
1766 3072 1876 3096 rerum
1894 3063 2088 3104 divinarum,
2105 3064 2249 3106 ipsorum
2261 3066 2400 3108 denique

1366 3124 1500 3156 deorum
1531 3123 1668 3156 evadere
1701 3121 1892 3162 debeamus,
1920 3123 1953 3154 et
1981 3122 2099 3155 bonam
2131 3126 2272 3158 mentem
2304 3125 2399 3158 nobis

1366 3190 1551 3223 comparare
1579 3195 1587 3213 2
1618 3179 1756 3222 primum
1784 3180 1914 3220 quidem
1948 3179 2073 3212 animus
2105 3187 2123 3213 a
2149 3185 2398 3223 praesumtarum

1364 3239 1549 3281 opinionum
1562 3238 1751 3272 commentis
1767 3237 1952 3279 purgandus
1965 3238 2026 3271 erit
2037 3250 2045 3279 ;
2063 3247 2168 3280 neque
2181 3241 2267 3272 enim
2280 3240 2399 3275 medici

1366 3298 1457 3339 prius
1476 3306 1594 3340 corpus
1609 3306 1627 3331 e
1643 3296 1758 3330 sumtis
1777 3296 1856 3329 cibis
1872 3296 2049 3337 quidquam
2069 3298 2229 3331 commodi
2244 3300 2399 3343 consequi

1366 3363 1460 3398 posse
1492 3355 1699 3397 existimant,
1725 3363 1822 3397 quam
1861 3355 2087 3397 impedimenta
2114 3366 2154 3390 ex
2192 3357 2249 3390 illu
2278 3358 2398 3393 fuerint

1365 3415 1481 3455 ejecta3
1498 3417 1628 3456 peracta
1646 3423 1724 3447 vero
1744 3414 1935 3456 purgatione
1952 3417 2025 3448 tum
2042 3416 2187 3449 notiones
2203 3417 2304 3451 menti
2320 3417 2396 3452 insi·
