2508 3776
270 167 350 205 548

268 312 397 364 φαῦλον
429 302 528 346 εἶναι.
552 309 604 347 Οὐ
624 307 690 360 γὰρ
714 309 832 362 φεύγει
855 311 873 346 ὁ
893 311 969 347 νοῦν
994 309 1083 362 ἔχων
1099 311 1162 359 τὴν
1182 314 1308 351 παιδι-

266 368 331 415 κὴν
349 367 457 414 ζωήν,
492 367 550 404 καὶ
582 367 621 405 τὸ
650 366 779 419 αὶσχρὰ
802 367 971 420 πράττειν
1001 368 1057 407 διὰ
1087 369 1151 417 τὴν
1184 372 1310 411 ἐκεῖθεν

266 427 410 474 ἡδονήν,
446 426 537 463 ἀλλά
571 424 659 463 αὐτὰ
695 426 737 463 δι’
768 427 875 464 ἑαυτά
904 426 956 464 ὅτι
979 429 1110 480 φευκτά
1132 431 1230 470 εἰσιν.

319 485 335 501 *
349 484 456 524 Ἐπεὶ
474 485 536 522 καὶ
552 484 668 523 πολλὰ
685 485 768 536 πρὸς
778 484 905 532 ἡδονὴν
915 486 1066 539 φέροντα
1082 488 1252 540 διώκομεν
1273 491 1311 527 οὗ

264 543 320 582 διὰ
340 543 402 590 τὴν
423 543 563 591 ἡδονήν,
583 544 662 580 ἀλλ’
681 543 733 581 ὅτι
752 544 839 581 αὐτὰ
855 545 897 582 δι’
921 545 1028 583 ἑαυτά
1058 549 1145 586 εἰσιν
1171 548 1310 600 αἱρετοί·

263 603 302 642 τὸ
323 603 390 656 γὰρ
418 606 517 656 ὁρᾷν,
540 602 601 641 καὶ
639 602 891 654 μνημονεύειν,
911 603 972 642 καὶ
998 604 1146 654 εἷδὲναι,
1169 607 1229 645 καὶ
1251 607 1312 652 τὰς

264 661 387 713 ἀρετὰς
417 661 510 714 ἔχειν
546 661 710 712 ἑλοίμεθα
733 662 799 711 ἄν,
829 662 890 701 καὶ
907 665 937 702 εἷ
960 664 1137 717 μηδεμίαν
1155 665 1311 720 ἐπιφέροι

262 721 412 769 ἡδονήν·
441 723 471 760 εἶ
505 722 534 759 δ’
559 721 592 766 ἐξ
630 721 786 773 ἀνάγκης
827 722 969 762 ἕπονται
1007 723 1138 769 τούτοις
1176 726 1310 778 ἡδοναί,

263 781 360 820 οὐδὲν
382 781 536 834 διαφέρει
552 797 561 806 ·
582 782 792 833 βουλοίμεθα
810 782 878 835 γὰρ
896 783 936 821 ἂν
954 788 1065 823 ταῦτα
1080 787 1165 835 ἡμῖν
1180 787 1310 834 αὐτοῖς,

262 840 320 878 καὶ
340 841 370 878 εἶ
392 839 549 891 μηδεμία
571 839 696 891 γένοιτ’
723 840 765 878 ἂν
798 842 858 879 ἀπ’
879 843 992 880 αὐτῶν
1015 843 1140 891 ἡδονή·
1170 843 1223 882 ὅτι
1249 845 1311 894 μὲν

262 894 319 938 οὖν
339 902 378 938 οὗ
397 906 496 938 πᾶσα
515 899 623 947 ἡδονὴ
654 900 790 954 αἱρετὸν
823 902 884 940 καὶ
916 902 1047 954 ἀγαθόν
1062 931 1072 950 ,
1094 903 1154 941 καὶ
1172 902 1225 942 ὅτι
1246 903 1313 942 εἶσί

261 976 351 1004 τινες
372 959 506 1013 αἱρεταὶ
521 966 536 983 ⁰
564 958 773 1003 καθ’ἑαυτὰς
807 959 1032 1013 διαφέρουσαι
1071 963 1120 1014 τῷ
1144 960 1226 1000 εἴδει
1243 964 1310 1000 τῶν

262 1018 472 1072 φαύλων,ἢ
505 1020 580 1062 ταῖς
601 1018 728 1062 αἰτίαις
751 1018 827 1058 ὅθεν
862 1018 1033 1071 γίνονται,
1067 1021 1171 1068 δῆλον
1203 1020 1313 1060 ἔοικεν

260 1071 364 1119 εἶναι.

315 1137 480 1188 (Scripsi
503 1143 544 1174 :³²
568 1136 730 1189 ἕκαστος]
749 1137 831 1177 cod.
855 1136 1019 1178 ἕκαστον.
1043 1160 1096 1170 -
1112 1140 1130 1163 ¹’
1156 1138 1309 1191 οὗκέτι],

262 1196 350 1235 cod.
370 1197 433 1234 οὐκ
454 1195 521 1235 ἔτι.
541 1218 594 1225 -·
609 1201 623 1218 ⁶
644 1196 716 1234 οὐδ’
735 1195 803 1248 ἂν]
824 1197 910 1237 cod.
931 1198 970 1235 οὐ
991 1197 1020 1235 δ’
1041 1198 1097 1236 ἃν.
1120 1197 1198 1227 —d
1216 1198 1308 1251 οὐδὲ]

262 1255 348 1292 cod.
373 1252 464 1293 οὔτε.
485 1260 564 1283 -0
586 1254 784 1306 βραδυτής]
809 1256 889 1293 vid.
917 1257 1128 1296 Herodian.
1158 1258 1308 1307 ἐπιτομὴ

259 1316 322 1360 τ’ῆς
337 1314 523 1359 καθολικῆς
542 1313 740 1366 προσῳδίας
762 1327 803 1365 p.
828 1315 878 1351 30
899 1315 961 1353 ed.
987 1315 1188 1362 Schmidt3
1219 1315 1307 1355 cod.

262 1371 448 1423 βραδύτης.
474 1394 527 1402 -—
542 1373 554 1397 f
573 1371 767 1425 βραδυτὴς]
800 1373 886 1412 cod.
920 1374 1108 1424 βραδύτης.
1142 1395 1193 1402 -
1211 1379 1229 1401 ⁸
1248 1375 1310 1411 οὐ-

259 1430 360 1481 κέτι]
384 1430 470 1469 cod.
490 1430 634 1469 οὐκέτι.
654 1451 706 1459 —-
723 1432 740 1455 ¹¹
755 1433 964 1483 ταχυτῆτος]
995 1433 1075 1471 vid.
1097 1431 1307 1470 Herodian.

260 1490 287 1529 Ι.
311 1504 362 1537 ο.;
382 1489 470 1527 cod.
490 1488 786 1541 ταχύτητος.--ἰ
808 1489 1051 1542 βραδυτῆτος]
1077 1491 1162 1529 cod.
1182 1490 1309 1542 βραδύ·

263 1563 374 1596 τητος.
398 1571 451 1577 -
471 1549 489 1570 k
505 1550 664 1598 μνῆμαι]
691 1548 780 1588 cod.
818 1551 973 1599 μνήμαι.
1006 1547 1082 1577 —¹
1105 1547 1193 1595 εἰσὶ]
1221 1550 1307 1587 cod.

259 1607 358 1647 εἰσὶν.
379 1629 432 1637 -
445 1613 472 1631 ¹¹¹
486 1606 681 1661 ἀδικεῖται]
704 1608 791 1648 cod.
819 1609 1007 1648 ἀδικειται.
1036 1630 1084 1637 -—
1105 1619 1123 1636 ¹²
1140 1607 1227 1647 ἄλλο
1247 1608 1308 1662 τι]

259 1667 345 1706 cod.
370 1666 458 1705 ἀλλό
476 1682 523 1706 τι.
538 1687 591 1696 -
604 1672 620 1691 ⁰
637 1668 791 1719 αἱρεταὶ]
814 1667 938 1717 vulgo
961 1667 1099 1719 ἀρεταὶ.
1115 1690 1167 1698 —-

704 1782 795 1834 Κεφ.
817 1780 865 1830 γ’.

436 1895 513 1936 Περὶ
533 1898 591 1927 τοῦ
605 1894 652 1926 ὅτι
668 1895 727 1926 οὐκ
748 1894 816 1926 ἔστι
831 1894 953 1932 κίνησις
968 1896 988 1933 ἡ
1012 1894 1125 1932 ἡδονή.

313 1993 345 2010 **
359 1994 414 2032 Τὰ
431 1993 491 2044 μὲν
500 1989 556 2033 οὖν
573 1994 746 2044 λεγόμενα
758 1994 836 2046 περὶ
855 1996 981 2042 ἡδονῆς
990 1994 1048 2033 καὶ
1065 1993 1178 2042 λύπης
1195 1993 1307 2032 ταῦτά

257 2054 349 2090 ἐστιν
363 2067 371 2076 ·
384 2054 554 2100 ζητοῦμεν
571 2052 606 2090 δὲ
622 2053 690 2100 ἥδη
701 2052 781 2104 περὶ
795 2055 900 2100 αὐτῆς
915 2053 950 2092 τί
964 2055 1071 2102 ἐστιν,
1089 2053 1111 2100 ἢ
1135 2052 1234 2091 ποῖόν
1253 2068 1303 2090 τι·

257 2116 356 2150 τοῦτο
371 2111 405 2149 δὲ
427 2111 552 2163 γένοιτ’
576 2111 618 2151 ἂν
640 2112 839 2161 καταφανὲς
857 2110 988 2150 ἄνωθεν
1006 2111 1226 2151 ἀναλαῧοῢσι
1247 2111 1304 2150 τὸν

256 2168 373 2221 λόγον.
387 2168 494 2208 Ἔστι
508 2170 767 2217 τοίνυνήἡδονὴ
784 2171 916 2210 τελεία.
928 2170 999 2209 Καὶ
1018 2171 1177 2221 καθάπερ
1192 2169 1306 2222 ἠὸρα-

257 2243 308 2272 σις
325 2230 403 2266 καθ’
422 2231 599 2267 ὁντιναοῦν
618 2229 742 2281 χρόνον
764 2229 880 2267 τελεία
897 2229 982 2277 ἐστί,
1002 2230 1060 2269 καὶ
1081 2232 1141 2268 οὐκ
1156 2229 1229 2268 ἔστι
1240 2231 1305 2267 λα·

258 2286 330 2325 δεῖν
355 2286 456 2338 μέρος
470 2291 529 2326 τοῦ
547 2289 582 2326 ἐν
602 2290 652 2340 τῷ
664 2290 746 2341 ὃρᾷν
764 2287 890 2340 χρόνου
906 2290 982 2327 καθ’
1003 2288 1040 2327 ὃν
1057 2288 1206 2340 γίνεται,
1228 2289 1305 2327 ἀλλ’

256 2345 290 2382 ἐν
307 2346 357 2397 τῷ
374 2344 466 2398 ὅλῳ’
490 2347 524 2384 ἐν
545 2345 612 2398 γὰρ
631 2341 769 2399 ἑκάστῳ
787 2345 887 2399 μέρει
911 2347 1036 2394 ἀτελής
1053 2349 1146 2385 ἐστιν
1165 2351 1187 2395 ἡ
1210 2347 1306 2395 κίνη-

256 2419 321 2450 σις,
336 2403 395 2442 καὶ
407 2404 509 2456 ἑτέρα
521 2407 570 2456 τῷ
591 2404 674 2443 εἴδει
687 2421 695 2429 ·
717 2405 760 2444 τὰ
776 2407 843 2459 γὰρ
863 2406 951 2457 μέρη
962 2410 1023 2453 τῆς
1042 2405 1211 2454 κινήσεως
1227 2408 1303 2444 δια-

257 2462 419 2514 φέρουσι,
443 2463 502 2501 καὶ
523 2467 582 2510 τῆς
602 2463 685 2511 ὅλης
705 2464 873 2511 κινήσεως
897 2464 957 2503 καὶ
976 2464 1155 2512 ἀλλήλων,
1183 2462 1302 2516 ὥσπερ

257 2521 314 2556 ἐπὶ
333 2522 394 2566 τῆς
414 2521 633 2571 οἰκοδομίας·
666 2524 727 2568 τῆς
750 2521 817 2575 γὰρ
849 2524 932 2570 ὅλης
956 2523 1139 2570 ποιήσεως,
1157 2522 1238 2576 φέρε
1255 2523 1303 2560 εἷ-

256 2580 356 2626 πεῒν,
376 2582 435 2616 τοῦ
452 2582 534 2616 ναοῦ
557 2579 658 2631 ἑτέρα
688 2582 710 2626 ἡ
731 2582 798 2618 τῶν
823 2581 927 2620 λίθών
946 2581 1081 2626 σύνεσις
1098 2613 1109 2634 ,
1129 2581 1190 2620 καὶ
1210 2581 1302 2629 ἄλλη

256 2639 278 2682 ἡ
292 2639 361 2674 τῶν
380 2636 502 2675 κιόνων
523 2638 722 2685 κατασκευή
738 2643 766 2686 ⁸,
784 2640 844 2677 καὶ
862 2640 1061 2694 διαφέρουσι
1077 2641 1162 2693 πρός
1180 2656 1219 2679 τε
1239 2641 1303 2678 ἀλ-

256 2693 366 2740 λήλας
386 2695 445 2733 καὶ
468 2696 552 2747 πρὸς
575 2696 637 2742 τὴν
658 2697 742 2744 ὅλην
766 2699 965 2749 οἰκοδομίαν
982 2712 991 2720 ·
1015 2703 1035 2747 ἡ
1074 2698 1138 2750 μὲν
1157 2699 1223 2752 γὰρ
1243 2714 1302 2736 τε-

255 2753 333 2791 λεία
346 2768 355 2777 ·
370 2755 430 2792 καὶ
449 2754 516 2806 γὰρ
532 2756 665 2800 οὐδενὸς
693 2758 845 2796 ἐλλείπει
866 2762 933 2797 τῶν
954 2758 1118 2798 δεόντων·
1143 2762 1164 2805 ἡ
1187 2759 1223 2796 δὲ
1241 2760 1301 2805 τῆς

258 2813 426 2864 κρηπῖδος
444 2814 504 2851 καὶ
521 2820 579 2853 τοῦ
600 2816 786 2868 τριγλύφου
806 2817 950 2863 ἀτελής·
971 2819 1095 2870 μέρους
1114 2817 1182 2869 γὰρ
1207 2818 1303 2857 οἷκο-

257 2871 403 2920 δόμησις
428 2872 589 2924 ἑκατέρα.
613 2876 673 2926 Τῷ
694 2874 778 2913 εἴδει
800 2869 858 2914 οῧν
881 2877 1103 2930 διαφέρουσι,
1132 2876 1192 2916 καὶ
1215 2877 1301 2920 ὅλως

256 2931 319 2968 οὐκ
340 2930 433 2968 ἔστιν
450 2933 485 2970 ἐν
518 2934 646 2985 ὁτῳοῦν
663 2934 788 2985 χρόνου
812 2936 909 2988 μέρει
924 2967 935 2987 ,
952 2936 1111 2982 δηλονότι
1132 2939 1192 2974 τοῦ
1209 2935 1301 2974 κατὰ

256 2988 391 3037 κίνησιν
404 2990 529 3042 χρόνου
541 3021 550 3038 ,
573 2991 708 3030 τελείαν
729 2993 851 3032 λαὸεῖν
877 2995 1032 3041 κίνησιν·
1056 2994 1147 3034 κατὰ
1161 2994 1199 3033 τὸ
1217 2988 1302 3038 εἶδος

256 3046 274 3085 ὃ
297 3049 453 3094 ζητεῖται
469 3051 504 3087 ἐν
515 3052 557 3101 τῇ
579 3051 694 3102 τελείᾳ
707 3052 863 3102 κινήσει,
888 3053 964 3091 ἀλλ’
979 3055 1013 3091 ἐν
1028 3056 1078 3104 τῷ
1097 3052 1168 3106 ὅλῳ
1186 3053 1300 3106 χρόνῳ

255 3106 405 3154 ἡτελεία
425 3107 559 3155 κίνησις
581 3109 688 3147 ἀποτε
701 3110 827 3149 λεῖται.
849 3110 1002 3160 Ὁμοίως
1024 3111 1059 3150 δὲ
1069 3111 1141 3164 ἔχει
1161 3112 1221 3150 καὶ
1240 3111 1299 3150 ἐπὶ

258 3166 426 3217 βαδίσεως
455 3165 515 3205 καὶ
538 3170 606 3206 τῶν
627 3168 759 3206 λοιπῶν
780 3169 965 3216 κινήσεων.
991 3171 1063 3209 Καὶ
1081 3172 1147 3223 γὰρ
1168 3174 1190 3218 ἡ
1212 3170 1300 3222 φορὰ

256 3225 403 3278 διάφορα
426 3225 500 3274 εἴδη
528 3227 696 3273 κινήσεως
720 3227 889 3280 περιέχει.
915 3229 987 3267 Καὶ
1005 3229 1071 3281 γὰρ
1094 3230 1217 3277 ἄλο-ις,
1240 3245 1300 3267 και

255 3286 401 3332 πτῆσις,
423 3284 483 3322 καὶ
499 3285 655 3337 βάδισις,
677 3287 906 3339 πᾶσαιφοραὶ
926 3287 987 3338 μέν
1000 3289 1080 3335 εἷσι,
1099 3287 1298 3340 διαφέρουσι
1329 3319 1334 3332 ,

1092 137 1372 207 ANDRONicl
1407 166 1585 207 Rfloml

269 254 324 291 διὰ
349 251 441 304 βίου·
462 250 519 288 διὰ
683 250 719 290 δὲ
749 249 894 301 Οὐδεμία
925 249 1059 303 ἀνάγκη
1090 253 1154 300 τὴν
1176 255 1302 303 ἡδονὴν
1340 259 1571 342 ’.ξεῐῗξιεὲεῑῖῆ
1591 260 2415 346 ¹¹51esszn‘zfflewgaseeetaa[jarim
2430 268 2448 280 ²
2502 295 2506 303 ·

1374 342 1427 374 sit.
1459 343 1572 383 Neque
1595 341 1681 373 enim
1701 343 1751 374 vir
1794 342 1915 375 rudens
1932 343 2035 375 vitam
2064 345 2223 386 puerilem
2255 349 2288 379 et
2306 347 2416 389 turpia

1375 382 1461 415 facta
1478 383 1520 415 ob
1540 382 1743 424 voluptatem
1770 383 1846 416 inde
1863 384 2116 426 percipiendam,
2139 387 2195 419 sed
2215 387 2285 430 ipsa
2309 396 2368 430 per
2380 397 2415 421 se

1374 424 1467 466 fugit,
1494 424 1573 466 quia
1588 422 1742 465 fugienda
1763 427 1854 457 sunt.

1418 485 1501 516 Nam
1528 483 1627 515 etiam
1656 483 1762 516 multa
1778 493 1854 526 quae
1880 484 1922 517 ad
1949 485 2152 527 voluptatem
2172 486 2285 520 ferunt
2303 497 2417 531 perse-

1374 543 1518 584 quimur,
1546 552 1611 575 non
1630 542 1671 574 oh
1688 543 1906 586 voluptatem,
1927 543 1984 577 sed
2000 545 2079 587 quia
2096 545 2167 587 ipsa
2187 555 2246 588 per
2267 556 2303 580 se
2316 555 2416 591 expe-

1374 601 1473 634 tenda
1501 603 1580 634 sunt
1600 602 1747 644 :quippe
1775 602 1897 642 videre,
1927 603 2124 643 meminisse,
2150 604 2233 638 scire
2257 607 2291 638 et
2305 605 2415 639 virtu-

1375 649 1465 693 tibus
1498 669 1569 694 esse
1607 661 1738 703 praediti
1767 661 1917 700 velimus,
1942 662 2070 695 etiamsi
2102 672 2140 695 ea
2161 663 2287 696 nuliam
2323 663 2417 698 nobis

1376 718 1515 752 afferant
1540 720 1743 762 voluptatem
1777 734 1785 754 ι
1808 730 1888 754 num
1905 723 2016 754 autem
2044 722 2230 755 necessario
2249 721 2303 756 his
2320 723 2417 756 volu-

1375 778 1483 818 ptates
1515 777 1703 817 succedant,
1732 778 1814 810 nihil
1844 779 1980 812 interest
2007 780 2128 822 :quia
2151 780 2283 815 etiamsi-
2308 790 2351 814 ex
2374 780 2416 814 iis

1375 838 1465 870 nulla
1504 838 1658 881 voluptas
1697 839 1886 882 accipiatur,
1936 843 2047 874 tamen
2090 842 2163 874 haec
2199 842 2292 876 nobis
2337 841 2418 885 ipsis

1375 899 1567 939 exoptemus
1590 911 1597 930 ε
1619 907 1683 930 non
1710 907 1781 931 esse
1807 899 1908 941 igitur
1935 909 2064 932 omnem
2090 901 2296 944 voluptatem
2317 909 2418 944 expe-

1375 956 1509 989 tendam
1526 958 1558 989 et
1577 957 1711 996 bonum,
1729 959 1967 1001 nonnullasque
1986 963 2044 1002 per
2061 969 2095 993 se
2115 960 2315 1003 expetendas
2331 969 2414 1002 esse;

1376 1015 1428 1048 vel
1448 1015 1554 1058 specie
1582 1016 1635 1049 vel
1659 1017 1769 1050 causis
1796 1027 1837 1050 ex
1869 1018 1990 1060 quibus
2013 1018 2166 1052 oriuntur
2187 1020 2230 1053 ab
2259 1019 2418 1062 improbis

1374 1073 1577 1116 differentes,
1595 1075 1804 1118 perspicuum
1822 1076 1958 1110 videtur
1976 1087 2057 1111 esse.

1817 1795 1894 1837 Cap.
1918 1797 1976 1828 ΙΙΙ.

1644 1907 1837 1944 voluptatem
1852 1916 1915 1936 non
1930 1916 1995 1937 esse
2009 1913 2138 1938 motum.

1413 1994 1580 2025 Hactenus
1597 2001 1636 2024 ea
1652 2001 1728 2034 quae
1757 1992 1799 2025 de
1821 1994 1992 2035 voluptate
2015 2004 2054 2027 ac
2081 1995 2195 2028 dolore
2219 1996 2375 2029 dicuntur
2405 2011 2413 2030 ε

1367 2051 1436 2093 Jam
1458 2060 1538 2084 vero
1558 2051 1620 2093 ipsi
1645 2051 1727 2093 quid
1759 2052 1802 2084 sit
1830 2054 1889 2085 aut
1915 2052 2023 2094 qualis
2048 2062 2101 2087 res
2123 2054 2176 2093 sit,
2195 2055 2381 2089 videbimus
2399 2068 2429 2100 ε,

1367 2110 1458 2152 quod
1487 2110 1623 2153 planum
1650 2110 1717 2151 fiet,
1743 2111 1769 2143 si
1790 2112 1888 2152 paulo
1916 2112 2017 2145 altius
2042 2112 2300 2155 disputationem
2323 2123 2414 2157 repe-

1368 2170 1552 2202 tiverimus.
1580 2171 1640 2202 Est
1670 2178 1747 2210 ergo
1766 2170 1922 2212 voluptas
1948 2170 2104 2213 perfecta.
2127 2174 2171 2205 Et
2201 2173 2416 2215 quemadmo-

1368 2227 1449 2260 dum
1480 2228 1600 2270 quovis
1630 2230 1775 2270 tempore
1801 2228 1967 2271 perfectus
1998 2232 2050 2263 est
2079 2230 2181 2270 visus,
2209 2240 2316 2275 neque
2338 2241 2416 2274 pars

1371 2287 1530 2329 temporis
1560 2297 1628 2330 quo
1654 2287 1806 2320 videmus
1824 2287 1910 2320 sumi
1935 2290 2054 2330 potest,
2083 2298 2152 2331 quo
2178 2290 2335 2323 nimirum
2358 2291 2415 2329 fiat

1369 2346 1463 2385 illud,
1492 2346 1550 2379 sed
1579 2347 1667 2379 omni
1687 2350 1832 2391 tempore
1856 2347 1965 2380 locum
1983 2348 2084 2382 habet
2107 2361 2115 2381 ι
2135 2349 2170 2382 in
2189 2351 2309 2392 quavis
2327 2351 2413 2384 enim

1368 2407 1463 2447 parte
1478 2405 1690 2447 imperfectus
1709 2408 1759 2439 est
1771 2409 1882 2439 motus
1899 2410 1933 2440 et
1953 2407 2062 2449 specie
2075 2410 2270 2450 separatusz
2293 2410 2415 2452 quippe

1367 2466 1478 2496 motus
1507 2466 1618 2505 partes
1639 2466 1711 2496 tum
1738 2474 1757 2497 a
1783 2467 1853 2497 toto
1874 2467 1977 2504 motu,
2002 2467 2075 2498 tum
2103 2466 2240 2509 singulae
2269 2467 2356 2501 inter
2378 2477 2414 2501 se

1368 2521 1538 2562 differunt,
1579 2523 1664 2556 sicut
1697 2524 1732 2556 in
1759 2524 1974 2558 aedificatione
1997 2537 2005 2558 ι
2039 2525 2143 2559 totius
2174 2526 2262 2560 enim
2283 2528 2410 2570 operis,

1369 2583 1508 2625 exempli
1534 2583 1654 2624 gratia,
1676 2584 1790 2625 templi
1816 2583 1880 2616 alia
1915 2586 1965 2616 est
1994 2584 2141 2626 lapidum
2162 2587 2410 2628 coagmentatio,

1369 2642 1433 2674 alia
1450 2642 1677 2674 columnarum
1698 2642 1900 2682 exstructio,
1928 2651 2004 2684 quae
2032 2643 2169 2685 quidem
2196 2645 2283 2678 inter
2318 2654 2354 2678 se
2381 2647 2414 2678 et

1366 2713 1385 2736 a
1403 2706 1473 2736 tota
1491 2702 1649 2736 differunt
1665 2701 1787 2734 fabrica
1805 2714 1812 2733 :
1829 2701 1886 2734 illa
1907 2701 1994 2734 enim
2007 2704 2059 2734 est
2071 2701 2216 2744 perfecta
2235 2704 2412 2746 :quoniam

1367 2762 1458 2794 nulla
1480 2770 1516 2793 re
1544 2758 1726 2793 necessaria
1750 2758 1903 2790 deficitur
1927 2771 1934 2790 :
1954 2761 1989 2792 at
2007 2769 2085 2792 vero
2102 2760 2191 2793 basis
2209 2762 2242 2794 et
2256 2761 2412 2803 triglyphi

1365 2823 1490 2855 fabrica
1520 2821 1628 2854 adhuc
1665 2818 1854 2861 imperfecta
1894 2821 1944 2852 est
1973 2832 1981 2852 :
2014 2822 2156 2863 utraque
2185 2821 2273 2854 enim
2308 2822 2411 2864 partis

1367 2885 1533 2916 structura
1559 2883 1620 2914 est.
1644 2877 1814 2912 Differunt
1833 2887 1909 2919 ergo
1925 2879 2041 2920 specie,
2058 2880 2255 2923 omninoque
2270 2881 2340 2914 fieri
2357 2891 2412 2915 ne-

1365 2942 1448 2984 quit¹
1467 2941 1556 2974 utin
1574 2940 1642 2972 ulla
1659 2937 1817 2980 temporis
1837 2939 1940 2979 parte,
1961 2938 2051 2980 quod
2066 2938 2201 2980 quidem
2223 2942 2334 2972 motus
2357 2950 2411 2973 re·-

1365 3003 1479 3044 spectu
1496 2999 1628 3037 dicitur,
1648 2999 1760 3030 motus
1776 2996 1880 3038 specie
1899 2995 2065 3039 perfectus
2087 3000 2247 3036 sumatur,
2272 2998 2362 3040 quod
2376 2999 2410 3031 in

1362 3062 1457 3093 motu
1481 3057 1627 3102 perfecto
1652 3055 1825 3098 quaeritur,
1845 3054 1903 3088 sed
1918 3057 1988 3087 toto
2009 3056 2114 3088 omnis
2131 3056 2288 3098 temporis
2304 3057 2409 3099 spatio

1364 3118 1530 3162 perfectus
1546 3116 1688 3149 efficitur
1700 3116 1821 3146 motus.
1837 3114 1960 3146 Eadem
1972 3111 2106 3156 quoque
2120 3114 2268 3147 incessus
2284 3117 2318 3147 et
2331 3115 2409 3147 reli-

1362 3188 1504 3221 quorum
1521 3178 1674 3209 motuum
1690 3173 1775 3206 ratio
1786 3174 1846 3206 est.
1865 3172 2020 3205 Diversas
2033 3172 2153 3215 quippe
2165 3175 2317 3206 motuum
2334 3183 2407 3216 spe-

1365 3237 1431 3270 cies
1447 3237 1481 3269 in
1508 3236 1550 3268 iis
1576 3233 1721 3267 continet
1743 3231 1805 3263 loci
1829 3231 1980 3264 mutatio.
2005 3231 2117 3264 Saltus
2145 3231 2248 3271 enim,
2276 3233 2408 3265 volatus

1361 3300 1394 3330 et
1413 3297 1580 3338 ingressus
1604 3303 1716 3327 omnes
1735 3290 1870 3333 quidem
1900 3289 1963 3323 loci
1997 3289 2197 3324 mutationes
2225 3293 2318 3330 sunt,
2349 3291 2407 3324 sed

337 3402 411 3442 Περὶ
429 3402 535 3434 πολλά
548 3413 583 3434 τε
607 3403 749 3441 σπουδὴν
767 3404 836 3436 κτλ.
853 3421 894 3427 ——-
908 3402 944 3422 **
964 3403 1042 3445 Cap.
1064 3407 1095 3437 4.
1121 3405 1158 3438 Τί
1173 3407 1200 3437 δ’
1215 3404 1304 3438 ἐστὶν
1317 3409 1336 3446 ἢ
1356 3407 1448 3440 ποῖόν
1464 3419 1514 3447 τι,
1531 3408 1810 3449 καταφανέστερον
1829 3409 1897 3440 κτλ.
