2508 3776
265 239 346 279 310

263 328 327 372 τῆς
349 324 570 374 εὐδαιμονίας
591 323 711 376 ἔχουσι
726 323 838 369 δόξας.
895 324 1076 373 Ἕκαστος
1089 328 1205 369 τοίνυν
1223 333 1305 370 ἀκο-

263 383 392 427 λούθως
422 384 472 436 τῷ
509 382 626 434 οἰκείῳ
667 381 736 435 βίῳ
774 381 838 431 τὴν
871 385 1092 438 εὐδαιμονίαν
1128 389 1299 442 ὁρίζεται·

1094 241 1375 284 ANDRONICI
1404 244 1584 287 RHODIl

1364 337 1543 380 opiniones.
1589 339 1739 377 Quorum
1757 347 1817 382 pro
1830 339 1889 374 illo
1900 342 1991 384 quod
2009 343 2129 387 singuli
2144 345 2207 379 sibi
2226 327 2408 381 constitue*-

1338 394 1340 433 ξ
1363 395 1442 426 runt
1461 393 1571 427 aetatis
1587 393 1746 435 degendae
1767 403 1904 437 genere,
1924 396 2115 433 felicitatem
2137 400 2300 435 definiunt
2318 413 2326 434 z
2347 401 2410 437 ito-

262 443 354 481 ὥστε
383 441 443 480 καὶ
471 443 503 480 οἱ
522 441 648 480 πολλοὶ
669 442 728 481 καὶ
751 442 941 483 ἀκόλαστοι
969 445 1034 493 τὴν
1067 448 1193 495 ἡδονήν
1217 464 1303 502 φασι
1338 444 1339 486 ἦ
1362 457 1429 489 que
1457 450 1491 480 ⁰¹2
1512 447 1633 490 VUlgUS
1662 449 1832 483 hominum
1849 452 1882 484 θῐ
1897 451 1956 494 (lui
1977 455 2055 486 ⁸111st
2068 454 2324 498 intemperantes
2348 465 2408 490 vo-

263 500 326 547 τὴν
351 499 572 550 εὐδαιμονίαν
607 492 714 539 εἶναι·
738 501 795 539 διὰ
814 505 917 541 τοῦτο
948 504 1009 542 καὶ
1027 503 1088 544 τὸν
1119 506 1193 558 βίον
1214 508 1304 558 ἀγα-

262 562 355 598 πῶσι
374 558 433 597 τὸν
454 558 727 599 ἀπολαυστικόν.

1338 533 1340 542 ,
1363 503 1529 543 luptatem
1545 503 1660 537 dicunt
1679 504 1872 539 felicitatem
1889 516 1959 540 esse
1976 518 1985 540 ι
2001 507 2141 552 ideoque
2156 510 2259 544 vitam
2273 520 2408 555 quoque

786 562 833 600 Οἱ
854 561 923 614 γὰρ
942 564 1120 602 neopum),
1146 564 1213 616 βίοι
1233 565 1302 616 μά,
1338 550 1340 610 J
1365 559 1589 602 voluptariam
1607 560 1861 603 amplectuntur.
1908 563 1993 595 Sunt
2009 563 2095 596 enim
2121 565 2184 597 tria
2202 566 2406 608 potissimum

259 620 362 659 λιστα
381 623 470 671 τρεῖς
492 620 596 657 εἰσιν·
621 618 641 656 ὅ
659 634 695 657 τε
714 620 792 658 καθ’
811 620 937 668 ἡδονήν
950 651 961 670 ,
977 620 1037 659 καὶ
1057 624 1076 660 ὃ
1094 622 1303 674 πολιτικός,-
1338 660 1340 683 γ
1363 616 1523 674 ΡΪῚΡΒΨΒ
1540 614 1619 676 Ὺξῑω
1632 624 1750 677 g‘Jnem
1762 642 1769 655 ’
1785 626 1890 650 unum
1907 617 2135 679 V⁰¹¹¹Ptatffb¹¹⁸
2151 618 2297 662 Plenum
2315 620 2407 655 ‘und

259 676 319 715 καὶ
341 675 456 729 τρίτος
488 678 506 714 ὁ
538 676 760 728 θεωρητικός.
817 676 863 717 ‘0
896 679 958 729 μὲν
982 673 1041 717 οὖν
1062 682 1200 733 πρῶτος
1231 682 1303 734 βίος
1337 692 1340 720 l
1364 667 1477 706 civile,
1496 669 1633 702 tertium
1653 678 1689 702 1n
1716 678 1829 703 rerum
1859 671 2133 714 contemplatione
2163 674 2197 706 et
2224 673 2407 716 cognittone

260 734 354 774 οὐδὲν
384 734 475 787 ἱερόν
491 750 499 759 ·
525 735 805 788 ἀνδραποδώδεις
828 737 896 790 γὰρ
928 738 1090 783 ἐπιεικῶς
1116 742 1148 779 οἱ
1179 745 1300 780 τοῦτον

262 793 463 841 διώκοντες,
492 794 556 833 καὶ
576 794 812 847 βοσκημάτων
835 799 953 848 βιοῦσι
979 797 1069 850 βίον.
1128 798 1245 851 Λόγου
1264 799 1302 839 δέ

260 869 351 898 τινος
370 853 458 898 ὅλως
475 852 566 899 ἄξιος
579 853 761 907 φαίνεται,
775 854 831 895 διὰ
847 855 885 894 τὸ
902 856 1052 902 πολλοὺς
1069 859 1138 897 τῶν
1156 860 1190 896 ἐν
1210 858 1302 904 ἐξου-

259 913 352 957 σίαις
371 917 491 952 τοῦτον
514 913 738 967 αἱρουμένους
759 913 818 953 τὸν
842 914 934 967 βίον,
956 917 1182 968 ὁμοιοπαθεῖν
1205 920 1300 971 Σαρ-

258 974 465 1026 δαναπάλῳ.

310 1031 332 1053 *
343 1032 414 1073 Τὸν
432 1031 468 1070 δὲ
479 1030 637 1084 δεύτερον
655 1033 685 1071 οῖ
698 1031 854 1085 βελτίους
868 1035 936 1072 τῶν
952 1033 1143 1087 ἀνθρώπων
1165 1037 1300 1088 αἱροῦν-

257 1106 337 1140 ται,
368 1090 430 1130 καὶ
450 1090 484 1130 οἳ
502 1090 563 1135 τὰς
595 1090 728 1143 ἀγαθὰς
760 1091 942 1136 διώκοντες
971 1093 1113 1146 πράξεις
1135 1098 1301 1146 ἡγοῦνται

257 1149 321 1198 τὴν
341 1149 446 1201 τιμήν
462 1166 471 1175 ·
493 1149 617 1202 σχεδὸν
642 1149 709 1203 γὰρ
731 1154 792 1189 τοῦ
820 1152 1002 1190 πολιτικοῦ
1032 1153 1108 1205 βίου
1141 1153 1182 1192 τὸ
1205 1153 1301 1198 τέλος

256 1268 342 1319 τιμή
364 1269 453 1308 ἐστι.
511 1270 684 1308 Φαίνεται
706 1267 765 1316 δέ,
787 1267 840 1307 ὅτι
856 1270 894 1307 οὐ
915 1268 1016 1308 τοῦτο’
1036 1271 1109 1308 ἐστι
1130 1271 1169 1309 τὸ
1189 1269 1301 1324 ἔσχα-

256 1386 476 1440 φαινομὲνων
497 1387 651 1437 ἀγαθῶν.
711 1387 765 1426 Τὸ
785 1386 854 1439 γὰρ
875 1387 1012 1433 ἀληθῶς
1036 1387 1183 1439 ἀγαθόν,
1205 1387 1248 1426 δι’
1263 1382 1302 1427 οὗ

255 1461 305 1489 τις
326 1446 547 1496 εὐδαιμονεῖ,
584 1446 618 1483 ἐν
643 1448 739 1498 αὐτῷ
770 1446 821 1483 δεῖ
844 1438 952 1483 εἶναι·
989 1447 1012 1492 ἡ
1048 1445 1084 1484 δὲ
1110 1446 1197 1498 τιμὴ
1236 1449 1301 1485 οὐκ

255 1504 348 1544 ἔστιν
371 1505 406 1542 ἐν
431 1506 480 1556 τῷ
500 1504 711 1558 τιμωμένῳ,
735 1502 827 1543 ἀλλὰ
850 1504 984 1554 μᾶλλον
1006 1506 1039 1544 ἓν
1061 1508 1111 1557 τῷ
1131 1507 1299 1556 τιμῶντι·

255 1564 316 1601 οὐκ
337 1562 405 1615 ἄρα
420 1564 454 1601 ἐν
470 1565 514 1614 τῇ
530 1565 619 1615 τιμῇ
639 1565 660 1610 ἡ
677 1561 897 1613 εὐδαιμονία.
956 1564 1020 1602 Δεῖ
1036 1562 1103 1616 γὰρ
1120 1566 1170 1615 τῷ
1188 1564 1300 1608 εὐδαί-

257 1637 336 1673 μονι
355 1622 479 1660 οἰκεῖον
501 1615 646 1660 εἶναιτὸ
666 1621 795 1674 ἀγαθόν
809 1651 820 1669 ,
842 1619 904 1659 καὶ
919 1622 1187 1675 δυσαφαίρετον.
1217 1620 1302 1662 Ἔτι

257 1682 316 1721 διὰ
335 1680 439 1720 τοῦτό
468 1696 518 1725 τις
544 1680 607 1728 τὴν
629 1680 735 1732 τιμὴν
759 1678 897 1729 διώκει,
926 1679 984 1719 ἵνα
1018 1681 1190 1734 πιστεύσῃ
1221 1682 1302 1734 περὶ
1336 1713 1338 1731 2
1565 1722 1582 1738 .·
1807 1723 1814 1730 ,
1838 1723 1846 1731 ,
1882 1733 1889 1745 ι
2188 1726 2196 1734 ,
2217 1726 2226 1734 ,
2310 1727 2318 1736 ,

257 1742 384 1780 ἑαυτοῦ
405 1739 458 1778 ὅτι
489 1739 615 1792 ἀγαθός
639 1742 733 1780 ἐστι.
755 1739 815 1778 καὶ
835 1739 893 1778 διὰ
911 1744 1014 1779 τοῦτο
1033 1741 1131 1789 ζητεῖ
1151 1741 1218 1780 ὑπὸ
1233 1744 1302 1780 τῶν
1336 1762 1337 1775 ¹
1363 1721 1453 1763 quod
1467 1721 1648 1754 hononbus
1669 1723 1816 1756 nonnulli
1835 1723 1910 1756 idco
1932 1724 2085 1764 student,
2106 1727 2146 1758 ut
2163 1735 2228 1760 vm
2242 1727 2320 1761 bom
2338 1737 2411 1762 esse

258 1798 435 1852 φρονίμων
456 1802 650 1848 τιμᾶσθαι,
674 1798 733 1837 καὶ
754 1800 839 1850 παρ’
871 1792 922 1843 οἷς
949 1799 1179 1850 γινώσκεται·
1201 1804 1217 1822 ⁸
1240 1799 1301 1839 καὶ

258 1859 314 1896 ἐπ’
336 1861 458 1911 ἀρετῇ.
517 1856 695 1897 Φαίνεται
720 1857 853 1906 τοίνυν,
874 1856 927 1896 ὅτι
948 1859 1008 1897 διὰ
1035 1858 1208 1903 τοῦτό-τις
1237 1858 1300 1906 τὴν

256 1917 362 1968 τιμὴν
380 1916 521 1965 διώκει,
542 1916 600 1956 ἵνα
621 1917 747 1968 ἀγαθὸς
767 1918 851 1969 δοκῇ
867 1918 929 1956 καὶ
950 1919 1139 1961 σπουδαῖος
1160 1917 1218 1956 διὰ
1237 1917 1300 1966 τὴν

258 1975 404 2027 ἀρετήν·
427 1975 518 2014 ὥστε
551 1977 680 2025 δῆλον,
701 1975 754 2015 ὅτι
774 1977 813 2015 οὐ
835 1976 878 2014 δι’
903 1975 1029 2023 ἑαυτὴν
1062 1980 1084 2024 ἡ
1106 1977 1192 2027 τιμὴ
1213 1978 1300 2016 διώ-

257 2050 378 2083 κεται,
399 2035 491 2074 ἀλλὰ
522 2034 580 2074 διὰ
602 2035 667 2084 τὴν
702 2035 845 2088 ἀρετήν.
905 2036 976 2075 Καὶ
999 2035 1056 2075 διὰ
1076 2040 1179 2075 τοῦτο
1210 2037 1299 2084 αὐτὴ

257 2097 320 2145 μὲν
342 2096 404 2133 οὐκ
427 2094 466 2133 ἂν
485 2093 539 2142 εἴη
560 2096 709 2147 ἔσχατον
729 2094 847 2142 τέλος,
866 2094 959 2133 ἀλλὰ
977 2096 1111 2145 μᾶλλον
1129 2098 1151 2142 ἡ
1175 2096 1296 2149 ἀρετή.

309 2152 344 2171 “
365 2152 472 2193 Ἔστι
487 2152 521 2191 δὲ
534 2153 595 2192 καὶ
610 2153 697 2200 αὐτὴ
718 2153 857 2201 ἀτελής,
869 2153 930 2192 καὶ
947 2155 1010 2192 οὐκ
1026 2153 1068 2192 ἃν
1088 2153 1142 2202 εἴη
1158 2155 1192 2192 ἐν
1210 2155 1299 2208 αὐτῇ

255 2212 295 2251 τὸ
313 2212 440 2251 τέλειον
462 2212 611 2264 ἀγαθόν,
630 2216 652 2260 ἠ
672 2211 898 2263 εὐδαιμονία·
923 2212 977 2252 ὅτι
1001 2212 1038 2253 δὲ
1056 2212 1185 2261 ἀτελής
1207 2215 1297 2262 ἐστι,

257 2273 381 2319 δῆλον·
405 2271 550 2310 δυνατὸν
567 2271 633 2324 γάρ
654 2287 732 2310 τινα
756 2271 824 2317 ἕξιν
847 2273 972 2324 ἀρετῆς
995 2271 1106 2324 ἔχειν,
1125 2271 1148 2319 ἢ
1169 2272 1297 2311 καθεύ-

257 2333 361 2371 δοντα
383 2331 406 2378 ἢ
426 2331 532 2370 ἄλλον
548 2331 674 2383 τρόπον
692 2334 938 2383 ἀπρακτοῦντοι
954 2330 1011 2370 διὰ
1034 2331 1109 2383 βίου
1122 2347 1131 2356 ·
1147 2331 1170 2379 ἢ
1192 2347 1298 2371 κακο-

255 2394 434 2430 παθοῦντα
457 2390 518 2429 καὶ
550 2391 791 2443 δυστυχοῦντα
821 2390 882 2428 καὶ
902 2392 1104 2443 ἀτυχοῦντα
1124 2391 1169 2430 τὰ
1193 2391 1298 2442 μέγι·

256 2465 340 2498 στα,
357 2449 417 2488 καὶ
431 2449 540 2492 οὕτως
560 2450 666 2495 ἀτελῆ
683 2447 746 2495 τὴν
762 2448 886 2501 ἀρετὴν
903 2448 1009 2501 ἔχειν.
1068 2449 1138 2489 Τὸν
1157 2449 1192 2488 δὲ
1209 2450 1299 2488 οὕτω

258 2511 400 2560 βιοῦντα
421 2507 533 2552 οὐδεὶς
554 2507 595 2546 ἂν
623 2509 919 2558 εὐδαιμονίσειεν,
939 2508 987 2559 μή
1013 2525 1081 2549 που
1102 2509 1185 2548 αὐτὸ
1210 2509 1297 2549 ὑπό-

257 2571 350 2606 θοιτο
362 2596 371 2614 ,
389 2566 448 2605 καὶ
470 2567 636 2618 ὀνομάζοι
657 2569 877 2619 εὐδαιμονίαν
898 2567 961 2615 τὴν
984 2567 1052 2613 ἕξιν
1072 2571 1134 2615 τῆς
1155 2571 1294 2622 ἀρετῆς.

256 2626 330 2666 Καὶ
346 2626 426 2678 περὶ
443 2626 504 2677 μὲν
524 2629 584 2664 τοῦ
605 2629 683 2665 καθ’
704 2619 830 2675 ἡδονὴν
852 2628 928 2680 βίου
948 2627 1009 2666 καὶ
1034 2631 1095 2666 τοῦ
1114 2629 1297 2668 πολιτικοῦ

255 2684 408 2738 εἴρηται.
467 2685 619 2730 Ἱκανῶς
639 2686 709 2738 γὰρ
739 2685 800 2725 καὶ
831 2688 865 2725 ἐν
901 2691 973 2731 τοῖς
996 2686 1189 2737 ἔγκυκλίοις
1216 2687 1296 2739 περὶ

258 2745 370 2782 αὐτῶν
398 2741 562 2794 εἴπομεν·
596 2744 677 2797 περὶ
712 2744 748 2784 δὲ
782 2749 843 2784 τοῦ
870 2745 945 2798 βίου
980 2749 1043 2784 τοῦ
1082 2748 1295 2798 θεωρητικοῦ

256 2802 345 2848 μετὰ
369 2805 481 2840 ταῦτα
512 2802 755 2842 ἐπισκεπτέον·
789 2807 849 2843 νῦν
881 2803 950 2857 γὰρ
994 2803 1033 2842 τὸ
1064 2803 1295 2858 προκείμενον

255 2862 355 2900 ἄλλο.

308 2920 364 2938 ¹⁰¹*
385 2919 490 2959 Ἔστι
512 2919 548 2959 δὲ
570 2921 630 2959 καὶ
660 2922 763 2965 ἄλλος
784 2920 856 2973 βίος
876 2923 910 2960 ἐν
927 2924 1044 2966 αὐτοῖς
1064 2921 1297 2974 θεωρούμενος
1331 2928 1333 2931 ’

253 2982 325 3025 τοῖς
345 2979 555 3033 εἰρημένοις,
576 2985 593 3019 ὁ
615 2985 672 3019 τοῦ
684 2987 943 3033 χρηματιστοῦ·
960 2982 1020 3021 καὶ
1039 2983 1106 3036 γὰρ
1117 2982 1178 3021 καὶ
1191 2984 1209 3020 ὁ
1233 2982 1295 3029 τὴν

254 3039 378 3087 ἡδονὴν
400 3038 460 3077 καὶ
479 3042 496 3077 ὁ
515 3038 578 3085 τὴν
599 3041 702 3090 τιμὴν
724 3040 858 3080 διώκων
878 3042 1051 3093 χρήματα
1079 3042 1188 3081 ἐθέλει
1206 3044 1296 3080 συλ-

253 3097 381 3151 λέγειν.
441 3098 515 3137 Kal
536 3097 592 3136 διὰ
615 3102 716 3136 τοῦτο
748 3103 838 3152 τρεῖς
864 3099 999 3151 ἔφαμεν
1029 3100 1107 3145 τοὺς
1139 3100 1294 3150 μάλιστα

253 3157 467 3209 προέχοντας
491 3157 598 3210 βίους.

253 3215 312 3255 καὶ
334 3215 408 3255 ἔστι
430 3216 553 3269 βίαιος.

253 3275 343 3315 λειόν
363 3277 476 3324 ἐστιν,
492 3275 570 3315 οὔτε
586 3274 678 3315 πάνυ
699 3276 792 3315 δοκεῖ
813 3275 965 3314 διώκειν.
1022 3275 1132 3316 “ooev
1152 3277 1190 3315 οὐ
1209 3278 1293 3315 πολ-

253 3336 324 3379 λοῖς
345 3336 437 3374 ἐστιν
459 3335 621 3389 ἕραστός·
642 3334 753 3388 ὀλίγοι
772 3335 840 3388 γὰρ
874 3336 1007 3377 εἵλοντο
1026 3335 1142 3384 πάσης
1162 3338 1224 3383 τῆς
1258 3337 1292 3374 ἐν

660 3151 771 3201 Οῦτος
799 3157 866 3209 γὰρ
888 3160 922 3196 ἐν
953 3159 1069 3203 αὐτοῖς
1089 3158 1293 3211 θεωρεῖται,
1330 3205 1332 3208 ⁴

614 3215 706 3255 Οὔτε
728 3215 795 3268 γὰρ
813 3216 852 3255 τὸ
873 3218 1002 3267 ἀγαθὸν
1024 3218 1165 3266 διώκει,
1187 3217 1204 3256 ὃ
1235 3218 1294 3257 τέ-
1330 3251 1332 3281 ἰ

1329 3289 1332 3310 1
1356 3279 1444 3312 enlm
1460 3277 1551 3320 quod
1568 3286 1735 3310 summum
1757 3277 1807 3309 est
1822 3275 1946 3309 bonum
1965 3275 2127 3318 sequitur.
2141 3284 2251 3318 neque
2264 3275 2397 3309 omnino

1362 721 1518 762 positum.
1562 723 1607 755 Et
1637 723 1757 757 horum
1779 723 1915 767 quidem
1936 725 2081 767 primum
2100 725 2183 758 nihil
2206 725 2308 760 hahet
2331 735 2409 761 sau-

1363 775 1455 806 ctum
1473 785 1480 806 :
1501 783 1607 816 quum
1624 775 1820 819 plerumque
1841 776 1904 809 hoc
1928 777 1987 820 qui
2011 779 2210 820 sequuntur,
2234 777 2405 812 nihilomi-

1337 826 1339 865 ἷ
1363 835 1427 860 nus
1446 826 1622 861 illiberales
1639 829 1705 861 sint
1722 832 1754 862 et
1773 830 1938 872 pecudum
1956 830 2060 863 vitam
2076 833 2183 874 agant.
2228 833 2272 865 Et
2296 832 2408 866 tamen

1337 868 1339 922 γ
1362 880 1494 914 omnino
1520 890 1583 914 non
1612 883 1830 925 spernendum
1860 883 2004 924 videtur,
2037 885 2117 927 quia
2144 884 2244 919 multi
2266 893 2402 924 eorum.

1337 925 1339 967 ἶ
1362 934 1665 978 quiamplissimos
1680 935 1849 978 dignitatis
1867 937 1988 979 gradus
2006 937 2117 980 adepti
2141 940 2234 978 sunt,
2253 938 2317 972 hoc
2329 940 2407 972 aeta-

1336 978 1339 1013 ί
1362 986 1407 1020 tis
1423 985 1579 1029 degendae
1594 997 1697 1030 genus
1715 988 1777 1021 sibi
1791 989 2028 1023 constituentes
2045 984 2209 1024 similibus
2227 998 2266 1024 ac
2283 989 2407 1025 sarda-

1337 1074 1338 1077 ,
1364 1040 1507 1082 napalus
1522 1040 1751 1084 voluptatibus
1776 1042 1936 1076 serviunt.
1982 1044 2168 1077 Secundum
2197 1044 2310 1078 autem
2329 1045 2410 1077 vltae

1336 1083 1339 1135 J
1360 1092 1557 1127 institutum
1587 1095 1850 1137 praestantissimi
1886 1097 2077 1130 mortalium
2091 1123 2099 1136 ,
2133 1099 2166 1131 et
2189 1098 2249 1140 qui
2273 1097 2410 1132 virtutis

1363 1147 1465 1188 atque
1491 1146 1675 1180 honestatis
1710 1147 1859 1181 studium
1887 1149 2084 1191 amplissimi
2107 1149 2242 1184 honoris
2267 1153 2407 1195 putant,

257 1213 378 1259 eamq,
401 1208 437 1248 ὃν
460 1209 575 1261 λέγω,
597 1208 656 1247 καὶ
679 1208 717 1248 τὸ
742 1208 842 1262 παρὰ
863 1209 1005 1249 πάντων
1028 1210 1257 1262 ζητούμενον,
1277 1216 1300 1260 ἡ
1336 1210 1338 1245 ;
1363 1198 1479 1239 capere
1510 1198 1615 1231 solent
1637 1211 1645 1231 ι
1678 1198 1749 1232 fere
1771 1200 1858 1232 enim
1888 1200 1968 1234 vitae
1999 1201 2106 1235 civius
2140 1201 2196 1236 hic
2213 1211 2314 1245 quem
2333 1203 2410 1237 dico

1336 1249 1338 1268 ³
1363 1250 1439 1283 finis
1457 1252 1528 1292 est;
1550 1253 1583 1284 et
1598 1252 1689 1294 quod
1709 1252 1750 1286 ab
1763 1253 1917 1287 omnibus
1931 1255 2067 1296 petitur,
2088 1255 2194 1289 honor
2205 1258 2268 1290 est.
2310 1258 2408 1291 Patet

356 1329 367 1342 ‚
420 1327 459 1366 0'
528 1327 604 1365 ,W
657 1329 679 1338 ..
726 1328 745 1366 δ
818 1327 827 1341 ,
987 1328 1000 1366 >n
1058 1330 1068 1343 ,
1108 1328 1116 1343 ,
1137 1330 1151 1367 ἐ
1288 1330 1301 1368 ὶ
1336 1322 1338 1355 3
1363 1311 1442 1335 vero
1466 1311 1508 1335 ne
1523 1302 1559 1336 id
1579 1303 1714 1346 quidem
1732 1313 1900 1338 summum
1917 1315 1988 1339 esse
2005 1306 2149 1367 bonum,
2171 1308 2229 1341 sed
2246 1308 2311 1342 hoc
2324 1318 2411 1352 quo-

257 1344 315 1368 τθν
348 1344 418 1380 αΥα
441 1344 499 1375 ‘’V’
523 1343 545 1365 α
592 1343 613 1365 α
632 1342 701 1366 των
749 1343 920 1367 Οκουντων
939 1343 985 1366 '‘0‘
1031 1344 1116 1368 “⁰²⁰
1155 1345 1212 1369 στι
1240 1345 1286 1368 κα
1336 1360 1338 1393 3
1363 1362 1429 1396 que
1446 1363 1487 1387 ex
1505 1363 1544 1387 eo
1571 1355 1734 1388 honorum
1755 1366 1873 1399 genere
1892 1366 1979 1396 esse.
2001 1367 2078 1400 quas
2105 1359 2263 1393 videntur
2278 1361 2410 1394 tantum

1336 1422 1337 1426 =
1363 1414 1435 1439 esse
1457 1406 1543 1440 bona
1572 1409 1605 1440 et
1631 1410 1798 1450 apparent.
1843 1411 1927 1442 Nam
1955 1410 2039 1443 illud
2057 1420 2136 1444 vere
2157 1411 2298 1452 bonum,
2319 1413 2411 1456 quod

1335 1462 1338 1480 l
1362 1457 1498 1490 beatum
1514 1457 1646 1492 efficere
1665 1460 1808 1502 aliquem
1826 1462 1953 1502 potest,
1972 1461 2007 1494 in
2023 1461 2095 1504 ipso
2119 1462 2227 1497 inesse
2249 1466 2380 1507 oportet
2399 1477 2408 1498 z

1363 1510 1398 1540 at
1417 1509 1521 1542 honor
1539 1519 1604 1542 non
1619 1510 1705 1543 inest
1720 1511 1756 1543 in
1772 1520 1811 1544 eo
1827 1512 1887 1554 qui
1903 1512 2095 1552 honoratur,
2118 1514 2177 1547 sed
2194 1515 2308 1558 potius
2321 1515 2357 1550 in
2372 1524 2411 1551 eo

1362 1561 1422 1602 qui
1461 1562 1622 1602 honorat;
1668 1572 1745 1605 ergo
1780 1564 1815 1596 in
1854 1564 1978 1597 honore
2023 1575 2090 1598 non
2124 1566 2211 1600 inest
2255 1565 2407 1602 felicitas.

1335 1612 1337 1617 “
1363 1615 1491 1658 Quippe
1520 1617 1687 1650 hominem
1711 1618 1843 1651 felicem
1858 1618 1981 1651 bonum
2008 1619 2142 1662 aliquod
2165 1621 2355 1664 proprium,
2377 1623 2410 1656 et

1362 1668 1454 1709 quod
1478 1668 1570 1701 haud
1602 1669 1698 1702 facile
1731 1669 1813 1711 eripi
1839 1672 1959 1712 queat,
1982 1671 2105 1705 hahere
2132 1674 2272 1715 oportet.
2317 1674 2411 1709 Adde

1363 1773 1426 1806 sibi
1443 1774 1620 1807 videantur
1640 1787 1647 1806 :
1665 1785 1703 1808 ac
1722 1778 1894 1818 propteroa
1914 1777 1956 1809 ab
1979 1777 2170 1812 hominibus
2190 1779 2410 1822 prudentibus

1363 1830 1396 1861 ct
1415 1829 1457 1861 ah
1485 1829 1526 1861 iis
1549 1829 1671 1870 quihus
1691 1830 1761 1861 noti
1787 1832 1865 1862 sunt
1889 1831 2045 1864 honorari
2066 1840 2103 1866 se
2125 1832 2243 1866 volunt
2271 1845 2280 1867 ε
2307 1834 2410 1878 idque

1361 1881 1498 1914 virtutis
1513 1891 1622 1914 causa.
1668 1883 1811 1924 Apparet
1827 1883 1938 1925 igitur,
1958 1884 2117 1919 honorem
2138 1885 2262 1920 idcirco
2275 1887 2344 1930 peti
2367 1888 2410 1922 ab

1362 1934 1493 1976 aliquo,
1521 1937 1559 1967 ut
1578 1935 1684 1968 bouus
1704 1935 1856 1969 videatur
1883 1938 1918 1970 et
1940 1936 2117 1978 honestus,
2145 1938 2249 1982 idque
2273 1942 2409 1984 propter

1336 2008 1337 2011 =
1365 1987 1522 2021 virtutem
1544 2001 1553 2020 ι
1580 1990 1618 2021 ut
1632 1988 1843 2023 manifestum
1864 1990 1925 2032 sit,
1941 2000 2007 2024 non
2023 2001 2084 2024 sua
2098 2001 2198 2026 causa
2215 1993 2284 2036 peti
2302 1994 2409 2028 hono-

1363 2050 1451 2080 rem,
1472 2041 1530 2075 sed
1548 2042 1590 2074 oh
1612 2041 1782 2075 virtutem.
1827 2042 1974 2086 Ideoque
1988 2053 2030 2077 ne
2046 2044 2117 2087 ipse
2133 2045 2271 2088 quidem
2296 2049 2408 2081 extre-

1363 2104 1438 2128 mus
1454 2095 1529 2128 finis
1544 2104 1616 2128 esse
1636 2095 1778 2137 poterit,
1797 2095 1856 2129 sed
1870 2095 1981 2138 potius
1996 2096 2116 2130 virtus.

1404 2156 1486 2192 Quae
1503 2155 1613 2187 tamen
1631 2154 1704 2196 ipsa
1726 2155 1836 2188 virtus
1853 2154 2044 2197 imperfecta
2060 2158 2112 2190 est
2137 2168 2146 2190 :
2176 2166 2285 2201 neque
2309 2158 2345 2193 in
2367 2168 2408 2193 ea

1362 2215 1529 2239 summum
1545 2206 1669 2239 bonum
1681 2232 1689 2247 ,
1714 2206 1750 2239 id
1764 2208 1833 2246 est,
1855 2205 1997 2240 felicitas
2012 2207 2121 2242 inesse
2136 2211 2239 2252 queat
2267 2222 2275 2243 ι
2303 2211 2409 2254 ipsam

1335 2260 1336 2269 ¹
1361 2260 1473 2292 autem
1491 2258 1717 2301 imperfectam
1750 2269 1821 2292 esse
1850 2259 1980 2303 liquet:
2008 2261 2081 2294 fieri
2106 2262 2194 2295 enim
2221 2265 2349 2306 potest,
2368 2267 2408 2298 ut

1334 2318 1336 2345 :
1360 2311 1512 2344 habitum
1527 2312 1664 2345 virtutis
1688 2314 1885 2346 consecutus
1903 2313 1947 2346 sit
1972 2314 2093 2356 aliquis
2107 2340 2115 2352 ,
2132 2315 2191 2358 qui
2214 2317 2327 2349 tamen
2347 2319 2407 2351 aut

1360 2365 1503 2398 dormiat
1514 2391 1522 2404 ,
1541 2367 1598 2398 aut
1625 2365 1689 2398 alia
1712 2366 1839 2399 ratione
1864 2368 1935 2399 toto
1951 2366 2031 2400 vitae
2049 2369 2196 2410 tempore
2208 2368 2291 2403 nihil
2305 2372 2404 2413 agat:

1334 2428 1336 2443 ι
1360 2418 1536 2452 autetiam
1551 2420 1701 2457 vexetur,
1720 2420 1778 2451 aut
1804 2419 1905 2452 miser
1927 2419 1970 2452 sit
1989 2419 2044 2452 vel
2068 2420 2103 2452 in
2126 2420 2282 2454 maximis
2309 2422 2407 2456 mulis

1333 2512 1335 2518 A
1359 2475 1522 2511 versetur,
1541 2474 1642 2514 atque
1658 2472 1707 2505 ita
1721 2472 1951 2515 imperfectam
1965 2473 2087 2506 habeat
2103 2473 2276 2508 virtutem.
2319 2476 2405 2509 Eun·

1333 2551 1334 2555 ,
1359 2535 1439 2560 vero
1453 2551 1461 2567 ‚
1496 2525 1555 2568 qui
1581 2526 1630 2559 ita
1663 2525 1774 2564 vivat,
1808 2534 1904 2558 nemo
1941 2526 2076 2559 beatum
2103 2526 2245 2568 dixerit;
2274 2529 2406 2562 tantum

1333 2568 1334 2610 J
1359 2579 1471 2618 abest,
1491 2581 1530 2611 ut
1547 2578 1583 2612 id
1601 2587 1660 2620 pro
1679 2587 1832 2611 concesso
1859 2581 2031 2611 sumturus
2052 2579 2115 2618 sit,
2134 2579 2244 2622 ipsum
2270 2581 2406 2615 virtutis

1332 2640 1333 2643 ¹
1358 2631 1510 2665 habitum
1532 2630 1726 2664 felicitatem
1745 2639 1826 2663 esse.
1871 2631 1915 2663 Et
1936 2630 1978 2663 de
2005 2631 2075 2664 vita
2097 2631 2234 2673 quidem
2253 2634 2327 2665 tum
2343 2642 2405 2666 vo-

1332 2675 1334 2702 ⁵
1357 2685 1502 2728 luptaria
1517 2686 1591 2717 tum
1616 2683 1706 2717 civili
1734 2683 1888 2717 diximus.
1935 2683 2023 2717 Satis
2042 2684 2130 2717 enim
2151 2685 2252 2718 etiam
2273 2684 2309 2719 in
2325 2695 2404 2728 pro-

1332 2763 1333 2769 ,
1357 2737 1493 2771 miscuis
1523 2735 1802 2779 disputationibus
1829 2735 1952 2768 nostris
1969 2734 2012 2768 de
2029 2735 2071 2768 iis
2089 2735 2241 2778 egimus:
2262 2736 2304 2771 de
2329 2747 2403 2771 con-

1332 2815 1333 2820 =
1357 2797 1551 2840 templativa
1569 2798 1682 2829 autem
1705 2797 1819 2838 postea
1837 2794 2065 2828 disserendum
2091 2793 2154 2829 erit
2172 2806 2181 2828 :
2200 2794 2292 2830 aliud
2315 2797 2401 2831 enim

1357 2865 1445 2890 nunc
1465 2855 1558 2889 nobis
1578 2854 1783 2898 propositum
1801 2855 1862 2888 est.

1398 2924 1460 2956 Est
1487 2923 1598 2954 autem
1618 2923 1651 2954 et
1676 2920 1766 2952 aliud
1783 2920 1862 2953 vitae
1880 2928 2004 2961 genus,
2027 2919 2118 2962 quod
2132 2919 2167 2952 in
2184 2919 2401 2962 praecedenti-

1357 2973 1420 3015 bus
1438 2983 1625 3024 spectamus
1637 3006 1644 3019 ,
1658 2979 1830 3012 hominum
1847 2978 1921 3011 dico
1937 2978 2082 3021 quaestui
2099 2978 2289 3013 deditorum
2307 2991 2315 3013 ε
2334 2983 2400 3015 ete-

1356 3041 1425 3073 nim
1443 3042 1477 3074 et
1495 3040 1551 3073 ille
1575 3039 1634 3082 qui
1654 3038 1859 3081 voluptatem
1876 3039 1988 3080 captat
2008 3039 2042 3071 et
2055 3038 2115 3081 qui
2128 3038 2309 3072 honoribus
2327 3041 2400 3073 stu-

1356 3100 1434 3141 det,
1466 3099 1639 3142 pecuniam
1659 3097 1731 3131 vult
1759 3096 1927 3131 conficere.
1973 3097 2134 3135 Quocirca
2165 3097 2231 3132 tria
2256 3098 2399 3132 maxime

1356 3159 1466 3194 aetatis
1484 3158 1638 3201 degendae
1654 3166 1771 3200 genera
1787 3156 1947 3190 excellere
1963 3156 2119 3190 diximus.
2163 3158 2235 3191 Hoc
2252 3157 2340 3191 enlm
2364 3157 2398 3191 in

1355 3220 1397 3253 iis
1426 3220 1604 3262 spectatur,
1631 3219 1665 3250 et
1695 3218 1746 3250 est
1778 3215 2021 3260 quodammodo
2048 3215 2241 3250 violentum.
2284 3217 2399 3259 Neque

1355 3337 1450 3381 sequi
1469 3337 1611 3371 videtur.
1656 3337 1766 3374 Quare
1796 3344 1862 3367 non
1884 3334 1932 3367 ita
1949 3334 2063 3367 multis
2090 3335 2153 3368 hoc
2174 3334 2306 3368 videtur
2323 3343 2397 3367 am-

296 3483 313 3500 *
329 3484 370 3515 Οἱ
385 3482 421 3515 δὲ
432 3482 596 3526 χαρίεντες
612 3483 679 3516 κτλ.
693 3499 736 3509 -
748 3482 789 3503 ⁴*
808 3482 901 3525 Τάχα
916 3482 952 3516 δὲ
966 3483 1021 3515 καὶ
1042 3483 1163 3525 μᾶλλον
1177 3483 1247 3516 κτλ.
1265 3499 1307 3509 -
1319 3482 1382 3503 *⁴¹*
1394 3483 1432 3515 ‘O
1451 3481 1486 3514 δὲ
1502 3479 1719 3524 χρηματιστὴς
1731 3479 1801 3512 κτλ.
