2528 3788
1032 214 1100 253 DE
1131 213 1459 254 XENOCRATE.

2251 215 2325 256 101

178 312 278 354 gene
294 313 388 340 vera
405 301 550 340 sentire
563 331 573 349 ‚
598 301 832 340 dissentiunt
852 301 1007 339 lonsius
1028 299 1121 353 (16),
1142 301 1223 339 Bae-
1283 302 1383 340 ratio
1404 301 1538 340 haberi
1564 316 1643 341 non
1663 311 1812 354 potest,
1834 303 2028 355 siquidem
2060 303 2188 342 solum
2211 303 2331 343 Laer-

178 359 255 401 lius
272 357 369 413 (17),
381 359 464 400 alii.
481 359 576 399 Nam
587 361 759 413 primum
769 360 839 399 illa
849 359 1104 411 Ὀλυμπιάδων
1121 375 1225 399 συνα-

102 428 113 438 ··
170 417 278 476 γωγή
297 431 378 459 non
397 427 456 459 est
473 420 614 459 incerti
634 420 844 472 scriptoris
863 419 1015 470 antiqui
1036 432 1138 471 opus
1151 448 1162 468 ‚
1181 428 1226 458 ut

17 503 21 527 ¹.
176 477 370 518 Hem-sius
390 477 563 530 putabat,
585 478 652 518 sed
666 478 875 529 Scangri,
894 477 1223 530 quemadmodum

44 543 53 546 “
99 531 126 574 (ἶ
175 544 257 577 tum
277 536 364 588 ipse
386 536 526 578 fatetur
545 536 594 575 ad
614 535 776 577 Eusehii
795 535 993 575 Chronica
1010 549 1102 588 pag.
1127 537 1221 586 431,

178 602 260 635 tum
285 595 560 639 Valckenarius
580 595 628 635 ad
660 595 916 636 Theocritum
936 607 1027 648 pag.
1057 609 1135 644 270
1158 596 1226 635 de-

175 655 420 695 monstravit.
441 655 593 695 Deinde
610 654 735 693 multo
754 653 1013 693 verisimilius
1028 662 1086 692 est
1101 653 1226 693 Scali-

269 726 310 753 m
323 726 475 754 errasse
485 741 497 763 ,
516 727 633 766 quam
650 712 847 752 Laertium
866 727 946 752 non
963 726 1056 752 vera
1071 713 1227 752 dixisse.

172 771 219 814 ,d
250 781 377 813 autem
409 772 630 812 rationibus
667 774 785 812 certis
816 782 854 812 et
891 771 1114 812 illustribus
1153 773 1221 812 do-

174 831 256 872 cuit
273 833 431 874 Baelius.
455 831 600 872 Earum
621 833 751 885 prima
764 862 775 881 ‚
797 846 916 884 quam
935 831 1098 883 subjicit
1111 860 1122 882 ,
1139 832 1223 871 haec

174 899 247 932 est.
267 889 525 931 Xenocratem
553 893 609 932 ait
629 904 651 930 a
673 891 882 943 juventute
900 892 1079 930 Platonis
1099 891 1223 931 disci-

174 950 284 1003 plina
301 964 416 991 usum
431 963 516 991 esse
533 960 572 990 et
589 951 792 991 Platonem
804 952 886 1003 jam
907 951 1100 990 seniorem
1116 952 1227 991 scho-

175 1009 235 1050 las
252 1008 399 1050 habere
426 1011 595 1063 coepisse
617 1025 627 1049 ε
650 1010 699 1050 de
722 1010 910 1061 Scaligeri
930 1010 1122 1050 sententia
1141 1011 1226 1050 Pla-

174 1075 303 1109 tonem
343 1069 643 1122 quatuordecim
676 1077 825 1108 tantum
861 1069 976 1108 annis
1011 1068 1225 1108 Xenocrati

175 1136 288 1169 aetate
311 1129 562 1182 praestitisse3
595 1142 689 1179 ergo
723 1142 800 1167 non
830 1129 1006 1182 potuisse
1039 1128 1145 1168 hunc
1175 1129 1226 1168 ab

175 1189 336 1228 ineunte
355 1188 620 1228 adolescentia
638 1188 748 1227 illius
768 1188 988 1227 auditorem
1020 1200 1117 1229 esse.
1138 1188 1225 1228 Ete-

176 1249 258 1288 nim
278 1247 392 1288 Plato
414 1247 497 1300 jam
528 1248 775 1298 trigesimum
798 1246 938 1298 agebat
957 1260 1118 1295 annum,
1147 1262 1227 1300 quo

175 1315 349 1360 tempore
369 1306 548 1346 Socrates
566 1320 616 1346 ex
635 1307 841 1346 hominum
863 1307 948 1357 vita
967 1306 1223 1357 demigravit3

175 1366 290 1419 cujus
309 1375 400 1419 post
418 1375 582 1406 mortem
602 1366 720 1418 plura
739 1366 834 1406 fecit
851 1366 1017 1414 itinera,
1040 1366 1145 1405 unde
1165 1380 1227 1406 re-

173 1425 255 1466 dux
277 1425 437 1466 demum
464 1425 758 1479 philosophiam
791 1425 994 1478 professus
1025 1425 1226 1466 studioso-

174 1497 261 1524 rum
286 1484 480 1536 juvenum
503 1493 627 1524 coetus
645 1485 797 1525 habuit.
826 1484 930 1535 Ergo
959 1493 1026 1523 aut
1053 1484 1226 1536 Scaliger

174 1543 327 1583 fallitur
343 1552 412 1583 aut
426 1543 458 1584 ii
473 1552 654 1583 auctores
665 1573 677 1593 ,
700 1544 768 1595 qui
787 1543 1047 1582 Xenocratem
1066 1545 1227 1595 perado-

172 1603 430 1643 tesoentulum
459 1602 616 1658 Platoni
654 1616 816 1655 operam
843 1602 999 1642 dedisse
1033 1603 1224 1646 scribunt.

174 1660 307 1702 Altera
324 1663 426 1702 ratio
444 1675 469 1701 a
486 1662 607 1700 Baelio
627 1663 744 1701 allata
761 1662 865 1701 haud
880 1662 1011 1701 minus
1030 1663 1226 1714 exquisita

170 1728 242 1760 est.
260 1719 418 1773 Quippe
438 1719 695 1760 Xenocratem
724 1729 918 1760 memorat
940 1722 1059 1760 tertio
1088 1721 1226 1774 Olym-

170 1778 306 1832 piadis
337 1785 413 1826 1¹4
436 1793 542 1820 anno
573 1781 743 1831 legatum
766 1780 815 1819 ad
850 1780 1099 1833 Antipatrum
1132 1782 1227 1822 mis-

171 1849 261 1878 sum
289 1850 388 1878 esse.
408 1839 560 1886 Quodsi
591 1840 724 1892 primo
756 1840 1006 1893 Olympiadis
1037 1853 1085 1890 91
1122 1853 1225 1881 anno

169 1905 284 1937 nanis
305 1906 430 1951 esset,
450 1897 624 1937 futurum
647 1898 793 1948 fuisse,
815 1908 859 1938 ut
887 1899 1011 1937 aetatis
1037 1912 1141 1939 anno
1167 1901 1218 1951 93

170 1955 274 1996 lianc
291 1957 524 2009 legationem
546 1959 676 1998 obiret
708 1974 717 1997 z
745 1960 908 1998 minime
928 1967 1057 1998 autem
1079 1962 1227 2008 proba-

151 2013 255 2062 *hile
271 2029 376 2061 esse,
397 2026 576 2058 auctores
598 2018 668 2067 qui
688 2018 789 2054 hanc
819 2018 1053 2066 legationem
1084 2017 1227 2056 litteris

172 2073 452 2125 memoriaeque
474 2074 713 2112 mandarunt
737 2074 836 2112 nihil
861 2073 910 2112 de
933 2087 1089 2113 summa
1108 2075 1225 2126 legati

173 2140 370 2171 senectute
406 2132 525 2172 fuisse
557 2132 761 2183 dicturos,
786 2134 821 2171 si
855 2133 1077 2185 decrepitus
1108 2147 1224 2174 senex

174 2188 251 2228 tale
263 2191 463 2242 negotium
479 2191 681 2244 suscipere
703 2191 875 2230 auderet.
894 2191 917 2229 J
922 2193 1018 2231 ustls
1037 2194 1160 2243 igitur
1175 2194 1224 2232 de

173 2251 301 2289 causis
334 2249 478 2289 Laertii
507 2251 719 2289 auctoritas
749 2251 839 2303 plus
864 2250 968 2302 apud
991 2265 1064 2290 nos
1098 2253 1222 2302 valet,

171 2321 288 2360 quam
320 2309 512 2360 Scaligeri
532 2309 796 2360 Ὀλυμπιάδων
817 2310 1029 2362 συναγωγή,
1052 2311 1146 2350 licet
1175 2325 1222 2351 ex

172 2369 366 2421 antiquis
380 2369 554 2408 fontibus
592 2369 708 2408 ducta
749 2369 813 2409 sit.
850 2369 1092 2410 Censorinus
1126 2384 1224 2411 vero

171 2427 352 2480 exempla
371 2427 485 2480 ponit
503 2428 681 2467 virorum
705 2429 773 2479 qui
795 2430 838 2467 in
866 2429 973 2468 fatali
995 2443 1098 2469 anno
1118 2440 1224 2470 octo-

170 2485 324 2535 gesimo
339 2487 472 2538 primo
490 2486 608 2525 finem
624 2487 717 2525 vitae
738 2487 986 2536 habuerunt,
1006 2489 1221 2539 plurimos-

170 2556 249 2596 que
263 2544 357 2585 citnt
374 2558 473 2596 qnos
489 2546 552 2584 vel
581 2546 687 2584 hunc
703 2546 827 2584 aetatis
848 2559 995 2585 annum
1019 2560 1098 2585 non
1116 2561 1221 2585 com-

171 2603 341 2656 plevisse
361 2604 426 2643 vel
441 2604 592 2643 diutius
607 2605 757 2644 vixisse
772 2619 822 2645 ex
842 2607 933 2645 aliis
956 2608 1220 2646 monumentis

171 2662 419 2715 intelligitur.
442 2664 623 2716 Denique
642 2665 859 2705 Lucianum
875 2666 962 2705 sive
982 2669 1052 2705 τῶν
1075 2668 1223 2720 Μακρο-

39 2723 44 2728 ’
110 2750 119 2756 -
171 2720 259 2762 δίων
278 2723 512 2776 scriptorem
534 2723 576 2762 in
593 2724 850 2775 exquirendis
872 2724 1118 2775 temporibus
1141 2738 1220 2764 non

169 2792 324 2834 seinper
341 2781 568 2834 diligentem
591 2783 711 2822 fuisse
726 2783 830 2822 inter
848 2796 983 2823 omnes
997 2784 1115 2824 hodie
1134 2799 1222 2824 con-

168 2849 256 2881 stat.
281 2840 415 2894 ltaque
427 2842 640 2894 utriusque
663 2844 832 2882 auctoris
852 2844 894 2882 in
915 2844 987 2882 hac
1007 2844 1221 2895 quaestione

167 3004 273 3039 etlih.
290 3006 344 3046 lv,
363 3013 435 3048 cap.
465 3008 514 3040 12.
536 3006 807 3048 -—(16)Jon51us
833 3006 874 3039 de
898 3006 1018 3049 Script.
1036 3006 1116 3040 hist.
1138 3007 1218 3048 phil.

168 3051 227 3087 tit».
246 3053 274 3094 Ι,
295 3061 368 3096 cap.
389 3055 438 3087 10.
457 3071 500 3078 -—
524 3054 1003 3097 (17)Bayle‚Dictionna1re
1030 3053 1221 3096 historique

166 3097 371 3142 «secretique
390 3109 417 3134 s.
434 3109 467 3134 v.
480 3103 683 3136 xenocrate
701 3102 769 3134 not.
785 3113 814 3135 κ.
835 3119 877 3126 -

208 3146 277 3190 (18)
294 3147 456 3189 Diogenes
471 3150 623 3183 Laertius
644 3149 703 3183 llb.
725 3151 783 3188 IV,
802 3155 821 3183 6
838 3148 1033 3191 Ξενοκράτης
1052 3150 1218 3191 Ἀγαθήνο-

168 3195 461 3237 ροςΧαλιιηδόνιος·
476 3196 568 3235 οὗτος
584 3199 620 3230 ἐκ
629 3199 701 3231 νέου
721 3198 888 3235 Πλάτωνος
903 3196 1220 3235 ἣκουσεν.8101)εθιιε

164 3241 280 3286 Eclog.
300 3243 402 3286 Phys.
419 3243 477 3277 lib.
497 3246 524 3288 Ι,
539 3254 613 3287 cap.
630 3250 661 3286 2,
679 3248 720 3278 29
736 3255 814 3288 pag.
836 3248 876 3278 62
893 3245 946 3278 ed.
965 3246 1105 3278 Heeren.
1123 3246 1219 3279 Ξενο-

168 3289 283 3340 ιιράτης
311 3292 534 3333 Ἀγαθήνορος,
557 3294 781 3332 Χαλκηδόνιος.
803 3293 879 3325 vid.
900 3293 1017 3335 fragm.
1044 3295 1072 3325 1.
1100 3293 1219 3327 suidas

169 3337 200 3373 'v
216 3338 430 3380 Ξενοκράτης·
460 3338 632 3380 Ἀγάθωνος
653 3342 673 3380 ἢ
697 3341 910 3382 Ἀγαθάνορος.
935 3339 1109 3381 Inscriptio
1128 3350 1218 3374 mar-

166 3383 267 3418 moris
277 3384 436 3428 antiqui·
428 3412 438 3421 .
455 3387 653 3429 Ξενοκράτης
670 3387 874 3430 Ἀγαθάνορος
897 3388 1122 3429 Καλχαδόνιος.
1138 3388 1214 3422 Vid.

167 3439 268 3474 supra
282 3433 350 3465 not.
375 3436 423 3466 10.
448 3451 492 3459 —
512 3434 580 3477 (19)
599 3435 780 3468 Athenaeus
806 3435 861 3468 lib.
884 3437 938 3476 ΧΙ,
959 3444 990 3477 p.
1010 3437 1083 3468 507.
1099 3435 1136 3468 G.
1158 3438 1216 3470 At-

167 3479 279 3523 σχίνου
294 3491 329 3513 τι
343 3482 473 3521 πένητος
492 3482 579 3522 ὄντος
597 3483 650 3516 καὶ
672 3484 812 3525 μαθητὴν
834 3483 888 3516 ἕνα
907 3484 1033 3527 ἔχοντος
1052 3482 1215 3528 Ξενοκρά-

1239 3009 1255 3514 J

1284 360 1379 399 tium
1400 360 1632 411 locupletem
1652 370 1785 400 testem
1807 375 1890 401 esse
1910 369 2086 414 apparet.

1341 418 1416 456 Sed
1432 427 1476 457 ut
1495 419 1694 470 digressus
1712 434 1735 459 a
1754 434 1796 460 re
1813 421 1862 460 ad
1883 421 2129 474 propositum
2156 420 2327 469 redeam,

1284 477 1542 526 Xenocrates,
1568 480 1824 529 Agathenoris
1851 481 1984 533 filius,
2005 494 2029 520 a
2056 494 2182 533 puero
2199 481 2330 523 Plato-

1285 550 1374 575 nem
1392 537 1547 576 audivit
1571 539 1670 589 (18).
1692 538 1843 578 Etenim
1864 540 2002 591 procul
2030 540 2154 579 dubio
2183 548 2333 579 mature

1289 597 1425 636 relicta
1440 599 1570 650 patria
1587 598 1687 638 urbe
1708 599 1876 640 Athenas
1888 600 2105 639 habitatum
2123 601 2331 649 concessit,

1285 666 1327 696 ut
1344 658 1502 709 optimis
1517 659 1743 698 auctoribus
1761 659 1804 698 in
1822 661 2077 712 philosophia
2089 669 2330 700 versaretur.
2368 659 2372 663 ’

1285 717 1347 756 Ibi
1371 719 1542 770 primum
1572 718 1766 758 AEschinis
1798 720 1840 758 in
1863 719 2113 771 disciplinam
2143 732 2184 758 se
2210 720 2333 759 tradi-

1285 775 1343 814 dit
1359 804 1370 823 ,
1408 777 1477 827 qui
1510 786 1671 829 propter
1705 786 1971 830 paupertatem
2002 778 2180 816 mercede
2215 778 2334 818 ‹loce-

1284 833 1352 872 bat
1366 834 1462 886 (19).
1486 835 1602 874 Hunc
1616 837 1777 876 unicum
1798 836 2038 888 discipulum
2055 850 2147 876 mox
2164 837 2201 875 ei
2223 836 2334 876 Plato

1285 892 1500 942 subtraxit,
1520 895 1591 946 qui
1626 909 1827 947 nunquam
1865 896 1989 934 amice
2027 909 2115 934 cum
2155 895 2335 936 AEsohine

1286 952 1433 991 vixisse
1465 953 1601 993 fertur.
1637 954 1812 1005 Contigit
1847 962 1975 993 autem
2011 953 2245 1003 Xenocrati,
2289 963 2332 993 ut

1286 1013 1466 1063 quamvis
1482 1014 1595 1051 tardo
1610 1022 1711 1052 esset
1725 1014 1887 1064 ingenio
1900 1043 1911 1062 ,
1933 1022 2062 1053 tamen
2082 1013 2156 1052 sub
2173 1013 2338 1052 Platone

1287 1071 1471 1121 magistro
1492 1072 1656 1111 multum
1681 1073 1724 1111 in
1741 1073 1994 1125 philosophia
2013 1080 2052 1111 et
2070 1074 2232 1125 optimis
2252 1083 2334 1112 stu-

1286 1129 1363 1168 diis
1383 1131 1607 1182 proficeret.
1630 1131 1820 1170 Caeterum
1842 1141 1939 1184 quot
1970 1145 2093 1170 annos
2113 1142 2227 1172 natus
2258 1134 2340 1171 fuc-

1286 1188 1338 1226 rit
1357 1187 1593 1229 Xenocrates
1607 1219 1618 1238 ,
1640 1204 1719 1241 quo
1740 1199 1918 1243 tempore
1946 1191 2121 1229 Platonis
2142 1191 2337 1230 sermoni-

1286 1247 1360 1286 bus
1386 1250 1575 1288 interesse
1595 1250 1731 1302 coepit‚
1758 1251 1951 1289 incertum
1971 1258 2041 1289 est.
2066 1249 2182 1288 Plato
2214 1252 2330 1296 enim,

1287 1320 1408 1358 quum
1435 1308 1504 1347 illc
1524 1308 1566 1346 in
1597 1309 1718 1347 vitam
1751 1311 1904 1348 veniret
1919 1338 1931 1355 ,
1955 1309 2199 1359 trigesimum
2221 1323 2340 1360 quar-

1288 1374 1368 1404 tum
1387 1369 1508 1406 aetatis
1523 1381 1670 1407 annum
1685 1368 1837 1420 agebat.
1860 1368 2040 1416 Accedit,
2059 1369 2166 1419 quod
2181 1368 2339 1407 Socrate

1287 1433 1464 1472 mortuo,
1481 1426 1551 1477 qui
1564 1435 1703 1478 quarto
1716 1422 1969 1479 ¹Olympiadis
1984 1433 2035 1478 94
2049 1440 2152 1466 anno
2168 1426 2336 1474 obierat,

1286 1483 1401 1534 plura
1421 1486 1594 1538 suscepit
1613 1487 1770 1526 itinera.
1793 1486 1946 1526 Deinde
1967 1485 2136 1524 Athenas
2157 1499 2340 1525 reversus

1286 1551 1494 1593 postquam
1509 1545 1681 1583 scholam
1703 1554 1922 1596 aperuerat,
1937 1544 2001 1582 bis
2016 1552 2164 1583 tantum
2184 1545 2225 1583 in
2243 1545 2342 1584 Sioi-

1286 1601 1379 1638 liam
1401 1602 1558 1641 videtur
1583 1616 1668 1642 esse
1687 1604 1901 1655 profectus.
1923 1602 2050 1641 Unius
2069 1616 2166 1641 vero
2185 1603 2343 1642 itineris

1287 1672 1416 1699 comes
1444 1661 1518 1699 fuit
1542 1661 1781 1702 Xenocrates
1802 1662 1898 1716 (20).
1918 1662 2019 1700 Hinc
2039 1661 2230 1713 conjicias
2252 1677 2342 1702 eum

1288 1718 1465 1757 Platonis
1494 1720 1742 1760 institutione
1757 1721 1840 1773 jam
1861 1730 1949 1759 ante
1970 1720 2153 1772 Dionysii
2176 1721 2342 1773 majoris

1288 1777 1440 1819 obitum
1469 1791 1553 1817 esse
1583 1792 1720 1830 usum,
1743 1781 1784 1819 id
1809 1789 1867 1819 est
1887 1793 1933 1818 eo
1954 1788 2133 1832 tempore
2151 1781 2291 1831 quod*
2280 1794 2343 1819 m-

1288 1845 1346 1875 ter
1367 1837 1536 1889 primam
1558 1847 1595 1876 et
1614 1840 1822 1878 secundam
1844 1839 2073 1891 philosophi
2094 1838 2341 1878 Siciliensem

1287 1897 1642 1947 peregrinationem
1660 1899 1854 1938 interfuit.
1870 1897 1969 1936 Vivo
1984 1898 2176 1948 Dionysio
2190 1898 2316 1949 major
2320 1912 2341 1937 e

1287 1953 1543 1993 Xenocratem
1569 1955 1740 1995 Athenas
1760 1957 1939 2005 venisse,
1958 1969 2007 1994 ex
2028 1970 2092 1994 cel
2097 1957 2253 1995 taminis
2273 1971 2342 2008 po-

1287 2014 1417 2052 tatorii
1460 2015 1684 2054 narratione
1727 2015 1914 2055 efficitul.
1951 2015 2170 2066 Dionysius
2213 2025 2341 2054 autem

1288 2072 1427 2113 morbo
1448 2072 1625 2112 debitum
1656 2074 1831 2113 ieddidit
1858 2083 2007 2113 naturae
2026 2074 2245 2124 Nausigene
2277 2089 2341 2113 ar-

1288 2131 1464 2183 chonte(
1452 2130 1533 2186 (21)
1551 2133 1684 2184 primo
1709 2134 1956 2185 Olympiadis
1980 2134 2051 2171 103
2073 2147 2197 2182 anno,
2220 2147 2341 2185 quum

1286 2190 1524 2230 Xenocrates
1541 2192 1915 2243 duodetricgsimum
1941 2193 2065 2231 aetatis
2085 2206 2232 2231 annum
2251 2207 2340 2243 age-

1285 2251 1363 2291 bat.
1385 2252 1495 2290 Adde
1512 2252 1618 2303 quod
1644 2252 1755 2290 Plato
1772 2252 1917 2290 dieitur
1934 2253 2195 2302 quadraginta
2214 2265 2339 2290 annas

1287 2320 1402 2350 natus
1415 2311 1627 2362 Syracusas
1643 2324 1690 2363 pi
1693 2313 1812 2349 imum
1828 2324 1869 2349 se
1883 2311 2096 2349 contulisse
2116 2311 2221 2363 (22);
2243 2326 2340 2364 prae-

1286 2379 1389 2409 terea
1409 2371 1608 2409 Diodorus
1620 2371 1773 2409 Siculus
1786 2383 2039 2420 congressum
2055 2370 2232 2409 Platonis
2252 2386 2339 2410 cun

1286 2430 1480 2480 Dionysio
1502 2430 1549 2467 ad
1571 2430 1728 2468 tertium
1749 2429 2000 2481 Olympiadis
2029 2430 2080 2480 98
2102 2443 2246 2468 annum
2271 2432 2338 2469 re-

1287 2489 1372 2527 fert.
1394 2488 1541 2526 Verum
1560 2497 1757 2539 utcunque
1776 2498 1857 2536 est,
1873 2489 1956 2527 sive
1977 2495 2026 2533 4ο
2047 2491 2132 2529 sive
2149 2496 2197 2535 44
2214 2504 2339 2530 annos

1286 2557 1399 2586 natus
1420 2547 1532 2585 Plato
1554 2547 1726 2598 primum
1754 2547 1967 2599 Syracusas
1989 2549 2107 2597 adiit,
2129 2558 2231 2587 certe
2251 2560 2340 2601 post

1286 2608 1441 2646 tertium
1463 2607 1710 2659 Olympiadis
1726 2608 1777 2658 98
1796 2621 1940 2647 annum
1961 2609 2198 2648 Xenocrates
2224 2609 2341 2647 Athe-

1284 2680 1352 2705 nas
1374 2667 1496 2707 venit.
1518 2666 1653 2717 Neque
1675 2666 1780 2704 enim
1803 2668 2021 2706 verisimile
2037 2677 2119 2716 est,
2136 2681 2224 2707 eum
2246 2681 2340 2719 pue-

1285 2739 1394 2773 rum,
1427 2726 1602 2764 nondum
1627 2725 1759 2764 decem
1794 2739 1917 2764 anuos
1938 2726 2143 2765 habentem
2177 2727 2339 2765 Athenis

1284 2786 1324 2824 in
1342 2798 1421 2824 una
1436 2785 1686 2838 philosophia
1702 2786 1815 2837 quasi
1835 2785 2131 2825 tabernaculum
2153 2787 2243 2825 vitae
2260 2800 2338 2825 suae

1283 2845 1511 2886 collocasse.
1550 2844 1675 2895 Igitur
1706 2845 1818 2883 Plato
1861 2845 2018 2884 circiter
2055 2847 2339 2898 quinquaginta

1281 3020 1353 3051 mv,
1378 3012 1486 3042 τοῦτον
1502 3010 1695 3052 περιέσπασε
1714 3010 1902 3050 (Πλάτων).
1924 3011 2085 3052 Diogenes
2109 3012 2258 3044 Laertius
2278 3012 2335 3044 lib

1284 3065 1325 3105 ll,
1347 3066 1387 3097 62
1406 3064 1472 3097 ἔπε-
1475 3064 1503 3097 τ’
1519 3064 1707 3108 ἀφικόμενον
1722 3066 1869 3105 Ἀθήναζε
1883 3066 1950 3109 (τὸν
1968 3066 2133 3109 Αἰσχίνην)
2152 3069 2194 3108 μὴ
2216 3070 2269 3100 το)
2273 3072 2333 3108 μᾶν

1282 3118 1495 3160 σοφιστεύειν,
1525 3119 1772 3160 εὐδοκιμούντων
1797 3120 1868 3153 τότε
1892 3123 1956 3153 τῶν
1988 3121 2061 3162 περὶ
2088 3120 2246 3154 Πλάτωνα
2277 3122 2330 3153 καὶ

1282 3170 1502 3213 Αρίστιππον·
1517 3171 1686 3214 ἐμμίσθους
1701 3174 1734 3206 δὲ
1753 3173 1921 3216 ἀκροάσεις
1937 3175 2105 3206 ποιεῖσθαι.
2127 3192 2168 3198 -

1320 3223 1390 3266 (20)
1408 3223 1569 3267 Diogenes
1582 3226 1733 3259 Laertius
1749 3226 1806 3260 lih.
1825 3227 1884 3267 IV,
1903 3229 1923 3258 6
1940 3227 2109 3265 Πλάτωνος
2125 3227 2263 3266 ἤκουσε,
2279 3227 2332 3259 καὶ

1279 3278 1322 3315 εἰς
1338 3277 1482 3310 Σικελίαν
1497 3279 1585 3320 αὐτῷ
1598 3280 1871 3321 συναπεδήμησεν.
1884 3297 1927 3305 -
1943 3279 2009 3321 (21)
2024 3279 2190 3313 Diodorus
2203 3280 2331 3311 Siculus

1281 3327 1337 3362 lib.
1359 3329 1429 3368 XV,
1448 3337 1518 3371 cap.
1541 3331 1581 3363 73
1605 3331 1671 3371 μετ’
1697 3331 1802 3372 ὀλίγον
1815 3332 1848 3364 δὲ
1864 3332 1976 3374 χρόνον
1997 3331 2158 3366 Διονύσιος
2176 3332 2217 3367 εἰς
2236 3330 2335 3372 ἀρ’ῥω-

1277 3381 1367 3415 στίαν
1390 3382 1537 3423 ἐμπεσὼν
1556 3384 1758 3424 ἐτελεύτησε,
1787 3385 1999 3420 δυναστεύσας
2022 3384 2074 3421 ἔτη
2098 3386 2267 3424 τριάκοντα
2281 3387 2335 3418 καὶ

1276 3435 1373 3468 ὀκτώ.
1386 3436 1509 3478 —(22)
1527 3437 1578 3470 Cf.
1595 3437 1858 3472 Aldobrandinus
1871 3437 1912 3470 ad
1930 3437 2062 3478 Diogen.
2078 3438 2184 3468 Laert
2199 3436 2254 3469 lib.
2272 3438 2330 3477 ΙΙΙ,

1280 3489 1331 3520 21.
1354 3505 1394 3514 --
