2508 3776
213 139 292 177 501

214 225 254 262 ἂν
285 217 331 262 ὧν
354 222 489 262 δέονται
510 221 608 274 παρὰ
630 222 698 259 τῶν
718 218 926 270 τιμώντων,
956 217 1018 258 καὶ
1047 221 1094 265 ὡς
1113 219 1250 274 σημείῳ

211 287 273 330 τ’ἧς
293 281 476 325 εὐπαθείας
496 281 659 333 χαίρουσι
678 282 720 331 τῇ
748 281 851 331 τιμῇ·
882 280 914 318 οἱ
945 277 980 317 δὲ
1004 278 1252 332 ἐπιεικέστεροι

211 342 271 382 καὶ
290 341 355 380 ὑπὸ
373 342 441 379 τῶν
463 341 624 378 ἐπιεικῶν
643 337 846 391 ὀρεγόμενοι
874 340 1044 388 τιμᾶσθαι
1066 336 1123 376 διὰ
1150 339 1253 376 τοῦτο

211 400 374 439 διώκουσι
387 398 450 445 τὴν
467 396 573 448 τιμήν
585 429 593 444 ,
611 400 664 435 ὅτι
685 395 838 450 ἐφίενται
857 396 1005 448 βεὸαίως
1021 397 1100 450 περὶ
1121 398 1251 436 ἑαυτῶν

210 460 252 499 τὰ
275 459 398 511 ἄριστα
416 456 690 507 ὑπολαμὸοίνειν·
716 455 898 507 βεὸαιοῦσι
918 454 954 495 δὲ
980 454 1042 500 τὰς
1061 454 1141 508 περὶ
1164 458 1249 494 ἑαυ-

209 535 277 558 των
307 517 440 568 ἀγαθὰς
460 516 514 555 80‘*
501 532 557 561 ας
577 519 620 569 τῇ
641 515 748 569 ψήφῳ
781 530 850 553 των
871 513 1068 567 τιμώντων·
1088 514 1252 568 χαίρουσι

209 578 250 624 δὴ
263 593 305 630 τῃ
326 575 501 624 τιμιότητι
518 576 682 637 ἐντεκῧθεν·
700 572 903 613 πιστεύουσι
917 578 933 597 ⁸
954 572 990 612 δὲ
1009 572 1186 617 ἑαυτους’
1166 589 1253 627 αγα-

208 636 285 680 θους
307 639 406 674 εἰναι·
423 634 462 674 τὸ
483 633 545 686 μὲν
565 638 623 674 οὖν
643 636 812 684 τιμᾶσθαι
841 634 886 672 δι’
900 633 987 672 ἄλλο
1011 634 1190 684 ζητεῖται,
1213 632 1253 671 τὸ

208 695 244 735 δὲ
261 695 480 748 φιλεῖσθαι,
462 696 506 734 σι’
526 694 641 733 ἑαυτό.
663 692 736 733 Καὶ
754 691 822 745 γὰρ
843 691 908 740 ἠδυ
930 707 991 730 και
1012 691 1193 746 φιλητόν’
1178 707 1252 731 εστι

207 757 286 794 καθ’
317 754 434 793 ἑαυτό·
459 754 511 793 διο
546 752 711 799 δόξειεν
694 768 736 791 αν
756 756 913 805 κρεῖττον
942 744 1031 790 εἶναι
1058 754 1122 790 τοῦ
1143 757 1251 802 τιμᾶ-

209 819 301 862 σθαι,
316 813 377 853 καὶ
398 813 530 867 ἡφιλία
551 812 586 851 δὲ
603 813 679 851 καθ’
695 810 824 858 ἑαυτὴν
840 810 961 863 αιρετὴ
976 813 1077 848 εἶναι·
1098 807 1252 862 ἐπεὶγὰρ

208 875 243 912 ἐν
256 876 306 925 τῷ
327 873 501 926 φιλεῖσθαι
515 871 575 911 καὶ
602 874 653 924 τῷ
674 872 786 923 φιλεῖν
801 870 1023 919 συνίσταται,
1041 872 1072 909 εἰ
1088 869 1251 923 ἑκάτερον

207 935 288 972 καθ’
310 931 414 972 ἑαυτό
426 933 443 956 b
471 933 562 971 ἐστιν
581 931 718 985 αἱρετόν
736 961 746 980 ,
765 929 911 985 φανερόν
923 960 933 979 ,
950 932 1004 969 ὅτι
1027 929 1088 969 καὶ
1106 933 1129 978 ἡ
1153 928 1252 984 φιλία

207 992 284 1031 καθ’
310 991 438 1039 ἑαυτὴν
459 991 582 1045 αἱρετή
605 993 711 1030 ἐστιν·
737 990 811 1030 ἔστι
834 990 876 1038 δὴ
894 992 932 1030 οὗ
952 990 1056 1042 μόνον
1083 990 1124 1030 τὸ
1139 990 1250 1043 φιλεῖ-

208 1056 288 1091 σθαι
305 1053 349 1091 δι’
368 1051 471 1091 ἑαυτὸ
489 1051 639 1104 αἱρετόν,
659 1050 752 1090 ἀλλὰ
771 1049 831 1091 καὶ
851 1049 890 1089 τὸ
907 1051 1035 1105 φιλεῖν,
1050 1049 1112 1090 καὶ
1132 1050 1252 1102 πολλῷ

209 1113 342 1163 μᾶλλον
357 1144 365 1163 ,
384 1111 456 1164 ὅσῳ
473 1111 534 1150 καὶ
554 1111 705 1164 βέλτιον.

261 1171 281 1191 *
301 1169 411 1211 ”Οθεν
428 1169 489 1210 καὶ
510 1174 531 1218 ἡ
552 1170 650 1223 φιλία
663 1172 698 1210 ἐν
716 1173 766 1223 τῷ
786 1172 898 1223 φιλεῖν
915 1171 990 1210 ἔστι
1006 1170 1155 1220 μᾶλλον,
1176 1168 1199 1216 ἢ
1214 1170 1249 1208 ἐν

206 1232 256 1284 τῷ
279 1232 467 1284 φιλεῖσθαι·
499 1235 644 1281 σημεῖον
663 1230 720 1279 δέ,
742 1232 777 1269 αἲ
796 1231 943 1283 μητέρες
959 1232 1010 1283 τῷ
1032 1229 1143 1282 φιλεῖν
1163 1227 1250 1280 χαί-

209 1305 330 1341 ρουσαι
344 1320 355 1339 ,
376 1289 436 1328 καὶ
455 1289 552 1342 παρὰ
570 1292 639 1328 τῶν
657 1291 786 1329 τέκνων
807 1292 1000 1364 φιλεῖσθαι
1004 1289 1042 1326 οὔ
1067 1289 1246 1334 ζητοῦσαι.

205 1347 328 1388 ”Ενιαι
345 1349 412 1402 γὰρ
435 1351 662 1388 ὑποποιουσιν
683 1349 806 1394 ἄλλαις
825 1349 870 1387 τὰ
890 1350 1023 1387 ἑαυτῶν
1037 1376 1047 1395 ,
1065 1346 1088 1394 ἢ
1107 1346 1167 1386 καὶ
1188 1347 1250 1386 ἄλ·

205 1409 275 1453 λως
294 1408 484 1448 διδόασιν’
468 1408 526 1447 επὶ
544 1411 595 1462 τῷ
609 1407 694 1461 παρ’
714 1410 827 1447 αὐτῶν
846 1424 906 1462 τρε
892 1407 1056 1461 ,’,φεσθαι
1073 1405 1134 1446 καὶ
1156 1407 1255 1457 ἀγνο-

206 1467 350 1519 σύμεναι
379 1484 418 1507 ου
449 1469 640 1521 φιλοῦνται·
674 1471 777 1507 αὗται
798 1467 835 1507 δὲ
855 1469 993 1520 φιλοῦσι
1017 1465 1078 1517 μὲν
1110 1467 1250 1515 εἷδυῒαι,

207 1527 461 1582 ἀντιφιλεῖσθαι
479 1528 508 1565 δ’
533 1528 570 1566 οὗ
589 1529 776 1576 ζητοῦσιν,
799 1526 859 1566 εὰν
876 1526 1059 1590 ἀμφότερα
1081 1523 1131 1577 μὴ
1154 1525 1253 1565 ἐνδέ-

205 1603 338 1648 χηται,
368 1588 447 1626 ἀλλ’
473 1587 593 1626 ἱκανὸν
616 1588 739 1631 αυταῖς
761 1585 872 1626 ἔοικεν
905 1591 1013 1635 εἶναι,
1042 1586 1103 1625 ἐὰν
1125 1588 1251 1639 ὁρῶσιν

206 1649 243 1684 εὖ
263 1645 464 1698 πάσχοντας
485 1645 565 1690 τους
583 1647 722 1690 παῖδας·
742 1648 877 1697 μᾶλλον
899 1645 936 1685 δὲ
956 1661 1018 1694 της
1041 1643 1159 1698 φιλίας
1189 1644 1252 1684 οὔ-

206 1721 268 1753 σης
286 1707 320 1744 ἐν
333 1709 383 1758 τῷ
405 1707 514 1760 φιλεῖν
531 1706 581 1753 ἢ’
567 1722 600 1744 εν
618 1722 667 1758 τῳ
689 1707 879 1759 φιλεῖσθαι,
898 1705 958 1745 καὶ
977 1708 1046 1744 τῶν
1061 1704 1251 1767 φιλοφίλων

206 1764 487 1815 επαινουμένων,
512 1766 621 1815 φίλων
642 1765 750 1818 ἀρετὴ
770 1765 809 1804 τὸ
829 1764 981 1817 φιλειν”
962 1781 1073 1805 εοικεν
1092 1769 1196 1806 εἶναι,

259 1823 302 1847 **
316 1822 464 1863 ”Ὠστε
449 1841 483 1862 εν
500 1828 548 1868 οἱς
567 1827 669 1862 τοῦτο
687 1823 819 1876 γίνεται
833 1823 1048 1872 κατ’ἀξίαν,
1069 1829 1162 1864 οὗτοι
1183 1823 1248 1876 μό-

207 1897 302 1932 νιμοι
322 1883 439 1935 φίλοι,
459 1882 519 1922 καὶ
544 1885 567 1930 ἡ
591 1884 659 1921 τῶν
680 1883 845 1922 τοιούτων
868 1883 966 1937 φιλία
989 1882 1152 1934 βεὸαία
1139 1883 1247 1922 εστίν.

207 1941 313 1980 Οὕτω
336 1942 372 1980 δὲ
403 1942 559 1993 γένοιντο
580 1941 621 1980 ἂν
654 1942 715 1980 καὶ
747 1943 779 1980 οἱ
801 1941 914 1982 ἄνισοι
948 1942 1064 1996 φίλοι,
1098 1945 1127 1982 εἷ
1149 1941 1253 1988 ἀξίως

208 2000 379 2048 ἀλλήλους
413 2003 583 2054 φιλοῦσιν·
614 1999 683 2040 ἴσοι
715 1999 784 2053 γὰρ
818 2000 859 2039 ἂν
889 2001 1054 2049 ἀλλήλοις
1079 2000 1170 2040 οὕτω
1196 2002 1254 2054 γέ-

206 2068 329 2099 νοιντο·
347 2064 370 2109 ἡ
389 2060 423 2100 δὲ
445 2061 564 2108 ἰσότης
583 2060 739 2112 φιλότης.

263 2120 435 2172 (Scripsi
458 2135 466 2158 :
488 2125 503 2143 ⁸
525 2122 692 2159 ἐντεῦθεν·
714 2119 943 2172 πιστεύουσι]
965 2121 1051 2161 cod.
1083 2121 1251 2159 ἐντεῦθεν·

208 2179 444 2222 πιστεύουσιν.
466 2201 520 2211 -
537 2182 552 2207 b
569 2180 697 2230 ἑαυτό]
725 2180 811 2221 cod.
833 2179 972 2220 ἑαυτόν.
990 2179 1063 2232 -)

637 2292 730 2343 Κεφ.
765 2289 826 2328 ια’.

242 2409 320 2450 Περὶ
339 2408 542 2450 βεὸαιὸτητος
562 2409 662 2450 φιλίας
676 2433 683 2440 .
705 2409 762 2440 καὶ
780 2407 873 2440 πόθεν
889 2407 925 2440 τό
939 2419 971 2440 τε
993 2408 1093 2450 φιλεῖν
1110 2407 1217 2440 καὶτὸ

644 2457 812 2498 φιλεῖσθαι.

264 2558 361 2606 Αὕτη
381 2558 425 2606 δὴ
444 2562 464 2606 ἡ
486 2559 648 2609 ὁμοιότης
668 2560 701 2598 ἐν
718 2559 781 2609 μὲν
795 2558 864 2603 τοῖς
879 2558 1079 2603 σπουδαίοις
1097 2558 1252 2608 μάλιστα

208 2619 266 2657 καὶ
286 2618 412 2670 κυρίως
433 2618 641 2669 εὑρίσκεται·
662 2619 696 2656 ἐν
716 2618 752 2657 δὲ
769 2624 840 2664 τοῖς
859 2618 1004 2673 φαύλοις
1024 2619 1198 2670 ἀμυδρῶς·
1216 2619 1251 2657 ἓν

209 2676 245 2716 δὲ
265 2682 335 2720 τοῖς
357 2677 413 2714 διὰ
433 2677 472 2715 τὸ
491 2677 665 2730 χρήσιμον
682 2677 741 2716 καὶ
756 2677 819 2725 ἡδύ
834 2709 842 2725 ,
865 2678 1013 2729 μᾶλλον.
1037 2678 1084 2716 Οἱ
1107 2675 1169 2727 μὲν
1184 2676 1251 2730 γὰρ

209 2738 392 2776 σπουδαῖοι
411 2738 471 2775 καὶ
488 2739 622 2781 ἑαυτοῖς
643 2737 755 2789 ὅμοιοί
776 2740 874 2776 εἰσιν·
899 2739 937 2777 οὗ
958 2736 1026 2790 γὰρ
1049 2736 1249 2787 εὖμετάὸο-

208 2797 386 2841 λοίεῖσιν,
415 2796 492 2835 οὐδὲ
521 2796 647 2836 ἄλλοτε
680 2797 798 2841 ἄλλοις
826 2796 1033 2850 χαίρουσιν,
1062 2795 1154 2835 ἀλλὰ
1181 2804 1252 2842 τοῖς

211 2853 409 2898 σπουδαίοις
430 2854 551 2907 ἔργοις·
576 2855 718 2905 μόνιμος
738 2855 805 2908 γὰρ
829 2860 851 2903 ἡ
869 2857 974 2910 ἀρετὴ
1006 2860 1058 2898 ὅτι
1078 2858 1144 2906 ἕξις
1159 2858 1251 2908 ἔστί,

209 2914 270 2952 καὶ
289 2913 346 2952 διὰ
361 2917 463 2953 τοῦτο
489 2914 550 2953 καὶ
574 2914 738 2961 ἀλλήλοις
763 2916 816 2953 ἀεὶ
844 2916 958 2965 ὅμοιοί
979 2921 1067 2968 εἶσι,
1089 2919 1148 2958 καὶ
1171 2920 1250 2957 δια-

213 2972 380 3024 μένουσιν
403 2975 438 3012 ε’ν
459 2976 502 3027 τῇ
521 2973 630 3027 φιλίᾳ·
651 2974 710 3012 καὶ
730 2973 808 3013 οὔτε
828 2975 962 3014 δέονται
987 2977 1127 3030 φαύλων
1142 3008 1152 3027 ,
1182 2977 1253 3016 οὔθ’

211 3036 424 3086 ὖπηρετοῧσι
456 3036 624 3084 τοιαῦτα,
669 3035 747 3072 ἀλλ’
779 3037 825 3079 ὡς
862 3037 970 3074 εἰπεῖν
984 3069 994 3087 ,
1026 3037 1087 3076 καὶ
1120 3039 1252 3077 διακω-

211 3092 343 3132 λύουσι·
374 3093 444 3130 τῶν
477 3093 616 3142 ἀγαθῶν
646 3091 713 3145 γὰρ
751 3094 832 3143 μήτ’
870 3094 992 3140 αὐτοὺς
1020 3096 1252 3148 ἁμαρτάνειν,

213 3151 302 3203 μήτε
331 3154 402 3195 τοῖς
431 3150 541 3206 φίλοις
562 3152 761 3204 ἐπιτρέπειν
785 3155 981 3201 ὑπηρετεῖν·
1010 3157 1040 3194 οἱ
1061 3155 1096 3194 δὲ
1117 3160 1254 3208 μοχθη-

214 3211 265 3262 ροὶ
293 3210 352 3250 καὶ
366 3215 467 3250 τοῦτο
489 3210 661 3264 μοχθηροί
684 3211 790 3259 εἰσιν,
807 3211 859 3250 ὅτι
881 3214 943 3251 οὐκ
971 3214 1024 3252 ἀεὶ
1045 3220 1116 3258 τοῖς
1137 3214 1254 3259 αὐτοῖς

995 130 1270 173 ANDRONICI
1301 131 1480 173 RHODII

1314 235 1432 268 spem:
1450 224 1573 267 quihus
1588 224 1676 258 enim
1694 233 1730 258 se
1752 234 1847 267 egere
1871 225 2001 266 sciunt,
2025 236 2064 261 ea
2083 236 2119 262 se
2131 227 2197 262 ab
2188 228 2229 262 lis
2249 227 2356 276 aqui-

1314 277 1376 311 bus
1411 277 1626 317 honorantur,
1655 279 1892 310 consecuturos
1932 287 2003 311 esse
2041 281 2179 322 putant,
2214 279 2357 327 ideoque
2400 302 2402 305 -

1313 332 1471 373 tanquam
1487 329 1593 362 futuri
1606 329 1755 363 beneficii
1771 330 1873 372 signo,
1896 331 2020 365 honore
2036 331 2093 366 illo
2117 332 2358 376 delectantium

1315 384 1465 417 meliores
1488 393 1568 417 vero
1586 385 1619 416 et
1637 384 1695 427 qui
1723 384 1823 417 simul
1848 393 1868 417 a
1890 384 2082 419 melioribus
2101 387 2255 422 honorari
2281 383 2357 423 stu-

1313 436 1408 475 dent,
1442 436 1516 469 ideo
1555 436 1670 468 honoli
1699 435 1903 476 inserviunt,
1923 437 2031 480 quod
2062 437 2204 473 libenter
2231 435 2357 483 optimo

1312 485 1454 537 quaeque
1469 493 1511 526 de
1523 501 1558 526 se
1572 502 1673 535 quam
1694 492 1881 525 firmissime
1901 492 1963 525 sibi
1979 494 2176 535 persuadere
2183 491 2356 543 gestiunt*

1313 555 1397 589 quas
1412 545 1499 578 enim
1511 545 1552 579 de
1565 554 1600 578 se
1613 545 1734 578 habent
1749 544 1918 586 opiniones
1930 544 2052 584 bonas,
2075 554 2189 579 eorum
2201 556 2221 580 a
2233 544 2358 591 quibus

1313 600 1516 632 honorantur
1537 597 1697 640 suffragio
1713 598 1935 631 confirmant:
1955 600 2056 641 atque
2068 598 2147 632 hinc
2164 600 2359 642 praesta-ff·

1314 662 1373 686 sua
1387 652 1594 686 delectantur
1611 661 1619 680 :
1642 651 1743 684 bonos
1762 650 1848 684 enim
1866 659 1901 684 se
1920 660 1991 684 esse
2015 651 2208 686 confidunt:
2227 652 2352 695 houm

1313 715 1388 747 ergo
1412 704 1499 737 affici
1510 704 1553 737 ob
1570 703 1676 742 aliud,
1694 703 1797 736 amari
1817 712 1896 736 vero
1909 712 1967 745 per
1986 712 2021 736 se
2037 703 2285 747 concupiscunt.
2293 704 2362 742 ln·

1314 757 1459 790 eundum
1471 756 1592 800 quippe
1611 765 1670 799 per
1695 764 1730 789 se
1757 757 1807 788 est
1830 757 1864 788 et
1882 755 2023 789 amabile
2046 765 2054 786 ε
2076 755 2231 799 quocirca
2239 757 2354 792 „enam

1314 812 1387 843 tum
1401 810 1521 843 melius
1538 819 1640 852 quam
1655 809 1778 842 honore
1802 809 1930 848 ornari,
1947 811 2020 842 tum
2041 818 2102 852 per
2125 819 2160 843 se
2177 810 2361 854 exputanda

1315 872 1386 897 esse
1404 862 1548 896 amicitia
1568 862 1722 895 videatur
1739 875 1748 895 ε
1777 871 1883 904 quum
1911 861 1998 894 enim
2028 861 2062 895 in
2079 870 2119 895 eo
2137 863 2300 904 versetur,
2318 865 2359 904 ut

1315 917 1444 950 ametur
1457 915 1577 958 aliquis
1597 917 1631 948 et
1649 917 1752 953 amet,
1768 915 1796 948 si
1815 917 1996 958 utrumque
2008 925 2067 958 per
2086 924 2122 949 se
2137 913 2359 962 expetendum

1314 973 1375 1008 est,
1393 969 1528 1012 apparet
1554 969 1733 1002 amicitiam
1745 969 1855 1001 etiam
1880 977 1939 1010 per
1958 978 1993 1002 se
2020 969 2239 1012 expetendam
2255 967 2329 1005 esse
2347 982 2357 1003 ε

1315 1025 1364 1056 est
1380 1022 1482 1064 igitur
1494 1031 1559 1054 non
1583 1021 1690 1054 solum
1705 1020 1823 1059 amari,
1853 1021 1911 1054 sed
1934 1021 2034 1054 etiam
2051 1030 2162 1055 amare
2177 1031 2232 1056 res
2247 1027 2309 1066 p'er
2323 1032 2359 1058 se
2375 1015 2377 1017 ’

1314 1075 1511 1119 expetenda,
1533 1076 1567 1108 et
1585 1074 1720 1117 quidem
1735 1074 1843 1106 multo
1866 1074 1988 1118 magis,
2011 1077 2138 1118 quanto
2162 1075 2238 1112 aliis
2259 1075 2361 1146 rebus
2391 1114 2396 1119 ,

1315 1132 1580 1215 Ρΐέειιίἒῐῐῐίοδιοηι
1594 1175 1739 1209 amicitia
1759 1185 1892 1218 quoque
1916 1175 2019 1218 magis
2033 1177 2069 1210 in
2080 1186 2120 1211 eo
2137 1179 2305 1222 versatu,
2312 1178 2363 1218 ut

1314 1229 1390 1272 quis
1412 1230 1517 1266 amet,
1538 1236 1640 1270 quam
1659 1228 1698 1260 ut
1715 1229 1844 1260 ametur
1859 1239 1867 1259 :
1885 1227 2031 1260 indicant
2046 1228 2110 1261 hoe
2126 1230 2262 1272 matres,
2282 1239 2363 1274 qun

1314 1294 1353 1318 eo
1368 1285 1440 1327 ipso
1454 1283 1545 1327 quod
1566 1286 1677 1316 amant
1692 1292 1887 1326 magnopere
1908 1283 2086 1324 laetantur,
2105 1283 2165 1318 sed
2183 1286 2306 1329 tamen⁴
2319 1287 2363 1330 nt

1314 1350 1334 1372 a
1351 1339 1462 1372 liberis
1478 1338 1691 1372 redamentur
1715 1337 1798 1370 nihil
1817 1337 1978 1370 laborant.
2001 1336 2163 1375 Qnaedam
2184 1337 2272 1377 euim
2286 1336 2366 1386 41114,

1314 1403 1392 1429 suos
1422 1395 1466 1428 ad
1496 1396 1627 1436 tempus
1658 1395 1861 1436 supponunt,
1894 1395 1952 1425 aut
1980 1394 2142 1436 praeterea
2168 1392 2362 1432 nutriendos

1313 1449 1393 1482 dant
1420 1448 1559 1485 liberos,
1596 1456 1616 1479 a
1645 1445 1768 1488 quibus
1799 1455 1905 1489 quum
1936 1445 2137 1488 ignorentur,
2167 1445 2273 1480 amari
2295 1455 2370 1492 non

1314 1501 1478 1542 possunt.
1495 1499 1576 1541 ipsae
1594 1500 1705 1530 tamen
1733 1506 1810 1540 quae
1831 1498 1952 1529 norunt
1970 1505 2027 1530 eos
2054 1498 2186 1538 amant,
2214 1505 2280 1530 non
2295 1499 2363 1531 eui

1313 1560 1424 1591 rantes
1439 1559 1478 1590 ut
1494 1556 1716 1593 redamentur,
1741 1554 1769 1587 si
1789 1556 1970 1597 utrumque
1987 1553 2055 1587 fieri
2083 1563 2147 1587 non
2161 1555 2284 1598 possit,
2303 1546 2362 1590 sed

1314 1610 1395 1644 satis
1411 1610 1533 1642 habere
1551 1609 1612 1642 sibi
1634 1608 1800 1646 videntur,
1822 1607 1850 1640 si
1864 1605 2051 1639 fortunatos
2073 1606 2231 1640 videant:
2254 1605 2366 1652 quum'

1314 1672 1390 1705 ergo
1403 1663 1507 1704 magis
1522 1661 1557 1694 in
1578 1671 1617 1694 eo
1628 1687 1636 1702 ‚
1651 1663 1690 1693 ut
1702 1662 1791 1694 amet
1810 1660 1930 1703 aliquis
1956 1669 2058 1702 quam
2082 1662 2121 1693 ut
2137 1662 2278 1702 ametur,
2291 1668 2365 1695 veri

1317 1718 1409 1749 setur
1434 1714 1589 1753 amicitia,
1611 1716 1644 1747 et
1662 1714 1844 1747 amicorum
1872 1713 2014 1746 studiosi
2036 1712 2226 1753 laudentur,
2253 1713 2364 1749 virtus

1318 1769 1501 1803 amicorum
1516 1768 1650 1802 videtur
1665 1777 1736 1802 esse
1751 1776 1873 1801 amare.
2028 1774 2032 1778 ⁴

1358 1832 1476 1872 ltaque
1491 1830 1526 1862 in
1546 1829 1670 1872 quibus
1688 1828 1750 1861 hoc
1768 1829 1819 1860 est
1844 1836 1905 1870 pro
1923 1825 2100 1869 dignitate,
2125 1825 2150 1860 ii
2176 1827 2372 1863 annotantes

1316 1889 1480 1923 habentur
1510 1889 1626 1927 amici,
1652 1887 1840 1930 taliumque
1862 1886 2006 1920 amicitia
2029 1886 2124 1920 finna
2154 1888 2216 1920 est.
2239 1884 2364 1921 Verum

1315 1949 1363 1982 ita
1378 1948 1559 1991 inaequales
1577 1957 1712 1991 quoque
1727 1974 1734 1986 ,
1752 1947 1781 1981 si
1798 1956 1858 1990 pro
1872 1946 2034 1990 dignitate
2054 1946 2140 1981 alter
2152 1946 2297 1981 alterum
2310 1955 2364 1981 ω-

1316 2009 1378 2047 lat,
1399 2008 1495 2041 amici
1515 2008 1584 2041 lieri
1599 2009 1723 2050 queant
1742 2021 1750 2040 :
1765 2007 1814 2040 ita
1825 2007 1911 2041 enim
1931 2007 2075 2050 aequales
2090 2006 2177 2041 inter
2195 2015 2233 2041 se
2250 2005 2335 2041 fiant
2349 2017 2360 2039 ι

1316 2067 1490 2111 aequalitas
1510 2069 1622 2101 autem
1644 2066 1788 2100 amicitia
1801 2068 1863 2100 est.

1767 2282 1846 2324 Gap.
1870 2282 1926 2314 xl.

1398 2407 1438 2434 De
1452 2404 1614 2434 stabilitate
1626 2403 1776 2438 amicitiae,
1790 2405 1880 2440 atque
1893 2402 1976 2432 unde
2011 2408 2114 2432 amare
2125 2404 2157 2432 et
2172 2402 2277 2433 amari.

1358 2566 1437 2598 Haeo
1449 2573 1527 2598 sane
1542 2563 1724 2597 similitudo
1737 2563 1822 2597 inter
1835 2563 1938 2596 bonos
1955 2563 2046 2597 viros
2061 2563 2207 2597 maxime
2227 2573 2266 2598 ac
2281 2572 2360 2608 pro—

1317 2624 1387 2668 prie
1404 2624 1571 2657 invenitur
1597 2633 1605 2652 :
1630 2623 1717 2656 inter
1741 2623 1846 2656 malos
1870 2625 1983 2656 autem
2008 2623 2160 2656 homines
2173 2619 2233 2656 rix
2260 2632 2362 2666 appa-

1317 2686 1368 2718 ret
1397 2695 1406 2716 :
1431 2683 1466 2716 in
1482 2682 1525 2716 iis
1545 2692 1624 2716 vero
1650 2683 1709 2726 qui
1743 2682 1897 2716 utilitatis
1921 2684 1980 2716 aut
2006 2681 2233 2716 delectationis
2263 2691 2362 2716 causa
2417 2702 2424 2709 -
2474 2679 2476 2686 ’

1317 2746 1446 2783 amant,
1463 2742 1579 2785 magis.
1602 2742 1701 2775 Probi
1716 2742 1803 2775 enirn
1820 2743 1907 2775 inter
1922 2751 1959 2775 se
1972 2750 2106 2784 quoque
2121 2741 2244 2775 similes
2258 2743 2356 2777 sunt:

1316 2813 1422 2847 neque
1444 2803 1532 2837 enim
1567 2803 1788 2836 inconstantes
1819 2804 1914 2842 sunt,
1945 2803 2003 2835 aut
2032 2801 2114 2835 alias
2137 2801 2211 2835 aliis
2237 2801 2358 2842 rebus,

1317 2864 1374 2897 sed
1395 2863 1491 2896 bonis
1519 2865 1650 2895 tantum
1683 2862 1883 2895 facinoribus
1915 2861 2122 2896 delectantur
2155 2875 2164 2895 ι
2202 2861 2359 2895 nimirum

1323 2923 1450 2956 stabilis
1468 2922 1578 2955 virtus
1596 2924 1665 2961 est,
1681 2922 1759 2964 quia
1780 2923 1830 2954 est
1843 2920 1988 2959 habitus,
2005 2919 2144 2963 ideoque
2162 2927 2292 2962 semper
2308 2917 2362 2951 in-

1318 2984 1368 3015 ter
1382 2992 1416 3015 se
1427 2984 1504 3015 sunt
1517 2982 1650 3022 similes,
1666 2983 1767 3024 atque
1782 2981 1816 3013 in
1841 2979 1986 3013 amicitia
2001 2981 2135 3012 manent
2156 2977 2238 3012 :sed
2254 2986 2362 3021 neque

1317 3041 1406 3084 quod
1425 3043 1522 3084 turpe
1540 3043 1590 3074 est
1610 3040 1800 3084 postulant,
1825 3048 1932 3082 neque
1955 3038 1989 3071 in
2009 3038 2132 3071 talibus
2141 3035 2310 3070 ministros
2325 3045 2361 3070 se

1318 3100 1483 3143 praebent,
1509 3100 1567 3133 sed
1583 3099 1825 3143 quodammodo
1853 3087 2044 3140 hujusmodi
2070 3105 2123 3130 res
2147 3095 2330 3139 impediunt
2349 3104 2358 3125 =

1318 3161 1368 3193 est
1387 3159 1474 3193 enim
1491 3159 1653 3193 bonorum
1679 3167 1786 3202 neque
1805 3157 2012 3200 delinquere,
2042 3165 2149 3199 neque
2169 3154 2361 3198 permittere

1318 3219 1450 3258 amicis,
1467 3221 1506 3252 ut
1519 3219 1635 3252 talium
1653 3217 1837 3252 administri
1851 3217 1917 3250 sint
1929 3230 1938 3250 :
1952 3215 2093 3259 improbi
2108 3223 2188 3249 vero
2203 3214 2305 3248 etiam
2316 3223 2358 3248 ex

257 3356 271 3372 *
295 3359 393 3388 Δοκεῖ
409 3356 442 3388 δὲ
459 3356 492 3389 ἐν
509 3357 556 3396 τῷ
579 3356 680 3397 φιλεῖν
697 3355 766 3387 κτλ.
788 3373 830 3379 —-
846 3355 883 3375 **
902 3355 1005 3388 ”Ωστε
1022 3357 1054 3388 ἐν
1072 3356 1120 3393 οἷς
1143 3360 1240 3389 τοῦτο
1263 3357 1386 3399 γίνεται
1403 3359 1471 3390 κτλ,
