<?xml version="1.0" encoding="UTF-8"?>
<!DOCTYPE html PUBLIC "-//W3C//DTD XHTML 1.0 Transitional//EN"
    "http://www.w3.org/TR/xhtml1/DTD/xhtml1-transitional.dtd">
<html xmlns="http://www.w3.org/1999/xhtml" xml:lang="en" lang="en">
 <head>
  <title>
</title>
<meta http-equiv="Content-Type" content="text/html;charset=utf-8" />
  <meta name='ocr-system' content='tesseract 3.04.00' />
  <meta name='ocr-capabilities' content='ocr_page ocr_carea ocr_par ocr_line ocrx_word'/>
</head>
<body>
  <div class='ocr_page' id='page_1' title='image "./fragmentaphiloso03mulluoft/fragmentaphiloso03mulluoft_0367.png"; bbox 0 0 2508 3776; ppageno 0'>
   <div class='ocr_carea' id='block_1_1' title="bbox 0 252 285 3266">
    <p class='ocr_par' dir='ltr' id='par_1_1' title="bbox 0 252 285 3266">
     <span class='ocr_line' id='line_1_1' title="bbox 0 252 285 490; baseline 0.032 -124"><span class='ocrx_word' id='word_1_1' title='bbox 0 252 285 490; x_wconf 95' lang='lat' dir='ltr'><strong>     </strong></span> 
     </span>
     <span class='ocr_line' id='line_1_2' title="bbox 0 490 248 664; baseline 0 0"><span class='ocrx_word' id='word_1_2' title='bbox 0 490 248 664; x_wconf 95' lang='lat' dir='ltr'><strong>   </strong></span> 
     </span>
     <span class='ocr_line' id='line_1_3' title="bbox 0 664 244 846; baseline 0 -1"><span class='ocrx_word' id='word_1_3' title='bbox 0 664 244 846; x_wconf 95' lang='lat' dir='ltr'><strong>    </strong></span> 
     </span>
     <span class='ocr_line' id='line_1_4' title="bbox 0 846 221 1021; baseline 0 -116"><span class='ocrx_word' id='word_1_4' title='bbox 0 846 221 1021; x_wconf 95' lang='lat' dir='ltr'><strong>   </strong></span> 
     </span>
     <span class='ocr_line' id='line_1_5' title="bbox 0 1021 230 1143; baseline 0.043 -9"><span class='ocrx_word' id='word_1_5' title='bbox 0 1021 230 1143; x_wconf 95' lang='lat' dir='ltr'><strong>   </strong></span> 
     </span>
     <span class='ocr_line' id='line_1_6' title="bbox 0 1143 205 1262; baseline 0.01 -64"><span class='ocrx_word' id='word_1_6' title='bbox 0 1143 205 1262; x_wconf 95' lang='lat' dir='ltr'><strong>    </strong></span> 
     </span>
     <span class='ocr_line' id='line_1_7' title="bbox 0 1262 263 1500; baseline 0 -3"><span class='ocrx_word' id='word_1_7' title='bbox 0 1262 263 1500; x_wconf 95' lang='lat' dir='ltr'><strong>      </strong></span> 
     </span>
     <span class='ocr_line' id='line_1_8' title="bbox 0 1500 248 1672; baseline 0 -118"><span class='ocrx_word' id='word_1_8' title='bbox 0 1500 248 1672; x_wconf 95' lang='lat' dir='ltr'><strong>   </strong></span> 
     </span>
     <span class='ocr_line' id='line_1_9' title="bbox 0 1672 117 1969; baseline 0 -125"><span class='ocrx_word' id='word_1_9' title='bbox 0 1672 117 1969; x_wconf 95' lang='lat' dir='ltr'><strong>     </strong></span> 
     </span>
     <span class='ocr_line' id='line_1_10' title="bbox 0 1969 102 2260; baseline 0 -57"><span class='ocrx_word' id='word_1_10' title='bbox 0 1969 102 2260; x_wconf 95' lang='lat' dir='ltr'><strong>     </strong></span> 
     </span>
     <span class='ocr_line' id='line_1_11' title="bbox 0 2260 96 2450; baseline 0 -154"><span class='ocrx_word' id='word_1_11' title='bbox 0 2260 96 2450; x_wconf 95' lang='lat' dir='ltr'><strong>   </strong></span> 
     </span>
     <span class='ocr_line' id='line_1_12' title="bbox 0 2678 260 2916; baseline 0.012 -124"><span class='ocrx_word' id='word_1_12' title='bbox 0 2678 260 2916; x_wconf 95' lang='lat' dir='ltr'><strong>      </strong></span> 
     </span>
     <span class='ocr_line' id='line_1_13' title="bbox 0 3028 223 3266; baseline 0 -59"><span class='ocrx_word' id='word_1_13' title='bbox 0 3028 223 3266; x_wconf 95' lang='lat' dir='ltr'><strong>    </strong></span> 
     </span>
    </p>
   </div>
   <div class='ocr_carea' id='block_1_2' title="bbox 146 281 1173 816">
    <p class='ocr_par' dir='ltr' id='par_1_2' title="bbox 147 281 1173 345">
     <span class='ocr_line' id='line_1_14' title="bbox 207 281 1173 345; baseline 0.007 -22.591"><span class='ocrx_word' id='word_1_14' title='bbox 207 311 267 345; x_wconf 54' lang='lat'><strong>1:⁴5:</strong></span> <span class='ocrx_word' id='word_1_15' title='bbox 269 296 298 327; x_wconf 82' lang='grc' dir='ltr'><strong>ν</strong></span> <span class='ocrx_word' id='word_1_16' title='bbox 316 281 494 336; x_wconf 75' lang='grc' dir='ltr'>ἂμαρτίαν</span> <span class='ocrx_word' id='word_1_17' title='bbox 513 284 545 323; x_wconf 72' lang='grc' dir='ltr'>οἱ</span> <span class='ocrx_word' id='word_1_18' title='bbox 563 283 740 337; x_wconf 86' lang='grc' dir='ltr'>ἄνθρωποι</span> <span class='ocrx_word' id='word_1_19' title='bbox 766 286 902 339; x_wconf 80' lang='grc' dir='ltr'>ἄδικοι,</span> <span class='ocrx_word' id='word_1_20' title='bbox 919 286 943 335; x_wconf 81' lang='grc' dir='ltr'>ἢ</span> <span class='ocrx_word' id='word_1_21' title='bbox 963 287 1050 334; x_wconf 78' lang='grc' dir='ltr'>ὅλως</span> <span class='ocrx_word' id='word_1_22' title='bbox 1069 289 1173 329; x_wconf 72' lang='grc' dir='ltr'>κακοὶ</span> 
     </span>
    </p>

    <p class='ocr_par' dir='ltr' id='par_1_3' title="bbox 169 340 1173 816">
     <span class='ocr_line' id='line_1_15' title="bbox 181 340 1170 398; baseline 0.007 -16"><span class='ocrx_word' id='word_1_23' title='bbox 181 350 184 355; x_wconf 92' lang='grc'><strong>’</strong></span> <span class='ocrx_word' id='word_1_24' title='bbox 219 373 228 390; x_wconf 68' lang='grc' dir='ltr'><strong>ι.</strong></span> <span class='ocrx_word' id='word_1_25' title='bbox 276 341 359 387; x_wconf 56' lang='grc' dir='ltr'><strong>»Αἱ</strong></span> <span class='ocrx_word' id='word_1_26' title='bbox 372 340 415 391; x_wconf 80' lang='grc' dir='ltr'><strong>δὴ</strong></span> <span class='ocrx_word' id='word_1_27' title='bbox 435 347 593 384; x_wconf 89' lang='grc' dir='ltr'>τοιαυται</span> <span class='ocrx_word' id='word_1_28' title='bbox 618 344 758 398; x_wconf 78' lang='grc' dir='ltr'>πράξεις</span> <span class='ocrx_word' id='word_1_29' title='bbox 776 350 843 389; x_wconf 70' lang='grc' dir='ltr'><strong>ουκ</strong></span> <span class='ocrx_word' id='word_1_30' title='bbox 858 346 945 387; x_wconf 72' lang='grc' dir='ltr'>εἰσὶν</span> <span class='ocrx_word' id='word_1_31' title='bbox 960 353 975 371; x_wconf 82' lang='lat'><strong>⁰</strong></span> <span class='ocrx_word' id='word_1_32' title='bbox 992 349 1170 389; x_wconf 84' lang='grc' dir='ltr'>ἀκούσιοι·</span> 
     </span>
     <span class='ocr_line' id='line_1_16' title="bbox 221 401 1171 455; baseline 0.007 -14.257"><span class='ocrx_word' id='word_1_33' title='bbox 221 401 298 441; x_wconf 64' lang='grc' dir='ltr'><strong>ὗν</strong></span> <span class='ocrx_word' id='word_1_34' title='bbox 312 403 356 454; x_wconf 82' lang='grc' dir='ltr'><strong>τῇ</strong></span> <span class='ocrx_word' id='word_1_35' title='bbox 378 405 578 455; x_wconf 84' lang='grc' dir='ltr'>προαιρέσει</span> <span class='ocrx_word' id='word_1_36' title='bbox 599 402 722 455; x_wconf 77' lang='grc' dir='ltr'>ἄγνοια</span> <span class='ocrx_word' id='word_1_37' title='bbox 734 433 745 454; x_wconf 92' lang='grc'><strong>,</strong></span> <span class='ocrx_word' id='word_1_38' title='bbox 767 404 844 453; x_wconf 86' lang='grc' dir='ltr'>ἥτις</span> <span class='ocrx_word' id='word_1_39' title='bbox 863 405 958 446; x_wconf 77' lang='grc' dir='ltr'>ἐστὶν</span> <span class='ocrx_word' id='word_1_40' title='bbox 987 407 1083 447; x_wconf 80' lang='grc' dir='ltr'>αἰτία</span> <span class='ocrx_word' id='word_1_41' title='bbox 1102 423 1171 447; x_wconf 85' lang='grc' dir='ltr'><strong>των</strong></span> 
     </span>
     <span class='ocr_line' id='line_1_17' title="bbox 176 459 1173 537; baseline 0.008 -38"><span class='ocrx_word' id='word_1_42' title='bbox 176 501 195 537; x_wconf 58' lang='grc' dir='ltr'><strong>,ιι</strong></span> <span class='ocrx_word' id='word_1_43' title='bbox 231 487 233 490; x_wconf 94' lang='grc'>-</span> <span class='ocrx_word' id='word_1_44' title='bbox 272 488 286 512; x_wconf 90' lang='grc'>,</span> <span class='ocrx_word' id='word_1_45' title='bbox 319 461 383 501; x_wconf 80' lang='grc' dir='ltr'><strong>οὔκ</strong></span> <span class='ocrx_word' id='word_1_46' title='bbox 412 459 508 501; x_wconf 82' lang='grc' dir='ltr'>ἔστιν</span> <span class='ocrx_word' id='word_1_47' title='bbox 538 462 636 503; x_wconf 84' lang='grc' dir='ltr'>αἰτία</span> <span class='ocrx_word' id='word_1_48' title='bbox 669 478 730 503; x_wconf 85' lang='grc' dir='ltr'><strong>του</strong></span> <span class='ocrx_word' id='word_1_49' title='bbox 763 465 954 515; x_wconf 80' lang='grc' dir='ltr'><strong>ἀκουσίου,</strong></span> <span class='ocrx_word' id='word_1_50' title='bbox 989 466 1082 506; x_wconf 82' lang='grc' dir='ltr'>ἀλλὰ</span> <span class='ocrx_word' id='word_1_51' title='bbox 1111 483 1173 516; x_wconf 89' lang='grc' dir='ltr'><strong>της</strong></span> 
     </span>
     <span class='ocr_line' id='line_1_18' title="bbox 172 519 1172 634; baseline 0.005 -15.035"><span class='ocrx_word' id='word_1_52' title='bbox 172 574 206 596; x_wconf 59' lang='lat'><strong>⁴2</strong></span> <span class='ocrx_word' id='word_1_53' title='bbox 230 519 864 634; x_wconf 50' lang='lat' dir='ltr'><strong>‘fa‘ss‘mssg&#39;ff{fssssoi‘ssitisslfjiss</strong></span> <span class='ocrx_word' id='word_1_54' title='bbox 882 524 1172 634; x_wconf 57' lang='grc' dir='ltr'><strong>ΣΪέυσῗῘΪηὲλῗΞ</strong></span> 
     </span>
     <span class='ocr_line' id='line_1_19' title="bbox 146 619 1172 716; baseline 0.007 -39.306"><span class='ocrx_word' id='word_1_55' title='bbox 146 619 366 716; x_wconf 67' lang='grc' dir='ltr'>ιᾶγνοη-σαι</span> <span class='ocrx_word' id='word_1_56' title='bbox 396 653 548 692; x_wconf 81' lang='grc' dir='ltr'>μερικως</span> <span class='ocrx_word' id='word_1_57' title='bbox 571 639 676 687; x_wconf 81' lang='grc' dir='ltr'>τήνδε</span> <span class='ocrx_word' id='word_1_58' title='bbox 696 640 760 688; x_wconf 80' lang='grc' dir='ltr'><strong>τὴν</strong></span> <span class='ocrx_word' id='word_1_59' title='bbox 784 641 942 692; x_wconf 80' lang='grc' dir='ltr'>μέθοδον·</span> <span class='ocrx_word' id='word_1_60' title='bbox 964 637 1058 692; x_wconf 74' lang='grc' dir='ltr'>οἷον,</span> <span class='ocrx_word' id='word_1_61' title='bbox 1090 644 1172 698; x_wconf 78' lang='grc' dir='ltr'>φέρε</span> 
     </span>
     <span class='ocr_line' id='line_1_20' title="bbox 169 699 1170 754; baseline 0.005 -16"><span class='ocrx_word' id='word_1_62' title='bbox 169 742 173 753; x_wconf 87' lang='grc' dir='ltr'>ι</span> <span class='ocrx_word' id='word_1_63' title='bbox 212 721 216 725; x_wconf 88' lang='grc'><strong>-</strong></span> <span class='ocrx_word' id='word_1_64' title='bbox 246 726 260 748; x_wconf 84' lang='grc'>,</span> <span class='ocrx_word' id='word_1_65' title='bbox 277 700 341 739; x_wconf 70' lang='grc' dir='ltr'>οὐκ</span> <span class='ocrx_word' id='word_1_66' title='bbox 374 699 492 739; x_wconf 73' lang='grc' dir='ltr'>εἰδότα</span> <span class='ocrx_word' id='word_1_67' title='bbox 513 699 620 753; x_wconf 85' lang='grc' dir='ltr'>μέχρι</span> <span class='ocrx_word' id='word_1_68' title='bbox 646 700 756 740; x_wconf 88' lang='grc' dir='ltr'>πόσου</span> <span class='ocrx_word' id='word_1_69' title='bbox 775 700 919 746; x_wconf 87' lang='grc' dir='ltr'>πιόντας</span> <span class='ocrx_word' id='word_1_70' title='bbox 943 702 994 741; x_wconf 89' lang='grc' dir='ltr'><strong>ἔνι</strong></span> <span class='ocrx_word' id='word_1_71' title='bbox 1020 704 1170 754; x_wconf 82' lang='grc' dir='ltr'>μεθύειν.</span> 
     </span>
     <span class='ocr_line' id='line_1_21' title="bbox 225 757 1171 816; baseline 0.007 -20.15"><span class='ocrx_word' id='word_1_72' title='bbox 225 757 318 811; x_wconf 74' lang='grc' dir='ltr'><strong>γὰρ</strong></span> <span class='ocrx_word' id='word_1_73' title='bbox 336 758 398 798; x_wconf 72' lang='grc' dir='ltr'>καὶ</span> <span class='ocrx_word' id='word_1_74' title='bbox 415 757 626 811; x_wconf 78' lang='grc' dir='ltr'>συγγνώμης</span> <span class='ocrx_word' id='word_1_75' title='bbox 649 757 808 805; x_wconf 77' lang='grc' dir='ltr'>ἀξιοῦται</span> <span class='ocrx_word' id='word_1_76' title='bbox 829 761 889 799; x_wconf 76' lang='grc' dir='ltr'>καὶ</span> <span class='ocrx_word' id='word_1_77' title='bbox 910 761 1034 813; x_wconf 82' lang='grc' dir='ltr'>ἐλέου,</span> <span class='ocrx_word' id='word_1_78' title='bbox 1066 764 1085 801; x_wconf 81' lang='grc' dir='ltr'><strong>ὅ</strong></span> <span class='ocrx_word' id='word_1_79' title='bbox 1102 762 1171 816; x_wconf 82' lang='grc' dir='ltr'><strong>γὰρ</strong></span> 
     </span>
    </p>
   </div>
   <div class='ocr_carea' id='block_1_3' title="bbox 36 869 1172 2290">
    <p class='ocr_par' dir='ltr' id='par_1_4' title="bbox 113 869 1170 1051">
     <span class='ocr_line' id='line_1_22' title="bbox 114 869 1168 931; baseline 0.003 -15"><span class='ocrx_word' id='word_1_80' title='bbox 114 878 116 885; x_wconf 84' lang='grc'><strong>’</strong></span> <span class='ocrx_word' id='word_1_81' title='bbox 137 869 140 876; x_wconf 62' lang='grc'><strong>’</strong></span> <span class='ocrx_word' id='word_1_82' title='bbox 178 884 181 886; x_wconf 76' lang='grc'>’</span> <span class='ocrx_word' id='word_1_83' title='bbox 163 870 385 931; x_wconf 81' lang='grc' dir='ltr'>πράττει.</span> <span class='ocrx_word' id='word_1_84' title='bbox 406 879 470 917; x_wconf 83' lang='grc' dir='ltr'>Δεῖ</span> <span class='ocrx_word' id='word_1_85' title='bbox 489 876 526 916; x_wconf 84' lang='grc' dir='ltr'><strong>δὲ</strong></span> <span class='ocrx_word' id='word_1_86' title='bbox 555 876 726 931; x_wconf 84' lang='grc' dir='ltr'>διορίσαι,</span> <span class='ocrx_word' id='word_1_87' title='bbox 747 878 828 918; x_wconf 86' lang='grc' dir='ltr'>τίνα</span> <span class='ocrx_word' id='word_1_88' title='bbox 855 878 916 918; x_wconf 83' lang='grc' dir='ltr'><strong>καὶ</strong></span> <span class='ocrx_word' id='word_1_89' title='bbox 937 879 1032 919; x_wconf 89' lang='grc' dir='ltr'>πόσα</span> <span class='ocrx_word' id='word_1_90' title='bbox 1053 880 1168 931; x_wconf 83' lang='grc' dir='ltr'>ἐστίν,</span> 
     </span>
     <span class='ocr_line' id='line_1_23' title="bbox 110 932 1170 996; baseline 0.001 -20.041"><span class='ocrx_word' id='word_1_91' title='bbox 110 932 363 996; x_wconf 58' lang='grc' dir='ltr'>ῥγνοουντες</span> <span class='ocrx_word' id='word_1_92' title='bbox 393 935 566 982; x_wconf 78' lang='grc' dir='ltr'>ἀκουσίως</span> <span class='ocrx_word' id='word_1_93' title='bbox 596 936 820 990; x_wconf 80' lang='grc' dir='ltr'>πράττομεν,</span> <span class='ocrx_word' id='word_1_94' title='bbox 840 937 880 977; x_wconf 86' lang='grc' dir='ltr'><strong>τὸ</strong></span> <span class='ocrx_word' id='word_1_95' title='bbox 902 939 1008 977; x_wconf 85' lang='grc' dir='ltr'>αὗτου</span> <span class='ocrx_word' id='word_1_96' title='bbox 1028 938 1170 992; x_wconf 87' lang='grc' dir='ltr'>πρόσω-</span> 
     </span>
     <span class='ocr_line' id='line_1_24' title="bbox 113 994 1168 1053; baseline 0.004 -20"><span class='ocrx_word' id='word_1_97' title='bbox 113 1027 129 1053; x_wconf 96' lang='lat'><em>5</em></span> <span class='ocrx_word' id='word_1_98' title='bbox 180 998 268 1038; x_wconf 69' lang='grc' dir='ltr'><strong>τῶ</strong></span> <span class='ocrx_word' id='word_1_99' title='bbox 282 994 368 1048; x_wconf 85' lang='grc' dir='ltr'>πρὸς</span> <span class='ocrx_word' id='word_1_100' title='bbox 386 994 425 1035; x_wconf 78' lang='grc' dir='ltr'><strong>ὅν</strong></span> <span class='ocrx_word' id='word_1_101' title='bbox 446 1011 500 1041; x_wconf 86' lang='grc' dir='ltr'><strong>τις</strong></span> <span class='ocrx_word' id='word_1_102' title='bbox 525 1010 618 1035; x_wconf 83' lang='grc' dir='ltr'>ποιει</span> <span class='ocrx_word' id='word_1_103' title='bbox 602 994 653 1035; x_wconf 77' lang='grc' dir='ltr'><strong>“’ὃ</strong></span> <span class='ocrx_word' id='word_1_104' title='bbox 671 1002 784 1045; x_wconf 88' lang='grc' dir='ltr'>ποιεῖ,</span> <span class='ocrx_word' id='word_1_105' title='bbox 797 997 838 1036; x_wconf 84' lang='grc' dir='ltr'><strong>τὸ</strong></span> <span class='ocrx_word' id='word_1_106' title='bbox 857 996 1041 1051; x_wconf 81' lang='grc' dir='ltr'>πρᾶγμαὸ</span> <span class='ocrx_word' id='word_1_107' title='bbox 1060 998 1168 1047; x_wconf 83' lang='grc' dir='ltr'>ποιεῖ,</span> 
     </span>
    </p>

    <p class='ocr_par' dir='ltr' id='par_1_5' title="bbox 78 1047 1172 1526">
     <span class='ocr_line' id='line_1_25' title="bbox 82 1051 1171 1108; baseline 0.004 -15"><span class='ocrx_word' id='word_1_108' title='bbox 82 1091 83 1094; x_wconf 74' lang='grc'>,</span> <span class='ocrx_word' id='word_1_109' title='bbox 127 1096 130 1098; x_wconf 58' lang='grc'>,</span> <span class='ocrx_word' id='word_1_110' title='bbox 183 1076 187 1081; x_wconf 69' lang='grc'><em>»</em></span> <span class='ocrx_word' id='word_1_111' title='bbox 216 1067 234 1093; x_wconf 86' lang='grc' dir='ltr'>ε</span> <span class='ocrx_word' id='word_1_112' title='bbox 254 1053 292 1093; x_wconf 64' lang='grc' dir='ltr'><strong>δὲ</strong></span> <span class='ocrx_word' id='word_1_113' title='bbox 311 1053 435 1094; x_wconf 77' lang='grc' dir='ltr'>καὶτὸ</span> <span class='ocrx_word' id='word_1_114' title='bbox 464 1054 523 1094; x_wconf 85' lang='grc' dir='ltr'><strong>διὰ</strong></span> <span class='ocrx_word' id='word_1_115' title='bbox 547 1054 636 1099; x_wconf 86' lang='grc' dir='ltr'>τίνος</span> <span class='ocrx_word' id='word_1_116' title='bbox 664 1055 811 1108; x_wconf 83' lang='grc' dir='ltr'>ὀργάνου</span> <span class='ocrx_word' id='word_1_117' title='bbox 830 1061 947 1106; x_wconf 85' lang='grc' dir='ltr'>ποιεῖ,</span> <span class='ocrx_word' id='word_1_118' title='bbox 967 1056 1028 1096; x_wconf 79' lang='grc' dir='ltr'>καὶ</span> <span class='ocrx_word' id='word_1_119' title='bbox 1059 1056 1101 1097; x_wconf 84' lang='grc' dir='ltr'><strong>τὸ</strong></span> <span class='ocrx_word' id='word_1_120' title='bbox 1131 1051 1171 1097; x_wconf 65' lang='grc' dir='ltr'>οὗ</span> 
     </span>
     <span class='ocr_line' id='line_1_26' title="bbox 114 1106 1170 1188; baseline 0.003 -35.942"><span class='ocrx_word' id='word_1_121' title='bbox 114 1134 178 1188; x_wconf 46' lang='lat'><strong>95⁴</strong></span> <span class='ocrx_word' id='word_1_122' title='bbox 236 1141 249 1163; x_wconf 89' lang='lat'><strong>,</strong></span> <span class='ocrx_word' id='word_1_123' title='bbox 268 1106 340 1154; x_wconf 74' lang='grc' dir='ltr'>οἷον</span> <span class='ocrx_word' id='word_1_124' title='bbox 360 1113 536 1168; x_wconf 74' lang='grc' dir='ltr'>σωτηρίας</span> <span class='ocrx_word' id='word_1_125' title='bbox 550 1143 562 1163; x_wconf 85' lang='grc'>,</span> <span class='ocrx_word' id='word_1_126' title='bbox 577 1113 640 1153; x_wconf 79' lang='grc' dir='ltr'><strong>καὶ</strong></span> <span class='ocrx_word' id='word_1_127' title='bbox 667 1116 763 1164; x_wconf 82' lang='grc' dir='ltr'>πῶς,</span> <span class='ocrx_word' id='word_1_128' title='bbox 785 1114 919 1164; x_wconf 85' lang='grc' dir='ltr'>δηλαδὴ</span> <span class='ocrx_word' id='word_1_129' title='bbox 939 1115 998 1155; x_wconf 87' lang='grc' dir='ltr'><strong>τὸν</strong></span> <span class='ocrx_word' id='word_1_130' title='bbox 1024 1115 1170 1169; x_wconf 85' lang='grc' dir='ltr'>τρόπον,</span> 
     </span>
     <span class='ocr_line' id='line_1_27' title="bbox 78 1170 1171 1227; baseline 0.004 -16"><span class='ocrx_word' id='word_1_131' title='bbox 78 1209 110 1220; x_wconf 78' lang='grc'>,,</span> <span class='ocrx_word' id='word_1_132' title='bbox 152 1188 154 1190; x_wconf 73' lang='grc'>’</span> <span class='ocrx_word' id='word_1_133' title='bbox 205 1170 395 1226; x_wconf 65' lang='grc' dir='ltr'>,ἠρέμα-ἢ</span> <span class='ocrx_word' id='word_1_134' title='bbox 416 1172 563 1227; x_wconf 78' lang='grc' dir='ltr'>σφόδρα.</span> <span class='ocrx_word' id='word_1_135' title='bbox 581 1172 744 1214; x_wconf 60' lang='lat' dir='ltr'><strong>“Anava-a</strong></span> <span class='ocrx_word' id='word_1_136' title='bbox 763 1174 826 1227; x_wconf 82' lang='grc' dir='ltr'><strong>μὲν</strong></span> <span class='ocrx_word' id='word_1_137' title='bbox 846 1178 906 1214; x_wconf 84' lang='grc' dir='ltr'><strong>οὐν</strong></span> <span class='ocrx_word' id='word_1_138' title='bbox 926 1179 1039 1215; x_wconf 84' lang='grc' dir='ltr'>ταῦτα</span> <span class='ocrx_word' id='word_1_139' title='bbox 1061 1175 1171 1222; x_wconf 75' lang='grc' dir='ltr'>οὐδεὶς</span> 
     </span>
     <span class='ocr_line' id='line_1_28' title="bbox 82 1228 1170 1307; baseline 0.004 -36"><span class='ocrx_word' id='word_1_140' title='bbox 82 1251 85 1258; x_wconf 88' lang='lat'><strong>¹-</strong></span> <span class='ocrx_word' id='word_1_141' title='bbox 84 1228 181 1271; x_wconf 66' lang='grc' dir='ltr'><strong>ἃν</strong></span> <span class='ocrx_word' id='word_1_142' title='bbox 169 1230 413 1307; x_wconf 71' lang='grc' dir='ltr'>ἀγνοήσειεν,</span> <span class='ocrx_word' id='word_1_143' title='bbox 442 1233 473 1272; x_wconf 75' lang='grc' dir='ltr'>εἳ</span> <span class='ocrx_word' id='word_1_144' title='bbox 502 1232 553 1284; x_wconf 87' lang='grc' dir='ltr'><strong>μὴ</strong></span> <span class='ocrx_word' id='word_1_145' title='bbox 583 1232 754 1285; x_wconf 87' lang='grc' dir='ltr'>μαίνοιτο.</span> <span class='ocrx_word' id='word_1_146' title='bbox 777 1234 986 1288; x_wconf 84' lang='grc' dir='ltr'>Ἐνδέχεται</span> <span class='ocrx_word' id='word_1_147' title='bbox 1017 1235 1054 1274; x_wconf 84' lang='grc' dir='ltr'><strong>δέ</strong></span> <span class='ocrx_word' id='word_1_148' title='bbox 1091 1251 1170 1275; x_wconf 85' lang='grc' dir='ltr'>τινα</span> 
     </span>
     <span class='ocr_line' id='line_1_29' title="bbox 91 1285 1172 1350; baseline 0.003 -18.077"><span class='ocrx_word' id='word_1_149' title='bbox 91 1285 257 1349; x_wconf 60' lang='grc' dir='ltr'><strong>1ςιειριιτιιον</strong></span> <span class='ocrx_word' id='word_1_150' title='bbox 286 1295 423 1346; x_wconf 75' lang='grc' dir='ltr'>ἀγνοεῖν</span> <span class='ocrx_word' id='word_1_151' title='bbox 442 1291 505 1333; x_wconf 79' lang='grc' dir='ltr'><strong>καὶ</strong></span> <span class='ocrx_word' id='word_1_152' title='bbox 535 1297 794 1348; x_wconf 80' lang='grc' dir='ltr'>σωφρονοῦντα·</span> <span class='ocrx_word' id='word_1_153' title='bbox 826 1297 946 1350; x_wconf 82' lang='grc' dir='ltr'>ὥσπερ</span> <span class='ocrx_word' id='word_1_154' title='bbox 982 1297 1102 1348; x_wconf 82' lang='grc' dir='ltr'>ἀγνοεῖ</span> <span class='ocrx_word' id='word_1_155' title='bbox 1121 1311 1172 1340; x_wconf 88' lang='grc' dir='ltr'><strong>τις</strong></span> 
     </span>
     <span class='ocr_line' id='line_1_30' title="bbox 171 1351 1171 1409; baseline 0.004 -17.949"><span class='ocrx_word' id='word_1_156' title='bbox 171 1367 173 1372; x_wconf 70' lang='grc'>’</span> <span class='ocrx_word' id='word_1_157' title='bbox 213 1351 238 1385; x_wconf 87' lang='grc'><strong>--’</strong></span> <span class='ocrx_word' id='word_1_158' title='bbox 263 1367 294 1399; x_wconf 86' lang='grc' dir='ltr'><strong>ις</strong></span> <span class='ocrx_word' id='word_1_159' title='bbox 324 1352 410 1393; x_wconf 77' lang='grc' dir='ltr'>αὐτὸ</span> <span class='ocrx_word' id='word_1_160' title='bbox 442 1352 482 1392; x_wconf 86' lang='grc' dir='ltr'><strong>τὸ</strong></span> <span class='ocrx_word' id='word_1_161' title='bbox 515 1359 666 1406; x_wconf 81' lang='grc' dir='ltr'>πρᾶγμα</span> <span class='ocrx_word' id='word_1_162' title='bbox 687 1353 706 1392; x_wconf 84' lang='grc' dir='ltr'>ὃ</span> <span class='ocrx_word' id='word_1_163' title='bbox 735 1354 904 1427; x_wconf 82' lang='grc' dir='ltr'>πράττει,</span> <span class='ocrx_word' id='word_1_164' title='bbox 943 1354 1106 1409; x_wconf 78' lang='grc' dir='ltr'>καθάπερ</span> <span class='ocrx_word' id='word_1_165' title='bbox 1139 1356 1171 1395; x_wconf 80' lang='grc' dir='ltr'>οἱ</span> 
     </span>
     <span class='ocr_line' id='line_1_31' title="bbox 78 1410 1168 1470; baseline 0.002 -20"><span class='ocrx_word' id='word_1_166' title='bbox 78 1468 81 1470; x_wconf 72' lang='grc' dir='ltr'>ι</span> <span class='ocrx_word' id='word_1_167' title='bbox 147 1464 149 1466; x_wconf 94' lang='grc' dir='ltr'>ι</span> <span class='ocrx_word' id='word_1_168' title='bbox 215 1434 233 1444; x_wconf 54' lang='grc' dir='ltr'><strong>«ν</strong></span> <span class='ocrx_word' id='word_1_169' title='bbox 261 1427 318 1457; x_wconf 81' lang='grc' dir='ltr'><strong>τες</strong></span> <span class='ocrx_word' id='word_1_170' title='bbox 337 1410 384 1451; x_wconf 75' lang='grc' dir='ltr'><strong>τὰ</strong></span> <span class='ocrx_word' id='word_1_171' title='bbox 407 1413 597 1466; x_wconf 87' lang='grc' dir='ltr'>μυστήρια.</span> <span class='ocrx_word' id='word_1_172' title='bbox 632 1412 808 1465; x_wconf 84' lang='grc' dir='ltr'>Λέγοντας</span> <span class='ocrx_word' id='word_1_173' title='bbox 841 1413 910 1466; x_wconf 84' lang='grc' dir='ltr'><strong>γὰρ</strong></span> <span class='ocrx_word' id='word_1_174' title='bbox 936 1412 1019 1466; x_wconf 82' lang='grc' dir='ltr'>περὶ</span> <span class='ocrx_word' id='word_1_175' title='bbox 1049 1413 1168 1453; x_wconf 82' lang='grc' dir='ltr'>ἄλλων</span> 
     </span>
     <span class='ocr_line' id='line_1_32' title="bbox 165 1469 1170 1529; baseline 0.002 -19.105"><span class='ocrx_word' id='word_1_176' title='bbox 165 1469 342 1519; x_wconf 74' lang='grc' dir='ltr'>υθῆναί</span> <span class='ocrx_word' id='word_1_177' title='bbox 375 1485 484 1525; x_wconf 75' lang='grc' dir='ltr'>φασι,</span> <span class='ocrx_word' id='word_1_178' title='bbox 516 1471 578 1510; x_wconf 89' lang='grc' dir='ltr'><strong>καί</strong></span> <span class='ocrx_word' id='word_1_179' title='bbox 606 1487 640 1510; x_wconf 87' lang='grc' dir='ltr'><strong>τι</strong></span> <span class='ocrx_word' id='word_1_180' title='bbox 667 1471 728 1511; x_wconf 77' lang='grc' dir='ltr'>καὶ</span> <span class='ocrx_word' id='word_1_181' title='bbox 752 1471 835 1525; x_wconf 84' lang='grc' dir='ltr'>περὶ</span> <span class='ocrx_word' id='word_1_182' title='bbox 871 1474 940 1512; x_wconf 84' lang='grc' dir='ltr'><strong>τῶν</strong></span> <span class='ocrx_word' id='word_1_183' title='bbox 964 1471 1170 1529; x_wconf 81' lang='grc' dir='ltr'>μυστηρίων</span> 
     </span>
    </p>

    <p class='ocr_par' dir='ltr' id='par_1_6' title="bbox 21 1504 1172 2290">
     <span class='ocr_line' id='line_1_33' title="bbox 84 1504 1169 1593; baseline 0.001 -24.009"><span class='ocrx_word' id='word_1_184' title='bbox 84 1504 174 1578; x_wconf 51' lang='grc' dir='ltr'><strong>ιζ</strong></span> <span class='ocrx_word' id='word_1_185' title='bbox 171 1516 459 1584; x_wconf 62' lang='grc' dir='ltr'>ᾇφθέγξασθαι,</span> <span class='ocrx_word' id='word_1_186' title='bbox 497 1529 546 1581; x_wconf 85' lang='grc' dir='ltr'><strong>μὴ</strong></span> <span class='ocrx_word' id='word_1_187' title='bbox 568 1530 818 1593; x_wconf 86' lang='grc' dir='ltr'>συνορωντεςὸ</span> <span class='ocrx_word' id='word_1_188' title='bbox 850 1532 1028 1584; x_wconf 84' lang='grc' dir='ltr'>λέγουσιν,</span> <span class='ocrx_word' id='word_1_189' title='bbox 1049 1531 1073 1580; x_wconf 81' lang='grc' dir='ltr'>ἢ</span> <span class='ocrx_word' id='word_1_190' title='bbox 1105 1546 1169 1572; x_wconf 88' lang='grc' dir='ltr'><strong>και</strong></span> 
     </span>
     <span class='ocr_line' id='line_1_34' title="bbox 66 1575 1168 1671; baseline 0.003 -44"><span class='ocrx_word' id='word_1_191' title='bbox 66 1575 146 1671; x_wconf 37' lang='grc' dir='ltr'><strong>«”ςῇἶ</strong></span> <span class='ocrx_word' id='word_1_192' title='bbox 167 1612 170 1614; x_wconf 89' lang='grc'>-</span> <span class='ocrx_word' id='word_1_193' title='bbox 195 1610 219 1620; x_wconf 69' lang='lat'><strong>,‚</strong></span> <span class='ocrx_word' id='word_1_194' title='bbox 248 1603 326 1634; x_wconf 77' lang='grc' dir='ltr'>ντες</span> <span class='ocrx_word' id='word_1_195' title='bbox 358 1587 413 1628; x_wconf 83' lang='grc' dir='ltr'><strong>ὅτι</strong></span> <span class='ocrx_word' id='word_1_196' title='bbox 452 1589 636 1644; x_wconf 81' lang='grc' dir='ltr'>ἀπόρῤητα</span> <span class='ocrx_word' id='word_1_197' title='bbox 670 1584 727 1639; x_wconf 73' lang='grc' dir='ltr'><strong>ἦν.</strong></span> <span class='ocrx_word' id='word_1_198' title='bbox 756 1584 864 1631; x_wconf 77' lang='grc' dir='ltr'>Οὗτοι</span> <span class='ocrx_word' id='word_1_199' title='bbox 900 1591 968 1644; x_wconf 88' lang='grc' dir='ltr'><strong>γὰρ</strong></span> <span class='ocrx_word' id='word_1_200' title='bbox 1007 1590 1092 1630; x_wconf 80' lang='grc' dir='ltr'>αὐτὸ</span> <span class='ocrx_word' id='word_1_201' title='bbox 1126 1591 1168 1630; x_wconf 80' lang='grc' dir='ltr'><strong>τὸ</strong></span> 
     </span>
     <span class='ocr_line' id='line_1_35' title="bbox 70 1646 1169 1703; baseline 0.003 -16"><span class='ocrx_word' id='word_1_202' title='bbox 70 1667 110 1698; x_wconf 68' lang='lat' dir='ltr'><strong><em>-l-l-</em></strong></span> <span class='ocrx_word' id='word_1_203' title='bbox 140 1648 161 1658; x_wconf 52' lang='lat'>²</span> <span class='ocrx_word' id='word_1_204' title='bbox 255 1671 258 1677; x_wconf 57' lang='grc' dir='ltr'>ι</span> <span class='ocrx_word' id='word_1_205' title='bbox 301 1646 484 1701; x_wconf 85' lang='grc' dir='ltr'>γινόμενον</span> <span class='ocrx_word' id='word_1_206' title='bbox 511 1650 708 1701; x_wconf 83' lang='grc' dir='ltr'>ἀγνοουσιν·</span> <span class='ocrx_word' id='word_1_207' title='bbox 746 1651 786 1689; x_wconf 83' lang='grc' dir='ltr'>οὗ</span> <span class='ocrx_word' id='word_1_208' title='bbox 814 1649 891 1703; x_wconf 82' lang='grc' dir='ltr'><strong>γὰρ</strong></span> <span class='ocrx_word' id='word_1_209' title='bbox 921 1650 1169 1701; x_wconf 84' lang='grc' dir='ltr'>γινώσκουσιν,</span> 
     </span>
     <span class='ocr_line' id='line_1_36' title="bbox 67 1693 1170 1776; baseline 0.002 -31"><span class='ocrx_word' id='word_1_210' title='bbox 67 1703 105 1776; x_wconf 67' lang='grc' dir='ltr'>ι,ἶ,ιῗί</span> <span class='ocrx_word' id='word_1_211' title='bbox 100 1693 238 1751; x_wconf 50' lang='grc' dir='ltr'><strong>τῇπἈπὸ</strong></span> <span class='ocrx_word' id='word_1_212' title='bbox 257 1706 436 1760; x_wconf 72' lang='grc' dir='ltr'>μυστήρια</span> <span class='ocrx_word' id='word_1_213' title='bbox 457 1706 632 1760; x_wconf 81' lang='grc' dir='ltr'>ἐξάγουσι.</span> <span class='ocrx_word' id='word_1_214' title='bbox 669 1708 741 1749; x_wconf 88' lang='grc' dir='ltr'><strong>Καί</strong></span> <span class='ocrx_word' id='word_1_215' title='bbox 757 1724 810 1752; x_wconf 85' lang='grc' dir='ltr'><strong>τις</strong></span> <span class='ocrx_word' id='word_1_216' title='bbox 841 1710 958 1760; x_wconf 82' lang='grc' dir='ltr'>ἀφῆκε</span> <span class='ocrx_word' id='word_1_217' title='bbox 981 1708 1068 1762; x_wconf 86' lang='grc' dir='ltr'>πρός</span> <span class='ocrx_word' id='word_1_218' title='bbox 1091 1725 1170 1748; x_wconf 88' lang='grc' dir='ltr'>τινα</span> 
     </span>
     <span class='ocr_line' id='line_1_37' title="bbox 68 1751 1169 1823; baseline 0.001 -16.996"><span class='ocrx_word' id='word_1_219' title='bbox 68 1779 89 1816; x_wconf 62' lang='grc' dir='ltr'><em>ζ</em></span> <span class='ocrx_word' id='word_1_220' title='bbox 91 1751 372 1823; x_wconf 43' lang='lat' dir='ltr'><strong>fixura-mv</strong></span> <span class='ocrx_word' id='word_1_221' title='bbox 402 1766 511 1811; x_wconf 85' lang='grc' dir='ltr'>δεῖξαι</span> <span class='ocrx_word' id='word_1_222' title='bbox 552 1766 761 1818; x_wconf 84' lang='grc' dir='ltr'>βουλόμενος</span> <span class='ocrx_word' id='word_1_223' title='bbox 793 1766 925 1815; x_wconf 81' lang='grc' dir='ltr'>αὐτόν,</span> <span class='ocrx_word' id='word_1_224' title='bbox 956 1767 1020 1806; x_wconf 77' lang='grc' dir='ltr'>καὶ</span> <span class='ocrx_word' id='word_1_225' title='bbox 1049 1767 1169 1820; x_wconf 83' lang='grc' dir='ltr'>τυχὼν</span> 
     </span>
     <span class='ocr_line' id='line_1_38' title="bbox 60 1813 1172 1877; baseline 0.004 -14"><span class='ocrx_word' id='word_1_226' title='bbox 60 1813 315 1877; x_wconf 29' lang='lat' dir='ltr'><strong>aima·</strong></span> <span class='ocrx_word' id='word_1_227' title='bbox 342 1823 404 1867; x_wconf 80' lang='grc' dir='ltr'><strong>καί</strong></span> <span class='ocrx_word' id='word_1_228' title='bbox 424 1839 476 1870; x_wconf 80' lang='grc' dir='ltr'><strong>τις</strong></span> <span class='ocrx_word' id='word_1_229' title='bbox 495 1826 553 1865; x_wconf 78' lang='grc' dir='ltr'><strong>τὸν</strong></span> <span class='ocrx_word' id='word_1_230' title='bbox 574 1824 647 1865; x_wconf 81' lang='grc' dir='ltr'>υἱὸν</span> <span class='ocrx_word' id='word_1_231' title='bbox 676 1825 736 1866; x_wconf 83' lang='grc' dir='ltr'><strong>τὸν</strong></span> <span class='ocrx_word' id='word_1_232' title='bbox 757 1827 883 1865; x_wconf 81' lang='grc' dir='ltr'>ἑαυτοῦ</span> <span class='ocrx_word' id='word_1_233' title='bbox 911 1826 1038 1874; x_wconf 74' lang='grc' dir='ltr'>οἰηθεὶς</span> <span class='ocrx_word' id='word_1_234' title='bbox 1058 1827 1172 1867; x_wconf 83' lang='grc' dir='ltr'>πολέ-</span> 
     </span>
     <span class='ocr_line' id='line_1_39' title="bbox 59 1874 1168 1940; baseline 0.004 -18"><span class='ocrx_word' id='word_1_235' title='bbox 59 1890 210 1940; x_wconf 55' lang='lat' dir='ltr'><strong>m</strong></span> <span class='ocrx_word' id='word_1_236' title='bbox 228 1874 344 1932; x_wconf 70' lang='grc' dir='ltr'>εἶναι,</span> <span class='ocrx_word' id='word_1_237' title='bbox 377 1881 501 1937; x_wconf 80' lang='grc' dir='ltr'>ὥσπερ</span> <span class='ocrx_word' id='word_1_238' title='bbox 535 1886 583 1932; x_wconf 81' lang='grc' dir='ltr'><strong>ἦ</strong></span> <span class='ocrx_word' id='word_1_239' title='bbox 593 1886 649 1924; x_wconf 86' lang='grc' dir='ltr'>Με</span> <span class='ocrx_word' id='word_1_240' title='bbox 636 1884 758 1936; x_wconf 66' lang='grc' dir='ltr'>ερόπη</span> <span class='ocrx_word' id='word_1_241' title='bbox 785 1882 819 1931; x_wconf 85' lang='grc' dir='ltr'>ἢ</span> <span class='ocrx_word' id='word_1_242' title='bbox 837 1886 1104 1938; x_wconf 87' lang='grc' dir='ltr'>λελογχωμένον</span> <span class='ocrx_word' id='word_1_243' title='bbox 1128 1887 1168 1927; x_wconf 81' lang='grc' dir='ltr'><strong>τὸ</strong></span> 
     </span>
     <span class='ocr_line' id='line_1_40' title="bbox 36 1937 1168 2001; baseline 0.004 -21"><span class='ocrx_word' id='word_1_244' title='bbox 36 1941 122 2001; x_wconf 29' lang='lat' dir='ltr'><strong>‘&#39;3³5ss-</strong></span> <span class='ocrx_word' id='word_1_245' title='bbox 177 1940 371 1997; x_wconf 75' lang='grc' dir='ltr'>νομίσας</span> <span class='ocrx_word' id='word_1_246' title='bbox 390 1941 472 1982; x_wconf 79' lang='grc' dir='ltr'>ἄνευ</span> <span class='ocrx_word' id='word_1_247' title='bbox 490 1943 622 1997; x_wconf 85' lang='grc' dir='ltr'>λόγχης</span> <span class='ocrx_word' id='word_1_248' title='bbox 651 1937 759 1992; x_wconf 72' lang='grc' dir='ltr'>εἶναι,</span> <span class='ocrx_word' id='word_1_249' title='bbox 782 1943 804 1991; x_wconf 82' lang='grc' dir='ltr'>ἢ</span> <span class='ocrx_word' id='word_1_250' title='bbox 826 1944 968 1999; x_wconf 89' lang='grc' dir='ltr'>κίσηριν</span> <span class='ocrx_word' id='word_1_251' title='bbox 994 1946 1053 1985; x_wconf 88' lang='grc' dir='ltr'><strong>τὸν</strong></span> <span class='ocrx_word' id='word_1_252' title='bbox 1073 1945 1168 1985; x_wconf 87' lang='grc' dir='ltr'>λίθον</span> 
     </span>
     <span class='ocr_line' id='line_1_41' title="bbox 112 1999 1167 2063; baseline 0.001 -21.921"><span class='ocrx_word' id='word_1_253' title='bbox 112 2000 114 2002; x_wconf 47' lang='grc'>’</span> <span class='ocrx_word' id='word_1_254' title='bbox 235 1999 330 2050; x_wconf 71' lang='grc' dir='ltr'><strong>Εῶν,</strong></span> <span class='ocrx_word' id='word_1_255' title='bbox 350 2001 410 2041; x_wconf 82' lang='grc' dir='ltr'><strong>ἐπὶ</strong></span> <span class='ocrx_word' id='word_1_256' title='bbox 426 2002 583 2056; x_wconf 83' lang='grc' dir='ltr'>σωτηρία</span> <span class='ocrx_word' id='word_1_257' title='bbox 603 2001 808 2063; x_wconf 82' lang='grc' dir='ltr'>πέμψας,’</span> <span class='ocrx_word' id='word_1_258' title='bbox 787 2003 1004 2044; x_wconf 79' lang='grc' dir='ltr'>απέκτεινεν.</span> <span class='ocrx_word' id='word_1_259' title='bbox 1024 2003 1070 2044; x_wconf 90' lang='grc' dir='ltr'><strong>Ὁ</strong></span> <span class='ocrx_word' id='word_1_260' title='bbox 1094 2004 1167 2043; x_wconf 87' lang='grc' dir='ltr'>τοί-</span> 
     </span>
     <span class='ocr_line' id='line_1_42' title="bbox 116 2047 1165 2114; baseline 0.001 -12.941"><span class='ocrx_word' id='word_1_261' title='bbox 116 2047 181 2106; x_wconf 61' lang='grc' dir='ltr'>νιν</span> <span class='ocrx_word' id='word_1_262' title='bbox 196 2076 233 2102; x_wconf 77' lang='grc' dir='ltr'><strong>τι</strong></span> <span class='ocrx_word' id='word_1_263' title='bbox 249 2060 382 2101; x_wconf 76' lang='grc' dir='ltr'>τούτων</span> <span class='ocrx_word' id='word_1_264' title='bbox 399 2062 547 2112; x_wconf 79' lang='grc' dir='ltr'>ἀγνοῶν,</span> <span class='ocrx_word' id='word_1_265' title='bbox 565 2062 600 2099; x_wconf 80' lang='grc' dir='ltr'><strong>ἐν</strong></span> <span class='ocrx_word' id='word_1_266' title='bbox 619 2053 670 2105; x_wconf 76' lang='grc' dir='ltr'><strong>οἷς</strong></span> <span class='ocrx_word' id='word_1_267' title='bbox 684 2064 706 2108; x_wconf 83' lang='grc' dir='ltr'>ἡ</span> <span class='ocrx_word' id='word_1_268' title='bbox 722 2059 845 2114; x_wconf 81' lang='grc' dir='ltr'>πρᾶξις</span> <span class='ocrx_word' id='word_1_269' title='bbox 856 2089 868 2109; x_wconf 89' lang='grc'>,</span> <span class='ocrx_word' id='word_1_270' title='bbox 888 2061 983 2101; x_wconf 86' lang='grc' dir='ltr'>ἄκων</span> <span class='ocrx_word' id='word_1_271' title='bbox 1005 2061 1165 2110; x_wconf 85' lang='grc' dir='ltr'>ἐποίησε.</span> 
     </span>
     <span class='ocr_line' id='line_1_43' title="bbox 70 2118 1166 2175; baseline 0 -15"><span class='ocrx_word' id='word_1_272' title='bbox 70 2123 71 2126; x_wconf 64' lang='grc'>’</span> <span class='ocrx_word' id='word_1_273' title='bbox 118 2118 260 2173; x_wconf 65' lang='grc' dir='ltr'>Κυρίαις</span> <span class='ocrx_word' id='word_1_274' title='bbox 277 2119 317 2158; x_wconf 62' lang='grc' dir='ltr'><strong>δὲ</strong></span> <span class='ocrx_word' id='word_1_275' title='bbox 336 2119 452 2170; x_wconf 72' lang='grc' dir='ltr'>ἄκων,</span> <span class='ocrx_word' id='word_1_276' title='bbox 470 2119 555 2159; x_wconf 78' lang='grc' dir='ltr'>ὅταν</span> <span class='ocrx_word' id='word_1_277' title='bbox 576 2119 620 2158; x_wconf 81' lang='grc' dir='ltr'><strong>τὰ</strong></span> <span class='ocrx_word' id='word_1_278' title='bbox 641 2120 840 2172; x_wconf 86' lang='grc' dir='ltr'>κυριώτατα</span> <span class='ocrx_word' id='word_1_279' title='bbox 867 2122 974 2175; x_wconf 83' lang='grc' dir='ltr'>ἀγνοῇ</span> <span class='ocrx_word' id='word_1_280' title='bbox 995 2123 1066 2160; x_wconf 80' lang='grc' dir='ltr'><strong>τῶν</strong></span> <span class='ocrx_word' id='word_1_281' title='bbox 1082 2121 1166 2175; x_wconf 81' lang='grc' dir='ltr'>περὶ</span> 
     </span>
     <span class='ocr_line' id='line_1_44' title="bbox 51 2176 1165 2232; baseline 0.003 -16"><span class='ocrx_word' id='word_1_282' title='bbox 51 2210 54 2214; x_wconf 91' lang='grc'>.</span> <span class='ocrx_word' id='word_1_283' title='bbox 115 2176 175 2217; x_wconf 62' lang='grc' dir='ltr'><strong><em>ὓ</em></strong></span> <span class='ocrx_word' id='word_1_284' title='bbox 271 2191 335 2230; x_wconf 80' lang='grc' dir='ltr'><strong>μα·</strong></span> <span class='ocrx_word' id='word_1_285' title='bbox 353 2177 556 2232; x_wconf 79' lang='grc' dir='ltr'>κυριώτατα</span> <span class='ocrx_word' id='word_1_286' title='bbox 576 2177 613 2216; x_wconf 79' lang='grc' dir='ltr'><strong>δὲ</strong></span> <span class='ocrx_word' id='word_1_287' title='bbox 635 2176 680 2216; x_wconf 77' lang='grc' dir='ltr'><strong>τὰ</strong></span> <span class='ocrx_word' id='word_1_288' title='bbox 696 2178 872 2232; x_wconf 85' lang='grc' dir='ltr'>πρόσωπα</span> <span class='ocrx_word' id='word_1_289' title='bbox 884 2208 895 2228; x_wconf 92' lang='grc'><strong>,</strong></span> <span class='ocrx_word' id='word_1_290' title='bbox 911 2179 972 2218; x_wconf 82' lang='grc' dir='ltr'>καὶ</span> <span class='ocrx_word' id='word_1_291' title='bbox 988 2179 1028 2219; x_wconf 87' lang='grc' dir='ltr'><strong>τὸ</strong></span> <span class='ocrx_word' id='word_1_292' title='bbox 1048 2178 1165 2232; x_wconf 81' lang='grc' dir='ltr'>ἔργον,</span> 
     </span>
     <span class='ocr_line' id='line_1_45' title="bbox 116 2230 1167 2290; baseline 0.001 -14"><span class='ocrx_word' id='word_1_293' title='bbox 116 2238 154 2276; x_wconf 64' lang='grc' dir='ltr'><strong>ἓν</strong></span> <span class='ocrx_word' id='word_1_294' title='bbox 170 2251 191 2277; x_wconf 92' lang='grc' dir='ltr'>ο</span> <span class='ocrx_word' id='word_1_295' title='bbox 240 2235 424 2290; x_wconf 73' lang='grc' dir='ltr'>ἡπρᾶξις,</span> <span class='ocrx_word' id='word_1_296' title='bbox 446 2236 561 2276; x_wconf 77' lang='grc' dir='ltr'>καὶτὸ</span> <span class='ocrx_word' id='word_1_297' title='bbox 583 2230 622 2276; x_wconf 66' lang='lat' dir='ltr'><strong>ot&#39;</strong></span> <span class='ocrx_word' id='word_1_298' title='bbox 642 2236 759 2278; x_wconf 80' lang='grc' dir='ltr'>ἕνεκα.</span> <span class='ocrx_word' id='word_1_299' title='bbox 779 2235 904 2277; x_wconf 55' lang='lat' dir='ltr'><strong>“Anam</strong></span> <span class='ocrx_word' id='word_1_300' title='bbox 922 2239 952 2276; x_wconf 78' lang='grc' dir='ltr'>εἷ</span> <span class='ocrx_word' id='word_1_301' title='bbox 973 2240 1087 2290; x_wconf 87' lang='grc' dir='ltr'>ἀγνοεῖ</span> <span class='ocrx_word' id='word_1_302' title='bbox 1107 2237 1167 2278; x_wconf 82' lang='grc' dir='ltr'>καὶ</span> 
     </span>
    </p>
   </div>
   <div class='ocr_carea' id='block_1_4' title="bbox 51 2290 1167 2406">
    <p class='ocr_par' dir='ltr' id='par_1_7' title="bbox 51 2290 1167 2406">
     <span class='ocr_line' id='line_1_46' title="bbox 51 2290 1167 2406; baseline 0.002 -71"><span class='ocrx_word' id='word_1_303' title='bbox 51 2311 75 2355; x_wconf 75' lang='grc' dir='ltr'>ἰ</span> <span class='ocrx_word' id='word_1_304' title='bbox 114 2290 262 2406; x_wconf 44' lang='lat' dir='ltr'><strong>ff&amp;</strong></span> <span class='ocrx_word' id='word_1_305' title='bbox 291 2294 488 2348; x_wconf 75' lang='grc' dir='ltr'>μεταμέλοι</span> <span class='ocrx_word' id='word_1_306' title='bbox 519 2296 616 2351; x_wconf 78' lang='grc' dir='ltr'>αὐτῷ</span> <span class='ocrx_word' id='word_1_307' title='bbox 655 2298 710 2351; x_wconf 81' lang='grc' dir='ltr'><strong>ἐφ’</strong></span> <span class='ocrx_word' id='word_1_308' title='bbox 749 2290 800 2341; x_wconf 70' lang='grc' dir='ltr'><strong>οἷς</strong></span> <span class='ocrx_word' id='word_1_309' title='bbox 834 2297 1004 2349; x_wconf 84' lang='grc' dir='ltr'>ἐποίησε,</span> <span class='ocrx_word' id='word_1_310' title='bbox 1038 2297 1167 2351; x_wconf 83' lang='grc' dir='ltr'>κυρίως</span> 
     </span>
     <span class='ocr_line' id='line_1_47' title="bbox 51 2350 386 2403; baseline -0.003 -9"><span class='ocrx_word' id='word_1_311' title='bbox 51 2354 86 2379; x_wconf 60' lang='grc' dir='ltr'><strong>’Ὗ</strong></span> <span class='ocrx_word' id='word_1_312' title='bbox 228 2350 386 2403; x_wconf 67' lang='grc' dir='ltr'>ἐποίησε.</span> 
     </span>
    </p>
   </div>
   <div class='ocr_carea' id='block_1_5' title="bbox 57 2399 1165 2465">
    <p class='ocr_par' dir='ltr' id='par_1_8' title="bbox 57 2399 1165 2465">
     <span class='ocr_line' id='line_1_48' title="bbox 57 2399 1165 2465; baseline 0.002 -13"><span class='ocrx_word' id='word_1_313' title='bbox 57 2406 121 2460; x_wconf 42' lang='grc' dir='ltr'>ᾗ</span> <span class='ocrx_word' id='word_1_314' title='bbox 122 2399 385 2462; x_wconf 42' lang='grc' dir='ltr'>Ῑιῗαφοιούτου</span> <span class='ocrx_word' id='word_1_315' title='bbox 386 2411 422 2452; x_wconf 81' lang='grc' dir='ltr'><strong>δὲ</strong></span> <span class='ocrx_word' id='word_1_316' title='bbox 441 2411 538 2458; x_wconf 80' lang='grc' dir='ltr'>ὄντος</span> <span class='ocrx_word' id='word_1_317' title='bbox 553 2429 612 2453; x_wconf 89' lang='grc' dir='ltr'><strong>του</strong></span> <span class='ocrx_word' id='word_1_318' title='bbox 633 2413 812 2463; x_wconf 83' lang='grc' dir='ltr'>ἀκουσίου,</span> <span class='ocrx_word' id='word_1_319' title='bbox 829 2414 868 2454; x_wconf 82' lang='grc' dir='ltr'><strong>τὸ</strong></span> <span class='ocrx_word' id='word_1_320' title='bbox 883 2414 1038 2455; x_wconf 84' lang='grc' dir='ltr'>ἑκούσιόν</span> <span class='ocrx_word' id='word_1_321' title='bbox 1057 2416 1165 2465; x_wconf 82' lang='grc' dir='ltr'>ἐστιν,</span> 
     </span>
    </p>
   </div>
   <div class='ocr_carea' id='block_1_6' title="bbox 35 2460 1164 3306">
    <p class='ocr_par' dir='ltr' id='par_1_9' title="bbox 35 2460 1164 3000">
     <span class='ocr_line' id='line_1_49' title="bbox 54 2460 1164 2530; baseline 0.001 -17"><span class='ocrx_word' id='word_1_322' title='bbox 54 2460 98 2530; x_wconf 41' lang='grc' dir='ltr'><strong>ιῗῖἐ</strong></span> <span class='ocrx_word' id='word_1_323' title='bbox 107 2461 316 2525; x_wconf 54' lang='grc' dir='ltr'>ἆῆἔρχὴ</span> <span class='ocrx_word' id='word_1_324' title='bbox 334 2474 371 2512; x_wconf 75' lang='grc' dir='ltr'><strong>ἐν</strong></span> <span class='ocrx_word' id='word_1_325' title='bbox 393 2474 514 2525; x_wconf 77' lang='grc' dir='ltr'>αὐτῷ,</span> <span class='ocrx_word' id='word_1_326' title='bbox 543 2473 648 2513; x_wconf 80' lang='grc' dir='ltr'>εἰδότι</span> <span class='ocrx_word' id='word_1_327' title='bbox 676 2473 717 2513; x_wconf 83' lang='grc' dir='ltr'><strong>τὸ</strong></span> <span class='ocrx_word' id='word_1_328' title='bbox 745 2474 824 2514; x_wconf 81' lang='grc' dir='ltr'>καθ’</span> <span class='ocrx_word' id='word_1_329' title='bbox 840 2474 999 2526; x_wconf 81' lang='grc' dir='ltr'>ἕκαστα,</span> <span class='ocrx_word' id='word_1_330' title='bbox 1021 2476 1056 2514; x_wconf 80' lang='grc' dir='ltr'><strong>ἐν</strong></span> <span class='ocrx_word' id='word_1_331' title='bbox 1076 2469 1164 2524; x_wconf 77' lang='grc' dir='ltr'>οἶςὴ</span> 
     </span>
     <span class='ocr_line' id='line_1_50' title="bbox 88 2549 1163 2645; baseline -0.001 -11.041"><span class='ocrx_word' id='word_1_332' title='bbox 88 2549 289 2644; x_wconf 48' lang='grc' dir='ltr'>ι’ἦξωὸὖ</span> <span class='ocrx_word' id='word_1_333' title='bbox 301 2587 373 2645; x_wconf 66' lang='grc' dir='ltr'><strong>γὰρ</strong></span> <span class='ocrx_word' id='word_1_334' title='bbox 386 2590 506 2635; x_wconf 78' lang='grc' dir='ltr'>καλῶς</span> <span class='ocrx_word' id='word_1_335' title='bbox 517 2589 696 2644; x_wconf 83' lang='grc' dir='ltr'>λέγεται’</span> <span class='ocrx_word' id='word_1_336' title='bbox 677 2590 825 2630; x_wconf 83' lang='grc' dir='ltr'>ακούσια</span> <span class='ocrx_word' id='word_1_337' title='bbox 839 2585 941 2640; x_wconf 78' lang='grc' dir='ltr'>εἶναι,</span> <span class='ocrx_word' id='word_1_338' title='bbox 957 2590 980 2630; x_wconf 81' lang='grc' dir='ltr'>ἃ</span> <span class='ocrx_word' id='word_1_339' title='bbox 997 2596 1163 2645; x_wconf 80' lang='grc' dir='ltr'>ποιοῦμεν</span> 
     </span>
     <span class='ocr_line' id='line_1_51' title="bbox 35 2639 1163 2712; baseline 0 -21"><span class='ocrx_word' id='word_1_340' title='bbox 35 2646 46 2660; x_wconf 19' lang='grc' dir='ltr'><strong>’Δ</strong></span> <span class='ocrx_word' id='word_1_341' title='bbox 60 2660 67 2668; x_wconf 84' lang='grc'><strong>“</strong></span> <span class='ocrx_word' id='word_1_342' title='bbox 187 2639 337 2705; x_wconf 36' lang='lat' dir='ltr'><strong>*Qffl</strong></span> <span class='ocrx_word' id='word_1_343' title='bbox 359 2650 596 2701; x_wconf 76' lang='grc' dir='ltr'>κινούμενοι,</span> <span class='ocrx_word' id='word_1_344' title='bbox 630 2648 653 2697; x_wconf 83' lang='grc' dir='ltr'>ἢ</span> <span class='ocrx_word' id='word_1_345' title='bbox 688 2651 909 2712; x_wconf 83' lang='grc' dir='ltr'>ἐπιθυμίας,</span> <span class='ocrx_word' id='word_1_346' title='bbox 931 2651 1163 2704; x_wconf 84' lang='grc' dir='ltr'>γινώσκοντες</span> 
     </span>
     <span class='ocr_line' id='line_1_52' title="bbox 211 2702 1162 2762; baseline 0.002 -14"><span class='ocrx_word' id='word_1_347' title='bbox 211 2703 213 2705; x_wconf 32' lang='lat'><strong><em>¹</em></strong></span> <span class='ocrx_word' id='word_1_348' title='bbox 245 2706 312 2748; x_wconf 53' lang='lat' dir='ltr'><strong>uf&amp;</strong></span> <span class='ocrx_word' id='word_1_349' title='bbox 321 2707 415 2749; x_wconf 78' lang='grc' dir='ltr'>κατὰ</span> <span class='ocrx_word' id='word_1_350' title='bbox 433 2709 557 2762; x_wconf 85' lang='grc' dir='ltr'>μέρος,</span> <span class='ocrx_word' id='word_1_351' title='bbox 581 2708 628 2747; x_wconf 87' lang='grc' dir='ltr'><strong>δι’</strong></span> <span class='ocrx_word' id='word_1_352' title='bbox 655 2702 704 2748; x_wconf 70' lang='grc' dir='ltr'><strong>ὧν</strong></span> <span class='ocrx_word' id='word_1_353' title='bbox 733 2708 834 2748; x_wconf 82' lang='grc' dir='ltr'>καὶ’</span> <span class='ocrx_word' id='word_1_354' title='bbox 817 2725 854 2747; x_wconf 91' lang='grc' dir='ltr'><strong>εν</strong></span> <span class='ocrx_word' id='word_1_355' title='bbox 874 2702 923 2753; x_wconf 73' lang='grc' dir='ltr'><strong>οἷς</strong></span> <span class='ocrx_word' id='word_1_356' title='bbox 947 2709 1162 2762; x_wconf 84' lang='grc' dir='ltr'>πράττομεν.</span> 
     </span>
     <span class='ocr_line' id='line_1_53' title="bbox 157 2765 1160 2822; baseline -0.001 -14"><span class='ocrx_word' id='word_1_357' title='bbox 157 2815 178 2822; x_wconf 84' lang='grc' dir='ltr'><strong>ιιι</strong></span> <span class='ocrx_word' id='word_1_358' title='bbox 255 2770 372 2808; x_wconf 53' lang='lat' dir='ltr'><strong>*iffi-eo</strong></span> <span class='ocrx_word' id='word_1_359' title='bbox 389 2767 555 2819; x_wconf 77' lang='grc' dir='ltr'>δοίημεν,</span> <span class='ocrx_word' id='word_1_360' title='bbox 571 2769 710 2822; x_wconf 81' lang='grc' dir='ltr'>πρῶτον</span> <span class='ocrx_word' id='word_1_361' title='bbox 734 2765 797 2819; x_wconf 81' lang='grc' dir='ltr'><strong>μὲν</strong></span> <span class='ocrx_word' id='word_1_362' title='bbox 811 2767 910 2806; x_wconf 80' lang='grc' dir='ltr'>οὐδὲν</span> <span class='ocrx_word' id='word_1_363' title='bbox 932 2769 1001 2807; x_wconf 80' lang='grc' dir='ltr'><strong>τῶν</strong></span> <span class='ocrx_word' id='word_1_364' title='bbox 1022 2767 1160 2820; x_wconf 84' lang='grc' dir='ltr'>ἀλόγων</span> 
     </span>
     <span class='ocr_line' id='line_1_54' title="bbox 87 2823 1163 2883; baseline -0.003 -16"><span class='ocrx_word' id='word_1_365' title='bbox 87 2877 96 2883; x_wconf 89' lang='grc' dir='ltr'><strong>ιι</strong></span> <span class='ocrx_word' id='word_1_366' title='bbox 158 2823 248 2866; x_wconf 52' lang='lat'><strong>&#39;⁰¹4⁶</strong></span> <span class='ocrx_word' id='word_1_367' title='bbox 262 2825 421 2867; x_wconf 66' lang='grc' dir='ltr'>ίκοίισιόν</span> <span class='ocrx_word' id='word_1_368' title='bbox 445 2843 480 2867; x_wconf 90' lang='grc' dir='ltr'><strong>τι</strong></span> <span class='ocrx_word' id='word_1_369' title='bbox 506 2827 676 2880; x_wconf 86' lang='grc' dir='ltr'>πράττειν</span> <span class='ocrx_word' id='word_1_370' title='bbox 698 2828 864 2880; x_wconf 72' lang='grc' dir='ltr'>ἐροῦμεν,</span> <span class='ocrx_word' id='word_1_371' title='bbox 885 2826 968 2879; x_wconf 77' lang='grc' dir='ltr'>(ἀεὶ</span> <span class='ocrx_word' id='word_1_372' title='bbox 990 2826 1059 2879; x_wconf 84' lang='grc' dir='ltr'><strong>γὰρ</strong></span> <span class='ocrx_word' id='word_1_373' title='bbox 1081 2827 1163 2865; x_wconf 83' lang='grc' dir='ltr'>ἐπι-</span> 
     </span>
     <span class='ocr_line' id='line_1_55' title="bbox 65 2879 1160 2942; baseline -0.002 -15.009"><span class='ocrx_word' id='word_1_374' title='bbox 65 2879 175 2932; x_wconf 57' lang='grc' dir='ltr'><strong>Ῐζ39</strong></span> <span class='ocrx_word' id='word_1_375' title='bbox 131 2923 133 2928; x_wconf 71' lang='grc'>,</span> <span class='ocrx_word' id='word_1_376' title='bbox 195 2885 298 2926; x_wconf 46' lang='lat' dir='ltr'><strong>⁸an</strong></span> <span class='ocrx_word' id='word_1_377' title='bbox 313 2888 412 2942; x_wconf 74' lang='grc' dir='ltr'>θυμῷ</span> <span class='ocrx_word' id='word_1_378' title='bbox 431 2887 598 2940; x_wconf 84' lang='grc' dir='ltr'>πράττει,</span> <span class='ocrx_word' id='word_1_379' title='bbox 609 2887 620 2939; x_wconf 94' lang='grc'>)</span> <span class='ocrx_word' id='word_1_380' title='bbox 639 2887 767 2938; x_wconf 85' lang='grc' dir='ltr'>ὁμοίως</span> <span class='ocrx_word' id='word_1_381' title='bbox 788 2886 825 2925; x_wconf 82' lang='grc' dir='ltr'><strong>δὲ</strong></span> <span class='ocrx_word' id='word_1_382' title='bbox 842 2902 903 2925; x_wconf 80' lang='grc' dir='ltr'><strong>και</strong></span> <span class='ocrx_word' id='word_1_383' title='bbox 922 2885 1001 2930; x_wconf 90' lang='grc' dir='ltr'>τους</span> <span class='ocrx_word' id='word_1_384' title='bbox 1016 2887 1160 2930; x_wconf 86' lang='grc' dir='ltr'>παῖδας·</span> 
     </span>
     <span class='ocr_line' id='line_1_56' title="bbox 78 2936 1160 3000; baseline -0.002 -13.039"><span class='ocrx_word' id='word_1_385' title='bbox 57 2936 238 2990; x_wconf 51' lang='lat' dir='ltr'><strong>sm</strong></span> <span class='ocrx_word' id='word_1_386' title='bbox 265 2945 327 2986; x_wconf 71' lang='grc' dir='ltr'>καὶ</span> <span class='ocrx_word' id='word_1_387' title='bbox 351 2946 408 3000; x_wconf 69' lang='grc' dir='ltr'><strong>ἔφ’</strong></span> <span class='ocrx_word' id='word_1_388' title='bbox 431 2950 517 2999; x_wconf 79' lang='grc' dir='ltr'>ἡμῖν</span> <span class='ocrx_word' id='word_1_389' title='bbox 539 2947 670 2986; x_wconf 86' lang='grc' dir='ltr'>ἄτοπον</span> <span class='ocrx_word' id='word_1_390' title='bbox 698 2945 897 2998; x_wconf 74' lang='grc' dir='ltr'>συμὸαίνει·</span> <span class='ocrx_word' id='word_1_391' title='bbox 925 2945 949 2993; x_wconf 81' lang='grc' dir='ltr'><strong>ἢ</strong></span> <span class='ocrx_word' id='word_1_392' title='bbox 974 2944 1042 2998; x_wconf 80' lang='grc' dir='ltr'><strong>γὰρ</strong></span> <span class='ocrx_word' id='word_1_393' title='bbox 1062 2946 1160 2987; x_wconf 82' lang='grc' dir='ltr'>οὐδὲν</span> 
     </span>
    </p>

    <p class='ocr_par' dir='ltr' id='par_1_10' title="bbox 50 3000 1156 3180">
     <span class='ocr_line' id='line_1_57' title="bbox 50 3000 1156 3060; baseline -0.004 -13"><span class='ocrx_word' id='word_1_394' title='bbox 50 3046 52 3051; x_wconf 90' lang='grc'>,</span> <span class='ocrx_word' id='word_1_395' title='bbox 70 3000 281 3061; x_wconf 57' lang='lat' dir='ltr'><strong>m</strong></span> <span class='ocrx_word' id='word_1_396' title='bbox 297 3005 498 3060; x_wconf 76' lang='grc' dir='ltr'>πράττομεν</span> <span class='ocrx_word' id='word_1_397' title='bbox 519 3009 588 3046; x_wconf 84' lang='grc' dir='ltr'><strong>τῶν</strong></span> <span class='ocrx_word' id='word_1_398' title='bbox 606 3007 649 3044; x_wconf 87' lang='grc' dir='ltr'><strong>δι’</strong></span> <span class='ocrx_word' id='word_1_399' title='bbox 669 3005 870 3058; x_wconf 83' lang='grc' dir='ltr'>ἐπιθυμίαν,</span> <span class='ocrx_word' id='word_1_400' title='bbox 889 3004 912 3052; x_wconf 82' lang='grc' dir='ltr'>ἢ</span> <span class='ocrx_word' id='word_1_401' title='bbox 927 3003 1051 3055; x_wconf 82' lang='grc' dir='ltr'>θυμόν,</span> <span class='ocrx_word' id='word_1_402' title='bbox 1067 3003 1090 3052; x_wconf 81' lang='grc' dir='ltr'>ἢ</span> <span class='ocrx_word' id='word_1_403' title='bbox 1110 3004 1156 3044; x_wconf 81' lang='grc' dir='ltr'><strong>τὰ</strong></span> 
     </span>
     <span class='ocr_line' id='line_1_58' title="bbox 70 3063 1151 3139; baseline -0.004 -33"><span class='ocrx_word' id='word_1_404' title='bbox 70 3071 71 3074; x_wconf 70' lang='grc'>’</span> <span class='ocrx_word' id='word_1_405' title='bbox 133 3070 194 3106; x_wconf 44' lang='grc' dir='ltr'><strong>ΧΨ</strong></span> <span class='ocrx_word' id='word_1_406' title='bbox 226 3065 290 3118; x_wconf 69' lang='grc' dir='ltr'><strong>μὶν</strong></span> <span class='ocrx_word' id='word_1_407' title='bbox 315 3065 503 3116; x_wconf 71' lang='grc' dir='ltr'>ίκουσίως,</span> <span class='ocrx_word' id='word_1_408' title='bbox 523 3066 568 3106; x_wconf 82' lang='grc' dir='ltr'><strong>τὰ</strong></span> <span class='ocrx_word' id='word_1_409' title='bbox 587 3067 706 3139; x_wconf 72' lang='grc' dir='ltr'>φαῦλα</span> <span class='ocrx_word' id='word_1_410' title='bbox 731 3065 767 3104; x_wconf 87' lang='grc' dir='ltr'><strong>δὲ</strong></span> <span class='ocrx_word' id='word_1_411' title='bbox 786 3064 958 3109; x_wconf 82' lang='grc' dir='ltr'>ἀκουσίως</span> <span class='ocrx_word' id='word_1_412' title='bbox 971 3094 981 3114; x_wconf 91' lang='grc'><strong>,</strong></span> <span class='ocrx_word' id='word_1_413' title='bbox 998 3066 1065 3104; x_wconf 79' lang='grc' dir='ltr'><strong>τῶν</strong></span> <span class='ocrx_word' id='word_1_414' title='bbox 1083 3063 1151 3118; x_wconf 78' lang='grc' dir='ltr'><strong>γὰρ</strong></span> 
     </span>
     <span class='ocr_line' id='line_1_59' title="bbox 72 3125 1153 3203; baseline -0.003 -37"><span class='ocrx_word' id='word_1_415' title='bbox 72 3152 74 3154; x_wconf 97' lang='grc'>-</span> <span class='ocrx_word' id='word_1_416' title='bbox 182 3125 398 3203; x_wconf 70' lang='grc' dir='ltr'>ἱπιθυμίας</span> <span class='ocrx_word' id='word_1_417' title='bbox 415 3125 439 3174; x_wconf 82' lang='grc' dir='ltr'>ἢ</span> <span class='ocrx_word' id='word_1_418' title='bbox 465 3130 572 3178; x_wconf 85' lang='grc' dir='ltr'>θυμοῦ</span> <span class='ocrx_word' id='word_1_419' title='bbox 594 3126 638 3167; x_wconf 80' lang='grc' dir='ltr'><strong>τὰ</strong></span> <span class='ocrx_word' id='word_1_420' title='bbox 658 3126 721 3178; x_wconf 85' lang='grc' dir='ltr'><strong>μὲν</strong></span> <span class='ocrx_word' id='word_1_421' title='bbox 743 3125 876 3176; x_wconf 82' lang='grc' dir='ltr'>ἀγαθά,</span> <span class='ocrx_word' id='word_1_422' title='bbox 899 3126 942 3164; x_wconf 86' lang='grc' dir='ltr'><strong>τὰ</strong></span> <span class='ocrx_word' id='word_1_423' title='bbox 964 3126 999 3165; x_wconf 83' lang='grc' dir='ltr'><strong>δὲ</strong></span> <span class='ocrx_word' id='word_1_424' title='bbox 1021 3126 1153 3178; x_wconf 84' lang='grc' dir='ltr'>φαῦλα.</span> 
     </span>
    </p>

    <p class='ocr_par' dir='ltr' id='par_1_11' title="bbox 42 3175 1158 3306">
     <span class='ocr_line' id='line_1_60' title="bbox 42 3175 1158 3306; baseline 0.029 -116"><span class='ocrx_word' id='word_1_425' title='bbox 42 3186 73 3242; x_wconf 51' lang='lat' dir='ltr'><strong>s,</strong></span> <span class='ocrx_word' id='word_1_426' title='bbox 77 3175 298 3306; x_wconf 30' lang='lat' dir='ltr'><strong>&#39;azia&#39;</strong></span> <span class='ocrx_word' id='word_1_427' title='bbox 257 3200 318 3226; x_wconf 89' lang='grc' dir='ltr'><strong>ουν</strong></span> <span class='ocrx_word' id='word_1_428' title='bbox 348 3185 394 3226; x_wconf 78' lang='grc' dir='ltr'><strong>τὰ</strong></span> <span class='ocrx_word' id='word_1_429' title='bbox 417 3186 512 3225; x_wconf 82' lang='grc' dir='ltr'>καλὰ</span> <span class='ocrx_word' id='word_1_430' title='bbox 533 3186 636 3238; x_wconf 89' lang='grc' dir='ltr'>μόνον</span> <span class='ocrx_word' id='word_1_431' title='bbox 663 3185 829 3229; x_wconf 78' lang='grc' dir='ltr'>ἑκουσίως</span> <span class='ocrx_word' id='word_1_432' title='bbox 857 3185 1080 3239; x_wconf 84' lang='grc' dir='ltr'>πράττομεν,</span> <span class='ocrx_word' id='word_1_433' title='bbox 1114 3184 1158 3223; x_wconf 85' lang='grc' dir='ltr'><strong>τὰ</strong></span> 
     </span>
     <span class='ocr_line' id='line_1_61' title="bbox 46 3247 110 3284; baseline 0 0"><span class='ocrx_word' id='word_1_434' title='bbox 46 3247 49 3255; x_wconf 71' lang='lat'>‚</span> <span class='ocrx_word' id='word_1_435' title='bbox 72 3251 110 3284; x_wconf 40' lang='grc' dir='ltr'><em>Τ</em></span> 
     </span>
    </p>
   </div>
   <div class='ocr_carea' id='block_1_7' title="bbox 42 3242 1156 3360">
    <p class='ocr_par' dir='ltr' id='par_1_12' title="bbox 42 3242 1156 3359">
     <span class='ocr_line' id='line_1_62' title="bbox 42 3242 1156 3316; baseline -0.003 -31"><span class='ocrx_word' id='word_1_436' title='bbox 42 3269 55 3300; x_wconf 57' lang='grc' dir='ltr'>.-·ι«</span> <span class='ocrx_word' id='word_1_437' title='bbox 67 3272 81 3290; x_wconf 77' lang='lat'><strong>.-</strong></span> <span class='ocrx_word' id='word_1_438' title='bbox 247 3242 285 3284; x_wconf 63' lang='grc' dir='ltr'><strong>δὲ</strong></span> <span class='ocrx_word' id='word_1_439' title='bbox 305 3245 500 3293; x_wconf 74' lang='grc' dir='ltr'>ἀκουσίως,</span> <span class='ocrx_word' id='word_1_440' title='bbox 517 3248 653 3296; x_wconf 90' lang='grc' dir='ltr'>γελοῖον</span> <span class='ocrx_word' id='word_1_441' title='bbox 675 3247 796 3285; x_wconf 82' lang='grc' dir='ltr'>εἰπεῖν·</span> <span class='ocrx_word' id='word_1_442' title='bbox 817 3244 853 3283; x_wconf 85' lang='grc' dir='ltr'><strong>ἓν</strong></span> <span class='ocrx_word' id='word_1_443' title='bbox 880 3245 947 3316; x_wconf 83' lang='grc' dir='ltr'><strong>γὰρ</strong></span> <span class='ocrx_word' id='word_1_444' title='bbox 965 3243 1004 3282; x_wconf 88' lang='grc' dir='ltr'><strong>τὸ</strong></span> <span class='ocrx_word' id='word_1_445' title='bbox 1022 3242 1156 3295; x_wconf 85' lang='grc' dir='ltr'>αἴτιον,</span> 
     </span>
     <span class='ocr_line' id='line_1_63' title="bbox 46 3293 1156 3360; baseline -0.004 -15"><span class='ocrx_word' id='word_1_446' title='bbox 46 3323 86 3358; x_wconf 62' lang='lat'><strong>&#39;2</strong></span> <span class='ocrx_word' id='word_1_447' title='bbox 112 3293 218 3360; x_wconf 53' lang='lat' dir='ltr'><strong>fluide</strong></span> <span class='ocrx_word' id='word_1_448' title='bbox 231 3300 256 3351; x_wconf 73' lang='grc' dir='ltr'>ἢ</span> <span class='ocrx_word' id='word_1_449' title='bbox 277 3305 457 3354; x_wconf 71' lang='grc' dir='ltr'>ἐπιθυμία.</span> <span class='ocrx_word' id='word_1_450' title='bbox 477 3304 530 3345; x_wconf 86' lang='grc' dir='ltr'><strong>Τὸ</strong></span> <span class='ocrx_word' id='word_1_451' title='bbox 545 3304 582 3343; x_wconf 82' lang='grc' dir='ltr'><strong>δὲ</strong></span> <span class='ocrx_word' id='word_1_452' title='bbox 602 3304 759 3343; x_wconf 82' lang='grc' dir='ltr'>ἑκούσιον</span> <span class='ocrx_word' id='word_1_453' title='bbox 774 3303 874 3343; x_wconf 77' lang='grc' dir='ltr'>καὶ’</span> <span class='ocrx_word' id='word_1_454' title='bbox 855 3302 1018 3342; x_wconf 85' lang='grc' dir='ltr'>ακούσιον</span> <span class='ocrx_word' id='word_1_455' title='bbox 1040 3306 1061 3351; x_wconf 88' lang='grc' dir='ltr'>ἡ</span> <span class='ocrx_word' id='word_1_456' title='bbox 1080 3305 1156 3342; x_wconf 84' lang='grc' dir='ltr'>δια-</span> 
     </span>
    </p>
   </div>
   <div class='ocr_carea' id='block_1_8' title="bbox 32 3353 1154 3416">
    <p class='ocr_par' dir='ltr' id='par_1_13' title="bbox 32 3353 1154 3416">
     <span class='ocr_line' id='line_1_64' title="bbox 32 3353 1154 3416; baseline -0.001 -14"><span class='ocrx_word' id='word_1_457' title='bbox 32 3358 63 3390; x_wconf 57' lang='grc' dir='ltr'><strong>-Ϋ</strong></span> <span class='ocrx_word' id='word_1_458' title='bbox 108 3353 204 3415; x_wconf 69' lang='grc' dir='ltr'>φορὰ</span> <span class='ocrx_word' id='word_1_459' title='bbox 219 3378 280 3402; x_wconf 87' lang='grc' dir='ltr'><strong>του</strong></span> <span class='ocrx_word' id='word_1_460' title='bbox 307 3363 418 3404; x_wconf 79' lang='grc' dir='ltr'>αἰτίου</span> <span class='ocrx_word' id='word_1_461' title='bbox 448 3369 565 3414; x_wconf 80' lang='grc' dir='ltr'>ποιεῖ,</span> <span class='ocrx_word' id='word_1_462' title='bbox 587 3367 638 3403; x_wconf 85' lang='grc' dir='ltr'><strong>τῶ</strong></span> <span class='ocrx_word' id='word_1_463' title='bbox 659 3363 698 3403; x_wconf 86' lang='grc' dir='ltr'><strong>τὸ</strong></span> <span class='ocrx_word' id='word_1_464' title='bbox 718 3363 781 3416; x_wconf 81' lang='grc' dir='ltr'><strong>μὲν</strong></span> <span class='ocrx_word' id='word_1_465' title='bbox 802 3363 900 3403; x_wconf 88' lang='grc' dir='ltr'>ἔνδον</span> <span class='ocrx_word' id='word_1_466' title='bbox 924 3355 1036 3415; x_wconf 72' lang='grc' dir='ltr'>εἶναι,</span> <span class='ocrx_word' id='word_1_467' title='bbox 1058 3363 1098 3402; x_wconf 85' lang='grc' dir='ltr'><strong>τὸ</strong></span> <span class='ocrx_word' id='word_1_468' title='bbox 1118 3361 1154 3401; x_wconf 69' lang='grc' dir='ltr'><strong>δὲ</strong></span> 
     </span>
    </p>
   </div>
   <div class='ocr_carea' id='block_1_9' title="bbox 0 3708 56 3776">
    <p class='ocr_par' dir='ltr' id='par_1_14' title="bbox 0 3708 56 3776">
     <span class='ocr_line' id='line_1_65' title="bbox 0 3708 56 3776; baseline 0 0"><span class='ocrx_word' id='word_1_469' title='bbox 0 3708 56 3776; x_wconf 95' lang='lat' dir='ltr'><strong> </strong></span> 
     </span>
    </p>
   </div>
   <div class='ocr_carea' id='block_1_10' title="bbox 615 196 1808 250">
    <p class='ocr_par' dir='ltr' id='par_1_15' title="bbox 615 196 1808 250">
     <span class='ocr_line' id='line_1_66' title="bbox 615 196 1808 250; baseline 0.011 -13"><span class='ocrx_word' id='word_1_470' title='bbox 615 196 919 241; x_wconf 83' lang='lat' dir='ltr'>ETHICORUM</span> <span class='ocrx_word' id='word_1_471' title='bbox 948 199 1399 245; x_wconf 86' lang='lat' dir='ltr'><strong>NICOMACHEORUM</strong></span> <span class='ocrx_word' id='word_1_472' title='bbox 1429 206 1808 250; x_wconf 88' lang='lat' dir='ltr'><strong>PARAPHRASIS.</strong></span> 
     </span>
    </p>
   </div>
   <div class='ocr_carea' id='block_1_11' title="bbox 250 791 1191 871">
    <p class='ocr_par' dir='ltr' id='par_1_16' title="bbox 250 791 1191 871">
     <span class='ocr_line' id='line_1_67' title="bbox 250 791 1191 871; baseline 0.004 -15"><span class='ocrx_word' id='word_1_473' title='bbox 250 815 426 869; x_wconf 71' lang='grc' dir='ltr'>ἃγνοήσας</span> <span class='ocrx_word' id='word_1_474' title='bbox 445 818 491 858; x_wconf 83' lang='grc' dir='ltr'><strong>δι’</strong></span> <span class='ocrx_word' id='word_1_475' title='bbox 517 817 661 871; x_wconf 82' lang='grc' dir='ltr'>ἄγνοιαν</span> <span class='ocrx_word' id='word_1_476' title='bbox 691 825 786 858; x_wconf 89' lang='grc' dir='ltr'>ποιεῖ</span> <span class='ocrx_word' id='word_1_477' title='bbox 804 818 824 858; x_wconf 85' lang='grc' dir='ltr'>ὃ</span> <span class='ocrx_word' id='word_1_478' title='bbox 846 825 957 870; x_wconf 82' lang='grc' dir='ltr'>ποιεῖ,</span> <span class='ocrx_word' id='word_1_479' title='bbox 985 791 1086 860; x_wconf 74' lang='grc' dir='ltr'>κάὶ’</span> <span class='ocrx_word' id='word_1_480' title='bbox 1067 837 1169 861; x_wconf 89' lang='grc' dir='ltr'>ακου-</span> <span class='ocrx_word' id='word_1_481' title='bbox 1189 840 1191 842; x_wconf 89' lang='grc'><em>·</em></span> 
     </span>
    </p>
   </div>
   <div class='ocr_carea' id='block_1_12' title="bbox 2203 210 2279 251">
    <p class='ocr_par' dir='ltr' id='par_1_17' title="bbox 2203 210 2279 251">
     <span class='ocr_line' id='line_1_68' title="bbox 2203 210 2279 251; baseline 0.013 -1"><span class='ocrx_word' id='word_1_482' title='bbox 2203 210 2279 251; x_wconf 85' lang='grc'><strong>351</strong></span> 
     </span>
    </p>
   </div>
   <div class='ocr_carea' id='block_1_13' title="bbox 1230 295 2286 1900">
    <p class='ocr_par' dir='ltr' id='par_1_18' title="bbox 1230 295 2286 1900">
     <span class='ocr_line' id='line_1_69' title="bbox 1234 295 2283 345; baseline 0.007 -16"><span class='ocrx_word' id='word_1_483' title='bbox 1234 295 1427 339; x_wconf 82' lang='lat' dir='ltr'><strong>imprudens</strong></span> <span class='ocrx_word' id='word_1_484' title='bbox 1456 300 1577 333; x_wconf 83' lang='lat' dir='ltr'><strong>tamen.</strong></span> <span class='ocrx_word' id='word_1_485' title='bbox 1609 301 1727 340; x_wconf 85' lang='lat' dir='ltr'>Quivis</span> <span class='ocrx_word' id='word_1_486' title='bbox 1742 311 1819 345; x_wconf 80' lang='lat' dir='ltr'><strong>ergo</strong></span> <span class='ocrx_word' id='word_1_487' title='bbox 1843 300 2032 344; x_wconf 87' lang='lat' dir='ltr'><strong>improbus,</strong></span> <span class='ocrx_word' id='word_1_488' title='bbox 2050 309 2128 344; x_wconf 77' lang='lat' dir='ltr'><strong>quae</strong></span> <span class='ocrx_word' id='word_1_489' title='bbox 2155 301 2283 344; x_wconf 80' lang='lat' dir='ltr'><strong>agenda</strong></span> 
     </span>
     <span class='ocr_line' id='line_1_70' title="bbox 1234 346 2283 395; baseline 0.008 -17"><span class='ocrx_word' id='word_1_490' title='bbox 1234 348 1268 379; x_wconf 88' lang='lat' dir='ltr'><strong>et</strong></span> <span class='ocrx_word' id='word_1_491' title='bbox 1284 346 1408 389; x_wconf 84' lang='lat' dir='ltr'><strong>quihus</strong></span> <span class='ocrx_word' id='word_1_492' title='bbox 1434 348 1668 383; x_wconf 84' lang='lat' dir='ltr'><strong>abstinendum</strong></span> <span class='ocrx_word' id='word_1_493' title='bbox 1694 351 1755 392; x_wconf 89' lang='lat' dir='ltr'><strong>sit,</strong></span> <span class='ocrx_word' id='word_1_494' title='bbox 1778 353 1933 394; x_wconf 79' lang='lat' dir='ltr'><strong>ignorat:</strong></span> <span class='ocrx_word' id='word_1_495' title='bbox 1963 354 2066 395; x_wconf 87' lang='lat' dir='ltr'><strong>atque</strong></span> <span class='ocrx_word' id='word_1_496' title='bbox 2090 352 2283 395; x_wconf 78' lang='lat' dir='ltr'><strong>hujusmodi</strong></span> 
     </span>
     <span class='ocr_line' id='line_1_71' title="bbox 1235 396 2283 439; baseline 0.007 -12"><span class='ocrx_word' id='word_1_497' title='bbox 1235 403 1346 429; x_wconf 88' lang='lat' dir='ltr'><strong>errore</strong></span> <span class='ocrx_word' id='word_1_498' title='bbox 1361 396 1478 439; x_wconf 82' lang='lat' dir='ltr'><strong>injusti</strong></span> <span class='ocrx_word' id='word_1_499' title='bbox 1497 398 1580 431; x_wconf 87' lang='lat' dir='ltr'><strong>fiunt</strong></span> <span class='ocrx_word' id='word_1_500' title='bbox 1603 399 1755 433; x_wconf 88' lang='lat' dir='ltr'><strong>homines</strong></span> <span class='ocrx_word' id='word_1_501' title='bbox 1778 402 1838 432; x_wconf 88' lang='lat' dir='ltr'><strong>aut</strong></span> <span class='ocrx_word' id='word_1_502' title='bbox 1854 400 1987 433; x_wconf 88' lang='lat' dir='ltr'><strong>omnino</strong></span> <span class='ocrx_word' id='word_1_503' title='bbox 2005 400 2094 433; x_wconf 87' lang='lat' dir='ltr'><strong>mali.</strong></span> <span class='ocrx_word' id='word_1_504' title='bbox 2117 401 2212 434; x_wconf 88' lang='lat' dir='ltr'><strong>Tales</strong></span> <span class='ocrx_word' id='word_1_505' title='bbox 2227 410 2283 434; x_wconf 84' lang='lat' dir='ltr'><strong>au-</strong></span> 
     </span>
     <span class='ocr_line' id='line_1_72' title="bbox 1234 446 2282 493; baseline 0.007 -16"><span class='ocrx_word' id='word_1_506' title='bbox 1234 446 1303 478; x_wconf 89' lang='lat' dir='ltr'><strong>tem</strong></span> <span class='ocrx_word' id='word_1_507' title='bbox 1327 446 1472 480; x_wconf 80' lang='lat' dir='ltr'>actiones</span> <span class='ocrx_word' id='word_1_508' title='bbox 1500 458 1566 482; x_wconf 93' lang='lat' dir='ltr'><strong>non</strong></span> <span class='ocrx_word' id='word_1_509' title='bbox 1601 449 1706 483; x_wconf 88' lang='lat' dir='ltr'><strong>invite</strong></span> <span class='ocrx_word' id='word_1_510' title='bbox 1743 449 1972 492; x_wconf 90' lang='lat' dir='ltr'><strong>suscipiuntur</strong></span> <span class='ocrx_word' id='word_1_511' title='bbox 2003 463 2011 483; x_wconf 77' lang='lat' dir='ltr'><strong><em>z</em></strong></span> <span class='ocrx_word' id='word_1_512' title='bbox 2032 459 2110 493; x_wconf 81' lang='lat' dir='ltr'><strong>quoe</strong></span> <span class='ocrx_word' id='word_1_513' title='bbox 2132 451 2220 483; x_wconf 89' lang='lat' dir='ltr'><strong>enim</strong></span> <span class='ocrx_word' id='word_1_514' title='bbox 2248 451 2282 484; x_wconf 89' lang='lat' dir='ltr'><strong>in</strong></span> 
     </span>
     <span class='ocr_line' id='line_1_73' title="bbox 1232 495 2284 541; baseline 0.004 -14"><span class='ocrx_word' id='word_1_515' title='bbox 1232 495 1370 528; x_wconf 86' lang='lat' dir='ltr'><strong>consilio</strong></span> <span class='ocrx_word' id='word_1_516' title='bbox 1387 500 1541 531; x_wconf 89' lang='lat' dir='ltr'><strong>versatur</strong></span> <span class='ocrx_word' id='word_1_517' title='bbox 1563 499 1808 541; x_wconf 82' lang='lat' dir='ltr'><strong>imprudentia,</strong></span> <span class='ocrx_word' id='word_1_518' title='bbox 1830 499 1918 533; x_wconf 89' lang='lat' dir='ltr'><strong>unde</strong></span> <span class='ocrx_word' id='word_1_519' title='bbox 1940 500 2015 533; x_wconf 82' lang='lat' dir='ltr'><strong>haec</strong></span> <span class='ocrx_word' id='word_1_520' title='bbox 2033 500 2116 533; x_wconf 89' lang='lat' dir='ltr'><strong>vitia</strong></span> <span class='ocrx_word' id='word_1_521' title='bbox 2140 507 2284 532; x_wconf 81' lang='lat' dir='ltr'><strong>nascun-</strong></span> 
     </span>
     <span class='ocr_line' id='line_1_74' title="bbox 1233 547 2284 592; baseline 0.005 -14"><span class='ocrx_word' id='word_1_522' title='bbox 1233 547 1300 587; x_wconf 90' lang='lat' dir='ltr'><strong>tur,</strong></span> <span class='ocrx_word' id='word_1_523' title='bbox 1320 556 1386 580; x_wconf 92' lang='lat' dir='ltr'><strong>non</strong></span> <span class='ocrx_word' id='word_1_524' title='bbox 1402 550 1453 581; x_wconf 90' lang='lat' dir='ltr'><strong>est</strong></span> <span class='ocrx_word' id='word_1_525' title='bbox 1467 558 1568 582; x_wconf 84' lang='lat' dir='ltr'><strong>eausa</strong></span> <span class='ocrx_word' id='word_1_526' title='bbox 1590 559 1651 582; x_wconf 89' lang='lat' dir='ltr'><strong>cur</strong></span> <span class='ocrx_word' id='word_1_527' title='bbox 1670 550 1706 583; x_wconf 90' lang='lat' dir='ltr'><strong>id</strong></span> <span class='ocrx_word' id='word_1_528' title='bbox 1725 550 1817 592; x_wconf 83' lang='lat' dir='ltr'><strong>quod</strong></span> <span class='ocrx_word' id='word_1_529' title='bbox 1836 550 1947 592; x_wconf 88' lang='lat' dir='ltr'><strong>agitur</strong></span> <span class='ocrx_word' id='word_1_530' title='bbox 1960 553 2074 583; x_wconf 82' lang='lat' dir='ltr'><strong>actum</strong></span> <span class='ocrx_word' id='word_1_531' title='bbox 2090 559 2162 583; x_wconf 86' lang='lat' dir='ltr'><strong>esse</strong></span> <span class='ocrx_word' id='word_1_532' title='bbox 2181 550 2284 584; x_wconf 84' lang='lat' dir='ltr'><strong>invite</strong></span> 
     </span>
     <span class='ocr_line' id='line_1_75' title="bbox 1232 596 2282 643; baseline 0.003 -13"><span class='ocrx_word' id='word_1_533' title='bbox 1232 596 1372 637; x_wconf 89' lang='lat' dir='ltr'><strong>dicatur,</strong></span> <span class='ocrx_word' id='word_1_534' title='bbox 1389 598 1448 632; x_wconf 88' lang='lat' dir='ltr'><strong>sed</strong></span> <span class='ocrx_word' id='word_1_535' title='bbox 1460 599 1693 642; x_wconf 83' lang='lat' dir='ltr'><strong>improbitatis.</strong></span> <span class='ocrx_word' id='word_1_536' title='bbox 1715 602 1830 643; x_wconf 82' lang='lat' dir='ltr'>Neque</span> <span class='ocrx_word' id='word_1_537' title='bbox 1845 600 1934 633; x_wconf 91' lang='lat' dir='ltr'><strong>enim</strong></span> <span class='ocrx_word' id='word_1_538' title='bbox 1952 600 1981 633; x_wconf 92' lang='lat' dir='ltr'><strong>si</strong></span> <span class='ocrx_word' id='word_1_539' title='bbox 1996 600 2074 642; x_wconf 89' lang='lat' dir='ltr'><strong>quis</strong></span> <span class='ocrx_word' id='word_1_540' title='bbox 2093 600 2129 632; x_wconf 90' lang='lat' dir='ltr'><strong>in</strong></span> <span class='ocrx_word' id='word_1_541' title='bbox 2148 601 2282 637; x_wconf 84' lang='lat' dir='ltr'><strong>univer-</strong></span> 
     </span>
     <span class='ocr_line' id='line_1_76' title="bbox 1232 650 2284 692; baseline 0.004 -11"><span class='ocrx_word' id='word_1_542' title='bbox 1232 658 1306 682; x_wconf 89' lang='lat' dir='ltr'><strong>sum</strong></span> <span class='ocrx_word' id='word_1_543' title='bbox 1326 650 1471 692; x_wconf 85' lang='lat' dir='ltr'><strong>ignorat.</strong></span> <span class='ocrx_word' id='word_1_544' title='bbox 1492 651 1617 684; x_wconf 87' lang='lat' dir='ltr'><strong>malam</strong></span> <span class='ocrx_word' id='word_1_545' title='bbox 1642 659 1714 684; x_wconf 84' lang='lat' dir='ltr'><strong>esse</strong></span> <span class='ocrx_word' id='word_1_546' title='bbox 1731 650 1945 689; x_wconf 87' lang='lat' dir='ltr'><strong>ebrietatem,</strong></span> <span class='ocrx_word' id='word_1_547' title='bbox 1972 650 2046 683; x_wconf 83' lang='lat' dir='ltr'><strong>haec</strong></span> <span class='ocrx_word' id='word_1_548' title='bbox 2061 651 2200 684; x_wconf 85' lang='lat' dir='ltr'><strong>aetionis</strong></span> <span class='ocrx_word' id='word_1_549' title='bbox 2218 661 2284 685; x_wconf 90' lang='lat' dir='ltr'><strong>non</strong></span> 
     </span>
     <span class='ocr_line' id='line_1_77' title="bbox 1231 699 2285 743; baseline 0.002 -11"><span class='ocrx_word' id='word_1_550' title='bbox 1231 700 1429 735; x_wconf 81' lang='lat' dir='ltr'><strong>voluntariae</strong></span> <span class='ocrx_word' id='word_1_551' title='bbox 1451 709 1551 734; x_wconf 84' lang='lat' dir='ltr'><strong>causa</strong></span> <span class='ocrx_word' id='word_1_552' title='bbox 1579 700 1644 733; x_wconf 87' lang='lat' dir='ltr'><strong>erit</strong></span> <span class='ocrx_word' id='word_1_553' title='bbox 1657 725 1665 739; x_wconf 89' lang='lat'><strong>,</strong></span> <span class='ocrx_word' id='word_1_554' title='bbox 1697 700 1756 733; x_wconf 88' lang='lat' dir='ltr'><strong>sed</strong></span> <span class='ocrx_word' id='word_1_555' title='bbox 1771 699 1863 743; x_wconf 88' lang='lat' dir='ltr'><strong>quod</strong></span> <span class='ocrx_word' id='word_1_556' title='bbox 1889 699 2081 742; x_wconf 85' lang='lat' dir='ltr'><strong>singulatim</strong></span> <span class='ocrx_word' id='word_1_557' title='bbox 2103 700 2179 733; x_wconf 86' lang='lat' dir='ltr'><strong>haec</strong></span> <span class='ocrx_word' id='word_1_558' title='bbox 2199 701 2285 734; x_wconf 88' lang='lat' dir='ltr'><strong>ratio</strong></span> 
     </span>
     <span class='ocr_line' id='line_1_78' title="bbox 1231 749 2285 793; baseline 0.001 -11"><span class='ocrx_word' id='word_1_559' title='bbox 1231 749 1327 782; x_wconf 88' lang='lat' dir='ltr'><strong>nobis</strong></span> <span class='ocrx_word' id='word_1_560' title='bbox 1344 749 1455 792; x_wconf 84' lang='lat' dir='ltr'><strong>ignota</strong></span> <span class='ocrx_word' id='word_1_561' title='bbox 1465 752 1533 789; x_wconf 83' lang='lat' dir='ltr'><strong>est,</strong></span> <span class='ocrx_word' id='word_1_562' title='bbox 1554 751 1594 782; x_wconf 90' lang='lat' dir='ltr'><strong>ut</strong></span> <span class='ocrx_word' id='word_1_563' title='bbox 1605 749 1748 792; x_wconf 87' lang='lat' dir='ltr'><strong>exempli</strong></span> <span class='ocrx_word' id='word_1_564' title='bbox 1767 752 1875 792; x_wconf 80' lang='lat' dir='ltr'><strong>gratia</strong></span> <span class='ocrx_word' id='word_1_565' title='bbox 1886 775 1893 788; x_wconf 96' lang='lat'><strong>,</strong></span> <span class='ocrx_word' id='word_1_566' title='bbox 1915 750 1943 782; x_wconf 89' lang='lat' dir='ltr'><strong>si</strong></span> <span class='ocrx_word' id='word_1_567' title='bbox 1959 749 2162 791; x_wconf 80' lang='lat' dir='ltr'><strong>ignoremus,</strong></span> <span class='ocrx_word' id='word_1_568' title='bbox 2177 760 2285 793; x_wconf 90' lang='lat' dir='ltr'><strong>quan-</strong></span> 
     </span>
     <span class='ocr_line' id='line_1_79' title="bbox 1231 799 2285 842; baseline 0.004 -11"><span class='ocrx_word' id='word_1_569' title='bbox 1231 799 1305 830; x_wconf 92' lang='lat' dir='ltr'><strong>tum</strong></span> <span class='ocrx_word' id='word_1_570' title='bbox 1316 799 1386 832; x_wconf 90' lang='lat' dir='ltr'><strong>vini</strong></span> <span class='ocrx_word' id='word_1_571' title='bbox 1401 801 1516 841; x_wconf 87' lang='lat' dir='ltr'><strong>potare</strong></span> <span class='ocrx_word' id='word_1_572' title='bbox 1530 800 1639 840; x_wconf 88' lang='lat' dir='ltr'><strong>liceat,</strong></span> <span class='ocrx_word' id='word_1_573' title='bbox 1650 802 1689 832; x_wconf 92' lang='lat' dir='ltr'><strong>ut</strong></span> <span class='ocrx_word' id='word_1_574' title='bbox 1703 800 1916 833; x_wconf 87' lang='lat' dir='ltr'><strong>inebriemur.</strong></span> <span class='ocrx_word' id='word_1_575' title='bbox 1932 800 2062 842; x_wconf 86' lang='lat' dir='ltr'><strong>Quippe</strong></span> <span class='ocrx_word' id='word_1_576' title='bbox 2071 800 2136 833; x_wconf 90' lang='lat' dir='ltr'><strong>hoc</strong></span> <span class='ocrx_word' id='word_1_577' title='bbox 2144 802 2178 834; x_wconf 90' lang='lat' dir='ltr'><strong>et</strong></span> <span class='ocrx_word' id='word_1_578' title='bbox 2189 803 2285 836; x_wconf 85' lang='lat' dir='ltr'><strong>venia</strong></span> 
     </span>
     <span class='ocr_line' id='line_1_80' title="bbox 1231 847 2285 893; baseline 0.003 -13"><span class='ocrx_word' id='word_1_579' title='bbox 1231 847 1368 889; x_wconf 80' lang='lat' dir='ltr'><strong>dignum</strong></span> <span class='ocrx_word' id='word_1_580' title='bbox 1391 851 1550 890; x_wconf 84' lang='lat' dir='ltr'><strong>putamus</strong></span> <span class='ocrx_word' id='word_1_581' title='bbox 1571 851 1605 882; x_wconf 89' lang='lat' dir='ltr'><strong>et</strong></span> <span class='ocrx_word' id='word_1_582' title='bbox 1620 849 1849 883; x_wconf 81' lang='lat' dir='ltr'><strong>misericordia</strong></span> <span class='ocrx_word' id='word_1_583' title='bbox 1871 859 1879 881; x_wconf 85' lang='lat'><strong>¹.</strong></span> <span class='ocrx_word' id='word_1_584' title='bbox 1900 859 1978 882; x_wconf 86' lang='lat' dir='ltr'><strong>nam</strong></span> <span class='ocrx_word' id='word_1_585' title='bbox 2000 850 2059 893; x_wconf 92' lang='lat' dir='ltr'><strong>qui</strong></span> <span class='ocrx_word' id='word_1_586' title='bbox 2080 850 2166 883; x_wconf 90' lang='lat' dir='ltr'><strong>illud</strong></span> <span class='ocrx_word' id='word_1_587' title='bbox 2190 851 2285 893; x_wconf 87' lang='lat' dir='ltr'><strong>igno-</strong></span> 
     </span>
     <span class='ocr_line' id='line_1_81' title="bbox 1231 898 2282 943; baseline 0.004 -13"><span class='ocrx_word' id='word_1_588' title='bbox 1231 899 1301 936; x_wconf 84' lang='lat' dir='ltr'><strong>rat,</strong></span> <span class='ocrx_word' id='word_1_589' title='bbox 1326 907 1385 940; x_wconf 92' lang='lat' dir='ltr'><strong>per</strong></span> <span class='ocrx_word' id='word_1_590' title='bbox 1398 899 1658 941; x_wconf 77' lang='lat' dir='ltr'><strong>imprudentiam</strong></span> <span class='ocrx_word' id='word_1_591' title='bbox 1677 898 1758 932; x_wconf 83' lang='lat' dir='ltr'><strong>facit</strong></span> <span class='ocrx_word' id='word_1_592' title='bbox 1775 899 1866 942; x_wconf 86' lang='lat' dir='ltr'><strong>quod</strong></span> <span class='ocrx_word' id='word_1_593' title='bbox 1885 898 1982 938; x_wconf 81' lang='lat' dir='ltr'><strong>facit,</strong></span> <span class='ocrx_word' id='word_1_594' title='bbox 2003 903 2037 933; x_wconf 90' lang='lat' dir='ltr'><strong>et</strong></span> <span class='ocrx_word' id='word_1_595' title='bbox 2052 900 2180 934; x_wconf 88' lang='lat' dir='ltr'><strong>invitus</strong></span> <span class='ocrx_word' id='word_1_596' title='bbox 2200 901 2282 943; x_wconf 84' lang='lat' dir='ltr'><strong>agit.</strong></span> 
     </span>
     <span class='ocr_line' id='line_1_82' title="bbox 1232 947 2281 993; baseline 0.003 -13"><span class='ocrx_word' id='word_1_597' title='bbox 1232 947 1298 980; x_wconf 87' lang='lat' dir='ltr'><strong>Sed</strong></span> <span class='ocrx_word' id='word_1_598' title='bbox 1313 949 1348 981; x_wconf 90' lang='lat' dir='ltr'><strong>et</strong></span> <span class='ocrx_word' id='word_1_599' title='bbox 1369 948 1454 981; x_wconf 87' lang='lat' dir='ltr'><strong>illud</strong></span> <span class='ocrx_word' id='word_1_600' title='bbox 1469 949 1692 982; x_wconf 85' lang='lat' dir='ltr'><strong>definiendum</strong></span> <span class='ocrx_word' id='word_1_601' title='bbox 1707 951 1780 989; x_wconf 86' lang='lat' dir='ltr'><strong>est,</strong></span> <span class='ocrx_word' id='word_1_602' title='bbox 1800 957 1877 991; x_wconf 84' lang='lat' dir='ltr'><strong>quae</strong></span> <span class='ocrx_word' id='word_1_603' title='bbox 1894 949 1960 981; x_wconf 90' lang='lat' dir='ltr'><strong>sint</strong></span> <span class='ocrx_word' id='word_1_604' title='bbox 1979 951 2014 982; x_wconf 89' lang='lat' dir='ltr'><strong>et</strong></span> <span class='ocrx_word' id='word_1_605' title='bbox 2027 951 2111 992; x_wconf 89' lang='lat' dir='ltr'><strong>quot</strong></span> <span class='ocrx_word' id='word_1_606' title='bbox 2132 950 2262 993; x_wconf 81' lang='lat' dir='ltr'><strong>negotia</strong></span> <span class='ocrx_word' id='word_1_607' title='bbox 2273 976 2281 989; x_wconf 85' lang='lat'><strong>,</strong></span> 
     </span>
     <span class='ocr_line' id='line_1_83' title="bbox 1231 998 2286 1042; baseline 0.003 -11"><span class='ocrx_word' id='word_1_608' title='bbox 1231 1007 1308 1041; x_wconf 86' lang='lat' dir='ltr'><strong>quae</strong></span> <span class='ocrx_word' id='word_1_609' title='bbox 1323 998 1552 1041; x_wconf 85' lang='lat' dir='ltr'><strong>imprudentes</strong></span> <span class='ocrx_word' id='word_1_610' title='bbox 1571 998 1701 1040; x_wconf 81' lang='lat' dir='ltr'><strong>agimus</strong></span> <span class='ocrx_word' id='word_1_611' title='bbox 1715 998 1821 1031; x_wconf 86' lang='lat' dir='ltr'><strong>invite</strong></span> <span class='ocrx_word' id='word_1_612' title='bbox 1831 1024 1839 1037; x_wconf 91' lang='lat'><strong>,</strong></span> <span class='ocrx_word' id='word_1_613' title='bbox 1855 998 1973 1031; x_wconf 89' lang='lat' dir='ltr'><strong>deinde</strong></span> <span class='ocrx_word' id='word_1_614' title='bbox 1991 999 2189 1034; x_wconf 85' lang='lat' dir='ltr'><strong>declaranda</strong></span> <span class='ocrx_word' id='word_1_615' title='bbox 2207 1009 2286 1042; x_wconf 88' lang='lat' dir='ltr'><strong>per-</strong></span> 
     </span>
     <span class='ocr_line' id='line_1_84' title="bbox 1232 1047 2285 1092; baseline 0 -9"><span class='ocrx_word' id='word_1_616' title='bbox 1232 1059 1312 1083; x_wconf 87' lang='lat' dir='ltr'><strong>sona</strong></span> <span class='ocrx_word' id='word_1_617' title='bbox 1327 1049 1400 1092; x_wconf 83' lang='lat' dir='ltr'><strong>ejus</strong></span> <span class='ocrx_word' id='word_1_618' title='bbox 1418 1049 1515 1091; x_wconf 83' lang='lat' dir='ltr'><strong>cujus</strong></span> <span class='ocrx_word' id='word_1_619' title='bbox 1537 1050 1692 1090; x_wconf 89' lang='lat' dir='ltr'><strong>respectu</strong></span> <span class='ocrx_word' id='word_1_620' title='bbox 1718 1047 1862 1081; x_wconf 85' lang='lat' dir='ltr'><strong>facimus</strong></span> <span class='ocrx_word' id='word_1_621' title='bbox 1874 1074 1882 1087; x_wconf 90' lang='lat'>‚</span> <span class='ocrx_word' id='word_1_622' title='bbox 1914 1048 2006 1090; x_wconf 90' lang='lat' dir='ltr'><strong>quod</strong></span> <span class='ocrx_word' id='word_1_623' title='bbox 2025 1047 2166 1082; x_wconf 83' lang='lat' dir='ltr'><strong>facimus</strong></span> <span class='ocrx_word' id='word_1_624' title='bbox 2179 1075 2187 1090; x_wconf 92' lang='lat'>‚</span> <span class='ocrx_word' id='word_1_625' title='bbox 2210 1053 2285 1083; x_wconf 85' lang='lat' dir='ltr'><strong>tum</strong></span> 
     </span>
     <span class='ocr_line' id='line_1_85' title="bbox 1231 1098 2283 1142; baseline 0.001 -9"><span class='ocrx_word' id='word_1_626' title='bbox 1231 1098 1453 1134; x_wconf 54' lang='lat' dir='ltr'><strong>memoranda*</strong></span> <span class='ocrx_word' id='word_1_627' title='bbox 1464 1107 1517 1132; x_wconf 88' lang='lat' dir='ltr'><strong>res</strong></span> <span class='ocrx_word' id='word_1_628' title='bbox 1533 1108 1636 1141; x_wconf 84' lang='lat' dir='ltr'><strong>quam</strong></span> <span class='ocrx_word' id='word_1_629' title='bbox 1652 1098 1801 1141; x_wconf 86' lang='lat' dir='ltr'><strong>gerimus</strong></span> <span class='ocrx_word' id='word_1_630' title='bbox 1813 1124 1820 1138; x_wconf 91' lang='lat'><strong>,</strong></span> <span class='ocrx_word' id='word_1_631' title='bbox 1839 1098 2008 1131; x_wconf 88' lang='lat' dir='ltr'><strong>interdum</strong></span> <span class='ocrx_word' id='word_1_632' title='bbox 2025 1099 2125 1131; x_wconf 83' lang='lat' dir='ltr'><strong>etiam</strong></span> <span class='ocrx_word' id='word_1_633' title='bbox 2143 1109 2211 1142; x_wconf 90' lang='lat' dir='ltr'><strong>quo</strong></span> <span class='ocrx_word' id='word_1_634' title='bbox 2226 1109 2283 1134; x_wconf 86' lang='lat' dir='ltr'><strong>ve-</strong></span> 
     </span>
     <span class='ocr_line' id='line_1_86' title="bbox 1231 1148 2281 1192; baseline 0 -10"><span class='ocrx_word' id='word_1_635' title='bbox 1231 1150 1284 1184; x_wconf 88' lang='lat' dir='ltr'><strong>lut</strong></span> <span class='ocrx_word' id='word_1_636' title='bbox 1298 1151 1520 1184; x_wconf 87' lang='lat' dir='ltr'><strong>instrumento</strong></span> <span class='ocrx_word' id='word_1_637' title='bbox 1538 1158 1692 1192; x_wconf 84' lang='lat' dir='ltr'><strong>geramus</strong></span> <span class='ocrx_word' id='word_1_638' title='bbox 1709 1148 1888 1182; x_wconf 88' lang='lat' dir='ltr'><strong>dicendum</strong></span> <span class='ocrx_word' id='word_1_639' title='bbox 1899 1173 1907 1187; x_wconf 92' lang='lat'><strong>‚</strong></span> <span class='ocrx_word' id='word_1_640' title='bbox 1928 1150 1962 1181; x_wconf 84' lang='lat' dir='ltr'><strong>et</strong></span> <span class='ocrx_word' id='word_1_641' title='bbox 1980 1149 2078 1191; x_wconf 83' lang='lat' dir='ltr'><strong>eujus</strong></span> <span class='ocrx_word' id='word_1_642' title='bbox 2091 1149 2140 1181; x_wconf 88' lang='lat' dir='ltr'><strong>rei</strong></span> <span class='ocrx_word' id='word_1_643' title='bbox 2158 1158 2258 1182; x_wconf 90' lang='lat' dir='ltr'><strong>causa</strong></span> <span class='ocrx_word' id='word_1_644' title='bbox 2273 1176 2281 1189; x_wconf 87' lang='lat'>‚</span> 
     </span>
     <span class='ocr_line' id='line_1_87' title="bbox 1231 1198 2282 1243; baseline -0.003 -8"><span class='ocrx_word' id='word_1_645' title='bbox 1231 1201 1326 1235; x_wconf 88' lang='lat' dir='ltr'><strong>verbi</strong></span> <span class='ocrx_word' id='word_1_646' title='bbox 1338 1201 1445 1243; x_wconf 87' lang='lat' dir='ltr'><strong>gratia</strong></span> <span class='ocrx_word' id='word_1_647' title='bbox 1458 1200 1577 1233; x_wconf 89' lang='lat' dir='ltr'><strong>salutis</strong></span> <span class='ocrx_word' id='word_1_648' title='bbox 1589 1226 1596 1239; x_wconf 90' lang='lat'><strong>,</strong></span> <span class='ocrx_word' id='word_1_649' title='bbox 1613 1202 1647 1233; x_wconf 90' lang='lat' dir='ltr'><strong>et</strong></span> <span class='ocrx_word' id='word_1_650' title='bbox 1662 1199 1846 1243; x_wconf 91' lang='lat' dir='ltr'><strong>quomodo,</strong></span> <span class='ocrx_word' id='word_1_651' title='bbox 1860 1198 1982 1231; x_wconf 84' lang='lat' dir='ltr'><strong>modus</strong></span> <span class='ocrx_word' id='word_1_652' title='bbox 1995 1198 2152 1231; x_wconf 86' lang='lat' dir='ltr'><strong>videlicet</strong></span> <span class='ocrx_word' id='word_1_653' title='bbox 2165 1199 2282 1232; x_wconf 85' lang='lat' dir='ltr'><strong>obser-</strong></span> 
     </span>
     <span class='ocr_line' id='line_1_88' title="bbox 1232 1250 2286 1291; baseline -0.005 -5"><span class='ocrx_word' id='word_1_654' title='bbox 1232 1252 1379 1291; x_wconf 88' lang='lat' dir='ltr'><strong>vandus,</strong></span> <span class='ocrx_word' id='word_1_655' title='bbox 1400 1254 1450 1291; x_wconf 91' lang='lat' dir='ltr'><strong>ut,</strong></span> <span class='ocrx_word' id='word_1_656' title='bbox 1475 1252 1593 1284; x_wconf 90' lang='lat' dir='ltr'><strong>leniter</strong></span> <span class='ocrx_word' id='word_1_657' title='bbox 1613 1259 1656 1283; x_wconf 84' lang='lat' dir='ltr'><strong>an</strong></span> <span class='ocrx_word' id='word_1_658' title='bbox 1684 1250 1900 1283; x_wconf 85' lang='lat' dir='ltr'><strong>vehementer</strong></span> <span class='ocrx_word' id='word_1_659' title='bbox 1925 1258 1996 1282; x_wconf 86' lang='lat' dir='ltr'><strong>rem</strong></span> <span class='ocrx_word' id='word_1_660' title='bbox 2015 1258 2178 1290; x_wconf 87' lang='lat' dir='ltr'><strong>geramus.</strong></span> <span class='ocrx_word' id='word_1_661' title='bbox 2205 1251 2286 1282; x_wconf 82' lang='lat' dir='ltr'><strong>Haec</strong></span> 
     </span>
     <span class='ocr_line' id='line_1_89' title="bbox 1231 1299 2284 1347; baseline -0.003 -10"><span class='ocrx_word' id='word_1_662' title='bbox 1231 1304 1333 1347; x_wconf 87' lang='lat' dir='ltr'><strong>igitur</strong></span> <span class='ocrx_word' id='word_1_663' title='bbox 1351 1303 1460 1336; x_wconf 85' lang='lat' dir='ltr'><strong>omnia</strong></span> <span class='ocrx_word' id='word_1_664' title='bbox 1478 1312 1575 1336; x_wconf 86' lang='lat' dir='ltr'><strong>nemo</strong></span> <span class='ocrx_word' id='word_1_665' title='bbox 1597 1301 1815 1344; x_wconf 84' lang='lat' dir='ltr'><strong>ignoraverit,</strong></span> <span class='ocrx_word' id='word_1_666' title='bbox 1842 1300 1905 1333; x_wconf 84' lang='lat' dir='ltr'><strong>nisi</strong></span> <span class='ocrx_word' id='word_1_667' title='bbox 1919 1299 2007 1333; x_wconf 81' lang='lat' dir='ltr'><strong>forte</strong></span> <span class='ocrx_word' id='word_1_668' title='bbox 2029 1299 2162 1333; x_wconf 85' lang='lat' dir='ltr'><strong>insanit.</strong></span> <span class='ocrx_word' id='word_1_669' title='bbox 2183 1302 2284 1338; x_wconf 83' lang='lat' dir='ltr'><strong>Quae-</strong></span> 
     </span>
     <span class='ocr_line' id='line_1_90' title="bbox 1232 1350 2284 1394; baseline -0.005 -7"><span class='ocrx_word' id='word_1_670' title='bbox 1232 1354 1310 1387; x_wconf 89' lang='lat' dir='ltr'><strong>dam</strong></span> <span class='ocrx_word' id='word_1_671' title='bbox 1326 1355 1439 1386; x_wconf 85' lang='lat' dir='ltr'><strong>tamen</strong></span> <span class='ocrx_word' id='word_1_672' title='bbox 1457 1352 1576 1393; x_wconf 84' lang='lat' dir='ltr'><strong>etiam,</strong></span> <span class='ocrx_word' id='word_1_673' title='bbox 1599 1351 1660 1394; x_wconf 79' lang='lat' dir='ltr'><strong>qui</strong></span> <span class='ocrx_word' id='word_1_674' title='bbox 1677 1351 1799 1384; x_wconf 89' lang='lat' dir='ltr'><strong>mentis</strong></span> <span class='ocrx_word' id='word_1_675' title='bbox 1818 1351 1862 1383; x_wconf 87' lang='lat' dir='ltr'><strong>sit</strong></span> <span class='ocrx_word' id='word_1_676' title='bbox 1880 1359 2032 1391; x_wconf 89' lang='lat' dir='ltr'><strong>compos,</strong></span> <span class='ocrx_word' id='word_1_677' title='bbox 2050 1350 2203 1392; x_wconf 85' lang='lat' dir='ltr'><strong>ignorare</strong></span> <span class='ocrx_word' id='word_1_678' title='bbox 2220 1360 2284 1392; x_wconf 91' lang='lat' dir='ltr'><strong>po-</strong></span> 
     </span>
     <span class='ocr_line' id='line_1_91' title="bbox 1232 1400 2282 1445; baseline -0.004 -7"><span class='ocrx_word' id='word_1_679' title='bbox 1232 1406 1299 1438; x_wconf 84' lang='lat' dir='ltr'><strong>test</strong></span> <span class='ocrx_word' id='word_1_680' title='bbox 1324 1413 1333 1434; x_wconf 77' lang='lat' dir='ltr'>z</span> <span class='ocrx_word' id='word_1_681' title='bbox 1360 1404 1448 1436; x_wconf 90' lang='lat' dir='ltr'><strong>sicut</strong></span> <span class='ocrx_word' id='word_1_682' title='bbox 1465 1412 1552 1445; x_wconf 84' lang='lat' dir='ltr'><strong>saepe</strong></span> <span class='ocrx_word' id='word_1_683' title='bbox 1570 1401 1691 1444; x_wconf 90' lang='lat' dir='ltr'><strong>aliquis</strong></span> <span class='ocrx_word' id='word_1_684' title='bbox 1715 1402 1778 1434; x_wconf 90' lang='lat' dir='ltr'><strong>hoc</strong></span> <span class='ocrx_word' id='word_1_685' title='bbox 1802 1400 1914 1443; x_wconf 90' lang='lat' dir='ltr'><strong>ipsum</strong></span> <span class='ocrx_word' id='word_1_686' title='bbox 1936 1401 2066 1442; x_wconf 84' lang='lat' dir='ltr'><strong>ignorat</strong></span> <span class='ocrx_word' id='word_1_687' title='bbox 2083 1401 2176 1443; x_wconf 89' lang='lat' dir='ltr'><strong>quod</strong></span> <span class='ocrx_word' id='word_1_688' title='bbox 2195 1401 2282 1443; x_wconf 79' lang='lat' dir='ltr'><strong>agit,</strong></span> 
     </span>
     <span class='ocr_line' id='line_1_92' title="bbox 1232 1453 2283 1498; baseline -0.004 -8"><span class='ocrx_word' id='word_1_689' title='bbox 1232 1459 1271 1491; x_wconf 88' lang='lat' dir='ltr'><strong>ut</strong></span> <span class='ocrx_word' id='word_1_690' title='bbox 1299 1455 1360 1498; x_wconf 88' lang='lat' dir='ltr'><strong>qui</strong></span> <span class='ocrx_word' id='word_1_691' title='bbox 1391 1455 1551 1496; x_wconf 85' lang='lat' dir='ltr'><strong>mysteria</strong></span> <span class='ocrx_word' id='word_1_692' title='bbox 1583 1454 1810 1487; x_wconf 85' lang='lat' dir='ltr'><strong>enuntiarunt.</strong></span> <span class='ocrx_word' id='word_1_693' title='bbox 1839 1453 1952 1486; x_wconf 84' lang='lat' dir='ltr'><strong>Solent</strong></span> <span class='ocrx_word' id='word_1_694' title='bbox 1979 1453 2067 1485; x_wconf 89' lang='lat' dir='ltr'><strong>enim</strong></span> <span class='ocrx_word' id='word_1_695' title='bbox 2090 1453 2201 1486; x_wconf 87' lang='lat' dir='ltr'><strong>dicere</strong></span> <span class='ocrx_word' id='word_1_696' title='bbox 2212 1479 2220 1492; x_wconf 88' lang='lat'><strong>,</strong></span> <span class='ocrx_word' id='word_1_697' title='bbox 2248 1461 2283 1486; x_wconf 87' lang='lat' dir='ltr'><strong>se</strong></span> 
     </span>
     <span class='ocr_line' id='line_1_93' title="bbox 1231 1502 2285 1548; baseline -0.004 -9"><span class='ocrx_word' id='word_1_698' title='bbox 1231 1515 1339 1548; x_wconf 89' lang='lat' dir='ltr'><strong>quum</strong></span> <span class='ocrx_word' id='word_1_699' title='bbox 1354 1506 1396 1539; x_wconf 92' lang='lat' dir='ltr'><strong>de</strong></span> <span class='ocrx_word' id='word_1_700' title='bbox 1411 1505 1486 1538; x_wconf 86' lang='lat' dir='ltr'><strong>aliis</strong></span> <span class='ocrx_word' id='word_1_701' title='bbox 1504 1503 1629 1537; x_wconf 85' lang='lat' dir='ltr'><strong>vellent</strong></span> <span class='ocrx_word' id='word_1_702' title='bbox 1644 1503 1737 1546; x_wconf 91' lang='lat' dir='ltr'><strong>loqui</strong></span> <span class='ocrx_word' id='word_1_703' title='bbox 1753 1503 1968 1546; x_wconf 85' lang='lat' dir='ltr'><strong>perturbatos</strong></span> <span class='ocrx_word' id='word_1_704' title='bbox 1986 1502 2106 1542; x_wconf 84' lang='lat' dir='ltr'><strong>fuisse,</strong></span> <span class='ocrx_word' id='word_1_705' title='bbox 2123 1505 2157 1536; x_wconf 91' lang='lat' dir='ltr'><strong>et</strong></span> <span class='ocrx_word' id='word_1_706' title='bbox 2172 1503 2285 1536; x_wconf 83' lang='lat' dir='ltr'><strong>oblata</strong></span> 
     </span>
     <span class='ocr_line' id='line_1_94' title="bbox 1231 1552 2280 1597; baseline -0.004 -8"><span class='ocrx_word' id='word_1_707' title='bbox 1231 1556 1403 1589; x_wconf 83' lang='lat' dir='ltr'><strong>occasione</strong></span> <span class='ocrx_word' id='word_1_708' title='bbox 1417 1554 1543 1597; x_wconf 85' lang='lat' dir='ltr'><strong>aliquid</strong></span> <span class='ocrx_word' id='word_1_709' title='bbox 1555 1553 1597 1586; x_wconf 88' lang='lat' dir='ltr'><strong>de</strong></span> <span class='ocrx_word' id='word_1_710' title='bbox 1609 1553 1778 1595; x_wconf 84' lang='lat' dir='ltr'><strong>mysteriis</strong></span> <span class='ocrx_word' id='word_1_711' title='bbox 1787 1579 1794 1592; x_wconf 88' lang='lat'><strong>,</strong></span> <span class='ocrx_word' id='word_1_712' title='bbox 1809 1552 1902 1596; x_wconf 87' lang='lat' dir='ltr'><strong>quod</strong></span> <span class='ocrx_word' id='word_1_713' title='bbox 1915 1562 1980 1585; x_wconf 91' lang='lat' dir='ltr'><strong>non</strong></span> <span class='ocrx_word' id='word_1_714' title='bbox 1996 1553 2172 1594; x_wconf 84' lang='lat' dir='ltr'><strong>debebant,</strong></span> <span class='ocrx_word' id='word_1_715' title='bbox 2187 1553 2280 1596; x_wconf 84' lang='lat' dir='ltr'><strong>adje-</strong></span> 
     </span>
     <span class='ocr_line' id='line_1_95' title="bbox 1233 1604 2283 1649; baseline -0.004 -8"><span class='ocrx_word' id='word_1_716' title='bbox 1233 1607 1335 1646; x_wconf 89' lang='lat' dir='ltr'><strong>cisse,</strong></span> <span class='ocrx_word' id='word_1_717' title='bbox 1356 1607 1410 1640; x_wconf 91' lang='lat' dir='ltr'><strong>vel</strong></span> <span class='ocrx_word' id='word_1_718' title='bbox 1424 1606 1516 1649; x_wconf 88' lang='lat' dir='ltr'><strong>quod</strong></span> <span class='ocrx_word' id='word_1_719' title='bbox 1534 1615 1599 1638; x_wconf 91' lang='lat' dir='ltr'><strong>non</strong></span> <span class='ocrx_word' id='word_1_720' title='bbox 1621 1604 1703 1638; x_wconf 90' lang='lat' dir='ltr'><strong>satis</strong></span> <span class='ocrx_word' id='word_1_721' title='bbox 1719 1604 1961 1646; x_wconf 84' lang='lat' dir='ltr'><strong>perspicerent,</strong></span> <span class='ocrx_word' id='word_1_722' title='bbox 1977 1604 2061 1646; x_wconf 90' lang='lat' dir='ltr'><strong>quid</strong></span> <span class='ocrx_word' id='word_1_723' title='bbox 2085 1604 2283 1647; x_wconf 89' lang='lat' dir='ltr'><strong>eloqueren-</strong></span> 
     </span>
     <span class='ocr_line' id='line_1_96' title="bbox 1232 1653 2281 1698; baseline -0.003 -9"><span class='ocrx_word' id='word_1_724' title='bbox 1232 1659 1298 1697; x_wconf 89' lang='lat' dir='ltr'><strong>tur,</strong></span> <span class='ocrx_word' id='word_1_725' title='bbox 1316 1656 1371 1689; x_wconf 92' lang='lat' dir='ltr'><strong>vel</strong></span> <span class='ocrx_word' id='word_1_726' title='bbox 1383 1655 1475 1698; x_wconf 89' lang='lat' dir='ltr'><strong>quod</strong></span> <span class='ocrx_word' id='word_1_727' title='bbox 1491 1654 1655 1687; x_wconf 85' lang='lat' dir='ltr'><strong>nescirent</strong></span> <span class='ocrx_word' id='word_1_728' title='bbox 1673 1662 1746 1686; x_wconf 86' lang='lat' dir='ltr'><strong>esse</strong></span> <span class='ocrx_word' id='word_1_729' title='bbox 1761 1653 1901 1686; x_wconf 83' lang='lat' dir='ltr'><strong>tacenda</strong></span> <span class='ocrx_word' id='word_1_730' title='bbox 1924 1655 1958 1685; x_wconf 91' lang='lat' dir='ltr'><strong>et</strong></span> <span class='ocrx_word' id='word_1_731' title='bbox 1973 1662 2104 1686; x_wconf 87' lang='lat' dir='ltr'><strong>arcana.</strong></span> <span class='ocrx_word' id='word_1_732' title='bbox 2130 1655 2174 1686; x_wconf 89' lang='lat' dir='ltr'><strong>Hi</strong></span> <span class='ocrx_word' id='word_1_733' title='bbox 2192 1654 2281 1686; x_wconf 86' lang='lat' dir='ltr'><strong>enim</strong></span> 
     </span>
     <span class='ocr_line' id='line_1_97' title="bbox 1231 1702 2283 1748; baseline -0.003 -9"><span class='ocrx_word' id='word_1_734' title='bbox 1231 1707 1341 1748; x_wconf 85' lang='lat' dir='ltr'><strong>ipsum</strong></span> <span class='ocrx_word' id='word_1_735' title='bbox 1353 1706 1439 1739; x_wconf 92' lang='lat' dir='ltr'><strong>illud</strong></span> <span class='ocrx_word' id='word_1_736' title='bbox 1457 1705 1549 1748; x_wconf 86' lang='lat' dir='ltr'><strong>quod</strong></span> <span class='ocrx_word' id='word_1_737' title='bbox 1567 1704 1695 1737; x_wconf 86' lang='lat' dir='ltr'><strong>faciunt</strong></span> <span class='ocrx_word' id='word_1_738' title='bbox 1713 1702 1842 1736; x_wconf 86' lang='lat' dir='ltr'><strong>facinus</strong></span> <span class='ocrx_word' id='word_1_739' title='bbox 1859 1703 2011 1746; x_wconf 84' lang='lat' dir='ltr'><strong>ignorant</strong></span> <span class='ocrx_word' id='word_1_740' title='bbox 2035 1713 2043 1733; x_wconf 79' lang='lat' dir='ltr'><strong><em>z</em></strong></span> <span class='ocrx_word' id='word_1_741' title='bbox 2064 1712 2174 1746; x_wconf 85' lang='lat' dir='ltr'><strong>neque</strong></span> <span class='ocrx_word' id='word_1_742' title='bbox 2193 1704 2283 1737; x_wconf 90' lang='lat' dir='ltr'><strong>enim</strong></span> 
     </span>
     <span class='ocr_line' id='line_1_98' title="bbox 1231 1754 2284 1797; baseline -0.003 -7"><span class='ocrx_word' id='word_1_743' title='bbox 1231 1757 1519 1795; x_wconf 84' lang='lat' dir='ltr'><strong>animadvertunt,</strong></span> <span class='ocrx_word' id='word_1_744' title='bbox 1547 1766 1583 1789; x_wconf 90' lang='lat' dir='ltr'><strong>se</strong></span> <span class='ocrx_word' id='word_1_745' title='bbox 1609 1755 1769 1797; x_wconf 80' lang='lat' dir='ltr'><strong>mysteria</strong></span> <span class='ocrx_word' id='word_1_746' title='bbox 1793 1754 1923 1788; x_wconf 77' lang='lat' dir='ltr'><strong>efferre.</strong></span> <span class='ocrx_word' id='word_1_747' title='bbox 1954 1755 2008 1788; x_wconf 86' lang='lat' dir='ltr'><strong>Sic</strong></span> <span class='ocrx_word' id='word_1_748' title='bbox 2030 1755 2152 1797; x_wconf 82' lang='lat' dir='ltr'><strong>aliquis</strong></span> <span class='ocrx_word' id='word_1_749' title='bbox 2174 1755 2284 1789; x_wconf 84' lang='lat' dir='ltr'><strong>emisit</strong></span> 
     </span>
     <span class='ocr_line' id='line_1_99' title="bbox 1231 1806 2282 1852; baseline -0.003 -9"><span class='ocrx_word' id='word_1_750' title='bbox 1231 1809 1435 1852; x_wconf 82' lang='lat' dir='ltr'><strong>catapultam</strong></span> <span class='ocrx_word' id='word_1_751' title='bbox 1455 1809 1492 1841; x_wconf 90' lang='lat' dir='ltr'><strong>in</strong></span> <span class='ocrx_word' id='word_1_752' title='bbox 1510 1807 1656 1850; x_wconf 82' lang='lat' dir='ltr'><strong>aliquem</strong></span> <span class='ocrx_word' id='word_1_753' title='bbox 1669 1829 1680 1849; x_wconf 89' lang='lat'><strong>,</strong></span> <span class='ocrx_word' id='word_1_754' title='bbox 1697 1815 1803 1849; x_wconf 92' lang='lat' dir='ltr'><strong>quum</strong></span> <span class='ocrx_word' id='word_1_755' title='bbox 1823 1806 2000 1840; x_wconf 87' lang='lat' dir='ltr'><strong>ostendere</strong></span> <span class='ocrx_word' id='word_1_756' title='bbox 2015 1808 2148 1840; x_wconf 87' lang='lat' dir='ltr'><strong>tantum</strong></span> <span class='ocrx_word' id='word_1_757' title='bbox 2162 1807 2262 1840; x_wconf 85' lang='lat' dir='ltr'><strong>vellet</strong></span> <span class='ocrx_word' id='word_1_758' title='bbox 2273 1832 2282 1848; x_wconf 93' lang='lat'><strong>,</strong></span> 
     </span>
     <span class='ocr_line' id='line_1_100' title="bbox 1230 1853 2284 1900; baseline -0.002 -10"><span class='ocrx_word' id='word_1_759' title='bbox 1230 1866 1375 1900; x_wconf 85' lang='lat' dir='ltr'><strong>eumque</strong></span> <span class='ocrx_word' id='word_1_760' title='bbox 1399 1856 1471 1889; x_wconf 90' lang='lat' dir='ltr'><strong>ictu</strong></span> <span class='ocrx_word' id='word_1_761' title='bbox 1499 1855 1668 1889; x_wconf 85' lang='lat' dir='ltr'><strong>interfecit</strong></span> <span class='ocrx_word' id='word_1_762' title='bbox 1696 1867 1704 1887; x_wconf 91' lang='lat'>:</span> <span class='ocrx_word' id='word_1_763' title='bbox 1727 1855 1788 1887; x_wconf 87' lang='lat' dir='ltr'><strong>aut</strong></span> <span class='ocrx_word' id='word_1_764' title='bbox 1805 1853 1892 1886; x_wconf 84' lang='lat' dir='ltr'><strong>alius</strong></span> <span class='ocrx_word' id='word_1_765' title='bbox 1913 1853 2020 1887; x_wconf 81' lang='lat' dir='ltr'><strong>filium</strong></span> <span class='ocrx_word' id='word_1_766' title='bbox 2044 1864 2162 1895; x_wconf 91' lang='lat' dir='ltr'><strong>suum,</strong></span> <span class='ocrx_word' id='word_1_767' title='bbox 2181 1863 2284 1897; x_wconf 87' lang='lat' dir='ltr'><strong>quem</strong></span> 
     </span>
    </p>
   </div>
   <div class='ocr_carea' id='block_1_14' title="bbox 1228 1905 2285 1994">
    <p class='ocr_par' dir='ltr' id='par_1_19' title="bbox 1228 1905 2285 1994">
     <span class='ocr_line' id='line_1_101' title="bbox 1229 1905 2284 1947; baseline -0.005 -5"><span class='ocrx_word' id='word_1_768' title='bbox 1229 1908 1360 1942; x_wconf 89' lang='lat' dir='ltr'><strong>hostem</strong></span> <span class='ocrx_word' id='word_1_769' title='bbox 1382 1916 1454 1940; x_wconf 88' lang='lat' dir='ltr'><strong>esse</strong></span> <span class='ocrx_word' id='word_1_770' title='bbox 1467 1906 1699 1944; x_wconf 76' lang='lat' dir='ltr'><strong>existimabat,</strong></span> <span class='ocrx_word' id='word_1_771' title='bbox 1715 1906 1755 1937; x_wconf 87' lang='lat' dir='ltr'><strong>ut</strong></span> <span class='ocrx_word' id='word_1_772' title='bbox 1778 1906 1912 1946; x_wconf 89' lang='lat' dir='ltr'><strong>Merope</strong></span> <span class='ocrx_word' id='word_1_773' title='bbox 1930 1915 1938 1937; x_wconf 86' lang='lat'>:</span> <span class='ocrx_word' id='word_1_774' title='bbox 1958 1906 2018 1937; x_wconf 86' lang='lat' dir='ltr'><strong>aut</strong></span> <span class='ocrx_word' id='word_1_775' title='bbox 2033 1905 2093 1946; x_wconf 92' lang='lat' dir='ltr'><strong>qui</strong></span> <span class='ocrx_word' id='word_1_776' title='bbox 2110 1905 2284 1947; x_wconf 61' lang='lat' dir='ltr'><strong>praeferra-</strong></span> 
     </span>
     <span class='ocr_line' id='line_1_102' title="bbox 1228 1951 2285 1994; baseline -0.004 -5"><span class='ocrx_word' id='word_1_777' title='bbox 1228 1958 1299 1989; x_wconf 84' lang='lat' dir='ltr'><strong>tam</strong></span> <span class='ocrx_word' id='word_1_778' title='bbox 1314 1956 1446 1988; x_wconf 80' lang='lat' dir='ltr'><strong>hastam</strong></span> <span class='ocrx_word' id='word_1_779' title='bbox 1474 1954 1544 1988; x_wconf 86' lang='lat' dir='ltr'><strong>sine</strong></span> <span class='ocrx_word' id='word_1_780' title='bbox 1556 1961 1715 1987; x_wconf 88' lang='lat' dir='ltr'><strong>mucrone</strong></span> <span class='ocrx_word' id='word_1_781' title='bbox 1732 1960 1806 1984; x_wconf 82' lang='lat' dir='ltr'><strong>esse</strong></span> <span class='ocrx_word' id='word_1_782' title='bbox 1834 1951 1983 1993; x_wconf 89' lang='lat' dir='ltr'><strong>putavit,</strong></span> <span class='ocrx_word' id='word_1_783' title='bbox 2002 1952 2056 1984; x_wconf 90' lang='lat' dir='ltr'><strong>vel</strong></span> <span class='ocrx_word' id='word_1_784' title='bbox 2079 1952 2139 1994; x_wconf 86' lang='lat' dir='ltr'><strong>qui</strong></span> <span class='ocrx_word' id='word_1_785' title='bbox 2156 1961 2285 1985; x_wconf 80' lang='lat' dir='ltr'><strong>conser-</strong></span> 
     </span>
    </p>
   </div>
   <div class='ocr_carea' id='block_1_15' title="bbox 1226 2002 2285 2401">
    <p class='ocr_par' dir='ltr' id='par_1_20' title="bbox 1226 2002 2285 2401">
     <span class='ocr_line' id='line_1_103' title="bbox 1229 2002 2284 2047; baseline -0.003 -8"><span class='ocrx_word' id='word_1_786' title='bbox 1229 2007 1330 2041; x_wconf 90' lang='lat' dir='ltr'><strong>vandi</strong></span> <span class='ocrx_word' id='word_1_787' title='bbox 1350 2006 1491 2047; x_wconf 82' lang='lat' dir='ltr'><strong>alicujus</strong></span> <span class='ocrx_word' id='word_1_788' title='bbox 1513 2013 1613 2036; x_wconf 89' lang='lat' dir='ltr'><strong>causa</strong></span> <span class='ocrx_word' id='word_1_789' title='bbox 1641 2002 1786 2045; x_wconf 87' lang='lat' dir='ltr'><strong>lapidem</strong></span> <span class='ocrx_word' id='word_1_790' title='bbox 1814 2002 1909 2044; x_wconf 80' lang='lat' dir='ltr'><strong>jecit,</strong></span> <span class='ocrx_word' id='word_1_791' title='bbox 1937 2011 2039 2045; x_wconf 88' lang='lat' dir='ltr'><strong>quem</strong></span> <span class='ocrx_word' id='word_1_792' title='bbox 2069 2012 2129 2045; x_wconf 88' lang='lat' dir='ltr'><strong>pro</strong></span> <span class='ocrx_word' id='word_1_793' title='bbox 2150 2003 2284 2046; x_wconf 89' lang='lat' dir='ltr'><strong>pumice</strong></span> 
     </span>
     <span class='ocr_line' id='line_1_104' title="bbox 1227 2053 2285 2097; baseline -0.003 -7"><span class='ocrx_word' id='word_1_794' title='bbox 1227 2056 1390 2095; x_wconf 86' lang='lat' dir='ltr'><strong>habebat,</strong></span> <span class='ocrx_word' id='word_1_795' title='bbox 1425 2055 1619 2097; x_wconf 86' lang='lat' dir='ltr'><strong>hominique</strong></span> <span class='ocrx_word' id='word_1_796' title='bbox 1650 2053 1756 2087; x_wconf 87' lang='lat' dir='ltr'><strong>vitam</strong></span> <span class='ocrx_word' id='word_1_797' title='bbox 1777 2053 1911 2087; x_wconf 86' lang='lat' dir='ltr'><strong>ademit.</strong></span> <span class='ocrx_word' id='word_1_798' title='bbox 1940 2054 2006 2091; x_wconf 88' lang='lat' dir='ltr'><strong>Qui</strong></span> <span class='ocrx_word' id='word_1_799' title='bbox 2027 2054 2131 2096; x_wconf 80' lang='lat' dir='ltr'><strong>igitur</strong></span> <span class='ocrx_word' id='word_1_800' title='bbox 2156 2053 2285 2097; x_wconf 84' lang='lat' dir='ltr'><strong>aliquid</strong></span> 
     </span>
     <span class='ocr_line' id='line_1_105' title="bbox 1228 2103 2282 2149; baseline -0.002 -8"><span class='ocrx_word' id='word_1_801' title='bbox 1228 2117 1344 2141; x_wconf 90' lang='lat' dir='ltr'><strong>eorum</strong></span> <span class='ocrx_word' id='word_1_802' title='bbox 1372 2107 1524 2149; x_wconf 85' lang='lat' dir='ltr'><strong>ignorat,</strong></span> <span class='ocrx_word' id='word_1_803' title='bbox 1550 2105 1586 2138; x_wconf 94' lang='lat' dir='ltr'><strong>in</strong></span> <span class='ocrx_word' id='word_1_804' title='bbox 1609 2104 1732 2147; x_wconf 81' lang='lat' dir='ltr'><strong>quibus</strong></span> <span class='ocrx_word' id='word_1_805' title='bbox 1748 2103 1835 2136; x_wconf 86' lang='lat' dir='ltr'><strong>actio</strong></span> <span class='ocrx_word' id='word_1_806' title='bbox 1857 2104 2014 2144; x_wconf 88' lang='lat' dir='ltr'><strong>cernitur,</strong></span> <span class='ocrx_word' id='word_1_807' title='bbox 2041 2104 2168 2138; x_wconf 83' lang='lat' dir='ltr'><strong>invitus</strong></span> <span class='ocrx_word' id='word_1_808' title='bbox 2190 2105 2282 2140; x_wconf 86' lang='lat' dir='ltr'><strong>fecit.</strong></span> 
     </span>
     <span class='ocr_line' id='line_1_106' title="bbox 1229 2154 2282 2201; baseline -0.005 -9"><span class='ocrx_word' id='word_1_809' title='bbox 1229 2159 1295 2192; x_wconf 89' lang='lat' dir='ltr'><strong>Sed</strong></span> <span class='ocrx_word' id='word_1_810' title='bbox 1311 2157 1443 2201; x_wconf 89' lang='lat' dir='ltr'><strong>proprie</strong></span> <span class='ocrx_word' id='word_1_811' title='bbox 1454 2156 1582 2190; x_wconf 89' lang='lat' dir='ltr'><strong>invitus</strong></span> <span class='ocrx_word' id='word_1_812' title='bbox 1600 2154 1695 2194; x_wconf 84' lang='lat' dir='ltr'><strong>fecit,</strong></span> <span class='ocrx_word' id='word_1_813' title='bbox 1716 2163 1822 2197; x_wconf 89' lang='lat' dir='ltr'><strong>quum</strong></span> <span class='ocrx_word' id='word_1_814' title='bbox 1838 2154 1947 2196; x_wconf 85' lang='lat' dir='ltr'><strong>capita</strong></span> <span class='ocrx_word' id='word_1_815' title='bbox 1960 2163 2072 2187; x_wconf 88' lang='lat' dir='ltr'><strong>rerum</strong></span> <span class='ocrx_word' id='word_1_816' title='bbox 2086 2154 2252 2196; x_wconf 83' lang='lat' dir='ltr'><strong>ignoravit</strong></span> <span class='ocrx_word' id='word_1_817' title='bbox 2273 2167 2282 2187; x_wconf 73' lang='grc' dir='ltr'>ι</span> 
     </span>
     <span class='ocr_line' id='line_1_107' title="bbox 1227 2204 2283 2250; baseline -0.007 -7"><span class='ocrx_word' id='word_1_818' title='bbox 1227 2211 1305 2243; x_wconf 92' lang='lat' dir='ltr'><strong>sunt</strong></span> <span class='ocrx_word' id='word_1_819' title='bbox 1324 2211 1439 2242; x_wconf 87' lang='lat' dir='ltr'><strong>autem</strong></span> <span class='ocrx_word' id='word_1_820' title='bbox 1468 2207 1577 2250; x_wconf 87' lang='lat' dir='ltr'><strong>capita</strong></span> <span class='ocrx_word' id='word_1_821' title='bbox 1600 2213 1751 2248; x_wconf 80' lang='lat' dir='ltr'><strong>personas</strong></span> <span class='ocrx_word' id='word_1_822' title='bbox 1779 2206 1814 2237; x_wconf 88' lang='lat' dir='ltr'><strong>et</strong></span> <span class='ocrx_word' id='word_1_823' title='bbox 1843 2213 1949 2246; x_wconf 86' lang='lat' dir='ltr'><strong>opus,</strong></span> <span class='ocrx_word' id='word_1_824' title='bbox 1983 2204 2018 2237; x_wconf 92' lang='lat' dir='ltr'><strong>in</strong></span> <span class='ocrx_word' id='word_1_825' title='bbox 2044 2204 2168 2246; x_wconf 85' lang='lat' dir='ltr'><strong>quibus</strong></span> <span class='ocrx_word' id='word_1_826' title='bbox 2195 2204 2283 2237; x_wconf 87' lang='lat' dir='ltr'><strong>actio</strong></span> 
     </span>
     <span class='ocr_line' id='line_1_108' title="bbox 1227 2250 2283 2299; baseline -0.007 -5"><span class='ocrx_word' id='word_1_827' title='bbox 1227 2260 1397 2298; x_wconf 85' lang='lat' dir='ltr'><strong>consistit,</strong></span> <span class='ocrx_word' id='word_1_828' title='bbox 1413 2261 1448 2293; x_wconf 90' lang='lat' dir='ltr'><strong>et</strong></span> <span class='ocrx_word' id='word_1_829' title='bbox 1464 2258 1500 2291; x_wconf 93' lang='lat' dir='ltr'><strong>id</strong></span> <span class='ocrx_word' id='word_1_830' title='bbox 1516 2257 1611 2299; x_wconf 89' lang='lat' dir='ltr'><strong>cujus</strong></span> <span class='ocrx_word' id='word_1_831' title='bbox 1625 2255 1732 2298; x_wconf 80' lang='lat' dir='ltr'><strong>gratia</strong></span> <span class='ocrx_word' id='word_1_832' title='bbox 1745 2254 1832 2288; x_wconf 88' lang='lat' dir='ltr'><strong>actio</strong></span> <span class='ocrx_word' id='word_1_833' title='bbox 1845 2255 2035 2297; x_wconf 88' lang='lat' dir='ltr'><strong>suscipitur.</strong></span> <span class='ocrx_word' id='word_1_834' title='bbox 2049 2258 2133 2294; x_wconf 82' lang='lat' dir='ltr'><strong>Quae</strong></span> <span class='ocrx_word' id='word_1_835' title='bbox 2145 2250 2174 2288; x_wconf 87' lang='lat' dir='ltr'><strong>&#39;si</strong></span> <span class='ocrx_word' id='word_1_836' title='bbox 2188 2255 2283 2296; x_wconf 84' lang='lat' dir='ltr'><strong>igno-</strong></span> 
     </span>
     <span class='ocr_line' id='line_1_109' title="bbox 1226 2304 2282 2350; baseline -0.006 -7"><span class='ocrx_word' id='word_1_837' title='bbox 1226 2309 1371 2350; x_wconf 78' lang='lat' dir='ltr'><strong>raverit,</strong></span> <span class='ocrx_word' id='word_1_838' title='bbox 1400 2317 1439 2341; x_wconf 90' lang='lat' dir='ltr'><strong>ac</strong></span> <span class='ocrx_word' id='word_1_839' title='bbox 1451 2308 1613 2350; x_wconf 85' lang='lat' dir='ltr'><strong>praeterea</strong></span> <span class='ocrx_word' id='word_1_840' title='bbox 1627 2314 1743 2339; x_wconf 90' lang='lat' dir='ltr'><strong>eorum</strong></span> <span class='ocrx_word' id='word_1_841' title='bbox 1764 2313 1841 2346; x_wconf 81' lang='lat' dir='ltr'><strong>quoe</strong></span> <span class='ocrx_word' id='word_1_842' title='bbox 1855 2304 2060 2348; x_wconf 86' lang='lat' dir='ltr'><strong>perpetravit</strong></span> <span class='ocrx_word' id='word_1_843' title='bbox 2085 2304 2282 2347; x_wconf 82' lang='lat' dir='ltr'><strong>poenitentia</strong></span> 
     </span>
     <span class='ocr_line' id='line_1_110' title="bbox 1227 2354 1828 2401; baseline -0.008 -8"><span class='ocrx_word' id='word_1_844' title='bbox 1227 2359 1420 2399; x_wconf 84' lang='lat' dir='ltr'><strong>accesserit,</strong></span> <span class='ocrx_word' id='word_1_845' title='bbox 1442 2357 1574 2401; x_wconf 87' lang='lat' dir='ltr'><strong>proprie</strong></span> <span class='ocrx_word' id='word_1_846' title='bbox 1590 2356 1718 2390; x_wconf 90' lang='lat' dir='ltr'><strong>invitus</strong></span> <span class='ocrx_word' id='word_1_847' title='bbox 1736 2354 1828 2389; x_wconf 87' lang='lat' dir='ltr'><strong>fecit.</strong></span> 
     </span>
    </p>
   </div>
   <div class='ocr_carea' id='block_1_16' title="bbox 1217 2413 2280 3410">
    <p class='ocr_par' dir='ltr' id='par_1_21' title="bbox 1225 2413 2280 2580">
     <span class='ocr_line' id='line_1_111' title="bbox 1268 2413 2280 2461; baseline -0.004 -9"><span class='ocrx_word' id='word_1_848' title='bbox 1268 2419 1347 2452; x_wconf 87' lang='lat' dir='ltr'><strong>Tale</strong></span> <span class='ocrx_word' id='word_1_849' title='bbox 1363 2426 1441 2461; x_wconf 88' lang='lat' dir='ltr'><strong>ergo</strong></span> <span class='ocrx_word' id='word_1_850' title='bbox 1463 2426 1570 2461; x_wconf 90' lang='lat' dir='ltr'><strong>quum</strong></span> <span class='ocrx_word' id='word_1_851' title='bbox 1588 2416 1632 2450; x_wconf 87' lang='lat' dir='ltr'><strong>sit</strong></span> <span class='ocrx_word' id='word_1_852' title='bbox 1647 2425 1714 2448; x_wconf 92' lang='lat' dir='ltr'><strong>non</strong></span> <span class='ocrx_word' id='word_1_853' title='bbox 1735 2414 1984 2454; x_wconf 84' lang='lat' dir='ltr'><strong>voluntarium,</strong></span> <span class='ocrx_word' id='word_1_854' title='bbox 2011 2415 2128 2459; x_wconf 85' lang='lat' dir='ltr'><strong>sponte</strong></span> <span class='ocrx_word' id='word_1_855' title='bbox 2150 2413 2280 2448; x_wconf 86' lang='lat' dir='ltr'><strong>factum</strong></span> 
     </span>
     <span class='ocr_line' id='line_1_112' title="bbox 1226 2473 2277 2521; baseline -0.004 -9"><span class='ocrx_word' id='word_1_856' title='bbox 1226 2479 1290 2512; x_wconf 91' lang='lat' dir='ltr'><strong>erit</strong></span> <span class='ocrx_word' id='word_1_857' title='bbox 1303 2478 1338 2512; x_wconf 91' lang='lat' dir='ltr'><strong>id</strong></span> <span class='ocrx_word' id='word_1_858' title='bbox 1354 2478 1450 2521; x_wconf 87' lang='lat' dir='ltr'><strong>cujus</strong></span> <span class='ocrx_word' id='word_1_859' title='bbox 1464 2476 1663 2520; x_wconf 85' lang='lat' dir='ltr'><strong>principium</strong></span> <span class='ocrx_word' id='word_1_860' title='bbox 1676 2476 1727 2509; x_wconf 87' lang='lat' dir='ltr'><strong>est</strong></span> <span class='ocrx_word' id='word_1_861' title='bbox 1738 2474 1774 2508; x_wconf 89' lang='lat' dir='ltr'><strong>in</strong></span> <span class='ocrx_word' id='word_1_862' title='bbox 1786 2473 1919 2507; x_wconf 88' lang='lat' dir='ltr'><strong>homine</strong></span> <span class='ocrx_word' id='word_1_863' title='bbox 1932 2475 2050 2516; x_wconf 83' lang='lat' dir='ltr'><strong>agente</strong></span> <span class='ocrx_word' id='word_1_864' title='bbox 2063 2473 2277 2517; x_wconf 85' lang='lat' dir='ltr'><strong>singulasque</strong></span> 
     </span>
     <span class='ocr_line' id='line_1_113' title="bbox 1225 2534 2051 2580; baseline -0.005 -8"><span class='ocrx_word' id='word_1_865' title='bbox 1225 2547 1296 2577; x_wconf 88' lang='lat' dir='ltr'><strong>res,</strong></span> <span class='ocrx_word' id='word_1_866' title='bbox 1311 2537 1346 2571; x_wconf 91' lang='lat' dir='ltr'><strong>in</strong></span> <span class='ocrx_word' id='word_1_867' title='bbox 1359 2537 1483 2580; x_wconf 86' lang='lat' dir='ltr'><strong>quibus</strong></span> <span class='ocrx_word' id='word_1_868' title='bbox 1498 2535 1585 2570; x_wconf 87' lang='lat' dir='ltr'><strong>actio</strong></span> <span class='ocrx_word' id='word_1_869' title='bbox 1607 2534 1768 2574; x_wconf 85' lang='lat' dir='ltr'><strong>consistit,</strong></span> <span class='ocrx_word' id='word_1_870' title='bbox 1784 2542 1851 2566; x_wconf 90' lang='lat' dir='ltr'><strong>non</strong></span> <span class='ocrx_word' id='word_1_871' title='bbox 1867 2534 2051 2576; x_wconf 86' lang='lat' dir='ltr'><strong>ignorante.</strong></span> 
     </span>
    </p>

    <p class='ocr_par' dir='ltr' id='par_1_22' title="bbox 1217 2592 2278 3410">
     <span class='ocr_line' id='line_1_114' title="bbox 1267 2592 2278 2639; baseline -0.006 -8"><span class='ocrx_word' id='word_1_872' title='bbox 1267 2599 1382 2639; x_wconf 86' lang='lat' dir='ltr'><strong>Neque</strong></span> <span class='ocrx_word' id='word_1_873' title='bbox 1395 2596 1483 2630; x_wconf 88' lang='lat' dir='ltr'><strong>enim</strong></span> <span class='ocrx_word' id='word_1_874' title='bbox 1498 2596 1589 2628; x_wconf 88' lang='lat' dir='ltr'><strong>recte</strong></span> <span class='ocrx_word' id='word_1_875' title='bbox 1613 2593 1773 2627; x_wconf 89' lang='lat' dir='ltr'><strong>dicuntur</strong></span> <span class='ocrx_word' id='word_1_876' title='bbox 1787 2602 1854 2626; x_wconf 90' lang='lat' dir='ltr'><strong>non</strong></span> <span class='ocrx_word' id='word_1_877' title='bbox 1874 2592 2063 2626; x_wconf 83' lang='lat' dir='ltr'><strong>voluntaria</strong></span> <span class='ocrx_word' id='word_1_878' title='bbox 2087 2602 2178 2632; x_wconf 87' lang='lat' dir='ltr'><strong>esse,</strong></span> <span class='ocrx_word' id='word_1_879' title='bbox 2201 2602 2278 2636; x_wconf 80' lang='lat' dir='ltr'><strong>quae</strong></span> 
     </span>
     <span class='ocr_line' id='line_1_115' title="bbox 1223 2652 2278 2697; baseline -0.003 -8"><span class='ocrx_word' id='word_1_880' title='bbox 1223 2657 1283 2689; x_wconf 85' lang='lat' dir='ltr'><strong>irae</strong></span> <span class='ocrx_word' id='word_1_881' title='bbox 1298 2657 1353 2689; x_wconf 77' lang='lat' dir='ltr'><strong>vel</strong></span> <span class='ocrx_word' id='word_1_882' title='bbox 1366 2655 1560 2697; x_wconf 76' lang='lat' dir='ltr'><strong>cupiditatis</strong></span> <span class='ocrx_word' id='word_1_883' title='bbox 1577 2653 1724 2695; x_wconf 88' lang='lat' dir='ltr'><strong>impulsu</strong></span> <span class='ocrx_word' id='word_1_884' title='bbox 1738 2652 1893 2694; x_wconf 85' lang='lat' dir='ltr'><strong>facimus,</strong></span> <span class='ocrx_word' id='word_1_885' title='bbox 1910 2654 2090 2695; x_wconf 86' lang='lat' dir='ltr'><strong>postquam</strong></span> <span class='ocrx_word' id='word_1_886' title='bbox 2106 2652 2278 2695; x_wconf 86' lang='lat' dir='ltr'><strong>perspexi-</strong></span> 
     </span>
     <span class='ocr_line' id='line_1_116' title="bbox 1223 2710 2277 2756; baseline -0.003 -7"><span class='ocrx_word' id='word_1_887' title='bbox 1223 2725 1300 2749; x_wconf 89' lang='lat' dir='ltr'><strong>mus</strong></span> <span class='ocrx_word' id='word_1_888' title='bbox 1316 2714 1509 2756; x_wconf 86' lang='lat' dir='ltr'><strong>singulatim</strong></span> <span class='ocrx_word' id='word_1_889' title='bbox 1532 2712 1661 2752; x_wconf 89' lang='lat' dir='ltr'><strong>omnia,</strong></span> <span class='ocrx_word' id='word_1_890' title='bbox 1682 2711 1807 2755; x_wconf 88' lang='lat' dir='ltr'><strong>quibus</strong></span> <span class='ocrx_word' id='word_1_891' title='bbox 1822 2710 1943 2745; x_wconf 87' lang='lat' dir='ltr'><strong>nititur</strong></span> <span class='ocrx_word' id='word_1_892' title='bbox 1954 2713 1989 2745; x_wconf 87' lang='lat' dir='ltr'><strong>et</strong></span> <span class='ocrx_word' id='word_1_893' title='bbox 2005 2711 2039 2745; x_wconf 92' lang='lat' dir='ltr'><strong>in</strong></span> <span class='ocrx_word' id='word_1_894' title='bbox 2062 2712 2187 2755; x_wconf 88' lang='lat' dir='ltr'><strong>quibus</strong></span> <span class='ocrx_word' id='word_1_895' title='bbox 2203 2719 2277 2746; x_wconf 84' lang='lat' dir='ltr'><strong>eon-</strong></span> 
     </span>
     <span class='ocr_line' id='line_1_117' title="bbox 1225 2770 2277 2814; baseline -0.004 -6"><span class='ocrx_word' id='word_1_896' title='bbox 1225 2775 1314 2809; x_wconf 88' lang='lat' dir='ltr'><strong>sistit</strong></span> <span class='ocrx_word' id='word_1_897' title='bbox 1332 2773 1429 2807; x_wconf 82' lang='lat' dir='ltr'><strong>actio.</strong></span> <span class='ocrx_word' id='word_1_898' title='bbox 1456 2775 1540 2807; x_wconf 90' lang='lat' dir='ltr'><strong>Nam</strong></span> <span class='ocrx_word' id='word_1_899' title='bbox 1569 2771 1599 2805; x_wconf 89' lang='lat' dir='ltr'><strong>si</strong></span> <span class='ocrx_word' id='word_1_900' title='bbox 1616 2771 1679 2805; x_wconf 91' lang='lat' dir='ltr'><strong>hoc</strong></span> <span class='ocrx_word' id='word_1_901' title='bbox 1699 2770 1940 2811; x_wconf 86' lang='lat' dir='ltr'><strong>concedamus,</strong></span> <span class='ocrx_word' id='word_1_902' title='bbox 1970 2771 2118 2814; x_wconf 91' lang='lat' dir='ltr'><strong>primum</strong></span> <span class='ocrx_word' id='word_1_903' title='bbox 2145 2771 2277 2804; x_wconf 89' lang='lat' dir='ltr'><strong>nullum</strong></span> 
     </span>
     <span class='ocr_line' id='line_1_118' title="bbox 1224 2828 2271 2873; baseline -0.003 -7"><span class='ocrx_word' id='word_1_904' title='bbox 1224 2832 1345 2867; x_wconf 82' lang='lat' dir='ltr'><strong>animal</strong></span> <span class='ocrx_word' id='word_1_905' title='bbox 1359 2831 1498 2865; x_wconf 88' lang='lat' dir='ltr'><strong>rationis</strong></span> <span class='ocrx_word' id='word_1_906' title='bbox 1514 2839 1632 2873; x_wconf 89' lang='lat' dir='ltr'><strong>expers</strong></span> <span class='ocrx_word' id='word_1_907' title='bbox 1656 2831 1772 2872; x_wconf 89' lang='lat' dir='ltr'><strong>sponte</strong></span> <span class='ocrx_word' id='word_1_908' title='bbox 1793 2828 1979 2872; x_wconf 78' lang='lat' dir='ltr'><strong>quidquam</strong></span> <span class='ocrx_word' id='word_1_909' title='bbox 1999 2839 2096 2872; x_wconf 86' lang='lat' dir='ltr'><strong>agere</strong></span> <span class='ocrx_word' id='word_1_910' title='bbox 2111 2829 2271 2869; x_wconf 51' lang='lat' dir='ltr'><strong>dicemus</strong></span> 
     </span>
     <span class='ocr_line' id='line_1_119' title="bbox 1224 2889 2274 2937; baseline -0.005 -10"><span class='ocrx_word' id='word_1_911' title='bbox 1224 2895 1346 2937; x_wconf 88' lang='lat' dir='ltr'><strong>quippe</strong></span> <span class='ocrx_word' id='word_1_912' title='bbox 1360 2902 1437 2936; x_wconf 84' lang='lat' dir='ltr'><strong>quae</strong></span> <span class='ocrx_word' id='word_1_913' title='bbox 1456 2900 1595 2935; x_wconf 87' lang='lat' dir='ltr'><strong>semper,</strong></span> <span class='ocrx_word' id='word_1_914' title='bbox 1618 2890 1710 2934; x_wconf 89' lang='lat' dir='ltr'><strong>quod</strong></span> <span class='ocrx_word' id='word_1_915' title='bbox 1737 2889 1922 2932; x_wconf 76' lang='lat' dir='ltr'><strong>cupiditate</strong></span> <span class='ocrx_word' id='word_1_916' title='bbox 1946 2890 2066 2923; x_wconf 87' lang='lat' dir='ltr'><strong>ardent</strong></span> <span class='ocrx_word' id='word_1_917' title='bbox 2082 2890 2198 2933; x_wconf 89' lang='lat' dir='ltr'><strong>iraque</strong></span> <span class='ocrx_word' id='word_1_918' title='bbox 2219 2890 2274 2923; x_wconf 91' lang='lat' dir='ltr'><strong>in-</strong></span> 
     </span>
     <span class='ocr_line' id='line_1_120' title="bbox 1223 2948 2269 2992; baseline -0.005 -5"><span class='ocrx_word' id='word_1_919' title='bbox 1223 2954 1392 2987; x_wconf 85' lang='lat' dir='ltr'><strong>flammata</strong></span> <span class='ocrx_word' id='word_1_920' title='bbox 1423 2953 1520 2990; x_wconf 91' lang='lat' dir='ltr'><strong>sunt,</strong></span> <span class='ocrx_word' id='word_1_921' title='bbox 1551 2951 1669 2992; x_wconf 81' lang='lat' dir='ltr'><strong>agant,</strong></span> <span class='ocrx_word' id='word_1_922' title='bbox 1711 2951 1746 2983; x_wconf 88' lang='lat' dir='ltr'><strong>et</strong></span> <span class='ocrx_word' id='word_1_923' title='bbox 1770 2948 1925 2982; x_wconf 88' lang='lat' dir='ltr'><strong>similiter</strong></span> <span class='ocrx_word' id='word_1_924' title='bbox 1957 2958 2080 2992; x_wconf 87' lang='lat' dir='ltr'><strong>pueros</strong></span> <span class='ocrx_word' id='word_1_925' title='bbox 2111 2963 2119 2983; x_wconf 89' lang='lat'><strong>:</strong></span> <span class='ocrx_word' id='word_1_926' title='bbox 2149 2948 2269 2983; x_wconf 89' lang='lat' dir='ltr'><strong>deinde</strong></span> 
     </span>
     <span class='ocr_line' id='line_1_121' title="bbox 1221 3008 2272 3052; baseline -0.003 -6"><span class='ocrx_word' id='word_1_927' title='bbox 1221 3013 1323 3046; x_wconf 89' lang='lat' dir='ltr'><strong>etiam</strong></span> <span class='ocrx_word' id='word_1_928' title='bbox 1351 3011 1386 3045; x_wconf 91' lang='lat' dir='ltr'><strong>in</strong></span> <span class='ocrx_word' id='word_1_929' title='bbox 1408 3010 1504 3044; x_wconf 89' lang='lat' dir='ltr'><strong>nobis</strong></span> <span class='ocrx_word' id='word_1_930' title='bbox 1521 3009 1703 3044; x_wconf 87' lang='lat' dir='ltr'><strong>absurdum</strong></span> <span class='ocrx_word' id='word_1_931' title='bbox 1729 3008 1792 3042; x_wconf 85' lang='lat' dir='ltr'><strong>erit</strong></span> <span class='ocrx_word' id='word_1_932' title='bbox 1821 3021 1829 3030; x_wconf 93' lang='lat'><strong>·</strong></span> <span class='ocrx_word' id='word_1_933' title='bbox 1854 3018 1933 3042; x_wconf 90' lang='lat' dir='ltr'><strong>nam</strong></span> <span class='ocrx_word' id='word_1_934' title='bbox 1960 3011 2020 3042; x_wconf 83' lang='lat' dir='ltr'><strong>aut</strong></span> <span class='ocrx_word' id='word_1_935' title='bbox 2048 3008 2131 3042; x_wconf 91' lang='lat' dir='ltr'><strong>nihil</strong></span> <span class='ocrx_word' id='word_1_936' title='bbox 2156 3010 2272 3052; x_wconf 85' lang='lat' dir='ltr'><strong>sponte</strong></span> 
     </span>
     <span class='ocr_line' id='line_1_122' title="bbox 1220 3067 2269 3114; baseline -0.004 -9"><span class='ocrx_word' id='word_1_937' title='bbox 1220 3072 1363 3114; x_wconf 84' lang='lat' dir='ltr'><strong>agimus,</strong></span> <span class='ocrx_word' id='word_1_938' title='bbox 1398 3069 1490 3114; x_wconf 89' lang='lat' dir='ltr'><strong>quod</strong></span> <span class='ocrx_word' id='word_1_939' title='bbox 1519 3069 1711 3113; x_wconf 87' lang='lat' dir='ltr'><strong>cupiditatis</strong></span> <span class='ocrx_word' id='word_1_940' title='bbox 1737 3069 1792 3103; x_wconf 84' lang='lat' dir='ltr'><strong>vel</strong></span> <span class='ocrx_word' id='word_1_941' title='bbox 1825 3068 1884 3102; x_wconf 81' lang='lat' dir='ltr'><strong>irae</strong></span> <span class='ocrx_word' id='word_1_942' title='bbox 1916 3068 2063 3111; x_wconf 89' lang='lat' dir='ltr'><strong>impulsu</strong></span> <span class='ocrx_word' id='word_1_943' title='bbox 2103 3067 2247 3101; x_wconf 82' lang='lat' dir='ltr'><strong>facimus</strong></span> <span class='ocrx_word' id='word_1_944' title='bbox 2260 3094 2269 3108; x_wconf 82' lang='lat'><strong>,</strong></span> 
     </span>
     <span class='ocr_line' id='line_1_123' title="bbox 1219 3127 2271 3173; baseline -0.007 -7"><span class='ocrx_word' id='word_1_945' title='bbox 1219 3134 1278 3166; x_wconf 92' lang='lat' dir='ltr'><strong>aut</strong></span> <span class='ocrx_word' id='word_1_946' title='bbox 1300 3132 1440 3165; x_wconf 83' lang='lat' dir='ltr'><strong>honesta</strong></span> <span class='ocrx_word' id='word_1_947' title='bbox 1461 3129 1595 3173; x_wconf 88' lang='lat' dir='ltr'><strong>quidem</strong></span> <span class='ocrx_word' id='word_1_948' title='bbox 1620 3130 1755 3172; x_wconf 87' lang='lat' dir='ltr'><strong>sponte,</strong></span> <span class='ocrx_word' id='word_1_949' title='bbox 1777 3128 1891 3172; x_wconf 88' lang='lat' dir='ltr'><strong>turpia</strong></span> <span class='ocrx_word' id='word_1_950' title='bbox 1913 3130 2027 3161; x_wconf 90' lang='lat' dir='ltr'><strong>autem</strong></span> <span class='ocrx_word' id='word_1_951' title='bbox 2049 3127 2165 3166; x_wconf 85' lang='lat' dir='ltr'><strong>inviti,</strong></span> <span class='ocrx_word' id='word_1_952' title='bbox 2185 3137 2271 3171; x_wconf 90' lang='lat' dir='ltr'><strong>quo-</strong></span> 
     </span>
     <span class='ocr_line' id='line_1_124' title="bbox 1218 3187 2266 3232; baseline -0.007 -7"><span class='ocrx_word' id='word_1_953' title='bbox 1218 3193 1307 3226; x_wconf 88' lang='lat' dir='ltr'><strong>niam</strong></span> <span class='ocrx_word' id='word_1_954' title='bbox 1322 3190 1469 3224; x_wconf 86' lang='lat' dir='ltr'><strong>facinora</strong></span> <span class='ocrx_word' id='word_1_955' title='bbox 1482 3200 1502 3224; x_wconf 87' lang='lat' dir='ltr'><strong>a</strong></span> <span class='ocrx_word' id='word_1_956' title='bbox 1517 3189 1646 3232; x_wconf 89' lang='lat' dir='ltr'><strong>cupidis</strong></span> <span class='ocrx_word' id='word_1_957' title='bbox 1657 3189 1710 3223; x_wconf 90' lang='lat' dir='ltr'><strong>vel</strong></span> <span class='ocrx_word' id='word_1_958' title='bbox 1725 3188 1820 3222; x_wconf 91' lang='lat' dir='ltr'><strong>iratis</strong></span> <span class='ocrx_word' id='word_1_959' title='bbox 1832 3187 1922 3222; x_wconf 83' lang='lat' dir='ltr'><strong>facta</strong></span> <span class='ocrx_word' id='word_1_960' title='bbox 1936 3187 2058 3230; x_wconf 86' lang='lat' dir='ltr'><strong>partim</strong></span> <span class='ocrx_word' id='word_1_961' title='bbox 2074 3187 2161 3221; x_wconf 87' lang='lat' dir='ltr'><strong>bona</strong></span> <span class='ocrx_word' id='word_1_962' title='bbox 2177 3187 2266 3225; x_wconf 87' lang='lat' dir='ltr'><strong>sunt,</strong></span> 
     </span>
     <span class='ocr_line' id='line_1_125' title="bbox 1217 3246 2267 3295; baseline -0.008 -10"><span class='ocrx_word' id='word_1_963' title='bbox 1217 3250 1339 3295; x_wconf 90' lang='lat' dir='ltr'><strong>partim</strong></span> <span class='ocrx_word' id='word_1_964' title='bbox 1367 3249 1467 3283; x_wconf 81' lang='lat' dir='ltr'><strong>mala.</strong></span> <span class='ocrx_word' id='word_1_965' title='bbox 1497 3250 1574 3282; x_wconf 83' lang='lat' dir='ltr'><strong>Jam</strong></span> <span class='ocrx_word' id='word_1_966' title='bbox 1602 3248 1782 3282; x_wconf 89' lang='lat' dir='ltr'><strong>ridiculum</strong></span> <span class='ocrx_word' id='word_1_967' title='bbox 1808 3247 1891 3287; x_wconf 87' lang='lat' dir='ltr'><strong>erit,</strong></span> <span class='ocrx_word' id='word_1_968' title='bbox 1914 3246 1944 3280; x_wconf 87' lang='lat' dir='ltr'><strong>si</strong></span> <span class='ocrx_word' id='word_1_969' title='bbox 1967 3247 2107 3279; x_wconf 80' lang='lat' dir='ltr'><strong>honesta</strong></span> <span class='ocrx_word' id='word_1_970' title='bbox 2134 3247 2267 3279; x_wconf 76' lang='lat' dir='ltr'><strong>tantum</strong></span> 
     </span>
     <span class='ocr_line' id='line_1_126' title="bbox 1217 3305 2265 3352; baseline -0.005 -10"><span class='ocrx_word' id='word_1_971' title='bbox 1217 3310 1333 3352; x_wconf 86' lang='lat' dir='ltr'><strong>sponte</strong></span> <span class='ocrx_word' id='word_1_972' title='bbox 1346 3334 1354 3348; x_wconf 89' lang='lat'>‚</span> <span class='ocrx_word' id='word_1_973' title='bbox 1375 3307 1488 3351; x_wconf 86' lang='lat' dir='ltr'><strong>turpia</strong></span> <span class='ocrx_word' id='word_1_974' title='bbox 1505 3308 1620 3341; x_wconf 87' lang='lat' dir='ltr'><strong>autem</strong></span> <span class='ocrx_word' id='word_1_975' title='bbox 1636 3306 1760 3341; x_wconf 81' lang='lat' dir='ltr'><strong>invitos</strong></span> <span class='ocrx_word' id='word_1_976' title='bbox 1774 3316 1835 3340; x_wconf 88' lang='lat' dir='ltr'><strong>nos</strong></span> <span class='ocrx_word' id='word_1_977' title='bbox 1853 3305 1960 3340; x_wconf 87' lang='lat' dir='ltr'><strong>facere</strong></span> <span class='ocrx_word' id='word_1_978' title='bbox 1972 3305 2181 3348; x_wconf 84' lang='lat' dir='ltr'><strong>judicemus:</strong></span> <span class='ocrx_word' id='word_1_979' title='bbox 2199 3314 2265 3338; x_wconf 86' lang='lat' dir='ltr'><strong>una</strong></span> 
     </span>
     <span class='ocr_line' id='line_1_127' title="bbox 1217 3362 2264 3410; baseline -0.006 -8"><span class='ocrx_word' id='word_1_980' title='bbox 1217 3368 1303 3402; x_wconf 89' lang='lat' dir='ltr'><strong>enim</strong></span> <span class='ocrx_word' id='word_1_981' title='bbox 1325 3369 1545 3410; x_wconf 83' lang='lat' dir='ltr'><strong>utrorumque</strong></span> <span class='ocrx_word' id='word_1_982' title='bbox 1571 3375 1672 3400; x_wconf 87' lang='lat' dir='ltr'><strong>causa</strong></span> <span class='ocrx_word' id='word_1_983' title='bbox 1689 3369 1758 3406; x_wconf 87' lang='lat' dir='ltr'><strong>est,</strong></span> <span class='ocrx_word' id='word_1_984' title='bbox 1774 3366 1825 3399; x_wconf 90' lang='lat' dir='ltr'><strong>ira</strong></span> <span class='ocrx_word' id='word_1_985' title='bbox 1847 3367 1906 3399; x_wconf 83' lang='lat' dir='ltr'><strong>aut</strong></span> <span class='ocrx_word' id='word_1_986' title='bbox 1929 3364 2106 3407; x_wconf 85' lang='lat' dir='ltr'><strong>cupiditas.</strong></span> <span class='ocrx_word' id='word_1_987' title='bbox 2135 3362 2264 3396; x_wconf 87' lang='lat' dir='ltr'><strong>Volun-</strong></span> 
     </span>
    </p>
   </div>
   <div class='ocr_carea' id='block_1_17' title="bbox 2009 3437 2258 3447">
    <p class='ocr_par' dir='ltr' id='par_1_23' title="bbox 2009 3437 2258 3447">
     <span class='ocr_line' id='line_1_128' title="bbox 2009 3437 2258 3447; baseline 0 329"><span class='ocrx_word' id='word_1_988' title='bbox 2009 3437 2258 3447; x_wconf 95' lang='lat' dir='ltr'><strong> </strong></span> 
     </span>
    </p>
   </div>
   <div class='ocr_carea' id='block_1_18' title="bbox 154 3478 2075 3527">
    <p class='ocr_par' dir='ltr' id='par_1_24' title="bbox 154 3478 2075 3527">
     <span class='ocr_line' id='line_1_129' title="bbox 154 3478 2075 3527; baseline -0.002 -12"><span class='ocrx_word' id='word_1_989' title='bbox 154 3480 176 3502; x_wconf 74' lang='grc'><strong>““</strong></span> <span class='ocrx_word' id='word_1_990' title='bbox 195 3479 312 3520; x_wconf 86' lang='grc' dir='ltr'>Ὄντος</span> <span class='ocrx_word' id='word_1_991' title='bbox 326 3482 355 3515; x_wconf 86' lang='grc' dir='ltr'><strong>δ’</strong></span> <span class='ocrx_word' id='word_1_992' title='bbox 371 3483 528 3517; x_wconf 81' lang='grc' dir='ltr'>ἀκουσίου</span> <span class='ocrx_word' id='word_1_993' title='bbox 544 3495 603 3518; x_wconf 84' lang='grc' dir='ltr'><strong>του</strong></span> <span class='ocrx_word' id='word_1_994' title='bbox 622 3484 729 3526; x_wconf 89' lang='grc' dir='ltr'>βιαίου</span> <span class='ocrx_word' id='word_1_995' title='bbox 745 3485 814 3516; x_wconf 88' lang='grc' dir='ltr'>κτλ.</span> <span class='ocrx_word' id='word_1_996' title='bbox 831 3501 870 3507; x_wconf 96' lang='grc'><strong>-</strong></span> <span class='ocrx_word' id='word_1_997' title='bbox 890 3483 1047 3521; x_wconf 66' lang='lat' dir='ltr'><strong>**&#39;1&lt;5w&lt;;</strong></span> <span class='ocrx_word' id='word_1_998' title='bbox 1059 3483 1120 3527; x_wconf 83' lang='grc' dir='ltr'><strong>γὰρ</strong></span> <span class='ocrx_word' id='word_1_999' title='bbox 1139 3484 1176 3516; x_wconf 86' lang='grc' dir='ltr'>οὐ</span> <span class='ocrx_word' id='word_1_1000' title='bbox 1190 3484 1296 3521; x_wconf 76' lang='grc' dir='ltr'>καλῶς</span> <span class='ocrx_word' id='word_1_1001' title='bbox 1308 3484 1437 3525; x_wconf 79' lang='grc' dir='ltr'>λέγεται</span> <span class='ocrx_word' id='word_1_1002' title='bbox 1453 3483 1490 3516; x_wconf 86' lang='grc' dir='ltr'><strong>τὸ</strong></span> <span class='ocrx_word' id='word_1_1003' title='bbox 1505 3483 1647 3515; x_wconf 78' lang='grc' dir='ltr'>ἀκούσια</span> <span class='ocrx_word' id='word_1_1004' title='bbox 1662 3482 1744 3515; x_wconf 80' lang='grc' dir='ltr'>εἶναι</span> <span class='ocrx_word' id='word_1_1005' title='bbox 1761 3481 1804 3513; x_wconf 82' lang='grc' dir='ltr'><strong>τὰ</strong></span> <span class='ocrx_word' id='word_1_1006' title='bbox 1820 3481 1875 3514; x_wconf 85' lang='grc' dir='ltr'><strong>διὰ</strong></span> <span class='ocrx_word' id='word_1_1007' title='bbox 1889 3479 1989 3522; x_wconf 83' lang='grc' dir='ltr'>θυμόν</span> <span class='ocrx_word' id='word_1_1008' title='bbox 2007 3478 2075 3511; x_wconf 80' lang='grc' dir='ltr'>κτλ.</span> 
     </span>
    </p>
   </div>
  </div>
 </body>
</html>
