2508 3776
278 242 358 282 288

277 329 417 380 πρώτην
431 327 556 365 ἐκεῖθεν
569 325 738 378 παράγειν
752 325 798 370 ὥς
810 341 887 365 τινα
901 327 1012 380 ἀρχὴν
1023 330 1083 375 τῆς
1094 327 1174 377 ὅλης
1191 335 1310 380 γενεᾶς

276 389 343 425 τῶν
364 388 461 432 θεῶν,
480 386 508 422 εἷ
527 385 574 434 μὴ
594 384 661 435 ἄρα
678 383 771 428 Χάος
792 383 854 435 μὲν
871 385 932 432 τὴν
954 387 1113 439 δευτέραν
1129 389 1197 426 τῶν
1219 388 1311 426 δυοῖν

276 447 406 496 ἀρχῶν.
465 443 605 490 Ταύτην
622 446 637 464 ‘²
666 443 700 480 δὲ
723 443 782 480 καὶ
809 442 995 497 Τάρταρον
1015 445 1076 484 καὶ
1102 443 1249 497 Ἔρωτα
1274 445 1312 483 τὸ

275 504 438 554 τριπλοῦν
463 502 599 548 νοητόν,
619 501 675 540 τὸν
696 500 757 551 μὲν
775 501 919 554 Ἔρωτα
942 503 1021 542 ἀντὶ
1041 507 1101 543 τοῦ
1121 504 1252 556 τρίτου,
1266 506 1312 547 ὡς

274 559 363 598 κατὰ
386 558 597 611 ἐπιστροφὴν
620 559 860 610 θεωρουμένην
883 561 1008 612 (τοῦτο
1027 561 1094 614 γὰρ
1114 561 1221 604 οὕτως
1237 563 1314 599 ὄνο-

275 619 375 668 μάζει
395 618 460 666 Ῐκαὶ
481 620 499 656 ὁ
519 617 673 670 Ὀρφεὺς
693 619 726 656 ἐν
748 619 822 662 ταῖς
843 620 1076 673 ῥαψῳδίαις),
1097 618 1160 667 τὴν
1181 619 1216 658 δὲ
1241 621 1313 666 Γῆν

274 676 348 713 ἀντὶ
367 679 428 714 τοῦ
452 676 603 728 πρώτου,
623 679 669 720 ὡς
689 675 831 728 πρώτην
862 680 896 716 ἐν
916 683 1045 731 στερεῷ
1065 693 1134 717 τινι
1170 678 1230 717 καὶ
1253 680 1314 716 οὗ-

274 734 388 773 σιώδει
406 734 654 786 καταστήματι
670 736 855 786 παγεῒσαν,
873 735 931 774 τὸν
950 737 1135 790 Τάρταρον
1157 737 1234 776 ἀντὶ
1253 741 1313 775 τοῦ

277 793 400 844 μέσου,
422 797 467 838 ὡς
486 794 552 842 ἤδη
570 810 643 838 πως
666 796 712 838 εἷς
732 794 902 846 διάκρισιν
921 796 1259 848 παρακεκινημένον.

332 852 552 897 Ἀκουσίλαος
572 851 606 891 δὲ
627 854 720 898 Χάος
738 852 799 904 μὲν
821 854 1043 893 ὑποτίθεσθαί
1059 870 1118 906 μοι
1139 856 1231 894 δοκεῖ
1251 855 1314 902 τὴν

275 910 417 963 πρώτην
438 912 551 964 ἀρχὴν
581 914 628 957 ὥς
647 912 762 964 πάντῃ
791 913 982 965 ἄγνωστον,
1002 913 1064 957 τὰς
1087 914 1122 952 δὲ
1146 914 1205 952 δύο
1226 915 1314 964 μετὰ

276 971 337 1017 τήν
361 971 456 1021 μίαν,
480 969 629 1022 Ἔρεὸος
668 971 731 1022 μὲν
753 971 814 1018 τὴν
836 972 963 1025 ἅρῤενα
983 1003 992 1020 ,
1022 973 1085 1019 τὴν
1112 973 1148 1011 δὲ
1174 974 1313 1020 θήλειαν

274 1030 409 1077 Νύκτα,
430 1030 559 1077 ταύτην
574 1029 635 1080 μὲν
652 1030 726 1068 ἀντὶ
745 1031 900 1083 ἀπειρίας
914 1041 946 1078 8,
960 1031 1093 1079 ἐκείνην
1112 1031 1148 1069 δὲ
1164 1033 1240 1071 ἀντὶ
1254 1031 1316 1071 πέ-

274 1104 389 1140 ρατος.
452 1089 519 1128 Ἐκ
548 1089 582 1127 δὲ
603 1088 732 1127 τούτων
764 1089 849 1142 φησὶ
881 1092 1074 1142 μιχθέντων
1113 1091 1233 1143 αἰθέρα
1254 1107 1314 1141 γε-

270 1150 390 1185 νέσθαι
410 1147 469 1186 καὶ
488 1147 634 1199 Ἔρωτα
655 1148 714 1186 καὶ
735 1151 865 1195 Μῆτιν,
890 1150 952 1193 τὰς
966 1151 1057 1202 τρεῖς
1081 1150 1209 1195 ταύτας
1231 1166 1314 1198 νοη-

273 1204 332 1246 τὰς
352 1205 570 1253 ὑποστάσεις,
591 1205 653 1253 τὴν
670 1206 731 1256 μὲν
760 1207 870 1260 ἄκραν
889 1207 1009 1262 αἰθέρα
1043 1211 1168 1255 ποιῶν,
1193 1208 1255 1255 τὴν
1279 1209 1314 1247 δὲ

280 1262 389 1313 μέσην
409 1262 556 1316 Ἔρωτα
577 1264 667 1302 κατὰ
687 1265 749 1311 τὴν
774 1265 917 1319 φυτικὴν
940 1266 1115 1317 μεσότητα
1142 1272 1203 1306 τοῦ
1227 1266 1314 1318 ἔρω-

273 1336 344 1371 τος,
366 1321 429 1368 τὴν
456 1322 492 1360 δὲ
518 1322 636 1375 τρίτην
659 1325 776 1370 Μῆτιν
803 1324 883 1362 κατ’
908 1325 1010 1363 αὐτὸν
1028 1324 1096 1372 ἤδη
1116 1324 1173 1362 τὸν
1201 1326 1312 1363 πολυ-

279 1380 424 1429 τίμητον
443 1386 533 1419 νοῦν.
593 1381 759 1434 Παράγει
779 1381 815 1419 δὲ
833 1382 890 1421 ἐπὶ
904 1382 1037 1426 τούτοις
1058 1385 1096 1421 ἐκ
1110 1385 1177 1421 τῶν
1198 1384 1311 1421 αὐτῶν

272 1438 330 1476 καὶ
355 1439 468 1477 ἄλλων
490 1441 574 1477 θεῶν
610 1440 718 1477 πολὺν
742 1443 888 1491 ἀριθμὸν
922 1442 1016 1482 κατὰ
1042 1442 1105 1489 τὴν
1142 1441 1311 1491 Εὐδήμου

271 1496 439 1546 ἱστορίαν.

310 1553 381 1592 'lev
400 1553 434 1591 δὲ
454 1554 681 1604 Ἐπιμενίδην
713 1555 772 1594 δύο
801 1555 942 1609 πρώτας
970 1558 1082 1610 ἀρχὰς
1106 1557 1313 1608 ὑποθέσθαι,

273 1611 327 1649 ’έΑ
313 1628 374 1664 ερα
395 1613 454 1650 καὶ
474 1613 612 1661 Νύκτα,
634 1614 792 1660 δηλονότι
815 1619 910 1667 σιγῇ
915 1617 1113 1666 τιμήσαντα
1144 1615 1207 1663 τὴν
1231 1614 1313 1664 μἰαν

272 1672 338 1724 πρὸ
355 1687 422 1709 των
443 1672 549 1719 δυοῖν,
573 1671 607 1717 ἐξ
626 1676 674 1711 ὡν
694 1677 907 1748 γεννηθῆναι
918 1676 1104 1728 Τάρταρον
1132 1679 1231 1726 οἶμαι
1252 1674 1312 1722 τὴν

273 1728 391 1782 τρίτην
412 1729 539 1790 ἀρχην,
563 1729 609 1774 ὥς
630 1746 706 1768 τινα
735 1734 861 1782 μικτὴν
894 1735 932 1771 ἐκ
954 1749 1022 1771 των
1045 1735 1136 1772 δυοῖν
1171 1749 1313 1786 συγκρι-

273 1792 404 1835 θεῖσαν,
423 1788 456 1832 ἐξ
477 1792 525 1826 ὧν
542 1788 640 1833 τινὰς
661 1789 724 1838 τὴν
742 1795 868 1837 νοητὴν
888 1791 1065 1841 μεσότητα
1089 1791 1179 1830 ούτω
1205 1791 1310 1830 καλέ-

272 1862 399 1891 σαντας
419 1849 454 1896 ¹¹,
473 1847 590 1886 διότι2
576 1851 630 1886 επ’
649 1850 754 1901 ἄμφω
777 1849 939 1889 διατείνει
963 1850 1001 1888 τό
1017 1866 1054 1888 τε
1073 1851 1177 1903 ἄκρον
1195 1851 1254 1889 καὶ
1273 1851 1312 1890 τὸ

273 1993 334 2026 nisi
367 1992 454 2027 sorte
478 1994 578 2041 chaos
601 1994 744 2028 duorum
775 1996 1011 2038 principiorum
1040 1996 1222 2030 secundum
1247 2006 1318 2030 esse

274 2052 390 2086 voluit.
410 2052 576 2086 Caeterum
595 2054 680 2087 hanc
696 2055 764 2087 vim
789 2057 823 2088 et
843 2057 1016 2088 Tartarum
1036 2058 1069 2089 et
1088 2058 1240 2089 Amorem
1256 2057 1318 2089 tri-

274 2111 391 2152 plicem
414 2114 567 2144 naturam
597 2113 836 2155 intelligibilem
861 2114 1043 2156 judicavit,
1069 2116 1222 2148 Amorem
1241 2115 1318 2158 qui-

272 2172 348 2205 dem
370 2173 469 2207 tertio
484 2174 555 2206 loco
571 2183 711 2215 ponens,
731 2177 769 2207 ut
785 2175 883 2216 juxta
906 2175 1187 2208 conversationem
1207 2177 1317 2208 mente

273 2232 544 2275 circumspectam
562 2234 640 2275 (hoc
666 2234 753 2266 enim
778 2234 825 2267 sic
845 2234 946 2267 etiam
973 2235 1125 2276 Orpheus
1143 2234 1178 2267 in
1197 2235 1318 2267 carmi-

274 2293 370 2325 nibus
386 2293 525 2332 vocat),
556 2294 690 2325 Terram
707 2294 819 2325 autem
836 2292 943 2335 primo
968 2293 1055 2332 loco,
1075 2295 1114 2325 ut
1128 2293 1268 2335 primam
1283 2293 1317 2326 in

273 2352 362 2382 certo
383 2350 527 2392 quodam
555 2352 589 2383 ct
618 2351 761 2383 naturali
787 2353 876 2384 statu
903 2352 1114 2391 collocatam,
1142 2354 1315 2385 Tartarum

273 2409 414 2451 denique
430 2410 539 2442 medio
554 2410 642 2449 loco,
660 2412 700 2442 ut
715 2411 785 2452 jam
802 2410 1044 2453 quodammodo
1066 2411 1108 2443 ad
1125 2411 1317 2444 dissolutio-

273 2479 346 2503 nem
362 2470 545 2504 incitatum.

316 2529 489 2561 Acusilaus
517 2531 629 2562 autem
652 2530 752 2563 chaos
775 2540 895 2572 ponere
919 2530 1002 2563 mibi
1021 2531 1154 2564 videtur
1172 2531 1316 2574 primum

273 2587 469 2628 principium
500 2590 539 2620 ut
571 2598 707 2630 prorsus
734 2590 899 2632 ignotum,
928 2590 995 2623 duo
1020 2600 1100 2624 vero
1129 2593 1203 2634 post
1232 2590 1315 2623 illud

275 2655 393 2684 unum,
412 2646 557 2678 Erebum
585 2657 710 2680 marem
729 2650 762 2680 et
783 2650 921 2681 Noctem
941 2649 1115 2688 feminam,
1137 2650 1222 2682 hanc
1239 2649 1316 2692 qui-

272 2703 349 2737 dem
378 2704 565 2743 infinitatis,
586 2707 620 2738 at
648 2706 739 2738 illam
758 2707 833 2740 finis
855 2708 938 2741 loeo.
965 2710 1016 2741 Ex
1052 2708 1103 2741 his
1128 2709 1244 2741 mixtis
1268 2709 1315 2741 ait

274 2764 431 2796 aetherem
455 2773 526 2797 esse
547 2767 657 2797 ortum
686 2768 718 2799 et
740 2768 892 2800 Amorem
922 2770 955 2801 et
977 2769 1096 2808 Metin‚
1123 2770 1192 2802 tres
1216 2770 1315 2802 hasce

274 2822 496 2865 intelhgibiles
511 2833 677 2865 personas,
698 2834 862 2858 summam
875 2827 1010 2860 aetheris
1027 2827 1150 2860 faciens
1165 2827 1314 2860 substan-

273 2880 371 2918 tiam,
392 2880 534 2913 mediam
561 2882 688 2914 Amoris
707 2885 841 2924 propter
856 2885 1072 2926 vegetabilem
1095 2885 1217 2918 amoris
1238 2894 1312 2917 me-

273 2938 447 2977 dietatem,
466 2939 596 2971 tertiam
615 2940 757 2982 denique
772 2951 943 2982 personam
959 2943 1001 2975 ob
1018 2943 1122 2985 ipsam
1138 2943 1208 2985 jam
1225 2952 1314 2976 men-

273 3000 341 3028 tem
362 2997 533 3030 honestam
555 2999 658 3031 Metin
676 3000 853 3041 appellans.
875 3001 939 3034 Sed
955 3004 1030 3043 post
1048 3002 1121 3035 haec
1141 3011 1181 3035 ex
1197 3002 1314 3035 iisdem

276 3064 430 3096 magnum
449 3056 549 3088 etiam
565 3057 705 3089 aliorum
721 3057 858 3091 deorum
874 3069 1048 3093 numerum
1062 3061 1158 3103 juxta
1175 3061 1314 3094 Eudemi

275 3114 447 3148 historiam
468 3118 610 3158 generat.

316 3174 541 3216 Epimenidem
564 3177 676 3208 autem
691 3176 833 3209 arbitror
855 3177 921 3209 duo
940 3178 1046 3219 prima
1068 3179 1227 3221 principia
1245 3180 1315 3211 sta-

275 3230 378 3264 tuisse
395 3233 510 3264 Aerem
525 3234 558 3265 et
567 3234 719 3272 Noctem,
737 3243 841 3276 quum
858 3236 981 3268 scilicet
995 3247 1096 3269 unum
1114 3238 1213 3270 tacite
1229 3247 1315 3279 prce-

275 3289 376 3323 ferret
393 3290 445 3323 his
461 3290 607 3330 duobus,
635 3301 675 3324 ex
694 3293 817 3334 quibus
841 3296 1015 3326 Tartarum
1040 3296 1174 3328 tertium
1192 3296 1315 3338 princi-

274 3351 366 3393 pium
388 3354 596 3395 procreatum
618 3355 714 3395 puto,
736 3356 851 3395 utpote
865 3364 905 3387 ex
928 3354 1058 3388 duobus
1079 3356 1146 3388 illis
1170 3356 1314 3388 mixtum

275 3411 310 3443 ct
335 3413 569 3454 temperatum,
586 3421 627 3445 ex
646 3413 769 3454 quibus
794 3413 967 3445 nonnullos
986 3413 1223 3454 intelligibilem
1242 3424 1315 3448 me-

276 3469 433 3503 dletatem
447 3470 494 3503 ita
514 3470 697 3505 nominasse
713 3481 796 3511 reor,
818 3471 908 3515 quod
926 3472 969 3504 ad
982 3474 1123 3514 utraque
1139 3475 1173 3508 et
1185 3483 1314 3508 summa

948 239 1143 302 EUDEMI
1173 238 1351 280 RHODII
1384 238 1745 279 PERIPATETICI

1371 328 1498 382 ’κέρας’
1533 332 1579 367 ων
1617 329 1809 379 μιχθεντων
1833 325 1993 373 ἀλλήλοις
2019 326 2086 368 ὠὸν
2115 327 2275 379 γενέσθαι
2306 304 2474 381 vovffljf-‘³T.

1370 387 1534 426 ἐκεῖνοτο
1553 403 1672 433 vom-ov
1693 388 1778 439 ζῳον
1799 387 1845 430 ὡς
1862 387 2010 435 ἀληθῶς,
2034 386 2068 432 ἐξ
2095 381 2134 425 οὗ
2166 389 2272 427 πάλιν
2297 387 2422 440 ἅλλῚΙΨ·
2472 404 2475 406 ·

1371 461 1448 498 γενε
1434 462 1490 484 αν
1512 447 1705 497 προελθεῖν.

1426 504 1627 557 Φερεκύδης
1656 503 1731 542 δὲδ
1761 503 1901 579 Σύριος
1917 504 2014 550 Ζῆνα
2047 503 2109 554 μὲν
2141 497 2252 543 εἶναιι
2277 505 2331 544 ἀεὶ
2349 502 2419 543 καὶ

1373 563 1503 616 Χρόνον
1519 578 1578 601 και
1593 562 1738 601 Χθονίαν
1750 562 1809 606 τὰς
1826 565 1916 615 τρεῖς
1926 561 2065 615 πρώτας
2084 563 2212 615 ἀρχάς,
2231 563 2293 611 τὴν
2301 563 2411 615 μίαν,

1373 621 1475 674 φημί,
1499 621 1565 673 πρὸ
1585 626 1656 660 τοῖν
1676 622 1781 668 δυοῖν,
1798 621 1858 660 καὶ
1878 636 1939 664 τας
1955 620 2014 659 δύο
2035 620 2124 671 μετὰ
2149 619 2214 668 τὴν
2237 620 2409 674 μίαῇῑὶῦν

1374 680 1410 718 δὲ
1441 680 1574 733 Χρόνον
1605 683 1749 726 ποιῆσαι
1779 681 1816 718 ἐκ
1844 683 1905 718 τοῦ
1932 682 2055 718 ἑαυτοῦ
2088 678 2188 731 γόνου
2205 679 2338 731 *π’ΰρ
2342 677 2415 737 ζῑαὶ
2460 717 2462 719 .
2502 706 2508 732 ².

1373 755 1508 790 πνευμα
1530 738 1589 778 καὶ
1605 738 1708 791 ὕδωρ,
1724 737 1789 786 τὴν
1812 739 1974 791 τριπλῆν,
1994 731 2109 789 οἶμαι,
2131 737 2231 791 φύσιν
2251 739 2312 776 τοῦ
2325 742 2413 785 ven·-

1373 803 1450 849 τοῧ,
1493 797 1526 843 ἐξ
1552 801 1599 837 ὧν
1639 800 1672 836 ἐν
1719 797 1821 835 πέντε
1853 803 1976 850 μυχοῖς
2013 796 2232 850 διῃρημένων
2278 795 2412 845 πολλὴν

1375 857 1483 905 ἄλλην
1500 857 1618 908 γενεὰν
1639 860 1806 903 συστῆναι
1822 859 1906 894 θεῶν
1924 855 1987 903 τὴν
2010 853 2258 909 πεντοίμυχονι
2280 852 2414 894 καλου-ἓ

1376 916 1497 966 μένην,
1524 915 1649 954 ταύτὸν
1684 915 1719 953 δὲ
1751 914 1833 958 ἴσως
1855 916 1976 962 εἰπεῖν,
2010 914 2073 961 τὴν
2107 913 2348 963 πεντάκοσμον
2370 917 2417 953 '⁵3‘

1375 975 1463 1025 Περὶ
1481 973 1516 1012 δὲ
1537 973 1664 1012 τούτων
1682 973 1784 1018 ἄλλος
1802 973 1885 1016 ἴσως
1905 978 2064 1027 φανεῖται
2099 967 2232 1025 καιρός.
2279 972 2414 1011 Τοιαῦ-

1374 1050 1431 1072 ται
1454 1033 1514 1083 μὲν
1536 1027 1593 1071 οὖν
1613 1032 1673 1071 καὶ
1692 1036 1858 1071 τοσαῦται
1876 1036 1984 1071 τανῦν
2011 1031 2306 1085 παρειλήφθωσαν
2323 1030 2409 1080 ἡμῖν

1375 1094 1411 1130 αἱ
1436 1091 1493 1129 διὰ
1509 1091 1623 1141 μύθων
1640 1092 1828 1136 ἑλληνικῶν
1852 1090 2029 1134 ὓποθέσεις
2048 1091 2187 1129 πολλῶν
2206 1088 2266 1127 καὶ
2295 1087 2411 1130 ἄλλων

1375 1150 1498 1188 οὐσῶν.
2419 1196 2422 1198 -

1429 1209 1511 1247 Τῶν
1542 1205 1578 1245 δὲ
1617 1207 1804 1260 βαρὸάρων
1838 1207 1972 1246 ἐοίκασι
1997 1205 2217 1246 Βαδυλώνιοι
2249 1203 2312 1256 μὶν
2342 1204 2408 1251 τὴν

1376 1264 1458 1315 μίαν
1476 1267 1544 1302 τῶν
1575 1264 1663 1303 ὅλων
1691 1266 1801 1318 ἀρχὴν
1830 1269 1911 1318 σιγῇ
1938 1264 2121 1318 παριέναι,
2150 1263 2210 1303 δύο
2241 1263 2278 1302 δὲ
2297 1263 2412 1302 ποιεῖν

1375 1323 1492 1362 Ταυθὲ
1510 1339 1568 1361 και
1583 1322 1762 1371 Ἀπασών,
1771 1323 1828 1361 τὸν
1847 1323 1909 1373 μὲν
1919 1322 2081 1363 Ἀπασὼν
2094 1323 2202 1375 ἄνδρα
2218 1324 2283 1370 τῆς
2295 1319 2414 1362 Tenet

1375 1395 1567 1431 ποιουντες,
1588 1381 1718 1428 ταύτην
1735 1382 1770 1419 δὲ
1792 1382 1927 1434 μητέρα
1949 1385 2033 1421 θεῶν
2054 1381 2293 1432 ὀνομάζοντες,
2310 1379 2345 1426 ἐξ
2359 1368 2414 1419 ὧν

1376 1443 1543 1491 μονογενῆ
1561 1441 1671 1478 παῖδα
1685 1443 1896 1492 γεννηθῆναι
1915 1441 1972 1479 τὸν
1988 1443 2155 1491 Μωῦμῖν,
2170 1438 2272 1479 αὐτόν
2278 1432 2414 1491 ‚osy-at,

1374 1497 1431 1535 τὸν
1451 1498 1571 1545 νοητὸν
1592 1497 1720 1548 κόσμον
1745 1511 1783 1537 εκ
1801 1502 1870 1537 τῶν
1897 1500 1988 1538 δυοῖν
2013 1501 2131 1552 ἀρχῶν
2151 1497 2412 1552 παραγόμενον.

1375 1555 1442 1594 Ἐκ
1462 1556 1498 1594 δὲ
1530 1559 1598 1595 τῶν
1629 1558 1741 1595 αὐτῶν
1764 1557 1873 1603 ἄλλην
1905 1558 2024 1608 γενεὰν
2053 1557 2232 1607 προελθεῖν
2250 1586 2262 1605 ,
2291 1554 2415 1609 Δαχὴν

1378 1613 1438 1652 καὶ
1460 1615 1593 1667 Δαχόν,
1619 1609 1694 1653 εἶτα
1723 1610 1765 1654 αῧ
1794 1615 1915 1668 τρίτην
1954 1617 1992 1654 ἐκ
2029 1617 2096 1654 τῶν
2118 1617 2230 1654 αὐτῶν
2254 1613 2415 1667 Κισσαρὴ

1376 1673 1435 1711 καὶ
1453 1673 1623 1728 Ἀσσωρόν
1637 1703 1647 1722 ,
1672 1674 1705 1718 ἐξ
1727 1669 1775 1712 ὧν
1795 1674 1956 1725 γενέσθαι
1989 1679 2094 1727 τρεῖς,
2116 1673 2214 1713 Ἀνὸν
2237 1673 2298 1712 καὶ
2313 1673 2418 1712 Ἶλλι-

1375 1731 1431 1771 νὸν
1456 1734 1515 1771 καὶ
1533 1733 1622 1782 Ἀόν,
1651 1736 1710 1771 τοῦ
1738 1733 1773 1771 δὲ
1805 1733 1882 1771 Ἀοῦ
1905 1733 1963 1772 καὶ
1983 1732 2126 1780 Δαύκης
2157 1733 2229 1772 υἱὸν
2257 1730 2417 1784 γενέσθαι

1375 1790 1432 1829 τὸν
1455 1793 1582 1839 Βῆλον,
1605 1791 1640 1830 ὃν
1665 1791 1874 1844 δημιουργὸν
1896 1786 1983 1831 εἶναί
2011 1807 2130 1844 φασιν.

1430 1850 1547 1901 Μάγοι
1576 1850 1611 1888 δὲ
1635 1853 1694 1889 καὶ
1705 1856 1785 1903 ’πᾶν
1802 1851 1840 1889 τὸ
1861 1850 1974 1902 ἄρειον
1999 1850 2109 1901 γένος,
2136 1851 2181 1893 ὣς
2213 1847 2274 1888 καὶ
2310 1851 2412 1888 τοῦτο

1379 2002 1411 2032 et
1423 1998 1533 2032 intima
1547 2000 1688 2042 pertinet
1703 2026 1709 2039 ,
1728 1999 1851 2043 quibus
1865 2000 1978 2033 mixtis
1994 2001 2126 2042 partum
2146 2008 2216 2033 esse
2227 1998 2291 2032 hoc
2303 2006 2416 2037 ovum,

1378 2058 1473 2100 quasi
1492 2058 1614 2091 animal
1629 2058 1714 2091 illud
1729 2068 1806 2092 vere
1822 2059 2044 2101 intelligibile,
2063 2067 2105 2091 ex
2124 2067 2192 2101 quo
2208 2065 2326 2090 rursus
2352 2056 2417 2089 aliu
2435 2073 2440 2078 ·

1379 2117 1507 2150 soboles
1526 2118 1659 2151 exclusa
1672 2118 1726 2151 sit.

1418 2176 1623 2219 Pherecydes
1649 2176 1764 2219 Syrius
1790 2178 1923 2216 Jovem,
1948 2178 2091 2219 Tempus
2116 2178 2151 2209 et
2175 2177 2326 2212 Terram,
2352 2172 2418 2207 tria

1377 2235 1484 2277 prima
1508 2235 1684 2278 principia,
1719 2244 1849 2278 semper
1880 2245 1951 2269 esse
1973 2237 2100 2274 censet,
2129 2243 2252 2274 unum,
2286 2233 2416 2276 opinor,

1378 2296 1454 2326 ante
1469 2294 1537 2326 duo
1560 2295 1686 2336 reliqua
1708 2297 1741 2327 et
1756 2294 1822 2327 duo
1839 2294 1895 2326 illa
1914 2295 1987 2336 post
2003 2303 2122 2331 unum,
2141 2295 2284 2335 Tempus
2305 2292 2417 2324 autem

1378 2362 1418 2385 ex
1441 2362 1500 2385 suo
1517 2353 1640 2386 semine
1662 2362 1851 2395 procreasse
1867 2353 1974 2393 ignem
2001 2354 2035 2384 et
2060 2351 2221 2394 spiritum·
2228 2352 2262 2384 et
2282 2345 2420 2392 aquam,

1379 2411 1539 2453 tiiplicem
1571 2411 1728 2443 nimirum
1746 2411 1813 2444 vim
1843 2413 1970 2443 naturae
1992 2409 2225 2451 intelligibilis,
2253 2417 2273 2442 e
2294 2404 2416 2450 quihus

1376 2471 1410 2502 in
1427 2470 1574 2512 quinque
1598 2470 1776 2512 penetralia
1804 2469 1992 2502 distributis
2013 2468 2077 2501 alia
2103 2468 2259 2510 frequens
2278 2466 2416 2500 deornm

1377 2530 1505 2562 soboles
1533 2530 1672 2561 conflata
1700 2529 1758 2567 sit,
1775 2537 1850 2571 quae
1875 2519 2021 2570 quinque
2039 2525 2257 2569 penetralium
2275 2525 2330 2558 vel
2353 2525 2418 2558 for-

1377 2590 1464 2621 tasse
1480 2588 1640 2621 vocabulo
1666 2587 1753 2619 idem
1777 2587 1964 2619 declarante
1979 2586 2126 2628 quinque
2141 2584 2341 2618 mundorum
2369 2584 2417 2617 di-

1375 2647 1450 2680 vina
1467 2646 1635 2689 progenies
1648 2647 1866 2688 nuncupetur.
1887 2644 1951 2679 Sed
1965 2644 2006 2678 de
2022 2644 2074 2677 his
2089 2644 2174 2676 alius
2195 2644 2335 2677 fortasse
2351 2640 2416 2676 erit

1374 2705 1501 2739 dicendi
1520 2706 1622 2738 locus.
1641 2705 1732 2738 Talia
1747 2705 1848 2746 igitur
1860 2705 2019 2746 tantaque
2038 2703 2049 2745 (
2064 2712 2170 2745 quum
2190 2702 2298 2736 multa
2313 2701 2414 2735 etlam

1375 2765 1436 2798 alia
1455 2764 1520 2797 sint
1538 2759 1749 2804 >fabularum
1761 2772 1942 2805 graecarum
1958 2761 2117 2795 beneficio
2134 2761 2270 2794 inventa
2284 2759 2413 2793 dicendi

1375 2826 1567 2866 argumenta
1592 2832 1680 2855 nunc
1696 2832 1715 2855 a
1730 2822 1826 2855 nobis
1850 2823 1997 2854 assumta
2023 2819 2066 2853 ad
2083 2818 2320 2862 disputandum
2342 2818 2415 2852 suf-

1377 2883 1500 2916 ficiant.

1417 2944 1443 2974 F:
1463 2941 1613 2975 barbaris
1638 2941 1792 2974 videntur
1808 2938 1978 2982 Babylonii
2002 2946 2105 2971 unum
2125 2946 2237 2971 rerum
2253 2935 2413 2971 universi·

1375 3002 1453 3034 tatis
1482 3001 1679 3044 principium
1707 3000 1836 3033 silentio
1857 2998 2042 3041 praeterire,
2063 2998 2130 3030 duo
2161 2999 2274 3043 autem
2305 2994 2415 3030 facere

1375 3061 1502 3094 Tauthe
1542 3062 1576 3093 et
1607 3061 1753 3102 Apason,
1783 3060 1911 3101 Apason
1939 3057 2074 3100 quidem
2101 3056 2260 3090 maritum
2285 3054 2414 3089 Tauthe

1374 3119 1487 3152 uxoris
1506 3121 1705 3157 statuentes,
1724 3118 1809 3150 hanc
1831 3127 1909 3150 vero
1925 3116 2063 3149 deorum
2082 3118 2223 3149 matrem
2241 3114 2413 3166 nominan-

1375 3181 1441 3217 tes,
1457 3188 1475 3211 e
1490 3178 1613 3220 quibus
1630 3177 1763 3210 unicum
1782 3176 1886 3208 filium
1902 3175 2047 3217 Moymin
2066 3177 2180 3208 natum
2195 3183 2266 3207 esse
2284 3171 2410 3211 dicunt,

1375 3236 1501 3278 ipsum,
1535 3235 1659 3277 opinor,
1689 3234 1850 3267 mundum
1883 3234 2122 3275 intelligibilem
2149 3242 2167 3266 e
2195 3231 2326 3266 duobus
2347 3229 2414 3263 inis

1375 3294 1545 3337 principiis
1563 3295 1764 3336 generatum.
1783 3293 1832 3325 Ab
1851 3292 1969 3325 iisdem
1991 3293 2089 3324 aliam
2110 3291 2256 3324 sobolem
2271 3299 2342 3323 esse
2357 3298 2414 3322 or-

1375 3357 1462 3393 tam,
1486 3354 1619 3386 Dachen
1650 3355 1683 3385 et
1711 3352 1877 3390 Dachum,
1909 3351 2027 3384 deinde
2058 3360 2176 3384 rursus
2205 3349 2340 3383 tertiam
2370 3345 2413 3381 ab

1374 3413 1491 3447 iisdem
1509 3413 1635 3446 Gissare
1662 3414 1694 3445 et
1710 3413 1882 3449 Assarum,
1908 3420 1926 3444 e
1941 3410 2063 3453 quibus
2075 3401 2147 3443 ⁴tres
2159 3436 2166 3449 ,
2189 3411 2299 3455 Anum
2316 3408 2354 3442 ek
2369 3405 2414 3457 Il-
2431 3432 2438 3454 3-
2464 3419 2475 3459 :¹

1373 3472 1477 3507 linum
1497 3474 1530 3508 et
1549 3473 1632 3505 Aum
1653 3469 1780 3512 genitos
1795 3479 1866 3503 esse
1881 3471 2031 3509 narrant.
2049 3469 2088 3501 Αἰ
2107 3469 2219 3502 autem
2234 3469 2268 3501 et
2284 3467 2412 3500 nauoos
2463 3461 2469 3484 Ἃ
2506 3456 2508 3458 ’
