2528 3788
315 245 389 285 178

912 253 978 292 DE
1008 224 1229 306 suvant),
1263 257 1446 299 ΑΤΤιοο
1476 260 1540 298 ΕΤ
1567 260 1814 301 Nummio,

310 348 411 372 mum
430 335 478 372 ab
492 336 564 374 isto
577 337 808 389 philosopho
824 340 956 380 haberi
977 344 1225 384 substantiam
1247 360 1335 396 geo·
1399 349 1606 400 δημιουργὸν
1637 350 1682 392 εἷς
1713 349 1836 387 ταύτὸν
1870 348 1946 399 ἄγει
1977 351 2132 403 τάγαθῷ,
2154 351 2266 391 καίτοι
2297 353 2422 404 ἀγαθὸς

307 394 495 431 metricam
518 408 539 432 e
560 406 701 445 puncto
723 397 924 438 individuo
943 411 980 439 et
999 403 1207 442 intervallo
1239 406 1333 443 divi·

305 452 381 489 duo
412 454 683 503 compositam;
706 457 914 497 verisimile
942 469 1019 508 est,
1053 474 1140 499 eum
1171 473 1333 501 mentem

304 508 505 547 humanam
534 512 580 549 ad
602 513 779 563 trianguli
802 525 866 554 aut
886 517 1019 556 circuli
1046 521 1335 566 similitudinem

302 567 480 606 accedere
494 569 700 619 judicasse.
724 571 829 612 Talis
848 583 974 613 autem
994 577 1123 628 opinio
1144 579 1334 630 Pythago-

303 626 467 664 ricorum
496 630 546 680 (l.)
580 630 757 679 dogmata
789 633 952 682 redolet,
980 636 1045 686 qui
1090 650 1271 676 numeros
1299 647 1336 676 et

300 685 441 734 figuras
461 686 621 726 deorum
642 691 864 731 nominibus
883 703 1084 734 ornarunt.
1105 695 1199 734 Nam
1221 697 1336 735 trian-

300 744 431 792 gulum
455 748 658 797 aequalium
684 749 845 789 laterum
879 753 1176 793 nominaverunt
1195 756 1335 794 Miner-

300 815 385 839 vam
417 817 438 842 e
466 806 609 844 vertice
635 818 761 846 natam
781 818 818 847 et
847 809 1130 861 Tritogeniam‚
1155 814 1244 864 quia
1263 815 1331 852 tri—

300 861 391 911 plici
425 866 702 915 perpendiculo
737 881 758 906 e
789 868 913 908 tribus
933 871 1083 920 angulis
1113 873 1191 911 suis
1222 874 1335 914 ducto

301 919 499 962 dividitur.
526 923 715 963 Unitatem
748 926 941 977 Apollinis
972 931 1161 970 vocabulo
1190 944 1334 971 nuncu-

299 988 462 1028 parunt,
501 980 694 1020 binarium
731 998 931 1024 numerum
961 987 1249 1029 Contentionem
1296 1001 1334 1030 et

297 1036 509 1075 Audaciam
539 1052 798 1089 vocaverunt,
822 1046 1031 1083 ternarium
1054 1060 1148 1086 vero
1167 1048 1333 1088 Justitiae

298 1094 408 1133 titulo
427 1096 571 1147 dignati
597 1109 696 1138 sunt.
716 1100 790 1139 Sed
808 1102 887 1140 haec
905 1103 1094 1144 hactenus.

349 1152 462 1199 Quod
481 1156 673 1207 reliquum
691 1168 769 1207 est,
792 1162 1047 1201 meminerunt
1070 1164 1117 1202 de
1137 1165 1280 1204 Severo
1296 1176 1333 1205 et

295 1212 360 1250 alii
396 1214 617 1267 philosophi
651 1226 760 1256 aetatc
789 1221 1041 1270 posteriores,
1070 1224 1177 1262 velut
1197 1225 1329 1275 Syria-

296 1284 368 1309 nus
390 1272 427 1310 in
448 1274 667 1314 Aristotelis
684 1276 898 1329 Metaphys.
917 1279 986 1318 lib.
1010 1281 1100 1328 XII,
1123 1295 1210 1332 pag.
1230 1289 1276 1328 44
1296 1293 1332 1322 et

295 1343 396 1382 saepe
417 1332 643 1372 Damascius
677 1335 715 1372 in
739 1337 819 1374 vita
846 1337 983 1375 Isidori
1018 1340 1120 1390 apud
1150 1340 1331 1379 Photium

294 1390 379 1428 cod.
404 1390 582 1431 CCXLH.
607 1392 748 1431 Verum
766 1394 902 1433 horum
925 1397 1094 1444 omnium
1115 1400 1332 1438 testimonia

294 1461 594 1488 commemorare
612 1460 649 1488 et
668 1452 884 1503 expendere
916 1467 994 1492 non
1023 1464 1146 1493 vacat.
1166 1455 1240 1501 Qui
1264 1457 1330 1495 de-

292 1506 409 1557 nique
445 1507 722 1560 philosophum
758 1511 1000 1550 Platonicum
1039 1528 1125 1551 cum
1164 1514 1328 1563 Seven-0,

292 1565 527 1616 imperatore
560 1567 746 1616 Romano,
765 1569 1042 1619 confuderunt,
1069 1585 1134 1610 eos
1156 1573 1331 1612 refellere

291 1624 582 1675 supersedemus
599 1626 667 1678 (5).

344 1688 510 1729 Atticus,
534 1697 647 1735 quem
678 1684 750 1723 sub
779 1686 832 1723 M.
857 1687 1013 1725 Aurelio
1034 1688 1234 1727 Antonino
1255 1690 1331 1728 cla-

295 1742 421 1781 ruisse
435 1751 472 1780 et
492 1743 728 1782 Platonicam
749 1753 887 1782 sectam
906 1747 1122 1797 professum
1138 1761 1221 1786 esse
1236 1747 1330 1799 Syn-

297 1801 418 1839 ccllus
452 1815 492 1853 p.
530 1803 605 1839 353
640 1803 880 1852 testificatur,
922 1806 1235 1858 Harpocrationis
1278 1807 1328 1859 (6)

291 1860 424 1909 Argivi
443 1869 659 1911 praeceptor
682 1861 764 1899 fuit.
786 1862 998 1914 Utriusque
1017 1878 1217 1903 censuram
1241 1867 1330 1904 facit

290 1918 452 1956 Proclus
474 1919 513 1957 in
534 1920 733 1958 tractando
754 1920 826 1961 hoc
854 1921 984 1959 Timaei
1022 1923 1210 1966 Platonici
1242 1925 1328 1963 loco

291 1989 327 2026 p.
349 1977 413 2015 28.
437 1977 482 2017 A.
502 1976 561 2015 τὸν
582 1976 643 2028 μὲν
666 1971 724 2016 οῧν
742 1979 888 2027 ποιητὴν
914 1981 974 2019 καὶ
995 1981 1130 2034 πατέρα
1150 1983 1247 2022 τοῦδε
1269 1986 1328 2021 τοῦ

291 2034 418 2079 παντὸς
438 2037 550 2088 εὑρεῖν
571 2052 608 2074 τε
627 2036 725 2090 ἔργον
746 2038 805 2077 καὶ
825 2038 970 2091 εὑρόντα
990 2042 1036 2084 εἷς
1056 2040 1213 2085 ἅπαντας
1242 2042 1326 2080 ἀδύ-

290 2107 389 2131 νατον
422 2093 534 2145 λέγειν
557 2095 629 2146 (cf.
650 2096 752 2136 Phil,
775 2097 846 2137 Gr.
874 2098 1021 2149 Fragm.
1041 2101 1122 2141 vol.
1155 2101 1207 2148 11,
1234 2115 1325 2153 pag.

295 2151 393 2202 157)
415 2166 503 2203 pag.
525 2155 574 2203 93
605 2155 650 2194 B.
672 2155 783 2207 [pag.
810 2158 884 2195 218
902 2171 981 2208 seq.
1004 2159 1064 2198 ed.
1089 2159 1328 2212 Schneider]

290 2209 346 2246 ita
376 2210 546 2248 scribens
579 2226 587 2249 z
609 2210 901 2265 Ἁρποκρατίωνα
925 2214 959 2252 δὲ
982 2215 1198 2266 θαυμάσαιμ’
1216 2216 1256 2254 ἄν
1270 2247 1281 2267 ,
1301 2219 1329 2255 εἷ

289 2270 349 2307 καὶ
366 2269 465 2313 αὐτὸς
483 2271 596 2323 ἑαυτῷ
613 2287 652 2322 γε
669 2271 810 2324 ἀρέσκοι
824 2276 968 2312 τοιαῦτα
988 2274 1067 2327 περὶ
1084 2278 1143 2314 τοῦ
1162 2276 1330 2327 δημιουρ-

290 2330 350 2377 γοῦ
370 2327 650 2377 διαταττόμενος.
671 2327 828 2369 ’Έπεται
847 2331 914 2384 γὰρ
935 2333 1023 2383 τῷδε
1042 2335 1091 2385 τῷ
1113 2334 1210 2386 ἀνδρὶ
1238 2334 1328 2373 κατὰ

289 2385 351 2432 τὴν
383 2388 450 2424 τῶν
482 2389 586 2439 τριῶν
616 2390 702 2426 θεῶν
732 2390 927 2441 παράδοσιν
960 2390 1019 2429 καὶ
1047 2391 1192 2431 καθόσον
1217 2392 1328 2432 διττὸν

290 2450 380 2483 ποιεῖ
399 2445 456 2483 τὸν
490 2446 698 2498 δημιουργόν
713 2476 724 2495 ,
755 2449 927 2487 ἀποκαλεῖ
955 2449 989 2487 δὲ
1010 2449 1068 2488 τὸν
1089 2453 1225 2502 πρῶτον
1253 2451 1328 2490 θεὸν

290 2502 447 2555 Οὐρανὸν
467 2503 526 2542 καὶ
545 2504 675 2557 Κρόνον
689 2535 699 2553 ,
721 2505 778 2544 τὸν
809 2506 845 2544 δὲ
868 2507 1026 2558 δεύτερον
1050 2508 1117 2547 Δία
1137 2509 1196 2548 καὶ
1216 2510 1327 2557 Ζῆνα,

289 2561 346 2599 τὸν
367 2560 402 2599 δὲ
423 2561 535 2615 τρίτον
557 2563 699 2615 οὐρανὸν
716 2564 777 2603 καὶ
796 2565 940 2616 κόσμον.
965 2566 1079 2605 Πάλιν
1098 2567 1133 2605 δὲ
1152 2563 1196 2606 αὖ
1216 2584 1327 2619 μετα-

291 2618 408 2657 ὅαλὼν
428 2620 487 2659 τὸν
506 2625 642 2673 πρῶτον
663 2622 731 2661 Δία
751 2624 999 2676 προσαγορεύει
1019 2626 1078 2664 καὶ
1101 2626 1247 2678 βασιλέα
1268 2630 1329 2666 τοῦ

291 2681 433 2727 νοητοῦ,
462 2678 519 2718 τὸν
548 2680 584 2717 δὲ
606 2680 762 2735 δεύτερον
791 2682 964 2734 ἄρχοντα,
993 2683 1053 2721 καὶ
1072 2685 1090 2721 ὁ
1111 2683 1211 2728 αὐτὸς
1235 2686 1329 2738 αὐτῷ

291 2737 446 2789 γίγνεται
466 2737 574 2785 Ζεύς,
599 2739 746 2790 Κρόνος,
768 2740 939 2792 Οὐρανός.
965 2741 1088 2781 Πάντα
1116 2746 1196 2794 γοῦν
1218 2743 1329 2782 ταῦτά

293 2795 367 2833 ἔστι
385 2794 425 2833 τὸ
447 2798 604 2848 πρῶτον,
627 2791 664 2836 οῧ
683 2797 796 2836 πάντα
817 2801 834 2836 ὁ
857 2799 1081 2851 Παρμενίδης
1100 2802 1241 2854 ἀφεῖλε,
1259 2808 1328 2840 πᾶν

292 2854 404 2905 ὄνομα
421 2854 480 2893 καὶ
499 2855 613 2894 πάντα
633 2857 734 2908 λόγον
762 2857 821 2895 καὶ
839 2864 956 2896 πᾶσαν
977 2860 1112 2911 σχέσιν.
1139 2861 1209 2900 Καὶ
1230 2862 1330 2911 ἡμεῖς

294 2912 356 2962 μὲν
379 2912 455 2952 οὐδὲ
472 2915 608 2967 πατέρα
628 2914 686 2952 τὸν
706 2917 843 2967 πρῶτον
862 2917 1081 2969 ἠνεσχόμεθα
1098 2919 1216 2957 καλεῖν
1229 2948 1239 2967 ,
1259 2921 1277 2956 ὁ
1293 2918 1328 2958 δὲ

296 2971 332 3009 τὸ
352 2971 436 3010 αὐτὸ
463 2972 521 3010 καὶ
538 2972 674 3026 πατέρα
696 2974 756 3012 καὶ
775 2973 913 3025 ἔγγονον
928 2979 987 3013 καὶ
1003 2976 1170 3027 ἀπόγονον
1190 2977 1328 3030 ἀπέφη-

294 3045 361 3069 νεν.
391 3029 542 3075 Ἀττικὸς
571 3032 630 3083 δέ,
657 3034 675 3070 ὁ
708 3031 827 3071 τούτου
855 3034 1083 3087 διδάσκαλος,
1106 3035 1244 3075 αὐτόθεν
1272 3037 1328 3075 τὸν

335 3187 381 3228 (4)
398 3188 441 3220 Cf
466 3188 548 3221 Phil.
568 3190 624 3221 Gr.
644 3191 771 3231 Fragm.
794 3191 859 3223 vol.
880 3193 921 3230 ll,
940 3201 1014 3233 pag.
1033 3194 1146 3225 XXIV.

336 3235 383 3276 (5)
404 3235 486 3267 Vide
499 3235 683 3269 Harlesium
701 3237 742 3268 ad
762 3237 898 3269 Fabricii
917 3238 999 3270 Bibl.
1022 3240 1077 3271 Gr.
1098 3240 1160 3271 vol.
1181 3241 1237 3278 111,
1256 3250 1328 3281 pag.

302 3284 369 3314 187.
394 3300 426 3305 —-
450 3282 496 3323 (6)
523 3283 778 3324 Harpocration,
804 3284 942 3324 Argivus
980 3285 1163 3317 Platonicus
1188 3286 1329 3327 philoso-

295 3327 392 3369 plius,
407 3329 547 3361 Coesaris
564 3329 667 3370 (veri)
684 3330 859 3371 familiaris,
880 3331 1007 3371 scripsit
1024 3332 1330 3363 commentariorum

296 3375 329 3406 in
348 3375 517 3407 Platonem
536 3375 702 3408 volumina
721 3378 822 3410 XXIV
847 3377 1075 3410 ettdictionum
1091 3378 1330 3411 Platonioarum

297 3420 398 3454 libros
414 3423 455 3454 11.
481 3422 563 3456 Vide
587 3423 720 3456 Suidam
738 3433 769 3456 v.
790 3425 1036 3467 Ἁρποκρατίων,
1057 3425 1272 3468 Capitolinum
1286 3426 1330 3457 ι’ἰιι

298 3468 384 3500 vero
397 3469 430 3501 et
444 3469 480 3502 G.
499 3469 667 3503 Barthium
681 3470 722 3503 ad
737 3472 872 3504 AEueam
886 3473 1041 3504 Gazaeum
1055 3481 1086 3513 p.
1105 3475 1155 3504 97.
1173 3472 1264 3505 Adde
1281 3475 1343 3504 Ευ-

1397 404 1457 454 μὲν
1478 407 1635 445 καλεῖται
1658 406 1750 459 παρὰ
1779 409 1828 460 τῷ
1852 406 2034 456 Πλάτωνι,
2063 409 2211 461 τάγαθὸν
2232 409 2267 449 δὲ
2286 410 2342 450 οὗ·
2362 410 2422 451 καὶ

1395 467 1469 508 νοῦς
1486 465 1796 518 προσαγορεύεται,
1813 465 1961 516 τάγαθὸν
1978 465 2013 503 δὲ
2030 465 2135 505 αἴτιον
2154 467 2292 518 ἁπάσης
2305 469 2423 514 οὐσίας

1395 523 1453 562 καὶ
1473 524 1633 563 ἐπέκεινα
1652 527 1712 563 τοῦ
1732 524 1826 568 ὄντος
1841 524 1931 564 ἐστίν
1945 556 1954 572 ,
1974 526 2020 568 ὡς
2036 527 2070 564 ἐν
2089 526 2253 581 Πολιτείᾳ
2271 528 2354 577 (lib.
2371 528 2422 570 VI

1395 595 1482 633 pag.
1519 582 1712 634 509.·B.)
1735 582 2002 634 μεμαθήκαμεν.
2032 583 2079 623 Τί
2111 583 2142 622 δ’
2174 584 2216 623 ἂν
2244 585 2334 625 εἴποι
2362 586 2422 627 καὶ

1394 640 1474 693 περὶ
1497 645 1554 679 τοῦ
1573 641 1871 693 παραδείγματος;
1895 641 1916 688 ἢ
1936 641 2003 693 γὰρ
2019 642 2078 680 καὶ
2095 643 2161 695 πρὸ
2177 647 2236 682 τοῦ
2258 645 2422 698 δημιουρ-

1394 702 1454 748 γοῧ
1473 700 1566 747 ἐστι,
1582 699 1640 737 καὶ
1658 699 1756 738 ἔσται
1776 715 1809 738 τι
1829 701 1978 750 τάγαθοῦ
1999 699 2257 753 πρεσὸύτερον,
2272 700 2296 749 ἢ
2322 703 2356 741 ἐν
2373 705 2424 758 τῷ

1395 757 1614 810 δημιουργῷ,
1632 757 1692 795 καὶ
1713 757 1810 796 ἔσται
1825 757 1937 797 πολλὰ
1960 757 1998 796 τὸ
2027 760 2163 810 πρῶτον
2176 789 2186 807 ,
2214 758 2237 806 ἢ
2257 759 2347 810 μετὰ
2365 761 2423 801 τὸν

1394 815 1619 867 δημιουργόν,
1650 815 1708 853 καὶ
1740 815 1912 867 τάγαθόν,
1943 815 1960 854 ὃ
1984 816 2082 866 μηδὲ·
2099 816 2194 867 θέμις
2222 818 2353 868 εἰπεῖν,
2377 820 2425 864 εἰς

1393 872 1436 910 τὰ
1455 874 1530 922 μετ’
1550 873 1634 911 αὐτὸ
1654 873 1952 927 ἐπιστραφήσεται
1976 875 2118 913 κάκεῖνα
2139 874 2264 922 νοήσει.
2280 875 2332 915 Ut
2351 890 2425 916 au-

1394 938 1467 968 tem
1486 931 1548 968 hic
1569 944 1698 969 rerum
1717 941 1914 983 parentem
1932 931 2276 985 fabricatoremque
2291 935 2423 974 mundi

1393 1002 1478 1027 cum
1500 989 1605 1027 bono
1625 990 1859 1028 confundere
1879 1004 1921 1028 ac
1951 991 2179 1041 permiscere
2201 1004 2278 1030 non
2304 990 2421 1031 dubi-

1394 1047 1489 1085 tavit
1518 1059 1527 1085 :
1559 1048 1611 1085 ita
1631 1048 1722 1085 alibi
1743 1061 1897 1099 quoque
1919 1049 2094 1087 similiter
2123 1050 2171 1087 de
2190 1050 2337 1101 optimo
2358 1064 2424 1101 ge-

1394 1105 1520 1142 nitore
1542 1106 1687 1144 Atticus
1707 1106 1860 1144 locutus
1879 1115 1949 1146 est.
1975 1107 2145 1156 Colligas
2163 1107 2237 1146 hoc
2255 1121 2276 1146 e
2296 1108 2423 1160 Procli

1395 1163 1443 1200 ad
1460 1164 1526 1201 illa
1548 1164 1720 1201 Platonis
1753 1165 1790 1201 in
1812 1164 1957 1202 Timaeo
1976 1164 2095 1202 verba
2113 1178 2152 1216 p.
2179 1179 2243 1216 29.
2265 1165 2308 1204 E.
2336 1169 2423 1218 ἀγα·

1394 1221 1448 1264 ob<
1467 1216 1508 1268 ἧν
1523 1250 1533 1268 ,
1556 1224 1674 1275 ἀγαθῷ
1692 1222 1727 1259 δὲ
1749 1222 1857 1265 οὐδεὶς
1877 1224 1956 1275 περὶ
1978 1222 2112 1266 οὐδενὸς
2134 1223 2298 1263 οὐδέποτε
2327 1225 2422 1277 ἐγγί-

1392 1293 1511 1330 γνεται
1529 1278 1666 1331 φθόνος·
1680 1278 1800 1317 τούτου
1828 1279 1857 1316 δ’
1876 1279 1972 1323 ἐκτὸς
1989 1279 2037 1318 ὢν
2054 1280 2168 1318 πάντα
2191 1280 2243 1319 ὅτι
2272 1281 2424 1332 μάλιστα

1391 1336 1547 1386 γενέσθαι
1568 1336 1738 1384 ἐδουλήθη
1756 1337 1987 1388 παραπλήσια
2014 1340 2125 1391 ἑαυτῷ
2141 1339 2204 1390 (cf.
2226 1339 2326 1381 Phil.
2352 1341 2422 1381 Gr.

1391 1395 1545 1444 Fragm.
1576 1395 1656 1434 vol.
1696 1395 1749 1442 11,
1778 1408 1863 1446 pag.
1913 1396 1984 1433 158
2018 1409 2098 1446 seq.
2126 1396 2136 1443 )
2179 1399 2426 1439 annotatione

1391 1465 1477 1503 pag.
1513 1467 1600 1492 111.
1627 1453 1670 1492 C.
1691 1453 1810 1505 [pag.
1834 1455 1908 1491 262
1930 1453 1990 1493 ed.
2010 1453 2262 1508 Schneider.]
2285 1470 2293 1494 :
2316 1456 2374 1496 καὶ
2394 1458 2424 1496 εἶ

1392 1516 1479 1548 πᾶσι
1505 1510 1667 1563 βούλεται
1697 1518 1859 1564 χορηγεῖν
1888 1511 1952 1559 τὴν
1971 1516 2029 1550 τοῦ
2051 1513 2181 1566 ἀγαθοῦ
2209 1514 2421 1566 μετουσίαν,

1390 1570 1486 1608 οὐδέν
1516 1571 1607 1608 ἐστιν
1638 1571 1673 1608 ἓν
1705 1572 1754 1622 τῷ
1786 1571 1892 1609 παντὶ
1925 1571 2036 1621 μόνως
2069 1571 2198 1620 κακόν,
2233 1571 2317 1612 ὥστ’
2345 1574 2422 1614 οὐδὲ

1392 1627 1542 1667 ἄτακτον
1565 1628 1644 1666 οὐδὲ
1663 1627 1876 1680 ἀπρονόητον
1902 1629 1980 1667 οὐδὲ
2003 1630 2179 1680 ἀόριστον,
2200 1629 2290 1670 ἀλλὰ
2308 1631 2423 1672 πάντα

1391 1687 1530 1738 μετέχει
1563 1686 1710 1730 κάλλους
1735 1687 1793 1725 καὶ
1814 1686 1941 1731 τάξεως
1961 1687 2038 1725 καθ’
2065 1687 2143 1727 ὅσον
2170 1689 2332 1742 δέχεσθαι
2354 1692 2421 1730 πέ-

1390 1762 1486 1799 φυκε.
1510 1745 1634 1784 Πάντα
1654 1739 1711 1783 οὖν
1739 1747 1851 1798 ἑαυτῷ
1871 1751 1963 1784 ποιεῖ
1988 1746 2221 1800 παραπλήσια
2240 1750 2317 1787 καθ’
2342 1748 2422 1789 ὅσον

1390 1804 1463 1848 θεὸς
1483 1805 1660 1855 ἀγαθύνων
1691 1805 1736 1842 τὰ
1764 1803 1974 1855 γιγνόμενα,
2004 1805 2096 1843 ἄλλα
2129 1805 2164 1843 δὲ
2195 1806 2316 1846 λοιπὸν
2345 1807 2423 1846 κατ’

1390 1862 1512 1906 ἄλλους
1533 1863 1766 1915 ἀπεργάζεται
1779 1862 1900 1914 λόγους
1916 1864 2267 1915 παραδειγματικούς.
2285 1864 2425 1920 ’Ὠσπερ

1389 1921 1467 1974 γάρ,
1498 1936 1600 1973 φησιν
1620 1919 1794 1968 Ἀττικός,
1821 1924 1839 1959 ὃ
1858 1920 1987 1960 τέκτων
2009 1922 2124 1960 πάντα
2152 1923 2214 1972 μὲν
2243 1924 2424 1964 τεκτονικὰ

1391 1985 1496 2027 ποιεῖ,
1514 1979 1604 2018 ἄλλα
1619 1978 1654 2017 δὲ
1672 1981 1750 2016 κατ’
1768 1978 1871 2018 ἄλλον
1887 1978 1987 2030 λόγον
2002 2010 2012 2028 ,
2031 1979 2070 2017 τὸ
2088 1979 2150 2030 μὲν
2168 1980 2294 2033 βάθρον
2305 2012 2316 2032 ,
2333 1982 2371 2021 τὸ
2387 1982 2423 2022 δὲ

1390 2038 1530 2087 κλίνην,
1561 2036 1651 2075 οὕτω
1682 2037 1739 2075 καὶ
1774 2039 1792 2075 ὁ
1823 2031 1971 2089 Getis-,³5⁵
2004 2037 2065 2089 μὲν
2096 2038 2241 2090 ἀγαθός,
2268 2038 2419 2092 ἐξομοιοῖ

1389 2098 1503 2135 πάντα
1533 2098 1668 2149 ἑαυτῷ,
1688 2095 1802 2148 ἀγαθὰ
1823 2097 2001 2135 ἀποτελῶν
2015 2126 2025 2144 ,
2042 2095 2136 2135 κατὰ
2154 2096 2252 2137 δὲτὰ
2280 2098 2355 2146 εἴδη
2380 2101 2424 2139 τὰ

1390 2155 1570 2208 μερίζοντα
1599 2155 1659 2197 τὰς
1680 2155 1833 2193 ἑκάστων
1862 2154 1980 2200 οὐσίας
2001 2157 2094 2194 ποιεῖ
2120 2155 2204 2210 πρὸς
2222 2155 2284 2200 τὰς
2309 2172 2422 2210 παρα-

1389 2213 1613 2266 δειγματικὰς
1627 2212 1752 2257 αἰτίας.

1441 2274 1566 2319 Quum
1599 2281 1723 2310 autem
1753 2271 1915 2310 Proclus
1950 2272 2118 2310 Atticum
2162 2272 2421 2312 laboriosissi-

1389 2346 1492 2370 mum
1528 2332 1581 2383 (7)
1609 2331 1802 2380 nominet,
1839 2330 2042 2382 probabile
2071 2340 2148 2379 est,
2180 2332 2300 2370 multa
2331 2333 2422 2370 olim

1388 2390 1472 2442 ejus
1500 2390 1643 2439 ingenii
1675 2398 1924 2427 monumenta
1943 2389 2080 2427 litteris
2102 2389 2281 2428 mandata
2298 2387 2435 2429 exsti-¹

1389 2448 1489 2487 tisse.
1511 2447 1684 2498 Namque
1705 2446 1804 2484 inter
1819 2447 1960 2498 scripta
1980 2460 2066 2497 quae
2081 2447 2115 2485 ei
2136 2447 2310 2486 attribuit
2329 2448 2424 2486 Por-

1388 2507 1551 2558 phyrius
1583 2507 1620 2544 in
1643 2506 1722 2544 vita
1752 2505 1895 2543 Plotini
1918 2506 1995 2556 (8),
2023 2506 2107 2543 sine
2130 2505 2248 2544 dubio
2274 2505 2358 2558 ejus
2383 2507 2423 2545 in

1389 2565 1559 2603 Platonis
1585 2565 1771 2602 Timaeum
1798 2572 1835 2601 et
1853 2564 2058 2602 Phaedrum
2079 2565 2132 2615 (9)
2149 2566 2424 2604 commentaria

1389 2623 1535 2662 caeteris
1565 2622 1837 2674 praestiterunt.
1878 2622 1975 2660 Hinc
2006 2622 2164 2660 illorum
2196 2623 2376 2675 frequens
2402 2638 2423 2663 a

1389 2682 1530 2720 Proclo
1549 2682 1645 2720 facta
1660 2689 1717 2719 est
1736 2681 1891 2721 mentio.
1920 2679 1981 2718 Ab
1999 2680 2060 2719 his
2079 2681 2242 2720 diversae
2269 2681 2424 2721 fuerunt
2463 2715 2466 2717 Α
2524 2674 2528 2675 ⁷

1389 2741 1474 2792 ejus
1494 2740 1678 2778 adversus
1707 2739 1951 2777 Aristotelem
1977 2739 2275 2791 disputationes,
2293 2754 2315 2779 e
2334 2741 2419 2792 qui-

1388 2799 1462 2838 bus
1482 2800 1596 2851 plura
1615 2799 1826 2848 fragmenta
1848 2799 2017 2837 servavit
2036 2797 2224 2837 Eusebius
2244 2799 2416 2851 Praepar.
2479 2849 2481 2851 ι

1390 2859 1536 2908 Evang.
1560 2858 1629 2898 lib.
1654 2857 1737 2907 XV,
1758 2871 1844 2908 qnae
1876 2858 1979 2895 infra
2009 2857 2145 2909 scripsi
2169 2866 2206 2895 et
2227 2859 2423 2909 recognita

1389 2918 1661 2969 interpretatus
1682 2929 1781 2955 sum.
1805 2919 1862 2954 De
1886 2916 1945 2954 his
1965 2930 2040 2954 non
2063 2925 2142 2963 est,
2163 2917 2266 2967 quod
2293 2919 2423 2969 copio-

1389 2977 1468 3015 sius
1496 2976 1750 3027 disputemus.
1787 2974 1919 3025 ltaque
1960 2975 2024 3012 illa
2058 2976 2186 3026 potius
2217 2976 2290 3013 viri
2323 2976 2423 3015 dicta

1393 3035 1505 3073 nobis
1527 3034 1732 3086 spectanda
1759 3041 1871 3080 sunt,
1893 3046 1978 3084 quae
2001 3033 2163 3071 Proclus
2183 3033 2223 3071 in
2247 3033 2422 3074 Platonis

2360 3134 2417 3143 ...—

1391 3193 1519 3226 dociam
1549 3194 1583 3226 in
1619 3192 1760 3225 Violario
1795 3201 1866 3233 pag.
1901 3195 1939 3224 73
1969 3193 2001 3223 et
2029 3190 2223 3224 Athenaeum
2250 3190 2308 3224 ltb.
2332 3194 2407 3225 xlv

1390 3251 1460 3283 pag.
1482 3244 1552 3274 048.
1576 3241 1611 3273 G.
1634 3257 1672 3263 —-
1697 3239 1744 3282 (7)
1762 3239 1896 3272 Proclus
1915 3238 1948 3270 in
1973 3239 2055 3271 Tim.
2085 3246 2117 3279 p.
2135 3240 2206 3270 315.
2227 3239 2265 3269 Α.
2283 3237 2339 3279 [p.
2362 3241 2418 3272 764

1390 3297 1457 3330 seq.
1477 3288 1529 3321 ed.
1558 3285 1771 3328 Schneider.]
1799 3287 1852 3317 καὶ
1882 3286 1980 3325 ἔγωγε
2005 3286 2058 3317 καὶ
2087 3284 2140 3316 τὸν
2169 3285 2420 3325 φιλοπονώτατον

1393 3337 1527 3368 Ἀττικὸν
1550 3335 1712 3375 ἐθαύμασα
1731 3334 1798 3365 κτλ.
1818 3350 1858 3356 --
1879 3332 1922 3373 (8)
1951 3329 2152 3372 Porphyrius
2171 3330 2205 3362 in
2223 3330 2290 3363 vita
2305 3329 2420 3363 Plotini

1389 3391 1460 3423 cap.
1483 3385 1530 3415 14.
1549 3382 1756 3423 ὑπομνήματα
1774 3382 1926 3412 Ἀττικοῦ.
1945 3378 2019 3411 vid.
2034 3379 2102 3409 not.
2121 3380 2148 3409 1.
2167 3395 2207 3401 —-
2227 3378 2271 3417 (9)
2289 3377 2420 3410 Proclus

1388 3427 1421 3459 in
1438 3429 1520 3460 Tim.
1550 3436 1624 3468 pag.
1645 3429 1715 3459 315.
1738 3428 1775 3458 A.
1794 3427 1943 3467 μέμνηται
1971 3424 2004 3456 δὲ
2030 3425 2115 3465 ὅμως
2134 3423 2265 3465 ἑκεῖνος[
2281 3423 2299 3454 ὁ
2320 3421 2419 3457 'Atm-

1388 3473 1460 3515 κὸς]
1479 3477 1534 3506 τοῦ
1551 3475 1655 3506 διττοῦ
1672 3476 1822 3515 κρατῆρος
1844 3472 1898 3504 καὶ
1919 3471 1974 3505 τὸν
1992 3472 2131 3513 Φαῖδρον
2150 3470 2362 3513 ἐξηγούμενος.
2378 3487 2419 3494 -

2525 262 2528 345 23
