2528 3788
942 204 1146 246 EUSEBII
1175 204 1493 245 FRAGMENTA
2285 205 2312 246 9

86 315 89 331 2
154 299 362 342 uernam.
386 298 512 349 Adag.
543 297 647 337 chii.
668 296 705 335 11
725 295 887 334 nentur.
917 293 1025 341 vm,
1052 295 1120 339 34.
1141 316 1195 323 —

17 379 24 403 i
133 349 244 405 gh‘ssssu‘.
264 357 463 412 Ἄνθρωποι
481 362 562 402 τοὺς
581 355 645 408 μὲν
659 354 758 409 παρὰ
780 353 883 408 φύσιν
902 353 963 392 καὶ
988 354 1023 392 ἐν
1046 352 1204 405 τεράτων
1263 356 1333 406 χῆς
1351 353 1386 393 δὲ
1406 354 1447 393 τὸ
1461 354 1649 393 κάλλιστον
1670 353 1837 405 λογισμὸν
1858 352 2019 404 κοιμίζει,

9 416 23 455 ‘’-
147 417 250 474 ’λᾶγῳ
277 417 397 462 ἐόντας
427 417 668 465 ἀσπάζονται,
700 413 762 454 καὶ
804 413 970 465 μεγάλων
999 412 1198 466 χρημάτων

12 479 19 517 ζ’
38 467 83 532 ἐς
99 486 102 490 ’
148 476 344 532 &dp-tvo«.
361 479 410 522 ὣς
434 477 493 517 ἐπὶ
519 474 674 529 μεγίστῳ
692 471 850 525 κτήματι
879 471 1044 526 χαίρουσι
1066 471 1126 510 καὶ
1144 487 1205 522 με-

46 531 94 585 ⁷3¹,
145 535 472 596 ‘'sssoqvpovfovrat,
497 533 588 588 γπερὶ
621 532 658 587 δὲ
693 530 739 571 τὰ
773 530 1037 571 σπουδαιότατα
1070 529 1132 570 καὶ
1159 530 1205 570 τὰ

157 595 292 650 σμικρὰ
306 595 478 650 ἄχθονται
496 591 753 636 ἀναλίσκοντες.

152 655 155 693 ᾗ
210 654 406 710 (Stobaeus
425 653 530 694 Flor.
551 650 619 701 IV,
636 653 708 690 103
730 653 790 690 τοῦ
811 651 932 690 αὐτοῦ.
955 650 1075 689 Nolui
1094 665 1205 690 σπου-

148 715 331 762 δαιότατα
346 715 391 755 in
414 710 698 754 σπουδαιέστατα
727 720 900 760 mutare,
929 710 1037 761 quod
1058 711 1206 761 legitur

147 775 363 830 ⁴irit'ragm.
383 780 422 823 4,
435 787 555 827 quum
579 771 808 812 Herodotus
825 784 983 822 quoque
997 779 1206 822 utramque

143 833 321 878 firmum
349 842 525 887 usurpet.
561 832 831 872 Obversantur
862 840 993 870 autem
1030 830 1205 870 Eusebio

153 893 343 947 inprimis
363 893 456 933 nani
478 893 563 933 sive
581 892 723 946 pumili
749 905 848 943 quos
876 891 1012 930 multis
1030 899 1205 929 veterum

154 952 199 998 in
219 952 376 992 deliciis
396 952 516 1002 fuisse
535 960 671 991 notum
692 960 764 992 est.
796 949 887 990 Vid.
911 949 1136 990 Casaubon.
1156 950 1203 988 ad

146 1009 264 1053 ‘suen
288 1015 450 1063 August.
468 1025 555 1065 cap.
577 1011 672 1062 83.)

151 1092 160 1107 ⁷.
178 1067 181 1070 ”
206 1077 241 1112 α’.
266 1072 315 1112 oi
333 1071 480 1116 πλεῦνες
495 1073 566 1110 τῶν
588 1069 780 1123 ἀνθρώπων
798 1068 880 1123 περὶ
898 1068 1017 1108 πάντα
1033 1067 1078 1107 τὰ
1094 1067 1203 1107 λοιπὰ

122 1133 127 1139 ’
143 1129 347 1185 ‘maome
359 1130 468 1185 σφέας
486 1130 725 1184 παρεχόμενοι
743 1128 805 1168 καὶ
822 1130 852 1168 εἷ
866 1129 1055 1168 δαπανοῒεν
1072 1127 1206 1180 ἀσχάλ-

152 1191 293 1239 hvnc,
315 1189 404 1243 ὑπὲρ
421 1193 484 1229 τοῦ
499 1189 599 1243 παρὰ
617 1192 688 1229 τῶν
705 1188 827 1241 δήμων
842 1192 1056 1242 κροτηθῆναι
1075 1187 1136 1227 καὶ
1158 1187 1205 1227 τὰ

156 1249 262 1290 ἐόντα
278 1265 339 1304 σφι
357 1249 476 1290 πάντα
493 1249 606 1297 ἡδέως
624 1250 823 1303 προΐενται.

206 1309 408 1364 (Smlsaeus
423 1309 530 1350 Flor.
550 1311 622 1359 IV,
643 1316 717 1356 104
738 1313 799 1348 τοῦ
819 1311 938 1348 αὐτοῦ.
956 1310 967 1360 )

207 1380 242 1412 ’1.
274 1369 323 1410 Οἳ
360 1370 507 1421 μάταιοι
527 1371 597 1408 τῶν
637 1368 829 1422 ἀνθρώπων
857 1368 936 1413 τοὺς
969 1368 1032 1420 μὲν
1067 1359 1207 1419 μέγ’άλα

153 1429 326 1486 χρήματα
343 1427 491 1484 ἔχοντας
520 1429 583 1469 καὶ
606 1428 758 1484 φαύλους
785 1427 904 1473 ἐόντας
923 1428 1055 1478 τιμῶσί
1075 1444 1113 1466 τε
1143 1429 1203 1467 καὶ

154 1490 430 1541 menendum,
457 1491 526 1529 τῶν
566 1489 602 1528 δὲ
636 1488 837 1528 σπουδαίων
862 1487 1003 1527 ἐπειδὰν
1035 1490 1207 1541 ἀχρημα-

152 1546 235 1600 τίην
253 1551 472 1602 καταγνῶσι,
495 1549 784 1603 ὖπερφρονέουσι.

148 1660 150 1662 ¹
178 1630 182 1635 ·
208 1608 410 1660 (Stobaeus
425 1608 530 1649 Flor.
552 1608 621 1658 IV,
644 1608 716 1647 105
744 1617 783 1646 et
802 1607 994 1646 Maximus
1018 1620 1136 1648 serm.
1161 1608 1209 1647 de

115 1720 117 1725 Ι
148 1667 310 1708 *divitiis
328 1676 367 1707 et
379 1676 612 1721 paupertate
640 1681 680 1720 p.
701 1667 792 1717 159.
812 1666 963 1718 Scripsi
979 1668 1204 1718 καταγνῶσι;

144 1726 254 1767 'fibri
271 1729 511 1780 καταγνῶσιν.
530 1726 543 1775 )

207 1800 244 1828 8·
263 1788 348 1828 Τῶν
364 1789 450 1838 τῇσι
477 1787 648 1840 αἷσχρῇσι
675 1785 882 1838 ἔπιθυμίῃσι
901 1789 917 1808 ⁶
934 1785 1207 1839 ἐπιχειρεόντων

153 1845 487 1901 ἕλεύθιρὸνμηδένα
510 1845 644 1896 νόμιζε·
661 1848 731 1885 τῶν
753 1845 821 1898 γὰρ
841 1844 920 1889 τοὺς
940 1847 983 1898 τῇ
1011 1845 1101 1899 τύχῃ
1123 1845 1205 1886 δού-

150 1906 235 1951 lou<
252 1905 479 1958 κεκτημένων
493 1905 584 1946 πολὺ
600 1905 823 1960 βαρυτέροισι
839 1903 857 1929 b
874 1899 969 1944 οὗτοι
987 1905 1177 1958 δεσπότῃσι
1194 1911 1208 1930 ⁰

155 1969 247 2005 τοῖσι
261 1962 280 1989 ⁶
297 1964 604 2017 καταναγκάζουσι
623 1964 742 2004 πάντα
758 1964 974 2005 δουλεύουσι.
993 1965 1020 2016 0)

206 2023 223 2076 s
233 2023 412 2064 Stobaeus
434 2023 539 2066 Flor.
564 2023 634 2073 VI,
671 2025 718 2063 13
751 2022 942 2063 Εὐσεὸίου.
974 2023 1127 2075 Scripsi
1158 2037 1168 2062 :

152 2084 238 2136 τῇσι
256 2083 426 2137 αἰσχρῇσι
446 2082 675 2134 ἐπιθυμίῃσι;
698 2082 810 2123 codd.
830 2085 908 2126 ταῖς
933 2083 1096 2134 αἰσχραῖς
1124 2083 1208 2120 ἐπι-

155 2141 309 2192 θυμίαις.
331 2135 417 2174 —b
442 2141 688 2196 βαρυτέροισι;
720 2142 833 2181 codd.
863 2138 1082 2195 βαρυτέροις.
1110 2165 1165 2172 -—
1193 2147 1208 2166 ‘

146 2201 371 2255 ,δεσπότῃσις
389 2202 486 2242 libri
507 2201 715 2246 δεσπόταις.
736 2224 790 2231 -
804 2199 822 2225 ‘¹
848 2203 963 2250 τοῖσι;
985 2201 1098 2241 codd.
1118 2203 1202 2247 τοῖς.

156 2264 246 2294 -8
262 2261 380 2302 πάντα
416 2260 639 2311 δουλεύουσι;
675 2262 790 2302 codd.
828 2265 941 2300 ταῦτα
974 2259 1206 2301 δουλεύουσιν.

154 2319 239 2374 -)

198 2471 231 2503 5.
253 2468 412 2503 Homines
438 2477 514 2510 eoa,
551 2469 611 2512 qui
638 2471 761 2512 praeter
782 2471 938 2503 naturam
967 2472 1001 2502 et
1037 2472 1205 2503 monstros

158 2530 255 2571 sulit,
284 2527 540 2578 amplectuntur,
569 2529 678 2571 iisque
709 2529 827 2571 grandi
859 2529 966 2572 pretio
995 2530 1211 2572 comparatis,

155 2590 314 2632 mquam
329 2589 475 2624 maxima
497 2590 703 2633 possessione
722 2589 867 2632 gaudent
885 2599 923 2623 ac
941 2590 1154 2632 superbiunt,
1180 2590 1214 2622 in

160 2653 215 2686 ros
230 2646 336 2682 serias
356 2649 467 2682 autem
485 2649 520 2682 et
536 2658 732 2691 magnopere
751 2647 952 2691 expetendas
969 2648 1122 2690 quamvis
1141 2649 1212 2681 exi-

151 2714 261 2751 guum
274 2707 426 2743 sumtum
439 2707 548 2743 facere
566 2710 757 2751 gravantur.

67 2789 73 2815 5
172 2806 177 2810 ,
201 2770 234 2801 ο.
256 2766 416 2802 Homines
441 2767 590 2811 plerique
606 2768 640 2801 in
666 2767 801 2810 reliquis
820 2767 919 2801 rebus
939 2761 1092 2800 omnibus
1107 2768 1212 2810 parsi-

42 2823 85 2844 ''·³‘'
108 2842 115 2846 “
157 2825 303 2862 numiam
320 2825 495 2871 adhibent,
524 2836 564 2860 ac
590 2827 619 2861 si
645 2827 817 2870 pecuniam
849 2827 882 2859 in
901 2836 956 2860 eas
974 2826 1212 2869 impenderint,

48 2896 53 2906 *
139 2884 383 2930 efflatum
397 2885 441 2920 ad
457 2886 612 2930 plausum
631 2895 710 2920 vero
722 2887 913 2929 popularem
931 2885 1102 2919 serendrun
1115 2885 1214 2919 etiam

8 2990 10 2997 γ
51 2975 54 2986 .
92 2991 99 3001 ,
151 2942 245 2982 hom
258 2953 321 2979 sua
337 2945 448 2979 omnia
465 2944 604 2980 libenter
621 2946 835 2989 profundunt.

175 3005 235 3039 ..7.
255 2999 416 3039 noufines
433 3005 512 3039 vani
531 3007 567 3040 et
586 3005 689 3048 inepti
706 3005 896 3048 praedivites
911 3004 1046 3046 quidem
1062 3004 1215 3046 quamvis

138 3062 264 3105 dulos
287 3064 400 3099 colunt
419 3065 454 3099 et
477 3065 683 3099 admirantur
705 3074 713 3093 τ
733 3065 836 3098 bonos
863 3073 960 3105 vero,
988 3064 1088 3097 simul
1114 3065 1215 3107 atque

160 3121 276 3168 hopes
296 3133 370 3159 esse
394 3125 715 3166 animadverterunt,
736 3126 823 3158 illico
841 3126 1066 3158 contemnunt.

198 3186 232 3219 8.
253 3185 380 3218 Eorum
413 3185 473 3228 qui
510 3184 610 3218 foedis
641 3185 868 3228 voluptatibus
896 3183 999 3217 dediti
1035 3185 1113 3216 sunt
1146 3183 1213 3216 noli

158 3233 360 3289 quemquam
374 3245 517 3280 liberum
535 3247 734 3280 existimare.
781 3246 822 3279 ni
837 3246 925 3279 enim
940 3245 1046 3278 multo
1064 3244 1213 3278 saeviori-

144 3295 226 3338 'tus
242 3302 402 3347 dominis,
422 3314 522 3347 quam
540 3306 624 3347 sint,
649 3306 707 3349 qui
736 3307 866 3339 fortuna
891 3314 1005 3338 servos
1022 3303 1210 3347 possident,

161 3350 353 3405 cogentibus
371 3364 498 3406 omnia,
513 3364 674 3399 serviunt.

203 3425 237 3457 9.
259 3423 413 3458 Edacitas
429 3433 547 3467 corpus
563 3425 782 3467 pinguefacit,
799 3428 966 3468 stuporem
980 3425 1097 3464 affert,
1115 3423 1215 3458 animi

161 3490 242 3516 vero
259 3483 416 3526 optimam
431 3486 561 3526 partein
576 3485 736 3518 rationein
752 3484 848 3527 sopit.

1320 309 1349 334 o.
1371 296 1401 334 Γ
1402 295 1641 348 αστριμαργίη
1661 298 1766 346 σῶμα
1783 294 1937 342 πιαίνει,
1952 293 2096 346 ἀλογίην
2114 292 2234 346 ἀείρει,
2246 295 2315 347 ψυ-

1323 413 1521 467 (Stobaeus
1552 413 1579 451 F
1583 414 1656 454 lor.
1678 414 1744 461 VI,
1770 421 1815 460 ιι,
1842 417 1903 453 τοῦ
1926 414 2045 453 αὐτοῦ.
2068 411 2220 466 Scripsi
2240 412 2280 452 τὸ
2299 427 2320 452 e

1267 472 1432 511 Gesneri
1454 472 1700 524 conjectura;
1727 473 1827 512 codd
1869 473 1943 513 τὸν.
1961 474 2041 525 -)

1323 546 1370 572 10.
1396 534 1507 585 Ψυχῇ
1526 534 1630 582 σῶμα
1651 532 1834 585 ἀνθρώπου
1854 534 1977 572 ἔδοσαν
1998 534 2029 572 οἱ
2054 533 2146 584 θεοί,
2167 532 2259 572 ὥστε
2278 535 2320 584 τῇ

1267 593 1364 646 ψυχῇ
1386 591 1425 630 τὸ
1446 594 1551 643 σῶμα
1572 591 1837 645 ὑπηρετέεσθαι.
1896 594 1943 633 Οἱ
1957 592 1993 631 δὲ
2013 593 2137 632 πολλοὶ
2152 592 2191 632 τὸ
2205 592 2320 644 ἔμπα-

1268 653 1321 691 λιν
1337 652 1511 706 ποιέουσι,
1531 650 1671 702 σώματι
1691 652 1776 705 πρὸς
1789 651 1906 692 πάντα
1920 651 1981 691 καὶ
1995 654 2028 696 ἐς
2045 656 2156 703 μοῦνα
2175 652 2221 692 τὰ
2235 651 2323 691 ἐκεί-

1267 729 1327 752 νου
1358 712 1614 767 ὑπουργήματα
1645 711 1685 751 τὸ
1719 711 1865 765 κρέσσον
1883 714 1935 766 τῷ
1960 712 2094 766 χείρονι
2125 714 2185 752 καὶ
2206 714 2321 766 θνητῷ

1267 773 1439 825 ἀθάνατον
1457 772 1574 826 ψυχὴν
1596 772 1930 823 καταδουλούμενοι.

1323 832 1522 882 (Stobaeus
1547 833 1651 870 Flor.
1684 833 1749 881 VI,
1774 833 1822 872 15
1843 835 1903 871 τοῦ
1926 833 2048 873 αὐτοῦ.
2079 833 2229 885 Scripsi
2259 848 2324 871 κα-

1267 891 1539 944 ταδουλούμενοι
1558 906 1607 931 ex
1631 874 1895 942 Damasce⁸no;
1926 893 2047 943 vulgo
2066 893 2325 932 καταδουλευό-

1269 968 1381 1005 μενοι.
1396 954 1472 1004 -)

1323 1027 1372 1053 11.
1406 1011 1595 1061 Ἀκολασίη
1632 1011 1750 1066 ψυχὴν
1782 1012 1991 1063 λυμαίνεται
2021 1012 2082 1050 καὶ
2108 1014 2212 1063 σῶμα
2248 1012 2323 1050 δια-

1269 1071 1419 1126 φθείρει,
1435 1071 1542 1123 τόπερ
1559 1070 1661 1110 ἕνεκα
1679 1073 1742 1118 τ’ἧς
1752 1072 1878 1119 ἡδονῆς
1889 1100 1902 1120 ,
1917 1070 1977 1109 καὶ
1994 1069 2086 1110 ὥστε
2103 1072 2200 1124 αὐτῷ
2219 1071 2323 1124 χαρί-

1270 1133 1388 1176 ζεσθαι
1401 1161 1413 1182 ,
1442 1130 1500 1169 τὸν
1527 1129 1656 1183 ἔχοντά
1690 1146 1749 1181 μιν
1781 1129 2043 1182 καταναγκάσει
2074 1130 2118 1169 τὰ
2150 1130 2324 1183 αἴσχιστα

1269 1190 1386 1230 πάντα
1407 1189 1549 1230 ποιέειν.

1327 1251 1337 1304 (
1351 1251 1529 1290 Stobaeus
1547 1250 1652 1288 Flor.
1676 1249 1747 1298 VI,
1773 1252 1819 1289 16
1845 1252 1905 1289 τοῦ
1923 1249 2071 1300 αὐτοῦ.)

1326 1325 1382 1352 12-
1398 1311 1585 1360 ’Λκολασίη
1612 1310 1729 1364 ψυχὴν
1750 1309 1872 1363 ὥσπερ
1891 1313 1960 1359 νῆα
1981 1309 2103 1360 ἄνεμοι
2129 1308 2326 1348 ὑπολαὸόν-

1271 1389 1327 1417 τες
1345 1374 1429 1422 τῆδε
1446 1373 1507 1412 καὶ
1527 1373 1610 1425 τῇδε
1631 1371 1810 1425 φορέοντες
1834 1370 2080 1424 συγκλονέουσι
2100 1369 2159 1408 καὶ
2180 1370 2326 1408 ἀπειθέα

1271 1432 1428 1472 ποιέουσι
1447 1435 1499 1485 τῷ
1521 1431 1732 1485 κυὸερνήτῃ·
1754 1431 1846 1470 οὕτω
1862 1431 1923 1470 καὶ
1939 1430 2057 1484 ψυχὴν
2078 1430 2242 1470 δονέουσα
2262 1430 2326 1470 καὶ

1273 1492 1418 1532 ἀπειθέα
1435 1491 1503 1545 νόῳ
1520 1485 1610 1531 εἶναι
1639 1491 1957 1544 καταναγκάζουσα
1989 1489 2178 1543 εἰρηνεύειν
2203 1490 2263 1529 καὶ
2290 1491 2325 1528 ἐν

1272 1554 1322 1606 τῷ
1341 1552 1444 1606 εὖδίῳ
1460 1551 1520 1591 καὶ
1541 1553 1798 1606 ἀσφαλεστάτῳ
1820 1550 1958 1604 ὁρμέειν
1979 1552 2018 1588 οὐ
2043 1550 2244 1604 ξυγχωρέει.

1327 1611 1526 1665 (Stobaeus
1543 1611 1648 1652 Flor.
1667 1611 1736 1660 V1,
1764 1626 1808 1660 17
1830 1614 1889 1650 τοῦ
1911 1611 2053 1662 αὐτοῦ.)

1328 1685 1376 1712 18.
1409 1670 1687 1725 Φιλοχρηματίη
1706 1675 1766 1709 τοῦ
1782 1670 1982 1719 κτήσασθαι
2007 1670 2136 1724 εὖρέειν
2155 1669 2327 1722 ἀρκέοντα

1271 1726 1372 1785 οῧρον
1392 1733 1455 1770 οὔκ
1475 1725 1559 1773 οἶδε.

1330 1791 1535 1845 (Stobaeus
1565 1791 1671 1832 Flor.
1712 1790 1763 1840 X,
1794 1791 1844 1829 28
1875 1789 2063 1831 Εὗσεὸίου.
2096 1790 2248 1842 Scripsi
2271 1793 2326 1829 εδ-

1274 1849 1361 1905 ρέειν
1377 1866 1387 1900 ;
1405 1851 1517 1890 codd.
1534 1849 1676 1904 εὑρεῖν.)
2309 1849 2312 1852 ’

1327 1925 1371 1951 14.
1407 1905 1710 1964 Φιλοχρηματίην
1743 1911 1800 1949 ἐπ’
1831 1909 1947 1963 ἡμέρῃ
1965 1914 1980 1933 ⁸
2001 1910 2135 1962 ἑκάστῃ
2157 1911 2326 1964 ἐπιρῤέων

1271 1972 1418 2015 πλοῦτος
1435 1972 1498 2009 οὐκ
1528 1969 1649 2019 ἵστησι
1662 1970 1693 2021 b,
1717 1969 1838 2024 ὥσπερ
1869 1970 1945 2010 οὐδὲ
1969 1969 2148 2022 πυρκαϊὴν
2166 1969 2233 2018 ὕλη
2254 1971 2327 2008 ἐπι-

1273 2030 1488 2082 δαλλομένη·
1512 2031 1750 2083 ἐπιγινόμενος
1767 2035 1782 2054 ⁰
1806 2031 1835 2069 δ’
1857 2029 1924 2068 αἷεὶ
1943 2028 1960 2054 ‘¹
1986 2033 2047 2069 τοῦ
2075 2032 2248 2074 πλεῦνοςθ
2266 2028 2329 2077 τὴν

1272 2090 1458 2143 ἐπιθυμίην
1474 2089 1487 2113 ¹
1507 2089 1649 2147 ἐξάπξει
1674 2089 1824 2141 μεζόνως
1840 2094 1869 2128 ⁸.
1902 2089 1993 2134 Νόος
2013 2089 2049 2129 δὲ
2070 2092 2194 2142 μοῦνος
2215 2104 2330 2143 παρα«

1272 2144 1357 2188 στὰς
1375 2145 1435 2183 καὶ
1457 2147 1561 2183 τοῦτο
1580 2145 1650 2182 οἶδε
1663 2146 1682 2170 ¹¹
1703 2144 1882 2184 ἀκέεσθαι.

1326 2203 1522 2256 (Stobaeus
1544 2203 1647 2243 Flor.
1670 2202 1719 2258 X,
1745 2217 1796 2254 29
1814 2203 2001 2242 Εὖσεὸίου.
2025 2203 2175 2255 Scripsi
2197 2218 2207 2242 :
2227 2208 2242 2226 ³
2270 2206 2325 2242 ἐπ’

1271 2262 1407 2316 ἠμέρῃ;
1423 2263 1534 2302 codd.
1552 2264 1606 2316 ἐφ’
1620 2262 1750 2316 ἡμέρῃ.
1771 2285 1825 2292 -
1838 2262 1855 2286 ¹³
1875 2264 1937 2302 οὔκ
1956 2261 2099 2315 ἵστησι;
2124 2263 2240 2302 codd.
2260 2264 2326 2316 οὔχ

1270 2320 1404 2369 ἵστησι.
1421 2345 1474 2353 —
1493 2327 1508 2346 ⁰
1529 2322 1789 2375 ἐπιγινόμενος;
1813 2323 1924 2362 codd.
1946 2322 2222 2374 ἐπιγιγνόμενος.
2240 2345 2292 2352 ·-
2314 2322 2330 2345 ‘¹

1321 2474 1369 2504 10.
1394 2470 1513 2505 'Animo
1529 2481 1650 2514 corpus
1663 2472 1806 2505 hominis
1825 2473 1872 2505 dii
1887 2473 2072 2513 dederunt,
2094 2475 2129 2505 ut
2145 2472 2207 2515 ipsi
2224 2473 2333 2506 anima

1276 2535 1396 2568 corpus
1414 2527 1563 2560 serviret.
1608 2526 1763 2569 Plerique
1783 2529 1894 2559 autem
1909 2528 2025 2560 contra
2039 2527 2183 2565 faciunt,
2199 2527 2330 2568 corpori

1276 2581 1319 2614 ad
1334 2581 1444 2614 omnia
1454 2606 1463 2621 ‚
1487 2581 1588 2614 etiam
1604 2582 1673 2614 sola
1685 2581 1757 2624 eJ‘us
1771 2581 1970 2621 ministeria,
1994 2581 2164 2614 meliorem
2177 2584 2330 2614 naturam

1275 2634 1431 2667 deteriori
1452 2635 1486 2667 et
1501 2634 1633 2668 mortali
1649 2634 1870 2667 immortalem
1887 2634 2033 2666 animum
2047 2634 2267 2676 subjicientes.

1319 2697 1368 2727 11.
1393 2694 1647 2736 Intemperantia
1664 2694 1811 2727 animum
1826 2694 2008 2736 corrumpit
2024 2696 2057 2727 et
2073 2703 2194 2737 corpus
2211 2694 2331 2736 perdit,

1275 2748 1361 2789 quod
1382 2748 1561 2790 voluptatis
1579 2748 1682 2790 gratia
1703 2750 1802 2789 atque
1819 2749 1858 2781 ut
1880 2748 1942 2790 ipsi
1966 2757 2092 2780 morem
2109 2750 2221 2789 geret,
2239 2749 2334 2789 coget

1274 2801 1366 2834 illum
1386 2810 1406 2834 a
1420 2799 1487 2843 quo
1500 2801 1642 2835 habetur
1656 2802 1848 2844 turpissima
1865 2810 2009 2844 quaeque
2024 2802 2141 2834 facere.

1321 2860 1370 2890 12.
1394 2857 1679 2895 Quemadmodum
1708 2858 1794 2890 venti
1821 2865 1939 2890 navem
1960 2858 2143 2898 correptam
2169 2855 2236 2888 huc
2255 2855 2335 2888 illuc

1275 2917 1416 2949 serentes
1433 2916 1626 2950 concutiunt
1652 2918 1686 2949 et
1700 2925 1765 2949 non
1785 2916 2023 2957 obsequentem
2041 2914 2193 2947 efficiunt
2209 2913 2332 2955 guber-

1275 2971 1382 3004 natori
1398 2983 1405 3004 :
1425 2971 1473 3004 sic
1489 2972 1589 3005 etiam
1614 2971 1761 3004 animum
1779 2970 1907 3012 agitans
1924 2971 1958 3002 et
1972 2968 2076 3002 menti
2094 2978 2159 3000 non
2176 2968 2331 3001 obedien-

1275 3026 1344 3058 tem
1368 3034 1441 3058 esse
1472 3034 1590 3068 cogens
1608 3025 1859 3068 intemperantia
1879 3033 1961 3067 pace
1982 3023 2033 3057 uti
2058 3025 2157 3065 atque
2183 3023 2216 3056 in
2234 3025 2334 3066 portu

1275 3081 1368 3116 velut
1384 3080 1560 3121 tranquillo
1576 3082 1610 3114 et
1627 3080 1795 3113 tutissimo
1811 3088 1885 3113 esse
1906 3088 1971 3112 non
1989 3078 2079 3111 sinit.

1321 3141 1368 3171 13.
1393 3137 1538 3170 Avaritia
1573 3135 1760 3178 quaerendae
1789 3135 1937 3177 pecuniae
1973 3134 2073 3167 finem
2115 3133 2332 3169 sufficientem

1275 3191 1418 3234 reperire
1433 3190 1548 3224 nescit.
1959 3193 1964 3197 '

1320 3253 1369 3284 14.
1394 3251 1575 3284 Avaritiam
1591 3249 1739 3292 quotidie
1761 3249 1935 3282 affluentes
1951 3248 2076 3281 divitiae
2093 3257 2157 3280 non
2181 3247 2328 3289 explent,

1275 3308 1314 3340 ut
1331 3315 1438 3349 neque
1455 3315 1572 3349 rogum
1596 3306 1766 3340 ardentem
1788 3305 1909 3346 injecta
1932 3304 2081 3338 materia.
2127 3303 2214 3341 Quin
2234 3311 2330 3335 acoe-

1275 3363 1391 3396 dentes
1408 3372 1539 3405 semper
1557 3371 1636 3405 opes
1660 3362 1824 3404 maj0mm
1842 3360 2055 3402 cupiditatem
2075 3359 2178 3400 magis
2193 3358 2326 3390 inflam-

1275 3421 1379 3452 mant.
1424 3418 1500 3450 Sola
1515 3426 1594 3451 vero
1608 3425 1722 3458 mens,
1742 3416 1769 3449 si
1789 3417 1911 3458 praesto
1930 3414 1989 3456 sit,
2004 3413 2082 3446 huic
2096 3421 2226 3454 quoquc
2243 3411 2330 3446 malo

1275 3475 1400 3509 mederi
1417 3478 1536 3519 potest.
