2528 3788
273 271 348 310 ¹06

268 360 374 411 plina
387 358 616 398 exercitatus
637 366 778 396 rectam
800 358 889 396 vitae
907 371 1010 397 viam
1029 369 1251 411 sequeretur
1269 369 1306 398 et

267 418 465 470 praeceptis
485 417 749 466 institutisque
780 417 1036 469 philosophiae
1072 418 1298 459 abundaret.

264 477 440 527 Denique
458 475 561 514 Zeno
574 505 585 526 ,
610 475 750 513 Stoicae
769 484 880 513 sectae
897 476 1088 525 conditor,
1110 485 1146 515 et
1160 476 1303 527 Epicu-

266 549 331 574 rus
349 534 575 573 Xenocratis
592 534 837 573 institutione
850 535 989 574 imbuti
1007 545 1096 574 sunt
1110 565 1120 583 ‚
1139 550 1303 587 quorum

264 595 326 632 hic
354 594 620 644 duodeviginti
657 607 848 632 annorum
879 594 1100 634 adolescens
1124 595 1219 647 (55),
1241 596 1306 634 ille

260 666 353 692 vero
385 667 455 704 per
474 653 604 692 decem
627 667 748 692 annos
787 654 992 693 continuos
1035 654 1120 705 ejus
1162 655 1305 694 scholis

259 713 435 751 interfuit
452 712 545 765 (56).

313 772 440 811 Porro
471 773 664 824 praecipua
701 773 873 811 omnium
913 774 1097 812 virtutum
1140 778 1296 826 experi-

261 840 390 873 menta
406 832 543 872 edidit.
572 833 626 870 Ac
648 833 818 884 primum
835 834 993 884 quidem
1016 834 1092 871 fide
1118 835 1171 872 ita
1200 836 1301 873 emi-

260 889 401 938 nebat,
441 899 481 929 ut
514 904 627 929 nemo
661 892 950 943 locupletiorem
988 892 1198 933 Xenocrate
1234 907 1302 933 au-

257 957 403 987 ctorem
447 950 605 989 laudare
637 959 778 1000 posset.
827 950 1019 996 Quocirca
1055 951 1305 990 Athenienses

256 1007 452 1046 hominem
466 1037 476 1055 ,
501 1010 760 1048 testimonium
787 1009 1001 1058 dicentem,
1019 1010 1151 1058 jurare
1166 1010 1301 1062 prohi—

259 1066 428 1106 buerunt
448 1068 541 1119 (57).
573 1068 700 1114 Quum
723 1068 826 1106 enim
848 1069 1057 1119 aliquando
1093 1069 1303 1108 Chalcedo-

258 1127 346 1165 nius
366 1127 618 1179 philosophus
627 1156 640 1174 ,
660 1128 727 1179 qui
750 1137 878 1166 sancte
909 1129 1152 1179 graviterque
1181 1129 1304 1166 vixis-

259 1195 334 1234 set,
356 1187 620 1225 testimonium
638 1186 794 1238 publice
813 1187 989 1232 dixisset,
1009 1196 1046 1225 et
1066 1196 1107 1225 ut
1127 1200 1211 1225 mos
1234 1188 1304 1228 fuit

260 1245 483 1284 Graecorum
501 1246 565 1298 (58
565 1244 583 1298 )
595 1245 758 1296 jurandi
773 1258 887 1283 causa
902 1245 949 1283 ad
969 1259 1071 1284 aram
1085 1245 1300 1291 accederet,

260 1317 340 1343 una
359 1317 453 1342 voce
467 1333 477 1352 ,
502 1316 551 1342 ne
570 1304 605 1342 is
620 1303 791 1355 juraret,
812 1305 1083 1343 reclamarunt.
1106 1303 1203 1341 Nota
1219 1303 1302 1354 ejus

263 1364 305 1400 in
326 1362 432 1401 victu
453 1362 691 1401 continentia
707 1371 778 1402 est.
799 1362 893 1400 Nam
913 1363 945 1401 si
967 1363 1122 1414 quando
1141 1362 1225 1400 vini
1239 1375 1302 1400 ca-

259 1420 353 1459 dum
371 1419 589 1467 relevisset‚
615 1419 657 1457 in
676 1420 1301 1471 vappam'convertebatur,ante-

261 1491 378 1528 quam
417 1486 720 1517 consumeretur.
756 1477 831 1516 Sed
865 1491 967 1528 saepe
992 1478 1109 1516 etiam
1139 1476 1304 1516 obsonia

259 1538 439 1589 pridiana
455 1536 535 1587 jam
556 1545 741 1588 corrupta
757 1536 951 1587 ejiciebat.
972 1537 1074 1575 Hinc
1094 1545 1225 1576 natum
1245 1545 1302 1575 est

258 1596 536 1648 proverbium:
562 1598 786 1632 Xenocratis
805 1597 994 1642 caseolus,
1018 1595 1065 1633 de
1091 1594 1209 1633 rebus
1231 1595 1300 1634 diu

258 1653 487 1693 durantibus
499 1683 509 1700 ‚
527 1667 612 1704 quae
627 1667 704 1691 non
719 1654 918 1692 celerrime
927 1653 1185 1692 absumuntur
1203 1653 1296 1706 (59).

258 1712 425 1754 Divitias
444 1726 522 1750 non
542 1713 700 1751 inutiles
721 1712 879 1763 quidem
900 1725 982 1751 esse
1000 1712 1224 1760 affirmavit,
1238 1714 1300 1752 sed

258 1781 384 1810 tamen
395 1770 694 1817 contemsit‚sibi
706 1771 755 1810 iis
770 1784 848 1809 non
862 1784 960 1823 opus
975 1784 1057 1808 esse
1072 1779 1178 1809 ratus
1193 1770 1277 1823 (6ο)
1290 1801 1298 1809 .

260 1830 521 1877 Quamobrem
543 1830 707 1882 pecunia
727 1830 937 1869 Alexandri
955 1830 1069 1881 jussu
1090 1830 1300 1881 aliquando

261 1890 297 1929 ei
328 1890 468 1937 allata,
502 1898 677 1940 acceptos
713 1891 912 1942 apparatis
940 1890 1067 1940 epulis
1095 1903 1164 1928 suo
1195 1904 1302 1928 more

262 1949 406 2001 legatos
426 1947 648 1985 Alexandro
665 1948 846 1987 nuntiare
868 1948 1009 1998 jussit,
1026 1959 1142 1997 quam
1163 1948 1229 1984 diu
1248 1949 1301 1984 ita

259 2007 429 2052 viveret,
466 2020 544 2044 non
589 2019 688 2057 opus
723 2006 799 2044 sibi
830 2005 1114 2056 quinquaginta
1151 2005 1302 2061 talentis

259 2067 354 2106 fore.
380 2065 547 2103 Tantum
564 2066 667 2103 enim
690 2064 864 2116 pecuniae
883 2067 1041 2102 missum
1057 2072 1152 2103 erat.
1169 2063 1296 2108 Quum

258 2134 383 2163 autem
402 2125 591 2176 postridie
605 2124 722 2174 legati
741 2125 995 2162 Xenocratem
1015 2131 1213 2172 rogarent,
1236 2124 1297 2161 cui

259 2184 456 2222 numerari
473 2183 629 2234 juberet
652 2198 659 2220 :
684 2183 815 2229 Quid?
841 2182 916 2221 Vos
933 2183 1134 2231 hesterna,
1156 2182 1301 2232 inquit,

259 2243 409 2281 coenula
429 2256 506 2280 non
526 2242 788 2289 intellexistis,
810 2255 870 2280 me
893 2241 1056 2293 pecunia
1073 2254 1152 2281 non
1168 2242 1302 2290 egere?

260 2315 358 2352 quos
374 2301 443 2339 ubi
464 2301 655 2339 tristiores
676 2301 798 2348 vidit,
818 2300 979 2350 triginta
991 2300 1117 2338 minas
1137 2299 1300 2349 accepit,

260 2375 308 2399 ne
327 2362 525 2413 aspernari
546 2361 648 2410 regis
663 2360 934 2399 liberalitatem
970 2360 1170 2398 videretur
1206 2358 1297 2410 (61).

260 2420 364 2466 Quin
379 2422 492 2458 etiam
510 2419 763 2457 Xenocratem
781 2419 935 2468 rogavit
950 2419 1184 2467 Alexander,
1205 2427 1246 2456 ut
1261 2418 1300 2455 in

261 2531 317 2564 lib.
342 2532 397 2568 IV,
427 2534 476 2563 24.
494 2549 535 2555 —
565 2530 632 2572 (55)
650 2531 742 2572 Diog.
774 2532 879 2562 Laert.
902 2532 941 2569 Χ,
980 2533 1007 2561 1.
1032 2530 1148 2561 Cicero
1167 2528 1208 2560 de
1235 2529 1303 2559 nat.

262 2577 357 2610 deor.
378 2577 434 2609 lib.
457 2579 483 2617 1,
504 2587 575 2619 cap.
596 2581 645 2611 26.
663 2596 704 2602 —
723 2579 789 2619 (56)
812 2579 974 2618 Diogenes
988 2577 1139 2609 Laertius
1155 2576 1211 2608 lib.
1231 2577 1305 2615 VII,

263 2629 294 2657 2.
313 2625 475 2657 Eusebius
494 2627 600 2666 Praep.
625 2627 746 2665 Evang.
778 2625 834 2658 lib.
856 2626 942 2664 XIV,
961 2633 1031 2665 cap.
1050 2629 1067 2657 5
1083 2633 1154 2665 pag.
1177 2625 1247 2655 729.
1269 2641 1305 2646 —-

264 2671 330 2711 (57)
354 2671 512 2712 Diogenes
530 2672 680 2703 Laertius
699 2672 754 2704 lib.
771 2673 828 2709 IV,
851 2674 882 2703 7.
898 2671 1051 2703 Valerius
1071 2670 1234 2703 Maximus
1248 2669 1304 2702 lib.

264 2719 306 2757 11,
324 2726 394 2759 cap.
418 2720 465 2749 10.
489 2718 602 2750 Cicero
618 2727 677 2758 pro
697 2718 795 2750 Balbo
814 2726 884 2759 cap.
905 2721 933 2749 5.
954 2717 1056 2758 Epist.
1079 2717 1121 2749 ad
1137 2716 1234 2748 Attio.
1249 2715 1304 2748 lib.

264 2767 291 2805 I,
317 2768 365 2798 16.
385 2784 424 2792 —
442 2764 509 2806 (58)
526 2766 574 2796 De
590 2764 653 2796 hac
671 2764 741 2805 lege
762 2765 803 2796 cs.
825 2765 951 2797 Petitus
967 2773 1039 2805 pag.
1063 2767 1123 2796 445
1144 2763 1195 2796 ed.
1215 2765 1309 2795 Wes-

265 2811 379 2852 seling.
399 2830 438 2835 -
457 2811 519 2852 (59)
535 2811 687 2843 Stobaeus
708 2810 793 2842 Flor.
813 2811 915 2850 XVII,
943 2814 993 2842 25.
1021 2810 1094 2841 Vid.
1114 2810 1228 2849 fragm.
1256 2811 1305 2840 74.

264 2875 305 2882 -—
320 2858 385 2899 (60)
407 2856 605 2890 Plutarchus
621 2857 696 2888 adv.
725 2857 824 2889 Stoic.
845 2865 915 2897 cap.
938 2859 974 2888 13
996 2856 1062 2888 vol.
1081 2857 1157 2889 XIV
1175 2865 1247 2897 pag.
1273 2858 1309 2888 19

265 2905 318 2937 ed.
337 2906 471 2937 Hutten.
501 2906 530 2935 οἱ
547 2906 602 2934 τοῦ
628 2903 841 2944 Ξενοκράτους
869 2904 922 2935 καὶ
947 2903 1150 2935 Σπευσίππου
1173 2914 1308 2942 κατηγο-

265 2955 390 2994 ροῦντες
408 2953 458 2984 ἐπὶ
470 2954 516 2992 τῷ
535 2952 577 2992 μὴ
591 2952 647 2989 τὴν
662 2951 781 2991 ὑγίειαν
804 2951 971 2992 ἀδιάφορον
992 2952 1135 2990 ἡγεῖσθαι
1160 2951 1236 2991 μηδὲ
1255 2951 1308 2982 τὸν

265 3002 397 3031 πλοῦτον
415 3000 579 3039 ἀνωφελές.
600 3016 642 3022 -

307 3046 372 3087 (61)
391 3047 506 3080 Cicero
532 3045 664 3077 Tuscul.
683 3046 807 3082 Quaest.
831 3044 889 3076 lib.
908 3045 948 3083 V,
967 3053 1038 3084 cap.
1068 3048 1128 3083 323
1160 3044 1311 3077 Valerius

266 3093 431 3127 Maximus
452 3093 507 3127 lib.
536 3093 593 3131 IV,
623 3100 693 3132 cap.
724 3095 742 3123 3
762 3093 845 3123 extr.
871 3095 910 3131 3;
932 3091 1128 3123 Plutarchus
1149 3092 1190 3124 de
1221 3094 1308 3124 Fort.

268 3140 366 3173 Alex.
391 3141 475 3171 orat.
498 3140 525 3179 Ι,
554 3147 624 3179 cap.
648 3141 683 3169 12
704 3137 769 3169 vol.
792 3139 850 3177 IX,
868 3146 900 3179 p.
930 3140 970 3169 48
993 3137 1045 3169 cd.
1074 3139 1222 3177 Hutten.;
1246 3139 1311 3170 vita

267 3187 360 3220 Alex.
388 3195 458 3228 cap.
478 3188 510 3225 8,
526 3185 590 3217 vol.
608 3186 664 3224 IV,
684 3193 754 3226 pag.
772 3187 853 3223 2613
878 3184 1117 3227 Apophthegm.
1137 3186 1201 3217 vol.
1219 3187 1309 3223 VIII,

267 3243 340 3276 pag.
366 3236 423 3265 105
445 3232 549 3273 ejusd.
571 3231 638 3270 ed.;
665 3231 814 3263 Stobaeus
831 3231 919 3264 Flor.
942 3232 982 3269 V,
1007 3234 1063 3263 118
1080 3232 1175 3273 [Vid.
1194 3233 1307 3273 fragm.

270 3281 348 3323 73];
372 3280 534 3321 Diogenes
548 3278 697 3311 Laertius
716 3278 772 3310 lib.
793 3279 849 3316 lv,
868 3282 907 3317 83
928 3278 1044 3310 Suidas
1067 3281 1103 3310 et
1130 3279 1311 3319 Hesychius

271 3329 419 3362 Milesius
444 3336 476 3360 v.
500 3326 715 3369 Ξενοκράτης;
738 3325 938 3357 Themistius
971 3327 1060 3358 Orat.
1092 3331 1121 3362 2,
1148 3334 1220 3367 pag.
1250 3329 1308 3365 263

271 3377 363 3407 Orat.
384 3376 435 3414 21,
450 3382 523 3416 pag.
545 3377 614 3406 252.
640 3389 681 3396 -—
697 3371 760 3412 (62)
779 3371 978 3404 Plutarchus
994 3371 1034 3403 de
1053 3372 1148 3403 Stoic.
1165 3373 1308 3412 Repugn.

272 3431 323 3463 ap.
346 3425 397 3460 20,
433 3420 498 3453 vol.
519 3421 610 3460 XIII,
641 3427 715 3461 pag.
744 3421 804 3452 366
821 3418 872 3451 ed.
894 3419 1029 3451 Hutten.
1053 3418 1186 3460 Ἔφορον
1207 3419 1239 3450 δὲ
1255 3419 1308 3449 καὶ

273 3470 469 3510 Ξενοκράτην
487 3469 540 3501 καὶ
554 3469 740 3509 Μενέδημον
768 3468 931 3499 ἐπαινοῦσι
950 3467 1239 3508 παραιτησαμένους
1259 3467 1311 3498 τὸν

275 3519 479 3559 Ἀλέξανδρον.
505 3536 545 3544 -
573 3516 639 3557 (63)
668 3515 865 3548 Plutarchus
904 3515 976 3546 adv,
1013 3514 1114 3546 Colot.
1155 3522 1223 3554 cap.
1259 3515 1309 3553 32,

1134 269 1202 308 DE
1234 270 1552 310 XENOCRATE.

1365 361 1626 399 Macedoniam
1651 362 1801 398 veniret
1821 369 1858 398 et
1878 361 1979 412 apud
1999 374 2040 400 se
2058 373 2251 415 maneret,
2270 366 2400 418 siqui-
2494 238 2519 433 1

1364 421 1451 459 dem
1483 421 1712 459 Plutarchus
1741 428 1873 458 narrat
1907 420 2205 461 Chalcedonium
2224 425 2400 475 philoso-
2517 436 2521 477 ι

1365 480 1482 531 phum
1497 479 1708 518 Alexandri
1719 479 1938 518 convictum
1948 491 2143 519 recusasse
2153 481 2248 534 (62).
2260 483 2400 523 Verum
2511 484 2515 489 '

1366 540 1500 591 quanti
1536 539 1766 578 Xenocratis
1798 539 1983 578 virtutem
2005 547 2043 576 et
2067 539 2265 590 ingenium
2298 545 2403 583 ατί-

1366 600 1528 638 maverit
1537 613 1603 638 rex
1610 629 1619 646 ‚
1634 606 1793 651 apparet
1801 611 1823 637 e
1831 611 1881 649 qu
1886 598 1998 636 odam
2010 598 2209 638 Plutarchi
2222 601 2258 651 (6
2264 600 2298 653 3)
2309 601 2398 641 loco

1365 659 1432 709 qui
1450 659 1707 697 Alexandrum
1728 671 1751 697 a
1766 657 1979 696 Xenocrate
1997 666 2189 710 praecepta
2211 659 2260 697 de
2276 671 2398 710 regno

1364 718 1522 769 petiisse
1541 718 1668 758 refert.
1690 716 1877 755 Caeterum
1893 728 2039 755 morem
2056 717 2173 766 gessit
2184 717 2268 767 regi
2283 729 2398 766 3na1u

1366 786 1531 827 quatuor
1552 776 1677 814 libros
1697 773 1883 821 confecit,
1913 775 1981 825 qui
2006 779 2190 813 elementa
2211 777 2259 813 de
2283 789 2402 827 regno

1365 836 1417 872 ad
1426 836 1685 873 Alexandrum
1700 832 2011 872 inscribebantur
2027 833 2121 886 (64).
2138 833 2187 871 Inv
2201 833 2404 885 publicum

1366 895 1575 944 prodeunti
1591 891 1827 945 philosopho
1845 891 2059 930 turbulenti
2079 892 2258 932 homines
2272 901 2310 932 et
2325 893 2402 931 im-

1368 953 1501 1004 pudici
1520 952 1599 1003 (65)
1619 964 1754 990 omnes
1769 951 1816 989 de
1834 951 1901 988 via
1919 950 2170 990 decedebant.
2186 951 2404 990 Castitatem

1366 1012 1449 1063 ejus
1479 1013 1622 1050 frustra
1650 1025 1672 1049 a
1704 1010 1906 1048 meretrice
1937 1018 2117 1049 tentatam
2148 1023 2230 1049 esse
2254 1019 2404 1050 veteres

1366 1070 1487 1121 ajunt.
1510 1069 1594 1116 Qua
1609 1070 1656 1107 de
1673 1082 1715 1107 re
1732 1067 1907 1105 Valerius
1929 1068 2119 1107 Maximus
2138 1068 2208 1109 lib.
2229 1067 2294 1115 lv,
2314 1082 2398 1121 cap.

1369 1130 1405 1167 3.
1432 1137 1528 1166 extr.
1558 1129 1579 1165 3
1612 1141 1620 1164 ε
1652 1144 1667 1162 «
1689 1127 1870 1176 Phryne,
1899 1127 2049 1176 inquit,
2079 1126 2212 1166 nobile
2235 1126 2401 1167 Athenis

1367 1195 1558 1234 scortum,
1583 1187 1694 1236 juxta
1718 1177 1806 1223 eum
1830 1184 1923 1222 vino
1949 1198 2107 1234 gravem
2126 1185 2170 1224 in
2189 1185 2404 1237 pervigilio

1366 1245 1546 1283 accubuit
1559 1273 1569 1292 ,
1605 1244 1770 1295 pignore
1801 1255 1888 1279 cum
1924 1243 2158 1293 quibusdam
2189 1243 2407 1295 juvenibus

1367 1305 1515 1353 posito,
1537 1315 1585 1340 an
1600 1299 1893 1353 temperantiam
1924 1299 2007 1351 ejus
2034 1314 2284 1351 corrumpere
2308 1314 2404 1353 pos-

1365 1371 1433 1401 set.
1457 1361 1580 1408 Quam
1608 1373 1679 1398 nec
1705 1369 1805 1398 tactu
1820 1389 1830 1408 ‚
1855 1372 1925 1398 nec
1953 1372 2133 1400 sermone
2158 1370 2403 1414 aspernatus,

1365 1420 1492 1471 quoad
1510 1420 1689 1459 voluerat
1708 1419 1750 1458 in
1764 1421 1850 1460 sinu
1866 1433 1935 1459 suo
1954 1421 2124 1468 morari,
2142 1421 2295 1460 irritam
2310 1435 2406 1474 pro-

1365 1480 1482 1530 positi
1512 1479 1675 1518 dimisit.
1707 1478 1861 1519 Factum
1901 1479 2089 1531 sapientia
2120 1479 2260 1519 imbuti
2285 1480 2424 1532 am'mff

1365 1537 1562 1576 abstinens
1576 1567 1586 1585 ,
1607 1537 1675 1576 sed
1699 1538 1957 1578 meretriculae
1978 1551 2134 1589 quoque
2152 1539 2298 1577 dictum
2315 1551 2407 1592 per-

1364 1610 1477 1647 quam
1496 1597 1673 1635 facetum.
1693 1596 1978 1636 Deridentibus
1997 1597 2101 1635 enim
2118 1610 2159 1636 se
2178 1598 2404 1644 adolescen-

1365 1656 1467 1693 tibus
1482 1684 1492 1702 ,
1516 1656 1609 1706 quia
1635 1664 1711 1693 tarn
1748 1655 1914 1694 formosa
1947 1664 2101 1706 tamque
2134 1656 2288 1706 elegans
2317 1657 2404 1708 poti

1365 1715 1468 1754 senis
1488 1716 1660 1754 animum
1683 1715 1877 1754 illecebris
1895 1715 2079 1766 pellicere
2097 1728 2176 1753 non
2197 1715 2405 1767 puniisset,

1364 1782 1595 1825 pactumque
1621 1775 1800 1812 victoriae
1827 1774 1997 1826 pretium
2032 1773 2318 1825 flagitantibus,
2359 1775 2408 1814 de

1363 1833 1521 1871 homine
1542 1846 1582 1872 se
1613 1846 1700 1871 cum
1720 1833 1796 1880 iis,
1827 1845 1905 1870 non
1929 1831 1977 1869 de
1999 1839 2124 1870 statua
2156 1831 2301 1883 pignus
2327 1845 2405 1884 po—

1364 1891 1486 1929 suisse
1517 1892 1732 1943 respondit.
1754 1891 1936 1937 Potestne
1955 1890 2038 1928 haec
2065 1889 2292 1928 Xenocratis
2311 1903 2408 1930 con-

1364 1949 1526 1987 tinentia
1542 1963 1563 1987 a
1579 1962 1774 2000 quoquam
1794 1949 1917 1999 magis
1930 1960 2022 1987 vere
2038 1948 2237 1998 magisque
2250 1950 2407 1999 proprie

1363 2005 1639 2049 demonstrari,
1661 2020 1775 2055 quam
1793 2009 1840 2043 ab
1857 2009 1942 2054 ipsa
1960 2006 2205 2049 meretricula
2225 2017 2409 2052 expressa

1363 2072 1419 2101 est
1430 2064 1445 2100 Ρ
1456 2063 1613 2113 Phryne
1626 2063 1708 2114 (66)
1724 2061 2013 2114 pulchritudine
2029 2072 2099 2098 sua
2111 2059 2219 2097 nulla
2232 2071 2280 2096 ex
2296 2068 2409 2110 parte

1364 2122 1708 2160 constantissimam
1742 2120 1823 2170 ejus
1867 2117 2140 2157 abstinentiam
2171 2116 2351 2156 labefecit
2385 2135 2402 2153 u

1365 2181 1534 2218 Maxima
1569 2180 1643 2217 fuit
1685 2178 1770 2229 ejus
1802 2177 2073 2215 beneficentia.
2096 2175 2245 2215 Accidit
2265 2184 2407 2228 autem,

1367 2248 1407 2277 ut
1426 2239 1636 2289 aliquando
1669 2237 1896 2289 imprudens
1927 2235 2125 2274 hominem
2156 2235 2285 2273 minus
2316 2248 2408 2287 pro·

1365 2299 1456 2337 bum
1474 2296 1795 2349 Polysperchonti
1816 2293 2101 2334 commendaret
2121 2291 2215 2346 (67).
2240 2293 2411 2346 Namque

1366 2359 1399 2395 is
1417 2371 1438 2395 a
1459 2356 1668 2395 Macedone
1685 2354 1847 2394 comiter
1866 2361 2050 2403 exceptus
2069 2351 2408 2402 interrogatusque

1367 2430 1459 2454 num
1489 2429 1566 2466 qua
1594 2427 1636 2452 re
1668 2421 1819 2464 egeret,
1851 2412 2035 2451 talentum
2061 2411 2184 2461 petiit.
2218 2409 2274 2447 Ac
2298 2407 2407 2447 dedit

1619 2485 2403 2500 -———.—...—.-—..

1366 2527 1432 2558 vol.
1455 2527 1540 2565 XIV,
1562 2534 1633 2566 pag.
1658 2527 1713 2556 194
1727 2524 1779 2556 ed.
1802 2525 1936 2555 Hutten.
1954 2522 2039 2563 παρὰ
2055 2521 2087 2553 δὲ
2104 2519 2314 2562 Ξενοκράτους
2327 2518 2409 2552 Ἀλέ-

1368 2573 1491 2613 ξανδρος
1510 2572 1668 2608 ὑποθήκας
1685 2571 1784 2611 ᾔτησε
1806 2571 1875 2610 περὶ
1897 2567 2069 2610 βασιλείας.
2094 2585 2136 2591 -
2157 2567 2224 2607 (64)
2251 2566 2411 2607 Diogenes

1367 2618 1518 2651 Laertius
1533 2618 1588 2649 lib.
1607 2619 1663 2657 lV,
1684 2620 1721 2649 14
1738 2619 1882 2657 Στοιχεῖα
1902 2616 1978 2657 πρὸς
2003 2615 2199 2656 Ἀλέξανδρον
2220 2614 2292 2656 περὶ
2310 2614 2410 2655 βασι·

1367 2667 1448 2703 λείας
1467 2667 1508 2698 δ’.
1527 2684 1568 2691 --
1593 2664 1659 2705 (65)
1690 2664 1850 2704 Diogenes
1874 2661 2023 2694 Laertius
2039 2660 2095 2694 lib.
2115 2661 2171 2700 lv,
2190 2665 2210 2694 6
2228 2660 2283 2692 καὶ
2306 2659 2411 2693 eino-te

1369 2715 1472 2755 μέλλοι
1495 2713 1524 2749 ἐς
1552 2712 1632 2744 ἄστυ
1651 2710 1791 2748 ἀνιέναι,
1816 2710 1893 2751 φασὶ
1914 2708 1985 2744 τοὺς
2011 2708 2196 2748 θορυῧώὸεις
2214 2706 2332 2744 πάντας
2357 2708 2410 2739 καὶ

1369 2760 1569 2802 προυνείκους
1583 2757 1786 2791 ὑποστέλλειν
1802 2755 1877 2796 (leg.
1895 2755 2147 2788 ὑποστέλλεσθαι
2162 2755 2172 2794 )
2191 2754 2288 2785 αὐτοῦ
2300 2756 2340 2794 τῇ
2352 2764 2411 2785 πα-

1387 2810 1461 2840 ὸδω.
1480 2825 1522 2830 ——

1369 2820 1385 2851 ρ
1412 2840 1478 2896 (66)
1492 2852 1651 2893 Diogenes
1662 2851 1811 2884 Laertius
1823 2849 1880 2882 lib.
1894 2849 1950 2887 IV,
1966 2851 1982 2880 7
1998 2848 2051 2879 καί
2067 2858 2140 2879 ποτε
2151 2847 2204 2879 καὶ
2219 2843 2343 2888 Φρῦνην
2354 2846 2409 2885 τὴν

1369 2902 1492 2943 ἑταίραν
1511 2900 1652 2937 ἐθελῆσαι
1668 2901 1814 2940 πειρᾶσαι
1832 2895 1925 2928 αὐτόν
1939 2920 1948 2935 ,
1966 2896 2018 2926 καὶ
2035 2895 2124 2933 δῆθεν
2137 2892 2330 2935 διωκομένην
2346 2891 2410 2925 ὑπό

1369 2960 1460 2982 τινων
1479 2948 1665 2989 καταφυγεῖν
1682 2946 1724 2983 εἶς
1743 2946 1778 2977 τὸ
1803 2943 1944 2977 οἰκίδιον.
1964 2943 2025 2974 Τὸν
2046 2942 2078 2973 δὲ
2107 2941 2199 2973 ἕνεκα
2221 2943 2276 2972 τοῦ
2291 2935 2408 2980 ἀνθρω-

1370 2997 1461 3029 πίνου
1482 2994 1676 3031 εἰσδέξασθαι
1688 3017 1698 3033 ,
1714 2993 1768 3025 καὶ
1799 2991 1865 3028 ἑνὸς
1885 2990 1972 3026 ὄντος
1992 2989 2142 3021 κλινιδίου
2163 2989 2292 3029 δεομένῃ
2319 2996 2410 3028 μετα·

1370 3046 1474 3077 δοῦναι
1489 3047 1543 3082 τῆς
1555 3041 1772 3077 κατακλίσεως
1782 3049 1790 3057 ·
1807 3040 1862 3072 καὶ
1875 3039 1961 3074 τέλος
1978 3037 2079 3069 πολλὰ
2095 3039 2270 3077 λιπαροῦσαι
2280 3060 2288 3076 ,
2306 3035 2406 3077 ἄπροι-

1370 3103 1442 3129 κτος
1459 3092 1646 3129 ἀναστῆναι,
1662 3089 1761 3129 λέγειν
1777 3098 1811 3119 τε
1826 3086 1901 3128 πρὸς
1922 3084 1992 3121 τοὺς
2010 3083 2258 3124 πυνθανομένους
2268 3105 2279 3122 ,
2295 3083 2337 3118 ὣς
2352 3081 2408 3113 οὐκ

1371 3138 1424 3170 ἀπ’
1443 3138 1548 3179 ἀνδρὸς
1571 3136 1637 3168 ἀλλ’
1663 3134 1718 3166 ἀπ’
1735 3132 1914 3174 ἀνδριάντος
1937 3130 2104 3167 ἀνασταίη.
2128 3128 2228 3160 Ἔνιοι
2254 3127 2288 3159 δὲ
2304 3124 2409 3158 Λαΐδα

1370 3186 1444 3227 φασὶ
1463 3182 1735 3227 παρακατακλῖναι
1753 3180 1839 3221 αὐτῷ
1850 3179 1922 3215 τοὺς
1944 3176 2083 3216 μαθητάς
2095 3185 2103 3193 ·
2123 3175 2175 3207 τὸν
2199 3174 2233 3206 δὲ
2245 3173 2346 3209 οὕτως
2363 3172 2407 3204 εἶ·

1371 3243 1421 3264 ναι
1444 3232 1599 3274 ἐγκρατῆ,
1616 3230 1699 3260 ὥστε
1716 3227 1769 3259 καὶ
1785 3226 1883 3268 τομὰς
1901 3225 1955 3256 καὶ
1974 3224 2100 3259 καύσεις
2113 3220 2264 3257 πολλάκις
2278 3221 2408 3260 ὑπομεῖ-

1369 3291 1420 3312 ναι
1443 3279 1511 3319 περὶ
1532 3279 1568 3310 τὸ
1584 3277 1714 3309 αἰδοῖον.
1730 3295 1770 3303 .-
1789 3274 1855 3313 (67)
1878 3271 2074 3305 Plutarchus
2090 3269 2130 3301 de
2152 3267 2271 3301 vitioso
2283 3265 2408 3308 pudore

1371 3335 1446 3368 cap.
1467 3327 1524 3366 XI,
1538 3323 1603 3357 vol.
1619 3325 1659 3364 X,
1675 3331 1747 3365 pag.
1766 3323 1822 3354 175
1838 3319 1889 3352 ed.
1906 3320 2041 3351 Hutten.
2063 3314 2258 3356 Ξενοκράτης
2271 3314 2321 3355 δέ,
2338 3312 2406 3346 καί·

1373 3384 1428 3413 περ
1445 3371 1596 3413 αὐστηρὸς
1610 3371 1654 3402 ὢν
1677 3371 1730 3401 τὸν
1746 3368 1860 3410 τρόπον
1875 3392 1882 3407 ,
1899 3366 1983 3407 ὅμως
2002 3365 2063 3397 ὑπὸ
2080 3361 2240 3398 δυσωπίας
2255 3361 2406 3401 ἐκάμφθη,

1372 3421 1424 3451 καὶ
1452 3420 1621 3456 συνέστησε
1646 3416 1900 3458 Πολυσπέρχοντι
1923 3413 1964 3445 δι’
1990 3411 2154 3449 ἐπιστολῆς
2182 3409 2343 3450 ἄνθρωπον
2370 3407 2407 3438 οὐ

1373 3466 1505 3508 χρηστόν
1518 3491 1527 3504 ,
1547 3468 1588 3502 ὡς
1615 3465 1651 3495 τὸ
1676 3465 1763 3506 ἔργον
1784 3463 1896 3501 ἔδειξε·
1926 3457 2159 3500 δεξιωσαμένου
2184 3455 2212 3489 δ’
2233 3455 2327 3488 αὑτὸν
2352 3457 2406 3486 τοῦ

1372 3512 1571 3550 Μακεδόνος,
1595 3510 1647 3541 καὶ
1669 3509 1843 3551 πυθομένου
1858 3534 1866 3549 ,
1896 3507 1938 3548 μή
1957 3516 2039 3542 τινος
2064 3505 2131 3546 ἔχοι
2158 3501 2284 3544 χρείαν,
2309 3501 2406 3543 ᾔτησε
