2528 3788
7 3390 54 3788 μαῇψξςκςκαέ
0 3323 3 3356 ’
35 3259 50 3295 „
16 3219 60 3235 ᾗ,

1054 197 1391 260 FRAGMENTA.

2209 226 2283 267 211

143 302 281 356 σεαυτῷ
298 292 412 341 wora
433 303 663 358 συγγράφων,
683 304 743 343 καὶ
760 304 782 343 ἃ
807 303 857 356 μὴ
877 298 976 343 οἶσθα
996 304 1183 356 διηγούμε-
1247 309 1321 349 πῶς
1356 307 1629 358 ἀσυγκατάθετοι
1656 310 1714 348 καὶ
1735 310 1918 356 ἀδόξαστοι
1949 310 2119 362 γενοίμεθ’
2141 311 2203 360 ἄν;
2239 314 2288 351 Ἐἰ

141 373 212 406 νος.
268 361 302 401 T
304 359 317 399 ί
333 359 403 413 γὰρ
424 362 558 413 μᾶλλον
577 362 734 416 ἐνέτυχες
755 364 850 416 αὐτῷ
873 361 933 401 καὶ
954 361 1150 414 διελέχθης,
1167 367 1182 385 ⁰
1247 363 1276 401 δ’
1293 364 1389 403 οὐδὲν
1417 363 1538 416 ὄφελός
1565 367 1639 404 ἔστι
1658 369 1727 405 τῶν
1754 368 1865 420 λόγων
1879 398 1889 416 ,
1909 368 1944 407 τί
1965 371 2048 419 ἡμῖν
2067 372 2276 424 ἐνοχλοῦσιν,

141 417 169 467 ἢ
183 418 225 459 οὗ
244 417 445 474 &elixo-qq
471 420 583 466 Αὐτός
601 437 639 461 τε
660 423 785 467 ἐκεῖνος
809 423 827 460 ὁ
858 420 1058 472 θαυμαστὸς
1086 421 1182 474 Πύῤ-

143 478 212 533 βων
225 506 242 531 ⁹.
255 471 327 532 ἶρά
354 494 395 531 γε
412 479 489 532 ᾔδει
519 480 558 519 τὸ
580 482 637 519 διὰ
659 481 693 519 τί
713 479 849 533 βαδίζοι
869 480 986 519 Πύθια
1006 479 1182 530 θεασόμε-

140 548 224 588 νοςς
243 534 268 586 ἢ
295 537 453 592 καθάπερ
487 541 520 578 οἱ
551 538 746 591 μεμηνότες
779 539 956 577 ἐπλανᾶτο
990 536 1084 576 κατὰ
1116 539 1179 585 τὴν

121 593 252 646 ‚⁶863
283 594 415 637 Ἦνίκα
440 595 478 637 δὲ
509 597 638 651 ἤρξατο
668 596 873 651 κατηγορεῖν
904 598 973 636 τῶν
993 596 1182 650 ἀνθρώπων

140 652 202 695 καὶ
221 657 284 704 τῆς
308 655 448 710 ἀγνοίας
474 657 611 705 αὐτῶν,
640 648 710 709 {poi
726 670 766 707 γε
795 658 915 708 φῶμεν
935 654 1040 694 αὑτὸν
1067 656 1186 703 ἀληθῗκ

141 712 282 768 λέγειν,
302 714 327 764 ἢ
350 714 423 768 {⁴¹53
449 709 540 770 Ἀρά
565 730 606 768 γε
637 714 699 754 καὶ
725 714 783 754 τὸν
804 714 954 766 Τίμωνα
979 718 1102 754 παθεῖν
1121 730 1176 765 τι,

140 773 203 814 καὶ
222 773 501 826 συγκαταθέσθαι
523 778 594 818 τοῖς
611 773 748 825 λόγοις,
768 772 792 820 ἢ
824 772 873 825 μὴ
901 773 1111 826 προσέχειν;
1137 775 1184 812 Εἰ

143 831 209 884 μὲν
226 833 295 887 γὰρ
314 834 379 874 οὐκ
405 832 549 880 ἐπείσθη
557 863 569 883 ,
606 834 680 877 πῶς
710 831 787 871 ἀντὶ
814 837 981 885 χορευτοῦ
1001 832 1187 886 φιλόσοφος

140 892 301 944 ῧγὲνστο,
321 891 383 933 καὶ
407 891 466 932 τὸν
492 891 671 946 Πύῤῥωνα
702 891 875 932 διετέλεσε
895 894 1107 943 θαυμάζων;
1143 893 1185 932 Ei

140 949 179 991 &l
192 951 428 1004 συγκατέθετο
453 954 525 996 τοῖς
550 950 768 1003 λεγομένοις,
792 953 920 995 ἄτοπος
953 950 994 990 ἂν
1022 949 1079 1000 εἴη
1107 967 1182 1002 τις,

141 1008 246 1054 αὐτὸς
265 1011 328 1061 μὲν
358 1010 574 1064 φιλοσοφῶν,
602 1013 694 1061 ἡμᾶς
715 1009 751 1049 δὲ
777 1009 935 1049 κωλύων.
992 1009 1128 1055 Ἁπλῶς
1148 1010 1184 1049 δὲ

140 1067 325 1121 θαυμάσαι
345 1084 397 1114 τις
416 1068 483 1118 ἄν,
505 1069 537 1108 οἱ
572 1068 735 1120 Τίμωνος
770 1068 902 1118 σίλλοι,
936 1068 997 1107 καὶ
1031 1070 1068 1108 αἱ
1094 1068 1186 1108 κατὰ

139 1125 282 1168 πάντων
309 1127 503 1182 ἀνθρώπων
533 1127 780 1182 βλασφημίαι,
803 1128 863 1166 καὶ
891 1128 927 1166 αἱ
949 1127 1058 1167 κακαὶ
1091 1142 1185 1166 στοι-

139 1185 300 1240 χειῶσεις
321 1185 562 1238 Αἰνησιδήμου
579 1217 591 1238 ,
610 1187 670 1226 καὶ
691 1193 760 1232 πᾶς
778 1190 796 1226 ὁ
815 1190 967 1232 τοιοῦτος
990 1186 1093 1240 ὄχλος
1116 1189 1184 1226 τῶν

139 1245 252 1299 λόγων
278 1245 314 1286 τί
353 1246 482 1294 δήποτε
515 1246 680 1300 βούλεται
709 1247 840 1291 αὐτοῖς.
927 1247 974 1287 Εἰ
1013 1247 1078 1298 μὲν
1116 1246 1183 1301 γὰρ

140 1304 292 1358 οἰόμενοι
307 1306 483 1359 κρείττους
500 1309 595 1358 ἡμᾶς
616 1306 902 1360 ἀπεργάσεσθαι,
922 1309 1035 1345 ταῦτα
1056 1308 1185 1360 γεγρά-

139 1379 252 1418 φασι,
277 1365 338 1404 καὶ
360 1364 418 1404 διὰ
437 1367 540 1404 τοῦτο
571 1367 705 1410 πάντας
736 1364 868 1404 οἴονται
900 1364 971 1402 δεῖν
999 1364 1155 1416 ἐλέγχειν
1170 1394 1181 1413 ,

135 1422 234 1471 ’ὅπως
266 1423 486 1475 παυσώμεθα
520 1425 775 1478 φλυαροῦντες,
809 1423 993 1476 βούλονται
1022 1423 1182 1471 δηλονότι

137 1481 204 1532 τὴν
218 1482 385 1532 ἀλήθειαν
401 1486 497 1536 ἡμᾶς
510 1482 637 1523 εἰδέναι
646 1513 656 1531 ,
670 1483 732 1522 καὶ
748 1482 956 1530 ὑπολαὸεῒν,
969 1480 1021 1521 ὅτι
1038 1486 1185 1522 τοιαῦτα

136 1541 190 1592 εἴη
212 1541 258 1582 τὰ
275 1542 490 1596 πράγματα,
518 1540 678 1594 καθάπερ
712 1542 801 1587 ἀξιοῖ
837 1540 1003 1595 Πύρρων.
1074 1539 1186 1580 Ὥστε

136 1605 172 1643 εί
189 1601 416 1652 πεισθείημεν
441 1601 569 1649 αὗτοῖς,
591 1601 632 1639 ἐκ
651 1601 818 1653 χειρόνων
840 1600 997 1652 βελτίους
1010 1599 1052 1638 ἂν
1073 1601 1183 1652 γενοί-

139 1659 451 1714 uelim-xpiane<
477 1660 522 1700 τὰ
545 1659 822 1713 συμφορώτερα,
851 1659 911 1698 καὶ
939 1658 1018 1703 τοὺς
1040 1658 1184 1710 ἄμεινον

134 1719 305 1774 λέγοντας
324 1718 592 1771 ἀποδεξάμενοι.
652 1721 736 1763 Πῶς
753 1711 812 1758 οὖν
836 1718 890 1756 ἐπ’
910 1717 989 1766 ἴσης
1007 1718 1178 1772 ἀδιάφορα

137 1784 185 1825 τὰ
206 1784 403 1838 πράγματα
419 1811 432 1834 ,
458 1783 519 1823 καὶ
547 1783 752 1835 ἀνεπίκριτα
773 1782 903 1822 δύναιτ’
923 1782 964 1820 ἄν
985 1776 1098 1830 εἷναις
1122 1782 1184 1821 καὶ

132 1930 364 1976 rernpraesens
393 1932 592 1974 praesentem
614 1931 688 1972 jure
714 1930 763 1963 sic
781 1929 956 1971 compellet
983 1938 991 1958 τ
1013 1930 1094 1971 quid
1110 1930 1179 1971 ipse

58 2006 67 2010 ’·
130 1987 195 2026 'tihi
208 1991 310 2026 homo
327 1999 488 2034 nequam,
506 1990 666 2023 molestus
685 1998 739 2030 es,
759 1989 837 2022 dum
853 1989 917 2022 ista
945 1988 1062 2021 scribis
1081 1998 1184 2030 caque

133 2046 392 2090 memoras,
421 2057 496 2092 quae
515 2048 645 2082 nescis?
671 2049 738 2082 Gur
768 2048 856 2081 enim
883 2047 914 2081 ei
931 2047 1124 2090 occurristi,
1149 2050 1184 2082 et

137 2118 198 2144 cur
229 2118 414 2144 sermonem
454 2117 530 2142 cum
561 2117 600 2142 eo
629 2107 797 2141 contulisti
824 2107 952 2150 potius,
983 2115 1082 2149 quam
1118 2116 1183 2140 non

136 2166 328 2206 contulisti?
343 2168 408 2202 Sed
423 2167 573 2211 egregius
587 2167 641 2201 ille
654 2168 734 2201 tuus
747 2166 873 2208 Pyrrho
891 2166 1012 2200 satisne
1024 2175 1183 2210 quorsum

134 2228 178 2263 ad
192 2228 312 2272 Pythia
325 2226 500 2271 spectanda
515 2227 663 2270 pergeret
693 2225 763 2268 ipse
778 2227 899 2259 norat?
915 2235 957 2259 an
985 2225 1183 2259 furiosorum

136 2293 228 2319 more
241 2284 275 2319 in
289 2283 345 2319 via
367 2285 491 2318 temere
509 2283 712 2326 vagabatur?
739 2283 830 2316 Idem
853 2291 934 2316 vero
951 2291 1055 2324 quum
1070 2282 1105 2315 et
1127 2282 1183 2314 ho-

43 2336 50 2343 ‘
70 2335 73 2341 ’
135 2344 241 2381 mines
253 2344 290 2378 et
312 2341 483 2376 hominum
500 2342 716 2385 ignorantiam
738 2350 894 2375 accusare
910 2341 1010 2384 coepit
1021 2367 1031 2383 ,
1049 2341 1183 2374 illumne

130 2409 213 2441 m
228 2402 406 2447 {indicare
430 2402 597 2444 dicemus,
631 2411 691 2436 uec
712 2405 777 2435 ne?
800 2404 902 2435 Porro
921 2401 1092 2434 Timonem
1109 2400 1182 2442 eius

129 2461 280 2497 ‘munuc
319 2463 520 2496 commotum
560 2461 837 2494 contendemusne
876 2459 933 2494 isti
967 2460 1183 2502 astipulatum

133 2523 226 2564 use,
243 2530 286 2555 an
301 2529 416 2555 aurem
445 2530 511 2553 non
534 2520 796 2563 praebuisse?·Si
819 2519 908 2553 enim
934 2518 1034 2552 fidem
1059 2518 1184 2551 homini

37 2554 57 2619 ,ί
75 2582 78 2586 ’
107 2610 110 2613 .
135 2590 202 2617 mn
219 2580 352 2622 habuit,
371 2580 430 2624 qul
446 2581 581 2615 tandem
601 2580 709 2615 evasit
727 2590 746 2614 e
761 2580 919 2614 saltatore
936 2579 1155 2622 philosophus
1171 2603 1179 2619 ,

135 2641 172 2676 ot
184 2648 245 2676 eur
257 2640 461 2684 Pyrrhonem
477 2643 637 2684 perpetuo
654 2640 838 2674 admiratus
854 2642 933 2673 est?
966 2638 1095 2678 Quodsi
1112 2636 1184 2680 ejus

134 2698 247 2736 whi-
259 2700 371 2735 album
392 2699 554 2734 caleulum
570 2699 711 2742 adiecit,
727 2699 846 2742 ineptit
865 2698 1029 2741 profecto,
1048 2698 1106 2739 qui
1123 2707 1183 2731 nos

133 2761 216 2796 dum
246 2759 510 2805 philosophatur,
545 2759 768 2803 philosophari
802 2759 986 2801 prohibeat.
1043 2757 1184 2791 Omnino

134 2812 434 2865 fflim'l'imonis
459 2819 526 2854 silli
541 2821 574 2854 et
594 2819 695 2862 iactae
712 2819 744 2852 in
770 2817 961 2852 universum
987 2826 1090 2860 genus
1116 2817 1182 2850 liu-

19 2868 70 2933 ³7:³³.
122 2867 270 2916 'm
302 2878 529 2920 contumeliae,
559 2880 595 2913 et
618 2877 740 2912 tradita
766 2876 969 2910 AEnesidemi
999 2875 1183 2919 perniciosa

46 2938 63 2948 ¹
128 2932 199 2974 ‘hh
212 2938 419 2980 rudimenta,
440 2940 476 2973 et
488 2941 560 2973 tota
584 2937 832 2972 illaverborum
860 2934 1026 2978 congeries
1045 2934 1110 2968 sibi
1129 2943 1183 2968 ve-

133 2991 336 3051 nsmirum
347 2998 423 3042 jure
436 2999 578 3042 cuipiam
598 2991 762 3032 videatur.
808 2998 842 3030 Si
870 2997 958 3030 enim
970 2996 1093 3030 idcirco
1110 2996 1183 3029 baec

134 3055 354 3101 mut,
374 3057 453 3100 qnia
466 3067 527 3091 nos
545 3058 588 3091 ad
618 3058 745 3098 frugem
775 3055 971 3097 compellere
999 3063 1095 3096 posse
1118 3053 1183 3088 sibi

12 3126 17 3136 “
48 3091 58 3151 Γ
120 3113 336 3159 ’,Μὴ
353 3118 454 3159 atque
467 3126 508 3151 eo
535 3116 670 3150 consilio
686 3124 800 3149 omnes
818 3114 882 3147 sibi
897 3113 1182 3156 reprehendendos

70 3213 74 3215 ,
134 3174 326 3219 munt
341 3176 454 3218 nugari
466 3175 599 3209 tandem
614 3175 802 3209 desinamus
813 3199 821 3214 ‚
838 3173 992 3206 nimirum
1009 3172 1182 3205 veritatem

137 3230 300 3276 ’σομίίιηι
312 3243 372 3268 nos
385 3234 506 3269 babere
523 3235 649 3275 volunt,
665 3236 765 3276 atquc
783 3234 972 3267 existimare
984 3256 992 3272 ‚
1011 3231 1093 3264 tales
1109 3240 1183 3264 esse

135 3295 191 3328 r·
202 3316 212 3334 ‚
225 3293 340 3336 quales
353 3293 480 3336 Pyrrho
495 3294 674 3328 statuebat.
719 3295 835 3334 ltaque
848 3292 876 3325 si
890 3291 970 3334 ipsis
985 3290 1179 3329 credamus,

137 3352 159 3386 σ
177 3351 398 3388 ductoribus
421 3353 575 3388 meliores
603 3353 799 3393 efficiamur,
832 3352 912 3384 dum
939 3352 974 3384 et
1001 3350 1121 3382 melius
1139 3349 1182 3382 de

138 3409 328 3454 rebusipsis
341 3411 562 3453 iudicabimus
582 3415 618 3446 et
641 3412 771 3446 saniora
800 3411 973 3453 loquentes
994 3408 1177 3442 audiemus.

139 3471 224 3510 Qun
237 3471 341 3513 quum
357 3470 404 3506 lta
417 3471 484 3507 sint
492 3496 505 3514 ,
516 3471 574 3516 qni
589 3472 725 3506 tandem
745 3470 857 3505 onmia
879 3477 974 3512 aeque
992 3467 1180 3511 promiscua

1244 422 1266 470 ἢ
1287 423 1344 462 διὰ
1364 423 1398 462 τί
1417 423 1541 475 Τίμων
1563 425 1680 477 φησίν.
1706 425 1718 448 ¹

1329 524 1398 556 Οὐκ
1413 524 1451 556 ἂν
1464 523 1503 563 δὴ
1521 523 1669 568 Πύρῤωνί
1686 525 1714 566 γ’
1735 525 1863 568 ἐρίσειεν
1886 529 1994 569 βροτὸς
2007 529 2114 565 ἄλλος.
2133 529 2135 533 ’

1245 613 1296 651 Οὐ
1316 611 1383 665 γὰρ
1417 614 1551 664 μᾶλλον
1583 613 1766 667 Πύῤῥωνα
1792 616 1970 667 θαυμάσαι
2002 632 2051 660 τις
2081 617 2143 665 ἄν,
2174 617 2197 664 ἢ
2230 617 2284 655 τὸν

1248 672 1405 725 Κόρυδον
1425 678 1441 702 ⁸
1468 673 1598 714 ἐκεῖνον
1613 703 1623 723 ,
1644 672 1666 721 ἢ
1683 674 1741 712 τὸν
1760 675 1949 724 Μελιτίδην
1967 707 1977 725 ,
1996 675 2014 699 ¹¹
2033 676 2068 715 οἳ
2089 675 2130 724 δὴ
2151 678 2281 717 δοκοῦσι

1247 732 1363 785 μωρίᾳ
1379 733 1578 784 διενεγκεῖν.
1597 731 1844 784 Ἐνθυμεῖσθαι
1860 734 1977 785 μέντοι
1994 735 2063 789 χρὴ
2082 736 2142 775 καὶ
2160 741 2282 775 ταῦτα.

1246 790 1389 836 Ὁποῖος
1408 791 1478 843 γὰρ
1497 790 1538 830 ἂν
1556 791 1689 843 γένοιτο
1711 793 1874 842 πολίτης,
1893 794 1915 841 ἢ
1937 795 2103 842 δικαστής
2118 825 2128 845 ,
2150 795 2173 842 ἢ
2192 795 2284 845 σύμ-

1247 849 1388 900 ὅουλος,
1423 849 1446 897 ἢ
1477 850 1573 904 φίλος
1587 879 1598 900 ,
1632 850 1655 898 ἢ
1677 851 1795 896 ἁπλῶς
1830 854 1938 891 εἰπεῖν
1975 852 2174 906 ἄνθρωπος,
2195 853 2217 894 ὅ
2250 870 2289 906 γε

1247 913 1420 956 τοιοῦτοςς
1448 908 1471 956 ἢ
1492 908 1525 947 τί
1544 912 1614 948 τῶν
1634 913 1752 949 κακῶν
1774 912 1813 950 οὐ
1834 911 2041 962 τολμήσειεν
2071 912 2110 951 ἂν
2142 916 2160 952 ὃ
2181 913 2291 963 μηδὲν

1250 969 1296 1011 ὡς
1317 968 1455 1015 ἀληθῶς
1483 968 1639 1019 οἰόμενος
1658 963 1746 1008 εἶναι
1775 970 1884 1009 κακόν
1901 1000 1912 1021 ,
1934 970 1957 1017 ἢ
1986 972 2130 1023 αἰσχρόν
2144 1001 2154 1019 ,
2187 971 2210 1020 ἢ
2232 971 2292 1010 δί-

1246 1041 1358 1074 καιον,
1377 1025 1400 1074 ἢ
1419 1026 1558 1079 ἄδικον;
1573 1027 1666 1068 Οὐδὲ
1683 1028 1750 1081 γὰρ
1768 1030 1881 1068 ἐκεῖνο
1896 1028 1981 1082 φαίη
1998 1045 2047 1073 τις
2069 1030 2124 1077 ἄν,
2145 1029 2198 1068 ὅτι
2214 1029 2292 1073 τοὺς

1246 1085 1370 1136 νόμους
1384 1087 1703 1140 δεδοίκασικριτάς,
1726 1090 1786 1127 καὶ
1808 1089 1868 1133 τὰς
1882 1088 2052 1141 τιμωρίας
2074 1091 2104 1127 οἱ
2121 1093 2285 1129 τοιοῦτοι.

1252 1147 1334 1190 Πῶς
1352 1144 1420 1197 γὰρ
1442 1144 1476 1184 οἵ
1492 1161 1531 1198 γε
1553 1147 1698 1190 ἀπαθεῖς
1718 1147 1778 1185 καὶ
1800 1146 1972 1201 ἀτάραχοι
1984 1178 1993 1196 ,
2011 1147 2171 1199 καθάπερ
2189 1146 2286 1185 αὐτοί

1248 1220 1374 1257 φασιν,
1393 1204 1487 1249 ὄντες
1502 1218 1514 1256 3
1536 1203 1557 1243 ὅ
1570 1205 1610 1257 γέ
1627 1221 1680 1245 τοι
1699 1205 1823 1256 Τίμων
1840 1205 1850 1230 ¹
1884 1211 1995 1245 ταῦτα
2015 1206 2075 1244 καὶ
2091 1206 2184 1259 λέγει
2203 1205 2282 1257 περὶ

1246 1268 1305 1304 τοῦ
1324 1263 1525 1318 Πύῤῥωνος·

1329 1371 1396 1404 ἀλλ’
1416 1371 1482 1404 οἷον
1496 1370 1511 1394 k
1529 1371 1565 1404 τὸ
1585 1371 1701 1412 ἄτυφον
1715 1371 1795 1413 ἐγνὼ
1810 1372 1878 1404 ’ίδον
1896 1372 1946 1411 ἠδ’
1960 1373 2146 1414 ἀδάμαστον
2162 1375 2169 1398 ¹

1329 1422 1426 1452 πᾶσιν
1444 1419 1530 1456 ὅσοις
1552 1421 1708 1459 δαμνᾶται
1723 1444 1733 1459 ,
1754 1419 1809 1461 ἅμ’
1823 1419 1967 1462 ἀῤῥήτοις
1986 1414 2019 1453 τε
2037 1424 2143 1462 φατοῒς
2160 1432 2192 1453 τε

1331 1467 1416 1499 λαῶν
1431 1466 1519 1499 ἔθνεα
1538 1471 1642 1508 κοῦφα
1663 1467 1848 1509 βαρυνόμεν’
1864 1468 1935 1499 ἔνθα
1950 1469 2002 1499 καὶ
2018 1468 2090 1500 ἔνθα

1329 1513 1364 1544 ἐκ
1380 1514 1504 1546 παθέων
1524 1514 1612 1553 δόξης
1625 1525 1658 1546 τε
1677 1514 1730 1546 καὶ
1750 1514 1869 1553 εἰκαίης
1883 1515 2075 1557 νομοθήκης.

1248 1606 1405 1648 Ὁπόταν
1429 1607 1548 1659 μέντοι
1582 1611 1673 1661 φῶσι
1694 1608 1733 1648 τὸ
1764 1609 1870 1661 σοφὸν
1905 1609 1946 1656 δὴ
1967 1612 2094 1657 τοῦτο,
2128 1610 2180 1647 ὅτι
2213 1609 2284 1649 δέοι

1252 1668 1578 1706 κατακολουθοῦντα
1611 1667 1711 1720 φύσει
1744 1668 1895 1712 καὶτοῖς
1930 1668 2019 1708 ἔθεσι
2042 1671 2126 1717 ζῆν,
2160 1670 2285 1720 μηδενὶ

1252 1724 1370 1775 μέντοι
1390 1726 1726 1776 συγκατατίθεσθαι,
1753 1727 1844 1767 πάνυ
1859 1728 1948 1772 τινές
1968 1730 2052 1766 εἰσιν
2071 1728 2217 1775 εὐήθεις.
2244 1730 2287 1768 Εἴ

1249 1783 1317 1836 γὰρ
1338 1785 1462 1836 μηδενὶ
1492 1786 1588 1839 ἄλλῳ
1602 1817 1613 1836 ,
1637 1787 1750 1839 τούτῳ
1768 1792 1850 1838 γοῦν
1881 1790 1974 1841 αὐτῷ
1996 1787 2066 1826 δέοι
2088 1787 2128 1826 ἂν
2159 1804 2292 1838 συγκα-

1243 1932 1278 1964 et
1303 1931 1480 1973 injudicata
1498 1941 1570 1964 esse
1593 1936 1738 1974 queant?
1769 1935 1827 1966 aut
1853 1933 2018 1974 quomodo
2046 1933 2093 1966 ita
2123 1942 2184 1965 nos
2203 1941 2294 1973 gera-

1243 2000 1319 2023 mus
1329 2014 1339 2031 ,
1354 1992 1391 2025 ut
1404 1991 1525 2025 nemini
1538 1992 1768 2034 assentiamur,
1785 2001 1891 2034 neque
1903 1992 2082 2034 quidquam
2098 1993 2292 2034 opinemur?

1246 2053 1286 2083 At
1302 2060 1380 2084 vero
1394 2052 1423 2084 si
1440 2051 1521 2084 nillil
1550 2054 1686 2094 prosunt
1705 2051 1779 2085 istoe
1806 2051 2064 2094 disputationes,
2090 2061 2148 2085 cur
2164 2051 2294 2084 molesti

1243 2110 1336 2143 nobis
1356 2112 1456 2144 sunt?
1477 2113 1535 2143 aut
1553 2111 1768 2153 quamobrem
1786 2112 1904 2144 Timon
1919 2111 1987 2145 ait:

1317 2195 1397 2224 Cum
1411 2195 1574 2231 Pyrrhone
1595 2195 1763 2224 hominum
1774 2196 1873 2232 possit
1888 2195 2074 2224 contendere
2089 2203 2191 2224 nemo.

1242 2271 1308 2303 Nec
1323 2270 1410 2303 enim
1427 2280 1535 2304 causae
1554 2271 1734 2313 quidquam
1753 2273 1867 2312 suerit,
1891 2281 1950 2304 cur
1968 2271 2170 2313 Pyrrhonem
2182 2271 2293 2314 potius

1243 2328 1452 2370 admit-eamr,
1487 2339 1587 2372 quam
1604 2332 1663 2364 aut
1692 2331 1858 2373 Corybum
1887 2330 1980 2363 illum
2007 2332 2064 2364 aut
2088 2330 2268 2364 Melitidem
2282 2357 2290 2371 ,

1243 2388 1299 2430 qui
1318 2388 1457 2423 stultitia
1475 2390 1630 2423 videntur
1646 2389 1850 2423 inclaruisse.
1871 2389 1934 2423 Sed
1946 2390 2026 2423 illud
2045 2399 2186 2433 quoque,
2205 2391 2290 2432 quod

1242 2448 1361 2489 dicam,
1393 2448 1667 2482 considerandum
1683 2451 1745 2482 est.
1818 2450 1901 2482 Nam
1922 2449 1980 2490 qui
2009 2449 2084 2482 talis
2103 2449 2158 2487 sit,
2181 2449 2290 2490 qualis

1243 2507 1315 2548 ille,
1333 2516 1466 2549 quaeso,
1485 2508 1584 2548 civis,
1607 2510 1663 2541 aut
1678 2508 1801 2550 judex,
1820 2510 1878 2540 aut
1901 2507 2119 2547 consiliarius,
2143 2510 2199 2541 aut
2213 2508 2291 2541 ami-

1243 2576 1303 2600 cus
1318 2592 1326 2608 ,
1349 2570 1406 2599 aut
1424 2566 1567 2609 denique
1593 2567 1692 2599 homo
1721 2567 1855 2600 futurus
1871 2569 1947 2600 est?
1971 2567 2024 2599 vel
2052 2576 2129 2608 quae
2151 2566 2289 2600 facinora

1243 2635 1307 2659 non
1328 2625 1464 2659 audebit
1481 2626 1534 2668 qui
1562 2625 1644 2659 nihil
1668 2635 1746 2659 vere
1762 2626 1936 2659 honestum
1956 2627 2015 2659 aut
2030 2628 2148 2668 turpe,
2168 2626 2224 2668 qui
2239 2627 2289 2668 Ju-

1243 2687 1330 2719 stum
1349 2694 1423 2718 esse
1447 2685 1527 2718 nihil
1558 2687 1618 2718 aut
1647 2685 1807 2728 inJ'ustum
1838 2684 2051 2727 opinabitur?
2078 2687 2191 2727 Neque
2205 2685 2289 2718 enim

1242 2743 1415 2786 quisquam
1445 2743 1676 2784 affirmaverit,
1717 2743 1807 2777 istud
1838 2743 2008 2777 hominum
2042 2753 2144 2785 genus
2182 2743 2289 2786 legum

1242 2803 1473 2836 auctoritatem
1487 2804 1522 2837 et
1544 2812 1660 2846 poenas
1686 2803 1909 2837 extimescere.
1956 2803 2129 2840 Quomodo
2152 2803 2238 2836 enim
2258 2804 2288 2836 in

1242 2872 1298 2896 eos
1316 2865 1424 2896 metus
1445 2862 1565 2904 cadat,
1586 2862 1693 2905 quise
1720 2862 1761 2895 ab
1789 2862 1878 2895 omni
1910 2862 2010 2895 animi
2042 2861 2288 2904 perturbatione

1242 2931 1364 2956 vacuos
1387 2923 1422 2956 et
1445 2922 1625 2965 intrepidos
1641 2922 1845 2965 praedicanti‘
1863 2923 1946 2956 Nam
1963 2921 2003 2954 de
2029 2921 2196 2964 Pyrrhone
2221 2921 2290 2963 qui-

1241 2983 1317 3017 dem
1333 2983 1404 3016 haec
1417 2983 1506 3016 canit
1523 2983 1639 3016 Timon
1660 2995 1668 3015 :

1312 3067 1365 3095 sed
1375 3067 1502 3104 quatem
1514 3075 1571 3103 eqo
1585 3066 1651 3095 vidi
1666 3066 1840 3095 modestum
1851 3066 2106 3103 indomitumque

1313 3113 1459 3143 omnibus
1477 3113 1519 3142 iis
1531 3113 1646 3151 quibus
1665 3113 1849 3147 domantur.
1871 3113 1973 3142 simul
1985 3113 2126 3142 tacendis
2138 3116 2168 3142 et
2185 3110 2287 3142 dicen-

1313 3161 1392 3189 leves
1407 3161 1571 3190 hominum
1583 3160 1725 3190 nationes
1737 3160 1866 3197 aqitatae
1877 3161 1962 3190 ultro
1978 3161 2115 3197 citroque
2212 3160 2289 3197 [dis‚

1313 3207 1571 3238 commotionibus
1582 3229 1590 3244 ‚
1607 3208 1711 3245 aleria
1730 3210 1759 3237 et
1777 3211 1889 3237 temere
1907 3207 2031 3245 scriptis
2050 3207 2180 3245 teyibus.

1240 3288 1351 3326 Quum
1364 3289 1476 3320 autem
1488 3287 1684 3329 praeclarum
1701 3287 1783 3320 illud
1794 3288 1962 3329 sapientiae
1980 3288 2178 3329 praeceptum
2196 3285 2284 3325 dant,

1240 3347 1360 3382 debere
1380 3356 1646 3390 unumquemque
1660 3350 1813 3380 nostrum
1840 3350 1969 3380 naturae
1984 3349 2017 3379 et
2038 3346 2188 3379 moribus
2208 3354 2282 3377 con-

1240 3406 1406 3440 venienter
1422 3406 1585 3441 viventem
1601 3406 1722 3440 nemini
1738 3406 1927 3448 astipulari,
1940 3403 2133 3439 stultissime
2151 3403 2283 3435 faciunt⁴

1242 3467 1324 3499 Nam
1334 3467 1371 3499 ut
1387 3466 1516 3500 caeteris
1529 3465 1681 3500 omnibus
1697 3474 1762 3499 non
1775 3464 1941 3505 credatur,
1956 3463 2034 3498 huic
2048 3465 2157 3496 tamen
2171 3469 2267 3495 neces

2112 3527 2159 3555 14.
