2528 3788
111 312 167 340 ι
208 334 210 336 .
242 301 299 354 ὄν,
313 300 396 356 φὰς
420 298 505 340 αὖτο
531 299 697 354 ἀγένητον
731 297 1011 354 ἀναμφιλέκτως.

165 351 199 423 '3²
231 359 327 403 ὀῦιι
356 359 422 414 ἔφη
440 353 531 399 εἶναι
556 361 606 413 τῷ
630 358 715 399 ὄντι·
732 356 901 421 ἐτρέπετο
922 356 989 410 γὰρ
1021 355 1075 396 ἄν·
1096 356 1221 411 τρεπό-

116 452 123 468 ,.
143 421 217 470 Ᾰ,ψ”
245 436 286 462 ον
301 419 338 460 δὲ
367 420 431 459 οὐκ
450 413 492 468 ἦν
520 417 644 458 ἀΐδιον.

116 457 153 499 ⁴?
150 503 179 535 e
188 470 219 511 ἰᾷ
238 479 281 521 τὸ
294 478 332 520 ὃν
352 477 494 523 πάντως
513 477 629 524 πάντη
663 475 774 516 ἀΐδιόν
794 475 833 515 τέ
858 476 933 515 ἐστι
954 475 1014 513 καὶ
1036 473 1222 527 ἄτρεπτον,

127 554 156 582 ’ἑ
168 522 186 601 J:
202 559 213 568 ’·
259 539 419 591 οὐδαμῶς
443 538 590 612 οὐδαμῆ
611 536 836 588 ἐξιστάμενον
856 534 892 581 ἐξ
911 536 1049 583 ἑαυτοῦ,
1072 534 1169 585 με’νει
1189 533 1225 573 δὲ

1065 654 1111 693 Εἰ
1136 653 1171 692 δὲ
1187 652 1227 691 τὸ

268 715 367 772 ῥεῖ
380 715 442 756 καὶ
460 714 603 790 φέρεται
621 713 690 754 υπὸ
708 729 769 761 της
788 712 886 757 εὐθυς
907 712 1120 765 μεταὸολῆς,
1141 715 1229 752 ἀπο-

286 800 292 809 ι
330 774 428 814 ικαὶ
441 775 505 814 οὐκ
516 773 624 815 ἔστιν.
679 769 790 813 ’Ὅθεν
805 775 844 812 06
859 771 973 820 πολλὴ
990 772 1133 824 μανία
1125 771 1174 820 ιιὴ
1191 774 1226 811 οιῖ·

269 860 275 870 ·
294 829 404 876 ε’ίναι
431 833 568 889 ὁριστόν
602 835 636 884 ¹¹,
669 831 748 884 δόξῃ
767 831 803 871 δὲ
835 831 923 884 μόνῃ
946 831 1136 880 δοξαστόν,
1169 831 1229 871 κα.

133 931 149 939 ,,
231 898 328 951 ,φησι
347 894 526 946 Πλάτων,
542 892 743 947 γινόμενονι
761 893 821 932 καὶ
843 891 1102 967 ἀπολλύμενον,
1121 890 1230 936 ὄντω-

113 947 139 957 ⁶
187 952 199 1004 J
231 953 395 998 οὗδίποτε
408 953 460 996 ὄν.
480 955 605 994 Ταῦτα
616 953 679 1003 μὲν
696 954 715 992 ὁ
734 951 977 1004 Νουμήνιος,““
963 956 1049 1004 ομοῦ
1061 951 1107 991 τὰ
1126 950 1228 991 Πλά-

91 1028 99 1036 ²
119 1002 135 1065 ῗ
185 1013 226 1035 Μ’
251 1031 305 1069 ος,
333 1017 395 1059 καὶ
419 1017 509 1057 πολὺ
535 1015 702 1071 πρότερον
731 1015 775 1054 τὰ
798 1014 1001 1060 Μωσέως’
986 1030 1045 1053 επι
1066 1013 1105 1053 τὸ
1124 1013 1229 1067 σαφὲς

98 1079 106 1086 ”
103 1061 428 1154 48ιερμηνευων
485 1075 644 1121 Εἰκότως
669 1077 757 1123 δῆτα
785 1076 833 1120 εἷς
859 1075 945 1114 αὐτὸ
971 1075 1081 1114 ἐκεῖνο
1100 1076 1141 1114 τὸ
1166 1073 1230 1113 λό-

143 1132 254 1209 γιον
273 1137 518 1193 περιφέρεται,
545 1136 587 1175 δι’
620 1129 658 1175 οὗ
680 1133 786 1189 φάναι
807 1133 1082 1185 μνημονεύεται,
1107 1133 1141 1172 τί
1160 1132 1228 1185 γάρ

143 1193 257 1240 ἔστι
275 1197 445 1249 Πλάτων,
468 1195 490 1245 ἢ
513 1197 649 1243 Μωσης
670 1193 876 1243 ἀττικίζων,

149 1260 154 1261 ’
234 1256 448 1312 (Eusebius
470 1253 959 1308 Praepa1·at.Evang.lib.
986 1253 1040 1292 XI
1072 1267 1143 1306 cap
1184 1267 1228 1291 10

182 1317 331 1361 ἀπὸτοῦ
359 1316 390 1370 β’
419 1315 499 1370 περὶ
530 1317 706 1368 τάγαθοῦ,
738 1314 941 1366 Νουμηνίου
973 1316 1033 1353 τοῦ
1064 1315 1224 1366 Πυθαγο-

183 1376 291 1432 ριίου.
312 1375 500 1416 Praecedit
523 1382 640 1428 caput
660 1373 708 1412 de
722 1382 810 1412 ente
832 1387 881 1412 ex
900 1373 1019 1412 Mosis
1041 1373 1226 1412 Platonis-

181 1449 260 1488 que
286 1436 490 1490 praeceptis
515 1434 785 1487 compositum,
813 1433 920 1485 quod
951 1433 1145 1472 Eusebius
1176 1434 1228 1472 sic

182 1495 358 1535 claudit.
378 1493 440 1534 καὶ
459 1491 519 1533 ἵνα
538 1509 579 1547 γε
600 1492 649 1544 μή
670 1508 721 1537 τις
737 1495 833 1544 ἡμᾶς
853 1491 1129 1546 παρερμηνεύειν
1146 1491 1229 1545 ἡγή-

185 1569 292 1602 σηται
310 1553 373 1600 τὰς
396 1556 459 1594 τοῦ
479 1551 667 1607 φιλοσόφου
687 1552 822 1605 φωνάς,
849 1551 1082 1602 ὑπομνήμασι
1101 1551 1233 1605 χρήσο-

28 1618 31 1629 '
124 1635 127 1637 >
166 1619 305 1711 spen&
275 1612 384 1651 τῶνδε
397 1614 468 1652 τῶν
483 1610 595 1663 λόγοιν
609 1609 673 1658 τὴν
684 1609 836 1648 διάνοιαν
852 1609 1066 1662 ἐκφαίνουσι.
1085 1608 1233 1653 Πλείους

144 1664 305 1725 utve&
304 1687 323 1710 ν
340 1671 388 1716 εἷς
403 1670 466 1719 τὴν
493 1668 624 1709 τούτων
650 1668 908 1725 ἐπιὸεὸλήκασι
925 1668 1084 1718 θεωρίαν·
1102 1667 1178 1719 ἐμοὶ
1199 1669 1230 1706 δ’

206 647 303 698 Ὑπὸ
332 659 376 711 τῇ
395 655 512 704 νοήσει
537 656 626 707 μετὰ
652 654 757 707 λόγου
782 653 1009 706 περιληπτόν.

28 1750 121 1788 ἲ
88 1794 126 1849 ζ’
160 1788 362 1845 θαγορείου
380 1787 600 1844 παραθέσθαι
627 1786 756 1837 λέξεις,
786 1787 826 1832 ἃς
853 1789 889 1826 ἐν
907 1789 958 1826 τῶ
975 1787 1055 1840 περὶ
1076 1788 1230 1838 τάγαθοῦ

147 1847 332 1911 ³8⁸⁸)er
362 1848 617 1904 συγγράμματι
635 1839 704 1887 ὧδέ
731 1862 782 1895 πη
810 1846 984 1892 διέξεισιν.
1019 1846 1199 1898 Scripsi.
1190 1861 1197 1868 ·
1216 1852 1233 1869 Β

147 1895 262 1957 ι’ἑιιῦτε
274 1908 362 1950 ’ποτὲ
380 1908 431 1961 μὴ
450 1907 617 1961 γένηται]
635 1921 724 1946 cum
742 1906 865 1956 codd3
883 1907 931 1946 de
948 1907 1020 1945 hac
1039 1915 1092 1944 st1
1096 1914 1233 1944 uetula

0 1950 3 1951 γ
27 1989 95 2012 ι
69 2011 76 2014 ,
149 1969 277 2010 ‘'wde
295 1967 512 2008 Bernhardi
527 1966 690 2018 Syntax.
714 1978 755 2019 p
776 1967 852 2016 394
875 1979 958 2018 seq.
979 1989 1031 1994 —
1046 1966 1062 1989 b
1083 1964 1236 2016 συμὸου-

27 1887 33 1914 ,¹

0 2023 5 2066 s
28 2055 69 2071 „2
95 2007 120 2067 ᾗ·
131 2038 133 2041 “
148 2027 294 2084 ζ’ᾣιῦω]
317 2043 408 2069 cum
427 2027 544 2067 codd.
570 2026 790 2080 plerisque3
816 2026 880 2064 alii
906 2025 1052 2064 habent
1073 2024 1235 2079 συμὸού-
1264 2041 1269 2089 Ι
1299 2027 1370 2079 χρὴ
1387 2025 1537 2077 νομίζειν
1554 2025 1739 2080 ίπατέρα,
1759 2025 1818 2064 τὸν
1838 2027 1977 2078 πρῶτον
1994 2023 2085 2065 θεόν.

194 2128 258 2137 ..υ-

27 2206 29 2213 ⁴
91 2163 93 2166 ¹
110 2167 123 2186 ⁸
172 2179 237 2215 vbis
254 2178 351 2222 paulo
369 2177 529 2222 posthinc
544 2176 714 2219 subjungit
732 2189 741 2209 ι
761 2186 821 2209 ens
834 2176 1059 2219 incorporeum
1076 2176 1239 2219 dixerunt,

185 2238 301 2291 utpote
315 2237 378 2272 sub
394 2234 640 2278 intelligentiam
659 2235 790 2268 cadens
835 2237 944 2278 Atque
965 2235 1038 2268 haec
1055 2238 1143 2277 sunt,
1165 2245 1241 2278 quae

107 2327 110 2334 2
184 2298 259 2333 tm
272 2297 441 2342 disputata
458 2305 532 2343 esse
543 2294 690 2329 memini.
735 2295 768 2328 Si
781 2295 856 2337 quis
873 2297 984 2328 autem
1001 2295 1146 2329 Platonis
1162 2305 1239 2329 ora-

87 2342 107 2354 ,‚
155 2346 161 2376 Ῐ
185 2354 312 2392 tbnem
336 2355 505 2400 requirat,
534 2354 634 2397 hujus
659 2354 807 2388 animum
828 2355 1058 2397 permulceho,
1094 2355 1150 2388 ubi
1177 2355 1241 2389 lioc

154 2413 162 2422 '
175 2415 316 2453 'tantum
329 2424 497 2457 monuero,
511 2423 587 2458 quae
600 2415 673 2447 loco
682 2413 738 2447 illo
751 2414 971 2456 disputantur.
984 2424 1022 2448 ea
1039 2415 1067 2448 si
1079 2414 1186 2447 minus
1204 2415 1242 2449 in

162 2582 274 2636 usse,
286 2591 447 2637 qualem
465 2592 686 2635 Pythagoram
714 2592 820 2626 fuisse
852 2592 986 2625 dixeris.

154 2647 312 2688 ‘³⁴:fflo
304 2662 388 2696 ·age
406 2652 600 2694 nune,e1us
625 2652 727 2685 verba
750 2653 942 2685 memoriter
960 2652 1134 2685 citemus.
1155 2651 1237 2694 quid

130 2706 269 2758 ζῖΏιιιί
285 2715 349 2755 est,
366 2711 485 2755 iuquit,
506 2712 595 2754 quod
610 2720 741 2754 semper
753 2713 825 2752 est,
843 2721 904 2745 nec
918 2714 1028 2744 tamen
1044 2713 1155 2745 ortum
1179 2711 1237 2745 ha-

130 2757 243 2813 ἷἮ
263 2771 390 2806 ullum?
405 2771 493 2812 Quid
508 2771 590 2805 illud
609 2774 736 2812 eontra,
753 2771 844 2813 q‘uod
856 2772 974 2811 oritur,
996 2771 1054 2804 sed
1070 2780 1237 2813 nunquam

4 2854 6 2857 v
28 2823 34 2870 f
80 2855 81 2858 =
129 2819 260 2894 ζὴῆὶὲ
287 2833 436 2868 Alterum
471 2833 552 2866 illud
588 2832 723 2876 quidem
756 2832 970 2875 intelligentia
1007 2843 1083 2867 eum
1113 2833 1241 2867 ratione

12 2898 14 2902 '
26 2878 32 2922 ᾗ
95 2874 150 2925 ι-ΓῩ
155 2883 309 2938 'Dereipi
322 2884 452 2937 potest3
474 2893 615 2927 alterum
633 2893 709 2933 hoc,
741 2893 830 2935 quod
851 2893 957 2926 oritur
976 2893 1075 2926 simul
1097 2894 1131 2927 et
1147 2893 1219 2927 occi
1221 2912 1239 2920 -

91 2952 100 2959 ’“
168 2949 376 2997 Quoque
390 2961 535 2995 unquam
549 2962 626 2986 vere
640 2954 702 2994 est,
727 2961 766 2986 ea
788 2952 975 2994 duntaxat,
1001 2962 1102 2994 quam
1124 2962 1242 2986 sensus

163 3004 453 3048 fflmvaeans
479 3013 598 3053 efficit,
629 3013 781 3055 opinione
801 3011 930 3045 nititur.
975 3011 1103 3051 Quaerit
1130 3013 1240 3052 Plato,

192 3125 267 3168 &Q
281 3128 439 3174 originem
463 3132 622 3165 statuens.

34 3243 35 3247 ’
84 3263 90 3279 ι
110 3245 296 3298 ,ν”ΊΫώιιίῃ
315 3251 552 3294 sempiternum
571 3260 636 3284 non
663 3253 763 3284 esset.
810 3250 889 3283 Inde
905 3250 1074 3292 paululum
1092 3259 1242 3294 progres-

82 3296 114 3351 ’λ
137 3311 139 3314 “
164 3296 252 3342 *³61⁸
267 3306 341 3344 hac
354 3309 447 3343 addit
464 3319 471 3340 ε
493 3309 522 3343 si
541 3310 631 3352 quod
653 3312 724 3352 est,
749 3309 783 3343 id
804 3310 936 3343 omnino
957 3309 1191 3352 sempiternum
1209 3313 1243 3344 et

79 3401 83 3403 s
119 3403 121 3406 ,
168 3360 397 3403 ’ίιίιιιιιιῑιιῑιϋο
412 3370 474 3409 est,
489 3378 597 3411 neque
616 3378 760 3411 unquam
782 3369 848 3402 ullo
873 3369 972 3402 modo
993 3378 1012 3402 a
1037 3378 1097 3402 sua
1123 3369 1242 3403 natura

151 3442 154 3444 ·
184 3425 390 3469 degenerat,
405 3427 463 3461 sed
485 3437 550 3461 uno
564 3428 748 3472 eodemque
775 3428 845 3462 loco
864 3429 897 3461 et
910 3429 998 3461 statu
1019 3437 1148 3470 semper
1170 3437 1235 3471 per-

21 3466 43 3536 2}
193 3486 315 3522 mutet.
334 3485 398 3520 hoe
418 3496 520 3520 unum
536 3487 684 3530 profecto
700 3487 744 3522 sit
756 3489 897 3530 oportet,
921 3487 1011 3530 quod
1025 3487 1240 3529 intelligentia

15 3708 37 3751 5¹¹
70 3739 71 3742 ,
86 3720 99 3738 τι

1088 207 1424 249 FRAGMENTA.

1079 296 1222 338 Ιένεσιν
1283 299 1406 348 λομαι.
1436 319 1488 328 --
1506 303 1520 321 ‘²
1554 298 1700 350 ουκουν]

1285 357 1417 397 branae
1436 358 1574 399 οὐκοῦν.
1594 380 1647 388 -
1664 357 1682 381 ¹¹
1713 358 1813 410 οὐδὲ]
1835 357 1951 398 codd.
1982 356 2072 397 οὔτε.
2091 379 2145 387 -
2162 359 2178 379 ⁸
2205 355 2328 400 ὄντος
2315 382 2331 408 J

701 411 794 458 Εἶτα
821 416 956 460 ὓποὸάς
974 431 1092 470 φησιν
1115 415 1223 467 εἰμὲν
1287 417 1391 469 quod
1417 417 1527 456 salva
1546 418 1737 456 sententia
1753 418 1878 458 omitti
1909 425 2050 469 potest,
2073 416 2184 455 uncis
2203 415 2331 454 inclu-

142 586 209 633 ,5³³9
301 596 347 637 τὰ
371 596 459 637 αὐτὰ
490 597 549 636 καὶ
573 594 738 640 ωσαύτως
757 594 909 645 ἕστηκε,
929 599 1030 634 τοῦτο
1049 593 1201 643 δήπου
1183 610 1225 632 αν
1255 611 1260 650 2

147 1725 320 1788 ΣἺ-ξιριιει
338 1730 384 1770 τὰ
403 1733 483 1778 νῦν,
503 1729 626 1782 ἀνδρος
644 1730 831 1782 ἐπιφανοῦς
850 1727 1052 1781 Νουμηνίου
1073 1730 1135 1766 τοῦ
1155 1729 1231 1768 Πυ-
1252 1772 1257 1778 1

28 2472 35 2519 ξ
131 2475 137 2523 J
152 2467 331 2518 ’τᾙὴζοιιίε
357 2473 511 2516 dogmata
537 2472 751 2513 conveniant,
771 2472 865 2506 alteri
893 2474 982 2506 certe
1001 2473 1165 2515 cuipiam,
1182 2473 1241 2507 sed
1269 2451 1273 2479 ⁸

118 2528 127 2554 Ὗ
155 2531 260 2570 viro
287 2541 408 2576 magno
437 2534 472 2567 et
500 2532 670 2576 sapientiae
701 2532 902 2575 professione
934 2532 1023 2566 claro
1044 2533 1242 2574 assignanda
1269 2528 1274 2606 ἱ

1050 2592 1102 2625 Sic
1140 2592 1241 2635 igitur

2254 206 2328 246 167

1733 312 1753 337 e
1781 298 1910 349 Vigeri
1938 295 2182 349 conjectura3
2210 310 2328 334 mem-

1288 478 1334 516 si.
1366 499 1419 507 --
1437 476 1449 500 s
1484 476 1597 528 μήτε]
1629 477 1742 517 codd.
1775 477 1879 528 μηδὲ.
1902 498 1950 507 -
1973 483 1990 506 ¹3
2021 478 2254 523 ἐπιζητοῦντα
2275 474 2333 513 τὸν

1288 536 1412 589 λόγον]
1436 551 1525 576 cum
1546 536 1713 588 Viger03
1730 537 1844 577 codd.
1862 539 2093 584 ἐπιζητοῦντα
2114 535 2232 587 λόγον.
2253 535 2332 565 -Ι

1288 595 1445 651 epacta}
1462 610 1484 636 e
1505 595 1630 647 Vigeri
1661 596 1914 648 conjectura3
1936 596 2027 634 libri
2048 595 2226 649 ἀόριστον.
2257 594 2336 623 ·—¹

1290 656 1335 701 ὥς
1353 672 1438 710 φησι
1459 654 1608 696 Πλάτων
1619 686 1631 704 ,
1648 655 1852 708 γινόμενον]
1868 655 1980 704 libri3
1999 654 2045 700 ὥς
2059 669 2148 709 φησι
2165 652 2335 703 Πλάτων,

1289 716 1349 755 καὶ
1365 715 1545 768 γινόμενον
1569 715 1738 768 conjecit
1752 716 1931 766 Vigerus.
1949 715 1963 768 )

1346 790 1392 816 ιο.
1423 775 1493 816 Τὸν
1529 776 1704 828 μέλλοντα
1727 774 1763 815 δὲ
1790 775 1952 822 συνήσειν
1988 777 2065 814 θεοῦ
2097 771 2176 826 πέρι
2200 772 2340 826 πρώτου

1290 851 1350 875 και
1373 835 1533 890 δευτέρου
1553 835 1623 889 χρὴ
1646 835 1816 889 πρότερον
1844 835 2044 874 διελεσθοιιε
2032 832 2166 872 ε’καστα
2188 834 2222 872 ἐν
2242 833 2342 878 τάξει

1290 897 1350 937 καὶ
1370 899 1404 936 ἐν
1429 895 1650 947 εὐθημοσύνῃ
1667 895 1749 934 τινί·
1771 894 1923 934 κᾶπειτα
1953 892 2075 933 ἑπὰν“
2106 892 2191 945 δοκῇ
2214 891 2281 941 ἤδη
2302 886 2339 931 ευ

1290 956 1406 1011 ἔχειν,
1426 954 1504 994 τότε
1531 955 1591 994 καὶ
1613 956 1665 994 δεῖ
1683 956 1901 1037 3⁷³²½⁵2923⁹b
1891 955 2000 993 εἷπειν
2021 950 2203 1003 κοσμίως,
2226 950 2342 996 ἄλλως

1292 1017 1328 1056 δὲ
1367 1013 1431 1065 μή.
1490 1013 1544 1053 Ἢ
1561 1029 1611 1066 τω
1633 1013 1901 1066 πρωϊαίτερονῦ
1923 1013 2004 1066 πρὶν
2022 1028 2066 1050 τα
2093 1012 2217 1064 πρῶτα
2241 1009 2341 1063 γενέ-

1292 1077 1372 1113 σθαι
1398 1071 1589 1125 ἁπτομένω
1622 1070 1778 1116 σποδὸς
1765 1085 1783 1110 ο
1807 1073 1980 1124 θησαυρὸς
2013 1071 2169 1124 γίνεσθαι
2188 1067 2339 1122 λεγεται.

1292 1134 1355 1183 Μὴ
1380 1132 1423 1181 δὴ
1443 1132 1615 1184 πάθωμεν
1640 1132 1743 1183 ἡμεῖς
1775 1131 1914 1171 ταύτόν·
1942 1130 2017 1169 θεὸν
2040 1130 2075 1170 δὲ
2095 1129 2346 1183 προσκαλεσά-

1294 1200 1433 1246 μενοιῧ,
1457 1195 1583 1232 ἑαυτοῦ
1604 1192 1768 1246 γνώμονα
1798 1191 1984 1244 γενόμενον
2017 1194 2068 1243 τῷ
2096 1190 2213 1243 λόγῳ,
2237 1188 2346 1235 δεῖξαι

1292 1252 1467 1306 θησαυρὸν
1497 1251 1714 1306 φροντίδων,
1748 1250 1942 1305 ἀρχώμεθα
1962 1250 1980 1273 ‘¹
2007 1249 2132 1294 οὕτως.
2193 1249 2346 1290 Εὗκτέον

1294 1313 1357 1366 μὲν
1375 1313 1461 1362 ἤδη,
1478 1318 1494 1337 ⁰
1514 1311 1689 1351 διελέσθαι
1703 1311 1739 1350 δὲ
1757 1311 1822 1349 δεῖ.
1882 1309 1928 1350 ‘O
1944 1309 2018 1355 θεὸς
2036 1311 2054 1348 ὃ
2070 1308 2132 1360 μὲν
2155 1311 2293 1362 πρῶτος
2309 1311 2344 1349 ἐν

1294 1371 1452 1427 {aux-83*
1428 1388 1476 1411 ων
1500 1373 1594 1411 ἐστιν
1616 1371 1761 1419 ἁπλοῦς,
1777 1370 1833 1409 διὰ
1849 1386 1889 1410 το
1905 1371 2019 1422 ἑαυτῳ
2044 1368 2289 1441 συγγινόμενος
2303 1369 2348 1407 δι’

1294 1432 1397 1482 ὅλου,
1420 1432 1558 1483 μήποτε
1579 1425 1667 1470 εἶναι
1678 1429 1867 1513 ίδιαιρετός.
1909 1429 1955 1468 Ὁ
1971 1429 2044 1474 θεὸς
2063 1429 2182 1479 μέντοι
2201 1431 2219 1467 ὁ
2234 1427 2350 1467 δεύτε-

1297 1506 1351 1545 ρος
1363 1490 1425 1530 καὶ
1444 1490 1557 1544 τρίτος
1568 1489 1690 1529 ἐστὶνῖ
1705 1483 1764 1534 εἷς·
1781 1488 2042 1542 συμφερόμενος
2057 1487 2093 1526 δὲ
2106 1491 2149 1541 τῇ·
2169 1487 2237 1541 ὕλῃ
2250 1487 2351 1527 δυάδι

1296 1549 1383 1602 οὔσῃ
1397 1582 1409 1603 ,
1428 1552 1498 1589 ἑνοι
1518 1550 1580 1601 μὲν
1601 1549 1733 1597 αὐτην,
1756 1548 1914 1601 σχίζεται
1941 1547 1977 1587 δὲ
1991 1547 2050 1586 ὑπ’
2077 1549 2183 1594 αὐτῆς
2198 1577 2209 1597 ,
2228 1549 2351 1587 ἐπιθυ-

1298 1609 1446 1660 μητικὸν
1459 1603 1573 1653 εἰδος’
1559 1609 1707 1662 εγουσης
1714 1624 1775 1647 και
1790 1605 1948 1662 ῥεούσης.
1960 1609 2021 1648 Γ
1995 1624 2024 1646 ω
2034 1601 2093 1646 ουν
2107 1605 2156 1658 μὴ
2169 1599 2352 1661 εἶναιπρὸς

1295 1670 1347 1721 τῷ
1361 1669 1491 1721 νοητῷ,
1512 1663 1553 1716 ην
1568 1666 1670 1721 γὰρ
1652 1682 1694 1706 αν
1716 1667 1802 1720 πρὸς
1815 1669 1944 1720 ἑαυτῷ,
1959 1666 2017 1706 διὰ
2035 1666 2074 1705 τὸ
2090 1665 2153 1713 τὴν
2167 1665 2252 1714 ὕλην
2270 1665 2350 1718 βλέ-
2385 1682 2388 1686 ·

1296 1741 1388 1776 πειν,
1407 1726 1539 1775 ταύτης
1561 1726 1887 1779 ἔπιμελούμενος,’
1868 1727 2078 1780 απερίοπτος
2096 1728 2220 1765 ἑαυτοῦ
2240 1725 2356 1778 γίγνε-

1297 1802 1370 1828 ται,
1430 1786 1504 1826 Καὶ
1524 1786 1674 1826 ἅπτεται
1690 1790 1750 1825 τοῦ
1771 1788 1937 1835 αἰσθητοῦ
1959 1785 2019 1824 καὶ
2038 1786 2211 1839 περιέπει,
2229 1786 2355 1839 ἀνάγει

1297 1861 1336 1885 τε
1357 1846 1407 1885 ἔτι
1426 1848 1475 1891 εἷς
1494 1846 1534 1885 τὸ
1553 1846 1638 1885 ἴδιον
1658 1839 1762 1895 ἦθος,
1785 1845 2067 1899 ἀπορεγόμενοςὲ
2084 1849 2146 1893 τῆς
2161 1845 2260 1893 ὕλης.
2283 1845 2356 1891 Καὶ

1300 1907 1378 1957 μεθ’
1413 1904 1516 1959 ἕτερά
1546 1921 1643 1960 φησι·
1673 1905 1734 1945 καὶ
1767 1905 1834 1959 γὰρ
1861 1904 1937 1945 οὔτι
1968 1907 1986 1931 ¹¹
2025 1905 2248 1958 δημιουργεῖν
2280 1906 2355 1946 ἔστι

1298 1965 1413 2019 χρεὼν
1434 1966 1492 2004 τὸν
1512 1968 1674 2019 πρῶτον,
1706 1966 1766 2005 καὶ
1799 1968 1860 2005 τοῦ
1887 1966 2178 2019 δημιουργοῦντας
2209 1965 2246 2005 δὲ
2276 1969 2356 2041 θερῦ

2144 2026 2189 2065 Εἰ
2208 2024 2271 2076 μὲν
2293 2041 2354 2064 ουν

1306 2185 1382 2209 eum
1398 2177 1522 2210 ratione
1541 2176 1753 2220 percipiatur.
1786 2177 1907 2209 Contra
1923 2184 2014 2217 vero,
2041 2174 2069 2208 si
2083 2184 2203 2218 corpus
2218 2175 2303 2217 ssuit,
2325 2178 2360 2209 et

1304 2237 1474 2280 repentina
1500 2236 1645 2279 quadam
1665 2236 1848 2270 mutatione
1871 2235 2052 2278 abripitur,
2082 2235 2250 2269 evanescit
2275 2235 2359 2269 illud

1303 2306 1411 2339 neque
1428 2298 1490 2331 est
1537 2299 1647 2335 Quare
1664 2305 1730 2329 non
1748 2296 1844 2329 valde
1860 2295 2034 2338 desipiat
2025 2306 2066 2332 ιε.
2086 2296 2144 2338 qui
2161 2304 2282 2338 eorpus
2298 2296 2356 2329 de·

1304 2354 1389 2388 finiri
1407 2363 1472 2388 non
1495 2363 1593 2398 posse
1613 2354 1752 2395 dixerit,
1775 2354 1832 2387 scd
1851 2353 2014 2396 ejusmodi
2042 2363 2132 2395 esse,
2163 2354 2254 2396 quod
2275 2354 2358 2396 sola,

1306 2417 1344 2449 ut
1356 2415 1403 2448 ait
1420 2415 1532 2457 Plato,
1549 2415 1700 2458 opinione
1718 2415 1866 2456 nitatur,
1885 2415 1964 2447 dum
1983 2414 2088 2448 oritur
2106 2416 2203 2449 simul
2219 2417 2254 2449 et
2275 2415 2360 2450 ocei-

1305 2475 1373 2516 dit,
1397 2484 1504 2518 neque
1531 2484 1681 2518 unquam
1701 2484 1779 2508 vere
1806 2475 1869 2509 est.
1914 2476 1993 2508 Haec
2017 2475 2216 2516 Numenius,
2234 2475 2359 2518 quihus

1305 2534 1406 2568 simul
1423 2534 1570 2568 Platonis
1582 2560 1590 2576 ‚
1616 2535 1714 2568 simul
1738 2534 1856 2574 Mosis‚
1877 2533 1940 2568 viri
1954 2534 2047 2576 longe
2065 2534 2278 2577 antiquioris,
2295 2535 2359 2569 do-

1304 2595 1443 2628 ctrinam
1458 2594 1628 2636 perspicue
1641 2593 1784 2636 exponit.
1800 2595 1915 2636 Itaque
1928 2593 2047 2627 merito
2056 2603 2134 2627 sane
2145 2594 2272 2628 dietum
2285 2594 2358 2636 ejus

1304 2656 1391 2689 hane
1401 2655 1435 2688 in
1448 2664 1517 2688 rem
1539 2655 1669 2689 celebre
1685 2654 1930 2698 circumfertur,
1947 2655 2030 2698 quid
2042 2655 2129 2689 enim
2148 2655 2237 2689 aliud
2261 2656 2356 2690 Plato

1305 2716 1368 2755 est,
1385 2723 1485 2756 quam
1508 2715 1618 2746 Moses
1633 2713 1732 2747 attice
1745 2713 1909 2756 loquens?

1351 2777 1399 2807 10.
1421 2772 1578 2815 Quisquis
1602 2774 1663 2806 Dei
1677 2774 1750 2806 tum
1772 2774 1871 2816 primi
1894 2774 1969 2807 tum
1984 2773 2121 2807 secundi
2138 2774 2358 2817 cognitionem

1305 2833 1462 2876 consequi
1479 2832 1572 2873 vult,
1597 2842 1672 2867 eum
1690 2833 1818 2876 singula
1846 2833 1941 2877 prius
1971 2843 2032 2867 suo
2053 2843 2195 2877 quaeque
2226 2834 2298 2868 loeo
2327 2837 2360 2867 et

1305 2891 1418 2925 ordine
1450 2891 1614 2933 eleganter
1641 2893 1783 2935 apteque
1810 2892 1940 2934 dicere,
1971 2895 2045 2927 tum
2078 2893 2137 2927 ubi
2162 2902 2222 2927 sua
2242 2894 2360 2938 cuique

1307 2951 1402 2984 sedes
1420 2951 1569 2993 ratioque
1587 2952 1783 2993 constiterit,
1800 2961 1935 2995 operam
1951 2953 2030 2986 dare
2047 2953 2229 2996 oportebit,
2246 2955 2284 2987 ut
2299 2952 2359 2987 de-

1306 3011 1419 3044 center
1434 3010 1477 3044 de
1490 3010 1554 3044 illis
1570 3010 1738 3054 disputet,
1766 3020 1862 3046 secus
1880 3021 1961 3046 vero
1986 3013 2132 3046 minime.
2179 3012 2309 3055 Alioqui
2331 3013 2359 3045 si

127 3037 272 3134 w
285 3067 367 3106 ssed
384 3070 445 3113 sit,
474 3071 563 3114 quod
580 3073 651 3112 est,
671 3072 745 3113 eJ‘us
768 3071 840 3105 sine
867 3072 1093 3104 controversia
1118 3072 1242 3108 nullam
1308 3071 1382 3114 quis
1397 3072 1543 3105 nondum
1560 3072 1655 3106 factis
1681 3082 1758 3116 quae
1773 3073 1867 3116 prius
1892 3073 2040 3107 facienda
2057 3075 2135 3107 sunt
2151 3073 2243 3115 justo
2262 3073 2361 3108 eitius

683 3133 834 3173 Namque
853 3140 911 3164 ens
932 3131 1090 3172 originem
1114 3131 1156 3164 ab
1178 3131 1243 3165 alio
1306 3141 1390 3174 opus
1402 3140 1575 3174 aggressus
1591 3132 1715 3166 ruerit:
1736 3142 1819 3166 suus
1842 3133 1874 3167 ei
1888 3133 2086 3175 thesaurus,
2107 3136 2146 3167 ut
2160 3134 2265 3177 ajunt,
2280 3134 2361 3167 cinis

191 3186 421 3234 mmnegat
441 3204 450 3224 ι
470 3192 659 3225 mutaretur
676 3191 765 3224 enim
780 3190 920 3233 alioqui3
948 3190 978 3223 si
1001 3192 1115 3224 autem
1130 3193 1244 3224 muta·
1309 3190 1442 3225 tuturus
1457 3192 1519 3225 est.
1565 3192 1755 3226 Cavendum
1767 3191 1882 3236 igitur,
1899 3202 1940 3227 ne
1958 3193 2046 3227 idem
2065 3193 2158 3227 nobis
2170 3193 2310 3234 eveniat,
2327 3197 2360 3227 et

1305 3250 1443 3293 proinde
1461 3250 1560 3285 deum
1586 3251 1763 3294 obtestati,
1792 3254 1830 3286 ut
1848 3252 1943 3287 nobis
1967 3253 2186 3296 disputatur-is
2207 3262 2279 3286 suae
2294 3262 2357 3286 na-

1307 3313 1390 3344 turae
1405 3312 1606 3345 monstrator
1624 3320 1699 3346 esse
1719 3312 1817 3354 velit,
1847 3314 1881 3346 et
1900 3312 2136 3356 cogitationum
2162 3312 2358 3348 thesaurum

1307 3370 1493 3412 recludere,
1522 3371 1569 3405 ita
1595 3371 1729 3406 demum
1752 3371 1933 3406 ordiamur.
2005 3374 2079 3405 Jam
2109 3381 2190 3405 vero
2217 3372 2359 3415 primum

1306 3430 1383 3463 vota
1401 3430 1548 3464 facienda
1566 3433 1661 3473 sunt,
1680 3431 1799 3466 deinde
1814 3432 1857 3465 ad
1875 3432 1922 3466 rei
1941 3432 2170 3465 tractationem
2191 3431 2355 3466 acceden-

1305 3489 1396 3524 dum.
1442 3490 1572 3524 Primus
1600 3491 1654 3525 ille
1672 3491 1776 3533 deus,
1811 3501 1915 3534 quum
1933 3491 1967 3525 in
1995 3500 2030 3524 se
2046 3491 2120 3532 jpso
2139 3491 2196 3532 sit,
2220 3492 2355 3525 omnino
