2528 3788
278 180 329 215 Η.
1073 177 1277 218 EUSEBlI
1307 178 1637 219 FRAGMENTA.

277 263 361 316 πρὸς
376 266 444 302 τῶν
464 263 683 304 οἰκειοτάτων
703 265 762 302 καὶ
781 257 819 303 ευ
845 264 1055 319 φρονεόντων
1071 266 1319 319 ἀναποδιζόμε-

275 337 347 371 νοι,
366 324 427 362 οὖκ
445 322 608 368 ἀξιευσιῧ
626 321 696 362 ἀπὸ
710 324 779 360 τῶν
801 321 971 369 δοξάντων
990 323 1116 371 ἅπαξ’
1097 326 1319 379 αναχωρέειν,

277 383 355 421 ἀλλ’
380 377 482 425 ὅκως
499 381 548 433 μὴ
578 381 819 434 ἐλεγχοίατο(
801 399 847 427 ως
868 382 937 422 ἀπὸ
968 385 1261 436 ἡμαρτημένης’
1241 402 1319 440 αφι-

276 440 440 492 στάμενοι
461 439 651 493 ἐμμένουσι
675 442 719 492 τῇ
747 439 871 493 γνώμῃ
886 471 897 490 ,
931 443 964 486 ἐς
991 442 1010 481 ὃ
1032 441 1073 490 δὴ
1094 443 1154 482 καὶ
1182 445 1271 484 τοῖσι
1301 445 1318 469 ¹¹

275 501 339 538 ἀπ’
360 501 466 545 αὖτης
484 503 658 541 auxeio-2⁰
675 497 906 550 ἔγκυρήσωσι.

329 557 527 610 (Stobaeus
555 558 659 597 Flor.
684 556 827 606 XXIII,
851 559 913 598 16.
933 558 1116 599 Εὖσεὸίου.
1136 559 1316 613 Scripsi.

271 620 286 640 ⁶
313 616 469 666 ἀξιεῦσι;
503 617 598 658 libri
627 616 793 662 ἀξιεῧσιν.
816 640 869 647 —
901 616 918 641 b
949 623 1062 670 τοῖσιξ
1090 619 1202 659 codd.
1224 622 1311 666 τοῖς.

271 698 325 706 -
341 681 356 700 ⁰
373 680 511 719 κακοῖσι
526 693 536 726 ;
556 677 665 718 codd.
687 677 842 726 κακοῖς.)

324 748 373 778 30.
404 739 451 778 Οἱ
473 736 595 779 πολλοὶ
614 741 704 775 τοῖσι
724 735 937 788 ἀνθρώποισι
953 738 970 758 ‘¹
990 737 1029 776 τὸ
1050 736 1208 790 εὖόρκους
1228 732 1318 778 εἶναι

272 797 404 836 αὐτοῖσι
428 795 445 820 ¹³
464 794 691 851 παραινέουσι
714 799 746 818 ⁰·
775 794 844 846 ἐγὼ
867 794 902 834 δὲ
931 795 991 834 καὶ
1015 795 1055 835 τὸ
1088 795 1201 849 ἀρχὴν
1235 799 1318 849 μηδ’

272 854 444 900 εὐπετέως
461 854 606 907 ὀμνύναι
630 853 722 893 ὅσιον
743 853 996 908 ἀποφαίνομαι.

326 916 338 967 (
355 916 530 955 Stobaeus
549 913 655 954 Flor.
675 912 829 961 XXVII,
849 915 911 954 13.
932 914 1115 955 Εὐσεὸίου.
1133 915 1282 970 Scripsi
1306 931 1315 955 :

270 980 282 996 ⁸
324 976 415 1014 τοῖσι
446 971 678 1027 ἀνθρώποισι;
710 973 823 1013 codd.
869 974 939 1018 τοῖς
981 974 1185 1028 ἀνθρώποις.
1220 998 1273 1005 -
1300 975 1317 999 ¹³

270 1033 426 1082 αὖτοῒσι;
445 1032 560 1072 codd.
578 1033 706 1076 αὐτοῖς.
735 1055 787 1062 --
807 1037 823 1055 ⁰
842 1032 1089 1085 παραινέουσι;
1108 1034 1218 1078 codd.
1246 1051 1315 1074 πα-

272 1091 478 1146 ραινέουσιν.
494 1091 684 1130 Caeterum
699 1091 886 1130 falluntur
902 1093 970 1143 qui
985 1093 1120 1131 αὐτοῖσι
1136 1102 1315 1144 tanquam

272 1166 292 1191 a
315 1152 493 1192 librariis
514 1150 687 1189 additum
712 1152 836 1190 deleri
858 1152 1007 1191 volunt.
1040 1151 1127 1192 Vid.
1146 1153 1313 1192 Brunck.

272 1211 320 1251 ad
348 1210 470 1262 soph.
501 1209 668 1251 Philoct.
699 1223 739 1248 v.
767 1211 844 1248 316
866 1218 903 1248 et
932 1209 1062 1260 Viger.
1091 1224 1131 1262 p.
1160 1226 1230 1260 171
1255 1213 1314 1253 ed.

269 1272 481 1310 Hermann.
502 1267 583 1321 -)

323 1342 371 1368 31.
401 1327 507 1379 Φημὶ
548 1326 664 1366 πάντα
694 1326 751 1366 τὸν
788 1328 988 1380 προαίρεσιν
1019 1332 1078 1367 τοῦ
1110 1330 1317 1381 ἐπιορκῆσαι

271 1389 523 1438 ἀναδεξάμενον
544 1391 558 1409 ⁰
587 1386 647 1425 καὶ
673 1385 924 1438 ἓπορμήσαντα
947 1386 963 1410 b
985 1387 1042 1425 ἐπὶ
1068 1387 1124 1426 τὸν
1145 1387 1264 1442 ὅρκον,
1286 1392 1315 1428 εἰ

268 1447 329 1486 καὶ
350 1447 399 1498 μὴ
428 1445 589 1499 περανέει
608 1450 623 1469 ⁰
644 1444 682 1484 τὸ
708 1444 807 1499 ἔργον
828 1449 888 1493 τῆς
909 1445 1086 1498 ε’πιορκίης
1114 1446 1203 1500 τύχῃ
1225 1449 1314 1497 τινί,

268 1507 290 1555 ἢ
312 1507 371 1546 καὶ
396 1509 445 1560 τῷ
468 1505 516 1557 μὴ
540 1507 752 1557 βουληθῆναι
768 1504 826 1544 τὸν
848 1505 1079 1553 ἀπαιτέοντα,
1100 1505 1193 1556 ὅμως
1215 1507 1317 1546 αὐτὸν

268 1566 360 1619 ἔχειν
393 1565 535 1616 γνώμην
565 1563 627 1610 τὴν
653 1567 712 1603 τοῦ
734 1565 927 1618 ψευδόρκου
942 1594 952 1612 ,
976 1565 1036 1603 καὶ
1060 1560 1147 1604 εἶναι
1171 1569 1233 1613 τ’ῆς
1261 1567 1317 1606 ἐπὶ

267 1629 311 1678 τῇ
332 1624 489 1677 ἐπιορκίῃ
511 1622 711 1675 ἁμαρτάδος
729 1626 791 1670 τῆς
810 1626 841 1661 τ’
860 1622 1085 1676 ὀφειλομένης
1110 1623 1126 1647 ‘¹
1139 1623 1232 1663 κατὰ
1246 1627 1315 1663 τῶν

267 1684 326 1723 καὶ
347 1684 436 1736 ἔργῳ
457 1681 740 1732 ἐπιορκησάντων
761 1682 878 1734 ἔνοχον
893 1682 1076 1736 τιμωρίης.

325 1742 525 1794 (Stobaeus
540 1740 640 1779 Flor.
653 1740 839 1790 XXVIII,
860 1755 874 1779 1
887 1743 921 1779 3.
941 1741 1124 1781 Εὖσεὸίου.
1142 1742 1290 1793 Scripsi
1307 1757 1315 1781 ε

267 1807 281 1826 ⁸
315 1801 567 1850 ἀναδεξάμενον
598 1815 685 1839 cum
717 1799 902 1838 Jacobsio
946 1802 987 1838 in
1016 1801 1226 1841 Animadv.
1270 1803 1318 1840 ad

270 1861 382 1902 Stob.
404 1874 445 1912 p.
472 1865 573 1906 2443
594 1860 714 1909 vulgo
735 1858 1016 1909 ἀναδειξάμενον.
1037 1859 1126 1898 Vid.
1150 1859 1315 1910 Gregor.

271 1921 451 1960 Corinth.
476 1919 523 1957 de
540 1917 634 1958 dial.
657 1919 777 1958 ionic.
804 1919 867 1965 36,
889 1932 928 1969 p.
953 1920 1027 1962 432
1046 1918 1107 1956 cd.
1135 1918 1315 1959 Schaefer.

269 2002 322 2010 —
351 1978 369 2002 ¹³
403 1976 654 2030 ἐπορμήσαντα
689 1991 776 2018 cum
807 1977 971 2025 eodem3
1009 1977 1122 2015 codd.
1152 1977 1318 2030 ἐπιορκή-

270 2053 395 2078 σαντα.
420 2060 472 2066 -
497 2041 512 2059 ⁰
542 2035 725 2088 περανέει;
748 2036 863 2074 codd.
889 2035 1048 2074 πελάσει.
1080 2057 1133 2065 -
1157 2034 1174 2059 d
1194 2038 1256 2083 τ’ῆς
1287 2035 1317 2073 τ’

270 2095 516 2150 ὀφειλομένης;
534 2096 647 2135 codd.
672 2098 733 2142 τῆς
753 2095 1011 2149 ὂφειλευμένης.
1032 2096 1101 2147 -)

323 2169 370 2196 32.
405 2154 515 2195 Πόνοι
548 2158 579 2194 οἱ
612 2154 761 2194 ἑκούσιοι
790 2154 925 2194 πόνοισι
959 2156 1047 2194 τοῖσι
1085 2154 1174 2205 μετὰ
1207 2158 1317 2193 ταῦτα

273 2214 495 2265 ἀναγκαίοισι
508 2244 519 2262 ,
546 2214 637 2253 ὥστε
658 2213 778 2258 αὖτοὺς
799 2213 1063 2266 εὖπετεστέρους
1085 2229 1317 2266 παρασκευα-

271 2277 416 2323 σθῆναι,
437 2273 704 2326 προπονέονται.

271 2463 374 2496 tentia
402 2463 503 2495 semel
526 2463 614 2495 dicta
633 2462 792 2495 decedere
814 2463 946 2503 nolunt,
965 2463 1023 2496 sed
1039 2472 1080 2496 ne
1098 2463 1218 2505 abiecti
1239 2472 1320 2496 con-

273 2522 336 2554 silii
350 2523 503 2563 tanquam
515 2521 609 2564 pravi
625 2521 869 2562 convincantur,
885 2522 919 2554 in
933 2522 1101 2564 proposito
1118 2525 1318 2564 permanent,

272 2582 376 2614 donec
395 2581 529 2613 tandem
546 2581 580 2613 in
596 2580 716 2612 damna
730 2580 806 2613 inde
822 2582 894 2613 orta
912 2581 1090 2614 incurrant.

315 2644 367 2674 30.
390 2639 486 2674 Multi
500 2640 686 2672 hominibus
710 2640 922 2682 praecipiunt,
944 2643 981 2673 ut
999 2641 1230 2682 jusjurandum
1247 2650 1320 2674 ser-

277 2700 353 2732 vent
375 2713 383 2732 :
404 2708 464 2741 ego
483 2707 562 2731 vero
592 2698 723 2731 omnino
748 2708 813 2731 non
831 2699 926 2732 facilc
954 2700 1065 2741 Jurare
1094 2700 1236 2742 religiosi
1256 2701 1320 2733 viri

274 2768 346 2792 esse
366 2757 504 2791 affirmo.

319 2822 370 2852 31.
396 2820 456 2862 Ajo
474 2820 661 2861 quicunque
682 2818 851 2860 pejerandi
871 2819 1044 2851 consilium
1062 2820 1149 2861 cepit
1166 2822 1263 2862 atque
1279 2820 1320 2852 ad

276 2879 375 2912 sidem
401 2878 614 2921 jurejurando
646 2877 886 2919 astringendam
914 2881 1048 2920 paratus
1084 2878 1163 2919 suit,
1194 2879 1320 2911 etiamsi

276 2937 454 2981 perjurium
484 2938 592 2978 ipsum
618 2936 687 2969 sive
721 2937 805 2969 sorte
830 2936 971 2978 quadam
994 2946 1058 2969 non
1090 2937 1224 2978 fecerit,
1250 2939 1320 2971 sive

276 2998 362 3038 quod
381 2996 522 3029 noluerit
549 2996 618 3036 ille,
643 2996 736 3037 quus
763 2996 835 3027 erat
849 2995 1078 3036 jusjurandum
1102 2996 1231 3038 abipso
1255 2996 1321 3029 exi-

278 3066 376 3099 gere,
400 3056 501 3088 nihilo
532 3055 639 3088 secius
667 3055 834 3096 perjurum
862 3063 934 3087 esse
964 3054 1089 3095 animo,
1125 3057 1158 3087 et
1185 3056 1319 3097 perinde

278 3125 375 3157 poena
392 3114 532 3158 perjuris
556 3114 734 3146 constituta
748 3113 854 3146 teneri
870 3115 968 3154 atque
991 3113 1092 3145 istum
1111 3114 1167 3155 qui
1188 3123 1222 3146 re
1249 3115 1320 3156 ipsa

279 3173 483 3217 peJeraverit.

323 3237 374 3266 32.
403 3231 589 3266 voluntarii
614 3232 744 3264 labores
775 3233 962 3273 praeparant
995 3240 1069 3271 eos,
1097 3240 1180 3272 quos
1201 3230 1321 3273 'postea

278 3292 473 3326 necessitate
486 3291 590 3324 coacti
606 3291 772 3333 subimus,
789 3290 835 3323 ita
845 3291 883 3322 ut
898 3289 950 3331 hi,
968 3290 1032 3323 illis
1047 3291 1318 3332 praecedentibus

278 3352 468 3385 minuantur
478 3361 516 3384 ac
528 3350 687 3384 leventur.

325 3413 377 3443 33.
401 3411 527 3452 Corpus
544 3409 689 3442 macerat
707 3407 850 3450 desidia,
872 3408 1017 3442 animum
1044 3409 1151 3442 autem
1175 3408 1318 3450 neglecta

1436 267 1637 319 (Stobaeus
1658 268 1762 307 Flor.
1785 266 1923 316 XXIX,
1947 269 2013 318 59.
2036 268 2220 310 Εὐσεὸίου.
2238 270 2385 323 Scripsi
2404 301 2415 312 .

1379 325 1547 365 ’πόνοισι
1570 332 1686 375 τοῖσι;
1712 327 1823 366 codd.
1843 327 1958 370 πόνοις
1976 327 2056 371 τοῖς.
2072 351 2125 358 —-
2145 326 2163 351 ¹³
2178 329 2416 383 ἀναγκαίοισι;

1380 385 1494 424 codd.
1528 386 1731 437 ἀναγκαῖοι,
1759 384 1870 436 cujus
1897 386 1983 423 loco
2011 385 2217 425 Jacobsius
2251 388 2295 426 in
2323 388 2417 427 Ani-

1380 444 1569 483 madvers.
1592 445 1640 483 ad
1654 445 1845 484 Stobaeum
1864 457 1951 495 pag.
1974 451 2048 491 242
2069 444 2296 496 vulgaverat
2310 447 2418 501 ἀναγ-

1379 502 1500 546 καίοις.
1525 503 1701 542 Similem
1721 504 1936 543 Democriti
1957 504 2183 542 sententiam
2206 505 2298 544 vide
2315 504 2418 544 Phil.

1380 560 1446 599 Gr.
1464 561 1615 613 Fragm.
1635 564 1716 603 vol.
1735 563 1767 614 Ι,
1790 576 1877 637 pag.
1895 563 1985 613 346,
2009 564 2073 603 86.
2092 562 2104 615 )

1437 633 1487 660 33.
1519 622 1666 672 Σῶμα’
1647 622 1749 696 αργίη
1767 621 1885 669 τήκει,
1905 620 2020 674 ψυχὴν
2034 620 2063 659 δ’
2082 619 2420 671 ἀμελετησίηάσκή·

1380 694 1450 724 σιος
1468 681 1535 718 τῶν
1558 679 1666 729 αὐτὴν
1689 681 1871 734 ἀειρόντων
1893 679 1976 734 πρὸς
1994 680 2032 718 τὸ
2051 678 2321 721 θεοειδέστατον.

1433 737 1633 789 (Stobaeus
1661 739 2008 791 F101·.XXX,15.
2029 738 2212 780 Εὖσεὸίου.
2234 740 2313 780 Pro
2332 742 2421 790 ἀμε-

1377 797 1521 845 λετησίη
1541 799 1667 850 possis
1690 813 1775 837 cum
1790 799 1982 838 Meinekio
2005 796 2179 849 ἀμελησίη
2199 797 2418 851 reponere.)

1431 870 1480 896 34.
1515 855 1709 910 Ἄνθρωποι
1728 859 1837 911 λόγων
1864 857 2000 911 κούφων
2025 858 2115 908 μέγα
2134 856 2273 902 ὀδόντας
2287 861 2305 880 ⁸
2323 856 2422 910 ἕρκος

1378 917 1550 956 ἐκτέαται.
1608 917 1713 956 Ἀλλὰ
1745 917 1812 973 γὰρ
1844 917 1900 958 ἐπὶ
1931 917 2036 955 παντὶ
2071 917 2148 956 νόου
2177 916 2419 970 χρηιζομεν,
2385 914 2402 940 ¹³

1381 976 1455 1016 ἐπει
1482 975 1541 1015 ἐὰν
1574 981 1589 1000 ⁰
1616 980 1713 1021 οὗτος
1742 976 1791 1027 μὴ
1829 976 1994 1028 κατιθύνῃ
2015 975 2104 1015 αὐτὰ
2129 975 2174 1014 τὰ
2204 973 2310 1023 ἔπεα,
2338 945 2420 1026 πρὶς

1385 1036 1609 1088 βουλευθηναι
1645 1036 1803 1090 ἐκφεύγει
1836 1035 2023 1082 πολλάκις,
2043 1035 2103 1073 καὶ
2131 1032 2420 1086 κατηλογήσαντα

1378 1094 1541 1134 τοσούτου
1560 1093 1675 1147 ἕρκεος
1694 1095 1820 1148 ἄκριτα
1839 1093 2108 1147 πρΟέΧ-θρώδκίῑι

1430 1152 1630 1205 (Stobaeus
1648 1152 1749 1192 Flor.
1764 1152 1918 1192 XXXVI
1933 1182 1943 1201 ,
1961 1155 2025 1192 30.
2042 1151 2229 1193 Εὖσεὸίου.
2244 1151 2392 1203 Scripsi
2408 1166 2419 1191 t

1375 1216 1390 1234 ‘¹
1422 1211 1560 1256 ὀδόντας
1593 1224 1680 1249 cum
1727 1211 1946 1260 Meineki03
1985 1211 2098 1251 codd.
2131 1210 2294 1250 ὀδόντων.
2403 1208 2422 1234 ¹²

1376 1267 1545 1324 χρηιζομε
1548 1284 1588 1319 ν;
1603 1270 1715 1309 codd.
1734 1271 1923 1345 χρῄζομεν.
1945 1294 1992 1300 --
2006 1270 2121 1319 ”sim
2142 1271 2254 1309 codd.
2268 1269 2327 1310 ἂν.
2343 1271 2421 1321 -)

1430 1343 1476 1369 35.
1513 1302 1625 1381 Ανδρὶ
1654 1330 1774 1382 ἀγαθῶ
1810 1323 1848 1368 ευ
1878 1330 2072 1382 πρήσσοντι
2103 1328 2256 1384 φθονέων
2285 1343 2339 1372 τις
2361 1329 2422 1368 καὶ
2476 1365 2479 1370 ,
2511 1353 2514 1359 ·

1377 1388 1518 1440 πατρίδι
1530 1387 1590 1426 καὶ
1607 1387 1710 1427 παντὶ
1726 1391 1775 1442 τῷ
1791 1391 1894 1442 κοινῷ
1909 1388 1968 1428 καὶ
1985 1390 2103 1441 ἑωυτῳ
2121 1387 2296 1442 φθονέει.-
2319 1386 2422 1440 Ἆνὴρ

1378 1447 1502 1499 ἀγαθὸς
1521 1447 1589 1500 γὰρ
1617 1444 1655 1486 ευ
1676 1447 1843 1500 πρήσσων
1862 1446 1981 1491 πόλιος
2001 1447 2061 1486 καὶ
2085 1446 2216 1492 παντὸς
2239 1463 2298 1487 του
2321 1448 2423 1486 δυνα-

1380 1506 1484 1557 μένου
1517 1509 1580 1553 τῆς
1605 1506 1783 1560 εὖμοιρίης
1803 1508 1908 1545 αὐτοῦ
1941 1506 2220 1559 μεταλαγχάνειν
2250 1506 2346 1553 κοινὴ
2367 1507 2422 1544 εὖ·

1378 1564 1556 1615 δαιμονίη.

1433 1624 1634 1677 (Stobaeus
1657 1625 1758 1663 Flor.
1773 1624 1980 1673 XXXVIII,
2000 1626 2065 1664 38.
2085 1624 2287 1676 Εὗσεὸίου.)

1432 1696 1481 1723 36.
1516 1684 1651 1727 Φθόνος
1685 1686 1702 1721 ὁ
1730 1683 1820 1723 κατὰ
1850 1686 1919 1722 τῶν
1951 1683 2219 1736 εὐδοκιμεόντων
2246 1685 2305 1723 ἐπὶ
2333 1689 2423 1723 τοῖσι

1379 1741 1596 1780 καλλίστοισι
1616 1745 1630 1763 ⁸¹
1663 1743 1777 1793 ἀργῶν
1813 1741 1872 1780 καὶ
1900 1741 2087 1793 ἀπράκτων
2110 1740 2148 1793 ¹³,
2168 1744 2237 1780 τῶν
2265 1742 2304 1780 δὲ
2331 1743 2422 1795 ἀγα-

1380 1803 1446 1839 Οῶν
1469 1800 1530 1840 καὶ
1547 1798 1627 1839 οἵων
1648 1816 1685 1839 τε
1707 1799 1837 1839 τεκέειν
1857 1817 1890 1839 τι
1913 1802 1996 1854 παρ’
2016 1803 2154 1840 ἑωυτῶν
2175 1800 2328 1853 χρηστὸν
2357 1802 2423 1854 οὐχ.

1380 1858 1536 1910 ἅπτεται.

1435 1918 1636 1971 (Stobaeus
1662 1918 1763 1957 Flor.
1780 1916 1979 1957 XXXVIII
1994 1949 2004 1969 ‚
2024 1920 2088 1970 39.
2109 1918 2298 1960 Εὖσεὸίου.
2317 1918 2425 1957 Scri-

1380 1979 1444 2029 psi
1474 1992 1482 2015 :
1504 1982 1519 2000 ⁸¹
1539 1983 1629 2016 τοῖσι
1652 1977 1890 2026 καλλίστοισι·,
1911 1978 2023 2017 codd.
2046 1978 2118 2022 τοῖς
2138 1977 2347 2022 καλλίστοις.
2370 1999 2424 2008 -—

1377 2034 1397 2060 1»
1416 2035 1626 2088 ἀπράκτως
1647 2035 1743 2074 libri
1769 2037 1971 2088 ἀπρακτῶν.
2006 2034 2077 2089 -)

1434 2108 1482 2135 37.
1516 2095 1617 2148 Ἀνὴρ
1649 2094 1763 2133 πολλὰ
1799 2094 1887 2147 ἔχων
1915 2094 1976 2133 καὶ
1999 2094 2139 2148 χρηστὰ
2164 2099 2179 2118 ⁸
2204 2094 2420 2148 μαθήματα,

1380 2152 1501 2192 ἔπειτα
1523 2153 1644 2206 γνώμῃ
1666 2155 1799 2204 πονηρῇ
1820 2153 2087 2206 διαχρεόμενος,
2106 2153 2166 2193 καὶ
2187 2152 2236 2204 μὴ
2258 2153 2430 2208 βουλόμεῄ

1380 2228 1436 2256 νος
1453 2215 1544 2251 τοῖσι
1571 2211 1588 2235 ¹³
1610 2211 1934 2263 μεταποιευμένοισι
1953 2211 2019 2251 ὑπὸ
2039 2211 2160 2265 φθόνου
2179 2210 2421 2265 μεταδιδόναι,

1358 2294 1361 2297 -
1381 2272 1470 2310 ἔοικε
1490 2277 1505 2295 ⁰
1525 2271 1654 2324 ἀγγείῳ
1679 2273 1820 2324 πονηρῷ
1833 2301 1844 2322 ,
1865 2271 1979 2309 πολλὰ
2003 2271 2064 2310 καὶ
2092 2270 2233 2325 χρηστὰ
2249 2269 2364 2325 ἔχοντι
2389 2274 2423 2312 ἐν

1385 2471 1497 2495 earum
1516 2470 1628 2494 rerum
1644 2461 1835 2494 exercitatio
1849 2486 1857 2502 ,
1878 2469 1952 2502 quae
1969 2469 2044 2493 cum
2068 2460 2108 2493 ad
2125 2461 2260 2494 deorum
2275 2461 2422 2496 similitu-

1380 2524 1490 2556 dinem
1506 2523 1660 2556 evehunt.

1422 2585 1473 2616 34.
1495 2581 1651 2614 Homines
1677 2589 1831 2621 magnum
1863 2579 2029 2622 possident
2057 2580 2180 2613 vallum
2209 2580 2356 2615 (lentium
2380 2581 2423 2614 ad

1380 2641 1577 2675 coercendos
1593 2635 1682 2673 leves
1701 2648 1878 2673 sermones.
1922 2641 2044 2671 Verum
2068 2639 2156 2671 enim
2173 2648 2252 2672 vero
2277 2640 2310 2672 in
2327 2649 2416 2673 onim

1380 2710 1415 2733 re
1432 2702 1541 2733 mente
1556 2700 1739 2742 indigemus
1751 2725 1759 2740 ,
1778 2707 1853 2740 qua>
1870 2697 1934 2730 nisi
1954 2698 2078 2730 rexerit
2092 2697 2164 2740 ipsa
2181 2698 2300 2739 verba,
2317 2707 2419 2741 saepe·

1379 2769 1516 2793 numero
1544 2761 1619 2792 ante
1646 2757 1914 2791 deliberationem
1944 2754 2123 2797 effugiunt,
2155 2758 2188 2789 et
2216 2757 2308 2789 tanto
2335 2757 2422 2790 vallo

1379 2821 1527 2862 neglecto
1545 2822 1667 2853 temere
1685 2818 1804 2851 emissa
1825 2817 1945 2850 volant.

1423 2884 1474 2913 35.
1498 2879 1531 2912 Si
1548 2879 1621 2920 quis
1639 2878 1765 2911 invidet
1780 2877 1851 2910 viro
1867 2876 1953 2909 hono
1969 2885 2142 2918 prosperas
2155 2885 2208 2908 res
2225 2876 2377 2916 habenti,
2392 2877 2421 2910 is

1382 2940 1480 2972 etiam
1501 2939 1575 2971 tum
1596 2937 1710 2979 patriae
1733 2944 1770 2968 ac
1787 2935 1849 2968 toti
1866 2933 2070 2976 reipublicai,
2087 2934 2159 2967 tum
2178 2933 2317 2976 sibiipsi
2332 2935 2421 2968 invi-

1380 2997 1447 3030 det.
1492 2999 1573 3030 Nam
1592 2996 1644 3029 vir
1665 2996 1772 3028 bonus
1792 2994 1958 3026 fortunate
1975 2993 2092 3026 vivens
2107 3002 2281 3027 commune
2295 2995 2346 3027 est
2359 2994 2419 3027 bo-

1379 3067 1458 3089 num
1479 3060 1513 3089 et
1537 3055 1680 3088 civitatis
1701 3056 1735 3087 et
1766 3062 1880 3087 eorum
1906 3051 2053 3085 omnium
2081 3052 2140 3094 qui
2157 3051 2320 3085 felicitatis
2350 3051 2420 3094 eius

1381 3116 1554 3158 participes
1572 3114 1643 3147 fieri
1657 3113 1801 3156 possunt.

1423 3177 1474 3207 36.
1515 3173 1640 3206 Invidia
1671 3181 1736 3214 qua
1763 3171 1957 3213 premuntur
1982 3169 2045 3202 viri
2069 3167 2297 3211 pulcherrimis
2321 3167 2419 3201 rebus

1381 3234 1458 3266 clari
1481 3234 1597 3267 vitium
1616 3234 1668 3265 est
1686 3231 1855 3264 hominum
1881 3230 2062 3262 otiosorum
2087 3229 2122 3261 et
2137 3228 2287 3260 inertium
2308 3240 2316 3260 ε
2339 3237 2411 3269 pro-

1381 3293 1439 3326 bos
1455 3301 1533 3325 vero
1552 3294 1586 3325 et
1614 3290 1736 3332 aliquid
1757 3289 1834 3323 boni
1862 3298 1904 3322 ex
1925 3298 1960 3322 se
1987 3287 2067 3330 ipsis
2087 3294 2259 3330 procreare
2273 3287 2419 3320 valentes

1380 3361 1442 3384 non
1459 3351 1597 3393 attingit.
1775 3346 1778 3348 ’

1425 3414 1475 3444 37.
1499 3411 1557 3443 Vir
1579 3409 1694 3442 multoe
1724 3407 1881 3441 doctrinae
1904 3406 2091 3440 facultatem
2119 3405 2314 3441 consecutus
2356 3403 2416 3438 scd
