2528 3788
329 241 403 278 {42

1265 231 1547 272 CRANTORIS

328 324 457 377 πρώτῳ
476 324 542 361 τῶν
564 322 734 375 ἀριθμῶν.
753 319 799 360 Ὁ
822 314 938 372 μὲντ
899 336 958 360 ουν
986 320 1148 373 Εὔδωρος
1165 321 1365 359 ἑπακολου-
1392 321 1396 362 !
1429 334 1516 372 cap.
1543 334 1556 357 1

1586 327 1674 357 :est
1698 318 1896 370 epitritus,
1919 316 2076 384 inquit,
2104 330 2222 367 quum
2243 316 2290 355 de
2307 316 2490 358 duobus

2495 226 2528 270 ’1

329 383 436 429 θήσας
465 381 658 433 Κράντορι,
674 380 811 432 πρῶτον
844 377 948 417 ἔλαὸε
976 378 1033 418 τὸν
1054 378 1149 428 τπδ’,
1170 378 1205 423 ὃς
1230 395 1264 431 γι
1258 378 1303 417 ἐν
1306 394 1364 417 τα·
1393 378 1396 403 ⁴
1425 391 1561 417 numm
1563 391 1594 416 15
1612 376 1737 428 major
1754 374 1870 414 habet
1889 383 2010 414 totum
2025 375 2229 423 minorem,
2247 384 2285 414 et
2297 375 2463 428 insuper
2508 385 2528 423 l

327 444 388 479 τοῦ
407 439 442 484 ἓξ
463 439 519 478 ἐπὶ
539 439 584 478 τὰ
605 437 653 484 ξδ’
672 436 1072 483 πολλαπλασιασθέντος.

1392 433 1396 488 ξ
1425 437 1508 488 vjus
1530 437 1678 475 tertiam
1700 443 1886 488 partem:

1909 443 1952 473 ut
1977 442 2067 473 sunt
2095 443 2262 486 quatuor
2294 434 2342 473 ad
2367 434 2458 475 tria.

380 498 629 551 (Plutarchus
663 497 711 535 de
742 496 862 537 anim.
905 506 1101 549 pr·.ocieat
1135 497 1176 536 in
1213 496 1364 535 'limaeo
1393 501 1396 531 !
1425 495 1551 533 Nam
1541 509 1582 533 13
1609 503 1775 546 quatuor
1789 501 1878 532 sunt
1905 501 1938 530 ti
1942 506 1998 542 13
2018 501 2056 530 et
2073 493 2186 531 tertia
2211 505 2304 546 pars
2327 492 2463 541 trium,

326 571 408 609 cap.
443 559 488 596 16
519 554 748 602 v01.X111,
778 567 868 604 pag.
905 555 980 592 305
1013 555 1076 595 ed.
1119 555 1273 593 Hutten.
1302 553 1360 593 (tf.

1393 552 1466 614 lid
1481 563 1548 602 cst,
1565 567 1698 594 unum.
1717 553 1746 590 F
1737 566 1775 590 x
1789 565 1835 591 eo
1851 565 2013 590 numero
2029 552 2203 590 nascitur
2216 551 2461 604 symphonia,

326 615 435 654 Plato
452 614 555 653 Tim.
578 626 669 665 pag.
695 613 743 651 36
765 615 813 651 A.
829 612 939 651 Plato
962 612 1094 651 verbis
1113 626 1134 651 a
1153 611 1364 650 Plutarcho
1394 617 1397 650 ἔ
1425 626 1511 663 quae.
1529 614 1743 665 appellatur
1758 611 1815 650 διὰ
1832 610 2026 663 τεσσάρων.
2053 610 2178 658 Porro
2197 611 2231 650 si
2250 611 2299 650 de
2319 610 2466 651 chorda

326 674 451 712 allatis
473 673 654 720 declarat,
685 672 880 723 quomodo
901 672 1038 711 mundi
1068 671 1201 723 opifex
1224 670 1363 708 animae

326 733 528 772 mundanae
555 730 670 770 simul
693 730 953 781 aequalitatem
982 738 1020 768 et
1050 729 1276 768 varietatem

327 791 453 842 ἀμερὲς
484 790 544 829 καὶ
573 805 614 829 το
648 788 833 843 μεριστον)
857 788 1128 840 impertiveiit.
1161 790 1291 839 Atque
1326 786 1398 826 idi

327 848 515 901 quidem
498 862 580 900 Jam
594 863 616 887 a
634 849 889 900 Pythagoreis
908 849 1008 887 instr
1013 856 1257 887 umentmum
1282 861 1366 886 1311-
1393 867 1398 906 5

326 909 496 947 sicerum
510 908 796 960 comparatione
810 909 1114 946 demonstratum
1124 908 1242 946 fuisse
1253 921 1365 945 nemo
1393 909 1398 938 ἶ

326 966 494 1016 ignorat.
533 967 669 1019 Neque
702 968 837 1017 negari
870 975 1022 1018 potest,
1051 966 1147 1018 quin
1181 967 1366 1019 praeclarc

327 1027 570 1077 exprimatur
601 1039 733 1064 rerum
759 1034 974 1063 creatarum
995 1025 1191 1063 discordia
1211 1034 1248 1063 et
1269 1038 1364 1063 con--

327 1086 461 1124 cordia
482 1084 714 1123 chordarum
737 1098 832 1123 sono
854 1092 891 1122 et
917 1083 1052 1121 fidium
1086 1092 1213 1123 cantu.
1238 1084 1366 1129 Quum
1394 1095 1398 1120 ι

325 1146 428 1182 enim
451 1145 614 1195 singulae
648 1143 802 1182 chordae
835 1143 1015 1192 diversos¹
1046 1141 1147 1179 inter
1179 1154 1218 1180 se
1250 1155 1365 1179 sonos

327 1204 512 1252 reddant,
535 1203 730 1242 universae
758 1203 906 1240 musica
934 1201 1196 1238 modulatione
1220 1199 1365 1250 junctae

325 1272 554 1317 concentum
591 1262 675 1301 sive
702 1261 945 1300 hannoniam
976 1260 1167 1299 efficiunt.

1394 671 1454 725 ξ(
1470 673 1617 710 tertiam
1633 686 1702 724 pai
1706 681 1779 710 tem
1794 670 1957 708 demsei
1948 683 2004 717 1s
2028 669 2183 721 reliqua
2197 669 2354 709 chordae
2371 682 2464 722 pars

1309 727 1366 780 ῖτὸ
1394 726 1398 787 ξ
1426 731 1558 769 ieddet
1587 745 1724 770 sonum
1749 730 1784 768 G
1811 731 1892 769 sive
1925 727 1983 767 διὰ
2017 728 2140 778 πέντε,
2179 728 2464 782 proportioque

1427 789 1507 827 haec
1526 790 1709 828 exsistet.

1980 859 1998 889 3

1925 888 2204 948 2¹—3-=223

1841 979 1899 1066 021..
1837 862 1901 948 021..

1750 1003 1818 1037 sive
1926 1007 2218 1046 21=1.1-‚

1426 1087 1528 1126 unde
1553 1099 1671 1126 sonus
1694 1086 1726 1124 G
1745 1086 1858 1125 etiam
1882 1087 2039 1138 ἡμιόλιον
2060 1088 2099 1136 (ι
2122 1087 2160 1140 ὲ)
2187 1085 2368 1137 διάστημα
2401 1099 2466 1124 no-

1427 1147 1598 1185 minatur
1626 1146 1653 1186 i.
1684 1159 1715 1184 e.
1747 1147 2043 1198 sesquialterum
2075 1146 2352 1194 intervallum,
2381 1145 2467 1184 sive

1426 1207 1591 1245 dimidia
1619 1214 1728 1257 parte
1754 1206 1903 1256 adjecta
1926 1215 2071 1246 ottum.
2094 1205 2163 1244 Est
2186 1205 2290 1244 enim
2315 1204 2468 1250 hemio-

1223 1258 1363 1296 velum
1394 1282 1398 1319 Ι
1426 1265 1526 1313 1135,
1545 1265 1756 1314 interprete
1769 1264 1969 1302 Maciobio
1990 1265 2018 1304 l.
2035 1279 2070 1304 c.
2061 1293 2088 1313 .,
2105 1277 2225 1315 quum
2239 1263 2288 1302 de
2312 1261 2467 1302 duobus

326 1322 549 1373 quicunque
574 1320 655 1358 haec
676 1320 903 1370 diligentius
927 1317 1287 1366 consideraveiint,
1310 1318 1365 1355 sa·
1394 1321 1397 1358 Ι
1427 1322 1599 1361 numeris
1621 1322 1745 1373 major
1759 1321 1874 1360 habet
1889 1331 2009 1361 totum
2025 1322 2232 1369 minorem,
2250 1329 2288 1360 et
2305 1319 2467 1372 insuper

327 1389 478 1418 teantur
527 1393 623 1430 op01
628 1388 701 1426 tet,
756 1380 870 1416 istam
907 1377 1236 1429 comparationem
1286 1390 1364 1414 non

326 1452 458 1478 omnes
478 1436 619 1475 habere
646 1437 687 1475 in
708 1450 746 1475 se
778 1449 958 1475 numeros
988 1435 1190 1482 veritatis,
1223 1433 1290 1472 sed
1309 1448 1365 1472 so-

326 1497 400 1534 lam
429 1497 485 1534 rei
515 1490 825 1535 similitudinem.
858 1494 946 1532 Jam
973 1507 1020 1532 ne
1040 1493 1127 1544 quis
1144 1493 1184 1531 in
1205 1493 1364 1531 musicis

326 1555 480 1602 haereat,
504 1554 620 1592 latius
640 1553 873 1591 chordarum
894 1553 1084 1591 rationem
1103 1551 1362 1604 perscribam.

326 1614 500 1651 Primum
526 1613 647 1663 igitur
667 1620 840 1659 constat,
863 1612 1100 1662 diagramma
1121 1613 1203 1649 sive
1222 1605 1397 1649 scala1·¹n
1393 1629 1397 1640 ·

325 1674 509 1710 musicam
540 1685 561 1709 e
592 1679 737 1722 septem
770 1671 877 1709 sonis
922 1683 1074 1722 semper
1107 1669 1363 1709 redeuntibus

324 1746 428 1780 esse,
465 1733 518 1769 ita
551 1739 593 1769 ut
626 1731 714 1769 soni
754 1730 875 1780 gradu
909 1729 1011 1767 inter
1043 1742 1083 1767 se
1114 1728 1297 1767 differant
1328 1739 1365 1768 et

323 1792 439 1829 modo
461 1790 661 1840 graviores
679 1789 795 1827 modo
815 1788 1009 1826 acutiores
1031 1789 1121 1828 sint.
1144 1787 1275 1826 Nostri
1297 1801 1363 1827 eos

324 1851 539 1888 litterarum
559 1847 783 1886 nominibus
804 1856 988 1886 notarunt
1009 1862 1017 1884 ;
1034 1846 1270 1886 CDEFGAH
1286 1856 1359 1888 etc.

326 1909 381 1947 Ex
398 1909 460 1947 his
479 1908 508 1946 C
522 1917 578 1946 est
598 1920 714 1945 sonus
727 1906 954 1957 primarius,
971 1905 999 1943 F
1018 1914 1179 1956 quartus
1203 1905 1365 1955 ponitur

325 1969 408 2007 sive
427 1967 484 2006 διὰ
494 1965 687 2018 τεσσάρων,
700 1967 732 2004 G
746 1966 904 2016 quintus
916 1965 1000 2003 sive
1015 1964 1071 2002 διὰ
1082 1963 1209 2015 πέντε,
1224 1965 1364 2003 deinde

1426 1379 1512 1431 ejus
1528 1381 1795 1419 medietatem:
1822 1389 1864 1418 ut
1891 1388 1982 1419 sunt
2009 1380 2086 1418 tria
2110 1379 2159 1418 ad
2187 1378 2280 1418 (130.
2299 1377 2396 1417 Nam
2425 1378 2468 1417 in

1428 1439 1555 1479 tribus
1577 1450 1667 1479 sunt
1683 1440 1781 1489 duo,
1811 1449 1848 1478 et
1873 1440 2001 1479 media
2027 1453 2118 1492 pars
2144 1452 2303 1487 eorum,
2320 1437 2362 1477 id
2383 1432 2465 1486 est,

1426 1513 1559 1537 unum.
1580 1499 1628 1537 Et
1645 1512 1693 1537 ex
1706 1499 1780 1537 hoc
1795 1512 1972 1547 numero,
1995 1499 2064 1551 qui
2079 1498 2286 1537 hemiolius
2307 1496 2466 1545 dicitur,
2522 1518 2525 1547 2

1427 1558 1599 1597 nascitur
1631 1557 1884 1610 symphonia,
1916 1572 2001 1609 quae
2030 1557 2248 1615 appellatur
2274 1555 2343 1595 διὰ
2349 1554 2467 1595 πέντε
2488 1557 2490 1559 ’

1426 1616 1627 1654 Postremo
1647 1616 1772 1654 demta
1800 1629 1902 1654 nona
1920 1629 1990 1667 pai
1993 1624 2028 1654 te
2042 1611 2306 1666 deprehendes
2323 1626 2461 1653 sonum

1427 1675 1461 1712 D
1486 1675 1697 1714 secundum
1721 1688 1844 1725 parvo
1870 1675 2077 1713 intervallo
2104 1687 2127 1712 a
2145 1672 2336 1725 primario
2366 1685 2463 1711 sono

1426 1733 1630 1773 distantem
1645 1763 1655 1781 ,
1680 1733 1784 1784 quod
1807 1733 2054 1772 intervallum
2085 1746 2107 1771 a
2125 1731 2274 1771 Graecis
2291 1730 2386 1774 τόνος
2401 1729 2467 1768 di·-

1427 1802 1528 1831 etum
1549 1801 1619 1831 est.
1643 1795 1700 1830 De
1720 1792 1792 1831 hoc
1808 1792 1863 1831 sic
1881 1792 2059 1844 praecipit
2072 1791 2287 1830 Martianus
2309 1789 2469 1842 Capella

1426 1852 1498 1892 lib.
1518 1867 1563 1904 9:
1586 1852 1644 1890 «T
1647 1866 1744 1891 onus
1759 1852 1874 1904 spatii
1889 1852 2116 1903 magnitudo
2135 1850 2296 1903 est:qui
2309 1850 2396 1889 ideo
2409 1858 2468 1888 to-

1426 1926 1499 1952 nus
1516 1913 1642 1951 dietus
1669 1921 1742 1961 est,
1761 1913 1854 1962 quia
1866 1925 1936 1963 per
1954 1912 2028 1953 hoc
2045 1912 2214 1963 spatium
2229 1918 2328 1949 ante.
2333 1922 2468 1949 omnes

1426 1973 1555 2023 prima
1575 1984 1653 2010 vox
1672 1985 1758 2022 quae
1787 1970 1926 2018 sueiit,
1946 1971 2191 2018 extenditur
2216 1970 2292 2008 hoc
2317 1977 2390 2016 est,
2419 1968 2468 2007 de

325 2039 442 2066 sonus
462 2026 491 2064 C
496 2025 591 2077 ,qni
604 2033 692 2076 post
711 2023 744 2061 H
759 2024 874 2072 redit,
893 2032 1050 2062 octavus
1065 2022 1147 2061 Sive
1160 2021 1215 2061 δια
1226 2038 1361 2062 πασων.
1393 2037 1397 2053 ¹
1427 2038 1518 2068 nota
1543 2029 1750 2081 qualibet
1740 2043 1781 2068 1ss
1806 2038 1950 2080 notam,
1965 2038 2008 2068 ut
2025 2043 2048 2068 a
2078 2028 2239 2067 1nedia⁸
2228 2042 2272 2068 ln
2290 2040 2464 2080 parame-

326 2085 439 2123 Recte
465 2091 591 2121 autem
618 2082 736 2122 Henr.
758 2082 1007 2133 Stephanus
997 2095 1038 2120 111
1064 2080 1266 2120 Thesauro
1286 2055 1397 2118 113-Ι

324 2158 408 2196 guae
428 2155 561 2192 graecae
577 2141 853 2179 animadvertit
865 2140 1000 2192 ‚apud
1019 2139 1188 2178 musicos
1218 2139 1260 2177 in
1282 2139 1365 2177 har-

323 2202 542 2242 moniarum
568 2199 892 2252 appellationibus
912 2199 969 2238 διὰ
1001 2197 1127 2248 accipi
1147 2211 1221 2249 pro
1242 2198 1296 2245 ἐκ,
1320 2207 1362 2237 ut

326 2261 383 2300 διὰ
416 2261 539 2298 πασῶν
570 2259 619 2297 sit
649 2259 850 2296 harmonia
883 2271 932 2295 ex
961 2259 1143 2295 omnibus.
1180 2256 1360 2306 Accedit,

325 2320 430 2372 quod
456 2319 498 2357 in
521 2316 857 2356 modulationibus
886 2317 1049 2356 musicis
1080 2315 1248 2355 maxime
1278 2325 1361 2354 tum

323 2381 527 2432 primarius
553 2391 687 2426 sonus,
706 2385 787 2415 tum
813 2386 977 2429 quartus
1001 2385 1039 2415 et
1064 2376 1224 2427 quintus
1253 2375 1364 2415 adhi-
1394 2389 1399 2393 ·

323 2439 479 2477 bentur.
500 2436 695 2474 Dicuntur
715 2449 810 2475 vero
829 2435 1040 2488 ἑπτάχορδοι
1074 2433 1240 2488 ἁρμονίαι
1268 2448 1363 2472 003-

325 2506 458 2536 centus
478 2495 546 2546 qui
566 2503 710 2545 septem
727 2495 824 2533 fiunt
845 2495 1003 2534 chordis
1022 2507 1089 2532 seu
1108 2493 1254 2533 nervis.
1276 2492 1363 2531 Jam

323 2569 353 2594 ⁵1
385 2556 432 2594 de
472 2553 618 2592 Chorda
650 2553 679 2591 C
715 2555 911 2593 (llmidiam
956 2563 1106 2606 partem
1147 2553 1332 2592 demselis
1348 2580 1359 2602 ³
1425 2568 1560 2598 octava
1575 2573 1644 2611 pai
1647 2568 1682 2597 te
1702 2558 1834 2597 addita
1851 2566 1997 2597 natum.
2001 2543 2114 2595 'Bene
2132 2569 2226 2607 ergo
2241 2555 2467 2595 Macrobius
2486 2570 2496 2581 1

1424 2619 1451 2657 l.
1475 2634 1507 2658 c.
1535 2619 1618 2658 ait:
1639 2618 1848 2670 Epogdous
1871 2626 1928 2656 est
1957 2629 2158 2664 numerus,
2193 2614 2264 2667 qui
2291 2615 2396 2654 intra
2423 2627 2466 2654 se
2524 2669 2526 2671 .

1424 2676 1538 2717 habet
1551 2679 1741 2717 minorem
1765 2686 1803 2717 et
1815 2678 1976 2729 insuper
1998 2675 2081 2728 ejus
2095 2684 2274 2715 octavam
2287 2682 2436 2728 partem
2453 2687 2462 2712 :
2479 2682 2482 2685 ·

326 2615 478 2666 reliqua
510 2611 663 2651 chordae
686 2626 775 2664 pars
797 2614 932 2652 reddet
961 2627 1100 2652 sonum
1127 2612 1158 2651 C
1189 2612 1363 2651 redeun-

324 2683 420 2724 tem,
450 2672 665 2711 acutiorem
697 2673 911 2724 primario,
949 2674 1031 2712 sive
1064 2672 1119 2711 διὰ
1150 2673 1296 2719 πασῶν;
1328 2672 1361 2710 51

324 2741 514 2785 quartam,
546 2733 695 2782 reliqua
728 2733 880 2770 chordae
913 2746 1000 2784 pars
1019 2732 1152 2770 reddet
1178 2745 1313 2769 sonum
1334 2731 1362 2768 F

323 2793 407 2831 sive
432 2791 488 2829 διὰ
509 2789 707 2842 τεσσάρων,
729 2790 892 2842 ejusque
910 2791 1031 2843 partis
1051 2790 1254 2841 longitudo
1274 2804 1360 2828 cum

322 2851 484 2900 integrae
515 2848 665 2887 chordae
697 2848 944 2900 longitudine
976 2850 1115 2888 collata
1137 2849 1238 2888 hanc
1264 2863 1360 2901 pro-

323 2909 543 2961 portionem
558 2906 674 2945 habet
691 2921 699 2945 :

547 2978 565 3007 3
668 2977 686 3006 4

534 3005 894 3066 ῖ.ῖΞ3ἷ4

435 3093 1244 3184 sive}:1=3:3÷1=1:1—;-‚

320 3219 449 3270 itaque
468 3230 586 3257 sonus
607 3215 718 3268 C(=
748 3214 795 3266 4)
821 3227 898 3252 una
926 3213 1117 3264 particula
1143 3213 1274 3265 major
1292 3223 1351 3252 est

320 3291 435 3330 quam
453 3290 572 3316 sonus
591 3275 619 3314 F
639 3276 710 3327 (=
737 3275 794 3326 3).
817 3272 1008 3321 Quocirca
1029 3286 1146 3311 sonus
1165 3275 1194 3310 F
1217 3273 1352 3325 ἐπίτρι-

320 3352 378 3376 τον
402 3335 581 3386 διάστημα
601 3342 764 3374 vocatur
786 3332 814 3372 i.
837 3344 869 3369 e.
904 3331 1191 3381 sesquitertium
1222 3331 1350 3369 inter-

321 3395 467 3433 vallum
482 3424 494 3445 ,
518 3394 599 3432 sive
620 3393 731 3431 tertia
749 3398 858 3442 parte
885 3388 1071 3439 adjuncta
1096 3397 1242 3428 natum.
1264 3389 1347 3434 Qua

321 3454 367 3492 de
386 3466 427 3492 re
447 3452 667 3492 Macrobius
692 3452 735 3490 in
753 3448 953 3488 Somnium
974 3448 1170 3499 Scipionis
1191 3447 1263 3487 lib.
1288 3446 1340 3499 11,

1426 2102 1506 2128 sen.
1530 2107 1546 2123 »
1568 2088 1682 2127 Facta
1704 2097 1831 2127 autem
1851 2101 1896 2126 ea
1919 2086 2033 2139 cujus
2050 2087 2207 2149 memini
2232 2083 2462 2136 mutatione,

1425 2149 1629 2201 proportio
1655 2148 1738 2186 haec
1765 2148 1917 2186 oritur·

1690 2221 2058 2310 —g-:—}=8:9

1597 2342 1973 2430 sive—583-:1·=8
2000 2367 2348 2410 9÷1=1.13.

1428 2440 1685 2487 Quamobrem
1706 2440 1780 2478 hoc
1802 2439 1980 2507 διάστημα
1998 2437 2160 2490 ἐπόγδοον
2177 2449 2334 2489 quoque
2357 2437 2468 2476 voci-

1426 2508 1528 2538 tatur
1581 2501 1609 2539 i.
1651 2512 1686 2538 e.
1727 2498 2036 2550 sesquioctavum
2076 2496 2344 2544 intervallum,
2384 2496 2467 2535 sive

1424 2747 1466 2776 ut
1491 2751 1631 2777 novem
1649 2746 1686 2776 et
1706 2746 1816 2785 octo,
1841 2737 1935 2788 quia
1961 2736 2003 2775 in
2030 2747 2173 2774 novem
2189 2741 2277 2773 octo
2292 2741 2383 2773 sunt
2394 2739 2414 2782 ‚'
2427 2741 2465 2771 et

1423 2797 1584 2849 insuper
1600 2805 1733 2835 octava
1745 2809 1835 2848 pars
1849 2808 1994 2841 eorum,
2016 2793 2058 2833 id
2071 2802 2142 2843 est,
2158 2806 2292 2833 unum.
2302 2792 2378 2831 nic·
2389 2805 2463 2831 nu-

1423 2868 1552 2895 merus
1578 2869 1716 2895 sonum
1734 2855 1849 2907 parit,
1864 2867 1979 2905 quem
2002 2861 2122 2891 tonon
2142 2851 2282 2890 musici
2301 2864 2463 2890 vocave-

1423 2924 1528 2956 runt.
1547 2916 1746 2967 Superest,
1763 2923 1806 2953 ut
1824 2927 1846 2952 a
1859 2913 1987 2965 primo
2008 2920 2101 2953 tono
2114 2912 2149 2950 D
2168 2910 2216 2949 ad
2230 2909 2459 2958 secundum,

1423 2975 1464 3013 id
1478 2984 1557 3027 est,
1573 2975 1604 3013 E
1618 2973 1912 3027 progrediamur
1924 2972 2051 3010 demta
2065 2984 2165 3009 nona
2181 2978 2293 3022 parte
2308 2969 2463 3008 chordae

1426 3034 1481 3083 D;
1495 3034 1634 3073 deinde
1647 3033 1781 3072 eodem
1797 3031 1913 3069 modo
1929 3039 2050 3069 totum
2064 3028 2313 3068 intervallum
2328 3040 2352 3066 a
2365 3041 2462 3069 sono

1422 3093 1456 3131 G
1476 3106 1596 3145 usque
1625 3092 1673 3131 ad
1702 3091 1759 3130 διὰ
1781 3091 1904 3129 πασῶν
1934 3102 2073 3128 sonum
2095 3088 2200 3126 tonis
2225 3086 2461 3138 explendum
2510 3100 2523 3128 s

1422 3161 1490 3200 est,
1509 3152 1611 3191 unde
1630 3159 1836 3190 nascentur
1863 3148 1949 3188 soni
1969 3148 2020 3198 Α,
2049 3147 2093 3185 Η.
2124 3145 2235 3185 Nune
2264 3146 2461 3197 quomodo
2516 3168 2525 3211 τι

1421 3211 1716 3250 intervallorum
1740 3209 1929 3248 rationem
1948 3205 2076 3245 Graeci
2104 3204 2362 3254 reddiderint,
2388 3218 2459 3243 ex-

1421 3270 1657 3321 ponendum.
1683 3268 1738 3306 Ea
1768 3275 1905 3306 nostrae
1932 3265 2099 3304 maxime
2127 3264 2326 3303 contraria
2363 3274 2458 3304 erat.

1422 3329 1601 3381 Exempli
1626 3341 1740 3367 causa
1780 3327 1814 3366 si
1843 3326 1961 3364 totius
1990 3323 2146 3363 chordae
2172 3323 2458 3374 longitudinem

1419 3402 1579 3427 numero
1611 3385 1850 3426 duodenario
1889 3392 2087 3431 notemus,
2130 3382 2372 3422 diatessaron
2401 3390 2461 3422 est

1416 3457 1638 3488 nostrorum
1654 3445 1853 3486 hominum
1878 3443 2029 3494 judicio
2048 3454 2059 3478 ε
