2508 3776
269 235 349 274 480

267 333 374 372 τερον·
394 318 454 357 καὶ
473 316 548 355 δέον
565 315 624 353 τὸν
642 313 723 365 περὶ
742 313 872 364 ἀρετῶν
889 310 1125 362 σκοπούμενον
1146 312 1207 351 καὶ
1221 312 1301 364 περὶ

267 380 390 425 ἡδονῆς
420 378 539 414 εἰπεῖν·
570 373 630 412 καὶ
659 371 712 410 ὅτι
744 371 807 418 τὴν
829 370 1053 421 εὐδαιμονίαν
1085 371 1159 420 μεθ’
1181 371 1306 418 ἡδονῆς

269 452 355 479 τινες
374 428 462 473 εἷναί
477 446 576 487 φασι·
594 433 605 456 s
622 431 676 470 διὸ
696 429 757 468 καὶ
782 429 841 468 τὸν
873 430 1047 482 μακάριον
1075 429 1305 480 ὀνομάζουσιν

268 494 337 532 ἀπὸ
367 497 426 531 τοῦ
452 492 604 545 χαίρειν.
627 489 771 538 Ῥητεόν
793 489 829 527 δὲ
852 488 1020 551 πρότερον
1044 489 1067 527 ἃ
1093 492 1163 533 τοῖς
1185 489 1301 532 ἄλλοις

266 552 345 606 περὶ
370 552 490 591 τούτου
512 553 618 591 δοκεῖ.

319 612 340 636 *
355 615 439 656 Τοῖς
461 611 522 661 μὲν
545 605 602 649 οῧν
624 610 783 659 οὐδαμῶς
801 607 896 645 δοκεῖ
908 608 1036 658 ἀγαθὸν
1059 601 1147 646 εἶναι
1161 609 1183 654 ἡ
1199 605 1307 653 ἡδονὴ

267 671 346 710 οὔτε
362 672 440 709 καθ’
462 670 545 709 αὑτὸ
564 668 643 707 οὔτε
665 666 758 706 κατὰ
777 665 1011 715 συμὸεόηκός·
1044 668 1082 705 οὐ
1112 666 1180 719 γὰρ
1206 665 1308 715 νομί-

267 733 361 775 ζουσι
379 729 544 767 δύνασθαι
565 727 603 767 τὸ
626 727 708 766 αὐτὸ
728 726 787 765 καὶ
811 725 942 778 ἀγαθὸν
972 719 1060 764 εἶναι
1090 725 1150 763 καὶ
1169 723 1307 771 ἡδονήν.

266 792 349 834 Τοῖς
369 788 405 827 δὲ
424 790 555 842 φαῦλαι
579 787 640 837 μὲν
666 787 702 824 αἱ
728 784 869 829 πλείους
903 785 1044 823 δοκοῦσι
1059 786 1128 823 τῶν
1150 785 1282 831 ἡδονῶν
1296 814 1306 830 ,

267 849 352 887 ἔνιαι
374 847 410 886 δὲ
431 845 559 898 ἀγαθαί
567 845 726 888 ’Ἄλλοις
745 842 780 883 δὲ
798 844 926 891 ἐδόκει,
949 845 979 882 εἷ
1006 844 1064 882 καὶ
1086 848 1184 881 πᾶσα
1201 841 1307 888 ἡδονὴ

268 908 415 958 ἀγαθόν,
435 907 513 944 ἀλλ’
534 906 693 953 οὐδαμῶς
719 902 919 955 ἐνδέχεσθαι
939 903 980 941 τὸ
1001 903 1095 946 τέλος
1114 901 1241 949 ἡδονὴν
1259 895 1310 939 εἷ-

267 982 336 1004 ναι.
372 965 426 1005 Τὰ
454 965 515 1016 μὲν
541 958 601 1003 οῧν
633 964 797 1002 δοκοῦντα
832 962 913 1015 περὶ
946 965 1008 1010 τῆς
1041 963 1165 1009 ἡδονῆς
1199 959 1309 999 ταῦτά

267 1026 354 1066 ἐστι.

324 1082 494 1134 (Scripsi
519 1096 527 1119 :
550 1074 638 1120 εἷναί
658 1080 770 1134 φασι]
792 1080 877 1119 cod.
895 1073 983 1118 εἶναι
998 1077 1094 1131 φασί.
1111 1078 1189 1130 -)

696 1209 787 1260 Κεφ.
821 1205 882 1254 ιη’.

538 1319 614 1352 Ὅτι
633 1319 769 1360 οὐδεμία
788 1318 890 1357 ἡδονὴ
908 1317 1038 1359 ἀγαθόν.

321 1422 363 1446 **
382 1420 526 1469 Ῥητέον
546 1420 582 1459 δὲ
607 1421 651 1459 δι’
672 1419 693 1458 ἃ
715 1419 862 1458 ἕκαστον
881 1417 1001 1457 ἐδόκει,
1030 1419 1077 1456 Οἱ
1099 1416 1161 1467 μὲν
1179 1409 1237 1454 οῧν
1256 1415 1312 1453 λέ-

265 1496 383 1532 γοντες
403 1479 578 1530 μηδεμίαν
594 1477 720 1525 ἡδονὴν
734 1476 861 1528 ἀγαθὸν
881 1471 968 1514 εἶναι
981 1476 1088 1518 οὕτως
1103 1473 1313 1527 ἐπεχείρουν·

261 1546 366 1578 ’πᾶσα
386 1537 489 1587 ἡδονὴ
508 1537 638 1590 γένεσίς
659 1538 752 1575 ἐστιν
769 1536 818 1580 εἷς
837 1534 938 1588 φύσιν
959 1536 1120 1581 αἰσθητή·
1140 1537 1161 1580 ἡ
1181 1534 1247 1584 γὰρ
1266 1534 1312 1578 εἷς

268 1599 330 1647 τὴν
355 1598 456 1652 φύσιν
477 1596 608 1649 γένεσις
628 1598 696 1635 τῶν
717 1597 833 1649 φυτῶν
856 1595 919 1633 οὐκ
935 1588 1022 1632 οὖσα
1043 1591 1208 1639 αἰσθητή,
1228 1593 1314 1638 ἡδο-

267 1656 310 1704 νὴ
327 1659 389 1696 οὒκ
410 1655 512 1695 ἔστιν·
545 1657 574 1694 εἷ
594 1655 706 1693 τοίνυν
731 1657 753 1701 ἡ
774 1651 881 1702 ἡδονὴ
903 1651 1056 1704 γένεσις,
1078 1654 1099 1699 ἡ
1123 1650 1159 1689 δὲ
1178 1650 1310 1702 γένεσις

272 1717 408 1764 ἀτελές,
438 1715 477 1753 τὸ
498 1714 533 1753 δὲ
557 1713 675 1757 ἀτελὲς
695 1714 756 1752 οὒκ
775 1712 868 1751 ἔστιν
889 1711 1016 1763 ἀγαθόν
1032 1740 1042 1759 ,
1059 1713 1081 1758 ἡ
1102 1709 1207 1757 ἡδονὴ
1242 1709 1312 1762 ἄρα

269 1779 333 1815 οὐκ
354 1775 444 1814 ἔστιν
466 1774 607 1826 ἀγαθόν·
629 1773 755 1825 ἀγαθὸν
787 1772 855 1825 γὰρ
887 1772 926 1810 τὸ
952 1771 1019 1818 ἤδη
1041 1770 1200 1822 γεγονός,
1220 1771 1258 1808 οὗ
1275 1770 1315 1808 τὸ

270 1835 435 1886 γίνεσθαι·
457 1835 495 1872 οὗ
529 1833 597 1885 γάρ
619 1835 710 1871 ἐστιν
731 1832 748 1849 *
778 1835 800 1879 ἡ
823 1831 954 1881 γένεσις
974 1828 1141 1881 ὁμογενὴς
1165 1831 1235 1873 τοῖς
1253 1828 1313 1868 τέ-

271 1895 384 1941 λεσιν,
406 1894 451 1936 εἷς
467 1892 489 1930 ἃ
513 1894 671 1944 τελευτᾷ·
694 1892 731 1930 οὗ
746 1891 814 1943 γὰρ
835 1893 857 1937 ἡ
880 1888 1059 1938 οἰκοδομία
1076 1887 1243 1938 ὁμογενὴς
1266 1889 1316 1940 τῷ

271 1952 370 2004 οἴκῳ.
399 1952 481 1991 Ἔτι
510 1954 527 1990 ὁ
556 1949 702 2004 σώφρων
722 1949 842 2001 φεύγει
864 1948 909 1987 τὰ
944 1947 1092 2000 φευκτά·
1126 1948 1315 1990 σπουδαῖος

271 2011 352 2063 γάρ·
373 2010 490 2064 φεύγει
511 2009 547 2048 δὲ
584 2009 645 2053 τὰς
675 2009 816 2056 ἡδονάς·
838 2010 874 2054 ,ἡ
906 2006 1013 2054 ἡδονὴ
1048 2006 1114 2059 ἄρα
1144 2004 1315 2044 οὐκέστιν

273 2070 414 2120 ἀγαθόν.
434 2066 516 2108 Ἔτι
536 2071 554 2107 ὃ
573 2068 735 2122 φρόνιμος
760 2066 800 2105 τὸ
815 2065 942 2117 ἀγαθὸν
959 2064 1085 2103 διώκει·
1100 2063 1163 2111 τὴν
1185 2061 1312 2110 ἡδονὴν

274 2127 310 2166 δὲ
329 2130 367 2165 οὐ
386 2127 512 2165 διώκει·
530 2126 650 2178 τὸγὰρ
666 2127 798 2164 ἄλυπον
814 2124 947 2174 διώκει,
967 2124 1005 2162 οὗ
1021 2123 1060 2161 τὸ
1073 2123 1150 2170 ἡδύ·
1167 2124 1230 2161 οὔκ
1247 2121 1316 2173 ἄρα

273 2189 294 2233 ἡ
313 2185 419 2233 ἡδονὴ
442 2184 585 2236 ἀγαθόν.
608 2183 690 2223 Ἔτι
712 2184 876 2235 ἐμπόδιον
891 2187 913 2230 ἡ
933 2182 1040 2230 ἡδονὴ
1062 2184 1104 2233 τῇ
1126 2180 1313 2234 φρονήσει,

273 2245 332 2283 καὶ
351 2243 507 2297 τοσούτῳ
527 2245 659 2293 μᾶλλον
672 2274 680 2289 ,
700 2243 772 2296 ὅσῳ
799 2245 924 2293 μείζων
945 2245 966 2289 ἡ
984 2241 1106 2288 ἡδονή·
1123 2240 1231 2284 οὐδεὶς
1250 2239 1318 2291 γὰρ

274 2303 418 2342 δύναται
444 2304 478 2340 ἐν
504 2304 579 2346 ταῖς
598 2301 778 2353 μεγίσταις
799 2302 939 2348 ἡδοναῖς
957 2300 1004 2339 ὢν
1022 2299 1147 2347 νοῆσαί
1161 2314 1209 2339 τι.
1231 2297 1317 2338 Ἔτι

273 2369 343 2400 πᾶν
363 2362 490 2412 ἀγαθὸν
509 2361 634 2414 τέχνης
654 2359 766 2413 ἔργον·
787 2361 949 2412 οὐδεμιᾶς
965 2359 1000 2397 δὲ
1023 2359 1149 2411 τέχνης
1168 2356 1267 2410 ἔργον
1288 2359 1310 2404 ἡ

274 2421 393 2470 ἡδονή·
422 2422 484 2459 οὐκ
512 2421 580 2473 ἄρα
616 2419 756 2472 ἀγαθόν.
780 2417 864 2458 ”Eu
895 2423 939 2458 τὰ
975 2418 1078 2470 θηρία
1106 2419 1222 2458 διώκει
1256 2416 1319 2460 τὰς

276 2480 420 2527 ἡδονάς,
452 2479 510 2518 καὶ
537 2478 581 2517 τὰ
601 2479 724 2517 παιδία
758 2479 893 2530 ἀλόγως
926 2477 1111 2530 φερόμενα·
1130 2476 1148 2514 ὃ
1165 2476 1200 2516 δὲ
1222 2477 1319 2523 ζητεῖ

276 2540 319 2578 τὰ
348 2539 480 2589 ἀλόγως
500 2537 708 2588 κινούμενα,
737 2538 799 2576 οὐκ
830 2536 923 2576 ἔστιν
955 2535 1095 2588 ἀγαθόν·
1117 2536 1180 2574 οὐκ
1204 2535 1272 2588 ἄρα
1294 2536 1316 2581 ἡ

277 2597 382 2645 ἡδονὴ
405 2596 548 2648 ἀγαθόν.

331 2654 393 2678 ***
416 2654 501 2694 ιὈτι
522 2654 556 2693 δὲ
578 2655 615 2693 οὗ
639 2659 737 2693 πᾶσα
753 2652 859 2701 ἡδονὴ
887 2653 1014 2705 ἀγαθὸν
1047 2653 1176 2701 ἐδόκει,
1200 2653 1257 2690 διὰ
1280 2650 1318 2690 τὸ

278 2715 352 2754 ἔνια
374 2717 442 2753 τῶν
470 2714 582 2760 ἡδέων
612 2713 767 2766 βλαὸερὰ
787 2706 874 2752 εἶναι
901 2712 961 2751 καὶ
980 2712 1115 2759 νοσώδη
1129 2742 1140 2760 ,
1159 2712 1218 2752 καὶ
1239 2713 1318 2759 ἡδο-

278 2773 336 2817 νάς
353 2788 447 2814 τινας
470 2771 617 2824 αἰσχρὰς
637 2772 695 2810 καὶ
716 2772 979 2816 ἐπονειδίστους.

330 2832 391 2855 ***
417 2831 502 2870 “Ort
522 2831 558 2868 δὲ
576 2830 722 2869 οὐκέστι
735 2831 773 2869 τὸ
793 2830 888 2874 τέλος
906 2835 928 2878 ἡ
945 2832 1069 2879 ἡδονή,
1087 2831 1174 2870 διότι
1189 2828 1319 2880 γε’νεσίς

279 2890 428 2931 ἐστικαὶ
444 2889 577 2937 κίνησίς
598 2905 647 2933 τις
661 2918 671 2936 ,
699 2889 737 2926 τὸ
754 2889 789 2927 δὲ
810 2888 905 2934 τέλος
930 2892 1026 2944 ὅρος,
1049 2894 1097 2935 εἷς
1118 2892 1154 2930 ὃν
1173 2895 1194 2938 ἡ
1214 2890 1317 2936 κίνη-

240 2955 242 2958 ’
278 2966 341 2994 σις’
377 2949 421 2987 τὰ
444 2948 505 2998 μὲν
527 2941 584 2987 οῧν
617 2947 787 2999 λεγόμενα
809 2950 931 3000 σχεδὸν
954 2951 1033 3003 περὶ
1065 2952 1189 2997 ἡδονῆς
1207 2949 1318 2987 ταῦτά

279 3010 368 3048 ἔστι.
388 3006 530 3046 Τούτων
548 3005 595 3065 δὲυ
614 3005 653 3043 τὸ
671 3006 732 3055 μὲν
753 3008 819 3044 τῶν
844 3008 974 3052 ἡδονῶν
996 3009 1059 3052 τὰς
1080 3008 1142 3058 μὲν
1164 3005 1316 3057 ἀγαθάς,

279 3067 339 3109 τὰς
356 3065 392 3104 δὲ
412 3064 545 3117 φαύλας
564 3065 650 3101 εἶναι
680 3064 812 3108 ἀληθές·
840 3064 884 3102 τὰ
918 3067 951 3104 δὲ
975 3067 1079 3105 λοιπὰ
1102 3066 1236 3119 ψεῦδος·
1259 3063 1319 3103 καὶ

280 3125 460 3177 πειρατέον
482 3122 648 3175 ἐλέγχειν·
672 3121 732 3160 καὶ
755 3125 889 3174 πρῶτον
911 3126 1070 3177 περὶτοῦ
1098 3124 1237 3177 πρώτου
1262 3122 1319 3161 λε’-

281 3200 411 3236 γωμεν.

336 3242 534 3295 (Scripsi*
556 3259 563 3280 :
586 3241 654 3293 γάρ
676 3240 789 3291 ἔστιν]
812 3242 933 3292 vulgo
954 3243 1020 3294 γὰρ
1042 3242 1149 3282 ἔστιν.
1166 3248 1242 3292 -)

1098 224 1167 263 ΑΝ
1172 223 1307 263 DRON
1316 223 1380 262 ICI
1410 222 1589 262 RHODH

1368 316 1485 348 vitium
1499 316 1532 348 in
1542 315 1768 358 voluptatibus
1782 323 1820 347 ac
1831 315 2010 353 doloribus,
2029 317 2067 348 ut
2083 325 2182 358 supra
2197 315 2326 349 dictum
2340 316 2402 355 est,

1367 368 1542 399 versantur
1569 365 1811 408 :quamobrem
1842 365 1938 398 decet
1965 365 2129 398 hominem
2157 366 2199 399 de
2225 365 2408 399 virtutibus

1368 418 1642 449 commentantem
1671 416 1770 448 etiam
1798 415 1840 448 de
1865 415 2036 456 voluptate
2059 415 2150 458 loqui
2170 426 2178 446 ε
2205 416 2290 449 adde
2316 414 2408 458 quod

1370 467 1471 498 vitam
1499 467 1628 499 beatam
1656 465 1791 509 quidam
1822 474 1898 497 cum
1927 464 2097 507 voluptate
2121 466 2307 507 copulatam
2336 473 2409 499 esse

1368 514 1487 555 aJunt:
1516 516 1716 556 quapropter
1748 516 1781 545 et
1808 513 1942 545 beatum
1973 521 1993 543 a
2021 511 2191 553 gaudendo
2228 513 2409 546 nominant.

1367 561 1430 594 Sed
1449 561 1540 603 prius
1559 560 1750 598 dicendum,
1770 568 1846 602 quae
1865 559 1939 591 aliis
1958 558 1999 590 de
2016 558 2078 591 hac
2097 569 2132 592 re
2155 559 2342 596 videantur.

1411 617 1491 650 Aliis
1506 626 1582 660 ergo
1600 626 1810 660 nequaquam
1827 625 1886 650 nec
1898 625 1958 658 per
1976 624 2010 648 se
2027 624 2086 647 nec
2102 624 2161 657 per
2178 615 2331 649 accidens
2345 615 2407 649 bo-

1368 686 1448 710 num
1465 676 1597 710 videtur
1615 686 1686 710 esse
1704 676 1858 719 voluptas
1874 688 1883 708 ι
1901 684 2008 717 neque
2029 674 2117 707 enim
2133 674 2221 707 idem
2237 676 2271 707 et
2288 674 2411 708 bonum

1369 739 1403 769 et
1421 736 1627 779 voluptatem
1640 745 1711 770 esse
1729 745 1825 779 posse
1838 735 2053 768 arbitrantur.
2075 733 2156 766 Aliis
2174 730 2291 766 rursus
2315 732 2413 766 inho-

1369 798 1472 829 nestae
1491 796 1656 840 pleraeque
1678 796 1865 839 voluptates
1877 821 1885 835 ‚
1903 794 2056 837 quaedam
2077 795 2110 825 et
2136 792 2231 825 bonae
2244 790 2411 825 videntur.

1371 854 1435 887 Alii
1449 854 1591 897 denique
1617 856 1831 895 statuebant,
1849 852 1979 887 etiamsi
1997 851 2104 884 omnis
2122 849 2277 892 voluptas
2291 848 2412 882 bonum

1370 916 1475 952 esset,
1491 913 1624 946 minime
1640 916 1750 946 tamen
1765 913 1971 955 voluptatem
1985 911 2084 943 finem
2097 917 2169 942 esse
2183 916 2290 951 posse.
2305 909 2415 952 Atque

1371 973 1422 1006 hae
1438 972 1573 1016 quidem
1587 973 1727 1006 aliorum
1746 972 1788 1006 de
1805 973 1976 1014 voluptate
1992 972 2070 1004 sunt
2085 966 2264 1011 opiniones.

1787 1213 1865 1255 Cap.
1886 1216 2002 1248 XVIII.

1623 1307 1741 1336 Nullam
1761 1309 1949 1346 voluptatem
1964 1310 2080 1340 bonum
2093 1317 2164 1341 esse.

1416 1413 1490 1444 Jam
1513 1421 1593 1444 vero
1619 1421 1728 1445 causae
1756 1417 1890 1456 propter
1918 1425 2003 1457 quas
2029 1417 2147 1458 singuli
2173 1418 2236 1450 hoc
2254 1421 2313 1451 aut
2333 1416 2419 1452 illud

1375 1460 1566 1497 statuerint,
1603 1461 1804 1501 explicandae
1835 1466 1922 1495 sunt.
1948 1463 2013 1501 Qui
2038 1473 2116 1506 ergo
2143 1465 2268 1498 nullam
2287 1466 2420 1498 omnino

1375 1508 1578 1550 voluptatem
1595 1508 1718 1540 honum
1736 1518 1807 1542 esse
1819 1511 1999 1552 putabant,
2017 1510 2064 1544 ita
2080 1513 2394 1553 argumentabantur
2408 1522 2417 1542 τ

1374 1554 1479 1586 omnis
1497 1555 1651 1597 voluptas
1670 1555 1713 1587 ad
1738 1559 1891 1589 naturam
1916 1560 2012 1590 ortus
2031 1560 2081 1591 est
2101 1559 2160 1601 qui
2181 1568 2280 1592 sensu
2298 1560 2421 1602 percipi

1375 1601 1476 1643 possit
1499 1614 1506 1633 :
1531 1603 1719 1644 plantarum
1738 1612 1856 1646 nempe
1873 1605 1914 1637 ad
1933 1609 2087 1639 naturam
2107 1609 2219 1645 ortus,
2243 1608 2270 1640 si
2292 1617 2356 1641 non
2377 1608 2421 1641 sit

1375 1650 1552 1688 sensibilis,
1571 1660 1634 1683 uon
1647 1653 1698 1682 est
1720 1651 1874 1692 voluptas
1892 1665 1900 1684 ;
1922 1653 1949 1684 si
1965 1661 2042 1694 ergo
2061 1653 2213 1695 voluptas
2232 1656 2283 1686 est
2299 1657 2395 1687 ortus
2407 1681 2414 1692 ,

1373 1701 1467 1730 ortus
1483 1700 1594 1730 autem
1601 1699 1652 1730 est
1662 1697 1883 1738 imperfectus,
1900 1698 1983 1731 illud
1996 1708 2074 1732 vero
2087 1699 2177 1742 quod
2192 1699 2422 1742 imperfectum

1374 1745 1516 1777 habetur
1537 1753 1602 1775 non
1621 1746 1672 1776 est
1693 1744 1836 1783 bonum,
1866 1746 2020 1787 voluptas
2047 1755 2183 1789 quoque
2206 1755 2272 1779 non
2285 1749 2334 1779 est
2353 1747 2416 1780 bo-

1375 1802 1455 1825 num
1476 1805 1483 1823 ι
1510 1790 1667 1823 nimirum
1692 1791 1783 1833 quod
1800 1793 1867 1833 Jam
1898 1791 2023 1825 factum
2048 1796 2117 1832 est,
2141 1803 2206 1826 nou
2227 1794 2336 1836 ipsum
2352 1795 2422 1827 fieri

1374 1841 1495 1873 bonum
1511 1848 1666 1870 vocamus
1689 1851 1696 1870 :
1712 1848 1819 1880 neque
1836 1839 1921 1870 enim
1940 1842 2098 1881 cognatus
2116 1839 2256 1879 finibus,
2275 1840 2311 1873 in
2332 1850 2422 1883 quos

1376 1887 1496 1920 desinit
1508 1911 1515 1925 ‚
1537 1888 1587 1918 est
1599 1888 1694 1918 ortus
1710 1898 1718 1917 ι
1737 1886 1822 1918 sicut
1843 1895 1903 1918 nec
1921 1887 2067 1928 ejusdem
2087 1887 2215 1929 generis
2227 1896 2304 1920 cum
2317 1887 2423 1920 aedifi-

1376 1934 1427 1966 cio
1444 1936 1494 1966 est
1517 1932 1702 1965 aedificatio.
1726 1934 1863 1974 Insuper
1887 1943 1963 1975 quae
1979 1933 2135 1976 fugienda
2154 1936 2232 1967 sunt
2255 1933 2341 1976 fugit
2371 1935 2423 1968 vir

1375 1982 1563 2023 temperans
1580 1992 1588 2012 :
1605 1982 1655 2012 est
1669 1979 1756 2012 enim
1773 1980 1933 2013 honestus
1947 1990 1955 2010 ι
1977 1980 2062 2023 fugit·
2083 1983 2194 2014 autem
2207 1982 2395 2024 voluptates
2411 1991 2422 2013 t

1376 2029 1530 2069 voluptas
1548 2036 1624 2070 ergo
1651 2037 1715 2059 non
1737 2029 1788 2059 est
1816 2027 1949 2060 bonum.
1979 2028 2065 2066 Quin
2087 2029 2187 2062 etiam
2211 2029 2263 2062 vir
2278 2029 2424 2072 prudeus

1377 2075 1527 2117 sequitur
1548 2075 1583 2106 id
1595 2074 1686 2116 quod
1704 2074 1827 2106 bonum
1841 2076 1892 2107 est
1907 2085 1915 2106 ε
1933 2075 2140 2116 voluptatem
2157 2077 2269 2108 autem
2288 2085 2353 2110 non
2369 2086 2423 2111 se-

1377 2125 1492 2167 quitur
1512 2134 1518 2154 :
1535 2132 1612 2155 nam
1629 2121 1753 2154 doloris
1771 2121 1974 2153 vacuitatem
1999 2121 2128 2163 potius,
2157 2130 2260 2164 quam
2274 2123 2423 2166 volupta.

1378 2173 1446 2203 tem
1462 2169 1555 2211 sequi
1571 2167 1673 2199 solet:
1693 2167 1847 2208 voluptas
1862 2166 1963 2208 igitur
1977 2175 2041 2198 non
2053 2170 2103 2199 est
2118 2166 2254 2200 bonum.
2274 2169 2423 2202 Praeter-

1380 2225 1418 2248 ea
1436 2213 1619 2257 prudentiae
1637 2211 1748 2244 obstat
1770 2211 1942 2253 voluptas,
1969 2214 2075 2253 eoque
2096 2212 2218 2253 magis,
2239 2222 2308 2255 quo
2320 2214 2424 2255 major

1379 2262 1430 2292 est
1450 2259 1603 2300 voluptas
1621 2271 1629 2289 ι
1651 2266 1747 2289 nemo
1762 2256 1918 2288 videlicet
1937 2255 1995 2296 qui
2013 2255 2168 2288 maximis
2196 2257 2425 2299 voluptatibus

1380 2305 1503 2343 servit,
1525 2302 1709 2345 quidquam
1737 2301 1846 2334 animo
1866 2300 1992 2342 agitare
2012 2302 2133 2342 potest.
2166 2302 2304 2344 Insuper
2321 2301 2422 2344 quid-

1380 2349 1463 2392 quid
1478 2350 1528 2382 est
1542 2348 1665 2380 bonum
1675 2373 1682 2385 ,
1699 2346 1782 2378 artis
1797 2354 1880 2387 opus
1896 2347 1947 2377 est
1967 2345 2112 2377 :nullius
2125 2348 2236 2378 autem
2246 2347 2328 2380 artis
2341 2351 2426 2390 opus

1378 2396 1429 2426 est
1445 2394 1598 2435 voluptas
1615 2401 1622 2420 :
1639 2391 1792 2432 voluptas
1807 2389 1908 2430 igitur
1926 2391 2051 2421 nonest
2069 2389 2203 2422 bonum.
2227 2391 2315 2428 Quin
2325 2391 2425 2424 etiam

1378 2441 1492 2474 bestiae
1508 2443 1541 2473 et
1560 2438 1674 2482 pueri,
1704 2437 1763 2479 qui
1794 2437 1863 2469 sine
1887 2436 2014 2469 ratione
2041 2435 2204 2474 feruntur,
2234 2438 2423 2481 voluptates

1378 2488 1559 2521 consectari
1579 2487 1684 2519 solent
1706 2496 1714 2516 2
1735 2484 1825 2526 quod
1845 2492 1922 2516 vero
1939 2492 1978 2516 ea
1993 2492 2070 2526 quae
2089 2483 2159 2516 sine
2174 2483 2300 2518 ratione
2313 2484 2422 2519 ferun-

1378 2539 1435 2569 tur
1451 2536 1626 2577 expetunt,
1660 2541 1725 2565 non
1750 2533 1801 2564 est
1825 2531 1949 2564 bonum
1969 2543 1978 2563 z
2007 2529 2161 2572 voluptas
2187 2537 2264 2571 ergo
2285 2536 2350 2561 non
2374 2529 2425 2561 est

1379 2584 1513 2617 bonum.

1421 2632 1496 2663 Jam
1517 2637 1596 2661 vero
1619 2636 1683 2659 non
1708 2635 1840 2658 omnem
1856 2625 2064 2666 voluptatem
2082 2622 2206 2655 bonum
2219 2630 2291 2655 esse
2303 2621 2427 2654 idcireo

1382 2672 1557 2705 censebant
1570 2695 1577 2706 .
1609 2669 1688 2710 quia
1719 2667 1875 2700 nonnulla
1902 2675 1978 2708 quae
2003 2664 2152 2707 jucunda
2177 2666 2255 2697 sunt
2279 2665 2352 2696 tum
2371 2663 2428 2696 da-

1381 2723 1496 2748 mnum
1506 2711 1674 2747 afferrent,
1692 2712 1763 2741 tum
1780 2709 1912 2741 morbos
1927 2707 2096 2749 gignerent
2107 2709 2140 2738 et
2149 2705 2229 2748 quia
2238 2704 2426 2746 voluptates

1380 2755 1534 2799 quaedam
1549 2756 1619 2794 tam
1638 2754 1752 2793 turpes
1778 2759 1877 2792 quam
1895 2749 2061 2791 probrosae
2076 2748 2195 2780 essent.

1423 2816 1489 2851 Sed
1510 2824 1569 2848 nec
1581 2814 1679 2847 tinem
1698 2821 1770 2845 esse
1794 2811 2000 2853 voluptatem
2013 2835 2021 2848 ,
2041 2808 2121 2851 quia
2137 2805 2306 2850 generatio
2325 2808 2376 2840 est
2391 2807 2426 2839 et

1381 2879 1510 2915 motus,
1526 2874 1599 2907 finis
1612 2882 1691 2906 vero
1710 2871 1873 2904 terminus
1899 2872 1966 2910 est,
1991 2868 2034 2902 ad
2055 2876 2156 2911 quem
2177 2865 2283 2900 tendit
2299 2867 2423 2899 motus.

1381 2939 1423 2970 Et
1438 2937 1511 2968 haec
1528 2933 1664 2976 quidem
1683 2929 1752 2964 fere
1782 2932 1879 2967 sunt,
1907 2938 1983 2971 quae
2009 2927 2051 2960 de
2067 2926 2238 2968 voluptate
2256 2923 2422 2957 dicuntur.

1381 2997 1506 3028 Verum
1525 3001 1607 3034 quas
1624 2987 1955 3023 commemoravimus
1983 2985 2173 3026 voluptates
2196 2982 2279 3016 alias
2299 2982 2421 3020 bonas,

1382 3055 1464 3088 alias
1475 3053 1580 3086 malas
1593 3060 1665 3084 esse
1676 3076 1683 3088 ‚
1706 3058 1785 3081 vera
1801 3046 1911 3090 opinio
1926 3046 1977 3078 est
1996 3057 2005 3076 :
2024 3043 2162 3085 reliquae
2186 3050 2263 3074 vero
2284 3043 2318 3074 et
2330 3041 2423 3074 falsae

1382 3114 1460 3146 sunt
1475 3114 1509 3144 et
1524 3119 1584 3152 pro
1599 3107 1728 3141 viribus
1746 3103 1954 3138 confutandae
1978 3115 1987 3136 ι
2010 3110 2049 3134 ac
2068 3099 2212 3142 primum
2226 3098 2363 3142 quidem
2383 3099 2425 3132 de

1382 3171 1489 3214 primo
1503 3177 1620 3212 genere
1632 3174 1778 3209 agamus.

283 3317 2424 3351 —-—-—--————-——————-——--—

324 3409 339 3424 *
356 3410 431 3444 Τοῖς
450 3407 506 3448 μὲν
534 3405 589 3438 οὖν
611 3406 702 3437 δοκεῖ
724 3403 857 3444 οὐδεμία
876 3403 975 3440 ἡδονὴ
1003 3402 1070 3432 κτλ.
1097 3418 1137 3422 -
1153 3401 1190 3417 **
1210 3399 1317 3436 ’Όλως
1340 3399 1395 3439 μὲν
1423 3397 1479 3429 οὖν
1502 3396 1562 3428 οὐκ
1582 3391 1719 3434 ἀγαθόν,
1740 3391 1808 3422 κτλ.

281 3456 384 3496 δαίας,
402 3456 472 3487 κτλ.
495 3474 532 3479 -
551 3452 626 3472 **”
648 3450 725 3484 ’Ότι
742 3452 769 3483 δ’
792 3450 850 3483 οὐκ
863 3450 997 3493 ἄριστον
1015 3451 1036 3486 ἡ
1052 3448 1164 3487 ἡδονή,
1182 3448 1250 3479 κτλ.

1848 3406 1878 3410 -
1900 3389 1951 3405 ’‘⁹“
1980 3389 2044 3419 Τοῦ
2071 3386 2105 3418 δὲ
2132 3386 2175 3427 μὴ
2195 3384 2300 3421 πάσας
2320 3393 2424 3415 σπου-
