2508 3776
249 226 328 267 312

303 315 323 335 ¹*
342 311 425 352 Ἔτι
443 311 520 349 ἐπεὶ
542 316 622 361 μιᾶς
642 309 734 354 ἰδέας
750 309 815 361 μία
835 311 929 350 ἐστὶν
947 311 1125 364 ἐπιστήμη
1138 343 1148 362 ,
1170 307 1212 361 ἧν
1239 313 1280 352 ἂν

249 372 308 410 καὶ
341 369 404 421 μία
436 368 612 419 ἐπιστήμη
637 373 700 408 τοῦ·
720 369 876 422 ἀγαθοῦ,
910 369 981 423 εἴγε
1013 364 1055 418 ἧν
1091 374 1155 423 μία
1185 370 1278 412 ἰδέα.

1044 222 1520 277 ANDRONICIMRHODII

1382 317 1508 352 Deinde
1534 316 1690 360 quonlam
1714 317 1814 350 unlus
1841 317 1924 351 ideas
1947 327 2014 352 una
2045 320 2096 352 est
2124 318 2276 359 scientia,
2306 326 2376 352 m
2449 346 2453 351 ,

1342 386 1476 420 quoquc
1504 375 1582 409 honi
1604 375 1692 409 soret
1717 375 1872 417 scientia,
1897 376 1926 409 si
1950 386 2015 411 una
2037 379 2124 411 esset
2147 377 2231 411 idea.
2274 376 2376 420 Atqu
2433 419 2435 421 ι
2457 401 2467 435 3

248 427 354 467 Ἀλλὰ
384 431 483 466 τοῦτο
503 429 564 465 οὐκ
586 425 692 465 ἔστιν·
713 428 776 466 οὐκ
807 426 875 481 ἄρα
902 427 966 479 μία
999 429 1091 469 ἐστὶν
1126 430 1201 469 ἰδέα
1222 434 1280 470 τοῦ
1342 436 1406 469 hoc
1421 444 1486 467 non
1499 435 1551 467 cst
1566 445 1573 454 ·
1586 443 1663 476 ergo
1679 443 1740 468 nec
1754 444 1820 468 una
1834 434 1912 468 honi
1929 436 1980 468 cst
1993 434 2078 470 idea.
2121 436 2244 470 Multas
2264 437 2376 469 auten

247 484 390 534 ἀγαθοῦ.
411 482 497 524 ’Ότι
514 483 550 523 δὲ
569 483 697 524 πολλαὶ
718 486 910 536 ἐπιστῆμαι
928 491 988 526 τοῦ
1010 489 1140 540 ἀγαθοῦ
1152 518 1162 536 ,
1178 503 1281 541 φανε·

247 541 316 593 ρόν.
331 544 384 581 Οὐ
406 543 507 594 μόνον
527 542 595 596 γὰρ
613 545 682 581 τῶν
700 546 733 583 ἐν
752 544 928 598 διαφόροις
939 544 1046 585 ὄντων
1063 545 1284 598 κατηγορίαις

245 601 307 637 οὐκ
323 598 397 638 ἔστι
418 600 480 649 μία
502 600 679 651 ἐπιστήμη
691 630 701 650 ,
725 600 816 640 ἀλλὰ
829 601 891 641 καὶ
906 604 973 640 τῶν
994 602 1061 641 ὑπὸ
1076 602 1173 653 μίαν.
1197 596 1282 641 Οῗον

244 660 280 698 ἓν
295 662 345 713 τῷ
363 658 448 698 πότε
467 660 506 699 τὸ
523 660 650 712 ἀγαθὸν
670 663 688 700 ὃ
705 661 823 713 καιρός
844 662 950 700 ἐστιν.
975 655 1087 704 Οῧτος
1106 659 1148 706 δὴ
1165 661 1182 698 ὁ
1200 675 1280 698 και-

245 717 300 769 ρὸς
315 717 374 756 καὶ
392 719 426 756 ε’ν
447 717 593 771 πολέμῳ
613 718 687 757 ἐστὶ
707 718 766 758 καὶ
786 721 820 758 ἐν
841 717 953 772 νόσῳ,
971 720 1009 758 οὔ
1035 720 1096 765 τῆς
1117 719 1221 765 αὖτ’ῆς
1247 717 1283 755 δὲ

242 776 451 829 ἐπιστήμης·
473 777 549 816 ἀλλ’
569 780 587 815 ὂ
601 776 664 829 μὲν
685 776 839 829 ἰατρικὸς
855 777 912 816 τὸν
934 778 967 815 ἐν
982 779 1025 829 τῇ
1043 776 1133 830 νόσῳ
1149 774 1281 829 καιρόν,

242 837 261 874 ὁ
278 834 313 874 δὲ
336 836 566 888 στρατηγικὸς
586 835 644 875 τὸν
662 837 697 875 ἐν
717 838 768 889 τῷ
787 836 933 889 πολέμῳ
953 835 1131 888 γινώσκει.
1149 834 1222 874 Καὶ
1243 833 1283 873 τὸ

243 893 469 947 σύμμετρον,
489 893 511 934 ὅ
535 896 609 934 ἐστι
629 899 689 935 τοῦ
716 898 850 942 ποσοῦ,
883 896 943 933 καὶ
970 895 1003 933 ἐν
1032 896 1143 948 τροφῇ
1164 892 1225 932 καὶ
1247 894 1281 931 ἐν

242 955 369 999 πόνοις.
393 954 466 994 Καὶ
496 953 536 994 τὸ
559 953 644 1006 μέν,
673 955 932 1007 γυμναστικῆς,
967 952 1006 990 τὸ
1043 951 1080 990 δὲ
1115 953 1280 1004 ἰατρικῆς

241 1014 380 1054 εἰδέναι.

293 1074 339 1096 '⁶⁴‘
358 1071 441 1112 Ἔτι
455 1071 531 1111 ἐπεὶ
545 1073 578 1111 ἐν
593 1073 643 1125 τῷ
659 1070 830 1125 ἀνθρώπῳ
843 1070 904 1110 καὶ
919 1071 953 1108 ἐν
961 1071 1012 1124 τῷ
1025 1067 1281 1122 αὐτοανθρώπῳ

242 1126 289 1176 εἷς
310 1132 370 1170 καὶ
390 1134 408 1171 ὁ
434 1131 535 1175 αὐτὸς
560 1130 702 1184 ὁρισμός
722 1132 816 1181 ἐστι,
844 1129 904 1169 καὶ
924 1132 957 1169 ἓν
978 1131 1027 1182 τῷ
1049 1127 1149 1181 ἵππῳ
1165 1127 1225 1167 καὶ
1245 1128 1280 1166 ἐν

245 1193 295 1244 τῷ
317 1188 522 1244 αὐτοΐππῳ,
544 1193 587 1243 τῇ
604 1190 680 1243 ἰδέα
696 1188 865 1237 δηλονότι·
880 1190 910 1227 εἷ
925 1187 992 1241 γὰρ
1011 1187 1189 1240 διάφορος,
1209 1188 1283 1230 πῶς

243 1249 284 1288 ἂν
299 1249 352 1298 εἴη
376 1250 481 1288 αὐτοῦ
503 1248 601 1298 ἶδέα;
630 1247 777 1302 φανερὸν
796 1245 850 1286 ὅτι
872 1247 968 1286 οὐδὲν
999 1243 1153 1297 διαφέρει
1174 1246 1192 1282 ὃ
1222 1243 1284 1282 ἄν-

242 1303 409 1362 θρωποςῇ
429 1308 625 1360 ἄνθρωπος,
635 1311 694 1346 τοῦ
707 1305 986 1358 αὖτοανθρώπου·
1000 1303 1061 1343 καὶ
1072 1302 1129 1342 ἐπὶ
1142 1301 1281 1341 πάντων

243 1367 382 1417 ὁμοίως·
403 1365 495 1406 ὥστε
515 1366 575 1405 καὶ
604 1365 642 1404 τὸ
666 1365 794 1417 ἀγαθὸν
814 1359 839 1417 ᾗ
861 1363 989 1416 ἀγαθὸν
1010 1361 1106 1400 οὐδὲν
1128 1359 1283 1414 διαφέρει

238 1429 300 1465 τοῦ
320 1425 534 1477 αὖτοαγοίθου
552 1424 584 1465 ¹³.
601 1424 760 1476 Φανερὸν
778 1423 845 1474 γάρ
860 1453 871 1474 ‚
893 1422 945 1460 ὅτι
963 1422 1001 1459 οὗ
1020 1420 1205 1459 διοίσουσιν
1234 1421 1280 1463 ὡς

240 1483 367 1536 ἀγαθοί,
382 1483 482 1522 ὅτιτὸ
497 1483 559 1534 μὲν
571 1483 785 1534 αὖτοάγαθον
804 1477 930 1531 ἀίδιον,
953 1480 991 1519 τὸ
1006 1479 1063 1530 δέ,
1085 1479 1136 1517 οὔ·
1153 1477 1275 1530 ὥσπερ

240 1541 318 1580 οὐδὲ
334 1542 374 1580 τὸ
392 1542 621 1594 πολυχρόνιον
638 1540 758 1579 λευκὸν
781 1543 840 1578 τοῦ
862 1538 1036 1592 ἐφημέρου
1064 1536 1279 1587 λευκότερον..

238 1602 315 1639 Οὔκ
334 1600 402 1652 ἄρα
419 1599 497 1638 οὔτε
515 1598 623 1639 ἄλλου
651 1598 741 1642 τινὸς
759 1600 828 1636 τῶν
846 1597 953 1636 ὄντων
986 1595 1062 1635 ἷδέα
1080 1595 1172 1634 ἐστὶν
1194 1591 1281 1647 ὑπὲρ

240 1659 340 1707 αὐτό,
353 1658 432 1698 οὔτε
446 1662 508 1698 τοῦ
526 1661 672 1711 ἀγαθοῦ.
684 1659 731 1698 Οἳ
747 1657 782 1696 δὲ
796 1655 1030 1709 Πυθαγόρειοι
1047 1653 1282 1706 πιθανώτερον

240 1718 373 1757 ἐοίκασι
392 1718 506 1770 λέγειν
526 1718 608 1770 περὶ
628 1720 688 1756 τοῦ
710 1719 851 1768 ἀγαθοῦ·
871 1715 910 1753 τὸ
929 1715 996 1766 γὰρ
1017 1714 1053 1752 ἓν
1073 1716 1106 1753 ἐν
1126 1707 1151 1765 ᾗ
1166 1712 1282 1764 ἔλεγον

240 1780 299 1816 τοῦ
322 1779 452 1828 ἀγαθοῦ
475 1776 601 1822 ἔταξαν
629 1776 813 1828 συστοιχίᾳ
830 1805 841 1823 ,
872 1768 923 1818 οἷς
945 1773 986 1821 δὴ
1015 1772 1077 1811 καὶ
1099 1771 1283 1811 Σπεύσιπ-

238 1852 302 1879 πος
323 1837 556 1882 ἀκολουθῆσαι
574 1835 682 1874 δοκεῖ.
714 1834 760 1874 ‘H
781 1834 816 1872 δὲ
839 1832 1022 1886 συστοιχία
1040 1835 1108 1871 τῶν
1130 1833 1283 1883 ἀγαθῶν,

239 1896 281 1942 ἣν
306 1895 438 1947 ἔλεγον,
476 1893 577 1942 αὕτη·
609 1894 648 1932 τὸ
670 1892 799 1946 πέρας,
823 1892 863 1931 τὸ
883 1891 1071 1945 περισσόν,
1101 1889 1139 1928 τὸ
1165 1889 1222 1938 ἕν,
1245 1889 1284 1928 τὸ

240 1952 372 2001 δεξιόν,
390 1952 430 1990 τὸ
450 1952 553 2005 ἄῤῥεν
566 1981 576 2000 ,
607 1952 647 1989 τὸ
668 1951 768 1997 εὐθύ,
788 1950 827 1988 τὸ
850 1952 944 2003 φῶς,
968 1948 1008 1987 τὸ
1040 1947 1282 2000 τετράγωνον,

239 2012 278 2050 τὸ
311 2014 462 2063 ἠρεμοῦν
475 2040 486 2059 ,
517 2010 557 2049 τὸ
578 2009 718 2061 ἀγαθόν·
754 2003 779 2062 ᾗ
810 2024 879 2047 τινι
908 2008 967 2046 καὶ
997 2006 1115 2059 ἑτέραν
1146 2006 1284 2044 ἐποίουν

242 2070 499 2120 ἀντικειμένην.
521 2069 572 2108 Τὸ
592 2068 757 2122 ἄπειρον,
779 2068 817 2106 τὸ
841 2067 980 2120 ἄρτιον,
1007 2066 1048 2105 τὸ
1073 2067 1223 2113 πλῆθος,
1243 2064 1284 2104 τὸ

241 2128 442 2182 ἀριστερόν,
479 2128 529 2166 τὸ·
561 2128 646 2174 θ’ἧλυ
658 2157 669 2175 ,
707 2127 746 2165 τὸ
778 2125 962 2177 καμπύλον
976 2156 986 2174 ,
1018 2125 1058 2164 τὸ
1084 2124 1224 2172 σκότος,
1244 2123 1284 2162 τὸ

241 2188 448 2241 ἑτερόμηκες
461 2217 471 2235 ,
492 2187 531 2225 τὸ
550 2186 749 2236 κινούμενον
763 2215 774 2236 ,
794 2185 834 2222 τὸ
850 2184 972 2223 κακόν.
1212 2192 1214 2195 ’

295 2247 473 2298 (Scripsi
503 2259 512 2284 ζ
539 2249 554 2267 ⁸
592 2243 650 2283 ἐπὶ
680 2246 729 2296 τῷ
751 2245 863 2282 σῶσαι
897 2242 959 2289 τὴν
983 2241 1170 2292 ἀλήθειαν]
1195 2241 1224 2280 i.
1246 2254 1282 2280 e.

241 2304 300 2344 ἐπὶ
321 2305 479 2358 σωτηρία
501 2307 562 2350 τῆς
583 2303 758 2350 ἀληθείας,
785 2312 828 2341 ut
849 2303 901 2340 ait
921 2301 1173 2348 Aristotele53
1194 2300 1282 2339 cod.

244 2364 303 2404 ἐπὶ
322 2364 361 2402 τὸ
385 2366 496 2403 σῶσαι
528 2362 590 2411 τὴν
618 2362 797 2410 ἀλήθειαν.
820 2382 874 2391 —
892 2359 909 2383 b
933 2357 1173 2409 αὖτοαγάθου]
1195 2357 1281 2396 cod.

242 2426 475 2476 αὖτοαγαθοῦ.
499 2422 576 2473 -)

672 2551 766 2589 Κεφ.
799 2547 841 2588 θ’.

339 2668 415 2701 ’Ότι
429 2668 488 2700 οὐκ
504 2668 591 2699 ἔστιν
605 2668 674 2699 ἰδέα
691 2666 749 2708 μία
765 2668 831 2699 τῶν
849 2666 919 2698 καθ’
937 2664 1037 2697 ἑαυτὰ
1055 2664 1195 2705 ἀγαθῶν.

297 2771 364 2795 *³¹⁰⁶
379 2769 490 2810 Ἀλλὰ
503 2768 583 2821 περὶ
599 2768 659 2818 μὲν
675 2767 805 2806 τούτων
818 2767 919 2810 ἄλλος
937 2766 1038 2804 ἔσται
1056 2765 1167 2814 λόγος·
1187 2767 1286 2817 ἐροῦ-

244 2846 307 2881 μεν
327 2830 362 2868 δὲ
383 2828 435 2867 ἔτι
465 2828 547 2880 περὶ
572 2831 632 2865 τοῦ
661 2828 789 2876 ἀγαθοῦ
825 2824 1084 2878 ἀκριὸέστερον.
1141 2823 1199 2862 Τὰ
1218 2822 1285 2875 γὰρ

247 2888 414 2941 εἰρημένα
432 2886 541 2925 δεῖταί
558 2901 648 2929 τινος
669 2884 855 2930 ἐξετάσεως
872 2884 931 2922 καὶ
952 2883 1130 2936 ἀκριὸείας
1143 2913 1153 2930 ,
1173 2881 1229 2920 διὰ
1243 2882 1282 2920 τὸ

246 2949 295 3000 μὴ
317 2947 396 2999 περὶ
417 2946 546 2989 παντὸς
566 2947 696 2995 ἀγαθοῦ
718 2945 808 2982 κατὰ
826 2943 928 2996 μέρος
945 2945 1102 2995 εἰρῆσθαι
1126 2940 1203 2984 τοὺς
1223 2940 1283 2980 λό-

245 3023 348 3060 γους.·
359 3009 433 3046 Νῦν
449 3005 484 3043 δὲ
502 3003 668 3047 διελόντες
686 3002 930 3054 ἀκριὸέστερον
944 3002 1134 3051 ποιήσομεν
1147 2999 1206 3038 τὸν
1224 2999 1283 3038 λό·

244 3082 320 3117 γον.
343 3066 484 3108 Διπλῶς
503 3061 615 3101 τοίνυν
636 3062 775 3112 λέγεται
795 3060 833 3099 τὸ
850 3060 991 3110 ἀγαθόν·
1012 3060 1056 3098 τὰ
1077 3059 1140 3110 μὲν
1157 3058 1225 3111 γὰρ
1242 3058 1285 3097 δι’

247 3124 358 3164 ἑαυτά
372 3124 457 3161 εἰσιν
473 3121 599 3173 ἀγαθά,
617 3120 676 3158 καὶ
692 3120 735 3158 δι’
755 3119 860 3157 ἑαυτὰ
874 3122 1077 3166 ζητοῦνται,
1092 3118 1152 3156 καὶ
1170 3117 1284 3169 ἀγαθὰ

245 3183 428 3235 λέγονται,
457 3180 518 3220 καὶ
539 3182 756 3232 ἀγαπῶνται·
776 3178 820 3216 τὰ
845 3176 880 3215 δὲ
907 3180 944 3216 οὖ
965 3177 1007 3215 δι’
1034 3178 1162 3225 ἑαυτά,
1192 3174 1283 3215 ἀλλὰ

245 3243 290 3281 δι’
309 3244 436 3280 ἐκεῖνα·
456 3239 640 3278 διώκονται
659 3237 745 3290 γάρ,
766 3238 819 3275 ὅτι
847 3236 1043 3288 φυλακτικά
1064 3237 1133 3274 εἶσι
1149 3237 1217 3274 τῶν
1238 3233 1282 3273 δι’

245 3301 353 3341 ἑαυτὰ
383 3301 546 3352 ἀγαθῶν,
576 3297 600 3346 ἢ
634 3295 820 3344 ποιητικά,
841 3294 864 3342 ἢ
887 3297 954 3333 τῶν
986 3295 1149 3334 ἐναντίων
1171 3296 1282 3334 κωλυ-

1342 493 1420 526 honi
1454 501 1526 525 esse
1551 491 1704 525 scientias
1712 491 1941 526 ‘manifestum
1969 493 2030 526 est.
2073 494 2157 527 Nam
2184 502 2251 527 non
2270 492 2377 527 solum

1343 559 1474 589 eorum,
1504 558 1581 593 quoe
1608 549 1644 583 in
1666 549 1805 584 diversis
1825 551 1996 593 categoriis
2029 552 2125 590 sunt,
2150 559 2217 584 non
2235 552 2375 586 mut

1344 608 1498 648 scicntia,
1530 607 1589 642 sed
1615 617 1677 643 nec
1703 617 1817 642 eorum
1845 618 1922 652 quas
1950 609 2007 642 uni
2033 609 2183 644 subsunt.
2226 607 2375 652 mu!

1343 668 1447 711 gratia
1471 667 1507 700 in
1537 667 1699 710 categoria
1730 668 1871 711 quando
1890 668 2014 701 bonum
2036 669 2087 701 est
2115 667 2254 702 occasio.
2294 660 2377 702 M

1342 726 1469 760 occasio
1487 732 1521 760 ct
1538 726 1574 759 in
1596 726 1682 760 bello
1701 728 1735 760 et
1750 727 1786 759 in
1806 727 1920 760 morbo
1936 729 1986 760 cst
1998 752 2006 767 ‚
2023 736 2088 760 nou
2103 725 2251 769 ejusdem
2265 722 2381 760 taum

1343 784 1508 818 scientiae:
1527 784 1586 817 sed
1599 785 1747 818 medicus
1763 785 1966 818 occasionem
1982 794 2058 827 qua:
2074 785 2108 817 in
2124 783 2255 824 murho.
2272 783 2377 828 impe·

1342 846 1432 878 rator
1449 853 1534 878 cam.
1546 843 1639 878 novit
1659 853 1736 886 quae
1759 844 1795 877 in
1821 843 1908 877 bello
1925 843 2117 886 requiritur.
2161 845 2289 877 Rursus
2305 850 2379 877 me-

1342 905 1467 944 diocre,
1488 905 1579 947 quod
1596 904 1631 937 in
1656 904 1819 946 categoria
1850 903 2045 946 quantitatis
2061 905 2130 943 est,
2151 905 2251 946 atque
2267 902 2304 936 in
2317 901 2380 936 ali-

1341 965 1453 997 mento
1473 963 1554 996 etin
1572 963 1749 996 laboribus.
1793 964 1837 996 Et
1856 962 1996 996 alterum
2016 962 2153 1005 quidem
2171 971 2226 996 ars
2241 970 2378 1005 gymnas-

1342 1024 1423 1056 stica
1434 1049 1442 1062 ,
1461 1022 1602 1055 alterum
1618 1030 1696 1055 vcro
1708 1021 1870 1054 medicina
1887 1020 1990 1054 novit.
2383 1032 2385 1034 ·

1381 1083 1519 1124 Insuper
1538 1091 1642 1125 quum
1667 1081 1811 1115 hominis
1829 1082 1863 1114 et
1878 1081 1984 1123 ipsius
2003 1079 2145 1114 hominis
2167 1089 2234 1114 una
2249 1078 2367 1115 eodem

1341 1149 1407 1184 que
1422 1140 1466 1174 sit
1481 1140 1627 1174 definitio
1638 1165 1647 1179 ,
1663 1140 1750 1173 sicut
1764 1139 1842 1182 equi
1865 1140 1899 1172 et
1926 1139 2031 1181 ipsius
2049 1138 2143 1181 elmi,
2159 1137 2280 1179 idmst,
2296 1137 2381 1172 ideas

1342 1199 1442 1241 equi:
1471 1199 1525 1240 (si
1541 1199 1629 1232 enim
1648 1198 1712 1231 alia
1729 1199 1816 1231 cssct
1827 1222 1835 1238 ,
1853 1196 2018 1239 quomodo
2048 1197 2159 1239 posset
2174 1195 2280 1238 ipsius
2304 1195 2380 1231 idea

1342 1257 1563 1297 consistcrc?)
1582 1258 1716 1299 apparet
1732 1255 1813 1288 nihii
1836 1254 1972 1288 differre
1989 1254 2156 1288 hominem
2167 1278 2180 1295 ‚
2197 1263 2266 1297 qua
2281 1253 2382 1288 hemo

1343 1318 1409 1355 est,
1429 1316 1471 1349 ab
1500 1324 1539 1348 co
1568 1324 1668 1357 quem
1693 1314 1804 1356 ipsum
1830 1315 1949 1347 vocant
1976 1313 2158 1352 hominem,
2177 1312 2242 1346 hoc
2266 1314 2319 1346 ω
2339 1313 2392 1346 ab*

1341 1374 1416 1407 idea
1436 1373 1578 1407 hominis
1608 1385 1616 1405 ι
1634 1373 1814 1415 eodemque
1842 1371 1940 1404 modo
1973 1371 2009 1404 in
2034 1371 2192 1414 reliquis:
2215 1370 2331 1414 itaque
2346 1371 2382 1406 et

1343 1431 1465 1463 bonum
1475 1456 1483 1470 ,
1502 1439 1569 1473 qua
1584 1431 1635 1463 cst
1651 1430 1793 1469 bonum,
1811 1429 1894 1462 nihil
1905 1429 2020 1462 differt
2035 1429 2076 1463 ab
2091 1429 2164 1472 ipso
2176 1429 2274 1464 bono.
2315 1430 2383 1463 Pa&

1343 1491 1391 1523 tet
1419 1489 1507 1523 enim
1522 1515 1530 1528 ‚
1561 1487 1696 1522 differre
1713 1488 1777 1521 ista
1797 1497 1862 1521 non
1888 1497 1984 1530 posse
2009 1489 2048 1521 ut
2078 1488 2183 1527 hona,
2205 1487 2287 1531 quin
2303 1486 2382 1523 &lea

1343 1548 1420 1581 boni
1439 1549 1563 1581 aeterna
1577 1549 1646 1586 est,
1672 1547 1814 1580 alterum
1833 1555 1911 1580 vcro
1927 1546 2012 1580 illud
2036 1555 2102 1580 non
2119 1547 2171 1580 ost
2185 1534 2349 1581 oetonmnn
2368 1559 2379 1579 z

1343 1607 1430 1639 sicut
1458 1614 1519 1639 noc
1540 1614 1594 1638 res
1622 1605 1681 1638 diu
1713 1605 1852 1638 candida
1881 1604 2049 1638 candidior
2063 1604 2205 1638 habetur
2237 1613 2277 1638 ca
2305 1613 2382 1647 quae

1343 1674 1447 1697 unum
1465 1664 1553 1698 diem
1572 1663 1709 1696 candida
1725 1665 1785 1696 est.
1829 1665 1881 1696 Ex
1897 1672 1964 1705 quo
1991 1662 2143 1703 efficitur,
2160 1671 2223 1696 nec
2243 1662 2382 1696 alterius

1343 1725 1392 1758 rei
1405 1732 1477 1758 csse
1492 1723 1601 1756 ideam
1620 1732 1657 1755 su
1660 1732 1720 1765 pra
1746 1722 1855 1765 ipsum
1868 1748 1876 1760 ,
1896 1730 1955 1755 nec
1968 1721 2053 1754 bom.
2094 1720 2302 1755 Probabilius
2319 1730 2382 1754 au-

1343 1785 1413 1816 tem
1436 1782 1477 1815 de
1492 1781 1577 1815 bono
1596 1781 1689 1824 loqui
1716 1781 1871 1814 videntur
1896 1779 2094 1822 Pythagorei
2111 1791 2119 1812 :
2143 1779 2204 1823 qui
2223 1788 2328 1813 unum
2347 1778 2383 1812 in

1344 1851 1383 1875 eo
1407 1850 1508 1883 quem
1524 1840 1714 1873 statuebant
1730 1840 1890 1872 bonorum
1907 1839 2021 1872 ordine
2037 1839 2166 1878 locant,
2184 1847 2270 1882 quos
2281 1839 2382 1874 osam

1345 1900 1547 1943 Speusippus
1563 1899 1697 1932 videtur
1717 1907 1788 1931 esse
1815 1900 1959 1931 secutus.
2003 1900 2077 1940 Ipse
2092 1899 2204 1931 autem
2219 1897 2381 1932 honorum

1344 1959 1425 1992 ordo
1440 1968 1540 2001 quem
1565 1957 1755 1990 statuebant
1767 1956 1844 1990 talis
1857 1958 1928 1990 erat
1944 1969 1953 1989 ι
1970 1955 2246 1999 finitu1n,impar,
2265 1964 2380 1995 ununa,

1345 2018 1519 2056 dextrum,
1553 2015 1791 2057 masculinum,
1826 2017 1954 2049 rectum
1968 2040 1976 2055 ,
2002 2015 2112 2048 lumen
2123 2041 2131 2054 ,
2160 2014 2360 2058 quadratum
2371 2041 2380 2054 ‚

1345 2077 1534 2120 quiescens,
1563 2075 1696 2110 honum.
1743 2074 1803 2109 Cui
1827 2073 1930 2107 alium
1946 2082 2063 2107 rursus
2078 2073 2306 2116 opponebant:
2329 2073 2383 2107 in-

1349 2136 1497 2174 finitum,
1524 2144 1595 2177 par,
1623 2134 1736 2177 plura,
1765 2133 1954 2172 sinistrum,
1982 2131 2194 2172 femininum,
2222 2140 2381 2171 curvum.

1345 2194 1509 2233 tenebras,
1528 2194 1633 2227 altero
1650 2192 1754 2226 latere
1765 2191 1904 2234 longius,
1921 2190 2012 2234 quod
2025 2193 2188 2230 movetur.
2204 2189 2340 2224 malum.

1788 2550 1866 2590 Cap.
1891 2549 1946 2581 IX.

1533 2667 1687 2693 Bonorum
1700 2668 1754 2697 per
1772 2668 1802 2690 sc
1815 2667 1877 2689 non
1890 2666 1951 2689 esse
1964 2667 2055 2688 unam
2074 2658 2182 2688 ideam.

1389 2774 1514 2804 Verum
1529 2770 1571 2803 de
1583 2769 1636 2803 his
1654 2769 1740 2802 alius
1757 2769 1819 2802 erit
1832 2765 1961 2800 dicendi
1982 2765 2075 2798 locus
2096 2777 2105 2798 ι
2130 2773 2218 2798 nunc
2237 2765 2279 2799 de
2298 2765 2384 2799 bono

1347 2832 1446 2865 etiam
1462 2829 1648 2864 accuratius
1662 2837 1808 2870 agamus.
1852 2828 1900 2859 Ea
1912 2825 1998 2859 enim
2014 2833 2091 2867 quae
2111 2823 2201 2858 dicta
2218 2825 2315 2863 sunt,
2331 2823 2384 2858 ‹li-

1346 2890 1500 2933 ligentius
1514 2890 1588 2922 tum
1610 2886 1825 2921 exannnanda
1846 2887 1920 2918 tum
1945 2882 2136 2926 explicanda
2162 2883 2280 2924 erunt,
2304 2882 2384 2925 quia

1345 2949 1491 2983 nondum
1519 2948 1561 2981 dc
1577 2946 1666 2980 omni
1688 2947 1773 2980 hono
1795 2943 1981 2987 singulatim
2004 2941 2231 2976 disseruimus.
2275 2943 2384 2980 Quurc

1346 3008 1494 3042 adhibita
1512 3007 1672 3040 divisione
1687 3004 1872 3039 accuratius
1898 3002 1933 3035 in
1952 3001 2015 3034 hac
2031 3000 2252 3044 disputatione
2266 3009 2383 3043 perge-

1345 3079 1430 3102 mus.
1474 3068 1612 3100 Duobus
1624 3076 1700 3108 ergo
1715 3064 1823 3099 modis
1837 3062 1960 3097 dicitur
1970 3060 2118 3094 bouum:
2139 3059 2203 3093 alin
2219 3059 2308 3094 onim
2324 3067 2383 3102 por

1349 3137 1383 3161 se
1409 3128 1494 3161 hona
1513 3128 1609 3165 sunt,
1629 3134 1705 3168 quae
1720 3127 1754 3158 et
1777 3132 1836 3166 per
1862 3130 1898 3155 se
1927 3120 2097 3163 petuntur,
2120 3120 2154 3152 et
2167 3127 2227 3161 per
2254 3126 2291 3151 se
2316 3117 2381 3150 hoc

1343 3195 1462 3220 nomen
1481 3186 1623 3224 habe-nt,
1640 3186 1674 3218 et
1701 3192 1760 3227 per
1787 3190 1821 3215 se
1846 3181 2023 3214 amantur:
2041 3177 2105 3211 alia
2129 3178 2241 3211 autem
2267 3179 2397 3210 cmitra.

1342 3256 1406 3279 non
1424 3254 1483 3287 per
1501 3253 1555 3283 se,
1575 3243 1634 3277 sed
1644 3243 1778 3286 propter
1793 3239 1850 3273 illa
1865 3248 1874 3268 ε
1892 3237 1972 3280 quia
1986 3236 2073 3270 enim
2087 3235 2213 3278 reliqua
2229 3243 2305 3278 qum
2321 3243 2380 3278 per

1341 3315 1377 3338 se
1399 3305 1484 3338 bona
1502 3305 1601 3341 sunt,
1624 3302 1679 3335 vel
1699 3299 1912 3337 conservant,
1930 3296 1983 3330 vel
2006 3295 2166 3333 efficiunt,
2198 3294 2249 3328 vel
2265 3295 2379 3328 contra

251 3377 2366 3408 Μ

288 3450 310 3470 ⁴
330 3448 402 3481 Ἔτι
421 3448 473 3488 δέ,
495 3447 564 3480 ἐπεὶ
580 3448 646 3480 τῶν
665 3445 750 3479 κατὰ
761 3444 835 3486 μίαν
849 3443 936 3476 ἰδέαν
951 3445 1020 3476 κτλ·
1038 3457 1080 3465 --
1094 3440 1134 3460 *³¹
1158 3438 1346 3482 Ἀιι-ομῆυιιε
1358 3443 1384 3473 δ’
1400 3436 1439 3472 ἄν
1453 3449 1502 3476 τις
1513 3440 1580 3471 κτλ.
1599 3453 1639 3461 —-·
1652 3436 1713 3456 ῃ*
1731 3437 1807 3471 Τοῖς
1824 3433 1858 3466 δὲ
1876 3433 2034 3476 λεχθεῖσιν
2055 3431 2290 3472 ἀμφισὸήτησις
2302 3428 2374 3466 κτλ,
