2528 3788
325 213 404 254 210

327 298 453 348 σμένα.
510 297 583 337 Καὶ
601 298 629 336 εἷ
651 295 713 349 μὲν
734 295 860 348 ἄπειρα
874 326 884 346 ,
907 296 978 335 οὐδ’
999 297 1086 341 ὅλως
1105 296 1144 336 ἂν
1176 298 1230 345 εἴη
1255 297 1352 349 λόγος

325 355 409 407 πρὸς
428 355 540 394 αὐτόν·
561 355 705 408 ἀπείρου
719 355 787 408 γὰρ
806 357 930 406 γνῶσις
939 354 1092 395 οὐκέστι.
1113 357 1346 409 Πεπερασμέ-

323 429 388 452 νων
425 413 461 451 δὲ
491 413 597 452 ὄντων
617 416 685 452 τῶν
721 413 963 465 δηλουμένων,
997 413 1019 462 ἢ
1052 414 1126 458 ἑνὸς
1159 417 1309 454 ὁτουοῦν·
1335 418 1353 454 ὁ

323 475 423 510 τοῦτο
442 472 551 524 λέγων
572 473 676 525 ὁρίζει
697 488 732 511 τι
752 472 811 512 καὶ
832 472 953 526 κρίνει.
1004 476 1085 518 Πῶς
1110 467 1168 512 οὖν
1189 474 1351 526 ἄγνωστα

323 530 382 567 καὶ
402 529 605 582 ἀνεπίκριτα
628 531 743 569 πάντα
762 530 816 578 εἴη
838 531 903 580 ἅν;
927 533 973 571 Εἰ
999 531 1034 570 δὲ
1057 532 1144 584 φαίη
1166 535 1276 571 ταῦτα
1293 532 1350 570 καὶ

324 581 410 625 εἶναι
446 588 507 627 καὶ
533 589 582 639 μὴ
613 583 717 638 εἶναι,
752 591 887 641 πρῶτον
918 589 980 640 μὲν
1020 589 1118 629 ἔσται
1151 590 1256 629 ταῦτὸ
1293 590 1353 629 καὶ
1380 605 1386 617 ·

325 645 450 693 ἀληθὲς
482 646 542 685 καὶ
562 649 694 700 ψεῦδος·
728 647 847 686 ἔπειτα
871 647 906 686 δὲ
934 650 1004 700 ἐρεῖ
1033 663 1067 687 τι
1094 648 1154 687 καὶ
1172 650 1234 687 οὐκ
1253 649 1348 701 ἐρεῖ,

322 704 382 742 καὶ
407 705 500 758 λόγῳ
521 706 700 759 χρώμενος
727 706 908 760 ἀναιρήσει
927 706 1043 759 λόγον.
1101 706 1184 747 Ἔτι
1205 706 1240 745 δὲ
1264 710 1350 757 ὁμο-

324 764 435 815 λογῶν
457 764 664 817 ψεύδεσθαι,
687 764 860 804 πιστεύειν
881 766 995 817 ἑαυτῷ
1024 780 1108 818 φησι
1128 766 1210 804 δεῖν.
1239 764 1352 810 Ἄξιον

324 821 359 859 δὲ
393 824 562 874 ζητῆσαι,
596 822 699 862 πόθεν
730 821 791 861 καὶ
810 822 976 873 μαθόντες
998 823 1118 873 ἄδηλαι
1137 822 1251 861 πάντα
1282 837 1351 875 φα-

324 880 376 917 σὶν
412 874 517 920 εἶναι.
585 884 647 919 Δεῖ
675 881 742 933 γὰρ
772 882 898 920 εἰδέναι
932 882 1096 934 πρότερον
1132 881 1274 932 αὐτούς,
1310 881 1345 920 τί

322 936 441 983 δήποτ’
459 936 531 975 ἐστὶ
555 937 595 976 τὸ
615 938 729 985 δῆλον·
757 937 846 976 οὕτω
878 942 959 990 γοῦν
991 937 1032 977 ἂν
1064 938 1175 991 ἔχοιεν
1209 939 1343 991 λέγειν,

322 998 365 1039 ὣς
389 997 451 1034 οὐκ
471 995 523 1044 εἴη
543 995 587 1034 τὰ
607 996 800 1049 πράγματα
821 1001 979 1037 τοιαῦτα.
1042 998 1186 1048 Πρῶτον
1206 997 1273 1050 γὰρ
1296 998 1347 1035 εἷ-

321 1053 414 1091 δέναι
445 1053 514 1106 χρὴ
543 1054 605 1101 τὴν
624 1055 819 1108 κατάφασιν
836 1087 846 1104 ,
869 1049 942 1094 εἶτα
971 1056 1033 1102 τὴν
1065 1054 1255 1108 ἀπόφασιν.
1307 1058 1351 1095 Εἰ

320 1112 355 1149 δὲ
389 1113 567 1164 ἀγνοοῦσιν
602 1113 717 1151 ὁποῖόν
739 1117 812 1152 ἐστι
849 1114 888 1152 τὸ
917 1115 1040 1160 δῆλον,
1068 1115 1130 1151 οὐκ
1154 1113 1195 1151 ἂν
1229 1114 1347 1151 εἰδεῖεν

322 1170 400 1208 οὐδέ
422 1186 456 1208 τι
474 1170 512 1209 τὸ
528 1171 668 1219 ἄδηλον.
730 1171 888 1211 Ὀπόταν
907 1187 947 1223 γε
967 1172 1035 1222 μὴν
1056 1171 1294 1222 Αἷνησίδημος
1314 1174 1348 1209 ἐν

321 1231 363 1282 τῇ
383 1228 600 1269 ὑποτυπώσει
631 1228 708 1274 τοὺς
735 1231 830 1268 ἐννέα
861 1229 965 1282 διεξίῃ
988 1229 1144 1282 τρόπους·
1173 1229 1264 1268 κατὰ
1301 1244 1354 1267 το-

327 1286 467 1331 σούτους
481 1288 548 1340 γὰρ
580 1288 780 1341 ἀποφαίνειν
803 1287 917 1336 ἄδηλα
937 1288 980 1325 τὰ
1001 1288 1193 1340 πράγματα
1222 1287 1346 1326 πεπεί-

324 1361 437 1398 ραται·
454 1346 598 1398 πότερον
618 1346 719 1385 αὐτὸν
749 1349 867 1399 φῶμεν
889 1346 1003 1385 εἰδότα
1024 1347 1136 1397 λέγειν
1157 1346 1281 1390 αὐτούς
1294 1375 1305 1396 ,
1327 1346 1349 1392 ἢ

320 1407 532 1457 ἀγνοοῦντας
552 1404 650 1452 Φησὶ
667 1405 733 1457 γὰρ
752 1405 803 1443 ὅτι
824 1404 867 1442 τὰ
890 1407 962 1457 ζῷα
979 1405 1155 1457 διαφέρει,
1172 1403 1232 1443 καὶ
1247 1408 1348 1455 ἡμεῖς

324 1463 444 1512 αὐτοί,
477 1465 537 1503 καὶ
561 1466 596 1502 αἱ
617 1457 734 1508 πόλεις
761 1463 821 1502 καὶ
853 1466 884 1502 οἱ
906 1464 996 1516 βίοι,
1027 1464 1087 1502 καὶ
1117 1463 1161 1502 τὰ
1180 1464 1240 1512 ἔθη
1257 1494 1268 1514 ‚
1290 1464 1348 1502 καὶ

329 1523 361 1560 οἱ
378 1522 492 1573 νόμοι.
552 1522 625 1561 Καὶ
651 1521 713 1566 τὰς
737 1521 911 1569 αἰσθήσεις
943 1521 981 1561 δέ
1000 1537 1103 1575 φησιν
1129 1524 1229 1572 ἡμῶν
1248 1523 1351 1561 ἀσθε-

320 1580 387 1624 νεῖς
420 1573 533 1627 εἶναι,
569 1580 629 1619 καὶ
658 1581 771 1618 πολλὰ
798 1580 841 1618 τὰ
871 1580 991 1625 ἔξωθεν
1019 1581 1255 1631 λυμαινόμενα
1285 1580 1348 1627 τὴν

319 1727 431 1758 vetant
446 1734 506 1757 nos
530 1725 681 1766 cuiquam
701 1725 885 1767 astipulari,
905 1735 944 1758 ac
967 1728 1076 1758 tamen
1097 1726 1193 1758 fidem
1212 1726 1273 1758 sibi
1291 1726 1351 1758 ha-

320 1785 397 1817 bere
409 1784 526 1826 jubent
547 1796 555 1816 :
574 1784 717 1826 dumque
733 1793 769 1817 so
798 1784 876 1816 nibil
897 1784 979 1817 scire
1004 1784 1209 1826 profitentur,
1240 1794 1354 1818 omnes

321 1846 450 1884 tamen,
474 1843 567 1884 quasi
591 1852 644 1876 res
671 1843 770 1885 probe
800 1843 922 1884 sciant,
945 1845 1066 1885 passim
1096 1844 1346 1885 reprehendunt.

322 1903 395 1934 Jam
413 1910 490 1934 vero
511 1910 643 1937 necesse
662 1903 713 1934 est
729 1911 785 1935 eos
809 1902 866 1943 qui
896 1902 1005 1934 omnia
1032 1903 1155 1935 incerta
1178 1911 1250 1935 esse
1267 1902 1354 1935 affir-

323 1962 428 2000 mant,
447 1969 465 1993 e
483 1960 612 1992 duobus
629 1960 780 1998 alterum,
802 1962 859 1993 aut
878 1961 972 1993 silere
990 1963 1046 1993 aut
1068 1961 1192 2003 aliquid
1207 1970 1352 2003 pronun-

325 2018 406 2051 tiare
425 2020 458 2051 et
484 2019 601 2051 dicere.
648 2019 771 2057 Quodsi
795 2019 978 2059 quiescent,
996 2022 1105 2061 patet,
1130 2020 1251 2052 nullam
1278 2028 1353 2052 cum

318 2077 445 2110 talibus
475 2076 662 2110 hominibus
696 2077 841 2109 futuram
873 2087 944 2110 esse
979 2078 1235 2119 disputationem
1266 2090 1272 2109 :
1304 2078 1354 2110 sin

318 2135 574 2176 pronuntiabunt
590 2134 731 2175 aliquid,
753 2139 810 2168 aut
829 2144 900 2168 esse
920 2136 1077 2177 quiddam
1091 2160 1100 2177 ‚
1115 2139 1170 2169 aut
1198 2146 1262 2169 non
1282 2145 1354 2169 esse

319 2194 449 2226 omnino
477 2195 510 2226 et
537 2193 650 2235 utique
686 2193 805 2227 dicturi
829 2195 921 2235 sunt,
954 2194 1230 2236 quemadmodum
1261 2194 1354 2235 plane

320 2251 429 2292 ignota
445 2260 517 2284 esse
537 2252 666 2283 cunctis
686 2251 838 2284 universa
857 2261 942 2284 nunc
959 2253 1072 2285 dicunt
1096 2255 1130 2285 et
1158 2252 1352 2294 opinabilia,

319 2313 431 2344 notum
451 2320 522 2344 esse
543 2312 610 2344 sere
629 2311 720 2344 nihil.
741 2313 840 2344 Porro
856 2313 912 2353 qui
926 2313 1026 2346 sumit
1046 2313 1189 2355 aliquid,
1212 2316 1270 2346 aut
1285 2322 1353 2346 rem

323 2370 371 2402 sic
380 2370 500 2412 aperit,
519 2373 557 2402 ut
573 2370 716 2412 intelligi,
738 2371 817 2403 dum
827 2373 1020 2414 explicatur,
1037 2373 1152 2413 possit,
1164 2374 1221 2405 aut
1231 2372 1352 2405 obscu-

320 2437 391 2462 ram
407 2429 516 2470 potius
531 2431 563 2461 et
579 2428 722 2470 ignotam
743 2430 910 2471 relinquit.
943 2431 1005 2463 Sed
1027 2431 1054 2463 si
1076 2441 1140 2463 non
1159 2431 1293 2473 aperiet,
1314 2441 1355 2464 ne

319 2489 392 2520 tum
411 2489 545 2529 quidem
565 2487 630 2521 ulla
651 2488 781 2521 omnino
800 2498 876 2522 cum
894 2499 933 2522 eo
951 2490 1063 2522 futura
1088 2492 1138 2523 est
1159 2491 1350 2532 disputatio.

321 2546 376 2579 Sin
407 2547 581 2588 explicabit
611 2548 754 2590 aliquid,
785 2557 919 2590 prorsus
944 2552 1002 2581 aut
1023 2548 1148 2582 infinita
1166 2549 1265 2589 dicet,
1297 2552 1354 2582 aut

320 2604 423 2637 finita.
468 2606 562 2642 Quod
581 2606 608 2638 si
638 2606 779 2647 infinita,
801 2617 915 2639 rursus
942 2617 1070 2640 omnem
1099 2617 1209 2640 secum
1238 2608 1353 2650 agendi

321 2663 514 2695 facultatem
528 2664 621 2696 nobis
641 2665 757 2706 eripiet
771 2678 778 2705 ;
799 2665 876 2706 quia
893 2665 1010 2698 infiniti
1027 2666 1166 2707 cognitio
1179 2666 1267 2699 nulla
1280 2675 1352 2700 esse

320 2722 438 2763 potest.
484 2723 525 2754 At
546 2722 574 2753 si
595 2722 685 2755 finita
705 2723 872 2764 quaedam,
904 2725 962 2756 aut
985 2724 1084 2756 etiam
1104 2733 1204 2756 unum
1228 2724 1353 2765 aliquid

323 2780 460 2821 aperiet3
487 2781 544 2820 qui
560 2780 622 2813 hoe
642 2781 758 2822 faciat,
777 2781 911 2814 definiat
929 2782 1054 2824 aliquid
1072 2782 1263 2824 judicetquc
1290 2792 1352 2816 ne-

324 2845 411 2872 cesse
426 2839 487 2871 est.
519 2838 583 2876 Qui
612 2838 709 2879 igitur
741 2840 849 2880 ignota
874 2840 983 2873 omnia
1011 2843 1044 2873 et
1076 2841 1251 2882 injudicata
1279 2851 1352 2875 esse

321 2898 465 2937 queant?
482 2898 554 2928 Jam
569 2905 647 2928 vero
671 2897 698 2929 si
714 2906 752 2929 ea
771 2907 843 2930 esse
872 2898 971 2931 simul
989 2907 1028 2931 ac
1060 2908 1125 2931 non
1152 2908 1224 2932 esse
1243 2899 1349 2940 dicet,

321 2955 462 2996 primum
476 2955 609 2997 quidem
618 2963 734 2987 verum
746 2955 839 2988 simul
854 2957 940 2989 idem
956 2967 993 2990 ac
1004 2958 1123 2991 falsum
1133 2959 1195 2991 erit
1212 2971 1219 2990 :
1236 2958 1351 2992 deinde

322 3012 444 3054 aliquid
462 3013 531 3055 ipse
547 3013 634 3046 dicet
652 3015 685 3045 et
705 3014 819 3046 eodem
838 3017 982 3056 tempore
1006 3016 1085 3048 nibil
1117 3017 1204 3049 dicet
1216 3042 1224 3058 ,
1255 3019 1351 3058 atque

323 3071 366 3105 ita
383 3071 580 3111 orationem,
602 3071 681 3104 dum
698 3072 841 3104 oratione
860 3075 980 3114 utetur,
998 3075 1193 3116 exstinguet.
1217 3077 1351 3108 Praeter-

323 3136 362 3160 ea
373 3128 429 3169 qui
447 3137 482 3160 se
499 3127 615 3159 salsum
633 3127 741 3173 dicere
759 3128 888 3165 fatetur,
918 3128 1004 3160 idem
1023 3130 1087 3162 sibi
1116 3130 1213 3162 fidem
1240 3130 1352 3162 haberi

327 3186 403 3219 vult.
419 3186 468 3218 Ad
479 3185 656 3227 haecquaeri
675 3186 771 3218 etiam
785 3195 824 3217 ex
837 3186 900 3217 illis
916 3187 1047 3227 poterit,
1063 3188 1147 3220 unde
1160 3188 1291 3221 tandem
1308 3190 1352 3220 in·

322 3247 412 3279 certa
419 3247 611 3278 essecuncta
624 3244 817 3277 didicerint?
830 3245 924 3276 Prius
933 3245 1016 3277 enin.
1032 3247 1113 3278 scire
1127 3247 1258 3287 debent,
1273 3247 1353 3288 quid

325 3307 367 3337 sit
378 3306 504 3337 certum
523 3305 556 3337 et
573 3304 799 3345 perspicuum
822 3305 957 3344 tumque
975 3304 1127 3344 demum,
1152 3314 1204 3337 res
1221 3305 1352 3338 univer-

324 3371 377 3395 sas
393 3372 456 3395 non
474 3370 546 3395 esse
567 3361 648 3394 tales
671 3363 814 3394 statuere
843 3363 1007 3402 poterunt.
1053 3362 1178 3403 Quippe
1207 3364 1352 3395 affirma-

327 3421 422 3453 tionis
440 3420 555 3454 notitia
572 3419 752 3461 negationis
769 3419 983 3460 cognitionem
1010 3421 1182 3452 antecedit.
1242 3421 1304 3453 Sed
1325 3421 1352 3453 si

1038 209 1331 249 ARISTOCLIS
1365 207 1722 250 PERIPATETICI

1412 299 1559 349 γνῶσιν,
1593 296 1828 348 ἀποστήματα
1841 326 1852 345 ,
1893 297 1953 337 καὶ
1990 297 2139 351 μεγέθη,
2172 299 2232 339 καὶ
2276 301 2438 349 κινήσεις·

1413 355 1463 398 ἔτι
1485 355 1520 394 δὲ
1546 356 1585 394 τὸ
1601 355 1650 407 μὴ
1671 356 1796 407 ὁμοίως
1817 357 2007 395 διακεῖσθαι
2037 357 2129 402 νέους
2161 359 2220 397 καὶ
2249 360 2441 412 πρεσὸυτέ-

1415 430 1491 467 ρους
1507 444 1519 466 ,
1542 415 1602 454 καὶ
1628 416 1855 468 ἐγρηγορότας
1876 414 1936 453 καὶ
1961 416 2195 467 κοιμωμένους
2209 446 2219 464 ,
2245 418 2304 457 καὶ
2322 418 2438 471 ὑγιαί-

1412 490 1531 518 νοντας
1561 474 1621 512 καὶ
1653 477 1846 518 νοσοῦντας·
1879 473 2013 518 οὐδενός
2042 489 2080 512 τε
2109 479 2202 526 ἡμᾶς
2233 477 2344 517 ἁπλοῦ
2382 477 2437 518 καὶ

1414 534 1621 585 ἀκραιφνοῦς
1646 531 1975 582 ἀντιλαμὸάνεσθαι.
2017 531 2140 571 Πάντα
2163 532 2231 586 γὰρ
2253 528 2342 575 εἶναι
2357 550 2440 590 συγ·

1413 591 1587 642 κεχυμένα
1602 620 1612 638 ,
1633 590 1691 628 καὶ
1711 590 1796 641 πρός
1811 606 1845 628 τι
1864 589 2046 640 λεγόμενα.
2105 593 2228 630 Ταῦτα
2253 592 2290 631 δέ
2303 622 2315 644 ,
2329 594 2440 646 φημί,

1413 647 1536 686 καὶτὰ
1562 653 1704 687 τοιαῦτα
1732 649 2017 700 κομψολογοῦντα
2045 648 2165 697 αὐτόν,
2185 649 2294 696 ἡδέως
2319 651 2362 690 ἄν
2389 666 2443 696 ’τις

1413 705 1535 758 ἔροιτο·
1552 705 1569 729 ‘¹
1599 706 1741 758 πότερον
1762 700 1797 744 εῧ
1822 705 1918 751 εἰδὼς
1945 706 2041 759 λέγοι
2072 707 2157 745 διότι
2179 707 2221 746 τὰ
2248 708 2442 761 πράγματα

1414 768 1534 804 τοῦτον
1554 765 1626 817 ἔχει
1644 765 1701 803 τὸν
1721 765 1847 817 τρόπον
1862 796 1873 817 ‚
1897 764 1920 812 ἢ
1942 768 2087 817 ἀγνοῶν.
2146 767 2192 805 Εἰ
2213 765 2275 816 μὲν
2291 765 2360 820 γὰρ
2381 768 2443 807 οὐκ

1414 823 1511 876 ᾔδει,
1547 826 1620 867 πῶς
1647 822 1688 861 ἂν
1710 826 1810 874 ἡμεῖς
1830 825 1924 876 αὐτῷ
1956 824 2198 875 πιστεύοιμεν;
2234 825 2264 862 εἶ
2298 825 2329 863 δ’
2361 825 2443 877 ἐγί-

1414 897 1544 930 νωσκε,
1564 883 1690 934 κομιδῇ
1710 898 1760 925 τις
1780 876 1821 929 ἦν
1841 883 1989 930 ἠλίθιος,
2016 882 2091 933 ἅμα
2115 882 2177 932 μὲν
2197 883 2310 931 ἄδηλα
2326 883 2442 923 πάντα

1414 940 1684 994 ἀποφαινόμενος
1697 971 1707 990 ,
1739 940 1814 991 ἅμα
1834 940 1869 980 δὲ
1887 945 2039 980 τοσαῦτα
2058 941 2167 993 λέγων
2189 941 2328 983 εἰδέναι.
2368 935 2439 982 Καὶ

1414 999 1482 1049 μὴν
1503 1000 1605 1038 ὁπότε
1620 1014 1658 1050 γε
1677 998 1720 1036 τὰ
1739 1003 1881 1038 τοιαῦτα
1902 999 2076 1052 διεξίοιεν,
2104 999 2199 1039 οὐδὲν
2217 999 2294 1039 ἀλλ’
2309 999 2333 1047 ἢ
2351 1001 2438 1038 ἑπα-

1412 1056 1528 1108 γωγήν
1563 1072 1640 1096 τινα
1668 1056 1831 1108 λέγουσι,
1852 1058 2040 1101 δεικνύντες
2068 1058 2157 1097 ὁποῖ’
2190 1058 2278 1097 ἄττα
2311 1058 2364 1106 εἴη
2395 1059 2440 1097 τὰ

1413 1114 1601 1168 φαινόμενα
1620 1115 1679 1153 καὶ
1698 1116 1742 1152 τὰ
1761 1115 1837 1153 καθ’
1869 1113 2015 1154 ἕκαστα.
2092 1115 2144 1155 Τὸ
2173 1116 2208 1154 δὲ
2227 1120 2362 1155 τοιοῦτο
2381 1117 2441 1155 καὶ

1413 1173 1486 1211 ἔστι
1504 1172 1563 1211 καὶ
1585 1173 1724 1223 λέγεται
1745 1172 1871 1216 πίστις.
1931 1174 1976 1212 Ei
1998 1173 2059 1224 μὲν
2082 1167 2139 1212 οὖν
2160 1175 2247 1226 αὐτῇ
2267 1190 2443 1226 συγκατα-

1413 1230 1562 1269 τίθενται
1578 1260 1587 1278 ,
1604 1232 1707 1281 δῆλον
1727 1230 1779 1269 ὅτι
1797 1230 2005 1275 δοξάζουσιν·
2029 1232 2059 1269 εἷ
2080 1231 2109 1270 δ’
2129 1233 2167 1269 οὔ
2198 1231 2417 1271 πιστεύουσιν
2429 1262 2441 1284 ‚

1412 1287 1482 1326 οὐδ’
1510 1287 1549 1325 ἂν
1567 1290 1670 1338 ἡμεῖς
1689 1288 1918 1340 προσέχοιμεν
1951 1290 2077 1334 αὐτοῖς.
2131 1288 2184 1330 εὈ
2207 1305 2254 1342 γε
2276 1283 2344 1341 μὴν
2370 1290 2437 1331 Τί-

1413 1362 1486 1396 μων
1507 1347 1541 1384 ἐν
1561 1348 1610 1398 τῷ
1631 1345 1769 1385 Πύθωνι
1789 1348 1955 1397 διηγεῖται
1976 1347 2108 1399 μακρόν
2136 1363 2211 1386 τινα
2233 1346 2442 1392 κατατείνας

1415 1404 1538 1457 λόγον,
1558 1406 1603 1448 ὣς
1632 1404 1767 1458 ἐντύχοι
1797 1407 1847 1457 τῷ
1874 1406 2041 1459 ’Πύῤῥωνι
2072 1406 2244 1458 βαδίζοντι
2274 1408 2440 1456 Πυθοῖδε,

1413 1463 1509 1516 παρὰ
1530 1461 1570 1501 τὸ
1590 1463 1680 1515 ἱερὸν
1703 1467 1761 1502 τοῦ
1791 1463 2005 1517 Ἀμφιαράου
2018 1495 2028 1514 ,
2054 1463 2113 1503 καὶ
2137 1463 2213 1503 τίνα
2234 1464 2443 1517 διαλεχθεῖεν

1415 1522 1589 1570 ἀλλήλοις.
1647 1515 1721 1573 Ἆρ’
1745 1524 1805 1561 οὐκ
1825 1521 1972 1574 εὐλόγως
1989 1522 2029 1561 ἄν
2049 1539 2099 1567 τις
2119 1523 2213 1575 αὐτῷ
2233 1526 2344 1562 ταῦτα
2360 1537 2444 1574 συγ-

1415 1580 1583 1633 γράφοντι
1617 1581 1799 1633 παραστὰς
1831 1581 1940 1628 εἴποι,
1970 1580 2022 1629 τί,
2050 1574 2079 1619 ὦ
2102 1580 2255 1634 πονηρέ,
2292 1582 2444 1633 ἐνοχλεῖς

1413 1727 1559 1768 ignorent
1570 1750 1578 1764 ,
1597 1726 1676 1768 quid
1694 1727 1738 1759 sit
1757 1729 1884 1759 certum
1898 1751 1906 1767 ,
1926 1726 1973 1759 illi
1990 1736 2031 1759 ne
2042 1726 2201 1759 incertum
2217 1726 2348 1769 quidem
2365 1726 2443 1768 quid

1414 1783 1455 1815 sit
1475 1783 1637 1815 sciverint.
1665 1784 1835 1816 Enimvero
1851 1784 1980 1825 quando
1999 1785 2224 1818 AEnesidemus
2255 1786 2289 1818 in
2313 1784 2370 1818 illa
2385 1795 2445 1817 sua

1414 1851 1525 1876 rerum
1543 1843 1768 1876 informatione
1787 1853 1904 1876 novem
1929 1845 2059 1877 omnino
2079 1845 2193 1877 modos
2217 1844 2360 1886 exponit,
2376 1844 2444 1887 (lot

1414 1902 1500 1934 enim
1523 1902 1627 1934 modis
1655 1911 1765 1934 rerum
1793 1902 2023 1935 obscuritatem
2052 1903 2273 1938 demonstrare
2300 1904 2437 1937 conatus

1414 1962 1464 1992 est
1482 1960 1512 2000 ε)
1531 1960 1719 1992 dicemusne
1733 1969 1809 1992 eum
1823 1960 1967 2000 cognitos
1985 1970 2162 1995 memorare
2179 1971 2221 1994 an
2237 1960 2442 2003 incognitos?

1414 2017 1467 2050 Ait
1485 2018 1569 2050 enim
1589 2020 1622 2051 et
1634 2019 1784 2050 animalia
1799 2043 1806 2058 ,
1825 2020 1858 2051 et
1875 2027 1934 2051 nos
1950 2019 2036 2061 ipsos
2050 2043 2059 2060 ,
2076 2021 2110 2053 et
2123 2020 2220 2052 urbes
2235 2044 2243 2061 ,
2261 2021 2296 2053 et
2310 2017 2396 2053 vitas
2410 2019 2443 2051 ct

1415 2084 1519 2109 mores
1538 2078 1571 2108 et
1591 2077 1678 2116 leges
1694 2077 1777 2109 inter
1797 2086 1831 2109 se
1848 2077 1990 2110 differre.
2035 2077 2127 2110 Idem
2145 2086 2225 2111 vero
2247 2086 2362 2118 sensus
2379 2086 2441 2111 no-

1415 2133 1500 2163 stros
1518 2131 1664 2164 infirmos
1680 2141 1752 2164 esse
1775 2132 1937 2172 defendit,
1960 2139 1993 2165 et
2021 2133 2159 2174 plurima
2180 2142 2255 2174 quae
2271 2133 2444 2175 cognitioni

1414 2190 1614 2222 extrinsecus
1632 2191 1777 2224 officiant
1805 2191 2035 2232 impedimenta
2053 2191 2239 2232 existimat,
2258 2192 2439 2232 intervalla,

1414 2248 1651 2290 magnitudines
1664 2275 1671 2288 ,
1691 2251 1810 2282 motus.
1866 2250 1958 2282 Adde
1975 2250 2147 2282 dissimiies
2161 2250 2318 2292 juvenum
2343 2252 2443 2293 atque

1414 2315 1528 2340 senum
1539 2332 1547 2347 ,
1565 2307 1765 2349 vigilantium
1783 2309 1817 2340 et
1836 2308 2064 2341 dormientium
2075 2333 2084 2348 ,
2100 2308 2277 2341 valentium
2292 2310 2327 2342 et
2345 2317 2442 2350 oegro-

1414 2366 1521 2398 torum
1537 2365 1676 2398 affectus
1695 2376 1702 2395 :
1720 2366 1859 2407 denique
1886 2375 2016 2407 rerum,
2036 2366 2115 2398 dum
2141 2375 2196 2399 eas
2222 2366 2417 2408 percipimus
2431 2392 2439 2407 ,

1413 2433 1517 2465 neque
1530 2424 1708 2465 simplicem
1729 2433 1869 2465 unquam
1882 2424 2010 2457 vultum
2022 2433 2127 2466 neque
2137 2424 2308 2457 sincerum.
2327 2426 2442 2458 Omnia

1413 2482 1498 2515 enim
1517 2491 1587 2515 esse
1603 2482 1780 2524 permixta,
1795 2485 1828 2515 et
1844 2482 1886 2515 ad
1912 2482 2035 2523 aliquid
2053 2481 2155 2516 relata
2177 2482 2343 2525 appellari.
2362 2484 2440 2516 Haec

1412 2548 1507 2580 vero,
1528 2539 1683 2581 inquam,
1712 2541 1894 2581 caeteraque
1920 2539 1954 2572 id
1980 2548 2081 2581 genus
2109 2540 2188 2574 dum
2216 2540 2320 2574 tacete
2337 2540 2438 2582 dicit,

1414 2598 1549 2631 libenter
1567 2607 1609 2630 ex
1623 2607 1661 2631 eo
1674 2598 1833 2639 quispiam
1851 2599 1978 2639 quaerat
1987 2622 2000 2640 ,
2018 2599 2101 2631 sitne
2114 2598 2169 2631 hic
2180 2598 2321 2631 hominis
2335 2599 2442 2632 varias

1413 2657 1484 2690 illas
1503 2666 1614 2690 rerum
1636 2657 1777 2690 rationes
1792 2657 1892 2699 probe
1907 2657 2038 2690 scientis
2057 2666 2097 2690 an
2118 2657 2296 2699 ignorantis
2319 2666 2437 2690 sermo.

1411 2716 1542 2749 sienim
1553 2717 1625 2749 illas
1638 2716 1774 2758 ignorat,
1789 2716 1846 2758 qui
1865 2715 1994 2748 tandem
2016 2715 2081 2757 ipsi
2097 2715 2196 2749 fidem
2216 2715 2435 2750 habebimus?

1411 2775 1467 2808 Sin
1482 2784 1539 2808 eas
1553 2775 1651 2816 probe
1672 2775 1782 2814 novit,
1808 2774 1945 2807 stolidus
1972 2773 2147 2807 admodum
2175 2775 2243 2814 est,
2262 2774 2319 2816 qui
2336 2783 2438 2816 quum

1411 2834 1550 2867 obscura
1568 2843 1639 2867 esse
1655 2835 1769 2867 cuncta
1791 2843 1859 2875 prae
1886 2842 1920 2866 se
1940 2833 2021 2866 terat
2034 2857 2042 2872 ‚
2069 2834 2139 2865 tam
2155 2833 2258 2865 multa
2276 2841 2311 2866 se
2329 2835 2438 2866 tamen

1412 2893 1496 2926 scire
1528 2893 1709 2926 confirmet.
1753 2892 1849 2933 Atqui
1880 2890 2008 2932 quando
2035 2891 2114 2924 talia
2145 2892 2310 2932 exponunt
2323 2915 2332 2932 ‚
2360 2891 2440 2924 nihil

1411 2951 1499 2984 aliud
1516 2960 1614 2993 quam
1635 2949 1853 2982 inductionem
1881 2949 2022 2989 aliquam
2046 2949 2181 2989 texunt,
2207 2949 2241 2981 et
2256 2948 2439 2989 cujusmodi

1410 3010 1465 3042 illa
1493 3009 1558 3042 sint
1573 3017 1647 3050 quae
1674 3009 1846 3050 apparent,
1880 3001 2044 3047 sigillatim
2071 3007 2322 3039 demonstrant:
2351 3006 2439 3047 quod

1412 3067 1542 3110 quidem
1570 3066 1726 3100 orationis
1743 3075 1843 3107 genus
1861 3067 1909 3098 est
1930 3067 2129 3106 vocaturque
2150 3064 2310 3107 probatio.
2342 3065 2436 3096 Hanc

1412 3127 1510 3169 igitur
1527 3125 1575 3158 illi
1601 3126 1630 3157 si
1652 3126 1844 3167 sequuntur,
1864 3132 1919 3156 eos
1940 3123 2061 3165 opinari
2078 3132 2173 3156 nemo
2191 3132 2257 3155 non
2272 3122 2362 3156 videt
2378 3135 2387 3154 ι
2409 3122 2438 3154 si

1413 3176 1489 3218 vero
1504 3194 1568 3217 non
1586 3184 1720 3217 credunt
1732 3208 1740 3224 ‚
1769 3191 1809 3215 ne
1827 3191 1885 3214 nos
1902 3182 2033 3222 quidem
2057 3181 2128 3217 illos
2144 3180 2324 3214 audiemus.
2363 3182 2437 3212 Jam

1412 3252 1490 3276 vero
1509 3242 1597 3285 quod
1612 3242 1645 3274 in
1663 3241 1827 3283 Pyrrhone
1842 3241 1969 3282 longam
1984 3241 2146 3281 quandam
2167 3239 2259 3271 Timo
2275 3238 2430 3270 narratio-

1411 3310 1486 3335 nem
1509 3300 1665 3342 explicat,
1691 3298 1854 3341 quomodo
1882 3297 2037 3340 Pyrrhoni
2059 3297 2152 3337 juxta
2176 3297 2334 3338 templum
2359 3298 2434 3328 Am-

1412 3359 1534 3402 phiarai
1549 3384 1557 3399 ,
1580 3358 1726 3401 Pythiam
1744 3358 1876 3391 adeunti
1907 3356 2103 3397 occurrerit,
2132 3358 2166 3389 et
2183 3363 2281 3398 quem
2299 3363 2375 3387 cum
2397 3344 2440 3385 e'n

1414 3428 1594 3452 selmonem
1610 3417 1803 3457 contulerit,
1827 3425 1931 3449 nonne
1947 3416 2020 3457 quis
2037 3415 2152 3448 talium
2167 3422 2278 3447 rerum
2297 3412 2434 3455 scripto·
