2528 3788
333 184 413 227 242

333 270 451 324 ὥσπερ
467 270 526 309 καὶ
542 269 622 322 περὶ
643 270 786 323 ἀπείρου
803 272 1001 325 γνωρίζειν,
1019 275 1084 312 εἶ’
1066 291 1156 314 εστιν
1177 276 1199 324 ἢ
1217 277 1287 328 μή,
1306 279 1365 318 και

335 334 404 374 πῶς
433 332 525 377 ἐστι,
548 329 626 390 καὶΜ
631 329 664 366 τί
693 331 778 368 ἐστι.
800 330 856 370 Τά
883 347 921 371 τε
940 332 1048 386 γὰρ’
1028 350 1112 374 οντα
1131 337 1256 381 πάντες
1284 339 1369 377 ὓπο-

331 387 569 438 λαμὸάνουσιν
591 381 682 426 εἶναί
705 404 771 427 που
792 389 852 441 (τὸ
868 390 936 464 γὰρ
962 393 1054 443 μὴἋ
1036 403 1073 432 ον
1086 396 1241 467 ρῦδαμοῦ
1263 400 1366 435 εἶναι·

329 461 398 483 που
425 446 491 498 γάρ
508 447 582 484 ἐστι
599 447 812 501 τραγέλαφος
830 449 852 496 ἢ
873 450 972 503 σφίγξ
985 452 1023 503 3)
1040 468 1100 491 και
1117 457 1179 501 τῆς
1199 455 1368 502 κινήσεως

327 508 351 553 ἡ
376 504 472 551 κοινὴ
499 506 652 555 μάλιστα
679 506 738 544 καὶ
759 509 955 561 κυριωτάτη
977 512 1068 550 κατὰ
1088 512 1192 552 τόπον
1212 515 1303 553 ἐστὶν
1325 516 1367 564 ἣν

328 566 500 614 καλοῦμεν
520 566 643 618 φοράν.

384 625 632 675 (Aristoteles
652 626 767 677 Phys.
784 627 855 665 lib.
878 626 927 666 IV
944 643 1028 681 cap.
1055 645 1070 667 1
1091 645 1130 682 p.
1156 634 1242 671 208.
1261 646 1294 672 a.
1318 647 1364 682 27

326 684 386 723 ed.
406 685 568 723 ssekker.
595 685 820 737 Simplicius
841 686 905 726 fol.
933 702 1017 728 121.
1050 688 1091 727 b.
1120 689 1197 742 (cf.
1223 690 1366 732 Scholl.

326 744 364 781 in
391 744 506 783 Arist.
530 758 570 795 p.
595 745 686 794 369.
709 744 749 782 b.
776 745 835 784 ed.
859 746 1067 800 Brandis.)
1088 748 1147 787 καὶ
1167 750 1283 796 κοινὴν
1303 750 1367 802 μὲν

324 803 454 849 ταύτην
477 805 619 841 ἐκάλεσε
640 803 703 850 τὴν
724 804 882 853 κίνησιν,
909 806 931 853 ἢ
953 809 999 851 ὡς
1021 811 1117 860 κοινῇ
1146 809 1212 847 ὑπὸ
1229 809 1367 848 πάντων

324 863 620 912 ὁμολογουμένην·
642 863 768 907 πάντες
789 863 855 916 γὰρ
877 867 937 911 τ’ῆς
957 866 1048 904 κατὰ
1070 866 1173 905 τόπον
1202 868 1368 916 κινήσεως

284 936 288 939 ·
325 921 457 970 μᾶλλον
484 919 507 968 ἢ
538 923 606 959 τῶν
641 921 755 960 ἄλλων
781 923 1035 974 αἰσθανόμεθα·
1056 923 1078 972 ἢ
1115 927 1232 974 κοινὴν
1261 929 1367 975 αὐτὴν

324 982 417 1017 εἶπεν
447 981 493 1024 ὡς
520 979 650 1028 ταύτην
679 980 786 1031 μόνην
819 988 906 1020 πᾶσι
932 983 1000 1026 τοῖς
1033 986 1186 1036 φυσικοῖς
1208 986 1367 1032 σώμασιν

323 1038 569 1091 ὑπάρχουσαν·
593 1039 636 1076 τὰ
658 1040 725 1091 γὰρ
747 1040 888 1093 οὐράνια
909 1057 977 1079 των
999 1040 1113 1081 ἄλλων
1130 1059 1253 1083 πασων
1269 1045 1368 1092 κινή-

323 1112 409 1135 σεων
421 1097 645 1171 ὑπερέχοντα
666 1099 796 1146 ταύτην
828 1099 922 1151 ὅμως
942 1106 1102 1141 κινεῖται.
1127 1103 1191 1142 Διὸ
1209 1104 1269 1142 καὶ
1304 1121 1364 1143 κυ-

323 1155 495 1207 ριωτάτην
519 1156 627 1204 αὐτὴν
649 1157 768 1195 καλεῖ·
789 1158 986 1210 κυριωτάτη
1007 1159 1074 1212 γὰρ
1095 1163 1116 1207 ἡ
1138 1177 1208 1199 των
1227 1165 1366 1214 πρωτί-

323 1229 413 1252 στων
434 1215 492 1252 καὶ
511 1215 824 1267 ἀρχηγικωτάτων.
846 1217 915 1255 Και
930 1217 1046 1268 μέντοι
1065 1222 1110 1262 ὡς
1125 1219 1208 1264 δείξε
1195 1218 1366 1272 ,ιπροίὼν

322 1271 375 1311 ὅτι
394 1272 516 1325 πρώτη
539 1290 606 1312 των
626 1274 796 1321 κινήσεών
816 1276 909 1314 ἐστιν
936 1279 956 1322 ἡ
979 1276 1067 1329 φορὰ
1087 1277 1196 1329 καὶχ
1171 1279 1285 1331 χρόνῳ
1309 1278 1368 1316 καὶ

322 1332 423 1384 φύσει
442 1333 501 1371 καὶ
529 1333 635 1385 αἰτίᾳ.
677 1333 886 1385 Κυριωτάτη
920 1333 955 1372 δὲ
984 1335 1133 1384 εὐλόγως
1158 1339 1176 1383 ἡ
1208 1336 1364 1383 τοιαύτη.

321 1388 388 1430 Ἔν
411 1407 480 1429 τισι
507 1391 541 1428 δὲ
563 1393 638 1430 ἀντὶ
658 1397 717 1430 τοῦ
749 1392 846 1439 κοινὴ
870 1392 992 1445 πρώτη
1007 1422 1017 1442 ,
1044 1394 1102 1432 καὶ
1124 1394 1214 1432 ούτω
1242 1395 1368 1447 γράφει

321 1450 415 1488 καὶὸ
443 1450 614 1500 Εὔδημος.
635 1451 819 1489 Similiter
840 1451 1066 1502 Phys.V11‚
1099 1467 1120 1490 2
1143 1468 1282 1505 πρώτον
1305 1454 1366 1505 μὲν

326 1512 385 1546 οὖν
410 1507 496 1561 ὑπὲρ
531 1511 592 1555 τῆς
619 1515 724 1560 φορᾶς
748 1508 918 1559 εἴπωμεν·
950 1510 1038 1559 αύτη
1060 1527 1126 1564 γαρ
1153 1511 1274 1564 πρώτη
1301 1515 1368 1551 τῶν

325 1567 497 1614 κινήσεών
522 1569 630 1605 ἐστιν.
644 1568 705 1607 Cf.
725 1568 825 1616 Vlll,
846 1583 922 1620 71).
948 1572 1040 1610 261.
1065 1584 1096 1609 a.
1116 1585 1181 1619 27.

373 1640 420 1665 37.
453 1625 559 1679 ’Έχει
581 1627 616 1665 δὲ
633 1627 764 1672 πολλὰς
784 1629 930 1682 ἀπορίας
949 1629 983 1668 τί
1003 1633 1082 1668 ποτ’
1103 1629 1197 1669 ἔστιν
1218 1632 1236 1669 ὃ
1253 1630 1368 1676 τόπος·

320 1687 358 1724 οὐ
379 1686 445 1737 γὰρ
474 1685 597 1724 ταύτὸν
635 1685 794 1739 φαίνεται
826 1691 1012 1740 θεωροῦσιν
1040 1689 1074 1733 ἐξ
1105 1689 1269 1728 ἁπάντων
1299 1692 1368 1728 τῶν

321 1745 565 1797 ὑπαρχόντων.
622 1743 707 1784 Ἔτι
742 1745 778 1784 δὲ
805 1748 868 1784 οὐκ
898 1747 1026 1799 ἔχομεν
1058 1748 1155 1786 οὐδὲν
1177 1748 1274 1801 παρὰ
1295 1751 1363 1787 τῶν

324 1804 438 1842 ἄλλων
461 1803 539 1842 οὔτε
559 1808 847 1857 προηπορημένον
869 1805 947 1844 οὔτε
962 1807 1274 1859 προηυπορημένον
1289 1807 1369 1860 περὶ

324 1863 443 1902 αὐτοῦ.

379 1922 632 1974 (Aristoteles
666 1924 783 1974 Phys.
810 1923 881 1962 lib.
914 1923 977 1971 W,
999 1938 1085 1975 cap.
1124 1940 1140 1962 1
1170 1939 1208 1975 p.
1236 1927 1312 1963 208
1335 1939 1368 1965 a.

329 1983 375 2019 32
408 1981 468 2020 ed.
491 1982 650 2021 Bekker.
682 1982 903 2034 Simplicius
926 1984 992 2023 fol.
1019 1998 1105 2022 122.
1134 1985 1151 2021 ὃ
1182 1982 1218 2022 δὲ
1251 1983 1369 2031 Εὔδη-

327 2055 389 2090 μος
413 2043 472 2086 τῆς
493 2040 678 2084 δυσκολίας
699 2044 756 2078 τοῦ
791 2041 872 2093 περὶ
902 2045 963 2079 τοῦ
991 2041 1101 2080 τόπου
1123 2041 1371 2093 προὸλήματος

325 2098 386 2136 καὶ
406 2103 505 2136 τοῦτο
526 2098 634 2137 αἴτιον
665 2093 752 2138 εἷναί
772 2115 884 2151 φησι,
906 2100 943 2138 τὸ
966 2100 1016 2149 μὴ
1040 2101 1154 2154 ῥᾴδιον
1183 2095 1270 2140 εἶναι
1296 2105 1370 2142 ἐπι-

326 2157 496 2196 λαὸέσθαι
517 2161 576 2195 τοῦ
598 2158 723 2207 τόπου,
745 2158 831 2197 διότι
852 2160 1039 2212 ὑποφεύγει
1058 2160 1196 2203 πάντως
1214 2161 1371 2213 ἐξαιρου-

328 2218 431 2267 μένου
443 2222 500 2255 τοῦ
518 2219 551 2254 ἐν
566 2217 662 2270 τόπῳ
677 2217 910 2268 σώματος,καὶ
924 2220 1000 2258 καθ’
1016 2218 1101 2257 αὑτὸ
1121 2219 1183 2269 μὲν
1201 2222 1263 2259 οὔκ
1278 2220 1369 2258 ἔστιν

328 2276 412 2314 αὐτὸ
431 2279 574 2323 νοῆσαι,
608 2276 705 2330 εἴπερ
726 2274 762 2314 δὲ
784 2277 873 2330 ἄρα,
902 2278 980 2328 μεθ’
995 2277 1133 2330 ἑτέρου,
1155 2277 1274 2331 ὥσπερ
1295 2278 1372 2322 τοὺς

327 2339 394 2374 τῶν
415 2336 558 2389 ἀφώνων
580 2336 813 2387 καλουμένους
834 2337 1012 2390 φθόγγους·
1034 2337 1122 2388 μετὰ
1151 2337 1218 2390 γὰρ
1238 2341 1298 2376 τοῦ
1317 2354 1337 2376 α
1354 2341 1371 2377 ὁ

325 2399 385 2434 τοῦ
409 2398 429 2446 β
447 2396 506 2433 καὶ
520 2398 536 2433 ὅ
551 2399 609 2434 τοῦ
629 2413 650 2448 γ
666 2398 778 2443 δῆλος.
802 2398 856 2436 Οὐ
872 2398 988 2448 μέντοι
1007 2398 1063 2435 διὰ
1078 2397 1140 2444 τὴν
1167 2397 1370 2450 δυσχέρειαν

329 2454 543 2493 ἀποστατέον
561 2459 620 2492 τοῦ
643 2454 892 2506 προέλήματος
913 2456 1008 2500 ὄντος
1038 2455 1144 2499 οὕτως
1166 2455 1292 2494 οἰκείου
1312 2456 1372 2494 καὶ

329 2512 518 2561 ἀναγκαίου
537 2515 586 2565 τῷ
604 2516 752 2566 φυσικῷ.
783 2513 861 2553 Κᾶν
882 2514 948 2567 γὰρ
980 2515 1088 2564 μηδὲν
1110 2516 1194 2554 ἄλλο
1215 2515 1272 2554 ἐπὶ
1303 2519 1371 2554 τῶν

329 2571 552 2620 δυσλήπτων,
578 2572 667 2610 ἀλλὰ
698 2573 736 2611 τό
755 2589 795 2623 γε
816 2575 993 2626 ἀπορῆσαι
1021 2575 1137 2618 καλῶς
1158 2574 1238 2627 περὶ
1269 2575 1387 2614 αὐτοῦ’·’

328 2630 447 2668 ἱκανὸν
469 2633 518 2683 τῷ
539 2633 722 2683 φιλομαθεῖ
736 2661 746 2680 ,
776 2635 822 2677 ὣς
843 2636 876 2673 ἐν
904 2633 1021 2678 ἄλλοις
1042 2634 1142 2678 αὐτὸς
1173 2637 1191 2672 ὃ
1212 2634 1370 2686 Ἀριστο-

330 2689 393 2727 τέλ
386 2705 435 2735 ης
457 2690 645 2739 διδάσκει.)

381 2761 431 2786 38.
466 2749 519 2787 Οὖ
539 2748 609 2799 μὴν
631 2749 706 2788 ἀλλ’
727 2750 799 2804 ἔχει
819 2751 850 2804 γ’
870 2751 1043 2806 ἀπορίαν,
1065 2754 1094 2791 εἷ
1118 2753 1210 2798 ἔστι,
1227 2753 1296 2792 τί
1282 2769 1369 2808 εστι,

328 2806 473 2860 πότερον
494 2806 593 2859 ὄγκος
611 2825 662 2852 τις
691 2810 852 2861 σώματος
872 2811 894 2858 ἤ
917 2827 966 2856 τις
998 2811 1099 2865 ἑτέρα
1127 2812 1234 2866 φύσις·
1256 2806 1365 2907 ζητη-

328 2936 388 2977 sit,
421 2945 623 2978 cognoscere.
653 2939 782 2972 Etenim
810 2950 884 2981 quae
913 2943 1010 2983 sunt,
1044 2951 1158 2975 omnes
1183 2943 1371 2976 existimant

327 2995 450 3028 alicubi
472 3004 565 3036 esse,
592 2997 669 3038 quia
691 2998 725 3030 id
756 2999 845 3039 quod
875 3009 939 3032 non
961 3003 1027 3041 est,
1048 3011 1211 3043 nusquam
1236 3002 1288 3035 sit.
1307 3003 1371 3035 Ubi

328 3054 414 3086 enim
430 3055 639 3097 tragelaphus
662 3057 731 3090 sive
750 3057 951 3091 hircicervus
979 3061 1036 3091 aut
1052 3060 1167 3102 sphinx
1190 3063 1266 3094 est?
1286 3061 1370 3100 Quin

328 3116 427 3149 etium
449 3119 558 3148 motus
576 3117 716 3150 maxime
733 3120 915 3151 communis
941 3122 972 3152 ct
993 3121 1142 3162 proprius
1158 3121 1231 3153 loco
1247 3130 1370 3154 conve-

328 3174 394 3214 nit,
421 3183 521 3215 quem
537 3184 670 3208 cursum
689 3177 906 3218 appellamuS.

372 3236 422 3266 37.
445 3233 625 3267 Dubitatur
641 3237 751 3267 autem
777 3236 995 3278 multimodis,
1014 3237 1092 3278 quid
1114 3238 1242 3270 tandem
1257 3237 1300 3272 sit
1318 3237 1370 3270 lo-

329 3301 410 3333 cus3
433 3302 539 3335 neque
565 3295 650 3327 enim
673 3295 759 3327 idem
784 3305 822 3328 ex
841 3296 991 3328 omnihus
1015 3306 1090 3338 quae
1118 3297 1150 3329 in
1175 3306 1214 3330 eo
1236 3299 1366 3339 insunt,

330 3353 562 3395 contemplanti
584 3354 726 3387 videtur.
757 3356 920 3388 Praeterea
944 3355 1026 3388 nihil
1053 3356 1093 3388 ab
1111 3357 1181 3389 aliis
1200 3359 1258 3390 aut
1278 3360 1372 3391 antea

330 3411 372 3444 de
385 3419 425 3445 eo
440 3412 642 3454 disputatum
660 3416 718 3446 aut
740 3414 832 3456 prius
844 3414 1012 3448 inventum
1033 3415 1203 3448 habemus.

1008 187 1208 229 EUDEMI
1238 188 1420 232 RHODII
1448 191 1798 234 PERlPATETICI

1427 280 1500 320 τέον
1518 281 1584 334 γὰρ
1602 281 1641 320 τὸ
1654 281 1749 334 γένος
1769 283 1873 321 αὐτου
1888 283 2038 334 πρῶτον.
2058 283 2290 335 Διαστήματα
2310 283 2383 336 μὲν
2399 277 2466 340 ὥς,

1426 340 1498 393 ἔχει
1514 342 1591 393 τρία
1607 371 1618 392 ,
1641 346 1748 392 μῆκος
1774 341 1834 379 καὶ
1851 343 1980 386 πλάτος
2006 342 2065 381 καὶ
2093 343 2216 395 βάθος,
2237 347 2286 387 οἱς
2306 343 2461 397 ὁρίζεται

1427 415 1530 450 σωμα
1561 407 1644 440 πᾶν.
1668 400 1848 439 Ἀδύνατον
1881 401 1916 438 δὲ
1949 402 2052 451 σῶμα
2079 401 2137 440 τὸν
2164 401 2269 441 τόπον
2290 383 2390 442 εἶναι·
2421 403 2462 450 ἇχ

1425 460 1540 497 ταῦτῶ
1560 460 1627 513 γὰρ
1648 460 1687 498 ἂν
1703 459 1754 508 εἴη
1773 459 1832 498 δύο
1852 475 2015 509 σωματα,

1481 519 1728 570 (Aristoteles
1742 519 1859 570 Phys.
1876 518 1944 556 lib.
1969 517 2031 565 IV,
2058 530 2143 568 cap.
2168 531 2183 556 1
2206 532 2247 568 p.
2272 532 2362 571 2⁰9·
2378 532 2412 559 a.
2433 533 2456 559 α

1426 576 1487 616 ed.
1509 577 1665 617 Bekker.
1683 578 1860 616 Ultima’
1846 593 1880 615 εν
1894 578 2008 629 ταύτῷ
2021 575 2087 629 γὰρ
2107 574 2150 614 ἂν
2165 574 2219 624 εἴη
2235 576 2293 616 δύό
2310 575 2461 634 σώματα

1426 636 1554 688 possis
1581 639 1691 675 etiam
1719 636 1963 689 intel-[uetari
1994 640 2031 672 in
2054 637 2181 673 eodem
2211 639 2311 674 enim
2335 642 2463 692 apqtsn

1427 696 1504 733 duo
1529 708 1595 733 coi
1597 709 1693 746 poia
1725 696 1878 734 fuerint.
1915 697 1962 733 At
1990 693 2096 744 apud
2123 693 2413 745 Xenophanem.
2427 694 2464 736 ἓν

1426 756 1539 807 ταύτῷ
1559 755 1639 805 μένε
1644 771 1671 792 ιν
1690 756 1788 793 valet
1809 757 1935 792 eodem
1954 764 2055 790 statu
2074 766 2236 792 manere.
2257 753 2342 795 Vid.
2359 744 2463 797 Phil,

1426 816 1494 850 tir.
1523 812 1672 862 F1agm
1691 813 1771 850 vol.
1798 815 1828 860 1,
1843 827 1882 864 p.
1906 825 1990 849 101.
2023 810 2245 862 Simplicius
2271 810 2339 849 fol.
2366 812 2457 859 123.

1426 872 1466 912 b.
1488 871 1532 910 τὰ
1547 875 1604 910 οὖν
1626 871 1794 922 τμήματα
1813 874 1873 917 τῆς
1893 870 2001 922 διαιρε
2004 885 2088 913 σεως
2107 869 2223 912 καλῶς
2246 862 2421 914 ἀπέδειξεν
2439 869 2458 906 ὅ

1427 930 1641 982 Ἀλέξανδρος
1655 960 1664 978 ,
1686 931 1723 968 τὸ
1744 930 1780 968 δε
1801 932 1904 980 σῶμα
1926 928 1982 967 διὰ
2013 927 2174 978 σώματος
2201 932 2326 980 χωρεῖν
2347 916 2392 966 οἱ
2398 925 2462 981 μὲν

1430 991 1569 1041 ἀρχαῖοι
1591 992 1634 1032 ὡς
1655 987 1832 1042 ἐναργὲς”
1811 1003 1936 1026 ατοπον
1957 986 2175 1037 ελάμὸανον,
2194 989 2226 1026 οἱ
2246 986 2282 1025 δὲ
2312 984 2384 1024 ἀπὸ
2402 1001 2465 1032 της

1430 1053 1532 1091 στοᾶς
1563 1047 1702 1100 ύστερον
1730 1046 1951 1099 προσήκαντο
1981 1048 2026 1090 ὣς
2052 1047 2255 1085 ἀκολουθοῦν
2274 1047 2348 1089 ταῖς
2367 1046 2462 1097 σφῶν

1428 1106 1541 1144 αὐτων
1563 1105 1763 1144 ὑποθέσεσιν
1787 1105 1826 1147 ἃς
1857 1103 2010 1154 ἐνόμιζον
2044 1104 2078 1142 ἐν
2107 1100 2212 1142 παντὶ
2241 1100 2360 1153 τρόπῳ
2391 1099 2460 1138 δεῖν

1426 1181 1562 1218 κυρουν·
1584 1164 1733 1215 σώματκ
1754 1163 1821 1216 γὰρ
1843 1162 1953 1214 λέγειν
1972 1163 2086 1200 πάντα
2109 1162 2304 1208 δοκουντες,
2325 1157 2385 1198 καὶ
2403 1159 2466 1202 τὰς

1426 1223 1611 1271 ποιότητας
1644 1239 1702 1261 και
1739 1222 1800 1268 τὴν
1821 1221 1958 1274 ψυχήν,
1993 1236 2052 1259 και
2082 1220 2138 1258 διὰ
2165 1217 2292 1262 παντὸς
2321 1207 2467 1273 δρῖᾇντες

1427 1285 1486 1320 τοῦ
1507 1298 1667 1333 σωματος
1687 1281 1746 1319 καὶ
1767 1280 1830 1327 τὴν
1854 1281 1971 1333 ψυχὴν
1991 1283 2174 1332 χωροῦσαν
2193 1275 2253 1316 καὶ
2278 1275 2340 1320 τὰς
2364 1276 2464 1332 ποιό-

1429 1356 1534 1388 τητας
1554 1342 1587 1378 ἐν
1608 1346 1682 1384 ταῖς
1701 1339 1866 1392 κράσεσι,
1888 1338 2104 1391 συνεχώρουν
2133 1352 2237 1388 σωμα
2265 1334 2322 1375 διὰ
2341 1333 2467 1393 σώμα-

1428 1415 1483 1443 τος
1513 1400 1655 1451 χωρεῖν.
1712 1399 1797 1438 ζὈτι
1824 1398 1859 1436 δὲ
1881 1398 2048 1435 ἀδύνατον
2074 1400 2198 1446 τοῦτο,
2221 1391 2375 1446 δείκνυσι
2400 1388 2466 1447 μὲν

1427 1473 1487 1496 και
1506 1459 1546 1495 δι’
1569 1459 1808 1510 ἀφωρισμενου
1829 1455 2116 1507 συγγράμματος.
2140 1454 2193 1507 (i.
2211 1467 2246 1493 e.
2265 1453 2307 1492 in
2331 1453 2466 1505 singu-

2475 71 2528 304 ι

1432 1516 1499 1554 lari
1530 1516 1630 1553 libio
1665 1531 1744 1568 περι
1778 1515 1933 1567 κράσεων
1971 1527 2084 1564 quem
2117 1513 2208 1551 citat
2232 1508 2468 1564 Themisiius
2516 1510 2525 1521 ²

1429 1576 1476 1613 ad
1497 1575 1599 1613 hunc
1619 1576 1746 1613 locum
1767 1575 1833 1614 fol
1859 1574 1950 1626 37.)
1976 1576 2121 1627 Πρῶτον
2144 1572 2205 1622 μὲν
2226 1569 2294 1623 γὰρ
2313 1571 2343 1609 εἷ
2364 1571 2469 1620 σῶμα

1430 1634 1485 1671 διὰ
1506 1633 1668 1684 σώματος
1686 1638 1816 1685 χωρεῖ,
1842 1648 1900 1670 και
1921 1639 1990 1670 πᾶν
2007 1631 2062 1670 διὰ
2083 1630 2210 1674 παντὸς
2228 1627 2409 1682 χωρήσει,
2421 1626 2470 1665 εἴ·

1429 1708 1494 1745 περ
1514 1692 1599 1730 καθὸ
1623 1690 1792 1743 σώματα,
1813 1691 1901 1730 ἀλλὰ
1927 1690 1976 1742 μὴ
2007 1689 2093 1729 καθὸ
2118 1688 2230 1741 θερμὰ
2256 1686 2280 1735 ἢ
2298 1685 2418 1742 ψυχρὰ
2444 1685 2468 1735 ἤ

1428 1767 1552 1827 τινα
1526 1751 1669 1799 ἄλλην”
1652 1766 1777 1804 εχοντα
1803 1750 1968 1804 διαφορὰν
1993 1751 2103 1802 χωρεῖ
2122 1748 2167 1786 δι’
2188 1748 2366 1796 ἀλλήλων.
2423 1747 2469 1787 Εἰ

1428 1870 1673 1923 χωρηθήσεται
1700 1884 1739 1907 το
1766 1885 1809 1919 με
1795 1869 1940 1921 Cytoron.-
1967 1868 2094 1919 ὁμοίως
2115 1866 2181 1919 γὰρ
2197 1865 2264 1911 ἕξει
2284 1863 2468 1915 δεξάμενόν

1428 1945 1466 1967 τε
1498 1927 1557 1967 καὶ
1588 1929 1655 1980 πρὸ
1673 1931 1732 1966 τοῦ
1757 1927 1931 1972 δέξασθαι.
1955 1929 2009 1967 Οὔ
2029 1925 2096 2000 γὰρ
2133 1925 2174 1972 δὴ
2197 1924 2275 1964 τότε
2300 1925 2363 1976 μὲν
2385 1923 2469 1963 κενά

1431 2004 1507 2025 τινα
1527 1987 1587 2026 καὶ
1606 1987 1742 2060 πόρους
1746 1980 1840 2039 εἶχε,
1865 2002 1922 2025 νυν
1950 1985 1985 2024 δὲ
2006 1984 2136 2025 οὐκέτι.
2157 1983 2312 2024 Δύναται
2331 1976 2389 2022 οὖν
2410 1981 2471 2023 καὶ

1432 2045 1588 2097 δεύτερον
1609 2061 1667 2084 και
1687 2045 1799 2098 τρίτον
1821 2045 1948 2096 ὁμοίως
1968 2043 2142 2089 δέξασθαι.
2166 2042 2273 2083 Οὕτω
2291 2041 2328 2082 δὲ
2357 2043 2392 2081 ἐν
2424 2045 2469 2096 τῇ

1430 2121 1468 2143 κε
1472 2121 1588 2157 γχρω,
1603 2120 1705 2157 φησιν
1727 2107 1744 2142 ὁ
1770 2103 2031 2157 Ἀριστοτέλης,
2052 2106 2070 2142 ὁ
2089 2101 2232 2155 οὖρανος
2261 2101 2470 2172 χωσρηθησες-

1431 2180 1506 2212 ται,
1528 2163 1587 2202 καὶ
1610 2166 1631 2210 ἡ
1652 2163 1811 2203 θάλασσα
1837 2165 1871 2201 ἐν
1903 2164 2032 2216 κυάθῳ.
2052 2162 2135 2201 Ἔτι
2165 2161 2202 2199 δὲ
2229 2162 2272 2200 εἰ.
2282 2162 2386 2211 σῶμα
2412 2160 2469 2200 διὰ

1434 2223 1595 2274 σώματος
1615 2229 1748 2275 χωρεῖ,
1778 2221 1838 2260 καὶ
1868 2221 1924 2259 διὰ
1957 2219 2156 2273 παχυτέρου
2185 2218 2226 2259 τὸ
2247 2220 2470 2274 λεπτότερον,

1432 2281 1465 2320 τί
1484 2282 1610 2330 δήποτε
1630 2286 1647 2320 ὁ
1667 2281 1795 2333 χρυσὸς
1827 2279 1959 2333 χαλκὸν
1981 2279 2042 2330 μὲν
2064 2279 2216 2331 δέχεται,
2239 2277 2332 2332 ὕδωρ
2350 2278 2387 2317 δὲ
2408 2279 2470 2331 οὗρ

1430 2337 1580 2393 ’Άπορον
1599 2340 1634 2380 δὲ
1654 2340 1713 2378 καὶ
1731 2339 1786 2378 διὰ
1808 2340 1844 2377 τί
1869 2339 2048 2388 δεξάμενος
2075 2339 2131 2376 τὸν
2151 2337 2284 2389 χαλκὸν
2308 2339 2327 2375 δ
2345 2337 2472 2390 χρυσὸς

1434 2402 1570 2452 μείζονα
1588 2399 1645 2438 τὸν
1664 2399 1765 2450 ὄγκον
1791 2398 1872 2450 ἔσχε
1886 2428 1896 2448 ,
1915 2398 1974 2435 καὶ
1996 2396 2084 2441 ὅλως
2103 2395 2160 2436 διὰ
2179 2395 2212 2434 τί
2236 2395 2374 2442 αὔξεταί
2393 2412 2470 2438 τινα

1433 2462 1500 2498 τῶν
1522 2457 1761 2509 μιγνυμένων,
1787 2458 1816 2495 εἰ
1845 2455 1888 2494 τὰ
1909 2455 1968 2495 ἴσα
1995 2454 2157 2502 ἀλλήλοις
2183 2454 2224 2493 δι’
2244 2454 2332 2494 ὅλων
2359 2455 2470 2505 ἀλλή-

1432 2520 1501 2557 λων
1535 2516 1894 2569 συμπαρεκτείνεται,
1933 2519 1978 2559 ὡς
2007 2515 2070 2562 τὴν
2099 2514 2208 2562 αὐτὴν
2239 2513 2330 2568 ἔχειν
2350 2514 2472 2568 ἐπιφά-

1433 2591 1539 2615 νειαν·
1575 2576 1702 2615 κυάθου
1728 2575 1795 2629 γὰρ
1821 2575 1939 2628 κυάθῳ
1975 2574 2155 2626 μιχθέντος
2178 2574 2208 2612 εἷ
2234 2573 2278 2612 δι’
2311 2574 2471 2620 ἀλλήλων

1434 2636 1568 2688 χωρεῖ,
1588 2635 1627 2673 τὸ
1644 2634 1759 2672 ὅλον
1743 2636 1810 2673 εδει
1834 2635 2011 2672 κυαθιαῖον
2028 2633 2196 2685 γίνεσθαι.
2225 2631 2271 2672 Ὁ
2300 2632 2336 2672 δὲ
2354 2632 2472 2681 Εὔδη-

1434 2710 1495 2745 μος
1515 2710 1574 2733 και
1592 2709 1693 2732 τουτο
1711 2693 1959 2746 προστίθησιν,
1974 2709 2027 2731 οτι
2047 2695 2109 2732 ουκ
2125 2691 2303 2745 ἐνδέχεται
2323 2691 2383 2731 δύο
2397 2693 2472 2744 ἅμα

1435 2757 1522 2793 εἰναι
1538 2753 1709 2804 σώματα,
1731 2753 1807 2791 οὔτε
1831 2751 2025 2799 attremat*
2006 2768 2107 2800 οντα,
2132 2750 2209 2790 οὔτε
2236 2752 2377 2804 θάτερον
2398 2767 2472 2803 μα-

1436 2813 1645 2863 θηματικόν.
1667 2812 1761 2865 Προς
1779 2811 1846 2864 γὰρ
1872 2827 1920 2849 τι)
1951 2810 2026 2861 ἅμα
2047 2783 2107 2849 δύό
2131 2803 2218 2848 εἶναι
2237 2808 2386 2863 σώματα
2408 2810 2467 2850 και

1475 2945 1527 2975 38.
1551 2943 1593 2975 At
1613 2951 1690 2974 vero
1706 2940 1734 2974 si
1759 2942 1809 2973 est
1831 2940 1926 2972 locus
1939 2964 1947 2980 ‚
1973 2938 2154 2979 dubitatur,
2174 2937 2255 2980 quid
2274 2937 2334 2979 sit,
2358 2939 2470 2972 utrum

1431 3001 1534 3034 moles
1556 3001 1664 3042 aliqua
1681 3000 1825 3042 corporis
1847 3007 1888 3031 an
1904 2998 1967 3031 alia
1983 2998 2133 3039 quaedam
2151 2999 2269 3030 natura
2287 3010 2296 3029 ι
2313 2998 2365 3030 est
2382 2997 2468 3030 enim

1431 3060 1572 3102 primum
1588 3068 1690 3102 genus
1702 3058 1772 3100 ejus
1787 3056 2029 3099 inquirendum,
2044 3056 2151 3089 Habet
2163 3055 2262 3097 igitur
2283 3054 2345 3088 tria
2360 3055 2468 3088 inter-

1430 3119 1537 3160 valla,
1554 3118 1807 3160 longitudinem,
1832 3116 2039 3149 latitudinem
2053 3140 2062 3156 ,
2090 3114 2318 3153 altitudinem,
2348 3114 2469 3155 quibus

1430 3187 1525 3211 omne
1545 3186 1664 3220 corpus
1688 3175 1851 3209 definitur.
1874 3177 1915 3209 At
1932 3174 1997 3206 [ieri
2013 3174 2146 3215 nequit,
2168 3175 2207 3205 ut
2221 3173 2291 3215 ipse
2310 3173 2404 3206 locus
2425 3174 2468 3206 sit

1430 3246 1568 3280 corpus3
1583 3244 1724 3277 namque
1741 3235 1775 3267 in
1793 3243 1858 3266 uno
1875 3233 1941 3266 duo
1963 3241 2097 3275 corpora
2112 3231 2242 3264 fuerint.

1430 1826 1487 1849 Ουν
1506 1825 1609 1860 σωμα
1629 1810 1684 1848 δια
1704 1824 1863 1860 σωματος
1887 1814 2019 1862 χωρεῖ,
2045 1806 2106 1847 καὶ
2125 1808 2160 1845 ἐν
2193 1823 2242 1859 τυ)
2271 1803 2486 1858 μικρθτάτῳ·
