2508 3776
283 202 363 239 550

283 287 469 334 διανοίαςὴ
495 287 622 336 ἡδονή,
645 287 707 326 καὶ
727 287 884 339 μάλιστα
907 288 989 328 ὅταν
1013 290 1231 342 ὑγιαίνουσαι
1263 308 1318 332 τε-

280 347 462 395 λειοτάτην
476 345 748 398 προὸάλλωνται
774 348 837 394 τὴν
857 349 1033 400 ἐνέργειαν
1051 380 1062 400 ,
1089 351 1149 390 καὶ
1183 352 1264 406 περι
1283 352 1322 392 τὸ

281 406 505 445 κάλλιστον’
490 407 694 458 ενεργῶσιν,
715 410 738 454 ἡ
757 405 819 458 μὲν
853 407 1012 456 αἴσθησις
1032 412 1101 449 τῶν
1121 412 1296 458 αἰσθητῶν
1310 442 1321 462 ,

278 469 299 511 ἡ
318 464 388 502 δὲ’
371 464 506 503 οιάνοια
521 466 589 503 τῶν
608 466 813 513 διανοητῶν.
841 468 1049 515 Τηνικαῦτα
1077 465 1144 521 γὰρ
1166 468 1321 518 μάλιστα

276 525 336 564 καὶ
362 523 501 568 τελείως
527 525 656 577 ἐνεργεῖ
683 527 705 572 ἡ
729 524 903 578 ἐνέργεια,
924 526 947 574 ἢ
971 526 992 574 ἦ
1024 528 1212 580 ἐνεργοῧσα
1240 526 1319 572 ἕξις.

277 585 388 624 Οὐδὲν
407 584 474 637 γὰρ
499 584 653 637 διαφέρει
677 584 807 633 ταύτην
826 587 975 639 ἐνεργεῖν
996 586 1159 636 εἰπεῖν,ἢ
1174 585 1319 633 ἐκείνην·

276 644 414 683 ἐπειδὰν
434 643 502 696 γὰρ
523 647 628 696 ὑγιῶς
647 660 684 683 τε
708 644 767 683 καὶ
786 645 924 690 τελείως
941 647 1075 699 ὁρῶμεν
1097 645 1157 686 καὶ
1172 645 1212 685 τὸ
1233 646 1319 685 κάλ-

275 706 391 742 λιστον
413 706 547 756 ὁρῶμεν
564 707 634 743 τῶν
654 706 805 757 ὁρατῶν,
823 705 1025 753 τελειοτάτη
1040 705 1171 758 γίνεται
1188 708 1210 753 ἡ
1227 704 1320 757 ἐνέρ-

275 780 352 815 γεια
368 779 376 787 ·
395 763 520 814 ὁμοίως
546 763 606 802 καὶ
629 763 686 802 ἐπὶ
707 768 769 812 τῆς
786 763 950 813 διανοίας,
965 764 1024 803 καὶ
1042 767 1112 803 τῶν
1137 764 1252 804 ἄλλων
1268 765 1320 803 αἷ-

275 823 449 870 σθησεων·
467 827 489 871 ἡ
506 823 541 862 δὲ
561 823 779 872 τελειοτάτη,
796 824 856 864 καὶ
871 824 1013 872 ἡδίστη.
1029 823 1115 865 εὈτι
1136 824 1171 864 δὲ
1188 824 1318 877 γίνεται

273 881 364 920 κατὰ
381 882 444 930 τὴν
466 882 619 921 διάνοιαν
644 883 749 931 ἡδονή
762 915 770 931 ,
787 884 848 922 καὶ
867 885 944 923 καθ’
962 883 1114 931 ἑκάστην
1132 882 1292 930 αἴσθησιν
1304 913 1316 933 ,

274 941 439 994 φανερόν·
456 941 568 993 φαμὲν
589 942 656 995 γὰρ
682 941 904 994 διανοήματα
925 942 1012 990 ἡδέα
1033 946 1134 991 εἰναι,
1155 942 1214 981 καὶ
1232 945 1316 980 θεω-

275 999 407 1052 ρήμασι
426 1000 615 1054 χαίρομεν,
647 1000 707 1040 καὶ
736 1001 908 1054 δράμασιν
926 1001 1104 1052 ἡδόμεθα,
1127 1000 1230 1039 καὶ’
1211 1000 1318 1039 ακού-

274 1075 401 1110 σμασι,
423 1059 484 1099 καὶ
504 1060 660 1111 μάλιστα
674 1059 754 1099 ὅταν
771 1060 910 1104 τελείως
924 1077 962 1100 τε
983 1062 1189 1114 ἐνεργῶμεν,
1203 1059 1318 1104 καθὼς

274 1118 430 1172 εἴρηται,
464 1119 523 1157 καὶ
554 1119 598 1158 τὰ
631 1120 796 1173 βέλτιστα
834 1122 987 1173 ὁρῶμεν,
1021 1119 1044 1166 ἢ
1072 1121 1270 1172 θεωρῶμεν,
1294 1117 1316 1165 ἢ

275 1177 387 1222 ἄλλως
399 1177 659 1229 αἰσθανώμεθα.
674 1178 851 1217 Τοιούτων
869 1177 935 1230 γὰρ
952 1178 1058 1217 ὄντων
1074 1181 1133 1225 τ’ῆς
1148 1193 1186 1216 τε
1201 1177 1317 1224 αἰσθή-

274 1252 381 1284 σεως,
400 1237 460 1276 καὶ
484 1240 552 1276 τῶν
580 1239 776 1288 αἰσθητῶν,
801 1237 860 1277 καὶ
888 1240 950 1285 τῆς
972 1237 1145 1287 διανοίας,
1170 1237 1230 1275 καὶ
1247 1238 1315 1275 τῶν

273 1298 477 1346 διανοητῶν,
501 1296 555 1335 ἀεὶ
574 1297 673 1336 ἔσται
692 1296 822 1345 ἡδονή,
855 1295 918 1339 ἕως
950 1295 990 1334 ἂν
1010 1298 1032 1343 ἡ
1054 1295 1188 1334 διάνοια
1216 1294 1275 1333 καὶ
1293 1297 1315 1342 ἡ

272 1355 430 1403 αἴσθησις
449 1356 573 1408 πάσχῃ
588 1355 654 1394 ὑπὸ
675 1358 744 1394 τῶν
767 1354 1028 1404 ἀντικειμένων.

327 1415 343 1432 *
356 1414 372 1430 α
389 1424 510 1453 ιπεται
529 1414 644 1453 τοίνυν
661 1417 705 1465 τῇ
722 1413 876 1467 ἐνεργείᾳ
890 1417 911 1462 ἡ
927 1413 1048 1461 ἡδονή,
1062 1412 1123 1451 καὶ
1143 1411 1317 1460 τελειότης

269 1474 320 1517 τίς
335 1474 425 1511 ἐστιν
445 1474 564 1520 αὐτῆς.
581 1473 719 1512 Τελειοῖ
731 1471 776 1512 ,δὲ
800 1474 865 1525 οὐχ
883 1474 929 1515 ὡς
947 1471 1010 1517 ἕξις
1027 1471 1086 1511 τὸν
1101 1470 1226 1524 ἔχοντα
1246 1471 1315 1511 ἀπὸ

219 1538 221 1540 ’
269 1535 328 1569 τοῦ
344 1531 487 1582 δυνάμει
510 1532 557 1575 εἷς
576 1531 616 1570 τὸ
635 1529 789 1583 ἐνεργείᾳ
814 1531 948 1583 ἄγουσα
962 1543 969 1551 ·
988 1529 1106 1582 ὥσπερ
1128 1529 1186 1569 τὸν
1211 1530 1315 1569 δυνά·-

271 1607 326 1640 μει
344 1590 524 1642 οἰκοδόμον
546 1594 568 1638 ἡ
593 1589 795 1641 οἰκοδομικὴ
817 1591 965 1642 τελειοῖ,
981 1590 1038 1629 καὶ
1054 1589 1209 1644 ἐνεργείᾳ
1223 1590 1316 1629 ποιεῖ

269 1649 462 1700 οἰκοδόμον,
484 1650 643 1721 καθάπερ
669 1648 745 1688 οὐδὲ
769 1652 788 1696 ἡ
807 1649 919 1722 ὑγίειᾳ
939 1664 998 1687 και
1015 1650 1033 1686 ὃ
1049 1648 1167 1701 ἰατρὸς
1189 1648 1315 1700 ὁμοίως

269 1708 365 1747 αἴτιά
386 1710 451 1747 εἰσι
466 1713 525 1748 τοῦ
544 1708 733 1761 ὑγιαίνειν·
758 1711 779 1755 ἡ
795 1707 857 1759 μὲν
877 1707 944 1761 γὰρ
959 1705 1045 1754 αὐτὴ
1057 1712 1149 1746 ποιεῖ
1163 1707 1211 1757 μὴ
1226 1711 1314 1747 οὖσα

268 1767 329 1814 τὴν
360 1771 420 1807 τοῦ
444 1768 607 1820 ὑγιαίνειν
631 1766 827 1821 ἐνέργειαν,
857 1770 875 1806 ὁ
901 1766 937 1806 δὲ
961 1768 1124 1819 συντηρεῖ
1153 1766 1214 1805 καὶ
1239 1781 1312 1820 φυ-

268 1827 404 1875 λάττει,
444 1827 504 1866 καὶ
547 1827 638 1871 ὅπως
672 1827 872 1880 παραμείνῃ
905 1830 1013 1874 ζητεῖ.
1053 1823 1138 1866 Ἔτι
1173 1825 1209 1864 δὲ
1241 1826 1314 1865 οὐδ’

269 1885 387 1939 ὥσπερ
404 1888 443 1925 τὸ
459 1887 620 1934 αἰσθητὸν
639 1888 764 1926 τελειοῖ
784 1886 846 1933 τὴν
868 1886 1041 1934 αἴσθησιν,
1064 1884 1087 1932 ἢ
1113 1884 1152 1924 τὸ
1173 1886 1312 1934 διανοη·

269 1945 327 1983 τὸν
347 1945 409 1992 τὴν
427 1946 600 1994 διάνοιαν,
618 1945 708 1985 οὕτω
729 1945 789 1984 καὶ
805 1949 827 1993 ἡ
853 1944 961 1992 ἡδονὴ
991 1945 1117 1983 τελειοῒ
1130 1945 1194 1992 τὴν
1216 1945 1313 1998 ἐνέρ-

269 2019 365 2055 γειαν
384 2006 512 2044 αὐτῶν.
538 2005 584 2044 Ἡ
608 2005 668 2055 μὲν
694 2005 760 2057 γὰρ
776 2004 862 2052 ἕξις,
886 2003 945 2043 καὶ
981 2003 1020 2042 τὸ
1051 2003 1286 2054 ἀντικείμενον
1303 2035 1312 2050 ,

270 2062 417 2102 ἀπὸτοῦ
440 2062 582 2113 δυνάμει
614 2065 661 2107 εἷς
688 2064 727 2101 τὸ
746 2062 901 2116 ἐνεργείᾳ
925 2062 1117 2116 προάγουσι
1130 2062 1194 2109 τὴν
1221 2063 1314 2115 ἐνέρ-

269 2126 387 2172 γειανθ
403 2138 410 2146 ·
425 2125 447 2170 ἡ
468 2122 504 2162 δὲ
523 2121 630 2169 ἡδονὴ
646 2126 689 2175 τῇ
708 2122 861 2176 ἐνεργείᾳ
883 2121 1050 2175 γενομένῃ
1067 2124 1313 2174 συμπεφυκυῖα

270 2182 434 2234 συντηρεῗ
462 2181 520 2220 καὶ
557 2181 737 2235 φυλάττει.
773 2181 895 2221 Πείθει
927 2180 994 2234 γὰρ
1028 2183 1176 2233 ἐνεργεῖν
1205 2184 1226 2228 ἡ
1260 2182 1313 2220 ἐπ’

272 2242 364 2278 αὐτῶ
382 2241 502 2289 ἡδονή,
519 2241 576 2279 καὶ
593 2240 667 2279 ἔστι
685 2244 727 2293 τῇ
736 2241 888 2294 ἐνεργείᾳ
903 2242 1091 2292 καθάπερ’
1076 2240 1312 2292 επιγινόμενον

269 2299 384 2350 τέλος,
401 2300 519 2352 ὥσπερ
537 2304 559 2347 ἡ
575 2300 649 2353 ὥρα
670 2306 739 2344 τοῖς
749 2302 783 2338 ἐν
799 2303 915 2353 ἀκμῇ·
937 2301 996 2339 καὶ
1018 2299 1139 2338 ἕπεται
1158 2300 1212 2338 ἀεὶ
1227 2299 1313 2338 ταύ-

268 2360 341 2410 τῃ”
370 2359 432 2403 ἕως
451 2358 493 2397 ἂν
507 2375 528 2411 ῃ
550 2359 573 2406 ἥ
589 2375 624 2397 τε
641 2358 835 2407 ὓαῖσθησις
856 2359 915 2397 καὶ
939 2362 960 2406 ἡ
985 2359 1134 2406 διάνοια,
1157 2358 1216 2398 καὶ
1235 2375 1315 2417 περι

269 2434 307 2480 το
329 2418 490 2465 αἰσθητὸν
524 2417 583 2456 καὶ
600 2417 817 2466 διανοητὸν’
802 2421 940 2471 ενεργῇ,
961 2417 1021 2456 καὶ
1043 2418 1213 2468 μάλιστα,
1230 2414 1315 2456 ὅταν

270 2472 307 2514 εὖ
340 2476 399 2515 καὶ
435 2477 560 2530 ἄριστα
600 2476 730 2529 ἔχωσι,
767 2492 827 2515 και
856 2476 935 2531 περὶ
968 2476 1007 2515 τὸ
1044 2476 1182 2529 ἄριστον
1219 2479 1312 2530 ἐνερ-

269 2551 390 2586 γωσιν.

325 2594 356 2610 *¹*
374 2594 575 2647 Ἀπορήσειε
598 2596 627 2632 δ’
642 2595 682 2634 ἄν
704 2611 755 2639 τις
771 2597 799 2634 εἶ
813 2601 915 2635 τοῦτο
929 2596 1035 2639 οὕτως
1053 2595 1142 2647 ἔχει,
1165 2599 1239 2640 πῶς
1254 2598 1310 2635 οὗ·

271 2653 337 2697 δεὶς
347 2652 453 2696 οὕτως
471 2655 616 2705 ἐνεργῶν
635 2657 787 2706 συνεχῶς
801 2654 934 2701 ἥδεται.
952 2655 1044 2707 Πρὸς
1063 2653 1080 2692 ὃ
1101 2654 1237 2706 ῥητέον,
1259 2655 1312 2693 ὁ’τι

269 2712 393 2762 κάμνει
414 2710 530 2749 πάντα
553 2712 597 2750 τὰ
620 2713 838 2763 ἀνθρώπεια,
861 2712 922 2751 καὶ
942 2713 980 2751 οὗ
1002 2711 1143 2751 δύναται
1160 2715 1313 2765 συνεχῶς

269 2773 431 2821 ἐνεργεῖν.
454 2768 521 2808 Διὰ
552 2775 652 2808 τοῦτο
686 2770 763 2809 οὐδὲ
785 2772 931 2818 ἥδεσθαι
964 2770 1106 2809 δύναται
1139 2775 1308 2824 συνεχῶς,

270 2828 344 2866 ἐπεὶ
361 2832 381 2875 ἠ
405 2829 510 2876 ἡδονὴ
526 2833 568 2879 τῇ
584 2829 738 2882 ἐνεργείᾳ
756 2831 956 2869 ἀκολουθεῖ·
974 2829 1047 2868 ἔνια
1063 2829 1098 2868 δὲ
1112 2829 1230 2883 τέρπει
1248 2831 1310 2882 μὲν

269 2887 392 2926 νεωστὶ
419 2887 590 2940 φανέντα,
610 2887 733 2938 χρόνον
756 2889 793 2927 δέ
815 2904 890 2926 τινα
911 2889 1150 2928 συνεθισθέντα
1169 2892 1234 2942 οὐχ
1253 2890 1310 2928 οὗ·

269 2962 337 2991 τως
356 2946 443 2993 ἡδέα
473 2946 579 2984 δοκεῖ.
603 2946 654 2984 Τὸ
669 2947 712 2990 ,δὲ’
732 2947 853 2995 αἴτιον,
875 2947 960 3000 ὅπερ
979 2947 1075 3000 ἔφην.
1091 2947 1144 2987 Τὸ
1162 2948 1224 2998 μὲν
1242 2948 1310 3001 γὰρ

270 3008 407 3058 πρῶτον
442 3005 700 3058 παρακέκλιται
731 3008 750 3052 ἡ
778 3006 935 3054 διάνοια,
969 3006 1029 3043 καὶ
1056 3007 1311 3057 ἐπιτεταμένως

270 3065 349 3118 περὶ
379 3063 467 3103 αὐτὰ
506 3066 654 3117 ἐνεργεῖ,
686 3063 805 3116 ὥσπερ
834 3065 924 3103 κατὰ
949 3064 1012 3111 τὴν
1033 3065 1110 3119 ὄψιν
1131 3069 1162 3106 οἳ
1182 3066 1308 3117 ἐμὸλέ-

271 3140 392 3169 ποντες
409 3139 418 3148 ·
441 3124 628 3174 μετέπειτα
650 3122 685 3161 δὲ
702 3125 740 3162 οὗ
757 3123 888 3173 γίνεται
908 3123 1052 3172 τοιαύτη
1074 3128 1095 3171 ἡ
1130 3124 1283 3177 ἐνέργεια
1300 3157 1309 3173 ,

272 3183 362 3221 ἀλλὰ
393 3181 677 3235 παρημελημένη
695 3194 703 3203 ·
736 3181 791 3219 διὰ
814 3185 911 3219 τοῦτο
931 3181 990 3219 καὶ
1011 3185 1032 3228 ἡ
1062 3183 1168 3229 ἡδονὴ
1191 3184 1308 3233 ἀμαυ-

273 3246 406 3294 ροῧται.

292 3337 2409 3355 .--————-—————————-———————————-———-··———-—
2435 3352 2437 3354 .

1109 203 1387 244 ANDRONICI
1419 203 1599 246 RHODII

1384 299 1499 341 quitur
1534 300 1709 342 voluptas,
1747 302 1890 336 maxime
1916 313 2021 346 quum
2054 303 2136 339 bene
2166 305 2278 340 affecti
2311 315 2427 342 sensus
2482 319 2483 322 ¹

1383 351 1653 392 perfectissimam
1683 354 1830 387 muneris
1864 354 2066 389 functionem
2096 357 2156 390 sibi
2181 361 2364 401 proponunt
2389 361 2424 394 et

1384 404 1469 436 circa
1495 415 1564 438 iem
1593 405 1797 439 sensibilium
1825 408 2083 450 pulcherrimam
2100 420 2214 444 sensus
2238 415 2271 445 et
2299 413 2424 446 intelli-

1383 455 1533 496 gibilium
1560 466 1654 490 mens
1676 461 1864 492 versantur.
1894 462 1978 492 Tum
2007 461 2094 494 enim
2125 463 2268 497 maxime
2287 467 2320 498 et
2346 474 2421 508 per-

1382 506 1467 540 fecte
1496 508 1640 542 efficacia
1659 509 1714 543 illa
1733 513 1792 543 aut
1818 510 1934 544 efficax
1955 513 2088 548 habitus
2112 524 2245 549 munere
2266 526 2326 550 suo
2345 517 2424 551 fun-

1381 561 1481 603 gitur.
1505 562 1590 594 Nihil
1615 563 1702 595 euim
1719 563 1868 603 interest,
1884 567 1996 598 utrum
2025 566 2114 599 hunc
2133 576 2173 599 an
2190 567 2298 602 illam
2300 579 2422 604 munus

1382 624 1479 647 suum
1504 615 1634 657 explere
1657 616 1748 649 dicas
1770 631 1777 650 :
1803 617 1959 650 nimirum
1990 627 2094 660 quum
2117 620 2272 657 incolumi
2302 621 2372 657 acie
2389 626 2424 657 et

1381 667 1524 709 perfecte
1543 668 1694 701 videmus
1715 670 1896 712 etquidem
1914 671 2169 713 pulcherrimam
2191 683 2304 708 rerum
2327 685 2420 720 espe-
2450 708 2455 714 ,

1381 720 1551 754 ctabilium
1573 721 1738 763 videmus,
1762 722 2001 765 perfectissima
2017 725 2146 759 exsistit
2170 726 2315 762 efficacia
2341 741 2351 762 ε
2376 729 2423 774 εἰς

1380 774 1570 817 militcrque
1585 775 1626 808 de
1650 778 1760 809 mente
1782 780 1815 810 et
1838 778 1976 820 reliquis
1997 779 2148 813 sensibus
2175 779 2392 822 judicandum
2410 797 2419 818 ε

1379 837 1454 870 quae
1483 837 1562 860 vero
1594 827 1832 871 perfectissima
1862 833 1923 870 est,
1954 831 2193 873 jucundissima
2215 843 2351 878 quoque
2379 836 2422 869 sit

1379 881 1518 922 oportet.
1540 881 1615 912 Jam
1642 890 1720 913 vero
1743 883 1776 914 et
1793 882 1892 914 animi
1911 885 1944 915 et
1967 883 2172 925 singulorum
2190 895 2346 921 sensuum
2359 888 2421 922 ali-

1379 942 1480 974 quam
1494 932 1699 975 voluptatem
1712 943 1783 967 esse
1796 935 2006 968 manifestum
2019 939 2070 969 est
2084 950 2093 970 2
2112 947 2187 971 nam
2209 939 2422 981 cogitationes

1375 985 1539 1026 Jucundas
1566 995 1637 1018 esse
1653 986 1806 1026 dicimus,
1835 990 1869 1020 et
1886 989 2059 1030 praeceptis
2081 990 2272 1032 gaudemus,
2291 994 2326 1026 et
2344 1003 2419 1036 spe-

1380 1043 1518 1076 ctaculis
1546 1043 1835 1087 auditionibusque
1873 1045 2085 1087 delectamur,
2128 1048 2271 1082 maxime
2314 1038 2421 1094 quum

1378 1100 1522 1143 perfecte
1543 1100 1596 1132 his
1614 1100 1713 1133 rebus
1735 1110 1869 1142 operam
1892 1101 2022 1142 damus,
2035 1104 2074 1135 ut
2095 1102 2223 1137 dictum
2240 1104 2305 1146 est,
2321 1109 2422 1149 atque

1379 1162 1418 1185 ea
1439 1161 1516 1194 quae
1542 1152 1667 1193 optima
1691 1155 1768 1185 sunt
1804 1153 1971 1193 videmus,
1992 1155 2045 1187 vel
2072 1157 2342 1199 contemplamur,
2365 1155 2419 1192 vel

1379 1204 1443 1236 alio
1463 1213 1559 1236 sensu
1577 1204 1786 1245 percipimus.
1802 1205 1896 1238 Tales
1920 1206 2007 1239 enim
2036 1217 2141 1250 quum
2167 1210 2201 1242 et
2216 1218 2332 1244 sensus
2355 1211 2421 1245 sint

1378 1269 1496 1302 resque
1530 1259 1698 1292 sensibiles
1711 1262 1744 1293 et
1771 1269 1864 1294 mens
1905 1271 1980 1294 cum
2011 1263 2109 1297 rebus
2143 1265 2416 1309 intelligibilibus,

1379 1327 1507 1360 semper
1532 1316 1594 1350 erit
1625 1317 1788 1360 voluptas,
1831 1318 1933 1352 donec
1969 1329 2063 1354 mens
2091 1323 2125 1354 et
2152 1330 2267 1356 sensus
2288 1323 2417 1399 ohJ'ectu

1379 1371 1491 1413 aliquo
1510 1369 1684 1402 afficiatui.

1418 1423 1574 1467 Sequitur
1619 1423 1719 1466 igitur
1763 1423 1941 1459 efficaciam
1979 1427 2152 1471 voluptas,-
2186 1433 2303 1474 estque
2347 1431 2419 1474 eius

1377 1481 1473 1525 quasi
1493 1479 1647 1523 quaedam
1675 1479 1842 1522 perfectio.
1863 1481 1994 1515 Perficit
2029 1485 2143 1517 autem
2171 1494 2237 1518 non
2259 1486 2418 1529 quemad-
2466 1503 2476 1515 a

1376 1533 1511 1567 modum
1528 1532 1663 1565 habitus
1686 1532 1851 1565 hominem
1875 1533 1932 1566 illo
1953 1535 2131 1576 praeditum
2150 1537 2191 1570 ab
2207 1547 2247 1571 eo
2260 1539 2349 1580 quod
2357 1548 2418 1582 po-

1376 1587 1479 1622 tentia
1509 1588 1559 1619 est
1584 1585 1626 1618 ad
1644 1587 1757 1618 actum
1783 1585 1974 1618 deducendo
2000 1600 2008 1620 :
2032 1590 2071 1620 ut
2093 1598 2170 1622 cum
2189 1590 2246 1632 qui
2271 1591 2418 1634 potentia

1376 1648 1426 1679 est
1439 1643 1640 1677 architectus
1656 1642 1879 1674 architectura
1895 1643 2034 1685 perlicit,
2045 1647 2190 1688 actuque
2200 1647 2416 1681 architectum

1375 1702 1466 1741 facit,
1489 1701 1574 1733 sicut
1597 1709 1638 1732 ne
1654 1699 1776 1731 sanitas
1798 1699 1932 1741 quidem
1961 1702 1994 1733 et
2018 1701 2166 1736 medicus
2181 1703 2296 1738 eodem
2317 1705 2416 1738 modo

1376 1767 1483 1792 causae
1500 1757 1587 1794 sunt,
1609 1757 1648 1788 ut
1675 1755 1794 1797 aliquis
1811 1755 1918 1788 valeat
1938 1769 1945 1788 :
1969 1756 2072 1790 altera
2091 1759 2223 1802 quippe,
2246 1761 2324 1794 lieet
2351 1770 2417 1796 non

1376 1814 1446 1855 ipsa
1460 1811 1536 1844 talis
1562 1810 1616 1849 sit,
1633 1809 1784 1841 sanitatis
1803 1808 1930 1841 inducit
1957 1811 2079 1850 actum,
2097 1811 2181 1845 alter
2195 1816 2371 1847 *conservat
2382 1816 2417 1848 et

1376 1866 1531 1904 custodit,
1555 1866 1590 1898 et
1619 1872 1751 1906 operam
1776 1863 1844 1902 dat,
1874 1860 1912 1896 ut
1937 1868 2138 1906 permaneat.
2165 1869 2330 1904 Praeterea
2352 1882 2417 1906 non

1375 1921 1654 1967 quemadmodum
1674 1929 1727 1953 res
1751 1919 1912 1953 sensibilis
1929 1922 2057 1964 perlicit
2082 1932 2224 1964 sensum,
2243 1928 2302 1959 aut
2318 1927 2417 1962 intel-

1376 1979 1509 2022 ligibilis
1526 1977 1743 2016 intellectum,
1765 1977 1812 2010 sic
1838 1978 1991 2020 voluptas
2018 1979 2118 2012 etiam
2135 1989 2249 2015 eorum
2265 1983 2324 2026 qui
2345 1983 2416 2027 ipsa

1375 2037 1542 2076 fruuntur,
1566 2034 1748 2068 efficaciam
1768 2034 1908 2076 perficit.
1930 2033 2086 2081 Habitus·
2100 2037 2185 2070 enim
2203 2039 2237 2070 et
2267 2038 2416 2082 obiectus

1378 2090 1499 2133 aliquis
1517 2089 1558 2123 ab
1583 2098 1622 2122 eo
1646 2088 1736 2131 quod
1762 2089 1907 2131 potentia
1932 2092 1982 2123 est
2007 2090 2049 2123 ad
2079 2091 2114 2124 id
2144 2091 2235 2135 quod
2261 2095 2312 2126 est
2338 2095 2415 2127 actu

1379 2144 1561 2177 efficaciam
1580 2143 1797 2185 promovent:
1827 2143 1980 2185 voluptas
1996 2153 2090 2182 vero,
2116 2153 2221 2187 quum
2239 2145 2302 2188 ipsi
2317 2146 2413 2189 quasi

1378 2207 1454 2241 quae
1478 2197 1586 2229 locum
1609 2196 1718 2234 habet,
1737 2198 1874 2237 cognata
1904 2195 1946 2228 sit
1966 2195 2129 2236 efficacia),
2150 2200 2322 2232 conservat
2342 2207 2415 2232 eam

1377 2256 1410 2286 et
1424 2254 1578 2287 custodit.
1592 2253 1735 2295 Impellit
1749 2252 1902 2286 videlicet
1920 2253 1962 2286 ad
1977 2252 2157 2294 efficaciam
2174 2254 2329 2297 voluptas
2338 2254 2416 2288 inde

1376 2309 1592 2352 percipienda,
1615 2310 1730 2350 estque
1757 2308 1854 2350 quasi
1879 2308 1952 2341 finis
1979 2308 2115 2351 quidam
2137 2308 2290 2342 efficaciae
2321 2318 2415 2346 ποθ’-,ψ

1376 2365 1467 2403 dens,
1486 2366 1525 2397 ut
1539 2366 1695 2398 venustas
1708 2362 1897 2396 hominibus
1912 2364 2011 2396 aetate
2025 2363 2218 2396 florentibus
2236 2363 2412 2406 adjuncta:

1377 2426 1592 2468 sequiturque
1608 2426 1692 2458 hanc
1710 2434 1847 2467 semper,
1870 2425 1973 2457 donec
1997 2432 2112 2456 sensus
2137 2424 2187 2456 est
2203 2425 2236 2456 et
2250 2432 2353 2462 mens,
2376 2432 2415 2456 ac

1377 2483 1462 2515 circa
1487 2492 1540 2516 res
1557 2482 1724 2515 sensibiles
1737 2483 1769 2514 et
1791 2479 2012 2521 intelligibiles
2030 2479 2192 2518 versatur,
2204 2479 2415 2522 maximeque

1376 2551 1481 2584 quum
1509 2542 1633 2584 optime
1653 2551 1687 2574 se
1702 2541 1825 2574 hahent
1852 2541 1952 2580 atque
1971 2538 2005 2570 in
2020 2546 2055 2570 re
2080 2537 2204 2579 optima
2225 2538 2411 2579 operantur.

1416 2595 1540 2634 Quodsi
1561 2595 1608 2627 ita
1627 2604 1660 2627 se
1677 2603 1730 2627 res
1754 2593 1875 2633 habet,
1895 2590 2099 2624 dubitaverit
2115 2589 2245 2632 aliquis,
2269 2589 2327 2632 qui
2344 2590 2413 2631 liat,

1375 2650 1412 2680 ut
1441 2656 1535 2680 nemo
1565 2647 1623 2690 qui
1648 2656 1686 2679 eo
1713 2645 1811 2678 modo
1840 2645 2005 2687 operatur,
2033 2643 2190 2684 perpetuo
2217 2641 2412 2674 delectetur.

1375 2701 1423 2732 Ad
1447 2700 1539 2742 quod
1555 2699 1818 2742 respondendum
1840 2699 1900 2736 est,
1927 2695 2035 2729 omnia
2060 2694 2211 2727 mortalia
2227 2693 2410 2735 defatigari,

1373 2762 1479 2795 neque
1507 2762 1709 2795 quemquam
1735 2750 1866 2784 assidue
1898 2747 2024 2791 aliquid
2055 2755 2150 2789 agere
2178 2747 2280 2788 atque
2303 2745 2414 2778 moliri

1372 2816 1478 2848 posse.
1499 2809 1608 2845 Quare
1624 2815 1665 2839 ne
1684 2804 1840 2838 delectari
1862 2802 1997 2846 quidem
2026 2801 2156 2834 assidue
2185 2801 2310 2842 potest.
2329 2808 2413 2841 quo-

1373 2859 1460 2891 niam
1490 2859 1655 2900 voluptas·
1687 2858 1849 2890 actionem
1876 2856 2055 2899 sequitur:
2078 2852 2236 2886 nonnulla
2258 2860 2337 2885 vero
2359 2860 2414 2884 re-

1372 2921 1448 2945 cens
1473 2911 1583 2944 oblata
1609 2911 1785 2948 delectant,
1806 2909 1863 2942 sed
1889 2907 2095 2951 aliquamdiu
2115 2914 2179 2939 usu
2197 2904 2325 2946 cognita
2348 2913 2413 2936 non

1371 2966 1507 3009 perinde
1535 2966 1681 3008 ,iucunda
1708 2965 1876 2998 videntur.
1908 2962 2012 3005 Cujus
2045 2961 2093 2994 rei
2120 2960 2186 2999 illa,
2205 2968 2306 3002 quam
2330 2957 2412 2999 dixi,

1372 3033 1471 3055 causa
1508 3025 1569 3056 est.
1590 3022 1755 3075 Principio
1779 3021 1866 3055 enim
1897 3018 2085 3053 incumbit·
2074 3028 2108 3050 ιιι
2128 3027 2166 3050 ea
2189 3015 2356 3058 cogitatio,
2380 3016 2413 3047 et

1373 3080 1524 3110 contente
1545 3078 1578 3110 iu
1599 3078 1639 3110 iis
1661 3086 1721 3110 suo
1737 3085 1873 3109 munere
1894 3074 2058 3115 fungitur,
2073 3074 2111 3105 ut
2125 3071 2183 3114 qui
2203 3070 2321 3104 defixis
2336 3078 2412 3102 ocu-

1371 3134 1412 3166 lis
1441 3142 1512 3166 rem
1544 3133 1689 3175 aliquam
1713 3133 1885 3165 intuentur
1912 3139 1920 3159 τ
1948 3130 2062 3172 postea
2089 3135 2169 3160 vero
2185 3135 2250 3158 non
2270 3124 2412 3167 amplius

1371 3190 1448 3222 talis
1460 3191 1510 3222 est
1526 3189 1673 3222 muneris
1693 3189 1828 3227 functio,
1849 3186 1908 3220 sed
1921 3185 2088 3219 remissior
2112 3192 2150 3216 ac
2176 3181 2411 3225 negligentior:

1375 3246 1576 3288 quapropter
1591 3244 1745 3286 voluptas
1763 3250 1897 3285 quoque
1912 3240 2121 3273 obscuratur.

315 3413 333 3429 *
353 3414 479 3444 Τελειοῖ
497 3412 531 3444 δὲ
549 3412 606 3450 τήν
626 3411 786 3451 ἐνέογειαν
804 3412 824 3449 ἠ
843 3411 956 3450 ἡδονή,
977 3413 1048 3443 κτλ.
1067 3428 1108 3433 -
1123 3410 1161 3430 *⁴*
1179 3412 1255 3448 Πῶς
1278 3410 1333 3443 οὗν
1361 3409 1464 3446 οὐδεὶς
1482 3407 1623 3449 συνεχῶς
1643 3406 1755 3444 ἥδεται
1775 3403 1845 3435 κτλ.
