2528 3788
288 249 366 288 216

286 334 393 385 γὀνὼς
411 337 557 388 ἑταῖρος
570 337 588 373 6
606 337 846 389 Πρωταγόρας
875 338 971 378 ἄθεον
996 341 1169 388 ἐκτήσατο
1192 343 1307 389 δόξαν.

286 396 524 445 Λέγεταιγουν
535 394 650 446 τοιᾶδε
659 398 852 454 κεχρησθαι
868 398 1041 450 εἶσὸολῇ’
1027 416 1060 439 εν
1076 404 1124 439 τῶ
1136 403 1214 454 περὶ
1228 406 1311 441 θεων

285 452 545 527 συγγράμματι·
571 468 652 504 περι
673 453 735 503 μὲν
762 451 847 494 θεῶν
873 458 934 495 οὔκ
954 442 1031 496 οἶδα
1059 459 1129 497 οὔθ’
1149 463 1195 504 ὡς
1214 462 1311 509 εἰσίν,

283 510 387 549 οὔθ’
369 527 414 554 ως
427 512 488 549 οὔκ
503 510 606 563 εἰσίν,
620 510 689 550 οὔθ’
710 513 819 552 ὁποῖοί
834 529 920 559 τινες
937 516 1045 556 ἰδέαν.
1058 517 1314 563 Quainobiem

282 569 473 607 hic-locus
493 582 541 606 ex
561 569 681 620 altero
702 571 840 621 corrigi
860 574 1014 623 poterit.
1035 575 1167 626 Neque
1189 585 1314 615 tamen

282 627 489 678 quidquam
539 629 765 667 mutandum
799 643 880 669 esse
912 633 1066 682 censui,
1102 636 1313 684 praesertim

280 688 400 736 quum
421 687 628 736 scriptores
648 688 711 725 alii
727 689 837 727 aliter
854 689 935 728 haec
951 690 1172 740 Protagorae
1193 693 1314 732 verba

279 744 459 793 reserant²
483 747 590 783 velut
606 748 740 799 Sextus
762 749 976 798 Empiricus
996 751 1083 789 adv.
1105 751 1220 791 Math.
1240 751 1308 800 lx,

280 803 326 851 57
351 806 369 841 6
390 804 424 842 δὲ
454 805 691 856 Πρωταγόρας
721 807 832 858 ῥητῶς
859 822 926 844 που
960 809 1107 861 γράψας·
1128 810 1206 861 περὶ
1225 812 1309 848 θεῶν

278 863 348 901 οὔτ’
366 866 396 903 εἷ
417 863 516 911 εἰσίν,
551 862 625 901 οὔθ’
655 864 767 902 ὁποῖοί
788 863 876 908 τινές
893 867 980 913 εἰσι,
1006 867 1156 905 δύναμαι
1183 868 1309 920 λέγειν·

277 922 389 960 πολλὰ
412 923 477 974 γάρ
515 924 587 960 ἐστι
621 922 665 960 τὰ
693 921 875 960 κωλύοντά
906 939 964 973 με.
991 924 1231 976 Theophilus
1262 928 1309 965 ad

278 982 407 1019 Autoi.
428 981 494 1018 lib.
514 980 591 1029 ΙΙΙ,
613 994 742 1034 cap47
774 980 834 1019 καὶ
859 983 1096 1035 Πρωταγόρας
1111 986 1128 1021 6
1146 984 1308 1037 Ἀὸδηρί-

255 1056 257 1058 ·
275 1056 337 1085 της
358 1040 480 1090 λέγων·
502 1039 575 1077 εἴτε
587 1039 654 1091 γὰρ
679 1039 743 1078 εἶσὶ
765 1039 834 1078 θεοὶ
854 1042 891 1079 06
915 1040 1064 1090 δύναμαι
1094 1043 1173 1095 περὶ
1195 1045 1306 1082 αὐτῶν

256 1098 397 1148 λέγειν,
419 1098 496 1136 οὔτε
526 1098 637 1136 ὁποῖοί
659 1100 724 1136 εἰσι
746 1099 914 1145 δηλῶσαι·
937 1100 1053 1138 πολλὰ
1079 1101 1150 1153 γάρ
1171 1105 1243 1140 ἐστι
1265 1102 1308 1140 τὰ

254 1157 453 1196 ·κωλύοντά
483 1172 540 1207 με.
563 1157 646 1196 Vid.
670 1158 814 1196 Philos.
836 1158 958 1196 Graec.
982 1159 1130 1208 Fragm.
1157 1161 1233 1199 vol.
1258 1160 1306 1204 ΙΙ,

251 1221 256 1224 ’
274 1230 311 1267 p.
335 1216 407 1254 1‘30
422 1218 504 1267 sq.)

329 1289 359 1314 5⁴.
384 1274 555 1325 Γεγόνασι
579 1274 615 1312 δέ
631 1290 717 1317 τινες
731 1304 740 1322 ,
761 1276 790 1311 οἱ
814 1274 986 1318 ἀξιοῦντες
1008 1277 1051 1326 τῇ
1074 1276 1232 1323 αἰσθήσει
1246 1277 1305 1314 καὶ

273 1338 348 1376 ταῖς
374 1333 579 1386 φαντασίαις
594 1332 713 1382 μόναις
729 1333 795 1369 δεῖν
820 1332 1010 1372 πιστεύειν.
1033 1333 1148 1372 Ἔνιοι
1166 1333 1201 1371 δέ
1222 1349 1305 1386 φασι

275 1391 335 1429 καὶ
371 1392 427 1429 τὸν
453 1389 619 1441 εΌμηρον
659 1391 868 1429 αἰνίττεσθαι
906 1390 943 1428 τὸ
974 1394 1129 1437 τοιοῦτο,
1160 1392 1301 1430 πάντων

274 1449 510 1501 ἀποφαίνοντα
541 1449 598 1486 τὸν
628 1449 794 1487 Ὠκεανὸν
821 1448 959 1500 ἀρχήν,
988 1451 1033 1492 ὡς
1062 1451 1095 1486 ἐν
1114 1450 1208 1502 ῥύσει
1234 1454 1302 1490 τῶν

275 1509 493 1582 πραγμάτων
521 1507 644 1548 ὄντων.
669 1507 742 1547 Καὶ
765 1506 832 1558 μὴν
850 1507 907 1546 καὶ
932 1509 1167 1560 Μητρόδωρος
1183 1511 1200 1547 6
1217 1511 1304 1555 Χῖος

272 1569 311 1606 τὺ
329 1568 413 1606 αὐτὸ
433 1571 532 1605 τοῦτο
551 1566 658 1617 λέγει.
692 1567 743 1605 06
767 1566 835 1614 μὴν
855 1568 932 1604 ἀλλ’
954 1565 1114 1618 ἄντικρύς
1137 1583 1176 1618 γε
1203 1569 1304 1620 Πρω-

271 1630 420 1679 τοιγάρ-ας
457 1631 474 1665 ὁ
507 1625 725 1678 Ἀὅδηρίτης.
763 1620 873 1668 Οὗτος
892 1626 960 1676 γὰρ
981 1625 1045 1678 ἔρη
1068 1626 1191 1677 μέτρον
1218 1630 1304 1665 εἶναι

269 1684 406 1722 πάντων
423 1683 616 1735 χρημάτων
646 1682 702 1721 τὸν
724 1684 913 1735 ἄνθρωπον·
932 1687 998 1721 τῶν
1023 1682 1125 1733 μὲν”
1106 1699 1236 1735 οντων,
1257 1687 1302 1728 ὡς

271 1743 356 1782 ἐστι·
386 1745 452 1780 τῶν
481 1742 512 1780 8
512 1744 587 1793 οὐκ
606 1742 714 1780 ὄντων
735 1745 813 1791 ,ὡς
833 1744 896 1780 οὐκ
915 1738 1024 1781 ἔστιν.
1084 1742 1215 1781 Ὁποῖα
1236 1743 1302 1794 γὰρ

271 1790 584 1854 ἑκάστωφαίνεται
604 1801 648 1840 τὰ
678 1801 892 1852 πράγματα,
928 1805 1071 1838 τοιαῦτα
1103 1801 1162 1838 καὶ
1192 1805 1295 1841 εἰναι.

271 1860 358 1911 Περὶ
391 1860 425 1897 δὲ
445 1875 514 1898 των
537 1860 649 1897 ἄλλων
681 1857 788 1909 μηδεν
822 1862 914 1907 ἡμᾶς
945 1859 1110 1897 δύνασθαι
1131 1860 1302 1912 διισχυρί-

270 1922 410 1956 <sacena
436 1918 566 1968 Πρὸς
549 1917 583 1955 ςὲ
604 1916 742 1960 τούτους
762 1916 853 1954 εἴποι
871 1932 920 1959 τις
941 1916 1006 1964 ἄν,
1029 1917 1051 1955 ἃ
1070 1917 1129 1955 καὶ
1161 1920 1178 1954 ὃ
1199 1919 1297 1956 Πλά·

270 1993 338 2014 των
360 1979 393 2014 ἐν
415 1978 612 2033 Θεαιτήτῳ)
642 1978 777 2028 πρῶτον
807 1975 894 2027 μέν,
916 1977 949 2013 τί
984 1975 1110 2023 δήποτε
1140 1977 1302 2017 τοιούτων

269 2052 307 2086 γε
325 2035 365 2082 δὴ
385 2038 452 2072 τῶν
475 2034 690 2106 πραγμάτιον
721 2035 847 2081 ὄντων,
882 2034 1032 2083 ἠξίωσαν
1062 2039 1148 2073 εἶναι
1177 2036 1299 2088 μέτρον

269 2096 330 2139 τ’ἧς
351 2093 512 2140 ἀληθείας
531 2092 588 2130 τὸν
610 2093 811 2145 ἄνθρωπον,
836 2094 913 2131 ἀλλ’
941 2094 977 2130 06
1009 2108 1160 2139 συνηκαν
1184 2093 1223 2131 τὸ
1243 2110 1300 2131 κε-

1007 241 1305 298 ARISTOGLIS
1336 244 1686 300 'PERIPATETICI

1377 348 1405 385 εἰ
1423 345 1464 394 δὴ
1487 353 1554 392 πᾶς
1572 363 1620 391 τις
1642 348 1740 391 αὐτος
1758 348 1869 400 ἑαυτῷ
1895 347 2026 400 μέτρον
2045 351 2117 389 ἐστὶ
2135 353 2197 399 τῆς
2215 350 2403 404 ἀληθείαῗῖ

1375 402 1397 458 ἢ
1417 420 1490 449 πως
1511 405 1688 457 ἐλέγχουσι
1709 405 1787 450 τοὺς
1812 405 1961 454 ἄλλους,
1981 406 2078 460 εἴπερ
2095 407 2230 461 ἑκάστῳ
2248 409 2296 447 τὸ
2315 424 2400 464 φαι-

1375 461 1514 512 νόμενον
1549 463 1672 510 ἀληθές
1706 465 1817 514 ἐστινς
1862 464 2049 517 ἀγνοοῦμέν
2083 465 2120 504 τέ
2154 481 2253 515 τινα,
2285 467 2400 508 καίτοι

1375 521 1539 565 πολλάκις
1560 522 1824 573 αἰσθανόμενοι,
1840 523 1998 576 καθάπερ
2017 523 2156 563 ἐπειδὰν
2175 527 2244 563 τῶν
2266 525 2402 579 βαρὸά-

1377 582 1442 630 ρων
1463 582 1661 631 ἀκούωμενς
1681 580 1731 620 Ἵ)
1761 597 1800 654 γε
1821 581 1888 632 μὴν
1924 584 2132 633 θεασάμενος
2163 586 2304 633 δτιουν,“
2326 578 2402 624 εἶτα

1376 639 1614 690 μεμνημένος,
1645 634 1713 678 οἶδε
1735 640 1816 691 μέν,
1841 641 2040 680 αἰσθάνεται
2067 644 2095 679 δ’
2116 643 2246 693 οὐκέτι.
2263 643 2362 684 Κῧῖ
2364 645 2400 699 ἐῖ

1373 697 1505 750 Οατέρῳ
1522 697 1583 748 μὲν
1605 700 1772 751 ὂφθαλμῶ
1789 700 1924 750 μύσαι,
1954 700 2089 754 θατέρῳ
2107 701 2135 739 δ’
2162 700 2253 754 δρῴη
2267 730 2278 750 ,
2294 695 2400 750 δῆλῠν

1374 756 1426 794 ὅτι
1444 757 1549 795 ταύτὸ
1568 756 1696 796 εἴσεται
1720 759 1778 796 καὶ
1799 760 1860 796 οὐκ
1875 758 2014 798 εἴσεται.
2038 759 2131 813 Πρὸς
2147 760 2182 798 δὲ
2195 759 2348 810 τούτοις,
2344 760 2401 800 εἴ

1373 814 1411 852 τὸ
1433 814 1636 867 φαινόμενον
1669 816 1807 869 ἑκάστῳ
1827 817 1886 855 καὶ
1917 818 2074 866 ἀληθές’
2060 834 2173 868 εστιν,
2170 821 2284 870 ἡμῖν
2303 818 2341 858 δέ
2360 820 2399 859 οὗ

1375 873 1530 933 φαίνεται
1552 874 1628 912 τὰ(
1615 875 1672 912 υπ’
1694 875 1832 914 ἐκείνων
1855 876 2026 927 λεγόμενοι
2047 878 2159 925 ἀληθη
2175 907 2185 924 ,
2208 876 2268 916 καὶ
2284 877 2324 916 τὸ
2348 876 2398 930 μὴ

1375 934 1460 970 εἶναι
1478 932 1616 971 πάντων
1638 935 1856 1003 πραγμάτων
1878 934 2000 987 μέτρον
2023 936 2080 974 τὸν
2089 936 2290 1004 κᾶνθρωπον
2308 937 2398 985 ἀλη-

1373 988 1462 1034 θὲς
1445 1005 1484 1027 αν
1507 990 1573 1037 εἴη.
1600 991 1668 1029 Καὶ
1690 991 1757 1042 μὴν
1777 991 1810 1031 οῗ
1829 1007 1867 1043 γε
1889 995 2043 1044 τεχνῖται
2064 1009 2133 1031 των
2154 992 2309 1046 ἀτέχνων
2326 994 2400 1032 δια-

1373 1048 1531 1099 φέρουσι,
1555 1048 1613 1086 καὶ
1641 1050 1671 1086 οἱ
1688 1050 1844 1101 ἔμπειροι
1858 1053 1926 1088 τῶν
1945 1051 2108 1103 ἀπείρων·
2132 1052 2191 1090 καὶ
2219 1051 2276 1090 διὰ
2289 1047 2402 1093 τοῖτο-

1373 1106 1505 1154 μαλλον
1525 1112 1656 1158 προορᾷ
1686 1105 1725 1144 τὸ
1755 1106 1880 1156 μέλλον
1903 1107 2042 1146 ἔσεσθαι
2071 1106 2352 1161 κυὸερνήτης,
2327 1111 2398 1149 καὶ

1371 1163 1506 1215 ἰατρός,
1527 1165 1586 1202 καὶ
1603 1164 1809 1216 στρατηγός.
1829 1165 1963 1220 Ἁπλῶς
1977 1182 2015 1204 τε
2033 1168 2228 1218 ἀναιροῦσιν
2248 1161 2342 1208 οὗτοί
2361 1179 2399 1243 γε

1370 1221 1409 1260 τὲ,
1430 1223 1561 1271 μᾶλλον
1583 1222 1642 1260 καὶ
1664 1222 1704 1261 τὸ
1719 1226 1844 1274 ἡττον,
1875 1224 1934 1262 καὶ
1960 1224 1999 1262 τὸ
2024 1224 2056 1268 ἐξ
2086 1225 2260 1276 ἀνάγκης,
2281 1225 2349 1266 nai*
2355 1217 2400 1267 τ”ο

1370 1280 1615 1332 ἐνδεχόμενον,
1632 1280 1691 1318 καὶ
1715 1281 1754 1319 τὸ
1773 1281 1863 1319 κατὰ
1885 1281 2008 1334 φύσιν,
2031 1282 2092 1321 καὶ
2111 1282 2150 1322 τὸ
2169 1282 2265 1336 παρὰ
2280 1283 2396 1338 φύσιν.

1370 1338 1474 1376 Οὕτω
1495 1339 1524 1375 δ’
1548 1354 1587 1376 αν
1610 1338 1665 1385 εἴη
1681 1338 1805 1377 ταύτὸν
1825 1340 1883 1377 καὶ
1905 1338 1941 1377 ὂν
1964 1339 2023 1379 καὶ
2043 1341 2105 1379 οιίκ
2124 1338 2178 1380 ὄν
2198 1341 2318 1381 Οὐδὲν
2328 1342 2398 1394 γὰρ

1370 1396 1496 1434 κωλύει
1518 1396 1645 1445 ταύτό,
1674 1402 1743 1441 τοῖς
1773 1397 1835 1448 μὲν
1859 1401 1946 1435 εἰναι
1970 1398 2172 1450 φαίνεσθαι,
2191 1399 2267 1444 τοῖς
2286 1398 2332 1438 δὲ
2345 1399 2396 1451 μὴ

1369 1470 1470 1494 ειναι.
1496 1454 1567 1494 Καὶ
1589 1455 1696 1493 ταύτὸ
1719 1455 1757 1493 ἂν
1786 1455 1839 1501 εἴη
1870 1456 2047 1508 ἅνθρωπος
2074 1457 2133 1495 και
2153 1456 2266 1502 ξύλον.
2289 1455 2395 1500 ’'Euo‘'

1368 1513 1423 1550 ὅτε
1443 1512 1508 1564 γὰρ
1540 1512 1697 1564 φαίνεται
1728 1513 1857 1562 ταύτό,
1881 1515 1967 1552 τῶδε
1995 1514 2056 1564 μὲν
2087 1514 2286 1566 ἄνθρωπος,
2306 1517 2395 1570 τῷδε

1371 1571 1401 1608 δὲ
1421 1570 1533 1615 ξύλον.
1591 1570 1701 1614 Ἅπας
1728 1587 1764 1609 τε
1784 1572 1882 1622 λόγος
1906 1572 2035 1619 ἀληθὴς
2055 1572 2095 1611 ἂν
2119 1572 2185 1621 εἴη’·
2203 1574 2259 1613 διὰ
2292 1554 2396 1614 ‘reike

1369 1629 1405 1666 δὲ
1431 1629 1488 1666 καὶ
1509 1629 1646 1680 ψευδής.
1708 1630 1776 1668 Καὶ
1803 1633 1833 1668 οἱ
1855 1631 2095 1682 βουλευόμενοι
2115 1632 2174 1670 καὶ
2199 1632 2394 1678 δικάζοντες

1366 1689 1427 1725 οὐκ
1459 1689 1499 1725 ἂν
1536 1688 1646 1740 ἔχοιεν
1680 1689 1773 1726 οὐδὲν
1807 1691 1930 1729 ποιεῖν.
2001 1689 2070 1728 Καὶ
2105 1689 2147 1727 τὸ
2178 1690 2394 1741 δεινότατον,

1365 1746 1500 1784 ἔσονται
1526 1750 1557 1785 οἱ
1591 1747 1687 1785 αὐτοὶ
1719 1749 1900 1786 σπουδαῖοι
1923 1746 1981 1785 καὶ
2004 1747 2187 1800 μοχθηροί·
2207 1748 2267 1787 καὶ
2282 1750 2390 1788 ταύτὸ

1365 1804 1470 1842 κακία
1502 1804 1600 1842 καὶ’
1583 1805 1701 1856 αρετή
1759 1805 1884 1844 Πολλὰ
1912 1805 1947 1843 δὲ
1969 1820 2112 1844 τοιαυτα
2146 1805 2205 1844 καὶ
2227 1806 2318 1845 ἄλλα
2341 1823 2392 1852 τις

1365 1862 1404 1900 ἂν
1442 1862 1517 1914 ἔγοι
1550 1862 1677 1914 λέγειν.
1752 1863 1864 1901 Ἀλλὰ
1895 1863 1960 1934 γὰρ
1997 1863 2093 1902 οὐδὲν
2133 1865 2184 1902 δεῖ
2224 1864 2393 1906 πλειόνων

1363 1921 1472 1971 λόγων
1482 1921 1587 1979 πρὸς
1619 1920 1697 1964 τοὺς
1730 1921 1779 1970 μὴ
1816 1921 1990 1971 οἰομένους
2022 1921 2114 1973 ἔχειν
2145 1925 2222 1960 νοῦν
2245 1921 2306 1961 καὶ
2336 1923 2395 1961 λό-

1363 1994 1432 2030 γον.
1457 1981 1529 2017 Εἶθ’
1552 1979 1625 2025 ἑξης
1647 1979 1810 2030 ἐπιλέγει·
1837 1979 1912 2018 ἐπει
1935 1980 1963 2017 δ’
1983 1979 2034 2018 ἔτι
2055 1984 2112 2018 νῦν
2139 1979 2206 2018 εἶσί
2227 1995 2338 2028 τινες,
2350 1982 2392 2020 οἱ

1363 2054 1480 2076 πασαν
1500 2038 1656 2086 αισΟησιν
1678 2038 1736 2076 καὶ
1758 2044 1872 2077 πᾶσαν
1895 2038 2086 2089 φαντασίαν
2107 2039 2219 2086 ἀληθη
2231 2037 2393 2105 λέγοντες

1365 2099 1479 2143 εἶναι,
1504 2097 1612 2147 μικρὰ
1632 2095 1691 2134 καὶ
1712 2096 1790 2148 περὶ
1811 2095 1941 2135 τούτων
1962 2095 2126 2145 εἴπωμεν.
2146 2095 2306 2140 ’lionam
2325 2094 2393 2148 γὰρ

268 2153 436 2204 φάλαιον,
472 2151 588 2189 ἔπειτα
605 2149 639 2189 δὲ
661 2167 734 2195 πως
753 2151 870 2201 ἔλεγον
894 2155 981 2189 εἶναι
1002 2151 1124 2205 σοφοὺς
1144 2154 1297 2199 ἑαυτούς,
1330 2144 1400 2205 Ι
1363 2153 1455 2191 οὗτοί
1474 2170 1511 2205 γε
1535 2153 1738 2199 δεδοικέναι,
1761 2170 1895 2204 μηποτε
1920 2155 1949 2193 εἷ
1965 2156 2097 2206 ψευδεῖς
2125 2154 2215 2193 εἴποι
2217 2170 2252 2192 εν
2270 2155 2391 2202 αἰσθήι

305 2302 333 2331 5.
358 2299 481 2337 Fuere,
516 2298 643 2339 inquit,
670 2297 817 2329 nonnulli
852 2299 1034 2338 praeterea,
1059 2299 1115 2339 qui
1148 2299 1297 2331 sensibus

263 2345 390 2391 tanturn
418 2358 514 2398 atque
538 2356 617 2389 visis
652 2356 749 2389 fidem
781 2356 999 2389 adhibendam
1030 2365 1100 2389 esse
1130 2360 1294 2399 putarent.

263 2418 329 2448 Nec
345 2403 482 2454 desunt,
504 2415 561 2456 qni
578 2415 641 2447 tale
657 2414 737 2456 qnid
754 2414 795 2447 ab
808 2416 950 2448 Homero
974 2415 1113 2448 obscure
1141 2415 1298 2458 significa-

263 2479 334 2508 tum
353 2484 425 2524 esse
447 2475 576 2514 dicant,
594 2484 696 2516 quum
720 2477 885 2507 Oceanum
905 2484 1014 2508 rerum
1036 2476 1181 2508 omniurn
1205 2463 1296 2517 prin-

263 2534 384 2579 cipium
404 2534 544 2573 vocarit,
570 2534 657 2574 quod
680 2543 732 2566 res
749 2534 843 2574 quasi
862 2534 1004 2566 fluminis
1021 2534 1124 2566 instar
1146 2534 1295 2566 laberen-

262 2594 337 2639 ῐιιικΔ
361 2592 459 2637 ‘Quin
475 2593 572 2625 etiam
596 2593 804 2625 Metrodorus
825 2593 925 2626 Chius
942 2593 1005 2625 hoe
1029 2593 1136 2640 ipsum
1164 2601 1294 2626 asseve-

261 2653 312 2685 rat
327 2677 334 2692 ‚
357 2651 414 2684 sed
431 2651 523 2693 plene
541 2660 579 2683 ac
595 2651 716 2683 diserte
735 2654 928 2694 Protagoras
948 2651 1129 2684 Abderites.
1164 2653 1196 2684 Is
1210 2652 1295 2684 enim

261 2711 406 2744 omnium
441 2719 550 2746 rerum
581 2719 767 2743 mensuram
801 2711 966 2743 hominem
997 2719 1069 2743 esse
1103 2711 1289 2750 contendit3

261 2779 374 2802 earum
391 2769 522 2810 quidem
536 2777 609 2811 quae
628 2771 778 2808 exstant,
800 2771 836 2801 ut
858 2769 941 2809 sint,
964 2778 1038 2811 quac
1054 2778 1131 2802 vero
1157 2779 1220 2801 non
1235 2778 1294 2802 ex-

261 2830 348 2861 stant
361 2853 369 2868 ,
386 2829 503 2874 utnon
521 2816 594 2860 sint.
628 2829 752 2869 Quippe
770 2828 881 2868 quales
898 2830 1015 2870 cuique
1036 2838 1087 2860 res
1111 2828 1294 2869 videantur,

261 2887 343 2919 tales
376 2888 408 2918 ct
433 2894 515 2918 csse.
575 2888 622 2917 De
641 2876 768 2918 caeteris
800 2886 878 2918 nihii
904 2896 961 2918 nos
991 2896 1084 2928 posse
1117 2887 1292 2920 affirmare.

265 2944 389 2982 Quibus
414 2945 531 2976 merito
546 2944 658 2976 eadem
681 2944 834 2984 objicias,
852 2954 925 2985 quae
939 2954 957 2976 a
976 2946 1108 2978 Plutone
1126 2945 1161 2977 in
1176 2945 1292 2978 ’Πισθε-

260 3004 328 3037 teto
344 3003 583 3044 disputantur:
606 3002 770 3042 Primum,
787 3003 813 3034 si
834 3012 886 3035 res
908 3003 953 3035 itu
970 3012 1003 3035 se
1016 3004 1157 3040 habent,
1179 3013 1292 3045 quam-

260 3061 371 3094 obiem
393 3061 524 3093 tandem
542 3060 705 3093 hominem
724 3062 871 3093 veniatis
885 3070 1071 3094 mensuram
1095 3071 1166 3094 esse
1179 3062 1290 3094 volue-

223 3158 229 3163 ,
258 3122 356 3163 nunt,
376 3119 434 3153 sed
447 3119 535 3161 quod
552 3119 615 3152 hoc
638 3119 671 3151 in
693 3128 809 3160 genere
822 3121 920 3160 caput
936 3122 1005 3160 est,
1032 3129 1096 3152 non
1114 3120 1292 3153 viderunt?

224 3208 226 3211 ,
258 3161 402 3219 Deinde,
425 3178 481 3219 qui
500 3187 534 3211 se
553 3177 640 3220 ipsos
665 3179 826 3219 sapientes
843 3187 960 3210 vocare
979 3181 1163 3219 potuerunt,
1180 3178 1207 3210 si
1220 3180 1290 3219 qui-

222 3271 223 3275 ,
258 3237 338 3271 libet
367 3236 430 3282 sibi
455 3237 515 3278 ipsi
532 3223 677 3269 veritatis
699 3228 850 3268 mensura
869 3238 943 3268 est?
957 3238 1013 3268 aut
1039 3246 1195 3277 quorsum
1213 3237 1292 3270 alio·

237 3334 239 3336 ,
258 3295 509 3339 reprehendunt,
526 3295 651 3336 siquod
671 3295 788 3336 cuique
804 3296 947 3336 apparet,
963 3295 998 3327 id
1010 3296 1164 3328 continuo
1177 3305 1291 3329 verum

259 3355 333 3388 est?
348 3357 383 3388 et
400 3363 461 3387 cur
487 3353 661 3394 nonnulla,
679 3353 807 3386 etiarnsi
827 3353 947 3406 saepius
973 3362 1010 3386 ea
1029 3362 1127 3386 sensu
1153 3355 1288 3396 percipi-

259 3422 356 3453 mus,
381 3412 488 3446 adhue
508 3400 618 3445 tumen
643 3411 849 3463 ignoramus,
878 3403 917 3445 ut
929 3421 1030 3457 quum
1059 3412 1213 3446 barbaros
1242 3413 1290 3445 lo-

259 3471 398 3512 quentes
422 3468 596 3502 audimus?
623 3459 786 3502 Praeterea'
809 3469 866 3510 qui
892 3468 964 3510 ejus
991 3469 1038 3502 rei
1069 3477 1168 3511 quam
1195 3470 1290 3502 antea

1355 2301 1538 2341 spectavit,
1559 2302 1672 2342 postea
1687 2300 1899 2340 recordatur,
1915 2300 2111 2346 novitvillam
2135 2301 2282 2342 profecto
2298 2325 2306 2341 ,
2326 2287 2395 2333 nee‘

1359 2358 1497 2399 amplius
1512 2359 1621 2391 tamen
1639 2357 1748 2391 sentit.
1805 2359 1878 2390 Jam
1903 2357 1928 2389 si
1949 2366 1988 2390 ex
2007 2357 2111 2390 oculis
2129 2357 2287 2390 alterum
2295 2358 2387 2391 einu-

1358 2416 1455 2457 serit,
1486 2418 1588 2449 altero
1613 2416 1768 2457 aspiciat,
1799 2400 1884 2447 idern
1910 2415 2008 2447 simul
2035 2415 2164 2448 noverit
2193 2414 2388 2464 ignoretqne

1358 2483 1486 2507 necesse
1504 2475 1564 2507 est.
1610 2474 1658 2506 Ad
1679 2474 1769 2512 haec,
1788 2473 1816 2505 si
1833 2472 1930 2514 quod
1940 2474 2056 2514 cuique
2073 2473 2214 2514 videtur,
2233 2473 2269 2508 id
2289 2474 2388 2507 etiam

1356 2541 1471 2565 verum
1498 2533 1568 2572 est,
1593 2532 1752 2573 nobisque
1773 2541 1851 2564 vera
1880 2541 1944 2564 non
1961 2531 2132 2573 videniur,
2151 2540 2225 2574 quae
2253 2532 2296 2565 ab
2311 2530 2397 2566 *mis

1357 2591 1528 2631 dicuntur,
1548 2584 1662 2623 verum
1693 2591 1790 2623 simul
1821 2592 1882 2622 ent
1910 2590 2074 2623 hominem
2103 2599 2211 2638 rerum
2239 2590 2384 2624 emulum

1355 2660 1420 2682 non
1435 2659 1506 2682 esse
1527 2640 1721 2682 mensuram.
1767 2650 1839 2680 Jam
1855 2649 1908 2690 qui
1926 2642 2031 2681 arteni
2055 2642 2206 2681 exercent
2220 2650 2272 2682 vel
2287 2649 2385 2682 aliani

1356 2717 1585 2751 quamcunque
1599 2717 1668 2740 rem
1682 2708 1825 2741 tractant
1840 2732 1848 2747 ‚
1866 2707 1937 2748 ejus
1952 2706 1999 2739 rei
2021 2707 2189 2748 imperitos
2204 2707 2386 2749 cognitione

1357 2767 1548 2810 praecellunt
1573 2781 1580 2800 ι
1598 2775 1734 2807 eamque
1752 2766 1792 2798 ob
1808 2774 1939 2799 causam
1956 2765 2164 2807 gubernator,
2184 2765 2333 2798 medicus
2353 2769 2386 2799 et

1355 2826 1543 2868 imperator,
1565 2825 1645 2867 quid
1673 2825 1820 2857 futurum
1849 2824 1892 2856 sit
1919 2823 2039 2856 clarius
2067 2823 2169 2856 multo
2197 2822 2384 2865 certiusque

1355 2884 1565 2926 prospiciunt.
1612 2883 1671 2916 lsu
1701 2892 1780 2916 vero
1796 2882 1957 2924 quidquid
1985 2878 2020 2914 in
2043 2890 2175 2924 quoque
2193 2879 2310 2922 genere
2327 2883 2386 2916 ant

1355 2943 1456 2984 magis
1481 2931 1538 2974 eut
1563 2941 1671 2974 minus
1696 2943 1763 2980 esi,
1794 2949 1890 2982 porro
1918 2940 1965 2973 rei
1989 2937 2182 2972 necessariae
2201 2940 2321 2982 pariter
2350 2942 2384 2974 et

1355 3000 1532 3042 possibilis,
1548 3000 1706 3032 naturalis
1723 2999 1862 3040 denique
1883 3001 1916 3031 et
1934 2999 2052 3040 praeter
2067 2999 2218 3030 naturam
2239 2988 2385 3034 eccideru-

1353 3059 1396 3092 fis
1411 3059 1587 3092 discrimen
1603 3058 1732 3091 omniuo
1754 3057 1881 3090 tollunt
1927 3058 1975 3089 Ita
1997 3065 2055 3089 ens
2079 3058 2112 3089 et
2127 3065 2193 3089 non
2208 3065 2266 3089 ens
2281 3064 2384 3092 unum

1354 3106 1505 3159 idemque
1529 3117 1661 3150 suerint.
1706 3116 1794 3149 Nihil
1828 3115 1913 3148 enim
1935 3115 2075 3153 obstat,
2102 3114 2277 3156 quominus
2309 3107 2382 3148 :iliis

1352 3177 1459 3217 idern,
1477 3177 1549 3209 aliis
1576 3185 1640 3208 non
1659 3184 1730 3208 esse
1750 3173 1911 3207 videatur.
1962 3175 2045 3213 Ergo
2065 3172 2154 3205 idem
2172 3173 2270 3206 erunt
2283 3172 2382 3205 honio

1352 3237 1450 3276 atque
1463 3235 1588 3277 lignum
1609 3244 1615 3264 =
1641 3233 1760 3276 quippe
1778 3233 1864 3265 idem
1891 3231 1984 3264 alteri
2001 3239 2235 3273 nonnunquam
2258 3230 2356 3263 homo
2369 3253 2379 3270 ,

1351 3294 1445 3326 alteri
1465 3294 1585 3335 lignum
1603 3293 1743 3325 videtur.
1787 3293 1872 3324 Vera
1888 3299 2016 3332 quoque
2030 3287 2137 3323 omnis
2150 3289 2255 3323 oratio
2269 3289 2383 3323 futura

1351 3354 1419 3393 est3
1445 3352 1581 3393 ideoque
1599 3351 1679 3384 falsa
1703 3341 1802 3383 etiarn
1829 3349 1933 3382 omnis
1964 3344 2085 3382 sutura.
2141 3340 2294 3382 Similiter
2322 3351 2396 3396 qu]¹

1351 3411 1459 3452 aliqua
1486 3411 1527 3443 de
1555 3419 1591 3443 re
1607 3404 1664 3442 aut
1691 3400 1871 3442 deliberant
1897 3401 1955 3440 eut
1979 3397 2152 3448 judicant,
2182 3406 2263 3440 nihil
2291 3405 2390 3449 q'u‘mlx

1348 3470 1446 3510 agant
1481 3468 1654 3503 habebunt.
1713 3459 1871 3509 Quodque
1910 3465 2004 3508 longe
2039 3464 2267 3506 gravissimum
2304 3463 2381 3506 δεῖ,
