2508 3776
85 285 88 288 ’
116 314 118 317 ,
144 271 164 315 J
227 267 454 322 “nivei-fxv]
486 269 546 310 ἐπὶ
571 270 699 315 παντὸς
727 271 850 310 λαὸεἶν
883 269 947 318 τὴν
975 269 1141 319 τοιαύτην

202 342 205 344 “
254 334 258 338 ”
313 328 378 380 (οὔ
398 328 464 381 γάρ
485 329 616 368 ἐστιν
601 329 656 368 επ’
677 329 806 383 ἄπειρα
834 328 1040 382 διαιρετέον·
1050 331 1060 380 )
1084 328 1142 370 ἐπὶ

185 383 397 440 ’δυνεχους
413 388 472 426 ἐπὶ
495 389 623 433 παντὸς
639 389 785 428 δυνατόν
816 390 922 437 ἐστιν,
949 388 1011 428 ἅτε
1042 391 1143 428 ἀπει-

146 383 412 522 ἷὊθαμένου
433 449 662 501 διαιρεθῆναι
693 450 808 488 Ἰουτο
827 449 870 496 δὴ
892 448 931 487 τὸ
952 448 1065 524 μέσον
1076 451 1142 502 οὔχ

145 557 156 564 „
243 506 300 546 del
330 507 515 559 κρίνομεν,
553 507 645 547 ἀλλὰ
676 507 761 548 ποτὲ
794 509 855 558 μὲν
883 512 961 547 κατ’
989 509 1072 547 αὐτὸ
1102 509 1142 549 τὸ

170 581 264 618 μ,α
285 567 370 607 ποτὲ
399 567 435 607 δὲ
456 568 542 621 πρὸς
561 571 669 618 ἡμᾶς.
702 567 776 606 Καὶ
795 567 874 606 κατ’
906 567 989 606 αὐτὸ
1015 568 1079 618 μὲν
1099 569 1139 608 τὸ

179 638 243 678 μα
261 625 366 678 μέσον
387 626 475 675 ἐστί,
489 625 568 665 τὰ*
551 627 586 672 εξ
600 632 661 665 τοῦ
675 625 758 664 δέκα
778 625 839 665 καὶ
855 626 956 672 δύ,ο”
943 642 1016 665 ισον
1031 629 1140 680 ὑπερ-

104 626 157 742 ι’,
164 688 171 694 ‘
194 691 210 699 ”
240 683 303 725 καὶ
329 685 550 726 ἐλλείποντα·
570 687 632 724 ἀπ’
654 686 766 724 αὐτῶν
789 685 857 737 γὰρ
887 702 955 723 των
974 684 1141 739 πραγμά-

109 758 137 777 «ἰ»
127 742 408 832 ...λαμβάνεται
426 747 449 792 ἡ
475 742 637 797 διαφορά·
661 743 747 795 πρὸς
768 745 864 793 ἡμᾶς
892 743 944 789 δε,
964 744 1047 782 ὅταν
1077 744 1141 797 ἀφ’

202 801 425 854 {pectit-nc,
446 801 508 842 καὶ
527 805 549 850 ἡ
569 801 748 855 ὓπερὸολή
763 831 774 851 ,
790 801 853 841 καὶ
874 801 1028 855 ἔλλειψις
1045 804 1141 854 λαμ-

247 855 365 907 Ο.ἶον
388 860 422 900 εἴ
434 876 501 900 τινι
516 860 605 900 πολυ
623 861 663 900 τὸ
694 859 779 900 δέκα
801 866 890 911 μνᾶς
910 876 999 913 φαγε
985 867 1059 910 εῖν,
1079 861 1141 901 δύο

148 885 278 972 ίγσν,
298 922 363 960 οὐκ
379 921 517 973 ἀνάγκη
535 922 595 964 τὰς
617 919 654 965 ἓξ
673 926 760 971 μνᾶς
779 920 844 966 τὴν
869 921 1047 971 μεσότητα
1074 937 1140 973 φυ-

62 987 66 990 ’
90 978 142 1037 ζ’
182 993 255 1028 ειν,
276 979 338 1018 καὶ
357 979 607 1036 προσηκούσας
637 972 726 1018 εἶναι
748 982 797 1032 τῶ
817 978 970 1031 σώματι·
995 979 1141 1018 δυνατὸν

111 1048 113 1050 ’
114 1035 207 1107 *435ss
222 1038 364 1084 πλείους
382 1039 405 1087 ἢ
431 1038 639 1083 ἕλᾶττους’
620 1041 754 1092 αρκεῖν.
781 1039 875 1091 Πρὸς
896 1037 959 1090 μὲν
975 1041 1034 1077 οὖν
1056 1038 1142 1077 αὐτὸ

182 1102 298 1151 γ’μα
317 1100 355 1138 αἱ
379 1098 417 1145 ἒξ
445 1104 530 1151 μναῖ
552 1098 593 1138 τὸ
615 1097 722 1151 μέσον
742 1097 839 1138 nal*
826 1113 900 1137 ισον
931 1097 1029 1147 ἐστί,
1057 1099 1144 1150 πρὸς

113 1155 266 1208 Ῐςδέ,
290 1156 382 1197 ἑπτὰ
406 1156 531 1205 ἶσωςῆ
553 1158 676 1207 πέντε,
710 1157 816 1208 ἤγουν
848 1155 947 1201 ὅσαις
970 1155 1011 1196 τὸ
1037 1158 1143 1207 σῶμα

233 1229 278 1255 ει.
339 1218 389 1257 Αἱ
409 1215 446 1256 δὲ
466 1215 500 1260 ἓξ
522 1216 662 1256 Μίλωνι
688 1217 772 1268 μέν,
806 1216 868 1256 ἅτε
887 1218 1016 1261 ἱκανως
1033 1232 1141 1269 γεγυ-

99 1274 312 1330 eumve)
303 1275 434 1348 ὀλίγη
451 1275 551 1316 ἔσται
571 1277 704 1349 *tpoqm'jm
695 1308 706 1327 ‚
728 1277 787 1317 καὶ
808 1279 826 1315 ὃ
846 1276 1014 1326 ἀλείπτης
1033 1276 1144 1316 πλείω

99 1380 102 1382 ,
238 1337 331 1389 ‘eff’
364 1335 402 1375 δὲ
438 1335 626 1391 ἀρχομένῳ
655 1339 726 1376 τῶν
764 1336 994 1389 γυμνασίων,
1035 1337 1140 1376 πολύ.

139 1404 145 1426 Γ
176 1400 183 1406 ”
211 1423 213 1429 -
271 1394 310 1436 δὲ
327 1393 392 1435 καὶ
421 1395 480 1435 ἐπὶ
500 1395 631 1450 δρόμου
652 1395 714 1436 καὶ
742 1396 858 1444 πάλης
887 1396 973 1449 ἔχει·
1004 1396 1065 1434 καὶ
1085 1395 1143 1435 ἐπὶ

140 1500 143 1502 ,
165 1479 194 1492 τι·
238 1454 310 1509 γὰρ
328 1454 401 1496 ἀπὸ
423 1457 493 1494 τῶν
513 1454 788 1507 γυμναζομένων
806 1455 846 1494 τὸ
863 1454 939 1494 ἴσον
960 1454 1145 1508 κρίνομεν.

104 1518 160 1605 ³³3¹
204 1513 244 1555 δὲ
264 1513 328 1556 καὶ
345 1520 417 1560 πᾶς
443 1517 506 1563 τῆς
526 1518 743 1563 ἡστινοσοῦν
768 1516 969 1568 προὶστάμε
954 1530 1025 1559 -νος
1060 1517 1139 1554 ἐπι-

203 1583 239 1621 ζ·
253 1573 296 1615 τὸ
314 1575 423 1627 μέσον
451 1574 508 1614 ἀεὶ
538 1575 635 1622 ζητεῖ
647 1605 658 1625 ,
682 1573 747 1623 τὴν
769 1573 971 1626 ὖπερὸολὴν
987 1573 1048 1613 καὶ
1078 1573 1143 1622 τὴν

90 1591 226 1742 ὃν*
263 1633 417 1688 φεύγων·
449 1633 555 1687 μέσον
587 1636 698 1674 ἐκεῖνο
729 1633 891 1683 δηλονότι
923 1633 1087 1684 διώκων,
1123 1632 1144 1673 8

144 1695 293 1747 Ἥξεις
306 1694 349 1734 οὗ
371 1693 460 1747 πρὸς
480 1692 521 1734 τὸ
536 1700 688 1746 πρᾶγμα
711 1692 819 1746 μέσον
842 1691 934 1733 ἐστί.

135 1750 256 1798 Καὶ
284 1757 407 1793 τοῦτον
430 1751 490 1792 τὸν
516 1751 646 1806 τρόπον
675 1759 774 1792 πᾶσα
794 1752 972 1804 ἐπιστήμη
992 1751 1032 1790 τὸ
1057 1752 1142 1791 ἴδιον

175 1808 331 1856 καλῶς
353 1812 534 1851 ἀποτελεῖ.
566 1812 662 1852 Διὰ
681 1827 786 1850 τουτο
807 1810 870 1850 καὶ
891 1810 1064 1859 εἰώθαμεν
1085 1810 1140 1850 λέ-

65 1860 106 1895 .'
116 1865 186 1913 ἦ»
190 1869 232 1908 ’ἔν
250 1873 321 1915 τοῖς
348 1864 388 1908 ὦ
423 1868 546 1923 ἔχουσι
563 1872 636 1909 τῶν
662 1867 790 1922 ἔργων,
816 1868 870 1908 ὅτι
898 1867 979 1907 οὔτε
1001 1871 1141 1920 ἀφελεῖν

37 1969 42 1972 ,
206 1926 298 1968 ὅτι
314 1932 528 1982 προσθεῖναι·
544 1927 739 1972 δεικνύντες
755 1928 809 1966 ὅτι
830 1926 891 1967 καὶ
905 1926 969 1975 τὴν
985 1927 1142 1980 ὑπερδο-

15 1972 165 2041 W
185 1982 316 2039 δμοίως
348 1987 409 2026 καὶ
440 1987 504 2035 τὴν
530 1987 684 2040 ἔλλειψιν
718 1986 858 2040 φεύγει,
889 1988 936 2030 ὡς
973 2002 1043 2024 των
1075 1987 1138 2037 μὲν

76 2043 362 2101 ᾞΒιρουσῶν
382 2045 423 2085 τὸ
440 2049 510 2086 τῶν
527 2045 640 2100 ἔργων
659 2046 808 2098 ἀγαθόν,
828 2048 891 2092 τ’ῆς
914 2044 951 2083 δὲ
982 2045 1134 2096 μεσότη-

45 2108 49 2134 ἷ
89 2102 159 2151 θὸἓ
171 2105 281 2158 μόνης
301 2104 495 2155 σωζουσης.
527 2105 632 2146 Ἐπεὶ
652 2105 689 2144 δὲ
709 2108 732 2153 ἡ
752 2102 860 2158 ἀρετὴ
877 2104 992 2152 πάσης
1011 2103 1140 2156 τέχνης

49 2202 56 2211 .
91 2163 329 2234 ἂὶῷὶόεστέρα
344 2165 408 2207 itui
430 2165 587 2218 ἀμείνων
604 2166 679 2204 ἐστί
693 2164 881 2215 ,καθάπερ
900 2162 961 2202 καὶ
985 2165 1004 2210 ἧ
1025 2162 1140 2215 φύσις,

90 2224 146 2266 ‘fl
150 2219 260 2278 Μῶν
281 2225 326 2265 ἂν
353 2225 415 2266 καὶ
436 2225 526 2274 αὕτη
547 2225 713 2273 σκοποίη.
746 2222 889 2277 Ἀρετὴν
921 2221 959 2261 δὲ
989 2220 1081 2274 λέγω
1100 2222 1141 2261 οὗ

54 2281 155 2333 &dv
187 2283 436 2337 διανοητικήν,
471 2283 615 2338 (ἄλλως
643 2282 713 2337 γὰρ
731 2282 773 2322 τὸ
802 2283 882 2322 κατ’
903 2279 1012 2328 αὐτὴν
1048 2279 1141 2334 ἔχει)

166 2341 414 2392 -ἢνήθικήν
429 2341 520 2392 αὕτη
536 2342 605 2396 γάρ
621 2343 698 2381 ἐστι
717 2357 798 2395 περι
816 2341 912 2387 πάθη
927 2340 989 2379 καὶ
1002 2339 1142 2392 πράξεις

91 2428 130 2471 ff
119 2390 316 2473 ςέϊῆῑλεῦω
333 2400 396 2442 καὶ
411 2402 521 2454 μείζω
535 2418 596 2442 του
614 2402 748 2447 δέοντος
765 2401 827 2440 καὶ
842 2400 980 2440 ἐλάττω
995 2399 1141 2440 δυνατὸν

66 2475 67 2478 ’
79 2460 109 2489 ·'³'
182 2460 290 2503 .Κ.αὶ
307 2461 368 2500 διὰ
384 2477 486 2501 τουτο
501 2461 562 2501 καὶ
580 2462 621 2502 τὸ
641 2461 716 2501 δέον
740 2461 834 2500 ἐστιν
856 2462 891 2499 ἐν
911 2461 1028 2503 αὐτοις
1042 2490 1052 2508 ,
1078 2461 1141 2507 δη-

65 2538 171 2614 ff
103 2473 175 2574 ἠτις
225 2518 366 2561 τὸῖσον.
386 2521 459 2561 Καὶ
472 2521 541 2574 γάρ
560 2521 636 2560 ἐστι
655 2520 716 2559 καὶ
737 2518 954 2574 φοὸηθηναι,
978 2519 1039 2558 καὶ
1059 2520 1141 2574 θαῤ-

67 2612 91 2640 ᾳ

75 2633 116 2662 ,Ἐ·

129 2642 138 2672 ἰ
180 2651 208 2671 2
222 2645 334 2688 ᾰαι,
350 2638 411 2679 καὶ
431 2638 520 2685 ὅλως
536 2642 687 2687 ἡσθῆναι
709 2638 770 2677 καὶ
791 2638 991 2685 λυπηθῆναι
1004 2639 1141 2687 μᾶλλον

102 2709 159 2758 [ὦ
159 2736 242 2779 ,ῂῐ
252 2697 642 2809 ἄν,αι’ἑιιιὶὸἀεμιὶἐότερα
630 2715 669 2737 ου
676 2699 816 2806 κοιδλὲέἓς
819 2695 976 2808 ,xgbgqfs
991 2697 1141 2800 οέςταὲεξν

416 2775 436 2798 τ
503 2775 535 2798 ει
586 2759 647 2798 καὶ
669 2760 714 2802 ὡς
1129 2785 1140 2806 ,

142 2807 257 2873 ip&
279 2817 338 2863 οὓς
357 2818 433 2868 δεῖ,
458 2818 519 2858 και
539 2811 579 2858 οῧ
602 2817 705 2857 ἕνεκα
735 2817 808 2864 δεῖ,
833 2815 940 2867 μέσον
972 2815 1046 2854 ἐστὶ
1079 2815 1140 2855 καὶ

233 2875 306 2922 ,ἐν
323 2872 354 2934 ᾧ
371 2880 395 2927 ἡ
417 2877 526 2932 ἀρετὴ
555 2877 701 2930 γίνεται.
743 2874 900 2926 Ὁμοίως
921 2874 956 2913 δὲ
984 2873 1057 2927 ἔχει
1077 2874 1139 2915 καὶ

201 2935 546 2990 ςᾶποτελουμένας
559 2935 628 2976 ὑπὸ
646 2938 716 2975 τῶν
730 2937 854 2973 παθῶν
875 2933 1030 2987 πράξεις·
1060 2933 1136 2973 ἔστι

107 2999 110 3008 “
136 2993 241 3041 {tat
254 2997 291 3036 lv
309 2996 432 3041 αὖταῖς
449 2994 628 3049 ὓπερὸολή
642 3026 652 3046 ,
670 2994 729 3034 καὶ
750 2992 927 3047 ἔλλειψις,
948 2993 1008 3031 καὶ
1029 2992 1140 3044 μεσό-

144 3052 294 3111 ,ξ’-’Ἐπὶ
308 3054 422 3096 τοίνυν
441 3058 466 3104 ἡ
482 3053 591 3108 ἀρετὴ
606 3053 688 3106 περὶ
705 3053 801 3100 πάθη
819 3051 879 3092 καὶ
899 3050 1044 3104 πράξεις
1069 3067 1139 3091 κα-

155 3120 161 3129 ⁴
240 3131 296 3164 t,
316 3117 386 3156 τῶν
406 3115 442 3155 δὲ
459 3117 581 3154 παθῶν
608 3113 670 3153 καὶ
695 3115 764 3152 τῶν
787 3110 946 3163 πράξεων
964 3110 1004 3149 τὸ
1031 3109 1138 3161 μέσον

127 3170 242 3229 ffl
236 3174 461 3233 κατόρθωμα
479 3173 688 3224 ὀνομάζεται
717 3171 778 3212 καὶ
799 3173 1018 3220 ἐπαινεῖται,
1041 3169 1133 3224 ἅπερ

213 3234 392 3288 προσήκει
409 3238 454 3289 τῇ
475 3236 600 3288 ἀρετῇ,
619 3232 766 3287 φανερὸν
788 3230 842 3270 ὅτι
859 3229 937 3270 οὔτε
957 3228 1136 3281 υπερὸολὴ

213 3304 224 3324 ³
256 3295 368 3350 ιψις,
386 3294 479 3335 ἀλλὰ
495 3293 646 3346 μεσότης
667 3291 759 3333 ἐστὶν
781 3294 804 3339 ἡ
823 3290 950 3345 ἀρετή,
971 3288 1011 3327 τὸ
1032 3288 1136 3339 μέσον

97 3292 361 3405 &semiim

136 3465 155 3485 *
173 3465 215 3500 El
226 3466 266 3506 δὴ
280 3469 374 3500 πᾶσα
392 3467 555 3510 ἐπιστήμη
574 3467 660 3499 οὕτω
676 3465 714 3497 τὸ
732 3464 827 3508 ἔργον
848 3463 883 3495 εὖ
898 3463 1037 3494 ἐπιτελεῖ
1051 3462 1121 3493 κτλ.

581 181 882 224 ETHICORUM
911 181 1360 223 NIGOMAGHEORUM
1392 182 1766 225 PARAPHRASIS.

202 2571 306 2621 ”πᾶὶ’
322 2577 558 2632 ἔπιθυμῆσαι,
580 2580 641 2619 καὶ
657 2593 823 2631 μισησαι,
844 2578 905 2617 καὶ
921 2579 1150 2630 ὀργισθῆναι,

2170 182 2252 223 339

1204 276 1372 320 proportio
1392 279 1453 311 est.
1471 279 1515 311 Et
1534 278 1568 311 in
1596 278 1731 312 definita
1749 277 1886 321 quidem
1913 277 2101 321 quantitate
2120 285 2252 310 necesse

1202 347 1268 370 nou
1294 339 1346 371 est
1370 347 1430 371 nos
1462 338 1587 380 ubique
1614 339 1699 371 hanc
1716 338 1963 381 proportionem
1984 346 2137 376 servare,
2165 337 2254 379 (nec

1203 397 1291 430 enim
1312 396 1347 430 in
1365 396 1531 430 infinitum
1559 397 1776 431 dividendum
1806 400 1893 439 est.)
1924 397 1958 431 in
1989 396 2145 430 continua
2174 405 2254 430 vero

1202 455 1326 498 ubique
1345 455 1408 488 hoc
1423 455 1494 489 fieri
1516 458 1625 498 potest
1636 482 1644 495 ,
1662 465 1768 498 quum
1787 456 1821 488 in
1833 455 1998 488 infinitum
2015 455 2120 488 dividi
2138 453 2251 497 possIt.

1202 517 1274 548 Hoc
1289 524 1370 548 vero
1394 515 1542 548 medium
1562 525 1626 548 non
1641 516 1793 548 similiter
1818 524 1948 557 semper
1963 515 2172 557 judicamus,
2196 513 2255 547 sed

1202 584 1290 608 nunc
1308 574 1357 608 rei
1383 577 1553 617 respectu,
1575 584 1663 608 nunc
1681 575 1797 609 nostri.
1815 577 1860 608 Et
1883 575 1931 608 rei
1946 574 2082 617 quidem
2099 576 2252 617 respectu

1202 633 1351 667 senarius
1379 643 1538 668 numerus
1566 634 1696 667 medius
1720 634 1807 667 inter
1835 633 2008 667 denarium
2038 637 2069 667 et
2087 633 2253 666 binarium

1202 696 1264 733 est,
1282 695 1398 736 utpote
1409 694 1468 736 qui
1479 693 1654 736 aequaliter
1663 696 1698 727 et
1714 695 1848 736 superat
1861 696 1895 727 et
1911 696 2088 736 superatur
2104 703 2113 723 ε
2131 693 2254 735 quippe

1202 752 1244 785 ab
1264 752 1344 795 ipsis
1356 753 1456 786 rebus
1470 752 1657 786 differentia
1670 753 1816 785 sumitur
1835 765 1845 786 ι
1863 755 2015 795 respectu
2038 761 2118 786 vero
2136 752 2251 790 nostri,

1202 820 1308 853 quum
1325 821 1346 844 a
1369 812 1465 845 nobis
1490 812 1702 845 mediocritas
1727 811 1877 854 itemque
1906 812 2047 844 nimium
2078 814 2111 844 et
2136 820 2255 853 parum

1203 870 1358 903 sumitur.
1375 872 1420 902 Ut
1436 870 1463 903 si
1479 871 1534 903 cui
1550 871 1666 904 decem
1693 871 1795 904 libras
1826 870 1999 904 comedere
2022 870 2163 903 nimium
2188 870 2252 909 sit,

1202 928 1287 962 duas
1310 939 1439 972 parum,
1454 939 1520 963 non
1531 930 1595 963 erit
1612 939 1743 963 necesse
1763 930 1911 963 medium
1929 939 2107 963 numerum
2126 929 2254 964 servari

1203 990 1304 1030 atque
1327 997 1404 1021 eum
1429 989 1558 1031 corpori
1582 990 1774 1031 convenire;
1798 989 1869 1022 fieri
1888 990 1974 1022 enim
1989 992 2109 1032 potest,
2139 991 2173 1021 ut
2194 990 2254 1021 aut

1202 1047 1315 1090 plnres
1337 1047 1502 1081 sufficiant
1523 1050 1582 1081 aut
1597 1049 1780 1091 pauciores.
1806 1051 1970 1091 Respectu
1995 1058 2071 1091 ergo
2088 1049 2136 1082 rei
2152 1048 2257 1091 ipsius

1204 1121 1262 1146 sex
1277 1112 1372 1146 librae
1390 1112 1539 1146 medium
1555 1112 1718 1156 quiddam
1737 1114 1835 1146 erunt
1855 1114 1889 1145 et
1901 1112 2041 1154 aequale,
2057 1110 2162 1144 nostri
2177 1119 2258 1143 vero

1204 1175 1331 1216 septem
1348 1173 1491 1206 fortasse
1518 1173 1573 1206 vel
1592 1172 1752 1215 qulnque,
1783 1174 1866 1215 quot
1886 1171 2045 1204 nimirum
2063 1180 2184 1214 corpus
2198 1179 2259 1213 po-

1204 1230 1318 1264 stulat.
1340 1231 1472 1264 Etenim
1496 1239 1556 1264 sex
1579 1230 1646 1264 illae
1663 1231 1798 1272 Miloni,
1822 1233 1939 1273 utpote
1955 1230 2037 1264 satis
2064 1231 2257 1270 exercitato,

1203 1300 1323 1333 parum
1341 1290 1490 1324 alimenti
1510 1292 1618 1329 erunt,
1635 1290 1815 1333 pluresque
1830 1290 1861 1324 ei
1878 1290 2041 1333 praebebit
2060 1289 2179 1332 aliptes
2198 1302 2207 1322 :
2227 1289 2260 1323 ei

1203 1359 1284 1383 vero
1305 1349 1364 1393 qui
1375 1349 1523 1393 prImum
1539 1351 1724 1389 exercetur,
1739 1349 1898 1382 multum.
1920 1349 2081 1382 Similiter
2096 1348 2199 1382 etiam
2214 1348 2257 1382 de

1205 1417 1306 1441 cursu
1325 1410 1360 1441 et
1374 1408 1465 1441 lucta
1485 1395 1719 1441 sentiendum:
1737 1416 1815 1439 nam
1831 1407 1867 1440 et
1884 1406 1920 1439 in
1934 1406 1988 1439 his
2005 1414 2049 1440 ex
2063 1415 2181 1439 eorum
2197 1405 2260 1449 qui

1204 1469 1404 1502 exercentur
1417 1469 1539 1501 natura
1562 1466 1693 1510 aequale
1704 1466 1904 1510 judicamus.
1929 1466 1995 1500 Sed
2017 1468 2051 1500 et
2067 1465 2260 1508 quicunque

1204 1526 1387 1570 disciplinae>
1410 1527 1552 1570 alicujus
1575 1526 1729 1569 princeps
1757 1527 1828 1565 est,
1847 1525 2114 1560 mediocritatem
2136 1523 2260 1568 quaerit

1205 1595 1345 1629 semper,
1358 1586 1499 1619 nimium
1518 1586 1553 1619 et
1566 1594 1686 1628 pamm
1701 1584 1799 1628 fugit,
1815 1584 2092 1624 mediocritatem,
2106 1583 2257 1627 inquam,

1203 1655 1270 1681 non
1284 1646 1344 1687 rei,
1361 1646 1422 1680 sed
1437 1655 1512 1679 eam
1526 1654 1606 1688 quae
1622 1645 1721 1679 nobis
1738 1646 1789 1678 est
1801 1644 2025 1678 mediocritas.

1245 1761 1357 1802 Atque
1368 1759 1434 1793 hoc
1450 1758 1588 1802 quidem
1603 1757 1703 1791 modo
1728 1757 1837 1791 omnis
1855 1757 1994 1792 scientia
2013 1766 2140 1791 munus
2157 1767 2257 1792 suum

1203 1814 1315 1856 explet
1339 1816 1374 1848 et
1403 1813 1557 1848 absolvit.
1577 1815 1786 1856 Quapropter
1806 1822 1907 1856 opera
1936 1813 2065 1847 affabre
2094 1814 2184 1847 facta
2212 1815 2260 1847 ita

1204 1869 1436 1903 commendare
1456 1870 1620 1909 solemus,
1650 1872 1690 1902 ut
1710 1870 1753 1903 iis
1778 1878 1888 1912 neque
1918 1869 2050 1902 detrahi
2073 1870 2260 1912 quidquam

1204 1936 1312 1970 neque
1331 1927 1410 1960 addi
1427 1935 1524 1969 posse
1544 1926 1694 1959 dicamus
1712 1938 1720 1958 ε
1743 1935 1812 1968 quo
1833 1925 2058 1964 ostendimus,
2082 1926 2139 1958 illa
2163 1926 2205 1959 ab
2221 1934 2261 1959 co

1205 1984 1297 2027 quod
1313 1986 1365 2017 est
1385 1984 1525 2016 nimium
1542 1986 1673 2016 tantum
1693 1982 1837 2021 distare,
1865 1985 2030 2025 quantum
2054 1981 2096 2015 ab
2113 1991 2152 2015 eo
2168 1982 2260 2025 quod

1203 2042 1253 2074 est
1266 2049 1395 2083 parum,
1411 2040 1492 2083 quia
1503 2040 1596 2073 hisce
1615 2039 1723 2072 omnis
1736 2048 1875 2081 operum
1892 2038 2052 2081 perfectio
2065 2047 2260 2081 corrumpa-

1202 2096 1260 2127 tur
1278 2104 1318 2127 ac
1335 2097 1470 2137 pereat,
1492 2104 1601 2137 quam.
1620 2095 1691 2128 sola
1705 2093 1919 2127 mediocritas
1938 2095 2122 2126 conservet.
2145 2095 2259 2131 Quum

1203 2152 1315 2184 autem
1332 2150 1443 2183 virtus
1459 2150 1550 2183 omni
1566 2153 1638 2183 arte
1664 2150 1810 2182 Hmatior
1826 2152 1859 2182 et
1877 2149 1994 2182 melior
2022 2149 2076 2188 sit,
2095 2150 2260 2192 quemad-

1203 2205 1341 2239 modum
1359 2208 1394 2240 et
1417 2208 1557 2245 natura,
1579 2215 1619 2239 ea
1642 2204 1790 2248 profecto
1808 2205 1956 2238 medium
1976 2195 2113 2247 spectet.
2141 2205 2260 2238 Virtu-

1203 2264 1272 2295 tem
1292 2265 1406 2296 autem
1424 2272 1490 2296 non
1503 2263 1594 2296 illam
1606 2288 1614 2302 ,
1640 2262 1765 2305 quaein
1788 2261 1987 2304 cogitatione
2001 2264 2035 2294 et
2051 2262 2178 2296 ratione
2197 2272 2259 2306 po-

1204 2319 1268 2352 sita
1280 2322 1342 2359 est,
1357 2319 1432 2353 dico
1447 2320 1534 2362 (alio
1548 2320 1636 2353 enim
1649 2319 1748 2352 modo
1767 2327 1802 2351 se
1817 2318 1891 2351 baec
1903 2318 2003 2351 habet
2015 2322 2037 2357 l,
2050 2318 2109 2352 sed
2122 2328 2200 2361 quae
2215 2316 2260 2350 ad

1203 2389 1313 2414 mores
1330 2372 1474 2424 pertinet
1496 2391 1505 2413 ι
1528 2381 1602 2413 haec
1625 2379 1760 2413 enimin
1776 2377 2082 2421 perturbationibus
2103 2380 2204 2419 atque
2220 2386 2259 2409 a-

1203 2437 1370 2471 ctionibus
1388 2439 1554 2479 versatur,
1575 2445 1653 2480 quae
1674 2439 1747 2469 tum
1773 2435 1885 2477 plures
1911 2437 1946 2468 et
1974 2435 2126 2476 maiores,
2156 2442 2259 2474 quam

1203 2505 1256 2528 res
1271 2495 1449 2536 desiderat,
1462 2498 1536 2528 tum
1548 2493 1721 2537 pauciores
1736 2502 1808 2526 esse
1818 2493 1969 2535 possunt.
1985 2490 2150 2529 Quocirca
2165 2487 2262 2519 ctiam

1203 2552 1363 2585 decorum
1393 2552 1429 2584 in
1456 2551 1497 2584 iis
1513 2551 1732 2588 collocamus,
1765 2549 1829 2581 hoc
1848 2549 1918 2587 est,
1946 2546 2088 2590 aequale.
2107 2547 2260 2588 Namque

1203 2610 1236 2640 et
1256 2610 1373 2643 timere
1393 2610 1427 2641 et
1446 2607 1566 2647 fidere,
1588 2604 1819 2648 concupiscere
1839 2605 1874 2636 et
1885 2601 1995 2636 odisse
2006 2627 2014 2643 ,
2029 2601 2127 2634 irasci
2146 2603 2180 2634 et
2193 2600 2259 2633 ini-

1203 2665 1317 2706 sereri‚
1351 2664 1494 2706 denique
1521 2662 1665 2706 gaudere
1692 2663 1726 2694 et
1749 2660 1862 2694 dolere
1886 2661 1996 2703 potest
2026 2658 2258 2701 unusquisque

1202 2721 1343 2755 nimium
1361 2722 1396 2754 et
1427 2728 1547 2763 parum
1559 2745 1567 2758 ,
1587 2719 1688 2761 atque
1704 2718 1890 2759 utrumque
1914 2724 1981 2748 non
1998 2716 2099 2748 recte.
2119 2716 2162 2747 At
2179 2722 2258 2747 vero

1202 2787 1270 2823 quo
1298 2780 1448 2821 tempore
1473 2778 1508 2810 et
1523 2774 1691 2819 quomodo
1716 2775 1751 2807 et
1779 2775 1916 2816 propter
1935 2781 2039 2815 quam
2067 2779 2201 2804 causam
2223 2771 2258 2804 et

1201 2834 1325 2878 quibus
1338 2837 1371 2868 et
1387 2834 1484 2876 cujus
1505 2831 1554 2866 rei
1566 2831 1673 2874 gratia
1690 2831 1822 2873 oportet
1835 2829 1889 2862 his
1907 2828 2061 2862 omnibus
2080 2825 2259 2861 affectibus

1201 2889 1414 2929 commoveri,
1434 2888 1471 2922 id
1487 2897 1566 2922 sane
1587 2889 1622 2921 et
1644 2886 1793 2920 medium
1811 2887 1864 2918 est
1879 2886 1914 2918 et
1929 2883 2113 2927 optimum,
2136 2882 2171 2916 in
2187 2891 2257 2925 quo

1202 2949 1312 2982 virtus
1321 2946 1480 2981 wnsIstit.
1494 2944 1620 2979 Eadem
1631 2944 1732 2978 etiam
1745 2945 1831 2976 rano
1841 2944 1893 2976 est
1909 2941 2094 2975 facinorum
2110 2949 2186 2973 cum
2199 2935 2258 2972 ali-

1200 3015 1268 3048 qua
1278 3003 1531 3048 perturbatione
1542 3002 1719 3041 factorum
1735 3010 1811 3034 nam
1826 3000 1860 3033 in
1879 2999 1930 3032 his
1949 3007 2084 3042 quoque
2098 2997 2250 3035 nimium,

1201 3073 1332 3107 parum,
1348 3061 1495 3096 medium
1511 3059 1686 3104 reperitur.
1702 3057 1867 3097 Quoniam
1883 3065 1960 3099 ergo
1978 3056 2013 3089 in
2029 3054 2255 3098 perturbatio-

1201 3122 1298 3156 nibus
1315 3123 1348 3154 et
1367 3118 1553 3153 actionibus
1575 3118 1730 3151 versatur
1752 3115 1880 3152 virtus,
1908 3112 1943 3146 id
1966 3121 2046 3145 vero
2073 3111 2163 3154 quod
2182 3120 2255 3144 me-

1202 3180 1297 3213 dium
1312 3178 1347 3211 in
1367 3173 1672 3220 perturbationibus
1688 3174 1722 3206 et
1744 3169 1931 3204 actionibus
1949 3170 2018 3207 est,
2048 3169 2177 3200 rectum
2191 3177 2253 3200 vo-

1199 3239 1295 3270 catur
1315 3237 1350 3269 et
1367 3232 1498 3268 laudari
1527 3231 1634 3270 solet,
1657 3239 1734 3274 quae
1759 3228 1858 3262 ambo
1884 3226 2002 3260 virtuti
2030 3225 2249 3261 conveniunt,

1198 3293 1338 3335 apparet
1357 3298 1420 3324 nec
1433 3288 1575 3323 nimium
1597 3295 1659 3320 nec
1676 3294 1796 3330 parum
1815 3292 1888 3318 esse
1902 3282 2081 3320 virtutem,
2103 3279 2162 3313 sed
2178 3286 2252 3312 me-

1197 3349 1418 3388 diocritatem,
1438 3354 1517 3390 quae
1531 3344 1682 3379 medium
1697 3351 1827 3386 semper
1843 3338 1988 3384 respicit.

1678 3407 2242 3428 ..-..-.----—--——-
