2508 3776
321 224 402 264 290

315 381 397 406 aevo
417 376 454 404 et
470 368 629 406 occidua
645 378 835 407 senectute
865 384 874 407 :
897 379 1038 422 tamen,
1053 375 1087 412 si
1104 375 1274 424 videtur,
1289 389 1352 415 ac-

315 425 434 475 cipiat
470 425 687 463 doctrinam
731 440 854 466 seram
889 431 1004 480 plane
1038 441 1076 471 et
1117 442 1348 484 postumam.

313 481 430 532 Legat
447 491 621 522 veterum
641 484 965 537 philosophorum
988 501 1249 540 monumenta,
1272 502 1351 531 tan-

312 541 396 578 dem
417 550 460 579 ut
485 541 697 593 intelligat,
720 557 799 582 non
818 558 879 584 me
906 547 1075 598 primum
1095 550 1178 588 haec
1213 557 1348 602 requi-

311 600 419 648 sisse,
438 600 503 638 sed
520 600 599 652 jam
618 602 770 653 pridem
787 603 955 655 majores
972 620 1091 658 meos,
1107 611 1350 649 Aristotelem

309 659 399 698 dico
416 668 454 697 et
475 660 788 712 Theophrastum
806 672 846 701 et
864 667 1073 705 Eudemum
1093 676 1131 706 et
1150 669 1344 719 Lyconem

310 727 544 769 caeterosque
566 720 739 759 Platonis
766 721 936 762 minores
961 737 969 761 :
992 725 1060 776 qui
1089 726 1281 777 plurimos
1300 728 1350 766 li-

308 777 401 816 bros
420 777 468 815 de
494 779 624 828 genitu
659 780 887 819 animalium
923 782 1051 834 deque
1080 785 1188 824 victu
1221 786 1347 836 deque

308 838 507 889 particulis
542 839 666 890 deque
693 841 800 878 omni
837 841 1059 883 differentia
1088 845 1345 895 reliquerunt.

307 896 423 947 Bene,
447 897 552 948 quod
575 898 678 948 apud
700 907 750 948 te,
773 899 950 949 Maxime,
971 915 1086 941 causa
1110 903 1251 953 agitur,
1278 903 1347 954 qui

306 969 379 1007 pro
412 964 475 994 tua
501 957 716 996 eruditione
755 958 880 1008 legisti
911 961 1085 1011 profecto
1127 962 1349 1001 Aristotelis

267 1023 273 1029 “
305 1015 385 1067 περὶ
405 1014 502 1068 ζῴων
517 1015 694 1066 γενέσεως,
709 1016 788 1069 περὶ
808 1016 905 1069 ζῴων
928 1019 1119 1071 ἀνατομῆς,
1143 1019 1223 1072 περὶ
1251 1019 1347 1073 ζῴων

304 1074 458 1126 ἱστορίας
473 1074 678 1126 multijuga
688 1076 1095 1130 volumina,praeterea
1103 1079 1348 1132 problemata

305 1132 512 1170 innumera
536 1133 707 1182 ejusdem
728 1163 738 1181 ‚
761 1143 840 1173 tum
875 1148 924 1173 ex
945 1137 1079 1175 eadem
1110 1147 1213 1176 secta
1233 1146 1347 1176 caete-

305 1204 454 1238 rorum,
473 1191 516 1229 in
535 1191 678 1242 quibus
699 1192 738 1230 id
761 1206 883 1243 genus
905 1195 1014 1233 varia
1032 1204 1264 1235 tractantur.

359 1249 574 1301 (Apulejus
590 1250 638 1288 de
658 1252 785 1301 magia
801 1261 901 1292 orat.
925 1267 1011 1306 cap.
1034 1255 1118 1306 36.)

357 1321 424 1348 120.
447 1309 492 1347 Οἱ
512 1310 704 1353 πελεκᾶνες
725 1312 759 1350 ἓν
780 1316 850 1354 τοῖς
879 1315 1051 1363 ποταμοῖς
1082 1312 1217 1364 κόγχας
1245 1327 1345 1364 περι-

302 1366 479 1420 χαίνοντες
500 1361 574 1405 εἶτα
594 1368 857 1407 καταπίνουσιν.
914 1369 1041 1409 Ἔνδον
1062 1370 1097 1409 δὲ
1114 1370 1174 1408 καὶ
1190 1372 1223 1408 ἐν
1241 1372 1344 1421 μυχῷ

302 1430 363 1474 τῆς
375 1425 522 1478 γαστρὸς
531 1426 791 1479 ὑποθάλψαντες
805 1430 967 1479 ἀνιμῶσι·
980 1433 996 1452 ⁸
1011 1429 1070 1467 καὶ
1082 1429 1126 1467 τὰ
1140 1429 1203 1480 μὲν
1222 1427 1346 1480 ὀστρά-

301 1501 362 1524 κια
382 1488 421 1524 ἐκ
451 1487 512 1531 τῆς
541 1484 645 1528 ἀλέας
670 1485 786 1533 διέστη
814 1488 991 1540 ὡσπεροῒὶν
1011 1492 1079 1527 τῶν
1095 1490 1225 1542 ἑφθῶν·
1244 1490 1277 1526 οἱ
1308 1484 1344 1523 δὲ

301 1544 518 1597 ἐξορύττουσι
539 1544 583 1582 τὰ
603 1545 689 1596 κρέα
722 1545 781 1583 καὶ
809 1545 927 1598 ἔχουσι
951 1548 1101 1587 δεῖπνον.
1160 1547 1233 1587 Καὶ
1258 1544 1344 1598 μέν·

299 1619 352 1642 τοι
369 1603 428 1641 καὶ
448 1604 479 1640 οἱ
494 1602 608 1655 λάροι,
631 1604 677 1646 ὥς
699 1602 859 1653 Εὕδημός
880 1619 988 1658 φησι,
1007 1606 1086 1651 τοὺς
1108 1605 1253 1659 κοχλίας
1281 1624 1343 1659 με-

300 1661 518 1716 τεωρίζονῆες
535 1661 595 1699 καὶ
615 1664 701 1714 ὑψοῦ
725 1661 878 1715 αἴροντες
897 1669 973 1708 ταῖς
992 1664 1137 1718 πέτραις
1159 1666 1342 1717 βιαιότατα

299 1719 616 1772 προσαράττουσιν.

354 1779 551 1830 (AElianus
582 1780 630 1817 de
651 1780 879 1819 animalium
906 1789 1043 1819 natura
1064 1781 1135 1822 lib.
1160 1781 1229 1830 ΙΙΙ,
1254 1797 1340 1836 cap.

305 1852 368 1877 20.
399 1838 490 1890 Περὶ
509 1837 705 1876 πελεκάνων
720 1838 779 1877 καὶ
789 1839 920 1891 λάρων.
937 1840 1080 1891 Scripsi
1097 1855 1105 1878 :
1127 1847 1144 1863 ‘²
1164 1843 1339 1894 ἀνιμῶσι]

303 1897 414 1935 codd.
435 1898 630 1947 ἀνιμοῦσιν.
657 1919 711 1927 --
725 1895 742 1921 ¹²
762 1898 1067 1951 προσαράττουσι]
1094 1899 1205 1940 codd.
1228 1915 1342 1953 προσ-

302 1955 529 2010 αρώττουσιν.
541 1956 554 2006 )

355 2028 419 2054 121.
435 2013 540 2065 Λέγει
571 2012 737 2064 Εὔδημος
757 2014 792 2052 ἐν
817 2015 995 2069 Παγγαίῳ
1023 2016 1074 2069 τῷ
1094 2015 1242 2069 Θρακίῳ
1261 2018 1339 2056 κοί-

299 2090 343 2126 τῃ
357 2073 492 2116 λέοντος
507 2071 625 2125 ἐρήμῳ
644 2075 802 2125 φυλακῆς
818 2075 968 2113 ἐπιστᾶσ
979 2090 1017 2113 αν
1033 2074 1158 2126 ἄρκτον
1170 2075 1344 2126 σκύμνους

300 2136 360 2171 τοῦ
380 2130 516 2175 λέοντος
542 2131 736 2184 διαφθεῖραι
757 2131 814 2171 διὰ
843 2133 882 2171 τὸ
917 2133 1060 2186 μικροὺς
1077 2126 1166 2172 εἶναι
1203 2133 1254 2172 ἔτι
1279 2135 1340 2173 καὶ

302 2190 432 2242 ἀμῦναί
452 2206 568 2244 σφισιν
586 2191 786 2236 ἀδυνάτους.
848 2191 950 2231 Ἐπεὶ
974 2192 1010 2231 δὲ
1031 2192 1177 2244 ἀφίκετο
1191 2192 1232 2232 ἔκ
1254 2208 1343 2238 τινος

303 2250 410 2302 ἄγρας
431 2251 450 2288 ὅ
464 2265 501 2287 τε
520 2249 637 2303 πατὴρ
657 2248 716 2288 καὶ
735 2254 758 2298 ἡ
785 2249 902 2304 μήτηρ
921 2280 932 2298 ,
955 2250 1016 2290 καὶ
1033 2245 1122 2290 ε’ῗδον
1151 2251 1229 2297 τοὺς
1256 2254 1342 2290 παῖ-

301 2398 469 2437 AEmilius,
485 2398 642 2440 quoniam
660 2407 766 2441 usque
783 2398 864 2431 adeo
880 2398 980 2431 rebus
996 2398 1080 2431 meis
1093 2400 1198 2432 curat.
1220 2400 1346 2438 Quam-

305 2466 405 2500 quam
423 2459 473 2490 est
495 2458 563 2499 jam
584 2457 748 2499 praecipiti
763 2466 835 2491 aevo
859 2459 892 2490 et
910 2457 1047 2490 occidua
1066 2459 1235 2491 senectute
1263 2469 1270 2491 :
1292 2460 1342 2491 ta*

302 2525 395 2555 men,
426 2516 454 2548 si
484 2516 625 2555 videtur,
656 2516 794 2559 accipiat
831 2516 1015 2550 doctrinam
1047 2526 1154 2550 seram
1177 2518 1274 2561 plane
1313 2519 1347 2551 et

302 2575 499 2615 postumam.
524 2576 623 2616 Legat
641 2576 793 2608 veterum
818 2575 1090 2618 philosophorum
1114 2578 1343 2615 monumenta,

304 2632 436 2665 tandem
468 2635 505 2665 ut
528 2632 705 2675 intelligat,
726 2644 790 2667 non
807 2644 861 2668 me
890 2635 1034 2677 primum
1058 2635 1132 2668 haec
1149 2636 1344 2678 requisisse,

305 2692 364 2725 sed
395 2693 462 2734 jam
497 2692 624 2733 pridem
658 2694 799 2735 majores
825 2703 932 2733 meos,
962 2694 1172 2727 Aristotelem
1211 2694 1286 2727 dico
1314 2695 1347 2727 et

303 2751 565 2793 Theophrastum
597 2753 631 2784 et
656 2753 855 2786 Eudemum
888 2755 922 2786 et
950 2754 1114 2795 Lyconem
1143 2755 1347 2795 caeterosque

303 2809 450 2842 Platonis
466 2809 608 2843 minores
628 2821 635 2841 ι
655 2811 713 2852 qui
735 2811 894 2852 plurimos
911 2811 1014 2845 libros
1029 2811 1070 2844 de
1089 2812 1201 2853 genitu
1220 2812 1346 2844 anima-

302 2868 387 2901 lium
402 2868 510 2910 deque
526 2867 618 2901 victu
640 2868 747 2911 deque
762 2870 933 2911 particulis
956 2871 1064 2913 deque
1079 2870 1169 2903 omni
1188 2869 1347 2904 differen-

303 2927 351 2960 tia
371 2927 585 2968 reliquemnt.
619 2929 720 2966 Bene,
751 2928 841 2970 quod
864 2929 952 2971 apud
972 2931 1026 2968 te,
1055 2929 1215 2968 Maxime,
1248 2938 1347 2961 eausa

304 2985 423 3028 agitur,
451 2985 510 3027 qui
536 2994 596 3027 pro
618 2987 676 3018 tua
699 2986 881 3020 eruditione
899 2987 1008 3029 legisti
1026 2988 1170 3030 profecto
1190 2987 1346 3020 Aristote-

303 3045 345 3077 lis
368 3045 437 3086 περὶ
464 3045 551 3086 ζῴων
572 3045 739 3085 γενέσεως,
767 3047 836 3087 περὶ
854 3046 943 3087 ζῴων
970 3048 1150 3088 ἀνατομῆς,
1166 3048 1238 3090 περὶ
1259 3047 1346 3088 ζῴων

305 3103 446 3145 ἱστορίας
462 3102 636 3144 multijuga
651 3102 833 3142 volumina,
854 3106 1012 3145 praeterea
1030 3106 1232 3147 problemata
1244 3105 1346 3141 innu-

304 3170 395 3194 mera
408 3160 555 3203 ejusdem
565 3187 572 3199 ,
596 3162 670 3193 tum
686 3170 726 3193 ex
742 3161 856 3194 eadem
877 3165 966 3196 secta
984 3166 1179 3197 caeterorum
1192 3190 1199 3203 ,
1218 3163 1252 3196 iri
1267 3163 1345 3206 qui-

306 3221 370 3253 bus
384 3219 420 3253 id
439 3229 542 3262 genus
563 3220 655 3253 vmia
675 3222 869 3254 trac-tantur.
890 3222 1059 3264 (Apulejus
1074 3223 1116 3256 de
1132 3223 1239 3266 magia
1260 3225 1343 3256 orat.

306 3288 377 3322 cap.
390 3276 471 3319 36.)-

349 3342 418 3371 120.
441 3337 592 3371 Pelecani
616 3337 831 3371 fluviatilibus
852 3338 984 3371 conchis
1009 3348 1044 3372 se
1066 3340 1248 3382 complent,
1274 3349 1346 3373 eas-

305 3406 371 3439 que
388 3406 491 3439 quum
509 3395 670 3429 stomachi
691 3395 798 3428 calore
814 3393 1032 3435 concoxerim,
1050 3400 1224 3436 evomunt,
1246 3400 1345 3439 atque

313 3455 406 3487 testis
414 3456 483 3498 jam
507 3455 574 3488 alvi
596 3454 703 3488 calore
723 3454 886 3493 diductis,
903 3454 1027 3496 eligunt
1046 3464 1087 3489 ex
1105 3456 1158 3488 his
1173 3465 1248 3497 quae
1267 3458 1344 3488 sunt

990 227 1190 270 EUDEMI
1219 229 1400 272 RHODll
1430 233 1784 274 PERIPATETICI

316 310 389 348 bus
421 310 515 348 meis
541 318 660 349 curat.
687 310 929 362 Quamquam
961 322 1019 352 est
1046 315 1126 364 jam
1158 318 1348 370 praecipiti
1414 320 1474 364 δας
1493 321 1527 358 ἐν
1547 325 1617 364 τοῖς
1631 313 1824 373 φόνοις,οῗα
1838 319 1928 365 εἰκὸς
1939 320 2069 374 ἤλγουν
2084 322 2143 362 καὶ
2162 322 2220 362 ἐπὶ
2238 321 2302 371 τὴν
2319 323 2446 377 ἄρκτον
2484 334 2490 362 ’.

1412 378 1516 420 ἵεντο.
1574 378 1618 418 Ἢ
1637 377 1682 429 ξδὲ
1704 377 1848 418 δείσασα
1867 378 1914 424 εἴς
1932 395 1966 418 τι
1996 380 2131 434 δένδρον
2154 376 2179 434 ᾗ
2209 383 2325 422 ποδῶν
2355 376 2446 437 εἶχεν
2492 391 2498 403 ⁵

1412 436 1524 476 ἀνέθει
1543 436 1603 475 καὶ
1621 440 1791 489 καθῆστο,
1817 436 1878 484 τὴν
1895 436 2084 486 ἐπιδουλὴν
2105 438 2168 488 τὴν
2180 439 2215 485 ἐξ
2236 439 2380 481 ἐκείνων
2389 442 2445 481 lx·
2501 458 2508 490 ς

1410 495 1526 533 κλῖναι
1546 495 1762 547 πειρωμένη.
1817 494 1880 540 Ὡς
1908 495 1943 534 δὲ
1978 496 2138 550 ἐδόκουν,
2171 497 2272 538 ἕνεκα
2303 502 2364 539 τοῦ
2395 515 2446 548 πη
2505 507 2508 509 ’

1409 552 1704 605 τιμωρήσασθαι·
1735 553 1793 594 τὸν
1818 556 1981 606 λυμεῶνα
2006 553 2104 602 ἥκειν
2135 556 2246 608 δεῦρο,
2264 557 2445 605 {rumai}
2504 595 2508 599 .

1411 608 1474 660 μὲν
1494 610 1615 651 λέαινα
1633 613 1671 652 οὗ
1688 611 1868 659 λείπειτὴν
1887 612 2148 665 φυλακήν,ἀλλ’
2161 612 2448 670 ὕπὸτῷπρήινῳ

1410 671 1563 716 καθῆστο
1587 672 1768 724 ἐλλοχῶσα
1788 670 1849 711 καὶ
1867 671 2019 725 ὕφαιμον
2050 671 2123 711 ἅνω
2152 671 2348 724 βλέπουσι·
2373 673 2448 715 ‚1:‘0

1411 726 1446 765 δὲ
1465 726 1571 776 λέων,
1598 722 1653 768 οἶα
1674 730 1853 781 ἀδημονῶν
1874 730 1936 769 καὶ
1964 728 2078 769 ἀλύων
2099 730 2167 769 ὕπὸ
2185 733 2247 769 τοῦ
2281 730 2449 784 ὄχους-ὥς

1410 787 1600 840 ἄνθρωπος,
1622 782 1695 827 εἶτα
1713 790 1747 827 ἐν
1761 790 1829 832 τοῖς
1847 787 1959 841 ὄρεσιν
1979 789 2112 836 ἣλᾶτοῦ
2129 787 2191 827 καὶ
2209 788 2308 842 ἀνδρὶ
2322 791 2449 844 ὑλουρ-

1409 848 1460 899 γῷ
1481 847 1740 899 περιτυγχάνει.
1801 846 1845 887 ‘0
1861 847 1896 885 δὲ
1918 846 2028 886 ἔδεισε
2047 847 2107 886 καὶ
2124 846 2248 900 ἀφίησι
2266 847 2325 887 τὸν
2343 847 2449 888 πέλε-

1407 919 1484 945 κυν.
1544 907 1596 945 Τὸ
1613 906 1649 944 δὲ
1669 905 1784 959 θηρίον
1804 909 1823 946 ὁ
1848 906 1936 946 λέων
1953 906 2067 946 ἔσαινέ
2084 922 2122 945 τε
2139 906 2201 946 καὶ
2222 907 2348 947 ἑαυτὸν
2365 909 2449 947 ἀνα-

1408 964 1521 1007 τείνας
1536 964 1724 1011 ἠσπάζετο,
1742 966 1788 1008 ὡς
1801 959 1868 1008 οἷός
1881 978 1920 1002 τε
1932 959 1988 1012 ἦν,
2005 963 2065 1002 καὶ
2081 966 2125 1016 τῇ
2133 963 2273 1017 ’γλώττῃ
2286 963 2326 1004 τὸ
2335 964 2443 1018 πρόσ·

1410 1037 1504 1060 ωπον
1524 1022 1723 1074 ἐφαίδρυνεν
1752 1024 1857 1073 αὐτῷ·
1890 1022 1949 1061 καὶ
1978 1023 2105 1067 ἐκεῖνος
2132 1022 2406 1074 ἐπεθοίρσησεν·“’
2425 1022 2448 1064 ὅ

1407 1094 1444 1118 τε
1475 1077 1566 1118 λέων
1589 1078 1790 1131 περιὸαλών
1828 1079 1859 1117 οἱ
1879 1078 1942 1125 τὴν
1974 1077 2080 1131 οὐρὰν
2113 1073 2198 1130 ἦγεν
2229 1077 2349 1127 αὐτόν,
2380 1078 2442 1118 καὶ

1409 1138 1552 1191 ἀφιέντα
1577 1138 1634 1176 τὸν
1653 1136 1800 1176 πέλεκυν
1822 1139 1885 1175 οὐκ
1904 1135 1958 1175 εἴα
1969 1165 1981 1187 ,
2004 1135 2082 1176 ἀλλ’
2105 1135 2275 1187 ἐσήμαινε
2292 1134 2344 1189 τῷ
2361 1135 2444 1175 ποδὶ

1409 1196 1605 1236 ἀνελέσθαι.
1665 1194 1731 1239 εΩς
1751 1195 1786 1234 δὲ
1818 1196 1856 1234 οὗ
1873 1193 1996 1247 συνίει,
2015 1194 2072 1234 ὅδε
2090 1193 2107 1218 ‘¹
2123 1197 2173 1248 τῷ
2192 1194 2342 1246 στόματι
2361 1194 2446 1234 ἐλά-

1410 1254 1490 1293 ὅετο
1508 1255 1567 1293 καὶ
1590 1253 1716 1306 ὤρεξέν
1736 1255 1782 1302 οἵ,
1804 1253 1864 1292 καὶ
1890 1252 2005 1291 εἵπετο
2026 1253 2165 1301 ἐκεῖνος,
2187 1250 2264 1304 ἄγει
2281 1266 2319 1291 τι
2343 1250 2446 1291 αὔτὸν

1407 1312 1465 1351 ἐπὶ
1480 1312 1518 1351 τὸ
1532 1311 1665 1351 αὔλιον.
1721 1311 1794 1352 Καὶ
1814 1314 1836 1358 ἡ
1853 1310 1974 1350 λέαινα
1991 1305 2076 1360 εἶδε,
2104 1309 2165 1349 καὶ
2186 1309 2274 1357 αὐτὴ
2295 1310 2443 1362 προσελ-

1407 1375 1512 1410 θοῦσα
1532 1370 1759 1421 ἐπεσήμαινε,
1777 1369 1837 1408 καὶ
1874 1368 1968 1422 ἑώρα
1991 1367 2140 1421 οἰκτρόν,
2170 1366 2230 1406 καὶ
2255 1366 2445 1408 αἰνέὸλεπεν

1407 1431 1454 1473 εἷς
1472 1429 1535 1476 τὴν
1553 1429 1694 1482 ἄρκτον.
1753 1426 1908 1468 Συνιδὼν
1925 1420 1982 1466 οῧν
1997 1428 2016 1465 ὃ
2033 1426 2210 1479 ἄνθρωπος
2227 1425 2288 1466 καὶ
2302 1425 2447 1477 συμὸα·

1408 1487 1478 1527 λὼν
1498 1487 1687 1534 ἠδικῆσθαί
1705 1503 1740 1525 τι
1754 1486 1894 1530 τούτους
1909 1485 1943 1531 ἐξ
1964 1483 2106 1533 ἐκείνης,
2122 1486 2169 1528 ὣς
2181 1477 2255 1536 εἶχε
2275 1483 2395 1538 ῥώμης
2409 1499 2446 1524 τε

1406 1547 1467 1586 καὶ
1476 1548 1604 1598 χειρῶν
1620 1545 1758 1598 ἐξέκοψε
1771 1544 1809 1583 τὸ
1827 1544 1977 1597 δένδρον.

1407 1608 1428 1652 ἡ
1447 1605 1482 1643 δὲ
1502 1604 1712 1657 κατηνέχθη,
1733 1603 1793 1642 καὶ
1810 1602 2042 1641 διεσπάσαντο
2065 1602 2097 1640 οῖ
2117 1604 2217 1653 θῆρες
2235 1600 2345 1650 οιῦτήν
2357 1615 2366 1626 ·
2386 1601 2445 1641 τόν

1407 1680 1446 1703 τε
1467 1663 1650 1718 ἄνθρωπον
1669 1667 1686 1703 ὁ
1705 1662 1794 1702 λέων
1811 1663 1928 1710 ἀπαθῆ
1941 1677 1979 1700 τε
1995 1660 2055 1701 καὶ
2069 1662 2172 1709 ἀσινῆ
2189 1659 2297 1700 πάλιν
2319 1660 2448 1708 ἐπανή-

1406 1739 1511 1776 γαγεν
1526 1723 1573 1767 εἷς
1592 1723 1650 1761 τὸν
1669 1724 1796 1775 χῶρον,
1817 1715 1856 1759 οἷ
1877 1720 2044 1773 πρότερον
2070 1721 2230 1772 ἐνέτυχεν
2249 1720 2360 1773 αὐτῷ,
2386 1717 2447 1758 καὶ

1407 1782 1566 1821 ἀπέδωκε
1584 1785 1626 1834 τῇ
1648 1780 1681 1826 ἐξ
1702 1780 1815 1834 ἀρχῆς
1833 1778 2017 1832 ὓλοτομίᾳ.

1458 1840 1656 1892 (AElianus
1677 1840 1724 1878 de
1751 1839 1978 1877 animalium
1997 1846 2137 1877 natura
2164 1836 2235 1876 lib.
2257 1836 2330 1885 111,
2356 1849 2442 1890 cap.

1407 1914 1453 1939 21
1479 1899 1560 1951 περὶ
1586 1898 1722 1942 λέοντος
1750 1898 1811 1936 καὶ
1827 1897 1954 1950 ἄρκτου
1974 1895 2036 1935 καὶ
2060 1898 2241 1949 ὓλουργοῢ.
2263 1895 2413 1948 Scripsi
2432 1909 2441 1934 t
2480 1949 2481 1953 Ἰ

1404 1962 1419 1980 ⁸
1438 1957 1596 2006 ἐδόκουν,
1634 1956 1734 1996 ἕνεκα
1765 1959 1826 1995 τοῦ
1846 1972 1896 2004 πη
1921 1953 2206 2008 τιμωρήσασθαι]
2233 1954 2346 1993 codd.
2365 1953 2444 1993 336-

1404 2032 1485 2056 κουν
1504 2020 1563 2055 τοῦ
1580 2032 1628 2063 πη
1656 2015 1938 2068 τιμωρήσασθαι.
1973 2014 2050 2044 —¹²
2070 2013 2206 2064 ἠλᾶτο]
2227 2025 2314 2052 cum
2346 2011 2442 2050 Ges-

1405 2089 1500 2114 nero
1516 2090 1528 2124 ;
1554 2075 1664 2113 codd.
1684 2073 1827 2121 ἥλαντο.
1859 2094 1913 2103 —
1930 2091 1947 2111 ο
1968 2071 2229 2125 ἐπεθᾶρσησιν]
2248 2069 2344 2111 libri
2360 2070 2444 2111 ὓπε-

1405 2134 1591 2187 θοίρσησεν.
1614 2154 1667 2163 -
1682 2132 1700 2156 d
1724 2132 1808 2184 ὅδε]
1829 2132 1923 2171 libri
1940 2134 1959 2170 ὃ
1978 2130 2030 2171 δὲ.
2047 2129 2123 2184 —·)

1461 2206 1526 2233 122.
1543 2191 1648 2244 Λέγει
1666 2191 1831 2243 Εὔδημος
1843 2190 1953 2230 ἵππου
1975 2189 2054 2234 νέας
2072 2187 2134 2229 καὶ
2150 2189 2219 2228 τῶν
2241 2187 2442 2239 νεμομένων

1404 2254 1467 2299 τ’ῆς
1491 2251 1634 2304 ἀρίστης
1649 2253 1836 2302 ἐρασθῆναι
1856 2249 1914 2288 τὸν
1940 2247 2153 2300 ἱπποκόμον,
2172 2247 2352 2303 ὣσπεροῧν
2375 2261 2442 2304 κα-

2035 1542 2108 1584 Koa
2117 1542 2156 1582 τὸ
2169 1542 2232 1594 μὲν
2248 1541 2442 1596 ἀνετράπη,

1405 2398 1582 2432 esculenta.
1599 2398 1687 2436 Quin
1708 2397 1808 2430 etiam
1832 2396 1956 2438 gaviae,
1977 2396 2016 2427 ut
2030 2393 2200 2427 Eudemus
2222 2392 2352 2431 scribIt,
2382 2401 2442 2425 su·
2504 2391 2508 2398 “

1405 2457 1522 2490 blimes
1536 2455 1686 2488 cochleas
1701 2454 1842 2496 rapiunt,
1857 2455 1957 2495 atque
1969 2452 2011 2486 ab
2027 2452 2095 2486 alto
2108 2451 2253 2494 deiectas
2271 2449 2444 2485 violentis-

1407 2515 1489 2548 sime
1506 2514 1550 2547 ad
1569 2523 1648 2547 saxa
1669 2512 1820 2546 allidunt.
1845 2514 1918 2551 Quo
1935 2511 1992 2552 fit,
2018 2511 2058 2544 ut
2074 2509 2212 2544 remotis
2233 2507 2331 2544 testis
2348 2515 2445 2542 escu-
2506 2543 2508 2545 .

1405 2574 1494 2607 lenta
1506 2572 1637 2614 eligant.

1448 2636 1517 2665 121.
1540 2633 1579 2664 In
1598 2633 1755 2672 Pangaeo,
1771 2629 1918 2662 Thraciae
1930 2629 2057 2668 monte,
2076 2626 2314 2662 Eudemusait
2329 2634 2443 2672 ursam
2504 2644 2508 2651 =

1405 2690 1508 2724 leonis
1523 2689 1625 2723 cubili
1641 2699 1660 2722 a
1676 2687 1902 2721 defensoribus
1917 2695 2023 2720 vacuo
2039 2685 2241 2724 adstantem,
2267 2685 2367 2727 hujus
2387 2693 2443 2717 ca-
2502 2680 2508 2724 ξ

1405 2750 1492 2782 tulos
1516 2749 1575 2792 qui
1593 2758 1652 2791 per
1677 2749 1810 2781 aetatem
1827 2756 1862 2780 se
1885 2745 2032 2779 nondum
2057 2744 2318 2786 tueripossent,
2339 2743 2443 2776 inter-
2504 2758 2508 2759 ν

1405 2808 1533 2842 fecisse.
1550 2810 1628 2841 Mox
1651 2807 1804 2850 parentes
1821 2812 1932 2848 vquum
1949 2802 2101 2838 alicunde
2127 2811 2169 2836 ex
2187 2803 2311 2836 venatu
2327 2809 2442 2835 rever·
2505 2835 2508 2838 ,

1406 2869 1525 2901 tissent
1550 2875 1717 2909 caesosque
1733 2865 1894 2899 vidissent
1913 2863 2056 2902 catulos,
2075 2860 2307 2899 acerbissimo,
2326 2861 2366 2893 ut
2381 2869 2442 2902 par

1405 2929 1493 2966 erat,
1510 2926 1623 2959 dolore
1644 2924 1783 2958 affectos
1802 2932 1912 2956 ursam
1937 2922 2103 2955 insecutos
2122 2929 2203 2954 esse.
2222 2921 2316 2953 Hanc
2330 2919 2442 2952 numm

1404 2987 1497 3019 metu
1525 2983 1751 3028 perterritam,
1782 2983 1958 3024 postquam
1976 2979 2122 3021 aufugit,
2144 2978 2178 3012 in
2195 2977 2347 3012 arborem
2369 2986 2442 3011 eva-

1405 3044 1504 3083 sisse,
1534 3043 1647 3086 ibique
1677 3043 1716 3075 ut
1748 3040 1881 3073 illorum
1918 3037 2054 3071 insidias
2089 3036 2211 3070 vitaret
2244 3033 2439 3068 consedisse.
2464 3028 2468 3030 ’

1405 3105 1516 3142 Quum
1541 3111 1620 3135 vero
1644 3099 1898 3142 suspicarentur,
1926 3097 2120 3138 lignatorem
2143 3092 2385 3138 quodammodo
2407 3091 2442 3124 in

1404 3161 1562 3194 ultionem
1582 3159 1681 3193 caedis
1699 3158 1835 3201 jamjam
1863 3155 1986 3194 affore,
2014 3154 2151 3188 leaenam
2177 3152 2312 3196 quidem
2335 3149 2442 3184 eonti-

1404 3221 1519 3253 nenter
1540 3219 1582 3252 ad
1600 3217 1726 3252 arboris
1739 3219 1894 3249 truncum
1919 3213 2056 3247 insidias
2077 3212 2320 3255 comparantem
2339 3218 2441 3244 exeu-

1405 3279 1514 3312 buisse
1527 3280 1560 3311 et
1581 3277 1721 3310 sublatis
1746 3275 1865 3313 oculis,
1892 3273 1971 3315 quia
1988 3271 2186 3314 sanguineus
2201 3269 2305 3303 rubor
2319 3267 2350 3302 ei
2368 3267 2440 3301 suf-

1405 3337 1614 3375 fundebatur,
1646 3335 1800 3368 tetricum
1822 3341 1891 3375 prae
1916 3341 1950 3364 se
1975 3331 2091 3363 tulisse
2121 3329 2263 3363 vultum.
2296 3327 2438 3360 Loenem
2492 3358 2508 3382 ·.:

1405 3406 1483 3429 vero
1501 3396 1590 3428 haud
1620 3403 1716 3427 secus
1749 3394 1848 3434 atque
1873 3390 2038 3423 hominem
2069 3388 2181 3421 dolore
2199 3385 2382 3435 cruciatum
2405 3383 2440 3417 in
2502 3386 2508 3407 =²

1404 3455 1570 3488 montibus
1586 3461 1727 3490 errasse,
1747 3450 1826 3483 dum
1843 3447 2070 3481 materialium
2087 3445 2218 3479 fabrum
2234 3442 2437 3491 offendisset,
2458 3458 2463 3469 ι

2488 3498 2506 3514 ὲ..
