2508 3776
77 307 109 360 ξ’.
112 315 285 361 m
295 314 329 353 δ
352 312 422 364 μὲν
456 312 524 366 γὰρ
561 314 666 359 καλὸς
707 315 798 366 μετὰ
833 314 997 368 μεγέθους
1029 314 1104 368 ἔχει
1145 315 1184 354 τὸ

75 367 132 403 ‘s
201 380 243 406 ῖιῑ
277 374 341 426 ,ὁ
371 371 409 412 δὲ
447 375 581 418 ἀστεῖος
617 374 707 425 μετὰ
745 374 996 428 σμικρότητος,
1040 373 1076 419 ὃς
1123 373 1183 413 καὶ

227 403 334 487 ;”τρος
363 433 544 482 καλεῖται,
571 434 674 478 καλὸς
705 434 741 473 δὲ
761 434 942 485 οὐδαμῶς
981 435 999 472 6
1027 434 1070 485 μὲ·
1073 449 1090 472 ν
1125 437 1183 472 οὖν

73 533 74 536 Ἰ
102 502 133 546 μέ
258 491 272 527 ι’
320 506 380 545 χος
411 495 573 538 τοιοῦτος.
615 494 696 533 Τῶν
724 492 760 532 δὲ
795 493 878 546 παρ’
909 493 1058 546 ἑκάτερα
1078 495 1096 532 6
1121 492 1183 544 μὲν

116 546 145 595 'J
205 549 369 605 ’ρὸἄλλων
399 554 544 605 χαῦνος·
575 556 702 605 χαῦνος
736 552 805 604 γάρ
842 554 935 592 ἔστιν
970 556 988 592 6
1021 553 1183 604 μεγάλων

114 600 168 640 7*
199 601 266 649 ἰτὸν
289 608 394 656 ἀξιῶν
417 611 482 649 οὐκ
501 609 635 656 ἄξιος”
611 625 670 649 ων·
691 611 710 650 ὃ
733 609 768 648 δὲ
786 609 876 655 ἄξιος
889 609 986 674 μὲν
965 626 1013 649 ων
1027 613 1182 658 πολλων,

76 672 94 723 7ζ
106 655 305 726 ιςλειόνων
330 670 367 710 δὲ
390 669 494 721 ἀξιῶν
522 668 659 719 ἑαυτόν,
682 670 720 707 οὐ
738 669 853 721 πάντῃ
880 685 1022 721 χαυνος.
1052 669 1188 709 Ἐλλεί-

92 728 287 779 επνδί,
305 719 566 784 ὅμικρόψυχος·
589 728 662 768 ἔστι
681 729 750 782 γὰρ
772 728 987 782 μικρόψυχος
1010 730 1028 766 6
1046 731 1184 768 πολλῶν

75 814 92 840 ‚··
101 783 210 839 «ph
215 786 316 833 {Enoc
333 787 526 827 ἐλαττόνων
554 787 589 826 δὲ
612 787 737 840 κρίνων
752 788 875 827 ἑαυτὸν
898 787 1007 835 ἄξιον,
1028 786 1050 834 ἢ
1072 791 1090 826 ὁ
1107 788 1185 827 ὀλί-

68 844 86 859 ”
183 860 186 862 ’
226 844 320 894 ἄξιος
343 845 398 887 ἔτι
418 846 455 887 δὲ
475 846 670 886 ἐλαττόνων
691 846 795 892 ἀξιῶν
816 847 952 886 ἑαυτόν.
980 845 1126 886 Ἰούτων
1147 846 1183 886 δὲ

52 941 100 953 ,γ
167 896 183 902 .,
253 921 272 944 ν
297 901 371 946 ἔστι
391 906 607 961 μικρόψυχος
624 909 642 945 6
670 907 809 945 πολλῶν
836 904 974 951 ἄξιος*
953 922 1000 944 ων
1025 901 1098 944 εἶτα
1123 910 1186 954 τῆς

59 969 101 1021 ijs-,³
99 963 265 1012 miae
278 963 376 1010 ἀξίας
386 965 436 1016 μὴ
448 964 752 1016 ἐπαισθανόμενος·
770 964 926 1008 ποταπὸς
938 964 1041 1040 γὰρ
1024 981 1064 1002 αν
1081 959 1139 1015 ἧν,
1155 967 1184 1003 εἰ

89 1022 263 1077 ’.ῐῇίγων
293 1023 354 1063 καὶ
373 1024 523 1078 μετρίων
557 1024 648 1069 ἄξιος
679 1019 741 1073 ην;
772 1023 852 1063 Εἰσὶ
886 1023 948 1074 μὲν
969 1018 1028 1063 ουν
1052 1026 1082 1063 οἱ
1102 1023 1186 1078 παρ’

57 1079 95 1120 Ᾰῖι-ἶι
102 1077 309 1150 Qum,
329 1085 348 1123 6
368 1082 432 1136 μὲν
450 1083 703 1137 ὕπερὸάλλων,
723 1086 741 1123 6
761 1082 796 1122 δὲ
819 1083 912 1122 ἐλλε’
902 1099 1005 1122 ιπων.

55 1136 81 1160 ³¹
188 1137 272 1183 *²0
291 1141 328 1183 δὲ
349 1142 594 1196 μεγαλόψυχος
609 1174 618 1191 ,
641 1142 827 1182 καθόσον
848 1143 911 1193 μὲν
943 1142 1024 1196 περὶ
1048 1143 1184 1193 μεγάλα

122 1175 256 1256 ἀφτίν,
282 1201 389 1256 ἄκρος
407 1203 513 1241 δοκεῖ·
532 1201 680 1241 καθόσον
699 1200 736 1240 δὲ
756 1200 812 1240 ἐπὶ
839 1205 898 1239 του”
926 1202 1056 1244 δέοντος
1080 1199 1184 1249 ἔστη-

126 1273 198 1305 ,κεν
216 1258 298 1311 ἀεί,
317 1274 380 1299 και
393 1258 474 1299 ουτε
493 1259 581 1312 υπὲρ
601 1260 642 1299 τὸ
667 1259 742 1298 δέον
775 1261 894 1307 ζητεῖ,
915 1258 993 1298 οὔτε
1022 1259 1120 1312 παρὰ
1140 1260 1181 1298 τὸ

125 1317 236 1366 δέου,
247 1317 314 1357 διὰ
332 1333 439 1358 τουτο
458 1319 564 1371 μέσος
589 1319 699 1359 ἐστίν.

188 1377 357 1430 (Scripsi
380 1393 390 1417 z
412 1382 428 1402 ¹
443 1379 526 1417 ὅταν
546 1401 600 1409 -
618 1378 743 1431 κρίνῃ]
765 1378 853 1419 cod.
875 1378 958 1418 ὅταν
983 1403 1032 1409 --
1056 1378 1181 1433 κρίνει.

125 1432 154 1453 ‘'
198 1435 402 1490 Ι’κιιιθόσον]
423 1439 512 1479 cod.
537 1437 616 1477 καθ’
635 1438 729 1478 ὅσον.
748 1436 825 1489 -)

564 1566 657 1619 Κεφ.
690 1565 733 1604 ε’.

55 1680 57 1682 ·
120 1671 472 1714 ωμιγαλοψυχίας·
499 1671 636 1711 καὶπερὶ
652 1671 724 1703 τίκα
750 1671 1028 1712 ὑμεγαὶὸψυχος,
1046 1672 1099 1703 καὶ
1117 1670 1188 1703 τίνα

54 1719 91 1741 ’·
123 1739 198 1761 -qae
224 1758 226 1761 .
332 1760 336 1764 η
428 1743 438 1749 ,-
505 1718 573 1751 ἴδιά
589 1719 677 1751 ἐστιν
697 1718 809 1751 αὐτοῦ.

185 1811 222 1832 ““
238 1811 343 1855 Ἐπεὶ
361 1809 399 1851 δὲ
410 1827 490 1869 περι
503 1811 547 1852 τὰ
567 1810 633 1857 ἔξω
653 1811 766 1864 ἀγαθὰ
781 1813 800 1850 ὁ
816 1811 1060 1865 μεγαλόψυχός
1077 1815 1182 1863 ἐστιν,

161 1888 180 1915 ν
195 1856 316 1946 παρὰ
316 1873 384 1910 τῶν
403 1870 519 1910 ἄλλων
541 1870 698 1916 ἀξιουται
717 1870 810 1909 κατὰ
823 1871 862 1909 τὸ
875 1874 1055 1924 προσῆκον
1073 1872 1184 1926 αὒτῶ,

130 1916 189 1986 εἴη
204 1929 247 1982 {v
265 1930 405 1979 πάντως
441 1929 463 1978 ἢ
489 1929 572 1984 περὶ
602 1929 799 1984 χρήματα,
820 1928 843 1977 ἢ
876 1946 957 1984 περι
986 1929 1138 1982 ἡδονήν,
1160 1931 1182 1978 ἢ

128 1983 210 2046 περὶ
228 1990 350 2042 τιμήν·
373 1990 448 2030 ἐπει
469 1989 504 2029 δὲ
523 1990 604 2044 περὶ
634 1989 680 2028 τὰ
700 1989 854 2042 μέγιστα
882 1992 952 2028 τῶν
973 1992 1008 2029 ἐν
1042 1990 1181 2043 ἀνθρώ-

131 2065 211 2097 ποις
230 2052 368 2102 ἀγαθῶν
389 2051 500 2096 ἔστιν,
527 2049 622 2101 (ἔστι
640 2048 708 2102 γὰρ
724 2048 970 2102 μεγαλόψυχος
995 2052 1013 2088 6
1031 2051 1100 2087 τῶν
1124 2066 1185 2100 με·

129 2110 260 2162 γίστων
281 2108 402 2149 ἑαυτὸν
422 2106 546 2156 ἀξιῶν,
571 2105 707 2153 ἄξιος’
682 2123 730 2146 ων
746 2107 784 2160 ,)
806 2106 861 2155 εἴη
879 2107 919 2146 ἂν
941 2108 1020 2160 περὶ
1039 2107 1102 2155 τὴν
1124 2124 1183 2146 τι-

131 2172 217 2224 μήν·
252 2170 329 2220 ἥτις
357 2171 452 2210 δοκεῖ
478 2169 641 2222 μέγιστον
663 2163 753 2209 εἶναι
776 2173 845 2209 τῶν
874 2169 1100 2222 ἀνθρωπίνων
1121 2171 1182 2209 και

129 2233 199 2271 τῶν
217 2230 340 2277 ἔξωθεν
361 2231 517 2282 ἀγαθῶν·
547 2229 609 2269 καὶ
637 2229 694 2268 διὰ
715 2244 818 2268 τουτο
843 2231 894 2268 τῶ
927 2228 1009 2283 θείῳ
1047 2245 1180 2278 ταυτην

59 2296 64 2308 ¹
131 2290 288 2342 μάλιστα
308 2287 545 2340 ἀπονέμομεν.
599 2286 713 2328 ’Ὠστε
735 2288 816 2342 περὶ
839 2288 942 2339 τιμὰς
960 2287 1019 2326 καὶ
1040 2289 1183 2340 ἀτιμίας

129 2352 148 2388 ὃ
175 2347 420 2402 μεγαλόψυχός
441 2349 557 2395 ἐστιν,
580 2350 627 2392 ὡς
657 2348 719 2386 δεῖ·
755 2347 814 2386 καὶ
835 2346 944 2400 χωρὶς
977 2345 1014 2385 δὲ
1043 2346 1178 2386 τούτων

43 2438 54 2457 3
82 2441 86 2443 Δ
129 2407 201 2448 ἀπὸ
212 2410 279 2455 τῆς
298 2408 484 2459 ἐπαγωγῆς
505 2406 653 2461 φανερόν
669 2408 756 2448 ἐστι.
778 2406 943 2460 Ὁρῶμεν
963 2406 1030 2459 γὰρ
1047 2407 1182 2451 πάντας

128 2466 208 2512 τοὺς
245 2466 514 2520 μεγαλοψύχους
550 2469 655 2517 τιμῆς
691 2466 846 2518 μάλιστα
887 2464 1088 2520 ἐφιεμένους
1119 2469 1181 2514 τῆς

131 2525 230 2572 ἀξίας
247 2527 394 2565 ἑαυτῶν·
413 2528 432 2565 6
450 2525 486 2566 δὲ
510 2525 727 2580 μικρόψυχος
747 2525 900 2565 ἐλλείπει
918 2525 979 2564 καὶ
997 2526 1083 2578 πρὸς
1101 2527 1182 2566 ἑαυ-

129 2584 205 2626 τόν·
222 2585 383 2640 ’ἐλάττω
412 2583 482 2638 γὰρ
510 2588 574 2633 τ’ἠς
597 2585 695 2631 ἀξίας
720 2590 838 2639 φρονεῖ
856 2588 917 2633 τ’ἦς
937 2586 1075 2623 ἑαυτοῦ·
1089 2587 1102 2636 )
1122 2587 1179 2624 ε’λ-

131 2641 246 2686 λείπει
267 2644 332 2694 καὶ
361 2643 449 2698 πρὸς
477 2644 517 2684 τὸ
534 2659 596 2684 του
623 2644 874 2698 μεγαλοψύχου
896 2643 1050 2695 ἀξίωμα.
1073 2644 1119 2684 Ὁ
1141 2646 1177 2685 δὲ

43 2754 47 2761 ¹
107 2742 112 2745 .
124 2700 259 2765 ιαγυνος
277 2720 361 2758 προς
380 2705 503 2744 ἑαυτὸν
525 2703 587 2754 μὲν
606 2705 833 2758 ὑπερὸάλλει·
857 2704 990 2757 (μείζω
1010 2704 1078 2758 γὰρ
1095 2720 1179 2758 φρο-

39 2763 55 2811 ᾖ
129 2768 185 2814 m
190 2746 262 2813 τῆς
276 2763 374 2810 ἀξίας
395 2766 457 2812 τῆς
476 2766 614 2804 ἑαυτοῦ·
627 2766 640 2815 )
669 2780 727 2804 τον
746 2763 781 2802 δὲ
805 2764 1050 2817 μεγαλόψυχον
1073 2766 1173 2818 οὐχ*ι

54 2834 104 2871 ;;-ῗ“
129 2823 346 2878 δαρόἄλλει
364 2825 414 2878 τῷ
448 2823 662 2877 φρονήματι.
695 2824 741 2863 Ο
761 2822 829 2876 γὰρ
851 2822 1092 2876 μεγαλόψυχος
1111 2827 1178 2862 τῶν

53 2892 73 2906 ¹⁷
130 2883 304 2937 μγίφτων
326 2883 448 2922 ἑαυτὸν
475 2882 591 2931 ἀξιοῖ,
615 2886 684 2922 τῶν
701 2882 876 2944 μεγίστων
898 2881 1028 2928 ἄξιος”
1004 2894 1067 2920 ων·
1089 2881 1179 2921 ὥστε

50 2947 55 2966 f
67 2941 70 2946 Ι
111 2977 113 2982 .
76 2939 271 3002 ἀγάγκη
288 2942 330 2982 τὸ
360 2941 606 2996 μεγαλόψυχον
638 2944 779 2995 ἄριστον
819 2945 929 2993 εἶναι,
951 2941 1013 2980 καὶ
1045 2941 1179 2995 σφόδρα

71 2986 263 3055 ἀγαθὸν
281 3001 362 3047 τοὺς
383 3001 545 3055 τρόπους·
573 3001 634 3040 καὶ
656 3001 836 3054 ἀνδρεῖον,
864 2999 925 3039 καὶ
953 2999 1098 3048 δίκαιον,
1121 3002 1179 3039 καὶ

130 3061 316 3111 τὴνᾶλλην
332 3060 498 3116 ἀρετὴν”
474 3077 593 3114 ακρον.
613 3060 660 3101 ‘O
679 3059 715 3100 δὲ
730 3060 840 3113 μικρὰ
857 3059 1049 3112 ἡγούμενος
1063 3059 1178 3099 πάντα

40 3115 42 3117 ‚
61 3129 64 3133 ’
103 3118 197 3166 ml*
210 3121 374 3172 οὐδαμῶς
395 3120 475 3168 ἄξια
503 3123 650 3167 ἑαυτοῦ,
671 3121 731 3160 καὶ
752 3121 790 3159 οὖ
820 3119 1030 3171 ψευδόμενος
1043 3149 1054 3169 ,
1088 3121 1178 3158 ἀλλὰ

37 3171 50 3205 1¹
133 3179 314 3230 ἕληθεύων
335 3181 370 3219 ἐν
390 3182 433 3234 τῇ
457 3180 603 3234 τοιαύτῃ
627 3180 734 3234 ψήφῳ
748 3210 759 3231 ‚
792 3178 882 3223 τίνος
911 3177 1012 3218 ἕνεκα
1033 3178 1177 3232 αἰσχρόν

131 3238 323 3287 untho&
338 3239 399 3279 καὶ
418 3240 567 3291 ἅτιμον;
591 3240 614 3287 ἢ
640 3242 714 3284 πῶς
735 3239 904 3286 δυνατόν;
935 3237 1088 3277 ἐναντίον
1108 3239 1177 3290 γάρ

134 3296 214 3337 bn
226 3299 278 3352 τῷ
297 3298 393 3353 λόγῳ
411 3302 470 3338 τοῦ
492 3299 741 3352 μεγαλοψύχου
761 3299 801 3337 τὸ
820 3300 972 3337 τοιοῦτο.
1006 3298 1092 3341 Πῶς
1109 3295 1177 3350 γὰρ

135 3354 181 3394 ἂν
203 3354 258 3405 εἴη
284 3360 388 3409 τιμῆς
419 3356 511 3403 ἄξιος
544 3360 562 3396 ὁ
594 3359 749 3412 φαῦλος;
782 3358 812 3396 εἰ
845 3356 879 3395 δὲ
914 3357 1021 3407 τιμῆς
1053 3354 1176 3393 ἑαυτὸν

630 225 930 267 ETHICORUM
959 224 1406 267 NICOMACHEORUM
1435 226 1808 268 PARAPHRASIS.

2211 231 2287 270 383

1247 320 1327 352 cher
1354 320 1396 353 ad
1415 324 1593 354 venustum
1623 335 1630 355 ε
1656 323 1736 364 quia
1762 323 1797 356 in
1821 322 1960 365 pulchro
1979 322 2192 366 pulchritudo
2219 325 2289 364 θεῖς

1244 377 1321 410 qum
1341 377 1417 400 cum
1437 369 1662 407 magnitudine
1682 370 1855 412 conjuncta
1869 370 1931 409 sit,
1954 370 1988 403 in
2011 372 2152 403 venusto
2170 370 2292 404 eximia

1244 414 1350 448 forma
1366 415 1408 448 ad
1421 416 1621 449 brevitatem
1638 417 1794 459 adjuncta
1805 443 1812 456 ,
1839 418 1899 460 qui
1921 418 2022 450 etiam
2041 418 2219 451 concinnus
2232 428 2292 461 ap-

1244 462 1397 504 pellatur,
1416 464 1553 505 pulcher
1575 474 1653 497 vero
1678 465 1813 497 minime
1837 474 1845 493 t
1868 465 1944 498 talis
1971 474 2047 507 ergo
2064 466 2293 508 magnanimus

1245 511 1306 542 est.
1349 511 1474 542 Eorum
1493 513 1605 544 autem
1630 511 1689 553 qui
1711 512 1868 554 utrinque
1898 515 1992 550 sunt,
2024 513 2053 545 is
2078 513 2136 554 qui
2153 512 2291 545 modum

1245 556 1391 595 excedit
1411 557 1518 590 elatus
1540 567 1578 590 ac
1600 558 1762 600 superbus
1776 558 1929 591 dicitur.
1922 571 1928 579 ·
1958 562 2009 591 est
2023 559 2109 592 enim
2133 560 2240 592 elatus
2256 568 2294 592 ac

1246 605 1424 647 superbus,
1441 605 1638 647 quimagnis
1657 614 1692 638 se
1719 605 1855 647 dignum
1884 605 2034 647 judicat,
2055 615 2160 648 quum
2180 606 2293 640 neuti-

1245 661 1347 693 quam
1362 651 1482 693 dignus
1498 652 1571 684 sit:
1593 651 1652 693 qui
1679 659 1757 684 vero
1770 651 1887 683 multis
1903 651 2021 693 dignus
2036 655 2096 690 est,
2117 651 2175 684 sed
2191 652 2288 694 plura

1247 693 1309 726 sibi
1341 694 1455 727 deberi
1477 703 1579 736 quam
1606 694 1730 737 quibus
1761 694 1881 736 dignus
1909 695 1970 735 sit,
2003 695 2197 735 arbitratur,
2229 705 2295 729 non

1246 736 1380 770 omnino
1402 738 1564 780 superbus
1592 741 1653 771 est.
1703 738 1828 770 Verum
1853 738 1911 790 qui
1934 739 2070 771 modum
2096 721 2235 778 deser’it,
2265 740 2295 773 is

1246 781 1366 814 humili
1381 782 1612 832 imbecilloque
1640 781 1749 814 animo
1768 785 1848 815 est:
1869 783 1916 814 sic
1940 783 2027 815 enim
2055 783 2244 815 nominatur
2263 784 2292 817 is

1246 825 1306 865 qui
1334 834 1440 866 quum
1455 826 1582 866 magnis
1600 825 1718 866 dignus
1734 825 1795 863 sit
1821 826 2004 859 minoribus
2029 836 2063 859 se
2088 827 2223 868 dignum
2239 827 2295 869 ju-

1246 867 1352 905 dicat,
1371 870 1430 899 aut
1445 868 1504 910 qui
1523 878 1627 910 quum
1642 869 1755 910 parvis
1777 852 1897 910 dignus
1917 870 1978 908 sit,
1994 871 2110 903 minori
2103 870 2179 904 bus
2195 871 2296 904 etiam

1247 919 1282 943 se
1300 910 1437 952 dignum
1460 912 1590 945 statuit
1620 914 1672 945 Ex
1692 913 1746 945 his
1758 916 1871 945 autem
1887 896 2073 946 humillimo
2098 915 2207 947 auimo
2231 916 2293 956 est,

1247 953 1306 996 qui
1324 963 1431 995 quum
1454 964 1526 986 ma
1510 955 1580 994 .‚nis
1600 956 1720 997 dignus
1736 956 1789 994 sit,
1814 956 2007 1008 dignitatem
2029 957 2099 999 ipse
2116 967 2209 991 suam
2230 967 2296 991 non

1246 997 1414 1039 percipit·
1432 998 1598 1039 quomodo
1619 999 1706 1031 enim
1733 1009 1768 1032 se
1790 1003 1933 1041 gereret,
1964 1001 1992 1033 si
2017 1003 2075 1033 aut
2098 1002 2210 1053 parvis
2235 1006 2295 1037 aut

1246 1040 1467 1073 mediocribus
1487 1041 1606 1083 dignus
1630 1044 1740 1074 esset?
1772 1045 1882 1081 Quare
1907 1052 2023 1076 eorum
2052 1045 2111 1087 qui
2135 1046 2295 1088 utrinque

1247 1087 1343 1123 sunt,
1369 1085 1453 1118 alter
1467 1085 1606 1118 modum
1621 1085 1772 1125 excedit,
1792 1085 1877 1119 alter
1893 1087 2029 1120 deserit

1287 1145 1330 1176 At
1352 1154 1432 1177 vero
1450 1145 1701 1187 magnanimus,
1725 1147 1892 1187 quatenus
1918 1147 1951 1178 in
1976 1147 2103 1189 magnis
2132 1150 2295 1187 versatur,

1246 1212 1398 1237 summus
1417 1204 1552 1238 videtur
1569 1217 1577 1237 ι
1604 1207 1770 1247 quatenus
1799 1214 1878 1238 vero
1905 1205 1939 1238 in
1959 1205 2070 1239 officio
2087 1216 2216 1250 semper
2232 1216 2300 1240 ma-

1245 1265 1321 1302 net,
1344 1273 1452 1307 neque
1474 1265 1533 1297 aut
1553 1264 1678 1306 majora
1708 1267 1766 1297 aut
1796 1264 1924 1298 minora
1943 1275 2044 1307 quam
2068 1268 2215 1308 oportet,
2240 1276 2300 1300 ex-

1245 1323 1345 1365 petit,
1365 1325 1502 1357 eatenus
1520 1323 1651 1357 medius
1672 1325 1733 1358 est.

1703 1561 1781 1606 cap.
1806 1563 1846 1596 V.

1248 1674 1290 1701 De
1309 1672 1401 1702 animi
1417 1674 1625 1709 magnitudine
1641 1683 1649 1701 ι
1663 1675 1729 1703 tum
1742 1674 1774 1703 in
1796 1674 1905 1711 quibus
1918 1676 2055 1705 versetur
2070 1676 2298 1713 magnanimus,

1567 1723 1597 1750 et
1614 1729 1679 1758 qua:
1690 1722 1757 1757 ejus
1774 1722 1835 1751 sint
1847 1723 1981 1759 propria.

1289 1819 1400 1855 Quum
1418 1815 1451 1848 in
1480 1815 1626 1849 externis
1643 1825 1719 1858 ergo
1743 1816 1838 1849 honis
1871 1818 2026 1849 versetur
2050 1818 2297 1859 magnanimus,

1245 1871 1367 1913 quibus
1394 1879 1453 1912 pro
1481 1869 1600 1901 merito
1630 1868 1749 1911 dignus
1781 1869 1951 1911 judicatur
1981 1870 2022 1902 ab
2051 1871 2139 1909 aliis,
2169 1880 2301 1904 necesse

1244 1924 1377 1956 omnino
1394 1924 1464 1962 est,
1482 1921 1534 1954 vel
1554 1921 1588 1953 in
1607 1921 1773 1963 pecuniis,
1801 1921 1855 1954 vel
1879 1921 1914 1954 in
1932 1922 2102 1964 voluptate
2118 1923 2171 1955 vel
2196 1923 2230 1955 in
2241 1923 2299 1955 ho-

1245 1986 1325 2010 nore
1343 1978 1522 2018 versetur:
1550 1984 1656 2017 quum
1677 1977 1789 2008 autem
1815 1974 1849 2007 in
1874 1975 1915 2007 iis
1936 1984 2013 2016 quoe
2041 1975 2186 2008 maxima
2213 1976 2299 2008 inter

1244 2031 1395 2063 homines
1414 2027 1598 2066 habentur,
1621 2028 1715 2061 bonis
1733 2030 1886 2061 versetur
1909 2028 2095 2070 (siquidem
2123 2029 2182 2071 qui
2200 2039 2295 2062 suma-

1244 2083 1309 2116 mis
1342 2092 1377 2116 se
1399 2082 1535 2124 dignum
1568 2081 1687 2114 statuit
1716 2080 1915 2119 honoribus,
1944 2090 2050 2122 quum
2083 2081 2126 2113 sit
2157 2081 2276 2122 dignus

1244 2135 1475 2179 magnanimus
1495 2135 1667 2173 vocatur‚)
1693 2133 1860 2175 sequitur,
1879 2135 1917 2166 ut
1938 2134 2062 2166 honore
2086 2135 2267 2175 occupetur
2289 2146 2296 2165 :

1244 2189 1303 2231 qui
1333 2188 1556 2221 humanorum
1573 2187 1853 2227 externorumque
1868 2186 2030 2218 bonorum
2059 2185 2132 2217 linis
2149 2185 2296 2223 videtur,

1243 2241 1385 2283 ideoque
1403 2239 1543 2272 deorum
1560 2238 1688 2271 numini
1707 2247 1784 2271 eum
1799 2237 2008 2280 potissimum
2026 2237 2215 2269 tribuimus.
2234 2239 2298 2270 lta-

1243 2303 1309 2336 que
1325 2293 1360 2325 in
1376 2293 1501 2325 honore
1512 2294 1545 2325 et
1556 2291 1692 2324 infamia
1713 2291 1761 2323 sic
1773 2299 1808 2323 se
1819 2290 1904 2331 gerit
1917 2293 1955 2322 ut
1972 2293 2101 2332 oportet
2119 2290 2170 2322 vir
2185 2291 2296 2332 magni

1242 2345 1343 2378 animi
1373 2356 1380 2377 z
1405 2343 1496 2386 quod
1523 2345 1558 2376 et
1587 2343 1656 2376 sine
1688 2342 1741 2375 his
1773 2342 1964 2375 inductione
1992 2341 2090 2374 facile
2118 2343 2291 2384 probatur.

1243 2400 1365 2431 Omnes
1387 2395 1475 2430 enim
1501 2396 1726 2437 magnanimos
1752 2395 1910 2428 honorem
1928 2405 2005 2430 eum
2032 2398 2186 2438 appetere
2202 2396 2295 2429 vide-

1240 2460 1334 2490 mus,
1353 2449 1411 2492 qui
1432 2458 1466 2482 se
1481 2448 1599 2490 diguus
1616 2449 1658 2481 sit
1674 2458 1681 2477 ε
1698 2449 1733 2480 at
1750 2447 1809 2490 qui
1827 2447 1972 2480 demisso
1990 2450 2022 2480 ct
2043 2447 2163 2480 humili
2177 2448 2288 2481 animo

1241 2506 1308 2542 est,
1324 2504 1354 2536 is
1371 2502 1509 2535 modum
1529 2501 1670 2538 deserit,
1691 2500 1761 2533 sive
1778 2500 1884 2542 ipsius
1899 2509 2039 2542 persona
2056 2501 2188 2541 (minus
2203 2502 2292 2535 enim

1239 2567 1341 2600 quam
1364 2557 1512 2589 meretur
1530 2555 1571 2587 de
1592 2563 1627 2587 sc
1647 2554 1817 2596 magnifice
1837 2554 1961 2595 sentit)
1979 2568 1987 2588 ε
2006 2554 2076 2587 sive
2092 2555 2295 2597 magnanimi

1240 2609 1383 2651 dignitas
1396 2609 1576 2650 spectatur.
1600 2607 1770 2648 Superbus
1792 2608 1907 2639 autem
1927 2606 1976 2639 sui
1990 2607 2126 2649 quidem
2143 2611 2295 2650 respectu

1243 2662 1376 2704 superat
1396 2659 1682 2702 (magnificentius
1704 2658 1791 2691 enim
1807 2668 1908 2701 quam
1922 2668 1981 2701 pro
1998 2658 2157 2701 dignitate
2175 2669 2235 2692 sua
2253 2660 2296 2693 de

1240 2726 1275 2750 se
1295 2715 1416 2748 sentit:
1433 2716 1442 2754 )
1459 2712 1703 2755 magnanimum
1722 2720 1800 2744 vero
1816 2721 1935 2754 magna
1952 2711 1994 2745 de
2013 2721 2049 2745 se
2062 2712 2214 2754 opinione
2231 2723 2295 2746 non

1239 2769 1383 2811 superat.
1413 2765 1545 2798 Etenim
1560 2763 1808 2806 magnanimus,
1833 2773 1938 2806 quum
1959 2764 2098 2797 summis
2116 2764 2295 2798 honoribus

1239 2820 1357 2861 dignus
1373 2818 1436 2857 sit,
1458 2816 1597 2850 summis
1621 2825 1756 2859 quoque
1783 2825 1818 2850 se
1835 2817 1972 2859 dignum
1999 2826 2070 2850 esse
2091 2818 2259 2851 existimat
2284 2829 2292 2848 :

1240 2872 1327 2905 unde
1360 2870 1525 2913 sequitur,
1562 2869 1725 2912 optimum
1757 2869 1857 2902 etiam
1894 2879 1971 2903 eum
2009 2879 2095 2909 esse,
2129 2870 2295 2904 moribus-

1241 2935 1306 2967 que
1341 2924 1434 2957 bonis
1462 2922 1640 2965 praeditum
1664 2932 1671 2952 =
1696 2920 1756 2956 sed
1779 2923 1813 2956 et
1836 2921 1957 2956 fortem
1994 2925 2028 2956 et
2055 2923 2185 2965 justum
2216 2924 2295 2958 reli-

1239 2978 1381 3020 quisque
1397 2976 1512 3010 eodem
1529 2977 1627 3009 modo
1646 2975 1830 3009 virtutibus
1846 2977 2074 3010 excellentem.
2131 2980 2214 3011 Nam
2230 2978 2291 3021 qui

1239 3039 1341 3072 parva
1362 3029 1471 3062 omnia
1500 3028 1592 3062 ducit
1612 3029 1814 3072 minimeque
1843 3038 1878 3062 se
1906 3030 2024 3072 digna,
2051 3040 2160 3074 neque
2177 3031 2210 3064 in
2229 3031 2292 3064 hoc

1239 3077 1366 3110 fallitur
1380 3077 1531 3119 opinione
1541 3103 1548 3116 ,
1571 3076 1629 3110 sed
1645 3086 1723 3110 vera
1742 3077 1854 3116 sentit,
1872 3076 1967 3119 cujus
1979 3076 2113 3110 tandem
2127 3077 2175 3110 rei
2189 3087 2292 3110 causa

1240 3125 1383 3167 turpiter
1413 3124 1540 3166 aliquid
1563 3127 1621 3157 aut
1641 3124 1773 3166 indigne
1800 3123 1924 3157 faciat?
1946 3127 2004 3157 aut
2033 3124 2092 3167 qui
2124 3124 2195 3157 fieri
2230 3125 2293 3157 hoc

1240 3173 1366 3216 possit?
1389 3171 1555 3214 siquidem
1574 3172 1640 3205 tale
1664 3172 1746 3214 quid
1764 3181 1841 3205 cum
1859 3172 2059 3214 magnanimi
2087 3172 2213 3204 ratione
2230 3181 2293 3214 pu-

1239 3221 1327 3261 gnat.
1346 3220 1522 3261 Quopacto
1536 3218 1623 3252 enim
1636 3219 1759 3252 honore
1775 3218 1895 3260 dignus
1909 3228 1980 3251 esse
1991 3220 2092 3261 queat
2101 3218 2293 3260 improbus?

1238 3266 1294 3299 Sin
1308 3268 1420 3299 autem
1433 3275 1472 3300 eo
1489 3265 1625 3309 dignum
1638 3275 1673 3299 se
1689 3275 1761 3300 esse
1779 3266 1948 3299 existimat
1961 3292 1968 3305 ‚
1984 3275 2089 3308 quum
2102 3265 2145 3298 sit
2161 3265 2288 3306 impro-

1237 3314 1320 3353 bus,
1342 3315 1376 3347 et
1402 3313 1603 3356 flagitiorum
1625 3314 1843 3352 convincitur,
1870 3314 1940 3355 jam
1972 3310 2135 3346 ridiculus
2157 3311 2288 3345 videbi·

1237 3363 1294 3395 tur
1323 3372 1331 3394 ι
1361 3361 1517 3404 quoniam
1545 3361 1683 3395 virtutis
1714 3359 1890 3403 praemium
1921 3360 2025 3393 honor
2047 3361 2114 3398 est,
2144 3357 2290 3400 solisque

132 3521 136 3529 Ι
174 3469 310 3508 *’Ἕστι
328 3475 367 3515 δὴ
381 3476 600 3519 μεγαλόψυχος
620 3477 689 3509 κτλ.
710 3493 751 3499 -—
768 3475 801 3493 *³*
816 3477 855 3508 Et
870 3475 905 3507 δὲ
924 3475 962 3514 δὴ
978 3475 1125 3516 μεγάλων
1144 3473 1260 3507 ἑαυτὸν
1282 3473 1367 3511 ἀξιοῖ
1382 3475 1452 3507 κτλ.
