2508 3776
642 167 943 209 ETHICORUM
974 167 1423 213 NICOMACHEORUM
1449 174 1831 219 PARAPHRASIS.

151 245 227 296 τοῖς
244 249 425 305 τυράννοις
464 249 602 296 παίζειν
634 251 744 298 ἡδέως
777 250 905 296 εἰδότες
937 253 1204 303 εὐδοκιμοῦσιν·

147 304 250 360 >ἡδεῖς
280 310 349 363 γάρ
378 312 483 361 εἰσιν,
509 311 627 355 αὐτοῖς
658 310 873 365 παρέχοντες
892 305 940 351 ὧν
971 311 1125 364 ἐφίενται
1144 310 1205 350 καὶ

153 369 294 411 δέονται
321 370 407 424 πρὸς
423 369 487 419 τὴν
505 371 738 422 νομιζομένην
759 371 1001 422 εὐδαιμονίαν.
1019 375 1124 410 Δοκεῖ
1141 371 1204 423 μὲν

90 463 96 468 .
150 419 212 470 οὐν
224 428 288 475 τὰς
303 430 446 475 παιδιὰς
465 429 710 481 εὐδαιμονικὰς
731 423 837 478 εἶναι,
854 429 910 468 διὰ
931 429 970 468 τὸ
988 428 1068 474 τοὺς
1090 430 1125 467 ἐν
1146 430 1202 468 δυ·

111 510 128 524 ·
149 489 327 535 ναστείαις
347 492 383 530 ἐν
402 489 536 535 τούτοις
559 489 714 540 μάλιστα
735 489 927 542 διατρίὸειν
946 505 954 513 ·
975 489 1038 528 οὐκ
1053 489 1120 527 εἶσὶ
1145 488 1203 527 δέ·

150 549 191 590 οὐ
211 548 282 604 γὰρ
302 549 424 590 ἱκανὸν
442 555 590 602 σημεῖον
601 551 670 589 τῶν
691 549 855 589 τοιούτων
871 550 1015 601 ,ἀνδρῶν
1040 551 1059 596 ἡ
1079 550 1202 601 ψῆφος.

149 609 206 650 Οὗ
219 607 288 664 γὰρ
316 611 352 649 ἐν
381 611 432 665 τῷ
461 609 683 661 δυναστεύειν
705 611 724 656 ἡ
746 607 873 661 ἀρετή,
893 607 968 647 οὐδὲ
987 610 1006 646 ὁ
1037 607 1203 660 ὑγιαίνων

150 666 309 719 μάλιστα
336 671 430 720 νοῦς,
469 663 597 722 ἀφ’-ὧν
618 669 656 707 αἱ
679 667 868 707 σπουδαῖαι
895 666 1077 720 ἐνέργειαι.
1109 666 1202 706 Οὐδὲ

148 725 218 781 γὰρ
231 726 310 767 ἐπεὶ
330 729 393 775 τῆς
413 727 604 781 ἐλευθερίου
637 726 698 766 καὶ
727 727 929 779 εἰλικρινοῦς
954 726 1078 773 ἡδονῆς
1099 725 1203 778 ἄγεψ

147 801 224 826 στοι
239 785 405 832 καθάπαξ
419 785 515 831 ὄντες
535 785 594 824 ἐπὶ
613 784 677 831 τὰς
697 785 902 837 σωματικὰς
921 784 1200 838 καταφεύγουσιν

146 845 286 895 ἡδονάς,
295 845 354 885 διὰ
368 849 471 885 τοῦτο
489 845 620 890 ταύτας
636 844 777 898 εὔλογον
799 843 934 884 οἴεσθαι
948 846 1018 883 τῶν
1034 846 1083 889 ὡς
1104 845 1200 894 ἀλη-

147 906 216 951 θῶς
245 905 479 960 αἱρετωτέρας
507 907 609 945 εἶναι.
636 904 710 945 Καὶ
740 896 808 959 γὰρ
837 907 868 944 οἳ
896 905 1020 948 παῖδες
1041 903 1086 942 τὰ
1113 907 1199 958 παρ’

44 975 63 989 ‘¹
89 1013 91 1018 ¹
144 964 265 1011 αὐτοῖς
297 965 485 1018 τιμώμενα
504 964 677 1019 κράτιστα
697 963 830 1004 οἴονται
866 958 972 1003 εἶναι·
1016 965 1096 1003 ἀλλ’
1118 963 1199 1004 οὔτε

143 1026 217 1070 τοῖς
235 1023 384 1078 ἀνδράσι
400 1023 502 1076 τίμια
525 1023 572 1064 τὰ
591 1026 660 1063 τῶν
681 1024 817 1063 παίδων
841 1025 936 1064 δοκεῖ
949 1053 960 1073 ,
995 1023 1074 1063 οὔτε
1093 1025 1198 1063 ἐπιει-

143 1090 216 1130 κεῖς
246 1083 585 1136 ἀποθαυμάσουσινῦ
617 1083 708 1137 ἅπερ
747 1086 779 1123 οἱ
812 1086 959 1138 φαῦλοι·
1002 1083 1094 1123 ἀλλὰ
1119 1084 1197 1129 τοὺς

144 1143 210 1197 μὲν
238 1147 263 1194 ἡ
284 1145 454 1194 δοκοῦσα,
485 1143 566 1189 τοὺς
589 1143 625 1183 δὲ
659 1146 682 1192 ἡ
716 1144 846 1193 ἀληθὴς
895 1143 1002 1193 ἡδονὴ
1038 1143 1196 1196 μάλιστα

143 1204 277 1260 τέρψει.
895 1250 902 1255 .

197 1263 219 1288 *
229 1263 404 1318 Καθάπερ
417 1257 478 1304 οὐν
492 1265 528 1304 ἐν
543 1266 638 1318 ἀρχῇ
655 1263 806 1318 εἴρηται,
817 1263 862 1302 τὰ
877 1265 924 1309 ὣς
941 1265 1079 1312 ἀληθῶς
1096 1263 1196 1316 τίμια

43 1326 50 1327 ’
103 1377 105 1379 ¹
142 1324 205 1366 ιοαὶ
225 1323 404 1364 σπουδαῖά
443 1325 562 1375 ἐστιν,
596 1323 619 1363 ἃ
647 1323 840 1375 θαυμάζει,
876 1324 935 1363 καὶ
969 1317 1018 1370 οἷς
1037 1324 1161 1372 ἥδεται
1181 1328 1198 1365 ὁ

142 1383 341 1428 σπουδαῖος.
359 1384 465 1424 Ἐπεὶ
495 1381 532 1423 δὲ
555 1381 766 1427 ἀκολούθους
795 1385 870 1428 ταῖς
890 1382 981 1428 ἕξεσι
1002 1389 1077 1428 ταῖς
1099 1386 1133 1423 ἐν
1153 1388 1197 1438 τῇ

140 1443 240 1498 ψυχῇ
261 1442 324 1484 καὶ
343 1442 408 1489 τὰς
429 1443 604 1498 ἐνεργείας
621 1442 768 1489 ἕκαστος
791 1444 946 1491 ἐπιζητεῖ
961 1473 970 1491 ,
988 1443 1046 1482 καὶ
1068 1444 1198 1490 ταύτας

141 1500 253 1542 οἴεται
281 1502 440 1555 μάλιστα
475 1501 714 1556 αἱρετωτάτας
743 1494 854 1551 εἶναι,
887 1504 906 1540 ὃ
938 1502 974 1541 δὲ
1009 1504 1197 1549 σπουδαῖος

141 1561 235 1603 κατὰ
249 1564 315 1611 τὴν
331 1562 400 1610 ἕξιν
419 1565 623 1615 τῆς-ἀρετῆς
644 1564 708 1615 ζῇ,
730 1561 878 1616 φανερόν
895 1592 904 1610 ,
927 1560 981 1601 ὅτι
1001 1569 1077 1607 ταῖς
1098 1565 1198 1616 ἔνερ-

140 1621 252 1676 γείαις
287 1622 483 1672 ἡσθήσεται
512 1627 588 1667 ταῖς
609 1620 702 1661 κατὰ
721 1620 784 1668 τὴν
806 1621 953 1675 ἀρετήν,
981 1622 1041 1660 καὶ
1070 1623 1199 1669 ταύτας

140 1681 259 1734 τιμίας
281 1681 457 1736 ἡγήσεται
475 1680 536 1720 καὶ
556 1679 694 1728 ἡδείας·
716 1681 785 1719 τῶν
809 1680 845 1720 δὲ
870 1681 1043 1729 παιδιῶν,
1066 1684 1112 1726 ὡς
1133 1684 1196 1721 ἀλ-

140 1739 289 1794 λοτρίων
306 1744 370 1790 τῆς
383 1739 509 1789 ἕξεως,
521 1755 642 1794 καταφ
650 1739 801 1794 ρονήσει.
832 1739 937 1779 Ἐπεὶ
960 1739 995 1778 δὲ
1013 1741 1121 1791 ὀρθῶς
1138 1741 1197 1779 καὶ

141 1801 245 1852 ὑγιῶς
260 1793 359 1845 οὗτος
374 1798 664 1854 ψηφίζεται,οὐιί
685 1799 755 1852 ἄρα
777 1798 891 1849 τίμιον
916 1801 938 1846 ἡ
960 1799 1108 1847 παιδιά,
1122 1801 1195 1838 οὐδ’

140 1857 164 1898 ἄ
188 1875 211 1900 α
230 1859 268 1900 ἓν
287 1861 376 1913 αὐτῇ
407 1861 431 1907 ἡ
460 1858 678 1911 εὐδαιμονία.
707 1858 782 1899 Καὶ
810 1858 878 1913 γὰρ
903 1857 1032 1898 ἄτοπον
1053 1860 1197 1898 παιδιὰν

138 1874 230 1959 κέναι
247 1921 319 1960 τῶν
341 1916 569 1973 ἀνθρωπίνων
591 1918 631 1958 τὸ
660 1918 776 1967 τέλος,
798 1918 858 1957 καὶ
881 1918 997 1958 πάντα
1024 1934 1197 1972 πραγμα-

137 1978 406 2029 τιύεσθαι,”κα“ι
419 1981 635 2020 κακοπαθεῖν
653 1979 710 2020 διὰ
733 1979 810 2033 βίου
830 1983 890 2019 τοῦ
914 1979 1051 2024 παίζειν
1073 1979 1190 2032 χάριν.

138 2041 186 2081 Εἰ
209 2041 278 2094 γάρ
303 2055 356 2085 τις
386 2039 550 2079 ὑπόθοιτο
577 2039 710 2087 ταύτην
745 2032 834 2079 εἶναι
854 2038 916 2086 τὴν
942 2038 1167 2090 εὐδαιμονίαν
1182 2069 1193 2088 ,

138 2098 326 2139 ἀκόλουθόν
362 2100 436 2138 ἐστι
465 2099 525 2138 καὶ
543 2103 655 2139 ταῦτα
695 2098 737 2147 δὴ
775 2099 988 2151 συγχωρεῖν.
1019 2100 1094 2143 Τῆς
1125 2098 1193 2150 γὰρ

137 2155 362 2211 εὐδαιμονίας
397 2157 502 2198 ἕνεκα
524 2158 642 2197 πάντα
676 2160 849 2208 ζητοῦμεν
866 2170 874 2179 ·
914 2160 975 2204 τῆς
997 2158 1140 2203 παιδιᾶς
1160 2158 1195 2198 δὲ

138 2219 254 2272 χάριῖ
263 2223 384 2258 πονεῖν
402 2218 459 2258 διὰ
475 2217 551 2271 βίου
571 2217 631 2256 καὶ
647 2217 855 2263 σπουδάζειν
872 2248 882 2264 ,
901 2216 1035 2264 ἠλίθιόν
1055 2234 1088 2255 τι
1104 2217 1199 2256 δοκεῖ

138 2270 354 2333 λᾼίανλεῗναι,
377 2277 440 2318 καὶ
461 2281 563 2318 τοῦτο
580 2277 622 2326 δὴ
644 2277 822 2319 παιδικόν.
859 2279 912 2318 Τὸ
932 2278 1107 2316 ἀνάπαλιν
1134 2277 1196 2328 μὲν

137 2332 197 2379 οὐν
221 2336 325 2378 ἕνεκα
359 2341 420 2377 τοῦ
457 2337 627 2378 δύνασθαι
658 2337 866 2383 σπουδάζειν
903 2338 1081 2391 αἱρεῖσθαι
1116 2338 1196 2377 παί-

138 2398 334 2444 {tristam-⁹
355 2395 566 2451 Ἀνάχαρσιν
579 2426 590 2445 ,
613 2397 731 2442 καλῶς
748 2396 809 2436 καὶ
830 2399 936 2449 ὀρθῶς
952 2395 993 2434 ἂν
1016 2395 1105 2449 ἔχοι.
1126 2397 1197 2437 Καὶ

137 2457 207 2512 γὰρ
227 2455 427 2503 ἀνάπαυσίς
443 2473 496 2502 τις
513 2459 535 2505 ἡ
551 2457 679 2497 παιδιὰ
700 2457 769 2501 τοῖς
784 2456 1051 2508 ἀγωνιζομένοις
1062 2487 1073 2505 ,
1097 2472 1197 2496 συνε-

137 2519 212 2572 χῶς
229 2518 269 2556 οὐ
290 2515 494 2570 δυναμένοις
514 2519 652 2566 πονεῖν,
670 2517 693 2566 ἣ
714 2516 776 2564 τὴν
794 2515 940 2567 δύναμιν
964 2516 1080 2561 αὐτοῖς
1105 2518 1194 2554 ἀνα-

138 2576 366 2630 καλουμένη,
394 2579 466 2621 τοῖς
492 2575 610 2621 πόνοις
642 2578 806 2627 ἀκμῆτας
837 2575 1064 2615 ἀποδίδωσιν.
1086 2573 1196 2616 Ὄθεν

138 2638 181 2678 οὐ
198 2637 300 2683 τέλος
316 2639 340 2685 ἡ
359 2636 558 2681 ἀνάπαυσις
584 2637 664 2676 ἀλλ’
695 2635 927 2680 ἀναπαύσεως
959 2635 1114 2688 ἐνέργεια
1135 2637 1195 2675 τέ-

136 2697 212 2743 λος.
225 2695 331 2746 Ἔτι,
345 2701 456 2736 πᾶσιν
482 2696 706 2747 ὁμολογεῖται
720 2694 779 2734 τὸν
798 2693 990 2745 εὐδαίμονα
1014 2695 1087 2747 βίον
1105 2695 1197 2734 κατὰ

137 2753 201 2804 τὴν
215 2755 344 2809 ἀρετὴν
367 2750 476 2794 εἶναι·
496 2748 594 2799 οὗτος
614 2754 650 2794 δὲ
667 2755 757 2807 μετὰ
779 2755 932 2801 σπουδῆς
947 2771 956 2780 ·
975 2755 1035 2794 καὶ
1050 2758 1068 2793 ὁ
1083 2771 1192 2794 σπου-

139 2815 234 2861 δαῖος
253 2817 293 2856 οὐ
307 2815 462 2864 παίζων,
486 2814 579 2854 ἀλλὰ
596 2814 818 2862 σπουδάζων.
837 2813 921 2854 Ἔτι
933 2814 968 2853 δὲ
987 2814 1114 2867 βελτίω
1135 2814 1193 2854 λέ-

137 2890 246 2928 γομεν
267 2869 357 2914 εἶναι
382 2873 428 2913 τὰ
449 2874 628 2914 σπουδαῖα
662 2876 732 2912 τῶν
763 2872 855 2925 μετὰ
889 2874 1034 2918 παιδιᾶς
1059 2873 1119 2912 καὶ
1139 2890 1195 2926 γε·

138 2933 263 2974 λοίων·
284 2933 347 2974 καὶ
375 2936 440 2982 τὴν
461 2933 638 2986 ἐνέργειαν
664 2931 837 2985 βελτίονος
860 2935 922 2980 τῆς
935 2935 1051 2986 ψυχῆς
1073 2932 1197 2986 μέρους

140 2992 422 3041 σπουδαιοτάτην
435 2991 549 3047 φαμέν
563 3007 571 3016 ·
597 2992 638 3032 τὸ
667 2991 703 3031 δὲ
727 2991 863 3046 βέλτιον
886 2992 945 3031 καὶ
967 2995 1029 3030 τοῦ
1053 2993 1196 3045 βελτίο-

138 3069 195 3100 νος
208 3053 334 3108 μέρους
353 3055 488 3106 μᾶλλον
503 3055 549 3106 τῇ
566 3053 773 3106 εὐδαιμονία
786 3051 974 3106 προσήκει.
993 3050 1076 3093 Ἔτι
1093 3055 1113 3100 ἡ
1132 3052 1195 3103 μὲν

141 3113 334 3159 ἀπόλαυσις
353 3115 422 3154 τῶν
438 3114 652 3166 σωματικῶν
674 3113 808 3160 ἡδονῶν
826 3111 924 3160 κοινή
949 3113 1024 3150 ἐστι
1042 3111 1103 3150 καὶ
1121 3117 1194 3158 τοῖς

139 3173 310 3227 τυχοῦσι,
325 3172 388 3213 καὶ
408 3178 482 3218 τοῖς
499 3171 645 3226 φαύλοις
659 3202 670 3224 ,
690 3171 751 3210 καὶ
771 3170 1002 3224 ἀνδραπόδοις
1014 3202 1024 3220 ,
1047 3170 1108 3210 καὶ
1125 3176 1195 3227 τοῖς

142 3231 420 3286 μοχθηροτάτοις
434 3232 568 3272 ἔνεστιν
590 3232 658 3285 οὐχ
678 3225 805 3280 ἧτνον,
829 3229 851 3277 ἢ
882 3237 954 3275 τοῖς
976 3229 1128 3281 ἀρίστοις
1146 3243 1155 3251 ·
1172 3234 1193 3277 ἡ

140 3290 179 3332 δὲ
199 3293 404 3346 εὐδαιμονία
424 3295 494 3333 τῶν
510 3291 663 3345 ἀρίστων
678 3291 823 3344 λέγεται
846 3291 972 3341 μόνον,
1001 3291 1068 3332 καὶ
1084 3289 1194 3334 οὐδεὶς

2239 186 2318 225 555

1270 260 1394 302 sciunt,
1414 263 1502 304 apud
1524 273 1618 306 reges
1635 267 1669 298 et
1689 266 1864 310 principes,
1890 268 1923 302 in
1944 277 2062 312 magno
2074 269 2198 304 honore
2215 274 2292 305 sunt
2310 286 2319 306 ι

1267 314 1401 356 quando
1415 317 1502 349 enim
1517 327 1555 350 ea
1572 319 1638 352 illis
1652 320 1877 363 suppeditant,
1888 332 1966 365 quae
1979 326 2138 366 expetunt
2151 327 2185 358 et
2200 326 2322 367 quibus

1267 367 1310 399 ad
1324 368 1422 401 istam
1435 379 1511 412 quae
1529 372 1627 414 vulgo
1646 375 1784 415 putatur
1796 375 2037 410 beatitudinem
2055 380 2162 419 egent,
2180 379 2318 421 jucundi

1267 420 1308 453 iis
1338 425 1427 456 sunt.
1457 425 1680 462 Quamobrem
1714 428 1785 461 ludi
1814 429 1857 462 ad
1890 430 1994 463 vitam
2030 431 2163 465 beatam
2198 433 2322 466 idcirco

1266 474 1431 516 pertinere
1462 477 1630 519 videntur,
1654 480 1734 523 quia
1758 482 1910 516 homines
1929 483 2067 526 imperio
2093 495 2131 518 ac
2156 488 2321 528 potestate

1267 527 1400 570 praediti
1423 528 1457 561 in
1476 529 1530 562 his
1546 532 1690 565 maxime
1719 537 1917 567 versantur:
1939 545 2004 568 non
2024 537 2190 578 pertinent
2210 540 2320 571 tamen

1266 580 1308 613 ad
1323 590 1420 613 eam:
1440 592 1547 625 neque
1566 585 1653 617 enirn
1669 586 1787 619 talium
1819 588 1992 622 hominum
2022 590 2170 623 calculus
2191 595 2320 625 certum

1265 635 1337 676 ejus
1368 635 1416 668 rei
1455 636 1585 678 signum
1625 641 1687 671 est.
1721 642 1835 682 Neque
1863 642 1948 674 enim
1979 642 2013 675 in
2050 644 2236 686 principatu
2262 647 2321 678 aut

1266 687 1375 720 virtus
1405 690 1472 729 est,
1506 693 1564 724 aut
1598 699 1692 724 mens
1716 701 1795 726 sana
1832 694 1988 733 maxime,
2014 705 2033 727 a
2059 696 2183 738 quibus
2205 697 2317 739 probae

1265 741 1412 774 muneriS
1455 741 1640 777 functiones
1674 746 1938 787 proficiscuntur.
1970 750 2084 791 Neque
2116 750 2195 792 quia
2237 751 2317 784 libc-

1265 795 1369 827 ralem
1401 796 1434 827 et
1457 804 1575 837 puram
1609 797 1815 840 voluptatem
1842 800 1975 833 omnino
2005 811 2175 844 nunquam
2205 806 2320 845 gusta-

1265 849 1352 886 runt,
1381 856 1418 880 ac
1441 851 1614 890 propterea
1654 850 1696 883 ad
1724 853 1870 894 corporis
1899 854 2088 896 voluptates
2113 855 2319 898 confugiunt,

1266 901 1390 934 idcireo
1403 904 1659 936 consentaneum
1676 907 1727 937 est
1742 915 1801 938 nos
1815 906 2006 940 existimare
2022 909 2082 941 has
2102 909 2144 942 iis
2153 919 2229 952 quae
2242 920 2321 944 vere

1266 957 1344 987 sunt
1375 955 1562 997 voluptates
1596 958 1808 999 optabiliores
1829 969 1911 993 esse.
1944 962 2027 994 Nam
2060 964 2093 994 et
2129 963 2224 1005 pueri
2244 973 2320 1006 quae

1265 1008 1354 1050 apud
1390 1008 1479 1053 ipsos
1510 1009 1545 1041 in
1577 1009 1703 1043 honore
1746 1014 1780 1045 et
1816 1013 1923 1055 pretio
1963 1016 2061 1054 sunt,
2097 1018 2216 1058 putant
2249 1027 2321 1051 esse

1265 1062 1390 1104 optima
1411 1075 1418 1094 :
1441 1066 1475 1095 at
1505 1065 1721 1106 neque.viris
1740 1075 1778 1099 ea
1799 1075 1876 1109 quae
1903 1076 2083 1109 puerorum
2108 1072 2185 1102 sunt
2211 1071 2318 1113 magni

1271 1115 1369 1158 pretii
1388 1125 1460 1149 esse
1474 1116 1640 1157 videntur,
1658 1128 1765 1161 neque
1781 1119 1843 1154 viri
1857 1119 1934 1153 boni
1947 1121 2061 1153 eadem
2075 1132 2152 1164 qua>
2170 1123 2320 1156 homines

1264 1169 1343 1202 mali
1369 1169 1626 1204 admirabuntur
1651 1184 1658 1203 ι
1682 1172 1764 1205 alios
1785 1173 1909 1215 quippe
1928 1173 2022 1206 dictu
2052 1175 2210 1217 speciosa,
2238 1177 2321 1210 alios

1264 1232 1343 1256 vera
1367 1224 1521 1267 voluptas
1542 1224 1688 1258 maxime
1710 1225 1901 1259 delectabit.

1307 1277 1598 1316 Quemadmodum
1628 1279 1729 1321 igitur
1755 1279 1790 1312 in
1825 1280 1987 1324 principio
2021 1282 2150 1315 dictum
2185 1285 2252 1320 est,
2281 1294 2320 1317 ea

1262 1335 1341 1366 sunt
1358 1342 1436 1367 vere
1460 1334 1570 1376 magni
1591 1333 1686 1376 pretii
1700 1336 1734 1367 et
1751 1334 1901 1376 honesta,
1921 1346 1998 1379 quae
2023 1337 2167 1369 miratur
2179 1338 2320 1380 quibus·-

1260 1397 1326 1432 que
1359 1388 1545 1422 delectatur
1577 1389 1629 1422 vir
1661 1388 1796 1431 probus.
1830 1391 1996 1428 Quoniam
2028 1401 2108 1425 vero
2144 1393 2321 1435 unusquis-

1262 1453 1328 1487 que
1356 1444 1457 1477 etiam
1478 1443 1664 1478 functiones
1693 1444 1794 1477 animi
1814 1445 1867 1478 sui
1895 1445 2062 1479 habitibus
2084 1451 2320 1482 consentaneas

1262 1500 1420 1543 requirit,
1461 1509 1582 1544 easque
1622 1501 1767 1534 maxime
1800 1502 2002 1544 expetendas
2032 1512 2104 1536 esse
2135 1504 2317 1545 existimat,

1262 1556 1314 1589 vir
1341 1557 1464 1600 probus
1506 1559 1618 1590 autem
1652 1557 1835 1590 secundum
1864 1557 1999 1590 virtutis
2032 1558 2184 1591 habitum
2214 1559 2315 1598 vivit,

1256 1611 1473 1645 manifestum
1491 1614 1558 1654 est,
1575 1613 1724 1647 honestis
1743 1615 1928 1648 actionibus
1948 1624 2027 1648 eum
2043 1614 2219 1656 delectari,
2238 1625 2312 1649 eas-

1256 1675 1322 1707 que
1346 1666 1454 1708 magni
1476 1667 1575 1710 pretii
1596 1669 1629 1701 et
1648 1668 1812 1710 J'ucundas
1834 1677 1906 1702 esse
1929 1669 2095 1710 statuere,
2115 1668 2212 1702 ludos
2232 1679 2312 1703 vero

1254 1722 1430 1765 jocosque,
1457 1724 1616 1765 tanquam
1644 1724 1688 1757 ab
1715 1724 1829 1756 babitu
1853 1734 1913 1758 suo
1938 1725 2063 1758 alienos
2088 1727 2308 1758 contemnere.

1256 1780 1368 1817 Quum
1389 1780 1502 1812 autem
1529 1781 1620 1812 recte
1642 1781 1677 1812 et
1701 1779 1891 1822 incorrupte
1915 1779 1968 1812 hic
1988 1779 2132 1821 judicet,
2160 1778 2313 1821 sequitur

1254 1844 1322 1868 non
1348 1834 1456 1875 magni
1484 1833 1582 1876 pretii
1610 1842 1683 1867 esse
1710 1834 1828 1867 ludum
1858 1836 1893 1868 et
1917 1843 2030 1877 Jocum
2043 1859 2051 1875 ,
2078 1833 2220 1875 ideoque
2249 1842 2314 1865 non

1262 1889 1440 1922 consistere
1467 1890 1503 1921 in
1535 1898 1574 1921 eo
1592 1887 1844 1921 beatitudinem.
1870 1887 2002 1920 Etenim
2024 1888 2208 1921 absurdum
2231 1891 2317 1921 esset

1262 1956 1375 1979 rerum
1398 1946 1623 1978 humanarum
1637 1944 1735 1977 tinem
1753 1953 1826 1977 esse
1839 1944 1963 1986 jocum,
1987 1944 2163 1986 omniaque
2188 1945 2319 1986 negotia

1260 2010 1371 2044 gerere
1403 2002 1438 2033 et
1464 1999 1626 2033 molestiis
1648 2001 1720 2031 toto
1744 1998 1824 2031 vitae
1850 1999 1957 2041 spatio
1979 1999 2044 2041 joci
2076 2008 2175 2031 causa
2202 1999 2315 2032 confli-

1263 2057 1357 2091 ctari.
1389 2057 1425 2090 Si
1455 2057 1532 2100 quis
1564 2056 1652 2089 enim
1676 2056 1762 2088 hanc
1789 2064 1862 2088 esse
1897 2055 2136 2088 beatitudinem
2167 2058 2315 2096 censeat,

1262 2123 1467 2156 consequens
1487 2113 1560 2151 erit,
1580 2114 1618 2145 ut
1632 2113 1705 2145 haec
1721 2111 1819 2144 etiam
1834 2110 2008 2144 concedat.
2027 2111 2191 2144 Nimirum
2210 2111 2316 2144 beati-

1262 2170 1389 2203 tudinis
1421 2179 1521 2203 causa
1546 2171 1656 2202 omnia
1676 2169 1821 2211 petimus
1845 2180 1852 2200 ε
1883 2170 1989 2201 totam
2018 2168 2122 2201 vitam
2145 2170 2258 2202 autem
2283 2169 2317 2201 in

1263 2226 1432 2259 laboribus
1446 2228 1478 2259 et
1498 2226 1597 2258 rebus
1626 2225 1720 2258 seriis
1739 2224 1876 2258 ludendi
1892 2226 1925 2257 et
1944 2224 2076 2267 jocandi
2093 2234 2193 2257 causa
2207 2227 2316 2258 conte-

1263 2293 1354 2320 rere.
1395 2283 1496 2316 nimis
1533 2283 1674 2315 stultum
1712 2281 1846 2314 videtur
1886 2291 1957 2314 esse
2000 2283 2034 2314 et
2069 2290 2146 2314 sane
2177 2282 2314 2323 puerile.

1262 2341 1384 2375 Contra
1415 2349 1495 2372 vero
1517 2341 1555 2371 ut
1585 2348 1637 2372 res
1661 2338 1763 2371 serias
1794 2347 1889 2380 agere
1916 2337 2038 2380 possis,
2064 2337 2179 2371 ludere
2212 2338 2314 2378 velle,

1257 2399 1353 2441 juxta
1376 2395 1638 2429 Anacharchidis
1666 2396 1882 2438 praeceptum‚
1907 2394 2031 2426 bonum
2058 2395 2090 2426 et
2107 2394 2317 2436 probandum

1262 2455 1324 2485 est.
1354 2451 1486 2485 Etenim
1520 2450 1652 2493 requies
1674 2449 1830 2492 quaedam
1854 2449 1954 2482 ludus
1977 2450 2027 2481 est
2044 2448 2154 2481 animo
2180 2451 2317 2482 eonten-

1260 2508 1430 2546 dentibus,
1450 2506 1507 2548 qui
1525 2505 1669 2539 assiduis
1691 2505 1860 2538 laboribus
1876 2513 1973 2547 pares
1991 2513 2062 2537 esse
2083 2513 2148 2536 non
2165 2507 2314 2546 possunt,

1215 2567 1218 2570 ’
1261 2565 1296 2596 et
1316 2563 1439 2595 ideirco
1463 2562 1552 2595 vires
1574 2561 1640 2594 illis
1660 2560 1818 2599 restituit,
1842 2562 1874 2593 et
1891 2557 2073 2592 indefessos
2087 2559 2204 2592 iisdem
2220 2560 2315 2592 labo-

1261 2623 1354 2655 ribus
1392 2619 1513 2653 reddit.
1539 2617 1762 2657 Quamobrem
1795 2625 1860 2648 non
1902 2616 1976 2648 linis
2006 2617 2057 2648 est
2083 2614 2226 2657 requies,
2258 2614 2317 2648 sed

1260 2678 1420 2722 requietis
1438 2676 1512 2709 tinis
1528 2677 1578 2708 est
1596 2674 1733 2706 functio.
1753 2674 1920 2705 Praeterea
1936 2674 2066 2704 constat
2090 2671 2177 2704 inter
2189 2680 2313 2710 omnes,

1261 2737 1366 2769 vitam
1387 2735 1518 2769 beatam
1540 2743 1611 2767 esse
1630 2733 1803 2766 honestam
1829 2732 1863 2763 et
1884 2731 2033 2762 sanctam
2054 2740 2061 2760 ε
2093 2728 2179 2761 seria
2203 2730 2316 2760 autem

1260 2793 1311 2824 est
1329 2792 1411 2830 haec,
1444 2799 1551 2833 neque
1571 2789 1622 2822 vir
1648 2788 1773 2831 probus
1795 2789 1845 2821 est
1872 2786 1971 2828 talis,
1990 2787 2158 2828 quatenus
2171 2785 2314 2827 Joeatur,

1260 2847 1318 2884 sed
1331 2849 1498 2891 quatenus
1512 2855 1566 2879 res
1581 2845 1683 2878 serias
1699 2844 1777 2886 agit.
1802 2845 1942 2885 Insuper
1963 2841 2117 2875 meliores
2138 2851 2210 2875 esse
2232 2841 2316 2874 dici-

1259 2913 1335 2937 mus
1354 2912 1407 2936 res
1424 2902 1527 2935 serias
1551 2900 1674 2943 jocosis
1688 2902 1722 2932 et
1743 2898 1893 2932 ridiculis
1911 2910 1919 2930 ι
1943 2897 2025 2940 quin
2049 2897 2149 2930 etiam
2169 2897 2315 2930 melioris

1259 2959 1361 2992 animi
1377 2958 1483 3001 partis
1498 2956 1701 2990 functionem
1715 2955 1861 2988 maxime
1875 2953 1998 2987 seriam
2020 2963 2178 2986 vocamus
2197 2963 2204 2984 :
2223 2952 2315 2996 quod

1259 3025 1338 3049 vero
1369 3015 1490 3048 melius
1509 3015 1542 3047 et
1567 3013 1714 3047 melioris
1743 3015 1795 3046 est
1825 3011 1949 3055 partis,
1984 3009 2184 3043 beatitudini
2210 3010 2315 3051 magis

1259 3071 1424 3104 convenit.
1455 3071 1623 3104 Praeterea
1655 3069 1803 3112 eorporis
1826 3068 2036 3110 voluptatum
2073 3066 2202 3098 fructus
2229 3059 2315 3097 com-

1260 3129 1371 3162 munis
1397 3130 1470 3161 tum
1490 3126 1590 3170 plebi,
1606 3129 1680 3160 tum
1696 3126 1794 3159 malis
1814 3125 2014 3162 hominibus,
2034 3126 2106 3155 tum
2128 3121 2310 3163 mancipiis,

1257 3193 1364 3227 neque
1396 3183 1507 3216 minus
1539 3182 1752 3226 nequissimis
1786 3180 1975 3214 hominibus
2003 3179 2106 3215 inest,
2139 3187 2241 3219 quam
2274 3186 2313 3208 o-

1257 3240 1372 3284 ptimis
1401 3252 1410 3273 :
1434 3241 1468 3276 at
1493 3239 1665 3275 beatitudo
1692 3238 1894 3281 optimorum
1916 3238 2047 3268 tantum
2080 3233 2204 3266 dicitur
2226 3241 2309 3271 esse,

1254 3306 1363 3340 neque
1377 3296 1556 3340 quisquam
1572 3305 1644 3329 eam
1659 3295 1756 3328 malis
1773 3294 1874 3327 etiam
1890 3291 2080 3325 hominibus
2096 3289 2202 3322 inesse
2220 3287 2310 3321 affir-

184 3452 203 3472 *
218 3452 372 3497 Καθάπερ
390 3452 446 3486 οὖν
466 3451 618 3489 πολλάκις
632 3452 758 3495 εἴρηται
777 3452 847 3484 κτλ.
