2528 3788
13 460 31 589 *twa-z.
12 308 33 456 mni-tess<
30 278 32 281 .

44 407 60 421 τι,
46 322 62 388 =··*5·,-„,
46 239 62 257 7⁴

866 361 991 434 DE
1055 360 1513 438 EUSEBIO.

163 757 375 809 Eusebius,
395 757 560 809 scriptor
579 753 759 800 lonicus,
783 752 894 804 cujus
916 752 1030 804 plura
1057 752 1159 802 frag-

110 825 239 859 mnu
275 815 426 869 partim>
451 813 663 863 Florilegio
695 811 838 864 partim
874 810 1028 860 Eclogis
1059 810 1158 862 phy-

110 876 204 918 sicis
217 884 257 916 et
270 875 410 915 ethicis
429 874 595 914 inseruit
608 871 800 920 Stobaeus‚
814 871 863 910 ab
883 870 971 909 aliis
985 870 1053 908 alii
1072 870 1159 921 phi-

109 936 367 990 losophorum
405 934 514 985 gregi
556 941 848 972 annumeratur.
880 930 978 969 Mihi
1006 929 1161 969 videtur

50 1000 54 1005 ⁴
108 1007 193 1036 ase
210 994 480 1047 Myndiusille
499 992 740 1032 Platonicam
761 1000 901 1030 sectam
933 990 1132 1042 professus
1147 1020 1157 1039 ,

15 1064 19 1086 ἰ
43 1045 67 1105 {⁷
109 1053 254 1095 masii
289 1053 526 1106 discipulus,
562 1052 721 1103 magica·
765 1051 860 1090 artis
896 1059 933 1089 et
970 1050 1160 1100 theurgiae

106 1122 344 1163 contemtor,
374 1113 423 1152 de
455 1126 534 1165 quo
565 1112 803 1151 mentionem
837 1110 928 1149 sacit
960 1109 1160 1162 Eunapius

35 1154 43 1167 Δ·
85 1187 148 1227 ·p.
171 1173 236 1220 48.
263 1171 315 1227 (ι)
335 1172 477 1223 Arguit
499 1180 627 1211 autem
647 1170 860 1223 Porphyrii
880 1178 919 1209 et
941 1169 1026 1221 ejus
1047 1170 1158 1208 fami-

105 1234 171 1273 liae
200 1241 429 1273 sectatorem
465 1245 546 1270 non
583 1232 709 1270 solum
753 1230 916 1269 Iustitia
955 1230 1159 1280 geniorum

111 1293 232 1333 choro
250 1292 395 1346 stipata
413 1291 517 1332 Flor.
537 1290 680 1339 XLVI,
704 1292 753 1329 32
774 1290 840 1341 (α’),
865 1289 932 1328 sed
951 1291 1066 1328 etiam
1083 1303 1164 1328 vox

110 1353 257 1405 ἄγγελος
285 1365 360 1406 pro
388 1350 525 1403 δαίμων
555 1350 731 1389 adhibita
761 1350 898 1400 Eclog.
920 1349 992 1390 lib.
1017 1349 1054 1387 II
1074 1363 1160 1401 cap.

107 1410 203 1454 Vm
237 1412 307 1464 (3).
330 1411 415 1451 Huc
446 1410 598 1450 accedit
632 1410 762 1460 magni
799 1409 1012 1457 Mercurii,
1034 1409 1074 1448 id
1109 1417 1168 1449 est

95 1513 106 1519 ⁵
148 1523 196 1567 (1)
215 1523 382 1567 Eunnpius
397 1523 458 1556 vit.
476 1522 576 1566 Soph.
593 1531 627 1564 p.
646 1525 697 1555 48.
721 1522 767 1564 (2)
784 1521 947 1554 Eusebius
966 1521 1052 1563 apud
1084 1522 1159 1553 Sto-

108 1569 218 1605 baeum
232 1571 320 1604 Ποῖ.
331 1572 448 1610 XLVI,
466 1572 506 1603 32
522 1570 652 1611 (fragm.
667 1568 723 1611 45)
741 1569 841 1611 ἀρχὴν
858 1568 942 1610 ἔχων
958 1569 1002 1610 μὴ
1020 1568 1162 1608 ἀπομνη-

107 1619 238 1654 mahte
251 1619 329 1662 πρὸς
347 1619 419 1657 τοὺς
435 1619 467 1651 ἐν
483 1617 670 1660 διχοστασίῃ
687 1629 739 1650 σοι
760 1618 907 1659 πρότερον
925 1617 1160 1657 γεγενημένους.

108 1658 234 1711 oedip
247 1667 330 1704 ὅκως
346 1667 482 1709 ἀμύνηαι
498 1665 627 1708 ἐχθροὺς
644 1665 694 1697 ἐπὶ
712 1666 766 1704 τήν
783 1664 883 1706 ἀρχὴν
899 1664 927 1697 εἴ
945 1664 1159 1706 ἀραιρημένος,

105 1713 175 1748 ἀλλ’
193 1713 277 1752 ὅκως
295 1714 350 1746 καὶ
369 1717 424 1753 τῆς
443 1711 518 1756 παρ’
535 1713 637 1746 ἄλλων
657 1713 824 1751 ἐπιὸουλῆς
842 1711 999 1755 ἀσφαλέας
1019 1712 1072 1743 καὶ
1089 1711 1160 1743 ἀνε-

2 3325 24 3421 νν-ςε-
4 3285 19 3309 „r

43 1792 45 1794 .
107 1762 328 1799 πιδουλεύτους
356 1761 489 1802 φυλάξῃς
506 1759 578 1797 τοὺς
596 1760 659 1793 ὑπὸ
675 1761 727 1792 σοὶ
752 1760 976 1802 τεταγμένους,
991 1758 1057 1791 ἀλλ’
1080 1758 1162 1794 ὅκως

110 1810 167 1842 τοῦ
177 1808 272 1852 ὀρθοῦ
283 1808 379 1849 φύλαξ
394 1808 447 1850 ἕης
460 1807 514 1840 καὶ
529 1808 601 1839 θεοῦ
612 1806 746 1848 μεγάλης
756 1831 765 1846 ,
777 1806 975 1846 δικαιοσύνης
987 1831 996 1846 ,
1010 1806 1162 1846 ὑπηρέτης

39 1868 41 1870 ’
107 1865 143 1889 τε
159 1857 214 1889 καὶ
230 1855 392 1898 ἐξηγητής.
413 1855 516 1889 ’Ώστε
531 1853 620 1895 παρὰ
634 1854 674 1886 τὰ
692 1854 771 1896 αὐτῇ
794 1854 943 1887 δοκέοντα
970 1854 1085 1886 ποιέων
1108 1853 1162 1885 καὶ

107 1903 204 1944 αὐτῆς
222 1902 514 1946 καταψευδόμενος,
529 1903 572 1940 ὡς
589 1901 621 1939 ἐς
638 1902 707 1935 θεὸν
724 1901 873 1943 μεγίστην
890 1902 1075 1942 ἁμαρτάνων
1085 1923 1094 1940 ,
1108 1899 1163 1931 καὶ

106 1951 184 1995 παρ’
199 1952 298 1992 αὐτῆς
313 1953 368 1985 καὶ
383 1955 448 1985 τῶν
459 1952 530 1994 περὶ
546 1950 641 1989 αὐτὴν
657 1950 854 1992 τεταγμένων
871 1949 1027 1991 δαιμόνων
1046 1947 1164 1988 ἐφόρων

106 2011 143 2034 τι
157 2000 213 2034 καὶ
228 2003 373 2042 τιμωρῶν
389 2001 444 2038 τὴν
463 2003 527 2032 τῶν
546 1998 742 2038 ποιευμένων
766 2001 855 2039 μῆνιν
873 1996 1054 2038 προσδέκεο.
1070 1993 1163 2027 Simi-

106 2046 182 2082 liter
200 2046 400 2091 Porphyrius
412 2047 455 2080 de
470 2055 600 2079 summo
617 2047 687 2078 Deo
703 2053 742 2077 ac
754 2044 796 2076 de
807 2041 929 2084 triplici
942 2041 1034 2083 prole
1049 2040 1164 2073 divina

107 2093 142 2127 in
159 2093 243 2128 Phil.
258 2094 316 2128 Gr.
337 2095 465 2136 Fragm.
481 2092 555 2126 Vol.
568 2093 586 2125 1
602 2100 635 2134 p.
658 2093 712 2124 191
732 2099 800 2131 seq.
816 2090 860 2128 Σή
873 2090 933 2132 γὰρ
950 2088 1027 2130 ὑπὲρ
1041 2089 1162 2130 κόσμον

109 2151 146 2175 τι
162 2142 216 2175 καὶ
230 2142 361 2184 οὐρανὸν
383 2141 571 2184 ἀστερόεντα
586 2143 688 2182 χρυσῆ
707 2139 886 2179 ὑπέρκειται
907 2137 1007 2175 πολλὴ
1036 2137 1161 2173 αἰώνιος

109 2188 191 2228 ἀλκή
202 2213 213 2228 ,
228 2188 266 2230 ἧς
293 2189 519 2232 ὓπερηὼρησαι
537 2187 648 2229 ὀρίνων
675 2186 753 2227 φωτὶ
770 2183 925 2225 σεαυτόν,
945 2182 1066 2220 ἀενάοις
1086 2183 1160 2225 ὀχε-

110 2239 196 2269 *roim
211 2238 345 2275 τιθηνῶν
362 2241 436 2268 νοῦν
454 2235 626 2268 ἀτάλαντον
639 2258 649 2275 ,
664 2234 697 2270 ὃς
716 2234 756 2275 ῥα
771 2234 841 2264 κυεῖ
856 2231 928 2263 τόδε
952 2233 1014 2262 πᾶν
1029 2229 1157 2262 τεκνού-

109 2293 202 2325 laevo<
218 2282 345 2324 ἄφθιτον
360 2282 456 2323 ὕλην,
473 2282 510 2323 ἧς
531 2282 650 2323 γένεσις
667 2280 833 2318 δεδόκηται
843 2304 852 2320 ,
871 2278 925 2310 ὅτε
941 2287 1000 2320 σφε
1016 2277 1162 2309 τύποισιν

109 2330 236 2370 Ιδησας.
254 2330 364 2363 Ἔνθεν
381 2329 593 2372 ἐπεισρείουσι
612 2329 705 2370 γοναὶ
729 2327 830 2368 ἁγίων
850 2326 905 2367 μὲν
926 2325 1070 2358 ἀνάκτων
1086 2324 1163 2366 ἀμφί

109 2388 166 2420 σε,
183 2378 421 2422 παντὸκρατορ,
447 2378 654 2421 βασιλεύτατε
679 2377 733 2408 καὶ
757 2375 834 2417 μὸνε
862 2375 981 2413 θνητῶν
1002 2372 1163 2405 ἀθανάτων

74 2457 81 2462 .
109 2436 145 2460 τε
164 2426 263 2469 πάτερ
280 2427 448 2469 μακάρων·
466 2427 500 2459 at
519 2426 547 2458 δ’
561 2425 640 2458 εἰσὶν
660 2425 784 2467 ἄτερθεν
794 2448 803 2464 ,
818 2423 855 2455 ἐκ
869 2422 924 2454 σέο
939 2421 994 2462 μὲν
1007 2423 1162 2461 γεγαυῖαι,

106 2474 163 2509 ὑπ’
181 2473 343 2516 ἅγγελίῃσι
353 2473 381 2508 δ’
391 2475 512 2508 ἕκαστα
526 2473 730 2516 πρεσόυγενεί
745 2472 888 2511 διάγουσι
907 2470 970 2511 νόῳ
991 2469 1042 2500 καὶ
1055 2468 1164 2509 κάρτεϊ

108 2525 156 2561 τῷ
172 2525 233 2563 σῷ.
253 2522 336 2563 Πρὸς
354 2522 382 2555 δ’
401 2522 446 2555 ἔτι
465 2522 520 2554 καὶ
535 2520 638 2563 τρίτον
652 2520 728 2552 ἄλλο
743 2520 832 2561 γένος
848 2517 985 2556 ποίησας
1001 2515 1158 2555 ἀνάκτων,

109 2571 140 2606 o!
160 2571 188 2615 ῤ’
203 2571 277 2608 ἑκὰς
292 2571 380 2612 ἦμαρ
394 2570 525 2612 ἄγουσιν
548 2570 758 2610 ἂνυμνείοντες
778 2568 898 2603 ἀοιδαῖς
918 2564 1110 2608 βουλόμενόν
1130 2562 1162 2596 σ’

109 2618 460 2660 ἐθέλοντις,ἀοιδιάουσι
467 2618 502 2652 δέ
510 2617 540 2651 σ’
555 2618 714 2656 osc-:fram
731 2616 757 2648 δ’
772 2616 841 2648 ἐσσὶ
851 2614 955 2655 πατὴρ
966 2614 1020 2645 καὶ
1033 2613 1162 2654 μητέρος

58 2692 60 2695 -
108 2667 225 2708 ἀγλαὸν
240 2667 323 2704 εἶδος
338 2667 391 2699 καὶ
408 2677 526 2700 τεκεων
537 2666 622 2708 τέρεν
631 2666 732 2704 ἄνθος,
744 2665 775 2696 ἐν
786 2663 900 2695 εἶδεσιν
910 2662 991 2698 εἶδος
1000 2661 1160 2701 ὑπάρχων,

110 2714 167 2748 καὶ
177 2714 326 2758 ψυχὴκαὶ
337 2718 461 2756 πνεῦμα
469 2715 523 2746 καὶ
535 2714 669 2756 ἁρμονίη
677 2713 730 2744 καὶ
739 2710 876 2752 ἀριθμός.
887 2726 930 2734 -
940 2708 984 2750 (3)
1001 2707 1163 2740 Eusebius

106 2761 197 2806 apud
210 2762 377 2796 Stohoeum
393 2762 504 2804 Eclog.
521 2761 578 2795 lib.
599 2763 630 2795 11
650 2769 724 2802 cap.
746 2759 826 2792 VIII
845 2757 898 2800 (t'r.
919 2757 989 2798 63.)
1007 2757 1079 2798 περὶ
1098 2758 1162 2788 τῶν

106 2808 146 2851 δὴ
162 2811 216 2844 καὶ
231 2810 335 2844 αὐτῶν
351 2811 370 2844 ὁ
386 2810 605 2853 προειρημένος
624 2809 752 2848 ἄγγελος
771 2806 980 2847 ἀπηγήσεται.
999 2803 1164 2837 Hierocles

109 2858 203 2892 aurei
219 2857 376 2892 carminis
389 2859 559 2891 enarrator
576 2857 611 2890 in
627 2855 713 2889 Phil.
731 2855 836 2888 Graec.
852 2853 926 2886 Vol.
948 2854 962 2885 1
979 2861 1012 2895 p.
1029 2854 1090 2884 424
1109 2864 1118 2884 :
1133 2852 1161 2884 οἳ

107 2905 147 2947 δὴ
165 2906 220 2939 καὶ
236 2906 366 2943 εἰκότως
383 2905 495 2947 ἀγαυοὶ
508 2906 606 2947 ἥρωες
622 2906 781 2945 λέγονται,
795 2902 907 2943 ἀγαυοὶ
922 2901 977 2943 μὲν
990 2901 1032 2936 ὡς
1049 2899 1159 2939 ἀγαθοὶ

39 2984 42 2985 ⁷
105 2952 191 2992 ὄντες
205 2953 258 2986 καὶ
275 2953 418 2992 φωτεινοὶ
432 2952 480 2985 ἀεὶ
505 2953 557 2985 καὶ
575 2951 647 2993 μήτ”
666 2952 698 2984 ἐν
716 2949 816 2991 κακίᾳ
842 2947 914 2989 μήτ’
928 2948 960 2980 ἐν
979 2947 1057 2988 λήθῃ
1084 2947 1160 2979 ποτὲ

105 2999 272 3042 γινόμενοι,
281 2999 380 3040 ἥρωες
389 2998 422 3030 δὲ
438 2999 481 3035 ὡς
499 2997 610 3041 epum}
622 3007 701 3035 τινες
717 2996 803 3032 ὄντες
813 2995 867 3027 καὶ
878 2995 971 3035 ἐρωες
980 3018 988 3032 ,
1001 2993 1067 3025 οῑον
1083 2993 1161 3034 ἐρω-

105 3047 187 3080 τικοὶ
195 3046 248 3078 καὶ
258 3045 447 3078 διαλεκτικοὶ
457 3045 586 3087 ἐρασταὶ
595 3048 652 3078 τοῦ
660 3046 742 3085 θεοῦ,
752 3043 888 3086 αἴροντες
897 3044 980 3082 ἡμᾶς
990 3040 1044 3072 καὶ
1057 3040 1163 3082 κουφί-

108 3096 211 3133 ζοντες
225 3094 302 3137 πρὸς
317 3093 372 3132 τὴν
383 3092 466 3126 θείαν
481 3092 645 3127 πολιτείαν
662 3092 724 3124 ἀπὸ
738 3095 791 3129 τῆς
805 3091 836 3123 ἐν
851 3093 890 3131 γῇ
907 3088 1162 3130 διατριὸῆς.Τοὺς

110 3141 264 3180 δὲαῦτοὺς
272 3142 327 3175 καὶ
339 3141 488 3183 δαίμονας
497 3141 631 3182 ἀγαθοὺς
639 3141 747 3173 καλεῖν
761 3140 840 3177 ἔθος,
849 3139 891 3174 ὡς
906 3137 995 3172 ὄντας
1008 3135 1164 3177 δαήμονας

109 3192 163 3224 καὶ
184 3190 396 3230 ἔπιστήμονας
413 3193 477 3222 τῶν
494 3190 586 3223 θείων
606 3189 728 3230 νόμων,
744 3187 811 3220 ἔστι
828 3186 860 3219 δὲ
877 3185 929 3218 ὅτε
946 3184 1000 3216 καὶ
1016 3183 1164 3224 ἀγγέλους

109 3240 151 3276 ὡς
171 3237 369 3279 ἐκφαίνοντας
397 3238 450 3270 καὶ
474 3238 711 3278 διαγγέλλοντας
739 3237 817 3277 ἡμῖν
835 3233 906 3270 τοὺς
931 3232 1006 3274 πρὸς
1033 3230 1164 3269 εὔζωΐαν

108 3283 254 3322 κανόνας.
267 3283 472 3326 Porphyrius
488 3285 558 3326 περὶ
577 3285 700 3326 ἀποχῆς
725 3281 782 3314 lib.
804 3282 847 3322 11,
871 3283 912 3313 38
934 3280 965 3312 ἐν
985 3279 1018 3311 δὲ
1043 3278 1163 3316 τούτοις

110 3330 251 3373 [ἀγαθοῖς
277 3330 436 3373 δαίμοσιν]
462 3331 648 3372 ἀριθμητέον
675 3331 730 3363 καὶ
757 3329 830 3366 τοὺς
857 3327 1086 3370 πορθμεύοντας
1096 3351 1105 3366 ,
1123 3327 1164 3364 ὥς

110 3389 186 3421 φησι
214 3370 371 3418 Πλάτων’,
399 3378 455 3412 καὶ
473 3378 712 3420 διαγγέλλοντας
737 3378 777 3410 τὰ
801 3381 877 3417 παρ’
892 3375 1065 3418 ἀνθρώπων
1085 3375 1165 3411 θεοῖς

116 3427 171 3460 καὶ
190 3427 232 3460 τὰ
250 3426 337 3470 παρὰ
355 3427 434 3460 θεῶν
454 3427 628 3470 ἀνθρώποις
640 3452 648 3468 ,
665 3427 721 3463 τὰς
739 3426 795 3467 μὲν
812 3424 885 3466 παρ’
903 3426 992 3464 ἡμῶν
1009 3422 1104 3464 εὐχὰς
1122 3424 1164 3459 ὡς

1226 753 1420 792 Hermetis
1454 753 1703 804 Trismegisti
1718 783 1728 803 ‚
1757 763 1794 792 et
1828 754 2072 805 reliquorum
2107 753 2270 792 deorum

1223 822 1303 852 tuin
1330 821 1437 852 vates
1457 822 1537 851 tum
1559 814 1759 852 consultor
1780 815 1914 864 genius
1938 813 2083 851 ibidem
2107 826 2273 851 comme-

1224 881 1398 911 moratus
1419 872 1472 923 (4)
1488 901 1498 920 ,
1518 872 1586 923 qui
1608 886 1688 910 non
1711 873 1895 911 convenit
1914 873 1992 910 nisi
2013 873 2055 910 in
2075 872 2273 910 hominem

1224 945 1273 971 ex
1286 932 1548 971 recentiorum
1564 932 1856 970 Platonicorum
1871 932 2081 984 disciplina
2100 933 2266 970 doctum.

1221 993 1296 1031 Sed
1314 1006 1401 1031 cum
1420 1000 1558 1031 caetera
1572 1001 1662 1030 sunt
1678 992 1834 1042 egregia
1845 992 2048 1043 sapientiae
2063 1001 2269 1043 praecepta,

1222 1067 1308 1104 quae
1337 1053 1436 1092 locis
1464 1052 1549 1104 ejus
1581 1066 1604 1091 a
1633 1052 1787 1090 Stobaeo
1820 1053 1982 1091 servatis
2010 1052 2273 1100 continentur,

1222 1119 1302 1150 tuni
1325 1111 1424 1150 nihil
1444 1112 1675 1164 praeclarius
1695 1111 1763 1150 illa
1786 1112 2048 1164 disputatione
2062 1140 2073 1159 ,
2095 1125 2172 1162 qua
2195 1112 2275 1149 du-

1222 1171 1364 1222 plicem
1398 1171 1627 1210 hominibus
1662 1171 1823 1210 vivendi
1863 1171 1964 1210 viam
1979 1201 1990 1219 ‚
2035 1171 2195 1209 alteram
2227 1172 2276 1209 ad

1223 1230 1384 1268 virtutis
1403 1243 1529 1268 arcem
1548 1230 1751 1269 ducentem
1763 1261 1773 1278 ‚
1792 1230 1951 1268 alteram
1970 1229 2018 1267 ad
2034 1228 2175 1267 vitium
2193 1242 2277 1280 per-

1224 1290 1432 1338 tinentem,
1455 1289 1697 1342 propositam
1724 1302 1808 1328 esse
1837 1289 1949 1328 docet
1970 1289 2038 1339 (5).
2060 1288 2155 1339 Ejus
2182 1302 2275 1326 vero

1225 1349 1507 1402 disputationis
1541 1350 1626 1388 fons
1656 1349 1850 1388 habentur
1870 1348 2031 1388 Hesiodi
2057 1350 2178 1387 verba
2197 1348 2273 1401 Op.

1225 1416 1264 1447 et
1280 1409 1326 1448 D.
1343 1422 1404 1449 vs,
1426 1409 1607 1459 285—290
1629 1423 1638 1446 ε

1222 1521 1374 1562 ραινέσεις
1404 1522 1458 1553 καὶ
1494 1521 1659 1558 νουθεσίας
1688 1522 1766 1561 μετὰ
1802 1524 1954 1562 μαντειῶν
1981 1522 2161 1562 ἐκφέροντας
2188 1524 2274 1562 ἡμῖν.

1225 1568 1425 1601 lamblichus
1443 1568 1646 1610 Theologum
1665 1568 1805 1602 Arithm.
1822 1577 1854 1610 p.
1876 1571 1915 1600 42
1934 1578 2003 1609 seq.
2023 1570 2092 1600 Ast.
2108 1581 2160 1600 και
2180 1570 2278 1602 Βαὸυ-

1222 1616 1343 1649 λωνίων
1356 1619 1386 1648 οἱ
1404 1617 1613 1659 δοκιμώτατοι
1626 1617 1680 1648 καὶ
1701 1615 1861 1654 Ὀστάνης
1873 1617 1927 1648 καὶ
1941 1616 2148 1659 Ζωροάστρης
2166 1617 2276 1658 ἀγέλας

1222 1664 1336 1705 κυρίως
1359 1666 1492 1696 καλοῦσι
1519 1664 1574 1702 τὰς
1594 1664 1742 1705 ἀστρικὰς
1764 1663 1914 1705 σφαίρας,
1939 1664 2008 1702 ἤτοι
2035 1665 2108 1706 παρ’
2131 1664 2206 1696 όσον
2221 1674 2275 1696 τε-

1222 1711 1311 1748 λείως
1328 1711 1457 1750 ἄγονται
1473 1712 1542 1753 περὶ
1567 1711 1603 1743 τὸ
1616 1711 1742 1752 κέντρον
1765 1711 1856 1751 μόναι
1875 1710 1961 1752 παρὰ
1978 1710 2019 1742 τὰ
2036 1710 2203 1751 σωματικὰ
2222 1721 2277 1749 με·

1222 1759 1296 1798 γέθη
1307 1783 1316 1799 ,
1334 1760 1354 1798 ἢ
1371 1759 1434 1791 ἀπὸ
1450 1761 1507 1791 τοῦ
1527 1758 1696 1799 σύνδεσμοί
1713 1769 1779 1793 πως
1801 1757 1855 1789 καὶ
1878 1758 2060 1798 συναγωγαὶ
2077 1758 2278 1800 χρηματίζειν

1223 1806 1462 1847 ὃογμοιτίζεσθαι
1478 1805 1550 1846 παρ’
1564 1805 1668 1837 αὐτῶν
1691 1809 1753 1837 τῶν
1773 1808 1914 1846 φυσικῶν
1942 1805 2063 1846 λόγων,
2087 1805 2122 1842 ἃς
2149 1806 2278 1845 ἀγέλους

1223 1854 1304 1886 κατὰ
1321 1853 1361 1885 τὰ
1380 1853 1460 1885 αὐτὰ
1483 1854 1634 1884 καλοῦσιν
1654 1853 1686 1885 ἐν
1706 1856 1770 1889 τοῖς
1788 1854 1880 1893 ἱεροῖς
1905 1853 2025 1892 λόγοις,
2047 1852 2129 1885 κατὰ
2152 1853 2275 1893 παρέμ-

1222 1912 1345 1934 πτωσιν
1365 1901 1396 1932 δὲ
1425 1903 1480 1932 τοῦ
1507 1900 1618 1942 γάμμα
1646 1900 1842 1942 ἐφθαρμένως
1870 1900 2037 1940 ἀγγέλους·
2058 1900 2106 1932 διὸ
2130 1900 2276 1937 καὶτοὺς

1223 1950 1295 1981 καθ’
1309 1947 1444 1985 ἑκάστην
1461 1947 1580 1979 τούτων
1598 1950 1661 1979 τῶν
1690 1947 1832 1988 ἀγγέλων
1860 1946 2043 1987 ἐξάρχοντας
2071 1946 2203 1988 ἀστέρας
2224 1949 2277 1979 καὶ

1223 1996 1373 2038 δαίμονας
1401 1994 1518 2034 ὁμοίως
1549 1995 1699 2036 ἀγγέλους
1719 1994 1772 2026 καὶ
1802 1993 2019 2035 ἀρχαγγέλους
2044 1994 2277 2035 προσαγορεύε-

1223 2045 1314 2083 σθαι,
1328 2044 1416 2084 οἵπερ
1430 2043 1508 2075 εἰσὶν
1524 2042 1604 2074 ἑπτὰ
1619 2043 1671 2074 τὸν
1687 2041 1834 2083 ἀριθμόν,
1849 2041 1933 2073 ὥστε
1947 2040 2078 2081 ἀγγελία
2091 2041 2172 2073 κατὰ
2187 2044 2278 2073 τοῦτο

1222 2092 1408 2134 ἐτυμώτατα
1425 2093 1445 2130 ἡ
1462 2090 1608 2131 ἑὸδομάε.
1625 2089 1829 2130 Augustinus
1844 2088 1885 2121 de
1905 2087 1975 2121 civ.
1995 2088 2055 2120 Dei
2073 2089 2113 2127 X,
2130 2091 2149 2120 9
2169 2103 2174 2120 :
2196 2090 2277 2121 Por-

1224 2138 1358 2182 phyrius
1378 2138 1523 2171 animam
1538 2137 1621 2169 dicit
1641 2145 1700 2178 per
1715 2135 1876 2178 quasdam
1891 2135 2150 2168 consecrationes
2170 2135 2280 2168 theur-

1223 2187 1329 2228 gicas,
1357 2194 1440 2227 quas
1465 2184 1583 2218 teletas
1612 2184 1750 2223 vocant,
1769 2183 1919 2216 idoneam
1948 2182 2020 2215 lieri
2050 2185 2150 2224 atque
2168 2185 2279 2223 aptam

1223 2232 1422 2274 susceptioni
1446 2231 1620 2274 spirituum
1641 2233 1675 2264 et
1690 2231 1881 2272 angelorum
1899 2232 1933 2263 et
1950 2231 1991 2263 ad
2011 2230 2170 2263 videndos
2186 2230 2276 2263 deos,

1223 2281 1314 2314 Idem
1334 2279 1415 2312 ibid.
1438 2281 1657 2319 Quamquam·
1681 2277 1846 2310 discernat
1865 2277 2091 2318 (Porphyrius)
2111 2286 2132 2309 a
2152 2276 2279 2309 daemo-

1222 2329 1320 2361 nibus
1351 2327 1500 2368 angelos,
1518 2335 1608 2359 aeria
1635 2334 1708 2358 esse
1736 2326 1808 2358 loca
1837 2325 2043 2363 daemonum,
2065 2324 2201 2357 aetheria
2226 2325 2279 2358 vel

1224 2384 1376 2418 empyrea
1393 2373 1559 2407 disseiens
1575 2373 1764 2416 angelorum
1785 2375 1849 2406 etc.
1865 2373 1955 2406 Idem
1974 2372 2028 2405 lib.
2045 2373 2086 2412 X,
2106 2376 2145 2405 26
2163 2373 2280 2406 Nescio

1223 2423 1388 2467 quomodo
1415 2424 1591 2463 (quantum
1622 2421 1705 2453 mihi
1730 2420 1874 2461 videtur)
1895 2420 2011 2453 amicis
2035 2420 2104 2453 suis
2132 2420 2279 2462 theurgis

1223 2468 1440 2504 erubescebat
1458 2467 1669 2510 Porphyrius.
1687 2469 1770 2501 Nam
1787 2467 1851 2501 ista
1863 2470 2031 2509 utcunque
2045 2467 2207 2510 sapiebat,
2220 2468 2279 2500 sed

1222 2519 1336 2549 contra
1353 2515 1534 2548 multorum
1553 2514 1691 2547 deorum
1711 2515 1838 2548 cultum
1855 2524 1920 2547 non
1938 2515 2040 2548 libere
2071 2515 2275 2548 defendebat.

1222 2562 1263 2595 Et
1278 2562 1411 2605 angelos
1427 2561 1551 2603 qnippe
1569 2561 1651 2594 alios
1675 2570 1748 2594 esse
1768 2561 1939 2604 di‹·it,qui
1966 2561 2118 2595 deorsum
2144 2562 2279 2594 descen-

1222 2610 1336 2643 dentes
1369 2609 1555 2643 hominibus
1584 2609 1762 2652 theurgicis
1784 2609 1894 2642 divina
1916 2611 2153 2652 praenuntient,
2175 2610 2277 2653 alios,

1224 2658 1281 2699 qui
1299 2659 1333 2690 in
1351 2659 1448 2690 terris
1463 2666 1502 2690 ea
1516 2665 1592 2699 quae
1610 2657 1714 2699 patris
1731 2659 1808 2690 sunt
1827 2660 1860 2690 et
1876 2658 2083 2691 altitudinem
2103 2658 2174 2698 ejus
2200 2666 2278 2699 pro-

1224 2705 1484 2747 funditatemque
1496 2705 1673 2738 declarent.
1689 2707 1775 2738 Num
1789 2705 1891 2747 igitur
1909 2706 1970 2738 hos
1981 2706 2123 2747 angelos,
2136 2714 2279 2747 quorum

1222 2753 1442 2786 ministerium
1461 2755 1511 2786 est
1530 2752 1699 2786 declarare
1717 2753 1921 2786 voluntatem
1940 2754 2060 2795 patris,
2080 2752 2279 2785 credendum

1223 2802 1273 2834 est
1290 2801 1375 2833 velle
1402 2810 1462 2833 nos
1489 2799 1604 2841 subdi,
1622 2800 1686 2834 nisi
1706 2800 1756 2842 ei,
1774 2801 1869 2843 cujus
1887 2800 1980 2833 nobis
2002 2800 2196 2833 annuntiant
2215 2809 2277 2833 vo·
2304 2822 2306 2824 -

1223 2848 1409 2882 luntatem?
1427 2848 1521 2882 Unde
1544 2848 1668 2891 optime
1684 2848 1838 2882 admonet
1854 2849 1954 2882 etiam
1982 2849 2052 2890 ipse
2071 2848 2275 2886 Platonicus,

1223 2894 1399 2928 imitandos
1418 2904 1476 2928 eos
1495 2895 1623 2938 potius,
1643 2903 1742 2937 quam
1769 2895 1980 2929 invocandos.
1997 2896 2086 2928 Idem
2104 2895 2185 2927 ibid.
2202 2896 2278 2927 Jam

1223 2942 1402 2976 distinxisti
1420 2943 1568 2986 angelos,
1587 2943 1644 2984 qui
1663 2943 1765 2985 patris
1783 2943 1978 2976 annuntiant
1996 2943 2199 2975 voluntatem
2211 2967 2219 2981 ,
2234 2941 2278 2973 ab

1224 2989 1272 3022 eis
1288 2989 1407 3032 angelis
1417 3015 1426 3031 ‚
1444 2990 1502 3032 qui
1517 2990 1560 3022 ad
1575 2990 1733 3031 theurgos
1749 2990 1918 3031 homines,
1934 2989 2044 3022 nescio
2062 2998 2128 3028 qua
2144 2988 2278 3022 deducti

1224 3040 1313 3079 arte,
1341 3038 1545 3072 descendunt.
1570 3040 1634 3071 etc.
1662 3039 1713 3071 ct.
1737 3039 1766 3071 J.
1789 3040 1826 3071 Α.
1857 3037 2026 3070 Fabricius
2056 3035 2274 3078 Bibliograph.

1225 3087 1396 3128 Antiquar.
1417 3095 1488 3128 cap.
1507 3087 1587 3119 VIII
1603 3086 1622 3128 §
1640 3088 1679 3119 27
1696 3095 1768 3128 pag.
1789 3088 1860 3119 379.
1877 3103 1917 3109 -
1931 3086 1976 3126 (4)
2000 3084 2159 3116 Eusebius
2187 3083 2276 3124 apud

1225 3135 1392 3168 Stobaeum
1419 3134 1529 3175 Eclog.
1551 3133 1607 3166 lib.
1628 3135 1658 3165 II
1685 3143 1756 3175 cap.
1775 3134 1851 3166 VIII
1866 3133 1922 3174 (fr.
1940 3133 1993 3172 63)
2023 3133 2075 3163 καὶ
2104 3131 2156 3162 διὰ
2183 3132 2276 3161 τοῦτο

1224 3184 1405 3226 παραινέω,
1424 3183 1495 3215 θεοῦ
1514 3182 1650 3223 μεγάλου
1670 3182 1793 3224 Ἑρμέω
1816 3182 1869 3213 καὶ
1891 3182 1967 3212 θεῶν
1986 3183 2049 3211 τῶν
2066 3180 2184 3211 λοιπῶν
2202 3188 2276 3218 προ·

1223 3232 1320 3274 φήτης
1344 3242 1378 3263 τε
1394 3231 1448 3263 καὶ
1466 3231 1640 3271 σύμὸουλος
1666 3230 1757 3270 λόγος
1781 3230 1848 3261 κτλ.
1865 3228 1967 3269 -(5)
1999 3226 2160 3259 Eusebius
2190 3223 2277 3265 apud

1224 3279 1392 3311 Stobaeum
1420 3277 1526 3319 Eclog.
1555 3276 1613 3309 lib.
1645 3278 1675 3309 II
1696 3285 1767 3318 cap.
1785 3277 1864 3308 VIII
1882 3275 1934 3315 (fr.
1956 3274 2010 3317 63)
2030 3276 2099 3305 θεοῦ
2129 3273 2159 3309 ἐξ
2181 3272 2276 3312 ἀρχῆς

1226 3326 1376 3366 φήναντος
1407 3328 1452 3366 τῷ
1489 3324 1570 3364 γένεϊ
1609 3326 1672 3355 τῶν
1703 3323 1874 3364 ἀνθρώπων
1906 3322 1989 3354 κατὰ
2023 3322 2062 3352 τά
2093 3319 2277 3360 φατιζόμενα

1224 3372 1295 3415 ὄψις
1311 3373 1423 3409 ἐούσας
1440 3372 1606 3413 διαφανέας
1619 3395 1628 3411 ,
1646 3371 1714 3403 ὁδοὶ
1730 3371 1872 3412 διφάσιαι
1886 3370 2055 3411 προκέαται
2074 3368 2142 3408 βίου
2155 3367 2275 3407 ψυχῇσι

1223 3421 1414 3464 ἀνθρώπων,
1440 3419 1631 3460 ἀδαμαντίνῃ
1663 3421 1798 3459 αἱμασιῇ
1829 3417 1996 3459 παχυτάτῃ
2029 3416 2082 3447 καὶ
2103 3415 2133 3451 ἐς
2162 3413 2276 3445 πολλὸν

109 3474 186 3515 πρὸς
201 3474 351 3512 δικαστὰς
369 3474 580 3517 ἀναφίροντεις
606 3475 680 3512 τοὺς
705 3474 811 3515 θεούς,
828 3474 883 3510 τὰς
902 3471 937 3504 δὲ
957 3470 1085 3504 ἐκείνων
1101 3481 1163 3503 πα·
1190 3459 1196 3503 Ι
1226 3470 1304 3511 ὕψος
1332 3468 1514 3521 ἀνηκούσῃ,
1530 3468 1613 3499 κατὰ
1629 3467 1669 3499 τὰ
1692 3467 1754 3499 ὑπὸ
1771 3469 1828 3498 τοῦ
1856 3466 1888 3501 ἐξ
1912 3466 2008 3507 ἀρχῆς
2034 3463 2202 3505 φήναντος,
2221 3460 2276 3492 ἀτί
