2528 3788
52 311 54 314 ,
119 275 246 326 lubi-es
274 273 457 310 comitata
487 279 553 312 est.
573 273 663 310 Mali
690 271 863 322 quaedam
889 272 1020 321 portio
1040 272 1166 310 fatalis

59 328 62 330 ’
113 333 192 386 jam
211 378 214 381 Δ
237 332 480 370 nascentibus
521 332 633 368 nobis
691 331 868 368 omnibus
923 330 1165 369 admiscetur.

55 402 59 407 ‘
117 393 275 449 Quippe
291 391 438 429 semina
470 404 588 440 quum
610 392 684 427 sint
703 390 900 436 mortalia,
921 391 1046 426 statim
1078 403 1166 439 par-

54 470 59 471 ⁷
119 461 196 502 tem
215 450 328 499 hujus
347 463 465 492 causae
492 452 698 495 sustinent,
726 462 794 487 cur
818 450 959 499 ingenii
989 450 1166 496 tarditas,

50 532 57 556 ;
117 511 269 557 morbi,
285 522 404 558 curae,
425 523 529 547 mors
547 510 713 558 denique
731 510 812 559 ipsa
832 508 944 544 nobis
963 509 1164 557 obrepant.

50 565 63 600 ἶ
118 572 196 611 Cur
211 582 303 608 vero
327 582 374 607 eo
394 570 585 607 aberravit
600 569 748 605 oratio?
764 580 901 617 nempe
921 574 964 604 ut
983 568 1170 617 intelliga-

59 664 61 666 ,
118 625 228 681 mus,
251 642 334 667 non
369 630 590 667 inusitatum
612 628 762 664 homini
794 639 870 664 esse
895 627 1168 674 infortunium,

51 707 53 734 3
118 689 187 732 sed
206 701 337 726 omnes
369 701 440 728 nos
458 689 527 725 sub
553 687 706 724 eosdem
727 698 834 722 casus
853 697 932 722 esse
959 685 1164 732 subjectos.

43 789 46 797 ,
119 751 260 790 verum
294 746 375 800 (64)
409 747 707 797 haudquaquam
725 757 792 782 sua
812 746 924 794 culpa
944 745 984 781 in
1009 746 1168 782 miseriis

51 810 62 858 '¹
119 809 263 847 versari
281 819 461 857 magnum
488 810 542 844 est
562 805 820 842 calamitatum
835 804 1019 841 levamen.

171 869 231 907 De
263 866 468 917 Euthynoo
500 863 585 918 (65)
624 866 721 901 Italo
752 862 971 911 hujusmodi
999 863 1170 900 narratio

120 929 253 968 fertur.
271 927 382 967 Hunc
399 927 500 964 enim
513 925 641 974 Elysio
655 932 765 974 patre
776 952 785 970 ,
804 925 975 962 Terinaeo
991 951 1001 970 ,
1018 924 1170 975 virtute,

121 988 284 1028 fortunis
298 1014 309 1034 ,
326 987 449 1036 gloria
475 985 616 1023 civium
638 997 795 1021 suorum
817 982 991 1033 principe
1016 991 1170 1028 natum,

121 1048 322 1099 repentina
355 1052 481 1083 morte
524 1045 576 1081 ob
609 1045 796 1081 incertam
832 1054 985 1079 causam
1021 1042 1170 1079 obiisse.

121 1105 383 1158 Quamobrem
405 1105 533 1155 Elysio
553 1105 654 1155 patri
677 1102 773 1156 (qui
798 1103 905 1140 illum
933 1102 1089 1138 unicum
1106 1102 1174 1138 lia-

121 1168 267 1206 buisset
297 1165 438 1212 filium,
468 1166 722 1203 maximarum
751 1163 971 1199 divitiarum
998 1169 1035 1198 et
1057 1174 1174 1212 opum

26 1229 29 1235 '
60 1274 62 1277 .
120 1227 330 1276 heredem)
351 1225 530 1264 incidisse
551 1225 828 1275 suspicionem,
851 1235 935 1272 quae
956 1222 1119 1259 forsitan
1139 1230 1176 1259 et

125 1288 206 1326 aliis
219 1284 561 1332 incidisset,filiu1n
577 1296 723 1320 veneno
744 1289 920 1319 necatum
938 1294 1028 1319 esse.
1049 1283 1176 1330 Quum

125 1353 252 1384 autem
269 1344 487 1390 dubitaret,
517 1342 718 1394 quomodo
740 1354 821 1378 rem
852 1342 1055 1390 explorare
1078 1354 1178 1391 pos-

127 1413 204 1452 set,
225 1405 371 1443 venisse
398 1417 487 1442 eum
518 1404 558 1440 in
587 1402 957 1452 psychomanteum,
989 1402 1178 1450 sacrisque

126 1466 293 1516 legitime
321 1471 521 1516 operatum
539 1463 628 1499 loco
654 1462 714 1498 isti
733 1459 1023 1507 indormivisse,
1049 1473 1092 1498 ac
1114 1468 1177 1498 ta-

126 1525 200 1562 lem
219 1524 383 1574 speciem
400 1535 472 1573 per
490 1534 665 1558 somnum
685 1521 720 1557 ei
748 1532 825 1557 esse
845 1520 1027 1558 oblatam.
1050 1521 1178 1557 Visum

75 1592 77 1595 “
126 1597 207 1623 esse
237 1590 388 1634 patrem
415 1581 465 1619 ad
501 1581 626 1630 ipsum
659 1579 862 1624 accedere;
890 1591 1006 1628 quem
1034 1587 1180 1629 postea-

126 1656 241 1700 quam
271 1641 543 1692 conspexisset,
576 1646 734 1676 narrato
766 1636 835 1674 filii
870 1650 982 1683 casu,
1015 1640 1180 1676 oraverit

125 1701 534 1754 atque-obsecraverit,
553 1707 597 1736 ut
615 1700 654 1739 in
669 1710 782 1735 causa
801 1699 936 1734 mortis
953 1699 1180 1736 invenienda

126 1775 167 1801 se
188 1761 400 1811 adjuvaret.
429 1759 682 1810 Respondisse
702 1765 850 1808 patrem
874 1769 883 1796 :
913 1758 1095 1806 equidem
1114 1757 1178 1795 id-

127 1823 233 1860 circo
256 1820 414 1870 adsum3
436 1819 504 1856 sed
522 1819 571 1856 ab
596 1819 668 1854 isto
688 1817 820 1866 accipe
850 1829 934 1865 quae
956 1817 1025 1853 tibi
1043 1817 1177 1865 affert3

127 1881 236 1918 inde'
260 1880 362 1917 enim
404 1879 533 1915 omnia
571 1889 778 1927 cognosces
792 1903 803 1922 ,
841 1876 982 1925 quibus
1026 1890 1175 1915 moeres.

127 1941 256 1979 Fuisse
279 1951 373 1977 vero
406 1951 492 1976 eum
523 1950 637 1987 quem
664 1944 774 1986 pater
792 1933 986 1973 indicabat
1001 1936 1180 1984 juvenem

125 2012 230 2050 pone
252 2006 498 2050 sequentem,
520 2004 629 2034 aetate
651 2003 690 2034 et
708 2003 852 2033 statura
873 1994 941 2031 filii
961 2009 1176 2047 propemo-

129 2058 222 2096 dum
246 2059 428 2104 similem;
461 2058 815 2106 interrogatumque
847 2057 932 2105 quis
963 2063 1079 2103 esset,
1112 2070 1179 2095 re-

129 2117 328 2168 spondisse
351 2129 360 2155 t
384 2117 517 2166 genius
533 2127 616 2152 sum
630 2115 700 2151 filii
721 2116 801 2161 tui,
821 2115 1009 2164 simulque
1026 2116 1061 2152 ei
1081 2129 1180 2166 por-

127 2179 266 2217 rexisse
283 2177 482 2214 codicillos
494 2204 505 2222 ,
522 2176 662 2224 quibus
675 2175 838 2212 evolutis
855 2175 1002 2224 Elysius
1020 2182 1094 2212 tres
1112 2177 1182 2214 hos

35 2227 38 2246 ²
98 2262 103 2268 ,
129 2249 259 2275 versus
277 2237 467 2274 invenerit
489 2236 592 2272 intus
609 2241 782 2272 exaratos
806 2246 815 2271 :

182 2315 459 2364 Quaeris,stulte
468 2314 665 2351 i’homines
676 2313 817 2349 insanis
827 2312 1020 2349 mentibus
1030 2321 1160 2351 errant
1170 2326 1179 2353 ε

179 2387 229 2412 en
243 2373 346 2423 ,iacet
364 2374 588 2422 Euthynous
603 2372 707 2408 fatali
725 2379 849 2408 morte
862 2379 1068 2422 peremtus.

181 2435 278 2474 Nam
303 2434 377 2472 fuit
394 2433 527 2471 utilius
545 2431 647 2470 finiri
665 2433 814 2482 ipsique
833 2433 1026 2482 patrique.

126 2524 298 2562 Deorum
331 2522 605 2561 immortalium
636 2521 782 2570 judicia
815 2522 940 2558 solent
970 2522 1010 2558 in
1041 2522 1182 2559 scholis

128 2581 305 2634 proferre
325 2581 374 2618 de
395 2588 543 2628 morte3
561 2594 632 2618 nec
656 2594 749 2617 vero
769 2594 811 2618 ea
831 2580 974 2630 fingere
992 2581 1086 2631 ipsi,
1116 2582 1182 2618 sed

131 2641 333 2680 Herodoto
351 2641 432 2691 (66)
454 2648 612 2678 auctore
632 2642 790 2690 aliisque
803 2641 990 2691 pluribus.
1013 2642 1180 2678 Primum

128 2701 281 2752 Argiva
299 2700 533 2750 sacerdotis,
561 2701 711 2738 Cleobis
732 2708 770 2737 et
800 2701 915 2739 Biton
929 2729 939 2747 ‚
960 2699 1052 2746 filii,
1078 2713 1181 2750 prae-

128 2758 305 2798 dicantur
325 2772 335 2797 :
363 2767 456 2797 nota
488 2760 617 2797 sabula
638 2765 705 2799 est.
728 2761 855 2808 Quum
877 2760 978 2796 enim
1005 2761 1109 2797 illam
1130 2761 1180 2798 ad

42 2867 43 2870 Ἰ
128 2819 294 2858 solemne
311 2827 350 2857 et
361 2827 500 2857 statum
519 2818 747 2857 sacrificium
765 2832 880 2856 curru
898 2820 984 2856 vehi
995 2818 1057 2868 jus
1073 2830 1180 2867 esset,

37 2919 53 2926 ⁴
76 2875 80 2881 ’
129 2879 217 2916 satis
238 2879 352 2930 longe
372 2880 421 2916 ab
450 2880 597 2929 oppido
617 2880 666 2917 ad
686 2880 836 2926 fanum,
861 2888 1181 2931 morarenturque

36 2934 45 2952 ””
66 2975 67 2978 ,
123 2936 298 2986 jumenta
320 2951 330 2975 ε
361 2946 451 2976 tunc
465 2937 621 2987 juvenes
640 2939 667 2975 ii
688 2951 787 2988 quos
813 2939 932 2975 modo
953 2941 1177 2988 nominavi,

129 3002 233 3034 veste
251 2998 393 3047 posita,
418 3010 583 3047 corpora
605 2999 691 3035 oleo
711 3007 974 3048 perunxerunt
1004 3013 1012 3037 :
1039 2999 1088 3036 ad
1111 2999 1179 3047 ju-

15 3051 18 3055 ’
39 3045 72 3094 ’,
129 3065 220 3105 gum
239 3065 489 3095 accesserunt.
512 3057 570 3095 Ita
596 3058 773 3095 sacerdos
789 3058 947 3095 advecta
971 3059 1010 3094 in
1030 3058 1177 3109 fanum,

131 3126 252 3164 quum
276 3129 410 3153 currus
429 3123 524 3154 esset
549 3116 685 3154 ductus
711 3130 734 3154 a
752 3116 858 3162 filiis,
877 3125 1032 3167 precata
1057 3130 1079 3154 a
1109 3119 1180 3156 dea

170 3285 238 3329 (64)
254 3286 331 3320 Vid.
350 3286 464 3328 fragm.
485 3291 535 3322 11.
553 3288 674 3331 —(65)
689 3288 764 3323 Vid.
783 3288 899 3330 fragm.
922 3290 970 3320 10.

129 3388 200 3424 neq·
218 3381 334 3416 cicero
352 3382 490 3416 Tuscut.
517 3380 544 3424 1,
567 3385 620 3418 47.
640 3401 681 3409 —
697 3383 766 3426 (67)
783 3383 900 3417 Cicero
916 3383 1051 3416 Tuscul.
1072 3383 1101 3424 1,
1124 3385 1175 3416 48.

0 3335 10 3504 ὲ

839 182 906 225 DE
937 180 1216 223 CRANTORE
1247 179 1552 223 ACADEMIGO

2198 185 2274 224 137

1229 271 1384 315 dicitur,
1405 278 1448 307 ut
1472 271 1544 307 illis
1559 272 1758 321 praemium
1781 271 1889 309 daret
1906 285 1978 322 pro
1994 269 2150 322 pietate,
2170 274 2276 322 quod

1227 332 1433 367 maximum
1452 331 1598 367 homini
1627 331 1709 368 dari
1728 339 1857 381 posset
1878 345 1900 370 a
1920 332 1994 369 deo
2016 344 2026 371 :
2048 341 2155 382 post,
2175 347 2274 383 epu·-

1228 389 1323 427 latos
1342 403 1429 427 cum
1454 398 1574 427 matre
1601 390 1878 438 adolescentes,
1898 405 2033 429 somno
2052 405 2090 429 se
2109 393 2277 439 dedisse,

1229 461 1340 486 mane
1371 450 1546 486 inventos
1580 461 1657 486 esse
1688 458 1874 490 mortuos.
1909 451 2030 489 Simili
2057 453 2280 501 precatione

1229 509 1474 558 Trophonius
1494 517 1529 545 et
1546 509 1756 558 Agamedes
1773 511 1831 546 usi
1845 511 2026 548 dicuntur
2047 524 2056 549 ε
2075 512 2141 560 qui
2161 525 2280 561 quum

1230 567 1401 616 Apollini
1423 567 1582 617 Delphis
1619 568 1801 616 templum
1833 568 2190 617 exaedificavissent‚
2211 582 2280 606 ve-

1230 634 1405 664 nerantes
1425 627 1562 671 deum,
1581 627 1775 676 petierunt
1794 627 2008 664 mercedem
2026 642 2105 666 non
2124 642 2281 679 parvam

1234 686 1390 735 quidem
1424 686 1551 736 operis
1579 693 1615 722 et
1647 685 1789 722 laboris
1820 687 1900 731 sui,
1934 686 2030 723 nihil
2067 689 2182 735 certi,
2217 689 2283 725 sed

1233 746 1340 794 quod
1361 752 1453 782 esset
1473 746 1662 795 optimum
1680 745 1839 784 homini.
1862 746 2010 793 Quibus
2029 747 2169 796 Apollo
2189 760 2228 784 se
2243 747 2284 783 id

1234 804 1414 841 daturum
1444 804 1609 841 ostendit
1637 811 1724 853 post
1752 803 1831 851 ejus
1854 804 1928 841 diei
1954 805 2056 842 diem
2090 807 2243 843 tertium
2272 819 2281 842 ε

1235 865 1301 913 qui
1321 871 1364 900 ut
1394 864 1537 908 illuxit,
1563 863 1707 899 mortui
1737 871 1825 900 sunt
1859 865 2016 914 reperti.
2052 866 2286 903 Judicavisse

1236 925 1349 961 deum
1382 922 1534 968 dicunt,
1562 930 1599 959 et
1619 935 1707 959 eum
1732 923 1890 971 quidem
1907 924 2020 960 deum
2034 952 2044 970 ‚
2066 927 2125 961 cui
2146 926 2287 975 reliqui

1235 983 1288 1020 dii
1314 983 1610 1027 concessissent,
1639 988 1679 1017 ut
1699 989 1837 1031 praeter
1857 990 2011 1019 caeteros
2029 983 2229 1022 divinaret.

1289 1042 1505 1079 Alcidamas
1535 1041 1713 1090 quidem,
1733 1041 1865 1077 rhetor
1894 1043 1932 1078 in
1964 1044 2099 1091 primis
2122 1045 2285 1091 nobilis,

1235 1103 1387 1152 scripsit
1407 1101 1482 1151 (67)
1502 1102 1617 1137 etiam
1637 1100 1897 1138 laudationem
1912 1103 2046 1138 mortis
2059 1130 2069 1148 ‚
2093 1116 2176 1152 quae
2197 1116 2289 1140 cou-

1235 1168 1309 1199 stat
1330 1173 1378 1198 ex
1399 1161 1684 1197 enumeratione
1710 1160 1968 1197 humanorum
1994 1162 2197 1201 malorum.
2219 1164 2289 1199 Cui

1236 1221 1405 1258 rationes
1433 1232 1485 1256 eae
1498 1247 1508 1264 ‚
1528 1232 1612 1268 quae
1633 1220 1855 1269 exquisitius
1874 1232 1895 1256 a
1921 1221 2158 1270 philosophis
2181 1223 2292 1258 colli-

1238 1288 1393 1331 guntur,
1423 1279 1644 1326 defuerunt,
1669 1279 1823 1315 ubertas
1845 1281 2029 1317 orationis
2053 1294 2132 1317 non
2153 1281 2289 1319 defuit.

1241 1340 1358 1377 Clarae
1377 1350 1471 1374 vero
1491 1344 1632 1374 mortes
1645 1365 1655 1383 ,
1677 1349 1750 1387 pro
1770 1339 1895 1387 patria
1918 1340 2119 1388 oppetitae,
2136 1353 2216 1376 non
2232 1353 2292 1376 so-

1238 1400 1318 1435 lum
1346 1398 1524 1447 gloriosae
1552 1397 1772 1434 rhetoribus
1785 1426 1795 1442 ,
1812 1397 1878 1434 sed
1898 1399 2011 1435 etiam
2030 1399 2152 1436 beatae
2170 1398 2293 1436 videri

1240 1459 1377 1495 solent.
1400 1458 1597 1506 Repetunt
1615 1457 1664 1493 ab
1686 1457 1922 1504 Erechtheo,
1943 1457 2051 1505 cujus
2071 1460 2185 1496 etiam
2207 1458 2294 1495 filiae

1240 1517 1381 1567 cupide
1411 1523 1578 1553 mortem
1610 1517 1876 1566 expetiverunt
1917 1529 1991 1566 pro
2023 1518 2101 1555 vita
2137 1519 2291 1556 civium.

1241 1578 1410 1615 Codrum
1438 1583 1674 1626 memorant,
1717 1578 1784 1626 qui
1817 1589 1856 1613 se
1887 1578 1928 1613 in
1965 1578 2114 1615 medios
2142 1579 2295 1616 immisit

1239 1638 1388 1683 hostes,
1408 1636 1725 1683 veste‘samulari,
1748 1649 1797 1673 ne
1822 1644 1950 1686 posset
1975 1639 2151 1687 agnosci,
2173 1639 2294 1688 depo-

1240 1697 1312 1732 sito
1346 1703 1486 1732 ornatu
1513 1696 1642 1745 regio;
1671 1695 1780 1745 quod
1808 1697 2007 1733 oraculum
2032 1704 2114 1733 erat
2143 1698 2294 1744 datum,

1240 1755 1271 1790 si
1295 1758 1363 1790 rex
1394 1753 1614 1790 interfectus
1642 1761 1756 1799 esset,
1785 1755 1962 1791 victrices
1996 1756 2164 1792 Athenas
2195 1757 2293 1796 fore.

1240 1814 1457 1850 Menoeceus
1478 1826 1558 1850 non
1578 1814 1896 1863 praetermittitur,
1924 1815 1992 1863 qui
2013 1816 2169 1851 oraculo
2190 1816 2295 1852 edito

1209 1864 1397 1923 llargitus
1432 1879 1487 1909 est
1517 1873 1650 1922 patriae
1680 1885 1791 1909 suum
1825 1874 2062 1923 sanguinem.
2097 1875 2294 1924 Iphigenia

1208 1935 1214 1975 !
1241 1933 1381 1970 Aulide
1405 1932 1495 1969 duci
1522 1945 1561 1969 se
1597 1933 1872 1970 immolandam
1901 1932 2036 1981 jubet,
2060 1941 2102 1970 ut
2129 1935 2295 1971 hostium

1240 1993 1393 2042 sanguis
1413 1992 1589 2029 eliciatur
1613 2004 1698 2031 suo,
1725 1993 1892 2030 Veniunt
1911 1993 2000 2030 inde
2019 1993 2068 2029 ad
2092 1995 2294 2043 propiora.

1242 2052 1476 2089 Harmodius
1501 2052 1542 2088 in
1564 2064 1632 2088 ore
1652 2059 1690 2089 et
1713 2053 1972 2103 Aristogiton,
1987 2054 2298 2091 Lacedaemonius

1240 2111 1428 2148 Leonidas
1453 2109 1596 2160 aliique
1616 2112 1758 2160 vigent.

1295 2171 1429 2218 Neque
1458 2181 1549 2205 vero
1574 2168 1755 2206 omnibus
1784 2169 1864 2219 (68)
1889 2169 2006 2213 iidem
2034 2171 2084 2207 illi
2111 2171 2298 2220 sapientes

1242 2229 1416 2266 arbitrati
1435 2236 1524 2268 sunt
1552 2229 1717 2266 eundem
1743 2242 1895 2266 cursum
1924 2231 1964 2266 in
1994 2231 2131 2267 coelum
2153 2239 2297 2280 patere.

1242 2290 1340 2327 Nam
1360 2290 1462 2325 vitiis
1484 2295 1521 2325 et
1537 2289 1745 2326 sceleribus
1765 2290 2041 2326 contaminatos
2063 2289 2230 2339 deprimi
2258 2293 2297 2328 in

1242 2349 1418 2389 tenebras
1435 2356 1550 2398 atque
1576 2349 1616 2384 in
1635 2360 1748 2385 coeno
1762 2348 1892 2397 jacere
1910 2348 2128 2386 docuerunt
2147 2361 2158 2389 ε
2176 2359 2298 2389 castos

1242 2418 1367 2447 autem
1388 2410 1554 2455 animos,
1573 2421 1710 2458 puros,
1726 2409 1917 2458 integros,
1940 2410 2208 2460 incorruptos,
2224 2412 2296 2448 bo-

1241 2470 1299 2506 nis
1328 2470 1440 2506 etiam
1473 2469 1607 2506 studiis
1638 2477 1755 2519 atque
1793 2470 1940 2506 artibus
1972 2472 2183 2519 expolitos,
2222 2473 2297 2510 levi

1242 2528 1413 2577 quodam
1432 2535 1470 2564 et
1486 2528 1587 2564 facili
1614 2528 1723 2578 lapsu
1750 2528 1799 2565 ad
1825 2528 1942 2573 deos,
1963 2529 2003 2566 id
2021 2537 2094 2577 est,
2116 2531 2163 2568 ad
2187 2539 2298 2568 natu-

1241 2600 1324 2624 ram
1354 2588 1410 2624 sui
1432 2588 1591 2624 similem
1622 2588 1841 2637 pervolare.
1865 2590 1992 2637 Quum
2023 2602 2114 2627 vero
2149 2590 2229 2640 (69)
2261 2600 2299 2629 et

1245 2658 1366 2682 mares
1386 2653 1422 2682 et
1444 2645 1599 2683 feminas
1618 2647 1833 2696 complures
1847 2660 1893 2684 ex
1909 2648 2131 2687 hominibus
2146 2651 2187 2686 in
2205 2650 2298 2688 deo-

1243 2717 1327 2741 rum
1350 2717 1512 2741 numero
1533 2717 1612 2742 esse
1631 2705 1830 2743 videamus
1849 2714 1887 2743 et
1906 2720 2040 2745 eorum
2070 2709 2111 2745 in
2137 2710 2297 2747 urbibus

1242 2771 1357 2812 atque
1397 2765 1495 2813 agris
1535 2766 1796 2814 augustissima
1832 2766 1994 2804 delubra
2026 2781 2254 2805 veneremur
2284 2782 2294 2806 ἢ

1241 2824 1486 2860 assentiamur
1505 2836 1638 2861 eorum
1654 2827 1869 2875 sapientiae,
1888 2840 2055 2876 quorum
2083 2829 2242 2878 ingeniis
2259 2836 2297 2865 et

1240 2883 1403 2920 inventis
1423 2896 1576 2921 omnem
1595 2885 1711 2922 vitam
1732 2886 1881 2935 legibus
1907 2895 1945 2924 et
1965 2889 2144 2925 institutis
2163 2889 2294 2925 excul-

1242 2949 1318 2979 tam
1351 2945 1676 2994 constitutamque
1716 2945 1914 2983 habemus.
1949 2947 2065 2995 Quod
2105 2949 2134 2984 si
2174 2946 2295 2985 ullum

1239 3014 1409 3051 unquam
1426 3004 1566 3041 animal
1581 3005 1882 3042 consecrandum
1904 3006 1990 3053 fuit,
2010 3007 2102 3043 illud
2121 3007 2294 3056 profecto

1241 3062 1329 3102 suit.
1357 3061 1397 3100 Si
1425 3064 1560 3101 Cadmi
1582 3066 1788 3115 progenies
1818 3074 1883 3103 aut
1914 3067 2203 3116 Amphitryonis
2231 3074 2295 3104 aut

1241 3122 1409 3172 Tyndari
1425 3124 1465 3160 in
1493 3125 1634 3162 coelum
1660 3124 1830 3163 tollenda
1849 3125 1950 3175 fama
1965 3125 2037 3162 fuit
2049 3154 2060 3172 ,
2075 3126 2166 3162 huic
2193 3125 2294 3163 idem

137 3216 2287 3240 Q*

1287 3291 1354 3335 (68)
1374 3294 1567 3328 Lactantius
1579 3295 1686 3329 Instit.
1707 3295 1764 3329 lib.
1783 3296 1843 3335 ΙΙΙ,
1859 3303 1932 3338 cap.
1954 3298 1991 3329 19
2006 3294 2068 3338 §Q
2086 3314 2130 3325 -ο
2144 3294 2209 3337 (69)
2233 3295 2294 3327 La·

172 3333 240 3376 (08)
255 3333 452 3368 Plutarchus
475 3336 608 3369 consol.
636 3337 678 3369 ad
704 3337 809 3378 Apoll.
837 3336 902 3369 vol.
926 3336 1001 3376 vn,
1023 3344 1097 3378 pag.
1119 3339 1179 3369 335
1241 3340 1384 3373 ctantius
1398 3341 1504 3375 Instit.
1523 3340 1578 3375 lib.
1598 3342 1626 3384 1,
1642 3350 1671 3374 c.
1690 3344 1728 3375 15
1745 3341 1885 3385 520.-
