2528 3788
247 230 299 268 44
1176 226 1431 269 SALLUs‘rn

246 324 308 355 tea
329 315 526 365 legebatur
540 313 599 352 καὶ
619 313 695 356 τοὺς
715 311 809 356 θεοὺς
828 309 1084 366 θεραπεύομεν,
1098 313 1158 352 καὶ
1178 330 1282 366 μετα-

246 373 431 424 δάλλομεν.
444 373 518 424 —)

670 482 763 533 Κεφ.
809 482 860 521 ιε’.

398 594 459 627 Διὰ
474 594 503 626 τί
520 593 668 630 ἀνενδεεῖς
687 593 777 630 ὄντας
792 593 863 630 τοὺς
882 593 967 631 θεοὺς
979 597 1130 635 τιμῶμεν.

296 678 365 717 Ἐκ
382 676 417 715 δὲ
442 676 574 715 τούτων
593 676 651 715 καὶ
672 679 693 723 ἡ
716 676 795 728 περὶ
815 677 941 715 θυσιῶν
966 681 980 699 ⁸
1001 677 1060 716 καὶ
1081 679 1146 716 τῶν
1169 678 1283 716 ἄλλων

246 739 314 775 τῶν
339 738 385 780 εἷς
411 734 506 780 θεοὺς
524 735 713 788 γινομένων
739 734 881 774 λέλυται
915 735 1070 783 ζήτησις.
1098 735 1192 775 Αὐτὸ
1219 735 1282 787 μὲν

248 796 314 847 γὰρ
341 795 381 833 τὸ
412 798 499 833 θεῖον
521 795 537 819 ¹³
557 793 730 838 ἀνενδεές·
763 795 800 832 αἱ
827 793 864 832 δὲ
890 794 991 843 τιμαὶ
1021 797 1081 841 τῆς
1111 795 1283 847 ἡμετέρας

241 853 408 905 ὠφελείας
427 852 527 890 ἕνεκα
548 853 711 903 γίνονται.
733 852 806 893 Καὶ
826 855 847 900 ἡ
868 852 931 904 μὲν
951 853 1094 906 πρόνοια
1112 857 1180 893 τῶν
1197 856 1281 892 θεῶν

242 911 400 951 διατείνει
419 914 583 964 πανταχῆ
595 940 605 959 ,
627 911 906 959 ἐπιτηδειότητος
927 912 962 951 δὲ
981 912 1083 963 μόνον
1097 912 1183 964 πρὸς
1196 915 1282 952 ὑπο-

241 970 348 1023 δοχὴν
384 972 512 1009 δεῖται·
545 976 645 1009 πᾶσα
684 971 719 1009 δὲ
755 970 994 1019 ἐπιτηδειότης
1039 971 1187 1022 μιμήσει
1221 972 1281 1012 καὶ

241 1030 421 1080 ὁμοιότητι
442 1029 596 1081 γίνεται,
627 1029 679 1068 διὸ
705 1031 736 1068 οἳ
758 1028 820 1080 μὲν
841 1029 918 1068 ναοὶ
942 1030 1000 1069 τὸν
1018 1030 1163 1079 οὐρανόν
1186 1036 1225 1082 ⁰,
1250 1034 1281 1070 οἱ

241 1086 276 1126 δὲ
310 1087 421 1140 βωμοὶ
452 1090 642 1138 μιμοῦνται
670 1088 732 1135 τὴν
755 1091 841 1140 γῆν,
869 1089 913 1127 τὰ
937 1087 972 1126 δὲ
1003 1087 1196 1140 ἀγάλματα
1215 1088 1279 1136 τὴν

238 1146 352 1196 ζωήν,
371 1146 431 1185 καὶ
451 1146 508 1184 διὰ
527 1151 626 1185 τοῦτο
649 1145 747 1199 ζῴοις
765 1146 997 1194 ἀπείκασται,
1012 1148 1047 1184 αἱ
1069 1145 1104 1184 δὲ
1123 1146 1224 1198 εὐχαὶ
1244 1146 1283 1185 τὸ

240 1205 377 1257 νοερόν,
400 1208 432 1244 οἱ
461 1204 496 1243 δὲ
515 1209 737 1257 χαρακτῆρες
760 1206 821 1249 τὰς
839 1206 1012 1259 ἀῤῥήτους
1030 1206 1102 1244 ἅνω
1120 1206 1282 1256 δυνάμεις

238 1263 267 1311 d,
288 1263 432 1316 βοτάναι
449 1262 483 1302 δὲ
499 1263 559 1301 καὶ
574 1263 662 1302 λίθοι
679 1270 693 1288 ‘³
708 1263 771 1311 τὴν
791 1265 878 1311 ὕλην
891 1294 900 1312 ,
920 1265 964 1304 τὰ
982 1264 1018 1303 δὲ
1038 1264 1188 1313 θυόμενα
1209 1267 1281 1315 ζῷα

237 1322 299 1369 τὴν
317 1324 351 1361 ἐν
371 1326 456 1372 ἡμῖν
474 1321 600 1372 ἄλογον
619 1321 724 1368 ζωήν.
744 1322 813 1361 Ἐκ
833 1322 868 1361 δὲ
886 1322 1015 1361 τούτων
1033 1323 1197 1370 ἁπάντων
1213 1327 1283 1365 τοῖς

239 1380 301 1431 μὲν
320 1386 406 1424 θεοῖς
427 1380 530 1418 πλέον
552 1380 649 1418 οὐδέν
663 1395 671 1403 ·
688 1379 723 1418 τί
745 1380 811 1432 γὰρ
832 1379 873 1418 ἂν
911 1382 1016 1418 πλέον
1043 1380 1176 1431 γένοιτο
1196 1382 1280 1432 θεῷ;

237 1443 320 1490 ἡμῖν
341 1440 377 1478 δὲ
395 1439 479 1491 πρὸς
498 1438 645 1483 ἐκείνους
661 1438 792 1489 γίνεται
807 1439 960 1492 συναφή.

297 1503 310 1520 '³
326 1497 401 1537 Καὶ
423 1501 445 1544 ἠ
466 1497 546 1548 περὶ
563 1497 714 1548 θυσιῶν]
728 1497 776 1535 de
795 1497 998 1535 sacrificiis
1015 1497 1105 1534 vide
1122 1496 1277 1534 Iambli-

239 1557 352 1594 chum
381 1557 509 1605 Segm.
538 1555 568 1592 V
592 1556 640 1593 de
668 1563 826 1606 myster.
852 1569 935 1606 cap.
958 1562 1006 1600 ²4
1028 1564 1065 1593 et
1086 1556 1136 1592 25
1153 1584 1162 1602 ‚
1186 1555 1282 1593 Por-

237 1616 419 1666 phyrium
440 1616 487 1652 de
509 1614 650 1654 abstin.
667 1614 738 1653 lib.
758 1613 792 1653 11
810 1628 894 1666 cap.
914 1621 960 1660 24
984 1624 1020 1653 et
1040 1615 1221 1652 Proclum
1239 1616 1279 1652 in

237 1674 337 1712 Tim.
368 1673 441 1712 lib.
464 1673 482 1710 I
506 1686 591 1724 pag.
617 1678 674 1717 ¹4·
692 1673 730 1712 d.
754 1693 806 1702 —
822 1672 838 1697 ¹³
860 1674 944 1710 αὐτὸ
965 1673 1027 1723 μὲν
1048 1673 1114 1724 γὰρ
1133 1672 1173 1711 τὸ
1190 1675 1278 1711 θεῖον

237 1730 417 1782 ἀνενδεές]
439 1732 552 1770 Conf.
578 1732 761 1769 Proclum
780 1733 821 1769 in
843 1731 946 1771 Tim.
972 1732 1039 1769 lib.
1061 1732 1077 1769 1
1099 1745 1185 1783 pag.
1214 1739 1274 1775 14.

237 1792 276 1830 d.
300 1804 334 1830 e.
353 1813 406 1818 —
432 1795 447 1814 ⁰
473 1790 525 1828 διὸ
545 1791 576 1828 οἱ
599 1789 661 1840 μὲν
689 1790 764 1828 ναοὶ
783 1790 840 1828 τὸν
863 1791 1035 1843 οὐρανόν]
1058 1791 1158 1840 Lege
1179 1791 1276 1830 Iam·

235 1850 409 1888 bliehum
426 1849 473 1887 de
492 1857 650 1900 myster.
669 1862 788 1899 segm.
804 1848 836 1886 V
856 1862 937 1900 cap.
959 1851 1006 1887 23
1029 1863 1069 1900 p.
1092 1851 1178 1888 138.
1195 1869 1249 1880 —
1262 1849 1277 1872 ‘¹

235 1909 267 1946 οἱ
298 1907 334 1946 δὲ
362 1907 611 1960 χαρακτῆρες]
638 1906 827 1944 Videntur
860 1907 1030 1956 intelligi
1062 1907 1274 1945 litterarum

236 1975 336 2004 notae
350 1966 398 2004 ad
411 1979 595 2003 arcanum
611 1978 762 2004 sensum
779 1967 1026 2016 pertinentes.
1044 1965 1275 2015 Hujusmodi

236 2034 361 2063 autem
381 2037 519 2071 voces,
544 2023 688 2075 quibus
709 2024 811 2072 magi
831 2031 867 2061 et
882 2023 1035 2072 theurgi
1050 2023 1273 2071 utebantur,

237 2085 405 2123 suerunt.
422 2104 474 2113 —-
486 2086 500 2105 ⁶
515 2082 656 2135 βοτάναι
670 2081 706 2120 δὲ
724 2082 782 2120 καὶ
796 2081 900 2132 λίθοι]
916 2082 970 2119 De
980 2080 1113 2120 herbis
1127 2091 1164 2120 et
1180 2083 1277 2133 lapi-

236 2159 2372 2181 „Q

609 2201 612 2204 ⁴
1343 2195 1468 2227 veniam
1480 2195 1711 2236 impetramus,
1730 2196 1819 2238 ipsos
1836 2196 1913 2229 deos
1926 2206 2031 2239 neque
2048 2198 2193 2239 placatos
2207 2200 2378 2243 efficimus,
2399 2188 2414 2225 s

657 2214 736 2254 Cap.
761 2215 849 2246 XIV.

234 2310 297 2342 Qua
316 2307 432 2336 ratione
460 2306 501 2335 dii
523 2307 573 2342 qui
592 2313 653 2334 non
676 2306 894 2339 immutantur,
917 2305 1050 2335 irasciet
1069 2305 1199 2334 mulceri
1228 2305 1274 2333 dl-

691 2361 812 2388 cantur.

274 2431 398 2469 Quodsi
413 2430 487 2471 quis
504 2431 583 2462 deos
601 2430 733 2470 quidem
751 2439 815 2461 non
833 2429 954 2462 mutari
966 2430 1220 2461 consentaneum
1238 2430 1274 2462 et

237 2499 351 2522 verum
392 2490 503 2530 putat,
532 2489 590 2521 sed
620 2488 764 2528 dubitat,
802 2487 967 2529 quomodo
994 2487 1089 2519 honis
1111 2487 1275 2528 1aetentur,

234 2549 338 2581 malos
360 2548 561 2586 aversentur,
582 2547 616 2579 et
637 2546 847 2588 peccantibus
863 2546 1056 2585 irascantur,
1077 2545 1275 2578 delenimen-

232 2607 276 2638 tis
294 2608 405 2638 autem
423 2605 552 2647 propitii
578 2604 758 2637 reddantur
779 2617 787 2636 ε
809 2604 1002 2645 dicendum,
1025 2604 1123 2636 deum
1138 2604 1273 2637 omnino

233 2674 296 2697 non
312 2664 416 2697 laetari
429 2676 438 2703 3
454 2673 530 2696 nam
543 2663 631 2703 quod
645 2663 776 2695 laetatur
792 2664 825 2695 et
837 2672 976 2696 moerore
993 2662 1154 2702 affieitur3
1169 2672 1272 2704 neque

232 2723 345 2763 irasci3
361 2724 412 2755 est
427 2722 513 2754 enim
530 2721 629 2754 irasci
644 2721 744 2753 animi
762 2721 985 2762 perturbati03
1006 2730 1111 2763 neque
1128 2721 1271 2754 muneri-

232 2781 294 2813 bus
317 2780 410 2822 capi,
430 2780 463 2812 irl
486 2779 572 2812 enim
590 2780 677 2812 esset
703 2779 926 2820 voluptatibus
945 2778 1119 2820 corrumpi.
1163 2781 1273 2820 Neque

233 2840 281 2872 t'as
298 2841 349 2872 est
365 2839 497 2880 propter
511 2846 564 2870 res
589 2837 750 2870 humanas
766 2837 901 2870 deorum
916 2847 1034 2870 numen
1052 2838 1102 2870 vel
1121 2837 1204 2870 bene
1220 2838 1273 2871 vel

231 2898 315 2930 male
340 2906 375 2929 se
396 2896 526 2928 habere.
572 2895 635 2928 Sed
654 2895 702 2927 illi
732 2893 867 2935 quidem
891 2894 969 2927 boni
987 2897 1064 2927 sunt
1083 2904 1220 2936 semper,
1239 2898 1272 2928 et

230 2957 359 2988 tantuin
388 2955 526 2996 prosunt
539 2979 546 2993 ,
565 2953 686 2986 obsunt
705 2955 815 2986 autem
833 2961 1001 2994 nunquam
1013 2978 1020 2992 ‚
1049 2954 1125 2994 quia
1145 2963 1272 2996 semper

230 3015 329 3047 iidem
345 3014 378 3046 et
392 3013 443 3046 sui
460 3012 582 3045 similes
599 3014 685 3045 sunt.
730 3014 795 3045 Nos
825 3021 920 3052 vero,
936 3012 1015 3044 dum
1040 3012 1119 3045 boni
1138 3022 1267 3055 sumus,

229 3074 362 3114 propter
379 3071 622 3103 similitudinem
641 3080 716 3103 cum
737 3070 800 3103 diis
820 3070 1052 3113 conjungimur,
1070 3071 1149 3103 dum
1167 3072 1198 3103 in
1217 3082 1270 3114 pc-

227 3131 281 3171 jus
314 3130 479 3161 mutamus
505 3137 632 3168 mores,
669 3130 801 3170 propter
830 3128 1127 3161 dissimilitudinem
1160 3130 1200 3162 ab
1230 3131 1268 3162 iis

230 3195 440 3229 separamur3
461 3188 494 3219 et
515 3187 592 3219 dum
623 3187 723 3219 vitam
754 3196 827 3219 cum
854 3187 978 3220 virtute
1005 3187 1171 3228 degimus,
1207 3188 1267 3220 diis
1295 3207 1299 3217 .

1347 316 1463 355 dibus
1477 346 1486 364 ,
1504 330 1670 368 quorum
1693 329 1765 366 ope
1786 316 1936 364 theurgi
1954 323 2035 353 tum
2058 315 2149 354 deos
2169 315 2384 356 evocabant

1346 385 1383 414 et
1401 376 1552 426 genios,
1580 385 1660 414 tum
1685 376 1876 414 malorum
1898 374 2116 413 daemonum
2143 375 2240 413 iram
2266 388 2382 415 aver·-

1346 434 1575 482 runcabant‚
1608 435 1766 472 consule
1806 433 2063 472 lamblichum
2106 434 2230 483 Segm.
2265 433 2298 471 V
2333 435 2384 474 de

1346 502 1504 543 myster.
1529 507 1613 545 cap.
1634 496 1699 541 23,
1719 493 1788 532 ubi
1811 493 1953 531 Galeus
1974 492 2176 531 commode
2198 493 2384 534 citat'Ni-

1346 553 1555 604 cephorum
1575 553 1622 591 ad
1645 555 1780 604 Synes.
1798 553 1846 590 de
1866 551 1999 591 Somn.
2017 551 2100 590 haee
2120 551 2353 592 scribentem
2370 569 2380 593 ε

1345 611 1504 661 δαίμονες
1525 610 1558 655 ἐξ
1581 611 1678 664 ἀέρος
1696 611 1756 649 καὶ
1775 614 1838 663 γ’ῆς
1858 611 2038 663 θέλγονται
2057 612 2171 651 τοῖσδε
2189 611 2385 659 τοῖς-λίθοις
2432 658 2435 661 ,

1343 670 1365 718 ἢ
1383 672 1502 710 ταῖσδε
1522 673 1598 715 ταῖς
1619 670 1792 723 βοτάναις.
1810 692 1862 700 -—
1877 669 1888 723 )

1769 785 1858 835 Κεφ.
1897 788 1965 829 ις’.

1346 895 1423 936 Περὶ
1445 895 1560 927 θυσιῶν
1578 900 1593 919 ³
1613 896 1666 927 καὶ
1686 898 1750 927 τῶν
1767 895 1870 927 ἄλλων
1889 899 2005 935 τιμῶν,
2027 896 2074 927 ὅτι
2098 895 2184 934 θεοὺς
2201 897 2257 938 μὲν
2283 898 2385 940 οὐδέν,

1645 943 1826 984 ἀνθρώπους
1841 944 1872 975 δὲ
1891 945 2082 985 ὠφελοῦμεν.

1395 1025 1506 1071 Ἄξιον
1538 1026 1574 1065 δὲ
1606 1020 1704 1077 οἶμαι
1735 1027 1816 1078 περὶ
1839 1029 1964 1066 θυσιῶν
1996 1027 2132 1080 βραχέα
2163 1031 2384 1081 προσθεῖναι.

1344 1090 1490 1139 Πρῶτον
1509 1086 1571 1136 μὲν
1593 1086 1712 1135 ἐπειδὴ
1733 1087 1847 1126 πάντα
1866 1087 1963 1141 παρὰ
1981 1089 2066 1126 θεῶν
2084 1087 2231 1140 ἔχομεν,
2253 1088 2386 1129 δίκαιον

1343 1145 1379 1184 δὲ
1395 1151 1465 1190 τοῖς
1483 1146 1613 1184 διδοῦσι
1632 1148 1700 1183 τῶν
1725 1145 1911 1195 διδομένων
1931 1146 2155 1199 ἀπάρχεσθαι
2174 1146 2211 1195 b,
2239 1148 2385 1201 χρημά-

1342 1220 1410 1243 των
1431 1204 1493 1255 μὲν
1520 1205 1564 1243 δι’
1580 1205 1838 1254 ἀναθημάτων,
1858 1205 2032 1255 σωμάτων
2053 1204 2089 1244 δὲ
2118 1204 2175 1244 διὰ
2197 1205 2330 1258 κόσμου
2346 1212 2385 1256 ³,

1343 1266 1432 1309 ζωῆς
1453 1262 1488 1301 δὲ
1510 1263 1566 1301 διὰ
1585 1265 1712 1302 θυσιῶν
1732 1263 1983 1315 ἀπαρχόμεθα·
2001 1263 2124 1303 ἔπειτα
2142 1265 2178 1303 αἱ
2199 1263 2262 1316 μὲν
2279 1264 2387 1318 χωρὶς

1344 1323 1470 1359 θυσιῶν
1505 1320 1607 1373 εὐχαὶ
1638 1321 1735 1372 λόγοι
1757 1321 1859 1372 μόνον
1896 1320 1982 1370 εἶσί,
2006 1323 2042 1360 αἱ
2075 1321 2112 1360 δὲ
2139 1322 2231 1374 μετὰ
2257 1326 2385 1364 θυσιῶν

1343 1379 1495 1432 ἔμψυχοι
1510 1379 1606 1430 λόγοι
1620 1378 1637 1402 ‘¹
1649 1391 1658 1401 ·
1674 1383 1734 1418 τοῦ
1751 1379 1814 1429 μὲν
1829 1379 1934 1431 λόγου
1951 1378 2015 1427 τὴν
2033 1379 2126 1428 ζωὴν
2141 1381 2384 1433 δυναμοῢντος,

1341 1442 1402 1486 τῆς
1425 1438 1461 1476 δὲ
1483 1440 1572 1484 ζωῆς
1592 1438 1651 1477 τὸν
1676 1439 1777 1491 λόγον
1803 1439 1990 1492 ψυχούσης.
2013 1438 2096 1479 Ἔτι
2116 1440 2245 1486 παντὸς
2269 1442 2385 1495 πράγ-

1342 1512 1450 1547 ματος
1473 1497 1673 1548 εὐδαιμονία
1695 1500 1716 1544 ἡ
1738 1499 1848 1536 οἷκεία
1869 1498 2044 1545 τελειότης
2073 1499 2184 1538 ἐστίν·
2214 1500 2326 1540 οἰκεία
2345 1502 2383 1542 δὲ

1341 1555 1513 1603 τελειότης
1532 1559 1547 1577 ⁰
1566 1556 1704 1608 ἑκάστῳ
1721 1558 1742 1603 ἠ
1767 1555 1852 1608 πρὸς
1867 1555 1931 1603 τὴν
1953 1557 2077 1596 ἑαυτοῦ
2098 1557 2213 1596 αἰτίαν
2230 1560 2381 1613 συναφή.

1345 1613 1415 1654 Καὶ
1432 1614 1488 1652 διὰ
1507 1619 1608 1653 τοῦτο
1626 1617 1728 1664 ἡμεῖς
1744 1614 1919 1666 εὐχόμεθα
1939 1619 2154 1669 συναφθῆναι
2170 1621 2266 1662 θεοῖς.
2282 1617 2383 1658 Ἐπεὶ

1342 1672 1454 1712 τοίνυν
1476 1672 1546 1720 ζωὴ
1576 1673 1638 1723 μὲν
1660 1674 1782 1725 πρώτη
1812 1676 1834 1720 ἦ
1863 1676 1932 1712 τῶν
1959 1677 2044 1713 θεῶν
2065 1677 2161 1724 ἐστι,
2184 1676 2256 1724 ζωὴ
2277 1677 2316 1716 δέ
2333 1693 2384 1723 τις

1341 1732 1401 1770 καὶ
1433 1734 1454 1778 ἠ
1491 1733 1691 1784 ἀνθρωπίνη
1721 1733 1753 1784 ¹,
1786 1732 1949 1785 βούλεται
1982 1732 2019 1771 δὲ
2054 1733 2141 1782 αὕτη
2167 1739 2382 1790 συναφθῆναι

1341 1790 1477 1842 ἐκείνῃ
1508 1791 1698 1841 μεσότητος
1718 1792 1839 1830 δεῖται.
1870 1790 1984 1831 Οὐδὲν
2015 1794 2084 1846 γὰρ
2116 1796 2187 1832 τῶν
2220 1794 2382 1835 πλεῖστον

1342 1848 1536 1887 διεστώτων
1559 1849 1700 1900 ἀμέσως
1727 1850 1967 1899 συνάπτεται,
1990 1853 2012 1898 ἡ
2035 1851 2071 1890 δὲ
2101 1852 2250 1902 μεσότης
2277 1854 2382 1904 ὁμοία

1340 1901 1430 1945 εἶναι
1450 1907 1520 1951 τοῖς
1544 1907 1815 1958 συναπτομένοις
1834 1909 1963 1974 ὀιζείλει
1978 1925 1987 1934 ·
2013 1911 2101 1958 ζωῆς
2122 1905 2182 1949 οὖν
2203 1912 2381 1962 μεσότητα

1340 1964 1430 2013 ζωὴν
1450 1966 1556 2019 ἐχρῆν
1577 1959 1679 2006 εἶναι.
1706 1966 1777 2006 Καὶ
1797 1967 1854 2005 διὰ
1874 1970 1974 2006 τοῦτο
1991 1969 2064 2021 ζῷα
2083 1968 2221 2008 θύουσιν
2242 1970 2382 2025 ἅνθρω-

1340 2039 1419 2072 ποι,
1449 2024 1485 2063 ot
1512 2040 1550 2063 τε
1576 2029 1636 2063 νῦν
1665 2025 1866 2076 εὐδαίμονες
1885 2026 1945 2064 καὶ
1966 2027 2092 2071 πάντες
2113 2030 2145 2068 οἱ
2171 2029 2301 2070 πάλαι·
2320 2033 2380 2071 καὶ

1339 2087 1451 2121 ταῦτα
1468 2084 1532 2136 οὐχ
1551 2083 1692 2132 ἁπλῶς,
1712 2086 1789 2122 ἀλλ’
1816 2085 1954 2138 ἑκάστῳ
1975 2088 2042 2138 θεῷ
2070 2085 2115 2124 τὰ
2137 2088 2318 2141 πρέποντα
2337 2094 2371 2140 ⁸,

1335 2262 1395 2285 nec
1411 2255 1597 2294 mutamus,
1613 2254 1671 2286 sed
1683 2254 1871 2296 hujusmodi
1879 2255 2031 2297 operibus
2047 2258 2081 2289 et
2093 2258 2206 2291 nostra
2223 2258 2266 2292 ad
2280 2259 2382 2293 deum.

1335 2311 1545 2345 conversione
1570 2312 1742 2345 vitiositati
1771 2313 1893 2345 nostrae
1920 2314 2089 2348 medentes
2106 2324 2220 2349 rursus
2241 2317 2377 2352 deorum

1334 2369 1560 2402 benevolentia
1589 2370 1738 2403 fruimur.
1783 2371 2004 2409 Quamobrem
2030 2372 2119 2406 idem
2149 2374 2211 2410 erit
2249 2375 2376 2418 dicere,

1333 2429 1431 2461 deum
1446 2428 1548 2461 malos
1565 2428 1710 2462 aversari
1724 2430 1758 2462 et
1767 2428 1871 2462 solem
1886 2439 1999 2464 eorum
2012 2431 2070 2473 qui
2083 2432 2187 2467 oculis
2199 2434 2285 2476 capti
2299 2439 2376 2472 sunt

1334 2499 1465 2523 sensum
1477 2489 1589 2523 latere.

1767 2592 1844 2634 Gap.
1871 2593 1947 2629 XV.

1527 2686 1587 2711 cur
1606 2684 1679 2712 (loos
1697 2684 1782 2714 nulla
1794 2692 1828 2714 re
1850 2684 2019 2721 indigentes
2033 2687 2177 2718 colamus.

1373 2775 1548 2814 Propterea
1566 2772 1666 2805 etiam
1681 2772 1723 2805 de
1743 2772 1912 2806 sacrificiis
1928 2776 2124 2817 caeterisque
2136 2800 2146 2818 ,
2167 2786 2244 2818 quae
2265 2783 2306 2812 ad
2319 2789 2372 2813 res
2431 2806 2436 2810 .

1331 2829 1457 2862 divinas
1482 2829 1545 2862 rite
1575 2829 1806 2871 perpetrandas
1832 2831 2014 2873 pertinent,
2048 2833 2212 2868 dubitatio
2233 2835 2368 2871 tollitur.

1331 2892 1442 2930 Ipsum
1458 2888 1543 2922 enim
1562 2889 1698 2922 deorum
1712 2898 1834 2922 numen
1848 2890 1937 2923 nulla
1954 2900 1990 2924 re
2004 2891 2144 2935 indiget3
2164 2894 2274 2928 cultus
2294 2906 2370 2930 vero

1328 2947 1392 2981 diis
1409 2948 1512 2981 nostri
1531 2947 1694 2981 commodi
1718 2955 1818 2980 causa
1844 2949 2026 2983 adhibetur.
2073 2952 2141 2985 Sed
2161 2952 2273 2995 quum'
2291 2956 2367 2990 deo-

1328 3014 1404 3038 rum
1419 3004 1624 3048 providentia
1639 3013 1886 3046 quoquoversus
1902 3007 2028 3048 pateat,
2048 3008 2118 3041 sola
2135 3010 2179 3043 ad
2195 3019 2268 3044 eam
2282 3013 2366 3047 exci-

1326 3063 1478 3105 piendam
1497 3063 1641 3096 sollertia
1659 3072 1742 3106 opus
1755 3065 1807 3096 est
1827 3076 1835 3095 ε
1856 3064 1962 3097 omnis
1976 3067 2086 3100 autem
2103 3067 2248 3103 sollertia
2262 3070 2367 3106 imita-

1326 3123 1412 3157 tione
1425 3124 1459 3156 et
1474 3122 1684 3155 similitudine
1697 3124 1900 3164 comparatur
1914 3135 1922 3156 :
1936 3125 2087 3165 quocirca
2098 3127 2219 3170 templa
2234 3129 2365 3172 quidem

1325 3181 1463 3223 coelum,
1489 3190 1554 3214 arae
1585 3182 1704 3214 terram
1731 3180 1912 3224 imitantur,
1940 3184 2060 3217 statuae
2084 3185 2184 3219 vitam
2197 3212 2206 3228 ,
2224 3187 2364 3230 ideoque

230 3245 454 3285 adhaeremus,
476 3244 555 3276 dum
569 3243 658 3276 vitiis
674 3253 733 3276 nos
749 3244 972 3285 inquinamus,
991 3244 1209 3277 abalienamur
1224 3246 1265 3278 ab
1327 3242 1546 3275 animantibus
1565 3241 1686 3274 similes
1703 3243 1779 3275 sunt
1801 3254 1808 3274 :
1839 3251 1951 3284 preces
1967 3253 2047 3277 vero
2067 3247 2216 3279 naturam
2241 3247 2362 3290 intelli-

230 3303 294 3335 illis
306 3328 314 3343 ,
327 3311 392 3337 non
401 3302 490 3344 quod
502 3302 546 3334 illi
563 3302 756 3343 irascantur,
771 3303 828 3335 sed
845 3302 931 3343 quod
946 3305 1075 3343 peecata
1088 3305 1158 3337 tum
1174 3303 1262 3344 deos,

1325 3303 1452 3342 gentem
1474 3301 1652 3341 imitantur,
1669 3300 1852 3332 litterarum
1870 3300 1954 3333 notae
1969 3301 2151 3336 ineffabiles
2168 3312 2359 3347 superorum

232 3369 273 3392 ne
295 3359 389 3393 nobis
407 3360 576 3400 illuceant,
591 3359 789 3401 impediunt,
810 3362 882 3393 tum
899 3360 999 3402 geniis
1015 3360 1190 3393 tortoribus
1206 3371 1265 3394 nos
1324 3357 1457 3394 deorum
1474 3361 1561 3394 vires
1574 3387 1582 3401 ‚
1609 3361 1718 3394 herbae
1737 3363 1770 3393 et
1785 3361 1909 3402 lapides
1926 3362 2114 3404 materiam,
2134 3362 2251 3398 hostiae
2266 3365 2356 3399 deni-

232 3418 397 3451 addicunt.
441 3420 472 3452 Si
501 3428 578 3452 vero
607 3419 756 3460 precibus
789 3422 821 3451 et
857 3418 1022 3452 sacrificiis
1061 3420 1264 3460 peccatorum
1324 3429 1386 3461 que
1401 3419 1575 3452 immolatae
1591 3419 1694 3452 vitam
1710 3429 1782 3461 quae
1801 3419 1834 3452 in
1849 3419 1941 3453 nobis
1958 3422 2007 3454 est
2023 3421 2159 3455 rationis
2178 3426 2354 3466 expertem.

2506 685 2510 707 ⁷-
2506 659 2507 662 „
2501 489 2509 640 .-.—.....„.4—2

2525 537 2528 545 ..
2518 322 2528 521 -ῌήιι

2513 3354 2528 3422 -ιᾼᾼμ,
2518 3326 2522 3333 -
2518 3221 2523 3306 -..z-n
2509 3154 2521 3184 ,ι’
2516 3089 2522 3121 ,.,
2520 3055 2522 3068 .,
