2508 3776
115 287 348 347 m
369 289 458 342 μετὰ
484 289 549 337 τὴν
577 290 735 338 ποίησιν.
769 297 787 314 ⁸
818 290 922 332 Ἐπεὶ
945 290 981 330 δὲ
1002 289 1119 344 ἕτερόν
1151 291 1226 330 ἔστι

155 366 180 386 a.
328 351 402 397 τῆς
421 347 602 402 πράξεως,
625 349 743 402 ἕτερον
761 347 804 388 ἂν
823 350 878 398 εἴη
894 353 916 398 ἡ
940 348 1030 401 μετὰ
1043 349 1148 401 λόγου
1165 348 1231 394 ἕξις

102 389 275 449 '‘⁴252‘'
286 407 379 456 -ή,
406 410 470 455 τῆς
490 407 580 459 μετὰ
603 409 708 461 λόγου
738 413 926 457 ποιητικῆς
953 409 1068 455 ἕξεως.
1095 407 1229 461 Ἕτερα

204 469 253 533 J‘‹
272 483 320 508 ν
347 468 414 522 οὔχ
433 467 564 517 οὕτως,
589 466 681 508 ὥστε
709 470 935 522 περιέχεσθαι
961 467 1018 507 ὑπ’
1043 466 1228 516 ἀλλήλων,

143 582 149 583 ⁷
201 519 282 569 τῦ
299 527 443 582 μερικὸν
462 527 523 568 καὶ
542 527 583 567 τὸ
600 528 771 575 καθόλου,
797 530 876 567 ἀλλ’
897 526 1017 581 ὥσπερ
1042 525 1149 571 ἵππος
1168 526 1229 566 καὶ

145 574 274 621 ‘³⁹⁸‘
263 585 372 628 ὀὔτε
399 587 468 640 γὰρ
494 590 517 636 ἡ
539 586 662 640 πρᾶξις
686 586 755 626 υπὸ
774 585 838 633 τὴν
864 587 1006 634 ποίησιν
1039 586 1227 639 ἀνάγεται,

144 643 151 650 ⁴*
204 646 301 701 yn'p
323 648 398 688 ἱστι
416 646 566 695 ποίησις·
585 645 667 685 οὔτε
693 649 714 694 ἡ
743 646 882 693 ποίησις
903 646 970 685 ὑπὸ
993 645 1055 693 τὴν
1083 645 1228 699 πρᾶξιν,

117 689 135 713 “
126 706 304 763 ἀφόρ
318 707 395 746 lotz
421 699 558 760 πρᾶξις.
584 707 702 752 Δῆλον
723 703 760 744 δὲ
781 706 852 743 ἀπὸ
878 720 946 744 των
969 707 1124 757 ὁρισμων
1147 708 1230 744 ἑκα-

118 764 297 839 afflat·
315 765 422 810 ἄλλος
438 765 507 818 γὰρ
527 763 686 819 πράξεως
712 763 878 817 ὁρισμός,
904 764 966 803 καὶ
996 764 1103 810 ἄλλος
1123 764 1227 812 ποιή-

127 859 130 861 A
137 813 270 880 {Q
191 822 200 831 ⁶
264 834 274 838 '⁷
166 821 407 870 Q'Enrt
425 824 463 864 δὲ
484 823 592 878 τέχνη
620 823 684 876 μὲν
704 822 772 869 ἕξις
793 823 884 875 μετὰ
916 824 1022 876 λόγου
1039 823 1206 870 ποιητική
1219 854 1230 874 ,

110 867 300 987 <²
326 886 352 933 ἡ
373 882 591 935 οἰκοδομική·
624 882 792 937 φρόνησις
824 882 860 922 δὲ
895 882 964 928 ἕξις
1001 882 1090 934 μετὰ
1127 882 1232 935 λόγου

106 974 233 1047 ιε
235 934 714 1058 &stamas
722 942 1004 1076 52253‘23‘423
1022 942 1231 1053 ἐςῑχεῑιξῑτ,

138 1075 147 1092 ³·-
150 1061 189 1075 ²
239 1086 247 1094 -
296 1060 427 1111 ίνετσι,
449 1061 512 1101 καὶ
537 1063 601 1110 τῆς
629 1061 846 1115 φρονήσεως,
875 1059 929 1100 ὅτι
948 1060 1115 1109 ποιητική
1139 1061 1232 1099 ἐστιν

105 1131 125 1155 1*
139 1116 426 1180 dwmvfi
446 1123 470 1170 ἡ
490 1119 562 1174 γὰρ
577 1121 684 1174 τέχνη
702 1127 802 1160 πᾶσα
821 1119 890 1166 ἕξις
913 1121 987 1160 ἐστὶ
1013 1120 1104 1171 μετὰ
1125 1119 1230 1170 λόγου

96 1191 126 1239 ..j
127 1179 331 1231 Qum<
348 1181 532 1231 ποιητική·
553 1182 614 1222 καὶ
643 1180 668 1230 ἤ
694 1182 770 1221 ἐστι
788 1178 938 1228 τοιαύτη
961 1179 1051 1228 ἕξις,
1073 1179 1180 1233 τέχνη
1201 1181 1234 1218 ε’-

95 1255 121 1279 s
168 1233 269 1302 ᾷτῖν·
286 1238 509 1297 ἀντιστρέφει
523 1241 604 1295 γάρ.

99 1339 101 1342 ,
165 1294 209 1317 ““
215 1298 252 1322 ““
264 1300 374 1356 Πᾶσα
387 1300 424 1341 δὲ
438 1301 546 1355 τέχνη
562 1299 644 1354 περὶ
662 1299 796 1352 γένεσίν
812 1301 906 1339 ἐστιν
928 1298 1090 1348 ἐκείνων,
1105 1297 1128 1337 ἃ
1143 1298 1236 1339 ἑνδέ-

107 1414 110 1420 ι
129 1392 137 1400 .
164 1377 284 1421 m*
299 1362 475 1415 γενέσθαι·
502 1359 564 1400 καὶ
593 1360 644 1412 μὴ
674 1359 836 1413 γενέσθαι
862 1353 948 1411 οἷον,
976 1363 999 1407 ἡ
1029 1357 1232 1409 οἰκοδομικὴ

100 1434 121 1466 ,f
165 1421 263 1476 περὶ
279 1419 322 1461 τὸ
335 1419 498 1473 γενέσθαι
518 1419 646 1459 οἰκίαν·
667 1419 728 1459 καὶ
755 1422 777 1467 ἡ
794 1417 1006 1471 ναυπηγικὴ
1018 1418 1098 1471 περὶ
1117 1434 1157 1457 το
1174 1433 1235 1470 γε-

93 1509 100 1519 1
163 1480 302 1523 m‘nflnt
321 1479 363 1521 τὸ
388 1481 538 1531 πλοῖον,
559 1478 583 1519 ἃ
603 1478 782 1532 ἐνδέχεται
801 1479 963 1532 γενέσθαι
985 1478 1046 1517 καὶ
1067 1477 1117 1529 μὴ
1138 1477 1235 1531 γενέ-

16 1575 18 1577 ,
97 1562 102 1582 ς
162 1541 276 1584 σὴψ.
298 1537 402 1586 Πλὴν
418 1539 483 1578 οὐκ
501 1537 578 1578 ἔστι
595 1538 676 1592 περὶ
692 1538 809 1578 πάντα
830 1538 875 1577 τὰ
891 1537 1120 1591 ἐνδεχόμενα
1139 1539 1236 1588 γενέ-

162 1602 275 1651 ,nh-t·
289 1597 382 1639 ἄλλὰ
401 1597 484 1651 περὶ
503 1600 620 1640 ἐκεῖνα
636 1597 759 1649 μόνον,
776 1592 825 1638 ὧν
840 1600 862 1646 ἡ
879 1596 971 1650 ἀρχὴ
987 1613 1050 1645 της
1067 1597 1236 1648 γενέσεως

16 1680 20 1706 ῑ
111 1696 143 1711 ,
162 1658 297 1713 ὠλένῃ
310 1673 472 1701 ποιουντι
496 1657 558 1696 καὶ
586 1658 650 1696 οὐκ
679 1658 717 1696 ἐν
734 1659 785 1707 τῷ
816 1657 1016 1710 ποιουμένῳ
1051 1655 1158 1695 ἐστίν·
1179 1650 1238 1695 οἷά

86 1714 316 1780 φησι
334 1716 482 1773 φυσικιί’
503 1719 574 1756 τῶν
594 1717 664 1770 γὰρ
683 1717 776 1757 κατὰ
798 1733 901 1773 φυσιν
925 1720 943 1765 ἡ
968 1696 1062 1770 ἀρχὴ
1093 1719 1154 1764 τῆς
1173 1731 1234 1768 γε-

16 1774 19 1783 ’
60 1822 62 1824 ,
111 1787 114 1790 ’
156 1772 308 1829 &Cuius
332 1778 369 1818 ἓν
389 1778 508 1822 αυτοῖς
527 1779 613 1818 ἔστι·
635 1778 695 1816 καί
719 1779 787 1816 εἶσι
810 1775 874 1828 μὲν
903 1775 1120 1852 ἐνδεχόμενα
1141 1790 1212 1826 ,ετ
1217 1798 1235 1805 -

16 1866 19 1878 ;
158 1837 347 1899 WB&
358 1837 424 1878 οὒκ
434 1836 536 1877 εἰσίν·
551 1841 615 1877 οὐκ
626 1837 746 1891 ἔγουσι
757 1836 826 1889 γὰρ
840 1837 904 1885 τὴν
919 1836 1034 1875 αἰτίαν
1044 1838 1107 1884 τῆς
1127 1836 1237 1887 ὑπάρ-

138 1896 267 1951 σω
288 1896 429 1944 ἔωθεν·
446 1896 569 1950 ὥσπερ
599 1896 693 1936 οἶκια
714 1897 773 1936 τὸν
796 1895 1001 1947 οἰκοδόμον,
1032 1895 1094 1935 καὶ
1115 1897 1236 1935 πλοῖον

51 2003 57 2010 Ι
157 1957 279 2062 ιώνῗ*
276 1971 453 2058 'flung
461 2015 604 2070 ἠτέχνη
617 2015 679 2055 καὶ
697 2017 720 2063 ἡ
732 2014 824 2069 τύχη
838 2013 982 2091 σχεδὸν
983 2013 1065 2067 περὶ
1083 2030 1131 2054 τα
1147 2014 1238 2055 αὐτὰ

161 2075 408 2128 amatium·
426 2075 488 2115 καὶ
503 2075 574 2128 γὰρ
588 2077 612 2123 ἡ
631 2075 726 2128 τύχη
745 2075 779 2114 ἐν
791 2073 939 2122 τούτοις,
956 2067 1005 2113 ων
1022 2077 1045 2122 ἡ
1067 2074 1163 2113 αἰτία
1177 2078 1238 2123 τῆς

70 2138 76 2142 ’
99 2143 102 2145 “
165 2134 360 2190 ὑπάρξεως
377 2133 517 2181 ἔξωθεν·
550 2135 582 2174 εἷ
602 2134 671 2187 γὰρ
702 2136 738 2174 ἐν
760 2135 878 2179 αὐτοῖς
912 2127 1009 2186 εἶχον
1030 2132 1076 2172 τὰ
1096 2135 1238 2187 τυχηρὰ

166 2194 376 2250 εσὺςιίρχὰς
393 2197 459 2240 τῆς
486 2193 692 2248 ὑπάρξεως,
722 2194 787 2233 οὗκ
818 2192 861 2232 ἂν
896 2194 1010 2232 ἐδόκει
1041 2193 1236 2247 παράδοξα·

162 2257 243 2302 sym
257 2253 301 2299 ἃ
317 2253 378 2300 διὰ
397 2269 500 2295 τουτο
525 2253 764 2306 θαυμάζονται
779 2281 791 2300 ,
822 2253 919 2293 ὅτι
900 2268 923 2300 η
945 2253 1042 2291 αἷτίιι
1061 2254 1177 2291 αὐτῶν
1198 2255 1237 2292 οὐ

159 2313 454 2368 Μέξωθιν,
473 2312 568 2354 ἀλλὰ
586 2313 648 2353 καὶ
667 2313 743 2352 ὅθεν
765 2311 806 2352 ἂν
835 2312 947 2357 οὐδεὶς
972 2312 1231 2365 προσεδόκησε’

179 2373 312 2429 τὺ,γᾶρ
338 2374 510 2415 σκάπτειν
539 2376 600 2414 τοῦ
620 2373 784 2413 πλουτεῖν
819 2373 930 2411 αἴτιον
952 2372 1083 2426 ὑπῆρξε
1106 2373 1238 2413 πολλοί·

178 2448 247 2481 κις·
264 2434 302 2475 ἰν
332 2433 514 2487 θιμελίῳῦ
541 2433 610 2486 γάρ
645 2449 696 2478 τις
720 2432 844 2485 βόθρον
870 2431 1024 2484 ὀρυττων
1052 2433 1239 2486 περιέτυχε

74 2500 114 2519 ’Ὗ
179 2496 361 2549 θησαυρῷ·
378 2494 477 2547 παρὰ
495 2494 710 2547 προσδοκίαν
739 2492 776 2532 δέ
805 2494 898 2541 ἐστι,
930 2493 1023 2532 διότι
1044 2492 1123 2532 καθ’
1153 2493 1239 2532 αὑτὸ

181 2555 247 2597 οὒκ
264 2553 360 2595 ἔστιν
387 2553 499 2594 αἴτιον
518 2553 560 2594 τὸ
579 2554 753 2594 σκάπτειν
773 2568 834 2593 του
859 2553 1033 2592 πλουτεῖν·
1066 2569 1088 2601 η
1108 2552 1215 2605 γὰρ
1198 2569 1239 2592 αν

181 2613 310 2660 πάντες
327 2613 518 2654 ἕπλοῦτουν
539 2613 571 2653 οῖ
586 2612 813 2657 σκάπτοντες·
834 2612 925 2652 ἀλλὰ
946 2611 1038 2651 κατὰ
1056 2612 1238 2663 συμὸεδη-

79 2716 81 2723 ,
97 2706 105 2712 v
122 2714 132 2730 ι
181 2674 256 2720 κός·
270 2673 318 2714 τὰ
331 2673 400 2728 γὰρ
422 2672 516 2714 κατὰ
536 2671 763 2724 συμὸεὸηκὸς
777 2671 887 2722 αἴτια,
905 2665 952 2710 ὧν
970 2673 1056 2712 εἰσιν
1078 2672 1188 2719 αἴτια,
1202 2673 1240 2711 οὗ

84 2751 94 2762 ⁸
181 2732 449 2792 προσεδοκῶντο
467 2731 642 2785 γενέσθαι·
663 2733 778 2770 ἐκεῖνα
792 2730 860 2784 γάρ
880 2747 931 2776 τις
947 2731 1028 2784 περὶ
1047 2735 1108 2770 τοῦ
1129 2732 1240 2784 πράγ-

64 2801 70 2810 ”
176 2807 293 2846 ματος
313 2793 518 2846 προσδοκᾷ,
538 2792 643 2831 ὅσα’
628 2806 663 2830 εν
684 2792 736 2844 τῷ
756 2792 863 2829 αὐτοῦ
879 2789 1106 2842 περιέχονται
1129 2790 1237 2843 λόγω,

169 2851 208 2902 ἢ
226 2851 398 2904 δυνάμει,
426 2850 449 2900 ἢ
479 2849 648 2904 ἕνεργεία·
671 2848 718 2888 τὰ
749 2848 786 2888 δὲ
816 2847 910 2888 κατὰ
942 2848 1168 2900 συμὸεὸηκὸς
1199 2851 1238 2888 οὐ

14 2922 18 2928 ’
84 2925 119 2945 ’τ
180 2915 344 2953 τοιαῦτα.
370 2909 480 2952 Ἔστι
511 2909 626 2950 τοίνυν
659 2908 775 2962 τέχνη
797 2907 859 2947 καὶ
891 2907 982 2960 τύχη
1012 2910 1141 2960 τρόπον
1161 2908 1239 2947 τινὰ

88 2965 126 3020 ’ἴς-ι
181 2971 267 3026 περὶ
285 2969 332 3011 τὰ
352 2969 460 3011 αὗταί.
481 2969 624 3022 Τρόπον
643 2968 721 3008 τινὰ
739 2969 775 3007 δὲ
793 2967 908 3020 λέγω,
930 2966 983 3006 ὅτι
1002 2969 1072 3006 τῶν
1092 2968 1237 3021 ἐνδεχο-

134 3031 300 3086 μένων
319 3029 396 3071 ἐστὶ
426 3029 487 3070 καὶ
515 3029 642 3077 ἄλλοτε
674 3029 788 3073 ἄλλως
810 3027 977 3081 ἐχόντων·
1010 3028 1076 3066 οὔκ
1108 3027 1182 3066 ἔστι
1203 3027 1239 3066 δὲ

174 3093 264 3134 καθ’
285 3089 372 3131 αὓτο
399 3105 532 3130 τουτων
556 3088 674 3137 αἰτία,
687 3087 790 3127 ἀλλὰ
811 3087 905 3126 κατὰ
938 3085 1164 3137 συμὸεὸηκός
1181 3116 1192 3135 ,
1216 3089 1236 3134 ἡ

87 3147 113 3164 '⁴'
132 3147 133 3150 Ἴ
154 3141 234 3192 &a
239 3149 302 3204 τέγ
293 3160 347 3204 νη
367 3150 444 3190 καθ’
463 3148 550 3189 αὑτό
569 3150 663 3188 ἐστιν
679 3147 776 3187 αἰτία
796 3163 866 3186 των
882 3162 919 3186 τε
921 3162 1077 3199 χνητων

130 3200 133 3205 .
161 3202 221 3226 Ψ·
215 3207 298 3228 Μ’·
315 3206 362 3250 Ἦ
383 3207 446 3261 μὲν
457 3202 516 3248 οὖν
529 3207 651 3261 τέχνη,
667 3210 715 3252 ὣς
729 3206 881 3260 εἴρηται,
897 3203 963 3252 ἕξις
977 3204 1051 3245 ἐστὶ
1072 3204 1136 3256 μὲν
1149 3205 1239 3256 μετὰ

160 3264 294 3325 ιὶίῦγοιι
324 3267 475 3318 ἆληθους
500 3266 667 3316 ποιητικὴ
701 3265 782 3320 περὶ
812 3264 857 3304 τὰ
875 3258 1161 3318 {v3q6ffaevet‚²
1135 3280 1183 3303 ων
1214 3267 1238 3312 ἠ

167 3434 177 3438 ’
191 3437 210 3444 “·
229 3420 251 3502 ἶ
267 3419 364 3456 Ἔστι
381 3421 418 3456 δὲ
438 3421 535 3466 τέχνη
550 3423 644 3454 πᾶσαι
660 3422 733 3465 περὶ
753 3421 879 3464 γένεσιν
899 3420 969 3453 κτλ.
987 3434 1030 3446 ·—·

189 3479 231 3505 Π
251 3493 259 3503 ·

652 198 958 240 ETHICORUM
990 196 1449 240 NICOMACHEORUM
1487 196 1864 238 PARAPHRASIS.

2260 199 2338 238 437

1291 293 1378 327 circa
1398 303 1475 337 quae
1503 295 1589 328 actio
1621 296 1802 329 versatur:
1824 290 1925 338 atque
1949 296 2002 329 est
2030 294 2166 338 quidem
2191 294 2339 333 effectio,

1291 346 1386 389 cujus
1402 346 1559 379 beneficio
1583 356 1668 389 opus
1691 346 1871 389 perficitur.
1901 346 2065 385 Quoniam
2083 348 2197 380 autem
2212 346 2346 380 effectio

1291 396 1334 430 ab
1362 395 1490 429 actione
1505 395 1640 434 differt,
1666 397 1768 429 etiam
1793 396 1928 430 habitus
1958 406 2034 430 cum
2059 397 2186 430 ratione
2208 397 2346 439 conjun-

1291 449 1365 480 ctus
1384 449 1418 479 et
1437 445 1479 479 ad
1499 446 1662 489 agendum
1681 447 1818 480 idoneus
1834 447 1875 480 ab
1899 457 1938 480 eo
1953 447 2091 487 differt,
2107 448 2166 490 qui
2179 458 2284 491 quum
2304 447 2345 480 ad

1291 498 1501 532 efficiendum
1534 498 1659 537 valeat,
1700 507 1777 531 cum
1811 499 1939 533 ratione
1962 502 2013 533 est
2039 501 2244 543 conjunctus.
2276 499 2348 532 Alia

1291 551 1402 582 tamen
1422 551 1515 588 sunt,
1536 559 1601 582 non
1619 549 1666 582 ita
1686 552 1724 582 ut
1738 550 1880 583 alterum
1895 550 2000 584 altero
2018 551 2238 590 contineatur,
2262 550 2348 583 sicut

1291 599 1490 641 particulare
1510 602 1543 633 et
1563 601 1758 639 universale,
1782 601 1840 635 sed
1871 604 1909 634 ut
1935 611 2043 644 equus
2066 604 2100 634 et
2125 602 2210 635 bos:
2241 609 2349 643 neque

1292 650 1380 683 enim
1401 651 1490 683 actio
1513 651 1555 684 ad
1586 652 1794 686 effectionem
1815 652 1969 691 refertur,
1998 653 2079 695 quia
2103 662 2168 685 non
2187 653 2238 685 est
2263 650 2349 684 effe-

1293 701 1358 734 ctio
1372 711 1501 744 :neque
1511 702 1645 736 effectio
1657 703 1701 736 ad
1718 703 1890 742 actionem,
1903 704 1982 747 quia
1994 714 2059 737 non
2071 706 2122 738 est
2138 703 2235 736 actio.
2253 702 2350 741 Quod

1292 752 1429 794 quidem
1458 754 1511 787 vel
1531 763 1571 786 ex
1591 755 1766 797 utriusque
1795 754 1986 788 definitione
2013 757 2150 798 apparet
2174 768 2182 787 ε
2201 761 2349 795 namque

1293 803 1357 836 alia
1378 805 1535 844 actionis,
1563 806 1627 839 alia
1651 805 1836 838 effectionis
1855 809 1906 839 est
1934 806 2092 840 definitio.
2117 808 2177 839 Est
2193 814 2271 847 ergo
2296 813 2352 837 ars

1295 853 1429 887 habitus
1457 864 1534 889 cum
1562 857 1688 890 ratione
1725 857 1939 898 conjunctus,
1971 857 2031 899 qui
2066 857 2108 889 ad
2140 854 2351 889 efficiendum

1297 904 1408 942 valet,
1430 905 1516 939 sicut
1537 908 1759 941 architectura
1779 921 1786 940 :
1813 908 1991 950 prudentia
2016 916 2094 941 vero
2120 906 2255 940 habitus
2273 913 2350 937 cum

1295 956 1422 989 ratione
1444 958 1639 1001 conjunctus
1668 961 1702 992 et
1722 959 1764 992 ad
1796 959 1959 1001 agendum
1992 959 2146 997 idoneus,
2176 959 2214 990 ut
2237 957 2353 999 postea

1294 1005 1425 1038 dicetur
1449 1019 1457 1039 z
1480 1007 1593 1050 itaque
1611 1015 1666 1039 ars
1690 1016 1710 1039 a
1731 1006 1869 1039 scientia
1898 1005 2034 1045 differt,
2060 1006 2140 1049 quia
2167 1005 2201 1038 in
2218 1004 2347 1038 contin-

1295 1057 1448 1098 gentibus
1474 1060 1638 1096 versatur,
1661 1059 1696 1091 et
1726 1067 1746 1090 a
1765 1057 1962 1100 prudentia,
1990 1067 2030 1090 eo
2056 1056 2148 1100 quod
2185 1053 2353 1089 efficiendi

1296 1117 1360 1141 non
1379 1109 1496 1151 agendi
1514 1108 1707 1143 facultatem
1732 1109 1834 1142 habet
1854 1121 1862 1141 :
1882 1108 2047 1150 siquidem
2075 1117 2129 1140 ars
2153 1106 2290 1140 habitus
2305 1106 2357 1138 est

1296 1165 1373 1189 cum
1394 1166 1471 1190 vera
1493 1158 1620 1191 ratione
1639 1158 1834 1200 conjunctus
1849 1158 1882 1189 et
1900 1155 1943 1188 ad
1962 1155 2174 1189 efficiendum
2193 1154 2353 1187 idoneus:

1295 1207 1331 1238 at
1355 1206 1490 1240 habitus
1515 1207 1576 1250 qui
1606 1206 1682 1240 talis
1700 1208 1772 1247 est,
1795 1214 1851 1239 ars
1879 1206 1931 1238 est
1960 1216 1968 1236 :
1991 1205 2070 1236 sunt
2089 1203 2177 1236 enim
2201 1202 2276 1234 haec
2299 1210 2356 1234 re-

1295 1262 1436 1296 ciproca.

1338 1314 1455 1348 Omnis
1474 1316 1588 1349 autem
1607 1323 1664 1348 ars
1690 1314 1724 1348 in
1739 1322 1854 1348 earum
1875 1321 1990 1347 rerum
2014 1311 2183 1344 molitione
2197 1309 2356 1347 cernitur,

1297 1374 1465 1419 quaeTfieri
1491 1377 1551 1408 aut
1576 1377 1717 1418 possunt
1740 1377 1800 1408 aut
1815 1376 1987 1417 nequeunt
2006 1385 2014 1406 ι
2033 1372 2126 1406 verbi
2141 1380 2240 1404 causa
2255 1369 2360 1403 archi-

1298 1438 1485 1470 tectura-eo
1507 1438 1654 1479 spectat,
1674 1437 1713 1469 ut
1730 1435 1851 1469 domus
1866 1434 2051 1468 aedificetur
2070 1443 2078 1462 :
2096 1434 2131 1466 et
2151 1441 2207 1465 ars
2223 1430 2360 1464 navium

1299 1495 1588 1535 fabricandarum,
1604 1498 1643 1530 ut
1669 1496 1764 1529 navis
1790 1495 1988 1534 aedificetur,
2009 1502 2086 1537 quae
2110 1492 2181 1525 lieri
2202 1493 2261 1525 aut
2283 1500 2361 1534 pos-

1298 1557 1377 1589 sunt
1407 1558 1466 1589 aut
1495 1557 1677 1599 nequeunt.
1699 1557 1767 1589 Nec
1795 1557 1907 1588 tamen
1925 1554 1959 1586 in
1981 1553 2157 1591 omnibus,
2186 1560 2264 1594 quae
2287 1549 2361 1583 fieri

1298 1613 1454 1659 possunt,
1479 1625 1535 1649 ars
1560 1618 1721 1658 occupata
1738 1617 1809 1653 est,
1834 1614 1893 1648 sed
1919 1613 1954 1646 in
1979 1612 2020 1646 iis
2041 1614 2191 1651 tantum,
2216 1620 2361 1654 quorum

1298 1674 1652 1719 originis‘principium
1665 1675 1700 1709 in
1717 1673 1883 1708 efficiente
1896 1681 1961 1705 non
1977 1673 2012 1705 in
2036 1670 2160 1705 effecto
2190 1672 2240 1703 est
2257 1682 2265 1702 ι
2281 1678 2362 1712 qua-

1298 1734 1343 1767 lia
1359 1736 1438 1767 sunt
1456 1734 1623 1767 naturalia
1643 1746 1651 1766 :
1682 1733 1807 1777 quippe
1829 1731 2035 1765 naturalium
2060 1730 2196 1773 originis
2219 1729 2305 1762 ratio
2327 1729 2361 1762 in

1298 1792 1379 1836 ipsis
1405 1795 1456 1827 est
1476 1805 1484 1826 ε
1517 1795 1663 1836 suntque
1692 1791 1916 1834 contingentia
1935 1790 2094 1834 quidem,
2115 1789 2174 1823 sed
2198 1799 2263 1822 non
2289 1790 2362 1822 arte

1299 1851 1414 1885 facta:
1446 1861 1554 1895 neque
1581 1852 1670 1886 enim
1699 1853 1873 1885 externam
1901 1850 2100 1884 substantias
2127 1858 2198 1882 suae
2228 1857 2363 1882 causam

1298 1912 1424 1946 habent
1443 1925 1452 1946 ι
1472 1911 1559 1945 sicut
1582 1912 1703 1945 domus
1719 1911 1961 1949 architectum,
1981 1910 2078 1943 navis
2092 1911 2231 1943 navium
2255 1908 2362 1942 fabri-

1299 1975 1456 2006 catorem.

1340 2034 1444 2066 Porro
1467 2031 1532 2065 arti
1546 2033 1580 2065 et
1590 2030 1735 2065 fortunae
1750 2030 1820 2066 fere
1837 2031 1962 2065 eaedem
1979 2039 2035 2064 res
2047 2028 2218 2072 subjacent
2235 2041 2242 2061 ε
2261 2038 2360 2062 nam-

1298 2099 1366 2134 que
1387 2091 1422 2123 in
1446 2090 1499 2123 his
1526 2093 1684 2123 versatur
1714 2090 1864 2131 fortuna,
1892 2090 2018 2133 quibus
2043 2092 2181 2123 externa
2209 2087 2360 2120 substan-

1299 2148 1356 2180 tiae
1383 2155 1454 2180 suae
1485 2155 1586 2180 causa
1614 2149 1696 2180 est:
1728 2147 1756 2180 si
1780 2147 1868 2180 enim
1894 2146 2035 2179 fortuita
2065 2143 2261 2178 substantiae
2291 2151 2361 2176 suoe

1300 2213 1417 2238 causas
1434 2204 1469 2236 in
1492 2213 1528 2237 se
1547 2204 1709 2237 haberent
1721 2230 1728 2242 ,
1754 2213 1818 2236 non
1833 2203 2029 2237 viderentur
2054 2201 2224 2243 inopinata
2243 2213 2253 2233 ε
2273 2207 2362 2232 nunc

1299 2271 1379 2295 vero
1402 2264 1576 2304 propterea
1596 2261 1654 2294 illa
1669 2261 1886 2299 admiramur,
1903 2259 1996 2302 quod
2011 2268 2076 2292 non
2102 2257 2202 2291 modo
2221 2260 2361 2290 externa

1299 2329 1415 2353 eorum
1431 2329 1532 2353 causa
1545 2322 1606 2358 est,
1626 2319 1686 2353 sed
1710 2320 1810 2352 etiam
1826 2307 1918 2361 origo
1932 2327 2047 2351 eorum
2063 2316 2140 2350 inde
2157 2313 2338 2358 repetenda
2350 2338 2358 2350 ‚

1299 2377 1388 2412 unde
1411 2387 1509 2411 nemo
1534 2379 1759 2419 exspectasset
1777 2390 1784 2410 :
1806 2386 1882 2410 nam
1909 2376 2011 2410 fossio
2028 2383 2256 2418 saepenumero
2274 2371 2362 2406 divi·

1299 2435 1424 2468 tiarum
1440 2443 1541 2468 causa
1559 2433 1625 2467 fuit
1647 2447 1655 2466 :
1680 2434 1803 2476 quippe
1830 2433 1912 2466 dum
1938 2433 1972 2466 in
2000 2432 2218 2465 fundamento
2241 2429 2362 2463 domus

1299 2492 1420 2535 aliquis
1435 2491 1559 2525 fossam
1576 2491 1679 2530 fodit,
1698 2491 1733 2524 iu
1748 2492 1944 2524 thesaurum
1962 2491 2079 2523 incidit
2094 2503 2102 2522 :
2121 2492 2156 2522 et
2169 2492 2281 2522 tamen
2297 2487 2361 2520 hoc

1300 2551 1422 2593 praeter
1438 2558 1530 2592 spem
1546 2549 1576 2582 ei
1588 2548 1729 2590 obtingit
1741 2575 1749 2587 ,
1772 2548 1852 2591 quia
1870 2557 1928 2591 per
1944 2557 1980 2581 se
1993 2547 2094 2581 fossio
2114 2556 2180 2580 non
2193 2547 2244 2580 est
2260 2552 2360 2577 causa

1300 2608 1518 2642 divitiarum:
1541 2607 1718 2646 nimirum,
1739 2607 1768 2640 si
1788 2607 1852 2640 hoc
1879 2607 1928 2640 ita
1949 2608 2060 2645 esset,
2075 2614 2190 2639 omnes
2212 2602 2361 2647 profecto

1302 2665 1446 2698 fossores
1466 2664 1596 2698 divitiis
1622 2663 1829 2697 abundarent
1856 2675 1865 2696 ε
1897 2662 1957 2696 sed
1983 2672 2044 2706 per
2070 2661 2223 2696 accidens
2247 2671 2256 2691 ε
2283 2664 2360 2700 quae

1301 2723 1387 2757 enim
1410 2731 1469 2765 per
1485 2721 1638 2755 accidens
1651 2729 1761 2754 causae
1785 2722 1863 2757 sunt
1880 2729 2012 2759 eorum,
2031 2728 2108 2762 quae
2129 2717 2294 2756 efficiunt,
2322 2721 2360 2745 ea

1301 2778 1340 2808 ut
1355 2775 1472 2808 fierent
1491 2784 1589 2808 nemo
1602 2773 1818 2816 exspectabat
1833 2787 1842 2807 ι
1860 2773 2026 2816 siquidem
2049 2773 2107 2806 illa
2134 2773 2168 2806 in
2186 2772 2301 2806 eadem
2324 2781 2360 2805 re

1301 2831 1547 2872 exspectantur,
1563 2837 1640 2871 quae
1665 2828 1738 2870 eJ'us
1755 2826 1888 2860 notione
1901 2829 1960 2860 aut
1983 2826 2144 2860 facultate
2170 2828 2229 2859 aut
2242 2825 2359 2859 effica-

1301 2882 1351 2915 cia
1371 2882 1583 2915 continentur
1600 2889 1697 2923 :quae
1710 2889 1789 2914 vero
1811 2889 1869 2923 per
1882 2879 2035 2913 accidens
2051 2888 2162 2912 causae
2179 2879 2357 2918 habentur,

1300 2946 1366 2971 non
1381 2938 1459 2970 sunt
1487 2936 1577 2969 talia.
1597 2937 1807 2978 Quapropter
1825 2944 1881 2968 ars
1899 2936 1933 2968 et
1952 2934 2087 2968 fortuna
2113 2932 2359 2976 quodammodo

1301 2990 1388 3023 circa
1408 2989 1526 3023 eadem
1548 2992 1734 3023 versantur.
1751 2988 2004 3028 Quodammodo
2026 2990 2139 3021 autem
2163 2987 2256 3025 dico,
2281 2986 2359 3030 quia

1301 3044 1560 3087 contingentium
1582 3046 1632 3077 est
1655 3045 1689 3077 et
1715 3053 1830 3077 eorum
1849 3052 1926 3086 quoe
1942 3042 2025 3075 alias
2041 3042 2138 3075 aliter
2153 3050 2188 3074 se
2206 3042 2329 3074 habent
2348 3053 2356 3072 :

1300 3107 1366 3131 non
1389 3106 1449 3140 per
1476 3105 1512 3130 se
1530 3098 1643 3129 autem
1671 3096 1794 3129 horum
1821 3105 1922 3128 causa
1945 3097 2012 3134 est,
2028 3094 2087 3128 sed
2109 3104 2168 3137 per
2192 3093 2356 3134 accidens,

1301 3161 1356 3184 ars
1370 3159 1451 3184 vero
1466 3159 1579 3184 rerum
1593 3149 1847 3183 artificiosarum
1864 3158 1965 3182 causa
1982 3158 2042 3192 per
2059 3157 2094 3182 se
2107 3150 2167 3181 est.

1343 3212 1404 3243 Ars
1422 3198 1591 3253 igitursut
1615 3209 1782 3248 diximus,
1804 3209 1940 3242 habitus
1961 3211 2012 3242 est
2033 3217 2110 3242 cum
2133 3215 2212 3240 vera
2230 3205 2359 3239 ratione

1302 3270 1515 3313 conjunctus,
1538 3271 1572 3303 et
1590 3269 1633 3303 ad
1652 3268 1863 3303 efficiendum
1881 3268 1915 3301 in
1934 3266 2202 3310 contingentibus
2220 3265 2358 3298 idoneus

1047 3418 1087 3441 *⁴*
1103 3420 1169 3455 Καὶ
1195 3419 1319 3465 τρόπον
1335 3419 1410 3454 τινὰ
1429 3421 1505 3466 περὶ
1520 3420 1564 3453 τὰ
1583 3421 1668 3454 αὐτά
1686 3420 1775 3454 ἐστιν
1797 3420 1867 3454 κτλ.
1884 3434 1926 3442 -
1943 3418 2003 3437 *4*
2029 3416 2070 3451 Ἢ
2092 3416 2149 3458 μὲν
2167 3415 2225 3449 οὗν
2245 3415 2355 3458 τέχνη,
