2508 3776
289 161 368 199 424

288 246 404 287 Ἑκὼν
427 245 464 285 δέ
475 259 526 288 τις
545 249 659 291 ποιεῖ,
678 242 760 281 ὅταν
779 236 802 292 ἧ
829 240 916 295 παρ’
936 242 1032 297 αὐτῷ
1050 245 1113 291 τῆς
1125 244 1284 298 πράξεως
1303 248 1326 293 ἡ

268 306 382 344 αἰτία
403 304 463 343 καὶ
483 306 504 348 ἡ
525 300 617 354 ἀρχὴ
638 304 699 340 τοῦ
713 303 835 340 ποιεῖν·
859 305 921 349 τῆς
949 300 986 340 δὲ
1003 303 1173 355 διανομῆς
1192 308 1214 354 ἡ
1235 305 1326 359 ἀρχὴ

286 363 384 416 παρὰ
400 365 449 415 τῷ
466 360 674 410 διανέμοντι·
703 362 721 399 δ
742 360 809 412 ἄρα
834 360 1008 412 διανέμων
1035 361 1075 401 τὸ
1093 363 1200 403 πλέον
1217 365 1331 403 ἀδικεῖ

286 422 363 461 καθ’
383 420 481 468 αὑτό,
504 419 579 458 ἀλλ’
601 419 666 471 οὐχ
686 421 704 457 ὁ
724 419 919 471 δεχόμενος·
951 422 989 459 οὗ
1015 420 1084 474 γὰρ
1104 422 1160 460 ἐπ’
1181 425 1273 475 αὐτῷ
1293 426 1329 463 ἔ-

287 496 360 518 στιν
372 485 386 502 “
400 484 423 528 ἡ
441 478 551 531 ἀρχή,
567 476 681 522 καθὼς
697 476 847 530 εἴρηται.
859 479 918 518 Οὐ
932 477 998 531 γὰρ
1009 481 1028 517 ὁ
1044 482 1152 519 ποιῶν
1167 479 1212 519 τὰ
1226 481 1329 521 ἄδικα

286 540 416 578 ἀδικεῖν
438 538 602 589 λέγεται,
618 538 648 576 εἷ
668 536 717 609 μὴ
733 536 824 576 κατὰ
839 536 1072 609 συμὸεὸηκός·
1092 538 1210 594 ὥσπερ
1230 541 1329 592 λέγε·

285 614 343 638 ται
357 599 418 637 καὶ
437 601 459 645 ἡ
481 597 561 650 χειρ
583 594 757 650 φονεύειν,
790 594 813 642 ἢ
843 595 1031 648 μάχαιρα,
1053 596 1076 644 ἢ
1098 597 1214 649 λίθος,
1245 599 1330 653 παρ’

286 652 335 703 οἶς
354 659 416 696 οὔκ
436 656 529 696 ἔστιν
550 655 642 709 ἀρχὴ
662 669 722 694 του
743 654 867 708 φόνου,
887 655 964 695 ουδὲ
988 655 1048 710 ἀφ’
1068 658 1200 696 ἑαυτῶν
1219 659 1331 711 πράτ-

286 732 413 757 τουσιν·
436 716 539 755 ἄδικα
558 715 620 767 μὲν
643 713 711 767 γὰρ
730 718 905 762 ποιοῦσιν,
926 716 1082 754 ἀδικοῦσι
1101 715 1138 756 δὲ
1154 718 1328 768 οὐδαμῶς.

288 777 334 816 Ὁ
365 775 400 814 δὲ
425 774 597 827 διανέμων
627 772 775 821 ἀδίκως,
804 772 915 825 εἰμὲν
939 776 1069 825 ἀγνοῶν
1101 775 1179 821 τοὺς
1207 776 1332 827 νόμους

287 835 350 880 ἔξω
371 838 431 873 τοῦ
451 837 596 885 νομικοῦ
618 832 753 872 δικαίου
767 831 899 886 ἔκρινεν
913 863 922 880 ,
943 834 1005 872 οὐκ
1027 835 1140 873 ἀδικεῖ
1158 836 1251 876 κατὰ
1273 836 1330 875 τὸν

285 895 413 946 νόμον,
430 902 445 926 ¹¹
466 893 543 933 οὐδὲ
573 893 689 937 ἄδικος
708 895 731 940 ἡ
746 893 857 946 κρίσις
877 891 982 932 ἐστίν·
1009 894 1125 946 ἕτερον
1149 894 1184 933 δὲ
1204 895 1331 948 τρόπον

286 954 400 993 ἀδικεῖ
411 951 537 1004 ,λέγω
557 951 598 999 δὴ
621 951 714 991 κατὰ
740 950 780 990 τὸ
802 950 944 1005 φυσικὸν
967 953 1115 994 δίκαιον.
1139 953 1246 993 Αλλο
1265 954 1332 1009 γὰρ

285 1029 327 1052 το
346 1012 486 1063 νομικὸν
510 1011 668 1059 δίκαιον,
682 1010 741 1050 καὶ
761 1010 847 1050 ἄλλο
868 1010 907 1049 τὸ
927 1012 1085 1065 φυσικόν·
1116 1007 1201 1061 οἷον,
1223 1013 1331 1065 νόμου

286 1072 382 1116 ὄντος
400 1070 457 1111 τὸν
486 1069 631 1123 ἀριστέα
657 1068 790 1108 πλέον*Ξ
811 1068 903 1121 ἔχειν
930 1071 965 1108 ἐν
986 1073 1061 1114 ταῖς
1082 1072 1285 1122 διανομαῖς,
1314 1076 1332 1112 ὁ

288 1130 464 1181 διανέμων
494 1128 670 1182 ἀγνοήσας
699 1127 757 1167 τὸν
791 1128 895 1178 νόμον
923 1145 991 1169 των
1020 1130 1106 1170 ἴσων
1126 1133 1196 1175 τοῖς
1218 1132 1333 1176 ἄλλοις

286 1191 449 1239 ἠξίωσεν·
471 1192 568 1232 οὗτος
586 1188 701 1227 τοίνυν
721 1186 812 1226 κατὰ
830 1187 892 1238 μὲν
906 1187 945 1226 τὸ
958 1188 1103 1240 νομικὸν
1121 1190 1253 1229 δίκαιον
1271 1193 1333 1230 οὐκ

287 1250 455 1298 ἠδίκησεν
468 1279 478 1297 ,
496 1246 648 1299 ἠγνόησε
664 1245 733 1300 γὰρ
752 1246 810 1284 τὸν
830 1247 950 1297 νόμον·
967 1249 986 1286 ὁ
1000 1246 1036 1286 δὲ
1058 1247 1101 1286 δι’
1128 1249 1268 1300 ἄγνοιαν
1289 1249 1333 1288 τὰ

288 1309 393 1348 ἄδικα
413 1307 576 1360 πράττων
597 1307 659 1343 οὐκ
681 1305 808 1343 ἀδικεῖ·
833 1305 909 1344 ἐπεὶ
930 1305 965 1344 δὲ
985 1306 1046 1345 καὶ
1067 1307 1209 1358 φυσικὸς
1229 1307 1333 1358 νόμος

290 1367 362 1406 ἐστὶ
383 1365 462 1409 τοὺς
485 1363 666 1417 εὐεργέτας
689 1364 929 1412 ἀντευποιεῖν,
952 1364 1012 1402 καὶ
1030 1364 1079 1416 μὴ
1104 1367 1249 1417 ἀγνοῶν,
1272 1365 1333 1406 ἅτε

287 1424 432 1476 φυσικὸν
451 1423 562 1471 ὄντα,
581 1421 741 1476 παρέὸη,
765 1421 857 1461 κατὰ
881 1426 1002 1462 τοῦτον
1036 1423 1152 1468 ἄδικός
1173 1426 1278 1464 ἔστιν·
1303 1428 1333 1465 εἷ

289 1482 408 1522 δὲκαὶ
431 1483 490 1521 τὸν
519 1482 625 1533 νόμον
657 1480 837 1534 γινώσκων
869 1482 930 1521 καὶ
964 1482 1004 1521 τὸ
1024 1498 1169 1536 φυσικον
1203 1483 1333 1525 δίκαιον

287 1541 426 1595 παρέὸη
440 1571 450 1590 ,
468 1542 529 1581 καὶ
550 1540 677 1585 ἀδίκως
705 1540 842 1594 ἔκρινε,
873 1540 933 1580 καὶ
957 1541 996 1580 τὸ
1024 1542 1170 1582 πλέον’
1151 1559 1284 1595 ενειμεν
1306 1548 1335 1599 ᾧ

288 1600 339 1654 μὴ
353 1603 552 1655 προσῆκεν,
569 1603 606 1641 οὐ
622 1600 722 1650 μόνον
736 1599 794 1640 τὸν
810 1600 967 1640 λαὸόντα
984 1603 1231 1642 πλεονεκτεῖν’
1216 1604 1337 1652 εποίη-

263 1688 268 1692 »
287 1678 368 1715 σεν,
395 1662 486 1701 ἀλλὰ
498 1662 557 1700 καὶ
574 1661 673 1705 αὐτὸς
692 1662 908 1702 πλεονεκτεῖ.
936 1661 1007 1701 Καὶ
1024 1660 1092 1715 γὰρ
1109 1662 1176 1701 εἴτε
1197 1662 1251 1701 διὰ
1274 1679 1334 1716 φι-

286 1722 368 1760 λίαν
380 1753 390 1769 ‚
411 1721 434 1768 ἢ
450 1721 493 1759 δι’
513 1722 659 1774 ἔχθραν,
677 1719 700 1767 ἢ
720 1718 776 1758 διὰ
796 1720 891 1772 δῶρα
908 1720 1068 1768 ἠδίκησε,
1085 1722 1336 1775 συμμερίζεται

286 1780 327 1819 τὸ
346 1780 517 1831 ἀδίκημα·
532 1781 733 1819 πλεονεκτεῖ
745 1778 812 1831 γὰρ
830 1778 890 1817 καὶ
906 1778 1027 1829 αὑτός,
1049 1779 1072 1827 ἢ
1089 1780 1234 1834 χοίριτος
1251 1780 1336 1834 πρὸς

287 1839 346 1878 τὸν
370 1839 491 1893 φίλον,
510 1836 532 1885 ἢ
552 1838 723 1911 τιμωρίας
741 1839 787 1881 εἷς
804 1837 863 1876 τὸν
881 1837 1022 1890 ἐχθρόν,
1041 1837 1064 1885 ἢ
1087 1840 1252 1892 ἀργυρίου
1275 1855 1336 1878 και

289 1898 347 1937 διὰ
364 1902 466 1936 τοῦτο
483 1897 542 1935 καὶ
561 1896 664 1940 αὐτὸς
683 1901 838 1935 κοινωνεῖ
854 1911 915 1934 του
930 1896 1146 1947 ἀδικήματος
1165 1901 1215 1952 τῷ
1230 1898 1334 1937 πλέον

286 1956 444 1996 λαὸόντι·
458 1954 617 2027 καθάπερ
636 1953 704 2007 γὰρ
719 1956 747 1993 εἷ
763 1953 867 2007 ἀγρόν
883 1970 934 1998 τις
948 1954 1092 2005 ἀδίκως,
1113 1959 1141 2008 ᾧ
1159 1956 1209 2007 μὴ
1222 1972 1337 2009 προσ-

220 2033 226 2040 ·
288 2032 394 2063 ηκεν,
425 2014 553 2052 ἔδωκεν
590 2012 776 2066 ἀργυρίου,
805 2014 1090 2065 συμμερίσασθαι
1118 2000 1257 2067 λέγεται
1276 2016 1334 2054 τὸν

290 2075 394 2127 ἀγρὸν
413 2076 463 2127 τῷ
495 2072 653 2112 λαὸόντι·
680 2071 794 2110 καίτοι
812 2071 828 2094 ¹¹
862 2071 925 2110 οὖκ
947 2071 1052 2125 ἀγρὸν
1076 2073 1222 2122 ἔλαὸεν,
1252 2075 1331 2112 ἀλλ’

290 2132 464 2186 ἀργύριον·
487 2131 578 2171 οὕτω
598 2130 658 2170 καὶ
681 2132 698 2168 ὅ
717 2132 751 2169 ἐν
766 2135 843 2174 ταῖς
861 2131 1043 2181 διανομαῖς
1063 2131 1254 2180 ἀδικήσας,
1279 2133 1335 2171 ἵνα

290 2192 312 2239 ἢ
334 2194 451 2245 ἑαυτῷ
475 2191 497 2238 ἢ
521 2190 611 2245 φίλῳ
629 2189 848 2243 χαρίσηται,
873 2189 1014 2242 μετέχει
1040 2194 1100 2229 τοῦ
1121 2191 1334 2237 πλεονεκτή-

291 2267 420 2304 ματος,
443 2251 503 2290 καὶ
525 2249 778 2301 συμμερίζεται
805 2249 846 2288 τὸ
867 2247 1043 2300 ἀδίκημα·
1064 2249 1124 2289 καὶ
1147 2253 1165 2288 ὃ
1188 2250 1250 2302 μὲν
1266 2253 1335 2290 λα-

292 2312 362 2365 βὼν
382 2310 488 2350 πλέον
503 2308 564 2361 μὲν
587 2309 682 2362 ἔχει,
699 2307 760 2347 καὶ
780 2307 884 2347 ἄδικοι
905 2308 1084 2357 ἐποίησεν·
1108 2310 1170 2349 οὓκ
1188 2309 1336 2358 ἠδίκησε

290 2371 349 2420 δέ,
380 2371 409 2409 εἷ
442 2370 491 2420 μὴ
530 2368 652 2421 δώροις
683 2368 707 2416 ἢ
732 2367 823 2421 ἄλλῃ
843 2366 911 2406 τινὶ
934 2371 1047 2407 πειθοῖ
1077 2368 1136 2407 τὸν
1168 2370 1337 2421 διανομέα

290 2429 516 2482 παρέπεισεν·
537 2430 555 2466 ὃ
580 2428 617 2466 δὲ
646 2426 831 2477 διανομεὺς
852 2426 912 2465 καὶ
934 2427 974 2466 τὸ
1000 2426 1106 2467 πλέον
1128 2427 1204 2481 ἔχει
1224 2428 1261 2467 ὃν
1284 2429 1336 2468 εἴ-

295 2504 396 2542 ρηται
414 2486 540 2539 τρόπον
553 2517 563 2527 .
588 2487 648 2526 καὶ
671 2486 788 2531 ἄδικός
807 2488 894 2526 ἔστι.

346 2546 522 2599 (Scripsi
545 2560 554 2583 τ
577 2550 592 2568 ⁸
613 2547 707 2598 αὐτῷ
729 2546 843 2597 ἔστιν]
874 2546 994 2596 vulgo
1015 2547 1111 2600 αὐτῷ
1128 2547 1236 2587 ἐστὶν.
1256 2571 1307 2578 --
1321 2547 1338 2571 ¹²

292 2605 350 2644 τὸν
370 2604 503 2656 νόμον]
523 2605 610 2643 cod.
631 2604 671 2643 τὸ
689 2604 808 2654 νόμον.
838 2625 892 2634 --
912 2612 924 2629 ⁰
946 2605 1073 2656 πλέον]
1107 2606 1194 2644 cod.
1225 2605 1333 2646 πλέα.

297 2685 351 2694 —
366 2663 382 2686 ‘¹
401 2661 539 2714 καίτοι]
562 2663 648 2703 cod.
677 2662 738 2701 καί
758 2678 823 2703 τοι.
844 2661 925 2715 —-)

705 2793 820 2845 ΔΚεφ.
854 2791 909 2833 ιε’.

337 2906 415 2939 ’Ότι
435 2905 473 2938 οὐ
493 2905 603 2948 ῥάδιον
621 2904 719 2937 παντὶ
741 2904 900 2938 ἑκάστοτε
926 2906 1038 2938 ἄδικον
1058 2907 1077 2945 ἢ
1095 2906 1219 2938 δίκαιον
1242 2906 1336 2938 εἶναι.

351 3002 367 3019 *
380 3001 481 3046 Τινὲς
501 3000 536 3040 δὲ
548 3017 589 3040 το
602 3000 760 3040 ἀδικεῖν
742 3018 764 3048 η
777 3001 908 3041 δίκαιον
920 2997 1009 3042 εἶναι
1021 3002 1135 3058 ῥοίδιον
1149 3002 1337 3055 νομίζουσι,

297 3071 358 3101 καὶ
378 3061 452 3110 ἅμα
471 3076 521 3098 τω
542 3061 688 3106 θελῆσαι
708 3060 850 3099 δυνατον
884 3065 973 3100 εἶναι
1006 3062 1138 3101 δίκαιον
1165 3062 1188 3110 ἢ
1221 3061 1339 3100 ἄδικον

299 3121 471 3175 γενέσθαι·
493 3125 592 3160 τοῦτο
612 3120 647 3158 δὲ
665 3120 731 3172 οὐχ
747 3120 854 3166 οὕτως
875 3121 963 3174 ἔχει.
990 3122 1047 3161 Τὸ
1063 3121 1125 3173 μὲν
1155 3121 1222 3174 γὰρ
1243 3126 1338 3174 πρᾶ-

301 3180 354 3225 ξαι
373 3179 417 3218 τὰ
440 3178 558 3218 δίκαια
578 3179 600 3227 ἢ
617 3179 661 3218 τὰ
680 3179 804 3227 ἄδικα,
823 3180 882 3218 καὶ
909 3179 931 3226 ἢ
956 3181 1072 3219 δοῦναι
1104 3180 1267 3233 ἀργύριον
1282 3211 1293 3229 ,
1314 3179 1336 3227 ἢ

300 3237 454 3284 πατάξαι
474 3237 532 3277 τὸν
553 3237 701 3287 πλησίον
715 3269 724 3284 ,
749 3237 864 3291 ῥᾴδιόν
894 3238 1046 3277 ἐστικαὶ
1077 3242 1135 3277 τοῦ
1159 3238 1335 3291 βουλομέ-

1119 156 1400 199 ANDRONICI
1428 157 1604 198 RHODII

1390 251 1512 293 Sponte
1527 253 1638 284 autem
1657 251 1780 294 aliquis
1802 251 1902 294 facit,
1921 261 2027 296 quum
2043 263 2144 298 penes
2167 255 2276 298 ipsum
2294 251 2433 292 actionis
2493 262 2494 266 ’

1389 312 1487 336 causa
1502 306 1551 337 est
1571 306 1605 338 et
1626 303 1768 338 faciendi
1791 305 2013 349 principium;
2018 310 2066 341 at
2085 317 2164 342 vero
2186 309 2430 350 distributimnis
2470 339 2476 350 .,

1391 357 1585 399 principium
1599 366 1698 400 penes
1710 357 1964 392 distribuentem
1980 362 2058 393 est.
2077 363 2136 404 qui
2150 371 2228 404 ergo
2245 361 2430 402 distribuit.
2472 358 2479 404 ξ

1389 411 1545 452 majorem
1561 421 1619 454 per
1633 421 1668 445 se
1684 413 1839 455 injuriam
1862 414 1960 454 facit,
1981 425 2082 458 quam
2097 417 2127 450 is
2141 418 2200 460 qui
2214 418 2356 462 accipit·
2372 426 2433 451 nec

1390 463 1477 495 enim
1490 473 1588 506 penes
1600 465 1689 498 hunc
1707 469 1758 500 est
1770 467 1986 510 principium,
2008 471 2046 502 ut
2063 469 2217 505 diximus.
2236 473 2350 516 Neque
2375 470 2434 514 qui
2446 492 2464 507 s
2482 485 2489 501 2
2506 503 2508 506 .

1390 515 1511 557 injusta
1525 516 1604 550 facit
1626 518 1774 551 dicitur
1765 520 1919 562 lnjuriam
1944 519 2067 560 facere,
2095 521 2159 554 nisi
2181 531 2239 565 per
2259 522 2430 558 aeduens-
2490 544 2493 565 ,ς

1390 568 1670 609 quemadmodum
1679 573 1712 603 et
1724 580 1841 604 manus
1857 572 1979 605 dicitur
1991 573 2150 613 occidere,
2161 573 2364 622 autgladius,
2375 577 2434 609 aut
2490 587 2494 596 ··

1391 619 1483 662 lapis,
1499 631 1603 664 quum
1616 624 1747 657 tamen
1738 634 1771 656 1n
1787 633 1900 657 eorum
1917 627 2080 668 potestate
2098 635 2164 659 non
2176 627 2219 660 sit
2229 620 2330 666 caedfs
2339 627 2430 671 prin·

1391 674 1524 716 cipium,
1542 685 1648 719 neque
1663 686 1722 720 per
1734 687 1769 711 se
1782 680 1880 721 agant
1894 691 1902 711 z
1917 688 1995 712 nam
2006 679 2128 722 injusta
2141 679 2278 722 quidem
2291 679 2429 719 faciunt,

1391 724 1544 767 injuriam
1557 731 1669 762 autem
1693 731 1898 773 neutiquam.
1926 730 1992 768 Qui
2007 739 2086 764 vero
2105 730 2277 765 distribuit
2299 730 2434 774 injuste,

1393 777 1420 810 si
1430 777 1516 820 leges
1528 779 1680 822 ignorans
1695 784 1816 824 praeter
1835 782 2019 824 legitimum
2030 783 2086 824 jus
2095 783 2268 825 judicavit,
2283 793 2350 819 uon
2357 784 2437 818 facit

1392 830 1545 872 injuriam
1555 842 1596 866 ex
1610 833 1697 875 lege,
1711 843 1819 877 neque
1829 834 1990 876 injustum
2007 837 2058 868 est
2076 835 2236 878 judicium
2251 847 2260 869 ι
2273 835 2338 871 alia
2357 845 2438 870 vero

1392 884 1517 918 ratione
1532 886 1686 929 injuriam
1704 886 1802 928 facit,
1818 887 1851 920 id
1870 890 1937 928 est,
1961 887 2052 930 quod
2063 889 2106 922 ad
2118 889 2175 930 jus
2189 889 2340 924 naturale
2363 890 2439 924 atti-

1391 939 1458 970 net.
1475 938 1573 971 Aliud
1586 939 1671 972 enim
1682 940 1737 982 jus
1751 939 1937 981 legitimum
1954 942 2021 979 est,
2043 939 2138 973 aliud
2153 941 2305 976 naturale
2316 967 2325 982 ‚
2344 941 2439 976 verbi

1393 999 1510 1030 causa,
1526 992 1555 1024 si
1570 992 1623 1025 lex
1645 992 1708 1031 sit,
1724 995 1763 1025 ut
1782 993 1929 1026 omnium
1942 991 2144 1027 fortissimus
2157 994 2192 1027 in
2205 993 2439 1028 distributione

1392 1045 1468 1087 plus
1483 1045 1638 1087 accipiat,
1657 1055 1695 1078 ac
1712 1046 1739 1079 si
1753 1046 1782 1079 is
1801 1046 1859 1089 qui
1874 1046 2043 1079 distribuit
2058 1049 2193 1090 propter
2211 1047 2438 1091 legisiguora-

1393 1097 1516 1130 tionem
1531 1097 1703 1139 aequaliter
1723 1097 1802 1130 huic
1821 1098 2016 1140 caeterisque
2032 1096 2141 1131 omnia
2154 1098 2334 1132 distribuat
2351 1095 2362 1132 ἱ
2383 1099 2438 1132 hic

1393 1150 1495 1191 igitur
1514 1150 1604 1193 quod
1623 1151 1666 1183 ad
1676 1151 1734 1193 jus
1750 1151 1934 1193 legitimum
1961 1151 2090 1191 attinet,
2114 1151 2236 1193 injuste
2249 1161 2316 1185 non
2333 1149 2431 1192 fecit,

1393 1203 1473 1246 quia
1491 1202 1596 1244 legem
1614 1202 1784 1244 ignorabat
1799 1215 1807 1234 ε
1831 1203 1891 1245 qui
1906 1205 2018 1236 autem
2039 1212 2099 1246 per
2114 1203 2371 1246 imprudentiam
2388 1204 2442 1236 in-

1389 1255 1481 1296 justa
1496 1255 1594 1294 facit,
1613 1265 1678 1288 non
1700 1255 1767 1297 agit
1787 1255 1908 1296 injuste
1929 1268 1937 1288 :
1967 1265 2073 1299 quum
2090 1266 2167 1290 vero
2183 1257 2286 1291 etiam
2301 1257 2355 1291 lex
2379 1266 2441 1290 na-

1393 1309 1512 1341 turalis
1537 1308 1592 1347 sit,
1614 1310 1652 1341 ut
1674 1308 1815 1341 aliorum
1840 1309 1958 1342 merita
1986 1309 2152 1344 beneficiis
2169 1318 2438 1353 compensemuS,

1395 1371 1495 1405 quam
1518 1363 1634 1404 utpote
1661 1371 1681 1394 a
1705 1364 1824 1395 natura
1855 1361 2036 1405 profectam
2065 1371 2171 1406 quum
2198 1363 2349 1406 ignorare
2375 1371 2442 1397 non

1394 1416 1520 1458 posset,
1537 1423 1576 1447 ac
1588 1416 1699 1447 tamen
1710 1414 1901 1456 migrasset,
1917 1415 2017 1456 hujus
2030 1417 2184 1458 respectu
2201 1414 2346 1458 injustus
2360 1416 2411 1448 est
2426 1426 2435 1446 ι
2504 1442 2508 1458 ὲ

1394 1466 1514 1510 quodsi
1533 1466 1696 1508 cognitam
1714 1467 1819 1509 legem
1834 1467 1999 1509 simulque
2014 1467 2114 1500 etiam
2129 1467 2185 1509 jus
2204 1466 2356 1501 naturale
2376 1466 2443 1500 mi·
2470 1463 2508 1510 ξ’

1395 1520 1512 1562 gravit,
1534 1519 1722 1562 injusteque
1733 1518 1896 1561 judicavit
1907 1547 1914 1559 ,
1931 1520 2028 1563 eique
2047 1520 2102 1553 cui
2117 1520 2252 1555 minime
2272 1519 2442 1554 convenie-

1395 1574 1463 1614 bat,
1483 1574 1559 1616 plus
1570 1573 1706 1612 tribuit,
1726 1582 1791 1606 non
1804 1574 1911 1607 solum
1923 1583 2000 1607 eum
2014 1574 2074 1617 qui
2088 1574 2214 1617 accepit
2231 1573 2309 1617 plus
2319 1573 2443 1608 habere

1395 1627 1490 1667 iecit,
1514 1627 1572 1660 sed
1595 1625 1696 1659 etiam
1711 1626 1781 1668 ipse
1796 1627 1872 1669 plus
1890 1626 2000 1660 habet.
2027 1627 2160 1660 Etenim
2178 1627 2249 1660 sive
2263 1626 2439 1666 amicitias,

1397 1683 1467 1716 sive
1483 1682 1664 1715 inimicitiae
1683 1684 1742 1715 aut
1760 1682 1905 1715 muneris
1928 1682 2108 1725 accipiendi
2130 1691 2232 1716 causa
2251 1682 2374 1724 iniuste
2391 1682 2442 1716 fe-

1396 1736 1462 1775 cit,
1481 1735 1642 1769 dividitur
1667 1735 1789 1778 injuria
1813 1748 1822 1769 :
1842 1735 1919 1778 plus
1945 1736 2032 1768 enim
2061 1737 2096 1769 et
2122 1735 2438 1779 ipsevoonsequitun

1397 1790 1451 1823 vel
1468 1789 1583 1831 gratiae
1604 1791 1773 1831 respectu,
1797 1788 1879 1822 dum
1906 1788 2011 1821 amieo
2038 1787 2263 1830 gratificatur,
2284 1789 2340 1822 vel
2365 1789 2442 1822 vin-

1396 1843 1514 1881 dictae,
1530 1842 1612 1875 dum
1627 1843 1798 1875 inimicum
1822 1841 2006 1881 ulciscitur,
2032 1841 2087 1876 vel
2109 1842 2259 1884 pecuniae
2275 1841 2440 1886 denique:

1398 1895 1539 1937 ideoque
1567 1897 1602 1928 et
1622 1904 1699 1928 cum
1732 1895 1837 1927 altero
1860 1894 1919 1936 qui
1940 1894 2015 1936 plus
2045 1894 2172 1937 accepit
2184 1920 2192 1934 ‚
2226 1894 2360 1936 iniuriae
2391 1895 2444 1928 est
2478 1900 2482 1915 ²

1398 1947 1562 1990 particeps
1579 1959 1588 1979 ε
1607 1946 1694 1979 sicut
1706 1947 1793 1979 enim
1804 1971 1812 1984 ,
1828 1946 1857 1978 si
1873 1945 1950 1987 quis
1965 1954 2082 1987 agrum
2093 1971 2101 1984 ,
2116 1945 2171 1978 cui
2185 1955 2252 1978 non
2269 1946 2444 1980 convenie-

1398 1999 1473 2037 bat,
1497 2007 1556 2040 per
1582 1997 1737 2038 injuriam
1768 1996 1907 2041 pecunia
1928 1998 2104 2039 corruptus
2125 1997 2283 2037 tradidit,
2302 1997 2332 2032 is
2352 2007 2444 2032 com-

1398 2051 1568 2085 municare
1589 2060 1704 2093 agrum
1716 2051 1812 2083 illum
1830 2050 1953 2083 dicitur
1965 2059 2042 2083 cum
2055 2059 2094 2083 eo
2105 2050 2166 2093 qui
2177 2050 2314 2093 accepit,
2329 2060 2445 2095 quam-

1398 2105 1451 2139 vis
1473 2114 1539 2137 non
1559 2114 1692 2146 agrum,
1724 2103 1783 2137 sed
1807 2103 1980 2146 pecuniam
1998 2102 2177 2146 acceperit;
2203 2103 2252 2136 ita
2267 2103 2328 2147 qui
2353 2104 2446 2138 illata

1399 2158 1473 2191 aliis
1501 2157 1621 2198 injuria
1642 2157 1677 2190 in
1698 2157 1926 2190 distribuendo
1952 2157 2121 2200 peccavit,
2154 2158 2193 2190 ut
2214 2157 2269 2191 vel
2300 2157 2364 2191 sibi
2387 2158 2443 2192 vel
2485 2173 2491 2207 ’4,

1399 2210 1506 2244 amieo
1533 2209 1754 2252 gratificetur,
1773 2209 1807 2241 in
1824 2211 1953 2251 partem
1978 2209 2062 2242 lucri
2080 2209 2172 2242 venit
2192 2208 2388 2253 injurioeque
2403 2210 2444 2244 fit

1399 2273 1533 2297 consors
1548 2276 1556 2296 :
1580 2265 1614 2296 et
1627 2263 1684 2296 ille
1701 2262 1836 2306 quidem
1854 2262 1914 2305 qui
1936 2262 2060 2304 accepit
2073 2261 2149 2304 plus
2166 2261 2284 2301 habev,
2297 2259 2444 2305 fecitque

1399 2316 1491 2360 quod
1509 2315 1668 2356 injustum
1687 2317 1753 2356 est,
1774 2324 1880 2357 quum
1897 2323 1939 2347 ne
1957 2314 2005 2347 sic
2022 2313 2157 2357 quidem
2171 2314 2292 2357 injuste
2315 2314 2444 2356 secent,

1399 2369 1463 2403 nisi
1481 2368 1535 2402 vel
1550 2367 1743 2401 muneribus
1767 2367 1821 2399 vel
1846 2366 1911 2399 alia
1927 2365 2038 2399 nescio
2057 2375 2126 2408 qua
2140 2366 2289 2400 oratione
2310 2366 2355 2400 ad
2367 2376 2444 2410 per-

1400 2421 1607 2457 suadendum
1628 2419 1874 2454 accommodata
1895 2428 1972 2452 eum
1988 2419 2047 2461 qui
2071 2419 2291 2453 distribuebat
2307 2420 2351 2454 ad
2372 2429 2444 2455 rem

1400 2477 1447 2510 sic
1470 2476 1630 2517 agendam
1654 2472 1786 2506 induxit
1812 2482 1820 2504 ε
1843 2471 1903 2514 qui
1920 2480 2000 2504 vero
2021 2470 2193 2504 distribuit
2212 2473 2286 2505 tum
2304 2472 2380 2516 plus
2404 2482 2444 2507 ea

1399 2540 1467 2573 qua
1483 2529 1610 2563 dictum
1625 2529 1676 2562 est
1691 2526 1817 2560 ratione
1828 2524 1946 2567 habet,
1964 2526 2038 2557 tum
2050 2523 2195 2567 injustus
2213 2527 2276 2559 est.

1842 2798 1920 2839 Gap.
1944 2798 2013 2830 XV.

1436 2901 1506 2931 Non
1526 2906 1587 2930 esse
1601 2898 1687 2929 facile
1703 2898 1824 2929 cuilibet
1839 2898 1958 2934 justum
1971 2905 2090 2935 semper
2107 2899 2161 2928 aut
2174 2897 2320 2935 injustum
2333 2905 2406 2930 esse.

1441 3008 1584 3048 Quidam
1610 3009 1722 3041 autem
1742 3007 1864 3049 injuste
1893 3016 1988 3050 agere
2016 3008 2074 3040 aut
2087 3008 2217 3050 Justum
2242 3016 2314 3042 esse
2346 3007 2443 3042 facile
2503 3036 2506 3044 ι

1400 3065 1607 3105 existimant,
1629 3064 1807 3106 statimque
1832 3063 1860 3096 si
1884 3063 1960 3105 quis
1983 3063 2082 3102 velit,
2107 3073 2182 3097 eum
2195 3063 2323 3106 Justum
2347 3073 2442 3107 posse
2506 3055 2508 3070 ³

1401 3127 1458 3158 aut
1475 3125 1637 3166 injustum
1651 3123 1722 3157 fieri
1745 3135 1754 3155 :
1771 3122 1865 3165 atqui
1879 3122 1952 3155 haec
1967 3131 2020 3155 res
2037 3132 2102 3155 non
2123 3123 2171 3156 ita
2188 3132 2224 3156 se
2243 3123 2355 3156 habet.
2369 3125 2444 3157 Ete-
2499 3120 2508 3154 ὲ,

1401 3185 1469 3218 nim
1483 3168 1578 3226 agere
1597 3193 1673 3226 quae
1682 3183 1773 3225 justa
1793 3184 1853 3215 aut
1874 3182 1995 3222 injusta
2015 3184 2109 3221 sunt,
2129 3191 2190 3215 nec
2205 3191 2272 3215 non
2287 3182 2367 3216 dare
2383 3192 2443 3225 pe·
2506 3211 2508 3215 .

1401 3244 1550 3283 cuniam,
1568 3245 1624 3276 aut
1646 3243 1817 3285 percutere
1843 3241 1965 3279 alium,
1983 3239 2079 3274 facile
2101 3243 2152 3274 est
2174 3242 2208 3274 et
2226 3238 2366 3275 uolentis
2385 3244 2442 3275 :at

606 3331 2436 3349 *m

344 3410 364 3430 4‘
378 3411 418 3444 Οἱ
439 3412 466 3443 δ’
483 3386 646 3455 ἄνθρωποι
666 3411 713 3453 ἐφ’
733 3412 859 3448 ἑαυτοῖς
875 3411 945 3443 κτλ.
