2528 3788
302 255 380 295 274

301 340 426 387 νίσκος,
438 337 514 377 εἰδὲ
527 337 669 377 ἔλαττον
665 337 892 409 ἡμικυκλίου
903 338 973 388 εἴη,
988 341 1330 394 προγράψαςτοιόνδε

299 414 334 437 τι
350 401 368 436 8
381 395 616 448 Ἱπποκράτης
626 399 726 435 τοῦτο
742 397 1011 440 κατεσκεύασεν.
1071 397 1194 440 Ἔστω
1207 400 1331 445 κύκλος

959 251 1161 293 EUDEMI
1191 252 1371 293 RHODII
1401 251 1762 295 PERIPATETICI

1391 342 1462 382 ἐστὶ
1484 348 1554 388 τοῖς
1576 342 1672 387 ἐκτὸς
1686 357 1747 381 του
1774 343 2020 396 εὐθυγράμμου
2046 346 2225 398 τμήμασιν
2247 350 2419 402 ἀφαιρᾱσέ

1391 403 1504 452 μένοις
1524 403 1591 440 ὑπὸ
1609 405 1677 441 τῶν
1698 418 1737 441 εκ
1757 401 1802 440 κὸ
1835 404 1897 455 βη.
1954 402 2139 457 Ἑκάτερον
2156 406 2222 458 γὰρ
2243 409 2311 445 τῶν
2330 405 2426 452 tub}

300 452 339 496 οὗ
349 456 555 508 διάμετρος,
574 457 626 507 ἐφ’
647 449 670 507 ᾗ
688 458 710 502 ἠ
730 455 800 507 αὸ,
825 455 965 509 κέντρον
988 457 1024 495 83
1041 459 1144 496 αὐτοῦ
1166 460 1205 511 ἐφ
1226 462 1263 497 οὗ
1283 475 1304 497 κ
1318 488 1328 506 ,
1390 460 1549 510 ἡμιόλιόν
1582 463 1675 499 ἐστιν
1695 459 1842 499 ἑκάστου
1870 462 1938 498 τῶν
1965 461 2077 505 ἐκτός·
2095 463 2238 513 ἡμιολία
2254 463 2321 517 γὰρ
2339 463 2426 504 67:6-

297 515 357 555 καὶ
374 518 396 562 ἢ
419 514 518 564 μὲν’
503 517 555 567 εφ’
576 509 599 565 ᾗ
618 514 660 564 γδ
689 514 770 565 δίχα
794 529 832 552 τε
850 515 910 553 καὶ
942 516 1026 568 πρὸς
1044 517 1146 569 ὀρθὰς
1178 533 1280 566 τεμνε
1265 517 1331 555 έτω

295 573 358 620 τὴν
377 575 428 626 ἐφ’
447 576 470 624 ᾗ
498 576 553 625 βκ,
573 576 594 619 ἡ
616 572 650 611 δὲ
669 571 719 625 ἐφ’
739 576 760 625 ᾑ
782 574 818 617 εζ
842 572 941 624 ἤχθω
959 574 1056 627 παρὰ
1077 574 1174 621 τὴν’
1159 591 1200 628 εφ
1203 571 1249 625 ’ᾖ
1269 576 1328 626 86,

295 633 354 671 καὶ
382 631 452 671 ἀπὸ
470 636 528 671 τοῦ
547 647 568 670 κ
588 631 782 683 ἐπεζεύχθω
806 631 864 669 ἐπὶ
884 631 928 669 τὰ
954 634 1011 682 εζ,
1035 634 1263 683 συμπιπτέτω
1294 607 1329 673 83

295 691 534 742 ἐκὸαλλομένη
551 691 606 729 ἐπὶ
626 691 664 729 τὸ
680 692 698 735 ζ
717 694 740 738 ἠ
759 692 998 742 ἐπιζευχθεῖσα
1011 695 1053 743 τῇ
1069 692 1120 745 ἐφ’
1139 696 1160 744 ᾖ
1180 708 1219 738 εη
1239 692 1330 732 κατὰ

295 750 334 789 τὸ
353 767 391 798 η,
422 750 483 790 καὶ
503 750 608 788 πάλιν
627 748 696 788 ἀπὸ
717 754 776 788 τοῦ
801 752 822 801 β
846 750 903 788 ἐπὶ
923 749 966 787 τὰ
988 751 1028 797 ζη
1050 749 1328 802 ἐπεζεύχθωσαν,

297 808 441 862 φανερὸν
459 808 500 855 δὴ
520 807 572 846 ὅτι
595 810 616 854 ἠ
640 806 702 857 μὲν
722 809 774 861 ἐφ’
794 811 817 859 ᾐ
833 810 869 853 εζ
891 807 1134 860 ἐκὸαλλομένη
1159 810 1215 848 ἐπὶ
1240 809 1281 848 τὸ
1309 813 1329 862 β

295 873 467 907 πεσεῖται·
494 865 671 906 ὑπόκειται
689 867 755 941 γὰρ
776 870 797 914 ἡ
826 869 863 912 εζ
882 867 939 905 ἐπὶ
959 867 999 906 τὸ
1029 871 1050 920 β
1069 867 1229 916 νεύουσα,
1248 872 1269 916 ἡ
1295 868 1330 907 δὲ

294 926 344 978 ἐφ’
365 930 387 979 ᾐ
406 929 451 978 βη
470 925 568 973 ἴση”
551 941 648 964 εσται
669 929 712 979 τῇ
734 928 786 980 ἐφ’
807 929 830 977 ᾑ
852 942 905 974 εκ,
924 942 1027 964 τουτο
1047 926 1114 966 8ὲῖ
1103 943 1184 971 ισως
1204 927 1266 978 μὲν
1287 928 1329 966 ἄν

293 1000 343 1028 τις
357 983 417 1023 καὶ
439 983 703 1036 προχειρότερον
725 984 886 1032 δείξειεν,
913 984 989 1034 ἐμοὶ
1009 985 1079 1023 δὲ’
1065 1001 1103 1023 εκ
1122 987 1189 1023 τῶν
1213 1001 1327 1039 προω-

294 1041 543 1094 μολογημένων
565 1041 670 1086 οὕτως
702 1043 829 1089 ἐπῆλθε
861 1042 985 1087 δεῖξαι·
1022 1043 1200 1082 ὑπόκειται
1234 1047 1255 1091 ἡ
1284 1046 1329 1095 -δγ

293 1102 357 1148 τὴν
381 1105 426 1154 βκ
451 1102 555 1152 διχῶς
573 1116 610 1138 τε
627 1099 687 1139 καὶ
715 1101 800 1152 πρὸς
819 1101 921 1153 ὀρθὰς
939 1101 1092 1152 τέμνειν,
1124 1102 1182 1141 ἐπὶ
1200 1106 1261 1150 τῆς
1288 1105 1330 1155 δγ

296 1161 363 1213 ἄρα
383 1160 422 1199 τὸ
441 1161 580 1211 κέντρον
602 1159 675 1197 ἐστι
696 1162 755 1197 τοῦ
778 1158 859 1212 περὶ
887 1159 927 1198 τὸ
948 1161 1131 1213 τραπέζιον
1149 1177 1327 1220 γραφησο-

295 1219 399 1271 μένου
414 1218 541 1257 κύκλου
562 1217 618 1256 διὰ
641 1217 680 1256 τὸ
698 1218 854 1270 πόρισμα
870 1235 931 1257 του
950 1219 1087 1271 πρώτου
1109 1218 1330 1272 θεωρήματος

292 1294 352 1317 του
376 1279 411 1316 ἐν
431 1279 481 1328 τῷ
498 1291 603 1328 τιριτῳ
625 1279 692 1314 τῶν
714 1277 906 1316 Εὐκλείδου
927 1277 1130 1329 στοιχείων
1154 1279 1271 1327 ἐπειδὴ
1293 1279 1327 1317 δὲ

294 1315 519 1388 παράλληλός
552 1337 643 1373 ἐστιν
673 1337 694 1380 ἠ
724 1350 763 1382 εη
787 1338 831 1386 τῇ
858 1335 904 1374 κὸ
932 1351 992 1374 και
1021 1337 1067 1380 εἷς
1089 1337 1231 1381 αὐτὰς’
1218 1338 1327 1387 εμπέ-

293 1409 430 1435 πτωκεν
449 1396 471 1439 ἦ
491 1393 548 1443 γδ,
565 1393 659 1436 τὰς
645 1392 737 1436 εντὸς
753 1393 878 1445 γωνίας
901 1395 995 1432 δυσὶν
1012 1394 1158 1444 ὀρθαῖςῖ
1145 1411 1219 1439 ισας
1238 1399 1331 1435 ποιεῖ

293 1453 347 1491 διὰ
371 1453 410 1492 τὸ
430 1452 462 1490 κ’
483 1451 511 1489 θ’
531 1467 590 1489 του
610 1450 762 1503 πρώτου,
787 1452 885 1504 ὀρθαὶ
904 1451 940 1490 δὲ
968 1453 1003 1490 αἳ
1021 1452 1104 1504 πρὸς
1119 1453 1158 1491 τὸ
1177 1470 1212 1505 γ,
1233 1455 1329 1528 ὀρθριὶ

293 1513 360 1563 ἄρα
377 1510 435 1549 καὶ
455 1510 491 1548 αἱ
510 1508 593 1561 πρὸς
610 1509 646 1547 τὸ
666 1508 710 1547 δ’.
767 1509 814 1549 ‘H
831 1514 887 1548 οὐν
903 1512 944 1562 γδ
959 1511 1015 1549 διὰ
1030 1515 1089 1549 τοῦ
1105 1511 1246 1563 κέντρου
1265 1513 1328 1559 τὴν

293 1586 332 1617 εη
353 1569 439 1622 πρὸς
458 1567 561 1621 ὀρθὰς
581 1567 754 1617 τέμνουσα
769 1568 829 1606 καὶ
845 1568 926 1619 δίχα
945 1568 1063 1618 τέμνει
1079 1568 1134 1606 διὰ
1153 1569 1191 1607 τὸ
1214 1570 1327 1623 τρίτον

291 1633 351 1667 τοῦ
370 1626 487 1679 τρίτου
501 1627 569 1664 τῶν
590 1625 786 1677 στοιχείων.
845 1626 948 1666 Ἐπεὶ
975 1622 1067 1667 οῧν”
1055 1643 1112 1674 ιση
1135 1629 1227 1668 ἐστὶν
1242 1633 1264 1677 ἡ
1286 1632 1327 1679 δη

290 1690 334 1740 τῇ
358 1687 408 1737 δε,
426 1684 522 1733 κοινὴ
545 1684 579 1723 83
597 1688 618 1731 ἡ
640 1685 678 1729 δζ
694 1684 753 1722 καὶ
770 1685 867 1736 ὀρθαὶ
883 1686 918 1723 αἱ
931 1686 1015 1736 πρὸς
1035 1686 1072 1724 τὸ
1088 1685 1130 1734 δ’,
1150 1688 1208 1725 καὶ
1229 1690 1329 1740 βάσις

292 1745 362 1798 ἄρα
381 1747 402 1792 ἡ
422 1747 463 1791 ζη
487 1743 586 1796 βάσει
603 1746 646 1795 τῇ
667 1742 740 1787 ζ6”
729 1759 801 1790 ιση,
825 1743 916 1781 ἀλλὰ
935 1743 995 1782 καὶ
1020 1747 1041 1790 ἡ
1065 1747 1106 1796 βζ
1127 1749 1168 1794 τῇ
1191 1746 1264 1791 ζκῖ
1251 1763 1325 1798 ιση,

292 1803 379 1844 διότι
397 1800 459 1842 καὶ
478 1805 501 1848 ἡ
527 1805 571 1853 βγ
586 1804 630 1853 τῇ
645 1817 703 1853 γκ,
724 1802 820 1848 κοινὴ
837 1803 908 1849 δὲὴ
929 1801 979 1854 γζ’
994 1803 1054 1840 καὶ
1075 1803 1174 1854 ὀρθαὶ
1189 1806 1224 1842 αἱ
1239 1806 1326 1858 πρὸς

293 1863 334 1902 τὸ
352 1878 389 1914 γ
446 1860 550 1901 Ἐπεὶ
566 1863 624 1898 οὐν
654 1860 714 1897 δύο
731 1862 766 1897 αἱ
783 1861 826 1907 ηζ
845 1861 886 1905 ζὸ
912 1860 988 1899 δυσὶ
1010 1862 1085 1904 ταῖς
1107 1864 1160 1906 κζ’
1182 1862 1248 1907 ζε”
1236 1879 1328 1911 ισαι,

293 1923 353 1961 καὶ
373 1920 496 1974 γωνίαι
529 1921 565 1958 αἱ
598 1918 688 1957 κατὰ
713 1918 864 1971 κορυφὴν
903 1918 992 1966 ἴσαι,
1018 1919 1079 1958 καὶ
1112 1922 1213 1973 βάσις
1232 1926 1254 1970 ἠ
1279 1895 1328 1971 ⁷16

295 1981 398 2034 βάσει
417 1982 459 2032 τῇ
474 1993 513 2017 εκ
531 1978 602 2025 ἴση.
661 1978 936 2031 Περιγεγράφθω
956 1977 996 2025 δὴ
1019 1979 1098 2031 περὶ
1116 1979 1155 2018 τὸ
1180 1983 1238 2028 εζη
1258 1983 1328 2033 τρί-

291 2054 402 2092 γωνον
416 2041 541 2089 τμῆμα
562 2034 690 2074 κύκλου
707 2037 746 2074 τὸ
743 2038 832 2109 ,εζη
843 2035 959 2087 ὅμοιον
979 2038 1116 2090 ἑκάστῳ
1137 2041 1204 2077 τῶν
1225 2054 1265 2078 εκ
1284 2039 1329 2077 κὸ

294 2102 339 2151 βη
350 2096 565 2171 τμημάτων·
581 2093 711 2133 τούτων
725 2097 782 2132 οὐν
796 2094 902 2138 οὕτως
910 2094 1060 2150 ἐχόντων
1077 2097 1115 2135 τὸ
1126 2097 1326 2149 τραπέζιον,

291 2156 398 2210 φημί,
423 2155 474 2208 ἐφ’
494 2148 532 2192 ου
567 2155 611 2205 βκ
632 2168 695 2201 κη,
725 2152 954 2207 περιλήψεται
989 2153 1127 2198 κύκλος.
1186 2156 1237 2194 '18
1266 2157 1328 2206 μὲν

290 2216 358 2267 γὰρ
379 2228 441 2259 εκη
463 2211 626 2264 τρίγωνον
648 2210 878 2264 περιλήψετοιι
897 2211 1041 2256 κύκλος·
1063 2212 1189 2264 ἔχομεν
1209 2214 1275 2266 γὰρ
1293 2215 1327 2252 ἐν

289 2276 341 2325 τῷ
359 2272 510 2322 πέμπτῳ
525 2284 585 2308 του
602 2269 766 2322 τετάρτου
788 2273 853 2309 τῶν
874 2270 1055 2330 στοιχείων
1076 2270 1155 2323 περὶ
1174 2270 1213 2309 τὸ
1233 2271 1326 2310 δοθὲν

289 2330 453 2383 τρίγωνον
472 2326 598 2366 ’κύκλον
617 2327 843 2381 περιγράψαι.
901 2328 989 2368 Ἐὰν
1007 2330 1065 2366 οὐν
1086 2327 1183 2373 δείξω
1203 2331 1245 2381 τῇ
1260 2328 1328 2367 ἀπὸ

289 2404 351 2427 του
369 2387 510 2439 κέντρου
528 2385 585 2424 ἐπι
606 2388 645 2424 τὸ
663 2401 685 2424 κ
716 2386 794 2435 ἴσην
824 2385 893 2425 ἀπὸ
911 2402 974 2425 του
992 2386 1133 2439 κέντρου
1154 2387 1212 2426 ἐπὶ
1236 2387 1275 2426 τὸ
1293 2391 1327 2440 β,

291 2448 393 2494 δῆλον
418 2446 470 2483 ὅτι
490 2444 527 2483 τὸ
550 2444 765 2498 γραφόμενον
783 2462 910 2496 τμημα
939 2446 1068 2485 κύκλου
1088 2445 1155 2484 διὰ
1174 2462 1232 2485 του
1264 2462 1326 2494 εκη

290 2505 365 2552 ἥξει
386 2504 445 2543 καὶ
472 2502 527 2541 διὰ
547 2507 605 2542 τοῦ
633 2505 670 2556 β,
692 2504 752 2543 καὶ
783 2506 1014 2557 περιλήψεται
1042 2505 1171 2544 κύκλου
1202 2521 1327 2557 τμημα

290 2563 329 2602 τὸ
349 2561 580 2615 τραπέζιον,”
559 2578 643 2614 οπερ
660 2566 785 2614 τμῆμα
805 2565 864 2603 καὶ
883 2564 923 2603 τὸ
937 2563 1101 2625 τρίγωνον
1121 2564 1269 2616 περιέξει
1287 2565 1326 2604 τὸ

290 2623 344 2675 ἐφ’
373 2625 411 2660 οὗ
443 2623 516 2669 εζη.
573 2621 769 2673 Ληφθέντος
799 2616 857 2661 ουν
887 2623 1027 2676 κέντρου
1049 2627 1117 2661 οἱον
1143 2627 1200 2662 τοῦ
1226 2626 1247 2662 λ
1266 2625 1326 2664 καὶ

290 2679 583 2732 ἐπιζευγνυμένων
612 2682 679 2719 τῶν
705 2683 744 2721 λε
771 2684 815 2730 λη
844 2684 889 2722 λκ
916 2683 982 2732 λὸ,
1004 2683 1123 2732 ἐπειδὴ
1152 2684 1327 2729 ἰσοσκελές

289 2741 363 2779 ἐστι
382 2739 421 2778 τὸ
442 2740 503 2788 ελῃ
524 2739 699 2790 τρίγωνον,
715 2741 751 2778 αἱ
773 2741 874 2794 γὰρ’
859 2758 898 2781 εκ
916 2747 977 2781 τοῦ
997 2743 1139 2795 κέντρου
1152 2743 1238 2792 ἴσαι,
1253 2744 1325 2783 ἴσαι

289 2798 375 2837 εἷσὶν
397 2799 433 2836 αἱ
455 2797 539 2850 πρὸς
563 2801 606 2850 τῇ
632 2799 732 2849 βάσει
757 2800 881 2850 γωνίαι
897 2805 919 2849 ἡ
942 2802 1009 2840 ὑπὸ
1030 2803 1095 2848 ληε
1113 2804 1156 2854 τῇ
1176 2802 1242 2841 ὑπὸ
1260 2805 1322 2850 λεη

290 2856 347 2895 διὰ
365 2856 404 2895 τὸ
424 2855 583 2905 πέμπτον
603 2861 663 2894 τοῦ
681 2857 820 2909 πρώτου
838 2861 907 2897 τῶν
934 2859 1140 2910 Εὐκλείδου,
1159 2860 1233 2899 ἔστι
1249 2861 1284 2901 δὲ
1302 2865 1322 2908 ἡ

290 2914 356 2953 ὑπὸ
374 2917 439 2968 βηε
458 2914 518 2963 ἴση
537 2918 580 2967 τῇ
600 2916 667 2953 ὑπὸ
686 2931 766 2967 κεη,
784 2916 872 2956 διότι
891 2918 952 2957 καὶ
968 2921 990 2966 ἡ
1007 2918 1047 2957 36
1060 2918 1119 2967 ἴση
1140 2922 1183 2971 τῇ
1198 2935 1258 2970 κη,
1279 2922 1325 2964 ὡς

290 2974 442 3026 ἐδείχθη,
473 2972 535 3011 καὶ
558 2972 666 3019 ὅλη”
644 2989 713 3026 αρα
739 2977 760 3021 ἡ
790 2976 856 3013 ὕπὸ
891 2979 955 3027 βηε
991 2976 1054 3025 ὅλη
1078 2981 1120 3030 τῇ
1155 2977 1223 3016 υπὸ
1257 2994 1319 3025 κεη

289 3031 409 3070 ἐστὶν”
397 3047 469 3078 ιση,
486 3030 562 3069 ἔστι
583 3030 618 3069 δὲ
646 3030 742 3070 καὶ”
725 3047 747 3078 η
765 3048 803 3070 κε
825 3036 867 3085 τῇ
890 3037 965 3085 βηΞ
962 3051 1018 3078 ση
1056 3035 1117 3074 καὶ
1135 3035 1276 3088 βάσιςἸ
1256 3053 1323 3089 αρα

286 3094 309 3138 ἡ
331 3092 375 3129 κλ
393 3093 436 3141 τῇ
455 3088 534 3129 λὸἴ
521 3105 593 3138 ιση,
615 3090 739 3128 ἐστίν’
727 3106 784 3139 ιση
803 3090 871 3143 ἄρα
889 3096 931 3144 τῇ
953 3093 1021 3132 ἀπὸ
1034 3097 1093 3133 τοῦ
1115 3094 1258 3147 κέντρου
1278 3112 1320 3148 τῃ

287 3151 332 3188 λκ
353 3152 373 3197 ἡ
389 3150 452 3202 λβ,
466 3149 576 3202 ταύτῃ
597 3148 638 3196 δὴ
656 3150 838 3221 γεγράφθω
855 3151 894 3188 τὸ
913 3154 1048 3202 τμῆμα.
1104 3153 1248 3192 Τούτων
1263 3149 1321 3192 οῧν

289 3206 394 3251 οὕτως
422 3206 572 3259 ἐχόντων
591 3209 610 3245 8
626 3209 806 3259 γενόμενος
830 3208 1008 3259 μηνίσκος,
1037 3215 1075 3250 ου
1104 3211 1202 3256 ἐκτὸς
1227 3228 1322 3265 περι·

289 3281 330 3320 φε
315 3266 407 3319 ζρεια
427 3268 450 3313 ἡ
466 3281 506 3305 εκ
526 3266 617 3318 βη,”
604 3281 675 3311 ισος
704 3266 802 3305 ἔσται
823 3269 872 3305 τῶ
892 3269 1124 3322 εὐθυγράμμῳ
1156 3287 1186 3308 τ
1179 3287 1206 3322 ρ
1227 3286 1320 3322 συγ-

286 3323 438 3378 κειμένῳ
473 3326 512 3363 ἐκ
535 3327 603 3363 τῶν
635 3327 738 3377 τριῶν
758 3325 932 3378 τριγώνων
965 3329 1032 3366 τῶν
1066 3331 1130 3380 βζη
1158 3310 1222 3381 βζκ
1248 3333 1320 3376 εκζ.

285 3382 345 3423 Τὰ
378 3382 446 3437 γὰρ
462 3382 532 3423 ἀπὸ
555 3385 623 3422 τῶν
641 3385 779 3423 εὐθειῶν
802 3386 853 3438 ἐφ’
873 3378 927 3429 αἷς
947 3387 984 3430 εζ
1013 3388 1054 3434 ζη
1082 3388 1321 3440 ἀφαιρούμενα

289 3443 380 3488 εντὸς
394 3446 454 3481 τοῦ
469 3442 636 3494 μηνίσκου
652 3443 720 3482 ἀπὸ
736 3458 795 3482 του
813 3442 1056 3497 εὐθυγράμμου
1077 3445 1246 3496 τμήματα
1261 3446 1321 3485 ἴσα

1390 534 1502 558 κειται
1517 522 1538 566 ἡ
1556 522 1592 565 εζ
1610 535 1670 566 της
1687 521 1725 558 ἐκ
1740 524 1799 558 τοῦ
1822 520 1980 594 κέντρου,
1990 522 2079 560 τοῦτ’
2102 521 2174 560 ἔστι
2193 525 2253 569 τῆς
2270 538 2310 562 εκ
2324 523 2384 563 καὶ
2387 526 2426 599 β

1390 578 1449 616 καὶ
1475 581 1533 630 βη.
1588 579 1754 631 Ἐδείχθη
1774 579 1842 632 γὰρ
1859 595 1918 617 και
1939 578 2026 625 αὕτη
2047 579 2107 627 ἴση
2129 584 2172 634 τῇ
2194 596 2248 622 εκ.
2305 583 2353 622 Εἴ
2366 575 2426 621 οὐν

1390 636 1538 689 ἑκατέρα
1558 639 1625 676 τῶν
1648 639 1684 683 εζ
1703 640 1743 686 ζη
1772 637 1951 688 ἡμιολία’
1936 637 2012 676 εστὶ
2029 638 2174 690 δυνάμει
2195 639 2426 688 ἑκάστὴςτΰὸν

1390 695 1579 746 εἰρημένων
1602 698 1721 749 τριῶν,
1740 698 1785 739 ὡς
1805 697 1840 735 δὲ
1858 698 1894 735 αἱ
1916 698 2043 736 εὐθεῖαι
2072 697 2155 750 πρὸς
2178 697 2239 742 τὰς
2267 697 2426 751 εὐθᾱίᾱς,

1389 753 1560 804 τμήματα
1579 754 1663 808 πρὸς
1676 754 1721 793 τὰ
1737 755 1922 816 τμήματα,
1944 755 1989 795 τὰ
2007 755 2104 795 δύο”
2083 772 2150 806 αρα
2166 757 2339 809 τμήματα
2348 762 2427 802 τοῖς

1389 812 1498 865 τρισίν
1529 814 1621 853 ἐστιν
1644 812 1719 854 ἴσα.
1777 814 1823 853 Εἰ
1842 816 1900 852 οὐν
1931 815 1949 852 8
1989 814 2052 864 μὲν
2088 817 2252 866 μηνίσκος
2277 814 2321 854 τὰ
2347 815 2428 868 τρία

1389 871 1558 922 τμήματά
1577 873 1664 919 ἐστι,
1686 872 1746 911 και
1766 876 1825 911 τοῦ
1845 872 2093 925 εὐθυγράμμου
2116 873 2156 912 τὸ
2179 874 2275 926 παρὰ
2300 873 2346 913 τὰ
2364 873 2426 914 δύο

1387 943 1571 979 τμηματα,
1587 928 1627 967 τὸ
1643 929 1679 967 δὲ
1699 928 1943 982 εὐθύγραμμον
1963 930 2053 979 μετὰ
2066 932 2133 968 τῶν
2156 930 2216 970 δύο
2230 930 2427 981 τμημάτων

1389 986 1462 1026 ἐστὶ
1480 990 1662 1040 χωριστῶν
1697 989 1819 1040 τριῶν,
1842 987 1916 1026 ἔστι
1937 988 1972 1026 83
2003 988 2047 1026 τὰ
2070 988 2128 1028 δύο
2152 989 2324 1040 τμήματα
2357 995 2429 1033 τοῖς

1387 1062 1497 1098 τρισιν
1518 1046 1594 1094 ἴσα,
1625 1047 1696 1090 ἴσος
1727 1048 1769 1085 ἂν
1787 1045 1842 1095 εἴη
1868 1049 1886 1085 8
1908 1047 2076 1097 μηνίσκος
2107 1050 2156 1100 τῷ
2177 1049 2426 1102 εὐθυγράμμῳ.

1386 1102 1471 1144 “Ort
1492 1104 1528 1143 83
1559 1108 1657 1150 οὗτος
1683 1107 1701 1144 8
1733 1105 1899 1157 μηνίσκος
1919 1107 2086 1145 ἐλάττονα
2103 1106 2329 1179 ἡμικυκλίου
2362 1108 2427 1155 τὴν

1388 1163 1482 1207 ἐκτὸς
1505 1162 1574 1235 ἔχει
1585 1164 1818 1226 περιφέρειαν,
1832 1164 1981 1203 δείκνυσι
1996 1165 2052 1202 διὰ
2065 1168 2124 1204 τοῦ
2137 1166 2199 1212 τὴν
2216 1182 2282 1214 εκη
2298 1166 2426 1217 γωνίαν

1388 1223 1423 1260 ἐν
1444 1224 1494 1276 τῷ
1513 1224 1608 1266 ἐκτὸς
1623 1227 1728 1262 οὖσαν
1747 1223 1915 1275 τμήματι
1930 1223 2101 1274 ἀμὸλεῒαν
2123 1219 2226 1265 εἶναι.
2245 1225 2427 1264 Δέδεικται

1387 1280 1455 1333 γὰρ
1476 1282 1510 1319 ἐν
1530 1284 1578 1334 τῷ
1598 1282 1703 1335 τρίτῳ
1720 1298 1781 1320 του
1803 1282 1920 1335 τρίτου
1940 1285 2008 1320 τῶν
2026 1283 2216 1322 Εὐκλείδου
2230 1283 2428 1336 στοιχείων,

1387 1338 1440 1376 ὅτι
1478 1341 1500 1386 ἡ
1527 1341 1562 1377 ἐν
1598 1343 1647 1392 τῷ
1673 1341 1830 1379 ἐλάττονι
1866 1340 2079 1390 ἡμικυκλίου
2113 1341 2276 1392 τμήματι
2302 1341 2427 1392 μείζων

1387 1398 1516 1448 ὀρθῆς’
1501 1413 1609 1437 εστιν.
1665 1398 1752 1438 οὈτι
1768 1397 1804 1436 83
1824 1398 2014 1449 ἀμὸλεῑά’
1999 1414 2092 1436 εστιν
2107 1402 2159 1446 ἡ
2148 1399 2214 1438 υπὸ
2227 1415 2291 1448 εκη
2305 1401 2427 1451 γωνία,

1390 1456 1561 1495 δείκνυσιν
1590 1456 1716 1500 ουτως·
1759 1456 1836 1493 ἐπεὶ
1865 1459 1886 1502 ἡ
1914 1455 1976 1505 μὲν
2007 1457 2058 1510 ἐφ’
2077 1460 2100 1508 ᾑ
2130 1459 2166 1503 εζ
2185 1457 2330 1508 ἡμιολία
2351 1458 2428 1498 ἐστὶ

1387 1517 1456 1551 τῶν
1499 1518 1538 1552 ἐκ
1558 1530 1617 1552 του
1648 1513 1789 1565 κέντρου
1821 1513 1979 1585 δυνάμει,
2001 1517 2021 1561 ἡ
2051 1514 2120 1553 δὲ’
2105 1516 2157 1567 εφ’
2176 1509 2267 1568 ᾗβκ
2300 1514 2427 1566 μείζων
2479 1541 2482 1543 -

1387 1575 1448 1618 τ’ῆς
1463 1571 1513 1625 ἐφ’
1535 1576 1556 1624 ᾑ
1586 1574 1675 1624 βζ,
1658 1571 1743 1611 οιότι
1757 1573 1815 1611 καὶ
1832 1571 1940 1623 γωνία
1953 1575 1976 1619 ἡ
1992 1573 2076 1626 πρὸς
2096 1576 2147 1627 τῷ
2167 1573 2196 1618 ζ’
2216 1574 2399 1624 μείζων,ε
2379 1590 2428 1618 ως

1387 1629 1501 1681 δείξω,
1519 1630 1578 1677 ἴση
1596 1631 1631 1669 83
1653 1634 1674 1677 ἡ
1697 1633 1742 1683 βκ
1760 1633 1805 1691 τῇ
1826 1646 1880 1680 κε,
1903 1631 2052 1682 φανερὸν
2071 1630 2124 1669 ὅτι
2141 1629 2206 1669 κᾶν
2229 1632 2286 1678 η’
2273 1630 2327 1684 εφ’
2345 1626 2426 1682 ἧκε

1389 1688 1527 1762 μείζων
1540 1683 1562 1740 ᾗ
1594 1692 1655 1735 τῆς
1684 1690 1736 1761 ἐφ’
1763 1692 1788 1748 ᾗ
1809 1690 1851 1740 βζ
1883 1687 1904 1734 ἢ
1934 1689 2101 1727 διπλασία
2122 1689 2242 1739 μήκει,
2262 1689 2426 1763 καὶὴἐφ’

1387 1741 1411 1799 ᾗ
1431 1746 1527 1799 βε,“
1503 1762 1592 1785 ωστε
1614 1751 1676 1794 τῆς
1698 1746 1751 1799 ἐφ’
1765 1750 1788 1799 ᾑ
1809 1746 1892 1791 κζ’
1870 1762 1937 1798 αρα
1973 1747 2097 1798 μείζων
2117 1747 2140 1794 ἢ
2162 1747 2332 1786 διπλασία
2359 1751 2427 1799 μή-

1387 1821 1440 1844 κει
1458 1805 1518 1843 καὶ
1540 1805 1686 1856 δυνάμει
1706 1805 1762 1843 διὰ
1777 1805 1841 1851 τὴν
1870 1804 2061 1854 ὁμοιότητα
2078 1804 2256 1858 τριγώνων
2274 1807 2343 1844 τῶν
2364 1808 2428 1859 βεκ
2494 1823 2506 1825 ·’

1388 1868 1466 1917 βκζ.
1524 1862 1632 1903 ’'Eu-u
1649 1863 1716 1938 γὰρ
1739 1867 1784 1907 ὡς
1809 1866 1828 1910 ἡ
1857 1863 1898 1901 36
1915 1864 1999 1915 πρὸς
2021 1863 2103 1917 βκ’,
2118 1864 2225 1908 οὕτως
2243 1867 2265 1911 ἡ
2286 1880 2326 1903 εκ
2342 1863 2428 1917 πρὸς

1386 1922 1482 1970 κζ,“’
1458 1938 1547 1960 ωστε
1563 1925 1621 1969 ἡ’
1607 1924 1658 1976 ἐφ’
1675 1917 1696 1974 ᾗ
1711 1938 1750 1960 εκ
1770 1921 1896 1972 μείζων
1917 1922 1990 1960 ἐστὶ
2006 1938 2069 1969 της
2087 1894 2142 1975 ἐφ’
2163 1916 2242 1973 ᾗκζ
2259 1921 2281 1969 ἢ
2298 1924 2426 1961 διπλα-

1390 1980 1449 2019 σία
1470 1979 1630 2030 δυνάμει,
1652 1983 1674 2028 ἡ
1692 1980 1762 2019 δὲ’
1747 1979 1799 2032 εφ’
1820 1983 1843 2032 ᾑ
1863 1982 1900 2025 εζ
1918 1980 2063 2030 ἡμιολία
2089 1980 2234 2031 δυνάμει
2251 1983 2312 2027 τῆς
2338 1979 2390 2033 ἐφ’
2393 1975 2427 2040 ᾗ

1389 2055 1441 2078 εκ.
1500 2037 1546 2078 Ἦ
1569 2038 1637 2092 ἄρα
1664 2039 1715 2091 ἐφ’
1730 2043 1753 2091 ᾗ
1774 2041 1808 2084 εζ
1825 2039 1977 2087 μείζων’
1962 2038 2035 2077 εστὶ
2053 2038 2195 2090 δυνάμει
2213 2041 2281 2078 τῶν
2301 2040 2354 2092 ἐφ’
2374 2033 2427 2083 αἶς

1387 2115 1427 2137 εκ
1442 2101 1496 2144 κζ.
1556 2099 1601 2137 Εἰ
1629 2097 1691 2147 μὲν
1710 2096 1778 2149 γὰρ
1803 2096 1973 2135 διπλασία
1993 2100 2036 2145 ἠν
2056 2097 2199 2148 δυνάμει
2215 2100 2284 2136 τῶν
2301 2098 2353 2149 ἐφ’
2373 2091 2426 2142 αἶς

1390 2172 1430 2195 εκ
1449 2158 1501 2206 κζ,
1522 2161 1543 2205 ἡ
1560 2173 1600 2195 εκ
1614 2160 1675 2204 τῆς
1691 2158 1747 2206 κζ,
1771 2155 1914 2206 ἡμιολία
1932 2154 1967 2193 δὲ
1987 2158 2008 2202 ἡ
2027 2157 2061 2200 ζε
2079 2158 2143 2203 τῆς
2162 2171 2213 2204 εκ,
2226 2150 2268 2203 ἦν
2289 2155 2331 2195 ἂν
2347 2160 2370 2205 ἡ
2389 2159 2426 2201 ζε

1386 2214 1446 2262 ἴση
1467 2216 1612 2266 δυνάμει
1641 2220 1715 2259 ταῖς
1738 2230 1777 2253 εκ
1806 2213 1858 2259 κζ’
1893 2215 1939 2257 ὡς
1961 2214 2019 2252 ἐπὶ
2036 2215 2192 2266 ἀριθμῶν
2211 2214 2295 2253 τῶν
2306 2230 2350 2254 στ
2368 2215 2426 2264 86,

1387 2272 1506 2320 ἐπειδὴ
1524 2273 1559 2311 83
1576 2273 1701 2324 μείζων
1718 2272 1740 2319 ἢ
1760 2273 1926 2310 διπλασία
1943 2271 2017 2310 ἐστὶ
2032 2273 2190 2323 δυνάμει,
2208 2275 2231 2320 ἠ
2251 2288 2290 2312 εκ
2307 2276 2368 2320 τῆς
2385 2289 2426 2312 κε

1388 2332 1550 2382 μείζων
1536 2332 1609 2371 εστὶ
1630 2331 1788 2381 δυνάμει.
1845 2328 2059 2380 Ἀμὸλεῖα”
2036 2345 2105 2381 αρα
2126 2329 2218 2368 ἐστὶν
2239 2333 2261 2377 ἡ
2277 2331 2362 2384 πρὸς
2375 2333 2425 2383 τῷ

1386 2390 1556 2440 κγωνία,
1579 2389 1721 2428 ἔλαττον
1758 2388 1826 2438 ἄρα
1856 2387 2063 2438 ἡμικυκλίου
2093 2387 2133 2426 τὸ
2167 2391 2325 2440 τμῆμα,
2338 2385 2421 2429 ἐνῗ
2395 2407 2423 2443 ῳ

1388 2451 1497 2490 ἐστιν.
1554 2448 1661 2488 Οὕτω
1678 2448 1740 2499 μὲν
1755 2442 1813 2487 ουν
1831 2452 1849 2489 8
1867 2446 2103 2498 Ἱπποκράτης
2123 2447 2238 2486 πάντα
2255 2447 2424 2497 μηνίσκον

1388 2507 1683 2560 ἐτετραγώνισεν,
1703 2507 1800 2560 εἴπερ
1819 2523 1880 2546 και
1899 2521 1956 2544 τον
1965 2505 2176 2556 ἡμικυκλιου
2196 2505 2256 2544 καὶ
2276 2505 2333 2545 τὸν
2350 2507 2426 2556 μεί-

1386 2569 1468 2613 ζονα
1489 2566 1699 2615 ἡμικυκλίου
1730 2567 1790 2605 καὶ
1810 2567 1868 2606 τὸν
1892 2565 2059 2605 ἐλάττονα
2085 2563 2210 2617 ἔχοντα
2236 2565 2301 2613 τὴν
2326 2566 2422 2611 ἐκτὸς

1386 2625 1623 2678 περιφέρειαν,
1654 2626 1733 2663 ἀλλ’
1768 2625 1845 2678 οὐχὶ
1868 2625 1925 2664 τὸν
1953 2623 2012 2662 ἐπὶ
2030 2625 2092 2670 τῆς
2117 2627 2177 2662 τοῦ
2205 2623 2430 2676 τετραγώνου

1385 2684 1537 2736 πλευρᾶς
1557 2682 1674 2734 μόνον,
1697 2685 1743 2726 ὡς
1763 2686 1780 2721 8
1795 2683 2017 2735 Ἀλέξανδρος
2035 2681 2233 2734 ἱστόρησεν,
2250 2683 2289 2722 οὐ
2307 2681 2423 2733 μέντοι

1384 2743 1462 2782 οὐδὲ
1485 2742 1543 2780 τὸν
1574 2741 1700 2781 κύκλον
1738 2742 1946 2795 ἐπεχείρησε
1976 2739 2230 2792 τετραγωνίσαι
2264 2739 2322 2779 διὰ
2353 2744 2419 2780 τῶν

1383 2801 1462 2853 περὶ
1495 2802 1557 2847 τὴν
1586 2804 1645 2838 τοῦ
1666 2799 1836 2852 ἑξαγώνου
1871 2798 2022 2851 πλευρὰν
2045 2797 2242 2850 μηνίσκων,
2277 2800 2325 2844 ὡς
2361 2802 2422 2838 καὶ

1383 2866 1482 2899 τοῦτο
1503 2858 1723 2910 Ἀλέξανδρός
1743 2874 1860 2912 φησιν.
1918 2856 2026 2896 Ἀλλὰ
2060 2856 2228 2906 μηνίσκον
2256 2855 2334 2907 ἅμα
2356 2857 2420 2896 καὶ

1382 2918 1508 2958 κύκλον
1522 2917 1787 2971 ἐτετραγώνισεν
1807 2917 1927 2960 οὕτως.
1981 2913 2171 2955 Ἔστωσαν
2188 2915 2269 2968 περὶ
2281 2914 2420 2968 κέντρον

1384 2979 1436 3030 ἐφ’
1457 2971 1496 3015 06
1515 2993 1537 3016 κ
1558 2976 1618 3015 δύο
1638 2975 1771 3024 κύκλοι,
1796 2978 1818 3023 ἡ
1846 2975 1882 3014 83
1902 2977 1962 3014 τοῦ
1997 2972 2095 3017 ἐκτὸς
2127 2973 2314 3026 διάμετρος
2341 2974 2423 3019 ἰξα-

1382 3036 1517 3074 πλασία
1534 3035 1677 3086 δυνάμει
1695 3038 1756 3083 τῆς
1775 3038 1834 3072 τοῦ
1854 3033 1947 3078 ἐντὸς
1961 3033 2019 3072 καὶ
2040 3031 2211 3084 ἑξαγώνου
2225 3032 2417 3086 ἐγγραφίν-

1383 3109 1438 3138 τος
1463 3096 1509 3137 εἷς
1528 3094 1585 3132 τὸν
1611 3093 1704 3137 ἐντὸς
1722 3091 1847 3131 κύκλον
1873 3095 1932 3130 τοῦ
1950 3092 2003 3143 ἐφ’
2025 3084 2073 3130 ὧν
2100 3090 2148 3128 αὸ
2167 3091 2220 3142 γδ*
2250 3093 2307 3138 εζ,
2324 3089 2366 3129 αἶ
2380 3106 2418 3130 τε

1384 3146 1498 3204 ἐφίἷν
1528 3168 1574 3191 κα
1603 3151 1650 3190 κ6
1671 3167 1716 3203 κγ
1733 3153 1773 3190 ἐκ
1803 3154 1863 3189 τοῦ
1890 3151 2031 3223 κέντρου
2073 3149 2332 3201 ἐπιζευχθεῖσαι
2357 3150 2418 3188 ix·-
2440 3198 2442 3200 v

1384 3211 1637 3290 ὅεβλήσθωσαν
1665 3210 1730 3254 ἕως
1749 3212 1811 3256 τῆς
1831 3213 1889 3248 τοῦ
1911 3208 2007 3252 ἐκτὸς
2027 3207 2157 3247 κύκλου
2183 3208 2415 3262 περιφερείας,
2482 3221 2507 3268 ,ᾗ

1382 3272 1441 3311 καὶ
1460 3273 1512 3325 ἐφ’
1532 3266 1580 3310 ὧν
1599 3275 1643 3319 ηθ
1671 3275 1703 3310 θι
1721 3269 1997 3321 ἐπεζεύχθωσαν,
2022 3267 2083 3307 καὶ
2103 3270 2206 3315 δῆλον
2227 3268 2282 3307 ὅτι
2309 3266 2372 3307 καὶ
2390 3268 2416 3314 ἦ

1382 3334 1425 3379 ηθ
1445 3334 1477 3369 θι
1502 3330 1672 3382 ἑξαγώνου
1696 3329 1762 3368 εἶσὶ
1789 3328 1936 3381 πλευραὶ
1958 3331 2019 3366 τοῦ
2047 3329 2093 3371 εἷς
2112 3327 2170 3366 τὸν
2188 3326 2332 3379 μείζονα
2353 3324 2415 3365 κύ-

1383 3391 1497 3428 κλον’
1482 3390 1752 3443 εγγραφομένου,
1785 3388 1845 3428 καὶ
1869 3387 1949 3441 περὶ
1977 3387 2040 3435 τὴν
2069 3387 2124 3440 ἐφ’
2141 3382 2184 3498 ἦέ
2216 3401 2259 3484 ηό
2289 3401 2414 3436 τμημα
2457 3427 2465 3453 ¹¹
2500 3378 2507 3454 ’ἶ

2213 3461 2238 3494 η
2276 3458 2417 3498 περιγε-

1382 3448 1503 3499 ὅμοιον
1533 3452 1583 3502 τῷ
1617 3447 1863 3503 ἀφαιρουμένῳ
1888 3446 1956 3486 ὑπὸ
1978 3449 2040 3494 τ’ῆς
2073 3448 2115 3499 ἐφ

2508 1811 2524 2035 ’.Δ-Ἀί-όκ-η-ανκεν,
2517 1784 2523 1800 n

2514 2279 2524 2455 ,Εψ-κρᾼγεάν-
2511 2233 2518 2248 2'
2511 2203 2514 2206 ’
2511 2178 2514 2179 ’
