2528 3788
0 2510 23 2587 -ῴῃλ
2 2415 27 2495 31‘...
3 2300 11 2361 .-:.-
9 2245 26 2263 J.
7 2122 23 2214 ...ικᾏ

1073 185 1408 226 FRAGMENTA.
2262 193 2312 233 87

163 275 305 331 σφόντα.
333 276 418 314 Vid.
438 275 604 314 Pausan.
621 275 689 313 lib.
709 273 759 313 lv
777 287 862 324 cap.
887 274 962 314 Ill.
985 294 1040 303 —
1061 286 1106 321 27
1128 272 1212 324 Ἀμ-

160 335 360 391 φιπολῖτιν]
379 335 604 375 emendavit
626 334 818 381 Schaefer3
843 332 959 373 codd.
997 332 1213 384 Ἀμφιπολί-

160 409 239 444 την.
258 417 314 427 -
330 395 382 434 28
398 392 589 448 ὡσαύτως]
606 393 779 432 correxit
800 392 987 440 Allatius3
1019 391 1119 431 libri
1140 392 1159 429 ὃ
1180 392 1211 430 δ’

160 453 288 500 αὔτως.
308 476 363 486 --
381 467 432 506 ²9
452 452 735 505 Ἱπποκόωντα]
752 451 848 490 Vide
864 451 1029 491 Pausan.
1052 451 1129 500 111,
1152 453 1210 491 15.

160 512 412 563 Diodor.IV,
439 514 505 554 33.
528 511 761 564 Apollodor.
789 510 843 561 ΙΙ,
875 525 912 558 7,
943 516 964 555 4
990 519 1028 549 et
1049 509 1124 559 111,
1147 525 1213 559 10,

128 587 133 595 ·
162 572 202 613 5.
223 595 277 603 -
300 573 350 610 30
371 569 582 626 Ἀλκυονέα]
615 571 677 611 Cf.
713 569 945 621 Apollodor.
972 569 1044 608 lib.
1077 571 1096 607 1
1129 582 1212 622 cap.

157 630 227 682 Vl,
249 645 282 671 1.
298 652 352 660 —
368 632 415 670 31
438 631 589 684 Σιθῶνι]
608 630 661 669 al.
680 628 824 677 Σίθωνι,
846 636 890 666 ut
905 627 1010 680 apud
1023 627 1208 669 Parthen.

159 692 266 745 ἐρωτ.
287 694 374 730 παθ.
398 704 486 743 cap.
505 691 545 730 6.
577 689 637 730 Cf.
670 689 820 728 Conon.
844 687 994 726 Narrat.
1014 686 1064 729 X.
1085 710 1138 717 —-
1161 688 1209 726 32

159 749 497 803 παρακαταθέσθαι]
515 750 544 790 i.
572 761 609 791 e.
632 749 906 801 ἐγχειρισθῆναι.
929 747 1018 787 Vid.
1038 748 1209 787 Matthiae

155 809 233 850 Gr.
252 811 276 862 5
295 811 388 860 496.
418 809 526 847 8.-
556 809 606 848 33
643 806 871 860 ἐξαγγέλλει]
911 807 1085 846 correxit
1117 808 1211 846 Bre-

161 870 263 909 mins
277 868 416 918 ;codd.
429 866 665 920 ἐξαγγέλλειν.
675 889 728 898 -
737 869 786 912 34
805 866 1031 920 Πρωτείδας]
1045 867 1186 919 scripsi
1198 883 1208 914 ς

158 929 256 968 libri
289 927 490 981 Πρωτίδας.
521 948 576 958 -
611 927 660 965 35
703 928 857 978 Τμῶλον
890 925 950 964 καὶ
982 926 1209 978 Τηλέγονον]

153 987 392 1027 Confudisse
413 987 567 1026 videtur
589 986 829 1039 Speusippus
849 984 1050 1034 Tmolum,
1066 985 1212 1037 ‘Lydo-

159 1060 246 1088 rum
282 1060 429 1098 regem,
462 1046 674 1098 Omphales
707 1045 914 1094 maritum,
941 1046 1011 1097 qui
1039 1045 1212 1084 moriens

160 1107 276 1146 uxori
297 1118 460 1157 regnum
493 1106 669 1157 reliquit,
701 1117 788 1143 cum
822 1105 1031 1157 Polygono
1044 1134 1056 1153 ,
1078 1105 1211 1144 Protei

159 1166 268 1215 filio,
289 1165 339 1205 ab
365 1165 532 1204 Hercule
556 1177 674 1203 caeso.
717 1164 782 1203 Sic
812 1164 919 1202 enim
951 1163 1212 1215 Apollodorus

165 1225 238 1266 lib.
259 1222 300 1264 11
318 1237 404 1278 cap.
427 1224 475 1274 V,
494 1238 520 1277 9
534 1225 574 1264 ἐκ
593 1224 716 1263 Θάσου
735 1223 771 1262 δὲ
791 1223 955 1275 ὁρμηθεὶς
976 1223 1209 1276 (Ἡρακλῆς)

162 1283 220 1324 ἐπὶ
238 1281 407 1337 Τορώνην
418 1313 429 1332 ,
450 1281 664 1336 Πολύγωνον
682 1281 742 1322 καὶ
755 1284 790 1322 T
791 1282 959 1334 ηλέγονον
973 1311 984 1330 ,
1004 1281 1085 1326 τοὺς
1107 1283 1210 1336 Πρω-

163 1342 249 1388 τέως
266 1345 327 1382 τοῦ
349 1342 566 1387 Ποσειδῶνος
583 1341 696 1391 υἱούς,
708 1340 872 1380 παλαίειν
888 1341 1208 1394 προκαλουμένους,

163 1401 257 1442 κατὰ
289 1401 356 1450 τὴν
390 1401 509 1449 πάλην
531 1400 730 1441 ἀπέκτεινε.
765 1423 817 1429 -
841 1399 892 1438 36
918 1397 1060 1452 Λαδίκη
1092 1398 1129 1438 δὲ
1149 1401 1210 1439 καὶ

162 1459 359 1514 Χαράττῃ]
379 1462 495 1513 posui
513 1468 713 1512 praeeunte
728 1459 907 1511 Bremi03
939 1458 1051 1498 codd.
1071 1458 1210 1513 Λαδίκῃ

163 1520 225 1560 καὶ
243 1519 432 1572 Χαράττῃ.
464 1542 513 1548 -—
550 1520 598 1568 37
623 1517 876 1573 ἐγχειρίσειεν]
912 1518 1085 1556 correxit
1118 1518 1210 1557 Bre-

161 1581 286 1628 mius;
303 1578 399 1618 libri
420 1578 674 1632 ἐγχειρήσειεν.
691 1599 746 1608 -
767 1578 817 1616 38
840 1579 901 1616 ἀπ’
920 1578 1026 1616 αὐτοῦ
1044 1578 1209 1629 γιγνομέ-

162 1639 258 1691 νοις]
277 1637 447 1690 scripsi;
478 1637 592 1676 codd.
623 1638 684 1676 ὑπ’
707 1639 811 1676 αὐτοῦ
834 1634 1063 1689 γιγνομένοις.
1086 1657 1140 1666 —-
1161 1638 1211 1687 39

158 1697 343 1750 ὀνομάτων
361 1695 493 1750 ψόφος]
515 1696 735 1736 emendavit
746 1696 1030 1738 Valckenarius
1049 1696 1097 1734 ad
1113 1695 1209 1737 Eur.

161 1757 303 1799 Phoen.
323 1770 362 1798 v·
390 1757 465 1808 397
487 1769 577 1810 pag.
604 1763 697 1807 249.
714 1755 813 1795 Vide
829 1755 995 1795 eundem
1020 1756 1063 1794 in
1092 1755 1214 1795 Calli-

161 1816 334 1858 macheis
347 1829 388 1868 p.
410 1815 511 1864 ‘285;
533 1815 648 1856 codd.
670 1815 851 1867 ὀνομάτων
865 1814 979 1869 ψόγος.
997 1835 1051 1844 -
1068 1820 1118 1860 4ο
1136 1814 1212 1854 τίνα

161 1875 291 1929 τρόπον
307 1874 445 1927 πρῶτον
466 1874 499 1912 οἱ
516 1872 761 1927 Ἀμφικτύονες
775 1873 1017 1924 συνέστησαν]
1038 1872 1098 1911 Cf.
1121 1874 1215 1912 Dio-

162 1934 302 1986 nysius
325 1933 681 1972 Halicarnassensis
700 1933 826 1984 antiq.
841 1946 940 1971 rom.
960 1932 1032 1972 lib.
1059 1932 1109 1970 lV
1130 1947 1213 1985 cap.

163 1993 214 2031 25
239 1993 323 2033 vol.
351 1992 390 2031 11
419 2005 460 2044 p.
489 2006 564 2040 7⁰2
595 1993 656 2031 ed.
678 1991 815 2041 Reisk3
845 1991 1059 2030 Pausanias
1085 1991 1155 2030 lib.
1177 1985 1214 2030 11

162 2065 248 2104 cap.
268 2049 358 2100 Vll,
377 2049 450 2091 lib.
469 2049 505 2089 X
521 2063 606 2103 cap.
623 2049 716 2089 Vlll
732 2059 771 2089 et
785 2050 896 2088 alibi.
913 2072 965 2079 —
981 2055 1027 2094 41
1048 2050 1214 2103 Φλεγύαι

164 2110 228 2161 μὲν
239 2109 307 2148 ὑπὸ
317 2108 559 2160 Ἀπόλλωνος]
572 2109 628 2147 De
643 2109 830 2161 Phlegyis
843 2109 1065 2161 pestilentia
1077 2109 1215 2150 deletis

162 2167 246 2208 vid.
276 2166 444 2206 Pausan.
465 2165 537 2206 lib.
558 2165 614 2205 IX
647 2179 731 2219 cap.
764 2168 826 2207 36.
863 2174 968 2214 —42
992 2166 1149 2220 Δρύοπες
1178 2169 1213 2208 δὲ

162 2226 231 2266 ὑπὸ
250 2225 494 2281 Ἡρακλέους]
515 2225 566 2264 cf.
594 2225 826 2278 Apollodor.
857 2226 927 2268 lib.
955 2226 992 2265 ΙΙ
1014 2240 1097 2280 cap.
1123 2227 1214 2277 vn,

165 2299 203 2335 7.
220 2307 277 2317 —
295 2287 345 2332 43
383 2286 573 2337 Κρισσαῖοι
600 2283 636 2324 δὲ
665 2286 734 2325 ὑπὸ
762 2285 1020 2340 Ἀμφικτυόνων
1040 2287 1214 2340 ἀνῃρέθη-

162 2344 250 2398 σαν]
268 2344 372 2387 Vide
390 2343 621 2383 Strabonem
654 2345 725 2386 lib.
759 2345 813 2384 IX
832 2360 872 2399 p.
905 2347 980 2391 416
1010 2359 1118 2398 seqq.
1148 2348 1210 2386 ed.

161 2403 328 2445 casaub.
360 2426 413 2434 -—-
448 2410 499 2451 44
529 2402 591 2443 καὶ
621 2404 745 2443 λαῧεῒν
775 2399 879 2445 ἆθλον
910 2405 1055 2450 Πυθίοις
1075 2410 1138 2455 τῆς
1168 2409 1214 2452 εἷς

162 2462 319 2519 Δελφοὺς
337 2463 524 2517 στρατείας
551 2463 649 2517 παρὰ
674 2466 744 2503 τῶν
780 2464 1042 2519 Ἀμφικτυόνων
1070 2465 1134 2512 τὰς
1155 2467 1213 2507 δύο

161 2522 322 2571 Φωκέων
339 2522 501 2579 ψήφους]
523 2524 665 2576 scripsi
692 2538 780 2564 cum
801 2525 951 2565 Orellio
964 2542 976 2578 5
1007 2526 1121 2566 codd.
1153 2528 1213 2567 καὶ

160 2583 282 2623 >mesa
304 2575 408 2622 ἆθλον
429 2581 574 2628 Πυθίοις
590 2585 653 2631 τῆς
668 2585 716 2628 εἷς
733 2584 889 2638 Δελφοὺς
908 2585 1093 2639 στρατείας
1113 2587 1210 2640 παρὰ

149 2644 230 2683 ’τῶν
261 2641 537 2697 Ἀμφικτυόνων.
571 2641 650 2688 Τὰς
682 2642 718 2682 δὲ
750 2643 910 2683 Φωκέων
930 2644 1078 2699 ψήφους.
1106 2646 1213 2686 Hanc

124 2735 129 2745 2
161 2701 443 2742 correctionem
475 2701 605 2741 firmat
624 2702 823 2743 Diodorus
849 2704 1003 2744 Siculus
1034 2704 1106 2747 lib.
1127 2705 1213 2745 XVI

159 2774 249 2814 cap.
269 2762 321 2800 60
341 2760 399 2801 sic
419 2761 594 2801 scribens
613 2774 623 2801 2
644 2760 757 2807 ἔδοξεν
779 2756 838 2801 οῧν
855 2768 926 2807 τοῖς
949 2763 1123 2817 συνέδροις
1144 2782 1214 2815 με-

159 2821 327 2861 ταδοῦναι
358 2823 408 2874 τῷ
430 2820 607 2875 Φιλίππῳ
634 2820 695 2861 καὶ
717 2821 786 2866 τοῖς
817 2822 999 2874 ἀπογόνοις
1027 2825 1133 2864 αὐτοῦ
1151 2828 1214 2874 τῆς

161 2879 450 2934 Ἀμφικτυονίας,
478 2879 539 2919 καὶ
558 2879 619 2919 δύο
648 2880 698 2935 ψή
727 2895 783 2925 ους
803 2880 913 2934 ἔχειν,
926 2883 975 2927 ’ἃς
993 2883 1160 2937 πρότερον
1181 2887 1212 2924 οἱ

27 2953 39 2964 ..
98 2975 115 2987 -.
160 2939 509 2992 καταπολεμηθέντες
537 2942 678 2984 Φωκεῖς
698 2956 714 2979 ε
730 2956 793 2994 χον
807 2972 818 2990 ,
840 2941 910 2980 ubi
942 2943 1033 2982 vide
1063 2943 1212 2984 wesse-

86 3016 90 3018 ·
161 2998 257 3050 ling.
282 3021 334 3030 -
352 3000 401 3045 45
423 2994 472 3039 ὧν
501 3002 520 3039 ὁ
539 2999 585 3039 τὰ
608 2999 744 3040 παλαιὰ
768 3003 897 3046 καινῶς
925 3002 1029 3055 κτλ.]
1044 3002 1102 3042 lta
1125 3003 1208 3043 Iso-

161 3068 286 3100 crates
308 3060 455 3112 Paneg.
485 3075 525 3113 p.
561 3067 624 3107 42.
646 3061 783 3113 Carpit
803 3062 877 3100 hoc
897 3063 1044 3102 dictum
1065 3062 1212 3116 Longi-

161 3132 242 3158 nus>
265 3119 314 3160 de
350 3119 511 3160 sublimi
539 3121 695 3161 dicendi
732 3133 872 3171 genere
900 3135 984 3174 cap.
1022 3122 1071 3160 38
1091 3125 1109 3162 ὁ
1128 3126 1211 3175 γοῦν

159 3177 381 3234 Ἰσοκράτης,
414 3179 476 3219 οὐκ
508 3172 572 3219 οἷδ’
594 3178 713 3230 ὅπως,
736 3179 860 3226 παιδὸς
880 3186 1028 3234 πρᾶγμα
1062 3179 1209 3233 ἔπαθεν,

161 3237 221 3276 διὰ
247 3238 311 3286 τὴν
329 3243 391 3279 τοῦ
409 3237 526 3279 πάντα
554 3238 748 3288 αὐξητικῶς
779 3238 910 3278 ἐθέλειν
932 3239 1047 3291 λέγειν
1075 3243 1210 3295 φιλοτι-

162 3296 261 3349 μίαν.
281 3296 390 3338 Ἔστι
411 3297 474 3348 μὲν
489 3298 557 3352 γὰρ
573 3300 734 3343 ὑπόθεσις
761 3299 858 3352 αὐτῷ
879 3302 940 3338 τοῦ
959 3301 1209 3354 Πανηγυρικοῦ

160 3357 282 3412 λόγου,
302 3360 390 3411 &cn
421 3359 612 3409 Ἀθηναίων
634 3360 733 3405 πόλις
760 3365 835 3405 ταῖς
863 3361 910 3405 εἷς
936 3358 1015 3404 τοὺς
1030 3357 1209 3408 Ἕλληνας

163 3419 372 3471 εὐεργεσίαις
391 3420 605 3474 ὑπερὸάλλει
623 3421 685 3468 τὴν
706 3419 1010 3471 Λακεδαιμονίων.
1031 3419 1073 3460 Ὁ
1093 3420 1121 3459 δ’
1141 3422 1201 3460 εὐ-

1275 273 1334 318 θὺς
1351 276 1385 313 ἐν
1405 277 1450 327 τῇ
1469 275 1614 328 εἷσόολῇ
1634 280 1744 316 ταῦτα
1761 278 1911 326 τίθησιν.
1939 277 2083 319 Ἔπειθ’
2103 281 2133 318 οἱ
2151 281 2246 332 λόγοι
2260 295 2319 319 το-

1273 332 1404 381 σαύτην
1430 332 1550 386 ἔχουσι
1583 334 1750 388 δύναμιν,
1782 337 1866 377 ὥσθ’
1897 332 1966 377 οἶόν
1991 339 2022 376 τ’
2056 331 2145 378 εἶναι
2183 338 2243 378 καὶ
2275 340 2318 378 τὰ

1273 390 1412 442 μεγάλα
1432 391 1581 432 ταπεινὰ
1606 411 1622 429 α
1642 397 1810 446 ποιῆσαι,
1829 396 1889 436 καὶ
1911 402 1980 442 τοῖς
2002 403 2138 451 μικροῖς
2159 401 2319 451 Ιπεριθεῖ-

1271 466 1328 490 ναι
1349 451 1491 504 μέγεθος
1504 482 1515 502 ,
1544 452 1606 491 καὶ
1626 452 1670 491 τὰ
1693 454 1831 493 παλαιὰ
1850 458 1979 500 καινῶς
2008 456 2140 504 εἰπεῖν,
2160 456 2220 495 καὶ
2239 457 2320 510 περὶ

1270 513 1339 550 τῶν
1361 511 1484 550 νεωστὶ
1516 512 1756 564 γεγενημένων
1779 514 1933 567 ἀρχαίως
1953 516 2111 556 διελθεῖν.
2142 533 2159 550 ¹·
2180 515 2320 556 Οὐκοῦν

1271 569 1356 624 φησί
1375 586 1449 621 τις,
1471 570 1672 625 Ἰσόκρατες
1685 603 1695 621 ,
1718 573 1825 618 οὕτως
1852 574 1991 625 μέλλεις
2012 574 2134 615 καὶτὰ
2149 574 2229 629 περὶ
2249 577 2322 615 Λα-

1271 629 1500 678 κεδαιμονίων
1526 630 1586 669 καὶ
1604 630 1797 678 Ἀθηναίων
1823 634 2066 681 ἐναλλάττειν;
2094 634 2229 687 Σχεδὸν
2252 635 2320 688 γὰρ

1271 686 1310 727 τὸ
1329 690 1397 726 τῶν
1416 689 1529 740 λόγων
1547 690 1720 741 ἐγκώμιον
1749 690 1914 736 ἀπιστίας
1935 695 1996 741 τῆς
2022 692 2103 732 καθ’
2123 695 2230 732 αὑτοῦ
2251 695 2322 738 τοῖς

1272 747 1438 786 ἀκούουσι
1469 748 1705 801 παράγγελμα
1727 749 1788 788 καὶ
1805 750 1987 803 προοίμιον
2011 751 2164 799 ἐξέθηκε.
2192 773 2246 782 -
2272 755 2320 797 46

1271 806 1493 856 Ἀλκιὸιάδης
1513 806 1577 857 μὲν
1592 808 1682 862 γὰρ]
1702 809 1890 849 Isocrates
1911 820 2010 851 orat.
2029 811 2060 849 V
2081 822 2169 864 pag.
2189 819 2239 864 94
2257 813 2319 852 ed.

1271 866 1404 920 Steph.
1424 867 1552 921 σκέψαι
1570 867 1605 907 δὲ
1622 871 1759 922 πρῶτον
1774 868 1818 908 τὰ
1837 871 1917 924 περ),
1934 870 2174 921 Ἀλκιὲῗιάδην·
2197 873 2323 917 ἐκεῖνος

1270 925 1340 979 γὰρ
1357 925 1472 980 φυγὼν
1487 929 1569 981 παρ’
1590 931 1691 979 ἡμῶν
1706 931 1784 969 κτλ.
1802 952 1854 958 -
1871 936 1916 978 47
1935 930 2059 970 στάσει
2072 932 2244 984 νικηθεὶς]
2261 946 2321 971 re-

1270 986 1404 1039 posuit
1426 986 1607 1036 Allatius3
1623 987 1737 1027 codd.
1758 988 1880 1027 στάσιν
1898 989 2046 1035 εἷκηθείς
2060 991 2122 1028 vel
2139 990 2260 1030 στάσει
2280 992 2326 1029 οἷ-

1271 1045 1465 1094 κηθείς.·-
1478 1046 1527 1091 48
1551 1044 1685 1099 βραχὺν
1703 1045 1829 1100 χρόνον
1849 1047 2114 1102 ὑποχωρήσας]
2136 1049 2323 1089 Isocrates

1271 1107 1314 1145 in
1351 1106 1587 1145 Archidamo
1627 1119 1715 1158 pag.
1756 1106 1829 1144 125
1861 1106 2095 1159 παραπλήσια
2119 1108 2164 1147 -δὲ
2193 1108 2326 1153 τούτοις

1272 1163 1444 1216 Ἀμύντας
1470 1167 1488 1204 ὁ
1509 1164 1724 1203 Μακεδόνων
1758 1163 1922 1217 βασιλεὺς
1956 1163 2117 1218 ἔπραξεν.
2141 1165 2325 1214 Ἥττηθεὶς

1271 1224 1338 1277 γὰρ
1360 1226 1428 1264 ὑπὸ
1463 1226 1532 1263 τῶν
1571 1223 1763 1277 βαρὸάρων
1800 1226 1869 1263 τῶν
1906 1224 2187 1277 προσοικούντων
2222 1226 2322 1282 μάχῃ

1271 1284 1330 1323 καὶ
1349 1283 1466 1331 πάσης
1487 1283 1710 1328 Μακεδονίας
1739 1283 1993 1336 ἀποστερηθεὶς
2019 1284 2059 1323 τὸ
2087 1284 2150 1335 μὲν
2182 1287 2321 1338 πρῶτον

1272 1343 1426 1382 ἐκλιπεῖν
1445 1342 1507 1390 τὴν
1529 1342 1648 1396 χώραν
1670 1342 1829 1391 διενοήθη
1849 1341 1909 1381 καὶ
1937 1341 1977 1381 τὸ
1998 1344 2102 1393 σῶμα
2123 1342 2323 1393 διασώζειν,

1274 1402 1424 1446 ἀκούσας
1437 1401 1475 1441 δέ
1494 1407 1584 1446 τινος
1604 1405 1824 1446 ἐπαινοῦντος
1842 1402 1882 1441 τὸ
1901 1400 1988 1455 πρὸς
2007 1401 2188 1442 Διονύσιον
2206 1403 2323 1457 ῥηθέν,

1272 1461 1333 1501 καὶ
1350 1460 1541 1513 μεταγνοὺς
1560 1460 1680 1514 ὥσπερ
1700 1463 1849 1510 ἐκεῖνος,
1874 1460 2003 1515 χωρίον
2024 1461 2147 1514 μικρὸν
2170 1465 2327 1500 καταλα-

1273 1521 1345 1560 &dm
1375 1521 1434 1560 καὶ
1458 1521 1620 1574 βοήθειαν
1641 1520 1776 1560 ἐνθένδε
1806 1520 2126 1574 μεταπεμψάμενος
2147 1522 2241 1566 ἐντὸς
2263 1522 2326 1573 μὲν

1272 1582 1378 1632 τριῶν
1398 1582 1518 1632 μηνῶν
1553 1580 1723 1632 κατέσχεν
1759 1579 1903 1619 ἅπασαν
1935 1580 2182 1630 Μακεδονίαν,
2207 1581 2263 1619 τὸν
2295 1582 2325 1619 δ’

1275 1639 1453 1678 ἐπίλοιπον
1470 1639 1596 1693 χρόνον
1622 1638 1818 1691 βασιλεύων
1844 1639 1939 1694 γήρα
1962 1639 2021 1678 τὸν
2047 1639 2121 1692 βίον
2144 1641 2327 1689 ἐτελεύτη-

1274 1714 1349 1739 σεν.
1371 1699 1430 1738 Cf.
1455 1699 1572 1738 Diod.
1602 1699 1681 1737 Sic.
1710 1698 1791 1747 XV,
1826 1714 1888 1750 19.
1922 1719 1976 1728 —-
2003 1705 2053 1749 49
2074 1699 2274 1752 παρήνεγκε
2293 1701 2329 1738 δέ

1275 1773 1329 1796 σοι
1349 1758 1408 1796 καὶ
1436 1757 1500 1804 τὴν
1518 1757 1702 1797 Διονυσίου
1722 1756 1945 1810 μοναρχίαν]
1967 1759 2158 1798 Isocrates
2177 1769 2275 1798 orat.
2296 1759 2328 1796 V

1274 1830 1364 1869 pag.
1390 1817 1439 1868 95
1466 1815 1646 1861 Διονύσιος
1676 1816 1788 1855 τοίνυν
1819 1815 2020 1871 (βούλομαι
2040 1817 2108 1870 γὰρ
2130 1820 2169 1857 ἐκ
2188 1819 2327 1856 πολλῶν

1275 1890 1315 1914 σε
1345 1878 1533 1923 πεισθῆναι
1570 1868 1696 1928 ρᾳδίάν
1723 1869 1814 1914 εἶναι
1848 1874 1911 1922 τὴν
1947 1874 2087 1927 πρᾶξιν,
2128 1878 2180 1930 ἐφ’
2212 1876 2255 1924 ἥν
2290 1893 2327 1915 σε

1274 1935 1440 1987 τυγχάνω
1460 1933 1702 1988 παρακαλῶν)
1719 1933 1910 1978 πολλοστὸς
1927 1931 1976 1971 ὢν
1997 1935 2250 1988 Συρακουσίων
2268 1938 2327 1975 καὶ

1274 1994 1325 2046 τῷ
1344 1991 1435 2045 γένει
1452 1993 1513 2031 καὶ
1529 1994 1573 2045 τῇ
1590 1991 1670 2045 δόξῃ
1689 1992 1750 2031 καὶ
1768 1992 1839 2037 τοῖς
1855 1993 1976 2036 ἄλλοις
1994 1992 2139 2042 ἅπασιν,
2157 1995 2327 2046 ἐπιθυμή-

1275 2066 1338 2096 σας
1358 2050 1552 2104 μοναρχίας
1588 2051 1723 2104 ἀλόγως
1758 2052 1819 2091 καὶ
1840 2054 2018 2103 μανικῶς,
2055 2054 2116 2092 καὶ
2149 2055 2329 2106 τολμήσας

1275 2109 1417 2149 ἅπαντα
1443 2110 1610 2164 πράττειν
1630 2111 1674 2149 τὰ
1707 2109 1857 2164 φέροντα
1883 2110 1969 2164 πρὸς
1998 2110 2061 2159 τὴν
2082 2111 2228 2165 δύναμιν
2248 2115 2330 2154 ταύ-

1273 2185 1356 2218 την,
1389 2171 1543 2222 κατέσχε
1573 2169 1636 2221 μὲν
1669 2168 1903 2222 Συρακούσας
1918 2201 1928 2219 ,
1952 2170 2095 2215 ἁπάσας
2125 2172 2162 2211 δὲ
2199 2172 2261 2217 τὰς
2294 2175 2328 2212 ἓν

1276 2229 1422 2283 Σικελίᾳ
1438 2229 1554 2274 πόλεις
1571 2260 1581 2281 ,
1599 2230 1679 2269 ὅσαι
1700 2245 1768 2282 περ
1787 2224 1877 2278 ἦσαν
1899 2229 2124 2281 Ἑλληνίδες,
2139 2233 2322 2286 κατεστρέ·

1274 2291 1387 2344 ψατο,
1409 2288 1624 2337 τηλικαύτην
1654 2288 1690 2328 δὲ
1712 2290 1859 2341 δύναμιν
1893 2291 2124 2343 περιεὸάλετο
2143 2292 2203 2331 καὶ
2221 2292 2325 2341 πεζὴν

1274 2349 1335 2400 καὶ
1354 2347 1520 2395 ναυτικήν
1533 2379 1544 2398 ,
1566 2348 1650 2397 ὅσην
1672 2349 1785 2393 οὐδεὶς
1807 2348 1894 2402 ἀνὴρ
1927 2353 1996 2388 τῶν
2031 2350 2100 2403 πρὸ
2120 2351 2249 2391 ἐκείνου
2271 2369 2328 2405 γε-

1273 2407 1441 2458 νομένων.
1474 2429 1528 2437 -—
1560 2408 1609 2446 50
1642 2407 1830 2462 προσήκειν
1864 2409 1974 2448 οἰκεῖα
2007 2409 2067 2449 καὶ
2096 2409 2259 2464 γνώριμα
2280 2413 2324 2451 τὰ

1274 2464 1574 2521 παραδείγματα]
1591 2468 1868 2508 Demosthenes
1884 2479 1984 2510 orat.
1997 2470 2158 2522 Olynth.
2178 2469 2216 2509 11
2232 2486 2316 2525 cap.

1278 2542 1299 2576 7
1322 2528 1361 2566 οὗ
1378 2526 1446 2579 γὰρ
1468 2526 1662 2588 ἀλλοτρίοις
1683 2529 1764 2577 ὑμῖν
1789 2528 1984 2581 χρωμένοις
2011 2527 2296 2582 παραδείγμασιν
2310 2562 2323 2581 ,

1275 2585 1352 2624 ἀλλ’
1373 2584 1534 2635 οἰκείοις,
1568 2589 1597 2625 ὠ
1621 2586 1742 2637 ἄνδρες
1761 2585 1959 2636 Ἀθηναῖοι,
1993 2588 2197 2638 εὐδαίμοσιν
2212 2588 2326 2634 ἔξεστι

1273 2647 1445 2700 γενέσθαι.
1472 2669 1526 2678 -—
1543 2648 1588 2686 51
1617 2648 1809 2701 χαριέντως
1835 2648 2034 2699 ἀμύνασθαί
2053 2666 2139 2702 φησι
2161 2652 2231 2691 τῶν
2253 2668 2326 2703 μα-

1275 2709 1388 2754 θητῶν
1409 2705 1486 2752 τοὺς
1505 2708 1758 2759 ἐπιτιμῶντας]
1778 2707 1967 2747 Isocrates
1983 2717 2082 2748 orat.
2099 2708 2133 2746 V
2152 2720 2241 2761 pag.
2271 2711 2320 2749 85

1275 2767 1338 2807 ed.
1368 2767 1500 2819 Steph.
1539 2768 1602 2806 οὐκ
1627 2767 1765 2816 ὀκνήσω
1799 2765 1836 2806 δὲ
1867 2767 1955 2820 πρὸς
1988 2766 2026 2806 σὲ
2059 2774 2236 2807 κατειπεῖν
2271 2770 2324 2823 ἐφ’

1273 2820 1323 2871 οἷς
1343 2825 1521 2875 ἐλύπησάν
1547 2826 1636 2871 τινές
1661 2843 1704 2878 με
1725 2828 1793 2866 τῶν
1818 2827 2105 2876 πλησιασάντων·
2129 2821 2228 2879 οἶμαι
2257 2828 2325 2883 γὰρ

1274 2886 1414 2925 ἔσεσθαί
1440 2901 1474 2925 τι
1501 2885 1690 2941 προῦργου.
1725 2885 1959 2934 Δηλώσαντος
1977 2887 2045 2940 γάρ
2067 2903 2134 2938 μου
2155 2886 2242 2940 πρὸς
2261 2889 2317 2926 αὖ-

1272 2943 1368 2992 τούς,
1412 2943 1465 2984 ὅτι
1503 2943 1622 2995 μέλλω
1663 2960 1717 2985 σοι
1756 2944 1858 2997 λόγον
1890 2945 2062 2996 πέμπειν,
2097 2948 2159 2985 οὐκ
2198 2945 2322 2986 ἐπίδει-

1272 3002 1321 3049 ξιν
1344 3003 1575 3056 ποιησόμενον
1611 3004 1683 3043 οὐδ’
1704 3004 2013 3056 ἐγκωμιασόμενον
2043 3004 2123 3049 τοὺς
2149 3006 2321 3056 πολέμους

1271 3062 1350 3109 τοὺς
1368 3064 1426 3104 διὰ
1447 3067 1509 3104 σοῦ
1540 3063 1792 3118 γεγενημένους
1815 3063 1950 3118 (ἕτεροι
1968 3063 2040 3118 γὰρ
2074 3067 2176 3104 τοῦτο
2213 3065 2322 3113 ποιή-

1271 3124 1426 3177 σουσιν),
1457 3123 1549 3164 ἀλλὰ
1564 3123 1819 3177 πειρασόμενόν
1840 3139 1879 3163 σε
1903 3123 2111 3177 προτρέπειν
2140 3123 2199 3163 ἐπὶ
2220 3124 2318 3178 πρά-

1273 3181 1340 3228 ξεις
1359 3184 1568 3238 οἰκειοτέρας
1584 3183 1644 3223 καὶ
1664 3184 1828 3229 καλλίους
1844 3184 1905 3223 καὶ
1922 3184 2055 3236 μᾶλλον
2076 3183 2320 3237 συμφερούσας

1270 3236 1320 3282 ῶν
1342 3247 1400 3282 νῦν
1422 3244 1607 3297 τυγχάνεις
1628 3243 1872 3297 προῃρημένος
1889 3272 1902 3293 ,
1923 3241 2032 3287 οὕτως
2053 3241 2317 3294 ἐξεπλάγησαν,

1270 3303 1320 3354 μὴ
1339 3302 1397 3342 διὰ
1416 3303 1456 3343 τὸ
1471 3307 1582 3357 γῆρας
1599 3302 1791 3352 ἐξεστηκὼς
1806 3295 1836 3342 ‹f›
1855 3306 1917 3342 τοῦ
1938 3303 2073 3357 φρονεῖν
2088 3333 2097 3351 ,
2119 3300 2203 3340 ὥστ’
2222 3300 2315 3340 ἐτόλ-

1271 3378 1388 3414 μησαν
1420 3362 1612 3411 ἐπιπλῆξαί
1645 3378 1729 3414 μοι,
1750 3362 1917 3415 πρότερον
1948 3365 2009 3401 οὐκ
2035 3360 2190 3403 εἰωθότες
2214 3364 2319 3400 τοῦτο

1270 3428 1392 3472 ποιεῖν,
1412 3423 1568 3475 λέγοντες
1590 3425 1637 3467 ὡς
1653 3422 1795 3464 ἀτόποις
1816 3421 1874 3458 καὶ
1895 3421 1973 3459 λίαν
1994 3420 2150 3467 ἀνοήτοις
2174 3421 2313 3471 ἐπιχει-
