2508 3776
265 221 348 262 300

266 310 470 361 excerpsit.
495 307 666 346 Fuerunt
685 307 848 358 insuper
876 307 1088 347 Aristocles
1117 308 1302 361 Lampsa-

266 381 383 408 cenus
404 367 503 417 (48),
526 365 702 412 Stoicus,
721 366 949 417 explanator
968 368 1149 418 opusculi
1174 369 1303 419 Chry-

266 426 391 477 sippei
411 424 459 461 de
480 424 632 462 ratione
652 436 731 474 qua
750 423 905 473 singula
927 425 1152 476 eloquimur
1178 436 1215 465 et
1231 441 1305 465 co-

266 485 445 534 gitamus,
464 492 501 520 et
517 482 732 520 Aristocles
746 483 1006 533 Pergamenus
1022 483 1097 536 (49)
1113 486 1304 537 sophista,

266 541 423 592 Trajani
443 550 481 579 et
502 541 692 580 Hadriani
715 542 958 593 temporibus
976 543 1124 590 clarus,
1150 544 1306 586 aSuida

1209 605 1302 658 (50),

264 660 396 698 rhetor
417 669 456 698 et
471 660 767 711 grammaticus,
786 661 855 712 qui
875 661 1041 710 Augusti
1060 661 1307 712 imperatoris

263 727 372 757 aetate
391 720 505 758 vixit.

317 777 392 816 Sed
413 779 531 817 redeo
563 779 614 817 ad
634 778 868 817 Aristoclem
894 779 1128 818 Messeniam
1146 809 1157 827 ‚
1192 781 1305 833 cujus

262 850 380 874 unum
403 838 659 888 fragmentum
678 837 785 876 infra
804 839 990 877 omissum
1012 838 1105 876 huic
1122 839 1304 891 disputa-

264 895 362 932 tioni
389 895 575 935 inseram.
607 895 704 933 Nam
742 896 810 934 ille
842 896 944 942 apud
977 896 1188 935 Eusebium
1224 899 1302 950 (51)

264 953 435 1006 Praepar.
464 955 611 1005 Evang.
633 955 702 993 lib.
722 954 789 992 XV
811 970 897 1007 cap.
924 961 987 999 14.
1021 955 1069 993 de
1089 955 1306 995 Stoicorum

264 1013 518 1065 philosophia
536 1014 592 1052 ita
611 1013 749 1052 scribit
773 1028 782 1051 ε
804 1014 949 1052 Rerum
969 1014 1201 1052 elementum
1218 1043 1229 1063 ,
1249 1024 1306 1054 ut1

266 1070 486 1109 Heraclitus
503 1100 514 1118 ‚
535 1071 664 1121 ignem
685 1084 768 1110 esse
787 1071 949 1120 volunt,
968 1070 1054 1122 ejus
1074 1084 1168 1110 vero
1197 1073 1307 1123 prin-

265 1129 365 1181 cipia
380 1161 390 1181 ,
415 1131 616 1168 materiam
649 1138 764 1181 atque
790 1131 902 1169 deum
918 1159 928 1178 ‚
950 1139 994 1168 ut
1015 1130 1142 1171 Plato.
1164 1130 1306 1169 Verum

264 1188 338 1226 hoc
364 1189 612 1237 discrimine,
635 1190 741 1239 quod
759 1189 880 1227 Stoici
911 1188 1026 1226 ambo
1047 1190 1136 1238 illa,
1157 1198 1234 1227 tam
1255 1190 1308 1228 ef-

267 1246 402 1284 ficiens
445 1259 561 1297 quam
599 1249 749 1297 patiens
762 1276 773 1296 ,
813 1259 979 1297 corpora
1016 1259 1099 1284 esse
1141 1246 1277 1284 dicunt
1291 1278 1302 1295 ,

265 1305 376 1343 Plato
397 1314 533 1344 contra
559 1306 730 1356 primum
747 1306 857 1343 illum
879 1306 1102 1344 effectorem
1123 1306 1305 1357 incorpo—

226 1368 228 1370 ’
265 1377 374 1402 reum
401 1373 596 1403 auctorem
617 1377 701 1402 esse
721 1365 864 1404 statuit.
896 1365 1047 1402 Deinde
1074 1364 1189 1402 certis
1220 1365 1306 1414 qui-

265 1422 426 1461 busdam
449 1422 605 1472 fatoque
619 1423 840 1460 constitutis
858 1422 1100 1474 temporibus
1117 1421 1304 1460 mundum

265 1494 415 1518 omnem
448 1481 688 1529 conflagrare
722 1480 885 1528 docent,
926 1493 969 1518 ac
998 1480 1138 1518 deinde
1169 1493 1304 1519 rursus

263 1553 370 1578 suam
387 1539 554 1590 speciem
574 1548 829 1589 ornatumque
847 1539 1035 1590 recipere.
1060 1540 1114 1577 Ac
1133 1539 1300 1590 primum

263 1593 418 1650 quidem
440 1599 553 1638 illum
574 1598 703 1649 ignem
733 1599 845 1648 quasi
867 1611 997 1636 semen
1018 1598 1177 1649 aliquod
1204 1611 1298 1644 esse,

262 1658 366 1709 quod
388 1666 612 1695 cunctarum
634 1670 764 1695 rerum
786 1657 980 1706 rationes,
1012 1669 1055 1694 ac
1081 1657 1301 1708 praeterito-

261 1731 348 1755 rum
381 1717 517 1764 simul,
545 1717 795 1766 praesentium
830 1717 1131 1766 futurorumque
1166 1723 1300 1753 causas

261 1777 480 1822 contineat,
501 1789 665 1827 quarum
693 1775 920 1826 conjunctio
956 1775 1131 1825 quaedam
1152 1783 1189 1813 et
1208 1789 1299 1813 con·

260 1836 461 1886 sequentia
474 1864 485 1882 ,
522 1848 658 1873 eorum
695 1848 781 1886 quae
821 1843 912 1873 sunt
945 1834 1123 1872 omnium
1155 1834 1273 1872 satum
1286 1863 1298 1883 ‚

258 1895 422 1934 scientia
435 1923 446 1943 ,
466 1895 609 1933 veritas
629 1902 667 1933 et
685 1894 749 1932 lex
769 1893 963 1944 ejusmodi
984 1894 1059 1941 sit,
1082 1906 1168 1944 quae
1189 1893 1297 1931 nullo

265 601 483 639 memorati.
522 600 679 639 Accedit
715 601 932 639 Aristocles
972 601 1148 641 Rhodius

259 2043 306 2081 τῷ
323 2040 396 2083 περὶ
411 2041 519 2083 χορῶν
541 2039 664 2072 οὑτωσί
680 2051 747 2076 πως
765 2040 867 2081 λέγων
888 2052 903 2067 (ι
925 2041 1076 2077 Ζητεῖται
1091 2038 1216 2081 πότερα
1238 2038 1303 2070 τῶν

257 2087 468 2128 ἐμπνευστῶν
500 2087 587 2119 ἐστιν
609 2087 753 2130 ὀργάνων
778 2090 798 2126 ἠ
824 2087 972 2129 ὕδραυλις
999 2088 1018 2126 ἢ
1045 2087 1111 2118 τῶν
1141 2086 1300 2118 ἐντατῶνι

266 2131 480 2177 Ἀριστόξενος
498 2133 555 2176 μὲν
573 2134 628 2167 οὗν
643 2137 741 2166 τοῦτο
763 2135 822 2167 οὐκ
839 2135 916 2166 οἶδε.
935 2135 1072 2175 Λέγεται
1091 2133 1125 2165 δὲ
1140 2133 1302 2166 Πλάτωνα

262 2182 376 2226 μικράν
392 2193 465 2213 τινα
485 2181 611 2213 ἔννοιαν
629 2182 738 2213 δοῦναι
752 2184 810 2212 τοῦ
825 2180 1140 2221 κατασκευάσματος
1157 2190 1302 2222 νυκτερι-

259 2230 314 2262 νὸν
334 2229 519 2267 ποιήσαντα
539 2228 712 2271 ὡρολόγιον
726 2228 828 2264 ἐοικὸς
848 2230 895 2268 τῷ
919 2228 1102 2270 ὑδραυλικῷ
1115 2252 1123 2267 ,
1143 2226 1212 2258 οἷον
1230 2227 1301 2258 κλε-

257 2276 380 2317 ψύδραν
402 2274 540 2316 μεγάλην
556 2274 639 2307 λίαν.
658 2275 721 2306 Καὶ
737 2275 774 2307 τὸ
787 2273 977 2317 ὑδραυλικὸν
999 2272 1034 2304 δὲ
1053 2273 1189 2315 ὄργανον
1211 2273 1303 2304 δοκεῖ

260 2323 344 2355 κατὰ
366 2322 546 2365 κλεψύδραν
571 2322 662 2354 εἶναι.
687 2320 843 2353 Ἔντατὸν
859 2321 914 2353 οὗν
931 2320 986 2352 καὶ
1004 2319 1167 2351 καθαπτὸν
1185 2319 1245 2351 οὐκ
1262 2320 1300 2350 ἂν

256 2369 440 2410 νομισθείη,
462 2369 659 2410 ἐμπνευστὸν
687 2369 713 2399 δ’
738 2369 776 2399 ἂν
804 2369 884 2405 ἴσως
903 2366 1012 2410 ῥηθείη
1032 2366 1086 2398 διὰ
1105 2366 1142 2398 τὸ
1166 2366 1300 2407 ἐμπνεῖ-

262 2418 334 2449 σθαι
362 2416 399 2447 τὸ
424 2416 560 2457 ὄργανον
593 2416 656 2447 ὑπὸ
687 2418 744 2447 τοῦ
775 2416 902 2451 ὕδατος.
929 2413 1226 2456 Κατεστραμμένοι.
1240 2413 1300 2454 γάρ

263 2465 344 2495 εἰσιν
364 2465 393 2494 οἱ
414 2463 504 2494 αὐλοὶ
525 2464 568 2500 εἷς
587 2462 625 2494 τὸ
645 2463 744 2504 ὕδωρ,
773 2463 829 2494 καὶ
846 2461 1074 2505 ἀρασσομένου
1103 2463 1162 2492 τοῦ
1188 2460 1301 2496 ὕδατος

256 2511 319 2543 ὑπό
339 2522 423 2546 τινος
444 2510 642 2549 νεανίσκου,
666 2509 713 2541 ἔτι
730 2509 765 2541 δὲ
778 2509 1009 2550 διικνουμένων
1030 2507 1145 2544 ἀξινῶν
1164 2506 1217 2538 διὰ
1242 2509 1300 2539 τοῦ

258 2557 398 2600 ὀργάνου
410 2581 418 2595 ,
438 2556 629 2597 ἐμπνέονται
650 2558 679 2587 οἱ
702 2555 792 2587 αὐλοὶ
816 2555 871 2587 καὶ
887 2555 967 2596 ἦχον
986 2554 1180 2585 ἀποτελοῦσι
1198 2565 1300 2596 προσ-

256 2608 329 2642 ηνῆ.
354 2601 463 2633 Ἐοικε
489 2602 522 2632 δὲ
546 2602 581 2632 τὸ
611 2602 747 2643 ὄργανον
775 2602 874 2642 βωμῷ
907 2600 1106 2642 στρογγύλῳ.
1139 2599 1202 2631 Καί
1222 2611 1300 2641 φασι

261 2651 359 2681 τοῦτο
379 2648 530 2690 εὑρῆσθαι
544 2647 607 2678 ὑπὸ
619 2647 795 2685 Κτησιόίου
810 2646 960 2688 κουρέως,
981 2647 1118 2677 ἐνταῦθα
1135 2647 1300 2683 οἰκοῦντος

260 2696 292 2727 ἐν
313 2698 352 2735 τῇ
374 2693 545 2735 Ἀσπενδίᾳ
571 2693 622 2724 ἐπὶ
643 2696 700 2725 τοῦ
724 2694 874 2735 δευτέρου
900 2693 1103 2735 Εὐεργέτου,
1125 2693 1299 2735 διαπρέψαι

261 2742 297 2773 τέ
316 2752 393 2782 φασι
411 2740 566 2781 μεγάλως.
590 2740 729 2772 Τουτονὶ
745 2740 802 2772 οὖν
821 2740 877 2772 καὶ
895 2740 953 2778 τὴν
975 2741 1075 2771 αὑτοῦ
1097 2739 1218 2777 διδάξαι
1239 2751 1299 2781 γυ-

259 2791 358 2820 ναῖκα
370 2787 484 2819 Θαΐδα.
504 2799 520 2814 υ
534 2803 576 2810 -

304 2834 369 2874 (48)
390 2832 508 2865 Suidas
533 2843 540 2864 :
577 2832 795 2875 Ἀριστοκλῆς,
824 2836 841 2866 ὁ
864 2834 1102 2876 Λαμψακηνός,
1130 2835 1299 2876 φιλόσοφος

260 2879 417 2919 Στωϊκός,
436 2879 574 2922 ἔγραψεν
601 2881 747 2921 ἐξήγησιν
768 2884 832 2912 τῶν
858 2882 1047 2924 Χρυσίππου
1063 2882 1137 2924 περὶ
1153 2885 1210 2914 τοῦ
1231 2883 1299 2919 πῶς

261 2927 386 2959 ἕκαστα
421 2926 558 2966 λέγομεν
586 2927 642 2957 καὶ
675 2927 890 2969 διανοούμεθα
921 2928 954 2959 ἐν
982 2928 1116 2970 βιὸλίοις
1141 2928 1299 2970 τέσσαρσι

260 2972 446 3014 (Diogenes
473 2971 623 3004 Laertius
641 2974 715 3010 VII,
735 2977 792 3005 201
809 2975 819 3014 )
843 2991 885 2998 —
904 2974 970 3016 (49)
986 2973 1104 3006 Suidas
1124 2985 1131 3005 :
1154 2973 1299 3016 Ἀριστο-

259 3022 334 3059 κλῆς
347 3044 354 3058 ,
390 3020 407 3050 ὁ
446 3019 656 3061 Περγαμηνός
668 3045 676 3059 ,
717 3022 871 3061 σοφιστής
884 3046 891 3060 ,
925 3021 1010 3052 κατὰ
1043 3021 1203 3063 Τραϊανὸν
1244 3022 1298 3053 καὶ

265 3065 426 3108 Ἀδριανὸν
448 3065 630 3106 βεὸιωκώς,
648 3066 768 3108 ἔγραψε
785 3067 906 3109 Τέχνην
926 3068 1098 3109 ῥητορικήν
1113 3091 1120 3106 ,
1149 3066 1300 3100 Ἐπιστο-

260 3112 315 3149 λάς
327 3138 336 3152 ,
350 3111 424 3153 περὶ
445 3112 613 3153 ῥητορικῆς
629 3111 735 3152 βιὸλία
751 3113 848 3144 πέντε
859 3138 868 3153 ,
887 3113 1031 3149 Μελέτας
1042 3138 1049 3152 ,
1070 3114 1148 3156 πρὸς
1168 3114 1222 3145 τὸν
1241 3115 1299 3155 βα-

261 3160 352 3196 σιλέα
373 3158 426 3190 ἐπὶ
445 3161 484 3198 τῇ
512 3158 699 3199 διανεμήσει
727 3162 785 3191 τοῦ
803 3159 950 3201 χρυσίου.
971 3176 1012 3183 ——-
1031 3159 1098 3201 (50)
1126 3159 1232 3200 Hujus
1258 3160 1299 3193 de

260 3204 387 3249 poetica
420 3203 542 3235 librum
573 3204 687 3236 laudat
722 3205 912 3237 Ammonius
947 3215 981 3237 v.
1007 3207 1187 3247 ἐπικήδιος,
1206 3207 1299 3248 cujus

263 3253 335 3284 haec
353 3251 430 3283 sunt
450 3249 553 3282 verba
579 3263 586 3282 :
605 3251 767 3290 ἐπικήδιος
788 3253 843 3284 καὶ
863 3253 975 3294 θρῆνος
991 3253 1189 3296 διαφέρουσι.
1209 3253 1300 3286 Ἔπι-

262 3300 372 3338 κήδιον
392 3297 449 3339 μὲν
471 3297 533 3340 γάρ
557 3298 626 3330 ἐστι
653 3298 691 3330 τὸ
710 3298 763 3329 ἐπὶ
784 3301 832 3338 τῷ
864 3299 973 3335 κήδει·
1001 3299 1111 3340 θρῆνος
1137 3300 1190 3339 δέ,
1209 3300 1246 3331 τὸ
1263 3301 1296 3331 ἐν

263 3345 341 3385 ᾠδῇ.
364 3344 460 3376 Οὕτω
474 3344 620 3386 Τρύφων.
642 3342 845 3386 Ἀριστοκλῆς
864 3343 899 3375 δὲ
920 3345 937 3374 ὁ
958 3343 1080 3380 Ῥόδιος
1106 3345 1139 3376 ἐν
1162 3349 1208 3385 τῷ
1224 3347 1297 3388 περὶ

263 3395 428 3430 ποιητικῆς
445 3391 631 3432 τοῦμπαλιν.
655 3391 742 3429 Φησὶ
760 3390 821 3433 γάρ
835 3401 843 3408 ·
861 3391 974 3433 θρῆνος
992 3391 1019 3422 δ’
1037 3392 1129 3422 ἐστὶν
1147 3393 1214 3433 ᾠδὴ
1242 3396 1297 3431 τῆς

264 3442 428 3482 συμφορᾶς
444 3440 565 3471 οἰκεῖον
592 3438 696 3480 ὄνομα
713 3437 835 3481 ἔχουσα
848 3447 858 3457 ·
877 3438 1014 3480 ὁδυρμὸν
1033 3438 1099 3480 ἔχει
1119 3439 1175 3470 σὺν
1195 3440 1299 3482 ἐγκω-

571 218 639 258 DE
670 217 996 258 ARISTOTELE
1025 219 1250 270 EJUSQUE
1279 220 1562 263 DISCIPULIS
1589 221 1656 262 ET
1683 214 2110 268 SUCCESSORIBUS.

1368 318 1482 361 pacto
1501 309 1618 348 vitari
1638 304 1904 361 declinarique
1935 322 2060 364 queat.
2086 314 2151 354 Sic
2173 329 2293 368 porro
2317 331 2404 368 quae

1366 369 1409 407 in
1441 368 1588 406 mundo
1618 375 1708 406 sunt
1729 368 1912 408 universa
1941 383 2056 421 quam
2085 374 2232 425 optime
2261 373 2403 424 guber-

1367 426 1475 475 nari,
1496 435 1677 477 tanquam
1699 426 1742 465 in
1760 426 1963 479 republica
1988 430 2221 481 aequissimis
2245 431 2400 484 legibus

1367 494 1590 536 temperata.
1941 523 1951 533 ,

1423 543 1612 582 Censebat
1637 545 1722 583 sine
1741 544 1863 583 dubio
1889 545 2003 584 deum
2032 556 2198 587 mentem
2228 561 2314 590 esse
2339 551 2402 590 vel

1368 602 1539 640 animum
1562 615 1631 654 per
1665 612 1837 642 naturam
1860 617 1992 643 rerum
2012 607 2187 645 omnium
2211 606 2400 649 intentum

1367 670 1405 699 et
1424 671 1698 701 commeantem
1711 691 1723 711 ‚
1742 676 1790 701 ex
1809 676 1886 714 quo
1908 665 2034 702 nostri
2058 666 2176 704 animi
2198 656 2403 719 carperen-

1368 727 1444 759 tur.
1467 719 1525 759 Ita
1543 721 1648 760 enim
1667 722 1942 772 intelligendus
1964 725 2073 762 locus
2102 724 2150 763 de
2168 733 2294 764 mente
2317 723 2405 778 quae

1367 779 1451 817 sola
1463 778 1595 818 divina
1610 789 1667 819 est
1682 781 1841 832 solaque
1854 781 2093 820 extrinsecus
2111 782 2288 822 illabitur
2302 780 2404 836 (52).'

1369 837 1494 888 Atque
1528 839 1730 878 Aristoteli
1758 839 1915 890 quidem
1947 839 2173 880 Alexander
2208 842 2404 895 Aphrodi-

1368 897 1602 950 siensis(53)
1624 899 1667 936 in
1687 898 1857 937 secundo
1884 898 1932 936 de
1959 901 2087 938 anima
2106 899 2175 939 fol.
2198 905 2270 947 144
2291 913 2403 953 seqq.

1367 955 1466 994 hanc
1485 957 1709 1008 opinionem
1734 957 1890 996 videtur
1911 957 2105 997 ascribere
2118 988 2130 1010 ,
2148 959 2216 998 sed
2230 972 2314 1012 quae
2331 959 2404 1000 ad-

1363 1014 1468 1065 jicit,
1501 1028 1580 1054 non
1600 1016 1642 1054 in
1673 1016 1945 1064 Aristotelem,
1975 1017 2042 1055 sed
2063 1017 2106 1056 in
2135 1018 2260 1069 ipsius
2281 1019 2406 1070 magi·

1369 1082 1493 1112 strum
1540 1075 1772 1114 Aristoclem
1809 1076 2062 1116 conveniunt.
2098 1076 2303 1122 Quocirca.
2328 1088 2406 1130 pto

1369 1132 1653 1185 Ἀριστοτέλους,
1679 1133 1784 1184 quod
1809 1133 1852 1171 in
1871 1134 2020 1172 cunctis
2039 1134 2184 1184 legitur
2203 1134 2405 1175 codicibus

1369 1191 1517 1229 calamo
1548 1191 1779 1242 descriptis,
1816 1190 2086 1241 reponendum
2129 1203 2213 1230 esse
2249 1190 2407 1245 Ἀριστο-

1369 1249 1505 1297 κλέους,
1533 1249 1807 1287 animadvertit
1832 1248 2006 1287 Zellerus
2032 1249 2120 1287 hist.
2142 1249 2242 1301 phil.
2273 1244 2401 1292 Graec.

1368 1316 1462 1346 tom.
1502 1307 1572 1355 ΙΙΙ,
1603 1321 1643 1358 p.
1688 1314 1776 1358 429.
1810 1306 2010 1360 Improbat
2046 1308 2122 1346 tale
2161 1317 2404 1361 praeceptum

1368 1365 1603 1414 Alexander,
1639 1374 1753 1417 atque
1796 1365 1934 1404 Stoicis
1974 1379 2090 1417 quam
2134 1366 2404 1419 Peripateticis
2431 1395 2436 1402 ·

1367 1424 1525 1474 dignius
1562 1438 1643 1463 esse
1680 1424 1890 1464 contendit.
1927 1424 2068 1463 Verum
2096 1439 2184 1465 cum
2218 1425 2267 1465 de
2298 1429 2407 1466 omni

1365 1484 1566 1522 Aristoclis
1585 1483 1844 1535 philosophiae
1875 1483 2059 1532 formula,
2085 1492 2166 1522 tum
2196 1483 2244 1522 de
2264 1482 2337 1524 hac
2357 1495 2402 1524 re

1364 1541 1523 1580 uberius
1543 1541 1732 1580 disserere
1760 1555 1839 1579 non
1861 1542 2006 1579 attinet.

1419 1599 1501 1651 (54)
1526 1602 1747 1637 Alexander
1779 1599 2097 1651 Aphrodisiensis
2117 1599 2406 1652 philosophiam

1363 1658 1631 1696 Aristoteleam
1649 1658 1809 1696 Athenis
1822 1688 1832 1707 ,
1856 1658 1897 1696 ni
1918 1658 2047 1707 fallor,
2075 1659 2138 1696 vel
2164 1659 2406 1701 Alexandriae

1362 1716 1409 1754 ab
1434 1715 1737 1767 Imperatoribus
1768 1715 1956 1767 Septimio
1984 1716 2129 1754 Severo
2149 1725 2187 1754 et
2203 1715 2404 1757 Antonino

1362 1775 1559 1813 Caracalla
1589 1775 1727 1812 docere
1752 1774 1884 1825 jussus
1909 1774 2124 1812 studiorum
2149 1787 2306 1813 suorum
2328 1776 2406 1827 pri-

1362 1833 1491 1871 mitias
1503 1832 1678 1870 libellum
1690 1833 1737 1870 de
1751 1833 1825 1870 sato
1836 1832 1884 1870 iis
1894 1832 2102 1873 dedicavit.
2117 1833 2214 1872 Hinc
2225 1833 2401 1884 colligas,

1367 1904 1454 1930 eum
1478 1890 1527 1930 ab
1548 1904 1649 1929 anno
1667 1899 1755 1940 post
1773 1891 1866 1932 Chr.
1886 1904 1927 1931 n.
1957 1904 2031 1941 199
2051 1904 2175 1942 usque
2192 1891 2240 1930 ad
2260 1905 2404 1930 annum

1367 2041 1429 2082 μίῳ
1444 2043 1503 2072 τοῦ
1519 2041 1785 2079 τελευτήσαντος.
1802 2038 1892 2077 Τινὲς
1911 2038 1967 2081 μὲν
1986 2038 2041 2071 οὖν
2057 2037 2175 2076 κοινῶς
2189 2039 2297 2072 πάντα
2314 2039 2405 2072 εἶπον

1365 2088 1516 2130 θρήνους·
1535 2089 1565 2120 οἱ
1584 2086 1617 2118 δὲ
1640 2086 1798 2128 διαφέρειν
1816 2086 1930 2129 θρῆνόν
1953 2097 1989 2118 τε
2007 2085 2062 2118 καὶ
2080 2086 2266 2124 ἐπικήδιον·
2283 2089 2331 2128 τῷ
2347 2087 2402 2119 τὸν

1365 2135 1479 2176 θρῆνον
1500 2134 1632 2177 ᾄδεσθαι
1650 2133 1725 2176 παρ’
1745 2133 1826 2174 αὐτῇ
1843 2135 1882 2174 τῇ
1906 2135 2054 2175 συμφορᾷ
2068 2133 2132 2174 πρὸ
2147 2136 2203 2172 τῆς
2218 2136 2335 2175 ταφῆς,
2348 2134 2406 2167 καὶ

1368 2182 1448 2222 μετὰ
1466 2183 1524 2220 τὴν
1554 2181 1675 2222 ταφήν,
1699 2181 1755 2212 καὶ
1770 2179 1855 2212 κατὰ
1881 2179 1938 2212 τὸν
1957 2180 2119 2212 ἐνιαύσιον
2138 2180 2254 2223 χρόνον
2273 2183 2329 2220 τῆς
2346 2190 2406 2218 κη-

1364 2228 1468 2268 δείας,
1487 2228 1646 2271 ᾀδόμενον
1661 2228 1724 2260 ὑπὸ
1747 2228 1814 2259 τῶν
1832 2226 2085 2270 θεραπαινίδων,
2109 2228 2166 2260 καὶ
2181 2228 2248 2260 τῶν
2264 2226 2322 2260 σὺν
2345 2228 2404 2260 αὐ-

1363 2278 1444 2312 ταῖς.
1473 2276 1518 2307 Τὸ
1550 2276 1576 2307 δ’
1606 2275 1789 2314 ἐπικήδιον,
1819 2274 1950 2306 ἔπαινόν
1968 2285 2042 2307 τινα
2065 2277 2125 2307 τοῦ
2150 2274 2404 2313 τελευτήσαντος

1364 2321 1448 2362 μετά
1461 2333 1546 2358 τινος
1565 2322 1698 2365 μετρίου
1713 2321 1942 2363 σχετλιασμοῦ.
1961 2319 2037 2352 Vid.
2055 2320 2182 2353 Fabric.
2193 2318 2275 2352 BihP.
2294 2320 2399 2361 Graec.

1362 2367 1427 2399 vol.
1443 2369 1504 2399 VII
1523 2376 1555 2408 p.
1578 2372 1628 2400 52.
1646 2384 1688 2390 —
1703 2366 1768 2408 (51)
1788 2365 1951 2398 Eusebius
1965 2367 2107 2407 Praepar.
2124 2367 2248 2407 Evang.
2262 2364 2321 2399 lib.
2341 2366 2401 2399 XV

1362 2423 1432 2455 cap.
1467 2417 1505 2447 14
1522 2415 1596 2457 περὶ
1627 2419 1682 2454 τῆς
1715 2414 1781 2445 τῶν
1803 2416 1950 2445 στωῖκῶν
1977 2412 2185 2455 φιλοσοφίας,
2218 2413 2303 2450 ὅπως
2321 2422 2359 2446 τε
2381 2414 2400 2446 ὁ

1361 2460 1470 2498 Ζήνων
1496 2459 1552 2492 τὸν
1570 2460 1644 2503 περὶ
1663 2459 1772 2501 ἀρχῶν
1794 2458 1946 2490 ἀπεδίδου
1962 2459 2056 2500 λόγον
2068 2469 2076 2477 ·
2096 2458 2159 2491 ἀπὸ
2182 2460 2243 2490 τοῦ
2261 2458 2400 2500 ἐὸδόμου

1361 2506 1435 2549 περὶ
1460 2506 1646 2548 φιλοσοφίας
1668 2505 1915 2549 Ἀριστοκλέους.
1943 2507 2109 2548 Στοιχεῖον
2132 2504 2214 2537 εἷναί
2240 2515 2319 2547 φασι
2335 2509 2399 2539 τῶν

1362 2552 1464 2584 ὄντων
1497 2554 1534 2584 τὸ
1547 2555 1639 2595 πῦρ,
1674 2551 1818 2594 καθάπερ
1841 2550 2048 2594 Ἡράκλειτος
2060 2576 2069 2591 ,
2098 2551 2217 2583 τούτου
2248 2551 2276 2583 δ’
2299 2551 2399 2594 ἀρχὰς

1360 2599 1435 2638 ὕλην
1455 2600 1511 2631 καὶ
1545 2599 1615 2632 θεόν
1634 2624 1643 2640 ,
1677 2601 1720 2635 ὡς
1751 2598 1901 2631 Πλάτων.
1928 2597 2006 2631 Ἀλλ’
2024 2598 2113 2630 οὗτοι
2138 2598 2233 2639 ἄμφω
2259 2599 2399 2640 σώματά
2431 2595 2436 2601 ’

1360 2657 1456 2688 φασιν
1475 2647 1575 2686 εἶναι,
1590 2646 1646 2679 καὶ
1662 2646 1700 2678 τὸ
1718 2647 1830 2677 ποιοῦν
1844 2645 1899 2677 καὶ
1913 2646 1951 2678 τὸ
1968 2645 2093 2687 πάσχον
2103 2669 2112 2685 ,
2131 2644 2253 2687 ἐκείνου
2265 2645 2397 2686 πρῶτον

1359 2696 1472 2725 ποιοῦν
1499 2693 1602 2725 αἴτιον
1633 2692 1809 2734 ἀσώματον
1842 2691 1925 2724 εἶναι
1946 2691 2104 2733 λέγοντος.
2122 2691 2260 2724 Ἔπειτα
2290 2691 2326 2724 δὲ
2342 2693 2397 2725 καὶ

1359 2740 1446 2772 κατά
1460 2752 1548 2777 τινας
1567 2740 1777 2783 εἱμαρμένους
1791 2739 1847 2771 καὶ
1866 2739 2065 2781 ὡρισμένους
2081 2737 2216 2781 χρόνους
2239 2737 2397 2781 ἐκπυροῦ-

1361 2787 1435 2818 σθαι
1463 2787 1517 2819 τὸν
1535 2787 1709 2829 σύμπαντα
1733 2786 1856 2827 κόσμον
1872 2809 1880 2825 ,
1909 2786 1966 2818 εἶτ’
1988 2784 2075 2821 αὖθις
2095 2784 2190 2816 πάλιν
2207 2785 2397 2826 διακοσμεῖ-

1360 2834 1443 2866 σθαι.
1468 2834 1513 2865 Τὸ
1537 2834 1645 2875 μέντοι
1667 2833 1794 2876 πρῶτον
1820 2834 1883 2874 πῦρ
1901 2831 1984 2862 εἶναι
2003 2829 2180 2873 καθαπερεί
2201 2840 2234 2861 τι
2250 2830 2395 2873 σπέρμα,

1358 2881 1424 2912 τῶν
1442 2880 1593 2913 ἁπάντων
1610 2880 1686 2922 ἔχον
1708 2879 1786 2915 ’τοὺς
1801 2878 1931 2919 λόγους,
1951 2877 2007 2909 καὶ
2024 2877 2079 2914 τὰς
2099 2875 2203 2913 αἰτίας
2218 2876 2285 2909 τῶν
2302 2886 2397 2918 γεγο-

1359 2925 1483 2965 νότων,
1504 2926 1560 2958 καὶ
1579 2929 1644 2957 τῶν
1676 2924 1863 2966 γινομένων,
1895 2923 1951 2955 καὶ
1977 2923 2043 2955 τῶν
2071 2922 2257 2965 ἐσομένων·
2282 2923 2341 2962 τὴν
2362 2922 2396 2956 δὲ

1359 2972 1484 3004 τούτων
1505 2973 1680 3012 ἐπιπλοκὴν
1706 2972 1762 3004 καὶ
1793 2969 1982 3003 ἀκολουθίαν
1999 2994 2007 3009 ,
2023 2970 2080 3002 καὶ
2110 2970 2303 3011 εἱμαρμένην
2314 2992 2323 3009 ,
2340 2969 2397 3002 καὶ

1359 3020 1538 3062 ἐπιστήμην
1554 3020 1609 3052 καὶ
1626 3019 1774 3057 ἀλήθειαν
1786 3042 1795 3058 ,
1809 3018 1866 3050 καὶ
1879 3017 1978 3058 νόμον
1999 3017 2080 3048 εἶναι
2099 3018 2163 3047 τῶν
2183 3015 2286 3048 ὄντων
2303 3014 2397 3047 ἀδιά-

1359 3066 1498 3110 δραστόν
1517 3078 1591 3099 τινα
1614 3066 1671 3098 καὶ
1698 3065 1852 3107 ἄφυκτον.
1870 3063 1979 3104 Ταύτῃ
2010 3063 2043 3095 δὲ
2061 3063 2190 3099 πάντως
2205 3061 2394 3094 διοικεῖσθαι

1357 3114 1401 3146 τὰ
1417 3114 1502 3147 κατὰ
1516 3115 1572 3147 τὸν
1597 3113 1721 3155 κόσμον
1749 3112 1865 3153 ὑπέρευ
1883 3134 1891 3150 ,
1907 3110 2055 3152 καθάπερ
2070 3110 2103 3142 ἐν
2119 3112 2159 3151 τῇ
2185 3107 2393 3150 εθνομωτάτῃ

1358 3161 1420 3193 τινὶ
1447 3160 1605 3203 πολιτείᾳ.
1635 3176 1677 3183 -
1698 3157 1765 3200 (52)
1790 3156 1982 3189 Aristoteles
2012 3155 2053 3188 de
2086 3155 2229 3197 generat.
2261 3151 2392 3186 animal.

1356 3206 1413 3240 lib.
1434 3207 1466 3238 II
1486 3216 1556 3249 cap.
1576 3210 1594 3239 3
1609 3206 1754 3238 λείπεται
1774 3204 1808 3236 δὲ
1829 3204 1884 3236 τὸν
1901 3206 1976 3235 νοῦν
1995 3202 2092 3244 μόνον
2107 3202 2237 3244 θύραθεν
2253 3198 2394 3232 ἐπεισιέ-

1357 3265 1429 3294 ναι,
1448 3255 1504 3286 καὶ
1523 3255 1609 3286 θεῖον
1643 3253 1725 3285 εἶναι
1746 3251 1856 3293 μόνον.
1884 3249 2002 3290 —(53)
2020 3248 2203 3281 Alexander
2231 3244 2396 3289 Aphrodi-

1358 3300 1472 3333 siensis
1488 3299 1530 3332 de
1551 3299 1659 3332 anima
1671 3298 1728 3331 lib.
1749 3298 1780 3329 II
1795 3295 1851 3329 fol.
1874 3298 1931 3328 144
1951 3304 2044 3337 seqq.
2059 3297 2186 3335 ἤκουσα
2202 3293 2238 3326 δὲ
2250 3292 2324 3336 περὶ
2335 3295 2394 3326 νοῦ

1357 3349 1415 3379 τοῦ
1435 3347 1564 3390 θύραθεν
1590 3346 1679 3388 παρὰ
1711 3343 1948 3388 Ἀριστοτέλους
1973 3343 1995 3374 ἂ
2019 3341 2239 3383 διεσωσάμην.
2265 3355 2308 3363 ·-
2326 3338 2394 3381 (54)

1356 3393 1539 3425 Alexander
1551 3389 1811 3434 Aphrodisiensis
1830 3389 1852 3421 l.
1874 3398 1902 3421 c,
1918 3388 1975 3421 fol.
1990 3390 2048 3420 145
2068 3386 2269 3420 ἀντιπίπτειν
2285 3385 2391 3419 ἐδόκει

1358 3451 1412 3481 μοι
1438 3441 1513 3472 τότε
1533 3440 1671 3479 τούτοις,
1698 3438 1754 3470 τὸν
1774 3440 1848 3469 νοῦν
1865 3436 1920 3469 καὶ
1936 3436 1969 3468 ἐν
1990 3438 2058 3472 τοῖς
2081 3433 2292 3476 φαυλοτάτοις
2310 3432 2392 3465 εἶναι
