2508 3776
295 212 374 259 400

295 296 457 349 καχεξίαν
477 289 563 333 εἶναι
583 293 763 345 μανότητα
790 293 928 346 σαρκός.
963 296 992 334 Γ
995 294 1197 335 ινώσκονται
1224 296 1260 336 δὲ
1287 299 1322 335 αἱ

294 356 377 401 ἕξεις
391 354 450 393 καὶ
468 354 535 391 ἀπὸ
560 355 625 392 τῶν
648 355 770 392 ἐκτῶν·
789 352 856 398 ἕξις
878 351 941 404 μὲν
961 355 1041 408 γάρ,
1062 355 1142 409 φέρε
1161 357 1282 406 εἰπεῖν,
1300 358 1322 402 ἡ

294 415 416 467 ὑγίεια·
439 412 535 452 ἑκτὸν
557 412 592 451 δὲ
611 413 648 451 τὸ
664 412 832 466 ὑγιεινόν,
855 412 878 456 ,ὃ
897 413 983 467 πρὸς
1009 414 1140 466 ὑγίειαν
1159 414 1264 468 φέρει·
1294 416 1324 453 εἰ

293 474 358 525 γὰρ
378 471 591 524 γινώσκομεν
609 472 755 523 ὑγιεινὸν
779 467 866 512 εἶναι
883 471 924 511 τὸ
943 472 1121 522 ποιητικὸν
1140 473 1324 521 πυκνότη-

291 547 346 575 τος
372 533 405 571 ἐν
423 530 551 584 σαρκί,
572 531 787 582 γινώσκομεν
808 531 938 576 εὐεξίαν
957 524 1046 570 εἶναι
1065 531 1128 579 τὴν
1156 533 1191 570 ἓν
1220 531 1324 584 σαρκὶ

292 587 502 636 πυκνότητα.
524 588 715 628 Ἀκολουθεῖ
732 588 768 628 δὲ
785 592 923 629 κάκεῖνο
936 590 1011 634 ταῖς
1028 589 1136 635 ἕξεσιν
1152 592 1197 635 ὡς
1209 590 1265 630 ἐπὶ
1284 590 1323 630 τὸ

291 649 464 688 πλεῖστον·
490 646 550 687 καὶ
580 646 647 700 γὰρ
674 647 733 687 ἐὰν
753 649 956 700 πλεοναχῶς
978 648 1154 700 λέγηταιῑ)
1175 652 1197 696 ἡ
1224 648 1323 702 ἑτέρα

290 707 357 744 τῶν
378 705 538 745 ἐναντίων
559 704 679 754 ἕξεων,
695 704 756 745 καὶ
777 709 798 754 ἡ
819 705 920 758 ἑτέρα
940 709 1140 760 πλεοναχῶς
1165 707 1319 760 λέγεται·

291 757 378 817 οἷον,
400 764 431 803 εἰ
463 767 485 812 ἡ
516 763 722 818 σωφροσύνη
754 764 1024 816 πολυσήμαντόν
1059 767 1174 816 ἐστιν,
1207 765 1271 805 καὶ
1290 769 1322 817 ζὴ

294 821 467 862 ἀκολασία
492 822 762 873 πολυσήμαντον
795 823 906 864 ἔσται·
930 823 991 863 καὶ
1018 827 1048 863 εἰ
1069 828 1091 872 ἠ
1121 824 1323 874 δικαιοσύνη

292 881 475 933 ὁμώνυμός
493 883 567 920 ἐστι
585 881 645 928 καὶ
667 881 726 922 ἐπὶ
745 883 911 921 πλειόνων
938 882 1098 933 λέγεται,
1120 882 1181 922 καὶ
1203 886 1224 931 ἡ
1246 884 1324 922 ἀδι-

291 939 351 979 κία
375 945 493 979 τοῦτον
513 940 580 986 ἕξει
606 940 663 979 τὸν
685 940 827 994 τρόπον.
853 940 918 985 Ὡς
943 940 1001 979 ἐπὶ
1029 941 1067 979 τὸ
1095 943 1257 981 πλεῖστον
1289 942 1325 982 δὲ

290 999 445 1052 εἴρηται,
466 999 518 1038 ὅτι
547 998 607 1039 καὶ
628 999 720 1039 ἔστιν
748 1002 782 1039 ἐν
816 994 868 1044 αῖς
895 1003 962 1039 τῶν
990 999 1092 1045 ἕξεων
1113 1000 1151 1039 τὸ
1173 1005 1324 1041 τοιοῦτον

290 1059 328 1096 οὗ
351 1057 547 1108 συμὸαίνει·
577 1060 665 1106 οἷον,
688 1058 727 1096 τὸ
761 1061 870 1110 φιλεῖν
899 1061 948 1110 τῷ
976 1063 1089 1109 μισεῖν
1113 1060 1262 1099 ἐναντίον
1287 1062 1323 1099 ἐ-

291 1117 375 1156 στίν·
403 1117 493 1155 ἀλλὰ
523 1117 560 1155 τὸ
584 1115 645 1168 μὲν
667 1119 775 1169 φιλεῖν
796 1120 862 1170 οὐχ
883 1117 1016 1156 ἁπλοῦν
1039 1118 1134 1166 ἐστι,
1160 1119 1325 1170 σημαίνει

291 1175 358 1228 γὰρ
379 1175 417 1213 τό
439 1191 475 1214 τε
504 1177 645 1228 ἀγαπᾷν
668 1176 727 1214 καὶ
749 1175 786 1214 τὸ
810 1181 879 1220 τοῖς
908 1175 1060 1228 χείλεσιν
1091 1179 1323 1223 ἀσπάζεσθαι·

288 1233 328 1271 τὸ
350 1233 385 1271 δὲ
411 1234 522 1284 μισεῖν
541 1233 577 1272 ἓν
599 1233 701 1284 μόνον
722 1233 905 1285 σημαίνει,
936 1234 997 1281 τὴν
1018 1233 1157 1287 ἔχθραν.
1180 1238 1326 1275 Τοιοῦτο

290 1291 325 1330 δὲ
361 1292 528 1345 ἐλάχιστα
561 1292 756 1342 συμὸαίνει·
786 1292 941 1343 μάλιστα
973 1292 1008 1331 δὲ
1037 1296 1097 1332 καὶ
1125 1295 1171 1338 ὣς
1200 1295 1256 1333 ἐπὶ
1287 1295 1325 1334 τὸ

289 1349 376 1388 πολὺ
405 1351 443 1389 τὸ
462 1352 663 1403 πλεοναχῶς
690 1350 852 1402 λέγεσθαι
871 1350 933 1397 τὴν
953 1350 1043 1399 ἕξιν,
1077 1355 1139 1399 τῆς
1171 1353 1326 1397 ἐναντίας

288 1410 489 1460 πλεοναχῶς
507 1409 709 1459 λεγομένης,
735 1408 839 1446 Ἐπεὶ
867 1410 979 1448 τοίνυν
1005 1408 1064 1447 καὶ
1083 1412 1105 1456 ἡ
1124 1410 1325 1460 δικαιοσύνη

287 1469 491 1518 πλεοναχῶς
519 1466 691 1517 λεγομένη
714 1466 811 1513 ἐστί,
828 1466 922 1514 καὶὴ
948 1466 1064 1505 ἀδικία
1086 1470 1153 1506 τῶν
1173 1470 1326 1507 πλεονα-

287 1529 357 1577 χῶς
377 1524 570 1575 λεγομένων
593 1525 632 1562 ἂν
662 1524 728 1571 εἴη.
759 1527 864 1563 Δοκεῖ
892 1525 928 1563 δὲ
948 1524 983 1564 ἕν
1008 1541 1042 1565 τι
1062 1526 1243 1577 σημαίνειν
1263 1528 1325 1576 τὴν

290 1583 513 1630 δικαιοσύνην
539 1583 599 1621 καὶ
626 1582 688 1630 τὴν
706 1583 860 1633 ἀδικίαν,
886 1584 942 1623 διὰ
960 1584 997 1622 τὸ
1019 1584 1064 1624 τὰ
1084 1586 1325 1638 σημαινόμενα

289 1643 337 1694 μὴ
358 1643 490 1695 σφόδρα
512 1642 684 1695 διαφέρειν
702 1642 876 1689 ἀλλήλων·
906 1643 984 1682 τότε
1007 1644 1073 1698 γὰρ
1099 1648 1120 1692 ἡ
1142 1647 1324 1697 ὁμωνυμία

287 1702 346 1741 καὶ
369 1704 407 1740 τὸ
430 1701 698 1751 πολυσήμαντον
718 1701 850 1752 γίνεται
877 1702 966 1749 δῆλα
980 1732 990 1751 ,
1009 1703 1064 1742 ὅτε
1085 1703 1129 1741 τὰ
1150 1706 1324 1755 σημαινό-

289 1777 375 1811 μενα
391 1761 584 1813 πράγματα
610 1760 741 1805 πολλὴν
765 1759 883 1812 ἔχουσι
902 1761 986 1813 πρὸς
1007 1763 1143 1811 ἄλληλα
1165 1763 1227 1811 τὴν
1246 1765 1323 1802 δια-

288 1818 409 1871 φοράν·
436 1811 521 1864 οἷον,
551 1817 643 1861 κλεὶς
670 1817 809 1868 λέγεται
826 1818 849 1865 ἥ
879 1835 915 1857 τε
944 1818 1009 1857 ὑπὸ
1038 1820 1095 1858 τὸν
1116 1822 1245 1873 αὐχένα
1264 1826 1322 1861 τοῦ

288 1878 397 1932 ζῴου,
419 1878 478 1916 καὶ
498 1872 522 1929 ἧ
542 1877 603 1920 τὰς
629 1876 731 1929 θύρας
751 1876 922 1927 κλείομεν·
950 1881 1095 1917 ἐνταῦθα
1117 1880 1184 1932 γὰρ
1210 1881 1266 1918 διὰ
1285 1881 1323 1919 τὸ

287 1938 419 1984 πολλὴν
436 1929 522 1974 εἶναι
542 1938 610 1974 τῶν
628 1935 843 1988 πραγμάτων
869 1935 930 1983 τὴν
955 1936 1140 1989 διαφοράν,
1158 1943 1171 1960 ⁰
1190 1939 1322 1991 φανεροί

289 1998 379 2034 ἔστιν
400 1998 423 2042 ἡ
440 1993 626 2045 ὁμωνυμία
649 1994 707 2032 καὶ
728 1995 767 2032 τὸ
786 1994 1067 2045 πολυσήμαντον.
1087 1994 1191 2033 Ἐπεὶ
1211 1997 1322 2035 τοίνυν

291 2059 477 2108 πολλαχῶς
496 2059 516 2102 ἡ
538 2055 736 2102 δικαιοσύνη
753 2055 892 2107 λέγεται
907 2056 967 2094 καὶ
982 2060 1003 2104 ἡ
1020 2055 1151 2104 ἀδικία,
1171 2057 1322 2110 εἰλήφθω

288 2118 451 2168 ποσαχῶς
463 2115 603 2166 λέγεται
619 2117 636 2153 ὁ
658 2113 785 2158 ἄδικος·
803 2116 956 2153 ἐντεῦθεν
968 2115 1033 2167 γὰρ
1051 2115 1234 2167 ληψόμεθα
1261 2118 1322 2156 καὶ

285 2173 329 2211 τὰ
346 2172 588 2223 σημαινόμενα
605 2174 665 2218 τ’ἧς
683 2172 911 2219 δικαιοσύνης.

338 2231 359 2254 *
382 2231 532 2283 Λέγεται
557 2229 670 2269 τοίνυν
691 2230 828 2278 ἄδικος,
849 2230 870 2269 ὅ
895 2246 931 2268 τε
963 2230 1182 2283 παράνομος,
1216 2233 1275 2272 καὶ
1304 2237 1322 2273 ὃ

286 2289 516 2336 πλεονέκτης,
538 2288 597 2327 καὶ
618 2291 635 2327 ὁ
655 2288 782 2332 ἄνισος·
803 2288 894 2327 ὥστε
926 2288 984 2327 καὶ
1006 2288 1135 2334 δίκαιος
1155 2288 1196 2327 ἂν
1230 2290 1282 2339 εἴη
1304 2291 1324 2329 ὅ

284 2364 322 2387 τε
343 2347 487 2399 νόμιμος
506 2347 566 2385 καὶ
589 2349 606 2385 ὃ
627 2345 708 2390 ἴσος·
728 2346 788 2385 καὶ
809 2346 940 2385 δίκαιον
964 2347 1025 2397 μὲν
1043 2346 1082 2385 τὸ
1098 2348 1241 2399 νόμιμον
1261 2348 1321 2388 καὶ

287 2407 324 2444 τὸ
344 2406 418 2444 ἴσον
432 2436 442 2455 ,
470 2406 586 2444 ἄδικον
605 2404 693 2443 δὲτὸ
707 2405 908 2458 παράνομον
928 2405 987 2443 καὶ
1007 2405 1046 2444 τὸ
1067 2405 1195 2447 ἄνισον.

338 2465 376 2485 **
391 2463 491 2503 Ἐπεὶ
504 2463 539 2501 δὲ
550 2464 608 2502 καὶ
623 2463 831 2510 πλεονέκτης
843 2463 963 2503 ἐστὶνὸ
978 2463 1109 2515 ἄδικος,
1120 2467 1140 2512 ἡ
1151 2464 1321 2508 δὲιπλεον-

290 2523 362 2568 εξία
388 2522 469 2574 περὶ
499 2522 534 2560 τί
561 2523 650 2560 ἐστιν
674 2523 818 2573 ἀγαθόν,
841 2521 895 2571 εἴη
919 2521 960 2560 ἂν
980 2521 1041 2562 καὶ
1062 2523 1159 2568 αὐτὸς
1179 2524 1258 2577 περί
1286 2540 1321 2564 τι

285 2582 498 2619 πλεονεκτῶν
523 2580 824 2632 ἀγαθόν..Ἀγαθὸν
848 2581 884 2618 δὲ
902 2583 997 2628 ζητεῖ
1014 2582 1050 2619 οὐ
1065 2581 1104 2620 τὸ
1121 2585 1215 2635 αὑτῷ
1233 2585 1320 2634 ἀγα-

285 2639 341 2677 θόν
358 2668 368 2687 ,
389 2637 450 2676 καὶ
467 2637 551 2689 ὅπερ
572 2638 613 2676 ἂν
640 2638 742 2676 αὐτὸν
764 2639 895 2688 ἀμείνω
914 2638 1101 2685 ποιήσειεν·
1122 2642 1159 2677 οὐ
1179 2641 1246 2693 γὰρ
1261 2643 1320 2689 ζη-

284 2699 337 2735 τεῖ
356 2700 422 2734 τῶν
445 2696 559 2734 ἄλλων
581 2695 854 2749 σωφρονέστερος
875 2692 982 2745 εἶναι,
1003 2696 1080 2736 οὐδὲ
1100 2701 1170 2735 τῶν
1191 2699 1319 2751 ἰατρῶν

285 2754 552 2807 ἷατρικώτερος,
586 2755 662 2792 οὐδὲ
690 2757 755 2794 τῶν
786 2756 983 2807 ἐλευθερίων
1016 2757 1316 2809 ἐλευθεριώτερος,

286 2813 360 2852 οὐδὲ
384 2813 468 2850 ἄλλο
487 2812 583 2851 οὐδὲν
602 2815 669 2851 τῶν
691 2815 846 2864 ἀγαθῶν,
867 2813 933 2852 ὅσα
957 2814 1048 2853 αὐτοί
1067 2829 1103 2851 τε
1124 2814 1241 2858 ἁπλῶς
1261 2815 1319 2854 καὶ

284 2873 361 2910 καθ’
384 2872 489 2909 ἑαυτά
510 2873 594 2909 εἰσιν
616 2872 747 2922 ἀγαθοί,
763 2872 821 2909 καὶ
840 2872 940 2911 αὐτὸν
964 2872 1089 2924 ἀγαθὸν
1106 2878 1208 2911 ποιεῖ·
1229 2874 1318 2914 ἀλλὰ

286 2927 368 2981 περὶ
385 2929 499 2967 ἐκεῖνα
513 2930 581 2966 τῶν
599 2931 735 2980 ἀγαθῶν
758 2932 851 2975 ζητεῖ
870 2930 946 2974 τοὺς
971 2932 1093 2975 ἄλλους
1114 2934 1314 2985 ὖπερνικᾷν,

285 2987 351 3026 ὅσα
381 2987 499 3031 ἅπλῶς
520 2986 581 3025 καὶ
597 2988 673 3025 καθ’
696 2989 784 3026 αὑτά
818 2990 902 3026 εἰσιν
925 2991 1060 3041 ἀγαθοί,
1087 2989 1191 3027 αὐτὸν
1220 2990 1256 3028 δὲ
1277 2992 1316 3028 οὐ

287 3050 379 3084 ποιεῖ
393 3046 515 3082 ἑαυτοῦ
535 3044 708 3095 βελτίονα,
729 3045 818 3083 ἀλλὰ
838 3045 898 3084 καὶ
916 3046 1023 3099 χείρω
1042 3047 1219 3091 πολλάκις·
1235 3041 1317 3096 οἷον,

285 3105 452 3157 χρήματα
472 3102 532 3141 καὶ
551 3103 751 3141 δυναστείαν
778 3102 838 3142 καὶ
866 3103 1024 3154 σώματος
1044 3105 1187 3150 εὐεξίαν·
1207 3111 1317 3145 ταῦτα

286 3162 354 3214 γὰρ
374 3162 439 3207 ὅλη
466 3161 590 3206 κακίας
617 3165 666 3214 τῷ
692 3162 812 3215 φαύλῳ
840 3162 969 3212 γίνεται
994 3165 1160 3216 χείρονος·
1195 3165 1317 3204 καὶτὰ

289 3221 401 3270 ἄλλα,
430 3220 494 3259 ὅσα
524 3219 605 3274 περὶ
633 3220 794 3272 εὐτυχίαν
823 3220 845 3267 ἢ
869 3221 1013 3273 ἀτυχίαν
1040 3224 1151 3272 ἐστίν,
1179 3223 1268 3276 ἅπερ
1286 3226 1317 3262 οἱ

287 3280 445 3319 πλεῖστοι
471 3281 538 3318 τῶν
565 3279 754 3331 ἀνθρώπων
782 3280 914 3323 ἑαυτοῖς
943 3279 1103 3332 εὔχονται
1135 3281 1195 3320 καὶ
1230 3282 1315 3321 διώ-

1116 209 1390 248 ANDRONlcl
1418 209 1592 248 RHODII

1383 300 1493 339 lubre,
1514 300 1604 343 quod
1619 299 1752 343 quidem
1771 300 1815 334 ad
1840 301 2013 336 sanitatem
2027 302 2163 346 prodest
2183 313 2192 336 ι
2210 303 2239 337 si
2250 302 2427 344 enimn*
2443 306 2446 309 ’

1384 359 1528 392 verimus
1554 359 1684 392 salubre
1719 368 1806 398 esse,
1840 359 1875 392 id
1902 360 1992 402 quod
2023 361 2222 395 soliditatem
2245 362 2345 396 efficit
2378 361 2414 396 in

1383 425 1497 456 carne,
1530 416 1672 450 sciemus
1690 426 1844 460 quoque,
1874 418 1994 451 bonam
2019 420 2163 462 corporis
2186 420 2414 454 habitudinem

1382 484 1452 508 esse
1467 475 1574 509 carnis
1588 475 1798 510 soliditatem.
1834 476 1991 519 Sequitur
2007 478 2119 511 autem
2133 480 2167 512 et
2183 478 2247 513 hoe
2262 479 2412 522 plemm-
2442 464 2443 470 ἵ

1382 542 1447 576 que
1469 534 1602 567 habitus
1622 547 1630 567 ι
1652 543 1730 568 nam
1744 534 1772 568 si
1791 534 1941 577 pluribus
1958 534 2065 568 modis
2078 535 2163 570 alter
2177 536 2415 572 contrariorum
2468 575 2471 582 ζ

1383 592 1556 626 habituum
1576 593 1714 633 dicatur,
1739 593 1839 627 etiam
1853 593 2004 636 pluribus
2022 594 2130 628 modis
2155 595 2240 628 alter
2253 594 2376 630 dieam-
2403 607 2413 628 ε

1384 651 1475 684 verbi
1497 660 1614 691 causa,
1642 651 1670 684 si
1694 652 1911 694 temperantia
1925 652 2032 687 multa
2055 652 2215 695 significat
2228 679 2236 693 ,
2253 653 2416 696 intempe-

1383 709 1490 743 rantia
1518 719 1650 753 quoque
1670 711 1776 744 multa
1796 710 1989 753 significabit
2009 720 2019 740 ε
2048 719 2087 745 ac
2110 711 2140 745 si
2160 711 2289 754 iustitia
2308 710 2416 747 umbi-

1383 777 1485 809 guum
1511 769 1710 802 vocabulum
1738 771 1788 803 est
1814 771 1848 803 et
1864 769 1907 803 de
1918 769 2070 812 pluribus
2085 771 2282 813 usurpatur,
2302 769 2418 804 eodem

1383 827 1481 859 modo
1499 829 1532 861 et
1546 828 1708 870 injustitia
1723 837 1758 862 se
1776 828 1922 863 habebit.

1384 895 1469 925 mus,
1498 887 1577 929 quia
1598 887 1764 921 nonnullis
1786 887 1821 921 iu
1838 887 2011 923 habitibus
2037 887 2105 922 tale
2121 887 2202 930 quid
2225 897 2292 922 non
2303 887 2417 922 ἰαθεὶς

1384 945 1477 979 verbi
1495 954 1614 986 causa,
1640 946 1820 988 amplexari
1835 948 1869 979 et
1894 946 2004 980 odisse
2020 947 2108 980 inter
2127 954 2163 980 se
2183 948 2262 980 suut
2287 947 2420 980 coutra-

1384 1003 1434 1036 ria
1465 1012 1473 1033 =
1500 1005 1592 1047 atqui
1610 1005 1791 1047 amplexari
1819 1014 1884 1039 non
1903 1007 1953 1038 est
1980 1005 2138 1051 simplex.
2169 1004 2332 1048 siqffidem
2351 1005 2419 1039 duo

1385 1061 1542 1104 significat
1556 1087 1564 1103 ,
1584 1064 1657 1096 tum
1677 1072 1806 1102 amare,
1836 1065 1910 1097 tum
1937 1063 2121 1097 commissis
2147 1063 2304 1106 aliquem
2318 1063 2420 1100 labris

1384 1120 1525 1152 osculari
1545 1134 1554 1153 ι
1571 1122 1607 1153 at
1624 1129 1703 1154 vero
1721 1121 1829 1154 odisse
1843 1123 1954 1161 {unum
1978 1123 2110 1154 tantum
2129 1120 2299 1163 significat,
2326 1121 2418 1155 scili-

1385 1181 1436 1212 cet
1447 1179 1571 1212 odium.
1587 1181 1713 1212 Verum
1728 1180 1794 1212 tale
1809 1179 1890 1222 quid
1911 1179 2077 1213 rarissime
2089 1179 2198 1213 evenit
2212 1189 2222 1210 =
2241 1178 2420 1230 saepissime
2476 1176 2478 1179 ’
2497 1213 2504 1227 f

1385 1248 1463 1272 vero
1480 1249 1518 1272 ac
1532 1240 1727 1282 plerumque
1742 1241 1866 1279 contra,
1883 1242 1921 1274 ut
1933 1250 2039 1284 quum
2050 1240 2202 1283 pluribus
2212 1239 2321 1274 modis
2334 1236 2419 1274 alter

1385 1299 1519 1332 habitus
1530 1299 1670 1340 dIcatur‚
1685 1299 1890 1333 multimodis
1903 1310 2036 1344 quoque
2055 1300 2240 1335 contrarius
2258 1298 2420 1344 signifloo-
2489 1335 2491 1337 ,

1384 1359 1450 1391 tur.
1468 1358 1630 1397 Quoniam
1639 1358 1740 1401 igitur
1749 1360 1866 1392 multis
1879 1359 1987 1393 modis
1996 1359 2127 1402 Justitia
2142 1359 2274 1400 dicitur,
2292 1359 2421 1403 iniusti-
2481 1359 2490 1388 ἴ

1385 1416 1466 1449 tiam
1481 1426 1612 1459 quoque
1622 1417 1772 1460 pluribus
1782 1417 1890 1451 modis
1903 1418 2078 1460 significari
2091 1419 2344 1452 consentaneum
2355 1419 2417 1452 est.
2458 1413 2461 1428 ²
2487 1418 2493 1423 “

1385 1474 1526 1508 Videtur
1537 1478 1648 1509 autem
1661 1486 1765 1509 unum
1784 1476 1911 1519 aliquid
1927 1476 2097 1519 designare
2106 1476 2272 1520 justitiam
2287 1477 2322 1510 et
2332 1475 2421 1519 inju-

1385 1533 1528 1573 stitiam,
1548 1536 1723 1576 propterea
1740 1535 1829 1576 quod
1849 1534 2028 1577 significata
2045 1544 2110 1568 non
2124 1535 2269 1568 multum
2287 1533 2374 1568 iuter
2387 1543 2421 1578 se

1384 1590 1541 1625 differant
1561 1602 1568 1622 τ
1585 1593 1664 1634 quia
1677 1595 1752 1626 tum
1765 1593 1898 1626 demum
1917 1593 2058 1626 nominis
2080 1593 2298 1626 communitas
2315 1594 2350 1626 et
2368 1592 2422 1626 di-

1384 1659 1490 1684 versae
1505 1653 1662 1693 apparent
1679 1651 1944 1693 significationes,
1956 1661 2061 1694 quum
2070 1661 2125 1685 res
2137 1651 2326 1694 significatui
2337 1651 2420 1685 mul-

1384 1711 1455 1741 tum
1461 1709 1546 1742 inter
1556 1719 1590 1742 se
1600 1708 1759 1743 differunt
1773 1722 1780 1742 :
1797 1710 1938 1752 exempli
1948 1710 2053 1752 gratia
2066 1711 2179 1744 clavis
2190 1709 2279 1753 apud
2288 1711 2422 1744 Graecos

1383 1777 1449 1800 uno
1468 1769 1502 1800 et
1519 1768 1684 1801 communi
1713 1768 1843 1801 nomine
1870 1769 2054 1811 appellatur
2082 1769 2182 1802 simul
2199 1778 2238 1802 ea
2252 1777 2329 1811 pars
2346 1777 2421 1802 cor-
2439 1789 2442 1791 >
2484 1769 2486 1772 ’

1382 1825 1470 1867 poris
1490 1835 1567 1868 quae
1583 1826 1767 1859 cervicibus
1780 1827 1972 1860 animalium
1984 1827 2098 1861 subest
2109 1852 2118 1869 ,
2133 1827 2235 1860 latine
2239 1827 2418 1870 juyulum,

1383 1884 1482 1917 simul
1501 1884 1536 1918 id
1554 1885 1813 1918 instrumentum
1831 1894 1898 1928 quo
1913 1885 1998 1919 ostia
2017 1885 2203 1919 claudimus
2218 1895 2226 1916 =
2245 1884 2302 1918 hic
2319 1885 2419 1927 enim,

1382 1943 1461 1985 quia
1484 1952 1538 1977 res
1551 1944 1697 1976 multum
1710 1943 1798 1977 inter
1811 1953 1846 1977 se
1864 1943 2042 1983 differunt,
2057 1943 2231 1977 manifesta
2249 1945 2300 1977 est
2315 1944 2419 1977 nomi-

1381 2002 1432 2035 nis
1452 2003 1671 2036 communitas
1687 2005 1720 2036 et
1737 2003 1982 2045 significationis
2004 2003 2191 2037 diversitas.
2210 2005 2322 2042 Quum
2342 2007 2420 2046 ergo

1381 2061 1531 2102 pluribus
1548 2070 1614 2103 qua
1628 2061 1757 2103 justitia
1770 2087 1777 2100 ,
1796 2071 1864 2103 qua
1882 2061 2046 2103 injustitia
2059 2061 2188 2095 dicatur
2202 2061 2329 2103 modis,
2351 2056 2422 2098 *sta-⁷
2485 2042 2508 2102 ,ἶ

1380 2121 1493 2152 tutum
1520 2119 1581 2161 sit,
1605 2120 1688 2162 quot
1723 2119 1831 2153 modis
1854 2119 1986 2153 dicatur
2011 2119 2156 2162 injustus
2185 2132 2194 2153 ε
2224 2119 2303 2154 hinc
2332 2119 2418 2154 enim

1381 2177 1482 2211 etiam
1499 2177 1639 2219 justitiae
1659 2178 1908 2220 significationes
1923 2178 2161 2212 mutuabimur.

1423 2236 1568 2277 injustus
1604 2244 1680 2277 ergo
1711 2236 1895 2277 appellatur
1925 2238 1958 2269 et
1981 2236 2121 2269 violator
2149 2236 2268 2277 legum,
2295 2237 2330 2270 et
2355 2236 2416 2279 qui

1380 2280 1455 2320 plus
1472 2289 1572 2321 quam
1590 2288 1649 2320 par
1674 2281 1725 2311 est
1743 2278 1805 2311 sibi
1827 2279 1989 2319 vindicat,
2011 2281 2045 2311 et
2061 2279 2196 2320 iniquus
2222 2291 2231 2311 ε
2254 2279 2425 2320 quamohm

1380 2329 1450 2354 rem
1465 2322 1576 2363 justus
1600 2321 1702 2354 fuerit
1718 2323 1791 2353 tum
1811 2322 1871 2363 qui
1894 2322 1957 2363 legi
1975 2322 2195 2362 obtemperat.
2223 2323 2296 2353 tum
2318 2320 2418 2354 homo

1380 2372 1495 2406 aequus
1528 2377 1536 2397 ε
1559 2365 1688 2406 J'ustum
1716 2367 1827 2396 autem
1858 2364 1921 2397 erit
1955 2364 2054 2397 simul
2081 2364 2284 2406 legitimum,
2319 2362 2418 2399 simul

1380 2416 1524 2450 aequum.
1542 2408 1703 2450 injustum
1722 2409 1836 2440 contra
1862 2407 1989 2449 legibus
2003 2416 2187 2450 repugnans
2202 2409 2237 2440 et
2251 2407 2414 2450 ianuum.

1421 2466 1559 2504 Quando
1572 2466 1672 2508 igitur
1683 2465 1826 2507 injustus
1838 2466 1913 2507 plus
1928 2475 2028 2508 quam
2037 2467 2167 2508 oportet
2182 2465 2245 2499 sibi
2257 2465 2412 2503 vindicat,

1379 2526 1452 2558 haec
1476 2527 1589 2558 autem
1615 2525 1737 2567 injusta
1754 2523 1934 2557 vindicatio
1961 2524 1995 2557 in
2017 2524 2103 2557 bono
2127 2523 2240 2567 aliquo
2257 2522 2414 2562 cernitur,

1380 2584 1529 2626 sequitur
1544 2583 1653 2625 ipsum
1670 2591 1804 2626 quoque
1820 2582 1898 2615 boni
1911 2582 2051 2624 alicujus
2062 2582 2154 2624 Justo
2169 2582 2328 2625 majorem
2340 2591 2415 2624 par-

1378 2644 1447 2675 tem
1468 2641 1531 2674 sibi
1546 2642 1723 2674 vindicare.
1739 2643 1866 2674 Bonum
1879 2650 1958 2674 vero
1973 2650 2038 2674 non
2052 2640 2227 2680 desiderat,
2241 2639 2334 2683 quod
2351 2639 2414 2674 sibi

1378 2700 1499 2733 bonum
1514 2700 1567 2738 sit,
1594 2702 1626 2732 et
1645 2709 1712 2742 quo
1732 2699 1803 2742 ipse
1826 2693 1944 2732 melior
1969 2698 2073 2741 possit
2101 2698 2242 2732 evadere
2272 2707 2282 2728 τ
2306 2706 2412 2740 neque

1378 2761 1466 2793 enim
1484 2760 1612 2793 caeteris
1635 2759 1867 2802 temperantior
1885 2767 1956 2792 esse
1968 2782 1977 2799 ,
1997 2759 2056 2791 aut
2067 2756 2228 2790 medicina
2247 2755 2392 2789 medicos
2403 2781 2411 2794 ‚

1378 2820 1436 2851 aut
1452 2818 1650 2851 liberalitate
1666 2818 1819 2850 liberales
1837 2817 1969 2851 vincere
1995 2814 2116 2853 studet,
2133 2816 2191 2847 aut
2205 2813 2310 2847 ullum
2323 2813 2415 2848 aliud
2429 2858 2438 2867 Ι

1378 2877 1536 2920 consequi
1565 2877 1637 2918 ejus
1660 2876 1822 2909 bonorum
1843 2875 1988 2918 generis,
2014 2882 2091 2916 quoe
2113 2874 2148 2906 et
2171 2871 2362 2916 simpliciter
2380 2873 2415 2906 et

1376 2945 1434 2978 per
1454 2945 1489 2969 se
1505 2936 1590 2968 bona
1603 2937 1680 2968 suut
1699 2935 1872 2977 ipsumque
1890 2934 2013 2966 bonum
2027 2933 2166 2975 possunt
2184 2930 2314 2965 efficere
2330 2930 2412 2965 =sed

1378 2996 1512 3027 caeteros
1527 2994 1568 3027 iis
1583 2994 1678 3027 bonis
1700 2994 1793 3036 longe
1809 3001 1962 3035 superare
1978 2993 2103 3030 tentat,
2125 2999 2201 3034 quae
2220 2989 2414 3033 simpliciter

1377 3053 1511 3095 quidem
1526 3055 1560 3086 et
1574 3062 1632 3096 per
1645 3062 1680 3087 se
1699 3054 1784 3086 bona
1796 3053 1874 3085 sunt
1887 3078 1895 3092 ,
1910 3051 1969 3084 sed
1982 3052 2113 3090 tantum
2135 3050 2229 3083 abest
2245 3051 2285 3083 ut
2301 3048 2411 3092 ipsum
2468 3065 2469 3069 =

1376 3112 1543 3145 meliorem
1559 3111 1679 3145 faciant
1695 3136 1703 3152 ,
1727 3113 1766 3144 ut
1792 3119 1878 3153 saepe
1903 3110 2003 3143 etiam
2022 3108 2218 3142 deteriorem
2242 3107 2380 3141 reddant
2400 3118 2409 3138 .-

1376 3171 1490 3212 quales
1507 3173 1584 3204 sunt
1599 3170 1747 3213 pecuniae
1764 3178 1802 3202 ac
1821 3168 1968 3211 potentia
1985 3168 2136 3210 bonaque
2158 3165 2302 3210 corporis
2317 3164 2410 3198 habi-

1377 3232 1458 3265 tudo
1484 3228 1579 3262 :haec
1594 3229 1682 3262 enim
1706 3227 1833 3261 homini
1858 3226 2008 3269 improbo
2032 3225 2165 3268 maj0ris
2183 3223 2340 3267 nequitia
2356 3222 2410 3256 fo-

1376 3288 1486 3320 menta
1500 3289 1594 3327 sunt,
1619 3289 1658 3320 ut
1673 3289 1706 3321 et
1722 3287 1803 3326 alia,
1831 3295 1907 3329 quae
1921 3284 2074 3319 secundae
2091 3286 2150 3318 aut
2169 3283 2318 3318 adversae
2341 3281 2410 3315 for·
2463 3326 2467 3328 μ
2496 3295 2508 3310 ι

330 3413 347 3431 *
368 3416 466 3447 Δοκεῖ
478 3413 512 3446 δὲ
525 3414 542 3446 ὅ
554 3425 589 3446 τε
603 3413 789 3457 παράνομος
804 3414 911 3450 ἄδικος
929 3415 1010 3447 εἶναι
1029 3416 1085 3446 κτλ
1114 3415 1210 3456 --μ
1235 3415 1325 3450 Ἐπεὶ
1341 3417 1376 3449 δὲ
1390 3419 1444 3451 καὶ
1460 3418 1651 3457 πλεονέκτης
1669 3419 1686 3450 ὁ
1709 3418 1816 3455 ἄδικος
1828 3419 1897 3450 κτλ.

1978 829 2178 872 Plerumque
2195 830 2308 863 autem
2331 828 2418 863 dixi·
