2528 3788
249 226 304 267 90
1185 211 1441 253 SPEUSIPPI

250 303 381 365 σχολὴν
406 307 636 351 διαδέξασθαι.
661 303 790 349 Quare
811 295 882 342 nos
904 304 1059 354 quoque
1078 310 1281 353 utramque

249 370 448 423 epistolam
478 366 695 418 Speusippo
725 360 990 402 attribuimus.
1031 361 1086 400 De
1117 361 1282 411 singulis

252 430 348 468 locis
369 438 488 479 pauca
520 421 722 461 monenda.
759 419 907 472 Scripsi
933 435 941 458 z
969 424 985 443 ‘¹
1012 419 1072 459 καὶ
1095 418 1137 467 δὴ
1160 418 1281 474 ᾤμην]

250 499 335 525 cum
355 483 528 530 Bremio3
551 480 661 520 codd.
679 478 793 518 καίτοι
806 477 921 533 ᾤμην.
937 500 990 509 —
1007 479 1026 502 Β
1042 478 1281 530 Ἀκαδημίαν]

250 557 334 584 cum
357 542 469 584 codd.
500 539 677 592 quamvis
710 538 778 577 alii
797 538 942 590 ubique
969 538 1031 577 vel
1051 536 1284 587 Ἀκαδήμειαν

250 603 310 641 vel
334 599 549 650 Ἀκαδημίαν
578 597 826 636 scribendum
856 604 1047 635 censeant.
1068 594 1156 635 Vid.
1179 595 1285 633 Butt-

251 673 380 698 mann.
403 658 575 696 Gramm.
598 655 719 693 Graec.
739 663 829 693 tom.
862 653 899 692 11
921 667 961 705 p.
987 654 1061 691 382
1093 666 1173 704 seq.
1198 674 1251 682 —
1272 659 1286 675 ⁰

252 717 406 769 συνέχειν
421 716 476 754 τὸν
490 714 705 767 περίπατον]
719 716 774 751 De
790 710 1051 751 simultatibus
1069 724 1164 762 quas
1178 710 1287 749 Plato

253 790 337 814 cum
355 774 559 813 Aristotele
574 771 756 810 habuisse
774 770 918 808 dicitur
937 769 1028 808 vide
1047 769 1183 808 AElian.
1199 782 1285 809 var.

252 835 342 874 hist.
363 833 433 874 lib.
451 832 508 872 Ill
525 845 612 883 cap.
637 844 697 880 19.
720 851 772 859 —
789 828 807 852 ἅ
827 831 862 867 ἐν
883 829 920 867 οὖ
940 830 982 880 τῇ
1003 827 1156 880 τυχούσῃ
1176 831 1262 880 τιμῇ
1282 826 1288 876 Ι

253 893 346 932 libri
367 894 401 931 ἐν
422 895 465 944 τῇ
484 889 637 942 τυχούσῃ
665 890 764 940 τιμῇ.
790 887 864 926 Sed
888 887 1101 938 requiritur
1122 887 1287 937 negatio.

253 952 310 991 Cf.
327 950 456 1001 Viger.
491 950 537 987 de
559 948 626 987 Gr.
649 947 742 987 dict.
765 946 820 986 id.
845 961 884 998 p.
905 947 977 996 364
997 946 1044 983 ed
1064 945 1192 984 Herm.
1209 950 1289 975 —e

254 1009 419 1057 ἀποδοίης
439 1009 467 1046 δ’
492 1007 560 1059 ἄν]
590 1005 684 1046 libri
706 1003 868 1058 ἀποδῴης
889 1005 918 1042 δ’
942 1004 997 1044 ἄν.
1018 1025 1071 1033 -
1089 1003 1102 1026 ¹
1119 1005 1149 1042 εἷ
1170 1020 1290 1057 παρα-

252 1066 431 1118 γενόμενος
448 1068 494 1110 εἷς
513 1063 728 1115 Ἀκαδημίαν
748 1062 805 1101 τὸν
834 1062 1024 1115 περίπατον
1045 1068 1115 1107 τοῖς
1134 1065 1207 1108 σοῒς
1231 1062 1289 1102 λό-

253 1141 323 1178 γοις
358 1121 535 1179 συνέχοις]
573 1122 686 1162 codd.
719 1123 903 1160 mendose
936 1123 964 1160 εἷ
1003 1122 1287 1175 παραγενόμενος

254 1183 473 1235 Ἀκαδημίαν
505 1183 739 1233 καδηπεριπε.
765 1185 847 1210 -3
865 1179 1058 1233 πιστότης]
1088 1193 1174 1218 cum
1198 1181 1290 1218 Bre—

254 1243 356 1292 mio3
392 1241 504 1281 codd.
531 1238 665 1282 πιστός.
691 1259 744 1268 —
763 1240 782 1263 ¹¹
804 1239 870 1276 τῶν
902 1239 1040 1277 πολλῶν
1071 1237 1290 1291 ἀνθρώπων]

255 1313 339 1339 cum
355 1301 509 1347 eodem;
532 1298 646 1338 codd.
665 1299 734 1336 τῶν
756 1296 959 1348 ἀνθρώπων.

309 1373 370 1399 190.
394 1358 617 1400 Σπεύσιππος
640 1355 866 1410 Ξενοκράτει.

306 1415 430 1463 Ἔδοξέ
457 1433 515 1469 μοι
533 1416 666 1470 γράψαι
697 1414 782 1468 πρὸς
814 1414 853 1453 σὲ
887 1414 1073 1462 ἐπιστολὴν
1109 1414 1189 1467 περὶ
1226 1416 1293 1452 τῶν

257 1476 532 1529 συμὸεὸηκότων
560 1474 652 1514 κατὰ
678 1473 716 1512 τὸ
735 1473 911 1525 σωμάτιον
928 1480 957 1513 ³.
981 1474 1034 1513 Οὐ
1055 1473 1121 1526 γὰρ
1144 1472 1292 1526 μετρίως

256 1535 496 1574 ἐκλελοίπασιν
522 1536 557 1572 αῖ
578 1533 740 1583 δυνάμεις
760 1533 829 1570 τῶν
854 1534 969 1583 μερῶν
993 1531 1178 1581 ἁπάντων,
1205 1530 1294 1569 ὥστε

257 1594 363 1644 μηδὲν
386 1595 500 1637 αὐτοῖς
522 1592 671 1645 ἐνεργεῖν
689 1590 751 1642 ἐμὲ
779 1589 944 1629 δύνασθαι
960 1592 989 1614 h·
1010 1589 1101 1628 κατὰ
1121 1590 1229 1642 τύχην
1252 1590 1288 1627 δέ

255 1668 331 1690 τινα
350 1656 372 1700 ἡ
389 1654 530 1703 γλῶττα
558 1651 617 1689 καὶ
638 1649 682 1688 τὰ
702 1648 783 1701 περὶ
803 1647 865 1696 τὴν
898 1648 1056 1702 κεφαλὴν
1078 1648 1273 1700 μεμένηκεν
1286 1678 1295 1695 ,

257 1711 285 1748 εἰ
306 1710 353 1761 μὴ
375 1710 434 1749 καὶ
455 1710 511 1748 διὰ
529 1711 568 1749 τὸ
587 1707 842 1762 κεχαρισμένον
867 1706 927 1745 καὶ
956 1706 1014 1746 διὰ
1035 1707 1075 1746 τὸ
1095 1706 1270 1746 θειότατον

258 1764 358 1810 εἶναι.
391 1770 493 1810 Πάνυ
526 1769 586 1821 μὲν
622 1761 680 1807 οῧν
710 1767 904 1818 ἐδουλόμην
924 1765 1088 1818 παρεῖναί
1115 1782 1166 1804 σε·
1198 1760 1236 1805 εῧ
1261 1766 1295 1804 δὲ

257 1830 412 1877 ποιήσεις
430 1828 489 1868 καὶ
521 1831 579 1866 νῦν
605 1826 897 1880 παραγενόμενος.
931 1824 1002 1865 Καὶ
1033 1825 1099 1878 γὰρ
1119 1827 1187 1863 τῶν
1217 1827 1296 1878 περὶ

260 1887 321 1936 ἐμὲ
341 1887 526 1941 προστήσῃ
547 1885 641 1924 κατὰ
657 1884 798 1938 τρόπον,
819 1885 865 1928 ὥς
886 1883 954 1935 ἐγὼ
972 1879 1011 1923 εῧ
1028 1877 1124 1932 οἶδα,
1147 1885 1206 1923 καὶ
1230 1887 1296 1923 τῶν

261 1948 294 1984 ἐν
317 1947 365 1998 τῷ
383 1945 568 1998 περιπάτῳ
599 1941 799 1992 ἐπιμελήσῃ
823 1941 1082 1992 προσηκόντως.

315 2004 506 2057 (Epistola
525 2003 629 2054 haec,
652 2003 803 2040 incerto
825 2009 980 2038 auctore
1005 2000 1109 2038 edita
1125 1999 1172 2037 ab
1189 2000 1295 2037 Orel-

266 2063 321 2101 lio
355 2063 382 2102 l.
419 2077 454 2102 c.
480 2056 579 2112 pag.
616 2066 661 2105 41
678 2088 688 2107 ‚
714 2059 818 2097 inter
852 2058 1066 2096 Socraticas
1100 2059 1298 2107 trigesima

1347 303 1604 344 attribuimus.
1627 303 1721 342 Vide
1738 316 1821 354 quae
1841 301 2012 340 diximus
2033 301 2081 340 ad
2102 301 2377 354 praecedentem
2437 288 2471 315 ’τί

1345 365 1563 416 epistolam.
1586 363 1713 401 Pauca
1733 363 1780 399 de
1800 360 1980 409 lectionis
2012 361 2196 399 varietate
2217 356 2381 412 aliisque

1345 422 1461 461 rebus
1479 422 1681 460 monenda.
1703 419 1850 470 Scripsi
1872 433 1879 456 :
1904 424 1920 441 ⁸
1941 417 2034 457 κατὰ
2052 417 2092 457 τὸ
2112 415 2314 472 σωμάτιον]
2333 430 2379 457 ex

1345 494 1423 520 uno
1451 479 1607 527 codice3
1635 479 1683 518 al.
1705 477 1785 530 περὶ
1806 477 1843 515 τὸ
1864 477 2058 528 σωμάτιον.
2073 476 2156 506 -b
2169 475 2259 515 ὥστε
2273 473 2380 527 μηδὲν

1347 539 1463 583 αὐτοῖς
1490 540 1635 591 ἐνεργεῖν
1657 536 1719 588 ἐμὲ
1738 535 1924 587 δύνασθαι]
1942 535 2058 574 codd.
2080 533 2171 573 ὥστε
2192 533 2299 585 μηδὲν
2318 533 2380 585 αὖ,-

1346 602 1414 640 τοῖς
1423 598 1569 650 ἐνεργεῖν
1579 596 1756 636 δύνασθαι.
1767 617 1820 626 —·-
1830 601 1843 617 ⁰
1857 593 1913 632 διὰ
1921 593 1961 632 τὸ
1971 591 2147 632 θειότατον
2158 585 2264 644 εἶναι]
2271 591 2382 632 Plato

1347 654 1450 695 Tim.
1468 669 1508 707 p.
1533 661 1579 702 44
1598 654 1660 700 τὰς
1683 654 1744 706 μὲν
1765 653 1807 702 δὴ
1823 654 1914 698 θείας
1926 653 2104 705 περιόδους
2128 651 2186 690 δύο
2200 650 2303 695 οὔσας
2315 679 2328 700 ,
2344 649 2383 690 τὸ

1348 717 1406 752 τοῦ
1426 712 1553 757 παντὸς
1570 716 1693 766 σχῆμα
1710 714 2022 764 ἀπομιμησάμενοι
2043 709 2222 765 περιφερὲς
2249 709 2286 751 ὄν
2301 738 2313 759 ,
2337 710 2384 753 εἰς

1350 770 1560 824 σφαιροειδὲς
1592 767 1695 822 σῶμα
1724 771 1908 820 ἐνέδησαν,
1945 774 2046 810 τοῦτο
2080 770 2098 808 ὃ
2132 772 2193 809 νῦν
2228 767 2384 824 κεφαλὴν

1350 831 1625 882 ἐπονομάζομεν,
1645 830 1664 869 ὃ
1696 829 1868 869 θειότατόν
1898 829 1927 868 τ’
1963 829 2037 868 ἐστὶ
2065 829 2124 868 καὶ
2155 829 2224 867 τῶν
2245 831 2279 868 ἐν
2301 830 2387 879 ἡμῖν

1351 888 1488 928 πάντων
1521 890 1721 928 δεσποτοῧν·
1756 883 1784 942 ᾧ
1811 889 1872 928 καὶ
1902 894 1972 926 πᾶν
1995 888 2034 927 τὸ
2054 889 2158 939 σῶμα
2188 886 2387 939 παρέδοσαν

1351 948 1538 1001 ὑπηρεσίαν
1563 950 1656 1000 αὐτῷ
1684 947 1963 1000 ξυναθροίσαντες
1995 947 2087 995 θεοί,
2108 944 2387 993 κατανοήσαντες

1352 1006 1403 1045 ὅτι
1435 1009 1557 1046 πασῶν
1578 1006 1656 1046 ὅσαι
1677 1006 1829 1055 κινήσεις
1861 1005 1993 1045 ἔσοιντο
2015 1005 2170 1058 μετέχοι.
2191 1004 2294 1044 Hinc
2321 1003 2388 1041 Al-

1352 1067 1487 1105 cinous
1505 1080 1586 1118 cap.
1602 1068 1650 1105 23
1671 1068 1717 1109 ὡς
1741 1064 1781 1103 ἂν
1802 1065 1837 1103 δὲ
1857 1065 1907 1115 μὴ
1923 1069 1985 1113 τῆς
2004 1063 2172 1118 φλυαρίας
2184 1065 2246 1110 τῆς
2265 1063 2391 1115 θνητῆς

1355 1126 1665 1176 ἀναπιμπλάμενον
1688 1119 1711 1177 ᾗ
1734 1124 1772 1163 τὸ
1791 1125 1878 1163 θεῖον
1910 1125 2016 1171 αὐτῆς
2043 1121 2103 1162 καὶ
2123 1121 2307 1171 ἀθάνατον,
2327 1135 2391 1159 κα-

1354 1183 1504 1236 τῴκισαν
1522 1184 1578 1221 ἐπὶ
1594 1186 1656 1222 τοῦ
1671 1182 1833 1234 σώματος
1851 1181 1908 1221 ἐπὶ
1925 1184 1985 1229 τῆς
2004 1174 2074 1220 οἷον
2092 1179 2313 1233 ἀκροπόλεως
2331 1177 2392 1231 ἅρ-

1355 1255 1417 1293 χον
1449 1240 1509 1281 καὶ
1539 1242 1722 1292 βασιλεῦον
1753 1239 2013 1293 ἀποφήναντες,
2044 1236 2179 1285 οἴκησίν
2197 1251 2236 1275 τε
2253 1233 2394 1275 ἀπονεί-

1357 1314 1482 1350 μαντες
1505 1300 1599 1351 αὐτῷ
1616 1298 1678 1346 τὴν
1697 1296 1852 1350 κεφαλὴν
1872 1300 1996 1350 σχῆμα
2008 1297 2157 1349 ἔχουσαν
2179 1292 2408 1347 μιμούμενον,

1354 1357 1393 1395 τὸ
1414 1360 1474 1395 τοῦ
1489 1356 1627 1401 παντός.

1408 1427 1470 1454 191.
1490 1415 1558 1454 Ἐκ
1578 1419 1639 1463 τῆς
1663 1413 1890 1454 Σπευσίππου
1911 1413 1995 1467 πρὸς
2011 1413 2128 1454 Δίωνα
2142 1412 2338 1460 ἐπιστολῆς.

1407 1473 1568 1527 ’Ἔγραψε
1588 1473 1624 1513 δὲ
1652 1473 1711 1512 καὶ
1738 1472 1967 1517 Σπεύσιππος
1987 1473 2102 1525 αὐτῷ,
2122 1470 2172 1523 μὴ
2195 1470 2286 1524 μέγα
2305 1485 2397 1525 ‹ppo-⁴

1355 1535 1423 1572 νεῒν
1440 1561 1450 1582 ,
1470 1534 1498 1571 εἰ
1530 1533 1635 1578 πολὺς
1665 1532 1744 1585 περὶ
1765 1533 1871 1571 αὐτοῦ
1898 1531 1998 1583 λόγος
2025 1530 2117 1570 ἐστὶν
2143 1531 2179 1570 ἓν
2199 1528 2395 1582 παιδαρίοις

1356 1592 1415 1630 καὶ
1435 1591 1602 1644 γυναίοις,
1639 1592 1716 1630 ἀλλ’
1736 1593 1819 1644 δρᾷν
1833 1619 1846 1638 ,
1877 1589 1970 1635 ὅπως
1990 1590 2146 1637 ὁσιότητι
2173 1587 2234 1628 καὶ
2262 1588 2395 1627 δικαιο-

1357 1649 1448 1702 (τύνη
1462 1650 1522 1688 καὶ
1538 1649 1653 1701 νόμοις
1681 1648 1833 1701 ἀρίστοις
1860 1648 2042 1699 κοσμήσας
2063 1647 2245 1699 Σικελίαν,
2270 1647 2394 1687 scalea

1358 1707 1455 1754 θήσει
1475 1707 1537 1755 τὴν
1558 1708 1772 1758 ἀκαδημίαν.

1413 1766 1667 1820 (Plutarchus
1690 1767 1737 1806 de
1758 1766 1860 1804 adul.
1890 1775 1928 1804 et
1956 1765 2070 1805 amic.
2094 1765 2272 1804 discrim.
2307 1772 2394 1816 cap.

1359 1826 1407 1871 43
1433 1826 1510 1866 vol.
1534 1825 1606 1864 vll
1620 1839 1710 1878 pag.
1733 1831 1809 1870 224
1831 1838 1912 1876 seq.
1932 1824 1991 1862 ed.
2012 1824 2168 1863 Hutten.
2189 1825 2334 1862 τοιαῦτα
2352 1820 2397 1861 τὰ

1361 1883 1477 1937 Κύρου
1498 1883 1582 1936 πρὸς
1600 1883 1810 1945 Κυαξάρην,
1832 1882 1891 1922 καὶ
1910 1882 1954 1921 τὰ
1974 1882 2060 1935 πρὸς
2077 1881 2194 1922 Δίωνα
2208 1880 2397 1929 Πλάτωνος

1364 1941 1419 1979 ὅτε
1446 1939 1691 1994 λαμπρότατος
1716 1946 1771 1991 ἠν,
1792 1941 1852 1980 καὶ
1879 1940 2011 1985 πάντας
2031 1942 2078 1985 εἷς
2107 1939 2228 1979 ἑαυτὸν
2260 1938 2394 1992 ἀνθρώ·-

1363 2016 1447 2045 πους
1468 2000 1678 2054 ἐπέστρεφε,
1702 2002 1759 2040 διὰ
1787 2001 1827 2039 τὸ
1849 2000 1976 2044 κάλλος
2006 2002 2074 2038 τῶν
2102 1998 2260 2052 πράξεων
2275 1997 2340 2036 ,καὶ
2360 1998 2400 2037 τὸ

1360 2058 1518 2109 μέγεθος,
1551 2057 1874 2112 παρακελευομένου
1905 2057 2138 2110 φυλάττεσθαι
2166 2055 2227 2095 καὶ
2249 2054 2399 2094 ’δεδιέναι

266 2122 376 2159 tertia
397 2130 466 2160 est.
491 2120 584 2157 Eam
610 2131 706 2157 vero
723 2117 842 2168 justis
864 2117 910 2155 de
930 2117 1058 2173 causis
1079 2117 1298 2168 Speusippo
1359 2115 1423 2164 τὴν
1445 2117 1629 2156 αὐθάδειαν
1643 2146 1653 2165 ,
1675 2119 1722 2160 ὡς
1743 2115 1871 2169 ἐρημίᾳ
1893 2114 2060 2160 ξύνοικον.
2085 2113 2249 2167 Ἔγραψε
2271 2113 2307 2153 δὲ
2335 2113 2399 2156 καὶ

261 2267 358 2299 etiam
378 2266 516 2298 faciebat
536 2273 700 2297 sermones
718 2264 750 2296 in
768 2263 942 2296 Academia
960 2262 1090 2295 habitos
1102 2287 1110 2303 ‚
1134 2265 1226 2295 ratus
1243 2272 1299 2296 eos
1358 2265 1447 2305 justa
1472 2265 1608 2297 firmitas
1628 2266 1661 2297 et
1679 2246 1772 2297 fides.
1814 2265 1972 2296 Nostrum
1991 2263 2102 2295 autem
2120 2261 2264 2294 officium
2281 2262 2345 2298 est,
2367 2260 2400 2293 in

262 2326 400 2359 multum
418 2325 526 2358 valere
544 2324 586 2356 ad
609 2333 720 2357 veram
739 2323 893 2365 gloriam,
912 2323 947 2356 et
968 2322 1011 2355 ad
1033 2323 1201 2364 proprium
1225 2323 1301 2355 vitai

263 2394 363 2427 genus
382 2387 414 2417 et
440 2384 481 2416 ad
510 2384 652 2415 suturam
681 2382 769 2424 apud
797 2384 945 2423 posteros
972 2381 1173 2414 memoriam.
1220 2384 1302 2419 Quae

264 2451 366 2483 quum
387 2442 432 2474 ita
460 2442 585 2480 essent,
618 2450 653 2473 se
681 2443 771 2472 tuam
796 2440 953 2473 virtutem
982 2439 1090 2481 magni
1118 2440 1301 2472 aestimasse

264 2501 332 2533 vita
349 2500 507 2532 excedens
528 2499 714 2532 testimonio
734 2508 793 2531 suo
808 2499 967 2540 probavit.
1030 2498 1190 2531 Omnibus
1214 2498 1302 2531 enim

266 2558 358 2591 nobis
371 2557 583 2590 familiaribus
609 2557 775 2599 praecepit,
797 2558 825 2589 si
839 2557 919 2598 quid
935 2557 996 2590 tibi
1011 2557 1198 2598 accidisset,
1220 2559 1259 2590 ut
1271 2559 1304 2590 te

264 2618 359 2659 juxta
373 2616 482 2658 ipsum
505 2624 698 2657 poneremus
711 2641 719 2655 ‚
734 2624 937 2657 nequaquam
959 2617 993 2648 te
1003 2615 1044 2648 ab
1058 2615 1234 2648 Academia
1249 2625 1304 2649 se-

265 2675 416 2715 junctum
442 2674 483 2705 iri
517 2673 705 2706 arbitratus.
757 2675 958 2715 Quapropter
984 2673 1065 2706 mihi
1091 2674 1144 2707 vel
1168 2674 1304 2707 maxime

269 2733 397 2765 videtur
414 2733 448 2765 te
466 2732 579 2765 decere
593 2757 600 2771 ‚
630 2731 797 2764 Platonem
814 2734 887 2764 tum
910 2732 1021 2764 vivum
1035 2734 1108 2765 tum
1133 2735 1304 2766 mortuum

271 2791 391 2823 bonore
420 2790 563 2822 afficere.
629 2789 756 2831 Quippe
792 2789 957 2823 hominem
985 2791 1122 2832 politum
1157 2792 1307 2824 convenit

272 2857 385 2882 curam
402 2857 496 2890 agere
510 2848 644 2880 deorum
669 2851 700 2879 et
730 2850 901 2888 parentum
930 2858 1107 2890 eorumque
1136 2859 1211 2891 quae
1233 2859 1306 2883 mo-

272 2908 392 2940 rientes
417 2906 480 2948 ipsi
499 2906 663 2939 mandant.
720 2908 769 2937 Ex
792 2906 831 2938 iis
855 2916 927 2947 quae
943 2907 1031 2939 dicta
1052 2910 1129 2941 sunt
1152 2908 1246 2942 facile
1260 2909 1308 2942 in-

273 2965 438 3008 telligitur,
463 2964 681 2997 arctissimum
714 2964 814 2996 fuisse
845 2964 1094 2997 necessitudinis
1121 2967 1305 3009 vinculum,

274 3034 338 3066 quo
355 3024 447 3056 Plato
462 3032 538 3056 cum
555 3021 719 3055 sodalibus
738 3022 927 3063 conjunctus
943 3026 1023 3055 erat.
1068 3025 1147 3056 Nam
1163 3035 1308 3066 quorun-

275 3083 351 3116 dam
370 3082 469 3115 rebus
481 3084 635 3122 tanquam
651 3081 744 3122 pater
759 3081 957 3121 consulebat,
975 3082 1111 3115 aliorum
1127 3085 1225 3117 saluti
1239 3085 1309 3117 vel-

275 3143 314 3175 ut
333 3141 414 3174 bene
433 3140 475 3173 de
489 3140 530 3172 iis
544 3139 682 3172 meritus
700 3138 927 3180 prospiciebat,
946 3139 979 3171 in
993 3140 1177 3174 universum
1199 3145 1307 3176 autem

277 3200 427 3234 omnibus
449 3199 503 3232 dci
522 3198 595 3231 loco
619 3199 699 3231 erat.
743 3198 858 3239 Itaque
881 3197 1000 3230 honum
1025 3200 1058 3230 et
1081 3208 1212 3240 aequum
1239 3210 1310 3234 cen-

277 3268 362 3298 sens,
380 3259 418 3291 ut
436 3258 561 3290 Platoni
580 3256 718 3299 gratiam
737 3255 883 3288 omnium
911 3256 1087 3290 maximam
1104 3266 1140 3290 ac
1158 3258 1216 3290 tali
1241 3260 1310 3291 viro

278 3318 421 3352 debitam
443 3316 580 3358 reseras,
606 3315 669 3348 tibi
692 3318 805 3348 auctor
822 3324 916 3355 sum;
951 3317 1071 3348 reseras
1099 3325 1196 3357 vero,
1226 3318 1254 3349 si
1279 3318 1310 3349 in

279 3375 485 3411 Academiam
512 3374 682 3408 adveneris
717 3374 849 3415 tuisque
885 3374 994 3406 verbis
1024 3374 1311 3415 Peripateticorum

279 3435 441 3469 licentiam
474 3433 712 3476 compresseris.
757 3435 842 3467 Vera
878 3432 964 3466 enim
995 3432 1152 3474 sapientia
1185 3434 1311 3468 dicetur

1362 2324 1412 2356 his
1424 2324 1524 2356 rebus
1544 2323 1712 2355 hominum
1730 2322 1827 2364 vulgo
1839 2321 1982 2354 multum
2002 2320 2208 2353 antecellere.
2252 2321 2303 2352 Tu
2322 2327 2400 2352 vero

1362 2383 1459 2416 etiam
1471 2383 1557 2415 ultra
1573 2381 1709 2415 modum
1726 2380 1808 2414 mibi
1825 2379 1948 2414 videris
1967 2387 2039 2412 esse
2055 2379 2208 2421 diligens.

1406 2444 1476 2475 190.
1497 2441 1699 2483 Speusippus
1716 2439 1900 2473 Xenocrati.
2000 2426 2002 2429 ⁵

1404 2500 1534 2533 Placuit
1561 2499 1641 2532 mihi
1670 2501 1709 2532 ut
1735 2501 1769 2532 te
1794 2497 1911 2530 litteris
1941 2496 2112 2530 edocerem
2135 2495 2178 2529 de
2197 2495 2238 2528 iis
2271 2501 2347 2538 quae
2369 2494 2402 2526 in

1363 2557 1590 2600 corpusculum
1605 2565 1715 2589 meum
1730 2556 1929 2588 invaserunt.

1365 2616 1513 2649 fecerunt
1536 2613 1759 2649 membrorum
1782 2612 1928 2646 omnium
1954 2611 2058 2652 vires,
2078 2611 2138 2645 sed
2153 2610 2202 2644 ita
2216 2611 2255 2644 ut
2270 2609 2353 2643 nihil
2363 2609 2404 2643 iis

1363 2673 1522 2716 proficere
1537 2672 1676 2714 possim;
1699 2671 1758 2705 sed
1775 2680 1854 2704 casu
1882 2671 1992 2713 lingua
2012 2671 2046 2704 et
2067 2672 2166 2713 eaput
2182 2669 2306 2703 intacta
2325 2677 2403 2711 per·-

1364 2735 1570 2773 manserunt,
1586 2732 1650 2765 nisi
1665 2731 1700 2764 id
1716 2733 1887 2774 propterea
1904 2730 2050 2773 contigit,
2064 2729 2159 2772 quod
2166 2730 2201 2763 et
2212 2728 2403 2771 gratissimae

1366 2793 1443 2826 sunt
1461 2791 1605 2834 eorporis
1623 2791 1734 2833 partes
1761 2792 1794 2823 et
1813 2799 1947 2832 prorsus
1966 2789 2095 2823 divinae.
2139 2787 2280 2821 Omnino
2305 2786 2404 2829 igitur

1367 2853 1400 2884 te
1418 2850 1530 2884 adesse
1550 2849 1715 2890 volebam;
1732 2848 1815 2882 bene
1827 2851 1938 2882 autem
1955 2847 2084 2888 feceris,
2103 2846 2289 2880 sivelnuuc
2302 2844 2404 2879 adve-

1367 2908 1465 2942 neris.
1509 2908 1619 2942 Rebus
1631 2909 1718 2942 enim
1730 2908 1829 2947 meis,
1847 2909 1886 2940 ut
1903 2907 2003 2949 probe
2021 2906 2090 2939 scio
2101 2930 2110 2948 ‚
2128 2905 2283 2939 decenter
2296 2912 2405 2947 praee-

1368 2969 1430 3010 ris,
1461 2970 1560 3011 atque
1588 2970 1627 3002 ut
1643 2977 1702 3011 par
1723 2970 1774 3001 est
1795 2967 1984 3000 observabis
2009 2965 2172 3008 quomodo
2198 2963 2406 3007 Peripatetici

1369 3037 1404 3061 se
1424 3030 1547 3070 gerant,
1572 3026 1783 3070 curabisque,
1799 3034 1840 3059 ne
1858 3026 1936 3067 quid
1958 3025 2134 3059 Academia
2149 3021 2335 3058 detrimenti
2348 3030 2404 3054 ca-

1369 3087 1448 3128 piat.
2060 3117 2062 3119 .

1414 3148 1482 3177 191.
1502 3147 1528 3177 E
1538 3145 1711 3187 Speusippi
1724 3144 1860 3186 epistola
1874 3143 1917 3175 ad
1935 3142 2073 3175 Dionem
2089 3141 2177 3174 data.
2242 3167 2246 3169 ε

1411 3204 1548 3245 Scripsit
1569 3203 1668 3236 etiam
1694 3202 1893 3245 Speusippus
1913 3201 1954 3234 ad
1977 3200 2090 3241 illum,
2116 3207 2182 3232 nou
2195 3197 2314 3232 debere
2329 3205 2407 3231 eum

1371 3262 1553 3303 superbire,
1576 3261 1666 3304 quod
1688 3261 1813 3294 multus
1830 3260 1872 3293 de
1892 3260 1963 3302 ipso
1988 3267 2094 3292 sermo
2111 3258 2199 3291 esset
2217 3255 2307 3300 apud
2323 3264 2406 3300 pue-

1371 3320 1459 3352 rulos
1490 3322 1524 3354 et
1548 3320 1774 3361 mulierculas,
1803 3319 1863 3353 sed
1892 3317 2082 3361 providere,
2117 3317 2156 3350 ut
2191 3314 2407 3349 sanctimonia

1368 3378 1562 3420 justitiaque
1588 3381 1622 3412 et
1638 3379 1768 3422 optimis
1797 3378 1921 3421 legibus
1937 3377 2118 3420 temperata
2137 3374 2263 3416 Sicilia,
2287 3373 2405 3410 acade-

1372 3436 1470 3469 miam
1486 3438 1672 3471 illustraret.

1974 2556 2085 2595 Neque
2097 2552 2185 2586 enim
2201 2551 2330 2586 modice
2341 2551 2404 2585 de·-
2446 2587 2453 2594 ,

2513 2028 2528 2063 ὲ

2517 2073 2528 2098 ε

2495 2102 2528 2138 ,³2

2519 2139 2528 2168 i

2498 2174 2528 2218 i

2523 2251 2528 2272 i

2524 2297 2528 2308 Ι

2519 2359 2528 2375 ἱ
