2508 3776
270 229 347 268 3¹4

269 315 306 354 δέ
324 331 372 369 τῳ
393 314 515 360 δόξειεν
534 313 573 353 ἂν
596 315 816 365 τούναντίον,
839 314 972 367 βέλτιον
993 308 1080 354 εἶναι
1092 317 1224 367 μᾶλλον
1243 316 1302 355 καὶ

268 372 532 426 συμφορώτερον
547 373 595 415 εἷς
613 371 653 410 τὸ
675 374 804 425 πρᾶξαι
834 372 894 412 καὶ
917 373 1113 420 κτήσασθαι
1130 375 1174 413 τὰ
1191 376 1302 423 κτητὰ

267 431 327 470 καὶ
347 429 487 482 πρακτὰ
522 430 656 483 ἀγαθά,
684 431 724 470 τὸ
746 431 870 470 εἰδέναι
898 432 1006 480 αὐτὴν
1027 432 1088 480 τὴν
1120 434 1214 472 ἰδέαν
1243 438 1302 473 τοῦ

269 491 412 541 ἀγαθοῦ·
445 491 603 541 καθάπερ
623 488 690 542 γὰρ
714 490 975 543 παραδείγματι
994 491 1171 544 χρώμενοι
1192 492 1303 545 ταύτῃ

267 547 470 601 γνωσόμεθα
482 579 492 599 ,
508 552 591 586 ποῖα
611 549 679 586 τῶν
702 553 866 600 πρακτῶν
885 549 945 589 καὶ
961 553 1097 598 κτητῶν
1114 553 1197 590 εἰσιν
1219 554 1303 602 ἡμῖν

269 607 394 659 ἀγαθοί·
431 606 496 646 κᾶν
517 607 685 658 εἰδῶμεν,
717 606 965 658 ἓπιτευξόμεθα
988 610 1118 649 αὐτῶν.
1151 609 1303 648 Πιθανό-

267 668 357 714 τητα
383 665 444 718 μὲν
466 659 523 705 οῧν
545 664 619 718 ἔχει
639 666 716 705 τινὰ
746 661 843 711 οὗτος
875 671 893 706 ὃ
917 666 1029 718 λόγος·
1059 667 1151 706 ἔοικε
1174 667 1210 706 δὲ
1229 674 1305 713 ταῖς

267 726 479 776 ἐπιστήμαις
497 726 696 777 διαφωνεῖν·
719 731 833 765 πᾶσαι
850 725 917 779 γὰρ
942 727 978 764 αἱ
999 728 1193 776 ἐπιστῆμαι
1215 728 1305 779 ἀγα-

267 788 327 824 θοῦ
352 799 440 827 τινος
472 782 646 836 ἐφίενται,
667 783 728 823 καὶ
750 783 787 822 τὸ
807 784 915 828 ἐνδεὲς
936 786 1190 836 ἀναπληρῶσαι
1223 787 1303 824 ἐπι-

265 844 442 888 ζητοῦσιν·
463 839 582 895 ὥσπερ
598 843 736 896 ἰατρικὴ
755 843 817 894 μὲν
832 844 872 882 τὸ
893 844 1051 883 ἐλλεῖπον
1071 847 1133 891 τῇς
1147 843 1276 895 ὑγιείας
1290 873 1300 892 ,

265 899 484 951 γυμναστικὴ
506 899 541 939 δὲ
558 904 619 949 τῇς
642 902 760 954 ἰσχύος
786 901 846 942 καὶ
867 905 928 949 τῇς
957 902 1109 956 ἀνδρίας.
1135 902 1241 943 Οὕτω
1270 903 1303 942 δὲ

266 958 414 1011 ἔχουσαι
439 959 525 1011 πρὸς
551 959 612 1007 τὴν
634 960 777 1008 ζήτησιν
800 965 861 1000 τοῦ
882 964 1012 1014 ἀγαθοῦ
1027 991 1038 1010 ,
1068 965 1128 1001 τοῦ
1157 962 1305 1002 καθόλου

264 1017 386 1057 τούτου
416 1019 546 1070 ἀγαθοῦ
571 1018 633 1067 τὴν
657 1022 783 1070 γνῶσιν
814 1019 1158 1073 παραλιμποίνουσιν·
1179 1021 1241 1058 οὐκ
1263 1020 1304 1060 ἂν

264 1076 300 1115 δὲ
317 1077 582 1130 παρελίμπανον
602 1085 630 1127 ²²,
651 1080 680 1117 εἰ
705 1078 846 1132 βοήθειά
879 1096 930 1124 τις
949 1073 990 1127 ἦν
1011 1080 1132 1124 αὐταῖς
1152 1080 1211 1119 ἀπ’
1237 1082 1302 1119 αὖ-

263 1138 339 1176 τοῦ.
365 1137 536 1188 Βοήθημα
563 1137 631 1191 γὰρ
664 1139 865 1186 τηλικοῦτον
889 1137 1047 1183 ἅπαντας
1076 1140 1210 1190 ἀγνοεῖν
1230 1137 1306 1183 τοὺς

263 1194 420 1247 τεχνίτας
440 1195 500 1234 καὶ
530 1194 580 1248 μὴ
617 1197 812 1248 ἐπιζητεῖν,
840 1197 903 1235 οὒκ
925 1196 1081 1249 εὔλογον.
1110 1194 1227 1236 ’Ὠστε
1246 1213 1304 1236 και

252 1254 322 1292 ’διὰ
339 1257 443 1292 τοῦτο
463 1253 616 1304 ματαίαν
645 1254 722 1295 τινὰ
739 1255 802 1302 τὴν
823 1255 917 1294 ἰδέαν
947 1249 1046 1294 εἶναι.
1071 1253 1221 1307 Ἄπορον
1246 1254 1305 1293 καὶ

262 1311 297 1349 τί
324 1311 589 1365 ὠφεληθήσεται
612 1313 761 1366 ὑφάντης
783 1312 805 1360 ἢ
834 1314 971 1364 τέκτων4
992 1313 1076 1367 πρὸς
1103 1313 1167 1360 τὴν
1200 1315 1304 1352 αὐτοῦ

263 1368 390 1422 τέχνην
405 1399 415 1418 ,
438 1371 468 1408 εἰ
494 1370 658 1422 γινώσκει
689 1372 773 1411 αὐτὸ
803 1371 842 1411 τὸ
863 1372 991 1424 ἀγαθὸν
1022 1372 1061 1410 τὸ
1091 1372 1262 1422 καθόλου,
1282 1370 1303 1419 ἢ

263 1431 379 1489 ἰατρὸς
395 1434 468 1476 πῶς
489 1432 731 1486 ἰατρικώτερος
760 1434 879 1483 ἔσται,
897 1434 920 1482 ἢ
947 1433 1141 1486 στρατηγὸς
1168 1435 1244 1477 πῶς
1263 1432 1304 1471 ἂν

260 1488 395 1539 γένοιτο
416 1490 755 1544 στρατηγικώτερος,
777 1492 870 1538 ὁτὴν
891 1490 986 1530 ἰδέαν
1006 1491 1113 1539 αὐτὴν
1134 1496 1194 1530 τοῦ
1213 1495 1302 1543 ἀγα-

261 1550 319 1585 θοῦ
342 1549 554 1599 τεθεαμένος·
575 1551 612 1587 οὖ
633 1548 701 1602 γὰρ
724 1550 763 1589 τὸ
786 1549 934 1588 καθόλου
955 1552 972 1587 ὃ
988 1549 1147 1602 τεχνίτης
1169 1555 1302 1588 σκοπεῖ·

260 1606 379 1659 ὥσπερ
404 1609 421 1645 ὃ
444 1607 571 1659 ἰατρός.
594 1609 645 1646 Οὐ
667 1607 734 1661 γὰρ
760 1607 821 1654 τὴν
851 1607 998 1646 καθόλου
1026 1608 1158 1659 ὑγίειαν
1177 1610 1194 1632 ¹³
1224 1625 1302 1648 σκο-

261 1665 352 1713 πεῖ,
377 1665 468 1703 ἀλλὰ
487 1665 551 1712 τὴν
583 1669 643 1704 τοῦ
668 1666 862 1719 ἀνθρώπου·
893 1669 1025 1717 μᾶλλον
1057 1666 1116 1716 δέ,
1147 1668 1224 1706 οὐδὲ
1245 1672 1304 1706 τοῦ

261 1723 410 1763 καθόλου
431 1724 633 1777 ἀνθρώπου,
666 1725 756 1764 ἀλλὰ
786 1726 849 1772 τὴν
869 1729 929 1764 τοῦ
950 1725 1094 1776 ἀτόμου·
1117 1729 1196 1765 καθ’
1216 1727 1297 1766 ἕκα-

262 1797 341 1820 στον
362 1782 430 1835 γὰρ
454 1783 616 1836 ἰατρεύει.

319 1842 489 1894 (Scripsi
510 1849 526 1866 ³¹
557 1842 850 1896 παρελίμπανον]
883 1844 973 1884 cod.
1009 1843 1297 1897 παραλίμπανον.

267 1928 310 1934 --
331 1901 348 1925 ¹³
369 1901 499 1954 ὑγίειαν
517 1903 530 1954 ]
549 1903 600 1942 al.
623 1902 767 1954 ὑγιείαν.
792 1926 842 1932 --
862 1902 876 1954 )

688 2021 780 2071 Κεφ.
815 2035 848 2057 ια
866 2049 874 2058 .

263 2127 340 2161 “Oti
358 2129 478 2162 τέλειόν
498 2129 586 2162 ἐστιν
605 2130 722 2171 ἀγαθὸν
747 2131 783 2162 τὸ
802 2130 996 2172 ζητούμενον
1018 2134 1056 2172 τῇ
1079 2132 1227 2173 πολιτικῇ
1253 2132 1304 2164 τέ-

611 2178 684 2218 λος,
705 2178 759 2209 καὶ
775 2177 945 2220 αὔταρκες.

315 2277 337 2298 ²*
358 2276 429 2316 Καὶ
442 2276 521 2330 περὶ
536 2276 598 2329 μὲν
613 2277 743 2316 τούτων
757 2278 812 2317 ἐπὶ
823 2280 985 2317 τοσοῦτον
1005 2279 1167 2331 εἰρήσθω.
1189 2280 1302 2319 Πάλιν

263 2334 298 2373 δὲ
318 2335 561 2385 ἐπανέλθωμεν
583 2336 640 2375 ἐπὶ
658 2336 695 2375 τὸ
716 2337 948 2388 ζητούμενονῖ
970 2337 1030 2376 καὶ
1055 2340 1243 2389 σκοπῶμεν
1269 2340 1304 2378 τί

262 2394 342 2430 ποτ’
362 2393 404 2431 ἂν
422 2393 485 2441 εἴη’
515 2395 608 2446 λέγω
630 2395 670 2441 δὴ
700 2395 738 2434 τὸ
756 2394 965 2447 ζητούμενον
991 2399 1035 2448 τῇ
1068 2398 1230 2449 πολιτικῇ
1251 2397 1304 2436 τέ-

261 2454 333 2497 λος.
355 2449 463 2494 Ἔστι
482 2453 544 2505 μὲν
560 2453 634 2507 γὰρ
653 2454 739 2494 ἄλλο
761 2457 794 2493 ἐν
813 2455 903 2507 ἄλλῃ
931 2456 1037 2508 τέχνῃ
1061 2457 1199 2507 ἀγαθόν·
1218 2457 1302 2497 ἄλλο

263 2512 329 2565 γὰρ
351 2515 384 2551 ἓν
415 2515 575 2566 ἰατρικῇ,
609 2514 668 2552 καὶ
689 2514 783 2554 ἄλλο
812 2515 849 2554 ἐν
871 2518 1110 2568 στρατηγικῇ,
1137 2515 1197 2555 καὶ
1225 2522 1302 2561 ταῖς

266 2572 406 2615 λοιπαῖς
430 2572 567 2621 ὁμοίως·
589 2573 721 2626 ἑκάστῃ
745 2573 781 2612 δὲ
802 2573 928 2625 ἀγαθὸν
957 2574 996 2612 τὸ
1015 2574 1110 2618 τέλος
1132 2575 1245 2624 ἐστίν,
1264 2570 1302 2614 οἷ

263 2630 364 2668 ἕνεκα
379 2629 422 2667 τὰ
437 2630 526 2668 ἄλλα
548 2634 651 2671 ποιεῖ.
672 2631 817 2684 “stou-sp
836 2635 870 2671 ἐν
891 2634 1031 2684 ἰατρικῇ
1051 2632 1113 2682 μὲν
1137 2633 1247 2684 ὑγίεια
1265 2634 1302 2673 τὸ

264 2687 413 2738 ἀγαθόν,
439 2688 499 2726 καὶ
520 2690 555 2728 ἓν
577 2693 791 2742 στρατηγικῇ
813 2690 891 2737 νίκη
907 2721 917 2740 ·›
938 2691 998 2728 καὶ
1030 2693 1064 2728 ἐν
1099 2693 1302 2744 οἰκοδομικῇ

266 2747 372 2786 οἰκία.
406 2746 509 2786 Ἐπεὶ
529 2747 640 2786 τοίνυν
658 2751 691 2787 ἐν
715 2749 812 2801 πάσῃ
833 2748 956 2802 πράξει
977 2749 1035 2788 καὶ
1056 2749 1160 2803 τέχνῃ
1193 2751 1303 2790 ἐκεῖνό

269 2808 344 2845 ἐστι
364 2805 403 2843 τὸ
426 2807 552 2857 ἀγαθόν
566 2839 575 2855 ,
597 2802 633 2846 οἷ
664 2808 765 2847 ἕνεκα
787 2808 831 2848 τὰ
860 2810 951 2847 ἄλλα
973 2809 1133 2860 γίνεται,
1154 2810 1192 2847 τὸ
1207 2810 1303 2855 τέλος

265 2864 435 2911 δηλονότι·
447 2865 505 2903 καὶ
519 2866 666 2905 καθόλου
683 2867 712 2904 εἰ
724 2867 915 2920 εὑρήσομεν
929 2867 967 2906 τὸ
983 2867 1079 2911 τέλος
1093 2870 1214 2908 πασῶν
1233 2872 1301 2908 τῶν

264 2921 442 2973 πράξεων,
459 2917 498 2961 οἷ
517 2922 616 2962 ἕνεκα
634 2925 750 2969 πάσας
765 2929 942 2978 ποιοῦμεν,
957 2930 1061 2965 τοῦτο
1079 2927 1118 2965 ἂν
1140 2927 1193 2975 εἴη
1208 2928 1247 2966 τὸ
1268 2929 1302 2966 ἐν

264 2980 394 3024 πάσαις
412 2982 487 3025 ταῖς
515 2983 677 3033 πράξεσιν
700 2984 840 3036 ἀγαθόν·
861 2986 921 3024 καὶ
952 2986 1113 3038 καθάπερ
1144 2987 1299 3040 ἰατρικὸν

267 3039 396 3091 ἀγαθὸν
415 3039 453 3078 τὸ
473 3041 568 3085 τέλος
582 3042 655 3080 ἐστὶ
675 3045 736 3089 τῇς
760 3045 917 3095 ἰατρικῆς
933 3074 944 3093 ,
970 3044 1030 3083 καὶ
1048 3046 1301 3098 στρατηγικόν,

265 3098 304 3136 τὸ
321 3098 416 3143 τέλος
430 3101 491 3146 τῇς
506 3104 751 3151 στρατηγικῆς·
771 3103 860 3141 οὕτω
877 3103 935 3141 καὶ
950 3103 1142 3156 πρακτικόν
1155 3120 1188 3142 τι
1204 3103 1303 3143 ἔσται

269 3156 396 3208 ἀγαθόν
413 3187 424 3205 ,
446 3157 486 3196 τὸ
507 3158 603 3202 τέλος
625 3162 747 3199 πασῶν
766 3163 834 3198 τῶν
855 3161 1025 3213 πράξεων.
1054 3164 1100 3202 Εἰ
1121 3162 1156 3200 δὲ
1175 3163 1234 3201 καὶ
1252 3162 1301 3214 μὴ

267 3215 302 3255 ἓν
324 3215 416 3255 ἀλλὰ
435 3217 547 3255 πλείω
575 3216 644 3268 εἴη,
666 3221 778 3256 ταῦτα
799 3218 839 3257 ἂν
869 3218 921 3266 εἴη
951 3219 995 3257 τὰ
1014 3219 1155 3272 πρακτὰ
1177 3221 1300 3273 ἀγαθά.

268 3276 382 3314 Τοῦτο
405 3275 441 3314 δὲ
461 3275 497 3314 τί
529 3277 623 3324 ἐστι,
654 3277 834 3330 πειρατέον
865 3276 915 3316 ἔτι
944 3279 1172 3331 διασαφῆσαι·
1203 3279 1302 3318 οὔπω

266 3332 335 3390 γάρ
365 3350 400 3372 τι
429 3334 509 3388 περὶ
528 3337 630 3375 αὐτοῦ
659 3336 763 3390 σαφὲς
793 3336 958 3388 εἴπομεν,
996 3338 1071 3376 ἀλλ’
1107 3339 1157 3377 ἔτι
1179 3341 1302 3387 ζητοῦ-

323 3455 342 3476 ⁴*
363 3457 440 3504 Cap.
466 3460 494 3491 7.
509 3459 609 3495 Πάλιν
623 3459 656 3495 δὲ
676 3460 894 3503 ἐπανέλθωμεν
911 3461 980 3495 κτλ.

1095 228 1376 268 ANDRONICI
1405 228 1580 267 RHODII

1364 322 1422 354 sed
1442 322 1582 354 forsitan
1596 331 1614 354 e
1632 321 1795 354 contrario
1821 322 1926 355 satius
1941 331 2011 356 esse
2028 323 2160 356 duxerit
2184 323 2349 366 quispiam
2362 324 2398 361 a

1364 379 1479 411 utilius
1510 379 1552 411 ad
1573 388 1611 411 ea
1637 379 1722 411 bona
1743 387 1819 421 quae
1843 380 1896 420 agi
1914 388 2054 422 quaeque
2074 381 2234 423 possideri
2258 390 2278 414 a
2302 380 2398 416 nohis

1363 439 1499 479 possunt
1512 439 1585 469 tum
1603 438 1726 479 agenda
1747 439 1820 470 tum
1836 439 2051 479 comparanda
2062 465 2070 478 ,
2085 439 2190 481 ipsam
2202 439 2278 472 boni
2287 439 2398 472 ideam

1364 496 1527 537 cognitam
1557 495 1679 528 habere
1705 505 1713 526 ε
1744 504 1846 537 quam
1879 495 2038 537 tanquam
2076 497 2243 539 exemplar
2266 496 2397 539 intuiti,

1364 563 1517 596 quaenam
1537 563 1578 586 ex
1600 553 1666 586 illis
1683 554 1776 587 bonis
1803 555 1887 588 bona
1909 554 2002 587 nobis
2024 554 2105 594 sint,
2125 557 2159 588 et
2180 555 2399 599 intelligemus

1366 614 1398 646 et
1419 612 1583 645 intellecta
1605 622 1852 655 consequemur.
1897 612 1998 655 Atqui
2027 613 2242 655 probabiliter
2262 613 2400 657 quidem

1365 670 1438 703 haec
1465 670 1630 710 dicuntur¹
1651 671 1709 704 sed
1732 681 1752 704 a
1776 671 1921 704 scientiis
1950 672 2050 714 atque
2075 671 2202 704 artibus
2222 671 2402 716 plurimum

1367 729 1521 763 videntur
1543 730 1738 772 discrepare.
1783 732 1867 764 Nam
1891 730 2025 773 aliquod
2041 730 2165 763 bonum
2176 739 2291 765 omnes
2303 739 2404 775 expe-

1365 793 1457 831 tunt,
1477 793 1510 824 et
1527 791 1563 824 id
1586 792 1676 835 quod
1700 792 1793 825 deest
1819 792 1970 834 supplere
1986 791 2137 824 nituntur
2157 803 2167 825 z
2194 791 2280 824 sicut
2296 790 2404 826 menli-

1366 850 1452 890 cina,
1471 852 1562 894 quod
1578 851 1620 884 ad
1636 851 1809 885 sanitatem
1822 877 1829 890 ,
1846 861 1900 884 ars
1922 850 2122 893 gymnastica
2137 850 2229 893 quod
2243 850 2288 885 ad
2302 850 2404 885 robur

1365 910 1458 943 deest
1479 912 1537 943 aut
1567 911 1609 944 ad
1635 910 1874 943 fortitudinem.
1919 911 1961 942 Et
1986 911 2096 943 tamen
2114 909 2269 952 quamvis
2293 909 2345 943 ita
2368 908 2404 943 in

1365 968 1441 1002 boni
1464 969 1714 1011 investigatione
1741 971 1925 1008 versentur,
1956 968 2168 1002 nihilominus
2198 968 2278 1002 boni
2301 968 2403 1015 hujus

1367 1027 1510 1061 universi
1527 1028 1698 1061 scientiam
1712 1027 1970 1070 praetermittunt
1988 1052 1996 1059 .
2012 1026 2103 1070 quod
2111 1025 2306 1070 neutiquam
2318 1025 2405 1063 face-

1366 1088 1457 1127 rent,
1482 1086 1511 1119 si
1534 1086 1615 1128 ipsis
1646 1086 1732 1119 illud
1756 1086 1902 1120 subsidio
1932 1085 2031 1119 foret.
2075 1084 2240 1119 Nimirum
2262 1094 2331 1123 non
2352 1086 2405 1119 est

1365 1141 1542 1176 verisimile
1555 1144 1614 1175 aut
1627 1144 1894 1180 consentaneum,
1915 1141 2060 1174 artifices
2071 1149 2185 1174 omnes
2198 1141 2332 1174 tantum
2346 1140 2403 1174 ad-

1362 1201 1548 1243 jumentum
1560 1200 1663 1234 fuisse
1679 1201 1887 1243 ignoraturos
1898 1226 1905 1239 ‚
1919 1209 1958 1232 ac
1973 1209 2015 1233 ne
2023 1199 2242 1243 requisituros
2255 1197 2406 1242 quidun.

1364 1262 1416 1292 Ex
1436 1270 1503 1303 quo
1518 1261 1618 1294 etiam
1637 1259 1799 1302 sequitur,
1820 1268 1940 1291 vanam
1962 1267 2033 1292 esse
2049 1258 2135 1292 hanc
2150 1257 2270 1306 ideam.
2316 1256 2405 1292 Illud

1365 1327 1497 1360 quoque
1517 1318 1659 1350 maxime
1678 1316 1819 1350 dubium
1831 1318 1864 1350 et
1881 1325 1974 1359 poene
1991 1316 2219 1359 inexplicabile
2236 1317 2287 1350 est
2298 1342 2307 1356 ‚
2321 1315 2406 1360 quid

1365 1377 1520 1410 utilitatis
1541 1377 1583 1410 ad
1605 1378 1710 1410 artem
1725 1385 1820 1409 suam
1836 1377 1947 1409 textor
1961 1377 2020 1409 aut
2036 1375 2130 1410 faber
2146 1385 2189 1410 ex
2202 1375 2308 1419 ipsius
2325 1375 2402 1409 uni-

1365 1437 1453 1470 versi
1470 1436 1546 1469 boni
1564 1435 1746 1478 cognitione
1762 1436 1999 1469 consecuturus
2014 1436 2079 1477 sit,
2100 1436 2161 1469 aut
2182 1443 2250 1479 quo
2265 1434 2400 1469 tandem

1365 1496 1463 1528 modo
1477 1495 1529 1528 vel
1542 1495 1687 1528 medicus
1705 1495 1747 1528 ad
1764 1494 1964 1529 medendum
1982 1494 2037 1528 vel
2053 1494 2232 1538 imperator
2246 1493 2292 1528 ad
2307 1502 2406 1529 exer-

1365 1555 1468 1588 citum
1500 1554 1687 1587 ducendum
1711 1554 1818 1596 aptior
1843 1554 1886 1587 sit
1916 1553 2073 1593 futurus,
2095 1553 2154 1597 qui
2189 1553 2296 1597 ipsam
2325 1552 2408 1587 honi

1364 1614 1473 1647 ideam
1493 1613 1733 1655 contemplatus
1750 1613 1862 1661 tssuerit.
1881 1613 1920 1646 ld
1940 1612 2095 1647 videlicet
2115 1612 2206 1656 quod
2220 1612 2407 1647 universale

1365 1676 1415 1707 est
1440 1682 1506 1706 non
1523 1674 1649 1715 spectat
1670 1671 1809 1711 artifex,
1831 1674 1870 1705 ut
1887 1681 1947 1705 nec
1967 1671 2126 1706 medicus.
2170 1673 2286 1715 Neque
2312 1673 2401 1706 enim

1366 1733 1553 1766 universam
1569 1732 1741 1764 sanitatem
1767 1733 1912 1773 spectat,
1931 1731 1990 1764 sed
2007 1731 2150 1764 hominis
2176 1743 2185 1764 ι
2205 1730 2308 1764 immo
2320 1738 2403 1766 vero.

1364 1802 1405 1825 ne
1418 1791 1569 1825 universe
1584 1791 1719 1834 quidem
1736 1790 1897 1829 hominis,
1915 1790 1973 1824 sed
1987 1789 2152 1824 individui
2163 1815 2172 1829 ,
2193 1789 2274 1832 quia
2288 1788 2403 1832 singu-

1365 1852 1405 1884 lis
1418 1850 1606 1884 hominibus
1617 1849 1813 1883 medicinam
1832 1849 1976 1885 adhibet.

1804 2031 1881 2072 Gap.
1907 2032 1962 2064 XI.

1364 2142 1537 2172 Perfectum
1556 2150 1618 2172 esse
1637 2144 1667 2171 et
1681 2149 1734 2179 per
1753 2149 1784 2170 se
1805 2140 1958 2170 sufficiens
1977 2139 2073 2170 civilis
2085 2138 2255 2177 prudentia
2272 2139 2402 2174 bonum.

1404 2287 1448 2318 Et
1466 2285 1507 2318 de
1526 2284 1579 2316 his
1598 2283 1734 2326 quidem
1754 2282 1924 2315 hactenus.
1970 2283 2079 2319 Quare
2109 2289 2227 2313 rursus
2252 2279 2296 2313 ad
2313 2279 2405 2322 prio-

1363 2355 1433 2379 rem
1454 2343 1671 2387 quaestionem
1686 2343 1903 2380 revertamur,
1922 2342 1961 2373 ut
1974 2340 2162 2379 videamus,
2179 2339 2256 2382 quis
2273 2338 2316 2372 sit
2330 2339 2405 2372 finis

1364 2406 1439 2443 ille,
1461 2413 1561 2446 quem
1579 2402 1686 2435 civilis
1704 2401 1767 2433 sibi.
1791 2399 1942 2443 proponit
1962 2399 2147 2442 prudentia.
2192 2398 2292 2431 Aliud
2316 2398 2404 2432 enim

1361 2465 1396 2497 in
1414 2464 1478 2496 alia
1494 2463 1565 2495 arte
1583 2461 1705 2494 bonum
1725 2461 1774 2492 est
1790 2472 1797 2491 ε
1811 2451 1982 2501 vsiquidem
1999 2457 2090 2491 aliud
2104 2458 2140 2491 in
2157 2456 2321 2491 medIcina
2337 2459 2400 2495 est.

1363 2521 1454 2556 aliud
1470 2521 1506 2553 in
1534 2521 1607 2552 arte
1624 2517 1834 2560 imperatoria
1858 2519 1891 2550 et
1918 2517 1953 2550 in
1971 2516 2108 2559 reliquis
2128 2515 2244 2549 eodem
2262 2514 2362 2548 modo
2388 2526 2398 2548 ε

1362 2582 1484 2616 bonum
1495 2580 1606 2613 autem
1615 2577 1792 2621 uuicuique
1804 2576 1869 2610 arti
1883 2575 1958 2609 finis
1972 2577 2022 2609 est
2032 2591 2044 2613 .·
2055 2575 2150 2617 cujus
2168 2583 2267 2607 causa
2283 2575 2403 2607 caetera

1363 2639 1440 2678 agit.
1495 2637 1580 2672 Sicut
1596 2638 1631 2671 in
1648 2636 1811 2670 medicina
1829 2635 1955 2668 bonum
1975 2636 2026 2668 est
2045 2633 2169 2668 sanitas
2179 2644 2191 2673 ·,
2211 2633 2246 2667 in
2264 2633 2403 2677 imperu-

1362 2699 1446 2733 toria
1465 2702 1537 2732 arte
1551 2697 1708 2735 victoria,
1729 2696 1764 2729 in
1783 2695 2003 2729 architectura
2021 2693 2150 2727 domus.
2196 2694 2308 2731 Quum
2325 2701 2402 2734 ergo

1362 2761 1396 2793 in
1426 2759 1515 2792 omni
1545 2760 1618 2790 tum
1646 2756 1773 2789 actione
1794 2757 1867 2787 tum
1886 2755 1957 2787 arte
1983 2752 2067 2786 illud
2090 2752 2134 2786 sit
2150 2752 2289 2790 honum,
2309 2751 2402 2794 quus

1363 2828 1461 2852 causa
1492 2819 1611 2850 caetera
1642 2815 1744 2853 fiunt,
1772 2813 1843 2855 ipse
1867 2812 1991 2845 scilicet
2018 2811 2095 2844 finis
2120 2822 2126 2843 :
2150 2811 2184 2843 in
2210 2810 2408 2843 universum

1363 2878 1478 2915 etiam,
1507 2875 1535 2909 si
1558 2874 1705 2908 omnium
1724 2873 1890 2906 actionum
1915 2871 2011 2904 finem
2033 2870 2128 2903 illum
2155 2867 2398 2908 invenerimus,

1363 2937 1456 2979 cujus
1475 2943 1574 2968 causa
1588 2934 1732 2966 actiones
1749 2932 1821 2965 istae
1838 2930 1937 2968 flunt,
1956 2929 2020 2962 hoc
2034 2929 2070 2962 in
2092 2928 2245 2961 omnibus
2262 2927 2402 2961 actioni-

1362 2996 1425 3029 bus
1444 2994 1568 3028 bonum
1598 2992 1661 3025 erit
1688 3004 1695 3024 :
1722 2992 1755 3024 et
1773 2989 2053 3034 quemadmodum
2080 2988 2204 3022 bonum
2233 2985 2400 3020 medicum

1362 3054 1435 3087 finis
1448 3052 1634 3090 medicinae,
1653 3052 1686 3083 et
1703 3049 1950 3092 imperatorIum
1973 3047 2090 3081 itidem
2108 3047 2158 3080 est
2179 3043 2398 3088 imperatoria,

1362 3115 1443 3149 artis
1464 3127 1471 3146 ι
1491 3114 1538 3147 sic
1557 3113 1657 3146 etiam
1675 3110 1822 3144 omnium
1841 3109 2006 3142 actionum
2028 3107 2102 3140 finis
2126 3107 2248 3139 bonum
2265 3103 2400 3147 aliquod

1362 3174 1396 3207 in
1415 3172 1539 3215 agendo
1557 3170 1702 3214 positum
1725 3169 1798 3202 erit.
1842 3167 1924 3200 Atsi
1947 3175 2012 3199 non
2039 3173 2126 3198 unus
2145 3165 2196 3197 est
2222 3162 2313 3202 finis,
2341 3161 2399 3195 sed

1362 3232 1492 3275 plures,
1512 3230 1629 3272 utique
1654 3229 1727 3262 haec
1745 3235 1821 3269 quae
1848 3225 1899 3267 agi
1919 3226 2056 3267 possunt
2075 3216 2172 3257 erunt
2196 3221 2291 3255 bona.
2334 3218 2399 3254 Sed

1361 3290 1469 3324 danda
1487 3289 1581 3322 nobis
1597 3297 1695 3330 opera
1711 3288 1781 3324 est,
1799 3286 1837 3318 ut
1855 3284 1931 3326 quis
1946 3283 2001 3316 ille
2021 3283 2065 3316 sit
2080 3282 2174 3320 finis,
2191 3280 2322 3324 planius
2338 3288 2398 3312 ex-

1361 3351 1520 3393 plicemus
1546 3359 1554 3380 :
1573 3347 1652 3390 quia
1669 3345 1751 3379 nihil
1770 3345 1929 3377 hactenus
1943 3342 1985 3375 de
2002 3351 2040 3375 eo
2056 3341 2216 3384 explicate
2231 3338 2394 3377 diximus,

1281 3405 2393 3426 -..-—------—-—-—-·-—-—-——--—---·-
