2508 3776
268 198 348 237 440

270 284 416 334 ἀνάγκη·
436 282 479 320 τὰ
500 282 564 331 μὲν
580 281 647 333 γὰρ
668 282 878 331 ὑποκείμενα
896 280 956 320 καὶ
975 283 997 328 ἡ
1013 281 1079 330 ὕλη
1099 285 1161 329 τῆς
1180 282 1304 335 τέχνης

268 344 329 381 οὐκ
357 342 410 380 ἀεὶ
445 341 592 392 πάρεστι
613 342 661 393 τῷ
681 340 836 393 τεχνίτῃ·
861 339 906 379 τὰ
937 341 974 380 δὲ
1009 344 1071 389 τῆς
1111 341 1306 396 φρονήσεως

269 400 480 450 ὑποκείμενα
502 398 666 437 οὐδέποτε
690 398 749 437 τὸν
771 398 936 451 φρόνιμον
958 399 1143 438 ἐπιλείπει·
1168 400 1212 438 τὰ
1233 400 1301 454 γὰρ

266 463 327 506 τ’ῆς
345 461 459 511 ψυχῆς
474 458 587 506 πάθη,
602 457 660 496 καὶ
677 456 888 510 ἀνθρώπιναι
911 458 1071 511 πράξεις,
1091 459 1150 497 καὶ
1171 461 1207 498 αἱ
1223 460 1306 513 πρὸς

266 518 438 563 ἀλλήλους
458 518 526 554 τῶν
554 515 744 568 ἀνθρώπων
764 516 958 564 κοινωνίαι,
979 517 1039 555 καὶ
1059 516 1170 555 τᾶλλα
1184 547 1195 566 ,
1226 518 1306 569 περὶ

266 575 288 613 ἃ
311 581 407 613 πᾶσα
429 573 534 626 ἀρετή
556 576 647 623 ἐστι,
669 575 728 613 καὶ
747 575 932 627 φρόνησις,
963 579 1076 614 ταῦτα
1105 576 1220 614 τοίνυν
1241 576 1306 621 ἔξω

265 637 324 672 τοῦ
345 632 560 685 ἀνθρωπίνου
582 633 657 686 βίου
679 633 838 685 γενέσθαι
852 633 1035 672 ἀδύνατον·
1059 633 1116 672 διὰ
1136 640 1236 674 τοῦτο
1250 635 1307 673 καὶ

264 693 353 739 λήθη
377 695 438 738 τῆς
469 694 530 743 μὲν
552 692 676 745 τέχνης
695 692 790 739 ἐστί,
821 692 1021 746 φρονήσεως
1051 693 1086 732 δὲ
1114 694 1178 732 οὐκ
1197 693 1302 733 ἔστιν.

266 751 355 804 Περὶ
383 751 444 801 μὲν
469 747 527 792 οῧν
549 752 744 806 φρονήσεως
765 752 914 806 εἴρηται.

320 811 494 863 (Scripsi
517 826 526 849 ι
545 818 562 834 ⁸
581 811 802 863 θεωρήσομεν
817 842 827 860 ,
849 812 964 863 τίνας]
989 813 1106 863 vulgo
1128 812 1306 865 θεωρήσο-

265 870 328 919 μέν
348 885 456 914 τινας.
475 892 528 899 -
541 874 556 898 b
588 869 674 908 ἄλλο
693 871 750 921 τι]
784 872 904 921 vulgo
933 871 1019 910 ἄλλό
1046 887 1091 911 τι.
1125 894 1178 901 —
1191 876 1205 893 ⁰
1225 871 1306 911 ὅταν

262 930 337 980 τις]
357 930 475 979 vulgo
496 928 577 968 ὅτάν
599 944 665 973 τις.
681 929 763 959 —d
787 929 1017 983 διαφθαρείς]
1041 931 1128 969 cod.
1152 931 1308 983 διαφθα-

265 992 347 1039 ρεῖς.
365 1007 419 1016 -
435 994 448 1011 e
475 988 629 1039 οἴηται.]
665 988 751 1027 cod.
787 988 910 1029 οἴεται.
946 996 1023 1020 —J
1045 988 1193 1042 νομίζῃ]
1216 990 1304 1030 cod.

264 1045 408 1097 νομίζει.
432 1068 485 1076 —
503 1057 519 1082 ε
535 1046 669 1100 τάττῃ]
694 1047 778 1086 cod.
801 1051 935 1088 τάττει.
957 1070 1009 1078 -
1025 1054 1041 1077 ¹¹
1062 1047 1197 1102 ὅέστι]
1222 1050 1305 1089 cod.

264 1104 284 1142 ὅ
303 1108 408 1144 ἐστιν.
426 1109 500 1136 —i
523 1107 598 1145 καθ’
623 1105 729 1158 ὅσον]
749 1107 836 1147 cod.
864 1107 1027 1148 καθόσον.
1053 1129 1104 1138 -
1118 1108 1138 1131 1‘
1157 1111 1219 1147 τοῦ
1243 1107 1304 1162 τε]

266 1163 351 1203 cod.
369 1167 481 1203 τοῦτε.

692 1286 783 1335 Κεφ.
814 1283 856 1329 ζ’.

674 1396 753 1439 Περὶ
766 1399 824 1428 τοῦ
843 1399 912 1428 νοῦ.

317 1500 335 1520 *
349 1499 495 1548 Ῥητέον
517 1499 553 1538 δὲ
573 1499 641 1546 ἤδη
658 1498 740 1551 περὶ
758 1502 818 1538 τοῦ
832 1501 891 1538 νοῦ
905 1528 915 1548 ,
940 1499 1020 1551 περὶ
1048 1498 1124 1538 τίνα
1146 1499 1219 1538 ἐστὶ
1240 1502 1308 1538 τῶν

263 1574 441 1611 γνωστων.

315 1616 417 1656 Ἐπεὶ
436 1617 547 1655 τοίνυν
566 1619 588 1663 ἡ
616 1616 792 1667 ἐπιστήμη
819 1616 944 1668 γνῶσίς
968 1618 1040 1656 ἐστι
1068 1618 1138 1655 τῶν
1160 1618 1308 1657 καθόλου

264 1676 325 1715 καὶ
360 1679 427 1715 τῶν
450 1675 484 1720 ἐξ
508 1676 660 1726 ἀνάγκης
681 1674 810 1723 ὄντων,
835 1674 924 1725 μετὰ
956 1675 1059 1727 λόγου
1082 1675 1142 1714 καὶ
1163 1676 1303 1714 ἀποδεί-

263 1734 366 1782 ξεως,
395 1737 417 1780 ἡ
444 1734 480 1772 δὲ
501 1732 672 1778 ἀπόδειξις
697 1732 807 1786 ἀρχὰς
827 1734 899 1785 ἔχει
912 1765 921 1782 ,
952 1733 991 1778 ἃς
1014 1736 1068 1772 δεῖ
1091 1739 1306 1787 προϋποκεῖ-

264 1797 343 1832 σθαι
355 1797 416 1840 τῆς
433 1791 639 1838 ἀποδείξεως
650 1794 699 1844 τῷ
717 1793 940 1843 ἐπιστήμονι,
959 1793 1124 1840 ζητητέον
1135 1793 1224 1838 τίνος
1239 1797 1308 1833 τῶν

264 1851 563 1904 ἀπηριθμημένων
593 1851 754 1903 γνώσεών
775 1853 849 1890 ἐστι
882 1852 920 1890 τὸ
939 1851 1068 1897 ταύτας
1096 1853 1222 1893 εἰδέναι
1248 1852 1309 1899 τὰς

266 1913 378 1965 ἀρχάς
390 1942 400 1960 ,
421 1912 636 1962 ἐπιστήμης,
653 1910 675 1958 ἢ
696 1911 844 1964 τέχνης,
860 1911 882 1958 ἢ
898 1912 1116 1965 φρονήσεως,
1133 1913 1156 1961 ἢ
1175 1913 1307 1966 σοφίας,

265 1971 287 2019 ἢ
309 1976 378 2011 νοῦ.
408 1971 633 2022 Ἐπιστήμης
665 1970 727 2023 μὲν
760 1968 817 2011 οὖν
839 1973 877 2010 οὐ
901 1972 1044 2011 δυνατὸν
1068 1967 1171 2012 εἶναι·
1199 1976 1220 2020 ἡ
1241 1972 1308 2024 γὰρ

266 2029 444 2080 ἐπιστήμη
466 2030 705 2077 ἀποδεικτική·
736 2032 773 2068 αἱ
802 2031 836 2068 δὲ
866 2030 973 2083 ἀρχαὶ
1001 2031 1063 2070 οὐκ
1088 2030 1304 2070 ἀποδεικταί·

265 2089 343 2127 ἀλλ’
359 2088 436 2127 οὐδὲ
451 2088 648 2141 φρονήσεως
662 2119 671 2136 ,
694 2087 771 2126 οὐδὲ
791 2087 930 2140 τέχνης·
954 2089 990 2126 αἱ
1005 2089 1068 2140 μὲν
1086 2089 1154 2140 γὰρ
1168 2088 1248 2140 περὶ
1265 2088 1308 2128 τὰ

265 2147 495 2200 ἐνδεχόμενα,
516 2149 551 2186 αἱ
571 2147 607 2186 δὲ
629 2146 739 2200 ἀρχαὶ
763 2149 802 2185 οὐ
822 2151 996 2186 τοιαῦται·
1015 2147 1065 2187 ἔτι
1093 2148 1129 2186 δὲ
1149 2147 1225 2188 οὐδὲ
1247 2151 1309 2196 τ’ἧς

265 2208 385 2262 σοφίας
405 2208 478 2247 ἐστὶ
497 2208 534 2245 τὸ
556 2207 618 2252 τὰς
639 2207 751 2259 ἀρχὰς
782 2206 919 2245 εἷδέναν
949 2207 1009 2245 καὶ
1028 2207 1097 2261 γὰρ
1116 2207 1175 2247 καὶ
1203 2208 1308 2260 σοφία

266 2267 364 2318 ἔστί,
385 2266 424 2305 τὸ
454 2265 643 2305 ἀποδεικτά
673 2281 752 2304 τινα
785 2265 927 2305 εἰδέναι·
963 2267 999 2304 αἳ
1020 2265 1056 2305 δὲ
1090 2266 1202 2319 ἀρχαὶ
1223 2267 1308 2319 ἄμε-

266 2341 331 2364 σοι.

317 2383 357 2406 **
379 2383 547 2423 Λείπεται
566 2383 608 2430 δὴ
628 2385 687 2421 τοῦ
708 2387 788 2422 νοῧέι
809 2376 896 2421 εἶναι
915 2385 1042 2434 γνῶσιν
1075 2385 1143 2422 τῶν
1165 2386 1306 2438 ἀρχῶν,

265 2443 324 2482 καὶ
343 2443 443 2481 τοῦτό
476 2445 550 2481 ἐστι
569 2446 670 2490 νοῦς,
703 2436 732 2495 ᾧ
761 2441 822 2486 τὰς
854 2442 964 2495 ἀρχὰς
998 2443 1215 2495 γινώσκομεν
1247 2448 1308 2492 τῆς

266 2502 475 2552 ἐπιστήμης.

322 2561 486 2612 (Scripsi
501 2567 517 2584 ²
535 2564 595 2600 τοῦ
613 2564 685 2601 νοῦ.
705 2560 719 2612 ]
744 2561 834 2602 cod.
856 2560 914 2599 τὸν
934 2564 1029 2602 νοῦν.
1051 2562 1132 2613 -)

698 2680 789 2731 Κεφ.
821 2678 873 2725 η’.

678 2786 757 2829 Περὶ
775 2786 899 2828 σοφίας.

321 2894 381 2918 ***
395 2894 443 2933 ‘H
459 2893 494 2932 δὲ
504 2893 606 2947 σοφία
619 2894 723 2945 διχῶς
732 2892 884 2944 λέγεται·
905 2892 980 2931 ἔστι
988 2891 1088 2944 γὰρὴ
1106 2890 1170 2942 μὲν
1184 2889 1310 2944 μερικὴ

269 2953 395 3006 σοφία,
413 2956 434 2999 ἡ
454 2953 489 2991 δὲ
511 2954 674 2991 καθόλου·
699 2952 758 2991 καὶ
781 2950 904 3004 μερικὴ
925 2951 989 3001 μέν
1006 2954 1099 2991 ἔστιν
1122 2953 1146 2998 ἡ
1161 2951 1310 2998 ἑκάστης

267 3013 392 3064 τέχνης
424 3011 530 3063 ἀρετὴ
563 3014 639 3050 καθ’
660 3012 703 3058 ἢν
724 3014 842 3050 τοῦτον
867 3010 888 3056 ἢ
915 3013 1042 3049 ἐκεῖνον
1063 3009 1122 3049 τὸν
1144 3008 1309 3062 τεχνίτην

271 3073 372 3124 σοφὸν
389 3070 538 3121 λέγομεν
559 3070 649 3108 κατὰ
669 3069 736 3116 τὴν
755 3071 858 3107 αὐτοῦ
877 3070 1015 3122 τέχνην·
1040 3065 1124 3117 οἷον,
1145 3070 1203 3108 τὸν
1224 3071 1311 3109 Φει-

271 3131 346 3170 δίαν
374 3128 552 3181 λιθουργὸν
582 3129 685 3181 σοφὸν
712 3127 878 3177 λέγομεν,
897 3128 950 3166 ὅτι
981 3127 1120 3181 ἄριστός
1154 3129 1228 3167 ἔστι
1248 3130 1310 3174 τὴν

271 3189 513 3240 λιθουργικήν,
534 3187 594 3226 καὶ
612 3186 846 3226 Πολύκλειτον
866 3186 970 3239 σοφὸν
991 3186 1288 3240 ἀνδριαντοποιόν.

324 3246 407 3271 ****
421 3245 580 3286 Καθόλου
593 3245 628 3284 δὲ
638 3245 741 3298 σοφία
753 3244 838 3292 ἐστί,
851 3245 928 3283 καθ’
942 3245 984 3292 ἣν
1001 3246 1039 3284 οὖ
1050 3246 1141 3284 κατά
1157 3262 1190 3284 τι
1207 3245 1308 3296 λέγο-

1097 194 1378 235 ANDRONICI
1406 195 1582 235 RHODII

1368 290 1537 321 actuosam
1559 298 1630 323 esse
1645 289 1778 323 omnino
1803 297 1936 322 necesse
1954 291 2027 323 est:
2046 299 2154 334 neque
2173 291 2261 324 enim
2280 298 2408 335 sempor

1368 354 1421 378 res
1445 346 1563 380 artifici
1591 347 1747 390 subJ'ectae
1776 349 1811 380 et
1835 347 1916 380 artis
1938 349 2076 382 materia
2104 349 2134 383 ei
2153 341 2275 393 praesto
2293 351 2371 384 sunt
2396 361 2405 382 ε

1369 404 1554 446 prudentiae
1585 416 1664 440 vero
1679 402 1829 440 ‘materia
1854 415 2024 449 nunquam
2047 407 2156 442 delicit
2175 409 2373 452 prudentem
2397 420 2406 442 ε

1369 464 1492 507 quippe
1509 466 1610 499 animi
1625 465 1766 500 affectus
1782 468 1816 499 et
1833 466 1987 499 humanae
2003 468 2148 501 actiones
2167 470 2200 502 et
2215 471 2332 502 mutua
2346 468 2408 503 ho·

1370 524 1496 557 minum
1524 525 1611 559 inter
1629 535 1663 559 se
1690 526 1854 559 consortia
1878 528 1912 559 et
1933 526 2079 569 reliqua,
2109 526 2145 560 in
2162 527 2286 571 quibus
2301 527 2411 562 vinus

1370 586 1522 618 versatur
1549 588 1582 619 et
1601 586 1792 629 prudentia,
1815 587 1887 619 haec
1906 586 2007 628 igitur
2026 595 2044 619 e
2071 585 2142 619 vita
2170 586 2315 623 humans
2336 588 2412 621 10111

1371 652 1435 675 11011
1446 646 1583 685 possunt
1604 658 1612 678 :
1627 645 1766 688 ideoque
1782 645 1862 678 artis
1875 645 2009 687 quidem
2025 644 2209 684 interdum,
2227 645 2318 680 1111110
2328 651 2412 680 vero

1371 701 1554 742 prudentiae
1573 713 1718 745 unquam
1735 703 1857 737 oblivio
1884 705 1945 736 est.
1969 704 2013 736 Et
2031 703 2104 736 haec
2117 702 2253 746 quidem
2275 694 2413 746 duffi-

1373 758 1484 793 dentia
1499 761 1646 803 exposita
1664 763 1750 794 sunt.
2385 767 2389 771 '

1807 1304 1886 1346 Gap.
1909 1304 1981 1336 VII.

1796 1413 1840 1441 De
1858 1413 1971 1441 mente.

1411 1522 1486 1554 Jam
1504 1527 1584 1552 vero
1606 1515 1841 1550 declarandum
1868 1516 1935 1553 est,
1966 1514 2053 1548 circa
2078 1523 2163 1558 quas
2183 1524 2238 1549 res
2262 1524 2345 1559 qum·
2359 1524 2417 1549 ω-

1370 1575 1480 1618 gnosci
1515 1573 1671 1615 possunt,
1704 1579 1798 1603 mens
1829 1570 1991 1602 versetur.
2030 1571 2142 1607 Quum
2170 1579 2248 1612 ergo
2282 1569 2417 1604 scientia

1372 1628 1608 1665 universalium
1634 1635 1816 1669 eorumque
1839 1634 1916 1668 quae
1938 1626 2122 1658 necessario
2146 1628 2243 1667 sunt,
2260 1635 2343 1659 cum
2360 1636 2416 1660 ra-

1371 1688 1457 1721 tione
1476 1695 1514 1718 ac
1539 1682 1817 1717 demonstratione
1847 1681 2020 1723 conjuncta
2047 1681 2165 1714 notitia
2187 1681 2252 1722 sit,
2275 1681 2415 1716 demon-

1370 1742 1487 1776 stratio
1510 1742 1621 1773 autem
1648 1737 1807 1781 principia
1827 1737 1949 1770 habeat
1961 1762 1969 1778 ‚
1993 1746 2070 1779 quaa
2087 1736 2284 1779 intelligenti
2301 1737 2417 1771 existi-

1369 1798 1488 1833 matori
1523 1799 1599 1830 ante
1639 1793 1953 1828 demonstrationem
1996 1793 2208 1836 suppeditare
2238 1795 2367 1836 oportet
2404 1808 2412 1828 ε

1370 1853 1586 1898 quaerendum
1604 1853 1654 1885 est
1670 1877 1677 1889 ,
1694 1850 1790 1892 cujus
1810 1858 1852 1882 ex
1868 1848 2021 1882 omnibus
2043 1857 2128 1891 quas
2151 1848 2417 1882 enumeravimus

1371 1915 1496 1948 notitiis
1524 1914 1583 1951 sit,
1602 1912 1675 1945 haec
1687 1918 1782 1943 nosse
1796 1906 1956 1950 principia
1966 1931 1975 1946 ‚
1991 1905 2076 1939 sitne
2088 1904 2232 1938 scientim
2243 1930 2251 1946 ,
2265 1913 2308 1938 an
2321 1905 2413 1941 artis.

1371 1980 1412 2003 an
1431 1968 1615 2013 prudentiae
1627 1994 1635 2008 ,
1655 1977 1697 2000 an
1722 1964 1852 1998 mentis.
1881 1964 1927 1996 Ac
1953 1962 2098 2004 primum
2117 1960 2252 2004 quidem
2271 1959 2416 1994 scientias

1371 2035 1441 2059 esse
1460 2035 1524 2060 non
1547 2025 1656 2067 potest
1675 2034 1682 2055 :
1705 2022 1784 2064 quia
1799 2019 1935 2053 scientia
1953 2016 2201 2051 demonstrandi
2215 2015 2284 2050 vim
2302 2012 2413 2056 habet,

1371 2083 1530 2126 principia
1553 2083 1666 2114 autem
1690 2076 1910 2112 demonstrari
1939 2075 2108 2118 nequth
2130 2085 2140 2106 ι
2169 2072 2229 2106 sed
2255 2081 2315 2105 1100
2334 2079 2417 2114 pru-

1371 2139 1491 2172 dentiae
1525 2139 1583 2170 aut
1605 2135 1688 2168 artis
1706 2135 1757 2167 est
1787 2145 1795 2164 :
1819 2129 1982 2174 siquidem
2005 2129 2073 2162 illae
2098 2128 2134 2162 in
2154 2125 2417 2169 contingentibus

1372 2196 1561 2232 cernuntur,
1589 2201 1694 2235 quum
1722 2188 1883 2232 principia
1910 2194 2122 2229 nequaquam
2140 2184 2220 2217 talia
2238 2183 2305 2217 sint
2327 2194 2336 2215 ε
2356 2178 2417 2213 sod

1372 2261 1432 2286 nec
1457 2250 1627 2293 sapientiae
1654 2250 1725 2287 est,
1745 2244 1906 2288 principia
1925 2251 2048 2275 nosse:
2074 2240 2196 2274 etenim
2215 2239 2318 2282 hujus
2342 2239 2413 2278 est,

1373 2315 1426 2339 res
1443 2303 1624 2347 quasdam,
1645 2309 1722 2343 quae
1740 2295 1959 2332 demonstrari
1974 2295 2128 2338 possunt,
2149 2293 2232 2326 solre
2250 2305 2258 2325 :
2274 2291 2428 2334 etv-prin-

1372 2359 1456 2402 cipia
1473 2367 1531 2401 per
1549 2365 1584 2390 se
1604 2355 1803 2397 spectantur.

1412 2415 1621 2458 Relinquitur
1640 2413 1749 2455 igitur,
1768 2412 1807 2443 ut
1826 2408 1947 2443 mentis
1967 2407 2010 2441 sit
2029 2414 2126 2440 nosse
2147 2403 2308 2448 principia
2320 2429 2328 2443 ‚
2345 2404 2416 2437 est-

1371 2486 1437 2520 que
1467 2484 1560 2509 mens
1578 2483 1617 2507 ea
1636 2472 1702 2511 vis,
1730 2480 1798 2514 qua
1819 2467 1964 2503 scientiae
1991 2465 2151 2510 principia
2177 2461 2413 2506 cognoscimus.

1796 2679 1875 2722 Gap.
1902 2677 1992 2711 vm.

1779 2799 1825 2829 De
1847 2796 2003 2835 sapientia.

1415 2892 1590 2937 Sapientiae
1621 2891 1733 2924 autem
1764 2897 1882 2921 nomen
1913 2885 2104 2927 ambiguum
2135 2883 2205 2923 est3
2234 2881 2299 2915 alia
2329 2881 2416 2915 enim

1373 2943 1601 2990 particularis,
1625 2940 1689 2974 alia
1707 2937 1904 2973 universalis
1920 2934 2079 2977 sapientia
2094 2932 2237 2966 habetur
2254 2942 2262 2964 :
2282 2933 2316 2965 et
2335 2939 2415 2974 par-

1373 2994 1522 3028 ticularis
1552 2992 1688 3035 quidem
1722 2988 1925 3030 singularum
1955 2985 2078 3018 artium
2115 2983 2224 3015 virtus
2249 2983 2318 3020 est,
2349 2990 2416 3024 qua

2460 171 2466 194 ,⁴
2478 174 2493 197 ᾖ

2406 228 2411 231 -
2457 201 2491 241 *ft

2484 263 2497 303 ἑ)

1372 3047 1462 3080 hunc
1487 3046 1545 3078 aut
1574 3043 1668 3075 illum
1698 3040 1855 3073 artificem
1882 3036 1964 3069 artis
1991 3042 2060 3068 suae
2081 3033 2226 3075 peritum
2246 3031 2388 3065 dicimus
2404 3043 2415 3064 ι
2473 3057 2475 3059 .

1375 3096 1466 3129 verbi
1498 3095 1621 3136 gratia,
1657 3091 1810 3125 Phidiam
1838 3089 2018 3130 sapientem
2041 3082 2188 3127 lapidum
2218 3083 2416 3125 sculptorem

1374 3145 1594 3187 appellamus,
1616 3143 1695 3186 quia
1710 3139 1930 3184 peritissimus
1949 3136 2098 3179 lapidum
2115 3134 2294 3176 sculpturae
2305 3134 2367 3174 est,
2381 3132 2416 3166 et

1372 3197 1578 3238 Polycletum
1595 3195 1775 3237 sapientem
1790 3193 1975 3224 statuarum
1990 3187 2148 3219 fictorem.

1413 3246 1616 3280 Universalis
1634 3252 1714 3278 vero
1732 3240 1891 3284 sapientia
1915 3240 1984 3278 est,
2004 3236 2100 3279 cujus
2125 3235 2278 3277 respectu
2298 3239 2364 3266 non
2379 3232 2415 3265 in

277 3301 2408 3337 Μ

314 3367 331 3385 *
354 3367 430 3409 Cap.
448 3369 479 3399 6.
499 3365 594 3399 Ἔπεὶ
613 3367 640 3398 δ’
656 3368 676 3404 ἡ
692 3366 855 3406 ἐπιστήμη
873 3366 942 3397 κτλ.
968 3382 1004 3387 -
1027 3364 1064 3384 *⁴¹
1081 3365 1121 3397 Εἰ
1139 3364 1177 3402 δὴ
1194 3364 1241 3401 οἷς
1261 3362 1471 3404 ἀληθεύομεν,
1488 3361 1558 3393 κτλ.
1573 3376 1614 3384 -
1636 3358 1692 3378 *⁷¹*
1713 3357 1792 3398 Gap.
1818 3357 1848 3388 7·
1866 3355 1932 3393 Τὴν
1947 3352 1982 3385 δὲ
2002 3350 2118 3394 σοφίαν
2146 3350 2179 3382 ἐν
2197 3351 2268 3386 ταῖς
2285 3345 2413 3390 τέχναις

272 3416 342 3449 κτλ,
360 3432 402 3439 -
414 3415 487 3435 ****
501 3415 596 3447 Εἶναι
615 3413 650 3446 δέ
668 3424 757 3451 τινας
774 3412 892 3455 σοφοὺς
910 3412 980 3445 κτλ.
1016 3425 1038 3435 v·
1054 3427 1066 3431 ·>
