2508 3776
923 157 992 196 DE
1022 158 1347 200 AFFECTIBUS
1378 162 1547 203 LIBER.

196 243 304 287 Ἰδιον
325 244 361 284 δὲ
380 246 603 294 δικαιοσύνης
625 245 698 286 ἐστὶ
712 245 752 286 τὸ
771 247 887 286 ἐκεῖνα
903 246 1021 297 νέμειν
1044 248 1196 304 ἑκάστῳ,

142 300 192 346 ὧν
212 306 255 347 ἄν
273 321 326 350 τις
339 304 404 351 τὰς
433 305 546 359 ἀρχὰς
571 306 632 346 καὶ
664 306 727 352 τὰς
754 308 867 352 αἰτίας
897 308 1195 361 προκαταὸάλλη-

141 381 212 406 ται.
238 366 365 406 Οἷκεία
393 365 429 405 δὲ
456 367 546 420 αὐτῇ
572 366 822 419 ἐλευθεριότης,
843 367 1064 421 χρηστότης,
1095 370 1197 408 δικα-

142 425 260 474 στική,
281 424 546 477 εὐγνωμοσύνη,
567 424 739 474 εὗσέὸεια,
761 426 968 479 εὐχαριστία
980 428 1009 477 ¹³,
1033 426 1193 479 ὁσιότης,

141 483 398 531 ιῦσυναλλαξία
412 515 423 535 ,
444 483 669 535 νομοθετική.

195 543 360 597 (Scripsi
379 559 388 583 ι
410 550 426 567 “
439 543 568 598 οἰκεία]
591 543 705 589 codd..
725 546 850 585 οἰκεῖα.
866 566 920 575 -
937 548 953 572 ¹²
966 544 1192 599 εὐχαριστία]

142 604 258 646 codd.
280 603 542 658 χαριστία.-)
560 625 564 632 v

192 661 459 716 Ἐλευθεριότης
481 662 545 714 μὲν
575 655 634 701 οὖν
670 663 763 701 ἐστιν
796 661 863 705 ἕξις
890 662 925 699 ἐν
952 660 1098 714 προέσει
1134 662 1194 701 καὶ

138 722 246 776 λήψει
278 722 570 776 ὁμολογουμένως
598 720 921 775 ἀναστρεφομένους
950 721 1192 774 παρεχομένη.

184 781 394 835 Χρηστότης
407 781 446 822 δὲ
463 781 531 828 ἕξις
554 780 720 825 ἑκουσίως
740 778 962 827 εὐποιητική.

192 840 390 890 Δικαστικὴ
412 839 450 879 δὲ
470 839 650 891 ἐπιστήμη
669 837 819 892 κρίσεων
837 837 898 876 καὶ
918 836 1098 876 κολάσεων
1133 839 1194 878 καὶ

138 900 383 952 ἀδικημάτων.

191 958 456 1013 Εὖγνωμοσύνη
473 960 510 999 δὲ
533 959 688 1005 ἑκούσιος
709 959 925 1008 δικαιοσύνη.

189 1019 365 1060 Εὐσέὸεια
385 1018 421 1059 δὲ
442 1019 622 1072 ἐπιστήμη
644 1023 724 1059 θεοῦ
745 1019 947 1074 θεραπείας.

190 1079 413 1134 Εὖχαριστία
431 1079 468 1119 δὲ
490 1079 671 1132 ἔπιστήμη
699 1083 761 1119 τοῦ
791 1081 862 1119 τίσι
895 1080 956 1120 καὶ
981 1078 1065 1119 πότε
1085 1095 1194 1134 παρε-

90 1166 95 1170 -
135 1136 236 1178 κτέον
250 1138 369 1192 χάριν,
384 1137 445 1178 καὶ
461 1140 559 1187 πῶς,
581 1139 643 1178 καὶ
663 1139 762 1192 παρὰ
783 1139 885 1178 τίνων
901 1138 1070 1187 ληπτέον.

190 1196 357 1247 Ὀσιότης
387 1197 424 1237 δὲ
453 1195 634 1250 ἐπιστήμη
675 1199 903 1252 παρεχομένη
953 1199 1098 1243 πιστοὺς
1129 1198 1191 1238 καὶ

135 1259 326 1312 τηροῦντας
343 1257 390 1298 τὰ
411 1257 498 1312 πρὸς
515 1257 556 1298 τὸ
576 1260 665 1299 θεῖον
689 1260 808 1298 δίκαιοι
821 1275 830 1284 ·
850 1260 872 1307 ἢ
902 1261 986 1314 ὀρθὴ
1009 1259 1189 1311 ἐπιστήμη

133 1316 214 1371 περὶ
236 1320 316 1364 θεοῦ
333 1321 456 1370 τιμῆς·
476 1321 499 1367 ἡ
519 1317 608 1367 αὐτὴ
629 1318 739 1359 δὲκαὶ
758 1322 958 1372 δικαιοσύνη
979 1324 1133 1377 λέγεται.

187 1377 456 1424 Εὖσυναλλαξία
477 1376 514 1417 δὲ
547 1378 613 1424 ἕξις
640 1381 676 1419 ἐν
709 1382 946 1436 συναλλαγαῖς
968 1383 1190 1438 φυλάττουσα

135 1434 176 1476 τὸ
193 1435 343 1478 δίκαιον.

191 1496 414 1550 Νομοθετικὴ
440 1497 483 1549 ,δὲ
517 1497 699 1550 ἐπιστήμη
726 1500 977 1553 διαταγμάτων
1000 1503 1191 1542 πολιτικῶν

134 1556 222 1613 πρὸς
240 1557 428 1598 κοινωνίαν
451 1557 741 1612 ἀναφερομένων.

187 1614 307 1671 Ἔργα
316 1615 353 1656 δὲ
369 1616 597 1664 δικαιοσύνης
615 1616 655 1656 τὸ
664 1618 911 1670 διανεμητικὸν
927 1613 1017 1660 εἶναι
1030 1622 1092 1659 τοῦ
1110 1621 1189 1659 κατ’

135 1674 248 1726 ἀξίαν,
277 1675 318 1716 τὸ
349 1674 474 1722 σώζειν
496 1675 540 1715 τὰ
561 1675 693 1729 πάτρια
713 1675 775 1724 ἔθη
788 1707 797 1723 ,
814 1676 854 1716 τὸ
874 1677 996 1724 σώζειν
1012 1678 1090 1722 τοὺς
1115 1680 1190 1717 ἐπι-

132 1733 401 1789 γεγραμμένους
423 1735 547 1787 νόμους
561 1765 572 1784 ,
589 1735 628 1774 τὸ
645 1736 827 1780 ἀληθεύειν
850 1739 884 1777 ἐν
899 1740 949 1792 τῷ
969 1738 1189 1792 διαφέροντι,

133 1794 175 1834 τὸ
193 1795 442 1850 διαφυλάττειν
462 1796 524 1841 τὰς
543 1795 746 1848 ὁμολογίας.

183 1851 294 1895 1«Ἐστι.
309 1855 346 1895 δὲ
381 1857 519 1909 πρῶτον
549 1858 620 1894 τῶν
651 1854 796 1895 δικαίων
831 1856 876 1895 τὰ
894 1857 980 1910 πρὸς
1006 1857 1064 1897 τὸν
1092 1857 1187 1897 θεόν·

132 1906 208 1954 εἶτα
229 1913 274 1953 τὰ
290 1913 377 1969 πρὸς
400 1915 574 1968 πατρίδας
605 1914 665 1960 καὶ
677 1920 788 1967 γονεῖς
802 1930 811 1940 ·
843 1909 918 1955 εἶτα
941 1915 985 1956 τὰ
1006 1917 1092 1969 πρὸς
1109 1916 1190 1963 τοὺς

133 1973 419 2028 κατοιχομένους.
442 1973 504 2014 Ἔν
524 1967 574 2019 οἷς
606 1974 667 2013 καὶ
687 1977 708 2022 ἡ
740 1974 917 2025 εὗσέὸεια,
937 1975 960 2024 ἢ
980 1976 1083 2029 μέρος
1102 1971 1190 2016 οῧσα

133 2031 368 2083 δικαιοσύνης,
381 2032 406 2082 ἢ
425 2034 757 2088 παρακολουθοῦσα.

187 2091 390 2132 Ἀκολουθεῖ
403 2091 441 2132 δὲ
459 2095 505 2146 τῇ
528 2093 732 2144 δικαιοσύνῃ
754 2092 815 2132 καὶ
835 2093 988 2142 ὁσιότης,
1014 2094 1075 2133 καὶ
1098 2094 1188 2143 ἀλή·

132 2156 227 2200 θεια,
245 2151 307 2191 καὶ
322 2151 455 2203 πίστις,
477 2151 538 2192 καὶ
559 2151 808 2205 μισοπονηρία.

185 2209 291 2252 Ἔστι
307 2209 344 2251 δὲ
363 2211 481 2258 πίστις
494 2215 517 2260 ἡ
533 2213 581 2256 ὡς
592 2212 716 2259 ἀληθεῖ
735 2213 787 2265 τῷ
799 2211 989 2265 γνωσθέντι
1012 2213 1186 2264 συγκατά·

132 2275 224 2316 θεσις
237 2270 271 2308 *.

188 2332 200 2382 (
225 2330 375 2384 Scripsi
399 2330 446 2369 ε*
469 2330 724 2382 συγκατάθεσις
749 2332 762 2382 ]
796 2331 912 2372 codd.
965 2334 1189 2384 συκαγτάθε-

132 2400 199 2431 σις’
211 2383 288 2437 -)
431 2437 520 2492 Περὶ
541 2438 823 2493 ἐλευθεριότητος
834 2444 865 2480 ⁰.

187 2497 480 2551 'Excaecpedmeb
501 2497 540 2537 δέ
575 2500 669 2538 ἐστιν
711 2498 820 2551 ἀρετὴ
849 2500 966 2553 ψυχῆς
989 2498 1192 2550 εὐδαίμονος

129 2561 181 2606 εἷς
201 2557 246 2598 τὰ
265 2558 372 2599 καλά.
648 2572 651 2577 ·

187 2617 306 2672 Ἔργα
323 2617 360 2657 δὲ
376 2619 486 2664 αὐτῆς
504 2617 545 2656 τὸ
560 2617 772 2670 παρεκτικὸν
787 2610 875 2656 εἶναι
895 2618 1091 2671 χρημάτων
1105 2619 1190 2672 πρὸς

132 2677 179 2716 τὰ
193 2676 377 2724 ἐπαινετά,
400 2676 440 2716 τὸ
457 2676 708 2729 δαψιλεύεσθαι
737 2677 795 2716 ε’πὶ
815 2679 865 2731 τῷ
887 2679 934 2722 εἷς
955 2677 1078 2718 δέοντα
1101 2681 1188 2716 ἀνα-

133 2737 310 2785 λωθῆναι,
332 2735 394 2775 καὶ
414 2735 455 2775 τὸ
473 2736 595 2783 ἠθικὸν
625 2731 713 2775 εἶναι
734 2738 770 2775 ἐν
790 2738 840 2790 τῷ
863 2736 1017 2790 διαφόρῳ
1045 2735 1106 2775 καὶ
1132 2752 1190 2790 φι-

135 2794 341 2848 λάνθρωπον
353 2826 364 2842 ,
377 2794 437 2834 καὶ
456 2794 497 2834 τὸ
518 2795 568 2846 μὴ
582 2794 706 2834 λαὸεῖν
724 2795 802 2835 ὅθεν
819 2799 858 2836 οὐ
876 2797 939 2836 δεῖ.

189 2855 375 2908 (Sci-ipsi:
395 2861 412 2878 ⁸
426 2855 724 2909 ἐλευθεριότητος]
755 2856 870 2897 codd.
904 2855 1115 2910 ἐλευθερίας.
1135 2879 1187 2886 --

132 2913 415 2968 ιἐ’λιυθεριότης]
437 2914 552 2953 codd.
576 2915 768 2968 ἐλευθερία.
784 2916 866 2968 --)

186 2973 446 3028 Μεγαλοψοχία
466 2973 506 3013 δέ
522 2976 614 3013 ἐστιν
638 2973 745 3028 ἀρετὴ
776 2977 906 3029 ψυχῆς,
922 2974 1000 3015 καθ’
1027 2974 1070 3023 ἣν
1091 2974 1189 3015 εὖκό·

103 3033 231 3077 λως“
262 3034 427 3074 δύνανται
458 3033 570 3087 φέρειν
602 3034 766 3087 εὐτυχίαν
788 3035 848 3074 καὶ
883 3033 1053 3087 ἀτυχίαν,
1081 3034 1187 3085 τιμὴν

132 3091 194 3132 καὶ
225 3093 385 3145 ἀτιμίαν.
418 3093 616 3133 Ἀκολουθεῖ
652 3094 687 3133 δὲ
712 3097 755 3147 τῇ
790 3094 1039 3148 μεγαλοψυχία
1077 3095 1188 3133 ἁπλό-

132 3168 194 3202 της
205 3151 234 3201 5,
252 3153 453 3206 γενναιότης
479 3152 541 3193 καὶ
562 3153 727 3201 ἀλήθεια.

187 3212 351 3266 (Scripsi
377 3221 421 3254 :⁴¹
454 3213 626 3266 εὐκόλως]
661 3215 710 3255 cf.
732 3214 857 3254 Ethic.
886 3215 1038 3254 Nicom.
1079 3213 1145 3252 lib.
1171 3214 1186 3252 l

134 3286 218 3325 eq).
244 3287 310 3321 103
330 3273 418 3313 cod.
439 3276 493 3313 οὖ.
513 3297 567 3304 —-
583 3275 598 3299 ¹³
614 3274 787 3326 ἁπλότης]
807 3275 923 3314 codd.
943 3274 1184 3324 ἇπλοτὴς.-)

345 3337 358 3342 “
423 3332 435 3339 ’
487 3326 592 3367 Κατὰ
622 3327 845 3381 Χρύσιππον.

135 3432 165 3474 δ’
189 3379 370 3450 φρόνησίς
394 3382 487 3420 ἔστιν
510 3381 691 3433 ἐπιστήμη
710 3386 768 3420 τοῦ
792 3388 875 3422 ποῖα
897 3383 948 3422 δεῖ
965 3389 1089 3432 ποιεῖν,
1104 3387 1186 3422 ποῖα

181 3449 236 3476 ου.

263 3532 392 3558 Pmms-
414 3533 518 3558 GRAEG.
543 3534 590 3558 ul.

2235 173 2312 210 577

1301 251 1360 283 Est
1376 253 1488 284 autem
1512 252 1654 294 justitiae
1671 255 1845 296 proprium
1870 256 2052 300 unicuique
2070 258 2218 291 tribuere
2242 259 2311 299 illa,

1261 318 1404 352 quorum
1430 311 1525 344 initia
1549 314 1583 345 et
1604 322 1722 347 causas
1742 317 1949 358 antegressas
1973 317 2070 360 quasi
2093 317 2312 352 fundamenta

1257 370 1379 412 posuit.
1417 372 1554 414 Propria
1581 382 1661 406 vero
1698 375 1771 417 ejus
1796 378 1848 409 est
1881 376 2075 418 liberalitas,
2112 377 2310 422 benignitas,

1255 429 1341 471 juris
1373 429 1564 473 disciplina,
1596 433 1757 475 aequitas,
1789 434 1914 477 pietas,
1947 439 2042 478 grata
2076 437 2308 472 beneficiorum

1258 489 1434 530 memoria,
1454 491 1585 534 religiof,
1602 492 1741 527 comitas
1754 520 1762 535 ,
1779 504 1834 528 ars
1851 494 2064 530 ferendarum
2084 497 2204 540 legum.

1300 665 1495 699 Liberalitas
1512 667 1648 709 quidem
1667 671 1717 702 est
1736 669 1836 702 animi
1863 670 1997 705 affectio
2014 673 2047 706 in
2073 673 2261 716 profusione
2278 679 2312 710 et

1259 708 1448 749 acceptione
1485 718 1526 741 ex
1571 709 1721 742 confesso
1761 712 1856 754 quasi
1891 713 1924 746 in
1953 716 2152 749 contrariam
2184 720 2310 759 partem

1258 757 1372 781 versos
1396 749 1546 782 homines
1571 752 1760 785 ostendens.

1300 790 1489 832 Benignitas
1518 802 1597 824 vero
1628 796 1678 826 est
1705 795 1806 828 animi
1828 795 1961 829 affectio
1978 798 2066 831 ultro
2089 799 2130 832 ad
2154 800 2237 834 bene
2259 800 2308 834 fa-

1256 831 1411 865 ciendum
1432 842 1604 875 propensa.

1296 885 1388 918 Juris
1406 886 1579 928 disciplina
1595 891 1646 922 est
1663 890 1800 924 scientia
1811 891 2021 927 decretorum
2039 897 2072 928 et
2091 905 2261 938 poenarum
2276 899 2310 931 et

1256 938 1504 973 maleficiorum.
2053 944 2056 946 ’

1297 991 1450 1033 AEquitas
1469 993 1654 1028 voluntaria
1670 996 1803 1038 justitia
1817 1001 1878 1032 est.

1297 1045 1408 1078 Pietas
1435 1048 1485 1078 est
1505 1048 1563 1079 Dei
1582 1049 1710 1082 colendi
1731 1051 1879 1087 scientia.

1301 1100 1401 1131 Grata
1439 1099 1673 1135 beneficiorum
1702 1105 1861 1137 memoria
1883 1108 1934 1138 est
1958 1107 2030 1149 ejus
2048 1109 2107 1149 qui
2128 1110 2202 1149 scit,
2220 1120 2238 1144 a
2264 1112 2307 1144 ud

1258 1150 1343 1183 quos
1371 1142 1404 1188 et
1429 1142 1564 1189 quando
1582 1146 1616 1176 et
1640 1146 1808 1187 quomodo
1836 1147 1993 1181 beneficia
2017 1150 2205 1184 collocanda
2229 1156 2307 1193 sint,

1258 1184 1292 1216 et
1305 1191 1324 1214 a
1336 1182 1460 1225 quibus
1481 1185 1681 1227 accipienda.

1300 1236 1424 1278 Religio
1437 1238 1488 1269 est
1509 1237 1646 1271 seientia
1661 1238 1806 1274 efficiens
1822 1242 1971 1276 homines
1981 1243 2064 1277 fidos
2081 1244 2309 1290 honorumque

1255 1293 1320 1326 diis
1339 1291 1530 1324 debitorum
1548 1294 1695 1326 tutores:
1716 1297 1775 1327 aut
1794 1298 1882 1328 recta
1896 1296 1937 1329 de
1946 1297 2007 1330 Dei
2025 1297 2117 1331 cuuu
2135 1299 2283 1334 doctrina
2299 1314 2307 1334 :

1255 1345 1370 1380 eadem
1392 1353 1471 1376 vero
1499 1346 1534 1377 et
1549 1344 1681 1387 justitia
1706 1346 1840 1381 dicitur.

1296 1409 1443 1443 Comitas
1466 1412 1518 1444 est
1542 1411 1643 1444 animi
1660 1410 1796 1444 affectio
1811 1411 1857 1444 ,in
1875 1410 2047 1445 hominum
2060 1413 2307 1447 conversatione

1253 1468 1365 1502 debito
1395 1471 1517 1505 honore
1541 1481 1598 1505 eos
1613 1470 1770 1506 afficiens.

1295 1531 1356 1562 Ars
1369 1529 1580 1564 ferendarum
1600 1531 1708 1574 legum
1728 1533 1779 1565 est
1798 1531 1936 1566 scientia
1953 1533 2227 1566 constitutionum
2244 1544 2307 1576 pu-

1252 1589 1414 1623 blicarum
1430 1591 1471 1623 ad
1492 1591 1664 1624 hominum
1690 1591 1881 1625 societatem
1905 1592 2137 1635 spectantium.

1293 1649 1439 1683 Justitiae
1468 1653 1580 1684 autem
1623 1650 1732 1685 officia
1766 1654 1843 1685 sunt
1865 1652 1921 1694 jus
1949 1652 2131 1695 unicuique
2162 1652 2307 1686 trIbuere

1252 1717 1310 1751 pro
1340 1710 1503 1753 cujusque
1534 1710 1718 1753 dignitate,
1751 1712 1876 1754 patrios
1914 1721 2023 1745 mores
2053 1712 2149 1751 tueri,
2176 1722 2308 1746 servare

1252 1768 1392 1812 scriptas
1426 1769 1524 1812 leges,
1568 1780 1648 1804 vera
1684 1771 1794 1804 dicere
1826 1772 1860 1805 in
1893 1772 2144 1812 controversiis,
2175 1782 2307 1806 servare

1252 1830 1358 1870 pacta.

1292 1889 1459 1922 Caeterum
1477 1889 1618 1923 honores
1640 1890 1785 1933 primum
1801 1891 1966 1926 debentur
1986 1893 2056 1925 Deo
2068 1918 2075 1931 ‚
2101 1892 2218 1926 deinde
2247 1904 2304 1936 pa-

1253 1947 1325 1982 triae
1334 1950 1367 1982 et
1383 1949 1588 1991 parentibus,
1609 1952 1682 1983 tum
1699 1950 1851 1985 mortuis.
1876 1952 1913 1984 In
1930 1950 2055 1994 quibus
2085 1951 2183 1984 etiam
2203 1953 2307 1995 pietas

1253 2008 1363 2042 locum
1379 2009 1495 2049 habet,
1512 2019 1589 2053 quae
1607 2012 1666 2043 aut
1682 2020 1759 2053 pars
1775 2011 1917 2053 justitiae
1932 2013 2001 2051 est,
2019 2013 2078 2044 aut
2098 2021 2171 2045 eam
2192 2014 2305 2055 sequi-

1252 2069 1320 2101 tur.

1296 2128 1482 2162 Comitatur
1507 2139 1585 2162 vero
1606 2130 1773 2172 justitiam
1798 2130 1913 2172 religio
1944 2133 1979 2164 et
2005 2131 2128 2165 veritas
2161 2135 2195 2165 et
2225 2133 2307 2166 tides

1251 2187 1286 2219 et
1313 2186 1536 2230 improbitatis
1554 2188 1680 2222 odium.

1294 2245 1392 2278 Fides
1407 2248 1458 2279 est
1480 2246 1552 2289 ejus
1575 2248 1666 2291 quod
1688 2258 1806 2282 verum
1825 2258 1898 2283 esse
1926 2250 2140 2292 cognovimus
2158 2260 2306 2294 compro-

1253 2305 1352 2338 batio.

1633 2442 1682 2473 De
1705 2439 1916 2473 liberalitate.

1296 2499 1490 2533 Liberalitas
1505 2502 1555 2533 est
1570 2500 1678 2533 virtus
1693 2500 1793 2533 animi
1808 2500 1979 2533 honestate
1998 2499 2114 2534 felicis.

1294 2630 1375 2671 Ejus
1406 2632 1518 2663 autem
1535 2629 1643 2662 officia
1661 2632 1738 2663 sunt
1755 2639 1889 2671 erogare
1908 2630 2081 2672 pecuniam
2111 2631 2142 2663 in
2162 2641 2212 2664 res
2239 2632 2304 2664 lau-

1251 2677 1388 2717 dabiles,
1426 2679 1506 2711 item
1532 2677 1679 2720 praebere
1710 2677 1918 2710 abundanter
1947 2681 2094 2711 sumtum
2125 2689 2163 2712 ea
2188 2680 2300 2712 eondi-

1251 2726 1356 2764 tione,
1381 2728 1418 2758 ut
1446 2726 1478 2758 in
1497 2735 1550 2758 res
1571 2725 1772 2757 necessarias
1795 2725 2018 2767 impendatur,
2037 2728 2197 2767 praeterea
2221 2727 2302 2759 bene

1250 2776 1415 2807 moratum
1434 2776 1468 2807 et
1486 2774 1669 2806 humanum
1690 2782 1762 2806 esse
1781 2773 1815 2805 in
1829 2774 2064 2813 controversia,
2084 2773 2225 2817 denique
2240 2785 2302 2807 non

1250 2822 1408 2865 accipere,
1434 2822 1521 2855 unde
1542 2832 1605 2854 non
1628 2822 1770 2863 oportet.

1292 2978 1544 3020 Magnanimitas
1574 2981 1624 3011 est
1650 2978 1749 3012 animi
1782 2978 1906 3018 virtus,
1923 2988 1991 3021 qua
2019 2978 2067 3018 fit,
2091 2981 2130 3011 ut
2155 2979 2304 3012 homines

1250 3047 1303 3071 res
1316 3047 1489 3080 prosperas
1509 3040 1542 3070 et
1559 3037 1735 3078 adversas,
1751 3039 1909 3071 honorem
1929 3040 1962 3071 et
1978 3039 2185 3079 ignominiam
2210 3038 2303 3070 facile

1251 3097 1337 3130 ferre
1357 3099 1490 3140 queant.
1513 3098 1701 3131 comitatur
1734 3108 1812 3131 vero
1840 3098 2143 3141 magnanimitatem
2171 3098 2295 3140 simpli-

1250 3158 1344 3198 citas,
1368 3157 1469 3190 animi
1482 3157 1656 3191 excelsitas
1673 3160 1707 3191 et
1724 3158 1859 3192 veritas.

1541 3326 1730 3359 Secundum
1750 3325 1983 3368 Chrysippum.

1292 3385 1472 3419 Prudentia
1501 3388 1550 3420 est
1575 3386 1709 3420 scientia
1743 3396 1853 3419 rerum
1884 3388 1917 3419 et
1944 3385 2143 3428 agendarum
2170 3387 2203 3418 et
2235 3395 2299 3420 non

1250 3446 1461 3481 agendarum.

2134 3527 2171 3558 37
