2508 3776
250 177 328 216 422

251 263 411 302 ἀκούσιον
426 292 435 310 ,
453 262 472 300 ὃ
507 261 567 300 καὶ
598 260 773 312 Εὐριπίδῃ
798 260 904 300 δοκεῖ.
933 260 1033 310 Φησὶ
1060 261 1129 317 γὰρ
1151 256 1240 302 εἷναί
1257 279 1290 302 τι

249 321 439 360 ἀδικεῖσθαι
459 317 636 366 ἑκούσιον,
653 317 764 369 λέγων
783 331 872 363 πως·

331 410 465 454 Μητέρα
486 409 645 441 κατέκταν
657 416 672 432 ⁸
685 410 743 447 τὴν
762 409 864 450 ἐμήν,
887 410 1005 453 βραχὺς
1017 410 1110 453 λόγος
1124 436 1132 451 ,

334 456 441 489 Ἐκὼν
460 457 620 494 ἑκοῦσαν,
637 453 714 487 mih
732 455 887 488 θέλουσαν
910 457 971 499 οὐχ
988 458 1084 490 ἑκών.

245 549 308 585 Δεῖ
332 544 424 597 γάρ,
446 542 522 583 ἐπεὶ
549 542 761 592 ἀντίκειται,
791 543 813 590 ἢ
845 544 937 583 ἅπαν
965 545 1004 584 τὸ
1034 546 1166 584 ἀδικεῖν
1193 544 1292 584 ἑκού-

246 621 318 644 σιον
341 607 451 651 εἶναι,
485 603 545 642 και
578 603 618 642 τὸ
640 603 834 642 ἀδικεῖσθαι
865 619 935 641 παν
968 603 1144 643 ἀκούσιον·
1171 603 1292 651 aemi

246 664 408 718 διῄρηται
427 662 467 702 τὸ
487 663 644 710 ἀδικεῖν,
669 661 729 700 καὶ
753 661 791 700 τὸ
819 660 881 712 μὲν
902 661 1095 701 ἑκούσιόν’
1080 677 1153 701 εστι
1167 692 1179 712 ,
1201 662 1241 701 τὸ
1256 662 1291 701 δὲ

246 723 406 762 ἀκούσιον
419 752 429 771 ,
450 721 509 760 καὶ
530 722 569 761 τὸ
590 721 782 760 ἀδικεῖσθαι
808 720 900 759 οὕτω
920 721 1129 773 διῃρῆσθαι,
1147 719 1205 759 ἵνα
1226 723 1292 759 θα-

246 782 334 836 τέρῳ
354 781 497 833 θάτερον
524 780 742 827 ἀντικέηται.
772 778 843 818 Τὸν
863 778 967 818 αὐτὸν
988 778 1024 818 δὲ
1043 778 1172 832 τρόπον
1197 780 1292 819 δοκεῖ

245 842 305 880 καὶ
325 839 382 880 ἐπι
400 843 460 878 τοῦ
478 841 631 879 δικαιοῦν
653 854 713 877 και
730 839 962 877 δικαιουσθαι·
987 838 1078 878 ἀλλὰ
1099 837 1138 878 τὸ
1153 838 1215 899 μὲν
1240 855 1292 879 νο·

246 901 356 950 μίζειν
378 904 448 937 πᾶν
471 900 667 937 ἀδικεῖσθαι
688 896 711 945 ἢ
739 898 975 945 δικαιοῦσθαι,
999 898 1154 937 ἑκούσιον
1178 901 1289 948 εἶναι,

246 959 388 997 ἄτοπον·
412 958 473 997 καὶ
493 956 562 1011 γὰρ
590 957 651 997 και
679 956 773 996 ἄκων
801 956 970 1001 πολλάκις
991 972 1041 1001 τις
1071 958 1288 1006 δικαιουται,

246 1018 327 1057 ὅταν
351 1018 521 1064 ἀδικήσας
551 1017 718 1070 κολασθῇ·
746 1015 874 1066 ὁμοίως
908 1016 943 1056 δὲ
970 1017 1029 1056 καὶ
1062 1016 1101 1055 τὸ
1138 1010 1227 1056 εἶναί
1258 1033 1291 1055 τι

246 1077 399 1116 ἑκούσιον
421 1077 637 1124 ἀδικεῖσθαι,
657 1075 733 1114 οὐδὲ
761 1075 863 1114 τοῦτό
887 1077 979 1115 ἐστιν
1001 1074 1135 1123 ἀληθές·
1155 1075 1208 1114 ἀεὶ
1226 1075 1292 1128 γὰρ

247 1135 417 1180 ἀκουσίως
433 1152 485 1180 τις
505 1138 687 1175 ἀδικεῖται·
704 1136 899 1174 δικαιοῦται
920 1133 955 1173 δὲ
976 1133 1060 1172 ποτὲ
1079 1133 1140 1185 μὲν
1157 1139 1171 1156 ⁰
1186 1137 1291 1173 ἀκου-

247 1194 349 1244 σίως,
368 1194 452 1233 ποτὲ
483 1194 518 1233 δὲ
545 1193 721 1238 ἑκουσίως·
743 1197 761 1233 ὃ
792 1193 854 1245 μὲν
882 1192 950 1245 γὰρ
983 1194 1112 1231 ἀδικῶν
1149 1193 1293 1238 κολαζό-

250 1270 348 1304 μενος
369 1254 540 1298 ἀκουσίως
557 1255 772 1300 δικαιοῦται,
795 1254 813 1290 ὁ
833 1250 868 1291 δὲ
887 1251 1111 1303 ἀδικούμενος
1131 1251 1290 1291 ἐκδικού-

248 1328 349 1364 μενος
367 1312 533 1357 ἑκουσίως
551 1314 761 1352 δικαιοῦται.

299 1372 319 1392 *
341 1371 445 1411 Ἀλλὰ
469 1370 550 1423 περὶ
572 1370 635 1422 μὲν
656 1373 714 1408 τοῦ
738 1371 955 1408 δικαιοῦσθαι
976 1367 1021 1406 τὰ
1044 1368 1209 1421 εἰρημένα
1231 1372 1292 1424 ἀρ-

246 1431 364 1470 κείτω·
389 1429 469 1484 περὶ
489 1430 525 1469 δὲ
550 1435 610 1469 τοῦ
631 1430 849 1477 ἀδικεῖσθαι,
882 1429 934 1467 ὅτι
954 1428 992 1466 οὐ
1014 1428 1157 1467 δυνατὸν
1191 1429 1292 1467 ἑκού-

248 1506 320 1529 σιον
340 1484 427 1529 εἶναι
441 1521 451 1539 ,
478 1488 601 1543 ῥητέον
619 1488 670 1528 ἔτι
684 1488 913 1541 σαφέστερον.

299 1549 342 1573 **
356 1548 429 1590 Καὶ
444 1552 581 1602 πρῶτον
597 1550 742 1601 ἐροῦμεν
763 1546 841 1591 τοὺς
854 1546 990 1598 λόγους,
1005 1545 1081 1586 ὅθεν
1102 1547 1198 1586 δοκεῖ
1212 1563 1294 1587 συν-

248 1609 392 1661 ἄγεσθαι
424 1607 587 1652 ἑκουσίως
626 1607 704 1647 τινὰ
738 1607 908 1646 δύνασθαι
942 1607 1151 1645 ἀδικεῖσθαι.
1189 1607 1291 1648 Ἐπεὶ

247 1667 314 1720 γὰρ
335 1667 501 1712 ἑκουσίως
524 1667 614 1706 ἐστὶν
635 1668 768 1706 ἀδικεῖν
789 1667 827 1706 τὸ
855 1664 1022 1719 βλάπτειν
1044 1665 1173 1711 ἀδίκως
1191 1667 1290 1715 τινά,

247 1727 360 1765 εἰδότα
381 1727 441 1765 καὶ
459 1726 524 1774 τὴν
545 1725 680 1778 βλάὸην
702 1725 763 1764 καὶ
783 1724 839 1764 τὸν
861 1724 1121 1777 βλαπτόμενον,
1145 1725 1205 1763 καὶ
1225 1741 1293 1776 μη-

247 1785 301 1825 δὲν
323 1787 513 1838 ἀγνοοῦντα
533 1788 602 1823 τῶν
629 1784 707 1836 περὶ
729 1784 768 1822 τὸ
789 1789 938 1836 πρᾶγμα
953 1811 963 1830 ,
996 1782 1057 1821 καὶ
1087 1781 1139 1821 ἔτι
1161 1782 1290 1822 οἴκοθεν

245 1843 445 1895 κινούμενον
468 1844 528 1883 καὶ
542 1845 605 1882 οὐκ
622 1843 743 1888 ἔξωθεν
766 1842 983 1895 βιαζόμενον,
1004 1842 1057 1889 εἴη
1078 1841 1118 1880 ἂν
1139 1842 1178 1882 τὸ
1196 1845 1293 1882 ἑκου-

245 1902 328 1948 σίως
347 1905 543 1942 ἀδικεῖσθαι
567 1902 607 1940 τὸ
630 1901 846 1954 βλάπτεσθαι
874 1900 971 1953 παρὰ
998 1900 1036 1939 τὸ
1066 1900 1221 1950 δίκαιον,
1242 1904 1292 1941 εἷ-

246 1961 329 2000 δότα
357 1961 421 2008 τὴν
444 1960 579 2013 βλάὸην
599 1960 660 1998 καὶ
692 1959 751 1999 τὸν
774 1959 978 2012 βλάπτοντα
994 1988 1005 2010 ,
1027 1958 1088 1998 καὶ
1111 1959 1227 1998 πάντα
1247 1960 1292 1999 τὰ

245 2020 326 2074 περὶ
341 2021 380 2059 τὸ
396 2026 564 2072 πρᾶγμα,
587 2018 649 2058 καὶ
673 2018 877 2071 ἀνέχεσθαι,
894 2018 1082 2068 δυνάμενον
1101 2018 1291 2057 ἀποσείσα-

247 2084 340 2121 σθαι.
361 2082 475 2120 Τοῦτο
494 2079 530 2118 δὲ
550 2078 604 2118 ὅτι
631 2078 792 2131 γίνεται,
821 2078 979 2132 φανερόν·
1011 2081 1028 2117 ὁ
1049 2077 1116 2129 γὰρ
1138 2078 1292 2130 ἀκρατὴς

246 2139 305 2178 καὶ
320 2141 376 2192 ὑφ’
397 2141 513 2191 ἑτέρου
531 2138 726 2191 βλάπτεται
742 2167 753 2186 ,
771 2138 869 2181 εἰδὼς
883 2136 1015 2184 πάντα,
1031 2137 1091 2175 καὶ
1108 2137 1286 2189 ἀνέχεται,

247 2199 435 2249 δυνάμενος
447 2198 714 2237 ἀποσείσασθαι·
731 2196 876 2237 δυνατὸν
888 2197 956 2249 ἄρα
968 2195 1061 2235 ἐστὶν
1075 2196 1199 2235 ἑκόντα
1212 2198 1292 2237 τινὰ

248 2259 454 2296 ἀδικεῖσθαι·
467 2257 520 2297 ἔτι
536 2257 570 2295 δὲ
583 2257 646 2302 καὶ
672 2257 774 2300 αὐτὸς
793 2256 914 2295 ἑαυτὸν
935 2258 952 2294 ὃ
970 2254 1124 2308 ἀκρατὴς
1143 2255 1291 2308 βλάπτει

246 2316 306 2354 καὶ
333 2316 510 2361 ἑκουσίως·
536 2315 700 2359 ἑκουσίως
722 2315 791 2368 ἄρα
823 2314 945 2353 ἑαυτὸν
968 2315 1163 2354 ἀδικεῖσθαί
1194 2317 1289 2368 ἐστι,

246 2375 285 2413 τὸ
306 2374 411 2413 ἄδικα
431 2374 594 2427 πάσχειν·
615 2374 749 2426 πάσχει
779 2374 815 2411 δέ
833 2389 884 2417 τις
905 2373 1009 2412 ἄδικα
1031 2372 1132 2412 ἑκών·
1166 2375 1197 2412 οἱ
1225 2373 1292 2427 γὰρ

248 2434 496 2487 ἐπιεικέστεροι
538 2436 571 2473 ἐν
605 2435 681 2478 ταῖς
717 2434 898 2483 διανομαῖς
931 2432 1065 2472 ἐλάττω
1103 2436 1165 2482 τῆς
1196 2433 1292 2479 ἀξίας

246 2493 469 2543 λαμὸάνουσι
491 2492 715 2545 βουλόμενοι,
737 2492 823 2544 ὅπερ
839 2492 959 2530 ἄδικον
982 2491 1045 2543 μέν
1065 2491 1172 2541 ἔστιν,
1188 2493 1294 2531 ἑκού-

247 2565 320 2589 σιον
343 2551 391 2588 δέ·
414 2552 613 2589 ἀδικοῦνται
643 2550 711 2602 ἄρα
732 2550 907 2595 ἑκουσίως·
939 2550 1033 2590 ἔστιν
1067 2551 1135 2604 ἄρα
1160 2567 1194 2590 τι
1213 2552 1293 2590 ἀδι-

246 2612 382 2647 κεῖσθαι
410 2609 582 2649 ἑκούσιον.
614 2608 722 2648 Ἀλλὰ
749 2609 947 2648 τοῦναντίον
976 2609 1092 2658 ἐστίν,
1124 2610 1292 2649 ἀδύνατον

248 2660 335 2704 εἶναι
350 2666 543 2705 ἀδικεῖσθαί
560 2682 636 2704 τινα
658 2665 835 2711 ἑκουσίως.
855 2667 946 2706 Τότε
959 2667 1024 2720 γάρ
1039 2683 1089 2711 τις
1105 2669 1292 2720 ἀδικεῖται,

248 2725 300 2764 ὅτι
318 2741 351 2764 τι
365 2726 498 2778 πάσχει
519 2726 638 2764 ἄδικον
657 2725 755 2778 παρὰ
769 2725 834 2773 τὴν
849 2729 954 2765 αὑτοῦ
978 2727 1154 2779 βούλησιν·
1170 2728 1209 2767 τὸ
1225 2729 1293 2781 γὰρ

249 2784 399 2837 πάσχειν
420 2800 453 2822 τι
476 2783 572 2838 παρὰ
593 2784 657 2831 τὴν
687 2786 813 2823 ἑαυτοῦ
842 2785 1008 2837 βούλησίν
1033 2802 1111 2824 τινα
1139 2787 1291 2826 ἐναντιον

250 2844 324 2882 ἐστὶ
346 2847 397 2897 τῷ
428 2843 523 2896 λόγω
543 2860 602 2883 του
626 2843 796 2883 ἑκουσίου·
818 2844 908 2883 ὥστε
930 2847 968 2883 οὗ
993 2845 1148 2885 δυνατον
1167 2845 1291 2898 βούλε-

251 2903 329 2942 σθαί
346 2919 423 2942 τινα
445 2903 662 2952 ἀδικεῖσθαι,
678 2903 753 2942 οὗδὲ
768 2920 825 2942 τον
843 2906 994 2956 ἀκρατη.
1018 2906 1090 2944 Καὶ
1111 2909 1208 2950 οὗτος
1225 2904 1293 2958 γὰρ

251 2961 364 3013 ἀγαθὰ
387 2961 549 3014 βούλεται
579 2963 714 3014 ἑαυτω,
748 2961 808 3003 καὶ
826 2978 888 3002 ουκ
909 2963 1074 3016 ἀνέχεται
1096 2964 1292 3002 ἀδικεῖσθαι

250 3021 383 3065 ἅπλῶς·
413 3020 541 3067 ταύτης
576 3020 610 3059 δὲ
631 3024 692 3067 τῆς
721 3021 854 3073 βλάὸης
886 3022 1072 3084 ἀνέχεται,
1093 3022 1204 3062 οἴεται
1225 3022 1292 3074 γὰρ

252 3079 301 3131 μὴ
324 3080 552 3132 βλάπτεσθαι·
571 3079 629 3118 καὶ
654 3079 763 3118 οἴεται
783 3081 846 3130 μὲν
870 3081 945 3120 δέον
974 3085 1066 3120 εἶναι
1086 3082 1253 3134 πράττειν
1271 3081 1293 3119 ἃ

252 3138 447 3192 ὠφελήσει,
478 3138 624 3189 πράττει
652 3139 705 3176 δὲ
718 3137 763 3177 τὰ
805 3139 1029 3190 βλάπτοντα,
1064 3140 1219 3191 οἰόμενος
1242 3139 1291 3191 μὴ

255 3197 456 3249 βλάπτοντα
489 3192 588 3236 εἶναι·
615 3194 704 3235 ὥστε
725 3199 762 3235 οὐ
794 3198 937 3236 δυνατόν
979 3200 1072 3238 ἐστιν
1101 3198 1296 3238 ἀδικεῖσθαί

253 3270 328 3294 τινα
349 3255 474 3294 ἑκόντα
485 3256 514 3298 ⁶.
532 3255 619 3295 Ἀπὸ
643 3255 765 3294 τούτου
789 3255 825 3293 δὲ
852 3255 912 3294 καὶ
931 3255 975 3294 τὰ
995 3258 1035 3295 ἐκ
1050 3261 1110 3296 τοῦ
1136 3258 1293 3296 ἐναντίου

254 3314 511 3368 ἐπιχειρήματα
530 3314 663 3354 λύεται.
686 3314 758 3353 Καὶ
785 3314 853 3368 γὰρ
883 3317 995 3354 ἀδικεῖ
1012 3332 1082 3364 τις,
1101 3317 1183 3356 ὅταν
1210 3318 1295 3369 βλά-

1094 171 1368 214 ΑΝοιιοΝιαῙ
1396 153 1569 214 Ruonu

1356 270 1456 302 etiam
1485 269 1651 312 perpessio
1680 270 1807 310 iniuriae
1831 271 1864 304 in
1890 274 2099 322 spontaneam
2123 277 2186 310 erit
2214 242 2447 325 dmdemn}

1355 313 1388 343 et
1408 311 1566 348 invitam,
1592 310 1683 353 quod
1700 313 1734 343 et
1750 311 1901 362 Euripidi
1916 314 2058 350 videtur
2079 318 2112 350 Is
2126 318 2212 351 enim
2228 319 2387 360 ostendit.

1355 361 1449 394 posse
1465 351 1609 394 aliquem
1625 352 1814 386 volentem
1805 353 1923 394 mjuria
1936 354 2042 396 affici,
2063 357 2110 391 ita
2127 357 2224 393 fere·

1460 435 1593 463 Matrem
1605 435 1756 463 ulmeam
1772 435 1959 472 necaverim,
1976 436 2059 467 'brevi
2074 439 2215 477 eloquar,
2267 466 2271 477 ,

1470 484 1576 513 volens
1591 483 1754 517 volentem,
1768 483 1818 512 vel
1834 484 1989 514 volentem
2007 493 2072 516 non
2084 487 2199 518 volens.

1355 568 1465 605 Quum
1479 563 1565 597 enim
1587 562 1654 596 duo
1668 563 1741 595 haec
1763 565 1914 606 opposita
1936 565 2020 604 sint,
2043 569 2173 609 oportet
2195 570 2397 607 automnem

1353 625 1430 659 quae
1454 614 1597 648 infertur
1626 612 1780 654 injuriam
1803 616 1918 655 sponte
1941 615 2075 657 inferri,
2100 619 2134 651 et
2155 628 2288 654 omnem
2319 630 2398 665 quae

1354 665 1534 723 accipiatur
1550 664 1593 697 ab
1608 663 1713 697 invito
1741 664 1868 707 accipi.
1893 668 1951 699 aut
1967 668 2123 709 quoniam
2147 669 2288 704 laedendi
2309 669 2416 706 aetio*

1353 716 1386 748 in
1402 715 1485 748 duas
1497 716 1622 758 species
1633 714 1740 748 divisa
1752 718 1802 748 est
1817 716 2030 760 ‚partimque
2046 717 2231 753 voluntaria
2243 719 2395 759 habetur,

1353 766 1475 807 partim
1490 765 1594 798 invita
1606 791 1613 804 ,
1634 764 1733 797 etiam
1757 767 1998 809 perpessionem
2015 768 2144 810 injuriae
2158 769 2206 803 ita
2225 768 2396 812 distingui,

1354 817 1392 848 ut
1411 816 1514 849 altera
1531 824 1583 848 res
1602 816 1697 849 alteri
1716 819 1908 859 opponatur.
1930 817 2122 861 Eodemque
2144 818 2244 853 modo
2260 819 2332 853 fieri
2345 819 2399 854 vi-

1352 862 1461 902 detur,
1493 863 1622 905 quoties
1639 866 1698 896 aut
1721 864 1816 897 alteri
1831 865 1887 907 jus
1914 874 2011 898 suum
2037 866 2230 907 tribuimus,
2257 869 2318 901 aut
2334 867 2399 911 ipsi

1350 911 1404 954 jus
1433 913 1583 944 nostrum
1612 911 1799 945 obtinemus
1834 914 1958 955 :atqui
1992 913 2199 952 existimare.
2234 915 2398 949 volentem

1354 967 1482 1000 semper
1501 961 1559 991 aut
1578 959 1698 1001 injuria
1721 958 1808 992 affici
1830 962 1889 992 aut
1902 960 1958 1001 jus
1987 970 2085 993 suum
2100 961 2261 1005 obtinere,
2285 962 2398 996 absur-

1353 1005 1435 1038 dum
1452 1008 1526 1039 est:
1553 1016 1639 1050 saepe
1655 1008 1742 1040 enim
1768 1007 1892 1040 invitus
1914 1008 2035 1050 aliquis
2045 1008 2099 1049 jus
2124 1018 2222 1042 suum
2250 1009 2399 1053 adipisci*

1354 1054 1419 1092 tur,
1451 1054 1583 1096 quando
1615 1055 1684 1096 ejus
1715 1055 1874 1087 maleficia
1906 1055 2117 1088 vindicantur
2149 1069 2158 1089 :
2182 1057 2399 1100 similiterque

1353 1110 1448 1143 posse
1475 1102 1619 1144 aliquem
1647 1102 1811 1135 volentem
1831 1103 1950 1143 injuria
1976 1103 2078 1142 affici,
2109 1112 2151 1137 ne
2178 1103 2242 1138 hoc
2263 1103 2399 1148 quidem

1354 1157 1470 1181 verum
1487 1151 1537 1182 est
1563 1163 1572 1182 :
1597 1149 1719 1192 quippe
1745 1158 1873 1191 semper
1899 1149 2025 1183 invitus
2044 1149 2121 1192 quis
2142 1150 2297 1192 injuriam
2312 1151 2400 1185 acci-

1356 1196 1427 1238 pit:
1447 1196 1623 1237 jussuum
1647 1198 1760 1229 autem
1785 1196 1883 1228 modo
1908 1196 2034 1229 invitus
2051 1197 2191 1240 aliquis,
2217 1197 2317 1232 modo
2338 1193 2399 1232 sna

1355 1243 1525 1276 voluntate
1545 1243 1739 1286 adipiscitur
1756 1256 1764 1275 ι
1780 1243 1937 1275 nimirum
1958 1244 2056 1277 homo
2073 1244 2219 1287 injustus
2236 1245 2319 1279 dum
2333 1250 2400 1288 pu*—

1354 1289 1456 1329 nitur,
1478 1289 1602 1323 invitus
1614 1291 1670 1332 Jus
1698 1299 1797 1322 suum
1812 1290 1940 1323 obtinet
1956 1304 1963 1323 :
1987 1293 2022 1324 at
2039 1291 2099 1334 qui
2121 1292 2163 1326 ab
2180 1291 2303 1334 injuria
2322 1292 2400 1328 vin-

1356 1337 1496 1377 dicatur,
1514 1339 1602 1371 ultro
1617 1340 1672 1380 Jus
1692 1349 1789 1372 suum
1806 1338 1944 1372 obtinet.

1396 1391 1461 1424 Sed
1482 1391 1555 1424 haec
1583 1391 1625 1425 de
1653 1391 1831 1425 obtinendo
1842 1391 1916 1432 jure
1947 1401 2008 1425 suo
2032 1390 2122 1425 dicta
2147 1391 2313 1426 sufficiant
2338 1393 2400 1425 :at

1354 1451 1520 1484 volentem
1543 1451 1707 1484 neminem
1731 1451 1852 1493 injuria
1877 1450 1962 1484 affici
1990 1459 2102 1494 posse,
2125 1451 2256 1494 planius
2278 1450 2402 1486 doeen-

1354 1510 1436 1543 dum
1457 1512 1517 1544 est.

1398 1572 1444 1603 Ac
1459 1563 1604 1613 primum
1627 1570 1762 1613 quidem
1780 1570 1925 1604 rationes
1947 1569 2140 1610 afferemus,
2159 1579 2202 1605 ex
2215 1570 2340 1614 quibus
2353 1571 2402 1605 vi-

1353 1626 1452 1659 detur
1468 1626 1558 1666 cogi,
1578 1625 1742 1658 volentem
1765 1625 1908 1667 aliquem
1930 1635 2025 1668 posse
2039 1625 2159 1666 injuria
2176 1625 2274 1660 affici.
2289 1627 2402 1665 Quum

1354 1681 1440 1715 enim
1457 1683 1571 1723 sponte
1586 1680 1740 1723 injuriam
1753 1679 1861 1714 facere
1876 1680 1959 1713 nihil
1977 1681 2137 1722 aliudsit,
2162 1691 2264 1725 quam
2280 1681 2401 1724 injuste

1353 1738 1497 1780 aliquem
1509 1737 1648 1776 laedere,
1670 1736 1801 1779 quoties
1817 1745 1877 1769 nec
1888 1736 2047 1770 damnum
2062 1746 2123 1771 nec
2137 1737 2168 1771 is
2182 1737 2243 1781 qui
2254 1737 2399 1777 laeditur,

1353 1800 1413 1824 nec
1430 1790 1613 1833 quidquam
1627 1798 1742 1822 eorum
1761 1797 1837 1831 quae
1867 1788 1910 1821 ad
1930 1798 2001 1822 rem
2017 1789 2200 1831 pertinent,
2217 1790 2398 1833 ignoratur,

1353 1853 1391 1877 ac
1407 1845 1567 1886 praeterea
1586 1842 1719 1885 quando
1737 1841 1858 1883 aliquis
1882 1850 1942 1874 suo
1957 1842 2094 1876 consilio
2113 1852 2196 1876 usus
2211 1845 2348 1880 externa
2366 1844 2401 1878 vi

1352 1905 1417 1928 non
1433 1896 1562 1937 cogitur
1574 1920 1582 1935 ,
1602 1895 1665 1927 erit
1682 1893 1829 1926 vicissim
1849 1895 1964 1935 sponte
1985 1893 2138 1936 injuriam
2155 1894 2304 1938 accipere
2319 1895 2404 1930 nihil

1353 1948 1444 1981 aliud
1457 1974 1465 1989 ,
1486 1957 1587 1990 quam
1612 1948 1733 1989 injuste
1755 1946 1914 1978 damnum
1929 1947 2017 1988 pati,
2038 1947 2170 1990 quoties
2180 1948 2258 1991 quis
2283 1950 2318 1982 et
2340 1948 2402 1982 da-

1352 2010 1467 2033 mnum
1481 2002 1515 2032 et
1530 2009 1608 2032 eum
1624 1998 1682 2041 qui
1694 1998 1750 2031 alii
1765 1998 1800 2030 id
1816 2000 1978 2039 apportat,
1994 2001 2027 2032 et
2045 2008 2253 2043 quaecunque
2270 1999 2315 2034 ad
2329 2009 2400 2035 rem
2424 2040 2427 2045 Δ

1351 2054 1517 2097 pertinent
1538 2053 1641 2091 novit,
1667 2054 1701 2084 et
1718 2061 1823 2094 quum
1840 2053 1943 2096 possit
1962 2053 2155 2095 propellere,
2186 2054 2299 2088 tamen
2314 2053 2400 2092 tole-
2418 2086 2421 2099 ,

1353 2110 1416 2141 rat.
1457 2108 1527 2140 Hoc
1547 2107 1660 2138 autem
1683 2105 1754 2138 fieri
1765 2105 1979 2139 manifestum
1995 2107 2046 2139 est
2066 2119 2074 2138 ι
2093 2105 2299 2140 incontinens
2313 2105 2401 2140 euim

1353 2161 1453 2194 etiam
1475 2160 1518 2193 ab
1541 2159 1614 2192 aliis
1632 2159 1753 2192 damno
1773 2161 1930 2201 augetur,
1959 2161 1994 2201 e‚t
2009 2168 2115 2202 quum
2135 2159 2218 2192 sciat
2239 2159 2350 2193 omnia
2365 2160 2401 2193 et

1353 2213 1545 2257 propulsare
1563 2212 1686 2255 possit,
1701 2212 1915 2245 nihilominus
1926 2212 2046 2245 tolerat
2064 2222 2072 2242 :
2094 2221 2135 2246 ex
2155 2221 2223 2256 quo
2243 2211 2397 2252 efficitur,

1355 2267 1425 2301 fieri
1439 2276 1535 2310 posse
1550 2268 1588 2299 ut
1607 2268 1722 2309 sponte
1742 2266 1861 2309 aliquis
1877 2266 2031 2307 injuriam
2049 2265 2190 2309 accipiat
2209 2279 2218 2300 z
2242 2267 2415 2309 praeterea.

1354 2320 1415 2354 sibi
1445 2330 1579 2363 quoque
1597 2321 1667 2363 ipse
1685 2320 1889 2352 incontinens
1913 2321 2025 2358 nocet,
2045 2320 2078 2352 et
2094 2319 2231 2362 quidem
2255 2321 2397 2362 sponte:
2427 2327 2431 2330 ’

1353 2373 1440 2406 unde
1463 2373 1614 2416 sequitur
1630 2375 1746 2415 sponte
1767 2382 1786 2405 a
1811 2381 1846 2405 se
1863 2372 1935 2414 ipso
1951 2371 2071 2413 injuria
2083 2370 2189 2410 affici,
2213 2380 2286 2405 esse
2311 2371 2402 2414 inju-

1352 2425 1435 2458 riam
1456 2426 1526 2468 pati
1541 2437 1548 2457 :
1570 2427 1686 2467 sponte
1702 2426 1814 2457 autem
1830 2424 1950 2466 aliquis
1970 2423 2124 2466 injuriam
2142 2423 2270 2466 patitur
2288 2437 2298 2459 ι
2313 2433 2400 2468 saepe

1353 2478 1439 2512 enim
1455 2479 1514 2521 qui
1541 2478 1704 2521 aequiores
1726 2477 1861 2518 reliquis
1883 2478 1961 2509 sunt
1983 2477 2018 2509 in
2045 2476 2272 2510 distribuendo
2289 2477 2400 2512 minus

1353 2540 1454 2574 quam
1479 2532 1649 2564 merentur
1673 2529 1837 2571 accipiunt
1854 2528 2017 2568 volentes,
2041 2528 2131 2572 quod
2146 2529 2307 2571 injustum
2322 2529 2399 2572 qui-

1353 2585 1429 2618 dem
1445 2586 1505 2623 est,
1533 2583 1592 2616 sed
1611 2585 1727 2626 sponte
1750 2582 1786 2615 fit
1801 2595 1808 2614 :
1826 2583 1942 2624 sponte
1955 2580 2034 2624 'ergo
2049 2581 2168 2622 injuria
2182 2580 2371 2616 afficiuntur
2379 2583 2396 2620 s:

1354 2648 1394 2672 ex
1415 2648 1482 2680 quo
1498 2639 1633 2680 apparet
1654 2645 1750 2679 posse
1765 2636 1846 2677 fieri,
1867 2637 1906 2668 ut
1926 2635 2046 2677 aliquis
2062 2635 2176 2668 volens
2194 2634 2333 2678 accipiat
2345 2635 2397 2669 in-

1350 2692 1483 2735 juriam.
1511 2690 1612 2733 Atqui
1633 2689 1836 2722 contrarium
1867 2691 1935 2728 est,
1960 2688 2031 2721 fieri
2047 2696 2112 2721 non
2132 2696 2248 2730 posse,
2269 2689 2309 2720 ut
2331 2689 2397 2722 ali-

1353 2745 1429 2788 quis
1444 2744 1558 2777 volens
1575 2743 1729 2785 injuriam
1745 2743 1894 2785 accipiat.
1914 2741 2042 2784 Quippe
2055 2743 2130 2775 tum
2140 2740 2294 2784 injuriam
2311 2743 2398 2775 acci-

1353 2799 1412 2841 pit,
1430 2808 1535 2840 quum
1551 2797 1586 2831 id
1606 2798 1697 2840 quod
1709 2797 1870 2839 injustum
1886 2797 1936 2828 est
1954 2797 2069 2829 contra
2079 2794 2285 2828 voluntatem
2302 2803 2398 2829 suam

1353 2853 1478 2896 patitur
1496 2865 1504 2885 :
1520 2861 1597 2885 nam
1620 2852 1689 2894 pati
1714 2851 1839 2894 aliquid
1865 2852 1979 2883 contra
2000 2849 2204 2883 voluntatem
2223 2857 2317 2882 suam
2344 2857 2398 2883 res

1353 2907 1404 2938 est
1425 2905 1590 2938 contraria
1613 2903 1796 2937 definitioni
1818 2903 1889 2945 ers
1903 2902 1994 2945 quod
2015 2903 2130 2944 sponte
2150 2900 2188 2934 fit
2206 2912 2215 2933 :
2236 2900 2324 2935 unde
2344 2910 2398 2935 se<-

1355 2958 1469 3001 quitur
1485 2957 1557 2990 fieri
1578 2967 1643 2990 non
1658 2965 1770 2999 posse,
1789 2957 1828 2988 ut
1850 2955 1972 2998 aliquis
1987 2954 2069 2988 velit
2087 2953 2207 2996 injuria
2221 2952 2334 2988 affici:
2356 2965 2398 2990 ne

1353 3010 1558 3044 incontinens
1579 3009 1725 3052 quidem.
1745 3007 1875 3041 Etenim
1892 3007 1947 3040 hic
1969 3007 2054 3040 bona
2071 3005 2134 3039 sibi
2157 3007 2261 3048 optat,
2289 3015 2398 3050 neque

1355 3062 1546 3105 simpliciter
1567 3061 1687 3102 injuria
1711 3070 1746 3094 se
1767 3059 1854 3093 affici
1873 3060 1999 3102 patitur
2024 3068 2033 3088 ι
2050 3058 2116 3095 ,hoc
2139 3067 2220 3092 vero
2238 3058 2397 3093 damnum

1355 3115 1521 3153 admittit,
1547 3114 1627 3156 quia
1653 3123 1687 3147 se
1714 3113 1793 3146 laedi
1817 3122 1882 3145 non
1901 3113 1998 3154 putat
2019 3124 2027 3144 ε
2048 3112 2082 3144 et
2103 3111 2258 3154 quamvis
2278 3111 2396 3145 existi-

1354 3169 1423 3202 met
1442 3177 1481 3200 ea
1499 3175 1576 3209 quae
1590 3165 1764 3208 profutura
1779 3165 1845 3198 sint
1864 3164 1926 3197 sibi
1945 3163 2069 3206 agenda
2097 3173 2186 3203 esse,
2206 3163 2272 3206 agit
2285 3165 2397 3198 tamen

1355 3229 1430 3263 quae
1457 3220 1591 3257 nocent,
1622 3219 1793 3260 propterea
1817 3216 1907 3259 quod
1927 3216 2187 3259 haudquaquam
2202 3217 2300 3249 noxia
2325 3225 2398 3250 esse

1356 3272 1461 3305 credit
1484 3281 1492 3301 z
1513 3271 1727 3312 quamohrem
1747 3269 1818 3302 fieri
1844 3278 1908 3301 non
1932 3270 2058 3310 potest,
2079 3270 2119 3301 ut
2144 3270 2261 3311 sponte
2279 3267 2398 3310 aliquis

1357 3324 1476 3366 injuria
1490 3323 1664 3358 afficiatur.
1689 3323 1784 3357 Unde
1806 3323 1907 3356 etiam
1922 3321 2085 3354 contraria
2108 3322 2300 3365 argumenta
2313 3329 2396 3355 con-

298 3432 318 3451 *
332 3431 473 3467 Ἀτοπον
494 3430 521 3464 δ’
541 3432 580 3463 ἂν
599 3431 697 3470 δόξειε
718 3433 786 3464 κτλ.
804 3448 847 3457 ·--
861 3431 897 3451 **
920 3431 1010 3465 Ἐπεὶ
1026 3433 1081 3465 καὶ
1101 3433 1176 3475 τόγε
1197 3434 1424 3476 διαπορήσειεν
1444 3436 1482 3468 ἄν
1506 3446 1552 3472 τις
1569 3437 1638 3469 κτλ,
