2528 3788
63 566 69 575 Ἰ
130 596 135 602 ·
151 582 224 622 τοῖς
243 576 314 617 ἀπὸ
328 580 391 618 σοῦ
408 576 605 630 γενομένοις
626 574 792 631 φανεράν.
850 573 1035 624 Ἡρακλῆς
1059 570 1126 624 γάρ
1143 573 1202 625 (5),

1078 190 1416 231 FRAGMENTA.
2260 193 2312 233 83

149 281 262 336 γόνων
281 281 503 333 δεδήλωκεν,
524 280 603 320 οὔτε
622 281 684 326 τὰς
701 280 769 320 ὑπό
788 295 893 319 τινων
911 278 1004 318 κατὰ
1022 293 1086 317 σου
1100 294 1198 330 γεγε·
1262 278 1362 328 λόγος
1381 281 1442 325 τῆς
1458 276 1556 329 παρὰ
1570 281 1642 316 τῶν
1661 277 1843 325 Ἑλλήνων
1864 277 1999 322 εὐνοίας
2025 277 2129 331 ἔτυχε
2152 279 2287 330 μᾶλλον
2299 309 2311 329 ,

92 348 99 352 ‘
151 339 304 393 νημένας
339 339 505 384 διαὸολὰς
532 340 700 390 λέλυκεν,
733 337 811 378 οὔτε
842 337 1033 380 Πλάτωνος
1063 337 1098 374 ἐν
1130 342 1202 380 τοῖς
1263 335 1287 383 ἢ
1308 335 1415 386 μηδὲν
1439 334 1567 387 ἀγαθὸν
1596 337 1676 389 περὶ
1699 339 1761 384 τῆς
1794 335 1965 390 ὑμετέρας
1994 336 2175 389 βασιλείας
2200 336 2315 376 εἰπόν-

151 397 290 455 πρὸςσὶ
309 400 498 454 πεμφθεῖσι
512 399 629 453 λόγοις
647 398 862 452 ἀπέσχηται.
924 395 1052 436 Καίτοι
1068 394 1140 448 χρὴ
1156 395 1203 448 (4)
1264 410 1334 438 τος.
1395 397 1463 434 Ἤν
1485 394 1522 433 δὲ
1542 394 1602 433 καὶ
1626 394 1671 432 τὰ
1700 396 1852 435 παλαίτε
1837 411 1899 448 ερα
1926 396 2154 448 διαλεχθῆναι
2170 396 2231 448 (ιο)
2254 399 2316 444 τῆς

151 459 290 512 πρῶτον
322 458 386 511 μὲν
420 459 485 508 τὴν
519 459 748 512 ὑπάρχουσαν
779 456 977 503 οἰκειότητα
1013 454 1100 508 πρὸς
1135 453 1199 502 τὴν
1265 452 1487 505 Ἰσοκράτους
1502 452 1656 505 ἡλικίας,
1675 455 1713 493 τὸ
1732 454 1790 502 δέ,
1815 453 2030 504 εὖθαλῶς,”
2005 470 2054 500 ως
2072 470 2178 509 φησιν
2199 456 2316 509 αὐτός,

150 517 325 572 ἡμετέραν
353 517 456 558 πόλιν
484 517 589 557 αὔτὸν
611 516 662 569 μὴ
681 517 820 567 λαθεῖν,
845 514 940 554 ἀλλὰ
959 515 1107 560 ποιῆσαι
1140 514 1200 552 καὶ
1266 511 1436 560 ἀνθούσης
1457 528 1520 561 της
1541 512 1708 557 διανοίας.
1765 513 1833 566 (17)
1854 513 1963 554 Ἀλλὰ
1986 513 2056 565 μὴν
2076 515 2137 554 καὶ
2150 514 2212 560 τὰς
2229 516 2315 554 δια-

1265 571 1407 616 ὅολὰς’
1392 575 1472 620 ενῆν
1489 573 1593 611 λῦσαι
1612 571 1674 617 τὰς
1693 573 1732 613 τὸ
1756 575 1954 614 πλεῖστονε
1941 573 2001 612 υπ’
2031 573 2225 615 Ὀλυνθίων
2251 591 2317 628 γι-

1264 631 1446 682 γνομένας
1477 629 1542 674 Τίς
1560 630 1629 683 γὰρ
1649 629 1691 669 ἂν
1711 630 1820 676 οὕτως
1848 630 1957 679 εὐήθη
1977 647 2017 671 σε
2035 632 2207 683 νομίσειεν
2239 634 2318 687 (ιε),

1265 689 1357 729 ὥστε
1376 706 1430 730 σοι
1449 690 1698 741 πολεμούντων
1718 690 1901 744 Ἰλλυριῶν
1933 691 1992 730 καὶ
2013 692 2223 745 Θρᾳκῶν,”
2206 709 2257 732 ετι
2275 709 2312 732 τε

1266 749 1457 798 Ἀθηναίων
1474 749 1535 789 καὶ
1569 750 1886 801 Λακεδαιμονίων,
1915 751 1977 790 καὶ
1998 751 2114 791 ἄλλων
2137 751 2325 800 Ἑλλήνων

1266 809 1327 849 καὶ
1360 808 1571 863 βαρὸάρων,
1591 809 1745 861 πόλεμον
1767 810 1853 863 πρὸς
1872 809 2080 855 Ὀλυνθίους
2105 810 2316 886 ἐξενεγκεῒν;

1264 868 1374 909 Ἀλλὰ
1395 868 1475 922 περὶ
1491 868 1555 919 μὲν
1574 868 1706 908 τούτων
1727 870 1789 908 οὔκ
1815 870 1850 908 ἐν
1871 871 2040 923 ἐπιστολῇ
2067 870 2153 923 πρὸς
2178 870 2218 910 σὲ
2249 887 2323 921 μη·-

1267 929 1422 969 κυντέον.
1477 927 1521 968 Ἃ
1545 927 1583 968 δέ
1603 930 1700 968 ἐστιν
1721 929 1786 967 οὐκ
1803 928 1965 978 ἓμποδων
1995 930 2065 974 τοῖς
2086 945 2251 983 τυχουσιν
2272 931 2325 969 εἷ-

1265 995 1364 1038 πεῖν,
1385 990 1424 1028 ἐκ
1440 989 1571 1028 πολλοῦ
1591 1003 1629 1027 τε
1642 987 1769 1041 χρόνου
1789 993 1859 1032 τοῖς
1876 994 1963 1027 πᾶσι
1991 989 2320 1038 κατασεσιώπηται,

1266 1048 1435 1103 συμφέρει
1470 1047 1507 1087 δέ
1543 1062 1598 1087 σοι
1633 1045 1826 1097 πυθέσθαι,
1861 1046 1975 1086 ταῦτά
2005 1063 2064 1098 μοι
2097 1048 2191 1087 δοκεῖ
2232 1048 2324 1101 φρά-

1267 1123 1340 1148 σειν
1363 1109 1440 1161 (w),
1461 1123 1524 1147 και
1542 1105 1675 1145 τούτων
1697 1104 1858 1152 ἀξιώσειν
1892 1106 2080 1159 εὐαγγέλια
2099 1107 2163 1160 (2ο)
2185 1106 2323 1146 δικαίαν

148 634 246 682 ὄντος
266 635 374 689 νόμου
396 636 437 676 τὸ
455 635 607 676 παλαιὸν
624 637 713 686 ἡμῖν
743 633 878 685 μηδένα
901 632 996 678 ξένον
1019 631 1199 683 μυεῖσθαι,

152 695 333 750 βουληθεὶς
365 698 528 748 μυεῖσθαι
557 694 715 748 γίγνεται
737 692 874 733 Πυλίου
903 691 952 744 (6)
981 689 1078 734 θετὸς
1115 688 1200 733 υἱός.

149 753 288 797 Τούτου
308 754 452 801 δὲόντος
467 753 646 806 τοιούτου,
664 752 744 797 τους
762 751 886 804 λόγους
903 750 982 798 ἐξῆν
1003 748 1201 802 Ἰσοκράτει

148 813 302 868 λέγεινε
282 831 330 860 ως
355 813 446 868 πρὸς
469 812 644 861 πολίτην,
663 810 784 858 ἐπειδὴ
803 810 843 850 τὸ
861 809 956 862 γένος
982 811 1081 860 ὑμῶν
1104 810 1148 861 (7)
1167 808 1202 848 ἃ·

151 889 227 916 στιν
248 874 309 929 ἀφ’
327 872 561 927 Ἡρακλέους,
585 871 675 925 μετὰ
693 874 807 911 ταῦτα
823 869 886 915 τὰς
909 868 1135 921 Ἀλεξάνδρου
1156 868 1202 921 (8)

148 937 211 974 τοῦ
218 935 286 974 σοῦ
304 932 502 987 προγόνου,
518 932 580 972 καὶ
596 934 665 971 τῶν
681 930 797 971 ἄλλων
813 928 877 974 τὰς
896 930 943 974 εἷς
959 927 1203 977 τὴνἙλλάδα

147 992 336 1048 γενομένας
358 991 557 1047 εὗεργεσίας
587 989 827 1043 ἐξαγγέλλειν.
904 988 996 1029 Νυνὶ
1016 988 1052 1028 δὲ
1084 986 1204 1041 ὥσπερ

150 1051 368 1108 ἆποῤῥήτους
387 1050 568 1105 συμφορὰς
589 1053 705 1090 αὐτῶν
720 1047 1051 1096 κατασεσιώπηκεν.
1111 1047 1204 1101 Ξέρ-

150 1106 209 1156 {ou
227 1110 272 1168 (ο)
291 1111 361 1164 γὰρ
381 1109 547 1166 πρέσὸεις
568 1110 628 1150 ἐπὶ
645 1108 886 1158 τὴνἙλλάδα
912 1108 1120 1163 πέμψαντος
1136 1123 1201 1160 γην

151 1170 213 1212 καὶ
230 1170 324 1224 ὕδωρ
345 1170 555 1220 αἰτήσοντας
569 1168 833 1222 ,Ἀλέξανδρος
850 1168 931 1214 τους
951 1168 1014 1220 μὲν
1031 1167 1198 1223 πρέσὸεις

1266 1167 1371 1222 χάριν
1391 1166 1614 1219 Ἀντιπάτρῳ
1632 1179 1735 1219 παρα
1754 1168 1818 1204 σοῦ
1839 1165 1996 1225 δοθῆναι.
2071 1165 2162 1219 Περὶ
2181 1165 2249 1219 γὰρ
2262 1169 2325 1213 τ’ῆς

1267 1225 1475 1278 γιγνομένης
1509 1223 1706 1269 Ὀλυνθίοις
1740 1224 1880 1277 χώρας,
1917 1227 1963 1269 ὡς
1993 1224 2067 1264 ἔστι
2098 1225 2139 1264 τὸ
2174 1225 2324 1265 παλαιὸν

1267 1284 1534 1340 Ἡρακλειδῶν,
1555 1283 1632 1324 ἀλλ’
1651 1286 1690 1323 οὒ
1719 1284 1954 1333 Χαλκιδέων,
1975 1286 1994 1323 ὁ
2023 1283 2135 1337 φέρων
2154 1283 2217 1332 τὴν
2248 1286 2325 1323 ἐπι-

1269 1343 1395 1392 στολὴν
1408 1345 1474 1396 (21)
1496 1342 1599 1395 μόνος
1613 1342 1675 1383 καὶ
1691 1344 1833 1396 πρῶτος
1853 1342 2072 1389 ἀξιοπίστους
2087 1342 2215 1394 μύθους
2231 1343 2326 1396 εἴρη-

1269 1420 1338 1443 κεν.
1394 1403 1468 1443 Τὸν
1497 1403 1601 1442 αὐτὸν
1627 1402 1711 1455 γάρ,
1736 1418 1848 1455 φησι,
1867 1402 1996 1455 τρόπον
2019 1402 2142 1450 Νηλέα
2163 1402 2230 1456 (22)
2218 1401 2325 1453 )μὲν

1270 1465 1305 1502 ἐν
1326 1462 1522 1515 Μεσσήνῃ,
1543 1461 1702 1513 Συλέα(
1690 1462 1753 1515 (28)
1785 1460 1822 1500 δὲ
1842 1462 1923 1515 περὶ
1941 1461 1999 1501 τὸν
2034 1462 2320 1516 Ἀμφιπολιτικὸν

153 1235 366 1277 ἀπέκτεινεν·
397 1232 541 1288 ὕστερον
573 1233 636 1282 δέ,
665 1230 924 1278 στασιαζόντων
954 1234 1023 1270 τῶν
1059 1230 1206 1285 βαρὸά-

161 1294 300 1349 ρων,οἱ
316 1291 493 1342 Ἕλληνες
515 1292 575 1332 ἐπὶ
601 1291 664 1340 τὴν
684 1290 860 1344 ἡμετέραν
891 1290 1110 1345 Ἡράκλειαν
1142 1290 1206 1343 (ιο)

155 1353 385 1406 ἀπήντησαν,
404 1351 630 1406 Ἀλεξάνδρου
647 1350 684 1390 δὲ
703 1353 763 1389 τοῦ
787 1349 960 1401 Ἀμύντου
980 1350 1043 1398 τὴν
1060 1351 1206 1390 Θεττα-

150 1414 222 1454 λῶν
237 1412 429 1468 προδοσίαν
453 1413 517 1464 (ιι)
535 1417 606 1457 τοῖς
625 1411 784 1458 Ἕλλησι
802 1409 1038 1460 μηνύσαντος,
1054 1409 1204 1455 ,ἀναζεύ-

152 1471 272 1517 ξαντις
287 1473 320 1512 οἱ
337 1470 515 1520 ’Έλληνες
534 1472 579 1510 δι’
600 1470 831 1523 Ἀλέξανδρον
847 1469 1045 1518 ἐσώθησαν.
1078 1468 1207 1508 Καίτοι

1269 1523 1376 1562 τόπον
1394 1524 1452 1576 υφ’
1473 1521 1692 1574 Ηρακλέους
1709 1521 1877 1574 ὖὸριστὰς
1899 1521 2003 1567 ὄντας
2029 1522 2246 1573 ἀπολέσθαι,
2266 1522 2327 1561 καὶ

1270 1583 1412 1630 δοθηναι
1441 1580 1747 1635 παρακαταθήκην
1773 1582 1981 1635 φυλάττειν,
2004 1582 2157 1635 Νέστορι
2186 1582 2249 1633 μὲν
2274 1585 2326 1635 τῶ

1270 1643 1420 1690 Νηλέως
1451 1641 1647 1690 Μεσσήνην
1678 1642 1760 1695 (24),
1782 1642 1920 1695 Δικαίῳ
1949 1642 1986 1680 δὲ
2012 1645 2064 1695 τῶ
2098 1642 2240 1686 Συλέως
2263 1621 2325 1694 (25.)

1272 1705 1412 1757 ἀδελφῷ
1428 1702 1492 1751 τὴν
1509 1701 1674 1742 Φυλλίδα
1690 1700 1824 1754 χώραν·
1849 1701 1908 1741 καὶ
1926 1701 2119 1749 Μεσσήνην
2137 1701 2200 1752 μὲν
2224 1701 2325 1742 ὅστε-

1274 1778 1330 1816 ρον
1347 1763 1495 1806 πολλαῖς
1520 1763 1655 1813 γενεαῖς
1678 1760 1906 1814 Κρεσφόντην
1928 1761 1992 1813 (26)
2013 1760 2242 1811 κομίσασθαι,
2264 1762 2327 1807 τὴν

150 1529 284 1571 τούτων
312 1529 383 1583 χρὴ
415 1528 454 1570 ‹if›
476 1528 579 1582 μόνον
599 1528 789 1582 Ἡρόδοτον
822 1529 882 1567 καὶ
913 1527 1111 1579 Δαμάστην
1144 1528 1204 1578 (12)

152 1592 353 1643 μεμνῆσθαι
372 1592 443 1629 τῶν
463 1590 668 1642 εὐεργεσιῶν
681 1619 692 1637 ,
713 1588 805 1628 ἀλλὰ
833 1587 893 1626 καὶ
923 1586 982 1626 τὸν
1003 1587 1037 1625 ἐν
1057 1585 1132 1629 ταῖς
1150 1584 1206 1624 τέ-

150 1663 254 1703 χναις
274 1647 555 1702 ἀποφαινόμενον
586 1648 626 1687 ἐκ
644 1652 705 1687 τοῦ
726 1648 795 1685 τῶν
818 1645 999 1699 προγόνων
1031 1644 1207 1698 ἐγκωμίου

151 1706 357 1753 εὗνουςδιῖν
371 1709 522 1755 ποιῆσαι
540 1705 620 1750 τοὺς
640 1705 816 1759 ἀκροατάς
833 1706 915 1757 (1³).
967 1703 1150 1756 Προσήκει
1170 1703 1206 1743 δὲ

151 1766 215 1808 καὶ
244 1765 311 1815 τὴν
342 1767 378 1806 ἓν
405 1765 606 1810 Πλαταιαῖς
639 1765 697 1804 ἐπὶ
730 1764 932 1815 Μαρδονίου
971 1763 1206 1816 γεγενημένην

151 1826 332 1877 δηλῶσαι,
349 1823 485 1868 καὶτὰς
507 1822 586 1872 ἑξῆς
605 1823 730 1863 τούτου
749 1823 811 1869 τὰς
834 1826 904 1863 τῶν
931 1825 1001 1862 σῶν
1026 1821 1206 1876 προγόνων

152 1883 366 1938 οὖεργεσίας.
423 1882 548 1928 Οὕτως
569 1883 636 1936 γὰρ
656 1881 699 1922 ἂν
726 1885 744 1922 ὁ
764 1884 843 1937 περὶ
874 1882 936 1936 (ιε)
969 1885 1030 1922 σοῦ
1057 1881 1204 1936 γραφεὶς

1271 1821 1306 1860 δὲ
1334 1821 1578 1874 Ἀμφιπολῖτιν
1611 1820 1676 1874 (27)
1708 1819 1951 1873 ἹΙρακλειδῶν
1985 1813 2092 1860 ουσαν
2124 1819 2328 1870 Ἀθηναίους

1271 1881 1332 1920 καὶ
1351 1882 1542 1925 Χαλκιδεῖς
1559 1880 1696 1919 λαὸειν.
1745 1879 1935 1926 ζΩσαύτως
1952 1880 2011 1932 (28)
2001 1882 2086 1934 )ὑφ’
2108 1880 2328 1933 Ἡρακλέους

150 2091 253 2126 tenuo
272 2087 496 2135 praetermissa
517 2097 592 2123 esse
606 2091 746 2131 questus
764 2092 826 2122 est.
873 2092 994 2122 Eorum
1011 2099 1117 2131 pauca
1137 2098 1210 2122 me·
1271 2098 1339 2131 quo
1367 2089 1408 2122 ad
1433 2089 1572 2122 Plataeas
1598 2089 1661 2122 sub
1691 2088 1864 2121 Mardonio
1887 2088 1997 2122 ornati
2026 2089 2120 2131 estis,
2143 2092 2329 2132 caeteraque

151 2158 284 2185 moram
305 2148 460 2184 conabor.
504 2147 632 2181 Etenim
665 2149 828 2181 Isocrates
845 2156 954 2189 neque
970 2147 1132 2180 beneficia
1144 2157 1164 2180 a
1176 2149 1210 2180 te
1271 2147 1348 2180 huic
1364 2148 1513 2190 proxima
1529 2148 1692 2189 majorum
1711 2149 1847 2181 tuorum
1865 2148 1983 2181 merita
2006 2148 2205 2182 declaranda
2221 2151 2328 2184 erant.

151 2210 187 2244 et
200 2207 380 2252 maioribus
397 2206 468 2241 tuis
485 2206 625 2240 Graeciae
643 2206 767 2240 tributa
786 2206 989 2248 declaravit,
1005 2215 1114 2248 neque
1134 2215 1208 2249 pro-
1275 2209 1309 2240 T·
1303 2207 1364 2240 ilis
1379 2207 1467 2240 enim
1483 2216 1522 2239 01
1523 2207 1591 2240 atio
1609 2207 1652 2240 de
1668 2209 1702 2240 te
1722 2207 1845 2249 scripta
1864 2208 2057 2241 Graecorum
2067 2207 2328 2242 benevolentiam

151 2268 215 2303 bra
229 2277 252 2302 a
268 2266 467 2312 quibusdum
481 2265 517 2299 in
530 2267 565 2300 te
580 2266 704 2309 iactata
718 2265 829 2308 diluit,
850 2274 955 2307 neque
973 2265 1008 2298 in
1021 2265 1155 2307 scriptis
1167 2265 1210 2298 ad

105 2322 107 2326 ’
150 2328 185 2361 te
205 2325 316 2360 m‘usis
330 2324 477 2360 Platonis
495 2313 714 2358 insectatione
731 2325 901 2358 abstinuit.
951 2325 1052 2365 Atqui
1065 2324 1209 2358 debebat

150 2387 230 2421 mo
241 2386 363 2427 munia,
380 2385 650 2428 quoeinteroedat
665 2385 761 2419 vobis
775 2395 851 2419 cum
870 2388 982 2421 nostra
999 2386 1080 2419 urbe
1097 2394 1208 2418 neces-

149 2443 263 2479 nit-do
276 2453 342 2478 non
368 2444 534 2487 ignotam,
557 2443 618 2477 sed
643 2443 783 2490 posteris
803 2445 870 2477 tuis
890 2454 963 2479 eam
991 2432 1125 2487 planam
1155 2443 1206 2476 sa-

150 2511 240 2538 me.
282 2503 441 2538 Remulos
469 2502 580 2544 enim,
607 2511 710 2545 quum
738 2503 817 2536 olim
846 2504 917 2546 lege
945 2506 1098 2537 sanctum
1119 2505 1208 2536 esset

1270 2266 1374 2308 magis
1392 2266 1595 2308 collegisset,
1623 2276 1722 2308 quam
1742 2266 1885 2300 hominis
1909 2267 2034 2300 nullam
2058 2268 2190 2302 laudem
2214 2271 2326 2302 vestro

1270 2334 1370 2366 regno
1391 2325 1570 2358 tribuentis
1587 2335 1705 2358 sermo.
1728 2326 1863 2359 Licebat
1879 2326 1979 2360 etiam
2001 2336 2054 2360 res
2077 2329 2152 2362 ante
2168 2329 2325 2362 Isocratis

1269 2387 1402 2419 ‘etatem
1419 2388 1528 2428 gestas
1554 2385 1754 2427 edisserere,
1782 2386 1966 2427 praesertim
1984 2396 2100 2429 quum,
2128 2389 2167 2421 ut
2185 2388 2256 2431 ipse
2269 2388 2322 2421 di-

1268 2445 1324 2486 cit,
1344 2445 1534 2487 incorrupta
1550 2445 1668 2478 mentis
1693 2445 1836 2479 sanitate
1853 2447 1951 2479 esset.
2001 2447 2137 2481 Poterat
2155 2446 2238 2481 item
2256 2448 2323 2481 cri·-

1267 2504 1461 2537 minationes
1481 2505 1639 2547 repellere
1662 2514 1740 2547 quae
1758 2505 1800 2538 ab
1826 2504 1990 2547 Olynthiis
2006 2508 2206 2549 plerumque
2235 2508 2317 2542 asfe-

1267 2563 1430 2596 rnebantur
1477 2564 1558 2602 Quis
1586 2564 1673 2597 enim
1699 2565 1734 2598 te
1757 2564 1840 2598 adeo
1863 2565 2004 2598 stultum
2037 2566 2251 2609 existimabit,
2284 2570 2324 2602 ut

1266 2623 1534 2665 belligerantibus
1553 2624 1664 2656 tecum
1678 2623 1810 2666 Illyriis,
1825 2624 2018 2666 Thracibus,
2043 2627 2204 2668 practerea
2221 2628 2315 2662 Athe·

1266 2681 1432 2715 aiensibus
1449 2683 1482 2716 et
1500 2682 1782 2724 Lacedaemoniis,
1813 2693 1874 2717 nec
1894 2694 1959 2718 non
1984 2686 2115 2719 caeteris
2141 2686 2266 2721 Graecis
2288 2690 2322 2721 et

1264 2741 1424 2780 barbaris,
1441 2742 1604 2783 Olynthiis
1614 2751 1704 2775 arma
1724 2743 1860 2776 inseras.
1854 2746 1867 2768 ³
1887 2743 1958 2777 Sed
1967 2745 2009 2778 de
2029 2744 2084 2778 his
2098 2744 2217 2779 rebus'
2206 2756 2242 2779 ιιι
2255 2746 2322 2789 epi-

1264 2801 1347 2833 stola
1360 2800 1401 2833 ad
1419 2802 1452 2834 te
1463 2801 1540 2833 data
1553 2810 1617 2834 non
1636 2803 1687 2835 est
1700 2802 1865 2844 copiosius
1876 2803 2124 2846 disputandum.
2148 2807 2230 2844 Quae
2240 2815 2321 2840 vero

1264 2859 1420 2892 orationis
1439 2869 1575 2893 cursum
1598 2870 1663 2894 non
1685 2863 1857 2895 morantur
1881 2864 1914 2895 et
1938 2863 1981 2896 ab
1999 2864 2180 2899 omnibus
2167 2875 2237 2906 Jam
2249 2866 2319 2909 pri-

150 2561 307 2606 Athenis,
325 2571 370 2598 no
380 2561 573 2605 perminus
591 2561 758 2604 mysteriis
775 2561 973 2601 initiaretur,
998 2560 1124 2593 initiari
1143 2569 1204 2592 cu-

148 2622 242 2666 pims
271 2630 294 2656 a
317 2621 410 2664 Pylio
430 2620 610 2663 adoptatus
641 2621 705 2654 est.
762 2622 846 2659 Quae
878 2629 933 2654 res
958 2629 1062 2662 quum
1091 2619 1138 2652 ita
1172 2627 1207 2651 se

149 2681 282 2723 labent,
308 2681 344 2715 in
375 2682 411 2714 te
436 2681 595 2722 tauquam
619 2680 655 2712 in
672 2679 797 2720 civem,
827 2679 984 2721 quoniam
1000 2679 1043 2712 ab
1063 2678 1206 2712 Hercule

132 2731 256 2785 'genus
275 2739 384 2781 ducis,
415 2738 559 2773 Isocrati
583 2738 674 2773 dicta
697 2739 845 2782 ingerere
867 2738 1006 2779 licebat,
1033 2740 1109 2781 post
1133 2738 1206 2770 haec

148 2802 263 2834 autem
278 2798 479 2840 Alexandn‘j
490 2798 587 2832 unius
605 2807 625 2832 e
645 2797 824 2840 majoribus
837 2798 906 2831 tuis
920 2823 928 2838 ‚
941 2801 1204 2838 caeterorumque

148 2857 311 2894 bustim
327 2857 418 2901 apud
435 2859 570 2891 Graecos
586 2858 746 2891 collocata
765 2857 941 2891 celebrare.
987 2859 1030 2890 At
1042 2866 1129 2890 nunc
1147 2857 1202 2889 ille

148 2917 322 2961 qutimn
338 2917 558 2961 divulgandas
587 2917 699 2951 clades
716 2917 867 2960 ipsorum
882 2926 938 2950 res
953 2916 1036 2950 istas
1059 2916 1201 2950 relicuit.

148 2975 320 3022 &quum
352 2976 478 3020 legatos
517 2986 538 3010 a
570 2978 678 3011 Xerxe
707 2977 742 3010 in
774 2976 938 3010 Graeciam
969 2976 1108 3017 missos,
1145 2977 1205 3018 qui

148 3044 270 3081 aquen
281 3037 450 3073 “tunm
467 3039 658 3080 poscerent,
677 3036 863 3070 Alexander
875 3036 1040 3070 interfecit
1061 3048 1070 3069 z
1085 3035 1203 3070 deinde

144 3097 299 3135 ‘butham
315 3097 472 3133 seditioso
482 3097 570 3132 inter
590 3107 627 3132 se
643 3099 858 3140 certantibus,
883 3098 995 3133 Graeci
1010 3097 1202 3131 Heracleam

149 3161 298 3193 nostram
327 3158 534 3202 petiverunt,
565 3159 600 3193 et
633 3159 818 3197 Alexandro
847 3160 1000 3201 Amyntoe
1028 3157 1096 3191 filio
1122 3157 1203 3200 ipsis

149 3216 383 3255 Thessalam
409 3217 628 3260 proditionem
658 3218 819 3252 indicanti
851 3226 1045 3262 prosperum
1076 3216 1110 3249 in
1142 3226 1201 3259 pa·

150 3276 248 3311 trhm
261 3275 408 3311 reditum
422 3276 619 3311 debuerunt.
664 3280 874 3320 Quamquam
896 3277 1014 3310 horum
1029 3275 1204 3309 beneficio-

149 3343 227 3370 ιω
239 3344 307 3370 nou
330 3336 440 3370 solum
459 3336 667 3374 Herodotum
683 3346 724 3371 ac
747 3338 927 3370 Damasten
947 3344 1112 3369 memores
1130 3344 1202 3370 ease

150 3393 339 3436 mrtem,
364 3394 425 3429 sed
449 3395 545 3430 illum
570 3396 672 3430 etiam
696 3396 754 3438 qui
773 3396 807 3429 in
832 3394 1039 3429 instimfione
1059 3395 1202 3430 oratoria

152 3452 274 3494 malit,
299 3462 318 3486 c
338 3453 501 3495 umjorum
533 3455 688 3489 laudibus
720 3455 908 3488 auditorum
939 3453 1200 3488 benevolentiam

1264 2919 1339 2952 dem
1374 2919 1503 2952 silentio
1536 2921 1705 2962 praeterita
1736 2923 1825 2963 sunt,
1858 2923 1894 2955 et
1913 2931 2057 2964 quorum
2085 2924 2230 2966 cognitio
2258 2926 2319 2959 tibi

1262 2979 1419 3021 prodesse
1433 2980 1568 3022 potest:
1591 2989 1629 3013 ea
1647 2980 1729 3014 mihi
1744 2980 1884 3014 dicenda
1905 2982 2059 3016 videntur
2071 2983 2236 3027 simulque
2254 2987 2319 3019 ate

1264 3039 1465 3080 petendum,
1494 3039 1532 3073 ut
1556 3049 1618 3082 pro
1651 3039 1719 3073 illis
1747 3040 1929 3083 Antipatro
1947 3044 2137 3084 exoptatum
2165 3044 2317 3078 nuntium

1263 3098 1412 3131 afferenti
1429 3098 1583 3132 meritum
1601 3099 1772 3141 praemium
1788 3100 1859 3133 des.
1907 3102 2056 3143 Namque
2073 3111 2200 3145 agmm,
2215 3112 2317 3145 quem

1264 3157 1410 3200 Olynthii
1438 3158 1621 3200 possident,
1647 3159 1726 3193 olim
1746 3159 2007 3202 Heraclidarum,
2030 3171 2096 3194 non
2117 3161 2315 3197 Chalciden-

1263 3217 1349 3251 sium
1364 3216 1476 3259 fuisse,
1495 3217 1568 3260 ipse
1583 3219 1642 3260 qui
1654 3219 1715 3252 tibi
1728 3219 1855 3253 litteras
1874 3220 2003 3262 reddit,
2025 3221 2118 3255 solus
2137 3224 2170 3255 et
2189 3223 2316 3264 primus

1262 3277 1423 3320 probabili
1439 3278 1566 3312 ratione
1592 3278 1843 3313 demonstravit.
1890 3279 2014 3314 Eodem
2032 3281 2120 3314 enim
2144 3281 2242 3314 modo
2269 3283 2316 3316 ait

1262 3337 1400 3370 Nelcum
1415 3338 1502 3380 apud
1520 3338 1720 3380 Messenios,
1744 3340 1880 3382 Syleum
1898 3341 2012 3373 autem
2034 3340 2067 3372 in
2092 3339 2223 3382 regione
2238 3342 2316 3375 Am-

1262 3395 1466 3439 phipolitana
1491 3398 1534 3431 ab
1556 3399 1696 3432 Hercule
1718 3401 1756 3432 ut
1775 3399 1953 3441 injuriosos
1970 3399 2164 3439 trucidatos,
2193 3401 2226 3433 et
2239 3401 2315 3434 tan-

1263 3465 1364 3499 quam
1381 3466 1451 3490 1em
1473 3457 1656 3499 depositam
1683 3458 1815 3491 Nestori
1836 3457 1970 3500 quidem
1989 3458 2080 3491 Nelei
2102 3457 2168 3490 filio
2186 3460 2309 3493 Messe·

2084 3537 2120 3567 6.

149 2032 321 2074 nudavit,
342 2031 500 2065 beneficia
517 2032 631 2064 autern
647 2040 667 2064 a
679 2031 774 2064 vobis
789 2030 823 2063 in
841 2030 1004 2063 Graeciam
1018 2030 1138 2063 collata
1162 2029 1207 2062 si·
1233 2010 1245 2795 J
1271 2030 1395 2063 oratori
1422 2039 1497 2063 esse
1519 2029 1768 2064 conciliandam.
1813 2031 1981 2063 Praeterea
2007 2029 2092 2063 illud
2113 2030 2326 2071 beneficium,
