2508 3776
342 278 419 317 342

389 363 404 379 *
425 361 499 400 Εἰσὶ
517 360 551 398 δὲ
568 360 646 412 περὶ
662 360 723 406 τὴν
742 360 834 398 δόσιν
847 362 906 400 καὶ
927 360 991 408 τὴν
1004 362 1111 415 λῆψιν
1130 366 1198 402 τῶν
1217 364 1360 416 χρημά-

333 436 400 458 των
431 418 490 457 καὶ
525 420 613 465 ἄλλη
641 418 789 468 μεσότης
822 419 881 457 καὶ
917 420 1021 471 ἄκρα.
1057 420 1126 460 Καὶ
1156 421 1248 460 ἔστιν
1271 422 1358 470 ἄλλη

331 477 478 528 μεσότης
499 477 560 527 μὲν
582 478 877 528 μεγαλοπρέπεια·
903 478 1077 532 (διαφέρει
1094 479 1161 530 γὰρ
1181 483 1243 527 τῆς
1265 482 1360 519 ἐλευ-

329 535 541 588 θεριότητος,
577 534 627 572 ὅτι
648 540 669 582 ἠ
701 534 762 585 μὲν
798 536 935 585 μεγάλα
954 538 1029 576 τινὰ
1055 534 1237 589 προίεται,
1262 541 1283 585 ἡ
1321 539 1356 576 δὲ

328 594 482 645 μικρά,)
507 593 704 645 ὓπερὸολή,
739 594 964 655 ἀπειροξαλία
986 594 1045 634 καὶ
1080 596 1270 648 βαναυσία·
1297 597 1358 634 ἔλ-

324 654 437 705 λειψις
450 682 460 699 ,
480 652 747 704 μικροπρέπεια·
762 653 822 691 καὶ
842 656 944 691 αὗται
963 653 1030 705 γὰρ
1057 653 1256 706 διαφέρουσι
1286 658 1355 693 τῶν

324 713 386 757 τῆς
405 709 679 760 ἐλευθεριότητος
692 708 823 763 ἄκρων.
841 712 888 749 Αἱ
905 710 940 748 δὲ
962 711 1123 764 διαφοραὶ
1142 712 1230 762 μετὰ
1245 715 1355 751 ταῦτα

325 769 546 820 ῥηθήσονται.

374 825 416 849 **
437 828 496 864 Ἐν
517 824 552 862 δὲ
567 827 617 878 τῷ
633 824 714 877 περὶ
731 823 794 872 τὴν
809 826 915 878 τιμὴν
930 826 989 865 καὶ
1002 826 1144 877 ἀτιμίαν
1165 827 1267 866 πάθει
1289 844 1354 879 με-

323 884 426 931 σότης
453 884 515 935 μὲν
549 884 806 939 μεγαλοψυχία·
837 885 1014 938 ὓπερὸολὴ
1037 885 1072 924 δὲ
1100 887 1273 940 χαυνότης
1305 904 1355 933 τις

321 943 513 993 λεγομένη,
533 944 684 997 ἔλλειψις
714 945 749 982 δὲ
771 946 1000 999 μικροψυχία.

370 1000 421 1018 ***
441 1001 506 1045 “Ως
523 1000 558 1040 δὲ
579 1003 740 1053 ἐλέγομεν
759 1003 931 1057 διαφέρειν
954 1003 1014 1048 τὰς
1034 1005 1115 1055 περὶ
1129 1004 1170 1043 τὰ
1186 1005 1353 1059 χρήματα

319 1058 502 1107 διαθέσεις,
521 1058 583 1105 τὴν
604 1060 864 1112 ἐλευθεριότητα
883 1062 1036 1114 δηλαδή,
1057 1063 1116 1101 καὶ
1138 1063 1354 1115 μεγαλοπρέ-

320 1131 421 1155 πειαν
441 1121 490 1169 τῷ
510 1118 572 1164 τὴν
606 1117 667 1168 μὲν
698 1119 962 1171 ἐλευθεριότητα
993 1121 1073 1173 περὶ
1111 1121 1217 1174 μικρὰ
1246 1114 1350 1171 εἶναι,

317 1170 396 1227 περὶ
423 1175 560 1226 μεγάλα
587 1176 624 1214 δὲ
644 1176 707 1222 τὴν
742 1177 1061 1229 μεγαλοπρέπειαν·
1082 1178 1171 1217 οὕτω
1192 1179 1252 1218 καὶ
1271 1180 1350 1233 περὶ

315 1232 380 1279 τὴν
397 1233 501 1284 τιμὴν
516 1233 590 1272 ἐστί
605 1250 654 1278 τις
670 1235 820 1278 διάθεσις
837 1237 1047 1288 διαφέρουσα
1069 1241 1130 1285 τῆς
1149 1239 1350 1291 μεγαλοψυ-

315 1291 395 1343 χίας
414 1294 463 1343 τῷ
479 1291 540 1338 τὴν
563 1290 624 1342 μὲν
643 1293 722 1346 περὶ
743 1292 852 1345 μικρὰ
871 1287 978 1341 εἶναι,
998 1295 1060 1341 τὴν
1081 1295 1117 1334 δὲ
1141 1299 1347 1349 μεγαλοψυ-

314 1349 396 1401 χίαν
415 1351 495 1402 περὶ
524 1351 675 1402 μεγάλα.
694 1351 800 1390 Ἔστι
819 1351 887 1404 γὰρ
908 1353 1089 1404 ὀρέγεσθαι
1103 1358 1208 1404 τιμῆς
1224 1357 1269 1399 ὡς
1285 1357 1347 1404 δεῖ,

314 1408 374 1447 καὶ
388 1409 481 1447 ἔστιν
501 1408 682 1461 ὀρέγεσθαι
702 1410 804 1448 πλέον
824 1409 847 1456 ἢ
875 1411 1067 1462 προσήκει,
1086 1411 1145 1450 καὶ
1165 1407 1267 1459 ἧττον
1287 1421 1347 1455 τοῦ

313 1466 459 1510 δέοντος·
491 1468 628 1517 λέγεται
657 1469 723 1520 γὰρ
746 1470 766 1505 ὁ
788 1467 850 1518 μὲν
871 1468 1099 1520 ὓπερὸάλλων
1120 1477 1196 1514 ταῖς
1215 1472 1346 1524 ὀρέξεσι

312 1524 492 1578 φιλότιμος
512 1554 522 1572 ,
541 1526 601 1564 καὶ
620 1530 641 1573 ἡ
665 1526 818 1570 διάθεσις
845 1527 1040 1579 φιλοτιμία·
1072 1531 1090 1566 ὃ
1111 1530 1146 1566 δὲ
1177 1529 1344 1570 ἐλλείπων

310 1582 524 1635 ἀφιλότιμος·
541 1586 562 1630 ἡ
584 1583 620 1622 δὲ
635 1584 788 1628 διάθεσις
803 1584 994 1635 ἀνώνυμος·
1014 1589 1035 1633 ἡ
1057 1586 1093 1624 δὲ
1115 1587 1264 1636 μεσότης
1284 1590 1344 1629 καὶ

310 1641 395 1688 αὐτὴ
417 1642 613 1693 ἀνώνυμος,
633 1643 708 1690 ἥτις
729 1643 882 1695 διαφέρει
911 1646 972 1690 τ’ῆς
1007 1647 1272 1699 μεγαλοψυχίας
1290 1652 1334 1701 τῇ

307 1701 474 1753 εἰρημένῃ
500 1703 661 1755 διαφορᾷ.
687 1703 757 1741 Καὶ
778 1703 865 1742 διότι
891 1703 1068 1754 ἀνώνυμος
1089 1707 1106 1743 ὃ
1125 1707 1250 1758 μέσος,
1273 1708 1342 1747 ἀπὸ

306 1763 374 1798 τῶν
398 1759 510 1811 ἄκρων
533 1761 762 1809 ὀνομάζεται,
785 1760 870 1799 διότι
888 1762 947 1799 καὶ
967 1763 1170 1816 ἀμφοτέρων
1189 1764 1342 1817 μετέχει,

305 1818 366 1856 καὶ
380 1818 465 1856 ποτὲ
490 1818 551 1867 μὲν
568 1819 749 1870 φιλότιμον
765 1819 866 1857 αὐτὸν
884 1822 1059 1868 καλοῦμεν
1072 1851 1083 1872 ,
1102 1822 1187 1861 ποτὲ
1204 1822 1238 1861 δὲ
1262 1825 1329 1876 ἀφ-

305 1875 460 1924 λότιμον·
483 1877 542 1913 καὶ
560 1876 642 1914 ποτὲ
667 1877 728 1927 μὲν
747 1879 952 1928 ἐπαινοῦμεν
969 1878 1027 1917 τὸν
1041 1880 1237 1933 φιλότιμον,
1256 1881 1339 1920 ποτὲ

305 1933 340 1971 δὲ
357 1934 418 1971 τὸν
439 1934 655 1985 ἀφιλότιμον.
678 1936 776 1978 Τίνος
797 1936 831 1973 δὲ
859 1936 962 1988 χάριν
979 1941 1081 1976 τοῦτο
1097 1943 1281 1989 ποιοῦμεν,
1303 1942 1338 1978 ἐν

303 1997 374 2035 τοῖς
405 1991 481 2038 ἑξῆς
514 1992 712 2044 ῥηθήσεται·
733 1997 790 2031 νῦν
813 1993 847 2032 δὲ
876 1995 954 2047 περὶ
973 1997 1041 2034 τῶν
1061 1997 1191 2036 λοιπῶν
1218 2001 1336 2037 παθῶν

303 2050 480 2102 λέγωμεν,
500 2052 677 2096 ζητοῦντες
697 2053 731 2090 ἐν
760 2052 895 2104 ἑκάστῳ
922 2052 986 2100 τὴν
1005 2053 1182 2104 μεσότητα
1213 2055 1271 2094 καὶ
1292 2055 1337 2094 τὰ

303 2108 406 2159 ἄκρα.

354 2166 423 2185 ****
437 2167 539 2206 Ἔστι
559 2167 668 2206 τοίνυν
686 2170 719 2207 ἐν
736 2171 778 2220 τῇ
798 2170 882 2222 ὀργῇ
898 2169 1046 2220 μεσότης
1063 2169 1125 2220 μὲν
1140 2172 1296 2223 πραότης
1308 2179 1334 2198 ⁶·

303 2225 344 2278 (ὁ
365 2226 430 2279 γὰρ
453 2226 555 2277 μέσος
583 2233 690 2278 πρᾶος
709 2226 886 2279 λέγεται·)
915 2228 958 2266 τὰ
980 2228 1016 2267 δὲ
1042 2228 1133 2281 ἄκρα
1151 2230 1331 2282 ἀνώνυμα.

302 2286 486 2323 Καλείσθω
504 2284 575 2331 δὲή
595 2285 657 2334 μὲν
678 2285 854 2338 ὓπερὸολὴ
878 2287 1057 2338 ὀργιλότης
1073 2318 1085 2340 ,
1106 2287 1167 2326 καὶ
1195 2289 1331 2342 ὀργίλος

298 2344 316 2379 ὁ
338 2342 586 2395 ὓπερῧάλλων,
606 2347 628 2391 ἡ
649 2343 684 2382 δὲ
705 2343 854 2397 ἔλλειψις
876 2346 1064 2398 ἀοργησία,
1084 2347 1146 2385 καὶ
1173 2351 1192 2387 ὁ
1222 2350 1332 2388 ἐλλεί-

297 2414 371 2437 πων
401 2399 581 2452 ἀόργητος.

351 2457 438 2475 *****
459 2459 539 2498 Εἰσὶ
554 2459 661 2498 δὲκαὶ
678 2460 782 2499 ἄλλαι
797 2467 887 2513 τρεῖς
902 2461 1108 2514 μεσότητες,
1128 2465 1167 2503 αἳ
1187 2466 1277 2504 κατά
1293 2482 1327 2506 τι

297 2515 359 2566 μὲν
373 2521 605 2569 κοινωνοῦσιν,
618 2517 737 2570 ἔχουσι
748 2520 782 2558 δὲ
795 2521 854 2559 καὶ
868 2522 1046 2574 διαφοράν.
1063 2524 1143 2562 Τῶν
1155 2524 1222 2576 γὰρ
1240 2526 1330 2577 πρά-

296 2574 379 2618 ξεων
399 2577 458 2613 καὶ
477 2576 605 2627 λόγων,
622 2576 644 2613 ἃ
657 2577 802 2628 λέγομεν
817 2579 876 2616 καὶ
892 2580 1095 2631 πράττομεν
1118 2583 1153 2620 ἐν
1173 2585 1216 2635 τῇ
1245 2583 1329 2636 πρὸς

295 2632 372 2676 τοὺς
393 2633 590 2685 ἀνθρώπους
614 2636 796 2688 κοινωνίᾳ,
815 2636 859 2674 τὰ
891 2637 953 2687 μὲν
982 2638 1066 2690 πρὸς
1086 2638 1249 2686 ἀλήθειαν
1265 2641 1327 2680 λέ-

295 2706 401 2741 γομεν
423 2691 483 2728 καὶ
513 2692 712 2743 πράττομεν
726 2722 738 2738 ‚
769 2693 813 2732 τὰ
850 2694 884 2732 δὲ
905 2696 990 2746 πρὸς
1010 2697 1150 2744 ἡδονήν·
1180 2698 1240 2736 καὶ
1258 2702 1324 2737 τῶν

295 2749 380 2800 πρὸς
396 2749 518 2795 ἡδονὴν
538 2750 582 2788 τὰ
604 2749 665 2800 μὲν
685 2753 827 2797 παιδιᾶς
845 2753 1007 2804 λέγονται
1029 2755 1088 2793 καὶ
1112 2757 1323 2808 πράττονται

294 2807 394 2859 χάριν
408 2839 417 2856 ,
435 2807 478 2845 τὰ
498 2809 533 2846 δὲ
553 2808 654 2847 ἕνεκα
677 2813 737 2857 τῆς
753 2813 877 2858 λοιπῆς
895 2815 956 2858 τῆς
977 2814 1011 2850 ἐν
1032 2817 1080 2866 τῷ
1102 2814 1166 2868 βίῳ
1183 2817 1320 2863 ἡδονῆς·

294 2866 385 2903 ὥστε
404 2871 494 2918 τρεῖς
511 2861 595 2904 εἶναι
617 2867 677 2911 τὰς
698 2869 892 2918 μεσότητας
917 2870 951 2915 ἐξ
970 2872 1137 2923 ἀνάγκης.
1163 2874 1234 2913 Καὶ
1255 2878 1322 2914 τῶν

294 2922 355 2971 μὲν
378 2923 461 2974 πρὸς
488 2923 649 2969 ἀλήθειαν
668 2923 866 2976 λεγομένων
893 2925 914 2973 ἢ
946 2930 1192 2980 πραττομένων
1212 2935 1234 2979 ἡ
1257 2947 1321 2981 gae«

292 2981 393 3027 σότης
417 2982 477 3019 καὶ
503 2982 646 3028 ἀλήθεια
662 2984 878 3033 ὀνομάζεται·
899 2989 965 3023 τῶν
983 2987 1025 3024 ’δὲ
1045 2988 1129 3040 πρὸς
1146 2988 1270 3036 ἡδονὴν
1298 2993 1320 3037 ἡ

292 3038 352 3088 μὲν
372 3039 450 3090 περὶ
470 3038 532 3086 τὴν
548 3040 689 3078 παιδιὰν
711 3042 916 3092 εὐτραπελία
929 3073 939 3090 ,
959 3047 980 3090 ἡ
1011 3045 1046 3082 δὲ
1070 3046 1149 3098 περὶ
1168 3047 1233 3094 τὴν
1253 3048 1322 3086 λοι-

290 3097 359 3143 πὴν
381 3097 506 3143 ἡδονὴν
521 3098 629 3151 φιλία.
648 3100 862 3138 Κοινωνοῧσι
880 3100 942 3150 μὲν
958 3097 1014 3140 οῧν
1032 3104 1211 3153 ἀλλήλαις,
1233 3105 1285 3144 ὅτι
1301 3106 1319 3129 ‘¹

289 3156 399 3194 πᾶσαί
419 3158 485 3193 εἶσι
502 3156 580 3208 περὶ
601 3156 712 3208 λόγων
729 3158 788 3195 καὶ
807 3158 962 3211 πράξεων
976 3163 1166 3200 κοινωνίαν·
1197 3164 1318 3217 διαφέ-

289 3228 386 3264 ρουσι
405 3213 462 3260 δέ,
483 3214 534 3252 ὅτι
554 3215 592 3252 οὐ
613 3215 748 3266 περὶτὰ
772 3215 881 3266 αὐτά,
906 3218 1018 3262 καθὼς
1035 3220 1184 3271 εἴρηται.
1202 3221 1260 3260 Τὰ
1277 3215 1314 3261 δὲ

289 3270 379 3322 ἄκρα
400 3273 511 3309 αὐτῶν
545 3271 723 3323 ἀνώνυμα·
752 3275 1091 3326 ὀνοματοποιήσομεν
1123 3279 1158 3316 δὲ
1190 3279 1249 3317 καὶ
1280 3283 1314 3318 ἐν

288 3330 400 3372 αὐτοῖς
424 3329 611 3382 σαφηνείας
630 3330 729 3369 ἕνεκα
741 3362 750 3379 ,
772 3332 831 3370 καὶ
845 3336 904 3370 τοῦ
918 3335 1045 3386 ῥᾳδίως
1061 3339 1109 3387 τῷ
1130 3337 1221 3389 λόγῳ
1239 3354 1312 3376 πα-

1157 276 1436 318 ANDRONICI
1464 278 1640 318 RHODH

1462 372 1500 404 In
1518 373 1666 415 pecuniis
1690 375 1801 407 autem
1830 376 1898 408 tam
1915 376 2031 410 dandis
2050 387 2150 420 quam
2176 381 2373 423 accipiendis
2395 421 2397 425 Ι
2444 388 2461 414 ἰ

1419 430 1551 464 quoque
1564 423 1774 457 mediocritas
1788 426 1839 458 est
1855 426 1889 458 et
1910 427 2110 462 extremitas.
2129 431 2171 462 Et
2186 430 2398 469 mediocritas
2458 424 2473 428 U

1419 471 1554 512 quidem
1572 474 1811 515 magnificentia
1822 474 2030 507 nominaturz
2049 477 2108 516 (eo
2121 478 2207 511 enim
2223 489 2243 512 a
2259 479 2422 515 liberalite
2464 474 2475 484 ”

1418 516 1550 557 differt,
1577 519 1667 561 quod
1694 519 1796 552 altera
1822 529 1939 562 magna
1965 521 2119 563 quaedam
2143 523 2322 566 impendit,
2350 523 2456 560 albem
2483 520 2495 559 ἲ

1418 576 1495 599 vero
1524 570 1657 611 parva),
1690 569 1827 602 nimium
1868 572 1979 604 autem
2007 571 2175 613 elegantiae
2208 574 2453 616 ignoranti-(set
2496 608 2499 609 ⁷

2238 622 2452 666 denique-id

1418 619 1608 659 sumptuum
1640 618 1801 651 factorum
1828 620 1996 652 rusticitas
2026 622 2165 654 vocatur
2194 633 2204 655 ι

1416 668 1505 708 quod
1518 678 1633 710 parum
1653 671 1704 702 est
1715 669 1868 702 indecora
1886 670 2084 712 parsimonia
2101 673 2311 714 nuncupatur
2327 683 2339 719 ς
2355 681 2453 719 ῃ·-
2492 670 2508 706 f!

1415 727 1480 760 que
1497 720 1530 751 et
1550 718 1603 752 hae
1619 718 1778 752 differunt
1796 728 1815 751 a
1831 728 1959 752 summa
1975 719 2185 754 liberalitate.
2202 721 2268 756 sed
2285 721 2447 782 differq-
2504 718 2508 739 ³

1415 769 1471 802 tiae
1485 771 1599 811 postea
1616 769 1877 811 explicabuntur.

1456 830 1493 860 In
1511 828 1644 861 honoris
1670 837 1748 861 vero
1776 830 1810 860 et
1831 828 1976 860 infamiae
1998 828 2123 862 affectu
2149 829 2359 864 mediocritas
2375 810 2454 874 iiiii-

1413 869 1489 902 dem
1507 869 1607 902 animi
1627 869 1817 910 magnitudo
1835 871 1886 902 cst
1905 883 1914 903 ι
1936 870 2075 902 nimium
2093 872 2205 904 autem
2230 870 2266 904 id
2287 870 2454 914 qued-nt-

1413 914 1486 944 stus
1498 912 1628 959 nominc
1642 911 1834 952 appellatur,
1849 920 1967 952 parum
1980 912 2122 954 denique
2132 911 2269 946 humilis
2281 915 2316 947 et
2326 911 2452 951 densis-

1414 962 1470 986 sus
1490 961 1629 985 animus.
2363 980 2366 982 a

1454 1010 1738 1050 Quemadmodum
1758 1020 1837 1044 vero
1863 1010 1998 1044 differre
2022 1011 2211 1046 notavimus
2239 1021 2296 1047 eas
2313 1021 2391 1057 quae
2413 1013 2452 1055 in

1410 1066 1558 1109 pecuniis
1579 1066 1795 1099 versabantur
1822 1065 2032 1107 affectiones,
2057 1065 2292 1101 liberalitatem
2320 1066 2396 1102 dieo
2415 1071 2450 1102 et
2492 1091 2494 1093 -

1410 1119 1701 1161 magnificentiam,
1734 1118 1825 1162 quod
1843 1119 1947 1152 altera
1968 1120 2098 1162 parvis,
2118 1119 2223 1154 altera
2242 1121 2355 1173 autfflii
2373 1130 2450 1163 ma—

1410 1174 1482 1216 gnis
1501 1175 1680 1216 occupetur
1701 1184 1710 1204 ι
1730 1173 1777 1206 sie
1793 1175 1826 1207 et
1851 1173 1887 1206 in
1913 1173 2037 1207 honore
2063 1173 2196 1208 diversa
2222 1174 2378 1218 quadam
2406 1177 2450 1211 ab

1409 1231 1510 1264 animi
1524 1229 1749 1272 magnitudine
1763 1228 1895 1262 affectio
1908 1230 1978 1267 est,
2001 1229 2092 1272 quod
2112 1227 2228 1262 eodem
2245 1226 2355 1263 mode
2367 1229 2452 1265 alter
2478 1231 2480 1233 ’

1408 1287 1443 1319 in
1459 1287 1590 1328 parvis,
1614 1285 1714 1319 animi
1735 1284 1927 1327 magnitudo
1953 1293 2033 1318 vero
2063 1284 2100 1317 in
2127 1283 2255 1328 magnis
2282 1285 2446 1335 versatim

1407 1343 1490 1374 Nam
1508 1342 1542 1375 et
1558 1342 1710 1383 expetere
1739 1340 1897 1372 honorem
1928 1339 2210 1382 quemadmodum
2236 1341 2379 1383 oportuit,
2410 1342 2450 1374 ret

1407 1398 1512 1439 magis
1538 1406 1638 1439 quam
1669 1396 1774 1435 decet,
1808 1396 1841 1428 et
1859 1394 1969 1427 minus
1999 1404 2100 1437 quam
2130 1394 2322 1437 debemus,
2338 1396 2450 1439 potest

1407 1452 1527 1494 aliquis
1551 1463 1559 1483 ι
1590 1450 1713 1483 dicitur
1742 1449 1828 1482 enim
1859 1449 1917 1491 qui
1946 1449 2080 1482 honoris
2106 1449 2288 1492 eupiditate
2311 1449 2450 1485 modum
2474 1475 2491 1495 γ.

1407 1506 1554 1547 excedit,
1573 1502 1785 1543 ambitiosus,
1800 1504 1875 1547 ipsa
1889 1505 2002 1536 autem
2017 1503 2152 1537 affectio
2169 1514 2178 1536 ε
2193 1504 2253 1548 qui
2269 1503 2448 1540 ambitione

1405 1563 1505 1601 earet,
1531 1561 1713 1594 contemtor
1736 1559 1871 1592 honoris
1896 1558 2100 1601 appellatur:
2115 1558 2212 1601 euJus
2234 1557 2369 1594 affectio
2385 1569 2448 1594 no-

1403 1614 1491 1647 mine
1514 1616 1629 1654 vacat,
1661 1614 1746 1647 sicut
1770 1614 1803 1646 et
1822 1613 2051 1652 mediocritas,
2080 1622 2157 1656 quae
2177 1613 2220 1646 ab
2251 1613 2354 1651 animi
2373 1623 2450 1651 ma-

1403 1671 1571 1712 gnitudine
1594 1679 1633 1703 eo
1647 1679 1714 1712 quo
1726 1669 1871 1702 diximus
1887 1669 1986 1702 modo
2001 1668 2125 1703 differt,
2149 1669 2314 1710 Quoniam
2331 1671 2444 1706 autem

1402 1737 1520 1761 nomen
1534 1736 1599 1759 non
1613 1726 1714 1759 habet
1727 1725 1757 1758 is
1772 1726 1831 1768 qui
1845 1725 1976 1758 medius
1995 1726 2067 1764 est,
2085 1724 2210 1758 idcireo
2227 1725 2270 1760 ab
2283 1726 2443 1761 extrfflni-
2497 1738 2508 1754 ι·

1400 1782 1527 1817 tatibus
1535 1780 1773 1819 denominatur,
1784 1779 1862 1823 quia
1875 1779 2049 1822 utriusque
2061 1781 2113 1812 est
2125 1775 2300 1823 particeps,
2314 1789 2440 1827 nosque

2496 1481 2508 1508 *a
2493 1337 2508 1471 masfla-‚cv
2505 1322 2508 1326 i
2502 1307 2503 1310 „
2504 1255 2508 1259 .

2499 1515 2508 1550 i

2493 1559 2508 1596 'i

2495 1618 2508 1737 i

2504 1606 2508 1616 -
2482 1541 2508 1561 Ι

1398 1838 1463 1881 ipsi
1485 1846 1561 1871 eum
1587 1845 1675 1869 nune
1700 1836 1915 1869 ambitiosum
1937 1845 2027 1869 nunc
2044 1836 2180 1870 honoris
2206 1838 2442 1872 contemtorem
2495 1884 2498 1885 ⁷

1398 1893 1620 1935 perhibemus,
1634 1901 1672 1925 ac
1683 1891 1783 1924 modo
1799 1891 2012 1924 ambitiosum
2028 1891 2128 1924 modo
2144 1890 2280 1926 honoris
2293 1894 2442 1927 eontem-
2486 1911 2488 1913 >

1398 1952 1504 1983 torem
1527 1948 1712 1982 laudamus.
1731 1947 1829 1986 Quod
1849 1947 2065 1990 quamobrem
2081 1946 2242 1982 faciamus
2260 1947 2349 1983 iniis
2362 1957 2440 1992 quae
2467 1963 2471 1967 ·

1397 2005 1549 2046 deinceps
1565 2004 1746 2046 sequentur
1761 2002 2000 2046 explicabimus
2013 2015 2021 2044 3
2037 2011 2124 2035 nunc
2141 2002 2182 2037 de
2202 2002 2340 2047 reliquis
2354 2003 2438 2039 affe-
2484 2006 2490 2047 f

1396 2060 1507 2094 etibus
1522 2059 1691 2101 dicamus,
1714 2058 1928 2102 mediumque
1944 2057 1981 2091 in
2007 2057 2143 2100 singulis
2165 2057 2380 2102 exquiramus
2403 2060 2437 2109 et

1396 2114 1553 2146 extrema.
2186 2116 2189 2119 ’
2417 2121 2419 2123 ’

1435 2172 1496 2204 Est
1511 2179 1587 2212 ergo
1596 2170 1806 2204 mediocritas
1819 2170 1854 2202 in
1869 2170 1919 2203 ira
1936 2169 2070 2212 quidem
2085 2168 2305 2203 mansuetudo
2320 2178 2335 2201 ι·
2348 2170 2432 2213 (me-

1395 2230 1470 2263 dius
1480 2230 1569 2263 enim
1582 2230 1778 2263 mansuetus
1790 2230 1929 2262 vocatur
1943 2228 1974 2269 ι)
1988 2225 2215 2262 extremitates
2226 2230 2311 2262 vero
2323 2231 2436 2263 cenent

1393 2289 1532 2322 nomine.
1560 2288 1750 2331 Appelletur
1779 2289 1890 2320 tamen
1919 2286 2059 2320 nimium
2087 2286 2274 2326 iracundia,
2307 2289 2342 2321 et
2374 2289 2434 2331 qui

1392 2346 1527 2379 modum
1557 2345 1686 2380 excedit:
1709 2344 1907 2386 iracundus,
1927 2354 2045 2388 parum
2073 2346 2185 2379 autem
2211 2345 2375 2380 lentitudo
2399 2349 2432 2381 et
2490 2364 2491 2367 =

1391 2405 1449 2448 qui
1469 2404 1592 2438 deserit
1613 2405 1750 2438 modum
1772 2404 1892 2437 lentus.

1431 2465 1516 2496 Sunt
1541 2465 1575 2496 et
1599 2463 1673 2496 aliae
1699 2464 1768 2495 tres
1789 2462 2050 2502 mediocritates,
2082 2471 2159 2506 quoe
2184 2464 2318 2498 tametsi
2337 2472 2429 2498 eom-
2481 2485 2508 2509 ῃ.

1388 2532 1487 2555 mune
1517 2521 1641 2564 aliquid
1669 2521 1813 2562 habent,
1839 2522 1951 2553 tamen
1968 2520 2069 2554 etiam
2085 2521 2172 2554 inter
2195 2530 2231 2555 se
2256 2521 2426 2558 differunt.
2490 2513 2508 2555 Ξ

1388 2580 1518 2613 Etenim
1544 2588 1656 2612 rerum
1689 2587 1774 2621 quas
1802 2578 1946 2620 gerimus
1959 2604 1967 2618 ,
1999 2587 2255 2622 sermonumque
2287 2590 2372 2624 quos
2394 2581 2428 2615 in
2495 2596 2508 2629 ν,

1386 2639 1555 2672 hominum
1573 2638 1775 2671 consortione
1801 2638 1977 2678 habemus,
1998 2646 2076 2680 pars
2100 2637 2143 2671 ad
2171 2639 2346 2674 veritatem
2371 2650 2428 2675 ao-

1385 2697 1590 2730 eommodata
1615 2698 1685 2735 est,
1717 2696 1752 2728 in
1780 2696 1852 2728 aliis
1871 2695 1940 2729 sola
1965 2696 2120 2739 voluptas
2147 2699 2324 2739 spectatur.
2349 2701 2424 2732 Jam

1384 2765 1462 2788 vero
1488 2755 1652 2788 dictorum
1681 2753 1913 2796 factorumque
1930 2762 2006 2797 quae
2027 2754 2071 2787 ad
2100 2754 2307 2798 voluptatem
2335 2757 2423 2790 refe-
2475 2765 2483 2768 ’

1385 2816 1516 2854 runtur,
1552 2814 1616 2846 alia
1640 2813 1796 2846 dicuntur
1820 2813 1886 2855 joci
1903 2821 2002 2846 causa
2020 2814 2054 2846 et
2071 2813 2176 2854 fiunt,
2200 2814 2264 2847 alia
2284 2815 2421 2859 reliquae
2479 2811 2499 2858 fs

1383 2882 1484 2915 quam
1501 2873 1536 2905 in
1569 2873 1637 2905 vita
1656 2872 1824 2914 sequimur
1848 2871 2028 2914 voluptatis
2047 2872 2180 2914 gratia:
2217 2869 2265 2907 ita
2278 2875 2319 2908 ut
2351 2868 2421 2908 tres

1381 2940 1453 2965 esse
1486 2931 1728 2964 mediocritates
1752 2931 1795 2963 sit
1822 2939 1963 2964 necesse.
2011 2931 2120 2973 Atque
2143 2939 2258 2965 eorum
2282 2932 2418 2978 quidem
2486 2927 2490 2933 ⁸

1380 2999 1455 3032 quae
1481 2991 1523 3023 ad
1542 2991 1716 3023 veritatem
1732 2989 1975 3022 accommodate
1990 2989 2045 3022 vel
2067 2989 2224 3023 dicuntur
2243 2991 2298 3024 vel
2311 2991 2415 3034 fiunt,
2482 3018 2487 3026 i

1379 3049 1589 3083 mediocritas
1610 3056 1742 3091 quoque
1764 3047 1949 3090 appellatur
1962 3047 2084 3080 veritas
2102 3058 2110 3078 :
2125 3057 2238 3082 eorum
2249 3058 2328 3084 vero
2339 3059 2415 3094 quae
2460 3076 2466 3089 5

1378 3108 1421 3141 ad
1440 3108 1644 3150 voluptatem
1658 3107 1837 3149 pertinent,
1858 3115 1895 3139 ea
1915 3115 1992 3148 qua>
2004 3107 2039 3145 in
2057 3107 2132 3149 Joco
2150 3110 2302 3141 versatur
2316 3108 2411 3142 festi-

1378 3169 1474 3209 vitas,
1498 3177 1574 3210 quoe
1596 3167 1638 3200 ad
1653 3167 1814 3209 reliquam
1829 3176 1908 3200 vero
1928 3167 2133 3209 voluptatem
2144 3194 2152 3207 ,
2171 3168 2326 3202 amicitia.
2340 3171 2408 3204 Hoc
2452 3176 2471 3211 f

1376 3229 1486 3259 autem
1513 3234 1684 3259 commune
1708 3225 1848 3264 habent,
1871 3225 1960 3267 quod
1979 3234 2092 3259 omnes
2110 3226 2146 3259 in
2168 3226 2333 3261 dictorum
2356 3227 2409 3261 fa-
2470 3222 2476 3237 ²

1375 3287 1567 3327 ctorumque
1577 3284 1868 3317 communicatione
1881 3285 2064 3323 versantur,
2082 3285 2140 3318 sed
2154 3284 2313 3319 differunt
2322 3286 2408 3320 inter

1375 3353 1409 3376 se
1421 3353 1459 3376 ea
1472 3353 1518 3382 re,
1531 3343 1609 3385 quia
1624 3352 1688 3375 non
1706 3342 1740 3374 in
1754 3342 1880 3382 iisdem,
1896 3343 1981 3375 sicut
1993 3342 2119 3376 dietum
2135 3347 2202 3384 est,
2219 3346 2400 3378 versantur.
2427 3391 2429 3393 Ι

324 3439 341 3456 *
362 3441 442 3483 Περὶ
459 3441 491 3472 δὲ
507 3441 546 3472 τὰ
558 3443 711 3484 χρήματα
731 3445 802 3477 κτλ.
823 3461 863 3467 -
875 3445 910 3461 **
935 3447 1012 3484 Περὶ
1030 3446 1063 3478 δὲ
1078 3448 1172 3488 τιμὴν
1185 3448 1254 3481 κιλ.
1278 3467 1317 3472 -
1333 3449 1383 3465 ***
1409 3447 1464 3486 Ὡς
1480 3450 1513 3481 δὲ
1528 3450 1676 3490 ἐλέγομεν
1701 3449 1784 3491 ἔχειν
1804 3450 1881 3492 πρὸς
1898 3451 1955 3487 τήν
1973 3451 2246 3493 μεγαλοπρέπειαν
2271 3452 2339 3485 κτλ.
2361 3467 2402 3475 ·-
2417 3446 2419 3448 ’
2439 3438 2478 3497 ’ἐῖ

287 3485 357 3503 *”*
383 3487 473 3519 ’Ἐστι
491 3489 524 3520 δὲ
545 3490 598 3521 καὶ
619 3490 693 3532 περὶ
716 3490 809 3531 ὀργὴν
828 3493 895 3523 κτλ.
913 3509 953 3515 -—
966 3492 1053 3509 *****
1072 3494 1146 3526 Εἰσὶ
1167 3494 1201 3526 δὲ
1216 3496 1271 3527 καὶ
1289 3497 1378 3528 ἄλλαι
1398 3499 1482 3536 τρεῖς
1500 3497 1755 3536 μεσοτητεςγκτλ.
2460 3494 2463 3498 ’
2479 3496 2482 3501 ’
