2528 3788
315 268 393 308 {6⁴

315 355 410 391 κάτω
439 350 676 404 περιτρέχειν,
708 349 905 387 πλανᾶσθαι
934 363 971 386 τε
997 347 1055 386 καὶ
1086 347 1130 386 τὰ
1160 347 1346 401 βαρὸάρων

313 412 502 462 ὓποσυλᾷν,
522 408 608 447 οἴκοι
623 407 695 445 δέον
711 405 874 456 μένοντας
891 405 987 460 παρὰ
1003 408 1087 445 θεῶν
1105 406 1343 457 ἐκμανθάνειν,

311 471 339 506 εἷ
356 470 397 516 δή
417 483 502 511 τινες
524 461 612 514 ἦσαν
630 464 720 512 θεοί,
742 464 764 511 ἢ
782 465 878 518 παρὰ
910 467 977 503 τῶν
1007 464 1175 517 θεολόγων
1197 465 1343 518 ἀνδρῶν,

309 527 385 571 τοὺς
408 528 545 573 ἀληθεῖς
559 524 618 564 καὶ
635 522 872 567 ἀδιαπτώτως
886 523 964 577 περὶ
980 527 1049 563 τῶν
1071 524 1345 573 ἐπιζητουμένων

309 587 342 623 ἐν
362 584 543 638 φιλοσοφίᾳ
561 583 680 635 λόγους
693 615 703 633 ,
733 582 814 635 περὶ
833 576 881 621 ὧν
897 582 1004 635 μυρία
1026 582 1091 620 ὅσα
1107 581 1346 634 μοχθήσαντες

309 643 550 696 διηνέχθησαν,
571 644 695 694 μακρῷ
723 643 785 688 τῆς
804 642 973 688 τάληθοῦς
1010 641 1175 693 εὑρέσεως
1198 642 1347 694 ἀφυστε-

309 704 492 755 ρήσαντες;
514 702 561 742 Τί
581 702 615 741 δὲ
645 701 703 740 καὶ
734 700 814 754 περὶ
834 702 919 739 θεῶν
940 700 1092 752 νεώτερα
1112 702 1204 753 χρῆν
1225 701 1347 749 ἐπιζη-

308 765 376 800 τεῖν
397 763 548 813 τολμᾷν,
568 759 798 808 ἢστασιάζειν
819 758 878 797 καὶ
901 757 1142 797 διαπυκτεύειν
1163 757 1341 809 ἀλλήλοις,

309 821 338 858 εἰ
358 819 400 867 δὴ
422 818 579 872 ἀσφαλὴς
600 818 660 857 καὶ
691 817 817 870 &Gaia
848 819 931 856 θεῶν
955 817 1105 870 εὕρεσις,
1134 816 1193 855 καὶ
1222 819 1346 869 γνῶσις

311 878 487 922 εὖσεὸείας
523 877 654 925 ἀληθὴς
673 879 706 916 ἐν
737 878 893 920 τελεταῖς
913 876 972 915 καὶ
994 874 1214 928 μυστηρίοις,
1242 878 1287 926 τῇ
1307 891 1344 914 τε

308 935 396 988 ἄλλῃ
435 939 502 975 τῶν
534 935 758 975 παλαιτάτων
797 934 994 987 περιείχετο
1026 934 1187 988 θεολογία
1200 964 1210 983 ,
1238 934 1345 980 αὐτὴν

308 995 439 1042 ἐκείνην
466 993 575 1047 παρὸν
601 993 761 1042 ἀκίνητον
790 994 851 1032 καὶ
884 991 1168 1044 ὁμολογουμένην
1201 991 1347 1046 συμφώ-

310 1069 375 1096 νως
395 1058 588 1106 περιέπειν;
602 1052 706 1092 Ἀλλὰ
725 1054 810 1105 γάρ,
827 1054 856 1091 εἰ
873 1057 1008 1105 φανεῖεν
1026 1046 1118 1090 οὗτοι
1133 1050 1240 1101 μηδὲν
1257 1052 1346 1099 ἀλη-

309 1113 359 1155 θὲς
389 1111 468 1163 περὶ
491 1116 566 1150 θεοῦ
587 1112 683 1163 παρὰ
703 1114 771 1150 τῶν
797 1110 975 1164 προτέρων
1008 1109 1272 1161 μεμαθηκότες,
1291 1112 1342 1148 οἷ·

308 1170 414 1214 κείαις
445 1171 474 1208 δ’
515 1170 678 1214 ἐπινοίαις
711 1173 754 1222 τῇ
790 1170 870 1221 περὶ
903 1170 1036 1223 φύσεως
1077 1168 1345 1217 ἐπιὸεὸληκότες

310 1228 478 1277 ἐξετάσει,
498 1230 557 1268 καὶ
576 1230 786 1280 στοχασμοῖς
806 1229 939 1279 μᾶλλον
960 1227 982 1274 ἢ
1003 1227 1201 1280 καταλήψει
1220 1241 1346 1278 κεχρη-

310 1286 416 1337 μένοι·
440 1288 472 1327 τί
500 1288 568 1341 χρὴ
587 1287 707 1326 λοιπὸν
726 1287 774 1338 μὴ
795 1286 873 1339 οὐχὶ
896 1287 1154 1336 συνομολογεῖν,
1179 1285 1241 1332 τὴν
1273 1300 1343 1324 πα-

309 1344 410 1382 λαιὰν
430 1348 497 1384 τῶν
517 1348 620 1384 ἐθνῶν
639 1345 815 1397 θεολογίαν
835 1344 942 1395 μηδὲν
963 1344 1069 1384 πλέον
1087 1347 1149 1392 τῆς
1166 1343 1346 1383 ἀποδοθεί-

309 1419 368 1451 σης
388 1405 421 1443 ἐν
441 1407 508 1448 τοῖς
536 1405 602 1457 πρὸ
630 1405 751 1443 τούτου
781 1403 1051 1457 συγγράμμασιν
1077 1402 1231 1454 ἱστορίας
1266 1402 1345 1440 ἐπέ-

308 1477 406 1514 χειν;
428 1461 514 1502 εὈτι
545 1462 607 1514 μὲν
639 1457 697 1502 οὖν
732 1463 766 1509 ἐξ
793 1463 1016 1515 ἀνθρωπίνων
1037 1464 1268 1514 στοχασμῶν,
1287 1466 1347 1500 καὶ

308 1522 439 1567 πολλῆς
470 1521 706 1574 λογομαχίας,
736 1522 795 1561 καὶ
821 1522 979 1570 πλάνης,
1007 1523 1086 1561 ἀλλ’
1107 1523 1171 1561 οὐκ
1199 1520 1239 1560 ἔκ
1258 1537 1346 1566 τινος

310 1579 470 1631 ἀκριὸοῧς
492 1580 741 1633 καταλήψεως,
762 1584 784 1628 ἡ
812 1580 910 1633 παρὰ
929 1583 997 1625 τοῖς
1016 1580 1191 1628 Ἕλλησιν
1212 1580 1346 1628 ὑπέστη

310 1635 517 1689 φιλοσοφία,
555 1639 592 1676 ἐκ
613 1640 673 1685 τῆς
701 1637 788 1690 πρὸς
825 1637 1036 1678 Νεκτανεὸὼ
1066 1639 1123 1677 τὸν
1155 1638 1345 1689 Αἰγύπτιον

309 1694 489 1742 ἐπιστολῆς
507 1699 565 1734 τοῦ
602 1696 801 1750 Πορφυρίου
836 1696 954 1747 μάθοις
980 1698 1043 1745 ἄν,
1077 1697 1160 1736 αὐτὸ
1180 1697 1222 1746 δὴ
1242 1701 1346 1738 τοῦτο

309 1751 457 1798 ἀκούσας
476 1755 718 1806 ὁμολογοῦντος
747 1757 780 1793 ἐν
799 1755 943 1800 τούτοις.

311 1903 346 1932 ut
362 1901 596 1941 intelligamus,
616 1902 733 1944 ecquid
751 1902 859 1934 divina
877 1902 931 1935 illa
948 1903 1066 1935 natura
1081 1902 1213 1944 dignum
1229 1903 1271 1935 ab
1286 1912 1347 1936 an-

312 1959 508 2000 tiquioribus
527 1961 720 2002 acceperint.
768 1961 940 1993 Enimvero
956 1961 998 1994 ab
1027 1961 1142 1994 ultima
1155 1961 1223 2002 jam
1240 1971 1349 2003 usque

313 2019 469 2051 memoria
489 2019 732 2060 superstitiosus
761 2020 815 2052 ille
840 2020 926 2061 apud
957 2021 1074 2062 gentes
1104 2020 1245 2062 plurium
1268 2021 1348 2054 deo-

314 2086 386 2109 rnm
410 2077 519 2109 cultus
540 2078 686 2119 vigebat,
713 2078 896 2120 templaque
924 2078 1046 2119 passim
1076 2081 1111 2111 et
1137 2088 1230 2112 sacra
1245 2079 1351 2112 numi-

312 2144 391 2167 num
413 2137 568 2177 mysteria
582 2137 692 2169 tamin
708 2137 842 2170 urbibus
857 2146 956 2179 quam
975 2137 1009 2169 in
1035 2138 1221 2179 regionibus
1243 2138 1349 2171 omni-

314 2195 376 2228 bus
389 2197 522 2238 antiquo
538 2206 627 2230 more
642 2197 869 2231 servabantur.
921 2198 1142 2235 Quamobrem
1154 2208 1194 2232 ne
1209 2199 1352 2232 humana

314 2256 444 2296 quidem
460 2259 529 2289 tum
549 2267 631 2299 opus
652 2260 724 2290 erat
741 2258 944 2300 philosophia
956 2284 964 2300 ,
981 2259 1143 2301 siquidem
1160 2259 1272 2292 divina
1294 2268 1350 2293 sa-

315 2314 434 2356 pientia
456 2316 563 2348 loeum
578 2319 752 2358 occuparat
771 2330 777 2349 :
800 2326 860 2350 nec
883 2317 1046 2359 sapientes
1069 2318 1142 2351 illos
1168 2318 1348 2360 quidquam

314 2382 434 2406 novare
456 2383 586 2408 necesse
604 2375 676 2416 fuit,
691 2376 717 2408 si
736 2376 828 2408 bonis
849 2377 1006 2419 majorum
1022 2380 1056 2410 et
1073 2377 1236 2411 institutis
1255 2380 1288 2411 et
1305 2378 1351 2411 le-

315 2432 409 2474 gibus
427 2434 607 2474 respublica
624 2436 802 2475 temperata
818 2426 915 2469 esset.
963 2437 1066 2469 Immo
1096 2446 1156 2470 nee
1183 2437 1350 2478 praeclaris

315 2490 515 2531 philosophis
545 2493 595 2523 tot
626 2492 780 2526 sactiones
807 2495 1033 2536 comparandae
1059 2504 1098 2527 ac
1131 2495 1351 2529 dissensiones

314 2549 554 2581 commovendae
579 2553 688 2591 erant,
711 2551 739 2584 si
755 2552 858 2593 patria
877 2553 917 2586 de
940 2553 1002 2586 diis
1021 2553 1130 2596 opinio
1152 2563 1263 2587 seeum
1279 2555 1350 2597 ipsa

315 2609 520 2640 consentiens
552 2611 585 2641 et
612 2619 689 2642 vera
706 2611 919 2651 iudicaretur.
977 2615 1057 2646 Nam
1086 2614 1166 2655 quid
1194 2615 1349 2657 attinuit,

315 2667 428 2698 mutua
450 2667 691 2708 quodammodo
713 2679 825 2711 gerere
842 2671 927 2704 bella
952 2682 1143 2714 pugnasque
1164 2674 1271 2714 edere,
1293 2677 1351 2708 aut

316 2725 384 2756 tam
400 2725 494 2766 longa
524 2736 654 2759 sursum
672 2728 825 2761 deorsum
843 2730 959 2763 itinera
974 2731 1133 2765 conficere
1149 2758 1157 2773 ,
1176 2733 1351 2775 vagarique

316 2783 436 2824 passim
453 2785 486 2816 et
501 2794 577 2816 suas
596 2785 743 2819 barbaris
761 2796 839 2829 opes
855 2789 1016 2831 suppilare
1029 2816 1036 2830 ,
1055 2800 1156 2832 quum
1183 2791 1271 2824 domi
1291 2801 1348 2834 po-

319 2841 383 2874 tius
403 2845 570 2875 manentes
589 2844 641 2876 vel
659 2854 678 2877 a
693 2845 755 2878 diis
782 2871 789 2887 ,
808 2847 836 2879 si
863 2847 919 2889 qui
940 2848 1023 2881 sorte
1038 2848 1085 2882 dii
1108 2853 1236 2892 essent,
1255 2851 1308 2884 vel
1331 2861 1351 2884 a

316 2901 474 2943 theologis
502 2912 597 2935 veras
624 2906 793 2947 certasque
819 2916 933 2940 eorum
949 2934 956 2948 ‚
980 2918 1055 2950 quae
1086 2911 1119 2943 in
1149 2911 1351 2954 philosophia

315 2959 536 3003 requiruntur,
555 2964 698 2996 rationes
713 2965 840 2998 discere
859 2967 1068 3008 debuissent;
1090 2969 1131 3002 de
1144 2971 1266 3011 quibus
1286 2971 1351 3014 ipsi

315 3019 489 3051 exantlatis
518 3020 653 3053 infinitis
683 3021 844 3056 laboribus
873 3026 960 3058 inter
990 3036 1024 3059 se
1048 3027 1302 3070 dissentientes,
1331 3040 1350 3062 a

317 3076 385 3109 veri
403 3078 650 3120 investigatione
666 3082 806 3115 multum
832 3084 1021 3118 aberrarunt
1036 3088 1048 3118 Ρ
1069 3087 1156 3123 Quid
1172 3097 1270 3129 porro
1288 3098 1348 3122 ne-

315 3143 406 3169 cesse
421 3136 485 3170 illis
501 3137 572 3178 suit,
590 3147 674 3172 nova
692 3141 840 3181 quaedam
862 3141 904 3175 de
921 3142 983 3175 diis
1002 3145 1203 3178 comminisci
1218 3147 1348 3188 audere,

314 3197 371 3226 aut
387 3195 471 3227 inter
487 3204 521 3228 se
537 3198 661 3230 certare
678 3199 710 3231 et
725 3198 914 3240 digladiari,
934 3202 960 3232 si
982 3203 1078 3235 modo
1095 3207 1186 3236 certa
1205 3207 1237 3238 et
1256 3206 1347 3239 firma

314 3251 355 3285 de
378 3253 442 3286 diis
467 3254 683 3297 existimatio,
710 3266 854 3299 veraque
883 3259 1043 3300 religionis
1062 3263 1201 3304 cognitio
1232 3265 1351 3305 prisco-

314 3321 388 3347 rum
404 3312 571 3349 hominum
588 3318 780 3351 caerimoniis
796 3329 835 3352 ac
852 3322 1014 3361 mysteriis
1029 3325 1225 3365 caeterisque
1249 3326 1347 3358 avitae

314 3371 485 3415 theologiae
502 3375 682 3409 rationibus
703 3378 941 3420 continebatur,
964 3390 1065 3422 quum
1095 3382 1150 3414 illa
1167 3383 1236 3424 ipsa
1265 3393 1349 3418 com-

314 3431 403 3462 muni
423 3434 628 3472 posterorum
657 3445 816 3469 consensu
840 3440 873 3470 et
894 3439 1091 3479 professione
1105 3440 1228 3482 integra
1247 3442 1345 3474 relin-

313 3489 368 3530 qui
385 3492 519 3530 posset?
538 3493 591 3525 Sin
616 3496 724 3527 autem
753 3499 910 3538 apparet,
937 3498 1133 3531 recentiores
1161 3499 1240 3532 istos
1268 3501 1347 3533 nihil

1373 870 1378 1145 l

1271 261 1488 302 NUMENII

1461 347 1678 400 (Eusebius
1708 347 1921 398 Praeparat.
1957 346 2106 397 Evang.
2140 347 2213 388 lib.
2245 347 2333 387 xlv
2356 360 2440 400 cap.

1406 421 1430 456 9
1450 406 1529 459 περὶ
1552 407 1712 449 Φίλωνος
1732 408 1791 443 τοῦ
1814 403 2057 455 διαδεξαμένου
2091 405 2356 458 Κλειτόμαχον,
2378 406 2441 447 τὸν

1406 465 1643 517 διαδεξάμενον
1669 464 1889 518 Καρνεάδην.
1923 462 2007 501 Ἀπὸ
2040 466 2100 502 τοῦ
2124 464 2243 502 αὐτοῦ.
2264 464 2442 504 Numenii

1406 523 1534 562 verbis
1560 537 1629 562 sua
1659 522 1864 573 subjungit
1895 521 2098 571 Eusebius,
2138 536 2225 574 quae
2250 523 2442 564 servanda

1405 583 1579 632 putavi.)
2016 626 2036 638 ..
2273 592 2275 594 “

1457 647 1489 674 o.
1523 633 1625 674 Ἀλλὰ
1653 635 1687 671 τί
1706 633 1747 680 δή
1767 635 1840 673 ἐστι
1866 633 1907 672 τὸ
1931 632 1991 684 ὅν;
2015 638 2083 686 ἀρα
2102 634 2201 672 ταυτὶ
2220 633 2264 673 τὰ
2285 640 2442 688 στοιχεῖα

1405 694 1448 732 τὰ
1467 694 1634 745 τέτταρα,
1657 695 1678 739 ἡ
1709 695 1754 744 γῆ
1781 692 1841 730 καὶ
1857 690 1897 730 τὸ
1921 695 2005 744 πῦρ,
2026 692 2086 731 καὶ
2106 695 2142 731 αἱ
2171 692 2277 733 ἄλλαι
2295 692 2441 745 &logiu-

1405 751 1490 797 ταξὺ
1511 750 1647 803 φύσεις;
1682 745 1750 803 ἆρα
1778 746 1837 790 οῧν
1871 750 1914 798 δὴ
1942 750 1987 790 τὰ
2007 751 2089 791 ὄντα
2107 750 2219 790 ταῦτά
2235 753 2346 800 ἐστιν,
2364 751 2444 800 ἤτοι

1405 810 1597 858 ξυλλήὸδην
1610 841 1621 862 ,
1641 809 1663 857 ἢ
1684 812 1762 848 καθ’
1778 809 1812 848 ἕν
1829 809 1868 862 γέ
1881 826 1916 849 τι
1932 811 2068 862 αὐτῶν,
2083 810 2143 850 καὶ
2163 813 2256 861 πῶς,
2276 809 2300 849 ἄ
2314 808 2355 864 γε’
2368 812 2443 858 ἐστι

1406 870 1465 909 καὶ
1486 869 1636 922 γεννητὰ
1655 869 1715 907 καὶ
1734 869 1991 922 παλινάγρετα,
2013 869 2045 908 εἴ
2065 871 2104 921 γε’
2129 871 2220 909 ἐστιν
2249 871 2333 923 ὁρᾷν
2354 868 2443 909 αὗτὰ

1407 929 1440 974 ἐξ
1459 929 1622 976 ἀλλήλων
1651 924 1815 980 γινόμενα
1832 927 1892 967 καὶ
1918 929 2238 979 ἂπαλλασσόμενα,
2263 928 2324 968 καὶ
2353 927 2444 980 μήτε

1407 988 1563 1039 στοιχεῖα
1601 987 1826 1040 ὑπάρχοντα,
1869 985 1958 1038 μήτε
1997 986 2197 1035 συλλαὸάς;
2234 987 2346 1038 Σῶμα
2378 985 2442 1038 μὲν

1404 1046 1500 1086 τουτὶ
1518 1052 1534 1069 ⁸
1551 1045 1658 1090 οὕτως
1675 1047 1737 1085 οὒκ
1756 1045 1797 1084 ἂν
1816 1045 1870 1093 εἴη
1890 1047 1932 1086 τὸ
1955 1045 2008 1086 ὄν.
2066 1045 2160 1085 Ἀλλ’
2177 1045 2246 1099 ἄρα
2261 1044 2361 1085 ταυτὶ
2381 1044 2444 1096 μὲν

1405 1105 1461 1154 οὔ,
1483 1108 1505 1153 ἡ
1528 1106 1558 1143 δ’
1578 1104 1644 1152 ὕλη
1666 1104 1810 1144 δύναται
1839 1097 1989 1144 εἷναιόν·
2011 1104 2102 1144 ἀλλὰ
2127 1104 2188 1144 καὶ
2204 1104 2334 1152 ταύτην
2352 1120 2443 1144 παν-

1405 1164 1461 1209 τὸς
1479 1165 1611 1215 μᾶλλον
1634 1163 1825 1215 ἀδύνατον,
1846 1163 2026 1218 ἀῤῥωστία
2043 1166 2103 1203 τοῦ
2125 1163 2254 1215 μένειν.
2275 1163 2444 1216 Ποταμὸς

1407 1222 1474 1275 γὰρ
1493 1226 1516 1271 ἡ
1539 1221 1604 1270 ὕλη
1624 1221 1752 1275 ῥοώδης
1789 1222 1849 1261 καὶ
1868 1221 2052 1276 ὀξύρροπος
2066 1251 2077 1270 ,
2105 1221 2208 1275 βάθος
2231 1220 2292 1261 καὶ
2309 1222 2442 1266 πλάτος

1406 1282 1466 1321 καὶ
1487 1284 1594 1332 μῆκος
1612 1281 1768 1334 ἀόριστος
1787 1283 1848 1321 καὶ
1870 1281 2046 1328 ἀνήνυτος.
2105 1281 2177 1321 Καὶ
2196 1281 2286 1332 μετὰ
2306 1280 2445 1335 βραχέα

1408 1340 1571 1392 ἐπιλέγει·
1592 1338 1679 1379 ὥστε
1710 1341 1824 1384 καλῶς
1847 1343 1866 1379 ὃ
1892 1339 1990 1391 λόγος
2014 1339 2155 1392 εἴρηκε,
2183 1340 2270 1391 φάς,
2302 1342 2332 1380 εἰ
2351 1339 2446 1380 ἔστιν

1409 1399 1582 1453 ἄπειρος-ἡ
1602 1398 1687 1447 ὕλη,
1709 1398 1866 1451 ἀόριστον
1887 1392 1977 1437 εἶναι
1998 1397 2126 1446 αὐτήν·
2148 1400 2178 1437 εἰ
2199 1398 2234 1438 δὲ
2265 1398 2442 1452 ἀόριστος,

1407 1458 1543 1511 ἄλογον·
1559 1461 1588 1497 εἷ
1605 1458 1640 1497 δὲ
1649 1458 1784 1511 ἄλογος,
1806 1458 1996 1510 ἄγνωστον.
2016 1456 2212 1511 Ἄγνωστον
2228 1458 2265 1497 δέ
2282 1474 2321 1510 γε
2339 1451 2445 1498 οὖσαν

1407 1518 1512 1566 αὐτὴν
1531 1520 1718 1571 ἀναγκαῖον
1738 1513 1824 1557 εἶναι
1844 1518 2016 1558 ἄτακτον·
2038 1520 2107 1570 ὥς,
2137 1516 2335 1569 τεταγμένα
2357 1531 2447 1569 γνω·
2489 1558 2491 1562 ,
2524 1535 2525 1552 ³

1407 1582 1529 1626 σθῆναι
1540 1580 1632 1618 πάνυ
1650 1578 1817 1626 δήπουθεν
1836 1577 1877 1617 ἂν
1893 1578 1946 1625 εἴη
1964 1577 2091 1631 ῥᾴδιον·
2105 1577 2145 1616 τὸ
2161 1576 2198 1616 δὲ
2217 1575 2367 1616 ἄτακτον
2382 1577 2448 1628 οὔχ

1407 1638 1563 1686 ἕστηκεν·
1582 1641 1616 1686 ὅ,
1645 1653 1678 1676 τι
1701 1637 1735 1676 δὲ·
1756 1637 1804 1688 μὴ
1827 1637 1970 1685 ἕστηκεν
1990 1637 2018 1685 ¹³,
2038 1637 2101 1676 οὗκ
2125 1635 2165 1674 ἂν
2183 1634 2236 1683 εἴη
2255 1634 2308 1675 ὅν.
2335 1636 2447 1674 Τοῧτο

1408 1697 1443 1736 δὲ
1469 1693 1512 1745 ἦν
1541 1696 1625 1750 ὅπερ
1646 1699 1729 1748 ἡμῖν
1758 1698 1875 1741 αὐτοῖς
1909 1694 2212 1747 ὡμολογησάμεθα
2238 1696 2273 1734 ἓν
2292 1698 2364 1739 τοῖς
2387 1692 2448 1744 ἔμ-

1405 1759 1568 1809 προσθεν,
1587 1754 1688 1794 ταυτὶ
1707 1753 1820 1794 πάντα
1841 1757 2087 1807 συνενεχθῆναι
2103 1755 2153 1807 τῷ
2171 1752 2243 1792 ὄντι
2260 1753 2443 1803 ἀθέμιστον

1408 1904 1478 1936 veri
1491 1903 1532 1936 (le
1556 1903 1618 1936 deo
1649 1903 1692 1936 ab
1718 1901 1963 1944 antiquioribus
2005 1901 2069 1935 illis
2102 1900 2255 1935 didicisse
2265 1900 2279 1942 ’,
2314 1902 2353 1935 ac
2387 1909 2447 1935 suo

1409 1971 1574 2004 quemque
1599 1962 1726 2004 ingenio
1748 1961 1793 1994 ita
1822 1961 1856 1994 in
1886 1962 2015 1993 naturae
2049 1959 2334 2002 investigationem
2352 1958 2448 1993 ineu-

1409 2022 1538 2062 buisse,
1558 2022 1595 2054 ut
1612 2020 1805 2063 conjecturis
1822 2019 1931 2063 potius
1951 2028 2052 2063 quam
2063 2018 2131 2052 ulla
2160 2018 2450 2066 comprehensione

1410 2081 1592 2114 niterentur
1609 2093 1616 2112 :
1648 2089 1709 2113 cur
1724 2088 1790 2113 non
1808 2080 1850 2113 de
1866 2079 1993 2121 reliquo
2022 2078 2158 2121 ingenue
2178 2077 2273 2112 nobis
2295 2077 2444 2128 *confiten-

1410 2140 1491 2174 dum
1519 2139 1573 2181 sit,
1604 2139 1684 2173 nihil
1713 2139 1845 2173 omnino
1869 2141 1988 2181 praeter
2019 2137 2190 2170 scientiam
2218 2137 2445 2180 superioribus

1409 2199 1501 2233 libris
1519 2199 1713 2242 explicatam
1734 2199 1870 2241 antiqua
1900 2198 2046 2241 gentium
2076 2198 2239 2240 theologia
2265 2197 2446 2232 contineri?

1411 2261 1528 2292 ortam
1546 2259 1646 2301 igitur
1664 2268 1736 2292 esse
1766 2260 1959 2292 Graecorum
1977 2257 2216 2300 philosophiam
2243 2266 2309 2291 non
2331 2267 2373 2291 ex
2391 2266 2448 2290 ac-

1413 2321 1527 2362 curata
1551 2318 1694 2361 quadam
1731 2318 2018 2360 comprehensione
2031 2343 2039 2358 ‚
2070 2317 2127 2350 sed
2160 2326 2200 2350 ex
2237 2317 2356 2351 mentis
2384 2317 2447 2351 hu-

1410 2387 1516 2410 manae
1538 2378 1732 2419 conjecturis
1754 2377 1933 2419 multisque
1952 2375 2132 2414 verborum
2158 2375 2451 2425 concertationibus

1412 2439 1445 2469 et
1460 2436 1634 2476 erroribus,
1655 2435 1747 2469 facile
1761 2436 1812 2469 vel
1828 2445 1846 2469 e
1859 2435 2031 2477 Porphyrii
2046 2434 2090 2468 ad
2106 2434 2370 2468 Nectanabonem
2386 2432 2448 2468 ’ΛΕ-

1410 2494 1556 2537 gyptium
1569 2495 1706 2536 epistola
1728 2493 1900 2536 intelligas,
1919 2493 1953 2526 in
1967 2502 2034 2536 qua
2047 2493 2082 2526 id
2101 2492 2209 2535 ipsum
2222 2492 2361 2526 totidem
2373 2502 2448 2526 ver-

1408 2553 1459 2587 bis
1476 2541 1589 2587 audies
1600 2553 1820 2587 confitentem.

1451 2616 1481 2646 6.
1503 2613 1567 2646 Sed
1585 2613 1667 2654 quid
1685 2612 1817 2646 tandem
1829 2613 1882 2646 est
1897 2611 1980 2644 illud
1999 2614 2082 2645 ens?
2098 2613 2184 2645 Num
2204 2610 2276 2645 haee
2290 2611 2449 2645 elementa

1411 2675 1571 2714 quatuor,
1589 2674 1695 2712 terra,
1729 2671 1824 2714 ignis,
1853 2671 2036 2713 mediaeque
2062 2670 2136 2703 duae
2161 2670 2247 2704 inter
2273 2671 2450 2714 utrumque

1411 2732 1562 2763 naturae?
1584 2732 1707 2763 Suntne
1729 2738 1806 2772 ergo
1823 2738 1900 2763 vere
1918 2729 1991 2762 haec
2007 2729 2106 2762 simul
2118 2728 2281 2775 universa,
2301 2738 2343 2762 an
2360 2737 2449 2762 seor-

1411 2799 1483 2823 sum
1499 2799 1538 2822 ac
1557 2799 1617 2832 per
1629 2799 1664 2823 se
1679 2790 1826 2832 singula?
1847 2790 1911 2829 Qui
1928 2789 2061 2823 tandem
2076 2789 2272 2823 alterutrum
2285 2789 2350 2822 dici
2370 2798 2446 2831 pos·

1412 2851 1465 2892 sit,
1485 2858 1591 2892 quum
1612 2851 1645 2883 et
1666 2850 1773 2891 genita
1795 2849 1851 2882 illa
1869 2849 1933 2882 sint
1948 2851 1982 2882 et
2005 2847 2195 2890 mutabilia,
2220 2847 2385 2890 siquidem
2396 2857 2449 2881 >ea

1411 2909 1560 2942 videmus
1577 2918 1653 2941 eum
1671 2908 1740 2942 lieri
1762 2917 1800 2942 ex
1811 2917 1847 2941 se
1867 2908 2028 2949 invicem,
2048 2909 2119 2940 tum
2135 2907 2182 2940 ita
2198 2915 2333 2949 prorsus
2345 2906 2449 2940 inter-

1411 2969 1476 3009 ire,
1498 2971 1537 3001 ut
1561 2977 1620 3001 nee
1649 2967 1808 3001 elementa
1833 2956 2006 3007 maneant,
2036 2975 2099 3000 nee
2125 2965 2358 3001 elementorum
2384 2966 2450 2999 ulla

1410 3027 1615 3069 complexio?
1633 3028 1749 3068 Itaque
1768 3034 1887 3068 eorpus
1900 3025 1962 3059 hoc
1979 3026 2069 3068 quod
2087 3034 2162 3058 vere
2176 3025 2239 3066 sit,
2259 3024 2292 3058 in
2307 3025 2448 3063 elemen-

1411 3087 1453 3119 tis
1473 3086 1608 3128 reperiri
1626 3095 1691 3119 non
1718 3087 1836 3128 potest.
1882 3087 1961 3118 Esto
1985 3098 1993 3118 :
2018 3084 2191 3121 elementis
2210 3083 2272 3116 hoc
2283 3092 2348 3116 non
2367 3091 2449 3116 con·
2508 3127 2509 3130 Ἰ

1412 3146 1502 3178 venit
1519 3159 1527 3186 ;
1548 3147 1583 3178 at
1597 3145 1734 3179 materia
1747 3153 1804 3178 ens
1822 3152 1894 3177 esse
1908 3145 2028 3186 potest.
2073 3142 2172 3185 Atqui
2188 3142 2230 3174 ab
2242 3151 2282 3176 eo
2302 3141 2449 3175 omnium

1412 3205 1595 3247 longissime
1612 3205 1708 3238 abest
1734 3203 1890 3244 materia,
1910 3203 1987 3244 quia
2013 3202 2171 3235 infirmior
2184 3201 2240 3234 illa
2256 3203 2327 3242 est,
2350 3211 2449 3243 quam

1411 3275 1485 3307 quae
1498 3267 1682 3299 constanter
1696 3273 1887 3307 permanere
1905 3265 2015 3306 queat.
2074 3263 2132 3294 Est
2148 3262 2235 3294 enim
2249 3261 2371 3298 flumen
2394 3269 2452 3292 ra·

1411 3325 1522 3366 pidum
1540 3328 1575 3358 et
1595 3324 1804 3364 concitatum,
1827 3322 1952 3355 infinita
1967 3323 2001 3354 et
2014 3320 2174 3354 immensa
2189 3329 2253 3363 qua
2266 3318 2445 3357 altitudine,

1409 3393 1475 3424 qua
1492 3383 1674 3423 latitudine,
1694 3391 1759 3426 qua
1774 3380 1983 3423 longitudine.
2025 3382 2109 3413 Tum
2119 3380 2232 3421 paucis
2250 3377 2455 3422 quibusdam·
2509 3407 2512 3410 Δ

1410 3442 1584 3484 interjectis
1606 3456 1614 3475 z
1633 3441 1843 3484 quamobrem
1856 3466 1864 3482 ‚
1882 3439 2007 3481 inquit,
2031 3439 2198 3480 praeclare·
2213 3438 2340 3471 dictum
2363 3436 2455 3470 illud*

1410 3503 1471 3542 est,
1491 3501 1674 3543 materiam,
1692 3501 1721 3534 si
1731 3501 1775 3534 sit
1794 3499 2014 3540 interminata,
2035 3507 2106 3532 esse
2119 3497 2279 3531 infinitam
2290 3509 2300 3539 ς
2319 3496 2348 3530 si
2368 3504 2455 3531 vero*
2510 3532 2514 3534 ,
