2508 3776
53 272 283 326 ηελλιῐδὶ
297 275 369 316 των
388 275 553 315 τοιούτων
578 274 640 314 καὶ
662 274 919 328 διαμένουσιν
905 290 940 316 εν
960 278 1004 328 τῇ
1027 274 1127 329 φιλίᾳ
1139 303 1152 324 ,

51 334 187 383 ἢν
191 336 240 378 ἃ
260 337 324 384 τῆς
355 334 540 384 συνηθείας
574 334 621 375 τὰ
653 335 818 384 ἀλλήλων
837 335 907 385 ἤθη
935 334 1151 389 στέρξωσιν,

112 420 113 423 =
131 409 136 418 ‘¹
175 393 383 450 ἔχοντες.
417 396 463 436 Οἳ
493 395 530 434 δὲ
554 394 604 447 μὴ
623 394 665 434 τὸ
687 395 776 435 αὐτὸ
808 395 1022 450 παρέχοντες
1041 394 1155 443 ἀλλή-

115 497 143 512 :
179 453 296 505 ,ἀλλ’
314 456 334 494 ὁ
359 454 423 508 μὲν
445 454 574 503 ἡδονὴν
595 457 613 493 ὁ
634 454 671 494 δὲ
690 455 731 495 τὸ
751 455 956 509 χρήσιμον,
978 455 1059 495 οὔτε
1080 458 1156 494 δια-

69 514 148 568 ᾆξ’,
215 528 263 553 ιν
301 515 336 555 ἐν
356 518 400 569 τῆ
429 515 556 570 φιλία,
575 514 636 554 καὶ
669 515 728 554 ὅτε
763 516 922 568 φιλοῦσιν
959 515 1155 564 ἀλλήλους,

174 598 180 607 ι
227 576 402 630 φιλοῦσιν·
423 574 514 620 ὅλως
538 573 575 614 δὲ
606 576 639 614 οἱ
659 573 718 614 διὰ
737 574 778 613 τὸ
795 574 973 628 χρήσιμον
994 574 1089 620 ὄντες
1105 576 1158 629 φί-

168 663 181 685 ,
201 633 401 687 παυομένου
419 638 481 674 τοῦ
498 631 739 687 συμφέροντος
751 663 761 683 ,
779 634 840 674 καὶ
862 636 962 674 αὐτοὶ
982 633 1157 675 παύονται

50 663 303 749 ἱζφιλοῦντις,
320 692 384 734 καὶ
399 692 618 733 διαλύονται·
634 693 674 731 οὗ
704 691 773 746 γὰρ
793 688 1005 739 ἀλλήλων
982 697 1075 742 ἠσαν
1098 695 1157 747 φί-

50 755 179 806 λοι,
199 752 293 794 ἀλλὰ
309 756 371 794 τοῦ
387 753 608 798 λυσιτελοῦς·
629 751 759 797 ταύτας
777 751 840 803 μὲν
861 747 921 792 ουν
938 751 1000 798 τὰς
1026 753 1156 806 φιλίας,

54 812 166 864 τήν
193 812 312 855 τιδιὸ
342 812 408 862 τὴν
446 811 598 864 ἡδονήν,
619 811 680 851 καὶ
712 811 771 851 διὰ
798 828 840 851 το
869 811 1072 866 χρήσιμον,
1095 813 1156 853 καὶ

48 867 254 930 Ψξᾯιύλινς
270 871 488 927 ἕνδέχεται’
468 887 583 926 εχειν,
605 871 667 912 καὶ
686 873 821 926 φαῦλον
841 871 941 927 φίλον
968 843 1072 923 εἶναι,
1094 873 1156 913 καὶ

82 926 255 986 ςῇειαῆ·
278 932 374 988 φιλεῖ
392 930 462 986 γὰρ
480 933 542 971 καὶ
561 932 694 986 φαῦλος
713 932 845 986 φαῦλον
867 930 925 970 διὰ
942 936 1078 982 ταῦτα,
1095 932 1156 972 καὶ

45 986 243 1048 ''ffllec-
248 993 410 1042 ἐπιεικῆ,
438 990 501 1031 καὶ
533 990 691 1039 ἐπιεικὴς
722 993 869 1044 φαῦλον,
897 991 958 1031 και
979 990 1085 1042 μέσος
1105 1007 1159 1038 τις

46 1046 266 1109 Ῑ-Ῐωτιρον
289 1053 422 1092 αὐτῶν·
445 1051 521 1092 ἔστι
534 1051 604 1106 γὰρ
623 1051 684 1092 καὶ
705 1054 756 1091 τῶ
769 1053 918 1091 ἐπιεικεῖ
931 1055 991 1091 τοῦ
1017 1051 1152 1106 φαύλου

44 1111 204 1169 Γχριία
222 1112 409 1158 πολλάκις.
431 1112 590 1152 Δυνατὸν
609 1111 678 1166 γὰρ
693 1110 875 1186 ναύαρχόν
891 1126 971 1151 τινα
988 1111 1145 1163 ἀγαθόν,

44 1191 64 1207 «τ
97 1170 124 1220 ἢ
139 1171 340 1228 στρατηγὸν
358 1170 524 1226 ἄριστον,
559 1170 610 1224 μὴ
630 1170 724 1210 πάνυ
743 1169 823 1215 τοὺς
852 1169 1000 1225 τρόπους
1028 1171 1159 1223 ἀγαθὸν

36 1228 38 1230 ’
99 1223 215 1282 εἶναι,
232 1225 285 1272 ὧν
311 1231 437 1287 χρείαν
459 1230 555 1286 ἔχειν
577 1231 637 1271 τὸν
658 1231 851 1271 σπουδαῖον
878 1229 977 1269 οὐδὲν
1008 1229 1155 1271 κωλύει.

101 1289 177 1333 Καὶ
191 1290 340 1340 ἥδεσθαι
360 1290 398 1332 δὲ
417 1292 610 1332 σπουδαῖον
632 1290 781 1346 φαύλοις
811 1291 876 1330 οὔκ
896 1289 991 1330 ἔστιν
1026 1290 1160 1330 ἀδύνα-

98 1364 176 1393 τον.
197 1349 281 1390 Εἰσὶ
304 1350 376 1405 γὰρ
392 1349 427 1390 οἳ
451 1349 532 1396 τοὺς
551 1350 615 1403 μὲν
638 1349 790 1404 τρόπους
811 1349 1012 1404 ἀπᾴδουσι,
1038 1351 1159 1390 διαλε-

36 1411 57 1465 μ’
100 1409 255 1511 ''Cp-wat
280 1410 318 1450 δὲ
352 1410 415 1450 καὶ
453 1412 725 1466 φιλοσοφοῦντες
751 1410 814 1450 καὶ
844 1412 896 1465 τῷ
931 1409 1036 1450 δεινοί
1071 1427 1161 1457 τινες

101 1485 193 1512 οναι
209 1485 274 1520 της
293 1469 461 1520 ἀληθείας
475 1470 829 1524 καταστοχαζόμενοι
850 1470 911 1512 καὶ
927 1474 988 1511 τοῦ
1009 1472 1159 1523 ἀγαθοῦ,

42 1548 51 1570 1
99 1531 173 1577 τοῖς
185 1529 388 1585 σπουδαίοις
405 1531 502 1580 ἡδεῖς
517 1529 691 1584 γίνονται·
710 1532 742 1570 οἳ
762 1530 826 1582 μὲν
844 1525 904 1570 ουν
924 1529 1017 1570 ουτω
1042 1531 1161 1585 φιλού-

36 1643 37 1646 Ὶ
101 1606 203 1645 μενοι
229 1581 271 1631 οὗ
289 1591 335 1631 δι’
366 1589 513 1636 ἑαυτοὺς
543 1592 752 1645 φιλοῦνται,
779 1589 892 1630 ἀλλ’
873 1607 897 1639 η
917 1589 976 1629 διὰ
995 1589 1061 1638 τὴν
1078 1592 1162 1639 ἡδο-

99 1651 189 1703 nii,
212 1649 237 1700 ἢ
257 1649 317 1691 διὰ
335 1649 377 1690 τὸ
395 1649 589 1704 χρησιμον.
613 1650 727 1691 Μόνοι
745 1650 782 1689 δὲ
803 1652 836 1690 οῖ
853 1649 1014 1703 ἀγαθοίε
999 1650 1067 1690 υπὸ
1091 1653 1161 1690 τῶν

100 1711 244 1764 ἀγαθῶν
263 1709 433 1751 afim-018?
454 1709 598 1756 ἑαυτοὺς
626 1712 838 1765 φιλοῦνται,
870 1709 934 1750 καὶ
965 1713 989 1759 ἡ
1012 1710 1159 1761 τοιαύτη

46 1782 51 1802 ⁷
100 1769 202 1828 φιλία
220 1768 406 1816 ἀδιάλυτός
435 1772 555 1824 ἔστιν,
586 1769 644 1810 ὅτι
663 1771 781 1811 πολλΓ
757 1787 785 1823 ῳ
816 1769 1044 1822 δοκιμάζεται
1075 1771 1161 1825 χρό-

98 1845 174 1884 νω,
191 1845 254 1870 και
281 1827 453 1884 συνηθεία
474 1829 610 1885 τελεία.
633 1830 724 1884 Περὶ
745 1811 781 1869 δ’ὲ
802 1833 872 1870 τῶν
895 1829 990 1870 οὕτω
1013 1830 1162 1883 δοκιμα-

55 1903 66 1915 ³*
103 1888 258 1930 σθὲντων
277 1890 318 1930 οὖ
339 1888 460 1945 ῥοίδιον
479 1888 525 1930 τὰ
553 1889 678 1963 χείρωω
690 1894 880 1930 πιστεῦσαι
911 1905 973 1930 τον
1007 1890 1161 1942 δοκιμά-

95 1963 235 1998 σαντα.
257 1948 320 1991 Ἐν
338 1949 455 2003 ταύτῃ
478 1949 524 1988 δέ
537 1951 613 1989 ἐστι
633 1953 678 2003 τῇ
707 1949 807 2004 φιλίᾳ
828 1949 890 1990 καὶ
921 1949 962 1989 τὸ
982 1950 1160 1990 πιστεύειν

11 2012 31 2023 ‘²
55 2022 74 2048 .·
99 2009 294 2058 ’ἐλλήλοιςῃ
327 2007 392 2048 καὶ
425 2009 568 2063 θαῤῥεῖν
599 2009 682 2063 περὶ
717 2010 788 2048 τῶν
809 2010 1009 2063 μεγίστων,
1041 2010 1103 2049 καὶ
1121 2010 1162 2050 τὸ

104 2067 281 2123 μηδέποτ’
301 2067 344 2108 ἂν
365 2069 556 2119 ἀδικῆσαι,
581 2068 644 2108 καὶ
678 2068 746 2109 ὅσα
765 2068 858 2108 ἄλλα
886 2071 1042 2117 ζητεῖται
1061 2070 1161 2124 παρὰ

40 2134 78 2176 ς’
102 2130 175 2169 των
204 2130 253 2174 ὣς
273 2129 412 2178 ἀληθῶς
445 2130 560 2182 φιλεῖν
580 2128 776 2177 ἑλομένων·
805 2129 841 2168 ἐν
869 2128 907 2168 δὲ
933 2135 1010 2174 ταῖς
1027 2129 1162 2183 ἑτέραις

102 2187 205 2234 ιῦδὲν
231 2187 362 2228 κωλύει
381 2187 444 2227 καὶ
477 2187 732 2228 διαὸάλλεσθαι
752 2187 840 2242 πρὸς
873 2188 1068 2238 ἀλλήλους,
1101 2190 1162 2229 καὶ

60 2252 74 2269 ²
102 2246 238 2288 ἀδικεῖν
251 2247 425 2296 ἀλλήλους
440 2246 491 2300 μὴ
507 2246 596 2296 τὴν’
587 2247 733 2296 ισότητα
752 2247 945 2300 σωζοντας,
965 2248 1027 2288 καὶ
1047 2250 1162 2289 τᾶλλα

102 2306 274 2361 πάσχειν.
302 2304 415 2348 Ὅθεν
439 2307 519 2347 οὐδὲ
545 2307 647 2362 φίλοι
682 2307 772 2347 εἰσὶν
793 2309 825 2347 οἳ
844 2314 994 2349 τοιοῦτοι
1015 2310 1160 2362 κυρίως,

47 2371 82 2422 ξ.
104 2366 184 2408 ἀλλ’
204 2365 284 2408 ἐπεὶ
311 2367 476 2408 εἰώθασιν
509 2369 542 2407 οἱ
569 2367 748 2423 ἄνθρωποι
774 2369 836 2409 καὶ
871 2367 952 2416 τοὺς
986 2370 1163 2416 τοιούτους

59 2425 227 2489 ἒφφθους
247 2426 446 2480 ὀνομάζειν·
465 2425 490 2476 ἢ
512 2427 571 2467 διὰ
591 2427 655 2476 τὴν
682 2428 824 2481 χρείαν,
844 2428 967 2483 ὥσπερ
987 2432 1023 2468 αἱ
1042 2431 1162 2476 πόλεις

72 2484 185 2545 396<
213 2487 425 2542 συμμάχους
452 2488 667 2539 ὀνομάζουσι
693 2487 839 2542 φίλους,
878 2488 901 2536 ἢ
937 2490 983 2528 δι’
1004 2490 1158 2542 ἡδονην,

66 2546 228 2603 ,Ποπορ
246 2548 279 2588 οἱ
298 2549 334 2588 ἔν
352 2547 520 2602 συνηθεία
543 2549 666 2592 παῖδες
688 2548 876 2596 ἀλλήλους·
897 2548 956 2588 διὰ
978 2554 1081 2589 τοῦτο
1101 2551 1160 2590 καὶ

190 2606 348 2662 φίλους
366 2606 431 2660 μὲν
451 2607 577 2652 αὐτοὺς
593 2609 836 2659 ὀνομάζομεν,
853 2610 892 2647 οὗ
910 2609 969 2648 τὸν
990 2611 1096 2650 αὐτὸν
1119 2609 1156 2650 δὲ

70 2659 127 2704 [ᾗ
234 2665 386 2725 ,ὥσπερ
404 2666 484 2713 τοὺς
498 2668 659 2720 ἀγαθούς·
676 2670 714 2707 οὗ
735 2668 803 2722 γὰρ
818 2670 991 2720 ὁμοειδεῖς
1013 2670 1160 2721 οἰόμεθα

77 2696 145 2755 ’ἑὲ
155 2743 221 2780 ι,
241 2721 335 2768 ἀλλὰ
361 2729 440 2768 καθ’
469 2728 665 2778 ὁμοιότητα
688 2728 808 2782 φίλους
830 2729 1064 2781 ὀνομάζομεν.
1090 2730 1160 2770 Καὶ

57 2763 156 2839 ξ
177 2789 293 2828 τοῦτο
313 2787 430 2828 πολλὰ
449 2787 525 2836 εἴδη
546 2788 663 2843 φαμὲν
693 2781 784 2827 εἶναι
806 2789 941 2843 φιλίας.
980 2789 1104 2831 Καὶ”
1085 2806 1160 2830 εστι

76 2845 207 2906 ζ.«φλία
226 2845 379 2900 πρώτως
404 2846 469 2899 μὲν
485 2847 548 2887 καὶ
567 2849 695 2901 κυρίως
709 2851 731 2896 ἡ
752 2851 822 2888 τῶν
842 2851 1006 2902 ἀγαθῶν,
1028 2853 1050 2898 ᾗ
1073 2851 1162 2902 ἀγα-

67 2905 174 2952 M·
195 2908 276 2947 καθ’
301 2905 494 2958 ὁμοιότητα
514 2907 550 2947 δὲ
570 2909 606 2947 αἱ
627 2909 766 2947 λοιπαί·
787 2908 848 2949 καὶ
866 2909 1010 2963 γὰρκαὶ
1027 2909 1066 2949 τὸ
1080 2910 1161 2960 ἡδύ,

61 2964 196 3020 ,φαθὸ
213 2965 346 3019 ἀγαθόν
366 2966 401 3006 τί
428 2968 545 3016 ἐστιν,
562 2969 610 3012 ὡς
635 2967 702 3016 ἡδὺ
724 2967 893 3008 συνάπτει
909 2968 988 3014 τοὺς
1014 2969 1159 3023 φιληδό·

67 3021 209 3077 m
204 3025 367 3100 κάγαθὸν
388 3026 458 3082 γάρ
477 3027 512 3066 τί
541 3029 616 3067 ἐστι
644 3034 716 3072 τοῖς
738 3028 901 3082 φιληδέσι
933 3028 974 3068 τὸ
994 3029 1078 3077 ἡδύ·
1098 3029 1161 3070 καὶ

63 3100 78 3116 ‘³
201 3087 232 3141 ᾧ
247 3086 381 3137 ἔοικεν,
400 3085 454 3126 ὅτι
476 3088 593 3132 αὐτοῖς
611 3088 746 3161 ἀγαθὸν
771 3088 877 3127 δοκεῖ·
899 3087 1013 3127 καὶτὸ
1032 3089 1161 3143 χρήσι-

71 3130 175 3209 ἰεω
189 3146 322 3201 ἀγαθὸν
341 3147 436 3194 δοκεῖ
454 3150 505 3202 τῶ
529 3147 719 3202 χρωμένῳ·
741 3147 800 3187 διὰ
824 3152 926 3187 τοῦτο
942 3150 1021 3188 καθ’
1041 3148 1160 3200 ὁμοιό-

84 3214 201 3261 ητα
218 3209 280 3255 τῆς
302 3207 453 3255 ἀληθοῦς
471 3207 589 3281 φιλίας
613 3208 649 3246 αἱ
668 3211 829 3247 τοιαῦται
844 3207 960 3261 φιλίαι
980 3208 1158 3262 λέγονται.

64 3263 232 3316 nond
251 3265 288 3306 δὶ
305 3264 438 3320 φιλία’
419 3268 493 3307 απὸ
510 3267 688 3321 χρησίμου
703 3267 764 3307 καὶ
784 3269 886 3316 ἡδέος
899 3270 939 3308 06
955 3267 1048 3307 πάνυ
1069 3269 1161 3321 γίνε-

63 3327 192 3378 Ἶρι,
210 3325 304 3368 ὥστε
322 3329 391 3366 τῶν
409 3326 518 3382 φίλων
547 3329 605 3368 τὸν
627 3328 691 3379 μὲν
711 3328 769 3368 διὰ
789 3329 828 3368 τὸ
852 3327 917 3377 ἡδὺ
945 3329 1080 3383 φιλεῖν,
1102 3329 1161 3368 τὸν

62 3380 150 3441 χζ-ῑδὶ
179 3384 238 3424 διὰ
267 3386 308 3426 τὸ
332 3386 524 3439 χρήσιμον·
553 3387 595 3426 τὸ
629 3387 700 3440 γὰρ
734 3388 910 3428 συνάπτον
933 3387 1014 3433 τοὺς
1043 3387 1162 3443 φίλους

63 3459 70 3478 ⁵
91 3443 204 3486 Ἰατὰ
229 3444 456 3497 συμὸεὸηκός
485 3448 579 3487 ἐστιν
610 3450 645 3488 ἐν
664 3449 796 3494 αὐτοῖς·
826 3447 999 3488 συνάπτει
1023 3448 1060 3488 δὲ
1083 3447 1162 3494 τοὺς

60 3510 62 3514 ’
206 3536 211 3541 -
240 3523 330 3550 ναιι..
353 3525 459 3550 cnm.
482 3526 529 3551 ιιι.

611 184 914 227 ETHICORUM
942 183 1392 227 NICOMACHEORUM
1422 182 1804 225 PARAPHRASIS.

2187 183 2265 221 497

1216 281 1281 318 tor,
1290 281 1349 312 aut
1357 279 1451 322 isqui
1465 281 1598 312 amatur
1611 278 1754 321 amplius
1767 276 1889 311 colitur
1903 275 2142 310 :multiautem
2151 274 2269 308 talium

1215 338 1387 373 hominum
1400 338 1435 372 in
1445 339 1590 372 amicitia
1606 340 1819 382 permanent,
1835 338 1865 371 si
1882 339 2016 371 servata
2032 334 2270 370 consuetudine

1215 409 1326 434 mores
1341 399 1531 441 dilexerint,
1543 409 1649 443 quum
1662 400 1728 432 sint
1744 399 1831 433 inter
1841 408 1876 432 se
1890 399 2039 432 moribus
2053 397 2189 431 similes.
2205 395 2271 436 Qui

1217 470 1296 495 vero
1312 470 1378 495 non
1391 459 1480 494 idem
1490 460 1552 494 sibi
1566 460 1711 494 reddunt
1727 461 1845 493 mutuo
1857 485 1865 501 ,
1884 458 1943 493 sed
1955 459 2040 492 alter
2050 457 2268 501 voluptatem,

1217 521 1302 555 alter
1324 521 1505 554 utilitatem
1518 547 1526 563 ‚
1551 530 1618 554 non
1639 521 1832 563 permanent
1852 519 1886 552 in
1913 519 2060 552 amicitia
2073 544 2081 559 ,
2104 520 2138 551 et
2156 520 2271 560 [quum

1218 582 1331 616 amant
1345 581 1433 615 inter
1446 590 1500 621 se,
1514 581 1625 614 minus
1635 582 1767 614 amant:
1784 588 1899 613 omnes
1911 579 2055 622 denique
2069 578 2128 621 qui
2142 578 2274 611 utilita-

1218 642 1263 676 tis
1274 651 1374 675 causa
1390 643 1468 675 sunt
1483 641 1599 682 amici,
1618 643 1768 674 cessante
1778 640 2005 679 utilitateilla,
2018 648 2129 672 amare
2137 647 2274 682 quoque

1218 702 1373 735 desinunt
1389 711 1428 735 ac
1443 701 1647 735 dirimuntur
1667 711 1676 731 r
1694 710 1759 734 non
1783 700 1871 734 enim
1892 709 1927 733 se
1951 701 2071 733 mutuo
2095 699 2271 738 amabant,

1219 762 1278 795 sed
1300 762 1562 795 emolumentum
1589 773 1598 794 ι
1626 760 1770 803 ideoque
1794 760 1866 803 eJ‘us
1892 768 1969 802 quae
1995 761 2068 792 tum
2092 758 2275 801 voluptatis

1219 823 1293 855 tum
1307 821 1464 855 utilitatis
1476 830 1577 854 causa
1595 819 1807 854 contrahitur
1822 819 1978 852 amicitiae
1992 819 2171 862 participes
2185 827 2274 861 quo-

1218 890 1285 924 que
1306 889 1378 914 esse
1392 882 1533 924 possunt
1556 879 1716 924 improbi,
1740 881 1919 922 potestque
1935 881 1969 912 et
1987 879 2159 922 improbus
2176 877 2275 912 simul

1219 951 1258 975 ea
1275 950 1311 974 re
1323 940 1477 984 conjungi
1496 943 1530 974 et
1544 940 1669 983 probus
1692 953 1701 973 ι
1718 939 1799 983 quia
1824 941 1858 972 et
1875 938 2047 981 improbus
2071 937 2272 981 improbum,

1218 1001 1253 1033 et
1281 999 1453 1042 improbus
1482 999 1643 1042 probum,
1677 1000 1711 1032 et
1737 998 1861 1041 probus
1885 998 2075 1040 improbum
2105 997 2277 1031 interdum

1218 1061 1391 1103 propterea
1411 1060 1520 1100 amat,
1545 1059 1579 1092 et
1596 1057 1656 1101 qui
1671 1057 1802 1090 medius
1818 1057 1906 1090 inter
1930 1056 1992 1089 bos
2012 1056 2077 1097 sit,
2093 1058 2278 1099 utrumque

1218 1129 1334 1154 eorum
1351 1131 1361 1153 ε
1378 1128 1455 1152 nam
1467 1121 1501 1152 et
1521 1118 1645 1161 probus
1663 1107 1752 1161 saepe
1771 1117 1882 1160 aliqua
1900 1116 1935 1149 in
1951 1126 1988 1150 re
2015 1118 2089 1158 eget
2114 1116 2274 1159 improbo.

1218 1182 1334 1214 Potest
1352 1179 1442 1214 enim
1470 1179 1592 1222 aliquis
1617 1178 1726 1212 bonus
1746 1186 1821 1212 esse
1841 1176 1978 1210 navium
1999 1174 2199 1218 praefectus,
2219 1179 2278 1209 aut

1219 1240 1365 1284 optimus
1380 1239 1548 1274 exercitus
1572 1237 1663 1277 dux,
1690 1237 1769 1271 licet
1790 1246 1856 1270 non
1872 1235 2053 1269 admodum
2068 1235 2151 1269 bene
2167 1245 2279 1269 mora-

1220 1302 1276 1334 tus
1294 1300 1357 1339 sit,
1379 1309 1524 1343 quorum
1537 1301 1650 1332 tamen
1663 1306 1726 1341 ope
1741 1306 1838 1340 egere
1852 1296 1963 1329 virum
1978 1296 2105 1328 bonum
2124 1295 2207 1329 nihil
2224 1305 2278 1330 ve-

1219 1360 1280 1392 tat.
1301 1358 1390 1397 Quin
1423 1358 1527 1392 etiam
1554 1359 1594 1390 ut
1615 1356 1776 1400 improbis
1803 1355 1995 1389 hominibus
2024 1354 2209 1388 delectetur
2226 1355 2280 1388 vir

1220 1418 1356 1461 probus,
1373 1417 1444 1451 fieri
1460 1416 1639 1460 aliquando
1653 1417 1776 1459 potest.
1801 1416 1888 1450 Sunt
1903 1416 1993 1450 enim
2005 1416 2143 1459 quidam
2157 1424 2279 1458 quam-

1220 1478 1272 1511 vis
1287 1477 1436 1510 moribus
1452 1476 1548 1519 longe
1564 1475 1725 1515 diversis,
1744 1475 1802 1518 qui
1823 1475 1858 1508 in
1874 1475 2066 1517 disserendo
2086 1477 2120 1508 et
2135 1475 2280 1518 philoso-

1220 1536 1354 1580 phando
1366 1539 1586 1579 accuratoque
1603 1535 1675 1569 veri
1688 1537 1790 1578 atque
1805 1534 1912 1578 ipsius
1930 1534 2009 1569 boni
2024 1534 2279 1577 investigatione

1220 1596 1306 1639 grati
1318 1596 1526 1640 jucundique
1542 1595 1625 1630 viris
1636 1595 1733 1629 bonis
1744 1595 1889 1629 evadant
1908 1609 1916 1628 :
1932 1595 1992 1638 qui
2006 1604 2083 1637 ergo
2098 1595 2146 1628 ita
2160 1604 2277 1627 aman-

1221 1659 1287 1696 tur,
1305 1666 1370 1690 non
1381 1666 1442 1700 per
1457 1666 1508 1696 se,
1530 1655 1588 1690 sed
1602 1655 1786 1698 voluptatis
1803 1657 1863 1688 aut
1877 1654 2034 1688 utilitatis
2047 1664 2148 1688 causa
2162 1664 2280 1688 aman-

1221 1718 1287 1750 tur.
1306 1715 1376 1750 Soli
1398 1726 1478 1750 vero
1506 1716 1584 1750 boni
1602 1725 1623 1749 a
1643 1715 1739 1749 bonis
1759 1715 1823 1758 ipsi
1840 1724 1900 1758 per
1924 1724 1960 1748 se
1983 1717 2155 1755 amantur,
2176 1717 2280 1758 atque

1220 1776 1413 1819 hujusmodi
1426 1775 1573 1810 amicitia
1590 1774 1829 1809 indissolubilis
1844 1776 1906 1814 est,
1923 1775 2003 1818 quia
2020 1775 2116 1818 longo
2133 1777 2281 1818 tempore

1220 1839 1254 1870 et
1276 1835 1424 1879 perfecta
1448 1835 1690 1870 consuetudine
1711 1835 1916 1879 exploratur.
1940 1833 2007 1868 Sed
2029 1833 2071 1868 de
2091 1834 2281 1867 hominibus

1220 1897 1268 1930 ita
1288 1897 1436 1941 probatis
1455 1899 1489 1930 et
1502 1896 1660 1940 spectatis
1676 1906 1743 1930 non
1763 1898 1815 1930 est
1836 1895 1934 1929 facile
1951 1894 1982 1928 ei
1995 1895 2054 1938 qui
2071 1895 2226 1938 probavit
2247 1897 2281 1928 et

1221 1957 1385 2000 spectavit
1402 1956 1570 1991 deteriora
1587 1956 1735 1990 credere.
1763 1956 1875 1999 Hujus
1895 1965 1995 1998 porro
2014 1955 2174 1989 amicitiae
2196 1955 2282 1988 illud

1220 2017 1393 2060 proprium
1419 2018 1491 2058 est,
1510 2019 1550 2050 ut
1572 2019 1606 2050 et
1632 2016 1694 2050 sibi
1717 2018 1837 2049 mutuo
1862 2017 2001 2049 credant
2028 2015 2148 2057 amici,
2181 2018 2214 2048 et
2240 2015 2282 2048 de

1220 2078 1375 2111 maximis
1384 2078 1485 2111 rebus
1498 2078 1606 2121 iisque
1623 2077 1856 2111 communibus
1873 2077 1983 2111 securi
1996 2077 2150 2120 bonoque
2168 2076 2278 2109 animo

1221 2138 1308 2177 siut,
1325 2140 1532 2181 caveantque
1547 2136 1664 2171 sedulo
1679 2164 1686 2176 ,
1701 2145 1743 2170 ne
1763 2136 1859 2170 alteri
1876 2136 1918 2170 ab
1932 2137 2038 2170 altero
2058 2137 2182 2179 injuria
2200 2135 2281 2169 infe-

1221 2200 1326 2241 ratur,
1351 2198 1549 2241 reliquaque
1572 2206 1650 2240 quae
1681 2196 1716 2229 iu
1740 2205 1897 2230 verorum
1926 2197 2110 2230 amicorum
2132 2195 2279 2229 amicitia

1221 2256 1439 2300 requiruntur
1457 2268 1467 2288 ι
1481 2265 1589 2299 quum
1611 2255 1646 2288 in
1664 2255 1795 2289 caeteris
1807 2255 1963 2289 amicitiae
1981 2256 2100 2289 fonnis
2122 2256 2204 2289 nihil
2221 2254 2282 2289 ob—

1222 2319 1308 2358 stet,
1331 2316 1513 2359 quominus
1537 2315 1712 2350 calumniae
1742 2315 1966 2350 interveniant
1999 2319 2033 2349 et
2058 2316 2182 2359 injuria
2205 2318 2281 2349 tum

1221 2376 1365 2410 alterum
1390 2376 1474 2410 alter
1490 2376 1622 2410 sublata
1638 2375 1800 2419 aequitate
1818 2374 1943 2409 afficiat
1958 2403 1966 2416 ,
1983 2378 2056 2409 tum
2072 2375 2201 2419 reliqua
2215 2376 2282 2409 hu-

1219 2436 1367 2479 jusmodi
1385 2436 1545 2479 patiatur.
1564 2437 1676 2474 Quare
1691 2444 1800 2480 neque
1822 2435 1955 2479 proprie
1971 2435 2071 2468 amici
2089 2438 2166 2469 sunt
2182 2435 2279 2475 tales,

1222 2495 1281 2529 sed
1299 2495 1378 2538 quia
1394 2495 1545 2528 homines
1564 2494 1667 2528 etiam
1693 2495 1769 2529 illos
1788 2495 1912 2528 amicos
1931 2504 2052 2528 vocare
2072 2495 2180 2529 solent
2200 2507 2208 2527 :
2227 2497 2283 2531 vel

1221 2558 1356 2598 propter
1372 2554 1608 2597 indigentiam,
1638 2553 1727 2588 siout
1744 2554 1900 2588 civitates
1920 2554 2000 2588 belli
2027 2554 2136 2589 socios
2158 2554 2283 2588 amicos

1222 2614 1406 2658 appellant,
1434 2614 1489 2647 vel
1504 2614 1687 2659 voluptatis
1709 2623 1828 2653 causa,
1857 2613 1947 2655 sicut¹
1964 2614 2061 2657 pueri
2081 2623 2283 2648 conversan-

1223 2678 1274 2708 tes
1290 2674 1479 2708 seinvicem
1498 2675 1545 2707 ita
1563 2683 1684 2707 vocare
1703 2673 1810 2708 solent
1827 2687 1835 2707 ε
1856 2673 1931 2707 ideo
1944 2676 1978 2708 et
1997 2683 2058 2708 nos
2085 2684 2142 2708 eos
2160 2675 2284 2708 amicos

1222 2734 1382 2773 dicimus,
1410 2743 1475 2767 non
1497 2742 1537 2767 eo
1560 2737 1674 2767 autem
1697 2733 1796 2767 modo
1813 2743 1880 2777 quo
1896 2733 2001 2767 bonos
2025 2744 2033 2764 ε
2061 2743 2171 2778 neque
2194 2734 2282 2768 enim

1222 2793 1371 2836 ejusdem
1387 2794 1505 2826 formae
1521 2802 1594 2827 esse
1611 2796 1770 2836 putamus
1782 2820 1790 2833 ,
1810 2792 1870 2827 sed
1886 2801 1904 2827 e
1918 2792 2138 2828 similitudine
2157 2794 2283 2828 amicos

1222 2853 1442 2887 nominamus.
1473 2852 1700 2892 Quamobrem
1720 2852 1848 2887 multas
1870 2853 2027 2887 amicitiae
2054 2853 2181 2896 species
2210 2863 2283 2888 esse

1222 2912 1377 2946 dicimus.
1397 2914 1525 2956 Estque
1546 2912 1693 2947 amicitia
1714 2913 1864 2957 primum
1892 2916 1927 2947 et
1951 2914 2083 2956 proprie
2100 2913 2279 2954 bonorum,

1221 2982 1289 3016 qua
1311 2972 1388 3006 boni
1408 2974 1486 3006 sunt
1507 2983 1515 3006 ε
1546 2972 1590 3006 ad
1618 2973 1692 3016 eJus
1720 2971 1976 3007 similitudinem
1999 2982 2081 3007 vero
2109 2976 2241 3007 caeterae
2274 2988 2281 3007 z

1222 3032 1344 3066 etenim
1360 3034 1393 3066 et
1401 3031 1588 3075 jucundum
1599 3059 1607 3072 ,
1622 3035 1789 3076 quatenus
1804 3032 1930 3067 bonum
1942 3033 2025 3078 quid
2041 3036 2104 3076 est,
2122 3037 2283 3078 tanquam

1219 3091 1405 3135 jucundum
1439 3091 1606 3135 conjungit
1636 3092 1786 3127 homines
1823 3092 2031 3137 voluptarios
2059 3105 2067 3126 ε
2095 3094 2283 3137 jucundum

1222 3151 1310 3185 enim
1334 3151 1419 3185 bona
1439 3151 1596 3195 quaedam
1615 3162 1669 3187 res
1686 3155 1738 3187 est
1766 3152 1808 3187 iis
1834 3153 1894 3197 qui
1925 3153 2027 3188 rebus
2048 3154 2206 3196 jucundis
2224 3154 2283 3187 du-

1223 3213 1367 3245 cuntur:
1388 3210 1529 3255 ideoque
1546 3211 1633 3246 bono
1660 3211 1768 3247 simile
1793 3215 1863 3252 est,
1883 3213 1962 3256 quia
1987 3212 2110 3246 bonum
2132 3213 2200 3245 illis
2228 3212 2282 3244 vi-

1223 3270 1322 3304 detur
1343 3283 1351 3303 2
1377 3270 1424 3305 ita
1443 3274 1476 3305 et
1501 3271 1584 3306 utile
1610 3271 1736 3306 bonum
1756 3272 1865 3306 utenti
1892 3272 2050 3307 videtur:
2084 3272 2239 3316 quocirca
2265 3280 2283 3305 e

1223 3340 1311 3366 verae
1327 3331 1483 3367 amicitioe
1514 3333 1733 3368 similitudine
1761 3333 1846 3367 tales
1872 3334 2028 3367 amicitiae
2056 3333 2280 3367 nominantur.

1222 3392 1329 3427 Mixta
1346 3402 1426 3427 vero
1448 3402 1489 3427 ex
1510 3393 1585 3427 utili
1598 3396 1632 3428 et
1643 3393 1793 3437 jucundo
1806 3393 1953 3427 amicitia
1972 3404 2037 3427 non
2056 3393 2161 3428 ferme
2186 3394 2283 3427 inve-

1221 3454 1324 3495 nitur,
1357 3455 1405 3489 ita
1428 3457 1467 3489 ut
1483 3454 1569 3490 alter
1589 3454 1774 3489 amicorum
1798 3455 2006 3499 jucundum,
2026 3456 2114 3489 alter
2140 3455 2222 3489 utile
2249 3455 2283 3488 in

2112 3524 2153 3555 32
