2528 3788
121 470 308 534 «baberet.
329 478 460 526 Neque
478 477 554 514 hoc
571 473 818 512 dissimulavit
831 473 975 509 Tullius
989 500 999 518 ,
1023 472 1089 508 sed
1107 472 1184 507 Pli-

112 580 114 582 ,
132 534 205 581 nio
228 535 312 589 (51)
335 543 429 574 teste
448 537 488 572 in
507 535 778 573 Consolatione
794 534 856 570 illa
875 532 1065 583 professus
1084 539 1189 577 est-et

136 594 216 653 pfae
232 607 274 634 se
297 595 406 643 tulit,
421 607 460 632 se
481 595 674 632 Crantoris
687 592 848 642 vestigia
866 590 1059 642 persequi.
1079 590 1189 627 Idem

59 662 94 690 Γ
136 650 296 697 &atur
313 654 571 704 Hieronymus
595 651 696 702 (52).
715 653 825 688 Nunc
847 650 1031 700 quoniam
1052 661 1100 685 ne
1119 649 1189 685 hu-

132 712 197 769 im
213 714 369 766 quidem
388 713 560 764 opusculi
579 710 819 750 ciceroniani
838 709 1051 759 quidquam
1071 720 1190 758 supe-

49 819 69 827 „
137 776 200 817 nt
216 779 357 825 praeter
374 781 495 809 unum
520 771 665 817 locum,
699 780 814 819 quern
846 779 892 805 ex
918 768 1192 805 Consolatione

86 872 98 874 ,,
138 833 187 873 ίιῖ
209 832 440 872 Tusculanas
462 829 739 881 disputationes
770 828 960 866 transtulit
979 834 1127 872 auctor,
1156 834 1194 864 et

45 894 50 905 ’
139 901 206 942 sex
234 898 422 943 septemve
456 890 585 938 locos,
613 901 713 938 quos
753 887 952 926 Lactantio
989 887 1192 932 debemus,

141 947 220 991 duo
239 947 320 989 sola
339 956 428 987 sunt
452 948 571 986 hodie
596 945 814 985 chartarum
844 947 1065 983 amissarum
1092 945 1195 981 sola-

140 1003 213 1059 tia,
231 1010 458 1049 Tusculanas
481 1008 570 1046 dico
588 1008 706 1057 paulo
731 1013 820 1057 post
839 1006 942 1043 illam
962 1011 1194 1042 commenta-

141 1071 286 1109 tionem
305 1082 326 1106 a
346 1069 530 1106 Cicerone
551 1067 762 1116 divulgatas
781 1072 819 1103 et
845 1065 1153 1103 Consolationem
1174 1076 1196 1100 a

141 1128 348 1168 Plutarcho
368 1127 419 1164 ad
440 1126 690 1177 Apollonium
717 1126 912 1175 scriptam.
935 1124 1030 1161 Nam
1051 1125 1177 1160 Tuscu

141 1178 238 1228 lanae
256 1199 412 1239 quoque
433 1186 473 1224 in
492 1185 752 1223 consolatorio
784 1190 1012 1234 argumento
1039 1195 1197 1219 versan-

145 1255 220 1296 tur,
239 1259 403 1298 quarum
422 1246 569 1297 primus
594 1246 692 1282 liber
723 1251 887 1282 mortem
917 1256 998 1280 non
1024 1243 1065 1280 in
1089 1242 1199 1280 malis

146 1306 360 1346 ducendam
374 1333 386 1352 ,
405 1304 594 1342 secundus
617 1304 792 1342 dolorem
812 1303 1134 1340 contemnendum
1164 1310 1201 1339 et

145 1364 371 1404 fortitudine
410 1363 670 1414 patientiaque
715 1363 1008 1414 opprimendum
1021 1389 1032 1409 ‚
1070 1363 1201 1399 tertius

142 1424 414 1477 ¹aegritudinem
431 1436 513 1460 non
529 1423 665 1461 cadere
681 1423 720 1459 in
739 1423 949 1473 sapientem
971 1430 1010 1459 et
1027 1434 1110 1472 quae
1129 1423 1202 1459 sint

145 1483 378 1535 egritudinis
395 1482 567 1520 remedia
579 1511 591 1532 ‚
607 1489 766 1532 quartus
783 1483 951 1531 reliquas
978 1482 1096 1518 animi
1114 1495 1202 1532 per-

145 1543 382 1582 turbationes
401 1554 490 1579 cum
515 1542 700 1591 sapientia
725 1549 899 1578 constare
924 1554 1004 1577 non
1031 1553 1145 1591 posse
1165 1548 1202 1578 et

146 1601 288 1654 quibus
313 1599 442 1639 modis
465 1600 590 1639 sedari
618 1601 782 1650 tollique
801 1600 970 1638 debeant
998 1601 1127 1640 docet.
1157 1603 1202 1638 ln

31 1644 62 1671 Ψ
95 1692 98 1695 Δ
143 1662 205 1701 liis
223 1667 353 1700 autem
369 1659 565 1698 tradendis
587 1659 782 1697 Crantoris
807 1659 951 1695 librum
978 1661 1101 1709 liquet
1123 1672 1201 1696 non

145 1721 359 1773 neglectum
398 1732 475 1758 esse
503 1732 527 1758 a
560 1718 760 1758 Cicerone.
795 1719 989 1755 Plutarchi
1023 1732 1115 1756 vero
1153 1720 1202 1757 ad

140 1780 394 1832 'Apollonium
418 1779 572 1817 missam
593 1779 893 1816 consolationem
916 1777 1030 1831 (nam
1049 1779 1204 1817 brevior

146 1840 211 1879 illa
229 1851 345 1891 quam
363 1838 414 1876 ad
431 1850 592 1876 uxorem
609 1845 699 1888 post
712 1845 875 1874 mortem
891 1836 1016 1875 filiolae
1037 1840 1201 1889 scripsit,

147 1895 260 1939 nobis
277 1900 319 1936 in
337 1898 411 1936 hac
430 1898 640 1948 quaestione
654 1898 799 1934 inutilis
815 1897 893 1947 est)
924 1899 1089 1948 exceptis
1107 1912 1204 1949 pau·-

140 1959 206 2000 ⁴eis
227 1958 396 1998 Platonis
429 1958 671 2006 aliorumque
704 1957 1026 2007 philosophorum
1054 1971 1203 2008 praece-

153 2020 251 2071 ptis,
276 2018 488 2070 paucisque
513 2017 605 2053 item
628 2017 745 2066 ipsius
771 2017 966 2065 scriptoris
983 2019 1202 2064 sententiis,

35 2074 44 2087 '⁶
105 2117 110 2122 ,
147 2078 243 2118 ticet
268 2078 392 2117 tribus
409 2082 557 2113 tantum
578 2083 795 2125 quatuorve
811 2076 906 2112 locis
927 2076 1088 2113 Crantor
1108 2078 1205 2115 cite-

150 2143 232 2189 tur,
247 2151 295 2176 ex
310 2136 424 2186 hujus
440 2143 567 2173 tamen
585 2136 823 2185 potissimum
843 2136 944 2172 libro
965 2135 1205 2185 depromtam

150 2201 255 2245 esse,
286 2207 510 2248 persuasum
541 2195 740 2233 habemus.
769 2196 824 2231 Ac
854 2195 1021 2244 primum
1050 2196 1205 2245 quidem

150 2263 315 2306 utraque
336 2253 387 2292 a‘d
417 2261 567 2305 patrem
587 2254 730 2304 scripta
755 2261 809 2291 est
834 2254 1036 2290 immatura
1065 2255 1206 2292 libero-

139 2316 240 2354 'rum
265 2321 391 2352 morte
422 2313 591 2364 graviter
610 2319 869 2359 commotum3
892 2312 1032 2349 deinde
1054 2314 1205 2351 Plutar-

153 2371 246 2414 ehea
264 2373 476 2412 consolatio
496 2371 574 2410 fere
593 2372 690 2409 nihil
709 2373 880 2409 continet
893 2400 904 2417 ,
928 2372 1007 2408 sive
1027 2385 1101 2419 res,
1122 2387 1205 2423 quae

151 2437 424 2479 memorantur,
446 2433 525 2470 sive
543 2432 776 2482 scriptorum
795 2432 996 2468 sententias
1015 2432 1205 2482 respicias,

153 2495 242 2545 quae'
256 2492 462 2532 testimonii
485 2504 597 2530 causa
621 2491 847 2538 afferuntur,
869 2491 974 2540 quod
995 2494 1204 2530 necessario

153 2551 362 2599 contendas
375 2551 571 2590 Crantoris
589 2551 720 2588 libello
736 2551 927 2601 posterius
946 2562 1024 2587 esse
1040 2564 1051 2597 ;
1071 2559 1205 2600 poeta-

150 2617 239 2650 rum
267 2618 395 2649 autem
419 2623 569 2656 Versus,
592 2611 659 2660 qui
688 2611 922 2647 Plutarcheae
943 2610 1110 2647 orationi
1136 2612 1206 2648 ad-

150 2669 262 2710 inixti
296 2677 407 2717 sunt,
442 2682 488 2708 ex
518 2669 658 2707 eodem
705 2670 811 2707 fonte
846 2670 972 2707 hausti
1008 2670 1202 2712 videntur.

24 2716 98 2781 ’1,
149 2731 340 2769 {Nimirum
374 2730 533 2767 Homeri
565 2736 604 2766 et
639 2729 836 2779 Euripidis
865 2730 941 2766 ioci
979 2737 1087 2775 sunt,
1111 2743 1206 2779 quos

150 2785 284 2842 {foetas
300 2789 448 2826 Solensi
467 2788 702 2838 philosopho
726 2789 765 2824 in
788 2787 934 2824 deliciis
963 2787 1073 2825 fuisse
1091 2802 1205 2839 supra

152 2849 430 2895 mutavimus.
451 2848 627 2897 Denique
647 2847 823 2896 quaedam
844 2848 970 2884 insunt
989 2848 1029 2883 in
1052 2848 1199 2885 Plutar-

153 2995 222 3031 Ἦ.
240 2995 268 3035 1.
289 2996 328 3029 Ρ.
344 2996 388 3035 11,
405 3003 440 3036 p.
455 2996 518 3028 268
535 2993 590 3026 ed.
611 2992 732 3027 Bened.
751 2993 913 3026 Pulvillus
930 2993 1127 3036 Capitolium
1149 2995 1207 3028 dc-

280 3066 292 3084 ,
311 3043 481 3076 mortuum
496 3042 536 3074 ut
554 3040 770 3074 nuntiabatur
790 3040 898 3073 subito
917 3040 1018 3073 filium
1030 3067 1039 3081 ,
1057 3050 1092 3074 se
1108 3041 1207 3082 jussit

143 3111 146 3115 -
257 3091 290 3124 te
306 3088 450 3132 sepeliri.
468 3090 505 3122 L.
519 3089 658 3121 Paullus
679 3090 805 3131 septem
825 3087 940 3120 diebus
962 3088 1048 3121 inter
1062 3088 1206 3123 duorum

152 3137 329 3180 umatus
346 3135 488 3169 tiliorum
501 3135 711 3178 triumphans
725 3135 841 3168 urbem
856 3136 1022 3177 ingressus
1038 3139 1099 3168 est.
1118 3138 1207 3170 Proe-

155 3184 303 3219 tot-mitto
329 3183 513 3223 Maximus,
537 3183 699 3223 catones,
719 3183 849 3222 Gallos,
878 3183 1033 3223 Pisones,
1058 3185 1180 3216 Brutos
1195 3210 1203 3224 ‚

152 3231 338 3270 semotas,
362 3229 512 3263 Metellos
524 3255 532 3271 ‚
555 3231 697 3263 Scauros
709 3255 717 3270 ,
735 3230 855 3263 Marios
868 3256 875 3270 ,
895 3233 1047 3272 Crassos,
1071 3234 1207 3266 Mareel-

152 3277 206 3319 lus
223 3279 322 3321 atque
338 3277 482 3311 Aufidios
495 3302 504 3317 ‚
519 3286 661 3319 quorum
676 3286 742 3310 non
758 3279 862 3310 minor
880 3278 912 3310 in
930 3279 1020 3310 luctu
1030 3303 1039 3318 ,
1053 3288 1154 3321 quam
1172 3280 1205 3313 in

155 3322 251 3359 beuti
270 3324 376 3357 virtus
395 3324 478 3364 fuit,
499 3327 532 3357 et
558 3333 698 3367 quorum
720 3325 880 3357 orbitates
906 3326 938 3357 in
964 3326 1204 3361 Consolationis

157 3371 242 3406 libro
257 3371 385 3405 Tullius
401 3371 589 3413 explicavit.
610 3389 652 3396 —
676 3373 742 3414 (51)
766 3372 894 3407 Plinius
914 3373 1000 3406 Hist.
1021 3376 1088 3406 nat.
1107 3376 1199 3416 praer.

156 3418 214 3453 mi.
230 3420 259 3459 1,
285 3423 325 3452 22
351 3427 425 3460 pag.
445 3421 465 3450 4
496 3418 549 3451 ed.
573 3419 737 3451 Harduin.
765 3419 852 3451 Scito
871 3420 956 3451 enim
983 3420 1203 3456 conterentem

861 203 929 245 DE
959 203 1235 244 CRANTORE
1264 203 1577 245 ACADEMICO.

23 302 26 352 J
70 303 78 331 ῗ
135 300 203 344 ned
221 297 546 351 quemadmodum
568 301 835 341 consueverat,
850 295 902 332 ita
922 293 1000 340 fere
1018 301 1063 330 ut
1081 294 1184 331 hunc

20 367 27 414 j
133 354 373 416 pdtissimum
403 359 631 404 imitaretur,
650 357 754 394 hunc
776 361 958 404 tanquam
979 354 1114 390 ducem
1137 354 1183 391 ad

20 422 22 426 '
58 418 83 463 J
132 418 218 462 §eni
241 419 341 456 bene
365 417 592 468 gerendam,
622 423 777 453 caeteros
803 415 1008 463 scriptores
1029 414 1186 449 comites

2220 203 2296 243 135

1245 294 1337 330 chea
1358 294 1640 340 consolatione,
1658 307 1742 344 quae
1763 307 1850 331 cum
1871 293 2064 331 Ciceronis
2078 293 2303 329 Tusculanis

1247 359 1283 389 et
1301 354 1502 390 Lactantio
1523 363 1737 403 comparata
1751 383 1762 403 ,
1784 355 1952 391 dubitari
1970 367 2050 392 non
2069 360 2191 404 potest
2207 355 2301 403 quin

1247 413 1438 450 Crantoris
1456 414 1487 449 si
1508 426 1589 450 non
1609 415 1745 459 verba,
1768 423 1806 451 at
1828 416 2052 452 sententiam
2082 422 2210 451 tamen
2238 427 2301 451 re-

1248 480 1487 522 praesentent.
1519 473 1598 509 Etsi
1618 474 1739 522 igitur.
1753 488 1831 510 non
1851 474 2188 522 VVyttenbachium
2216 471 2302 524 (53)

1248 531 1476 568 imitandum
1498 543 1711 578 censemus,
1733 534 1798 581 qui
1825 545 1871 569 ex
1900 533 2115 569 diversitate
2141 533 2301 569 rationis

1250 597 1289 627 et
1309 590 1512 638 orationis,
1536 602 1582 627 ex
1612 590 1849 639 antiquitatis
1881 591 2052 640 quodam
2083 591 2238 639 colore,
2259 602 2305 627 ex

1250 650 1457 688 verborum
1475 676 1486 697 ,
1519 650 1735 687 dictionum
1758 651 2124 701 compositionisque
2142 657 2280 687 natura
2293 676 2305 699 ,

1252 722 1335 760 quae
1359 723 1418 747 res
1438 722 1588 760 semper
1609 709 1735 747 dubiae
1752 717 1789 747 et
1800 710 1953 747 incertae
1972 717 2080 755 sunt,
2097 711 2178 759 ipsa
2193 709 2311 747 Cran-

1253 770 1344 807 toris
1363 770 1504 817 verba,
1526 770 1639 805 etiam
1657 770 1726 806 ubi
1746 781 1886 806 nomen
1906 769 1987 817 ejus
2012 770 2220 815 omittatur,
2251 768 2310 804 di-

1253 829 1392 879 stingui
1409 835 1446 865 et
1469 841 1491 865 a
1516 828 1668 877 reliquo
1697 828 1899 864 Plutarchi·
1912 828 2110 865 volumine
2139 826 2312 876 separari

1253 899 1365 937 posse
1382 886 1513 923 statuit
1536 898 1545 922 ι
1567 886 1657 922 licet
1678 892 1805 922 tamen
1824 886 2028 934 imaginem
2047 883 2243 934 quandam
2264 883 2313 918 li-

1254 947 1316 983 bri
1348 945 1566 996 deperditi,
1588 958 1668 994 quo
1703 945 1795 981 olim
1816 945 2025 994 lugentium
2048 944 2165 980 animi
2187 943 2313 992 erige-

1259 1005 1401 1042 bantur
1435 1004 1617 1053 doctique
1650 1004 1826 1040 homines
1850 1015 1980 1039 omnes
2008 1002 2312 1050 delectabantur,

1261 1064 1426 1102 dicendo
1447 1064 1692 1103 adumbrare.
1717 1065 1801 1110 Qua
1816 1063 1855 1098 in
1875 1075 1916 1098 re
1936 1062 1987 1097 ita
2005 1062 2255 1110 versabimur,
2272 1067 2317 1096 ut

1257 1137 1337 1161 non
1374 1137 1417 1160 ea
1444 1123 1587 1170 solum,
1611 1136 1696 1172 quae
1731 1129 1897 1168 constat,
1928 1121 1995 1157 sed
2027 1133 2068 1157 ea
2091 1122 2203 1157 etiam
2232 1132 2316 1169 quae

1258 1184 1460 1235 probabile
1480 1190 1535 1219 est
1561 1183 1783 1220 Crantorem
1806 1180 1845 1217 in
1867 1181 1934 1216 illo
1964 1180 2148 1228 opusculo
2176 1179 2314 1215 dixisse

1258 1244 1321 1280 hic
1348 1242 1562 1280 afferamus.
1582 1243 1718 1291 Neque
1738 1248 1864 1277 tamen
1883 1239 2001 1288 passis
2022 1239 2206 1275 orationis
2224 1239 2317 1275 velis

1259 1301 1450 1340 scribendi
1464 1302 1578 1352 copia
1594 1301 1838 1338 Plutarchum
1857 1305 1920 1336 aut
1935 1298 2159 1335 Ciceronem
2177 1296 2316 1334 victuri

1261 1374 1411 1409 sumus,
1456 1360 1524 1398 sed
1564 1361 1690 1411 capita
1721 1359 1897 1410 quaedam
1939 1358 2134 1396 Crantoris
2175 1370 2319 1408 propo·

1260 1422 1385 1471 situri.

1314 1482 1542 1518 Animorum
1558 1480 1663 1517 nulla
1684 1479 1725 1516 in
1743 1478 1854 1515 terris
1873 1477 1983 1527 origo
2003 1476 2162 1514 inveniri
2174 1483 2315 1526 potest.

1263 1539 1371 1576 Nihil
1405 1539 1506 1575 enim
1529 1545 1584 1575 est
1606 1538 1647 1574 in
1675 1537 1809 1574 animis
1827 1536 1993 1573 mixtum
2021 1543 2138 1585 atque
2162 1547 2322 1572 concre-

1265 1606 1346 1636 tum
1367 1606 1433 1636 aut
1451 1598 1560 1647 quod
1585 1611 1632 1635 ex
1656 1605 1758 1635 terra
1781 1605 1914 1634 natum
1941 1603 2056 1645 atque
2086 1594 2218 1631 fictum
2243 1606 2322 1631 esse

1263 1659 1450 1706 videatur,
1469 1658 1632 1695 nihilne
1657 1664 1722 1694 aut
1739 1656 1942 1693 humidum
1971 1655 2127 1706 quidem
2154 1662 2219 1691 aut
2246 1652 2320 1691 fla-

1264 1719 1342 1755 bile
1361 1726 1428 1754 aut
1444 1719 1614 1766 igneum.
1643 1715 1717 1754 His
1738 1717 1840 1752 enim
1860 1717 1900 1752 in
1922 1716 2067 1752 naturis
2086 1714 2182 1750 nihil
2202 1714 2319 1761 inest,

1264 1776 1373 1826 quod
1391 1777 1466 1813 vim
1486 1776 1702 1823 memoriae,
1722 1776 1876 1824 mentis,
1894 1774 2137 1824 cogitationis
2154 1773 2318 1811 habeat:

1265 1835 1374 1885 quod
1390 1843 1428 1872 et
1448 1836 1640 1885 praeterita
1667 1841 1815 1880 teneat,
1832 1841 1870 1870 et
1892 1834 2021 1870 sutura
2039 1832 2265 1882 provideat,
2285 1840 2324 1869 et

1265 1896 1469 1944 complecti
1489 1895 1609 1944 possit
1621 1894 1844 1944 praesentia;
1863 1906 1946 1942 quae
1968 1894 2052 1930 sola
2072 1893 2202 1929 divina
2219 1899 2319 1929 sunt.

1264 1956 1342 1993 Nec
1373 1955 1589 1991 invenietur
1619 1966 1812 2003 unquam,
1835 1954 1939 1990 unde
1967 1952 2016 1989 ad
2036 1953 2230 1989 hominem
2254 1964 2323 1988 ve-

1263 2016 1346 2052 nire
1365 2015 1510 2065 possint
1526 2042 1539 2065 ,
1558 2015 1629 2051 nisi
1649 2027 1672 2051 a
1685 2014 1776 2052 dee.
1795 2014 2003 2062 Singularis
2023 2020 2078 2049 est
2093 2014 2209 2062 igitur
2222 2025 2324 2061 quae-

1265 2075 1354 2111 dam
1398 2082 1537 2111 natura
1571 2082 1687 2124 atque
1722 2074 1778 2110 vis
1809 2074 1943 2120 animi,
1983 2073 2150 2120 sejuncta
2186 2072 2234 2108 ab
2266 2072 2324 2107 liis

1263 2135 1410 2170 usitatis
1434 2135 1613 2183 notisque
1640 2134 1798 2172 naturis.
1820 2135 1879 2169 Ita
1909 2132 2102 2183 quidquid
2133 2139 2187 2168 est
2206 2131 2323 2178 illud,

1266 2193 1374 2243 quod
1388 2195 1522 2238 sentit,
1541 2193 1647 2243 quod
1667 2194 1791 2243 sapit,
1813 2192 1920 2242 quod
1936 2191 2035 2228 vivit
2049 2220 2059 2238 ,
2081 2191 2187 2241 quod
2207 2191 2322 2240 viget,

1266 2253 1417 2289 coeleste
1440 2261 1478 2290 et
1510 2253 1684 2290 divinum
1704 2253 1754 2289 ob
1785 2265 1947 2302 eamque
1966 2264 2047 2288 rem
2074 2258 2257 2287 aeternum
2275 2251 2324 2286 sit

1266 2326 1418 2350 necesse
1437 2321 1503 2351 est.
1526 2314 1603 2350 Nec
1622 2325 1715 2350 vero
1736 2311 1829 2349 deus
1850 2314 1950 2362 ipse,
1972 2312 2039 2361 qui
2054 2311 2281 2359 intelligitur
2300 2321 2323 2346 a

1265 2373 1396 2419 nobis,
1418 2373 1491 2409 alio
1511 2372 1630 2409 modo
1645 2373 1805 2421 intelligi
1818 2379 1966 2421 potest,
1983 2371 2054 2407 nisi
2075 2383 2178 2406 mens
2197 2370 2323 2406 soluta

1266 2432 1438 2482 quaedam
1459 2439 1496 2468 et
1515 2433 1655 2479 libera,
1674 2440 1871 2482 segregata
1886 2432 1933 2468 ab
1949 2433 2055 2468 omni
2076 2430 2324 2467 concretione

1265 2491 1444 2535 mortali,
1467 2492 1594 2527 omnia
1613 2492 1776 2527 sentiens
1804 2499 1841 2528 et
1864 2504 2023 2528 movens
2043 2492 2199 2540 ipsaque
2218 2502 2320 2539 prae-

1266 2550 1345 2587 dita
1364 2557 1472 2586 motu
1491 2551 1721 2599 sempiterno
1743 2548 1838 2602 (54).

1318 2610 1429 2645 Multi
1449 2617 1575 2646 autem
1596 2610 1701 2659 iique
1717 2611 1905 2660 sapientes
1923 2610 1995 2647 viri
2016 2622 2096 2646 non
2122 2622 2224 2647 nunc
2242 2610 2322 2660 pri-

1265 2676 1369 2705 mum
1385 2669 1684 2719 deploraverunt
1705 2683 1764 2707 res
1782 2671 1985 2717 humanas,
2004 2671 2120 2707 vitam
2137 2682 2214 2706 esse
2234 2682 2322 2718 sup-

1267 2728 1426 2778 plicium
1453 2727 1692 2776 judicantes,
1724 2737 1763 2766 et
1798 2730 1957 2766 omnino
1991 2731 2094 2766 nasci
2125 2730 2322 2774 hominem

1265 2800 1450 2824 summam
1496 2789 1749 2826 calamitatem
1794 2788 1977 2826 ducentes
2023 2786 2118 2840 (55).
2171 2790 2319 2826 Etenim

1264 2850 1495 2887 luendorum
1536 2851 1724 2888 scelerum
1779 2863 1894 2889 causa
1939 2859 2146 2889 nascuntur
2188 2853 2320 2889 homi-

1266 3006 1320 3030 res
1345 2997 1561 3041 transcriptos
1584 2999 1628 3032 ad
1653 2999 1792 3033 verbum
1811 3008 1920 3042 neque
1949 3000 2157 3039 nominatos,
2181 3010 2244 3034 non
2268 3002 2320 3034 illa

1265 3045 1446 3086 virgiliana
1465 3047 1589 3079 virtute
1601 3071 1610 3085 ‚
1630 3049 1668 3079 ut
1683 3050 1847 3080 certarent
1861 3072 1870 3089 ‚
1886 3057 1951 3080 non
1968 3047 2179 3081 Ciceroniana
2199 3049 2320 3090 simpli-

1267 3092 1387 3133 citate,
1413 3093 1468 3135 qui
1500 3094 1534 3126 in
1557 3093 1648 3127 libris
1676 3094 1718 3128 de
1735 3095 1914 3137 Republica
1942 3096 2088 3129 Platonis
2108 3105 2145 3129 se
2166 3098 2318 3130 comitem

1264 3139 1450 3182 profitetur,
1471 3141 1504 3174 in
1521 3142 1754 3175 Consolatione
1775 3143 1868 3182 tiliae,
1891 3144 2106 3183 crantorem,
2122 3145 2245 3186 inquit,
2269 3153 2320 3177 se-

1264 3196 1358 3228 quor,
1382 3187 1461 3220 item
1483 3189 1668 3223 Panaetium
1695 3189 1737 3223 de
1765 3190 1910 3231 Officiis,
1947 3201 2024 3233 quae
2053 3193 2221 3225 volumina
2248 3193 2318 3233 ejus

1264 3234 1460 3274 ediscenda,
1475 3244 1540 3268 non
1551 3236 1649 3269 modo
1667 3238 1701 3270 in
1718 3238 1872 3270 manibus
1888 3239 2036 3280 quotidie
2053 3239 2204 3273 habenda
2220 3243 2315 3273 nosti.

1263 3300 1305 3305 —
1321 3282 1388 3323 (52)
1407 3282 1627 3324 Hieronymus
1651 3285 1744 3327 epist.
1764 3290 1816 3318 60.
1847 3287 1997 3328 Legimus
2022 3288 2233 3327 crantorem,
2253 3297 2315 3320 cu-

1260 3328 1317 3371 jus
1336 3330 1491 3363 volumen
1520 3331 1562 3364 ad
1584 3333 1856 3375 concoquendum
1883 3335 2032 3367 dolorem
2053 3345 2151 3368 suum
2179 3338 2316 3368 secutus

1262 3380 1313 3410 est
1334 3378 1462 3411 Cicero.
1478 3396 1522 3403 —-
1541 3382 1609 3418 (53)
1627 3381 1693 3413 vol.
1712 3383 1769 3421 VI,
1793 3391 1825 3423 p.
1844 3385 1917 3414 698.

1303 3425 1368 3466 (54)
1387 3425 1503 3459 Cicero
1521 3428 1654 3461 Tuscul.
1674 3428 1728 3462 lib.
1755 3431 1781 3469 1,
1805 3438 1875 3471 cap.
1897 3433 1935 3462 27
1959 3430 1978 3472 §
1994 3434 2045 3462 66.
2064 3431 2257 3464 Lactantius
2270 3431 2312 3464 de

157 3467 308 3500 auctores
323 3475 377 3499 me
400 3466 655 3508 deprehendisse
674 3475 694 3500 a
706 3466 919 3508 iuratissimis
934 3467 1094 3510 proximis
1109 3471 1200 3504 vete-
1260 3473 1313 3506 Ira
1325 3473 1376 3506 dei
1391 3482 1462 3516 cap.
1490 3476 1545 3516 ¹03
1564 3476 1670 3509 Instit.
1688 3476 1745 3510 lib.
1773 3479 1790 3510 Ι
1812 3486 1884 3520 cap.
1905 3481 1935 3512 5.
1954 3496 1995 3502 ——
2014 3478 2084 3520 (55)
2102 3478 2174 3512 Vid.
2191 3479 2310 3522 fragm,
