2508 3776
284 207 361 245 492

284 292 547 353 Ἐμπεδοκλῆς,
565 295 577 311 ⁰
596 289 705 340 λέγων
723 287 762 326 τὸ
776 286 896 336 ὅμοιον
918 290 979 325 τοῦ
999 285 1121 338 ὁμοίου
1144 286 1316 341 ἐφίεσθαι.

285 353 336 392 Τὸ
354 351 415 403 μὲν
442 354 500 388 οὖν
522 348 662 400 ἀνάγειν
692 346 750 385 τὸν
775 346 878 399 λόγον
910 348 957 390 εἷς
993 347 1201 391 καθολικούς
1226 361 1323 390 τινας

283 410 342 449 καὶ
363 406 525 462 φυσικοὺς
541 407 678 458 λόγους,
698 405 758 443 και
779 407 892 454 ζητεῖν
917 405 1041 450 ἁπλῶς
1058 408 1132 451 πῶς
1153 405 1197 445 τὰ
1221 408 1323 445 ἐναν-

282 469 339 508 τία
353 471 421 508 τῶν
439 466 603 506 ἐναντίων
621 465 779 518 ἐφίεται,
807 463 926 503 καὶτὰ
953 462 1061 515 ὅμοια
1081 468 1151 505 τῶν
1172 467 1322 518 ὁμοίων,

283 531 344 568 οὐκ
363 528 454 568 ἔστιν
475 528 604 573 οἰκεῖον
620 529 684 573 τῆς
703 524 883 577 παρούσης
906 525 1072 578 σκέψεως.

335 588 351 605 *
371 585 668 638 Ἐπισκεψώμεθα
685 584 720 623 δὲ
738 584 802 623 ὅσα
824 583 1064 637 μόνηςέχεται
1076 588 1137 633 τῆς
1150 585 1324 639 ἀνθρωπί·

281 665 342 695 νης
373 645 527 699 φύσεως,
549 646 610 685 καὶ
635 647 704 684 τῶν
736 643 962 697 ἀνθρωπίνων
984 643 1049 682 ὅσα
1071 645 1118 688 εἷς
1138 645 1205 692 ἤθη
1229 645 1325 698 φέρει

282 708 340 746 καὶ
358 706 468 753 πάθη·
489 709 601 744 ταῦτα
623 704 689 757 γὰρ
718 703 783 750 ὕλη
803 702 877 741 ἐστὶ
897 705 940 754 τῇ
961 702 1124 755 παρούσῃ
1153 719 1325 756 πραγμα-

283 767 372 818 τείᾳ.
415 764 599 814 Ζητητέον
619 764 734 802 τοίνυν
756 761 902 815 πότερον
927 764 961 800 ἐν
982 767 1071 800 πᾶσι
1091 761 1263 813 γίνεταιῆ
1289 764 1323 801 ἐν

283 826 324 878 μὲ
311 843 344 864 ν
367 831 435 871 τοῖς
467 827 607 877 ἀγαθοῖς
627 823 782 875 γίνεται
815 825 849 861 ἐν
879 820 915 860 δὲ
946 827 1018 866 τοῖς
1052 825 1242 874 μοχθηροῖς
1260 824 1327 875 οὐχ

281 879 350 926 οἷόν
372 902 409 925 τε
430 885 601 938 γενέσθαι·
631 883 691 924 καὶ
718 884 865 935 πότερον
887 881 1002 920 πολλὰ
1035 881 1110 928 εἴδη
1133 881 1269 954 φιλίας,
1301 881 1324 929 ἢ

281 946 330 984 ἑν·
349 948 388 986 οὗ
407 946 488 999 γάρ,
509 944 598 984 διότι
620 943 819 1005 ἐπιδέχεται
834 942 873 981 rb
888 943 1022 993 μᾶλλον
1043 941 1103 981 καὶ
1119 942 1157 981 rb
1177 946 1282 990 ἧττον
1297 945 1320 990 ἡ

282 1005 401 1060 φιλία,
434 1006 491 1044 διὰ
524 1009 625 1043 τοῦτο
653 1002 687 1041 ἓν
721 997 807 1046 εἶδος
840 1004 946 1049 αὐτῆς
975 1003 1083 1040 ἐστιν·
1123 1001 1322 1055 ἐπιδέχεται

279 1064 347 1118 γὰρ
369 1066 408 1102 τὸ
430 1064 562 1114 μᾶλλον
587 1062 648 1101 καὶ
663 1065 789 1109 ἧττον,
817 1061 876 1100 καὶ
896 1060 940 1099 τὰ
961 1061 1063 1113 ἕτερα
1083 1078 1133 1100 τω
1151 1061 1246 1101 εἴδει·
1264 1059 1313 1110 {1⁶

279 1125 347 1177 γὰρ
364 1123 463 1163 οὐσία
490 1122 549 1161 καὶ
570 1122 608 1160 τὸ
629 1121 853 1173 συμὸεὸηκὸς
882 1119 984 1173 ἕτερα
1003 1121 1086 1160 ὄντα
1106 1125 1156 1175 τῷ
1177 1120 1259 1161 εἴδει
1284 1122 1324 1161 τὸ

281 1185 415 1235 μᾶλλον
451 1181 512 1221 καὶ
534 1176 639 1230 ἧττον
661 1179 899 1232 ἐπιδέχονται·
929 1182 967 1219 οὔ
977 1179 1061 1241 γὰρ
1089 1161 1217 1232 ὁμοίιος
1237 1182 1322 1221 εἰσιν

280 1243 378 1282 ὄντα·
403 1238 494 1281 ὥστε
524 1245 556 1280 οἱ
579 1240 637 1279 διὰ
656 1240 695 1278 τὸ
717 1240 851 1291 μᾶλλον
883 1238 943 1277 καὶ
974 1242 1078 1286 ἡττον
1106 1239 1257 1291 οἰόμενοι
1284 1239 1320 1278 ἓν

280 1291 368 1345 εἶδος
388 1301 503 1354 φιλίας
523 1315 636 1348 ειναι,
665 1301 731 1351 οὐχ
759 1300 869 1351 ἱκανῷ
890 1298 1150 1338 πεπιστεύκασι
1171 1300 1321 1353 σημείῳ.

281 1360 371 1411 Περὶ
390 1361 521 1399 τούτων
540 1361 575 1398 δὲ
606 1362 639 1398 ἐν
660 1362 732 1403 τοῖς
757 1337 951 1411 ἔμπροσθεν
982 1358 1134 1411 εἴρηται.

332 1418 366 1436 **
384 1419 440 1459 Τὰ
462 1419 523 1469 μὲν
546 1413 602 1456 οὖν
618 1417 813 1468 ζητούμενοι
835 1419 960 1454 ταῦτα·
988 1416 1122 1470 φανερὰ
1146 1418 1176 1455 δ’
1197 1418 1238 1457 ἂν
1258 1417 1325 1471 γε’-

279 1493 408 1527 νοιντο,
442 1480 470 1518 εἷ
491 1478 637 1531 φανερὸς
660 1476 796 1529 γένοιτο
819 1477 836 1513 ὁ
856 1475 935 1528 περὶ
954 1479 1014 1515 τοῦ
1034 1478 1182 1530 φιλητοῦ
1206 1479 1321 1530 λόγος·

279 1538 318 1576 οὖ
337 1537 404 1590 γὰρ
425 1537 541 1576 πάντα
562 1538 754 1590 φιλουμεν,
776 1534 853 1573 ἀλλ’
879 1534 945 1574 ὅσα
965 1535 1099 1589 πέφυκε
1120 1539 1322 1591 φιλεῖσθαι,

279 1596 336 1634 δί’
321 1611 394 1635 εστι
423 1596 466 1634 τὰ
486 1596 628 1649 φιλητά·
653 1593 784 1648 φιλητόι
805 1593 881 1633 δέ’
865 1609 940 1632 εστι
963 1599 1100 1643 ταῦτα,
1118 1596 1157 1635 τὸ
1176 1597 1326 1668 ἀγαθόν,

278 1655 318 1695 τὸ
330 1655 417 1704 ἡδύ,
439 1656 478 1695 τὸ
498 1655 687 1708 χρήσιμον·
708 1653 747 1693 rb
769 1653 832 1704 μὲν
854 1657 912 1691 οὐν
928 1655 1080 1706 ἀγαθόν,
1101 1656 1160 1694 καὶ
1180 1656 1223 1695 τὸ
1242 1657 1324 1709 ἡδύ,

283 1716 327 1753 δι’
348 1714 450 1753 ἑαυτὸ
468 1717 644 1768 φιλεῖται,
674 1713 713 1752 τὸ
737 1712 773 1752 δὲ
794 1711 968 1766 χρήσιμον
988 1714 1142 1768 φιλεῖται
1168 1714 1191 1763 ἢ
1214 1715 1270 1755 διὰ
1287 1717 1327 1757 τὸ

278 1772 405 1825 ἀγαθόν
419 1803 429 1821 ,
452 1772 473 1818 ἢ
493 1771 550 1810 διὰ
569 1771 632 1820 τὴν
649 1771 791 1819 ἡδονήν.

333 1831 387 1849 *¹¹*
403 1831 588 1884 Χρήσιμον
609 1831 677 1884 γάρ
694 1832 789 1878 ἐστι,
811 1831 857 1869 δι’
873 1825 911 1871 οἵ
927 1829 1061 1882 γίνεται
1081 1831 1103 1879 ἢ
1126 1833 1254 1885 ἀγαθόν
1269 1865 1279 1884 ,
1301 1835 1323 1883 ἢ

279 1890 404 1938 ἡδονή·
429 1890 521 1929 ὥστε
542 1890 582 1928 τὸ
602 1890 664 1940 μὲν
687 1890 815 1942 ἀγαθὸν
839 1890 899 1928 καὶ
919 1890 1052 1939 ἡδονή,
1079 1893 1126 1935 ὥς
1157 1893 1240 1939 τέλη
1261 1893 1325 1931 εἰσὶ

278 1950 423 2003 φιλητά·
447 1949 487 1988 τὸ
519 1948 556 1988 δὲ
582 1948 757 2002 χρήσιμον
787 1951 834 1993 ὡς
865 1949 952 2002 πρὸς
976 1949 1015 1988 rb
1035 1949 1132 1995 τέλος
1150 1951 1327 2003 ταττόμε-

277 2022 349 2049 νον.

330 2066 399 2085 ****
415 2066 637 2120 Σκεψώμεθα
655 2066 691 2105 δὲ
706 2067 779 2110 πῶς
789 2066 829 2105 rb
849 2065 978 2118 ἀγαθὸν
996 2067 1140 2119 φιλητόν
1157 2069 1244 2107 ἔστι·
1265 2069 1324 2108 πό-

277 2142 375 2180 τερον
397 2126 435 2165 τὸ
458 2126 580 2170 ἁπλῶς
598 2125 745 2178 ἀγαθόν,
766 2124 789 2172 ἢ
815 2126 855 2164 rb
880 2127 1033 2179 φιλοῦντι
1057 2125 1198 2176 ἀγαθόν·
1219 2126 1325 2167 ἐνίοτε

277 2185 344 2239 γὰρ
365 2186 519 2240 διαφέρει
539 2189 651 2224 ταῦτα
680 2183 865 2232 ἀλλήλων,
890 2183 950 2222 καὶ
977 2183 1064 2223 ἄλλο
1096 2185 1158 2236 μέν
1192 2186 1325 2225 ἔστιτὸ

279 2245 398 2288 ἁπλῶς
417 2244 477 2284 καὶ
494 2244 619 2297 κυρίως
638 2244 765 2295 ἀγαθόν
780 2273 790 2291 ,
813 2242 900 2281 ἄλλο
917 2242 954 2281 δέ
973 2258 1043 2281 τισι
1065 2245 1160 2282 δοκεῖ
1181 2245 1323 2295 ἀγαθόν·

278 2303 406 2354 ὁμοίως
423 2303 459 2342 δὲ
479 2302 592 2344 καὶτὸ
613 2302 679 2350 ἡδὺ
703 2301 881 2356 διαφέρει,
895 2302 936 2340 τὸ
955 2302 1078 2346 ἁπλῶς
1094 2302 1160 2350 ἡδύ
1177 2333 1187 2351 ,
1210 2304 1270 2342 καὶ
1284 2304 1323 2344 τό

277 2379 366 2403 τισιν
391 2364 471 2412 ἡδύ·
491 2363 622 2417 πότερα
641 2368 722 2415 γοῦν
747 2362 878 2416 φιλητοί
895 2363 988 2402 ἐστιν
1004 2376 1014 2413 ;
1039 2363 1063 2411 ἢ
1088 2363 1190 2410 δῆλον
1211 2364 1263 2403 ὅτι
1278 2365 1322 2404 τὰ

279 2423 447 2462 δοκοῦντα
476 2422 563 2471 ἡδέα
592 2422 651 2462 καὶ
679 2422 795 2475 ἀγαθὰ
829 2423 962 2475 φιλητοί
987 2425 1100 2475 ἓστιν;
1131 2423 1258 2474 ὁμοίως
1283 2425 1319 2464 δὲ

277 2481 338 2520 καὶ
363 2482 523 2535 χρήσιμα
544 2480 710 2535 φιλητά’
694 2497 792 2531 εστι,
801 2481 847 2520 ἃ
870 2497 955 2557 πρρς
976 2481 1020 2520 τὰ
1050 2482 1216 2521 δοκουντα
1236 2481 1324 2530 ἡδέα

279 2555 339 2578 και
357 2542 470 2593 ἀγαθὰ
490 2541 595 2595 φέρει·
622 2556 682 2579 και
699 2542 737 2579 οὐ
755 2540 873 2580 πάντα
892 2540 938 2580 τὰ
965 2541 1134 2580 δοκουντα
1154 2541 1241 2589 ἡδέα
1261 2542 1321 2582 καὶ

282 2598 414 2649 ἀγαθά,
435 2599 512 2636 ἀλλ’
535 2598 557 2636 ἃ
577 2599 672 2637 δοκεῖ
694 2601 810 2644 αὐτοῖς
827 2599 915 2648 ἡδέα
943 2603 1030 2638 εἰναι
1050 2615 1109 2638 και
1126 2600 1240 2652 ἀγαθὰ
1262 2601 1322 2640 καὶ

278 2655 457 2709 χρήσιμα,
485 2661 596 2695 ταῦτα
612 2658 758 2710 φιλητοί.

332 2714 418 2732 *****
434 2714 551 2754 “Ωστε
565 2716 685 2761 ἁπλῶς
699 2716 761 2768 μὲν
778 2717 922 2770 φιλητὸν
941 2717 982 2756 rb
999 2717 1160 2769 ἀγαθόν’
1145 2734 1230 2758 εστι·
1249 2719 1320 2758 τισὶ

279 2775 314 2814 δὲ
332 2774 475 2829 φιλητὸν
495 2775 534 2814 τό
553 2791 641 2815 τισιν
662 2776 803 2826 ἀγαθόν·
825 2776 1031 2830 φαινόμενον
1051 2777 1086 2816 δὲ
1108 2778 1265 2849 φιλητόν,
1283 2778 1321 2817 τὸ

279 2837 399 2874 δοκοῦν
415 2850 505 2873 τισιν
524 2835 650 2887 ἀγαθὸν
670 2839 768 2874 εἶναι·
793 2835 919 2887 ὁμοίως
940 2836 975 2875 δὲ
1007 2837 1065 2876 καὶ
1087 2838 1125 2876 τὸ
1143 2837 1228 2886 ἡδύ,
1257 2841 1316 2878 καὶ

278 2897 317 2935 rb
337 2895 525 2946 χρήσιμον.

331 2953 439 2972 ******
453 2955 569 3005 Τριῶν
592 2953 627 2991 δὲ
646 2953 755 2992 ὄντων
775 2956 843 2993 τῶν
858 2956 1027 3007 φιλητῶν,
1045 2955 1089 2994 δι’
1105 2955 1127 2994 ἃ
1145 2958 1166 3004 ἡ
1182 2957 1321 3011 φίλησις

278 3014 433 3067 γίνεται,
454 3014 515 3051 οὐκ
536 3014 569 3051 ἐν
594 3018 683 3052 πᾶσι
704 3019 773 3057 τοῖς
802 3015 1019 3066 φιλουμένοις
1042 3015 1110 3063 ἤδη
1133 3015 1193 3054 καὶ
1222 3017 1320 3068 φιλία

278 3074 428 3124 γίνεται·
459 3073 625 3125 φιλοῦμεν
647 3072 713 3124 γὰρ
743 3073 803 3111 καὶ
827 3072 870 3112 τὰ
902 3073 1020 3126 ἄψυχα
1043 3074 1098 3113 διοί
1125 3091 1159 3114 τι
1189 3076 1319 3116 τούτων

277 3135 347 3172 τῶν
366 3134 470 3184 τριῶν
494 3131 663 3184 φιλητῶν·
684 3132 760 3169 ἀλλ’
782 3132 819 3169 οὗ
850 3132 948 3184 φιλία
967 3134 1007 3172 rb
1027 3138 1193 3174 τοιοῦτον·
1221 3136 1319 3189 φιλία

280 3192 343 3244 μὲν
362 3192 430 3246 γάρ
446 3192 559 3239 ἐστιν,
577 3190 660 3230 ὅταν
681 3206 731 3235 τις
751 3192 859 3244 φιλῶν
885 3194 1108 3246 ἀντιφιλῆται
1122 3226 1131 3243 ,
1153 3196 1213 3235 καὶ
1237 3196 1318 3249 βού-

278 3254 384 3299 ληται
402 3253 452 3304 τῷ
469 3250 666 3304 φιλουμένῳ
685 3250 728 3289 τὰ
753 3250 867 3302 ἀγαθοί
882 3279 893 3298 ,
914 3251 974 3289 καὶ
995 3253 1091 3305 αὐτῷ
1114 3255 1317 3308 βουλομένῳ

1116 196 1393 238 ANDRONICI
1422 197 1601 237 RHODII

1383 290 1474 333 quod
1483 289 1590 323 simile
1599 290 1673 323 aliis
1685 292 1736 323 est
1745 290 1907 323 desiderio
1919 291 2033 325 teneri.
2046 292 2155 326 Altius
2166 293 2266 335 igitur
2279 294 2426 336 repetere
2444 278 2446 280 V

1385 358 1454 382 rem
1466 352 1566 391 atque
1579 349 1621 382 ad
1634 349 1829 382 universalia
1842 353 2005 392 praeoepta
2017 353 2049 383 et
2062 352 2214 393 physicas
2224 353 2366 386 rationes
2376 361 2426 387 re-

1386 408 1483 451 ferre,
1500 409 1580 442 item
1597 409 1787 451 simpliciter
1803 418 1971 451 quaerere,
1990 411 2154 452 quomodo
2170 414 2243 445 tum
2263 412 2428 446 contraria

1387 470 1541 511 appetant
1566 468 1729 501 contraria
1742 495 1749 507 ,
1774 470 1847 501 tum
1864 468 1982 501 similia
2000 470 2230 512 concupiscant
2248 471 2368 506 similia
2380 498 2387 512 ‚
2408 481 2428 505 a

1386 526 1541 569 praesenti
1562 527 1744 569 quaestione
1760 527 1903 559 alienum
1924 529 1984 560 est.

1429 585 1609 618 Videamus
1639 587 1751 618 autem
1779 586 1836 618 illa
1854 596 1930 629 quae
1958 587 2111 620 humanae
2142 589 2274 622 tantum
2300 590 2430 623 naturae

1386 639 1602 677 conveniunt,
1619 642 1651 672 et
1671 648 1708 672 ea
1721 639 1855 681 quidem
1872 640 2016 672 humana
2029 666 2036 678 ‚
2058 649 2134 683 quae
2148 641 2190 674 ad
2204 649 2313 675 mores
2323 642 2365 676 et.
2375 640 2429 675 af·-

1387 693 1495 726 fectus
1516 692 1678 734 pertinent
1700 706 1707 725 :
1733 694 1805 726 haec
1825 694 1912 726 enim
1932 696 2090 736 tanquam
2111 694 2251 727 materia
2275 695 2431 737 praesenti

1388 746 1655 779 commentationi
1685 747 1832 789 subjecta
1864 750 1925 781 est.
1968 748 2188 787 Quamobrem
2215 748 2432 791 quaerendum

1387 801 1457 840 est,
1473 801 1587 831 utrum
1602 799 1686 832 inter
1699 809 1828 839 omnes,
1858 810 1899 834 an
1918 801 2004 834 inter
2019 801 2121 834 bonos
2139 802 2270 834 tantum
2287 801 2432 835 amicitia

1389 852 1450 891 sit,
1465 852 1550 885 inter
1567 853 1671 885 malos
1692 862 1768 886 vero
1786 863 1826 886 ne
1844 863 1914 887 esse
1934 854 2070 897 quidem
2086 854 2190 897 possit
2205 867 2214 888 ι
2233 854 2315 888 item
2325 854 2432 888 sintne

1386 906 1501 939 multae
1517 906 1670 939 amicitiae
1684 907 1822 949 species,
1839 917 1881 940 an
1890 917 1955 940 una
1967 908 2129 941 duntaxat
2143 917 2228 941 :non
2240 908 2338 948 enim,
2353 908 2433 952 quia

1387 960 1672 1003 amplificationem
1689 963 1721 994 et
1739 961 1995 995 deminutionem
2007 962 2122 1004 recipit
2140 962 2294 1001 amicitia,
2310 961 2433 996 idcirco

1387 1024 1453 1047 una
1477 1016 1549 1057 ejus
1570 1015 1695 1058 species
1724 1017 1775 1048 est
1801 1027 1809 1047 :
1837 1016 1999 1058 siquidem
2026 1016 2188 1058 recipiunt
2203 1014 2433 1058 amplificatio-

1386 1077 1462 1101 nem
1478 1070 1511 1101 et
1526 1067 1784 1100 deminutionem
1800 1068 1900 1100 etiam
1923 1077 1976 1101 res
1995 1068 2100 1110 specie
2113 1066 2304 1101 differentes
2319 1081 2330 1113 ρ
2351 1067 2430 1101 sub·

1387 1121 1509 1154 stantia
1526 1122 1647 1164 quippe
1664 1123 1697 1154 et
1713 1121 1879 1159 accidens,
1901 1130 1977 1163 quae
1989 1121 2094 1163 specie
2110 1121 2242 1154 diversa
2257 1123 2336 1155 sunt
2346 1147 2355 1161 ‚
2377 1123 2430 1154 ta-

1386 1183 1463 1206 men
1482 1174 1517 1206 id
1535 1174 1624 1216 quod
1646 1173 1750 1215 magis
1765 1175 1798 1206 et
1818 1173 1929 1206 minus
1942 1175 1992 1206 est
2009 1173 2172 1216 recipiunt
2195 1185 2203 1206 ι
2220 1182 2328 1216 neque
2345 1173 2433 1207 enim

1389 1237 1494 1271 quum
1508 1228 1584 1267 sint,
1600 1227 1715 1261 eodem
1729 1229 1839 1260 tamen
1849 1226 1948 1260 modo
1962 1229 2040 1260 sunt
2055 1237 2063 1255 τ
2081 1227 2196 1269 itaque
2208 1227 2264 1270 qui
2279 1229 2434 1270 propter-

1388 1290 1426 1314 ea
1450 1280 1541 1323 quod
1562 1279 1847 1322 amplificationem
1864 1281 1897 1312 et
1914 1279 2172 1312 deminutionem
2192 1278 2337 1312 amicitia
2354 1279 2436 1312 reci-

1387 1333 1456 1377 piat
1477 1342 1577 1366 unam
1594 1334 1725 1365 tantum
1745 1333 1816 1374 ejus
1844 1332 1986 1374 speciem
2013 1341 2084 1366 esse
2113 1334 2249 1375 putant,
2270 1342 2335 1366 non
2353 1329 2436 1366 satis

1388 1387 1483 1420 firmo
1498 1387 1650 1420 nituntur
1663 1387 1866 1428 argumento.
1890 1389 1972 1425 Quae
1987 1386 2088 1428 igitur
2107 1386 2208 1428 vulgo
2223 1389 2430 1429 quaermxtur,

1388 1442 1460 1474 haec
1483 1443 1560 1474 sunt
1583 1450 1710 1483 :eaque
1729 1440 1825 1482 plana
1844 1440 1922 1472 fient
1935 1467 1942 1478 ,
1959 1440 1987 1472 si
2006 1439 2099 1482 prius
2119 1440 2203 1483 quid
2226 1440 2270 1473 sit
2291 1439 2434 1474 amabile

1388 1495 1422 1527 et
1437 1503 1567 1526 omnem
1581 1493 1622 1526 de
1641 1502 1679 1526 eo
1700 1502 1884 1526 sermonem
1907 1492 2175 1552 perspexerimus
2197 1506 2206 1525 :
2223 1501 2331 1535 neque
2347 1492 2435 1527 enim
2483 1514 2485 1517 .

1387 1546 1496 1580 omnia
1518 1555 1689 1584 amamus,
1716 1545 1771 1578 sed
1798 1554 1875 1587 quae
1892 1544 1996 1578 amari
2019 1545 2143 1583 solent,
2167 1553 2284 1587 nempe
2305 1553 2343 1578 ea
2357 1554 2434 1588 quae

1388 1601 1541 1635 amabilia
1558 1603 1671 1634 sunt:
1694 1600 1847 1633 amabilia
1870 1602 1982 1633 autem
2006 1599 2170 1632 habentur
2193 1600 2281 1639 haec,
2296 1600 2432 1641 honum,

1385 1657 1579 1700 jucundum,
1598 1656 1701 1689 utile:
1728 1656 1849 1689 horum
1868 1664 1947 1688 vero
1972 1655 2095 1688 bonum
2122 1657 2155 1688 et
2168 1654 2353 1697 jucundum
2374 1664 2433 1698 per

1388 1723 1423 1747 se
1450 1716 1601 1753 amatur,
1626 1713 1709 1746 utile
1737 1713 1849 1746 autem
1865 1711 1920 1747 vel
1943 1711 2021 1745 boni
2044 1711 2098 1745 vel
2125 1711 2308 1754 voluptatis
2331 1720 2433 1745 causa

1387 1769 1529 1800 amatur.

1428 1826 1516 1859 Utile
1538 1824 1626 1858 enim
1637 1825 1704 1865 est,
1727 1833 1795 1865 quo
1816 1825 1875 1856 aut
1893 1822 2028 1865 aliquod
2057 1822 2180 1855 bonum
2201 1823 2261 1855 aut
2279 1821 2434 1866 voluptas

1387 1886 1597 1928 comparatur
1621 1894 1629 1912 τ
1653 1884 1767 1926 itaque
1797 1872 1919 1915 bonum
1939 1883 1973 1914 et
1994 1881 2148 1924 voluptas
2171 1883 2332 1924 tanquam
2349 1881 2432 1916 fines

1387 1946 1464 1978 sunt
1478 1943 1656 1976 amabilia:
1681 1944 1717 1975 at
1734 1942 1817 1975 utile
1845 1943 2005 2008 tanquam
2022 1940 2058 1974 id
2070 1940 2161 1984 quod
2185 1940 2243 1976 ad
2253 1940 2354 1974 finem
2376 1949 2438 1985 re·>

1386 2003 1502 2037 fertur

1428 2062 1607 2095 Videamus
1620 2062 1732 2094 autem
1752 2059 1918 2103 quomodo
1938 2060 2062 2093 bonum
2077 2059 2121 2092 sit
2136 2058 2296 2093 amabile:
2316 2061 2431 2093 utrum

1386 2112 1477 2155 quod
1493 2111 1694 2154 simpliciter,
1716 2120 1758 2143 an
1776 2110 1867 2154 quod
1885 2110 2009 2143 amanti
2027 2112 2078 2143 est
2101 2110 2228 2143 bonum
2248 2119 2259 2143 z
2282 2119 2431 2144 nonnun-

1386 2172 1488 2205 quam
1504 2163 1591 2195 enim
1617 2162 1690 2195 haec
1712 2161 1798 2194 inter
1821 2170 1856 2194 se
1880 2160 2057 2199 differunt,
2087 2162 2203 2203 estque
2229 2160 2322 2194 aliud
2342 2160 2432 2204 quod

1386 2213 1579 2256 simpliciter
1598 2215 1631 2245 et
1646 2213 1775 2254 proprie
1805 2212 1928 2245 bonum
1947 2211 2088 2244 dicimus
2100 2238 2107 2250 ‚
2127 2211 2217 2244 aliud
2237 2211 2328 2254 quod
2346 2220 2431 2244 non-

1386 2261 1486 2293 nullis
1504 2260 1570 2292 tale
1588 2259 1722 2292 videtur
1742 2271 1750 2290 :
1781 2259 1963 2300 eodemque
1990 2258 2087 2291 modo
2113 2256 2229 2291 differt
2256 2260 2290 2291 et
2310 2259 2432 2301 jucun-

1385 2309 1467 2341 dum
1483 2334 1489 2346 ,
1517 2308 1596 2350 quia
1612 2307 1703 2339 aliud
1728 2309 1779 2339 est
1795 2306 1987 2348 simpliciter
2007 2306 2207 2347 jucundum,
2226 2305 2317 2339 aliud
2341 2306 2431 2348 quod

1385 2355 1585 2398 quibusdam
1603 2357 1653 2387 est
1669 2354 1853 2396 Jucundum
1876 2355 1970 2385 :utra
1982 2353 2083 2394 igitur
2101 2355 2178 2385 sunt
2195 2353 2372 2386 amabilia?
2389 2352 2432 2386 an

1385 2402 1596 2437 manifestum
1611 2404 1682 2442 est,
1698 2411 1736 2434 ea
1759 2410 1835 2443 quae
1849 2400 1996 2442 jucunda
2012 2401 2045 2432 et
2061 2399 2145 2432 bona
2163 2399 2332 2440 videntur,
2355 2409 2427 2434 esse

1385 2451 1562 2486 amabilia?
1578 2450 1728 2482 similiter
1743 2451 1776 2481 et
1794 2448 1889 2480 utilia
1905 2448 1972 2485 illa,
1993 2457 2069 2489 quae
2083 2447 2125 2480 ad
2141 2456 2179 2480 ea
2191 2456 2267 2489 quae
2284 2448 2429 2490 jucunda

1384 2499 1540 2533 videntur
1555 2499 1588 2529 et
1610 2497 1712 2534 bona,
1732 2494 1935 2538 perducunt,
1959 2494 2113 2526 amabilia
2124 2493 2317 2535 judicantur
2337 2508 2345 2528 ι
2364 2505 2430 2529 non
2485 2507 2488 2511 ’

1385 2549 1495 2579 tamen
1513 2545 1622 2577 omnia
1636 2570 1643 2582 ,
1668 2552 1744 2585 quae
1764 2541 1910 2585 Jucunda
1929 2543 1961 2574 et
1978 2541 2063 2574 bona
2081 2541 2247 2579 videntur,
2277 2541 2335 2574 sed
2351 2551 2428 2584 quae

1384 2596 1450 2628 illis
1467 2593 1613 2637 jucunda
1637 2594 1670 2625 et
1690 2591 1775 2624 bona
1794 2592 1827 2622 et
1851 2590 1946 2622 utilia
1970 2588 2126 2622 videntur
2147 2598 2229 2628 esse,
2252 2589 2326 2623 hoec
2351 2592 2428 2623 sunt

1385 2643 1547 2677 amabilia.

1427 2701 1648 2741 Quamobrem
1675 2698 1824 2732 absolute
1852 2697 1988 2740 quidem
2018 2695 2158 2730 amabile
2181 2697 2232 2729 est
2257 2696 2381 2730 bonum
2417 2711 2426 2731 :

1384 2761 1583 2806 quibusdam
1603 2768 1682 2792 vero
1702 2757 1859 2796 amabile,
1884 2756 1974 2799 quod
1995 2755 2195 2799 quibusdam
2209 2758 2260 2789 est
2274 2755 2398 2789 bonum
2415 2769 2423 2790 ε

1383 2822 1526 2865 denique
1545 2820 1651 2863 specie
1669 2817 1823 2858 amabile,
1857 2816 1947 2859 quod
1968 2815 2170 2859 quibusdam
2182 2815 2310 2851 bonum
2327 2816 2423 2850 vide-

1382 2885 1439 2915 tur
1454 2890 1525 2915 esse
1542 2894 1550 2913 :
1565 2878 1716 2912 similiter
1736 2876 1920 2919 jucundum
1939 2885 2071 2918 quoque
2085 2877 2119 2908 et
2134 2875 2226 2909 utile.

1424 2944 1535 2980 Quum
1555 2941 1667 2972 autem
1683 2937 1747 2970 tria
1761 2936 1825 2969 sint
1845 2935 1997 2968 amabilia
2007 2961 2015 2974 ,
2034 2944 2177 2978 quorum
2193 2944 2292 2969 causa
2304 2936 2426 2969 amatio

1382 3000 1541 3038 exoritur,
1554 3008 1618 3032 non
1636 2997 1670 3030 in
1685 2996 1836 3029 omnibus
1852 2997 1963 3027 tamen
1976 3003 2052 3036 quae
2064 2996 2215 3027 amamus
2230 2994 2332 3027 etiam
2347 2994 2426 3027 ami-

1382 3061 1461 3094 citia
1489 3061 1547 3092 aut
1574 3067 1666 3091 amor
1695 3056 1842 3094 nascitus
1878 3064 1886 3085 ε
1917 3063 1994 3086 nam
2028 3055 2060 3086 et
2082 3053 2225 3086 inanima
2259 3053 2425 3096 diligimus

1380 3122 1515 3163 propter
1532 3127 1636 3151 unum
1657 3126 1698 3149 ex
1713 3116 1767 3148 his
1783 3114 1890 3147 trihus
1907 3111 2104 3146 amabilibus
2123 3123 2130 3144 :
2146 3121 2207 3145 nec
2231 3113 2342 3146 tamen
2358 3113 2424 3147 tale

1380 3181 1461 3224 quid
1477 3179 1620 3213 amicitia
1642 3178 1779 3211 vocatur
1801 3189 1808 3208 ε
1831 3176 1882 3208 est
1898 3174 1985 3207 enim
2001 3173 2162 3211 amicitia,
2187 3181 2294 3217 quum
2310 3183 2424 3209 amans

1380 3240 1580 3278 redamatur,
1602 3239 1702 3281 atque
1735 3236 1844 3269 amato
1860 3233 1968 3267 omnia
1991 3233 2077 3266 hona
2092 3234 2203 3276 optat,
2224 3233 2284 3276 qui
2303 3233 2422 3277 etipse

322 3408 340 3425 *
360 3408 450 3440 ‘'Oa-ot
465 3409 494 3441 δ’
509 3408 595 3441 ἐστὶν
614 3408 801 3452 ἀνθρωπικὰ
818 3409 889 3440 κτλ.
909 3425 950 3431 -
964 3407 998 3425 *³*
1016 3409 1093 3451 Gap.
1117 3413 1146 3441 2.
1165 3410 1257 3452 Τάχα
1269 3411 1296 3442 δ’
1327 3411 1365 3442 ἂν
1383 3411 1510 3452 γένοιτο
1534 3410 1672 3452 φανερὸν
1690 3410 1759 3442 κτλ.
1778 3426 1819 3433 —-
1845 3407 1904 3428 ***
1926 3409 2035 3446 Δόξειε
2061 3409 2088 3441 δ’
2114 3410 2152 3442 ἂν
2175 3410 2349 3453 χρήσιμον.
2378 3427 2420 3435 ——

281 3454 356 3475 *Μ’
373 3455 519 3502 Πότερον
538 3455 594 3491 οὗν
608 3456 746 3501 τάγαθὸν
760 3458 885 3501 φιλοῦσι
899 3457 968 3491 κτλ.
989 3473 1030 3482 —-
1043 3455 1140 3477 *⁴⁶⁰¹*
1154 3458 1250 3492 Φιλεῖ
1264 3458 1300 3492 δὲ
1313 3458 1452 3495 ἕκαστος
1466 3458 1536 3491 κτλ.

1554 3474 1597 3485 -
1613 3457 1735 3477 *μιν*
1755 3456 1862 3499 Τριῶν
1881 3456 1908 3488 δ’
1932 3456 2035 3490 ὄντων
2049 3457 2090 3490 δι’
2110 3457 2132 3489 ἂ
2147 3458 2291 3500 φιλοῦσιν
2305 3459 2375 3490 κτλ.
