2528 3788
22 476 38 612 ἐξ

60 525 72 546 ψ
25 156 91 503 νιοιῡέῖἱ-ὴιτῖἷὴῦῗω
43 115 81 118 J

55 497 82 512 “a

64 567 80 578 e,

871 213 942 257 DE
970 213 1070 253 DlIS
1103 213 1169 252 ET
1202 213 1384 255 MUNDO
1414 214 1580 255 LIBER.

159 305 274 347 Δὐιίῧὶν
290 305 406 358 ἑαυτῷ
423 301 654 359 συνυφίστησι
680 300 811 345 πάντα.
833 300 1014 353 Μεγίστης
1038 299 1076 340 δὲ
1097 300 1200 339 δυνά-

156 376 254 414 μεως
266 361 372 411 οὔσης
389 363 452 402 οὐκ
471 361 673 416 ἀνθρώπους
690 360 760 400 ἔδει
777 358 840 400 καὶ
858 361 931 414 ζῷα
950 358 1053 412 μόνον
1073 364 1201 412 ποιεῖν,

161 421 255 463 ἀλλὰ
272 421 370 467 θεούς
387 437 426 462 τε
449 421 512 462 καὶ
532 420 732 475 ἀνθρώπους
750 418 811 460 καὶ
834 419 1018 470 δαίμονας.
1040 418 1112 458 Καὶ
1130 417 1202 473 ὅσῳ

157 484 223 530 τῆς
239 481 413 535 ἡμετέρας
429 481 564 536 φύσεως
582 481 736 534 διαφέρει
751 481 771 518 ὃ
785 480 920 532 πρῶτος
937 476 1031 529 θεός,
1049 477 1202 533 τοσούτῳ

161 539 300 586 πλείους
320 533 410 580 εἶναι
423 539 488 586 τὰς
508 538 638 592 μεταξὺ
663 539 766 591 ἡμῶν
786 553 825 577 τε
844 539 1008 577 κάκείνου
1038 537 1203 590 δυνάμεις

159 600 312 654 ἀνάγκη.
334 600 462 642 Πάντα
482 597 550 654 γὰρ
569 599 739 639 ,πλεῖστον
771 597 934 645 ἀλλήλων
955 596 1200 651 κεχωρισμένα

159 658 275 701 πολλὰ
293 657 428 713 ἔχειτὰ
448 658 554 711 μέσα.

212 721 230 743 ⁸
247 718 332 763 Πῦς
347 717 393 757 τὰ
411 713 508 757 ἀΐδια
523 716 663 770 λέγεται
683 715 860 768 γίνεσθαι]
880 715 1086 767 Duplicem
1110 715 1198 753 Pla-

155 777 283 823 tonici
298 777 549 816 aeternitatem
568 789 652 815 esse
671 775 964 825 existimabant,
984 787 1100 813 unam
1119 775 1200 826 ple-

157 849 248 876 nam
275 845 314 875 et
342 836 549 888 perfectam
581 835 749 886 ideoque
783 835 984 874 immotam
999 863 1009 882 ‚
1040 834 1198 872 alteram

156 907 331 935 mancam
347 903 386 934 et
404 895 623 934 inchoatam
638 923 648 942 ‚
666 894 733 933 sed
752 901 927 946 tempore
946 893 1201 945 progredien-

71 939 73 942 ¹
119 985 123 988 .
155 962 235 993 tem
255 961 295 993 et
313 953 362 992 ad
383 966 535 994 summa
554 954 752 992 nitentem.
773 954 830 992 De
853 962 1019 1004 utraque
1041 952 1201 991 Proclus

16 3018 19 3021 ,
27 3004 58 3034 3„

15 3164 30 3176 Η
37 3164 50 3175 Ι,

7 3172 55 3227 ἔδει.

12 3249 14 3259 ι

62 1030 66 1031 ’
102 1051 110 1066 ᾗ
154 1013 276 1056 Elem·
295 1014 416 1054 theol.
447 1014 497 1053 55
526 1027 615 1066 pag.
637 1014 715 1064 439
736 1014 775 1052 ἐκ
803 1011 845 1059 δὴ
876 1011 1006 1051 τούτων
1030 1011 1198 1065 φανερόν,

155 1070 210 1115 ὅτι
225 1072 323 1120 διττὴ
338 1067 382 1122 ἦν
400 1074 422 1121 ἡ
444 1072 620 1124 ἀΐδιότης,
641 1071 778 1118 αἰώνιος
797 1070 860 1123 μὲν
878 1071 991 1121 ἄλλη,
1010 1070 1103 1110 κατὰ
1122 1071 1203 1124 χρό-

154 1146 214 1173 νον
231 1131 268 1172 δὲ
297 1131 407 1180 ἄλλη·
425 1134 448 1180 ἡ
470 1130 534 1183 μὲν
552 1133 691 1170 ἑστῶσα
717 1131 889 1180 ἀϊδιότης,
907 1132 929 1178 ἡ
957 1129 993 1168 δὲ
1012 1130 1178 1183 γινομένη

153 1188 217 1230 καὶ
234 1193 259 1238 ἡ
279 1188 342 1242 μὲν
361 1189 589 1244 ἠθροισμένον
614 1189 743 1242 ἔχουσα
761 1189 802 1229 τὸ
824 1182 912 1228 εἶναι
927 1188 988 1228 καὶ
1004 1190 1091 1240 ὁμοῦ
1108 1195 1176 1228 πᾶν
1189 1220 1199 1238 ,

157 1252 181 1298 ἡ
210 1245 250 1290 δὲ
272 1251 460 1303 ἐκχυθεῖσα
489 1250 550 1289 καὶ
579 1249 820 1295 ἐξαπλωθεῖσα
839 1249 933 1288 κατὰ
952 1247 1015 1297 τὴν
1034 1249 1200 1303 χρονικὴν

156 1309 371 1362 παράτασιν,
394 1309 469 1350 Καὶ
496 1312 518 1358 ἡ
545 1310 607 1361 μὲν
627 1308 693 1357 ὅλη
713 1307 793 1348 καθ’
812 1309 919 1357 αὑτήν
935 1339 945 1358 ,
969 1312 991 1356 ἧ
1019 1308 1055 1347 δὲ
1076 1310 1115 1347 ἐκ
1137 1325 1199 1359 με·

153 1369 246 1420 ρῶν,
267 1363 316 1408 ὧν
344 1367 489 1409 ἕκαστον
520 1367 628 1422 χωρίς
657 1371 729 1407 ἐστι
761 1368 854 1407 κατὰ
883 1369 922 1407 τὸ
949 1369 1117 1423 πρότερον
1142 1369 1202 1408 καὶ

149 1425 305 1482 ὕστερον.
323 1449 379 1459 -
395 1429 412 1455 ¹³
432 1427 514 1482 περὶ
537 1428 573 1468 δὲ
589 1427 672 1480 τοῦ]
702 1428 873 1467 'correxit
894 1428 1059 1477 Galeus;
1081 1430 1201 1481 vulgo

150 1484 232 1539 περὶ
245 1484 284 1526 δὲ
301 1489 387 1526 τῶν.
402 1504 457 1517 —-
471 1491 488 1510 ⁰
506 1486 546 1526 τὸ
565 1481 673 1537 εἶδος]
690 1487 718 1527 i.
742 1499 776 1527 e.
799 1487 965 1525 formam
982 1492 1199 1537 externam,

149 1557 229 1584 non
241 1545 459 1586 materiam.
473 1567 527 1577 —-
542 1545 561 1595 ⁶.
578 1549 699 1584 ποιοῦν
720 1546 787 1599 οὔχ
803 1547 929 1585 ἑαυτοῦ
943 1545 958 1601 ]
979 1547 1202 1586 emendavit

153 1603 418 1654 Schultesiu83
439 1607 562 1656 vulgo
582 1609 702 1645 ποιοῦν
724 1607 867 1645 ἑαυτοῦ.
888 1627 941 1636 -
968 1609 984 1628 ⁰
1007 1606 1039 1644 οἳ
1059 1605 1117 1644 τὸν
1138 1606 1197 1644 κό-

151 1677 248 1714 σμον.
270 1659 488 1717 φθείροντες]
521 1667 548 1704 i.
569 1663 667 1704 e.‘ot
689 1663 747 1702 τὸν
767 1664 899 1715 κόσμον
933 1663 1083 1717 φθαρτὸν
1113 1659 1200 1704 εἶναι

149 1722 319 1774 λέγοντες.
355 1722 547 1763 Similiter
583 1724 814 1763 Aristoteles
848 1724 896 1762 de
930 1724 1030 1762 coelo
1059 1723 1130 1762 lib.
1162 1724 1199 1761 ll

148 1792 232 1832 cap.
258 1793 275 1818 ι
298 1779 356 1820 διὰ
373 1783 437 1830 τῆς
463 1780 564 1830 δόξης
588 1784 651 1830 τ’ἤς
678 1781 775 1834 παρὰ
795 1784 865 1821 τῶν
891 1782 1005 1826 ἄλλως
1023 1780 1196 1831 λεγόντων

146 1837 207 1882 καὶ
225 1837 422 1892 γεννώντων
443 1840 546 1880 αὒτόν
570 1840 650 1892 (τὸν
672 1839 858 1893 οὐρανόν).
876 1840 940 1894 -)

576 1906 668 1956 Κεφ.
709 1904 769 1945 ιδ’.

101 1948 105 1949 ⁷
151 1962 228 2001 Πῶς
246 1963 278 1997 οἱ
298 1962 362 1996 θεοὶ
380 1963 424 2006 μὴ
443 1963 710 2006 μεταὸαλλόμενοι
727 1974 742 1993 a
762 1963 937 2005 ὀργίζεσθαι
952 1963 1006 1995 καὶ
1024 1963 1195 2006 θεραπεύε-

542 2012 616 2043 σθαι
639 2011 779 2051 λέγονται
793 2022 802 2050 ;

201 2057 248 2096 Εἰ
267 2055 306 2095 δέ
332 2071 384 2101 τις
402 2055 443 2095 τὸ
464 2057 527 2108 μὲν
548 2056 645 2100 θεοὺς
679 2056 728 2108 μὴ
751 2056 1036 2108 μεταὸάλλεσθαι
1056 2056 1195 2107 εὔλογόν

149 2167 325 2208 aberni-it,
340 2166 498 2202 adhibitis
509 2167 664 2201 remediis
676 2169 715 2201 ut
726 2167 771 2201 ad
788 2167 909 2201 bonam
924 2168 1052 2211 frugem
1066 2177 1102 2201 se
1116 2168 1198 2201 reci-

2249 214 2301 254 43

1263 317 1301 340 τε
1321 304 1458 353 ἡγεῖται
1487 301 1547 341 καὶ
1568 302 1712 351 ἀληθές,
1741 302 1865 355 ἀπορεῖ
1891 300 1929 341 δέ
1938 329 1952 351 ,
1980 302 2055 346 πῶς
2076 303 2215 351 ἀγαθοῖς
2241 299 2304 351 μὲν

1262 360 1450 414 χαίρουσι,
1481 360 1611 408 κακοὺς
1637 360 1673 400 δὲ
1705 359 1982 414 ἀποστρέφονται
1998 361 2036 408 ¹³,
2057 359 2117 398 καὶ
2138 357 2303 412 ἁμαρτά-

1263 434 1358 460 νουσι
1378 419 1441 470 μὲν
1457 419 1676 473 ὀργίζονται,
1691 419 1959 472 θεραπευόμενοι
1977 418 2011 457 δὲ
2031 417 2116 470 ἵλεῳ
2134 417 2302 469 γίνονται,

1265 478 1386 533 ῥητέον
1408 481 1454 523 ὡς
1484 481 1523 519 οὐ
1546 478 1664 533 χαίρει
1687 478 1777 523 θεός·
1800 478 1926 532 τὸγὰρ
1945 481 2067 531 χαῖρον
2088 477 2148 516 καὶ
2177 478 2306 518 λυπεῖ-

1262 554 1341 577 ται·
1362 538 1440 578 οὐδὲ
1462 539 1656 591 ὀργίζεται·
1677 538 1784 583 πάθος
1802 538 1870 591 γὰρ
1890 538 1930 577 τὸ
1953 538 2152 591 ὀργίζεσθαι
2173 548 2209 568 ⁰·
2227 537 2306 577 οὐδὲ

1264 597 1386 650 δώροις
1419 598 1672 651 θεραπεύεται·
1698 599 1804 651 ἡδονῇ
1840 596 1909 650 γὰρ
1937 596 1980 635 ἂν
2009 595 2186 645 ἡττηθείη.
2215 597 2309 637 Οὐδὲ

1264 657 1359 708 θέμις
1379 658 1418 696 ἐκ
1437 659 1506 696 τῶν
1521 657 1747 711 ἀνθρωπίνων
1766 656 1984 709 πραγμάτων
2005 656 2083 695 οὔτε
2096 658 2212 701 καλῶς
2229 657 2308 696 οὔτε

1264 719 1380 761 κακῶς
1399 717 1494 769 ἔχειν
1510 717 1549 756 τὸ
1564 717 1669 758 θεῖον.
1689 716 1780 757 Ἀλλ’
1801 718 1926 756 ἐκεῖνοι
1946 715 2008 768 μὲν
2027 715 2149 767 ἀγαθοί
2169 716 2208 755 τέ
2224 718 2309 756 εἰσιν

1265 775 1345 828 ἀεί,
1368 775 1428 815 καὶ
1459 777 1631 829 ὠφελοῦσι
1665 775 1790 827 μόνον,
1820 774 2015 827 βλάπτουσι
2048 773 2083 813 δὲ
2120 774 2309 827 οὐδέποτε,

1263 834 1356 874 κατὰ
1375 834 1419 874 τὰ
1441 834 1531 874 αὐτὰ
1548 834 1714 879 ὡσαύτως
1733 834 1884 887 ἔχοντες.
1908 833 2034 883 Ἥμεῖς
2048 833 2083 872 δὲ
2105 832 2227 884 ἀγαθοὶ
2248 833 2311 884 μὲν

1265 893 1361 939 ὄντες
1380 895 1425 933 δι’
1448 894 1640 945 ὁμοιότητα
1661 897 1749 939 θεοῖς
1777 892 2025 944 συναπτόμεθα
2039 923 2048 941 ,
2073 892 2176 932 κακοὶ
2196 891 2231 931 δὲ
2252 909 2310 944 γε-

1264 957 1403 1006 νόμενοι
1425 955 1468 992 δι’
1490 955 1724 1006 ἀνομοιότητα
1744 953 1989 1007 χωριζόμεθα·
2007 952 2066 991 καὶ
2089 952 2167 991 κατ’
2186 952 2311 1005 ἀρετὰς

1264 1018 1388 1061 ζῶντες
1409 1013 1564 1068 ἐχόμεθα
1579 1015 1647 1052 τῶν
1669 1015 1754 1053 θεῶν
1766 1043 1778 1062 ,
1796 1011 1899 1051 κακοὶ
1920 1011 1956 1050 δὲ
1974 1011 2154 1063 γενόμενοι
2170 1011 2313 1065 ἐχθροὺς

1263 1077 1349 1125 ἡμῖν
1381 1077 1548 1124 ποιοῦμεν
1578 1072 1753 1121 ἐκείνους,
1784 1074 1845 1110 οὐκ
1888 1070 2029 1110 ἐκείνων
2060 1070 2312 1123 ὀργιζομένων,

1265 1132 1355 1173 ἀλλὰ
1379 1135 1448 1172 τῶν
1480 1131 1748 1186 ἁμαρτημάτων
1770 1130 1866 1174 θεοὺς
1888 1129 1952 1181 μὲν
1976 1131 2062 1181 ἡμῖν
2082 1131 2145 1168 οὐκ
2177 1129 2313 1168 ἐώντων

1263 1193 1475 1245 ἔλλοίμπειν,
1496 1191 1641 1245 δαίμοσι
1663 1191 1699 1230 δὲ
1731 1189 1950 1232 κολαστικοῖς
1979 1188 2239 1228 συναπτόντων.
2271 1191 2314 1228 Et

1263 1252 1299 1292 δὲ
1321 1253 1440 1306 εὐχαῖς
1468 1251 1528 1291 καὶ
1557 1250 1691 1294 θυσίαις
1719 1249 1818 1289 λύσιν
1838 1250 1907 1287 τῶν
1932 1247 2201 1301 ἁμαρτημάτων
2222 1247 2314 1301 εὑρί-

1264 1327 1417 1363 σκομεν,
1436 1310 1515 1351 οὔτε
1545 1309 1562 1334 ‘¹
1586 1309 1665 1354 τοὺς
1696 1307 1792 1354 θεοὺς
1821 1307 2080 1362 θεραπεύομεν,
2101 1307 2181 1347 οὔτε
2207 1325 2314 1359 μετα-

1266 1372 1464 1422 δάλλομεν,
1488 1369 1580 1409 ἀλλὰ
1603 1369 1660 1408 διὰ
1681 1371 1748 1407 τῶν
1772 1368 1962 1421 δρωμένων
1993 1366 2054 1406 καὶ
2084 1370 2148 1415 τῆς
2171 1368 2257 1421 πρὸς
2276 1369 2316 1408 τὸ

1265 1431 1352 1470 θεῖον
1373 1431 1586 1482 ἐπιστροφῆς
1613 1426 1675 1474 τὴν
1699 1426 1877 1479 ἡμετέραν
1898 1425 2026 1465 κακίαν
2046 1426 2190 1476 ἰώμενοι
2210 1428 2315 1466 πάλιν

1262 1494 1324 1537 τῆς
1343 1492 1412 1529 τῶν
1432 1491 1518 1528 θεῶν
1543 1487 1757 1540 ἀγαθότητος
1776 1485 2012 1537 ἀπολαύομεν.
2032 1485 2147 1524 ιὭστε
2168 1485 2287 1536 ὅμοιον
2303 1516 2314 1537 ,

1263 1550 1319 1588 τὸν
1342 1547 1418 1588 θεὸν
1439 1547 1553 1599 λέγειν
1579 1545 1658 1590 τοὺς
1688 1544 1816 1589 κακοὺς
1836 1545 2139 1597 ἀποστρέφεσθαι,
2166 1544 2226 1583 καὶ
2256 1545 2314 1583 τὸν

1262 1608 1360 1656 ἥλιον
1380 1611 1451 1651 τοῖς
1471 1605 1713 1658 ἐστερημένοις
1729 1606 1797 1642 τῶν
1818 1604 1930 1657 ὄψεων
1950 1602 2181 1656 κρύπτεσθαι.

1317 1671 1331 1689 ⁸
1351 1665 1437 1705 Θεοὶ
1469 1664 1518 1715 μὴ
1556 1663 1884 1714 μεταὸαλλόμενοι]
1919 1663 2016 1701 Vide
2054 1661 2314 1701 Iamblichum

1266 1726 1382 1766 theol.
1397 1725 1553 1775 AEgypt.
1572 1723 1672 1761 Sect.
1694 1722 1710 1759 I
1731 1736 1817 1775 cap.
1839 1737 1899 1761 12.
1920 1744 1973 1756 .-
1986 1721 2004 1746 1>
2023 1721 2152 1767 κακοὺς
2170 1721 2204 1760 δὲ
2230 1724 2317 1762 ἀπο-

1265 1781 1500 1837 στρέφονται]
1522 1783 1694 1821 correxit
1713 1783 1856 1821 Galeus
1885 1782 1958 1832 (cf.
1982 1791 2155 1820 extrema
2178 1783 2316 1835 capitis

1266 1842 1410 1893 verba)
1426 1857 1436 1890 3
1455 1841 1577 1891 vulgo
1604 1841 1706 1879 male
1734 1837 1854 1885 κακοῖς
1885 1840 1921 1878 δὲ
1943 1840 2239 1894 ἀποστρέφονται.
2265 1861 2316 1870 -

1277 1909 1292 1927 ⁰
1310 1899 1387 1941 οὖδὲ
1408 1900 1603 1953 ὀργίζεται·
1618 1900 1726 1944 πάθος
1745 1899 1814 1953 γὰρ
1833 1899 1873 1938 τὸ
1899 1900 2126 1952 ὀργίζεσθαι]
2145 1902 2191 1940 cf.
2214 1898 2312 1938 Iam·

1265 1961 1421 2000 blichus
1442 1961 1490 1999 de
1506 1969 1662 2012 myster.
1681 1961 1784 2000 Sect.
1803 1960 1820 1998 Ι
1841 1974 1925 2010 cap.
1954 1961 2016 1999 13.
2032 1981 2086 1989 —-
2104 1958 2120 1982 ‘¹
2142 1958 2219 1998 οὔτε
2240 1958 2317 2001 τοὺς

1264 2019 1358 2064 θεοὺς
1377 2018 1615 2071 θεραπεύομεν
1628 2051 1637 2066 ,
1651 2017 1730 2058 οὔτε
1749 2018 2040 2071 μεταὸάλλομεν]
2058 2020 2222 2071 scripsi3
2246 2034 2315 2058 an-

1266 2167 1372 2207 ciunt‚
1392 2167 1547 2208 quoniam
1571 2167 1728 2208 quaelibet
1748 2176 1802 2199 ars
1821 2167 1964 2208 speciem
1981 2166 2111 2199 format.
2157 2168 2221 2205 Qui
2240 2177 2317 2210 ergo

148 2225 236 2268 pist,
254 2225 360 2260 multa
387 2235 408 2260 a
427 2226 491 2260 diis
516 2226 651 2270 provisa
678 2235 752 2261 esse
770 2226 1025 2261 animadvertas.
1068 2227 1199 2260 Etenim
1265 2226 1319 2266 tit,
1336 2228 1374 2258 ut
1401 2226 1444 2259 sit
1476 2225 1642 2258 mundus?
1663 2225 1718 2257 Sin
1738 2228 1850 2258 autem
1877 2227 2011 2265 natura,
2041 2225 2203 2266 quomodo
2228 2226 2315 2267 quod

148 2285 220 2318 tum
233 2286 375 2319 artesae
397 2284 599 2328 disciplinae,
613 2286 686 2318 tum
702 2285 785 2318 dirae
810 2295 848 2319 ac
862 2295 997 2329 preces,
1018 2285 1197 2326 sacrificia,
1229 2271 1234 2335 Ι
1263 2289 1381 2320 natura
1407 2288 1454 2320 ita
1472 2288 1698 2328 comparatum
1725 2287 1798 2327 est,
1826 2287 1864 2319 ut
1891 2288 2058 2328 procreet,
2077 2296 2118 2320 ex
2140 2288 2316 2329 semetipso

147 2342 364 2389 caerimonias,
393 2343 500 2387 leges,
529 2343 610 2377 vitae
643 2344 806 2386 instituta,
836 2344 962 2385 judicia
999 2345 1140 2386 denique
1167 2347 1200 2378 et

147 2409 253 2444 poenoe
268 2402 312 2436 ad
326 2402 452 2436 animos
469 2412 489 2436 a
507 2403 650 2445 peccatis
671 2404 858 2436 avocandos
877 2404 1010 2436 inventa
1028 2407 1124 2443 sunt,
1146 2406 1199 2436 at-

147 2469 212 2503 que
245 2461 373 2504 elapsos
407 2461 598 2505 corporibus
629 2462 754 2496 animos
777 2463 823 2496 dii
854 2463 1033 2505 expiatores
1061 2465 1094 2497 et
1115 2463 1201 2506 genii

146 2519 236 2553 omni
251 2520 346 2562 culpa
369 2521 546 2554 commissa
561 2521 713 2554 liberant.

576 2616 656 2657 Gap.
681 2617 769 2648 xm.

372 2691 533 2726 Quomodo
544 2691 727 2728 sempiterna
742 2691 808 2721 ficri
819 2692 972 2722 dicantur.

192 2761 243 2794 ne
260 2759 325 2793 diis
339 2753 488 2803 igitur‘a
505 2761 675 2809 mundo-et
689 2762 788 2795 rebus
810 2762 985 2802 humanis,
1013 2763 1054 2795 iis
1071 2763 1126 2805 qui
1143 2771 1195 2796 sa-

146 2819 279 2863 pientiae
292 2819 404 2853 studio
415 2819 540 2854 erudiri
555 2830 621 2854 non
639 2823 795 2864 possunt,
810 2830 870 2854 nec
882 2821 1054 2855 insanabili
1071 2822 1199 2863 ingenio

143 2877 273 2922 prnditi
291 2879 386 2920 sunt,
406 2879 480 2914 haec
495 2879 675 2915 sufficiant.
718 2883 799 2914 Haec
817 2883 928 2914 autem
943 2891 1109 2923 nunquam
1126 2891 1200 2914 esse

146 2937 236 2973 facta
249 2964 259 2984 ,
277 2948 385 2982 neque
398 2949 419 2973 a
435 2949 472 2973 se
494 2939 638 2974 invicem
653 2941 820 2983 separari,
838 2941 1004 2983 reliquum
1022 2942 1073 2975 est
1092 2943 1130 2974 ut
1147 2941 1197 2974 di-

145 3006 286 3033 camus:
308 2998 578 3042 quandoquidem
605 3002 639 3034 et
665 3010 726 3034 nos
748 3000 781 3033 in
800 3000 1026 3044 superioribus
1051 3000 1200 3044 disputa-

143 3056 286 3093 tionibus
307 3057 453 3092 diximus
468 3068 489 3092 a
508 3059 622 3101 primis
646 3060 790 3094 secunda
805 3060 985 3103 procreari,
1031 3060 1198 3103 Quidquid

145 3115 185 3151 fit
195 3142 204 3159 ‚
221 3117 280 3152 aut
293 3119 365 3151 arte
379 3119 439 3151 aut
457 3120 575 3152 natura
591 3120 651 3153 aut
666 3107 821 3152 facultate
834 3117 975 3160 quadam
992 3118 1040 3151 fit.
1085 3119 1200 3160 Itaque

145 3173 202 3210 ma
227 3184 304 3220 quae
328 3166 388 3210 ’τοι
417 3177 492 3211 arte
517 3177 571 3211 vel
596 3179 716 3211 natura
745 3177 868 3219 aliquid
897 3176 1044 3210 efficiunt
1073 3177 1200 3210 effectis

146 3234 255 3277 priora
272 3244 345 3270 esse
366 3244 502 3270 necesse
524 3239 575 3271 est
593 3249 600 3270 :
619 3247 694 3280 quae
714 3237 889 3279 facultate,
916 3245 969 3269 res
989 3238 1116 3270 creatas
1134 3246 1200 3270 una

146 3301 261 3328 secum
293 3294 515 3337 constituunt,
548 3298 721 3339 propterea
751 3296 842 3339 quod
871 3295 1062 3329 facultatem
1099 3296 1198 3330 etiam

147 3361 277 3396 semper
294 3353 358 3388 sibi
371 3354 520 3395 junctam
540 3358 574 3389 et
597 3355 848 3398 inseparabilem
875 3355 1014 3395 habent3
1042 3355 1134 3388 velut
1149 3355 1200 3389 sol

147 3418 228 3447 enne
256 3412 386 3455 lumen,
408 3404 500 3457 'ignis
529 3414 690 3456 calorem,
724 3414 779 3447 nix
811 3414 926 3456 frigus.
970 3413 1098 3454 Quodsi
1127 3416 1198 3448 arte

148 3471 308 3505 muudum
324 3471 370 3505 dii
383 3473 594 3515 fabricantur,
615 3483 680 3508 non
702 3476 739 3507 ut
758 3474 820 3515 sit,
842 3474 900 3507 sed
918 3474 955 3507 ut
973 3473 1048 3506 talis
1066 3473 1109 3507 sit
1123 3473 1195 3507 effi-

1261 2351 1326 2374 non
1342 2341 1466 2383 aliquid
1484 2341 1532 2375 rei
1548 2344 1669 2374 creatae
1690 2341 1905 2384 impertitur?
1922 2343 1955 2374 et
1970 2351 2071 2383 quum
2087 2342 2133 2375 dii
2152 2343 2222 2376 sine
2238 2353 2314 2376 cor-

1261 2409 1342 2441 pore
1360 2400 1443 2439 siut,
1462 2400 1636 2442 oportebat
1650 2402 1684 2433 et
1704 2399 1865 2432 mundum
1886 2400 1955 2433 sine
1981 2409 2116 2443 corpore
2143 2398 2227 2436 esse.
2273 2405 2316 2437 At

1262 2459 1289 2491 si
1308 2459 1381 2500 quis
1399 2458 1481 2492 deos
1500 2468 1676 2502 corporeos
1693 2458 1838 2501 dixerit3
1858 2460 1944 2493 uude
1961 2469 2099 2502 corpore
2121 2462 2311 2495 vacantium

1260 2519 1423 2553 facultas?
1447 2521 1523 2553 Jam
1544 2520 1573 2553 si
1588 2520 1623 2552 id
1642 2520 1880 2560 concedamus,
1896 2521 2054 2561 corrupto
2073 2520 2217 2562 mundo,
2244 2522 2315 2562 ejus

1261 2579 1370 2621 opifex
1394 2580 1580 2613 necessario
1596 2581 1726 2621 pereat,
1744 2579 1907 2621 siquidem
1936 2581 2064 2612 naturae
2083 2581 2316 2614 convenienter

1261 2639 1421 2681 procreat.
1466 2639 1501 2671 Si
1529 2648 1606 2681 ergo
1630 2647 1736 2681 neque
1760 2640 1830 2672 arte
1866 2647 1974 2680 neque
2010 2640 2128 2672 natura
2152 2640 2314 2673 mundum

1260 2697 1307 2730 dii
1342 2697 1528 2739 aedificant,
1558 2698 1769 2740 relinquitur,
1798 2700 1835 2731 ut
1867 2698 2023 2731 facultate
2053 2699 2182 2732 tantum
2212 2699 2312 2731 fabri„

1261 2759 1388 2790 centur.
1442 2758 1543 2799 Atqui
1574 2757 1736 2800 quidquid
1763 2757 1922 2790 facultate
1960 2757 2111 2798 efficitur,
2143 2767 2209 2790 una
2238 2768 2313 2790 cum

1260 2826 1317 2858 eo,
1335 2817 1424 2860 quod
1451 2817 1642 2851 facultatem
1666 2817 1786 2858 habet,
1810 2817 1971 2850 subsistit.
2017 2819 2129 2860 Neque
2148 2827 2187 2851 eo
2216 2819 2314 2850 modo

1260 2878 1412 2918 generata
1439 2876 1575 2910 interire
1604 2884 1753 2919 unquam
1775 2879 1933 2919 possunt,
1958 2877 2021 2910 nisi
2037 2878 2112 2919 quis
2134 2878 2314 2920 genitorem

1260 2935 1410 2978 gignendi
1421 2934 1578 2970 facultate
1595 2936 1786 2979 privaverit.
1831 2937 2053 2975 Quamobrem
2074 2938 2132 2979 qui
2153 2938 2315 2971 mundum

1260 2996 1434 3030 mortalem
1465 2996 1652 3030 existimant
1686 2997 1744 3030 aut
1773 2997 1854 3030 deos
1886 3006 1959 3030 esse
1983 2999 2123 3039 negant,
2152 2998 2209 3030 aut
2233 2998 2315 3031 deos

1258 3063 1332 3089 esse
1352 3055 1498 3089 dicentes
1527 3055 1628 3088 deum
1660 3055 1863 3089 imbecillum
1894 3056 2026 3089 faciunt.
2072 3056 2231 3094 Quocirca
2256 3056 2313 3098 qui

1259 3115 1417 3149 facultate
1433 3115 1539 3149 efficit
1560 3117 1680 3149 cuncta
1695 3140 1704 3157 ,
1725 3117 1844 3149 cuncta
1875 3115 1972 3148 simul
1992 3124 2103 3149 secum
2131 3116 2311 3149 subsistere

1258 3175 1348 3209 facit.
1393 3178 1506 3215 Quum
1521 3177 1632 3210 autem
1649 3176 1792 3209 maxima
1811 3176 1950 3209 facultas
1966 3175 2026 3217 sit,
2045 3185 2110 3209 non
2126 3176 2231 3209 solum
2250 3177 2309 3209 ho-

1258 3236 1365 3269 mines
1383 3237 1418 3269 et
1437 3235 1562 3270 bestias
1577 3236 1726 3279 generari
1746 3236 1928 3278 oportebat,
1948 3236 2005 3269 sed
2019 3235 2098 3269 deos
2114 3238 2146 3269 et
2164 3236 2310 3269 homines

1258 3296 1293 3329 et
1308 3296 1441 3339 geni033
1459 3298 1494 3330 et
1513 3297 1674 3338 quantum
1689 3299 1812 3329 nostrae
1831 3297 1961 3328 naturae
1977 3296 2102 3338 primus
2119 3295 2199 3327 deus
2215 3298 2307 3328 ante-

1259 3355 1366 3397 cedit,
1386 3357 1480 3390 tanto
1498 3356 1613 3399 plures
1628 3355 1756 3389 medias
1776 3356 1862 3389 inter
1888 3365 1948 3388 nos
1967 3357 2000 3388 et
2018 3355 2112 3387 illum
2140 3354 2309 3387 facultates

1257 3425 1330 3449 esse
1354 3425 1488 3450 necesse
1514 3417 1576 3450 est.
1624 3417 1836 3457 Quaecunque
1857 3415 1943 3448 enim
1969 3414 2144 3456 plurimum
2169 3413 2252 3447 inter
2271 3422 2309 3448 sc

1257 3474 1398 3516 distant,
1416 3475 1556 3518 plurima
1575 3475 1661 3509 inter
1678 3483 1712 3508 se
1726 3474 1834 3508 media
1847 3472 1977 3506 habent.
