2508 3776
98 305 620 393 ΔΡΟΝΙΚΟΥ
664 314 815 367 ΤΟΥ
859 314 1122 368 POAIOY

220 445 451 490 ΗΘΙΚΩΝ
488 447 606 491 ΤΩΝ
642 448 1050 492 ΝΙΚΟΜΑΧΕΙΩΝ

131 522 136 530 '
435 562 825 601 ΠΑΡΑΦΡΑΣΕΩΣ

424 668 603 700 ΒΙΒΔΙΟΝ
624 668 846 700 ΠΕΜΠΤΟΝ.

513 769 740 787 ...σκο-

546 892 638 944 Κεφ.
671 889 721 931 α’.

473 1001 554 1043 Περὶ
574 1001 786 1040 δικαιοσύνης.

161 1100 185 1126 *
202 1098 301 1150 Ἤδη
323 1099 360 1140 δὲ
389 1099 557 1140 σκεπτέον
579 1101 659 1154 περὶ
680 1101 902 1148 δικαιοσύνης
918 1101 977 1140 καὶ
1001 1100 1152 1147 ἀδικίας,

58 1167 59 1171 ’
108 1159 190 1215 περὶ
211 1159 316 1204 ποίας
348 1158 492 1214 πράξεις
523 1159 766 1230 εὑρίσκονται,
799 1158 859 1197 καὶ
889 1158 975 1198 ποία
1007 1159 1156 1209 μεσότης

107 1219 204 1260 ἐστὶν
222 1222 247 1267 ἦ
267 1217 490 1267 δικαιοσύνη,
514 1217 574 1256 καὶ
594 1217 634 1256 τὸ
657 1217 792 1256 δίκαιον
811 1217 915 1257 τίνων
946 1218 1076 1270 μέσον,
1096 1218 1150 1257 καὶ

49 1315 51 1319 ,
106 1277 187 1319 τίνα
201 1277 245 1318 τὰ
262 1279 346 1332 παρ’
361 1276 512 1331 ἑκάτερα
525 1281 585 1316 τοῦ
603 1277 753 1318 δικαίου.

46 1331 70 1391 ἰ
159 1336 203 1363 *⁸
221 1335 446 1391 Σκεψώμεθα
469 1336 504 1376 δὲ
527 1335 620 1376 κατὰ
637 1336 702 1384 τὴν
719 1335 828 1384 αὐτὴν
853 1335 996 1388 μέθοδον
1021 1340 1096 1389 μεθ’
1116 1341 1157 1385 ἡς

27 1449 30 1452 ⁴
67 1418 78 1446 ς
91 1395 168 1451 μὶ
186 1395 267 1468 περὶ
286 1397 356 1435 τῶν
378 1396 534 1435 ἄλλων’
515 1398 647 1450 αρετῶν
667 1396 907 1471 ἐσκεψάμεθα.

66 1450 104 1501 ’,ᾗ-θ·
158 1453 222 1479 ¹¹¹*
235 1453 401 1509 Ὄρῶμεν
411 1454 455 1503 δὴ
466 1455 600 1499 πάντας
611 1455 832 1504 δικαιοσύνην
842 1455 1074 1506 ὀνομάζοντας
1087 1454 1156 1501 ἕξιν

71 1512 86 1526 “
83 1508 205 1573 ἔπινέ,
221 1513 266 1562 ἣν
287 1512 426 1567 ἔχοντες
453 1514 646 1567 πρακτικοὶ
677 1515 746 1551 τῶν
771 1513 916 1552 δικαίων
943 1514 1071 1564 ἐσμέν,
1093 1514 1154 1553 καὶ

63 1560 446 1631 ffffaatoupoeyossysv,
466 1573 528 1612 καὶ
559 1571 760 1625 βουλόμεθα
779 1571 824 1611 τὰ
854 1572 987 1613 δίκαια.
1022 1572 1093 1613 Τὸν
1120 1573 1155 1612 δὲ

52 1649 95 1686 3„
98 1629 212 1689 ᾒτδν
233 1631 363 1686 τρόπον
379 1631 442 1671 καὶ
460 1632 541 1686 περὶ
566 1634 628 1679 τῆς
646 1630 799 1676 ἀδικίας·
824 1631 962 1670 ἀδικίαν
982 1632 1051 1685 γὰρ
1069 1633 1156 1672 ὀνο-

60 1709 67 1735 g
81 1690 284 1749 Ιῃᾶουσι,
315 1691 397 1732 καθ’
416 1691 461 1740 ἣν
489 1692 704 1742 ἀδικοῦμεν,
731 1690 792 1729 καὶ
813 1689 858 1729 τὰ
888 1691 993 1729 ἄδικα
1032 1692 1157 1744 βουλό-

40 1755 77 1803 J
94 1752 212 1805 μαθα.
235 1749 386 1796 Ταύτας
419 1750 462 1799 δὴ
491 1750 554 1795 τὰς
579 1749 699 1795 κοινὰς
731 1749 812 1803 περὶ
841 1749 1064 1798 δικαιοσύνης
1097 1750 1156 1791 καὶ

106 1810 247 1856 damea<
276 1811 376 1857 δόξας
407 1809 630 1862 ὖποθώμεθα·
659 1809 721 1849 καὶ
747 1809 839 1848 ἔστω
863 1810 1067 1857 δικαιοσύνη
1096 1809 1155 1849 καὶ

106 1869 264 1910 ἀδικία*
245 1886 292 1916 ως
305 1870 340 1909 ἐν
358 1869 480 1924 τύπῳ,
502 1869 610 1915 ἕξις’
591 1869 652 1923 αφ’
673 1863 712 1917 ἧς
735 1868 934 1920 βουλόμεθα
954 1868 999 1907 τὰ
1020 1869 1155 1919 δίκαια,

34 1974 51 1982 ...
99 1928 168 1995 ίκαὶ
199 1927 268 1976 &tc
298 1931 358 1984 ἀφ’
374 1908 448 1977 ἧς
462 1931 501 1968 06
523 1929 735 1982 βουλόμεθα.
754 1930 816 1968 Δεῖ
836 1928 907 1980 γὰρ
927 1933 1156 1981 προσκεῖσθαι

35 2030 45 2042 Π,
106 1983 163 2029 &i
178 1988 255 2033 ταῖς
277 1989 418 2041 ἀρεταῖς
434 1993 511 2032 ταῖς
539 1987 678 2035 ἠθικαῖς
705 1987 745 2026 τὸ
766 1986 967 2038 βούλεσθαι·
991 1987 1053 2026 καὶ
1074 1989 1156 2028 ἀδύ-

25 2056 53 2101 3³
106 2060 208 2087 νατον
230 2046 347 2091 ἄλλως
374 2045 482 2090 αὑτὰς
511 2047 705 2099 ὁρισθῆναι·
728 2045 787 2084 διὰ
818 2046 857 2085 τὸ
881 2045 1070 2097 βούλεσθαι
1087 2046 1156 2100 γὰρ

43 2107 47 2110 ’
107 2111 300 2163 σωφρονεῖν
327 2104 390 2145 καὶ
407 2106 670 2157 δικαιοπραγεῖν
690 2107 708 2143 6
733 2104 864 2148 δίκαιος
883 2103 946 2143 καὶ
963 2107 981 2143 6
1006 2105 1155 2158 σώφρων

20 2212 22 2216 v
106 2163 259 2218 γίνεται.
281 2163 370 2204 Ἐπὶ
392 2163 455 2216 μὲν
482 2162 551 2216 γὰρ
572 2165 640 2202 τῶν
664 2164 871 2214 ἐπιστημῶν
890 2162 952 2202 καὶ
974 2165 1154 2215 δυνάμεων

37 2259 39 2261 ,
106 2224 148 2263 τὸ
161 2222 331 2263 δύνασθαι
349 2223 412 2274 μὲν
426 2225 638 2275 ἀναγκαῖον,
657 2221 696 2260 τὸ
715 2222 901 2274 βούλεσθαι
917 2222 953 2261 δὲ
970 2225 1033 2262 οὐκ
1049 2226 1156 2276 ἀναγ-

51 2294 58 2321 l
106 2283 220 2323 καῖον·
243 2282 275 2321 εἷ
303 2281 372 2334 γάρ
391 2297 444 2326 τις
462 2280 604 2321 δύναιτο
633 2282 813 2334 ὑγιάζειν,
835 2280 960 2333 ἀρκοίη
991 2279 1033 2319 ἂν
1055 2285 1158 2321 τοῦτο

106 2341 218 2395 ιῦῑῷ·
237 2339 328 2383 ‘dlv
347 2339 416 2394 γὰρ
435 2335 505 2386 ἕξιν
521 2343 584 2387 τῆς
606 2343 766 2394 ἰατρικῆς
780 2341 878 2379 οὐδὲν
898 2339 1026 2379 κωλύει
1045 2340 1084 2378 τὸ
1104 2341 1154 2393 μὴ

36 2399 62 2438 4Ἀ
106 2399 306 2455 βούλεσθαν
325 2399 455 2452 ὁμοίως
476 2400 512 2439 δὲ
529 2399 592 2439 καὶ
612 2399 670 2438 ἐπὶ
690 2402 758 2438 τῶν
780 2399 910 2440 ἄλλων.
928 2399 1017 2439 Ἐπὶ
1033 2399 1070 2438 δὲ
1086 2402 1155 2438 τῶν

91 2458 239 2517 ἠθικῶν
265 2460 400 2510 ἀρετῶν
422 2459 599 2499 ἀνάπαλιν
619 2458 707 2512 ἔχει.
727 2458 780 2499 Τὸ
798 2459 861 2510 μὲν
882 2459 952 2511 γὰρ
982 2458 1155 2498 δύνασθαι

40 2554 55 2573 s
108 2517 228 2562 δίκαια
248 2517 434 2571 πράττειν,
465 2518 610 2557 δυνατόν
631 2520 706 2557 ἐστι
733 2517 794 2557 καὶ
813 2520 864 2571 τῷ
887 2518 998 2572 ἀδίκῳ
1019 2520 1154 2559 πολλά-

108 2589 177 2621 κις·
197 2575 239 2616 τὸ
267 2574 306 2616 δὲ
336 2576 525 2630 βούλεσθαι
558 2577 661 2629 μόνον
683 2576 758 2616 ἐστὶ
787 2580 848 2616 τοῦ
878 2578 1029 2618 δικαίου.
1044 2576 1153 2617 “oeev

36 2663 42 2683 >,
107 2634 243 2682 δίκαιός
261 2636 336 2676 ἔστι
351 2635 412 2676 καὶ
433 2639 452 2676 6
475 2636 524 2690 μὴ
544 2637 735 2688 δυνάμενος
763 2636 826 2689 μὲν
853 2637 1020 2690 πράττειν
1038 2637 1083 2677 τὰ
1102 2638 1154 2676 δί-

95 2705 213 2743 λαια,
244 2696 454 2748 βουλόμενος
481 2695 600 2736 δὲκαὶ
622 2695 738 2742 ἕξιν”
718 2712 809 2749 εχων
836 2697 1069 2745 δικαιοσύνης·
1095 2697 1154 2736 τὸν

48 2768 78 2801 ἐν
106 2752 211 2795 thim
230 2753 267 2793 δὲ
285 2753 413 2810 τρόπον
428 2754 490 2795 καὶ
509 2758 527 2795 6
554 2755 672 2800 ἄδικος
697 2754 784 2808 ἔχει.
801 2753 885 2795 ’Έτι
915 2755 952 2794 δὲ
979 2761 1077 2794 πᾶσα
1097 2756 1156 2794 δύ-

50 2823 51 2826 ’
66 2817 212 2864 wey-t<
224 2811 288 2853 καὶ
308 2813 491 2866 ἐπιστήμη
512 2817 580 2854 τῶν
602 2811 767 2854 ἐναντίων
789 2814 878 2853 ἐστί·
904 2821 968 2867 μιᾷ
986 2813 1054 2867 γὰρ
1069 2815 1148 2853 ἐπι

51 2865 270 2931 ’κοτήμῃ
251 2872 398 2912 ουνατὸν
427 2873 472 2912 τὰ
503 2873 644 2912 ἐναντία
676 2873 817 2912 εἷδέναν
851 2873 915 2925 μία
939 2872 1008 2925 γὰρ
1027 2874 1155 2924 γνῶσίς

40 2908 98 2979 'ej
94 2930 184 2988 ἐστι
201 2947 263 2971 του
283 2935 429 2984 ὑγιεινου
450 2932 511 2972 καὶ
528 2933 698 2978 νοσώδους
716 2936 738 2981 ἡ
754 2932 916 2985 ἰατρική,
936 2931 997 2971 καὶ
1012 2939 1077 2986 μιᾷ
1098 2934 1157 2973 δυ-

74 2959 211 3044 νέμει
229 2989 276 3030 τὰ
299 2990 441 3031 ἐναντία
461 2991 641 3046 γίνονται,
665 2992 729 3044 μία
757 2992 792 3032 δὲ
811 2990 879 3038 ἕξις
910 2993 973 3030 οὔκ
992 2991 1066 3031 ἔστι
1088 2995 1155 3032 τῶν

32 3046 70 3088 ⁸⁷.
107 3047 271 3088 ἱναντίων
297 3051 494 3123 πρακτική·
517 3052 556 3090 οὖ
578 3051 646 3106 γὰρ
667 3051 736 3090 ἀπὸ
759 3068 821 3099 της
854 3050 1077 3098 δικαιοσύνης
1111 3051 1155 3091 τὰ

39 3145 43 3148 .
75 3103 220 3147 leuna
235 3108 436 3162 πράττομεν
453 3109 514 3150 καὶ
539 3111 681 3160 δίκαια,
710 3110 829 3163 ὥσπερ
847 3109 924 3149 οὐδὲ
942 3111 977 3148 αῖ
995 3110 1155 3155 νοσώδεις

36 3169 40 3176 '
86 3162 261 3215 κινήσεις
279 3173 356 3212 ταῖς
377 3170 541 3219 υγιειναῖς
565 3171 601 3208 αἱ
627 3170 744 3209 αὗταί·
776 3169 1009 3222 γινώσκονται
1038 3170 1155 3221 μέντοι

110 3225 150 3264 αἱ
167 3226 323 3266 ἐναντίαι
341 3227 465 3273 ἔξυς’
446 3229 516 3268 απὸ
535 3245 605 3268 των
625 3229 804 3269 ἐναντίων.
828 3231 872 3269 Εἰ
892 3229 972 3304 γάρ,
978 3245 1030 3274 τις
1049 3228 1156 3282 γινώ-

111 3297 189 3323 σκιι
205 3283 269 3333 τὴν
287 3285 419 3332 εὐεξίαν
435 3281 524 3328 εἶναι
546 3290 748 3338 πυκνότητα
771 3290 917 3342 σαρκός,
939 3288 1071 3327 εἴσεται
1091 3287 1154 3335 τὴν

1390 317 1782 379 ANDRONICI
1827 318 2086 380 RHODII

1311 443 1639 492 E'rfflcossUM
1682 446 2173 494 NICOMACHEORUM

1558 564 1919 605 PARAPHRASIS

1570 672 1696 704 LIBER
1716 672 1913 709 QUlNTUS.

1620 785 1861 823 w

1676 899 1754 941 Gap.
1781 901 1807 933 1.

1653 1016 1693 1042 ne
1708 1014 1835 1050 justitia.

1258 1118 1333 1150 Jam
1355 1125 1435 1150 vero
1460 1116 1502 1150 de
1515 1117 1646 1159 Justitia
1662 1119 1696 1150 et
1716 1117 1879 1159 injustitia
1898 1117 2076 1151 videndum
2092 1119 2162 1156 est,
2189 1119 2264 1150 tum

1217 1176 1405 1218 cujusmodi
1421 1176 1456 1208 iu
1481 1176 1667 1209 actionibus
1684 1179 1869 1215 versentur,
1895 1179 1969 1209 tum
1994 1176 2181 1219 cujusmodi
2195 1185 2268 1210 me—

1217 1233 1376 1266 diocritas
1394 1233 1545 1276 justitia,
1578 1235 1613 1267 et
1642 1234 1696 1276 Jus
1722 1243 1866 1276 quarum
1888 1243 2001 1268 rerum
2028 1235 2177 1268 medium
2205 1234 2264 1273 sit,

1217 1304 1293 1336 quae
1313 1294 1455 1336 denique
1472 1294 1630 1337 utrInque
1650 1294 1733 1328 illud
1748 1294 1891 1337 cingant

1259 1354 1297 1386 In
1321 1353 1374 1387 his
1396 1355 1509 1386 autem
1531 1353 1632 1386 rebus
1653 1353 1877 1402 exquirendis
1894 1353 2032 1387 eandem
2055 1353 2146 1386 viam
2164 1353 2269 1385 ratio-

1218 1403 1361 1444 nemque
1378 1396 1570 1433 teneamus,
1590 1404 1691 1444 quam
1717 1395 1751 1428 in
1768 1395 1930 1437 superiori
1947 1395 1989 1428 de
2001 1395 2142 1437 reliquis
2163 1395 2269 1427 virtu-

1217 1436 1309 1469 tibus
1325 1436 1549 1484 disputatione
1565 1436 1671 1469 secuti
1693 1446 1819 1471 sumus.

1260 1478 1420 1510 Videmus
1448 1477 1550 1520 igitur
1580 1486 1695 1510 omnes
1720 1478 1904 1522 Justitiam
1917 1477 2081 1520 ejusmodi
2100 1477 2267 1520 quendam

1218 1536 1370 1569 habitum
1386 1545 1524 1577 vocare,
1544 1545 1612 1579 quo
1634 1536 1767 1579 praediti
1782 1536 1933 1570 homines
1950 1536 1995 1569 ad
2019 1546 2058 1569 ca
2077 1546 2155 1579 quae
2175 1537 2267 1578 justa

1217 1597 1297 1629 sunt
1313 1595 1438 1638 agenda
1458 1595 1657 1629 inclinamus
1669 1622 1676 1634 ,
1698 1604 1832 1638 quoque
1858 1605 1896 1629 ea
1922 1597 1957 1629 et
1976 1596 2105 1637 agimus
2121 1598 2155 1628 et
2169 1595 2267 1628 volu-

1217 1665 1304 1690 mus.
1348 1656 1540 1699 Eodemque
1565 1656 1665 1689 modo
1691 1658 1725 1689 et
1751 1656 1793 1689 de
1815 1655 1979 1698 injustitia
2002 1655 2154 1698 iudicant
2181 1668 2189 1688 ε
2219 1655 2268 1689 ita

1218 1715 1305 1749 enim
1333 1716 1502 1748 nominant
1518 1715 1671 1748 habitum
1685 1740 1693 1755 ,
1712 1725 1780 1758 quo
1803 1724 1857 1747 res
1878 1714 2020 1757 injustas
2035 1716 2068 1747 et
2089 1714 2223 1756 agimus·
2234 1716 2268 1747 et

1217 1774 1384 1808 volumus.
1416 1776 1526 1812 Quare
1549 1782 1741 1806 communes
1769 1773 1830 1806 has
1858 1772 1900 1805 de
1928 1774 2072 1814 utraque
2099 1771 2268 1813 opiniones

1216 1833 1376 1877 principio
1393 1842 1579 1877 ponamus:
1597 1833 1708 1876 sitque
1725 1831 1858 1874 justitia
1879 1832 1913 1864 et
1935 1830 2098 1873 injustitia
2111 1855 2119 1871 ,
2140 1832 2179 1862 ut
2192 1830 2266 1872 pin-

1216 1893 1272 1936 gui
1288 1894 1438 1927 Minerva
1467 1893 1595 1932 dicam,
1630 1891 1791 1935 eiusmodi
1812 1890 1967 1929 habitus,
1988 1900 2055 1933 quo
2077 1890 2169 1931 justa
2193 1891 2267 1922 tum

1215 1953 1390 1992 volumus,
1408 1955 1484 1986 tum
1504 1952 1672 1985 nolumus.
1695 1953 1832 1994 Semper
1846 1950 1934 1984 enim
1954 1949 1997 1982 ad
2009 1948 2151 1982 morales
2163 1948 2267 1982 virtu·

1216 2014 1267 2045 tes
1281 2013 1436 2046 voluutas
1451 2011 1586 2045 accedat
1609 2012 1742 2054 oportet
1765 2023 1774 2043 ε
1792 2019 1901 2052 neque
1927 2009 2024 2041 aliter
2043 2007 2173 2041 definiri
2189 2014 2267 2050 pos-

1216 2073 1295 2105 sunt
1312 2085 1320 2105 :
1338 2071 1497 2104 nimirum
1515 2070 1595 2113 quia
1614 2073 1803 2112 temperans
1823 2069 1898 2101 vult
1919 2075 1990 2101 esse
2011 2067 2135 2110 aliquis
2158 2067 2267 2109 Juste-

1217 2139 1284 2173 que
1297 2139 1404 2173 agere,
1426 2130 1551 2164 idcirco
1567 2131 1756 2172 temperans
1773 2128 1875 2161 etiam
1890 2129 1942 2160 est
1954 2129 1986 2159 et
2002 2127 2124 2168 justus.
2136 2125 2266 2167 Quippe

1215 2189 1250 2221 in
1267 2188 1414 2222 scientiis
1433 2190 1467 2221 et
1486 2187 1704 2221 facultatibus
1722 2194 1818 2228 posse
1832 2194 1886 2218 res
1898 2184 2082 2217 necessaria
2098 2184 2160 2221 est,
2180 2183 2266 2216 velle

1215 2257 1282 2281 non
1295 2247 1375 2281 item
1394 2261 1403 2281 ι
1421 2256 1499 2280 nam
1523 2246 1551 2279 si
1575 2246 1652 2288 quis
1669 2245 1773 2288 possit
1790 2253 1905 2277 sanare
1917 2269 1925 2284 ‚
1943 2244 2007 2276 hoc
2022 2243 2052 2275 ei
2071 2242 2264 2275 suffecerit:

1215 2317 1277 2342 nec
1289 2307 1375 2341 enim
1386 2306 1560 2340 medicinae
1571 2305 1724 2338 habitum
1741 2304 1890 2347 impedit,
1909 2303 2000 2346 quod
2021 2302 2142 2345 aliquis
2160 2299 2244 2335 nolit
2255 2314 2265 2334 ι

1217 2367 1368 2401 similiter
1381 2375 1461 2399 vero
1480 2365 1580 2399 etiam
1593 2365 1627 2397 in
1644 2363 1794 2406 reliquis.
1814 2365 1850 2396 In
1866 2362 2050 2396 virtutibus
2060 2363 2173 2394 autem
2192 2368 2262 2393 mo-

1215 2427 1342 2460 ralibus
1354 2427 1470 2458 contra
1479 2433 1515 2457 se
1527 2433 1581 2457 res
1597 2423 1709 2456 habet.
1737 2424 1821 2455 Nam
1837 2420 2031 2454 facultatem
2041 2420 2132 2462 juste
2150 2418 2266 2461 agendi

1216 2493 1304 2527 saepe
1322 2484 1446 2527 injusto
1460 2492 1593 2526 quoque
1612 2491 1684 2515 esse
1697 2483 1833 2523 apparet
1849 2482 1905 2513 :at
1918 2480 2073 2512 voluntas
2093 2477 2196 2512 solius
2215 2479 2265 2510 est

1213 2544 1308 2587 justi.
1338 2543 1435 2576 Unde
1451 2542 1480 2575 is
1499 2542 1601 2574 etiam
1619 2541 1677 2587 qui
1704 2541 1795 2582 juste
1813 2539 1887 2572 vult
1908 2548 2022 2581 agere,
2046 2537 2265 2579 habitumque

1215 2602 1316 2636 habet
1331 2601 1485 2644 justitiae,
1504 2600 1582 2632 licet
1600 2608 1666 2632 non
1679 2598 1795 2641 possit,
1806 2598 1919 2640 justus
1930 2599 2040 2630 tamen
2054 2598 2128 2629 est:
2150 2595 2268 2629 simili·-

1214 2663 1334 2704 terque
1352 2662 1386 2693 et
1404 2660 1551 2702 inJustus
1575 2668 1611 2692 se
1629 2658 1743 2692 habet.
1781 2657 1875 2690 Adde
1892 2656 1982 2698 quod
1999 2656 2107 2689 omnis
2122 2654 2267 2689 facultas

1215 2731 1254 2753 ac
1273 2719 1410 2752 scientia
1432 2717 1676 2751 contrariorum
1695 2718 1783 2750 ost.
1802 2716 1902 2749 unius
1921 2715 2010 2748 enim
2034 2714 2181 2748 scientiae
2204 2723 2265 2756 ope

1215 2762 1380 2795 contraria
1398 2769 1495 2793 nosse
1509 2767 1709 2802 possumus:
1724 2758 1804 2801 quia
1822 2767 1888 2790 una
1904 2756 2046 2799 cognitio
2062 2755 2215 2789 sanitatis
2233 2757 2267 2788 et

1214 2820 1320 2854 morbi
1335 2818 1500 2853 medicina
1512 2819 1582 2859 est,
1599 2817 1782 2862 eademque
1795 2815 1955 2850 facultate
1977 2815 2061 2848 fiunt
2077 2813 2263 2847 contraria·

1215 2888 1303 2913 unus
1324 2887 1401 2912 vero
1425 2878 1561 2912 habitus
1583 2886 1648 2910 non
1676 2876 1776 2910 efficit
1807 2875 1971 2909 contraria
1990 2884 1998 2902 ε
2029 2873 2188 2907 nimirum
2208 2881 2267 2915 per

1211 2938 1377 2982 justitiam
1390 2945 1456 2970 non
1471 2938 1600 2978 agimus
1615 2937 1709 2979 justa
1723 2938 1757 2969 et
1770 2935 1904 2978 injusta,
1925 2943 2036 2977 neque
2055 2935 2168 2966 motus
2187 2933 2264 2973 mgr}

1217 2996 1365 3040 corporis
1387 2996 1489 3029 iidem
1510 2997 1588 3030 sunt
1611 2995 1669 3038 qui
1697 2994 1780 3028 bene
1803 2993 1975 3027 constituti
1997 3005 2006 3025 z
2033 3001 2075 3024 ex
2092 2991 2267 3025 contrariis

1216 3066 1295 3090 vero
1313 3055 1471 3089 contrarii
1486 3057 1729 3098 cognoscuntur
1744 3053 1891 3087 habitus.
1930 3052 1965 3086 Si
1981 3051 2058 3094 quis
2072 3051 2158 3083 enim
2177 3051 2265 3084 norit

1215 3115 1335 3148 bonam
1368 3114 1515 3157 corporis
1533 3113 1764 3147 habitudinem
1793 3112 1902 3144 carnis
1937 3109 2141 3143 soliditatem
2171 3118 2261 3147 esse,

1215 3175 1337 3208 malam
1357 3174 1439 3207 sciet
1457 3173 1565 3207 carnis
1584 3182 1656 3206 esse
1677 3173 1858 3206 raritatem.
1918 3171 2167 3212 cognoscuntur
2184 3172 2265 3200 vero

1216 3234 1351 3267 habitus
1372 3233 1472 3266 etiam
1489 3241 1530 3266 ex
1545 3232 1587 3265 iis
1604 3241 1682 3275 quae
1710 3231 1874 3264 habentur
1899 3241 1907 3262 τ
1936 3228 2073 3262 habitus
2096 3227 2259 3263 videlicet,

1217 3293 1358 3336 exempli
1375 3302 1485 3332 causa,
1501 3293 1626 3326 sanitas
1639 3293 1689 3325 est
1710 3303 1716 3323 :
1734 3291 1767 3324 id
1795 3292 1906 3323 autem
1918 3315 1926 3330 ‚
1940 3288 2030 3331 quod
2045 3287 2196 3325 habetur,
2216 3295 2266 3318 SI!-

153 3398 172 3415 *
182 3399 252 3458 ΠΙ),
270 3403 308 3442 V,
321 3412 393 3447 cap.
412 3409 440 3439 1.
452 3407 570 3451 περὶδὲ
585 3408 790 3446 δικαιοσύνης
803 3408 857 3440 καὶ
871 3407 995 3445 ἀδικίας
1009 3408 1077 3441 κτλ.
1092 3423 1134 3431 -
1143 3405 1183 3427 '⁴‘
1201 3403 1243 3439 ‘H
1255 3406 1290 3439 δὲ
1307 3406 1418 3448 σκέψις
1429 3408 1508 3452 ἡμῖν
1523 3405 1609 3438 ἔστω
1622 3406 1691 3437 κτλ.
1703 3421 1745 3428 —
1762 3401 1820 3422 *⁴³*
1838 3401 1987 3443 Ὅρῶμεν
2002 3400 2040 3437 δὴ
2057 3398 2180 3435 πάντας
2191 3398 2261 3429 κτλ.

1146 3474 1223 3514 399
