2528 3788
4 502 17 626 2m¹Qh·.-v
13 479 15 482 -
9 421 16 430 κ
10 364 17 399 μ-

890 209 1092 250 EUSEBII
1130 211 1468 255 FRAGMENTA.

111 295 185 349 ἔστι
204 293 276 344 ἔτι;
295 295 407 334 codd.
425 294 488 333 καὶ
507 292 570 342 τὴν
590 295 652 332 οὒκ
673 287 730 332 οἶά
748 291 786 332 τέ
802 293 895 330 ἐστιν
919 291 983 332 ἔτι.
1004 314 1058 322 -
1073 298 1088 315 ⁰
1104 309 1158 345 γι-

111 351 280 404 νομένηςς
297 354 392 393 libri
410 354 626 406 γιγνομένης.
641 351 706 405 -)

161 425 209 454 ιο.
236 413 293 453 Τὰ
311 418 326 437 ¹¹
348 419 438 452 τοῖσι
459 414 596 452 ἄλλοισι
615 412 632 437 1’
652 415 698 456 ὡς
713 411 828 465 φαῦλα
849 412 1030 466 ἐπιτιμᾷς,
1047 416 1156 451 ταῦτα

109 470 275 525 πρότερον
300 472 403 517 αὐτὸς
423 472 552 512 ποιέειν
571 470 758 525 φυλάσσεο.

164 530 365 583 (Stobaeus
380 531 486 572 Flor.
502 531 617 570 XLV!
629 560 642 580 ‚
667 530 716 568 36
728 531 788 568 τοῦ
809 530 927 569 αὐτοῦ.
951 530 1097 582 Scripsi
1114 543 1124 569 :
1143 533 1158 552 ⁸

108 589 176 640 τὴ
202 590 318 632 codd.
351 590 389 631 ἃ.
411 612 464 622 -·
491 590 509 615 ¹’
534 592 625 631 τοῖσι
662 589 819 636 ἄλλοισι;
853 589 965 628 codd.
995 589 1065 634 τοῖς
1093 588 1156 627 ἄλ-

110 650 193 695 λοις.
209 673 265 681 -

164 723 216 751 ω.
246 651 440 766 'gvopmtm
458 707 683 761 ἀνθρώπωνε
668 706 727 746 ἐπὶ
743 706 956 760 κατηγορίας
974 708 1099 746 ἀπικνε
1092 707 1156 747 ὀν-

110 782 169 807 ται
185 771 225 818 ⁸,
241 769 274 808 οἳ
291 767 356 820 μὶν
375 768 415 807 ἐκ
437 765 673 818 συγκειμένων
693 764 881 820 ψευδέιοῧιν
897 766 1128 818 ἐγκλημάτων
1142 797 1154 816 ,

110 828 142 867 οἱ
162 825 200 867 δὲ
222 822 356 875 ἀληθέα
379 825 661 880 κατηγορέοντες.
721 828 768 865 Οἱ
790 826 818 864 δ’
840 820 885 865 αυ
906 825 1102 866 ἐπαινέουσι
1119 831 1155 876 ⁰,

109 887 142 927 οἱ
158 885 223 938 μὶν
240 885 284 926 τὰ
306 885 406 926 ἰόντα
435 885 708 959 μαρτυρέοντες,
739 886 771 924 οἱ
799 885 836 924 δὲ
856 884 953 938 παρὰ
972 885 1012 924 τὸ
1032 885 1158 934 ἀληθὲς

106 940 347 1017 χαριζόμενοι.
403 943 563 998 Ἄριστον
593 961 641 984 ων
669 946 703 984 ἐν
731 950 821 984 τοῖσι
842 943 1027 984 τοιούτοισι
1055 950 1070 968 ⁰
1095 944 1156 984 καὶ

109 1001 230 1057 ἰδιώτῃ
261 1001 322 1043 καὶ
349 1002 516 1058 ἄρχοντι,
542 1003 632 1055 μήτε
659 1003 762 1044 αὐτὸν
783 1003 959 1043 πιστεύειν
989 1004 1153 1055 αὐτόθεν,

107 1060 198 1114 μητι
227 1061 403 1102 ἀπιστέειν
431 1062 630 1107 παντελέως
659 1068 694 1113 ⁹,
715 1064 754 1102 ἐκ
783 1063 819 1102 δὲ
846 1066 915 1102 τῶν
936 1063 1156 1116 πρηγμάτων

48 1159 54 1169 ,
106 1120 378 1175 ἐξεταζομένων,
398 1119 488 1168 ὅκως
506 1121 577 1176 χρὴ
597 1121 679 1176 περὶ
700 1124 814 1162 αὐτων
837 1122 1074 1172 διανοέεσθαι,
1095 1121 1156 1162 καὶ

106 1176 147 1220 ὦ
166 1180 308 1235 ἂτρεκὲς
327 1182 442 1220 αὐτῶν
463 1182 664 1231 μανθάνειν.

148 1239 367 1294 (Stobaeus
382 1241 487 1282 Flor.
504 1240 622 1280 XLVI
629 1243 703 1293 ,37
723 1245 784 1281 τοῦ
799 1243 922 1282 αὐτοῦ.
941 1242 1121 1294 Scripsi:
1142 1247 1157 1265 ⁰

106 1300 352 1350 ἀπικνέονταις
365 1301 478 1341 codd.
496 1301 730 1355 ἀφικνέονται,
751 1326 801 1332 -
818 1301 835 1325 b
848 1301 1024 1355 ψευδέων,
1042 1303 1155 1341 codd.

105 1361 331 1414 speuSssvoe-
275 1365 363 1391 —e
382 1362 503 1400 ἐπαινε
494 1360 605 1410 ὀυ;σι
622 1362 718 1400 libri
745 1361 981 1403 ἐπαινέουσιν.
1003 1384 1055 1392 -
1075 1361 1091 1386 ‘¹
1111 1365 1159 1402 ὠν

106 1422 143 1460 ἔν
158 1424 249 1460 τοῖσι
263 1419 474 1469 τοιούτοισι;
495 1420 610 1461 codd.
637 1415 696 1460 ουν
717 1422 752 1461 ἐν
773 1428 846 1466 τοῖς
873 1422 1060 1467 τοιούτοις.
1078 1446 1131 1453 -
1145 1430 1159 1446 ²

105 1478 306 1524 παντελέως
320 1493 332 1528 ;
349 1480 466 1519 codd.
487 1481 706 1532 παντελῶς.)

159 1542 206 1578 οῖ’.
237 1537 365 1593 Ἀρχὴν
379 1539 472 1592 ἔχων
489 1538 639 1590 κόσμεε,
663 1539 765 1584 αὐτὸς
792 1540 828 1579 δὲ
851 1539 900 1592 μὴ
922 1540 1156 1592 μεταὸάλλεο.

47 1591 59 1651 1,
107 1598 162 1638 Οὔ
186 1597 255 1652 γὰρ
281 1598 577 1652 προσλελάὸηκάς
604 1615 639 1638 τι
667 1600 730 1639 οὔκ
751 1600 830 1651 ε’όν,
852 1599 930 1639 οὐδὲ
963 1600 1160 1652 παυόμενος

106 1656 257 1697 ἔλασσόν
277 1673 311 1696 τι
330 1659 398 1697 τῶν
427 1657 510 1712 πρὶν
532 1658 763 1709 μεταλαὸέειν
793 1658 878 1705 ἕξεις
897 1658 933 1709 b,
953 1660 983 1698 εἷ
1010 1659 1161 1711 πενόμε-

106 1720 161 1762 νος
173 1721 189 1740 ⁸
203 1715 268 1764 τὴν
285 1715 398 1770 ἀρχὴν
418 1715 648 1764 καταθήσεαι.

93 1793 103 1804 ·
163 1773 361 1827 (Stobaeus
390 1775 495 1817 flor.
515 1775 657 1823 XLVI,
678 1778 727 1815 38
747 1780 808 1816 τοῦ
831 1778 948 1817 αὐτοῦ,
975 1777 1124 1830 Scripsi
1148 1792 1156 1816 :

3 1831 7 1834 ’
54 1852 58 1855 ’
107 1837 125 1859 ⁸
141 1831 198 1872 ἱόν
229 1847 318 1873 cum
338 1834 622 1883 Valckenari03
653 1837 768 1876 codd.
792 1836 856 1876 ὤν.
880 1860 934 1868 -
961 1837 978 1861 ¹³
1000 1839 1158 1890 μεταλα-

106 1891 199 1933 6έειν
219 1892 328 1942 lietu
352 1894 469 1934 codd.
497 1895 558 1934 καὶ
584 1895 705 1936 λαὸεῒν
726 1892 829 1949 εἶχες.
859 1920 913 1928 -
938 1903 953 1921 ⁰
972 1898 1160 1950 πενόμενος

107 1965 206 1992 cnm
217 1951 500 2002 Valckenari03
517 1954 615 1993 libri
633 1955 833 2008 γενόμενος.
854 1956 931 2009 --)

158 2025 208 2052 u.
237 2011 366 2066 Ἀρχὴν
386 2012 506 2053 λαὸὼν
526 2013 577 2065 μὴ
600 2015 765 2069 ἐπαίρεο,
795 2015 904 2060 ωὑτὸς
927 2015 963 2054 δὲ
985 2016 1156 2056 διατέλεε·

106 2068 198 2109 οὕτω
220 2069 288 2123 γὰρ
308 2070 368 2110 καὶ
389 2072 601 2123 ἀποθέμενος
631 2074 694 2111 οὐκ
723 2073 987 2127 ἀπαραιρησθαί
1005 2079 1072 2112 τι”
1095 2078 1156 2114 τοῦ

107 2128 371 2181 σ’ςμνύναντόςῦ
386 2145 425 2169 σε
443 2130 686 2180 νομισθήσεαι.

149 2283 201 2314 49.
221 2274 309 2320 ΙΩιιιιε
330 2281 366 2315 in
396 2282 527 2316 caeteris
561 2285 718 2326 tanquam
745 2284 832 2316 mala
860 2284 1090 2326 reprehendis,
1120 2293 1159 2318 ea

106 2339 198 2381 prius
215 2339 287 2382 ipse
305 2348 385 2373 eave
402 2339 513 2375 facias.

148 2401 200 2432 50.
237 2397 396 2432 Homines
425 2399 568 2433 invicem
598 2403 772 2442 accusant,
802 2402 937 2444 quidam
968 2401 1159 2444 compositis

110 2458 202 2492 falsis
217 2459 425 2502 criminibus,
443 2461 591 2494 nonnulli
606 2471 685 2495 vera
700 2461 898 2495 incusantes,
944 2463 1066 2495 Contra
1082 2462 1156 2504 qui-

105 2517 184 2551 dam
197 2516 335 2552 laudant
347 2544 355 2560 ‚
373 2517 428 2552 alii
442 2527 521 2552 vera
534 2520 693 2552 testantes
704 2545 712 2559 ‚
726 2519 782 2552 alii
800 2529 915 2562 parum
929 2521 1055 2562 integra
1073 2520 1156 2553 veri-

105 2578 173 2614 tate
205 2576 438 2620 gratificantes.
483 2578 835 2612 convenientissimum
855 2580 953 2621 igitur
982 2580 1015 2612 in
1038 2580 1156 2620 hujus-

32 2653 43 2678 3
105 2636 197 2683 modi
212 2636 312 2671 rebus
333 2640 368 2671 et
385 2637 458 2671 viro
473 2638 602 2682 privato
619 2641 653 2672 et
675 2639 811 2682 principi
833 2642 900 2682 est,
921 2649 1027 2682 neque
1044 2640 1158 2673 statim

105 2695 240 2730 credere
252 2722 260 2737 ‚
274 2705 382 2740 neque
398 2698 532 2731 omnino
549 2707 615 2731 non
634 2698 767 2732 credere
778 2724 786 2740 ‚
811 2699 869 2732 sed
887 2699 985 2733 rebus
997 2699 1078 2742 ipsis
1095 2709 1156 2733 ex-

5 2743 7 2746 ’
40 2779 45 2782 -
105 2747 260 2799 ploratis,
280 2756 362 2798 quid
382 2756 425 2790 de
443 2757 484 2791 iis
502 2757 710 2792 sentiendum
731 2759 791 2800 sit,
812 2761 911 2800 atque
928 2759 1027 2792 etiam
1043 2768 1157 2792 earum

0 2844 5 2856 ‚
38 2847 41 2849 ,
105 2815 255 2866 naturam
273 2815 470 2859 perspicere.

35 2922 46 2926 Ἰ
105 2924 176 2977 ipoe
205 2941 270 2966 uon
298 2933 454 2967 immutes
475 2935 652 2977 ingenium.

146 2865 197 2908 5'1.
220 2867 342 2909 Munus
357 2877 551 2919 susceptum
570 2876 661 2911 laute
680 2877 874 2911 admInistra
887 2904 895 2919 ‚
917 2878 962 2912 ita
978 2880 1104 2919 tamen,
1119 2880 1158 2911 ut

698 2937 811 2978 Neque
843 2936 930 2970 enim
956 2937 1019 2970 isto
1046 2937 1153 2978 magi-

4 2978 9 3031 ᾗ
36 2998 53 3043 ‘3
105 2985 214 3034 ostatu
229 2991 408 3034 quidquam
423 2994 584 3035 praeterea
603 2993 663 3027 tibi
678 2994 897 3036 comparasti,
915 3003 1022 3036 neque
1037 3003 1077 3027 eo
1097 2994 1155 3028 de-

29 3066 54 3107 ἐζ

7 3139 69 3201 ἶ

36 3055 40 3059 ’
104 3038 213 3094 posito
240 3051 334 3096 prius
360 3053 463 3096 partis
493 3054 621 3088 minora
649 3055 770 3089 habere
800 3056 942 3098 poteris,
978 3055 1008 3088 si
1031 3065 1158 3098 pauper

27 3104 296 3155 &magistratu
315 3113 429 3147 abibis.

146 3174 200 3206 ⁶2.
222 3172 452 3215 magistratum
471 3173 610 3216 adeptus
626 3183 667 3208 ne
683 3175 717 3208 te
735 3175 870 3215 efferas,
890 3174 948 3207 sed
970 3174 1058 3207 idem
1079 3183 1154 3218 per-

0 3232 1 3243 ¹
46 3229 55 3271 ᾗ
103 3238 236 3264 manem
261 3243 269 3264 ι
303 3231 352 3264 sic
381 3233 469 3266 enim
502 3233 651 3276 deposito
683 3244 814 3278 quoque
846 3234 1038 3276 magistratu
1068 3234 1158 3268 nulla

22 3458 47 3481 «μ

12 3486 47 3515 ''i-⁸.

28 3624 49 3657 ί,

0 3292 1 3343 ἦ
25 3309 84 3333 4;
103 3288 198 3346 parte
214 3289 353 3333 reiquae
368 3293 401 3325 te
416 3293 584 3326 ornaverit
608 3294 758 3336 privatus
777 3293 1030 3327 existimabatis.

144 3344 199 3383 53.
227 3349 287 3384 vir
302 3351 428 3394 bonus,
449 3352 555 3395 gentis
577 3353 717 3396 alicujus
740 3356 798 3387 aut
819 3353 964 3387 civitatis
983 3353 1156 3395 imperium

104 3409 241 3451 nactus,
257 3419 322 3443 nou
334 3411 469 3454 propter
485 3411 558 3445 fisci
570 3422 669 3446 usum
685 3415 745 3447 aut
760 3422 934 3446 munerum
952 3412 1157 3455 accipiendo-

106 3471 183 3500 mm
199 3469 412 3512 pecuniaeque
437 3479 457 3503 a
477 3469 637 3506 divitibus
652 3472 887 3515 extorquendae
906 3480 1022 3513 causa,
1041 3471 1155 3504 simili-

2215 220 2264 258 15

1276 295 1480 348 (Stobaeus
1501 296 1605 337 Flm.
1636 297 1737 345 XLI,
1765 298 1814 336 36
1833 300 1892 336 τοῦ
1913 299 2032 338 αὐτοῦ.
2054 298 2204 351 Scripsi
2234 313 2243 339 :

1221 349 1521 402 Εάπαραιρῆσθαί
1540 365 1594 398 τι;
1614 351 1727 389 codd.
1749 352 1964 404 ἀφῃρησθαι.
1983 350 2271 404 -δσεμνύναν-

1219 423 1275 452 τος
1295 421 1344 446 ex
1366 408 1452 448 cod.
1472 409 1522 445 B·
1514 410 1664 459 ‚vulgo
1684 407 1923 459 σεμνύνοντος.
1942 413 2022 462 -)

1273 481 1320 506 sa.
1351 466 1454 520 Ἀνὴρ
1474 468 1600 520 ἀγαθὸς
1617 468 1727 512 ἔθνεός
1742 485 1801 508 τευ
1820 469 1843 517 ἢ
1858 469 1976 516 πόλιος
1993 470 2107 525 ἀρχὴν
2122 470 2271 524 εἰληφὼς

1219 527 1282 564 οὐκ
1302 526 1404 565 ἕνεκα
1421 530 1436 550 ⁰
1456 529 1519 566 τοῦ
1540 528 1609 564 τῶν
1631 527 1808 578 δημοσίων
1829 529 2024 582 χρημάτων
2046 527 2258 569 ἅπολαύειν”

1219 584 1280 624 καὶ
1309 589 1368 624 τοῦ
1399 584 1671 639 δωροδοκέεσθαι
1693 585 1753 625 καὶ
1784 590 1842 626 τοῦ
1870 588 1968 640 παρὰ
1995 590 2064 627 τῶν
2095 588 2270 627 πλουσίων

1217 645 1515 697 χρηματίζεσθαι,
1540 644 1630 684 ἔοικέ
1649 661 1717 699 τεῳ
1736 650 1751 669 ⁶
1775 646 1875 699 ἀνδρὶ
1896 648 2202 699 παρακαταθήκην
2223 649 2271 686 εἶ-

1217 703 1342 757 ληφότι
1367 703 1528 755 μεγάλων
1549 704 1759 757 χρημάτων.
1817 702 1961 757 ”Ωσπερ
1977 704 2045 759 γὰρ
2066 704 2128 744 καὶ
2146 707 2274 748 ἐκεῖνος

1218 764 1279 802 οὐκ
1307 763 1364 802 ἐπὶ
1384 765 1435 817 τῷ
1455 763 1666 816 κατασχέειν
1688 762 1704 787 ‘¹
1724 763 1921 816 λαμὸάνει,
1940 764 2018 803 οὐδὲ
2046 768 2167 816 κτῆμα
2186 765 2273 803 ἴδιον

1218 823 1433 870 ποιήσασθαι
1452 822 1495 862 τὰ
1521 824 1688 875 δοθέντα,
1711 825 1789 862 ἀλλ’
1812 823 1902 862 ὥστε
1923 823 2073 877 φυλάξαι
2093 823 2154 864 καὶ
2178 826 2268 864 ἀπο·

1218 883 1338 922 δοῦναι
1358 884 1433 921 σῶα
1452 884 1502 936 τῷ
1528 882 1781 936 παραθεμένῳ,
1803 883 1908 922 ἐπεὰν
1930 882 2144 931 ἀπαιτέηται
2156 913 2166 931 ,
2182 882 2274 923 οὕτω

1219 941 1255 981 δὲ
1285 941 1346 982 καὶ
1376 943 1479 981 αὖτον
1508 942 1578 995 χρὴ
1611 943 1674 981 οὐκ
1695 941 1754 981 ἐπὶ
1784 942 1923 995 κέρδεσι
1944 941 2107 990 οἰκηιοισι
2133 948 2172 992 ⁶,
2195 944 2274 982 ἀλλ’

1217 1002 1275 1042 ἐπὶ
1300 1001 1459 1056 σωτηρίῃ
1481 1000 1542 1040 καὶ
1576 1003 1714 1054 φυλακῇ
1743 1001 1859 1040 πάντα
1879 1002 2049 1054 πρήσσειν
2069 1019 2137 1041 των
2162 1004 2274 1056 ἀρχο-

1219 1062 1357 1113 μένων,
1385 1061 1478 1101 ωστε
1499 1060 1621 1105 αὐτοὺς
1638 1060 1677 1099 τὸ
1694 1061 1726 1104 ἐς
1746 1061 1874 1100 ἑωυτὸν
1895 1065 2000 1109 ἧκον,
2027 1063 2165 1107 ἀσινέας
2182 1061 2274 1101 ’καὶ

1217 1120 1441 1169 εὗθηνέοντας
1461 1121 1649 1160 ἀποδοῦναι
1667 1136 1715 1173 τῳ
1731 1120 2086 1159 καταπεπιστευκότι.

1277 1181 1479 1234 (Stobaeus
1510 1180 1613 1218 Flor.
1635 1179 1770 1228 XLVI,
1794 1185 1843 1224 40
1865 1181 1926 1219 τοῦ
1951 1181 2072 1221 αὐτοῦ.
2094 1180 2243 1232 Scripsi
2263 1194 2272 1218 :

1221 1245 1236 1264 ⁸
1253 1242 1316 1280 οὐκ
1337 1240 1460 1289 ἕνεκα;
1482 1240 1577 1279 libri
1596 1241 1666 1292 οὐχ
1680 1238 1782 1278 ἕνεκα
1802 1239 1864 1277 vel
1885 1240 1952 1292 οὐχ
1975 1239 2079 1279 ἕνεκά
2096 1256 2150 1290 γε.
2175 1263 2230 1269 -·
2257 1238 2275 1262 ¹³

1220 1305 1279 1340 τοῦ
1310 1303 1379 1340 τῶν
1413 1301 1592 1351 δημοσίων
1624 1298 1819 1352 χρημάτων
1849 1298 2039 1338 ἀπολαύειν
2063 1313 2112 1338 ex
2137 1299 2276 1338 Orellii

1221 1360 1474 1413 conjectura3
1502 1360 1617 1400 codd.
1647 1361 1717 1397 τῶν
1738 1358 1917 1409 δημοσίων
1948 1359 2155 1412 χρημάτων.
2178 1381 2232 1388 -
2261 1362 2276 1381 ⁰

1221 1417 1314 1458 ἔοικέ
1336 1435 1425 1473 τεῳ;
1441 1419 1553 1458 codd.
1586 1418 1677 1457 ἔοικε
1700 1420 1762 1470 τῷ.
1790 1438 1843 1447 -
1871 1416 1888 1441 ‘¹
1907 1417 2136 1470 κατασχέειν;
2158 1417 2272 1457 codd.

1221 1479 1430 1531 κατασχεῖν.
1464 1500 1518 1508 -
1553 1481 1567 1500 ⁰
1586 1475 1725 1530 κέρδεσι
1749 1474 1939 1526 οἷκηΐοισις
1971 1478 2086 1518 codd.
2118 1478 2274 1532 κέρδεσιν

1221 1538 1376 1582 οἰκείοις.
1403 1562 1456 1568 —
1484 1537 1496 1561 ¹
1525 1535 1664 1580 ἀσινέας
1687 1550 1774 1574 cum
1804 1536 1998 1574 Schaefero
2026 1536 2155 1578 Melet.
2187 1538 2274 1578 crit.

1222 1612 1261 1650 p.
1284 1600 1360 1648 69;
1384 1596 1620 1636 membranae
1641 1595 1854 1639 ἀσινέοντας.
1869 1595 1939 1649 -)

1276 1671 1326 1697 54.
1358 1655 1461 1708 Ἀνὴρ
1480 1654 1707 1698 ἀνυποίστους
1724 1652 1785 1692 καὶ
1808 1654 1930 1707 ἀγρίας
1949 1653 2011 1693 καὶ
2029 1654 2200 1707 ἀμέτρους
2219 1658 2275 1704 ζη·

1221 1716 1308 1755 τέων
1323 1714 1386 1759 τὰς
1404 1715 1575 1768 τιμωρίας
1589 1746 1600 1766 ,
1621 1713 1683 1753 καὶ
1704 1717 1785 1766 τῇσι
1805 1718 1820 1736 ‘¹
1834 1714 1925 1752 κατὰ
1946 1713 2050 1764 νόμον
2070 1715 2132 1752 οὔκ
2153 1714 2274 1766 ἀρκεό-

1224 1792 1346 1829 μενος,
1386 1777 1487 1828 θυμῷ
1526 1774 1643 1827 ἀλόγῳ
1679 1772 1905 1826 ξυγχωρέων,
1934 1773 1995 1811 καὶ
2025 1772 2237 1824 γυναικηΐως
2259 1772 2276 1797 ¹³

1223 1835 1559 1889 ἔμπικραινόμενος,
1592 1836 1656 1873 οὐκ
1676 1833 1878 1871 αἰσθάνεται
1898 1832 1962 1877 ἔξω
1982 1835 2044 1879 τῆς
2064 1832 2162 1881 δίκης
2186 1833 2219 1875 ἐς
2237 1832 2275 1871 τὸ

1220 1896 1383 1948 ὁμογενὲς
1411 1893 1610 1947 ἐξυὸρίζων.
1671 1892 1819 1944 Ἀγνοέει
1848 1897 1862 1915 ‘⁵
1889 1891 1924 1930 δὲ
1952 1891 1991 1931 τὸ
2021 1892 2185 1943 μέγιστον
2214 1891 2276 1930 καὶ

1220 1955 1326 2008 τόπερ
1346 1953 1452 2008 ᾱχρὴ
1468 1952 1596 1993 εἰδέναι
1614 1952 1730 1991 πάντα
1747 1952 1806 1991 τὸν
1824 1952 1996 2003 μέλλοντα
2015 1952 2196 2005 ἀνθρώπου
2213 1969 2277 1993 κα-

1221 2015 1404 2054 ταδικᾶν(Ξ
1410 2043 1420 2061 ,
1441 2014 1493 2052 ὅτι
1511 2012 1571 2052 καὶ
1592 2015 1609 2051 ὁ
1633 2012 1777 2057 θάνατος
1798 2011 1899 2055 αὐτὸς
1919 2009 2016 2063 παρὰ
2041 2014 2109 2050 τῶν
2130 2012 2277 2063 πρώτως

1223 2074 1486 2114 δικαιωσάντων
1506 2074 1567 2112 οὒκ
1593 2073 1640 2117 ὥς
1668 2089 1702 2112 τ·
1725 2072 1737 2096 ¹
1755 2071 1864 2112 κακὸν
1897 2070 2111 2123 ἐπετιμήθη,
2132 2072 2210 2110 ἀλλ’
2229 2073 2276 2115 ἇς

1222 2132 1372 2187 ἔσχατον
1391 2134 1452 2172 καὶ
1479 2134 1514 2172 ἐν
1536 2132 1725 2187 φαρμάκου
1745 2131 1840 2185 λόγῳ
1859 2131 1951 2170 κατὰ
1970 2133 2039 2170 τῶν
2062 2132 2099 2170 οὐ
2120 2130 2274 2182 δυναμέ-

1218 2285 1369 2318 tudinem
1387 2285 1553 2326 quandam
1570 2284 1653 2326 gerit
1671 2283 1880 2326 speciemque
1895 2283 2036 2315 hominis
2048 2308 2057 2323 ‚
2074 2283 2161 2325 apud
2175 2291 2275 2325 quem

1220 2344 1352 2386 grandis
1373 2344 1513 2386 pecunia
1530 2343 1678 2386 deposita
1694 2344 1756 2376 est.
1801 2342 2087 2380 Quemadmodum
2104 2342 2191 2374 enim
2206 2341 2272 2383 hic,

1219 2403 1308 2444 quod
1328 2404 1438 2444 datur,
1457 2413 1523 2436 non
1542 2402 1705 2436 retinendi
1724 2403 1782 2435 aut
1801 2402 1866 2435 sibi
1889 2401 2075 2435 vindicandi
2091 2401 2195 2442 gratia
2213 2411 2273 2435 su·-

1218 2464 1298 2504 mit,
1318 2463 1376 2496 sed
1396 2465 1434 2495 ut
1450 2462 1616 2495 custodiat
1634 2464 1668 2495 et
1684 2461 1848 2504 integrum
1866 2461 1982 2494 reddat
1999 2460 2028 2493 ei
2041 2460 2098 2502 qui
2109 2460 2271 2502 deposuit,

1217 2522 1392 2564 postquam
1425 2520 1615 2563 repetiverit
1647 2534 1654 2553 :
1681 2520 1729 2553 sie
1760 2520 1941 2562 principem
1979 2528 2111 2561 quoque
2142 2524 2206 2551 non
2230 2519 2272 2551 ad

1217 2580 1438 2614 domesticam
1458 2580 1637 2613 utilitatem
1650 2605 1658 2620 ,
1685 2579 1744 2612 sed
1761 2579 1804 2612 ad
1826 2579 1949 2612 civium
1966 2579 2107 2612 salutem
2126 2588 2165 2611 ac
2185 2580 2271 2614 tute-

1216 2641 1284 2673 lam
1306 2640 1417 2674 omnia
1434 2649 1510 2682 quae
1533 2639 1610 2672 facit
1628 2639 1751 2672 reterre
1769 2640 1901 2682 oportet
1913 2664 1921 2679 ,
1947 2639 1994 2671 ita
2016 2640 2054 2671 ut
2070 2647 2146 2679 e0S‚
2166 2647 2271 2680 quan—

1217 2700 1290 2732 tum
1307 2699 1340 2731 in
1359 2699 1431 2741 ipso
1449 2698 1550 2731 situm
1576 2698 1635 2739 sit,
1653 2698 1834 2731 incolumes
1849 2700 1883 2731 et
1898 2697 2050 2731 felicitate
2067 2697 2221 2730 florentes
2241 2700 2274 2731 et

1217 2759 1274 2802 qui
1295 2758 1434 2791 eredidit
1452 2759 1616 2791 restituat.

1258 2822 1309 2852 54.
1337 2818 1495 2860 Quisquis
1524 2817 1760 2858 intolerabiles,
1795 2817 1945 2851 crudeles
1973 2818 2007 2850 et
2036 2817 2270 2850 immoderatas

1216 2888 1329 2922 poenas
1348 2878 1511 2921 exquirit,
1530 2878 1684 2920 legitimis
1703 2886 1768 2910 non
1782 2880 1956 2911 contentus
1978 2887 2017 2910 ac
2033 2877 2184 2910 belluinae
2203 2877 2267 2910 ira-

1217 2938 1346 2971 cundiae
1374 2939 1485 2971 locum
1515 2938 1620 2979 dans,
1645 2939 1680 2971 et
1705 2936 1910 2970 muliebriter
1938 2936 2152 2969 exacerbatus
2174 2949 2182 2969 :
2205 2945 2269 2968 non

1216 2997 1380 3039 intelligit,
1404 3005 1440 3029 se
1462 2999 1576 3030 contra
1607 2996 1662 3038 jus
1690 2996 1803 3038 sasque
1831 2996 1863 3029 in
1889 2998 2044 3038 cognatos
2071 2995 2265 3037 injuriosum

1217 3064 1300 3089 esse.
1344 3056 1477 3096 Ignorat
1494 3057 1606 3088 autem
1627 3055 1718 3097 quod
1732 3055 1917 3087 maximum
1935 3055 1985 3087 est
1999 3056 2033 3087 et
2053 3053 2143 3096 quod
2155 3058 2268 3094 quem-

1216 3116 1267 3149 vis
1287 3123 1362 3148 reos
1380 3115 1672 3148 condemnaturum
1689 3115 1772 3148 scire
1796 3115 1946 3156 oportet,
1969 3117 2109 3146 mortem
2129 3114 2234 3155 ipsam
2250 3123 2269 3146 a

1215 3175 1329 3218 primis
1351 3175 1586 3208 maleficiorum
1619 3175 1824 3217 punitoribus
1852 3183 1917 3206 non
1953 3176 2111 3215 tanquam
2143 3172 2266 3206 malum

1216 3235 1349 3277 aliquod
1368 3235 1517 3268 sontibus
1536 3235 1663 3267 illatum
1681 3243 1772 3274 esse,
1793 3234 1849 3267 sed
1877 3234 1915 3267 ut
1932 3233 2084 3266 ultimum
2104 3232 2206 3267 telum
2234 3234 2267 3264 et

1217 3294 1353 3328 remedii
1376 3294 1449 3328 loeo
1467 3295 1508 3327 ad
1526 3303 1640 3327 eorum
1665 3295 1816 3327 naturam
1835 3294 2065 3335 comparatum
2083 3295 2155 3324 esse
2173 3291 2230 3332 qui
2246 3300 2266 3322 a

1215 3352 1342 3385 malitia
1355 3353 1486 3386 liberari
1502 3353 1687 3395 nequeunt,
1707 3354 1745 3385 ut
1760 3351 1823 3384 hoc
1840 3351 1956 3384 saltem
1976 3350 2073 3383 modo
2085 3375 2092 3385 .
2111 3348 2264 3390 quoniam

1219 3412 1312 3445 aliter
1342 3412 1412 3445 fieri
1437 3421 1502 3445 non
1522 3412 1669 3455 poterat,
1697 3413 1770 3444 tum
1793 3411 1924 3446 liberau
1952 3409 2085 3443 malisioe
2116 3408 2262 3446 vinculo,

1218 3472 1324 3514 ipsam
1342 3471 1534 3514 effugerent.
