2528 3788
209 210 269 252 9⁶2
1156 211 1415 255 SPEUSIPPI

267 312 336 340 196.
361 298 467 338 Ἀλλὰ
484 297 552 348 μὴν
576 298 629 335 ὅτι
642 296 703 335 καὶ
723 301 744 345 ἡ
762 298 856 345 λύπη
871 297 976 338 κακόν
990 328 1000 348 ,
1019 291 1250 352 ὁμολογεῖται,

211 358 270 397 καὶ
292 357 448 411 φευκτόν·
472 360 493 402 ἡ
521 355 582 405 μὲν
616 355 684 407 γὰρ
711 356 831 400 ἁπλῶς
858 357 966 396 κακόν
983 387 994 407 ,
1018 361 1040 406 ἡ
1074 358 1111 398 δὲ
1129 362 1179 413 τῷ
1199 358 1249 407 τὴ

212 415 452 466 ἐμποδιστική.
470 416 531 467 Τῷ
548 413 584 452 δὲ
606 416 744 470 φευκτῷ
761 414 801 454 τὸ
822 415 972 455 ἐναντίον
994 411 1020 469 ᾗ
1041 418 1189 471 φευκτόν
1211 433 1250 458 τε

211 475 270 513 καὶ
295 474 422 522 κακόν,
447 472 590 526 ἀγαθόν.
613 473 763 525 Ἀνάγκη
794 468 853 514 οῧν
876 474 940 523 τὴν
960 476 1091 524 ἡδονὴν
1125 477 1251 528 ἀγαθόν

210 549 243 572 τι
264 526 364 572 εἶναι.
384 532 451 577 Ὧς
470 532 536 585 γὰρ
573 531 803 577 Σπεύσιππος
821 532 940 583 ἔλυεν,
959 535 997 574 οὐ
1029 534 1216 586 συμὸαίνει
1230 538 1252 583 ἡ

210 592 319 637 λύσις·
339 591 459 644 ὥσπερ
479 591 518 630 τὸ
538 593 654 643 μεῖζον
679 593 728 642 τῷ
751 591 908 630 ἐλάττονι
924 592 984 631 καὶ
1001 595 1051 646 τῷ
1065 592 1132 647 ἴσῳ
1154 595 1252 633 ἐναν-

209 650 294 689 τίον*
335 652 373 690 οὗ
402 650 470 703 γὰρ
490 649 531 689 ἂν
560 650 646 702 φαίη
673 649 759 703 ὅπερ
789 650 895 689 κακόν
915 667 948 689 τι
985 645 1073 690 εἶναι
1091 652 1254 705 τὴνρἡδο·

209 709 286 757 νήν.

265 769 511 818 (Aristoteles
543 768 665 808 Ethic.
703 769 928 808 Nicomach.
950 768 1023 807 lib.
1058 768 1130 807 Vll
1165 784 1248 822 cap.

215 833 259 872 14
288 840 375 878 pag.
408 825 524 866 1153.
549 827 593 865 B.
615 827 675 865 ed.
707 828 867 867 Bekker.
900 826 960 867 Cf.
986 828 1148 870 Eudem.
1177 829 1250 877 Vl,

216 886 274 922 13.
294 884 533 936 Speusippus
554 885 627 933 ait,
648 887 884 937 voluptatem
902 915 912 934 ‚
945 889 1016 925 etsi
1033 887 1250 938 oppositam

211 944 340 982 dolori
360 945 428 995 qui
445 945 495 983 sit
517 945 677 993 malum,
706 946 793 983 ideo
816 954 941 984 tamen
963 959 1042 984 non
1068 959 1151 985 esse
1172 946 1252 985 bo-

212 1016 327 1050 num3
350 1016 437 1041 nam
459 1004 560 1041 sicut
579 1005 756 1055 voluptas
781 1013 818 1041 et
838 1005 950 1042 dolor
975 1005 1156 1056 opposita
1175 1006 1252 1043 sint

212 1061 330 1109 bono,
354 1062 408 1100 ita
435 1071 472 1099 et
502 1063 626 1110 majus
654 1071 692 1101 et
725 1064 854 1101 minus
879 1063 1060 1114 opposita
1092 1076 1171 1102 esse
1198 1077 1252 1101 ae-

211 1120 317 1170 quali
338 1134 346 1157 :
375 1133 453 1158 non
492 1129 619 1159 tamen
657 1121 782 1171 majus
796 1149 807 1168 ,
848 1121 1071 1172 oppositum
1109 1121 1252 1159 minori

211 1178 316 1229 quod
334 1180 384 1217 sit
399 1179 610 1229 inaequale,
630 1193 702 1228 per
722 1180 850 1228 sejam
865 1179 1012 1229 aequale
1027 1177 1126 1217 fieri.
1146 1178 1253 1216 Hanc

212 1238 444 1275 solutionem
460 1237 685 1276 Aristoteles
705 1251 783 1275 non
799 1238 980 1287 admittit,
1003 1237 1095 1287 quia
1113 1249 1249 1287 seque-

213 1304 333 1343 retur,
357 1297 593 1346 voluptatem
614 1308 695 1334 esse
725 1296 880 1342 malum,
914 1308 1033 1345 quum
1067 1295 1248 1345 voluptas

214 1365 251 1394 et
266 1356 378 1395 dolor
397 1355 502 1393 bono
518 1355 595 1393 sint
611 1355 803 1406 opposita.
822 1354 885 1391 Sic
904 1353 1087 1404 Aspasius
1103 1360 1140 1390 et
1159 1353 1254 1391 alter

212 1415 403 1465 interpres
422 1426 566 1463 graecus
587 1414 714 1451 locum
737 1419 981 1462 acceperunt.
1006 1411 1090 1449 Huc
1108 1412 1255 1449 accedit

211 1471 330 1510 Gellii
350 1472 578 1519 auctoritas,
601 1471 669 1521 qui
688 1470 797 1509 Noct.
820 1470 939 1510 Attio.
955 1468 1022 1516 IX,
1045 1469 1066 1506 5
1091 1469 1145 1506 ita
1164 1471 1254 1508 scri—

210 1529 270 1567 bit
288 1547 303 1564 «
320 1529 566 1580 Speusippus
594 1538 783 1579 vetusque
801 1529 930 1567 omnis
953 1528 1162 1566 Academia
1180 1543 1252 1567 vo-

210 1588 392 1638 luptatem
421 1596 459 1625 et
478 1587 652 1625 dolorem
682 1589 760 1626 duo
785 1588 885 1625 mala
913 1599 996 1625 esse
1016 1586 1151 1624 dicunt
1179 1601 1252 1638 op-

211 1646 338 1696 posita
373 1648 473 1684 inter
509 1659 612 1696 sese,
651 1645 796 1684 bonum
841 1654 968 1683 tamen
1003 1658 1087 1683 esse
1147 1647 1251 1696 quod

210 1705 412 1755 utriusque
427 1705 595 1743 medium
616 1704 726 1742 foret.
753 1722 770 1739 »
793 1704 870 1744 Ubi
892 1712 1052 1755 apparet
1070 1704 1251 1755 volupta-

212 1768 288 1803 tem
324 1763 488 1800 hilarem
537 1763 658 1800 animi
703 1763 958 1814 corporisque
1007 1761 1248 1800 affectionem

213 1822 424 1872 appellari,
444 1830 577 1859 contra
605 1821 779 1859 dolorem
801 1821 1006 1870 utriusque
1036 1822 1248 1858 cruciatum

212 1880 401 1929 intelligi,
422 1892 588 1929 quorum
609 1880 776 1917 medium
799 1888 965 1917 statuunt
987 1880 1135 1916 firmam
1157 1893 1249 1916 cor—

212 1938 321 1989 poris
342 1937 686 1986 constitutionem,
715 1950 829 1987 quam
860 1936 1033 1974 Galenus
1062 1936 1134 1974 lib.
1164 1939 1182 1974 I
1202 1938 1248 1974 de

215 1996 335 2035 morb.
357 2009 467 2045 cogn.
495 1997 697 2033 sanitatem
720 1996 869 2033 definit.
893 1996 1081 2034 Caeterum
1101 1995 1144 2032 in
1159 2008 1251 2032 ver>-

211 2055 273 2093 bis
306 2055 546 2092 Aristoteleis
576 2053 661 2105 φαίη
683 2067 761 2090 non
784 2055 948 2090 refertur
982 2053 1028 2089 ad
1063 2052 1252 2103 Speusip-

211 2128 326 2166 pum,
359 2113 425 2151 sed
454 2126 539 2151 cum
568 2111 848 2163 interpretibus
879 2112 1012 2160 graecis
1042 2110 1250 2149 subaudito

212 2172 443 2224 pronomine
461 2187 511 2214 τις
527 2170 798 2222 explicandum
819 2171 915 2220 est.)

266 2245 330 2270 197.
352 2229 580 2273 Σπεύσιππος
598 2229 634 2266 δὲ
666 2229 726 2266 καὶ
745 2228 895 2272 ,πλείους
931 2227 1054 2271 οὐσίας
1091 2227 1160 2265 ἀπὸ
1187 2231 1246 2266 τόδ

211 2290 282 2333 ἑνὸς
302 2289 500 2340 ἀρξάμενος,
518 2288 577 2326 καὶ
598 2289 708 2340 ἀρχὰς
723 2287 871 2334 ἑκάστης
892 2286 1031 2333 οὐσίας,
1051 2286 1160 2333 ἄλλην
1186 2287 1248 2337 μὲν

214 2351 388 2402 ἀριθμῶν,
410 2348 518 2395 ἄλλην
547 2346 582 2384 δὲ
603 2350 776 2398 μεγεθῶν,
800 2346 920 2384 ἔπειτα
943 2348 1071 2398 ψυχῆς·
1092 2345 1151 2383 καὶ
1169 2349 1251 2383 τοῦ-

213 2423 271 2446 τον
288 2408 329 2453 δὴ
349 2406 406 2444 τὸν
427 2405 554 2458 τρόπον
576 2404 762 2442 ἐπεκτείνει
779 2404 838 2448 τὰς
854 2403 982 2447 οὓσίας.

266 2465 513 2515 (Aristoteles
539 2463 706 2514 Metaph.
728 2463 795 2511 Vl,
819 2477 840 2500 2
862 2476 950 2514 pag.
976 2463 1089 2500 1028.
1120 2462 1162 2498 B.
1186 2462 1249 2502 ed.

217 2523 373 2560 Bekker.
392 2521 549 2559 Constat
570 2521 769 2558 Platonem
790 2533 943 2557 omnem
966 2533 1095 2557 rerum
1118 2519 1251 2557 varie—

216 2590 331 2619 tatem
354 2581 396 2618 in
425 2581 497 2617 tria
516 2592 658 2629 genera
677 2579 906 2628 digessisse,
943 2592 1110 2629 quorum
1130 2592 1249 2616 unum

217 2639 322 2676 ideas
335 2667 345 2685 ,
368 2638 472 2675 aliud
505 2638 647 2674 formas
668 2638 919 2686 geometricas
938 2650 1027 2674 cum
1053 2638 1250 2685 numeris,

219 2697 376 2734 tertium
415 2708 475 2733 res
512 2694 689 2732 sensibus
730 2694 923 2745 subjectas
966 2696 1248 2746 complectitur.

216 2755 306 2792 Haec
324 2755 378 2800 ita
401 2753 556 2792 videtur
576 2754 728 2791 auxisse
748 2754 1009 2804 Speusippus,
1033 2762 1074 2791 ut
1091 2767 1176 2804 quae
1198 2754 1253 2791 ei-

257 2911 326 2940 196.
341 2907 514 2940 Enimvero
532 2907 619 2939 'mter
640 2915 753 2938 omnes
770 2907 899 2938 constat
921 2906 1043 2938 malum
1070 2916 1142 2940 esse
1161 2907 1257 2940 dolo-

213 2975 283 3000 rem
302 2975 340 2998 ac
354 2965 545 3008 fugiendum
564 2979 572 2998 ι
599 2964 682 2996 alius
698 2964 783 2997 enim
803 2964 934 2997 omnino
951 2966 1072 2998 malum
1094 2968 1156 3007 est,
1172 2966 1256 2998 alius

213 3036 253 3060 eo
266 3025 355 3068 quod
365 3024 606 3066 quodammodo
623 3023 863 3065 ,impedimento
881 3025 942 3056 est.
989 3024 1047 3056 Rei
1063 3025 1175 3057 autem
1197 3025 1253 3056 su-

214 3084 358 3126 giendae‚
379 3085 539 3124 quatenus
563 3081 716 3124 fugienda
737 3082 773 3113 et
787 3081 874 3113 mala
888 3083 940 3114 est
953 3106 961 3122 ‚
989 3083 1188 3115 contrarium
1203 3085 1254 3115 est

213 3144 346 3176 bonum.
390 3140 580 3174 Necessario
596 3140 696 3180 igitur
711 3140 832 3173 bonum
845 3139 1011 3180 quoddam
1027 3142 1078 3172 est
1088 3141 1251 3182 voluptas.

214 3205 326 3244 Neque
352 3200 439 3234 enim
466 3209 505 3233 ea
524 3208 589 3242 qua
605 3200 758 3232 utebatur
782 3199 994 3240 Speusippus,
1026 3199 1143 3231 solutio
1169 3209 1248 3240 qua-

214 3262 287 3294 drat
312 3258 614 3301 :quemadmodum
640 3258 747 3299 majus
768 3257 886 3289 minori
919 3259 951 3290 et
978 3257 1097 3299 aequali
1120 3260 1250 3290 contra-

214 3320 299 3352 rium
316 3321 378 3359 est,
394 3318 441 3351 sie
458 3317 617 3359 voluptati
637 3316 702 3348 duo
720 3325 795 3348 esse
816 3316 994 3356 contraria,
1013 3318 1048 3349 et
1061 3316 1205 3348 dolorem
1219 3318 1252 3349 et

215 3378 248 3410 id
272 3377 360 3420 quod
381 3376 526 3409 medium
550 3377 622 3416 est3
652 3384 717 3407 non
736 3374 823 3407 enim
838 3375 1011 3415 quisquam
1028 3375 1144 3407 dixerit
1162 3376 1251 3408 volu-

216 3438 337 3478 ptatem
356 3436 442 3468 idem
461 3443 533 3467 esse
547 3433 637 3475 quod
653 3433 787 3475 aliquod
805 3432 943 3467 malum.

1313 303 1399 341 dem
1422 305 1556 354 generi
1575 305 1732 343 subesse
1753 304 1928 343 voluerat
1944 304 2070 352 Plato,
2089 308 2193 347 velut
2211 309 2352 350 formas

1313 363 1564 411 geometricas
1584 377 1671 402 cum
1693 362 1888 414 numeris,
1919 376 1965 402 ea
1988 377 2067 403 non
2085 366 2210 406 solum
2237 368 2351 408 aliter

1314 420 1441 460 divisa
1468 422 1583 460 novis
1619 421 1826 472 generibus
1856 421 2070 462 illustraret
2100 433 2138 463 et
2167 425 2347 477 partibus

1313 479 1580 531 distribueret,
1629 481 1695 518 sed
1731 494 1843 518 suum
1885 482 2025 532 cuique
2064 485 2195 532 generi
2231 485 2347 524 etiam

1313 537 1551 589 principium
1579 548 1773 578 statueret.
1795 539 1858 576 Sic
1878 539 1981 577 enim
2002 541 2120 589 graeci
2138 541 2349 593 explicato-

1315 608 1377 634 res
1413 596 1630 635 Aristotelis
1660 598 1788 635 locum
1829 598 2121 647 intellexerunt,
2154 612 2178 638 e
2209 599 2353 651 quibus

1316 654 1533 693 Alexander
1552 655 1868 707 Aphrodisiensis
1892 668 1982 707 pag.
2016 657 2091 700 428
2118 657 2180 697 ed.
2202 657 2350 699 Bonitz.

1314 712 1368 750 ait
1387 726 1396 750 :
1418 711 1645 757 Σπεύσιππος
1664 713 1700 751 δὲ
1720 715 1739 752 ὁ
1754 713 1877 753 τούτου
1896 714 2052 765 μαθητὴς
2077 713 2137 752 καὶ
2154 713 2266 754 πλείω
2283 717 2353 754 τῶν

1315 772 1419 821 τριῶν
1440 770 1554 823 ἔλεγεν
1571 764 1659 810 εἶναι
1671 771 1734 816 τὰς
1753 773 1871 817 οὐσίας
1887 773 1949 816 τὰς
1963 773 2090 819 νοητάς
2102 802 2112 821 ,
2132 772 2274 826 πρώτην
2289 773 2352 824 μὲν

1313 829 1352 865 το
1369 827 1489 867 αὖτοέν
1502 858 1513 877 ,
1535 830 1644 877 ἄλλην
1672 830 1708 869 δὲ
1727 831 1788 878 τὴν
1809 833 1877 870 τῶν
1902 834 2058 884 ἀριθμῶν
2077 831 2190 884 ἀρχήν
2204 862 2216 884 ,
2243 832 2353 882 ἄλλην

1313 888 1376 934 τὴν
1392 890 1461 928 τῶν
1482 890 1649 941 μεγεθῶν,
1669 890 1729 928 καὶ
1746 890 1856 937 ἄλλην
1870 889 1933 937 τὴν
1946 893 2007 937 τῆς
2027 892 2153 943 ψυχῆς·
2168 890 2228 928 καὶ
2246 889 2355 936 οὕτως

1315 946 1502 985 ἐπεκτείνει
1526 948 1572 991 εἷς
1602 949 1733 995 πλῆθος
1752 947 1796 986 τὰ
1813 947 1896 999 γένη
1920 950 1988 986 τῶν
2009 951 2148 988 οὐσιῶν.
2183 948 2227 987 ln
2260 962 2354 988 ean-

1313 1005 1398 1044 dem
1434 1007 1662 1044 sententiam
1692 1007 1894 1058 Asclepius
1928 1006 2071 1047 Scholl.
2104 1007 2223 1046 Arist.
2261 1021 2350 1060 pag.

1316 1068 1403 1109 740.
1423 1076 1457 1101 a.
1480 1064 1541 1102 ed.
1564 1065 1729 1103 Brandis
1751 1064 1878 1112 ὁμοίως
1892 1064 1928 1102 δὲ
1948 1063 2007 1102 καὶ
2026 1063 2150 1118 οἱπερὶ
2171 1064 2352 1105 Σπεύσιπ-

1313 1136 1377 1159 πον
1402 1123 1462 1161 καὶ
1492 1122 1710 1174 Ξενοκράτη.
1740 1123 1809 1161 Καὶ
1834 1127 1852 1162 ὃ
1878 1123 1942 1173 μὲν
1970 1122 2352 1173 Σπεύσιπποςπολλὰς

1315 1178 1428 1231 ἔλεγεν
1452 1174 1539 1217 εἶναι
1559 1181 1693 1224 οὐσίας·
1717 1180 1827 1227 ἄλλην
1855 1180 1922 1233 γὰρ
1942 1179 2059 1232 ἔλεγεν
2087 1174 2176 1219 εἶναι
2201 1184 2354 1232 μεγεθῶν

1313 1237 1373 1276 καὶ
1395 1237 1503 1284 ἄλλην
1533 1240 1689 1289 ἀριθμῶν
1714 1238 1775 1276 καὶ
1796 1238 1853 1276 ἐπὶ
1872 1238 2013 1277 πάντων
2032 1240 2101 1276 τῶν
2121 1237 2272 1288 ὁμοίων,
2292 1237 2353 1277 καὶ

1312 1294 1416 1333 πάλιν
1431 1295 1540 1343 ἄλλην
1562 1295 1678 1334 οὐσίαν
1695 1299 1752 1334 νοῦ
1766 1325 1777 1345 ,
1797 1296 1856 1334 καὶ
1880 1296 1989 1344 ἄλλην
2011 1297 2138 1349 ψυχῆς,
2159 1295 2220 1335 καὶ
2239 1295 2353 1346 ἄλλην

1313 1353 1479 1404 σημείου,
1498 1354 1556 1391 καὶ
1578 1353 1688 1401 ἄλλην
1709 1358 1891 1407 γραμμῆς,
1917 1354 1975 1392 καὶ
1994 1353 2105 1402 ἄλλην
2122 1354 2354 1408 ἐπιφανείας.)

1368 1425 1433 1451 198.
1451 1411 1560 1450 “Oa-oz
1578 1411 1614 1450 δὲ
1633 1411 1943 1463 ὑπολαμὸάνουσιν
1956 1441 1967 1460 ,
1983 1411 2103 1464 ὥσπερ
2131 1415 2163 1452 οἱ
2186 1413 2350 1466 Πυθαγό-

1314 1487 1395 1522 ρειοι
1422 1472 1482 1509 καὶ
1515 1471 1758 1519 Σπεύσιππος,
1777 1471 1817 1509 τὸ
1845 1472 2030 1510 κάλλιστον
2059 1471 2119 1510 καὶ
2139 1472 2280 1526 ἄριστον
2301 1472 2351 1524 μὴ

1314 1532 1347 1568 ἐν
1366 1532 1458 1583 ἀρχῇ
1479 1523 1586 1576 εἶναι,
1611 1530 1665 1568 διὰ
1693 1529 1733 1568 τὸ
1756 1529 1816 1568 καὶ
1836 1532 1905 1568 τῶν
1932 1531 2047 1583 φυτῶν
2080 1529 2139 1568 καὶ
2160 1531 2229 1570 τῶν
2250 1529 2352 1584 ζῴων

1313 1587 1374 1632 τὰς
1391 1588 1499 1640 ἀρχὰς
1526 1587 1621 1626 αἴτια
1643 1587 1705 1637 μὲν
1721 1581 1809 1626 εἶναι
1822 1617 1832 1635 ,
1856 1588 1896 1627 τὸ
1916 1587 1952 1626 δὲ
1969 1586 2075 1626 καλὸν
2094 1588 2155 1627 καὶ
2170 1587 2300 1627 τέλειον
2309 1590 2352 1627 ’ἐν

1313 1647 1382 1690 τοῖς
1399 1648 1437 1684 ἐκ
1452 1646 1581 1684 τούτων
1595 1677 1605 1696 ,
1627 1647 1689 1684 οὐκ
1709 1647 1817 1697 ὀρθῶς
1835 1644 1978 1685 οἴονται.

1369 1704 1615 1755 (Aristoteles
1635 1704 1802 1755 Metaph.
1827 1703 1903 1753 XI,
1927 1719 1948 1753 7
1970 1717 2057 1756 pag.
2083 1719 2198 1753 107²·
2223 1705 2267 1746 B.
2286 1706 2348 1747 ed.

1313 1764 1474 1802 Bckker.
1512 1763 1658 1802 Docuit
1687 1763 1915 1802 Aristoteles
1945 1763 2059 1801 deum
2094 1772 2278 1802 aeternum
2313 1773 2354 1803 et

1313 1822 1503 1872 optimum
1532 1820 1649 1871 hujus
1684 1821 1951 1859 universitatis
1981 1833 2064 1859 esse
2097 1821 2349 1872 principium.

1312 1880 1398 1925 Quo
1432 1879 1560 1930 posito
1599 1888 1713 1930 atque
1750 1892 1934 1919 concesso
1979 1879 2227 1929 reprehendit
2266 1888 2349 1918 tum.

1312 1938 1587 1986 Pythagoricos
1606 1946 1687 1975 tum
1708 1938 1962 1988 Speusippum
1977 1967 1988 1985 ,
2010 1937 2119 1988 quod
2137 1937 2350 1976 bonitatem

1310 2004 1349 2032 et
1369 1995 1696 2046 pulchritudinem
1725 2008 1749 2032 a
1764 1996 1966 2046 principio
1989 2007 2119 2032 rerum
2141 2007 2348 2045 segregan-

1312 2054 1399 2092 dam
1416 2062 1448 2091 et
1477 2053 1525 2090 ad
1554 2066 1686 2090 earum
1707 2053 1822 2090 finem
1842 2045 2143 2090 transferendam
2163 2065 2243 2091 esse
2263 2053 2352 2091 exi-

1311 2111 1517 2150 stimarint.
1534 2110 1688 2161 Quippe
1705 2110 1763 2148 illi
1782 2111 1824 2148 in
1836 2110 2007 2147 fraudem
2031 2109 2254 2148 inciderunt
2273 2111 2353 2149 sin-

1314 2169 1490 2219 gularum
1510 2181 1639 2206 rerum
1660 2167 1970 2205 consideratione
1999 2167 2165 2218 decepti,
2186 2181 2348 2219 quarum

1314 2228 1425 2265 initia
1441 2240 1484 2264 ac
1506 2226 1655 2264 semina
1667 2239 1801 2264 manca
1820 2226 1977 2277 quidem
1998 2234 2113 2276 atque
2126 2226 2350 2277 imperfecta

1315 2295 1419 2331 sunt,
1433 2284 1500 2323 sed
1509 2285 1718 2336 repetenda
1728 2294 1855 2322 tamen
1866 2297 1888 2322 e
1899 2284 2025 2323 causis
2035 2284 2349 2324 antecedentibus

1313 2345 1439 2394 iisque
1469 2343 1658 2394 perfectis.
1681 2346 1765 2392 Qua
1793 2342 1841 2380 de
1860 2355 1902 2380 re
1924 2342 1981 2380 sic
1999 2342 2154 2380 disserit
2181 2342 2350 2381 Alexan·

1313 2403 1381 2440 der
1413 2402 1726 2453 Aphrodisiensis
1746 2414 1829 2453 pag.
1861 2403 1938 2449 674
1955 2400 2017 2441 ed.
2040 2400 2175 2438 Bonitz
2198 2415 2209 2439 :
2235 2400 2350 2446 δείξας

1313 2461 1365 2499 ὅτι
1381 2463 1398 2498 ὃ
1412 2461 1483 2503 θεὸς
1496 2464 1517 2507 ἡ
1539 2459 1660 2512 πρώτη
1675 2459 1765 2513 ἀρχὴ
1784 2461 1870 2512 ζῷον
1885 2456 1997 2497 ἀΐδιον
2017 2458 2077 2497 καὶ
2091 2457 2231 2511 ἄριστόν
2245 2460 2353 2509 ἐστιν,

1314 2521 1469 2557 αἰτιᾶται
1488 2517 1566 2562 τοὺς
1582 2517 1840 2570 Πυθαγορείους
1862 2517 1923 2557 καὶ
1945 2516 2177 2556 Σπεύσιππον
2194 2517 2354 2563 εἰπόντας

1315 2578 1366 2616 ὅτι
1386 2577 1425 2616 τὸ
1443 2576 1630 2616 κάλλιστον
1651 2577 1710 2615 καὶ
1729 2575 1872 2628 ἄριστον
1887 2577 1949 2614 οὐκ
1963 2575 2055 2614 ἔστιν
2078 2577 2114 2614 ἐν
2134 2578 2253 2629 ἀρχῇ,
2273 2575 2353 2616 οὐδὲ

1316 2635 1457 2675 δυνατὸν
1478 2635 1590 2686 λέγειν
1604 2634 1667 2682 τὴν
1691 2633 1804 2686 ἀρχὴν
1829 2634 1968 2686 ἄριστον
1983 2665 1993 2684 ,
2034 2633 2123 2673 διότι
2141 2634 2183 2673 τὸ
2209 2634 2351 2687 σπέρμα

1314 2694 1374 2733 καὶ
1397 2694 1436 2732 τὸ
1454 2692 1670 2744 καταμήνιόν
1693 2692 1800 2745 ἀρχαὶ
1818 2692 1879 2743 μέν
1902 2690 1968 2731 εἶσι
1998 2693 2066 2731 τῶν
2088 2693 2187 2746 ζῴων
2210 2693 2272 2731 καὶ
2290 2694 2354 2732 οὐκ

1318 2752 1404 2793 εἰσὶν
1437 2751 1585 2804 ἄριστα,
1621 2750 1697 2790 ἀλλ’
1730 2750 1803 2789 ἔστι
1832 2751 1963 2802 μᾶλλον
1994 2749 2134 2803 ἄριστον
2161 2750 2200 2789 τὸ
2222 2752 2263 2789 ἐκ
2292 2753 2352 2789 τοῦ

1365 2909 1432 2940 197.
1453 2907 1655 2948 Speusippus
1672 2913 1752 2938 vero
1769 2904 1866 2936 etiam
1883 2903 1992 2945 plures
2010 2905 2145 2937 naturas
2160 2904 2202 2937 ab
2213 2913 2280 2937 uno
2297 2913 2353 2937 or-

1316 2976 1373 2999 sus
1397 2965 1569 2999 constituit
1578 2989 1587 3005 ,
1602 2968 1637 2997 et
1649 2963 1808 3006 principia
1824 2963 2085 3006 uniuscujusque
2099 2966 2230 2997 naturoe
2241 2988 2250 3006 ,
2264 2951 2352 2997 aliud

1314 3034 1524 3058 numerorum
1538 3050 1546 3066 ‚
1565 3023 1655 3057 aliud
1672 3021 1932 3065 magnitudinum
1942 3047 1950 3063 ,
1981 3022 2100 3056 deinde
2117 3022 2234 3065 animi3
2254 3023 2353 3064 atque

1316 3084 1379 3117 hoc
1394 3084 1526 3126 quidem
1539 3083 1637 3116 modo
1658 3081 1806 3115 extendit
1823 3084 1968 3114 naturas.
2070 3109 2071 3112 ,

1360 3147 1428 3177 198.
1463 3143 1656 3184 Quicunque
1680 3150 1759 3174 vero
1792 3140 1831 3174 ut
1855 3139 2066 3183 Pythagorici
2088 3141 2122 3173 et
2151 3139 2354 3182 Speusippus

1312 3203 1441 3243 putant,
1461 3201 1717 3244 pulcherrimum
1733 3201 1767 3232 et
1784 3199 1945 3241 optimum
1960 3208 2025 3232 non
2041 3206 2115 3232 esse
2126 3198 2161 3231 in
2179 3196 2351 3240 principio,

1313 3270 1352 3294 eo
1374 3261 1462 3302 quod
1485 3261 1671 3303 plantarum
1700 3267 1830 3300 quoque
1849 3259 1884 3291 et
1908 3257 2097 3290 animalium
2123 3257 2216 3290 initia
2243 3257 2352 3290 causae

1315 3319 1446 3360 quidem
1464 3320 1539 3353 sint.
1561 3320 1684 3353 bonum
1701 3326 1779 3351 vero
1796 3317 1829 3350 et
1843 3317 2030 3358 perfectum
2042 3316 2076 3348 in
2094 3316 2136 3349 iis
2148 3325 2223 3358 quae
2244 3324 2287 3349 ex
2299 3314 2352 3348 his

1313 3378 1387 3424 orta
1402 3379 1492 3418 sunt,
1516 3377 1707 3419 reperiatur,
1725 3384 1788 3408 non
1807 3378 1895 3408 recte
1910 3376 2037 3423 putant.
