2508 3776
142 302 164 306 ”
201 300 392 360 μείρακος
417 305 478 345 καὶ
510 308 545 346 ἐν
565 307 616 360 τῷ
635 306 756 362 χωρίῳ
781 308 1005 364 ὧρικωτέρας
1032 311 1156 350 πασῶν
1172 340 1184 360 ,

94 381 151 416 4·-
216 363 264 405 'd
278 364 346 418 μὶν
364 367 488 420 πρῶτα
508 367 744 422 ἐγκαρτερεῖν,
761 370 977 409 τελευτῶντα
994 368 1031 409 δὲ
1049 370 1187 409 ἐπιτολ-

88 410 173 446 ‘³‘
270 427 324 479 τῷ
353 425 452 480 λέχει
469 429 520 480 τῷ
539 426 638 481 ξένῳ,
660 429 719 467 και
743 429 876 480 ὁμιλειν
899 429 1004 480 αὖτῇ.
1061 430 1118 483 Τῇ
1150 428 1186 468 δὲ

82 472 177 538 ᾼᾸζζζῖ
245 486 363 526 πῢλον
382 485 444 525 καὶ
469 490 590 526 τοῦτον
604 487 723 526 καλόν.
747 488 978 540 Θεασάμενόν
1003 504 1043 540 γε
1060 488 1130 540 μὴν
1148 488 1186 528 τὸ

208 554 214 560 ’·
263 559 380 596 μενον
393 546 590 598 ἀλγῆσαι,“
571 549 752 599 ωσπεροῧν
761 547 1043 601 τυραννουμένης
1057 548 1186 601 μητρὸς

197 620 289 646 του
303 605 489 654 δεσπότου,
509 605 571 645 καὶ
592 605 798 656 ἐμπηδῆσαι
813 604 875 644 καὶ
898 606 1102 646 ἀποκτεῖναι
1125 607 1183 647 τὸν

90 665 117 708 ..²
129 655 264 720 ἄνδρα.
277 655 367 705 Εἶτα
386 663 505 716 μέντοι
524 662 585 703 καὶ
599 663 762 717 φυλάξαι,
782 665 864 704 ἔνθα
880 665 1004 719 ἐτάφη,
1025 666 1086 706 καὶ
1103 682 1184 721 φοι-

79 730 126 764 ‘¹
134 726 254 765 τὸντα
432 738 478 772 ιν,
493 721 556 762 καὶ
565 721 755 775 ἓνυὸρίζειν
765 725 816 775 τῷ
830 725 956 776 νεκρῷ,
978 724 1040 763 καὶ
1056 725 1185 776 λυμαί-

74 797 123 814 Ν
71 780 377 835 wlfinus!
383 780 548 828 ποικίλην
558 782 622 821 οὒκ
629 780 869 834 αἷσθανομένω
879 781 1055 833 ἂλγουντα
1064 783 1182 825 αυτόν.

67 849 143 894 ᾖ’*
158 838 391 895 (AElimus
414 839 464 879 de
485 839 714 878 animalium
733 847 874 878 natura
891 838 964 879 lib.
987 838 1037 878 IV
1050 854 1135 893 cap.
1159 843 1182 879 8

65 898 214 962 “pl
228 905 295 940 τοῦ
309 898 509 951 ἱπποκόμου
541 903 602 938 τοῦ
622 898 827 950 ἐρασθέντος
844 900 907 943 τῆς
916 896 1042 939 ἵππου.
1058 898 1074 952 )

8 987 10 999 ;
138 965 252 1001 ..zm
270 958 471 1011 Θαυμάσαι
487 957 589 1010 λόγον
615 956 708 1002 ἄξιόν
725 972 830 1011 φησιν
842 956 1028 1009 Εὔδημος·
1050 958 1112 997 καὶ
1130 962 1182 1013 τῷ

64 994 187 1075 fedis
185 1017 299 1072 ’ἃνδρὶ-
309 1017 400 1071 τιῖιδε
414 1019 433 1057 ὁ
446 1016 552 1069 λόγος
563 1010 699 1062 οὗτός’
683 1031 795 1057 εστιν.
853 1015 1006 1061 Νεανίας
1031 1019 1180 1070 θηρατι-

69 1079 145 1127 ᾗ-’ῑῖ
127 1090 138 1094 ”
193 1100 218 1133 3
235 1076 395 1129 συμὸιῶν
418 1081 489 1120 τοῖς
507 1090 576 1114 των
597 1074 695 1129 ζῴων
723 1075 966 1127 ἀγριωτάτοις,
986 1075 1111 1120 οἵους·
1142 1078 1182 1116 ἐκ

70 1123 221 1195 ,m
250 1135 372 1188 μέντοι
399 1135 462 1175 καὶ
493 1136 630 1189 βρεφων
663 1134 951 1185 πεπωλευμένους
984 1128 1078 1188 εἶχε,
1099 1152 1183 1176 συν-

6 1231 8 1233 ,
81 1183 322 1252 ‘sbffp‘dqweu
333 1194 410 1236 καὶ·
417 1194 598 1238 συσσίτους
611 1196 747 1240 ἑαυτοῖς
760 1194 1011 1247 γεγενημένους
1021 1194 1108 1234 κύνα
1121 1197 1182 1236 καὶ

5 1271 9 1298 ,4
58 1250 78 1274 ’ζ
97 1256 112 1274 “’
126 1255 260 1310 ἄρκτον
278 1254 340 1295 καὶ
357 1253 496 1296 λέοντα.
554 1254 630 1295 Καὶ
657 1257 770 1294 ταῦτα
808 1255 870 1306 μὲν
910 1254 1028 1309 ὀλίγου
1055 1255 1180 1309 χρόνου

42 1309 46 1314 ’
67 1318 69 1321 ’
129 1313 256 1370 ’πρὸς
273 1313 417 1362 ἄλληλα
444 1311 584 1367 εἰρήνην
606 1312 704 1366 ἄγειν
721 1311 782 1353 καὶ
801 1313 887 1368 φίλα
905 1319 1023 1354 νοεῑνο
1038 1330 1146 1368 φησιν
1163 1319 1181 1356 ὁ

99 1370 322 1425 Εΰῦημος·
342 1379 425 1424 μιας
444 1370 481 1411 δὲ
500 1374 620 1426 τυχεῖν
639 1373 778 1425 ἡμέρας
801 1373 860 1412 τὸν
887 1373 975 1412 κύνα
1005 1375 1182 1427 προσπαί-

96 1434 239 1480 ζοντα
258 1430 324 1479 τὴν
343 1431 388 1486 ἄρ
389 1445 470 1470 κτον
483 1430 544 1470 καὶ
557 1431 820 1471 ὖπαικάλλοντα
833 1431 894 1471 καὶ
916 1433 1180 1486 ἐρεσχελουντα,

63 1507 65 1511 ’
58 1444 196 1570 ἸἑῺίῥ-ἢν
225 1489 264 1530 δὲ
282 1491 346 1530 οὒκ
369 1446 551 1534 ρεῖωθότως
570 1491 841 1542 ἐκθηριωθῆναι,
868 1489 964 1528 καὶ’
948 1497 1114 1542 εμπεσεῖν
1130 1495 1180 1531 τῶ

99 1548 221 1600 stuwi,-
239 1548 303 1590 ’καὶ
320 1548 472 1603 λαφύξαι
492 1554 562 1593 τοῖς
577 1548 670 1594 ὄνυξι
685 1563 746 1587 του
763 1548 917 1587 δειλαίου
931 1548 995 1596 τὴν
1007 1550 1176 1603 γαστέρα,

57 1606 202 1654 ζὟἪὶ
210 1607 476 1649 διωσπασασθαι
495 1606 614 1648 αὐτόν.
674 1607 935 1660 Ἀγανακτῆσαι
956 1607 992 1647 δὲ
1007 1610 1059 1661 τῷ
1087 1624 1179 1660 συμ-

61 1665 232 1716 fflw‘t
248 1668 270 1707 ’ὁ
283 1666 388 1712 αὖτός
404 1680 491 1721 φησι
508 1666 567 1706 τὸν
585 1666 713 1706 λεόντα
724 1695 736 1718 ,
757 1666 819 1705 καὶ
839 1666 946 1709 οἱονεὶ
961 1682 1112 1718 μισησαι
1139 1668 1179 1708 τὸ

77 1746 87 1758 ·=
310 1730 372 1776 τῆς
387 1726 517 1781 ἄρκτου
532 1725 594 1766 καὶ
602 1725 739 1781 ἄφιλον,
750 1724 811 1765 καὶ
825 1725 884 1766 τὸν
901 1725 988 1765 κύνα
1005 1719 1062 1764 οἷα
1080 1727 1174 1765 ἑταῖ-

52 1850 277 1930 337⁸ss
247 1876 440 1922 §manibus
458 1877 586 1910 terrore
607 1874 758 1919 percussi
780 1874 840 1909 ubi
856 1874 998 1908 securim
1017 1874 1182 1908 excidisse

66 1930 248 1991 ’,ᾧρΨ
263 1935 371 1978 vidit,
401 1945 438 1971 se
462 1935 612 1978 erigens,
650 1936 691 1968 ut
716 1935 865 1978 poterat,
891 1934 988 1968 illum
1016 1934 1181 1978 palpando

67 1994 380 2050 ἶ,ιψζγίοιιιὶιοῐιιι
410 1995 590 2039 linguaque
617 1994 650 2028 ei
678 1994 798 2028 faciem
825 1993 1045 2036 abstergebat.
1073 1996 1182 2033 Quam

64 2051 363 2107 Μρωιειιι
371 2055 473 2091 homo
489 2054 636 2089 sentiens
650 2053 721 2088 suis
744 2053 847 2088 rebus
863 2053 966 2087 fidere
988 2053 1098 2096 coepit.
1115 2055 1182 2088 Leo

65 2156 69 2157 ᾖ
123 2112 217 2148 hunc
243 2113 352 2148 cauda
385 2112 596 2158 amplexatus
624 2113 785 2153 ducebat,
824 2121 932 2156 neque
962 2112 1108 2155 elapsam
1139 2121 1181 2146 ex

58 2207 62 2209 ζ
95 2205 98 2208 ⁴
105 2173 206 2223 ejus
230 2173 387 2209 manibus
419 2173 563 2208 securim
582 2173 770 2216 relinquere
790 2182 867 2207 eum
894 2171 1110 2216 patiebatur,
1123 2171 1182 2206 sed

52 2230 56 2270 s
108 2232 288 2285 pedem
307 2232 452 2285 sewfim
470 2226 653 2267 tollendam
675 2241 747 2266 esse
765 2231 988 2266 ostendebat.
1006 2240 1181 2274 quumque

105 2292 226 2327 hom
239 2298 312 2327 rem
325 2284 391 2327 non
405 2289 614 2335 intelligeret
637 2291 779 2326 securim
798 2291 850 2325 leo
864 2300 978 2325 morsu
994 2292 1181 2334 correptam

65 2342 70 2351 ι
110 2335 203 2352 t—ae--v-

8 2351 13 2379 4
62 2352 74 2362 '
95 2354 176 2391 mi
197 2345 374 2398 prebuit.
392 2355 561 2398 postremo
580 2352 679 2387 illum
702 2352 746 2387 ad
773 2352 880 2386 lustra
897 2362 980 2392 sua,
1009 2352 1068 2385 ubi
1083 2351 1180 2386 strati

10 2404 15 2436 3
51 2406 74 2428 '⁴
99 2410 120 2420 ⁸*
235 2413 406 2461 man,
625 2412 648 2446 d
703 2422 720 2447 s
783 2413 954 2446 amleoena
969 2412 1179 2446 animadver-

10 2402 279 2522 ’ἢ
293 2413 879 2518 ιῑιιόςιιιορξὲᾶῖιῗρῖοΐξοοῐζῃείιιιιιΙ
899 2472 980 2515 quid
1006 2471 1179 2506 accidisset

74 2522 254 2570 ''fflffi
268 2526 502 2577 significabat,
524 2532 626 2566 simul
650 2532 782 2566 miserae
802 2531 946 2574 speciem
970 2531 1097 2565 habens
1119 2541 1179 2565 ur-

75 2608 79 2626 ;
126 2600 200 2627 sm
225 2583 436 2636 suspiciebat.
466 2591 561 2625 Unde
581 2591 682 2625 homo
698 2591 888 2634 coniectura
907 2592 1079 2624 assecutus
1098 2599 1176 2623 sus—

64 2641 337 2697 qm,
363 2653 504 2694 gravem
534 2651 596 2684 hos
628 2651 670 2684 ab
705 2650 771 2684 ista
801 2649 957 2692 injuriam
990 2650 1174 2692 accepisse,

58 2698 280 2754 m
301 2704 434 2745 viribus
458 2710 501 2744 ad
526 2711 718 2744 caedendam
734 2710 886 2744 arborem
909 2709 1073 2743 incubuit.
1094 2711 1178 2748 Quae

53 2749 252 2817 “mi
246 2763 370 2814 itque
378 2766 546 2814 prostrata
572 2771 638 2809 est,
666 2779 778 2803 ursam
805 2769 840 2802 in
862 2770 987 2802 terram
1008 2768 1177 2812 delapsam

65 2796 456 2870 ‘'mdffinmmnt
482 2829 650 2862 hominem
675 2830 787 2862 autem
805 2828 972 2870 integrum
994 2827 1175 2860 intactum-

74 2866 260 2936 *wlco
274 2882 408 2928 reduxit
421 2886 457 2922 in
480 2888 608 2927 locum,
628 2888 687 2921 ubi
717 2887 811 2930 prius
836 2887 871 2919 in
896 2895 973 2920 eum
994 2885 1171 2926 inciderat,

64 2928 394 2992 meminerim
419 2956 521 2991 quam
544 2946 587 2980 ab
613 2946 708 2980 initio
734 2945 910 2988 caedebat,
923 2945 1018 2978 illum
1039 2943 1175 2977 inviola-

11 3003 15 3029 ῑ
70 2994 377 3051 “ffi‘nffldlt

11 3087 14 3094 4
64 3068 112 3103 ⁸1·
127 3079 137 3083 *·
231 3055 391 3111 ,ἡιηω
407 3064 579 3101 Eudemus
605 3065 653 3100 ait
672 3067 772 3100 aetate
798 3065 972 3099 florentem
990 3065 1093 3107 atque
1118 3071 1174 3096 ar-

235 3116 566 3172 pfoestantissimam,
579 3128 739 3170 tanquam
751 3125 849 3159 istius
866 3123 1008 3166 regionis
1025 3123 1174 3156 omnium

75 3227 78 3234 ,
232 3193 235 3196 ’
323 3183 326 3186 ’
414 3188 561 3232 puellam
587 3187 630 3222 ab
644 3187 800 3231 equisone
820 3186 1008 3219 adamatam
1028 3194 1116 3224 esse,
1136 3194 1174 3218 ac

105 3239 118 3248 ⁸
193 3237 199 3245 ⁰
214 3236 390 3301 ζ”οιιίιίειιι
403 3257 480 3283 eum
492 3248 708 3292 cupiditatem
725 3246 941 3285 continuisse,
961 3245 1079 3279 deinde
1094 3254 1174 3278 vero

111 3350 135 3354 ,ᾖ
198 3295 202 3299 ”
290 3307 454 3342 ‘Venerem
482 3307 643 3351 attingere
679 3317 799 3341 ausum
829 3315 905 3339 cum
938 3305 996 3338 illa
1022 3303 1170 3337 coivisse.

107 3348 348 3430 Quam
361 3367 474 3400 autem
489 3376 585 3410 equae
614 3366 728 3410 pullus
755 3368 789 3400 et
809 3366 880 3408 ipse
899 3363 1026 3397 nitidus
1043 3371 1080 3396 re
1095 3371 1173 3405 quae

108 3410 304 3479 “gd-enaim
317 3424 546 3460 animadversa
575 3426 696 3460 acerbo
715 3425 828 3459 dolore
849 3425 1034 3467 angeretur,
1056 3423 1174 3466 utpote

119 3471 285 3518 seviente
313 3483 350 3518 in
384 3485 525 3519 matrem
560 3484 711 3525 domim,
745 3484 887 3518 bestiam
916 3482 1015 3516 istam
1043 3481 1171 3523 impetu

1047 221 1384 265 FRAGMENTA.

2212 233 2283 272 291

1251 327 1308 365 ρον
1318 313 1485 362 ποθῆσαι,
1506 314 1566 353 καὶ
1581 317 1628 360 εἰς
1647 315 1784 356 δικαίαν
1799 318 1981 372 προελθειν
2002 317 2124 372 ὀργήν,
2136 317 2197 358 καὶ
2214 319 2294 358 ἔπι-

1249 373 1356 410 θεῖναι
1374 375 1418 425 τῇ
1440 372 1557 427 ἄρκτῳ
1569 374 1633 421 τὴν
1646 375 1756 426 δίκην,
1774 376 1892 418 καὶτὰ
1908 377 1997 417 αὐτὰ
2016 379 2142 433 δρᾶσαι
2162 377 2294 430 αὐτήν,

1249 428 1397 481 ἇπεροῦν
1418 431 1607 483 εἰργάσατο
1621 432 1679 472 τὸν
1694 433 1783 474 κύνα
1805 435 1935 484 ἐκείνη.
1954 434 2119 490 Ὄμηρος
2140 436 2204 489 μέν
2224 452 2295 489 φη·-

1248 502 1327 526 σιν·
1346 490 1393 533 ὥς
1407 487 1425 513 ‘¹
1445 491 1589 541 ἀγαθόν,
1615 491 1676 530 καὶ
1696 494 1808 532 παῖδα
1827 495 2096 550 καταφθιμένοιο
2118 495 2294 536 λιπέσθαι.

1246 544 1368 586 Ἔοικε
1386 546 1456 596 δὲὴ
1475 548 1582 623 φύσις
1595 550 1781 603 δεικνύναι,
1795 551 1848 591 ὅτι
1868 553 1928 592 καὶ
1947 553 2045 607 φίλον
2065 555 2161 592 αὐτῶ
2179 570 2294 605 τιμω-

1247 604 1303 658 ρὸν
1315 601 1582 658 καταλιπειν,“’
1556 625 1586 647 ω
1600 608 1678 660 φίλε
1693 609 1852 664 ‘'Op-⁷292,
1872 611 1989 664 κέρδος
1998 612 2102 652 ἐστίν·
2113 593 2183 652 οῑόν
2194 629 2227 651 τι
2236 614 2297 651 καὶ

1245 663 1325 717 περὶ
1340 663 1499 712 Ζήνωνος
1527 667 1588 705 καὶ
1612 667 1845 714 Κλεάνθουςο
1857 685 2002 722 νοουμεν
2023 671 2090 710 εἴτε
2111 670 2295 723 ἀκούομεν.

1300 723 1497 775 (AElianus
1528 725 1578 765 de
1605 727 1829 766 animalium
1851 737 1992 769 natura
2018 730 2092 769 lib.
2114 729 2177 779 lv,
2208 744 2294 782 cap.

1247 782 1296 826 45
1321 782 1399 835 περὶ
1423 783 1563 828 λέοντος
1584 801 1645 824 του
1664 786 1929 838 τιμωρήσαντος
1947 791 1998 827 τῶ
2032 788 2110 828 κυνὶ
2137 790 2190 841 τῷ
2209 803 2296 828 συν-

1244 840 1373 893 τρόφω.
1396 840 1577 893 Scripsi:
1605 847 1620 865 ⁸
1641 842 1755 896 οἵους]
1775 846 1887 884 codd.
1910 841 1979 889 οἶός
2006 862 2042 886 τε
2063 847 2124 886 vel
2146 826 2217 887 οἷόν
2237 863 2291 889 τε.

1243 918 1297 927 -
1314 896 1416 947 ι’μὲν
1434 899 1552 951 ὀλίγου
1571 901 1724 955 χρόνου]
1750 904 1864 943 codd.
1889 904 1952 955 μὲν
1979 905 2118 958 χρόνου.
2138 927 2194 937 -
2207 908 2296 961 “cpl-

1244 957 1291 994 λα
1321 957 1442 1009 νοεῖν]
1460 972 1548 997 cum
1580 961 1714 1010 codd.;
1744 961 1772 1003 ¹1.
1795 976 1830 1002 e.
1854 963 1939 1016 φίλα
1976 971 2127 1017 φρονεῖν.
2154 966 2297 1006 Confer

1243 1016 1429 1066 poeticam
1467 1018 1701 1058 locutionem
1719 1021 1827 1059 ἐσθλὰ
1859 1022 1960 1061 νοεῖν.
1977 1043 2032 1054 -
2063 1024 2172 1076 ᾱὼς]
2208 1040 2296 1064 cum

1244 1074 1368 1123 codd3
1394 1075 1514 1126 vulgo
1534 1075 1582 1121 ὣς
1615 1078 1718 1130 apud
1739 1079 1951 1118 Homerum
1973 1082 2116 1132 Odyss.
2142 1082 2295 1124 lib.111

1243 1146 1303 1172 vs.
1325 1141 1413 1184 ι96.
1449 1134 1613 1175 Sensum
1634 1137 1740 1176 hunc
1772 1151 1856 1177 esse
1890 1148 2008 1190 patet.
2031 1140 2183 1179 Bonum
2213 1151 2292 1190 est,

1244 1194 1364 1232 filium
1385 1194 1499 1233 etiam
1526 1196 1678 1236 bonum
1704 1210 1788 1236 esse
1811 1198 1930 1249 patris
1948 1197 2062 1246 boni,
2086 1201 2154 1250 qui
2173 1199 2252 1237 ab
2241 1213 2296 1239 ιιι-

1243 1252 1429 1292 sidiatore
1445 1264 1604 1295 necatus
1623 1257 1688 1296 sit.
1743 1256 1839 1295 Nam
1860 1257 1957 1295 alias
1974 1258 2074 1296 ultio
2094 1259 2202 1298 nulla
2219 1267 2291 1300 est.

1241 1318 1326 1342 -e
1343 1313 1568 1366 Κλεάνθους]
1587 1316 1677 1354 libri
1697 1315 1892 1356 Κλεάνθου.
1902 1338 1956 1347 —-
1971 1316 1984 1368 )

1298 1385 1362 1412 ιιι.
1386 1367 1486 1414 Εἶναι
1503 1375 1539 1414 δὲ
1554 1374 1665 1427 ἄλογα
1677 1375 1723 1427 μὲ
1723 1390 1741 1413 ν
1755 1377 1844 1427 ζῷα,
1857 1375 2005 1429 φυσικὴν
2024 1376 2060 1416 δὲ
2081 1375 2174 1430 ἔχειν
2193 1380 2294 1431 ἀριθ-

1243 1431 1395 1483 μητικὴν
1415 1433 1464 1484 μὴ
1486 1434 1718 1488 διδαχθέντα,
1749 1434 1916 1487 Εὔδημός
1947 1451 2054 1489 φησι,
2074 1435 2136 1475 καὶ
2167 1437 2291 1490 ἐπάγει

1243 1490 1435 1544 μαρτύριον
1457 1494 1567 1532 ἐκεῖνο
1586 1495 1654 1532 τῶν
1675 1495 1711 1533 ἐν
1738 1496 1782 1546 τῇ
1802 1493 1917 1546 Λιὸύῃ
1938 1493 2056 1547 ζῴων·
2075 1494 2116 1533 τὸ
2132 1494 2204 1535 δὲ”
2183 1511 2295 1547 ονομα

1241 1551 1280 1588 οὖ
1303 1550 1410 1603 λέγει.
1434 1550 1477 1591 Ἃ
1494 1551 1530 1590 δὲ
1545 1553 1655 1605 λέγει,
1669 1552 1782 1592 ταῦτά
1797 1555 1905 1594 ἐστιν.
1934 1552 1999 1603 Ὅ,
2023 1570 2058 1593 τι
2077 1553 2119 1593 ἂν
2136 1554 2295 1609 θηράσῃ,

1241 1615 1352 1649 ποιεῖν
1389 1610 1514 1664 μοίρας
1545 1610 1689 1661 ἕνδεκα,
1711 1612 1854 1658 καὶτὰς
1893 1612 1956 1665 μὲν
1985 1612 2070 1653 δέκα
2097 1615 2289 1664 σιτεῖσθαι,

1240 1667 1303 1715 τὴν
1323 1667 1360 1707 δὲ
1379 1669 1568 1720 ἑνδεκάτην
1592 1672 1777 1711 ἀπολιπεῖν
1795 1670 1865 1725 ὅτῳ
1886 1671 1929 1720 δὴ
1951 1672 1964 1724 (
1982 1672 2059 1712 ἀντὶ
2078 1673 2114 1712 δὲ
2132 1677 2211 1722 τοῦ,
2232 1674 2294 1714 καὶ

1240 1727 1353 1781 ἐννοίᾳ
1366 1728 1448 1778 τίνι,
1472 1732 1616 1770 σκοπεῖν
1637 1730 1730 1776 ἄξιον
1751 1733 1791 1783 ⁸)
1811 1731 1977 1784 ἀπαρχήν
1992 1731 2033 1784 γέ
2048 1748 2126 1771 τινα
2143 1732 2166 1780 ἢ
2185 1732 2294 1772 δεκά-

1242 1874 1332 1909 facto
1358 1876 1470 1910 virum
1496 1876 1715 1912 interemisse.
1745 1880 1824 1912 Mox
1852 1888 1958 1922 quum
1981 1879 2203 1920 observasset,
2235 1880 2294 1914 ubi

1244 1937 1447 1976 humaretur,
1467 1946 1506 1971 eo
1530 1936 1719 1980 profectum
1745 1937 1907 1972 refodisse
1925 1938 2146 1982 omnibusque
2166 1940 2294 1983 suppli-

1241 1993 1301 2026 ciis
1327 1994 1469 2028 cadaver
1495 1995 1567 2038 jam
1594 1995 1725 2030 nullum
1748 1995 1897 2030 dolorem
1922 2005 1964 2030 ex
1979 1996 2132 2030 vexantis
2150 2006 2293 2031 moerore

1241 2053 1424 2096 percipiens
1439 2053 1603 2089 affecisse.

1285 2114 1354 2145 123.
1378 2112 1497 2146 Miram
1518 2122 1591 2147 rem
1605 2114 1774 2148 memoriae
1798 2113 1910 2157 prodit
1928 2114 2116 2155 Eudemus,
2139 2124 2217 2159 quae
2245 2114 2293 2150 sie

1242 2178 1276 2203 se
1291 2169 1401 2203 habet.
1424 2171 1546 2205 Juveni
1568 2172 1716 2206 ferarum
1741 2161 1914 2212 domitori,
1933 2182 2010 2206 cum
2028 2173 2144 2207 bestiis
2159 2183 2179 2207 a
2197 2176 2291 2208 tene-

1239 2229 1287 2262 ris
1313 2229 1500 2273 unguiculis
1540 2232 1728 2265 conversari
1753 2234 1787 2266 et
1824 2232 1998 2266 convivere
2032 2233 2148 2273 solito,
2185 2234 2290 2268 fuisse

1240 2298 1372 2328 canem,
1391 2299 1504 2322 ursam
1525 2292 1559 2323 et
1574 2290 1712 2324 leonem.
1729 2293 1797 2324 Hos
1821 2292 2026 2334 aliquamdiu
2051 2295 2085 2325 et
2100 2302 2217 2335 pacem
2236 2294 2290 2327 in-

1240 2349 1291 2381 ter
1308 2357 1343 2381 se
1359 2357 1508 2382 servasse
1525 2350 1559 2383 et
1579 2349 1760 2383 amicitiam
1775 2352 1865 2384 recte
1878 2351 2017 2384 coluisse
2033 2351 2080 2384 ait
2095 2352 2287 2389 Eudemus:

1239 2407 1357 2441 deinde
1369 2417 1476 2450 quum
1492 2408 1670 2451 aliquando
1689 2409 1779 2442 canis
1795 2419 1870 2442 cum
1892 2419 1970 2443 ursa
1986 2411 2101 2453 jocans
2116 2420 2190 2445 eam
2203 2413 2290 2446 adu-

1239 2466 1364 2500 laretur
1380 2469 1414 2501 et
1433 2467 1605 2507 illuderet,
1629 2469 1715 2501 hanc
1734 2471 1856 2511 praeter
1871 2470 2145 2504 consuetudinem
2165 2470 2287 2506 effera-

1237 2530 1307 2562 tam
1328 2529 1417 2563 facto
1437 2529 1565 2572 impetu
1581 2529 1694 2563 miseri
1717 2532 1867 2564 ventrem
1883 2531 2049 2574 unguibus
2061 2531 2238 2567 dilaniasse
2253 2536 2288 2568 et

1238 2597 1358 2631 corpus
1372 2589 1444 2631 ejus
1464 2589 1669 2623 distraxisse.
1689 2590 1792 2632 Cujus
1819 2590 1900 2624 facti
1922 2591 2132 2625 atrocitatem
2157 2592 2286 2628 leonem

1237 2647 1443 2691 indignatum
1457 2650 1492 2682 et
1514 2649 1604 2682 canis
1619 2651 1779 2692 tanquam
1799 2650 1879 2683 socii
1892 2650 2057 2684 desiderio
2079 2652 2283 2695 flagrantem,
2344 2684 2346 2686 ,

1237 2709 1270 2739 et
1292 2707 1441 2749 perfidiae
1467 2708 1592 2741 ursinae
1617 2708 1711 2750 odio,
1737 2708 1829 2751 quod
1853 2707 1963 2743 foedus
1994 2709 2053 2743 illa
2075 2710 2229 2754 fregisset
2252 2715 2286 2747 et

1236 2766 1415 2800 amicitiam
1436 2766 1624 2800 institutam
1635 2767 1813 2808 violasset,
1829 2767 2030 2809 adductum,
2046 2770 2137 2812 justa
2152 2771 2285 2806 iracun-

1237 2825 1292 2859 dia
1315 2828 1429 2860 contra
1462 2835 1576 2860 ursam
1606 2827 1680 2860 tum
1709 2827 1890 2867 exarsisse,
1920 2829 1994 2861 tum
2018 2828 2061 2862 ab
2085 2837 2124 2862 ea
2152 2829 2284 2863 easdem

1234 2895 1363 2930 poenas,
1390 2885 1515 2930 quibus
1538 2886 1596 2920 illa
1619 2886 1713 2929 prius
1731 2895 1847 2920 canem
1873 2886 2057 2929 affecisset,
2076 2888 2281 2931 repetivisse.

1235 2949 1287 2981 lta
1311 2955 1377 2979 non
1399 2946 1523 2985 solum,
1548 2946 1587 2978 ut
1609 2947 1772 2980 Homerus
1798 2945 1886 2981 canit
1917 2947 2073 2990 Expedit
2101 2947 2283 2982 interdum

1232 3005 1370 3049 prolem
1385 3013 1567 3048 superesse
1578 3007 1738 3048 parentis
1760 3005 1936 3046 Vindictae,
1953 3005 2012 3040 sed
2026 3006 2181 3049 quemvis
2195 3007 2283 3040 ami-

1234 3074 1311 3098 cum
1325 3065 1470 3098 ultorem
1492 3064 1654 3107 relinqui,
1671 3064 1802 3098 lucrum
1818 3064 1962 3105 videtur,
1985 3065 2077 3108 quod
2098 3066 2295 3100 bestiarum.

1233 3122 1393 3165 exemplis
1407 3123 1527 3155 natura
1546 3122 1644 3156 docet
1659 3133 1668 3154 ι
1683 3123 1718 3155 et
1734 3122 1801 3156 tale
1817 3122 1900 3165 quid
1916 3122 2032 3162 etiam,
2054 3122 2146 3165 quod
2162 3123 2281 3156 animis

1232 3181 1356 3216 nostris
1373 3181 1579 3221 obversatur,
1598 3180 1640 3215 de
1656 3183 1783 3215 zenone
1797 3183 1831 3214 et
1856 3181 2016 3215 Cleanthe
2034 3182 2233 3225 accepimus.

1277 3244 1347 3275 124.
1372 3240 1533 3274 Animalia
1568 3240 1706 3274 rationis
1727 3240 1876 3283 expertia
1909 3240 2124 3283 computandi
2151 3243 2275 3280 artem,

1233 3310 1335 3344 quam
1350 3310 1370 3333 a
1385 3300 1515 3334 nemine
1527 3299 1724 3341 didicerint,
1735 3301 1854 3333 natura
1870 3301 1998 3339 tenere,
2024 3299 2193 3332 Eudemus
2208 3302 2280 3333 tra-

1232 3360 1302 3399 dit,
1315 3359 1416 3403 idque
1434 3359 1633 3403 Libycorum
1648 3359 1856 3398 animalium,
1873 3369 2016 3402 quorum
2031 3359 2163 3392 nomina
2178 3361 2276 3399 tacet,

1233 3419 1422 3454 testimonio
1460 3419 1645 3453 confirmat.
1684 3421 1767 3458 Quae
1799 3421 1912 3452 autem
1946 3418 2044 3458 dicit,
2077 3418 2151 3452 haec
2186 3420 2276 3452 sunt.

1233 3478 1329 3518 Quod
1358 3479 1523 3522 ceperint,
1555 3479 1590 3512 in
1610 3478 1763 3513 undecim
1787 3481 1899 3521 partes
1916 3477 2080 3516 dividere,
2108 3479 2142 3511 et
2160 3476 2276 3511 decem
