2528 3788
248 230 323 270 168
1201 222 1417 262 NUMENH

245 317 325 370 περὶ
351 318 410 355 τοῦ
433 314 644 365 δημιουργοῦ
675 313 860 361 ζητοῖμεν,
892 309 1084 365 φάσκοντες
1117 310 1187 349 δεῖν
1218 310 1276 348 τὸν
1307 292 1380 350 ῐρτὸ
1399 310 1598 364 πρόσωπον,
1619 309 1917 363 ταραχθήσονταῑ·
1955 309 2167 357 Ἀντανελῑῖς
2184 311 2224 352 τὸ
2240 306 2381 366 πνίῧβῑ

247 375 406 428 πρότερον
432 370 651 424 ὑπάρξαντα,
671 369 777 413 οὕτως
797 369 838 408 ’ἂν
853 370 962 408 ποιεῖν
982 368 1075 422 ἔχειν
1095 370 1280 423 διαφερόν-

245 450 333 482 τως,
358 432 504 477 οἷκείαὴ
531 429 698 481 πρόσοδος
719 427 807 477 αὕτη
826 429 986 482 γεγονυῖα
1012 427 1052 466 ἂν
1070 427 1124 477 εἴη
1140 432 1198 469 τοῦ
1218 430 1279 469 λό-

245 507 317 544 γου.
378 491 421 529 Εἰ
449 487 482 527 δὲ
504 487 582 540 περὶ
611 490 671 525 τοῦ
696 487 907 539 δημιουργοῦ
929 487 978 538 μή
999 488 1091 526 ἐστιν
1119 489 1137 525 ὃ
1160 487 1279 537 λόγος,

245 552 410 600 ζητοῦμεν
431 548 466 585 δὲ
489 545 568 598 περὶ
596 547 656 583 τοῦ
676 544 837 597 πρώτου,
859 545 1069 598 ἀφοσιοῦμαί
1090 561 1126 583 τε
1155 544 1200 584 τὰ
1227 550 1281 585 λε-

245 609 388 662 χθέντα,
403 608 463 645 καὶ
481 605 570 645 ἔστω
590 603 652 654 μὲν
670 605 784 643 ἐκεῖνα
801 604 954 659 ἄρρητα,
977 602 1113 655 μέτειμι
1132 602 1169 642 δὲ
1193 606 1281 643 ἑλεῖν

245 667 430 717 τὸνλόγον,
452 663 613 715 ἑτέρωθεν
640 661 808 714 θηράσας.
866 661 941 714 Πρὸ
964 661 1081 711 μέντοι
1101 664 1159 700 τοῦ
1179 662 1282 714 λόγου

245 729 304 773 τ’ἧς
331 724 494 767 ἁλώσεως
524 722 854 773 διομολογησώμεθα
874 723 960 772 ἡμῖν
988 721 1129 772 αὐτοῖς,
1153 723 1280 773 ὁμολο-

245 779 324 835 γίαν
356 785 418 822 οὐκ
439 779 747 834 ἀμφισὸητήσιμον
780 782 948 827 ἀκοῦσαι,
981 779 1037 818 τὸν
1061 779 1122 830 μὲν
1144 782 1281 834 πρῶτον

247 841 319 882 θεὸν
342 842 444 894 ἀργὸν
463 834 552 879 εἶναι
578 838 687 892 ἔργων
717 839 924 891 ξυμπάντων
952 838 1012 878 καὶ
1034 839 1180 891 βασιλέα
1196 869 1206 889 ,
1223 839 1282 878 τὸν

247 899 490 952 δημιουργικὸν
528 898 564 937 δὲ
586 898 659 938 θεὸν
688 902 888 950 ἠγεμονεῑν,
923 898 965 935 δι’
989 898 1136 950 οὐρανοῦ
1168 897 1279 938 ἰόντα.

247 959 314 999 Διὰ
335 957 370 996 δὲ
391 957 510 997 τούτου
534 956 593 995 καὶ
613 959 630 996 ὁ
657 957 778 1002 στόλος
808 960 892 1008 ἡμῖν
915 957 1006 1007 ἐστι,
1028 957 1125 995 κάτω
1145 960 1204 995 τοῦ
1226 959 1281 995 νοῦ

247 1016 470 1068 πεμπομένου
490 1017 525 1054 ἐν
549 1014 703 1069 διεξόδῳ,
729 1021 815 1055 πᾶσι
837 1020 908 1060 τοῖς
927 1018 1135 1063 κοινωνῆσαι
1163 1029 1281 1053 συντε-

247 1071 439 1127 ταγμένοις.
509 1074 702 1119 Βλέποντος
734 1074 797 1126 μὲν
831 1069 890 1114 οῧν
919 1074 978 1114 καὶ
999 1072 1283 1127 ἐπεστραμμένου

250 1134 330 1185 πρὸς
358 1134 458 1182 ἡμῶν
490 1131 637 1171 ἕκαστον
665 1136 724 1172 τοῦ
756 1137 852 1183 θεοῦ,
880 1131 1065 1184 συμὸαίνει
1090 1134 1150 1179 ζ’ἠν
1167 1146 1204 1169 τε
1223 1131 1283 1169 καὶ

250 1192 462 1245 βιώσκεσθαι
494 1191 570 1229 τότε
600 1191 645 1231 τὰ
669 1192 837 1243 σώματα,
858 1191 1073 1240 κηδευόμενα
1089 1192 1108 1213 ¹<
1127 1193 1187 1228 τοῦ
1208 1193 1283 1228 θεοῦ

247 1254 316 1295 τοῖς
343 1249 620 1303 ἀκροὸολισμοῖς·
646 1251 941 1304 μεταστρέφοντος
962 1250 997 1288 δὲ
1018 1250 1063 1293 εἷς
1077 1249 1140 1296 τὴν
1161 1250 1282 1287 ἑαυτοῦ

247 1310 426 1363 περιωπὴν
449 1312 509 1347 τοῦ
530 1313 605 1349 θεοῦ
620 1339 630 1358 ‚
652 1315 760 1349 ταῦτα
779 1310 840 1360 μὲν
860 1307 1155 1355 ἀποσὸέννυσθαι,
1175 1306 1231 1344 τὸν
1247 1306 1282 1345 δὲ

247 1373 324 1408 νοῦν
359 1371 441 1416 ζῆν,
477 1367 551 1420 βίου
572 1368 807 1421 ἐπαυρόμενον
837 1368 1054 1418 εὐδαίμονος.
1111 1369 1236 1406 Ταῦτα
1267 1369 1284 1404 ὃ

250 1427 460 1478 Νουμήνιος.
516 1425 567 1464 Σὺ
600 1426 636 1464 δέ
665 1442 703 1478 γε
744 1427 896 1479 παράθες
926 1427 1041 1470 αὐτοῖς
1065 1425 1109 1464 τὰ
1131 1425 1198 1463 ἀπὸ
1220 1428 1283 1472 τῆς

247 1491 306 1524 τοῦ
335 1484 449 1524 Δαὸὶδ
483 1485 695 1536 προφητείας
726 1486 838 1524 πάλαι
860 1488 944 1538 παρ’
966 1485 1144 1538 Ἑὸραίοις
1163 1488 1282 1524 τοῦτον

247 1545 398 1598 ᾀδόμενα
425 1544 482 1581 τὸν
510 1543 648 1595 τρόπον·
681 1544 749 1589 ὡςῙ
773 1543 991 1595 ἐμεγαλύνθη
1021 1543 1065 1582 τὰ
1088 1544 1171 1596 ἔργα
1203 1559 1284 1593 σου,

246 1604 353 1656 κύριε·
387 1602 503 1641 πάντα
524 1603 557 1639 ἔν
579 1601 681 1654 σοφίᾳ
712 1602 893 1651 ἐποίησας.
952 1602 1167 1654 Ἐπληρώθη
1197 1605 1219 1650 ἡ
1239 1605 1283 1654 γῆ

246 1665 306 1709 τ’ῆς
326 1659 468 1704 κτίσεώς
486 1675 558 1699 σου·
581 1661 695 1699 πάντα
709 1661 792 1715 πρὸς
813 1659 851 1699 σὲ
865 1666 892 1684 ¹¹³
912 1661 1146 1713 προσδοκῶσι,
1168 1661 1286 1700 δοῦναι

246 1722 308 1769 τὴν
331 1719 458 1772 τροφὴν
492 1720 607 1763 αὐτοῖς
631 1721 677 1764 εἷς
701 1719 874 1774 εὔκαιρον.
933 1720 1059 1763 Δόντος
1087 1723 1147 1758 σοῦ
1168 1720 1283 1764 αὐτοῖς

247 1778 476 1823 συλλέξουσιν·
506 1777 701 1823 ἀνοίξαντος
721 1778 756 1816 δὲ
778 1781 840 1817 σοῦ
861 1777 926 1825 τὴν
946 1784 1073 1831 χεῖρα,
1105 1777 1149 1816 τὰ
1168 1777 1283 1817 πάντα

246 1837 513 1890 πληρωθήσεται
533 1837 782 1891 χρηστότητος.
838 1837 1134 1891 Ἀποστρέψαντος
1160 1836 1196 1876 δὲ
1222 1842 1282 1876 σοῦ

248 1987 383 2029 simplex
405 1988 473 2027 est;
488 1986 546 2028 qui
565 1985 717 2027 quoniam
740 1993 851 2018 secum
867 1983 936 2027 ipse
954 1984 1045 2017 totus
1064 1985 1286 2027 perpetuoque

250 2048 409 2087 versatur,
435 2053 601 2085 nunquam
620 2043 774 2076 dividuus
793 2052 865 2076 esse
880 2042 991 2085 possit.
1051 2044 1153 2075 Porro
1169 2050 1286 2077 secun-

249 2105 309 2137 dus
333 2105 516 2145 tertiusque
534 2103 616 2135 deus
643 2111 727 2134 unus
747 2103 817 2144 est;
836 2101 894 2135 sed
923 2101 1012 2134 idem
1034 2110 1108 2134 cum
1127 2102 1284 2142 materia,

248 2173 320 2206 quae
339 2163 419 2205 dyas
437 2166 497 2203 est,
518 2162 712 2207 circumiens
727 2161 825 2194 simul
844 2160 1008 2202 conjungit
1023 2170 1108 2202 eam,
1127 2161 1222 2193 simul
1246 2161 1287 2193 ab

251 2232 289 2255 ea
311 2231 385 2265 quae
407 2221 666 2263 concupiscentis
686 2220 829 2262 speciem
851 2220 950 2253 babet
975 2219 1173 2262 assidueque
1196 2220 1286 2261 nuit,

250 2279 418 2312 dividitur.
480 2281 587 2316 Quum
616 2278 714 2319 igitur
741 2277 781 2310 ad
803 2277 838 2310 id
864 2277 953 2319 quod
979 2277 1182 2319 intelligibile
1217 2280 1287 2318 est,

252 2340 359 2373 miuus
387 2338 599 2379 adhaerescat,
630 2337 795 2380 (alioquin
814 2337 900 2370 enim
928 2337 971 2370 ad
988 2346 1022 2370 se
1050 2337 1158 2379 ipsum
1183 2337 1292 2370 adhae-

252 2399 411 2439 reseeret)
444 2412 451 2430 2
479 2398 599 2430 idcirco
629 2397 714 2438 quod
748 2396 896 2438 diligenti
917 2396 1064 2429 materiae
1086 2396 1288 2438 contempla-

255 2458 340 2490 tione
367 2459 564 2498 ocmmatur,
608 2465 642 2488 se
684 2456 790 2497 ipsum
824 2455 1038 2497 contemplari
1068 2464 1133 2488 non
1170 2457 1289 2497 potest.

257 2518 377 2548 Verum
411 2514 573 2547 sensibilia
611 2523 674 2547 non
704 2514 800 2547 modo
835 2514 963 2556 attingit
995 2515 1028 2547 et
1062 2514 1202 2554 tractat,
1234 2514 1293 2547 sed

253 2574 352 2606 etiam
381 2573 414 2605 in
437 2582 532 2605 suum
559 2573 723 2614 fastigium
757 2573 902 2606 materies
945 2573 1106 2606 desiderio
1136 2574 1289 2606 incensus

254 2632 373 2666 evehit.
420 2631 572 2674 Idemque
586 2631 748 2663 nonnullis
764 2632 959 2673 interjectis·-
979 2641 1038 2664 nec
1052 2632 1151 2672 enim,
1173 2632 1292 2673 inquit,

256 2693 397 2734 prlmum
414 2691 505 2723 illum
524 2690 623 2722 deum
644 2690 821 2732 quidquam
837 2691 944 2724 moliri
960 2693 1010 2724 sas
1026 2694 1087 2733 est,
1107 2692 1165 2725 sed
1184 2692 1293 2734 potius

256 2750 380 2793 opificis
396 2749 450 2782 dei
476 2751 598 2790 patrem
614 2749 721 2790 ipsum
739 2748 857 2782 habere
876 2759 934 2783 nos
951 2752 1089 2791 oportet.
1149 2751 1182 2783 Si
1196 2751 1294 2792 igitur

256 2811 297 2842 de
309 2808 422 2850 opifice
449 2808 587 2850 quaestio
607 2807 659 2848 sit,
690 2817 792 2848 quum
817 2808 908 2840 illum
927 2809 994 2849 jam
1015 2811 1090 2842 autc
1111 2810 1293 2843 necessario

258 2868 442 2906 exstitisse,
472 2868 570 2907 atque
597 2866 644 2898 ita
674 2866 806 2899 demum
842 2867 1040 2900 excellenter
1067 2877 1163 2909 agere
1197 2878 1294 2911 posse

258 2927 417 2966 dicimus,
438 2927 640 2967 opportunus
657 2925 710 2957 hic
726 2925 880 2958 orationis
900 2925 1065 2967 ingressus
1078 2927 1152 2967 jure
1178 2928 1290 2961 videa·

257 2988 322 3020 tur.
366 2986 408 3018 At
421 2984 449 3017 si
466 2984 586 3016 omisso
599 2983 724 3025 opifice,
739 2984 780 3016 de
795 2984 902 3025 primo
916 2984 977 3018 deo
990 2987 1177 3027 quaerimus,
1194 2996 1295 3029 genus

260 3046 292 3079 id
314 3043 467 3077 orationis
481 3051 636 3084 usurpare
650 3042 761 3083 religio
781 3045 841 3084 est,
859 3043 998 3085 ideoque
1014 3054 1086 3086 quae
1101 3045 1188 3078 dicta
1207 3049 1292 3088 sunt,

260 3113 318 3147 pro
334 3102 464 3136 indictis
487 3101 602 3134 haberi
626 3101 722 3134 velim
738 3127 746 3142 ,
778 3103 877 3143 atque
909 3102 1039 3137 aliunde
1067 3105 1296 3146 disputationis

260 3162 455 3206 principium
480 3159 665 3193 ducendum
685 3159 766 3193 mihi
785 3169 855 3193 esse
875 3162 964 3193 ratus
983 3171 1022 3194 eo
1035 3163 1190 3196 transibo.
1234 3165 1296 3197 Sed

261 3223 437 3263 antequam
457 3218 589 3252 dicendi
608 3217 738 3250 initium
757 3227 940 3258 sumamu5‚
974 3221 1193 3255 concedamus
1213 3222 1295 3263 hoc,

262 3281 305 3313 de
325 3288 391 3324 quo
420 3276 623 3311 audientium
648 3284 746 3309 nemo
773 3276 925 3310 dubitare
957 3278 1078 3318 possit,
1103 3279 1200 3311 deum
1228 3281 1296 3321 pri-

263 3348 357 3372 mum
372 3344 504 3380 prorsus
525 3334 687 3369 abstinere
715 3344 734 3367 a
755 3335 854 3368 rebus
876 3335 1024 3376 gerendis
1044 3341 1078 3369 et
1102 3346 1208 3379 regem
1229 3347 1298 3372 esse

262 3396 418 3443 universi,
447 3395 596 3439 opificem
621 3402 698 3427 vero
727 3393 824 3426 deum
854 3402 911 3436 per
936 3394 1055 3428 coelum
1082 3400 1298 3437 permeantem

264 3458 384 3492 cuneta
404 3453 575 3503 moderari.
619 3454 659 3486 Et
676 3461 753 3493 sane
772 3454 973 3487 commeatus
997 3455 1107 3487 noster
1121 3455 1221 3498 atque
1239 3465 1296 3498 ap-

1340 371 1453 410 αὒτῶν
1466 400 1477 418 ,
1513 370 1572 409 καὶ
1598 368 1812 422 ἐπιλείψουσι,
1831 367 1891 407 καὶ
1911 369 1958 412 εἷς
1977 368 2035 407 τὸν
2054 373 2139 423 χοῦν
2164 371 2277 411 αὐτῶν
2297 373 2378 412 ἔπι·

1341 428 1562 482 στρέψουσιν.
1617 426 1885 472 Ἐξαποστελεῐς
1903 425 1943 464 τὸ
1965 427 2104 476 πνεῦμά
2125 443 2204 479 σου,
2222 429 2284 470 καὶ
2305 444 2381 470 κτι-

1341 489 1527 536 σθήσονται
1541 517 1551 535 ,
1567 486 1627 526 καὶ
1647 490 1856 528 ἀνακαινιεῖς
1869 485 1908 524 τὸ
1925 485 2109 537 πρόσωπον
2125 490 2188 535 τῆς
2201 491 2278 540 γῆς.
2331 488 2380 531 Τί

1341 547 1407 599 γὰρ
1421 550 1529 585 ταῦτα
1549 545 1707 598 διαφέροι
1735 544 1777 583 ἂν
1799 547 1861 592 τῆς
1884 543 2088 598 φασκούσης
2109 551 2170 586 τοῦ
2187 546 2378 602 φιλοσόφου

1343 604 1495 649 διανοίας
1510 635 1520 653 ,
1543 607 1589 649 ὥς
1609 603 1677 658 ἄρα
1705 602 1893 656 βλέποντος
1922 603 1984 652 μὲν
2005 603 2065 642 καὶ
2086 605 2378 659 ἐπεστραμμένου

1341 664 1425 718 πρὸς
1443 665 1542 714 ἡμῶν
1563 664 1708 702 ἕκαστον
1738 665 1797 700 τοῦ
1829 665 1930 711 θεοῦ,
1956 661 2144 712 συμὸαίνει
2176 664 2236 712 ζῆν
2255 679 2296 704 τε
2319 664 2381 704 καὶ

1345 722 1555 775 βιώσκεσθαι
1567 720 1649 761 τότε
1666 720 1712 759 τὰ
1726 720 1875 771 σώματα
1888 721 2104 773 κηδευόμενα
2113 728 2131 745 “
2142 726 2202 762 τοῦ
2215 725 2382 768 Θιοῦ·τοῖς

1343 780 1621 834 ἀκροὸολισμοῖς·
1642 778 1937 832 μεταστρέφοντος
1959 777 1996 818 δὲ
2021 780 2069 826 εἷς
2092 780 2157 828 τὴν
2174 783 2300 822 ἑαυτοῦ
2316 797 2380 834 πε,

1344 840 1477 893 ριωπὴν
1492 843 1553 878 τοῦ
1571 841 1663 886 Θεοῦ,
1691 841 1805 877 ταῦτα
1832 838 2134 888 ἀποσὸέννυσθαι;
2157 839 2316 880 πάλιν’δ’
2334 836 2380 882 αὖ

1342 902 1402 938 τοῦ
1424 897 1603 949 Σωτηρίου
1623 897 1728 949 λόγου
1748 901 1765 920 ⁰
1781 899 1865 949 παρ’
1895 897 1980 949 ἡμῖν
2003 897 2148 952 φάντος,
2176 898 2246 952 ἐγώ
2266 901 2340 952 εἶμι
2358 903 2398 949 ἢ4

1345 959 1521 1010 ἄμπελος,
1547 959 1565 995 ὁ
1592 955 1710 1009 πατήρ
1731 971 1797 1006 μου
1822 958 1850 996 δ’
1864 957 2035 1011 γεωργός,
2057 959 2153 1010 ὑμεῖς
2179 958 2224 998 τὰ
2245 958 2382 1012 κλήμα-

1342 1029 1398 1056 τα·
1422 1014 1653 1067 ὁΝουμήνιος
1672 1014 1865 1055 ἐπάκουσον
1882 1008 1938 1055 οἶα
1957 1016 2039 1070 περὶ
2056 1019 2121 1056 τοῦ
2137 1016 2298 1071 δευτέρου
2323 1019 2378 1058 αῖ-

1342 1076 1416 1115 τίου
1436 1076 1597 1127 θεολογεῖ.
1652 1072 1793 1128 τὨσπερ
1818 1073 1853 1114 δὲ
1887 1074 1992 1115 πάλιν
2019 1074 2118 1129 λόγος
2147 1075 2221 1116 ἐστὶ
2239 1079 2383 1132 γεωργῷ

1343 1134 1427 1186 πρὸς
1445 1132 1503 1171 τὸν
1535 1131 1723 1185 φυτεύοντα
1745 1139 1760 1163 ⁰
1778 1133 2043 1187 ἀναφερόμενος·
2067 1133 2126 1174 τὸν
2148 1134 2251 1174 αὐτὸν
2280 1134 2382 1190 λόγον

1345 1190 1495 1242 μάλιστα
1527 1190 1634 1244 ἔχει(1
1655 1193 1672 1230 ὁ
1693 1193 1827 1245 πρῶτος
1847 1193 1919 1236 θεὸς
1951 1194 2036 1246 πρὸς
2067 1192 2124 1232 τὸν
2158 1194 2380 1248 δημιουργόν.

1343 1249 1389 1290 Ὁ
1422 1249 1482 1301 μέν
1502 1265 1541 1302 γε
1560 1247 1607 1287 ὢν
1634 1250 1776 1302 σπέρμα
1803 1250 1917 1300 πάσης
1946 1253 2079 1305 ψυχῆς,
2111 1251 2245 1306 σπείρει
2268 1252 2318 1298 εἰς
2337 1252 2383 1292 τὰ

1345 1307 1656 1361 μεταλαγχάνοντα
1687 1309 1790 1347 αὐτοῦ
1822 1309 1991 1362 χρήματα
2021 1310 2222 1363 σύμπαντα·
2243 1313 2385 1363 ὁνομο-

1344 1366 1443 1415 θέτης
1470 1366 1504 1405 δὲ
1525 1366 1662 1420 φυτεύει
1692 1367 1752 1406 καὶ
1781 1367 1958 1420 διανέμει,
1983 1367 2044 1407 καὶ
2078 1367 2308 1423 μεταφυτεύιι
2339 1370 2386 1415 εἷς

1343 1430 1436 1478 ἡμᾶς
1455 1426 1619 1471 ἑκάστους
1633 1457 1644 1479 ,
1659 1426 1704 1466 τὰ
1723 1427 1850 1467 ἐκεῖθεν
1870 1427 2251 1482 προκαταὸεὸλημένα.
2311 1427 2384 1468 Καὶ

1345 1486 1420 1534 ἑξῆς
1438 1487 1474 1525 δὲ
1487 1487 1591 1525 πάλιν
1611 1486 1691 1539 περὶ
1706 1490 1765 1526 τοῦ
1791 1488 1864 1532 πῶς
1881 1486 1953 1527 ἀπὸ
1966 1490 2026 1527 τοῦ
2047 1485 2186 1540 πρώτου
2206 1487 2318 1528 αἰτίου
2340 1488 2383 1528 τὸ

1345 1545 1500 1597 δεύτερον
1537 1545 1693 1595 ὑπέστη,
1715 1545 1830 1585 τοιάδε
1864 1546 1980 1599 φησίν·
2015 1545 2128 1586 ὁπόσα
2161 1545 2198 1585 δὲ
2220 1545 2386 1596 δοθέντα,

1346 1603 1479 1655 μέτεισι
1502 1603 1582 1656 πρὸς
1600 1604 1657 1643 τὸν
1686 1603 1913 1654 λαμὸάνοντα
1927 1633 1937 1652 ,
1974 1603 2167 1643 ἀπελθόντα
2187 1605 2227 1646 ἐκ
2250 1607 2310 1644 τοῦ
2331 1605 2387 1645 δε-Γ

1346 1661 1515 1712 δωκότος,
1556 1657 1612 1701 οἷα
1649 1661 1691 1709 δή
1733 1663 1833 1701 ἐστι’
1875 1661 2041 1715 θεραπεία
2055 1691 2066 1711 ,
2102 1662 2294 1738 ᾆρήματα,
2329 1662 2387 1704 νό-

1345 1737 1460 1773 μισμα
1490 1723 1631 1772 κοῖλον,
1663 1719 1846 1771 ἐπίσημον·
1875 1720 1975 1759 ταυτὶ
1996 1718 2058 1771 μὲν
2085 1735 2143 1759 ουν
2171 1721 2245 1759 ἐστι
2279 1721 2387 1770 Θνητὰ

1346 1779 1406 1820 καὶ
1424 1780 1631 1834 ἀνθρώπινα.
1685 1779 1742 1820 Τὰ
1761 1779 1798 1819 δὲ
1814 1779 1890 1820 θεῖά
1909 1781 2000 1819 ἐστιν
2014 1808 2026 1827 ,
2054 1774 2110 1819 οἶα
2129 1779 2360 1831 μεταδοθὲντα
2373 1809 2386 1828 ,

1345 1838 1469 1878 ἐνθένδ’
1490 1841 1593 1877 ἐκεῖθι
1625 1838 1860 1890 γεγενημένα,
1889 1837 2019 1878 ἐνθένδε
2046 1853 2083 1877 τε
2102 1839 2163 1878 οὐκ
2181 1837 2388 1886 ἀπελήλυθε·
2423 1879 2431 1884 ,

1346 1987 1480 2027 paratus
1494 1985 1599 2018 omnis
1611 1985 1714 2027 ipsius
1728 1985 1921 2018 beneficium
1941 1986 2009 2025 est,
2029 1984 2109 2018 dum
2124 1994 2182 2027 per
2193 1985 2285 2021 vices
2295 1994 2390 2020 mens

1348 2042 1391 2078 ad
1405 2053 1460 2078 eos
1480 2053 1594 2077 omnes
1605 2044 1617 2086 [
1628 2043 1669 2077 de
1684 2042 1785 2086 coelo]
1803 2043 2005 2084 demittitur,
2029 2052 2115 2085 quos
2130 2042 2202 2084 ejus
2220 2045 2390 2080 consortes

1350 2103 1420 2136 fieri
1437 2111 1497 2145 pro
1513 2112 1574 2137 sua
1586 2103 1745 2145 cujusque
1761 2102 1948 2135 conditione
1970 2102 2017 2134 fas
2031 2102 2086 2136 sit.
2102 2104 2218 2145 Itaque
2235 2111 2340 2147 quum
2355 2103 2390 2147 in

1349 2171 1512 2205 quemque
1529 2163 1676 2195 nostrum
1696 2170 1874 2194 conversus
1893 2161 2038 2194 intuetur
2053 2161 2148 2203 deus,
2162 2162 2236 2195 tum
2248 2170 2310 2196 sua
2319 2172 2388 2196 eor-

1348 2221 1484 2265 poribus
1509 2222 1592 2263 vita,
1612 2231 1692 2254 suus
1716 2222 1809 2263 vigor
1829 2220 1931 2261 inest,
1952 2221 2041 2263 quod
2059 2219 2215 2255 immissis
2234 2221 2391 2258 divinitus

1351 2280 1450 2313 radiis
1460 2280 1642 2314 foveantur.
1657 2280 1713 2313 Sin
1729 2281 1839 2314 autem
1851 2280 1894 2313 ad
1909 2280 1961 2313 sui
1972 2279 2074 2323 ipsius
2081 2281 2388 2324 contemplationem
2430 2291 2431 2295 ¹

1348 2339 1534 2372 incubuerit
1553 2339 1635 2372 deus
1648 2363 1656 2379 ‚
1679 2340 1752 2372 tum
1777 2347 1972 2381 corporeum
2003 2340 2038 2372 et
2067 2339 2267 2382 aspectabile
2289 2349 2387 2377 omne

1350 2398 1529 2439 exstingui,
1547 2400 1693 2431 mentem
1710 2399 1822 2431 autem
1838 2406 1902 2430 non
1924 2397 2024 2430 modo
2051 2397 2166 2431 vivere
2179 2422 2188 2439 ‚
2203 2398 2263 2432 sed
2285 2399 2388 2434 etium

1351 2457 1445 2491 beate
1467 2458 1580 2491 vivere
1597 2458 1738 2490 constat.
1797 2458 1878 2490 Haec
1889 2457 2079 2491 Numenius.
2122 2459 2172 2490 Tu
2188 2466 2268 2491 vero
2280 2459 2391 2495 confer

1350 2525 1429 2549 eum
1460 2516 1501 2550 iis
1519 2517 1574 2550 illa
1596 2525 1671 2559 quae
1695 2515 1775 2549 olim
1792 2516 1878 2558 apud
1899 2516 2056 2550 Hebraeos
2077 2516 2129 2563 his
2155 2515 2267 2551 verbis
2281 2518 2392 2554 David

1352 2575 1511 2618 propheta
1545 2575 1704 2609 cecinerat
1732 2588 1740 2608 z
1771 2583 1878 2618 quam
1900 2584 2031 2617 maana
2057 2577 2138 2609 sunt
2165 2584 2280 2618 operav
2305 2578 2390 2620 tua,

1355 2634 1517 2669 domine!
1540 2636 1659 2668 omnia
1685 2635 1865 2677 sapienter
1890 2634 2011 2677 fecisti.
2046 2635 2192 2677 Repleta
2215 2637 2264 2669 est
2295 2637 2392 2672 terra

1352 2694 1591 2728 animantibus
1609 2695 1641 2726 et
1659 2694 1760 2728 rebus
1784 2703 1807 2727 α
1839 2695 1871 2727 te
1893 2696 2021 2727 creatis
2039 2703 2050 2727 .-
2077 2695 2208 2728 cuncta
2229 2703 2251 2728 a
2276 2697 2312 2730 te
2329 2704 2391 2730 ez·-

1353 2754 1521 2796 spectant,
1536 2755 1575 2786 ut
1592 2755 1723 2786 vietum
1740 2754 1823 2795 ipsis
1836 2754 2039 2795 intempore
2048 2753 2218 2796 praebeas.
2237 2755 2285 2787 Te
2298 2756 2392 2790 em’m

1355 2811 1461 2844 dante
1479 2810 1639 2852 colliqent
1659 2820 1666 2839 =
1695 2812 1729 2844 te
1743 2819 1891 2846 manum
1912 2811 2012 2844 'tuam
2031 2811 2252 2855 explicante,
2269 2815 2390 2850 omnia

1356 2870 1510 2904 bonitate
1525 2870 1805 2912 complebuntur.
1829 2872 2014 2904 Avertente
2041 2872 2160 2904 autem
2181 2873 2216 2905 te
2237 2873 2391 2916 vultum,

1356 2927 1606 2962 turbabuntur.
1625 2927 1775 2970 Auferes
1785 2930 1832 2961 eis
1841 2930 2020 2971 spiritu-m,
2037 2930 2070 2973 et
2085 2930 2230 2963 mortem
2249 2930 2392 2967 obibunt

1356 2991 1461 3032 atque
1474 2989 1520 3022 ad
1547 2990 1648 3022 terrae
1664 2989 1833 3031 yremium
1857 2988 2127 3023 revocabuntur.
2155 2992 2303 3026 Emittes
2319 2992 2388 3034 lla-

1355 3050 1432 3083 tum
1455 3049 1569 3088 tuum,
1585 3049 1617 3080 et
1635 3047 1935 3090 procreabuntur,
1955 3049 1989 3080 ec
2014 3049 2115 3082 terrac
2141 3048 2270 3092 faciem
2292 3050 2391 3084 reno·-

1358 3107 1462 3141 vabss.
1485 3106 1568 3144 Quid
1594 3106 1681 3139 enim
1699 3105 1836 3139 interest
1859 3105 1943 3138 inter
1957 3105 2031 3139 haec
2046 3106 2079 3143 et
2095 3105 2184 3141 illam
2207 3106 2395 3151 philosophi

1355 3167 1512 3208 mentem,
1529 3165 1587 3207 qui
1605 3165 1672 3199 ait:
1694 3174 1796 3206 quum
1812 3164 1847 3198 in
1863 3174 2033 3208 quemque
2045 3166 2200 3200 nostrum
2216 3168 2393 3207 conversus

1356 3224 1503 3256 intuetur
1533 3224 1633 3264 deus,
1661 3225 1733 3256 tum
1755 3232 1817 3256 sua
1845 3223 2033 3266 corporibus
2065 3224 2154 3264 vita,
2188 3233 2271 3258 suus
2301 3223 2393 3270 vigor

1357 3283 1451 3324 inest,
1479 3284 1567 3326 quod
1582 3282 1738 3316 immissis
1753 3282 1911 3318 divinitus
1926 3282 2026 3316 radiis
2048 3284 2232 3319 foveantur.
2263 3286 2320 3320 Sin
2334 3296 2395 3320 au-

1358 3343 1424 3375 tem
1438 3342 1481 3374 ad
1499 3342 1549 3375 sui
1565 3342 1668 3384 ipsius
1682 3342 1987 3383 contemplationem
2004 3342 2189 3379 incubuerit
2207 3344 2302 3387 deus,
2320 3346 2394 3380 tum

1358 3408 1549 3442 corporeum
1564 3403 1598 3435 et
1613 3400 1808 3443 aspectabile
1822 3409 1919 3434 omne
1936 3402 2106 3445 exstingui.
2151 3405 2278 3438 Rursus
2289 3414 2393 3448 quun·

1360 3459 1420 3492 Dei
1434 3459 1519 3494 filius
1529 3459 1562 3492 in
1575 3459 1748 3503 Evangelio
1764 3458 1806 3493 de
1817 3468 1855 3493 se
1869 3461 1937 3503 ipso
1953 3460 2038 3501 dica,
2065 3470 2124 3502 ‘9⁰
2137 3472 2215 3497 sum
2229 3463 2321 3507 vitis,
2331 3458 2382 3508 ρὰ
