2508 3776
270 213 350 250 376

266 297 318 336 Ὅ
338 313 374 334 τε
395 295 442 345 μὴ
471 308 581 344 τιμων
600 292 644 331 τὰ
664 292 835 345 χρήματα
855 292 932 332 οὔτε
952 291 1146 340 αἷτήσεται”
1170 297 1208 334 οὗ
1228 295 1295 347 γὰρ

267 357 426 413 εὐχερῶς
442 354 595 403 εὖεργετε
581 351 670 389 .ῒται
696 353 714 388 ὃ
735 352 843 403 φιλῶν
868 349 908 389 τὸ
928 351 1126 403 εὐεργετεῖν·
1146 352 1296 405 λήψεται

266 414 300 452 δὲ
323 414 380 465 ἀρ
400 414 448 448 ὢν
464 411 536 458 δεῖ,
570 407 767 455 δηλονότι’
748 408 818 447 απὸ
836 410 904 447 τῶν
926 409 1060 448 οἷκείων
1089 411 1295 462 κτημάτων,

265 473 329 522 οὐχ
363 469 414 507 ὅτι
445 467 550 506 καλὸν
581 468 718 537 ἡγεῖται
751 465 791 504 τὸ
824 467 1118 519 χρηματίζεσθαι,
1138 469 1215 507 ἀλλ’
1246 468 1297 506 ὅτι

264 528 450 578 ἀναγκαῖον
482 525 567 578 πρὸς
591 524 629 563 τὸ
651 525 794 564 διδόναι·
829 524 889 563 καὶ
912 525 968 563 διὰ
988 528 1089 564 τοῦτο
1123 525 1200 564 οὐδὲ
1227 542 1295 564 των

263 587 357 626 ἰδίων
377 585 545 637 ἀμελήσει
564 586 758 637 χρημάτων
771 613 782 635 ,
805 583 1009 636 βουλόμενος
1023 583 1079 622 διὰ
1097 583 1227 623 τούτων
1247 585 1297 622 τί-

263 646 314 685 σὶν
341 647 515 697 ἐπαρκεῖν.

315 703 443 742 Ὀὐδὲ
461 703 530 746 τοῖς
549 704 692 754 τυχοῦσι
709 700 829 749 δώσει,
850 698 946 738 ἵνα”
928 716 992 753 εχῃ
1014 699 1142 739 διδόναι
1155 703 1204 743 οἱς
1224 700 1296 747 δεῖ,

263 779 321 802 και
344 761 422 810 ὅτε,
443 761 502 800 καὶ
536 764 575 798 οὓ
597 759 717 798 καλόν·
738 759 813 798 ἔστι
844 758 879 798 δὲ
913 765 1055 809 σημεῖον
1076 762 1135 797 τοῦ
1166 758 1298 811 σφόδρα

261 821 452 873 ἐλευθερίου
472 835 531 858 και
562 818 602 857 τὸ
618 818 848 870 ὓπερὸάλλειν
876 819 910 856 ἐν
931 821 974 871 τῇ
995 817 1088 856 δόσει
1109 821 1294 866 τοσοῦτον,

262 879 353 918 ὥστε
373 877 600 917 καταλείπειν
625 879 738 929 ἑαυτῷ
758 876 803 915 τὰ
823 876 970 914 ἐλάττω.
991 875 1043 915 Τὸ
1065 874 1132 928 γὰρ
1150 875 1198 926 μὴ
1215 875 1298 928 πρὸς

261 938 324 986 τὴν
345 937 474 976 οἷκείαν
493 935 616 989 χρείαν
636 938 718 989 ὃρᾷν
747 939 809 982 τῆς
830 934 994 987 μεγίστης
1023 933 1298 986 ἐλευθεριότητος

261 996 406 1047 σημεῖόν
427 997 533 1036 ἐστιν.
579 996 632 1033 Οὐ
656 993 723 1047 γὰρ
742 994 826 1046 πρὸς
845 994 885 1032 τὸ
907 992 1047 1045 μέγεθος
1067 992 1088 1039 ἢ
1111 991 1151 1031 τὸ
1170 993 1299 1039 πλῆθος

261 1056 329 1094 τῶν
362 1053 551 1104 διδομένων
574 1056 597 1100 ἡ
626 1053 858 1106 ἐλευθεριότης
883 1052 1059 1104 κρίνεται,
1094 1050 1185 1090 ἀλλὰ
1204 1051 1298 1090 κατὰ

261 1115 326 1162 τὴν
349 1113 559 1165 ἀναλογίαν,
581 1111 623 1159 ἣν
650 1111 770 1164 ἔχουσι
794 1112 838 1150 τὰ
858 1110 1020 1161 διδόμενα
1039 1109 1124 1162 πρὸς
1150 1109 1212 1157 τὴν
1235 1111 1299 1148 οὐ-

262 1174 338 1214 σίαν
360 1176 421 1212 τοῦ
445 1171 608 1214 διδόντος·
631 1170 724 1223 (ἀπὸ
749 1169 870 1209 τούτου
895 1169 963 1221 γὰρ
988 1171 1011 1215 ἡ
1032 1167 1100 1213 ἕξις
1119 1170 1180 1215 τ’ῆς
1201 1170 1298 1207 ἐλευ-

261 1231 456 1286 θεριότητος
482 1228 663 1268 δείκνυται·
673 1229 684 1279 )
709 1227 799 1266 ὥστε
830 1228 927 1267 οὐδὲν
947 1227 1073 1266 κωλύει
1094 1226 1296 1279 ἐλευθεριώ-

260 1306 359 1342 τερον
391 1283 478 1328 εἶναι
510 1293 568 1327 τοῦ
599 1287 643 1325 τὰ
674 1287 790 1325 πολλὰ
819 1285 967 1330 διδόντος
992 1285 1049 1324 τὸν
1081 1285 1214 1325 ἐλάττω
1246 1287 1296 1324 δι-

263 1349 385 1397 δόντα,
405 1347 463 1386 ἐὰν
484 1347 555 1386 ἀπὸ
574 1346 752 1389 ἐλάττονος
774 1345 889 1389 οὐσίας
913 1346 1008 1397 διδῷ.
1036 1345 1277 1395 Συμὸαίνει
1259 1344 1294 1383 οὲ

247 1407 339 1452 ’τους
356 1407 405 1458 μὴ
428 1405 668 1456 κτησαμένους
686 1404 805 1443 οὐσίαν
827 1403 923 1447 ἰδίοις
947 1403 1087 1451 πόνοις,
1109 1403 1200 1442 ἀλλὰ
1224 1404 1298 1442 δια-

261 1465 468 1516 δεξαμένους
497 1461 580 1515 παρ’
614 1462 752 1514 ἄλλων,
788 1463 1088 1513 ἐλευθεριωτέρους
1121 1462 1242 1501 δοκεῖν·
1266 1464 1297 1500 οἱ

260 1524 327 1576 γὰρ
347 1526 494 1562 τοιοῦτοι
513 1521 649 1574 ἄπειροί
669 1523 734 1559 εἶσι
750 1522 810 1567 τ’ἧς
832 1519 973 1564 ἐνδείας·
993 1519 1053 1558 καὶ
1067 1519 1123 1558 διὰ
1139 1523 1239 1559 τοῦτο
1259 1521 1296 1559 οὐ

260 1583 392 1635 σφόδρα
426 1583 589 1630 ἀγαπῶσι
618 1579 675 1618 τὸν
707 1581 866 1617 πλοῦτον·
894 1577 955 1616 καὶ
983 1577 1053 1627 ὅτι,
1082 1579 1241 1632 καθάπερ
1260 1581 1291 1618 οἳ

260 1646 369 1689 γονεῖς
390 1638 448 1677 καὶ
470 1640 502 1677 οἱ
520 1637 686 1687 ποιηταί,
710 1639 842 1687 μᾶλλον
865 1639 1031 1687 ἀγαπῶσι
1051 1637 1094 1676 τὰ
1126 1638 1295 1689 χρήματα

261 1702 293 1737 οἱ
313 1698 543 1748 κτησάμενοι.
599 1699 646 1736 Οἱ
665 1696 699 1734 δὲ
720 1696 903 1748 ἐλευθέριοι
925 1697 962 1733 οὐ
984 1695 1146 1733 δύνανται
1165 1696 1297 1749 σφόδρα

259 1759 434 1796 πλουτεῖν·
458 1755 536 1795 οὔτε
556 1756 624 1808 γὰρ
645 1757 796 1807 εὐχερεῖς
818 1757 876 1797 εἷς·
899 1754 938 1792 τὸ
970 1754 1163 1805 λαμὸάνειν
1186 1754 1270 1793 εἷσίν
1284 1784 1294 1803 ,

261 1815 340 1854 οὔτε
361 1818 408 1859 εἷς
437 1815 476 1853 τὸ
496 1814 680 1868 φυλάττειν
703 1814 766 1860 τὴν
791 1812 909 1852 οὐσίαν
946 1813 1177 1866 προνοητικοί·
1206 1814 1297 1852 ἀλλὰ

261 1874 393 1924 μᾶλλον
421 1872 594 1924 προετικοὶ
631 1875 700 1910 τῶν
735 1871 853 1910 ὄντων·
890 1870 949 1908 καὶ
987 1872 1024 1909 οὓ
1056 1873 1224 1921 τιμῶντες
1253 1873 1298 1910 δι’

261 1930 366 1970 ἑαυτὰ
387 1931 430 1967 τὰ
451 1930 640 1982 χρήματα,
667 1930 745 1969 ἀλλ’
765 1929 866 1968 ἕνεκα
894 1932 954 1976 τῆς
984 1929 1123 1973 δόσεως.
1155 1929 1218 1968 Διὸ
1239 1929 1297 1968 καὶ

261 1990 477 2040 ἐγκαλοῦμεν
497 1991 540 2040 τῇ
571 1987 681 2040 τύχῃ,
710 1990 762 2026 ὅτι
788 1988 837 2039 μὴ
864 1989 1071 2026 πλουτοῦσιν
1100 1989 1130 2025 οἱ
1159 1986 1295 2026 ἐλευθέ-

261 2063 346 2100 ριοι,
362 2047 513 2085 πλούτου
529 2047 589 2085 καὶ
609 2047 804 2099 χρημάτων
825 2046 919 2090 ὄντες
942 2045 1041 2090 ἄξιοι.
1071 2045 1238 2085 Teii-:083
1257 2048 1294 2085 οὖ

259 2105 445 2156 συμὸαίνει
474 2105 619 2157 ἀλόγως·
643 2105 700 2144 τὸν
726 2104 794 2158 γὰρ
825 2104 874 2156 μὴ
909 2104 1216 2155 ἐπιμελούμενον
1203 2102 1296 2149 ὅπως

259 2165 325 2217 ἔχη
355 2165 548 2217 χρήματα,
585 2166 659 2208 πῶς
680 2158 749 2202 οἷόν
783 2180 820 2202 τε
854 2166 1040 2211 πλουτεῖν,
1074 2163 1191 2214 ὥσπερ
1225 2164 1296 2202 οὐδ’

261 2223 348 2261 ἄλλο
369 2223 426 2261 ‘ets
452 2222 648 2269 κτήσασθαι
673 2222 839 2270 δυνατόν,
868 2221 925 2260 τὸν
955 2221 1004 2273 μὴ
1026 2193 1296 2276 ἐπιμελουμενον

260 2283 352 2326 ὅπως
372 2281 560 2328 κτήσηται.
584 2280 652 2320 Διὰ
682 2285 785 2320 τοῦτο
809 2281 886 2320 οὐδὲ
908 2285 925 2321 ὃ
944 2279 1132 2333 ἐλευθέριος
1153 2281 1298 2329 δυνήσε-

259 2356 318 2379 ται
340 2341 520 2388 πλουτεῖν,
540 2340 629 2390 μήτε
656 2341 820 2394 ἑτέρωθεν
849 2340 1020 2393 χρήματα
1041 2339 1217 2391 συλλέγων
1236 2340 1295 2378 καὶ

258 2399 303 2438 τὰ
327 2400 412 2438 οἴκοι
433 2399 641 2451 σκορπίζων,

313 2457 345 2475 ¹‘*
366 2458 447 2496 Ἔτι
468 2460 526 2495 καὶ
547 2457 595 2506 μὴ
626 2457 762 2496 δίδωσιν
780 2451 828 2500 οἷς
848 2458 885 2494 οὗ
913 2457 986 2507 δεῖ,
1007 2456 1065 2494 καὶ
1086 2454 1141 2493 ὅτε
1163 2455 1212 2506 μὴ
1231 2457 1293 2494 δεῖ’

257 2516 315 2554 ἵνα
338 2515 385 2566 μὴ
402 2517 447 2559 εἷς
463 2515 507 2553 τὰ
525 2515 572 2566 μὴ
600 2515 720 2553 δέοντα
738 2514 919 2559 ἀναλώσας
937 2514 1050 2561 ἐνδεὴς
1069 2517 1188 2566 εὑρεθῇ
1209 2514 1294 2566 πρὸς

258 2574 302 2612 τὰ
317 2575 453 2625 δέοντα,
473 2574 531 2611 καὶ
546 2573 594 2623 μὴ
615 2575 662 2625 δῷ
679 2568 728 2618 οἷς
744 2575 815 2623 δεῖ,
835 2574 895 2612 καὶ
913 2573 968 2612 ὅτε
995 2575 1056 2612 δεῖ.
1077 2572 1294 2625 Ἐλευθέριος

258 2634 324 2685 γάρ
345 2635 440 2680 ἐστι,
460 2631 573 2676 καθὼς
595 2631 747 2684 εἴρηται,
767 2636 784 2671 ὁ
800 2631 862 2683 μὲν
881 2643 896 2678 ξ
916 2632 1006 2671 κατὰ
1026 2631 1087 2679 τὴν
1110 2632 1295 2684 ἀναλογίαν

258 2695 319 2738 τῆς
339 2691 457 2735 οὐσίας
481 2693 643 2729 δαπανῶν
665 2694 710 2735 εἷς
736 2691 758 2729 ἃ
782 2693 845 2729 δεῖ·
867 2694 885 2730 ὅ
900 2690 962 2730 δὲιι
987 2694 1033 2737 ὡς
1050 2691 1151 2744 ἔτυχε
1166 2690 1294 2739 διδούς,

259 2750 403 2793 ἄσωτος.
438 2750 505 2788 Διὰ
525 2754 625 2788 τοῦτο
656 2749 732 2793 τοὺς
759 2750 944 2803 τυράννους
966 2752 1003 2789 οὗ
1025 2750 1172 2802 λέγομεν
1198 2749 1292 2788 ἀσώ-

258 2825 358 2856 τους,
379 2808 491 2846 καίτοι
511 2808 625 2846 πολλὰ
644 2807 704 2845 καὶ
721 2809 854 2861 ἄμετρα
876 2809 1042 2853 διδόντας·
1060 2808 1098 2846 τὸ
1121 2809 1186 2860 γὰρ
1207 2811 1297 2856 πλῆ-

262 2871 318 2910 θος
340 2870 401 2913 τῆς
431 2866 584 2912 κτήσεως
613 2866 652 2903 τὸ
679 2869 808 2912 πλῆθος
829 2869 897 2905 τῶν
918 2866 1043 2905 δόσεων
1063 2867 1293 2919 ὑπερὸάλλειν

259 2927 372 2974 δοκεῖ,
393 2925 452 2964 καὶ
472 2924 581 2964 πλείω
604 2919 691 2963 εἶναι
708 2925 770 2972 τὴν
794 2925 911 2964 οὐσίαν
929 2928 991 2973 τῆς
1018 2926 1174 2973 δαπάνης
1192 2941 1289 2977 συμ-

261 2984 382 3024 ὅαίνει.

315 3043 364 3066 ***
385 3041 488 3082 Ἐπεὶ
506 3041 615 3080 τοίνυν
636 3045 658 3088 ἡ
681 3043 909 3095 ἐλευθεριότης
935 3043 1084 3092 μεσότης
1113 3043 1187 3082 ἐστὶ
1212 3043 1292 3096 περὶ

258 3102 451 3156 χρημάτων
473 3100 565 3138 δόσιν
581 3101 640 3138 καὶ
658 3100 778 3154 λῆψιν,
792 3105 810 3140 ὃ
831 3102 1019 3153 ἐλευθέριος
1032 3101 1092 3140 καὶ
1110 3101 1214 3140 δώσει
1232 3102 1292 3140 καὶ

258 3161 453 3208 δαπανήσει
473 3161 520 3203 εἷς
542 3159 564 3196 ἃ
589 3161 663 3206 δεῖ,
694 3159 753 3197 καὶ
774 3157 838 3196 ὅσα
859 3162 923 3197 δεῖ·
948 3159 1004 3198 καὶ
1028 3162 1062 3198 ἐν
1081 3167 1214 3212 μικροῖς
1233 3161 1292 3199 καὶ

258 3222 292 3258 ἐν
314 3219 475 3271 με-γάλοις
491 3217 615 3268 ὁμοίως
629 3247 638 3267 ,
654 3216 714 3255 καὶ
732 3217 911 3269 ἀμφότερα
932 3217 1041 3265 ἡδέως
1061 3218 1220 3267 ποιήσει,
1253 3219 1293 3257 τό

296 3373 312 3389 *
331 3372 412 3404 Οὐδὲ
427 3375 494 3409 τοῖς
517 3375 649 3413 τυχοῦσι
666 3372 764 3403 δώσει
779 3373 847 3403 κτλ.
867 3388 907 3395 —
926 3371 963 3391 *¹*
982 3372 1029 3403 Οὐ
1046 3372 1107 3412 μὴν
1129 3372 1228 3403 δώσει
1247 3383 1283 3413 γε
1308 3371 1358 3407 οἷς
1375 3372 1411 3402 εὖ
1437 3371 1488 3402 δεῖ
1504 3372 1571 3402 κτλ.
1594 3386 1633 3392 —

260 3430 317 3458 σης
333 3420 400 3451 κτλ.

1092 206 1371 248 ANDRONICI
1399 207 1574 247 RHODII

1357 300 1503 342 accipiet.
1519 303 1629 339 Quum
1652 299 1739 333 enim
1761 280 1934 342 pecunIam
1951 301 2119 344 despiciat,
2145 312 2186 335 ne
2199 303 2289 345 petet
2308 299 2389 345 q*
2413 314 2420 320 ·
2484 302 2499 348 f}

1356 359 1431 391 dem
1453 371 1462 391 :
1486 368 1551 392 non
1573 359 1660 392 enim
1673 358 1816 392 hominis
1831 359 1967 393 benefici
1989 362 2057 400 est,
2080 361 2176 394 facile
2194 360 2390 397 heneficium
2456 362 2463 382 ἓ
2491 355 2499 359 ”

1357 417 1502 460 accipere
1516 427 1523 447 :
1538 416 1636 451 faciet
1647 419 1769 459 tamen,
1790 417 1878 451 unde
1889 418 2030 458 debebit,
2054 422 2220 462 quaestum
2233 419 2391 453 nimiru-

1357 483 1375 506 e
1390 474 1652 516 possessionibus
1664 474 1745 516 suis,
1756 485 1821 508 non
1838 476 1928 518 quod
1939 476 2124 523 pulchrum⁸
2135 479 2272 518 statuat,
2288 485 2390 522 pom-

1357 532 1445 565 niam
1464 533 1526 566 sibi
1540 532 1668 574 faeere,
1684 534 1742 567 sed
1755 535 1833 577 quia
1851 544 1982 568 necesse
1998 537 2058 575 est,
2073 537 2112 569 ut
2127 535 2249 570 donare
2261 536 2388 580 pom·

1357 590 1498 633 ideoque
1515 600 1576 624 nec
1587 600 1663 625 suas
1679 601 1756 634 opes
1767 593 1927 635 negliget,
1951 593 2072 636 quippe
2084 593 2143 677 qui
2161 601 2220 636 per
2233 601 2301 628 eu
2305 602 2388 629 nnn-
2478 631 2480 633 ,

1357 649 1457 682 nullis
1478 650 1632 692 prodesse
1646 651 1740 686 velit.

1398 711 1513 751 Neque
1529 710 1732 752 quibuslibet
1743 710 1913 752 largietur,
1938 712 1976 743 ut
1993 671 2146 754 suppetat
2162 711 2193 744 ei
2214 678 2311 754 quod
2318 710 2394 745 lm·

1358 767 1421 810 giri
1442 769 1546 811 possit
1561 769 1684 811 quibus
1708 771 1857 812 oportet,
1891 771 1925 802 et
1951 779 2018 812 quo
2037 772 2184 812 tempore
2201 771 2236 804 et
2255 769 2314 804 uhi
2327 769 2394 803 hm

1357 829 1488 860 nestum
1503 830 1554 861 est
1569 837 1578 859 ε
1596 829 1754 861 caeterum
1770 828 1834 861 viri
1846 828 1943 862 valde
1957 828 2102 862 liberalis
2114 830 2165 862 est
2177 828 2226 862 ita
2239 827 2276 861 in
2285 826 2395 862 danen

1357 886 1493 919 modum
1509 886 1666 920 excedere
1677 912 1685 927 ,
1700 888 1738 919 ut
1754 887 1817 920 sibi
1831 887 1958 920 minora
1973 887 2150 930 relinquat.
2162 886 2291 930 Quippe
2299 895 2395 920 sum

1358 947 1535 980 utilitatem
1550 947 1712 989 negligere
1726 948 1880 980 maximae
1891 947 2099 989 liberalitatis
2110 949 2171 981 est.
2182 949 2298 990 Neque
2307 946 2394 980 enim

1357 1005 1581 1048 magnitudine
1600 1008 1658 1039 aut
1676 1006 1892 1040 multitudine
1905 1015 2019 1040 eorum
2037 1015 2113 1050 quae
2135 1006 2256 1040 dantur
2271 1005 2394 1040 libera-‘-

1359 1068 1434 1100 litas
1448 1067 1627 1110 judicatur,
1647 1068 1704 1101 sed
1721 1067 1928 1110 proportione
1944 1070 1979 1101 et
1993 1067 2121 1100 ratione
2131 1091 2141 1107 ,
2165 1075 2232 1110 qua
2247 1065 2392 1100 danaae

1357 1126 1509 1159 donantis
1522 1125 1694 1160 facultates
1704 1125 1893 1160 referuntur
1907 1139 1916 1159 ι
1930 1126 2023 1169 (hinc
2035 1126 2121 1159 enim
2135 1125 2236 1159 animi
2247 1124 2393 1162 liberalis

1358 1184 1488 1219 affectio
1507 1185 1666 1228 probatur
1684 1185 1716 1227 τ)
1731 1185 1945 1228 quamobrem
1961 1185 2045 1218 nihil
2062 1183 2216 1227 prohibet
2227 1191 2394 1219 eunome

1357 1243 1590 1283 liberaliorem,
1612 1244 1671 1286 qui
1695 1252 1713 1276 e
1731 1243 1842 1286 parvis
1865 1242 2080 1277 facultatibus
2097 1235 2261 1286 pauciora
2274 1242 2392 1283 donet,

1358 1312 1460 1345 quam
1475 1303 1534 1346 qui
1546 1303 1651 1336 multa
1673 1312 1691 1336 e
1708 1303 1901 1345 majoribus.
1924 1303 2043 1337 Evenit
2063 1304 2174 1336 autem
2187 1302 2392 1346 plerumque,

1357 1363 1396 1394 ut
1420 1362 1479 1404 qui
1499 1371 1577 1395 suas
1591 1361 1766 1395 facultates
1788 1370 1853 1395 non
1877 1361 2010 1404 proprio
2039 1361 2152 1395 labore
2177 1362 2392 1405 pepetflmt..

1358 1421 1416 1454 sed
1443 1420 1486 1454 ab
1512 1421 1587 1454 affis
1603 1422 1716 1464 partas
1734 1423 1949 1464 acceperunt,
1968 1421 2170 1454 liberaliores
2192 1419 2392 1454 videantur:

1356 1479 1411 1513 vel
1437 1480 1516 1522 quia
1550 1479 1635 1513 tales
1665 1479 1820 1522 egestatis
1845 1480 2089 1513 incommodum
2121 1484 2303 1522 nunquam·
2319 1480 2396 1514 sunt

1358 1538 1503 1580 experti,
1520 1537 1660 1580 ideoque
1683 1547 1748 1571 non
1763 1547 1958 1581 magnopere
1981 1537 2107 1571 divitiis
2125 1536 2294 1571 adhaerent
2306 1546 2319 1570 t
2340 1536 2396 1571 vel

1357 1597 1451 1639 quia,
1472 1599 1511 1630 ut
1529 1599 1680 1640 parentes
1696 1599 1730 1630 et
1745 1597 1879 1640 opifices
1897 1597 2020 1636 solent,
2039 1596 2143 1638 magis
2158 1597 2271 1629 amant
2290 1601 2395 1639 peom-

1357 1655 1429 1688 nias
1447 1655 1507 1698 qui
1520 1664 1576 1688 eas
1592 1656 1828 1698 quaesiverunt.
1869 1657 1911 1688 At
1926 1655 2080 1689 liberales
2098 1663 2164 1688 non
2180 1655 2320 1697 possim
2333 1654 2396 1688 ad·

1357 1713 1494 1749 modum
1514 1714 1719 1757 locupletari,
1733 1713 1812 1756 quia
1829 1723 1938 1756 neque
1954 1713 1997 1747 ad
2013 1712 2239 1756 accipiendum
2250 1713 2396 1756 prompti

1357 1774 1454 1811 sunt,
1481 1781 1589 1814 neque
1614 1772 1658 1806 ad
1675 1772 1917 1805 conservandas
1942 1781 2022 1815 opes
2040 1780 2118 1806 suas
2138 1771 2220 1806 satis
2242 1771 2390 1815 providi,

1358 1831 1415 1864 sed
1444 1830 1555 1873 potius
1587 1831 1631 1865 ad
1657 1831 1857 1873 erogandum
1883 1831 1990 1873 parati
2019 1840 2027 1859 ε
2053 1840 2158 1874 quum
2178 1840 2244 1864 non
2268 1841 2329 1875 per
2360 1839 2397 1865 se

1357 1888 1467 1930 magni
1486 1889 1650 1922 aestiment
1661 1889 1826 1931 pecunias,
1839 1888 1898 1922 sed
1912 1888 2063 1922 beneficii
2077 1887 2265 1922 conferendi
2281 1897 2391 1923 causa.

1358 1949 1467 1986 Quare
1480 1947 1543 1981 hoc
1557 1947 1699 1980 fortunm
1715 1947 1815 1980 etiam
1833 1947 2006 1989 objicimus
2016 1973 2024 1987 ,
2045 1947 2136 1990 quod
2160 1947 2316 1981 liberales
2328 1956 2394 1980 nou

1360 2007 1426 2039 sint
1441 2006 1581 2046 divites,
1601 2006 1755 2049 quamvis
1768 2005 1895 2039 divitiis
1912 2007 1946 2039 et
1959 2005 2079 2049 opibus
2097 2005 2164 2039 sint
2179 2004 2281 2048 digni.
2325 2006 2397 2039 Hoc
2426 2034 2427 2037 ,

1360 2066 1472 2099 autem
1493 2074 1560 2098 non
1579 2066 1703 2098 temere
1723 2064 1842 2097 accidit
1858 2076 1866 2096 ε
1890 2063 2054 2106 quomodo
2068 2063 2155 2097 enim
2176 2062 2247 2097 lieri
2262 2064 2393 2106 potest,

1357 2125 1395 2156 ut
1415 2123 1562 2166 pecuniis
1577 2123 1723 2156 abundet
1736 2123 1766 2156 is
1779 2123 1839 2165 qui
1854 2132 1987 2165 operam
2001 2131 2067 2155 non
2084 2122 2144 2155 dat
2155 2148 2163 2161 ,
2186 2123 2226 2155 ut
2239 2121 2397 2164 pecunio-

1358 2191 1415 2215 sus
1432 2182 1500 2215 sit?
1515 2181 1792 2224 quemadmodum
1807 2190 1916 2224 neque
1933 2181 2025 2214 eliud
2039 2180 2224 2224 quidquam
2237 2180 2307 2215 sine
2327 2181 2397 2214 stu-

1358 2241 1412 2274 dio
1436 2250 1475 2274 ac
1487 2240 1656 2283 diligentia
1677 2242 1896 2283 comparatur.
1915 2239 2076 2279 Quocirca
2097 2248 2159 2273 nec
2178 2238 2327 2274 liberalis
2345 2238 2393 2275 die

1357 2297 1423 2330 tari
1445 2297 1582 2339 poterit,
1601 2307 1705 2340 quum
1731 2306 1841 2340 neque
1862 2297 1994 2331 aliunde
2014 2297 2187 2340 pecuniam
2203 2298 2334 2340 quaerat
2360 2298 2396 2331 et
2432 2313 2434 2315 >

1357 2366 1436 2399 opes
1451 2366 1529 2390 suas
1544 2356 1708 2399 prodigat.

1398 2470 1563 2501 Praeterea
1580 2477 1639 2502 nec
1656 2468 1779 2511 quibus
1800 2478 1865 2501 non
1891 2468 1990 2501 debet
2004 2477 2065 2501 nec
2085 2477 2152 2511 quo
2167 2469 2316 2510 tempore
2330 2476 2396 2501 non

1357 2519 1466 2559 debet,
1488 2521 1546 2554 dat
1565 2534 1573 2554 ε
1599 2531 1640 2554 ne
1671 2523 1847 2563 postquam
1865 2521 2038 2563 pecuniam
2053 2520 2089 2554 in
2115 2529 2168 2554 res
2186 2520 2320 2554 inutiles
2336 2520 2397 2554 im-

1357 2574 1517 2616 penderit,
1537 2575 1584 2607 ita
1598 2575 1692 2617 inops
1706 2575 1899 2617 reperiatur,
1917 2575 2001 2607 utin
2021 2584 2074 2608 res
2088 2574 2287 2608 necessarias
2304 2583 2396 2608 sum·

1357 2629 1413 2660 tus
1433 2627 1541 2662 facere
1568 2631 1727 2671 nequeat,
1758 2637 1797 2661 ac
1827 2637 1933 2671 neque
1953 2628 2076 2670 quibus
2094 2627 2212 2667 debet,
2245 2635 2308 2660 nec
2326 2635 2394 2669 quo

1355 2681 1503 2723 tempore
1518 2680 1617 2713 debet
1629 2681 1708 2713 dare
1724 2681 1837 2722 possit.
1859 2682 1919 2713 Est
1934 2680 2020 2713 enim
2037 2680 2067 2712 is
2079 2679 2238 2725 liberalis,
2248 2680 2289 2712 ut
2305 2678 2395 2712 dixi-

1355 2741 1440 2770 mus,
1467 2732 1526 2774 qui
1551 2742 1611 2774 pro
1640 2732 1855 2765 facultatibus
1882 2732 1918 2764 in
1944 2740 1998 2765 res
2019 2731 2218 2764 necessarias
2246 2732 2395 2765 sumtum

1354 2784 1433 2818 facit
1454 2797 1463 2817 ι
1482 2786 1542 2828 qui
1559 2795 1638 2819 vero
1653 2786 1776 2818 temere
1791 2785 1939 2828 largitur,
1964 2784 2120 2828 prodigus
2138 2785 2199 2817 est.
2226 2783 2394 2822 Quamob-

1354 2847 1425 2874 rem
1443 2847 1536 2879 reges
1559 2847 1625 2871 non
1646 2837 1786 2870 dicimus
1810 2838 1963 2879 prodigos
1977 2862 1986 2876 ,
2000 2836 2077 2869 licet
2092 2836 2198 2869 multa
2213 2837 2246 2869 et
2258 2835 2395 2879 anpliu-

1357 2890 1439 2923 sima
1469 2899 1606 2923 munera
1622 2891 1701 2923 dent
1726 2902 1734 2922 ε
1754 2891 1832 2932 quia
1854 2889 2051 2922 facultatum
2075 2889 2258 2924 amplitudo
2275 2898 2394 2922 muue-

1354 2952 1428 2974 rum
1443 2942 1693 2984 amplitudinem
1709 2950 1862 2984 superare
1883 2941 2027 2979 videtur,
2051 2949 2245 2983 semperque
2266 2940 2387 2980 evenit,

1354 2996 1392 3027 ut
1415 2994 1511 3036 plura
1534 2994 1738 3037 possideant,
1762 3002 1864 3036 quam
1880 3001 1956 3035 quae
1982 2992 2185 3034 impendunt.

1394 3052 1555 3091 Quoniam
1579 3052 1681 3094 igitur
1714 3051 1893 3085 liberalitas
1918 3050 2127 3086 mediocritas
2146 3052 2217 3090 est,
2256 3059 2333 3093 qum
2356 3050 2392 3084 iu

1353 3110 1469 3144 dandis
1488 3113 1521 3144 et
1546 3111 1741 3153 accipiendis
1759 3109 1907 3153 pecuniis
1927 3109 2080 3149 vertitur,
2102 3109 2259 3151 largietur
2273 3111 2307 3143 et
2326 3108 2392 3142 im-

1351 3170 1474 3212 pendet
1503 3170 1648 3203 liberalis
1672 3170 1706 3202 in
1731 3179 1787 3202 eas
1810 3177 1863 3202 res
1885 3169 1919 3201 in
1938 3177 2022 3210 quas
2042 3168 2152 3209 debet,
2171 3170 2204 3202 et
2229 3169 2391 3210 quantum

1351 3228 1466 3267 debet,
1493 3228 1596 3271 idque
1619 3238 1684 3262 non
1698 3228 1794 3261 aliter
1809 3228 1844 3260 in
1864 3227 1976 3270 parvis
1994 3237 2095 3270 quam
2119 3228 2154 3260 in
2169 3226 2313 3269 magnis,
2331 3226 2390 3260 sed

1656 3367 1713 3387 *²⁹*
1731 3368 1794 3405 Τῆς
1810 3364 2062 3408 ἐλευθεριότητος
2078 3365 2117 3403 δὴ
2135 3364 2312 3406 μεσότητος
2331 3361 2387 3395 οὗ·
