2508 3776
97 308 109 316 Ι
145 261 284 317 πράξεις
301 260 369 301 ὑπὸ
385 260 517 305 ἐνδείας
535 260 557 310 ἢ
573 262 768 315 ὖπερὸολῆς
784 263 958 318 πεφύκασι
977 265 1188 319 φθείρεσθαι·

139 321 266 376 ὅσπερ
285 321 344 361 ἐπὶ
362 323 423 368 τῆς
441 320 562 373 ἰσχύος
583 320 643 359 καὶ
662 324 723 368 τ’ῆς
742 322 870 374 ὑγιείας
887 326 1035 375 ὁρῶμεν·
1055 326 1109 363 δεῖ
1123 325 1191 378 γὰρ

101 381 113 411 ῖ.·
143 379 238 435 fid?
251 383 320 420 τῶν
339 381 482 434 ἀφανῶν
505 383 575 424 τοῖς
596 381 756 435 φανεροῖς
773 382 976 435 μαρτυρίοις
997 386 1151 437 χρῆσθαι
1166 384 1187 425 ¹.

97 438 202 481 ‘stre'
219 454 258 478 τε
279 438 347 492 γὰρ
361 438 626 492 ὖπερὸοίλλοντα
640 440 820 491 γυμνάσια
840 441 903 488 τὴν
920 443 1021 495 ἰσχὺν
1039 447 1101 482 τοῦ
1122 443 1191 483 σώ-

32 513 36 516 >
134 511 252 571 gez-oq
271 496 461 550 διαφθείρει
476 527 486 545 ,
503 498 563 536 καὶ
584 496 627 535 τὰ
657 498 861 537 ἐλλείποντα
876 503 938 538 τοῦ
958 502 1109 554 μετρίου·
1134 502 1191 541 τὸν

95 598 106 610 Γ
140 550 248 652 ξιὶἷὸν
277 554 312 594 δὲ
340 555 469 608 τρόπον
501 556 561 594 καὶ
584 556 629 595 τὰ
648 555 743 595 σιτία
773 557 833 595 καὶ
864 557 910 597 τὰ
928 560 1034 598 ποτά·
1059 560 1103 600 τὰ
1129 561 1192 611 μὲν

140 618 172 671 ξπ
187 613 256 652 ’ίω
273 612 296 662 ἢ
316 613 452 653 ἐλάττω
479 617 547 653 τῶν
565 614 712 653 δεόντων
733 613 796 662 τὴν
820 616 952 667 ὑγίειαν
975 618 1189 667 ἀπελαύνει,

81 669 90 721 γ’
138 671 188 712 ῗτᾶ
207 673 302 725 μίσα
330 673 367 712 δὲ
393 673 454 712 καὶ
472 678 566 713 ποιεῖ
583 673 645 712 καὶ
665 673 759 718 αὔξει
784 674 844 712 καὶ
867 675 982 721 σώζει·
1000 678 1110 723 οὕτως
1130 672 1190 717 οὖν

76 726 85 734 ”
142 730 204 771 καὶ
224 731 284 788 ἐπὶ
301 736 364 780 τῆς
380 731 604 786 σωφροσύνης
631 731 692 771 καὶ
711 736 774 780 τῆς
799 734 990 786 ἀνδρείαςὲ
1014 737 1106 788 ἔχει,
1128 737 1190 775 καὶ

73 808 91 840 j
140 790 214 847 τῶν
230 791 347 832 ἄλλων
378 793 525 844 ἀρετῶν.
551 789 603 831 Ὅ
619 806 658 829 τε
686 791 754 844 γὰρ
771 790 788 814 ¹¹
818 792 933 831 πάντα
964 795 1099 846 φεύγων
1130 795 1190 834 καὶ

70 855 86 905 “¹3
142 845 356 907 φοβούμενος
380 849 440 889 καὶ
469 849 577 900 μηδὲν
598 850 779 900 ὑπομένων
806 850 915 894 δειλὸς
943 852 1088 903 γίνεται·
1110 854 1130 891 ὅ
1149 870 1187 891 τε

74 912 93 961 ³„
137 902 253 966 μηδὲν
273 908 364 954 ὅλως
395 909 607 963 φοὸούμενος
621 938 632 956 ,
656 909 747 948 ἀλλὰ
769 910 854 961 πρὸς
875 910 990 949 πάντα
1015 913 1189 964 βαδίζων,

132 959 284 1026 ,θρασύς
302 969 456 1022 ἀνδρεῖος
472 967 529 1017 δέ,
547 971 565 1007 ὁ
579 968 697 1020 μέσος.
715 967 869 1020 Ὁμοίως
883 969 918 1008 δὲ
933 971 993 1009 καὶ
1011 974 1033 1019 ἡ
1051 987 1191 1025 σωφρο-

75 1045 77 1047 ’
134 1019 227 1089 ιἰἑῦνη
245 1028 313 1068 ὑπὸ
331 1031 392 1078 τῆς
411 1028 608 1080 ὑπερὸολῆς
628 1029 687 1067 καὶ
709 1029 896 1082 ἐλλείψεως
922 1030 1112 1083 φθείρεται·
1129 1031 1190 1070 καὶ

134 1084 208 1150 γγᾶρ
223 1088 243 1127 ὃ
264 1087 327 1140 μὲν
347 1088 463 1137 πάσης
483 1088 609 1136 ἡδονῆς
629 1089 817 1127 ἀπολαύων
833 1090 892 1128 καὶ
912 1091 1088 1140 μηδεμιᾶς
1103 1092 1192 1129 ἀπε-

132 1142 289 1202 χόμενος
309 1146 502 1189 ἀκόλαστός
524 1148 634 1186 ἐστιν·
656 1149 674 1185 ὁ
699 1148 736 1185 δὲ
754 1147 873 1192 πάσας
893 1149 1027 1201 φεύγων
1041 1179 1050 1197 ,
1071 1148 1192 1202 ὥσπερ

140 1205 182 1244 οῖ’
201 1204 380 1260 ἄγροικοι,
401 1206 620 1254 ἀναίσθητος·
649 1207 668 1244 ὁ
692 1205 728 1244 δὲ
750 1205 856 1257 μέσος
873 1209 891 1244 ὁ
914 1207 1062 1261 σώφρων
1083 1209 1190 1246 ἐστίν·

11 1248 13 1250 ¹
70 1303 73 1306 .
139 1265 212 1368 ΞΞΞ
223 1267 287 1314 τῆς
301 1264 492 1318 μεσότητος
501 1264 570 1318 γὰρ
581 1264 641 1303 καὶ
655 1268 678 1314 ἡ
695 1264 901 1318 σωφροσύνη
916 1266 975 1305 καὶ
990 1270 1012 1314 ἡ
1028 1266 1189 1319 σίνδρείοιι

63 1330 79 1345 »-
212 1337 302 1364 εται.

192 1380 213 1403 *
229 1384 284 1422 Οὗ
300 1380 406 1434 μόνον
417 1381 455 1421 δὲ
471 1381 508 1420 αἱ
524 1381 710 1435 ἐνέργειαι,
727 1382 770 1420 δι’
786 1376 834 1421 ὧν
855 1384 891 1422 αἱ
905 1382 1056 1435 γενέσεις
1074 1383 1135 1423 καὶ
1155 1385 1191 1423 αἱ

4 1471 6 1473 ·
32 1447 34 1451 ’
60 1431 71 1490 ’,ς
133 1435 301 1488 ἀὗξήσεις
320 1442 391 1479 τῶν
423 1441 581 1493 ἀρετῶν,
614 1439 675 1479 καὶ
706 1442 743 1479 αἱ
774 1442 925 1494 φθοραί,
960 1442 1191 1490 καταλλήλως

138 1495 262 1553 ἔχουσι
290 1503 362 1543 τοῖς
380 1498 670 1549 ἀποτελουμένοις
683 1531 694 1550 ,
716 1499 845 1550 ἀγαθαὶ
872 1499 935 1551 μέν
950 1529 962 1548 ,
993 1503 1023 1539 εἷ
1042 1502 1191 1552 γεννῶσι

138 1557 202 1610 καὶ
223 1556 384 1605 αὔξουσι,
418 1559 550 1611 φαῦλαι
571 1558 630 1604 δέ,
663 1559 692 1595 εἷ
716 1557 927 1609 φθείρουσιν·
950 1558 1041 1597 ἀλλὰ
1063 1559 1123 1598 καὶ
1154 1561 1190 1598 αἱ

126 1615 230 1683 νμετὰ
246 1616 309 1660 τὰς
329 1615 414 1662 ἔξεις
426 1618 496 1654 τῶν
514 1618 648 1669 ἀρετῶν
668 1617 859 1669 ἐνέργειαι,
879 1611 930 1656 ὧν
946 1617 1056 1656 αἴτιαί
1074 1620 1157 1657 εἰσιν
1175 1620 1190 1641 '¹

137 1674 176 1725 αἶ
194 1672 280 1721 ἕξεις
297 1674 466 1728 ὡσαύτως
485 1673 619 1727 ἔχουσι·
642 1675 702 1714 καὶ
735 1676 840 1723 δῆλον
863 1677 934 1715 ἀπὸ
961 1679 1030 1715 τῶν
1059 1679 1190 1729 ὁμοίων

128 1735 207 1778 4”ι·ι“ι“ιν
228 1734 496 1789 φανερωτέρων.
519 1734 568 1773 Ἡ
590 1734 658 1788 γὰρ
675 1733 776 1787 ἰσχὺς
795 1734 931 1785 γίνεται
950 1737 990 1774 ἐκ
1015 1740 1076 1776 τοῦ
1096 1739 1189 1776 πολ-

130 1786 202 1851 λῆν
218 1793 349 1848 τροφὴν
370 1793 564 1844 λαμὸάνειν
587 1794 648 1832 καὶ
677 1792 827 1838 πολλοὺς
850 1794 973 1839 πόνους
991 1797 1187 1847 ὑπομένειν·

135 1851 196 1892 καὶ
217 1852 322 1893 πάλιν
337 1854 360 1901 ἡ
378 1851 479 1905 ἰσχὺς
496 1851 592 1891 αἰτία
613 1852 747 1904 γίνεται
768 1853 898 1900 ταύτης
918 1856 981 1900 τῆς
1000 1854 1187 1907 ἐνεργείας·

134 1902 240 1969 δγᾷρ
259 1911 402 1965 ἰσχυρὸς
431 1910 576 1951 δύναται
605 1911 760 1963 μάλιστα
786 1911 921 1959 πολλὴν
941 1912 1071 1966 τροφὴν
1091 1916 1187 1965 λαμ-

130 1960 276 2024 'edum
296 1971 358 2010 καὶ
388 1969 536 2014 πολλοὺς
568 1972 694 2015 πόνους
725 1970 928 2022 ὑπομένειν.
962 1970 1121 2022 Ὁμοίως
1149 1973 1184 2011 δὲ

128 2028 195 2069 ’κῗαὶ
225 2029 285 2069 ἐπὶ
305 2031 374 2069 τῶν
394 2031 528 2081 ἀρετῶν
554 2029 641 2081 ἔχει·
671 2030 732 2068 καὶ
755 2029 823 2083 γὰρ
855 2032 894 2068 ἐκ
912 2032 974 2068 τοῦ
991 2030 1186 2083 ἀπέχεσθαι

134 2089 206 2127 τῶν
222 2089 362 2136 ἡδονῶν
389 2087 565 2141 σώφρονες
595 2087 783 2138 γινόμεθα,
803 2088 864 2127 καὶ
888 2087 1063 2142 σώφρονες
1090 2091 1187 2143 γενό-

135 2163 233 2201 μενοι
249 2147 428 2199 δυνάμεθα
443 2150 513 2187 τῶν
529 2148 662 2195 ἡδονῶν
680 2147 875 2199 ἀπέχεσθαι
892 2149 1039 2198 μᾶλλον
1058 2149 1185 2199 ὁμοίως

139 2199 258 2247 δὲ’καὶ
274 2206 333 2246 ἐπὶ
353 2209 418 2255 τῆς
440 2206 611 2260 ἀνδρείας·
627 2206 635 2230 ¹
657 2207 847 2255 ἐθιζόμενοι
865 2206 934 2260 γὰρ
953 2211 1184 2261 καταφρονεῖν

131 2266 204 2323 τῶν
220 2265 377 2321 φοὸιρῶν
391 2271 418 2289 ¹¹²
438 2266 496 2306 καὶ
512 2265 698 2317 ὑπομένειν
715 2265 818 2314 αὐτοί,
833 2266 999 2318 γινόμεθα
1021 2267 1184 2319 ἀνδρεῖοι·

122 2325 313 2379 ὶγενόμενοι
333 2326 370 2365 δὲ
398 2325 483 2364 αὖτὸ
514 2328 617 2364 τοῦτο
647 2324 754 2364 πάλιν
788 2324 895 2364 πλέον
917 2325 1096 2376 δυνάμεθα
1123 2326 1182 2365 καὶ

127 2384 317 2436 §nep-(irent
337 2383 383 2424 τὰ
401 2383 548 2438 φοὸερά.

119 2474 136 2480 ε.
185 2444 356 2497 (Scripsi
376 2457 386 2484 ε
404 2449 419 2466 ¹²
451 2444 598 2494 εἰδῶμεν
626 2442 662 2481 τί
687 2444 804 2495 ἐστιν]
828 2443 946 2493 vulgo
978 2441 1126 2493 εἷδῶμέν
1146 2443 1182 2482 τί

126 2503 238 2545 ἔστιν.
257 2525 312 2535 -
330 2502 348 2527 ³
367 2503 551 2555 σημᾶναι]
579 2503 701 2553 vulgo
731 2501 905 2552 σημάναι.
927 2507 1007 2531 -θ
1036 2501 1070 2539 τί
1090 2502 1179 2548 ἐστι,

127 2561 171 2603 τὸ
197 2563 311 2616 ζῷον]
334 2563 455 2613 vulgo
486 2561 521 2601 τί
553 2562 646 2600 ἐστιν
658 2592 668 2611 ,
703 2561 744 2599 τὸ
776 2562 876 2607 ζῶον.
908 2583 962 2592 -
980 2559 997 2583 ‘¹
1030 2559 1090 2598 καὶ
1108 2563 1182 2605 πῶς

129 2620 231 2676 ἔχει]
266 2621 355 2662 cod.
393 2620 455 2661 καί
479 2637 552 2665 πως
578 2621 665 2674 ἔχει.
699 2642 754 2650 -
773 2626 787 2643 ‘³
817 2621 896 2659 καθ’
918 2619 1078 2671 ἕκαστα]
1102 2620 1179 2669 bis3

107 2681 258 2733 affligo*
282 2680 498 2722 καθέκαστα.
528 2683 610 2710 —s
636 2680 812 2732 χρῆσθαι]
843 2679 930 2719 cod.
969 2681 1178 2732 κεχρῆσθαι.

126 2762 181 2773 —
194 2747 212 2772 ⁸
229 2740 416 2795 ἀνδρείας]
434 2739 522 2778 cod.
540 2738 691 2791 ἀνδρίας.
707 2739 789 2768 —h
809 2736 830 2775 ὅ
845 2752 883 2784 τε
902 2736 992 2789 γὰρ]
1016 2738 1135 2788 vulgo
1147 2737 1178 2789 ὅ,

120 2815 167 2842 ,τε
186 2799 266 2854 γὰρ.
283 2820 338 2830 -
355 2801 364 2826 ³
380 2797 542 2851 ἀνδρεία]
561 2798 649 2837 cod.
673 2797 811 2850 ἀνδρία.
832 2818 886 2827 —
904 2805 918 2828 k
936 2796 1046 2834 αἴτιαί
1066 2798 1178 2849 εἰσιν]

111 2859 245 2909 uulgo
275 2859 386 2899 αἴτιαι
414 2858 515 2898 εἰσὶν.
531 2858 606 2889 -¹
624 2856 804 2909 ἀνδρείας]
831 2856 919 2895 cod.
952 2854 1170 2908 ἀνδρίας.-

167 2921 239 2972 viiiv
257 2917 436 2975 φοὸερῶν]
458 2931 506 2957 ex
528 2917 759 2964 Aristotele3
785 2915 872 2955 cod.
895 2917 964 2953 τῶν
987 2917 1164 2968 ἡδονῶν.)

574 3050 662 3103 Κεφ.
686 3047 733 3099 γ’.

164 3151 166 3155 ‚
198 3161 275 3197 Ὀτι
296 3161 372 3207 περὶ
389 3159 509 3202 ἡδονὰς
527 3160 583 3194 καὶ
605 3160 706 3198 λύπας
728 3159 816 3191 ἐστὶν
835 3158 855 3196 ἡ
877 3155 972 3195 ἠθικὴ
989 3156 1103 3199 ἀρετή.

129 3254 133 3258 .
178 3266 223 3288 *ι*
242 3237 344 3304 Ἐπεὶ
357 3265 393 3304 δὲ
406 3263 468 3304 §eat
487 3263 568 3316 πρὶν
583 3263 631 3307 εἷς
649 3261 717 3307 ἕξιν
733 3261 842 3301 ἐλθεῖν
858 3260 983 3312 ἀρετῆς
1002 3256 1062 3295 καὶ
1082 3254 1173 3307 μετὰ

126 3323 190 3372 τὴν
209 3323 278 3369 ἕξιν
297 3323 361 3367 τὰς
392 3322 498 3366 αὐτὰς
517 3321 786 3369 ἐπιδεικνύμεθα
819 3316 1013 3371 ἐνεργείας,
1034 3315 1069 3353 τί
1099 3331 1144 3363 ση

623 173 931 216 ETHICORUM
959 175 1418 221 NlCOMACHEORUM
1448 179 1822 221 PARAPHRASIS.

2217 159 2297 218 333³

1251 274 1398 308 actiones
1412 275 1529 308 virtuti
1548 277 1783 309 consentaneas
1803 274 1844 307 ab
1860 282 1899 307 eo
1917 271 2007 316 quod
2023 280 2141 314 parum
2156 271 2190 303 et
2205 270 2246 303 ab
2263 279 2301 302 eo

1251 327 1342 370 quod
1354 328 1493 360 nimium
1503 331 1563 366 est,
1577 323 1743 369 corrumpi
1756 336 1794 359 ac
1806 325 1922 369 perimi
1935 325 2040 358 solere
2050 327 2179 362 natura,
2187 332 2301 365 quem-

1252 378 1433 412 admodum
1445 381 1478 412 in
1495 380 1622 413 viribus
1638 379 1783 422 eorporis
1797 382 1829 412 et
1842 378 2032 412 valetudine
2046 377 2116 410 fieri
2127 375 2298 409 videmus:

1251 433 1435 475 perspicuis
1449 434 1536 466 enim
1556 434 1716 475 exemplis
1732 433 1773 465 ad
1794 443 1832 465 ea
1850 442 1925 475 quae
1939 432 2079 464 obscura
2095 432 2173 463 sunt
2195 428 2301 462 decla-

1252 486 1365 525 randa.
1388 487 1566 520 testimonii
1580 488 1651 519 looe
1666 487 1827 519 utendum
1845 489 1906 519 est.
1929 488 2012 518 Nam
2029 488 2061 517 et
2074 483 2301 517 immoderata»

1252 543 1285 573 et
1306 541 1478 582 pauciores
1500 543 1558 574 aut
1574 541 1777 574 remissiores
1794 550 1895 583 quam
1913 549 1972 582 par
1992 540 2036 572 sit
2052 536 2302 571 exercitationes

1252 593 1398 634 corporis
1410 593 1498 626 vires
1516 593 1670 625 minuunt
1685 595 1718 625 et
1732 594 1959 634 corrumpunt,
1974 592 2122 633 itemque
2133 589 2300 622 esculenta

1252 646 1284 677 et
1294 645 1466 687 potulenta
1482 654 1577 687 aeque
1590 645 1770 687 copiosiora
1784 654 1822 677 ac
1841 644 1989 686 parciora
2004 642 2229 675 valetudinem
2243 641 2302 673 lae-

1251 697 1336 729 dunt
1349 706 1387 730 ac
1404 697 1545 739 perdunt
1564 708 1571 727 :
1587 700 1715 730 atvero
1732 697 1904 729 moderata
1921 695 2068 729 efficiunt
2081 705 2166 733 eam,
2182 695 2302 735 augent

1252 757 1291 780 ac
1302 752 1451 784 tuentur.
1466 750 1590 783 Eodem
1601 750 1703 792 igitur
1710 750 1809 783 modo
1820 759 1854 782 se
1868 759 1921 783 res
1928 750 2023 782 habet
2038 747 2302 790 intemperantia

1252 811 1386 844 quoque
1404 806 1438 836 et
1450 803 1644 836 fortitudine
1657 804 1854 846 caeter1sque
1875 803 2066 835 virtutibus
2089 804 2171 834 Nam
2190 803 2228 833 ut
2244 800 2302 842 qui

1252 852 1336 896 fugit
1355 857 1389 887 et
1401 856 1587 889 extimescit
1612 857 1722 889 omnia
1734 883 1741 895 ,
1761 866 1868 898 neque
1886 856 2069 898 quidquam
2089 855 2246 894 sustinet,
2275 855 2304 887 is

1251 906 1390 939 timidus
1407 907 1550 940 efficitur
1569 919 1576 938 :
1596 909 1644 941 sic
1656 909 1714 951 qui
1734 909 1867 941 omnino
1883 909 1961 941 nihil
1979 908 2109 947 metuit,
2130 907 2304 940 sedomni-

1252 958 1315 990 bus
1332 959 1486 1000 periculis
1513 969 1549 993 se
1572 959 1682 999 offert,
1703 960 1741 992 fit
1758 960 1867 993 audax
1895 974 1902 993 z
1918 960 2066 993 medium
2082 963 2195 993 autem
2209 959 2304 1003 quid-

1251 1011 1327 1044 dam
1352 1014 1442 1045 tenet
1472 1011 1579 1046 fortis.
1611 1013 1770 1046 Similiter
1790 1015 1823 1046 et
1851 1013 2067 1055 temperantia
2087 1013 2128 1045 ab
2154 1022 2192 1045 eo
2213 1011 2304 1055 quod

1251 1065 1392 1098 nimium
1405 1068 1456 1099 est
1469 1068 1503 1100 et
1518 1075 1638 1108 parum
1651 1067 1875 1108 corrumpitur
1889 1076 1897 1095 ε
1915 1066 2036 1099 etenim
2052 1068 2126 1098 tum
2139 1066 2198 1108 qui
2214 1066 2303 1098 omni
2327 1058 2330 1061 ’

1251 1127 1369 1160 genere
1385 1119 1568 1161 voluptatis
1595 1118 1780 1161 perfruitur
1797 1118 1955 1160 nullaque
1983 1127 2055 1150 sese
2071 1118 2237 1159 abstinet,
2253 1118 2304 1151 in-

1251 1174 1450 1215 temperans,
1469 1175 1542 1205 tum
1554 1173 1613 1216 qui
1625 1173 1667 1206 ab
1685 1172 1839 1205 omnibus
1856 1170 2000 1213 refugit,
2022 1171 2303 1214 quemadmodum

1252 1225 1358 1258 solent
1373 1225 1524 1258 homines
1547 1227 1694 1267 agrestes
1706 1251 1713 1264 ,
1741 1224 1896 1267 stupidus
1918 1223 2030 1257 evadit
2048 1233 2056 1252 ι
2080 1223 2138 1256 sed
2157 1224 2304 1257 modium

1252 1278 1411 1321 quiddam
1428 1281 1518 1311 tenet
1537 1280 1726 1321 temperans
1737 1305 1744 1317 ‚
1767 1278 1933 1320 siquidem
1948 1277 2161 1310 mediocritas
2176 1279 2210 1310 et
2224 1280 2306 1310 tem-

1251 1332 1435 1374 perantiam
1455 1334 1488 1365 et
1506 1331 1738 1365 fortitudinem
1761 1333 1884 1364 servat.

1292 1386 1365 1417 Non
1381 1384 1490 1417 solum
1503 1386 1617 1417 autem
1632 1386 1738 1422 actus,
1760 1383 1884 1426 quibus
1910 1385 2120 1426 generantur,
2142 1386 2305 1426 augentur

1251 1445 1285 1477 et
1299 1445 1558 1486 corrumpuntur
1572 1443 1726 1481 virtutes,
1745 1440 1945 1484 respondent
1957 1440 1999 1473 iis
2013 1450 2090 1483 quae
2100 1440 2178 1474 inde
2190 1441 2305 1474 oriun-

1251 1504 1319 1544 tur,
1336 1502 1468 1536 utboni
1494 1502 1580 1542 sint,
1605 1501 1633 1534 si
1656 1503 1812 1544 generent
1836 1501 1870 1533 et
1885 1502 2026 1542 augeant
2049 1500 2138 1540 illas,
2154 1500 2251 1538 mali,
2277 1500 2303 1533 si

1251 1564 1465 1604 corrumpant
1485 1574 1494 1594 ι
1521 1561 1580 1594 sed
1599 1561 1701 1595 etiam
1730 1561 1805 1594 istae
1835 1568 1912 1603 quae
1927 1559 2079 1592 habitum
2105 1562 2302 1602 sequuntur,

1251 1622 1284 1653 et
1296 1629 1441 1663 quarum
1462 1629 1562 1653 causa
1578 1622 1629 1653 est
1642 1619 1788 1659 habitus,
1815 1618 1930 1652 eodem
1946 1617 2045 1651 modo
2068 1627 2103 1651 se
2120 1618 2242 1651 habent
2267 1628 2304 1651 a—

1251 1679 1376 1712 ctiones
1396 1679 1563 1721 honestae;
1578 1678 1669 1722 quod
1687 1687 1729 1712 ex
1749 1678 1822 1711 aliis
1835 1680 1909 1711 tum
1928 1676 2092 1710 similibus
2110 1679 2184 1710 tum
2195 1676 2304 1709 mani-

1251 1736 1444 1771 festioribus
1459 1740 1607 1781 apparet.
1628 1737 1795 1771 Nimirum
1806 1735 1953 1779 eorporis
1976 1736 2078 1768 robur
2095 1735 2242 1768 maxime
2263 1744 2304 1768 ex

1249 1806 1288 1830 eo
1304 1797 1453 1830 nascitur
1468 1797 1559 1840 quod
1571 1797 1648 1840 quis
1665 1796 1835 1839 copiosum
1848 1796 1961 1828 cibum
1972 1794 2090 1837 capiat,
2112 1794 2304 1836 multosque

1250 1858 1380 1891 labores
1404 1857 1569 1901 perferat,
1597 1857 1688 1901 quod
1723 1857 1827 1890 robur
1854 1865 1971 1889 rursus
1997 1855 2100 1897 hujus
2128 1854 2303 1888 industriae

1248 1927 1349 1951 causa
1359 1919 1420 1950 est.
1441 1918 1505 1955 Qui
1523 1917 1611 1950 enim
1626 1917 1773 1959 corporis
1794 1916 1924 1949 viribus
1937 1915 2027 1948 valet
2043 1940 2051 1955 ‚
2066 1914 2211 1947 maxime
2227 1923 2304 1946 rur-

1248 1987 1306 2011 sus
1327 1980 1400 2011 tum
1422 1977 1533 2010 cibum
1558 1976 1728 2019 copiosum
1756 1983 1906 2014 sumere,
1936 1977 2010 2007 tum
2034 1975 2158 2007 multos
2176 1974 2303 2007 labores

1247 2036 1334 2071 ferre
1346 2040 1466 2080 potest.
1487 2037 1647 2070 Similiter
1660 2036 1739 2069 etin
1758 2035 1944 2069 virtutibus
1965 2044 2001 2068 se
2022 2044 2075 2068 res
2088 2034 2199 2067 habet.
2218 2035 2302 2067 Nam

1249 2097 1530 2140 quemadmodum
1556 2096 1722 2139 fugiendis
1742 2095 1972 2138 voluptatibus
1985 2096 2207 2137 temperantes
2222 2103 2302 2127 eva-

1247 2157 1370 2198 dimus,
1387 2159 1421 2190 et
1439 2158 1663 2199 temperantes
1675 2155 1754 2189 facti
1774 2156 1879 2197 magis
1903 2156 2002 2189 etiam
2022 2155 2188 2188 abstinere
2205 2153 2303 2186 volu-

1246 2216 1396 2260 ptatibus
1407 2223 1586 2258 possumus
1606 2224 1613 2244 ε
1636 2214 1682 2246 sic
1705 2213 1823 2246 similis
1841 2215 1874 2246 et
1894 2212 2101 2245 fortitudinis
2127 2212 2213 2245 ratio
2237 2214 2299 2245 est.

1247 2277 1375 2319 Quippe
1389 2278 1423 2309 et
1441 2274 1660 2308 assuescendo
1677 2283 1715 2306 ea
1727 2282 1804 2316 quae
1817 2273 1977 2306 terribilia
1991 2275 2069 2305 sunt
2093 2275 2301 2306 contemnere

1247 2346 1352 2379 eaque
1373 2335 1537 2368 sustinere
1556 2334 1660 2366 sortes
1684 2332 1867 2374 efficimur3
1898 2335 1932 2365 et
1963 2331 2193 2365 fortitudinem
2221 2341 2300 2365 con--

1245 2396 1352 2430 secuti
1376 2404 1494 2428 rursus
1511 2394 1618 2436 magis
1636 2403 1675 2426 ea
1691 2401 1769 2435 quae
1788 2394 1948 2426 terrorem
1967 2391 2114 2425 afferunt
2136 2391 2246 2425 subire
2262 2401 2300 2424 ac

1244 2455 1391 2499 perferre
1409 2462 1598 2496 possumus.

1684 3063 1765 3106 Gap.
1789 3062 1850 3095 111.

1293 3172 1325 3200 In
1340 3169 1544 3208 voluptatibus
1555 3169 1587 3198 et
1601 3166 1759 3197 doloribus
1775 3163 1922 3194 moralem
1943 3163 2089 3192 virtutem
2106 3161 2231 3191 versari.

1277 3262 1441 3302 Quoniam
1457 3269 1534 3303 ergo
1557 3259 1752 3302 priusquam
1771 3255 1910 3289 virtutis
1930 3253 2083 3287 habitum
2100 3260 2285 3293 consequa-

1233 3333 1321 3363 mur,
1343 3325 1377 3356 et
1391 3322 1567 3365 postquam
1584 3329 1660 3354 eum
1670 3317 1838 3352 consecuti
1855 3325 1982 3354 sumus,
2003 3313 2120 3346 iisdem
2136 3310 2283 3343 muneri-

133 3376 2275 3414 ...·——-.-——-—-———-—————-—————-———·-————-'-'

168 3435 189 3456 ⁴*
211 3434 294 3468 Ἀλλ’
308 3436 346 3468 οὐ
360 3434 458 3477 μόνον
475 3437 508 3468 αἱ
524 3435 665 3477 γενέσεις
687 3434 757 3465 κτλ.
773 3450 814 3455 —
829 3431 868 3450 ⁸*
887 3430 964 3471 Gap.
985 3432 1016 3462 3.
1037 3431 1175 3470 σημεῖον
1193 3427 1228 3459 δὲ
1244 3428 1294 3459 δεῖ
1313 3425 1490 3457 ποιεῖσθαι.
