2508 3776
293 195 373 234 496

293 286 362 323 τοῖς
378 278 543 323 τοιούτοις
562 279 671 331 φίλοις
688 276 753 326 τὴν
773 275 912 325 ἡδονήν·
936 276 997 316 καὶ
1018 277 1108 326 αὕτη
1130 278 1288 329 μάλιστα
1306 282 1328 326 ἠ

292 339 389 392 φιλία
413 338 476 386 τὴν
506 336 633 384 ἡδονὴν
670 336 744 389 ἔχει
776 336 837 376 καὶ
857 335 898 375 τὸ
927 335 1119 390 ὠφέλιμον.
1152 337 1224 377 Καὶ
1251 340 1329 377 καθ’

292 397 480 448 ὁμοιότητα
501 396 632 444 ταύτης
656 399 692 435 αἱ
712 395 817 435 ἄλλαι
838 394 950 449 φιλίαι
969 396 1213 447 ὀνομάζονται·
1239 395 1330 443 αὕτη

291 456 357 507 γάρ
380 458 472 494 ἐστιν
491 458 515 503 ἡ
543 457 669 507 ἀρίστη
704 454 818 509 φιλία·
840 455 900 494 καὶ
929 455 974 494 τὰ
999 456 1131 503 ταύτην
1161 459 1332 495 ποιοῦντα

292 515 403 556 ταῦτά
423 517 497 554 ἐστι
526 515 571 554 τὰ
592 514 747 567 μάλιστα
766 514 826 555 καὶ
856 515 984 568 κυρίως
1005 515 1151 568 φιλητά.
1173 515 1333 559 Σπανίας

293 575 328 614 δὲ
348 573 437 618 εἰκὸς
456 573 618 617 τοιαύτας
647 573 763 627 φιλίας
793 567 895 613 εἶναι·
927 573 1037 624 ὀλίγοι
1064 574 1133 627 γὰρ
1160 575 1192 613 οἱ
1224 572 1332 618 ούτως

293 633 430 685 ἀγαθοί.
469 633 522 671 06
538 633 641 684 μόνον
672 633 707 671 δὲ
728 634 854 686 ἀρετης
874 633 985 673 δεῖται
1004 636 1026 681 ἡ
1051 633 1197 680 τοιαύτη
1232 632 1330 686 φιλία

292 693 352 731 καὶ
372 692 512 745 τρόπων
536 693 673 743 ἀγαθῶν
692 722 702 738 ,
726 692 815 731 ἀλλὰ
831 692 891 731 καὶ
908 691 1037 745 χρόνου
1065 707 1125 730 και
1141 691 1330 736 συνηθείας·

292 750 384 791 κατὰ
398 751 462 798 τὴν
481 750 671 803 παροιμίαν
687 750 753 803 γὰρ
774 754 837 790 οὐκ
855 750 948 790 ἔστιν
967 752 1104 798 εἷδῆσαι
1117 750 1132 774 ¹²
1153 751 1334 799 ἀλλήλους,

293 811 374 863 πρὶν
396 808 474 853 τοὺς
491 809 696 860 λεγομένους
716 809 803 854 ἅλας
826 812 1072 850 συναναλῶσαι
1085 816 1110 834 ⁰·
1131 809 1208 849 οὐδὲ
1226 810 1334 848 δυνα-

292 870 350 909 τὸν
371 869 600 914 ἀποδέξασθαι
622 869 680 908 καὶ
698 872 843 924 φιλῆσαι
859 871 1050 919 ἀλλήλους,
1073 870 1154 923 πρὶν
1172 870 1333 923 ἑκάτερος

293 929 447 982 ἑκατέρῳ
469 931 560 982 φανῇ
582 929 740 982 φιλητός,
762 930 822 969 καὶ
843 931 943 975 αὐτὸς
962 932 1072 983 φιλεῖν
1092 933 1272 982 πιστευθῇ.
1289 930 1333 969 Oi

293 987 329 1027 δὲ
348 986 484 1063 ταχέως
503 987 548 1027 τὰ
565 987 683 1049 φιλικὰ
704 1005 881 1034 ποιουντες
897 990 982 1043 πρὸς
1001 989 1174 1037 ἀλλήλους
1192 989 1332 1060 βούλονοῖ

293 1063 351 1086 ται
379 1048 441 1099 μὲν
471 1046 565 1122 φίλοι
590 1051 696 1096 εἶναι,
733 1051 794 1088 οὐκ
815 1050 881 1088 εἰσὶ
914 1048 975 1101 δέ,
997 1051 1028 1087 εἷ
1046 1049 1095 1101 μὴ
1130 1052 1180 1102 τῷ
1208 1051 1332 1102 μακρῷ

293 1107 409 1161 χρόνῳ
430 1109 489 1146 καὶ
520 1111 563 1161 τῇ
588 1108 727 1157 συνηθὲ
700 1126 750 1148 -ια
784 1110 921 1164 φιλητοι
953 1108 1106 1183 γε’νοιντρ
1142 1109 1331 1159 ἀλλήλοις,

293 1166 353 1205 καὶ
372 1166 595 1206 πιστεύσαιεν
616 1168 832 1222 φιλούμενοι.
860 1170 1035 1217 Βούλησις
1058 1167 1140 1230 palti!m
1139 1172 1197 1207 οὖν
1220 1167 1336 1222 φιλίας

292 1224 447 1277 τάχιστα
467 1226 620 1280 γίνεται,
614 1226 726 1280 ’φιλία
747 1227 782 1266 δὲ
805 1226 859 1266 οὔ·
885 1243 973 1275 αυτη
1006 1227 1068 1277 μὲν
1101 1231 1159 1266 οὐν
1185 1230 1208 1274 ἡ
1238 1226 1335 1278 φιλία

293 1284 410 1324 τελεία
432 1285 505 1324 ἐστὶ
524 1287 584 1324 και
602 1285 694 1324 κατὰ
719 1285 776 1325 τὸν
795 1285 938 1339 χρόνον,
955 1288 1014 1325 καὶ
1043 1286 1135 1325 κατὰ
1154 1285 1198 1324 τὰ
1222 1286 1333 1333 ἄλλα,

293 1342 409 1387 καθὼς
428 1343 578 1396 εἴρηται·
601 1359 662 1383 και
690 1343 781 1382 κατὰ
808 1342 926 1382 πάντα
949 1343 994 1382 τα
1023 1341 1154 1396 φιλητὰ
1185 1341 1334 1393 γίνεται.

295 1401 368 1440 Καὶ
398 1402 525 1452 ὁμοίως
553 1403 645 1440 ἐστὶν
667 1404 821 1455 ἑκατέρῳ
841 1405 926 1455 παρ’
952 1401 1136 1455 ἑκατέρου,
1165 1400 1251 1454 ὅπερ
1287 1402 1338 1441 δεῖ

291 1466 363 1504 τοῖς
394 1462 505 1514 φίλοις
532 1461 712 1514 ὑπάρχειν·
733 1460 795 1499 καὶ
816 1461 883 1513 γὰρ
916 1460 1030 1511 ὅμοιοί
1060 1462 1146 1499 εἰσιν
1177 1461 1337 1513 ἑκάτεροι

293 1518 386 1563 ὄντες
402 1519 608 1571 σπουδαῖοι,
631 1519 692 1558 καὶ
723 1518 851 1571 ὁμοίως
871 1520 958 1559 εἰσὶν
978 1520 1071 1567 ἡδεῖς
1097 1518 1262 1567 ἀλλήλοις
1275 1521 1336 1560 καὶ

292 1579 446 1631 φιλητοί.

347 1638 514 1691 (Scripsi
542 1652 551 1676 ι
571 1644 587 1662 ⁸
608 1637 758 1691 ὁμοίων]
780 1652 830 1678 ex
850 1638 1084 1690 Aristotele3
1114 1639 1335 1679 Andronici

293 1697 407 1738 codd.
430 1697 569 1748 ὁμοίως.
601 1721 653 1728 -
672 1697 699 1721 ¹³¹
723 1698 889 1750 εἷδῆσαι]
916 1713 1004 1737 cum
1026 1699 1144 1739 codd.
1169 1708 1212 1737 ut
1235 1699 1338 1751 apud

294 1757 564 1804 Aristotelem,
593 1756 921 1809 {Theophrastum
952 1757 1133 1797 Chai-act,
1167 1771 1332 1809 prooem.

293 1829 514 1868 paucosque
546 1816 656 1854 alios.
675 1822 689 1838 ⁰
716 1817 991 1868 συναναλῶσαι]
1022 1829 1072 1856 ex
1103 1817 1337 1866 Aristotele3

294 1874 409 1933 codd.
431 1875 648 1915 συναλῶσαι.
668 1873 749 1927 -)

736 1990 825 2043 Κεφ.
855 1988 897 2031 ε’.

295 2116 370 2149 Ὀτι
393 2117 426 2148 αἱ
461 2116 582 2154 ἀτελεῖς
607 2115 707 2158 φιλίαι
729 2114 799 2195 αἴθ’
823 2115 998 2158 ὁμοιότητα
1021 2119 1076 2155 τῆς
1095 2115 1215 2153 τελείας
1238 2115 1338 2158 φιλίας

764 2174 899 2204 εγονται.

348 2261 422 2301 *Ἥ
441 2261 477 2300 δὲ
497 2261 554 2300 διὰ
566 2260 627 2309 τὴν
645 2260 771 2310 ἡδονὴν
788 2261 903 2316 φιλία,
919 2262 979 2301 καὶ
995 2265 1018 2310 ἡ
1038 2260 1094 2300 διὰ
1114 2261 1154 2301 τὸ
1165 2260 1339 2315 χρήσιμον

296 2320 459 2369 ὁμοίωμα
481 2321 611 2368 ταύτης
644 2320 765 2373 ἔχουσι
785 2325 847 2369 τῆς
867 2321 996 2374 φιλίας.
1028 2321 1082 2361 Τὸ
1113 2320 1181 2374 γὰρ
1214 2321 1340 2374 κυρίως

296 2379 360 2426 ἡδὺ
375 2379 433 2418 καὶ
452 2380 626 2433 χρήσιμον
648 2380 686 2419 τὸ
704 2379 832 2432 ἀγαθόν
850 2382 935 2419 ἐστι·
949 2392 963 2409 ¹¹
982 2379 1042 2419 καὶ
1062 2380 1156 2428 ἡδεῖς
1174 2379 1235 2418 καὶ
1253 2380 1341 2433 χρή-

241 2440 246 2444 “
297 2452 392 2487 σιμοι
421 2438 574 2487 μάλιστα
597 2437 759 2485 ἀλλήλοις
787 2440 818 2476 οἳ
839 2437 975 2490 ἀγαθοί.
1008 2437 1113 2477 Καὶ’
1098 2454 1133 2476 εν
1152 2436 1284 2482 τούτοις
1304 2438 1341 2477 δὲ

297 2503 369 2542 τοῖς
388 2501 466 2536 καθ’
487 2498 678 2548 ὁμοιότητα
703 2498 902 2551 λεγομένοις
922 2500 958 2538 αἱ
979 2499 1093 2553 φιλίαι
1096 2514 1255 2573 υπαραμε
1240 2498 1340 2538 ἐνου-

297 2571 372 2606 σιν,
391 2555 474 2595 ὅταν
493 2557 533 2595 τὸ
555 2557 638 2596 αὐτὸ
655 2557 819 2605 ἀλλήλοις
836 2557 1057 2611 παρέχωσιν·
1082 2561 1176 2609 οἷον,
1200 2559 1230 2596 εἰ
1246 2558 1341 2611 χρή-

297 2615 398 2666 σιμός
434 2618 527 2654 ἐστιν
562 2616 728 2669 ἑκάτερος
759 2617 937 2669 ἑκατέρῳ,
962 2616 984 2664 ἢ
1015 2616 1121 2665 ἡδύς,
1153 2616 1213 2656 καὶ
1236 2619 1254 2655 ὃ
1276 2617 1339 2667 μὲν

297 2673 471 2726 χρήσιμός
497 2676 589 2713 ἐστιν
605 2704 617 2725 ,
646 2677 664 2713 ὃ
688 2674 723 2713 δὲ
745 2676 840 2722 ἡδύς.
863 2678 917 2715 06
942 2676 1044 2728 μόνον
1065 2676 1101 2715 δὲ
1122 2677 1172 2715 δεῖ
1193 2675 1232 2714 τὸ
1255 2676 1340 2716 αὐτὸ

298 2732 468 2784 παρέχειν
500 2733 683 2782 ἀλλήλοις,
707 2735 798 2772 ἀλλὰ
825 2736 884 2774 καὶ
910 2735 981 2774 ἀπὸ
1005 2740 1065 2775 τοῦ
1094 2736 1226 2782 αὗτοῧ,
1251 2735 1285 2774 εἴ
1301 2751 1341 2787 γε

244 2842 253 2851 .
300 2790 522 2840 μέλλουσιν’
508 2807 541 2829 εν
557 2794 600 2843 τῇ
615 2793 712 2845 φιλίᾳ
730 2794 958 2844 παραμένειν·
983 2797 1066 2843 οἱον,
1082 2796 1111 2833 εἷ
1127 2793 1342 2848 παρέχουσιν

300 2848 462 2896 ἀλλήλοις
479 2849 627 2898 ἡδονήν,
650 2850 720 2888 ἀπὸ
739 2853 809 2889 τῶν
834 2853 948 2891 αὐτων
977 2852 1168 2906 παρέξουσι
1184 2853 1337 2906 τρόπων·

299 2905 419 2959 ὥσπερ
430 2910 460 2946 οἱ
476 2908 684 2962 εὐτράπελοι
694 2912 738 2962 τῇ
751 2911 967 2986 εὐτραπελία
978 2912 1206 2973 χαριζόμενοι
1225 2912 1339 2961 ἀλλή-

300 2966 388 3018 λοις,
409 2966 470 3005 καὶ
487 2982 525 3005 ου
529 2982 554 3019 χ
567 2965 686 3020 ὥσπερ
707 2970 854 3021 ἐραστὴς
876 2970 967 3009 καῖ’
953 2969 1138 3023 ερώμενος·
1157 2975 1253 3011 ουτοι
1259 2972 1341 3045 ,γὰρ

299 3024 428 3073 ἡδονὴν
448 3025 510 3077 μὲν
530 3026 741 3079 παρέχουσιν
765 3029 951 3078 ἀλλήλοις,
977 3032 1053 3069 ἀλλ’
1085 3032 1123 3069 06
1151 3031 1209 3070 τὸν
1233 3030 1335 3070 αὐτὸν

301 3083 458 3134 τρόπον,
480 3084 559 3123 ἀλλ’
580 3087 599 3122 ὁ
620 3085 683 3135 μὲν
701 3086 848 3137 ἐραστὴς
868 3087 991 3134 ἥδεται
1010 3105 1053 3140 τῃ
1073 3088 1151 3143 ὄψει
1173 3104 1235 3128 του
1256 3091 1341 3142 ἐρω·

302 3141 429 3192 με’νου,
449 3145 467 3181 ὁ
498 3142 534 3182 δὲ
554 3144 860 3196 θεραπευόμενοςε
848 3147 915 3183 υπὸ
944 3163 1003 3186 του
1032 3150 1194 3200 ἐραστοῦ·
1217 3147 1345 3200 ληγού-

302 3216 366 3248 σης
385 3200 422 3240 δὲ
443 3204 507 3249 τ’ἧς
526 3201 619 3254 ὥρας
641 3204 750 3243 ενίοτε
765 3220 826 3243 και
845 3208 866 3252 ἡ
883 3205 979 3254 φιλία
995 3207 1105 3257 λήγει·
1126 3211 1148 3254 ἡ
1168 3206 1235 3260 γὰρ
1258 3209 1343 3255 ἡδο-

301 3259 343 3307 νὴ
364 3260 410 3298 δι’
428 3259 472 3308 ἣν
490 3264 512 3309 ἡ
539 3261 637 3314 φιλία
665 3262 830 3301 παύεται·
856 3260 935 3302 οὔτε
952 3263 1020 3316 γὰρ
1050 3266 1197 3317 ἐραστὴς
1219 3265 1342 3313 ἥδεται

301 3321 345 3372 τῇ
366 3318 445 3372 ὄψει
463 3335 525 3359 του
544 3320 740 3374 ἐρωμένου,
761 3320 839 3360 οὔτε
859 3323 913 3360 δ’
898 3322 1070 3376 ερωμενος
1091 3324 1334 3377 θεραπεύεται·

1124 189 1405 231 ANDRONICi
1433 188 1610 230 RHODII

1391 294 1523 327 quoque
1541 284 1694 318 amicitiae
1716 282 1969 318 denominantur
1986 295 1993 316 ε
2011 283 2083 317 haec
2097 284 2250 318 videlicet
2271 285 2440 329 praestans,
2487 280 2495 286 ’

1392 344 1519 377 tissima
1543 345 1690 378 amicitia
1716 346 1767 378 est
1793 346 1853 378 :et
1879 351 1955 386 quae
1973 352 2047 376 eam
2069 345 2261 385 conciliant,
2288 343 2435 377 maximo

1391 404 1588 447 proprieque
1619 403 1772 438 amabilia
1807 404 1897 436 sunt.
1934 402 2107 436 Probabile
2142 406 2254 436 autem
2273 405 2324 437 est
2349 398 2434 436 tales

1392 463 1553 497 amicitias
1569 473 1640 497 esse
1652 473 1743 497 raras
1754 477 1762 504 ;
1782 461 1946 504 siquidem
1959 461 2056 504 pauci
2068 461 2116 494 ita
2129 461 2205 495 boni
2221 463 2308 496 suut.
2319 463 2435 504 Neque

1393 533 1472 557 vero
1501 523 1608 556 solum
1636 523 1761 556 virtute
1791 521 1953 563 bonisque
1995 521 2141 554 moribus
2152 547 2160 560 ‚
2197 520 2256 554 sed
2285 523 2434 564 tempore

1394 583 1494 616 etiam
1521 584 1554 615 et
1571 581 1808 615 consuetudine
1828 579 1991 622 eiusmodi
2021 579 2166 612 amicitia
2182 579 2308 622 indiget
2335 578 2436 612 tlicri

1395 642 1482 675 enim
1498 651 1563 674 non
1581 643 1691 684 potest
1706 666 1713 680 ‚
1739 642 1778 672 ut
1798 639 1875 681 quis
1896 638 2036 671 alterum
2049 663 2056 676 ‚
2077 637 2168 681 quod
2185 635 2350 680 proverbii
2364 635 2438 672 low

1394 703 1460 736 dlei
1483 703 1585 741 solet,
1620 703 1709 735 recte
1732 701 1883 738 noverit,
1909 699 2103 742 priusquam
2122 699 2196 732 illos
2220 707 2306 742 quos
2319 699 2439 738 vocant

1395 762 1473 796 salis
1492 762 1620 795 modios
1636 761 1735 794 simul
1751 759 1878 794 ederint
1897 771 1904 790 :
1921 759 2007 791 sicut
2029 767 2089 792 nec
2102 758 2172 792 lieri
2188 758 2370 800 potestant
2386 755 2439 790 ah-

1394 824 1445 855 ter
1461 821 1681 864 amplectatur
1702 820 1845 853 alterum
1857 845 1864 857 ,
1887 820 1946 851 aut
1970 820 2079 858 amet,
2101 817 2166 850 nisi
2185 818 2327 860 uterque
2344 814 2441 850 alteri

1394 881 1512 923 dignus
1524 891 1633 914 amore
1646 879 1810 919 videatur,
1833 881 1866 912 et
1880 879 1949 922 ipse
1965 887 2076 911 amore
2099 877 2255 911 incensus
2270 875 2441 911 existime-

1394 942 1461 974 tur.
1477 940 1542 978 Qui
1556 949 1634 973 vero
1648 939 1714 972 cito
1729 939 1909 972 amicorum
1926 938 2011 971 inter
2039 946 2074 970 se
2099 935 2216 970 officiis
2243 934 2438 978 funguntur,

1395 998 1512 1031 volunt
1534 998 1669 1040 quidem
1683 997 1782 1030 amici
1802 1006 1894 1035 esse,
1929 996 1987 1029 sed
2021 998 2132 1029 tamen
2159 1003 2225 1028 non
2250 995 2344 1033 sunt,
2373 993 2438 1027 nisi

1396 1057 1482 1091 forte
1501 1057 1596 1099 longo
1615 1059 1762 1099 tempore
1775 1057 1812 1089 et
1827 1054 2065 1089 consuetudine
2081 1054 2177 1097 digni
2190 1052 2367 1087 videantur
2381 1052 2442 1096 qui

1395 1116 1480 1149 inter
1499 1125 1533 1150 se
1549 1117 1670 1157 ament,
1686 1118 1720 1149 et
1739 1115 1842 1147 amari
1860 1123 1895 1147 se
1908 1113 2055 1147 credant.
2078 1113 2241 1146 Amicitiae
2252 1112 2355 1155 igitur
2363 1119 2443 1144 wn-

1397 1175 1544 1208 ciliandae
1556 1175 1710 1208 voluntas
1742 1173 1892 1207 celeriter
1910 1173 1968 1205 illa
1995 1171 2132 1215 quidem
2157 1170 2355 1214 suscipitur,
2373 1169 2443 1212 [sed

1396 1243 1461 1266 non
1478 1234 1592 1267 statim
1609 1233 1754 1266 amicitia
1772 1231 1919 1265 nascitur
1936 1243 1945 1264 :
1961 1231 2035 1263 haec
2047 1239 2124 1273 ergo
2137 1232 2172 1264 et
2186 1231 2334 1273 tempore
2347 1229 2382 1263 et
2395 1237 2446 1262 re-

1396 1292 1497 1334 liquis
1512 1292 1612 1325 rebus
1630 1290 1774 1334 perfecta
1791 1293 1824 1324 et
1843 1290 2012 1323 cumulata
2024 1315 2032 1331 ‚
2053 1291 2093 1322 ut
2114 1287 2281 1330 diximus,⁴
2301 1286 2445 1322 amicitia

1397 1351 1466 1389 est,
1481 1359 1586 1392 eaque
1594 1349 1748 1384 omnibus
1763 1348 1954 1382 amabilium
1967 1347 2083 1382 formis
2098 1349 2240 1382 constat.
2253 1336 2444 1390 Eodemque

1397 1409 1496 1442 modo
1511 1409 1595 1443 alter
1612 1409 1654 1442 ab
1670 1409 1774 1442 altero
1793 1407 1931 1451 accipit,
1950 1407 2041 1450 quod
2054 1407 2170 1440 amicis
2185 1405 2370 1450 contingere
2385 1405 2446 1439 de-

1397 1467 1454 1501 bet
1478 1478 1486 1500 :
1508 1467 1632 1500 similes
1644 1467 1731 1500 enim
1748 1469 1825 1500 sunt
1839 1466 1953 1505 ambo,
1971 1475 2077 1509 quum
2101 1467 2242 1509 uterque
2257 1465 2302 1499 sit
2319 1465 2436 1503 bouus.

1398 1528 1499 1569 atque
1514 1535 1611 1570 aeque
1624 1525 1791 1569 Jucundus
1803 1525 1888 1559 alter
1907 1524 2004 1559 alteri
2019 1526 2053 1558 et
2065 1522 2219 1558 amabilis
2235 1524 2298 1558 est,

1857 1998 1936 2041 Cap.
1962 1998 2004 2035 V.

1443 2152 1445 2155 ,
1460 2111 1658 2151 imperfectas
1675 2111 1827 2142 amicitias
1845 2119 1861 2140 e
1879 2108 2023 2148 perfectae
2044 2108 2184 2139 amicitia
2198 2106 2394 2138 similitudine

1842 2166 2005 2188 nominari.

1441 2271 1522 2309 Quae
1543 2271 1655 2302 autem
1670 2266 1851 2309 voluptatis
1867 2266 1919 2299 vel
1943 2265 2100 2298 utilitatis
2122 2273 2223 2298 causa
2241 2262 2447 2297 contrahitur

1400 2328 1543 2361 amicitia
1552 2355 1559 2367 ‚
1579 2328 1679 2370 hujus
1691 2326 1845 2359 amicitiae
1857 2325 1997 2358 formam
2013 2326 2046 2358 et
2067 2322 2316 2357 similitudinem
2331 2321 2445 2357 hahet.

1399 2385 1533 2428 Proprie
1543 2385 1629 2418 enim
1637 2383 1821 2426 Jucundum
1830 2385 1864 2416 et
1876 2382 1959 2415 utile
1969 2384 2020 2415 est
2031 2382 2156 2415 bonum
2167 2391 2175 2411 τ
2188 2381 2401 2423 maximeque
2412 2381 2447 2413 et

1396 2448 1534 2492 jucundi
1553 2447 1615 2480 sibi
1626 2448 1745 2479 mutuo
1757 2447 1791 2479 et
1803 2446 1903 2478 utiles
1926 2446 2004 2478 sunt
2018 2443 2107 2477 boni.
2120 2445 2165 2476 Et
2176 2443 2212 2476 in
2228 2442 2281 2476 his
2296 2441 2444 2485 quidem,

1399 2508 1459 2551 qui
1475 2516 1493 2540 e
1510 2505 1724 2540 similitudine
1731 2504 1827 2537 amici
1837 2504 2058 2542 nominantur,
2074 2502 2228 2536 amicitiae
2240 2495 2444 2546 permanent,

1400 2576 1506 2609 quum
1523 2565 1606 2598 alter
1622 2563 1759 2598 alterius
1770 2562 1928 2596 beneficia
1941 2562 2108 2595 similibus
2122 2560 2287 2595 beneficiis
2300 2561 2417 2604 pensat
2436 2570 2445 2592 ι

1400 2624 1494 2658 verbi
1509 2633 1627 2664 causa,
1646 2622 1674 2655 si
1695 2622 1789 2655 utilis
1804 2621 1889 2654 alter
1905 2620 2001 2654 alteri
2019 2622 2090 2659 est,
2112 2621 2172 2652 aut
2185 2617 2353 2661 iucundus
2365 2643 2374 2660 ,
2393 2616 2448 2651 vei

1401 2683 1485 2717 alter
1499 2683 1591 2715 utilis
1614 2683 1685 2721 est,
1704 2681 1790 2714 alter
1806 2680 1984 2723 J'ucundus.
2001 2681 2119 2722 Neque
2136 2687 2218 2712 vero
2236 2677 2343 2711 solum
2368 2685 2448 2710 ean·-

1401 2743 1476 2776 dem
1492 2752 1625 2785 operam
1644 2742 1728 2774 alter
1745 2741 1842 2773 alteri
1859 2740 1938 2773 dare
1950 2739 2065 2778 debet,
2085 2736 2144 2772 sed
2156 2737 2257 2771 etiam
2273 2746 2314 2770 ex
2327 2746 2393 2769 una
2413 2738 2447 2770 et

1401 2801 1517 2835 eadem
1534 2810 1581 2840 re,
1603 2799 1767 2843 siquidem
1784 2808 1918 2832 manere
1934 2798 1970 2831 in
1988 2797 2134 2831 amicitia
2145 2796 2262 2830 volunt
2277 2807 2288 2829 ι
2303 2795 2445 2838 exempli

1401 2861 1506 2903 gratia
1517 2885 1526 2902 ‚
1542 2860 1570 2893 si
1580 2860 1663 2893 alter
1682 2859 1778 2893 alteri
1789 2859 1995 2901 voluptatem
2011 2855 2147 2895 afferat.
2166 2855 2286 2889 iisdem
2299 2854 2448 2888 moribus

1402 2919 1542 2953 afferent
1562 2932 1569 2952 z
1585 2919 1670 2953 sicut
1695 2918 1807 2952 festivi
1824 2918 1884 2960 qui
1908 2916 2091 2951 festivitate
2105 2915 2169 2949 sibi
2191 2916 2310 2948 mutuo
2326 2913 2447 2957 gratifi-

1402 2982 1529 3018 cantur,
1551 2989 1615 3012 non
1633 2982 1671 3011 ut
1689 2981 1818 3012 amator
1832 2979 1866 3010 et
1879 2977 1907 3009 is
1926 2985 2027 3019 quem
2042 2977 2133 3008 amat
2152 2981 2319 3016 :namque
2336 2973 2372 3006 hi
2386 2981 2446 3006 vo-

1402 3039 1563 3081 luptatem
1594 3039 1727 3081 quidem
1757 3039 1874 3070 mutuo
1901 3037 2112 3078 comparant,
2144 3033 2203 3067 sed
2233 3042 2299 3066 non
2330 3032 2446 3067 eodem

1402 3098 1502 3131 modo
1512 3122 1521 3139 ,
1536 3098 1699 3140 siquidem
1715 3099 1842 3129 amator
1858 3095 1979 3138 gaudet
1994 3095 2130 3136 aspectu
2143 3092 2214 3134 ejus
2226 3101 2327 3134 quem
2343 3093 2444 3131 amat,

1403 3157 1503 3190 homo
1528 3166 1625 3190 carus
1656 3158 1771 3189 contra
1787 3154 1944 3188 amatoris
1961 3152 2078 3186 officiis
2101 3152 2287 3186 delectatur
2312 3149 2445 3184 tforma
2492 3163 2493 3169 ¹

1402 3225 1499 3259 porro
1517 3217 1731 3250 evanescente
1751 3213 1918 3247 interdum
1939 3211 2104 3246 evanescit
2121 3219 2257 3254 quoque
2273 3210 2443 3244 amicitia:

1402 3276 1558 3319 voluptas
1576 3276 1700 3319 quippe
1711 3275 1846 3318 propter
1865 3281 1967 3315 quam
1985 3270 2130 3304 amicitia
2141 3271 2193 3303 est
2204 3295 2212 3311 ‚
2235 3272 2343 3303 cessat
2362 3266 2370 3301 ἐ
2386 3277 2446 3302 nec

1409 3335 1497 3367 enim
1508 3337 1567 3368 aut
1586 3334 1669 3367 facie
1693 3334 1766 3376 ejus
1781 3340 1882 3375 quem
1896 3332 1986 3363 amat
2000 3330 2184 3363 delectatur
2205 3327 2348 3371 amplius
2359 3334 2447 3360 ama-

347 3436 363 3453 *
384 3437 462 3480 Cap.
482 3438 513 3470 4.
536 3435 577 3470 ‘H
593 3437 628 3470 δὲ
637 3437 691 3471 διὰ
706 3438 744 3472 τὸ
759 3439 819 3479 ἡδὺ
831 3440 896 3472 κτλ,
