2508 3776
292 269 767 327 ΑΝΔΡΟΝΙΚΟΥ
812 269 961 322 ΤΟΥ
1006 270 1271 324 ΡΟΔΙΟΥ

331 400 568 445 ῙΙΘΙΚΩΝ
602 399 724 444 ΤΩΝ
759 399 1198 447 ΝΙΚΟΜΑΧΕΙΩΝ

578 517 970 556 ΠΑΡΑΦΡΑΣΕΩΣ

553 625 768 658 ΒΙΒΛΙΟΝ
798 625 1010 657 ΟΓΔΟΟΝ.

693 733 863 747 .-....-

693 821 779 872 Κεφ.
811 819 859 859 α’.

677 927 754 967 Περὶ
774 925 885 967 φιλίας.

311 1033 326 1049 *
341 1033 444 1072 Μετὰ
464 1033 500 1072 δὲ
518 1036 629 1072 ταῦτα
652 1032 732 1086 περὶ
761 1032 877 1087 φιλίας
905 1032 1090 1072 ἀκόλουθόν
1111 1033 1184 1072 ἐστι
1203 1033 1298 1073 διελ-

256 1092 337 1130 θεῖν.
359 1091 465 1131 Ἔστι
484 1092 551 1145 γὰρ
572 1095 594 1139 ἡ
617 1091 716 1144 φιλία
735 1091 843 1146 ἀρετή
866 1107 934 1138 τις,
965 1092 988 1139 ἢ
1009 1092 1131 1134 ἕπεται
1149 1095 1193 1145 τῇ
1219 1095 1301 1145 ἀρε-

255 1156 313 1204 τῇ.
345 1153 417 1192 Καὶ
436 1152 504 1205 γὰρ
524 1156 546 1199 ἡ
568 1151 697 1202 μεταξὺ
722 1150 906 1195 δυσκολίας
925 1151 986 1190 καὶ
1008 1153 1194 1196 κολακείας
1212 1153 1293 1204 ἀρε-

256 1212 298 1259 τή
312 1241 322 1259 ,
345 1211 594 1265 προσλαὸοῧσα
614 1211 654 1250 τὸ
682 1211 837 1263 στέργειν
851 1243 860 1259 ,
883 1210 981 1264 φιλία
1003 1210 1109 1249 ἐστίν·
1130 1213 1175 1255 ὥς
1194 1213 1227 1248 ἕν
1248 1212 1297 1263 τῷ

257 1275 288 1318 η’
311 1271 493 1324 κεφαλαίῳ
511 1275 572 1309 τοῦ
590 1271 618 1309 δ’
643 1269 780 1323 βιὸλίου
806 1269 956 1323 εἴρηται·
977 1271 1038 1308 καὶ
1057 1270 1179 1309 ἕπεται
1196 1269 1232 1308 δὲ
1251 1273 1295 1322 τῇ

257 1330 373 1381 τελείᾳ
396 1332 517 1383 ἀρετῇ.
541 1330 588 1369 Ἥ
611 1330 677 1382 γὰρ
706 1329 835 1377 ἀληθὴς
852 1329 971 1383 φιλία,
994 1331 1039 1372 ὡς
1059 1328 1185 1367 αὐτίκα
1199 1328 1295 1381 εἷρή·

258 1404 377 1436 σεται,
407 1391 441 1427 ἐν
463 1393 532 1432 τοῖς
570 1389 770 1431 σπουδαίοις
807 1388 922 1438 μόνοις
956 1387 1165 1440 εὑρίσκεται.
1223 1390 1290 1428 Διὰ

257 1451 367 1486 ταῦτα
393 1449 427 1486 ἐν
446 1451 487 1499 τῇ
508 1447 587 1499 περὶ
606 1450 674 1485 τῶν
709 1449 840 1499 ἀρετῶν
861 1446 1088 1499 πραγματείᾳ
1112 1446 1298 1486 ἀκόλουθόν

257 1507 330 1544 ε’στι
352 1507 410 1544 καὶ
429 1507 509 1559 περὶ
539 1509 645 1554 αὐτῆς
665 1507 772 1544 εἰπεῖν
787 1537 796 1554 ,
832 1505 907 1544 ἐπεὶ
929 1505 987 1544 καὶ
1021 1506 1296 1557 ἀναγκαιότατόν

257 1566 349 1604 ἐστιν
372 1567 416 1609 εἷς
434 1566 490 1605 τὸν
511 1566 596 1619 βίον.
619 1564 719 1604 Ἄνευ
747 1564 814 1618 γὰρ
842 1564 950 1619 φίλων
980 1565 1087 1610 οὐδεὶς
1118 1565 1159 1605 ἂν
1181 1566 1293 1608 ἕλοιτο

257 1626 331 1672 ζῆν,
355 1625 443 1677 ἔχων
463 1625 504 1664 τὰ
525 1625 630 1664 λοιπὰ
652 1623 766 1676 ἀγαθὰ
786 1624 914 1664 πάντα·
940 1626 1000 1663 καὶ
1019 1626 1085 1678 γὰρ
1107 1629 1176 1671 τοῖς
1191 1629 1295 1667 πλου-

256 1689 376 1734 τοῦσι,
406 1685 465 1724 καὶ
493 1684 603 1738 ἀρχὰς
626 1685 686 1723 καὶ
708 1685 913 1730 δυναστείας
946 1685 1173 1736 κεκτημένοις
1203 1689 1298 1728 δοκεῖ

257 1747 412 1797 μάλιστα
426 1744 528 1798 χρεία
539 1749 554 1767 ⁸
573 1738 662 1783 εἶναι
679 1744 803 1797 φίλων.
823 1745 870 1784 Τί
883 1746 951 1797 γὰρ
965 1745 1088 1798 ὄφελος
1105 1748 1166 1792 τῆς
1181 1748 1298 1787 τοιαύ-

255 1823 316 1855 της
331 1805 572 1855 εὐδαιμονίας,
594 1805 642 1855 μὴ
667 1805 866 1855 δυναμένοις
887 1809 1073 1858 εὐεργετεῖν
1091 1826 1099 1851 ;
1125 1808 1188 1845 οὐκ
1204 1809 1296 1862 εὔερ-

256 1870 393 1919 γετοῧσι
410 1864 446 1903 δὲ
474 1865 523 1916 μὴ
545 1864 682 1917 ἔχοντες
706 1865 842 1918 φίλους·
879 1869 902 1912 ἡ
928 1866 996 1918 γὰρ
1023 1867 1179 1916 μάλιστα
1197 1883 1298 1919 γινο-

258 1925 346 1976 μένη
380 1923 560 1977 εὐεργεσία
593 1924 653 1962 καὶ
684 1925 917 1976 ἐπαινουμένη
953 1924 1037 1977 πρὸς
1070 1926 1148 1969 τοὺς
1181 1927 1297 1980 φίλους

256 1983 477 2030 ἐστίν·ἢπῶς
491 1982 533 2021 ἂν
550 1986 567 2021 ὁ
579 1983 751 2035 εὐδαίμων
766 1985 800 2022 ἐν
814 1987 856 2037 τῇ
874 1984 1077 2037 εὐδαιμονίᾳ
1095 1986 1299 2037 διαμείναι*

256 2045 316 2083 καὶ
337 2043 481 2088 σώζοιτο
500 2042 580 2082 ἄνευ
598 2044 731 2096 φίλων;
756 2043 828 2096 ὅσῳ
847 2042 914 2095 γὰρ
935 2043 1060 2093 μείζων
1083 2048 1105 2091 ἡ
1125 2046 1298 2098 εὔδαιμο-

255 2102 311 2140 νία
328 2132 338 2149 ,
363 2100 515 2153 τοσούτῳ
548 2102 607 2140 καὶ
641 2102 933 2156 ἐπισφαλεστέρα.
965 2105 1018 2142 Οὐ
1043 2103 1147 2154 μόνον
1178 2105 1213 2144 δὲ
1237 2107 1293 2144 εὖ·

255 2160 395 2211 δαίμοσι
414 2160 515 2213 χρεία
534 2160 656 2213 φίλων,
679 2161 770 2199 ἀλλὰ
787 2160 845 2200 καὶ
870 2163 1055 2215 δυστυχέσι
1074 2164 1134 2202 καὶ
1158 2164 1294 2213 πένησι·

254 2221 362 2271 μόνην
379 2220 447 2275 γὰρ
467 2219 595 2259 οἴονται
627 2221 754 2265 πάντες
784 2222 992 2274 καταφυγὴν
1020 2217 1108 2261 εἶναι
1133 2223 1210 2269 τοὺς
1233 2225 1293 2277 φί-

252 2282 344 2324 λους.
368 2282 422 2319 Οὐ
444 2278 547 2330 μόνον
570 2279 606 2317 δὲ
626 2279 735 2332 τύχῃ,
753 2281 844 2318 ἀλλὰ
865 2281 924 2319 καὶ
943 2281 1063 2333 ἡλικίᾳ
1087 2281 1183 2335 παίσῃ
1201 2285 1297 2324 λυσι-

254 2339 356 2386 τελής
371 2341 463 2377 ἐστιν
483 2341 504 2385 ἡ
528 2338 640 2390 φιλία’
657 2341 689 2377 οἱ
706 2339 772 2392 γὰρ
787 2340 881 2394 φίλοι
900 2340 995 2384 νέους
1012 2340 1075 2391 μὲν
1095 2344 1143 2387 εἷς
1161 2343 1218 2382 τὸν
1239 2346 1296 2397 ὀρ·

254 2396 310 2435 obv
336 2399 498 2449 ὁδηγοῦσι
517 2397 642 2449 λόγον,
671 2396 728 2436 ἵνα
748 2398 797 2448 μὴ
827 2400 871 2437 δι’
893 2398 1056 2452 ἀπειρίαν
1079 2404 1141 2439 τοῦ
1166 2403 1296 2454 ἀγαθοῦ

255 2456 536 2508 διαμαρτάνωσι,
560 2456 815 2510 πρεσὸυτέρους
838 2457 873 2496 δὲ
897 2458 1147 2510 θεραπεύουσι,
1173 2462 1232 2500 καὶ
1255 2463 1293 2501 τὸ

255 2516 413 2554 ἐλλεῖπον
436 2518 497 2562 τῆς
515 2516 670 2567 πράξεως
691 2516 747 2555 διὰ
769 2517 831 2565 τὴν
855 2517 926 2556 ἀπὸ
947 2522 1009 2566 τῆς
1032 2519 1170 2566 ἡλικίας
1194 2523 1293 2562 ἀσθέ-

253 2588 346 2612 νειαν
368 2574 464 2612 αὐτοὶ
484 2576 738 2626 ἀναπληροῦσι”
769 2577 838 2615 τῶν
860 2574 896 2614 δὲ
923 2577 957 2614 ἐν
979 2579 1076 2630 ἀκμῇ
1108 2582 1184 2623 ταῖς
1205 2582 1296 2633 ἀγα-

255 2636 327 2676 θαῖς
354 2632 498 2684 πράξεσι
526 2634 777 2686 προστιθέασι,
811 2634 870 2674 καὶ
908 2636 1035 2688 βελτίω
1068 2642 1206 2678 ποιοῦσι
1251 2641 1295 2681 τὰ

255 2690 337 2744 ἔργα
350 2722 361 2740 ‚

337 2786 397 2817 Σύν
416 2796 448 2817 τε
464 2785 479 2808 b
495 2786 542 2818 δύ’
560 2787 729 2830 ἐρχομένω·

254 2869 313 2909 καὶ
333 2869 398 2922 γὰρ
420 2869 509 2918 μετὰ
523 2873 589 2908 τῶν
610 2872 719 2925 φίλων
739 2873 798 2912 καὶ
813 2878 936 2922 νοῆσαι
957 2877 1015 2916 καὶ
1036 2879 1170 2933 πρᾶξαι
1193 2883 1294 2922 δυνα-

255 2927 399 2982 τώτεροι
415 2930 602 2981 γινόμεθα,
621 2932 680 2969 καὶ
702 2933 802 2985 φύσει
824 2934 859 2973 δὲ
878 2936 1067 2989 πρόσεστιν
1084 2942 1172 2990 ἡμῖν
1194 2945 1214 2988 ἡ
1234 2957 1292 2995 φι-

253 2987 328 3027 λία,
356 2987 471 3027 Φύσει
490 2988 559 3041 γὰρ
584 2990 623 3028 τὸ
650 2994 777 3042 γεννῶν
796 2995 887 3045 φιλεῖ
905 2995 944 3033 τὸ
979 2998 1205 3049 γεννώμενον·
1234 3002 1293 3040 καὶ
1322 3022 1325 3024 ·

255 3048 318 3085 οὐκ
337 3048 371 3085 ἐν
402 3047 593 3099 ἀνθρώποις
623 3049 746 3099 μόνον,
781 3053 859 3090 ἀλλ’
882 3054 949 3102 ἤδη
979 3057 1039 3096 καὶ
1072 3059 1107 3096 ἓν
1142 3060 1292 3112 ὀρνέοις,

255 3105 315 3144 καὶ
335 3107 369 3147 ἐν,
388 3108 459 3150 τοῖς
480 3108 654 3152 πλείστοις
670 3112 736 3147 τῶν
758 3111 866 3162 ζῴων·
886 3119 898 3135 ⁰
919 3115 978 3152 καὶ
994 3118 1054 3154 οὐκ
1072 3119 1105 3156 ἐν
1130 3123 1293 3169 γεννῶντι

257 3165 359 3215 μόνον
392 3165 453 3204 καὶ
483 3166 705 3220 γεννωμένῳ,
739 3170 828 3207 ἀλλὰ
865 3172 923 3209 καὶ
949 3175 983 3211 ἐν
1015 3181 1085 3219 τοῖς
1114 3179 1295 3229 ὁμογενέσι

255 3224 340 3278 πρὸς
368 3225 521 3273 ἄλληλα,
544 3227 699 3276 μάλιστα
721 3227 756 3266 δὲ
773 3229 914 3268 πάντων
943 3234 978 3270 ἐν
999 3239 1069 3278 τοῖς
1090 3237 1292 3290 ἀνθρώποις·

256 3283 312 3322 διὰ
333 3287 433 3322 τοῦτο
455 3284 532 3329 τοὺς
555 3287 819 3339 φιλανθρώπους
838 3291 1067 3343 ἐπαινοῦμεν,
1091 3297 1137 3338 ὡς
1158 3297 1292 3349 ἀνθρώ-

1323 2757 1333 2799 —

1534 277 1931 340 ANDRONICI
1979 282 2235 344 RHODII

1460 410 1789 457 ETHICORUM
1824 411 2317 463 NICOMACHEORUM

1708 529 2068 569 PARAPHRASIS

1673 637 1828 669 LIBER
1867 613 2113 671 OCTAVUS.

1805 743 1974 756 -Qm

1816 837 1893 879 Gap.
1924 838 1950 870 1.

1782 932 1826 959 De
1844 930 1989 960 amicitia.

1402 1042 1463 1075 His
1475 1044 1587 1076 autem
1602 1043 1761 1086 expositis
1785 1043 1951 1086 reliquum
1970 1046 2032 1085 est,
2053 1047 2091 1078 ut
2105 1044 2148 1079 de
2166 1045 2314 1080 amicitia
2329 1039 2403 1081 dis-'

1364 1113 1522 1137 seramus.
1546 1106 1606 1137 Est
1619 1105 1706 1138 enim
1721 1104 1866 1137 amicitia
1880 1107 1938 1137 aut
1961 1105 2086 1144 virtus,
2105 1108 2164 1139 aut
2176 1107 2326 1150 sequitui·
2344 1108 2409 1142 vir-

1364 1164 1482 1195 tutem.
1497 1163 1546 1195 Ea
1558 1163 1680 1205 quippe
1696 1171 1772 1205 quae
1784 1163 1869 1196 inter
1886 1163 2114 1198 morositatem
2131 1167 2166 1198 et
2184 1165 2408 1201 adulationem

1365 1222 1415 1253 est
1433 1221 1552 1259 virtus,
1568 1220 1724 1262 adjuncto
1740 1230 1854 1254 amore
1871 1221 1926 1254 fiet
1943 1221 2087 1255 amicitia
2104 1234 2113 1255 :
2128 1215 2410 1266 quemadmodum

1364 1282 1480 1312 octavo
1498 1279 1573 1312 libri
1588 1280 1699 1321 quarti
1726 1280 1830 1322 capite
1852 1280 1978 1313 dictum
2005 1283 2055 1314 est
2071 1291 2090 1315 a
2108 1282 2221 1322 nobis,
2251 1285 2287 1317 et
2302 1283 2407 1328 perfe-

1363 1341 1450 1371 ctam
1465 1338 1617 1381 sequitur
1626 1338 1795 1371 virtutem.
1811 1340 1898 1380 Vera
1911 1340 1999 1373 enim
2015 1340 2170 1380 amicitia,
2186 1341 2272 1375 sicut
2293 1343 2407 1376 statim

1362 1397 1508 1436 dicetur,
1530 1397 1564 1429 in
1590 1397 1738 1430 honestis
1759 1400 1890 1430 tantum
1907 1399 1987 1432 viris
2014 1399 2110 1433 inest.
2133 1401 2356 1439 Quamobrem
2374 1402 2408 1435 in

1362 1458 1473 1489 nostra
1488 1456 1529 1489 de
1547 1456 1726 1490 virtutibus
1747 1457 1968 1499 disputatione
1995 1461 2249 1493 consentaneum
2273 1462 2324 1495 est
2348 1470 2408 1495 nos

1362 1515 1461 1548 etiam
1480 1515 1522 1548 de
1540 1525 1579 1549 ea
1602 1525 1777 1559 exponere,
1808 1517 1963 1559 quoniam
1983 1518 2036 1551 vel
2059 1518 2103 1551 a'd
2125 1519 2231 1552 vitam
2248 1520 2407 1563 agendam

1361 1586 1414 1610 res
1427 1579 1478 1610 est
1496 1577 1639 1610 maxime
1657 1578 1852 1611 necessaria.
1872 1580 1955 1611 Nam
1967 1579 2037 1612 sine
2051 1579 2166 1612 amicis
2183 1589 2281 1614 nemo
2298 1581 2408 1615 vivere

1361 1636 1458 1674 velit,
1479 1635 1609 1669 etiamsi
1622 1638 1807 1669 ceterorum
1823 1637 1983 1670 bonorum
1997 1638 2145 1671 omnium
2164 1639 2256 1682 copia
2269 1639 2409 1674 circum-

1361 1696 1442 1728 fluat
1460 1710 1467 1727 ι
1485 1696 1640 1728 nimirum
1661 1696 1760 1728 etiam
1773 1696 1814 1729 iis
1824 1697 1880 1739 qui
1898 1697 2034 1736 divitiis,
2050 1697 2197 1740 imperiis
2212 1700 2246 1732 et
2258 1699 2406 1741 potentia

1362 1754 1513 1787 instructi
1527 1756 1628 1797 atque
1643 1754 1750 1787 ornati
1764 1757 1862 1794 sunt,
1881 1755 1995 1788 amicis
2007 1765 2091 1798 opus
2106 1765 2178 1790 esse
2193 1758 2338 1791 maxime
2352 1758 2406 1791 vi-

1363 1812 1470 1846 detur.
1493 1812 1581 1850 Quid
1602 1812 1690 1846 enim
1719 1812 1855 1855 prodest
1872 1813 1949 1846 talis
1963 1812 2105 1846 felicitas
2124 1814 2175 1853 iis,
2194 1814 2254 1857 qui
2274 1815 2316 1849 de
2335 1816 2408 1849 aliis

1361 1872 1442 1905 bene
1458 1881 1583 1905 merere
1602 1881 1666 1904 non
1678 1874 1836 1914 possunt?
1853 1874 1894 1905 At
1913 1873 1947 1905 in
1964 1873 2129 1906 neminem
2149 1873 2308 1908 beneficia
2323 1883 2405 1908 con-

1362 1930 1470 1964 ferunt
1483 1930 1542 1973 qui
1554 1931 1677 1963 amicos
1689 1940 1753 1962 non
1773 1931 1896 1964 habent
1917 1944 1925 1964 :
1945 1940 2021 1974 quae
2039 1931 2127 1965 enim
2139 1932 2284 1982 maxime
2296 1933 2406 1967 locum

1361 1991 1460 2023 habet
1478 1992 1511 2023 et
1524 1990 1700 2024 laudabilis
1718 1992 1768 2023 est
1786 1991 2014 2030 beneficentia,
2029 2000 2067 2024 ea
2080 1991 2114 2024 in
2135 1992 2258 2025 amicos
2273 1992 2405 2027 confer·-

1362 2052 1417 2082 tur
1438 2061 1445 2082 ε
1461 2051 1594 2091 autqua
1615 2050 1740 2083 ratione
1756 2050 1854 2083 homo
1877 2049 1956 2083 felix
1975 2050 2047 2083 sine
2066 2050 2180 2084 amicis
2198 2051 2234 2084 in
2248 2050 2405 2086 felicitate

1362 2111 1551 2150 permaneat
1569 2111 1603 2142 et
1620 2109 1796 2142 incolumis
1813 2110 1992 2142 servetur?
2003 2111 2129 2152 quanto
2139 2109 2227 2143 enim
2237 2110 2344 2152 maior
2355 2110 2407 2145 fe-

1362 2168 1485 2206 licitas,
1503 2170 1597 2201 tanto
1609 2168 1708 2201 etiam
1722 2168 1934 2211 periculosior
1946 2170 2011 2201 est.
2034 2170 2076 2201 At
2087 2178 2152 2201 non
2167 2168 2268 2202 modo
2280 2168 2404 2210 felleos,

1363 2227 1420 2260 sed
1449 2227 1559 2260 miseri
1586 2237 1720 2270 quoque
1749 2229 1784 2260 et
1812 2236 1974 2269 pauperes
2002 2227 2116 2260 amicis
2143 2237 2228 2270 opus
2254 2228 2377 2263 habent
2394 2239 2404 2263 ε

1362 2296 1475 2319 omnes
1493 2287 1580 2319 enim
1599 2286 1731 2318 unicum
1746 2285 1931 2328 perfugium
1947 2286 2071 2319 amicos
2090 2295 2163 2320 esse
2182 2289 2320 2329 putant.
2343 2290 2406 2322 Ne·

1360 2355 1426 2388 que
1443 2355 1522 2378 vero
1541 2346 1628 2378 omni
1648 2347 1779 2378 tantum
1793 2344 1946 2384 fortunae,
1975 2345 2032 2378 sed
2050 2346 2150 2378 etiam
2180 2347 2272 2379 aetati
2287 2346 2404 2381 amici-

1360 2403 1406 2436 tia
1422 2403 1573 2436 conducit
1593 2417 1601 2436 :
1624 2413 1766 2445 namque
1781 2403 1878 2436 amici
1891 2403 2149 2437 adolescentulos
2166 2404 2209 2438 ad
2227 2405 2403 2440 sanitatem
2451 2404 2454 2407 ’

1359 2461 1562 2504 perducunt,
1584 2470 1624 2493 ne
1637 2463 1769 2503 propter
1786 2461 1862 2494 boni
1883 2461 2121 2503 ignorationem
2137 2464 2280 2504 peccent,
2308 2473 2403 2498 senes

1360 2523 1471 2554 autem
1493 2520 1622 2560 colunt,
1660 2529 1842 2562 eorumque
1865 2519 2003 2552 actionis
2034 2520 2202 2554 defectum
2232 2530 2273 2555 ex
2292 2523 2402 2556 aetatis

1360 2579 1586 2613 imbecillitate
1608 2580 1720 2611 ortum
1743 2578 1806 2621 ipsi
1829 2578 1982 2620 supplent
2010 2588 2018 2610 :
2043 2588 2158 2612 eorum
2177 2580 2318 2623 denique
2342 2581 2402 2625 qui

1358 2638 1567 2680 integerrima
1583 2640 1682 2670 aetate
1698 2637 1815 2670 florent
1838 2637 1940 2670 bonas
1956 2637 2101 2671 actiones
2121 2638 2239 2681 juvant
2251 2665 2259 2680 ‚
2278 2642 2311 2673 et
2327 2650 2400 2675 me-

1360 2698 1441 2730 liora
1460 2697 1588 2739 negotia
1602 2696 1739 2738 faciunt,
1754 2696 1838 2729 utin
1850 2696 2024 2739 proverbio
2039 2698 2089 2730 est
2107 2708 2115 2730 :

1428 2782 1560 2810 Duobus
1581 2782 1693 2819 quippe
1711 2781 1808 2811 simul
1829 2781 1977 2811 euntibus
1991 2781 2087 2812 etiam
2112 2782 2197 2812 alter
2210 2784 2310 2813 altero
2326 2785 2403 2822 plus

1431 2827 1515 2857 videt
1534 2837 1545 2855 .-

1359 2899 1434 2923 cum
1454 2889 1568 2922 amicis
1583 2889 1670 2922 enim
1683 2889 1800 2922 melius
1816 2889 1941 2931 singula
1961 2891 1995 2922 et
2011 2890 2196 2932 excogitare
2223 2900 2401 2934 possumus

1359 2950 1392 2983 et
1404 2958 1499 2990 agere
1510 2975 1517 2987 ,
1534 2948 1592 2982 sed
1605 2950 1638 2982 et
1659 2950 1779 2981 natura
1792 2948 1886 2981 nobis
1897 2949 1983 2981 inest
1996 2949 2151 2982 amicitia.
2168 2952 2294 2984 Natura
2309 2952 2397 2985 enim

1359 3008 1405 3040 ita
1426 3008 1653 3049 comparatum
1672 3009 1733 3045 est,
1751 3009 1789 3039 ut
1808 3007 1914 3039 omnis
1929 3016 2047 3049 parens
2067 3009 2310 3050 prolemvsuam
2326 3010 2400 3043 dili-

1358 3068 1414 3108 gat
1435 3078 1443 3098 ι
1465 3066 1555 3109 quod
1568 3076 1633 3099 non
1650 3066 1748 3098 modo
1767 3066 1800 3098 in
1822 3065 2034 3112 hominibus„
2048 3066 2106 3099 sed
2123 3067 2158 3099 in
2180 3067 2297 3100 avibus
2320 3078 2400 3111 quo-

1360 3136 1425 3169 que
1440 3128 1470 3160 et
1500 3126 1666 3169 plerisque
1684 3125 1878 3159 animalibus
1903 3125 2012 3158 locum
2038 3126 2139 3159 habet
2165 3138 2174 3158 z
2198 3136 2258 3160 nec
2286 3127 2320 3160 in
2337 3137 2397 3170 pa-

1357 3188 1449 3219 rente
1469 3187 1599 3218 tantum
1616 3188 1650 3218 et
1677 3186 1783 3228 prole,
1805 3184 1863 3218 sed
1893 3184 1993 3217 etiam
2018 3185 2051 3218 in
2072 3185 2114 3218 iis
2133 3186 2190 3228 qui
2214 3187 2399 3230 propinqua

1356 3245 1547 3287 cognatione
1564 3244 1729 3286 conjuncti
1753 3245 1846 3282 sunt,
1873 3243 2019 3276 omnium
2031 3245 2174 3278 maxime
2192 3254 2272 3278 vero
2286 3246 2320 3279 in
2337 3246 2398 3280 ho-

1356 3304 1499 3338 minibus
1522 3315 1529 3337 ;
1550 3304 1691 3346 ideoque
1719 3303 1890 3336 hominum
1918 3306 2065 3337 amantes
2093 3305 2250 3348 tanquam
2273 3305 2396 3339 huma-

263 3364 2395 3388 m*

298 3402 316 3420 ²⁴
333 3402 403 3436 Lib.
423 3404 511 3437 VIII,
528 3413 597 3450 cap.
620 3409 646 3438 1.
661 3407 754 3439 Μετὰ
767 3408 801 3439 δὲ
819 3412 922 3442 ταῦτα
939 3412 1011 3454 περὶ
1033 3412 1133 3453 φιλίας
1149 3415 1217 3446 κτλ.

1282 3476 1362 3518 490

2490 3712 2508 3776 -Α,
