2508 3776
265 197 343 235 378

265 296 344 333 ριος·
358 281 415 319 καὶ
431 279 533 318 δώσει
554 274 602 322 οἷς
617 280 681 327 δεῖ,
694 280 755 318 καὶ
772 281 810 318 οὗ
825 280 975 331 λήψεται
993 281 1068 321 ὅθεν
1083 286 1121 323 οὗ
1140 285 1207 326 δεῖ.
1230 286 1298 325 Διὰ

262 344 362 379 τοῦτο
380 341 397 376 ὁ
415 338 546 381 ἄσωτος
565 339 603 376 οὐ
624 339 720 376 δοκεῖ
740 339 870 390 φαῦλός
890 355 940 384 τις
965 333 1052 379 εἶναι
1077 342 1116 380 τὸ
1135 337 1229 390 ἦθος·
1259 346 1298 382 οὗ

261 399 326 451 γὰρ
343 400 518 448 μοχθηροῦ
535 396 594 434 καὶ
611 398 770 448 ἀγεννοῦς
789 398 828 436 τὸ
843 398 1072 450 ἱπερὸάλλειν
1089 402 1123 439 ἐν
1141 404 1190 453 τῷ
1208 402 1298 440 διδό-

261 472 314 495 ναι
332 455 390 494 καὶ
411 454 459 503 μὴ
478 453 671 503 λαμὸάνειν
685 484 694 501 ,
717 455 850 501 ἠλιθίου
871 455 921 496 δέ.
944 456 1013 496 Διὰ
1029 461 1130 496 τοῦτο
1152 459 1296 511 βελτίων

260 516 277 551 ὁ
298 514 430 556 ἄσωτος
449 516 510 551 τοῦ
538 514 770 559 ἀνελευθέρου·
792 513 853 552 καὶ
879 516 936 553 διὰ
967 515 1009 553 τὰ
1030 517 1220 568 εἰρημένα,
1238 517 1298 556 καὶ

258 572 310 610 ὅτι
331 575 347 609 ὁ
370 570 431 622 μὲν
450 571 582 615 ἄσωτος
601 570 751 615 πολλοὺς
771 573 920 624 ὠφελεῖ,
944 585 957 601 ³
977 576 994 611 ὁ
1014 574 1050 612 δὲ
1075 575 1298 626 ἀνελεύθερος

258 630 398 677 οὐδένα,
423 629 499 668 ἀλλ’
515 629 592 667 οὐδὲ
610 630 745 670 ἑαυτόν.
769 628 922 670 Ἄσωτον
946 630 982 669 δὲ
1001 632 1114 684 λέγω,
1137 633 1173 677 ὃς
1193 636 1297 686 ὑπερ-

259 689 384 726 ὅάλλει
403 687 464 738 μὲν
483 688 703 740 τῷδιδόναι,
725 689 877 728 ἐλλείπει
893 690 929 729 δὲ
950 693 996 742 τῷ
1023 692 1236 742 λαμὸάνειν,
1258 692 1294 731 ὃν

257 747 451 796 ὑπεθέμεθα
475 747 579 799 ἄκρον
612 740 700 785 εἶναι
730 749 814 800 πρὸς
833 748 889 786 τὸν
923 749 1129 802 ἐλευθέριον.
1164 751 1296 791 Πολλοὶ

255 806 323 859 γὰρ
363 806 491 844 ἄσωτοι
519 805 580 844 καὶ
621 806 837 861 ἀνελεύθεροί
876 809 982 857 εἰσιν,
1021 809 1295 861 ὓπερὸἄλλοντες

256 863 383 914 ὁμοίως
400 863 520 915 καὶτῷ
536 864 731 915 λαμὸάνειν
748 865 806 904 καὶ
819 868 868 918 τῷ
887 866 1027 905 διδόναι·
1047 868 1212 914 ληπτικοὶ
1226 869 1293 921 γάρ

259 924 326 960 εἷσι
352 922 408 961 διὰ
437 922 475 960 τὸ
503 922 689 974 βούλεσθαι
717 923 779 974 μὲν
811 924 1035 975 ἀναλίσκειν,
1073 928 1222 978 εὐχερῶς
1257 927 1294 966 δὲ

255 985 355 1020 τοῦτο
390 980 438 1032 μὴ
478 987 599 1020 ποιεῖν·
635 982 769 1034 ταχέως
788 982 857 1036 γὰρ
889 984 1058 1022 ἐπιλείπει
1092 984 1214 1030 αὐτοὺς
1249 987 1293 1024 τὰ

254 1040 455 1092 ὑπάρχοντα
468 1070 478 1088 ,
499 1040 557 1079 καὶ
577 1041 830 1093 ἀναγκάζονται
847 1042 1010 1093 ἑτέρωθεν
1030 1044 1196 1096 πορίζειν·
1219 1044 1293 1095 ἅμα

254 1098 290 1136 δὲ
310 1098 368 1137 καὶ
389 1097 447 1136 διὰ
468 1099 508 1138 τὸ
528 1099 577 1150 μὴ
598 1100 788 1152 φροντίζειν
809 1104 867 1139 τοῦ
894 1102 1029 1146 δέοντος
1042 1132 1052 1150 ,
1074 1103 1291 1155 πανταχόθεν

253 1156 312 1195 καὶ
332 1159 378 1200 ὡς
398 1158 497 1208 ἔτυχε
516 1157 748 1208 λαμὸάνουσι.
767 1158 906 1198 Διδόναι
921 1159 987 1212 γὰρ
1008 1163 1211 1210 ἐπιθυμοῦσι
1231 1161 1294 1212 μό-

252 1230 319 1254 νον·
339 1215 377 1253 τὸ
397 1216 432 1254 δὲ
448 1218 520 1261 πῶς
541 1217 592 1255 δεῖ
610 1217 669 1255 καὶ
688 1217 789 1256 πόθεν
806 1217 1048 1267 λαμὸοἱνοντας
1064 1219 1160 1258 οὐδὲν
1180 1236 1291 1271 προσ-

251 1275 550 1327 περιεργάζονται.
605 1275 674 1315 Διὰ
697 1281 796 1315 τοῦτο
829 1278 906 1328 οὐδὲ
939 1277 1123 1330 ἐλευθέριοί
1150 1280 1235 1316 εἰσιν
1256 1282 1292 1318 αἱ

251 1334 363 1376 δόσεις
389 1335 513 1372 αὐτῶν·
535 1335 572 1372 οὗ
593 1334 660 1388 γὰρ
695 1335 824 1385 καλαί,
846 1335 924 1375 οὐδὲ
956 1340 1018 1374 τοῦ
1039 1338 1147 1375 καλοῦ
1167 1337 1288 1386 ἕνεκα,

255 1391 332 1429 οὐδὲ
353 1393 399 1434 ὡς
432 1393 493 1430 δεῖ·
525 1394 602 1430 ἀλλ’
637 1393 743 1431 ἐνίοτε
776 1393 833 1437 οὒς
862 1395 914 1432 δεῖ
934 1394 1120 1442 πένεσθαι,
1152 1394 1290 1439 τούτους

251 1449 434 1492 πλουσίους
465 1453 623 1495 ποιοῦσι,
643 1456 714 1493 τοῖς
742 1450 777 1488 δὲ
796 1451 946 1503 μετρίοις
968 1451 1012 1490 τὰ
1031 1451 1097 1499 ἤθη
1124 1452 1218 1491 οὐδὲν
1246 1452 1288 1492 ἂν

251 1507 353 1544 δοῖεν·
374 1512 444 1549 τοῖς
467 1507 588 1551 κόλαξι
608 1508 644 1545 δὲ
659 1506 681 1553 ἢ
699 1509 808 1555 ἄλλην
828 1508 906 1546 τινὰ
928 1509 1053 1556 ἡδονὴν
1075 1511 1189 1554 αὐτοῖς
1203 1527 1287 1562 προ-

249 1565 379 1610 ξενοῦσι
400 1564 513 1603 πολλὰ
534 1565 762 1618 παρέχουσιν.
815 1567 879 1606 Διὸ
905 1568 965 1606 καὶ
994 1568 1182 1607 ἀκόλαστοί
1203 1571 1287 1609 εἶσιν

248 1625 292 1666 ὡς
312 1623 370 1661 ἐπὶ
385 1623 421 1661 τὸ
448 1625 610 1662 πλεῖστον
631 1625 662 1662 οἷ
682 1624 831 1664 ἄσωτοι.
857 1625 926 1664 Διὰ
944 1625 1012 1678 γὰρ
1039 1627 1077 1664 τὸ
1100 1627 1149 1677 μὴ
1175 1629 1237 1674 ζῆν
1259 1631 1274 1654 ¹³

248 1681 340 1719 κατὰ
363 1681 465 1732 λόγον
485 1681 572 1732 πρὸς
593 1682 655 1725 τὰς
689 1682 818 1728 ἡδονὰς
850 1684 1095 1731 ἀποκλίνουσι,
1113 1684 1226 1723 διὰδὲ
1248 1686 1286 1724 τὸ

249 1740 425 1783 ἐθισθῆναι
444 1739 560 1777 πολλὰ
581 1740 760 1788 δαπανᾶν,
786 1740 846 1778 καὶ
866 1742 913 1784 εἷς
928 1740 990 1784 τὰς
1012 1741 1203 1787 ἀκολασίας
1225 1744 1286 1781 δα-

248 1796 397 1848 πανηροὶ
431 1797 595 1848 γίνονται·
629 1796 719 1835 ὥστε
745 1797 876 1851 σφόδρα
896 1798 1086 1838 ἀκόλαστοι
1118 1794 1217 1840 εἶναι.
1240 1800 1285 1841 Ὁ

249 1855 311 1905 μὲν
331 1849 388 1893 οῧν
416 1856 548 1900 ἄσωτος
577 1856 870 1908 ἀπαιδαγώγητος
898 1858 1077 1908 γινόμενος
1098 1861 1144 1903 εἷς
1164 1864 1282 1899 τοσοῧ-

247 1929 305 1952 τον
327 1914 469 1966 ἔρχεται
503 1914 683 1966 πονηρίας·
716 1915 1000 1967 παιδαγωγηθεὶς
1033 1916 1069 1955 δὲ
1089 1917 1146 1956 καὶ
1165 1917 1283 1970 τυχὼν

247 1973 445 2021 ἐπιμελείας
464 1975 510 2017 εἷς
532 1973 570 2011 τὸ
593 1973 665 2012 δέον
688 1973 871 2026 ἀφικέσθαι
893 1975 1049 2015 δύναται.

300 2031 317 2048 *
338 2031 380 2070 Ἥ
408 2030 443 2069 δὲ
458 2032 734 2084 ἀνελευθεριότης
751 2033 887 2076 ἀνίατός
914 2035 1018 2073 ἐστιν·
1043 2036 1081 2072 οὗ
1102 2035 1170 2086 γάρ
1190 2037 1282 2074 ἐστιν

246 2089 343 2134 ἐλπὶς
363 2090 432 2128 ἀπὸ
453 2089 610 2134 πλείονος
639 2090 760 2142 πείρας
784 2088 807 2136 ἢ
841 2091 978 2137 ἡλικίας
1005 2093 1092 2136 τινὸς
1126 2093 1284 2144 βελτίονα

244 2148 402 2199 γενέσθαι
425 2149 480 2187 τὸν
500 2148 737 2200 ἀνελεύθερον.
763 2150 816 2188 Τὸ
833 2149 899 2202 γὰρ
920 2156 1044 2203 πεῖραν
1066 2152 1189 2190 λαὸεῖν
1207 2154 1274 2190 τῶν

245 2209 278 2246 ἐν
295 2211 343 2259 τῷ
365 2207 430 2260 βίῳ
447 2239 456 2260 ‚
478 2208 538 2247 καὶ
557 2209 596 2248 τὸ
611 2212 740 2261 γῆρας,
762 2207 822 2247 καὶ
839 2208 882 2246 τὰ
903 2210 942 2247 ἔκ
960 2214 1021 2248 τοῦ
1035 2210 1149 2262 γήρως
1173 2211 1280 2258 κακοί,

244 2266 305 2304 καὶ
338 2273 437 2305 πᾶσα
457 2267 632 2316 ἀδυναμία
649 2297 659 2315 ,
682 2266 741 2305 καὶ
771 2267 989 2307 κακοπάθεια
1017 2270 1137 2322 πολλῷ
1168 2269 1279 2319 μείζω

243 2330 333 2363 ποιεῖ
345 2325 405 2372 τὴν
427 2326 744 2378 ἀνελευθεριότητα.
767 2326 838 2365 Καὶ
859 2327 974 2371 ἄλλως
996 2327 1031 2366 δὲ
1058 2328 1194 2377 μᾶλλον
1213 2343 1280 2366 πε-

245 2387 392 2438 φύκασιν
418 2389 448 2425 οἱ
483 2387 657 2438 ἄνθρωποι
685 2387 767 2438 πρὸς
796 2387 860 2434 τὴν
896 2388 1230 2440 ἀνελευθεριότητα,
1259 2389 1280 2435 ἢ

243 2442 328 2493 πρὸς
359 2443 421 2489 τὴν
452 2444 615 2482 ἀσωτίαν·
649 2446 679 2483 οἱ
705 2444 772 2496 γὰρ
804 2447 962 2483 πλεῖστοι
986 2449 1055 2484 τῶν
1088 2445 1278 2498 ἀνθρώπων

242 2502 501 2554 φιλοχρήματοι
534 2504 595 2542 καὶ
633 2502 851 2555 ἀνελεύθεροί
884 2505 961 2543 εἶσι·
999 2506 1137 2544 διδόασι
1169 2505 1205 2543 δὲ
1238 2507 1276 2544 οὗ

242 2560 374 2612 σφόδρα
405 2562 542 2599 πολλοί·
571 2562 749 2614 ἐλάχιστοι
776 2561 811 2600 δὲ
833 2564 863 2601 οἱ
894 2563 1037 2603 ἄσωτοι.
1094 2564 1161 2602 Διὰ
1182 2568 1279 2602 τοῦτο

241 2617 354 2656 τοίνυν
388 2620 507 2672 πολλῷ
531 2620 674 2671 βελτίων
700 2623 721 2667 ἡ
744 2620 881 2659 ἀσωτία
907 2625 969 2668 τῆς
996 2622 1279 2675 ἀνελευθεριότη-

242 2691 310 2720 τος·
336 2677 495 2730 φαίνεται
528 2679 593 2731 γὰρ
624 2680 692 2718 ἀπὸ
722 2680 853 2719 τούτων
887 2682 1067 2735 ἐγγύτερον
1098 2676 1184 2720 οῧσα
1218 2685 1278 2721 τοῦ

241 2735 364 2786 μέσου.

294 2793 329 2811 **
349 2794 424 2832 Καὶ
444 2794 550 2846 χωρὶς
578 2794 613 2834 δὲ
632 2795 762 2835 τούτων
784 2796 844 2835 καὶ
867 2797 1046 2841 πολυειδές
1064 2814 1098 2835 τι
1118 2798 1223 2836 κακὸν
1253 2802 1275 2846 ἡ

237 2853 528 2904 ἀνελευθεριότης·
549 2854 672 2892 πολλοὶ
698 2855 766 2906 γὰρ
793 2855 915 2906 τρόποι
935 2857 1073 2895 δοκοῦσι
1103 2859 1164 2903 τῆς
1190 2859 1276 2895 ἀνε-

238 2913 495 2964 λευθεριότητος
515 2906 616 2950 εἶναι.
666 2913 770 2952 Ἐπεὶ
789 2914 856 2966 γὰρ
876 2914 956 2966 περὶ
974 2917 1079 2967 λῆψιν
1100 2916 1159 2953 καὶ
1180 2915 1273 2954 δόσιν

241 2969 349 3021 ἐστίν,
369 2973 400 3008 οἱ
421 2969 481 3019 μὲν
499 2974 565 3009 τῶν
589 2972 817 3024 ἀνελευθέρων
835 2973 915 3023 περὶ
942 2973 1003 3020 τὴν
1024 2973 1117 3012 δόσιν
1136 2974 1275 3027 φαύλως

238 3027 393 3080 ἔχουσιν,
415 3030 445 3066 οἱ
468 3028 503 3066 δὲ
529 3028 609 3080 περὶ
627 3029 688 3076 τὴν
709 3032 826 3082 λ’ἧψιν·
850 3033 880 3069 οἱ
898 3031 960 3081 μὲν
980 3033 1047 3085 γὰρ
1068 3032 1145 3071 οὔτε
1165 3032 1274 3071 οὐδενὶ

239 3085 410 3137 διδόασιν,
431 3087 505 3126 οὔτε
517 3088 708 3138 λαμὸάνειν
731 3089 911 3141 βούλονται
931 3094 1013 3143 παρ’
1032 3091 1177 3135 οὐδενός.
1229 3093 1275 3130 Οἱ

239 3145 301 3196 μὲν
323 3145 378 3184 διά
398 3160 474 3184 τινα
494 3145 695 3194 ἐπιείκειαν,
712 3148 770 3185 καὶ
786 3147 843 3186 ἵνα
866 3148 913 3198 μὴ
929 3151 1173 3199 ἀναγκασθῶσι
1190 3157 1275 3202 πρᾶ-

237 3203 294 3250 ξαί
313 3220 348 3243 τι
375 3204 534 3257 αἰσχρόν·
555 3207 585 3243 οἱ
607 3204 642 3243 δὲ
663 3205 889 3259 φοὸούμενοι,
912 3208 1047 3258 μήποτε
1066 3208 1125 3248 καὶ
1159 3209 1276 3248 δοῦναί

1095 197 1372 240 ANDRONICI
1400 202 1577 242 RHODII

1360 293 1440 326 dum
1461 296 1606 336 oportet,
1633 295 1779 330 liberalis
1797 298 1841 331 sit
1856 309 1954 333 :nam
1967 304 2001 334 et
2018 303 2142 344 quibus
2153 305 2217 338 erit
2234 305 2411 347 dandum«
2445 302 2454 309 ¹
2483 310 2488 320 ’
2505 330 2508 338 -

1359 346 1468 386 dabit,
1485 357 1590 390 neque
1605 349 1693 382 unde
1704 350 1850 393 accipere
1866 352 1958 386 nefas
1977 356 2040 388 erit
2055 382 2062 395 ‚
2084 358 2232 400 accipiet.
2277 361 2405 403 ltaque.

1360 398 1514 441 prodigus
1529 410 1594 432 non
1607 401 1694 435 male
1711 404 1859 436 moratus
1875 413 1946 438 esse
1963 405 2094 440 videtur
2115 420 2122 440 ι
2143 419 2208 443 non
2225 411 2313 445 enim
2327 411 2397 444 im·

1360 452 1456 493 probi
1475 454 1534 485 aut
1560 453 1697 489 humilis
1721 457 1754 488 et
1781 455 1950 498 degeneris
1973 459 2114 494 hominis
2131 464 2197 502 est,
2223 463 2397 499 seastulti

1359 504 1487 544 potius,
1512 505 1677 547 largiendo
1699 509 1732 540 et
1756 517 1821 540 non
1848 509 2035 551 accipiendo
2054 513 2141 545 ultra
2163 514 2300 549 modum
2317 504 2402 560 pro:

1358 556 1458 596 gredi.
1480 557 1639 595 Quocirca
1656 559 1812 601 prodigus
1831 570 1932 593 avaro
1952 563 2065 595 melior
2082 566 2152 603 est,
2171 574 2246 600 cum
2260 562 2404 612 propter

1358 617 1395 639 ea
1417 616 1493 649 quae
1514 608 1601 642 dicta
1624 612 1715 650 sunt,
1737 606 1909 655 tum'quia
1922 613 2078 656 prodigus
2096 616 2212 650 multis
2231 607 2366 661 prodest
2378 646 2386 660 ‚

1358 668 1478 692 avarus
1492 670 1570 694 vero
1583 660 1723 701 nemini,
1746 672 1785 696 ac
1802 673 1843 697 ne
1859 664 1920 697 sibi
1935 665 1998 706 ipsi
2018 666 2163 708 quidem.
2213 669 2397 713 maaian

1357 713 1512 746 nimirum
1541 715 1686 756 intelligo
1699 741 1706 755 ‚
1742 717 1801 758 qui
1829 717 1936 751 dando
1953 719 2089 752 modum
2123 721 2272 762 excedit.
2306 721 2401 760 aod--
2454 763 2457 766 ,

1356 766 1473 807 piendo
1490 768 1602 799 autem
1631 767 1773 807 deserit,
1805 779 1905 811 quem
1933 774 2084 813 respectu
2115 773 2262 807 liberalis
2276 774 2406 818 ineius>

1356 819 1402 852 rei
1418 819 1549 861 fastigio
1566 822 1653 853 stare
1671 821 1852 862 posuimus.
1869 823 1998 866 Quippe
2010 825 2107 857 multi
2122 827 2156 858 et
2172 826 2302 870 prodigi
2317 830 2400 870 sunt..

1356 874 1387 905 et
1405 873 1572 911 liberales,
1594 873 1652 914 qui
1675 874 1862 916 accipiendo
1886 875 1984 908 simul
2004 879 2036 909 et
2052 877 2159 911 dando
2181 879 2317 913 modum
2335 889 2392 914 ex·

1355 925 1474 958 cedunt
1498 936 1505 955 :
1527 927 1604 958 sunt
1620 926 1706 958 enim
1730 927 1772 959 ad
1799 924 2023 970 accipiendum
2044 930 2205 972 proclives
2222 933 2394 976 propterea

1354 978 1459 1021 quod,
1482 987 1587 1020 quum
1605 980 1736 1012 sumtus
1754 979 1862 1013 facere
1884 982 2004 1021 velint,
2025 983 2088 1015 hoc
2103 985 2233 1027 assequi
2249 994 2317 1018 non
2338 985 2402 1029 fa·-

1354 1032 1415 1064 cile
1432 1033 1569 1073 possunt
1590 1045 1598 1065 z
1613 1042 1690 1064 nam
1704 1033 1769 1065 cito
1784 1042 1839 1066 eos
1859 1032 2034 1068 facultates
2060 1035 2235 1076 deliciunt,
2253 1034 2393 1082 ideoque

1354 1085 1484 1117 aliunde
1500 1094 1689 1127 comparare
1714 1088 1876 1127 coguntur
1893 1100 1901 1119 ι
1930 1087 2093 1131 simulque
2115 1090 2194 1132 quia
2209 1089 2318 1131 officio
2329 1099 2392 1126 suo

1353 1137 1472 1170 desunt
1490 1146 1606 1178 parum
1621 1137 1752 1169 solliciti
1767 1137 1809 1170 de
1833 1147 1928 1180 aequo
1946 1141 1979 1171 et
2002 1140 2103 1179 bono,
2121 1141 2268 1184 undique
2285 1150 2326 1176 sc
2341 1145 2394 1176 tea

1352 1197 1441 1220 mere
1462 1187 1650 1219 corradunt.
1672 1189 1757 1219 Nam
1775 1187 1845 1219 sola
1861 1187 2018 1229 largiendi
2035 1189 2216 1230 cupiditate
2235 1191 2391 1234 flagrum

1354 1239 1412 1273 sed
1427 1238 1593 1281 quomodo
1609 1239 1642 1270 et
1661 1237 1747 1270 unde
1764 1238 1910 1279 accipere
1934 1240 2076 1272 debeant
2091 1240 2181 1282 quod
2199 1240 2392 1286 largiantur-5

1351 1299 1416 1322 non
1430 1289 1557 1321 curiose
1575 1289 1738 1330 quaerunt.
1755 1289 1863 1326 Quare
1875 1297 1916 1321 ne
1929 1288 2080 1322 liberales
2097 1289 2231 1332 quidem
2243 1294 2320 1327 sunt
2334 1302 2397 1335 σου,

1351 1350 1426 1373 rum
1451 1339 1656 1377 donationes,
1679 1338 1756 1380 quia
1783 1348 1889 1380 neque
1916 1339 2063 1373 honestoe
2083 1341 2178 1379 sunt,
2201 1349 2309 1385 neque
2325 1332 2389 1376 ho-

1351 1392 1434 1424 nesti
1451 1400 1549 1423 causa
1567 1390 1668 1429 fiunt,
1694 1398 1753 1421 nec
1777 1390 1815 1421 ut
1834 1398 1894 1431 par
1912 1391 1962 1422 est
1992 1399 1999 1420 :
2030 1390 2088 1423 sed
2120 1391 2288 1424 interdum
2307 1387 2392 1436 quos

1350 1443 1500 1476 homines
1519 1442 1691 1483 oportebat
1709 1449 1867 1482 pauperes
1883 1449 1974 1480 esse,
1998 1441 2058 1473 hos
2082 1440 2225 1476 fortunis
2242 1443 2391 1486 locuple-⁴

1350 1495 1439 1534 tant,
1466 1494 1499 1525 et
1515 1502 1619 1534 quum
1639 1492 1679 1524 iis
1694 1491 1753 1533 qui
1772 1491 1963 1532 temperatis
1982 1492 2015 1523 et
2036 1490 2216 1526 moderatis
2237 1490 2400 1529 mortim&

1351 1544 1414 1576 sint
1447 1541 1530 1575 nihil
1552 1542 1693 1579 donent,
1717 1541 1935 1573 assentatores
1972 1540 2156 1574 aliarumve
2179 1542 2389 1586 voluptatum

1348 1593 1517 1626 ministros
1530 1590 1723 1624 muneribus
1738 1590 1881 1632 explent.
1900 1593 2009 1628 Quare
2020 1591 2120 1624 etiam
2136 1592 2391 1634 intemperantes

1348 1646 1424 1677 sunt
1443 1645 1639 1686 plerumque
1660 1640 1798 1683 prodigi.
1818 1640 1948 1672 Etenim
1967 1641 2046 1682 quia
2067 1641 2171 1674 vitam
2188 1641 2231 1675 ad
2251 1643 2390 1676 rationis

1347 1702 1495 1727 normam
1512 1701 1576 1724 non
1599 1691 1758 1732 dirigunt,
1784 1690 1826 1722 ad
1848 1689 2035 1735 voluptates
2059 1691 2284 1733 propensiores
2304 1701 2385 1726 eva-

1347 1745 1446 1782 dunt,
1473 1749 1506 1776 et
1525 1741 1603 1784 quia
1624 1739 1769 1772 maxima
1790 1739 1955 1780 impendia
1987 1739 2096 1772 facere
2125 1743 2365 1775 consueverunt
2377 1757 2389 1780 ‚¹

1348 1794 1446 1827 etiam
1465 1794 1498 1825 in
1516 1801 1569 1825 res
1587 1798 1743 1823 venereas
1768 1788 1940 1831 pecuniam
1961 1789 2166 1831 impendunt,
2195 1791 2243 1824 ita
2265 1793 2304 1824 ut
2323 1791 2387 1824 ad-

1346 1845 1481 1878 modum
1511 1842 1765 1883 intemperantes
1789 1839 1865 1871 sint.
1906 1839 2067 1880 Prodigus
2091 1848 2186 1882 ergo,
2209 1839 2238 1872 si
2248 1839 2388 1873 custode

1347 1895 1380 1925 et
1409 1891 1566 1932 magistro
1582 1890 1708 1925 careat,
1740 1896 1779 1919 eo
1811 1886 2032 1927 improbitatis
2057 1886 2205 1928 procedit
2224 1896 2232 1915 ε
2253 1887 2280 1920 si
2304 1896 2384 1920 vero

1347 1939 1516 1973 erudiatur
1535 1939 1568 1970 et
1588 1934 1738 1976 magistri
1753 1933 1892 1974 alicujus
1909 1942 1988 1966 cura
2003 1942 2042 1966 ac
2063 1933 2231 1975 diligentia
2259 1933 2385 1967 nitatur

1346 1986 1447 2019 officii
1466 1986 1578 2027 partes
1598 1982 1735 2024 implere
1757 1980 1888 2022 poterit.

1389 2043 1599 2076 Illiberalitas
1632 2043 1743 2073 autem
1772 2042 1805 2072 et
1834 2039 1972 2072 avaritia
2000 2038 2191 2072 insanabilis
2221 2038 2380 2073 videtur:

1347 2112 1454 2146 neque
1468 2102 1553 2135 enim
1576 2109 1649 2142 spes
1664 2102 1735 2141 ost,
1757 2101 1815 2132 aut
1839 2098 1963 2140 majore
1980 2097 2184 2139 experientia
2213 2099 2271 2130 aut
2287 2099 2386 2131 aetate

1344 2161 1572 2205 progrediente
1590 2159 1784 2192 illiberalem
1798 2158 1841 2190 ad
1855 2157 2026 2190 meliorem
2041 2154 2170 2198 frugem
2187 2165 2223 2189 se
2237 2157 2384 2199 receptu·

1344 2231 1430 2253 rum.
1458 2222 1607 2261 Namque
1627 2227 1708 2250 usus
1738 2226 1849 2249 rerum
1879 2224 1954 2258 quae
1973 2215 2007 2247 in
2031 2214 2202 2247 hominum
2219 2215 2289 2248 vita
2311 2223 2386 2248 eve-

1343 2280 1455 2318 niunt,
1476 2278 1634 2320 prasterea
1661 2277 1812 2308 senectus
1827 2275 1861 2307 et
1883 2273 2062 2306 senectutis
2077 2273 2184 2311 mala,
2211 2273 2384 2315 annisque

1342 2337 1550 2370 imbecillitas
1578 2337 1611 2368 et
1634 2334 1805 2367 calamitas
1819 2331 2076 2365 illiberalitatem
2097 2331 2204 2363 multo
2226 2331 2384 2373 majorem
2428 2332 2430 2335 ’

1343 2396 1500 2429 efficiunt.
1546 2393 1699 2435 Alioquin
1724 2393 1835 2423 autem
1861 2391 1979 2422 natura
2007 2389 2071 2422 hoc
2088 2388 2135 2421 ita
2157 2390 2382 2430 comparatum

1342 2457 1409 2493 est,
1428 2456 1466 2486 ut
1486 2452 1633 2485 homines
1650 2450 1692 2484 ad
1715 2448 1971 2482 illiberalitatem
1986 2447 2113 2489 potius,
2132 2455 2231 2489 quam
2250 2446 2383 2489 adpro-⁴

1341 2513 1504 2546 fusionem
1522 2511 1678 2544 inclinent
1697 2519 1704 2538 :
1723 2508 1874 2550 plerique
1895 2506 1982 2539 enim
1997 2505 2147 2539 homines
2159 2505 2250 2538 avari
2267 2506 2300 2538 et
2314 2505 2390 2548 iniq

1343 2572 1470 2605 herales
1487 2571 1563 2603 sunt
1584 2580 1591 2600 :
1617 2577 1735 2610 neque
1752 2566 1931 2599 admodum
1948 2564 2047 2597 multi
2071 2565 2148 2596 sunt
2163 2563 2220 2605 qui
2238 2563 2376 2603 donent,
2422 2599 2430 2607 j

1340 2628 1527 2673 paucissimi
1546 2627 1687 2668 denique
1702 2624 1839 2667 prodigi.
1897 2622 2118 2662 Quamobrem
2143 2621 2249 2654 multo
2264 2621 2379 2655 melior

1339 2688 1562 2721 illiberalitate
1580 2684 1726 2729 profusio
1751 2683 1884 2716 videtur
1903 2694 1910 2713 ε
1933 2681 2012 2723 quia
2040 2689 2081 2713 ex
2096 2680 2150 2716 his
2168 2680 2248 2713 satis
2273 2689 2383 2722 appa*

1338 2749 1406 2788 ret,
1428 2746 1563 2788 propius
1579 2754 1652 2777 eam
1668 2753 1687 2775 a
1704 2742 1810 2775 medio
1831 2740 1955 2773 abesse.

1375 2806 1504 2839 Praeter
1521 2805 1594 2837 haec
1613 2804 1725 2835 autem
1749 2798 1951 2833 multiforme
1967 2797 2067 2830 etiam
2088 2796 2214 2829 malum
2234 2795 2377 2830 illibera-

1337 2866 1414 2898 litas
1444 2866 1494 2897 est
1520 2876 1527 2895 :
1551 2862 1659 2895 multa
1676 2861 1764 2893 enim
1793 2869 1911 2901 genera
1929 2857 2093 2898 multique
2119 2855 2209 2888 modi
2228 2854 2374 2890 avaritia

1340 2924 1493 2957 videntur
1515 2931 1596 2955 esse.
1613 2923 1697 2954 Nam
1712 2929 1815 2961 quum
1834 2918 1868 2950 in
1881 2916 2066 2960 accipiendo
2082 2916 2115 2948 et
2127 2914 2236 2948 dando
2256 2922 2372 2955 eei-na-

1336 2990 1403 3024 tur,
1420 2981 1596 3015 illiberales
1615 2979 1672 3012 alii
1684 2979 1719 3011 in
1737 2977 1844 3010 dando
1854 3003 1861 3015 ,
1877 2976 1933 3008 alii
1949 2975 1983 3007 in
1997 2973 2184 3015 accipiendo
2196 2973 2283 3006 male
2298 2981 2374 3005 ver-

1337 3043 1452 3076 santur
1470 3052 1478 3071 :
1493 3041 1569 3073 sunt
1589 3039 1676 3072 enim
1685 3037 1742 3080 qui
1759 3045 1864 3078 neque
1879 3034 1958 3067 dent
1972 3033 2156 3076 quidquam
2175 3031 2251 3064 aliis
2264 3039 2371 3075 neque

1337 3085 1482 3142 accipere
1496 3083 1680 3141 quidquam
1697 3095 1738 3128 ab
1756 3094 1828 3128 aliis
1841 3093 1952 3126 velint.
2001 3093 2127 3124 Horum
2144 3090 2280 3133 quidam
2295 3090 2375 3125 tum.

1336 3154 1495 3196 aequitate
1522 3154 1555 3184 et
1579 3149 1740 3183 modestia
1764 3147 1915 3186 adducti,
1940 3148 2011 3178 tum
2030 3155 2071 3178 ne
2093 3144 2174 3188 quid
2194 3142 2370 3187 aliquando

1335 3215 1431 3255 turpe
1445 3211 1617 3244 admittere
1634 3209 1811 3250 cogantur:
1833 3205 1887 3239 alii
1910 3206 2108 3242 metuentes,
2133 3212 2175 3237 ne
2201 3201 2284 3246 quid
2305 3200 2369 3235 ali·

1474 3322 2370 3341 —ffl———ffie

278 3421 298 3442 *
320 3421 360 3459 ‘11
373 3425 400 3456 δ’
413 3425 613 3468 ἀνελευθερία
633 3426 758 3463 ἀνίατός
773 3427 842 3459 ἐστι
864 3429 932 3460 κτλ.
955 3444 995 3451 —-
1011 3429 1044 3445 *¹¹
1066 3429 1183 3460 Πολλοὶ
1199 3427 1260 3472 γὰρ
1278 3420 1391 3470 τρόποι
1405 3427 1539 3459 δοκοῦσι
1552 3427 1606 3464 τῆς
1624 3419 1840 3464 ἀνελευθερίας
1856 3419 1938 3451 εἶναι
1953 3418 2019 3449 κτλ.
