2508 3776
316 212 394 251 306

316 294 351 333 δὲ
369 296 398 333 οἱ
420 294 616 346 βωμολόχοι
624 295 694 332 τῶν
710 294 928 347 εὓτραπέλων
947 298 986 337 οὗ
999 301 1111 353 μικρῷ
1128 300 1340 355 διαφέρουσι,

313 353 372 391 καὶ
391 354 428 390 ἐκ
442 354 509 390 τῶν
529 351 717 404 εῑρημένων
729 353 848 400 δῆλον.

365 409 383 427 *
400 403 508 449 Οὗτοι
522 409 556 448 δὲ
574 411 603 448 οἵ
623 409 830 463 εὖτράπελοι
845 413 903 452 καὶ
920 414 1081 460 ἐπιδέξιοί
1096 418 1183 467 εἳσι,
1199 418 1258 457 καὶ
1282 421 1341 456 εὖ·

309 468 481 521 τραπελία
508 468 718 517 ἐπιδεξιότης
746 469 788 509 ἂν
807 471 949 517 εἰκότως
969 475 1125 514 καλοῖτο·
1149 480 1210 515 τοῦ
1231 478 1342 516 ἐπιδε-

311 527 379 572 {tou
407 527 474 579 γάρ
500 528 595 566 ἐστιν
613 529 728 567 ἐκεῖνα
746 528 805 567 καὶ
833 529 946 581 λέγειν
965 531 1024 570 καὶ
1044 533 1179 573 ἀκούειν
1192 565 1202 583 ,
1218 530 1272 574 οἷα
1290 537 1340 589 τῷ

312 587 451 623 ἐπιεικεῖ
469 585 529 623 καὶ
551 585 719 639 ἐλευθέρῳ
750 586 929 639 ἁρμόττει.
953 587 1058 629 Ἔστι
1074 591 1141 644 γάρ
1157 608 1234 631 τινα
1256 593 1341 646 πρέ-

313 657 414 682 ποντα
431 646 480 695 τῷ
494 644 637 696 τοιούτῳ
656 645 768 696 λέγειν
785 647 819 684 ἓν
834 648 978 692 παιδιᾶς
995 647 1093 701 μέρει
1114 651 1174 689 καὶ
1189 651 1338 692 ἀκούειν·

309 704 327 748 ἡ
350 701 417 754 γὰρ
439 706 498 740 τοῦ
525 703 702 755 ἐλευθέρου
729 704 853 743 παιδιὰ
873 706 1026 760 διαφέρει
1053 711 1115 756 τῆς
1134 713 1193 748 τοῦ
1215 712 1339 764 ἀνδρα-

305 759 497 807 ποδώδους,
513 760 572 799 καὶ
592 765 613 808 ἡ
641 765 700 801 τοῦ
718 764 992 815 πεπαιδευμένου
1015 769 1076 814 τῆς
1095 772 1153 807 τοῦ
1174 770 1339 810 ἀπαιδεύ-

303 834 376 858 του.
399 821 512 856 Τοῦτο
527 818 562 856 δὲ
586 819 655 858 ἀπὸ
679 822 745 860 τῶν
761 823 954 874 κωμῳδιῶν
971 823 1105 875 γίνεται
1122 826 1247 876 δῆλον,
1269 831 1337 869 τῶν

301 893 340 915 τε
360 878 519 916 παλαιῶν
539 876 599 916 καὶ
626 880 694 917 τῶν
719 879 820 918 νέων·
851 882 885 919 ἓν
905 881 972 933 γὰρ
992 889 1066 927 ταῖς
1089 885 1286 939 κωμῳδίαις
1305 889 1335 927 οἳ

302 935 364 986 μὲν
397 935 547 987 ιραύλους
567 937 660 981 τινὰς
692 938 752 976 καὶ
773 940 1050 991 ἀνδραποδώδεις
1069 943 1335 997 ὑποκρινόμενοι

300 994 418 1045 γελοῖα
437 994 496 1032 καὶ
512 994 598 1041 ἡδέα
615 997 779 1046 ἡγοῦνται
794 996 837 1036 τὰ
857 999 998 1052 αἰσχρά·
1019 1001 1049 1037 οἱ
1069 999 1105 1039 δὲ
1126 1002 1336 1056 ἐλευθερίους

299 1052 392 1096 τινὰς
419 1053 478 1090 καὶ
513 1052 698 1098 ἐπιδεξίους
729 1056 789 1094 καὶ
819 1056 978 1101 ἐπιεικεῖς
1006 1059 1267 1111 ὑποκρινόμενοι
1289 1061 1333 1100 τὰ

300 1112 374 1162 μεθ’
397 1111 569 1155 ὑπονοίας·
584 1115 695 1150 ταῦτα
714 1112 750 1151 δὲ
767 1115 805 1152 οὗ
828 1118 942 1168 μικρῷ
966 1132 1032 1155 τινι
1054 1117 1209 1170 διαφέρει
1222 1119 1333 1167 ἀλλή-

296 1170 365 1207 λων
385 1168 470 1221 πρὸς
488 1170 770 1222 εὐσχημοσύνην.
793 1171 883 1211 Τίνα
910 1167 968 1211 oliv
987 1175 1137 1227 ἐροῦμεν
1160 1170 1247 1215 εἶναι
1272 1179 1329 1216 τὸν

297 1227 405 1276 μέσον
426 1229 460 1265 ἐν
480 1233 556 1271 ταῖς
586 1229 760 1276 παιδιαῑς;
797 1229 855 1269 τὸν
882 1224 920 1269 εῧ
952 1232 1177 1281 σκώπτοντα,
1197 1233 1257 1272 καὶ
1286 1237 1331 1279 ὥς

296 1287 348 1324 δεῖ
379 1285 557 1339 ἄνθρωπον
586 1287 764 1339 ἐλεύθερον
779 1317 790 1339 ,
825 1288 847 1335 ἢ
889 1288 947 1327 τὸν
989 1289 1038 1340 μὴ
1072 1291 1225 1342 λυπηρὸν
1259 1299 1330 1338 τοῖς

295 1344 511 1393 ἀκούουσιν,““
528 1345 550 1392 ἢ
577 1345 638 1384 καὶ
657 1346 824 1400 χαρίεντα
843 1347 905 1385 καὶ
928 1348 1030 1397 ἡδύν;
1051 1348 1112 1386 καὶ
1128 1354 1229 1389 τοῦτο
1249 1353 1325 1402 ὁρι-

294 1403 378 1453 σμὸς
395 1402 493 1442 ἔσται
511 1407 570 1442 τοῦ
591 1406 625 1442 ἐν
638 1410 713 1447 ταῖς
729 1405 886 1449 παιδιαῖς
902 1405 1022 1455 μέσου.
1043 1406 1149 1446 Ἀλλὰ
1169 1407 1329 1460 ἀόριστός

292 1477 343 1505 τις
359 1455 454 1505 οὗτος
474 1480 491 1501 υ
513 1461 657 1513 ὁρισμὸς
670 1456 759 1500 εἶναι
779 1464 883 1501 δοκεῖ·
900 1466 938 1502 οὗ
955 1463 1021 1517 γὰρ
1046 1464 1085 1503 τὸ
1104 1464 1189 1505 αὖτὸ
1201 1466 1328 1511 πάντες

294 1523 468 1571 μισοῦσιν,
500 1519 576 1558 οὐδὲ
612 1523 682 1564 τοῖς
714 1523 828 1565 αὐτοῖς
862 1522 1056 1575 χαίρουσιν*
1089 1524 1179 1562 ἀλλὰ
1210 1524 1326 1569 ἄλλοις

290 1577 380 1614 ἄλλα
407 1578 500 1615 δοκεῖ
523 1577 606 1624 ἡδέα
626 1577 687 1617 καὶ
705 1579 861 1634 λυπηρά·
883 1580 943 1619 καὶ
962 1574 1011 1625 οἷς
1027 1580 1170 1626 ἕκαστος
1190 1583 1323 1636 χαίρει,

289 1641 431 1676 τοιαῦτα
452 1636 510 1675 καὶ
537 1636 631 1687 λέγει
655 1637 714 1675 καὶ
734 1638 827 1675 ποιεῖ
847 1639 881 1675 ἐν
901 1645 976 1683 ταῖς
993 1640 1076 1692 πρὸς
1097 1639 1222 1684 ἄλλους
1238 1643 1321 1691 ὁμι-

288 1695 391 1739 λίαις·
411 1695 471 1734 καὶ
491 1695 514 1734 ἃ
534 1695 733 1746 σκώμματα
757 1696 891 1735 ἀκούων
913 1694 1093 1749 ἀνέχεται,
1125 1701 1235 1736 ταῦτα
1264 1699 1323 1738 καὶ

287 1757 392 1809 λέγει·
414 1758 452 1795 οὗ
480 1755 547 1808 γὰρ
569 1757 684 1796 πάντα
710 1759 791 1810 ἐρεῖ.
815 1757 886 1797 Καὶ
905 1757 973 1810 γὰρ
997 1757 1059 1797 καὶ
1090 1760 1121 1797 οἱ
1140 1760 1322 1809 νομοθέται

288 1815 360 1853 ἔνια
385 1816 551 1866 λοιδορεῖν
572 1814 757 1853 κωλύουσι·
787 1816 981 1869 λοιδόρημα
1003 1816 1041 1855 δέ
1060 1815 1095 1854 τί
1116 1817 1189 1855 ἐστι
1206 1818 1321 1858 καὶτὸ

286 1876 456 1924 σκῶμμα.
477 1870 563 1912 ’Ότι
591 1873 703 1911 τοίνυν
735 1873 880 1926 ἀόριστοί
900 1876 983 1913 εἰσιν
1003 1874 1025 1912 ἃ
1050 1878 1238 1925 μισοῦμεν,
1260 1876 1320 1915 καὶ

285 1926 333 1976 οἷς
353 1932 542 1985 χαίρομεν,
567 1930 623 1969 διὰ
643 1934 743 1969 τοῦτο
768 1932 925 1983 χαλεπόν
947 1934 1040 1971 ἐστιν
1068 1933 1222 1985 ἀκριὸῶς
1239 1935 1315 1987 ὁρί-

284 1993 412 2029 σασθαι
431 1989 489 2028 τὸν
507 1992 540 2028 ἐν
554 1995 630 2033 ταῖς
651 1991 804 2033 παιδιαῖς
821 1989 940 2039 μέσον·
962 1990 1037 2029 ἀλλ’
1055 1991 1156 2036 αὐτὸς
1174 1993 1314 2032 ἐλευθέ-

287 2049 444 2102 ριος.καὶ
472 2048 605 2101 χαρίεις
632 2049 740 2092 οὕτως
771 2048 857 2099 ἕξει,
880 2044 948 2087 οἷον
980 2050 1083 2099 νόμος
1118 2049 1165 2088 ὢν
1188 2053 1314 2105 ἑαυτῷ.

282 2110 444 2150 Τοιοῦτος
458 2107 519 2157 μὲν
535 2101 592 2145 οῧν
614 2110 631 2146 ὁ
651 2106 777 2157 μέσος,
800 2107 869 2146 εἴτε
888 2107 1095 2161 εὐτράπελος
1109 2137 1120 2159 ,
1142 2108 1211 2149 εἴτε
1233 2113 1314 2150 ἐπι-

284 2167 389 2211 δέξιος
405 2165 561 2216 λέγεται.

335 2225 368 2242 **
384 2223 430 2263 ‘0
452 2223 487 2261 δὲ
509 2222 709 2276 βωμολόχος
730 2222 860 2275 σφόδρα
877 2225 963 2275 ἐρῶν
982 2229 1040 2263 τοῦ
1059 2224 1208 2276 γελοίου,
1221 2228 1316 2266 οὔδε-

278 2285 334 2328 νὸς
349 2283 502 2336 φείδεται
516 2284 583 2320 τῶν
598 2281 735 2333 γέλωτα
750 2282 938 2320 ποιούντων
949 2281 1025 2320 οὔτε
1037 2282 1145 2335 ἔργων
1162 2284 1240 2323 οὔτε
1255 2289 1316 2339 ῥη-

280 2343 420 2393 μάτων,
445 2340 505 2379 καὶ
527 2339 605 2379 οὔτε
625 2343 747 2380 ἑαυτοῦ
770 2339 848 2378 οὔτε
868 2343 935 2378 τῶν
965 2342 1158 2381 ἀκουόντων
1187 2344 1315 2397 ἀπέχε-

277 2415 347 2440 ται·
367 2402 444 2438 ἀλλ’
465 2399 521 2437 ἵνα
543 2398 644 2450 μόνον
661 2399 786 2449 κινήσῃ
807 2400 961 2451 γέλωτα,
978 2399 1037 2438 καὶ
1051 2401 1171 2440 ἑαυτὸν
1188 2403 1313 2455 αἰσχύ-

277 2474 326 2498 νει
346 2458 494 2501 καὶτοὺς
514 2458 718 2506 ἀκούοντας,
736 2459 851 2496 ἐκεῖνα
867 2456 978 2509 λέγων
995 2457 1053 2495 καὶ
1070 2458 1248 2510 πράττων,
1264 2454 1312 2499 (ἷν

277 2517 370 2556 οὐδὲν
392 2516 468 2555 οὔτε
490 2515 580 2554 εἴποι
603 2516 643 2555 ἂν
665 2518 745 2555 οὔτε
766 2515 942 2563 ποιήσειεν
965 2518 983 2553 ὁ
1003 2515 1151 2567 χαρίεις·
1173 2515 1247 2554 ἔνια
1273 2517 1310 2556 δὲ

277 2575 353 2612 οὐδὲ
375 2574 561 2625 ἀνάσχοιτο
582 2573 622 2612 ἂν
640 2577 799 2613 ἀκοῦσαι.

328 2632 379 2649 ***
390 2632 433 2670 ‘O
445 2632 474 2669 δ’
486 2633 601 2682 ἄγριος
609 2632 654 2674 εἷς
663 2630 724 2675 τὰς
734 2630 897 2674 τοιαύτας
911 2630 1052 2682 ὁμιλίας
1066 2633 1213 2685 ἀχρεῖος·
1231 2634 1310 2673 οὔτε

275 2690 342 2743 γὰρ
357 2690 457 2733 αὐτὸς
472 2689 553 2736 ἡδύς
575 2691 665 2727 ἐστιν
679 2717 689 2736 ,
713 2689 772 2727 καὶ
791 2688 869 2732 τοὺς
888 2690 1012 2735 ἄλλους
1038 2691 1147 2735 οὕτως
1168 2692 1311 2744 ἔχοντας

276 2747 506 2801 δυσχεραίνει·
525 2747 584 2786 καὶ
603 2741 698 2791 οὗτος
714 2747 750 2786 δὲ
767 2747 948 2793 κακίζεται
977 2748 1033 2786 διὰ
1057 2749 1097 2788 τὸ
1117 2751 1306 2814 ἀνΙαγκαῖον

275 2801 366 2845 εἶναι
386 2807 468 2858 πρὸς
487 2805 544 2843 τὸν
578 2805 789 2859 ἀνθρώπινον
827 2806 899 2858 βίον
936 2808 996 2844 καὶ
1021 2806 1083 2855 τὴν
1114 2806 1307 2849 ἀνάπαυσιν

274 2863 335 2902 καὶ
354 2863 416 2910 τὴν
436 2862 591 2902 παιδιάν.

326 2919 396 2940 *¹'¹**
420 2922 524 2972 Τρεῖς
549 2921 617 2973 γάρ
638 2922 705 2960 εἶσι
727 2921 912 2972 μεσότητες
930 2925 963 2962 ἐν
985 2926 1034 2975 τῷ
1053 2926 1117 2976 βίῳ
1142 2924 1222 2977 περὶ
1243 2924 1306 2970 τὰς

272 2980 358 3034 πρὸς
369 2979 537 3025 ἀλλήλους
550 2981 617 3016 τῶν
633 2980 822 3032 ἀνθρώπων
834 2980 984 3031 ὁμιλίας·
1001 2982 1063 3032 μία
1081 2981 1142 3032 μὲν
1152 2983 1231 3035 περὶ
1241 2984 1305 3031 τὴν

275 3040 461 3087 ἀλήθειαν,
488 3037 562 3084 ἥτις
591 3040 672 3089 παρ’
697 3038 851 3091 ἑκάτερα
869 3039 932 3086 τήν
965 3056 1002 3079 τε
1025 3041 1227 3086 ἀλαζονείαν
1246 3042 1306 3081 καὶ

274 3098 336 3144 τὴν
356 3094 529 3147 εἰρωνείαν
551 3095 642 3148 ἔχει,
670 3095 729 3134 δύο
749 3095 784 3134 δὲ
814 3097 893 3149 περὶ
914 3098 951 3136 τὸ
970 3097 1048 3144 ἡδύ·
1072 3093 1118 3137 ὧν
1144 3102 1164 3146 ἡ
1183 3099 1246 3150 μέν
1267 3101 1303 3138 ἐ-

276 3171 349 3194 στιν
366 3158 388 3202 ἡ
400 3153 568 3206 λεγομένη
581 3153 692 3206 φιλία,
711 3153 786 3201 ἥτις
801 3155 884 3207 παρ’
903 3155 1051 3207 ἑκάτερα
1069 3157 1130 3202 τήν
1149 3173 1187 3196 τε
1202 3159 1306 3196 κολα-

1133 214 1413 256 ANDRONICI
1442 218 1621 258 RHODII

1403 310 1515 342 tamen
1530 309 1616 344 inter
1627 319 1758 345 scurras
1771 314 1806 347 et
1820 314 1962 350 urbanos
1983 316 2140 355 interesse
2150 347 2158 361 .
2179 323 2232 356 vel
2247 332 2288 356 ex
2302 323 2344 359 iis
2355 315 2462 369 ‹iffi-{Q

1401 368 1547 403 diximus
1560 372 1770 414 perspicuum
1786 376 1847 409 est.
2130 380 2133 385 ’
2363 378 2368 383 “
2397 383 2405 414 T
2427 370 2434 384 “

1440 429 1482 461 Hi
1501 431 1613 463 autem
1630 431 1748 478 urbani
1761 434 1838 466 sunt
1859 435 1960 469 etiam
1971 436 2108 479 dexteri,
2129 443 2314 488 meritoque
2328 442 2443 480 urbn--

1400 487 1485 520 nitas
1501 489 1605 530 possit
1619 489 1799 526 dexteritas
1810 494 1922 527 vecari
1939 507 1948 528 ι
1968 496 2130 539 siquidem
2148 500 2276 542 dexteri
2289 503 2431 539 hominis
2460 498 2475 541 s

1400 548 1467 586 est,
1485 555 1523 580 ea
1542 548 1576 581 et
1587 548 1695 583 dicere
1711 553 1744 584 et
1756 552 1880 592 audire,
1896 562 1973 596 quae
1993 554 2065 588 viro
2080 556 2165 591 hono
2183 568 2221 592 ac
2237 554 2438 597 liberofeonss

1398 606 1546 642 veniunt.
1567 610 1652 643 Sunt
1673 611 1757 644 enim
1781 613 1951 655 quaedam,
1971 623 2048 657 quae
2066 617 2165 651 talem
2184 613 2379 665 virumjoeo
2397 626 2431 658 et
2482 647 2483 650 =

1398 664 1506 699 dicere
1522 669 1555 700 et
1575 668 1691 702 audire
1707 672 1843 709 deceat:
1864 672 2019 706 nimirum
2039 674 2170 717 ingenui
2189 667 2432 724 hominisjoeus
2482 721 2486 726 ,

1398 732 1417 756 a
1436 724 1546 758 servili
1565 725 1717 761 diversus
1743 730 1812 767 est,
1840 729 1986 773 itemque
2015 732 2077 765 viri
2098 732 2186 767 docti
2212 735 2364 777 sale-jab
2377 737 2431 774 in-
2484 747 2486 762 1

1397 781 1487 815 docti
1500 783 1629 818 facetiis
1646 784 1814 820 differunt.
1835 789 1931 826 Quod
1948 789 2082 832 quidem
2105 800 2147 824 ex
2164 793 2336 829 oomoediis
2353 797 2428 830 tum
2486 787 2487 793 ί

1396 843 1578 884 veteribus,
1608 847 1681 879 tum
1710 848 1947 882 recentioribus
1967 850 2163 894 intelligitur
2193 845 2203 884 ἑ
2228 863 2372 900 namque
2394 857 2429 891 in

1395 903 1562 936 comoediis
1579 904 1638 946 qui
1660 914 1837 947 pravorum
1858 908 2028 942 hominum
2056 919 2293 956 servorumque
2315 922 2430 958 perso·
2492 940 2499 957 ,-

1394 968 1454 992 nas
1471 960 1634 994 sustinent
1646 985 1656 1002 ‚
1669 961 1809 995 ridicula
1828 965 1862 996 et
1877 964 2023 1006 jucunda
2039 968 2158 1008 putant
2182 977 2259 1011 quoe
2275 968 2428 1004 obsooena
2492 965 2495 967 Α

1394 1015 1498 1047 sunt:
1517 1016 1552 1048 at
1572 1015 1633 1058 qui
1658 1016 1793 1059 ingenui
1816 1017 2009 1062 dexterique
2032 1021 2174 1056 hominis
2197 1025 2232 1057 et
2258 1023 2324 1059 viri
2350 1024 2429 1060 boni
2471 1032 2474 1036 ’
2494 1030 2498 1034 ’

1392 1069 1502 1110 partes
1526 1070 1710 1113 suscipiunt
1724 1097 1733 1112 ‚
1747 1073 1857 1114 potius
1879 1074 2018 1115 figurata
2033 1076 2133 1110 verba
2151 1087 2160 1107 ε
2185 1077 2427 1114 inm-hamau-
2482 1103 2487 1105 -

1391 1125 1460 1156 tem
1476 1123 1519 1156 ad
1534 1124 1727 1166 elegantiam
1744 1126 1924 1168 plurimum
1942 1127 2088 1162 interest.
2129 1132 2234 1169 Quem
2258 1131 2361 1175 igitur
2372 1133 2428 1168 di-

1391 1187 1504 1212 eemus
1525 1179 1560 1212 in
1568 1180 1652 1222 iocIS
1671 1181 1819 1214 medium
1836 1182 1994 1224 quiddam
2006 1185 2119 1217 tenere
2133 1193 2172 1217 ec
2188 1186 2428 1229 tmperameu-
2483 1171 2507 1212 's

1390 1234 1463 1264 tum
1477 1240 1610 1266 servare
1620 1234 1636 1265 ’ἰ
1653 1235 1775 1266 Utium
1788 1243 1865 1266 eum
1885 1234 1944 1276 qui
1965 1237 2054 1269 recte
2070 1237 2104 1270 et
2122 1238 2161 1270 ut
2180 1237 2313 1272 homine
2333 1237 2426 1281 inge-
2486 1239 2505 1290 ᾗ·

1389 1285 1610 1328 nu0,dignum
1627 1289 1679 1320 est
1701 1287 1850 1321 cavillari
1870 1288 1968 1328 solet,
1984 1299 2026 1323 an
2045 1291 2104 1333 qui
2125 1291 2339 1335 audientibus
2356 1302 2424 1327 non
2484 1291 2505 1350 j

1389 1343 1439 1374 est
1460 1342 1638 1382 molestus,
1658 1352 1700 1376 an
1719 1343 1778 1385 qui
1802 1347 1965 1378 venustus
1989 1346 2101 1388 potius
2118 1348 2152 1380 et
2166 1347 2335 1389 jucundus
2348 1348 2424 1403 est}

1388 1397 1490 1438 atque
1502 1396 1575 1429 haec
1586 1396 1728 1430 hominis
1740 1397 1774 1430 in
1791 1397 1932 1440 Jocando
1946 1399 2094 1433 medium
2111 1399 2270 1443 quiddam
2284 1402 2426 1436 tenentis
2464 1424 2468 1452 ¹.

1387 1450 1534 1484 definitio
1546 1452 1619 1485 erit.
1647 1453 1749 1495 Atqui
1764 1453 1890 1487 incerta
1903 1444 2107 1488 net-,definita
2118 1455 2253 1490 videtur
2265 1465 2338 1491 esse
2350 1457 2424 1491 hnc
2482 1463 2494 1507 J

1386 1505 1531 1540 definitio
1561 1520 1570 1540 z
1597 1516 1703 1550 neque
1719 1508 1807 1541 enim
1822 1518 1935 1543 omnes
1952 1512 2010 1543 aut
2039 1510 2154 1544 eadem
2180 1511 2343 1554 oderunt,
2362 1514 2423 1547 eut
2478 1530 2493 1559 ,5

1384 1561 1502 1594 iisdem
1526 1560 1754 1594 delectantur:
1780 1562 1839 1596 sed
1865 1563 1928 1596 alia
1943 1563 2017 1596 aliis
2035 1564 2183 1606 iucunda
2193 1559 2350 1600 videntur
2362 1568 2422 1600 aut
2490 1562 2497 1588 Γ

1384 1617 1523 1649 molesta
1539 1628 1549 1649 z
1569 1617 1691 1658 quibus
1706 1626 1784 1650 vero
1799 1617 2004 1651 delectantur
2020 1619 2153 1661 singuli,
2173 1629 2213 1654 ea
2226 1620 2261 1654 in
2273 1629 2418 1664 congres-
2489 1665 2493 1670 ¹

1383 1671 1530 1704 sionibus
1549 1670 1762 1703 familiarium
1786 1674 1820 1704 et
1848 1672 1964 1705 dicunt
1981 1675 2014 1706 et
2031 1672 2157 1707 faciunt
2181 1685 2191 1706 ι
2213 1683 2312 1718 porro
2334 1683 2420 1719 quas
2485 1682 2488 1687 ·

1383 1723 1606 1758 cavillationes
1628 1724 1747 1766 aliquis
1776 1734 1873 1767 aequo
1895 1725 2004 1758 animo
2017 1726 2120 1766 audit,
2145 1727 2187 1760 iis
2203 1729 2316 1761 utetur
2332 1737 2419 1772 quo-
2483 1740 2487 1742 ’

1381 1785 1468 1821 que:
1490 1786 1597 1820 neque
1613 1780 1700 1811 onim
1715 1779 1824 1812 omnia
1841 1780 1939 1813 dicet.
1989 1782 2072 1814 Nam
2087 1781 2186 1814 etiam
2206 1782 2316 1824 legum
2331 1783 2420 1817 la'to-
2442 1798 2443 1801 ¹
2484 1817 2491 1836 ,Δ

1380 1843 1433 1868 res
1458 1834 1612 1877 quaedam
1641 1834 1810 1867 maledicti
1837 1835 1909 1868 loco
1935 1835 2076 1878 objicere
2101 1845 2163 1870 nos
2191 1839 2307 1872 vetant
2331 1851 2340 1872 ε
2365 1840 2417 1873 est

1380 1889 1493 1920 autem
1512 1888 1679 1921 cavillatio
1696 1888 1864 1931 quoddam
1891 1890 2059 1923 maledicti
2069 1899 2184 1933 genus.
2216 1891 2303 1930 Quia
2315 1891 2416 1935 igitur

1378 1941 1548 1975 indefinita
1563 1944 1660 1983 sunt,
1680 1951 1756 1984 quae
1776 1942 1907 1976 odimus
1930 1945 1964 1977 et
1981 1944 2103 1987 quibus
2128 1944 2346 1986 delectamur,
2362 1946 2416 1980 id-
2493 1925 2498 1929 ἱ

1379 1997 1467 2030 circo
1483 2001 1636 2032 accurate
1661 1998 1797 2031 definire
1818 2007 1895 2031 eum
1909 1998 1975 2041 qui*
1987 1999 2121 2042 infjocis
2141 2000 2289 2034 medium
2314 2002 2424 2057 quid-V

1378 2056 1454 2089 dam
1467 2056 1558 2088 tenet
1570 2080 1578 2094 ,
1598 2053 1733 2090 difficsse
1752 2056 1813 2093 est,
1831 2054 1890 2087 sed
1912 2055 2012 2087 homo
2025 2055 2185 2097 ingenuus
2201 2065 2241 2090 ac
2254 2059 2420 2092 venustus*

1376 2112 1424 2144 ita
1439 2111 1502 2144 erit
1519 2109 1678 2150 affectus,
1699 2109 1795 2152 quasi
1805 2109 1877 2152 ipse
1892 2109 1954 2143 eibi
1973 2110 2028 2143 lex
2047 2111 2101 2144 sit.
2125 2111 2213 2146 Talis
2228 2111 2330 2155 igitur
2345 2120 2417 2147 nie-¹
2483 2139 2496 2150 ,.

1376 2166 1453 2199 dius
1479 2167 1542 2206 est,
1561 2166 1631 2199 sive
1645 2166 1792 2199 urbanus
1808 2165 1879 2199 sive
1892 2165 2008 2198 dexter
2023 2166 2218 2209 appellatur.

1416 2226 1558 2258 Atvero
1577 2233 1690 2258 scurra
1702 2250 1710 2264 ,
1731 2233 1837 2266 quum
1859 2224 2070 2257 vehementer
2089 2234 2165 2267 quoe
2181 2225 2322 2260 ridicula
2335 2230 2413 2271 sunt

1375 2285 1474 2325 amet,
1492 2292 1600 2326 neque
1625 2281 1722 2316 factis
1737 2291 1844 2325 neque
1860 2282 1958 2315 dictis
1973 2282 2136 2322 abstinet,
2163 2284 2285 2327 quibus
2307 2286 2427 2336 risum-
2476 2272 2495 2314 ³3

1373 2343 1525 2380 moveat,
1547 2341 1688 2383 ideoque
1716 2350 1776 2373 nec
1795 2340 1860 2374 sibi
1883 2350 1943 2373 nec
1965 2340 2174 2374 audientibus
2197 2342 2302 2384 parcit
2323 2350 2336 2376 .·
2350 2345 2410 2380 sed

1373 2399 1552 2434 dummodo
1568 2399 1673 2432 risum
1691 2400 1842 2439 moveat,
1859 2399 1934 2431 tum
1945 2399 1991 2440 {se
2008 2398 2130 2442 ipsum,
2146 2399 2220 2432 tum
2239 2400 2410 2437 audientes

1371 2458 1547 2502 ignominia
1564 2457 1687 2498 afficit,
1711 2467 1749 2490 ea
1767 2456 1906 2490 dicendo
1921 2459 1954 2490 et
1976 2457 2126 2490 faciende
2137 2483 2146 2496 ,
2166 2466 2308 2500 quorum
2327 2461 2408 2498 nihil

1371 2519 1469 2552 homo
1489 2517 1612 2560 politus
1635 2525 1742 2559 neque
1761 2516 1881 2549 dixerit
1903 2525 2011 2558 neque
2039 2514 2153 2549 fecerit
2179 2527 2189 2548 ι
2215 2517 2249 2550 et
2264 2525 2406 2559 quorum

1369 2575 1524 2609 nonnul-la
1541 2583 1582 2608 ne
1595 2574 1709 2607 audire
1729 2573 1863 2616 quidem
1884 2574 2056 2607 sustineat.

1410 2635 1452 2667 At
1465 2634 1611 2667 rusticus
1636 2634 1669 2666 et
1684 2632 1823 2675 agrestis
1836 2631 1879 2665 ad
1899 2632 1982 2665 tales
2006 2634 2247 2675 congressiones
2268 2640 2404 2677 prorsus

1368 2695 1499 2736 ineptus
1513 2695 1547 2727 et
1569 2693 1697 2726 inutilis
1723 2694 1795 2726 est:
1812 2701 1919 2735 neque
1933 2692 2020 2726 enim
2033 2693 2104 2736 ipse
2114 2694 2280 2735 ,iucundus
2293 2696 2356 2734 est,
2370 2697 2404 2729 et

1368 2754 1450 2787 alios
1470 2753 1554 2787 tales
1574 2755 1746 2786 aversatur
1762 2754 1886 2795 :atque
1907 2751 1963 2785 hic
1986 2752 2121 2795 quidem
2135 2754 2399 2796 reprehenditur,

1367 2815 1457 2858 qued
1480 2814 1523 2847 ad
1551 2814 1655 2847 vitam
1678 2814 1857 2847 humanam
1884 2812 2016 2856 requies
2044 2815 2078 2847 et
2096 2814 2194 2856 jocus
2219 2815 2404 2854 necessaria

1369 2876 1457 2907 sunt.

1407 2934 1487 2965 Tres
1500 2931 1586 2965 enim
1603 2917 1817 2964 inveniuntur
1843 2929 1878 2963 in
1895 2929 2041 2962 humana
2060 2929 2131 2962 vita
2145 2929 2399 2973 mediocritates,
2462 2976 2464 2978 ‚
2485 2931 2508 2979 ἐξ

1367 2990 1409 3023 ad
1424 2989 1695 3024 consuetudinem
1722 2997 1790 3031 qua
1810 2988 1960 3021 homines
1974 2987 2061 3021 inter
2073 2996 2109 3021 se
2131 2989 2296 3031 conjuncti
2307 2991 2398 3030 sunt.

1366 3050 1571 3091 spectantes:
1593 3057 1658 3081 una
1676 3047 1811 3090 quidem
1825 3046 1859 3079 in
1871 3046 2024 3088 veritate,
2038 3054 2115 3089 quae
2132 3047 2290 3090 utrinque
2303 3055 2400 3082 eno-
2458 3074 2461 3083 „
2482 3073 2487 3079 ,

1365 3107 1509 3149 gantiam
1526 3109 1560 3140 et
1571 3105 1865 3140 dissimulationem
1881 3105 1982 3138 habet
1994 3130 2002 3143 ‚
2018 3098 2095 3138 d'uae
2116 3105 2399 3149 veroinjucundi-
2425 3115 2429 3119 ’

1366 3167 1436 3199 tate
1454 3166 1526 3199 sitae
1546 3178 1554 3199 :
1570 3174 1711 3208 quarum
1735 3164 1838 3197 altera
1853 3165 1914 3203 est,
1939 3173 2014 3206 quae
2038 3163 2183 3198 amicitia
2197 3164 2396 3208 appellatur,

275 3214 371 3253 κείαν
390 3212 450 3252 καὶ
466 3213 528 3260 τὴν
551 3211 735 3251 δυσκολίαν
766 3211 859 3264 ἔχει,
879 3213 980 3266 ἑτέρα
1000 3213 1034 3251 δὲ
1056 3217 1076 3261 ἡ
1098 3216 1306 3267 εὐτραπελία
1369 3229 1469 3269 atque
1488 3225 1710 3258 adulationem
1737 3222 1893 3265 utrinque
1919 3224 1952 3255 et
1972 3222 2199 3256 morositatem
2218 3223 2331 3266 habet,
2350 3223 2400 3258 ⁸1-

311 3372 327 3386 *
341 3372 386 3412 Τῇ
402 3371 484 3412 μ’έσῃ
508 3371 534 3402 δ’
553 3370 614 3407 ἕξει
635 3371 755 3402 οἰκεῖον
775 3369 829 3401 καὶ
842 3371 863 3408 ἡ
884 3370 1077 3408 ἐπιδεξιότης
1091 3373 1158 3403 κτλ.
1173 3372 1261 3394 -—**
1288 3371 1327 3403 ‘O
1346 3372 1380 3403 δὲ
1399 3372 1584 3414 βωμολόχος
1609 3371 1714 3409 ἥττων
1739 3370 1808 3402 ἐστὶ
1828 3372 1885 3401 τοῦ
1908 3367 2035 3409 γελοίου
2054 3370 2121 3402 κτλ.
2140 3385 2182 3392 ——
2206 3369 2268 3389 *μ
2297 3367 2338 3402 '0
2359 3367 2394 3400 ,δ’
2440 3386 2450 3415 'i
2466 3392 2469 3398 .
2483 3371 2492 3387 ‘

274 3418 383 3461 ἄγριος
405 3417 449 3454 εἷς
464 3416 520 3455 τὰς
532 3416 683 3453 τοιαύτας
702 3415 824 3458 ὁμιλίας
841 3417 910 3449 κτλ.
932 3432 974 3440 -
991 3414 1074 3441 “q-*⁴*
1093 3418 1183 3461 Τρεῖς
1207 3417 1261 3451 οὖν
1278 3420 1309 3450 αἱ
1330 3418 1492 3461 εἰρημέναι
1515 3417 1548 3450 ἐν
1571 3417 1619 3459 τῷ
1639 3417 1699 3460 βίῳ
1723 3417 1896 3458 μεσότητες
1912 3415 1982 3447 κτλ.
