2508 3776
274 195 352 234 552

275 279 408 319 ἀκούων
430 278 452 325 ἢ
469 279 619 329 θεωρῶν,
633 275 692 314 καὶ
712 274 802 314 οὕτω
816 274 939 327 φθείρῃ
959 274 1024 321 τὴν
1037 275 1117 327 περὶ
1138 275 1195 314 τὸν
1211 275 1314 327 λόγον

275 338 445 390 ἐνέργειαν
465 340 487 383 ἡ
504 338 565 382 τῆς
589 334 782 381 αὐλητικῆς
809 332 932 380 ἡδονή.
961 331 1114 384 Ὁμοίως
1131 332 1167 372 δὲ
1184 334 1244 373 καὶ
1261 333 1318 373 ἐπὶ

274 397 341 434 τῶν
371 394 485 433 ἄλλων
515 391 716 443 συμὸαίνει,
745 390 827 430 ὅταν
865 390 925 429 δύο
953 390 1128 444 ἐνεργείας
1148 407 1199 436 τις
1227 392 1319 432 κατὰ

275 453 399 492 ταύτὸν
424 453 570 504 ἐνεργῇ·
600 451 660 489 καὶ
680 449 748 503 γὰρ
767 452 789 497 ἡ
810 450 917 497 ἡδίων
932 449 994 497 τὴν
1010 449 1131 503 ἑτέραν
1143 452 1320 503 ἐκκρούει,

274 513 332 550 καὶ
352 511 505 563 τοσούτῳ
522 510 671 561 μᾶλλον,
698 508 770 561 ὅσῳ
799 507 890 548 κατὰ
909 508 972 556 τὴν
990 510 1117 558 ἡδονὴν
1133 510 1287 562 διαφέρει
1309 525 1317 534 ·

275 573 305 609 εἰ
325 571 391 624 γὰρ
412 569 546 623 σφόδρα
575 567 819 620 ὑπερὸάλλειὸ
837 566 900 614 τὴν
919 566 953 612 ἐξ
971 566 1090 620 ἑτέρας
1108 571 1130 616 ἠ
1163 571 1223 614 τῆς
1244 567 1320 607 ἑτέ-

276 646 336 684 ρας
369 629 493 678 ηδονή,
519 627 579 667 καὶ
611 628 794 670 παντελῶς
815 625 1010 679 ἀφανίζειῑ)
1038 626 1101 674 τὴν
1135 627 1320 679 ἀλλοτρίαν

274 689 463 742 ενέργειαν,
497 686 588 726 ὥστε
623 687 714 737 μηδὲ
733 684 822 730 ὅλως
842 685 921 723 κατ’
941 683 1084 732 αὒτὴν’
1069 690 1241 736 ενεργεῖν·
1265 685 1320 724 διὰ

273 752 374 787 τοῦτο
396 746 535 785 ἐπειδὰν
559 744 741 798 χαίρωμεν
754 759 823 783 τινι
841 744 997 798 σφόδρα,
1011 745 1049 784 οὗ
1066 743 1157 783 πάνυ
1180 744 1319 797 δρῶμεν

274 807 413 868 ἕτερον·
433 808 462 844 εἰ
479 805 513 844 δὲ
528 806 566 844 οὗ
581 805 673 843 πάνυ
692 805 871 855 ἡδόμεθα
859 818 988 857 οτῳουν
1006 803 1066 842 καὶ
1088 803 1178 842 ἄλλα
1195 807 1317 843 ποιοῦ-

274 883 357 916 μεν,
375 870 446 905 οἱον
478 880 615 903 ποιουσι
631 863 692 902 καὶ
707 865 774 902 οῖ’
759 879 793 901 εν
815 869 884 907 τοῖς
905 843 1060 915 θεάτροις
1088 863 1315 937 '‘Pffifflimtf:

274 929 403 972 ζοντες·
425 924 509 965 οταν
532 924 600 977 γὰρ
626 925 753 977 φαῦλοι
770 924 800 962 οἱ
818 915 1110 975 dyowszyewr³
1084 938 1171 970 ωσι,
1193 938 1252 960 και
1280 923 1319 961 οὗ

274 986 365 1023 πάνυ
382 984 533 1037 χαίρωσι
548 985 598 1036 τῷ
627 982 797 1034 θεάματι,
835 982 915 1021 τότε
930 982 1085 1033 μάλιστα
1118 981 1203 1019 αὐτὸ
1223 982 1315 1034 δρῶ-

274 1061 339 1084 σιν.
362 1044 465 1083 'Erret
494 1042 606 1082 τοίνυν
639 1045 661 1089 ἠ
684 1041 746 1093 μὲν
770 1041 882 1081 ὸῖκεία
917 1039 1025 1088 ἡδονὴ
1056 1039 1117 1085 τὰς
1148 1041 1320 1094 ἐνεργείας

273 1102 466 1156 ἐξακριὸοῖ,
511 1103 570 1141 καὶ
601 1100 833 1154 χρονιωτέρας
861 1100 920 1139 καὶ
957 1102 1111 1152 βελτίους
1148 1105 1261 1148 ποιεῖ,
1295 1104 1318 1148 ἡ

274 1163 304 1200 δ’
324 1162 489 1214 ἀλλοτρία
528 1159 758 1210 λυμαίνεται,
795 1158 964 1213 φανερόν,
990 1156 1042 1197 ὅτι
1076 1157 1164 1197 πολὺ
1204 1158 1321 1210 διαφέ-

277 1235 395 1273 ρουσιν
419 1219 602 1267 ἀλλήλων·
639 1217 763 1271 σχεδὸν
787 1217 855 1270 γὰρ
891 1216 1011 1269 ὥσπερ
1045 1220 1082 1256 αἱ
1102 1218 1225 1256 οἰκεῖαι
1246 1222 1321 1260 ταῖς

275 1279 462 1332 ἐνεργείαις
486 1280 620 1317 λῦπαι43
650 1278 798 1327 κώλυμα
832 1276 1004 1328 γίνονται,
1026 1277 1085 1315 καὶ
1126 1281 1320 1327 προχωρεῖν

274 1340 336 1377 οὐκ
356 1340 479 1385 ἐῶσιν,
503 1337 593 1375 οὕτω
610 1336 670 1374 καὶ
691 1337 726 1374 αἱ
751 1335 933 1388 ἀλλότριαι
962 1333 1098 1381 ἡδοναί.
1132 1334 1323 1386 Φθείρουσι

274 1397 342 1451 γὰρ
364 1398 399 1436 αἱ
420 1398 547 1435 οικεῒαι
567 1396 675 1434 λυπαι
704 1393 766 1437 τὰς
793 1393 981 1446 ἐνεργείας’
999 1395 1028 1431 εἷ
1050 1392 1118 1445 γάρ
1137 1408 1188 1437 τις
1200 1392 1256 1430 ἐπὶ
1273 1393 1322 1429 τῶ

274 1457 417 1509 γράφειν
439 1455 658 1502 λυποῖτο,οὖ
680 1453 834 1506 γράψει,
855 1468 916 1491 και
936 1451 969 1490 εἷ’
988 1467 1038 1504 τῳ
1058 1451 1098 1490 τὸ
1122 1450 1321 1503 λογίζεσθαι

275 1516 398 1563 ἀηδές,
411 1515 449 1552 οὗ
468 1512 658 1565 θεωρήσει·
677 1526 776 1550 τουτο
791 1510 826 1549 δὲ
845 1510 1022 1557 πείσεται,
1042 1508 1157 1553 καθὼς
1172 1509 1322 1562 εἴρηται,

274 1590 333 1613 και
355 1573 425 1612 ἀπο
441 1576 502 1619 τῆς
530 1569 714 1624 ἀλλοτρίας
736 1571 875 1616 ἡδονῆς.
903 1570 950 1608 Εἰ
973 1569 1087 1608 τοίνυν
1108 1572 1131 1616 ἡ
1154 1568 1321 1620 ἀλλοτρία

273 1630 382 1678 ἡδονὴ
409 1628 655 1682 παραπλήσιον
677 1632 770 1666 ποιεῖ
790 1630 867 1671 ταῖς
900 1626 1043 1672 οἰκείαις
1071 1626 1220 1674 λύπαις,
1243 1629 1265 1673 ἡ
1287 1625 1322 1664 δὲ

274 1690 384 1729 οἰκεία
407 1689 504 1735 λύπη
523 1691 567 1739 τῇ
591 1687 702 1741 οἰκείᾳ
721 1688 859 1739 ἥδονῇ’
845 1686 1010 1730 εναντίως
1033 1685 1125 1739 ἔχει,
1148 1684 1320 1739 φανερόν,

275 1748 326 1787 οτι
347 1752 368 1794 ἦ
391 1746 557 1798 ἀλλοτρία
579 1745 685 1793 ἡδονὴ
708 1748 750 1797 τῇ
783 1744 898 1798 οἰκείᾳ
920 1744 1080 1788 ἐναντίως
1103 1743 1197 1796 ἔχει·
1221 1743 1264 1782 τὰ
1287 1743 1323 1782 δὲ

275 1810 421 1846 τοιαῦτα
453 1807 491 1844 οὗ
513 1804 676 1843 δύνανται
702 1803 745 1842 τὰ
768 1803 857 1843 αὐτὰ
881 1808 970 1842 εἰναι
999 1820 1048 1856 τῳ
1079 1802 1182 1842 εἴδει·
1206 1805 1227 1849 ἠ
1256 1802 1323 1855 ἄρα

278 1865 385 1913 ἡδονὴ
402 1867 465 1903 οὒκ
485 1864 557 1902 ἔῖτι
586 1864 651 1914 μία
672 1863 764 1902 κατὰ
785 1863 824 1902 τὸ
843 1857 941 1907 εἶδος.

332 1925 510 1975 (Scripsi
537 1938 545 1961 ε
574 1930 590 1946 ⁸
609 1923 851 1976 ὑπερὸάλλει]
890 1923 977 1962 cod.
1011 1921 1230 1974 ὑπερὸάλλῃ.

277 1985 293 2009 ¹³
316 1983 491 2036 ἀφανίζει]
517 1983 604 2021 cod.
636 1981 798 2036 ἀφανίζῃ.
823 2003 875 2011 --
895 1989 908 2007 ⁰
924 1980 1055 2035 λῦπαι]
1083 1981 1168 2020 cod.
1199 1980 1261 2019 hic
1286 1989 1324 2018 et

278 2057 371 2082 mox
383 2042 506 2083 λύπαι.
521 2042 592 2094 —-)

716 2151 808 2201 Κεφ.
831 2148 882 2193 ς’.

277 2275 350 2315 Περὶ
365 2276 421 2306 τοῦ
443 2273 490 2305 ὅτι
509 2272 662 2315 ἐπιεικείᾳ
690 2272 743 2303 καὶ
764 2270 957 2312 φαυλότητι,
975 2270 1029 2302 καὶ
1054 2269 1098 2302 ἔτι
1128 2269 1318 2311 καθαρότητι

315 2322 510 2362 διαφέρουσιν
531 2321 562 2350 αἱ
580 2318 689 2358 ἡδοναί
708 2327 714 2334 ·
735 2319 788 2350 καὶ
812 2318 858 2350 ὅτι
883 2318 996 2359 ἑτέρων
1014 2318 1103 2358 ζῴων
1121 2318 1175 2349 καὶ
1194 2317 1296 2359 ἕτεραι
1313 2327 1318 2333 ·

315 2370 369 2400 καὶ
387 2368 462 2406 τίςὴ
484 2367 611 2405 ἀληθής.

328 2469 347 2491 *
367 2468 471 2508 Ἐπεὶ
492 2466 527 2505 δὲ
548 2466 678 2513 ἑκάστη
706 2464 812 2513 ἡδονὴ
839 2467 882 2517 τῇ
909 2463 1080 2517 ἐνεργείᾳ,
1111 2463 1186 2503 ὅθεν
1206 2463 1319 2511 ἐστίν,

274 2528 407 2570 οἰκείως
440 2526 533 2577 ἔχει,
567 2529 603 2564 αἱ
633 2525 669 2564 δὲ
697 2525 865 2576 ἐνέργειαι
905 2522 1127 2577 διαφέρουσιν
1158 2522 1321 2569 ἀλλήλων

274 2584 443 2637 ἐπιεικείᾳ
471 2583 531 2621 καὶ
566 2583 780 2637 φαυλότητι,
809 2581 871 2620 καὶ
904 2584 939 2620 αἱ
960 2581 1023 2633 μὲν
1047 2581 1182 2632 αἱρεταί
1206 2583 1290 2621 εἰσιν
1307 2613 1317 2630 ,

275 2646 311 2682 αἱ
346 2643 382 2681 δὲ
415 2641 578 2695 φευκταί,
614 2643 649 2679 αἱ
683 2641 719 2680 δὲ
751 2641 950 2695 οὐδέτερον,
980 2641 1037 2679 τὸν
1059 2642 1160 2680 αὐτὸν
1192 2641 1319 2693 τρόπον

274 2702 332 2741 καὶ
365 2701 427 2745 τὰς
457 2700 582 2747 ἡδονὰς
615 2701 708 2752 ἔχειν
740 2700 902 2753 ἀνάγκη,
932 2700 993 2739 καὶ
1031 2699 1094 2743 τὰς
1134 2699 1196 2750 μὲν
1230 2701 1319 2751 ἀγα-

275 2760 336 2804 θὰς
367 2753 474 2807 εἶναι,
503 2758 564 2803 τὰς
585 2757 620 2797 δὲ
650 2760 800 2811 φαύλας,
825 2759 887 2804 τὰς
911 2758 946 2798 δὲ
964 2758 1142 2812 οὐδέτερον
1164 2757 1294 2799 τούτων
1309 2775 1317 2784 ·

274 2820 334 2859 καὶ
365 2820 521 2865 ἐπιεικὴς
557 2818 618 2867 μὲν
640 2818 700 2856 καὶ
724 2817 835 2869 ἀγαθὴ
857 2818 964 2865 ἡδονή
986 2819 1078 2856 ἐστιν
1097 2820 1119 2864 ἡ
1143 2818 1254 2856 οἰκεία
1274 2822 1317 2872 τῇ

275 2881 419 2918 ἐπιεικεῖ
440 2877 499 2915 καὶ
536 2878 648 2929 ἀγαθῇ
667 2876 728 2914 καὶ
749 2876 922 2930 σπουδαίᾳ
946 2877 1102 2930 ἐνεργείᾳ
1115 2907 1125 2925 ,
1149 2877 1266 2930 φαύλη
1281 2878 1317 2916 δὲ

274 2942 296 2985 ἡ
317 2940 359 2989 τῇ
380 2935 496 2988 φαύλῃ
518 2936 672 2986 ἐνεργείᾳ
687 2935 798 2974 οἰκεία
813 2951 821 2958 ·
843 2935 903 2973 καὶ
920 2935 987 2988 γὰρ
1005 2938 1040 2974 αἱ
1060 2935 1318 2986 ἐπιθυμίαοτῶν

275 2994 338 3047 μὲν
374 2996 491 3033 καλῶν
514 2993 713 3041 ἐπαινεταί,
752 2995 819 3032 τῶν
848 2994 884 3033 δὲ
913 2995 1053 3048 φαύλων
1074 2995 1219 3048 ψεκταί·
1238 2999 1260 3043 ἡ
1281 2995 1318 3034 δὲ

274 3053 384 3094 οἷκεία
404 3055 447 3105 τῇ
464 3052 635 3105 ἐνεργείᾳ,
653 3052 676 3099 ἣ
692 3052 771 3090 οὔτε
792 3054 961 3102 ἐπαινετή
974 3057 1080 3103 ἐστιν,
1098 3054 1176 3094 οὔτε
1195 3055 1318 3108 ψεκτή,

275 3114 334 3152 καὶ
352 3112 441 3159 αὐτὴ
464 3111 642 3164 οὐδέτερόν
671 3113 779 3151 ἐστιν.
800 3113 902 3151 Ἐπεὶ
928 3113 963 3151 δὲ
996 3117 1038 3167 τῇ
1074 3114 1228 3168 ἐνεργείᾳ
1258 3112 1318 3152 καὶ

275 3171 381 3225 ὄρεξίς
396 3172 488 3209 ἐστιν
509 3170 583 3209 ὅθεν
601 3171 747 3209 κινεῖταί
764 3187 815 3214 τις
836 3171 893 3208 ἐπὶ
909 3171 948 3209 τὸ
968 3174 1130 3224 ἐνεργεῖν,
1153 3172 1318 3220 ζητητέον

276 3231 436 3284 ’πότεροιδι
463 3229 596 3280 μᾶλλόν
615 3231 708 3269 ἐστιν
734 3229 844 3268 οἷκεία
865 3234 887 3277 ἡ
908 3229 1014 3277 ἡδονὴ
1044 3234 1087 3281 τῇ
1124 3232 1277 3284 ἐνεργείᾳ
1297 3232 1318 3277 ἢ

276 3293 319 3342 τῇ
341 3289 461 3342 ὀρέξει.
501 3289 674 3328 Φαίνεται
697 3289 733 3328 δὲ
755 3290 808 3329 ὅτι
827 3289 1018 3342 οἰκειοτέρα
1043 3290 1116 3328 ἐστὶ
1149 3293 1191 3341 τῇ
1223 3292 1316 3342 ἐνερ-

1104 187 1386 228 ANDRONICI
1415 189 1596 228 RHODII

1380 281 1511 314 biarum
1539 281 1627 314 sonis
1657 284 1810 325 percepta
1833 283 2064 325 cogitationem
2093 285 2136 319 ad
2153 286 2344 329 disciplinas
2365 270 2428 323 in·-¹

1378 342 1505 372 tentam
1525 340 1718 382 corrumpit.
1748 340 1908 374 Similiter
1930 342 1994 375 hoc
2013 342 2112 376 etiarn
2137 343 2173 377 in
2197 345 2270 378 aliis
2288 345 2416 386 evenit,

1372 408 1484 441 vquum
1506 398 1581 440 quis
1598 399 1714 432 eodem
1731 401 1879 442 tempore
1905 400 2036 434 duabus
2065 401 2164 436 rebus
2181 412 2315 447 operam
2333 404 2392 438 dat
2407 415 2417 438 ε

1378 466 1455 490 nam
1469 457 1645 500 jucundior
1670 458 1843 500 occupatio
1863 459 2002 493 alteram
2015 461 2159 503 expellit,
2179 470 2284 506 eoque
2301 463 2418 507 magis.

1379 526 1446 559 quo
1476 517 1579 559 magis
1603 517 1773 560 voluptate
1802 518 1933 551 excellit
1961 519 2017 552 :si
2045 519 2132 553 enim
2158 521 2361 564 voluptatem
2378 531 2421 556 ex

1379 575 1484 608 altera
1510 585 1545 608 re
1564 578 1752 618 perceptam
1774 576 1869 619 longe
1887 578 2020 620 superat
2043 577 2101 611 illa
2126 585 2227 621 quam
2245 579 2349 613 altera
2366 588 2422 613 res

1379 633 1479 667 affert
1496 635 1664 677 voluptas,
1688 635 1782 677 plane
1813 636 1914 669 etiam
1937 635 2078 669 alienam
2099 636 2199 670 istam
2218 636 2422 671 functtmem

1380 692 1478 731 tollit,
1491 692 1572 726 adeo
1592 695 1629 725 ut
1642 693 1675 726 in
1689 693 1746 726 illa
1757 702 1793 726 re
1810 703 1871 726 suo
1893 703 2028 726 munere
2049 692 2141 736 fungi
2165 693 2422 738 haudquaquam

1379 751 1501 793 possit:
1522 751 1659 794 ideoque
1673 761 1779 794 quum
1797 761 1833 785 re
1850 752 1961 795 aliqua
1982 753 2196 786 vehementer
2207 751 2421 794 delectamur,

1380 819 1445 843 non
1464 810 1533 844 fere
1559 811 1650 844 a11ud
1671 810 1812 845 facimus
1831 823 1837 844 :
1866 812 1916 845 sin
1930 814 2042 845 autem
2058 821 2123 845 non
2139 811 2318 847 admodum
2331 810 2423 846 dele-

1380 872 1510 903 ctamur
1522 870 1633 912 aliquo
1648 873 1788 912 negotio,
1803 871 1904 904 etiam
1920 871 1984 904 alia
1998 871 2136 913 agimus,
2155 871 2253 915 quale
2268 873 2320 905 est
2333 870 2425 915 quod

1381 930 1504 962 faciunt
1522 929 1580 972 qui
1596 929 1630 962 in
1655 931 1796 963 theatris
1814 931 1950 964 bellaria
1968 931 2145 964 comeduut
2164 943 2172 964 ι
2189 930 2322 973 quando
2337 930 2424 965 enim

1379 988 1481 1030 inepti
1497 990 1574 1021 sunt
1589 988 1776 1029 histriones,
1786 989 1832 1022 ita
1843 992 1881 1022 ut
1890 990 1949 1023 tali
1964 990 2153 1033 spectaculo
2167 999 2232 1023 non
2244 989 2423 1024 admodum

1381 1047 1595 1086 delectentur,
1627 1050 1701 1081 tum
1722 1049 1867 1082 maxime
1891 1049 1954 1082 hoc
1983 1048 2120 1082 faciunt.
2140 1049 2304 1088 Quoniam
2322 1049 2424 1095 igitur

1384 1107 1514 1148 propria
1546 1107 1700 1149 voluptas
1727 1108 1873 1141 muneris
1907 1107 2092 1140 functiones
2114 1109 2284 1154 accuratas
2300 1104 2422 1146 2eflicit,

1383 1176 1506 1208 easque
1536 1166 1762 1200 diuturniores
1783 1169 1817 1200 et
1850 1166 2002 1200 meliores
2032 1166 2160 1208 reddit,
2180 1166 2288 1200 aliena
2313 1168 2425 1200 autem

1382 1225 1574 1268 corrumpit,
1590 1225 1801 1268 perspicuum
1817 1227 1868 1258 est
1881 1234 1937 1258 eas
1952 1225 2097 1258 multum
2109 1225 2197 1259 inter
2215 1233 2252 1258 se
2266 1223 2400 1258 differre
2415 1234 2423 1254 ε

1383 1286 1620 1328 propemodum
1636 1286 1723 1318 enim
1742 1275 1779 1318 ut
1794 1285 1918 1328 proprii
1934 1285 2063 1318 dolores
2082 1284 2230 1318 muneris
2242 1283 2427 1318 functiones

1382 1346 1566 1388 impediunt
1592 1355 1700 1388 neque
1725 1354 1780 1379 cas
1813 1345 1989 1378 succedere
2019 1345 2151 1384 sinunt,
2176 1344 2224 1378 ita
2253 1345 2290 1378 et
2311 1339 2426 1378 alienae

1384 1404 1510 1438 faciunt
1535 1405 1732 1448 voluptates.
1753 1405 1900 1438 Muneris
1925 1405 2047 1447 quippe
2073 1403 2260 1438 functiones
2281 1395 2427 1437 corrum-

1383 1466 1467 1507 punt
1482 1464 1606 1507 proprii
1618 1464 1748 1497 dolores
1772 1478 1780 1497 :
1802 1464 1960 1497 nimirum
1979 1463 2075 1497 sicui
2091 1463 2235 1497 scribere
2250 1463 2427 1498 molestum
2449 1480 2451 1482 ·
2468 1502 2478 1514 k
2495 1469 2498 1472 '

1383 1525 1438 1563 sit,
1466 1534 1531 1557 non
1561 1525 1700 1563 scribet,
1725 1526 1758 1558 et
1778 1524 1807 1558 si
1835 1525 1888 1557 cui
1913 1523 2125 1566 contemplari
2141 1523 2356 1566 injucundum
2371 1524 2425 1563 sit,

1384 1593 1448 1616 non
1472 1583 1747 1625 contemplabitur
1779 1595 1787 1615 ε
1811 1583 1874 1616 hoc
1898 1585 2020 1621 autem,
2042 1581 2323 1625 quemadmodum
2340 1581 2428 1616 dixi-

1383 1652 1479 1682 mus,
1506 1643 1607 1675 etiam
1641 1651 1683 1675 ex
1713 1642 1818 1675 aliena
1854 1642 2025 1684 voluptate
2055 1641 2085 1674 ei
2120 1641 2256 1675 accidet.
2293 1641 2326 1675 Si
2350 1650 2427 1684 ergo

1385 1690 1490 1735 aliena
1503 1702 1656 1743 voluptas
1677 1701 1784 1734 simile
1799 1700 1958 1743 quiddam
1970 1700 2110 1743 propriis
2129 1699 2298 1733 doloribus
2313 1698 2424 1738 efficit,

1384 1762 1535 1804 proprius
1567 1763 1678 1794 autem
1701 1761 1793 1794 dolor
1824 1769 1900 1793 cum
1926 1759 2058 1802 propria
2086 1759 2258 1802 voluptate
2278 1761 2404 1802 pugnat
2417 1786 2424 1799 ,

1383 1821 1595 1854 manifestum
1624 1823 1675 1853 est
1707 1820 1847 1852 alienam
1868 1819 2072 1861 voluptatem
2087 1817 2228 1861 propriae
2251 1827 2325 1852 esse
2349 1827 2428 1853 cou-

1385 1881 1521 1914 trariam
1543 1893 1550 1913 :
1581 1880 1661 1912 talia
1689 1888 1767 1912 vero
1791 1879 1897 1921 specie
1919 1877 2035 1912 eadem
2061 1887 2134 1912 esse
2159 1887 2225 1912 non
2249 1879 2388 1920 possunt
2414 1890 2425 1912 ε

1384 1939 1537 1982 voluptas
1565 1948 1641 1980 ergo
1660 1948 1725 1971 non
1745 1939 1795 1971 est
1813 1947 1879 1971 una
1896 1937 2013 1980 specie.

1819 2165 1910 2198 GAP.
1933 2166 1991 2198 vl.

1386 2268 1511 2296 Differre
1531 2268 1702 2302 voluptates
1724 2266 1805 2294 inter
1830 2274 1861 2294 se
1886 2270 1952 2294 tum
1970 2267 2130 2294 honestate
2163 2269 2195 2293 et
2213 2263 2425 2301 improbitate,

1422 2320 1488 2343 tum
1509 2314 1602 2342 etiam
1626 2312 1801 2341 sinceritate
1818 2316 1978 2348 :praeterea
2003 2311 2136 2341 aliorum
2160 2310 2337 2340 animalium
2361 2317 2426 2339 esse

1422 2360 1495 2388 alias
1509 2369 1517 2388 ε
1534 2363 1564 2388 et
1579 2366 1644 2394 quae
1657 2359 1696 2386 sit
1706 2366 1788 2387 vera.

1430 2467 1592 2507 Quoniam
1608 2474 1817 2508 unaquaeque
1830 2465 1983 2507 voluptas
2004 2472 2080 2497 cum
2101 2473 2150 2503 ea,
2173 2473 2215 2498 ex
2233 2473 2300 2506 qua
2323 2465 2426 2500 nasci-

1389 2523 1456 2560 tur,
1477 2520 1645 2552 functione
1666 2518 1834 2557 convenit,
1853 2519 1932 2561 ipsae
1950 2528 2029 2552 vero
2045 2517 2232 2551 functiones
2254 2518 2428 2552 honestate

1387 2576 1421 2607 et
1448 2571 1654 2615 turpitudIne
1679 2571 1766 2604 inter
1788 2580 1824 2604 se
1854 2570 2033 2612 differunt,
2060 2571 2198 2613 aliaeque
2219 2571 2423 2618 expetendas,

1384 2627 1457 2660 aliae
1478 2624 1641 2667 fugiendae
1661 2625 1757 2662 sunt,
1777 2623 1851 2656 aliae
1875 2633 1955 2657 vero
1980 2625 2146 2664 neutrum,
2173 2622 2310 2656 eandem
2325 2623 2426 2657 etiam

1386 2680 1596 2722 voluptatum
1622 2677 1783 2709 rationem
1805 2685 1876 2710 esse
1902 2685 2034 2710 necesse
2058 2678 2130 2716 est,
2149 2677 2189 2709 ut
2215 2675 2288 2709 aliae
2318 2676 2423 2716 boum,

1386 2735 1460 2769 aliae
1487 2733 1625 2771 vitiosae,
1657 2731 1729 2764 aliae
1757 2741 1816 2765 nec
1837 2732 1900 2765 hoc
1920 2742 1980 2766 nec
2012 2732 2098 2766 illud
2115 2731 2181 2765 sint
2201 2743 2209 2764 ε
2239 2733 2273 2764 et
2289 2732 2427 2764 honesta

1388 2791 1524 2835 quidem
1559 2799 1596 2823 ac
1622 2788 1708 2822 bona
1734 2788 1886 2830 voluptas
1905 2790 1976 2827 est,
1997 2797 2074 2830 quae
2097 2787 2244 2821 honestoe
2269 2796 2308 2820 ac
2331 2787 2424 2821 bonae

1385 2851 1563 2893 prohaeque
1582 2849 1739 2883 functioni
1752 2846 1884 2891 propria
1901 2846 1964 2885 est,
1979 2844 2099 2877 vitiosa
2112 2842 2224 2877 aute'm
2240 2852 2316 2885 quae
2329 2843 2425 2876 malae

1385 2906 1543 2939 functioni
1559 2906 1691 2948 propria
1717 2906 1768 2937 est
1799 2916 1807 2936 ι
1828 2911 1905 2935 nam
1931 2901 1965 2933 et
1982 2899 2179 2942 cupiditates
2201 2906 2312 2932 rerum
2328 2899 2425 2932 hone-

1384 2962 1512 2994 starum
1536 2961 1718 2994 laudabiles
1748 2961 1843 2997 sunt,
1882 2957 2130 2990 inhonestarum
2157 2953 2390 2996 vituperabiles
2414 2965 2422 2985 :

1383 3026 1460 3060 quae
1483 3026 1562 3049 vero
1586 3016 1745 3049 functioni
1763 3024 1823 3048 nec
1839 3012 1996 3047 laudabili
2023 3020 2083 3044 nec
2115 3008 2325 3052 vituperabili
2342 3017 2423 3051 pro-

1380 3073 1452 3115 pria
1480 3074 1531 3105 est
1557 3070 1729 3114 voluptas,
1762 3071 1834 3113 ipsa
1862 3077 1996 3112 quoque
2025 3067 2080 3110 est
2110 3066 2275 3098 neutrum.
2310 3064 2421 3101 Quum

1380 3137 1459 3161 vero
1486 3127 1649 3159 functioni
1672 3126 1772 3159 etiam
1791 3124 1957 3168 appetitus
1969 3121 2060 3160 insit,
2078 3127 2146 3162 quo
2162 3118 2206 3151 ad
2221 3116 2424 3151 functionem

1380 3184 1470 3216 illam
1497 3182 1618 3224 aliquis
1645 3181 1837 3224 impellitur,
1867 3176 2083 3221 quaerendum
2105 3175 2166 3215 est,
2187 3174 2301 3205 utrum
2324 3173 2418 3206 volu-

1379 3243 1454 3284 ptas
1480 3241 1585 3282 magis
1604 3239 1735 3283 propria
1759 3237 1919 3271 functioni
1947 3245 1988 3268 an
2015 3232 2175 3276 appetitui
2205 3231 2259 3264 sit.
2282 3230 2423 3264 Videtur
2477 3235 2479 3237 ’
2500 3243 2503 3248 ⁴

2151 3288 2236 3320 Cum
2273 3286 2423 3329 appetitu

1379 3298 1491 3330 autem
1518 3296 1622 3339 magis
1664 3294 1825 3327 functioni
1865 3301 1935 3326 esse
1975 3288 2118 3333 propria.

1072 3375 2417 3392 -—————————..———-.—-—

320 3442 339 3461 *
355 3443 585 3484 Διαφερουσῶν
604 3441 638 3474 δὲ
657 3444 720 3474 τῶν
745 3442 911 3484 ἐνεργειῶν
931 3441 1089 3473 ἐπιεικείᾳ
1108 3442 1163 3473 καὶ
1184 3440 1357 3482 φαυλότητι
1378 3442 1447 3474 κτλ.
