2528 3788
301 239 382 277 202

299 326 371 367 οἵας
391 322 540 362 Πλάτων
562 320 672 372 ἔγνω,
691 319 816 371 λήρους
845 335 883 358 τε
909 319 968 359 καὶ
986 320 1217 373 τερετίσματα
1231 325 1245 344 ⁰
1266 320 1326 359 καὶ

299 382 464 434 φλυαρίας
495 381 683 430 ἐτόλμησεν
715 379 822 416 εἰπεῖν
848 379 891 416 τὰ
923 381 990 417 τῶν
1020 378 1126 418 ὄντων
1149 379 1324 418 ἀνώτατα.

299 442 350 479 Τὸ
370 440 430 490 μὲν
452 433 509 478 οὖν
529 439 632 490 ἄκρον
647 453 684 476 τε
701 437 760 476 καὶ
775 438 924 490 ἔσχατον
944 439 1011 476 τῶν
1032 439 1215 483 Πλάτωνος
1235 441 1328 492 φιλο-

299 498 506 551 σοφημάτων
526 496 602 536 ἐστί
614 526 624 547 ,
650 496 688 534 τὸ
710 495 787 548 περὶ
806 495 868 544 τὴν
889 495 1013 544 νοητὴν
1035 496 1164 544 ταύτην
1188 497 1247 535 καὶ
1269 495 1326 534 ἀΐ-

298 556 367 596 διον
393 557 512 596 οὐσίαν
539 555 601 603 τὴν
626 557 694 593 τῶν
715 556 828 595 ἰδεῶν.
862 551 972 594 Ἔνθα
1006 555 1046 602 δὴ
1083 556 1183 600 πόνος
1207 571 1243 594 τε
1269 555 1328 594 καὶ

299 616 391 666 ἀγὼν
421 615 566 667 ἔσχατος
583 617 625 666 τῇ
654 616 741 667 ψυχῇ
763 614 955 667 πρόκειται.
988 615 1030 652 Ὁ
1052 614 1113 665 μὲν
1134 614 1201 668 γὰρ
1220 630 1326 666 μετα-

300 676 393 726 σχὼν
421 674 480 713 καὶ
502 675 700 727 ἐφικόμενος
723 675 846 721 αὒτῆς,
870 673 1009 718 πάντως
1040 673 1224 724 εὐδαίμων·
1249 675 1267 711 ὁ
1294 673 1329 711 δὲ

299 731 513 785 ἀπολειφθεὶς
535 732 593 770 καὶ
615 732 829 779 ἀδυνατήσας
849 731 971 782 θεωρὸς
990 730 1166 782 γενέσθαι,
1188 731 1327 775 πάντως

299 791 440 843 ἄμοιρος
454 790 670 841 εὐδαιμονίας
687 790 950 828 καταλείπεται.
972 791 1041 829 Καὶ
1054 790 1108 829 διὰ
1118 794 1217 829 τοῦτο
1230 790 1329 829 Πλά-

302 865 370 887 των
386 865 424 888 τε
442 852 605 901 πανταχῆ
627 848 881 899 διαγωνίζεται,
903 847 1036 892 δεικνὺς
1055 848 1116 897 τὴν
1138 848 1236 901 ἰσχὺν
1250 850 1329 888 τού-

300 923 367 945 των
400 910 468 946 τῶν
489 906 638 960 φύσεων.
675 906 766 947 Οὔτε
794 906 861 959 γὰρ
882 907 994 945 αἰτίαν
1014 909 1222 946 ὡντινωνοῦν
1244 909 1329 946 ἀπο-

298 966 417 1005 δοῦναί
435 981 537 1018 φησιν
569 960 638 1004 οἶόν
670 981 707 1004 τε
737 958 823 1004 εἶναι
843 966 974 1014 καλῶς,
1002 968 1044 1004 ἂν
1062 966 1110 1018 μὴ
1130 969 1173 1018 τῇ
1200 966 1330 1004 τούτων

298 1023 428 1074 μεθέξει
439 1022 471 1071 ¹¹,
484 1023 562 1062 οὔτε
571 1023 695 1076 γνῶσίν
710 1039 797 1067 τινος
809 1025 966 1072 ἀληθοῦς,
977 1023 1018 1062 ἂν
1036 1023 1083 1074 μὴ
1095 1027 1139 1076 τῇ
1152 1024 1235 1077 πρὸς
1246 1025 1329 1063 ταύ-

298 1099 359 1127 τας
379 1084 546 1136 ἀναφορᾷ·
572 1082 648 1121 :ixx
669 1082 743 1121 οὐδὲ
763 1083 864 1133 λόγου
887 1082 1093 1133 μετέσεσθαί
1108 1099 1212 1132 τισιν,
1234 1085 1263 1121 εἰ
1281 1084 1328 1131 μὴ

297 1141 360 1188 τὴν
379 1142 508 1180 τούτων
521 1141 639 1180 οὐσίαν
655 1140 920 1192 ὁμολογήσειαν.
938 1139 986 1179 Οἵ
996 1142 1028 1179 τ’
1044 1134 1089 1178 αῧ
1106 1140 1148 1179 τὰ
1158 1145 1218 1179 τοῦ
1233 1141 1330 1179 Πλά-

299 1215 402 1244 τωνος
428 1199 627 1238 συνιστάναι
649 1199 845 1250 ἐγνωκότες,
872 1199 929 1237 τὸν
949 1199 1107 1238 πλεῖστον
1130 1201 1247 1250 ἀγῶνα
1263 1201 1331 1237 τῶν

297 1259 408 1310 λόγων
431 1259 463 1296 ἔν
483 1257 595 1310 τούτῳ
615 1257 776 1296 τίθενται·
795 1257 885 1295 πάνυ
908 1258 1117 1308 ἀναγκαίως.
1137 1257 1246 1296 Οὐδὲν
1265 1258 1330 1311 γὰρ

298 1316 349 1354 ἔτι
368 1316 407 1355 τὸ
428 1316 654 1355 Πλατωνικὸν
679 1316 931 1366 ἀπολείπεται,
965 1317 994 1354 εἷ
1028 1315 1075 1366 μὴ
1103 1315 1164 1358 τὰς
1193 1314 1331 1366 πρώτας

297 1376 355 1414 καὶ
401 1375 641 1427 ἀρχικωτάτας
671 1373 787 1427 φύσεις
817 1373 946 1417 ταύτας
980 1373 1245 1425 συγχωρήσεταί
1280 1388 1331 1417 τις

298 1434 411 1477 αὐτοῖς
426 1433 509 1485 ὑπὲρ
532 1433 733 1476 Πλάτωνος.
753 1434 876 1471 Ταῦτα
890 1431 956 1483 γάρ
974 1433 1064 1470 ἔστιν
1077 1461 1087 1479 ,
1108 1426 1157 1475 οἷς
1179 1431 1330 1483 μάλιστα

297 1495 363 1531 τῶν
381 1491 494 1530 ἄλλων
514 1492 687 1543 ὑπερέχει.
712 1492 851 1537 Νοήσας
870 1489 937 1543 γὰρ
960 1490 1034 1529 θεὸν
1058 1490 1159 1534 αὐτός
1172 1519 1182 1538 ,
1201 1493 1246 1535 ὡς
1262 1493 1331 1529 τῶν

298 1549 461 1588 ἁπάντων
481 1549 615 1602 πατέρα
641 1550 700 1588 καὶ
716 1547 946 1603 δημιουργόν,
966 1548 1025 1586 καὶ
1049 1547 1221 1595 δεσπότην
1235 1578 1245 1596 ,
1268 1548 1328 1586 καὶ

297 1606 483 1657 κηδεμόνων
503 1608 561 1646 καὶ
589 1607 762 1659 γνωρίζων
788 1608 828 1644 ἐκ
852 1609 920 1644 τῶν
948 1605 1054 1658 ἔργων
1071 1637 1079 1653 ,
1095 1605 1151 1644 τὸν
1169 1606 1331 1658 τεχνίτην

297 1667 460 1718 πρότερον
492 1669 612 1713 νοῆσαι
636 1665 773 1705 τοῦτοὸ
803 1665 921 1715 μέλλει
954 1664 1240 1717 δημιουργήσειν,
1268 1659 1332 1703 εἶθ’

297 1725 387 1764 οὕτω
406 1728 454 1778 τῷ
474 1725 625 1773 νοηθέντι
645 1724 788 1763 κατόπιν
801 1754 811 1772 ,
826 1723 883 1762 ἐπὶ
906 1726 973 1763 τῶν
987 1723 1202 1777 πραγμάτων
1223 1739 1331 1776 προσ-

298 1785 392 1834 άγειν
419 1783 480 1830 τὴν
513 1783 713 1834 ὁμοιότητα·
743 1782 866 1820 ταύτὸν
896 1782 937 1830 δὴ
968 1782 1024 1821 τὸν
1045 1783 1171 1835 τρόπον
1205 1783 1249 1822 τὰ
1270 1787 1331 1822 τοῦ

298 1845 375 1881 θεοῦ
396 1840 555 1891 νοήματα
574 1839 586 1864 ¹
608 1840 824 1894 πρεσὸύτερα
852 1843 922 1879 τῶν
943 1842 1178 1894 πραγμάτων,
1198 1842 1241 1880 τὰ
1261 1845 1330 1880 τῶν

297 1899 488 1950 γενομένων
505 1899 792 1952 παραδείγματα,
816 1900 986 1950 ἀσώματα
1008 1900 1067 1938 καὶ
1085 1900 1194 1948 νοητά
1207 1930 1217 1948 ,
1239 1900 1329 1939 κατὰ

421 1985 483 1994 <sss

591 1987 665 1995 -—.

298 2032 424 2066 caeteris
440 2033 635 2066 antecellunt
647 2058 655 2073 ‚
677 2033 774 2066 simili
791 2034 896 2075 aliqua
916 2034 1068 2067 facultate
1085 2034 1125 2066 ad
1151 2036 1204 2067 sui
1221 2035 1330 2077 cogni-

297 2091 418 2124 tionem
436 2099 530 2133 egere
551 2100 558 2120 ε
578 2091 702 2124 minuta
719 2092 859 2132 quadam
884 2093 997 2125 suaet
1012 2091 1127 2125 humili
1153 2092 1330 2125 subtilitate

297 2148 458 2189 confisus,
476 2151 563 2190 (quae
584 2152 621 2181 ut
645 2150 848 2182 terrestrium
868 2150 902 2182 in
922 2159 1032 2183 rerum
1050 2151 1200 2184 naturam
1229 2160 1329 2193 pene-

297 2208 384 2240 trare
400 2210 509 2250 posset
525 2216 702 2249 earumque
718 2209 888 2241 veritatem
905 2209 1104 2251 perspicere,
1121 2209 1330 2251 purIssimam

298 2268 405 2299 tamen
428 2265 517 2298 illam
543 2264 682 2308 propi-iae
707 2267 853 2299 veritatis
874 2267 981 2300 lucem
1012 2268 1132 2301 intueri
1159 2277 1222 2301 non
1242 2270 1329 2310 pote-

296 2326 364 2365 rat,
376 2323 387 2366 )
399 2324 536 2365 ideoque
561 2333 595 2357 se
613 2324 683 2366 ipso
701 2325 842 2366 quodam
859 2326 953 2367 quasi
970 2336 1078 2359 rerum
1092 2327 1233 2368 illarum,
1256 2337 1329 2369 quae

297 2393 394 2425 supra
410 2385 509 2425 ipsius
522 2387 652 2427 captum
668 2387 787 2426 essent,
807 2395 926 2419 canone
943 2387 1130 2428 arbitroque
1151 2397 1249 2429 usus,
1270 2397 1329 2430 pe-

298 2442 433 2475 culiares
450 2443 532 2483 illas,
544 2444 656 2484 quales
671 2444 764 2476 Plato
776 2447 951 2487 agnoverat
964 2446 1109 2487 naturas,
1125 2446 1246 2487 reiecit,
1259 2446 1327 2479 illa-

299 2510 363 2541 que
377 2501 522 2534 omnium
546 2502 722 2543 altissima,
744 2512 858 2544 nugas,
882 2504 1086 2546 insulsasque
1102 2504 1277 2537 cantilenas
1297 2507 1330 2537 et

299 2559 422 2591 fabulas
442 2560 582 2600 pueriles
601 2561 762 2602 appellare
779 2571 879 2595 ausus
908 2565 968 2595 est.
1013 2563 1139 2605 Quippe
1165 2572 1328 2596 summum

303 2615 385 2648 illud
402 2619 501 2657 atque
521 2617 672 2650 ultimum
687 2620 737 2650 est
758 2619 998 2652 Platonicorum
1019 2620 1206 2662 dogmatum
1217 2646 1224 2660 ,
1242 2621 1329 2662 quod

297 2673 330 2705 in
350 2673 541 2714 intelligibili
569 2674 631 2707 hac
661 2678 694 2708 et
714 2678 835 2709 aeterna
864 2678 1009 2710 idearum
1033 2681 1146 2711 natura
1168 2681 1326 2712 versatur.

297 2731 361 2763 Ubi
375 2741 545 2773 supremus
562 2732 669 2765 animo
685 2734 775 2766 labor
793 2743 830 2767 ac
855 2737 1020 2768 certamen
1045 2737 1246 2779 propositum
1264 2739 1327 2770 est.

298 2792 380 2822 Nam
392 2790 447 2831 qui
468 2790 510 2822 ad
527 2790 615 2823 illam
632 2792 774 2833 aspirare
791 2802 892 2834 eaque
904 2794 967 2826 frui
986 2795 1148 2837 potuerit,
1167 2796 1196 2829 is
1211 2796 1327 2829 beatus

297 2848 449 2889 omnino;
466 2848 519 2881 cui
537 2858 609 2882 eam
624 2850 743 2883 intueri
762 2853 795 2884 et
818 2852 944 2892 penitus
961 2853 1128 2894 pervidere
1143 2863 1208 2887 non
1228 2854 1327 2887 licue-

297 2907 363 2946 rit,
383 2907 411 2940 is
433 2908 523 2940 omni
541 2908 695 2941 felicitate
711 2909 858 2951 privatus
877 2911 1080 2952 relinquitur.
1127 2915 1242 2955 ltaque
1266 2913 1330 2946 hoc

298 2966 418 3007 ubique
431 2966 523 2998 Plato
540 2968 574 2999 ct
589 2976 719 3008 quoquo
731 2968 829 3000 modo
847 2970 1028 3011 contendit,
1049 2972 1087 3003 ut
1099 2971 1216 3004 harum
1231 2974 1326 3005 natu·

298 3033 407 3057 rarum
424 3024 489 3056 vim
505 3026 765 3066 potestatemque
790 3025 999 3059 demonstret.
1043 3030 1145 3070 Negat
1166 3029 1250 3062 enim
1273 3031 1331 3063 aut

297 3082 395 3115 ullius
412 3082 541 3115 omnino
557 3083 603 3115 rei
619 3091 749 3116 causare
762 3084 927 3117 commode
941 3085 1032 3118 reddi
1051 3095 1163 3128 posse,
1178 3088 1239 3120 nisi
1257 3098 1331 3130 quae

298 3140 415 3173 harum
437 3140 662 3173 communione
685 3141 820 3181 nitatur,
843 3144 900 3174 aut
919 3143 988 3175 veri
1002 3143 1099 3177 ullius
1114 3145 1226 3180 haberi
1240 3147 1329 3180 noti-

297 3198 397 3240 tiam,
425 3199 487 3232 nisi
512 3208 587 3240 quae
613 3200 652 3232 ad
681 3208 736 3233 eas
755 3201 925 3234 referatur.
970 3204 1039 3235 Imo
1063 3203 1212 3239 homines
1231 3206 1329 3239 etiam

298 3257 405 3291 nescio
419 3267 502 3300 quos
528 3257 664 3292 rationis
693 3260 839 3301 expertes
857 3269 928 3293 esse
945 3261 1107 3302 defendit,
1130 3264 1191 3297 nisi
1215 3274 1327 3297 earum

299 3316 513 3349 substantiam
542 3317 718 3350 fateantur.
766 3319 867 3350 Porro
898 3319 954 3360 qui
983 3320 1178 3354 Platonicam
1206 3323 1327 3356 doetri-

299 3384 374 3407 nam
394 3376 581 3408 confirmare
605 3376 805 3419 argumentis
824 3378 1023 3419 statuerunt,
1043 3379 1104 3411 hac
1128 3381 1330 3422 potissimum

301 3433 334 3470 in
357 3433 575 3480 disputatione
590 3434 683 3471 multi
695 3443 766 3471 esse
781 3435 885 3468 solent
941 3437 1035 3480 Quod
1056 3438 1187 3483 quidem
1218 3449 1328 3476 neces-

958 232 1129 272 ATTICI
1158 231 1427 272 PLATONICI
1457 231 1763 271 PHlLOSOPHI

1390 319 1435 359 τὰ
1461 320 1549 358 αὐτὰ
1575 321 1636 358 καὶ
1661 318 1826 361 ὡσαύτως
1855 317 1979 369 ἔχοντα
1998 317 2072 364 ἀεί,
2094 316 2153 356 καὶ
2182 316 2335 367 μάλιστα
2355 315 2419 366 μὶν

1390 378 1535 431 πρώτως
1557 379 1643 417 αὐτὰ
1665 378 1766 425 ὄντα,
1794 376 1962 429 παραίτια
1988 374 2024 414 δὲ
2043 375 2103 414 καὶ
2132 380 2205 419 τοῖς
2225 375 2342 419 ἄλλοις
2358 377 2420 415 τοῦ

1390 431 1631 476 εἶναιτοιαῦτα
1641 437 1772 475 ἕκαστα
1788 429 1844 474 οἶά
1865 435 1930 487 πέρ
1943 435 2028 483 ἔστι,
2044 434 2136 473 κατὰ
2147 434 2208 482 τὴν
2223 434 2308 488 πρὸς
2329 433 2420 473 αὐτὰ

1389 495 1597 547 ὁμοιότητα,
1618 494 1761 534 συνιδὼν
1783 497 1800 533 ὃ
1830 493 1983 533 Πλάτων
2005 491 2086 531 ὅντα
2116 495 2156 531 ὀὗ
2176 494 2288 549 ῥᾷστα
2309 493 2420 546 ὀφθῆ-

1389 569 1467 603 ναι,
1492 555 1530 594 οὗ
1564 555 1632 605 μὴν
1654 554 1728 593 οὐδὲ
1749 553 1841 605 λόγῳ
1861 555 1977 604 σαφῶς
2009 552 2205 598 δηλωθῆναι
2235 551 2418 604 δυνάμενα·

1391 613 1489 657 αὐτὸς
1507 615 1552 656 ὡς
1570 606 1639 652 οἶόν
1660 628 1697 651 τε
1715 607 1758 661 ἦν
1773 612 1858 664 ὑπὲρ
1873 612 1984 649 αὐτῶν
2008 611 2138 658 εἰπεῖν,
2157 609 2218 648 καὶ
2236 613 2420 663 φρονῆσαι,

1390 671 1450 710 καὶ
1478 671 1745 724 παρασκευάσαι
1775 669 1853 714 τοὺς
1890 669 2078 720 μέλλοντας
2113 666 2422 716 ἐπακολουθήσειν,

1390 730 1747 784 πραγματευσάμενος
1766 732 1898 777 ταῦτα,
1918 727 1975 767 καὶ
2001 727 2064 775 τὴν
2093 726 2284 779 σύμπασαν
2315 727 2424 766 αυτοῦ

1391 789 1593 843 φιλοσοφίαν
1613 791 1658 833 εἷς
1678 793 1778 828 τοῦτο
1807 787 2079 839 συνταξάμενος,
2099 787 2179 841 περὶ
2209 784 2322 826 ταῦτά
2338 799 2425 839 φησι

1391 848 1449 887 καὶ
1468 848 1531 897 τὴν
1551 847 1680 887 τούτων
1699 847 1815 895 νόησιν
1835 847 1896 894 τὴν
1916 847 2038 900 σοφίαν
2069 841 2155 885 εἶναι
2173 845 2235 886 καὶ
2258 843 2322 892 τὴν
2346 845 2425 884 ἔπι-

1391 908 1529 958 στήμην
1541 938 1551 957 ,
1565 906 1609 945 δι’
1628 901 1671 954 ἧς
1690 906 1728 945 τὸ
1749 907 1961 959 ἀνθρώπινον
1988 905 2083 950 τέλος
2102 905 2161 945 καὶ
2180 909 2202 954 ἡ
2220 901 2422 958 μακαριστὴ

1393 966 1490 1018 βιοτὴ
1510 964 1752 1018 παραγίνεται,
1774 967 1938 1004 Τοσαῦτα
1959 967 1977 1003 ὃ
1990 963 2156 1008 Ἀττικός.

1446 1023 1660 1075 (Eusebius
1682 1024 1853 1075 Praepar.
1875 1025 2020 1074 Evang.
2037 1023 2105 1062 lib.
2134 1023 2214 1071 XV,
2234 1035 2316 1074 cap.
2332 1020 2424 1060 xm

1391 1082 1475 1134 πρὸς
1501 1082 1558 1121 τὸν
1578 1081 1681 1120 αὐτὸν
1705 1081 1934 1126 διαπαίξαντα
1959 1082 2020 1120 καὶ
2040 1080 2103 1125 τὰς
2121 1079 2218 1135 παρὰ
2245 1082 2295 1132 τῷ
2320 1078 2423 1125 Πλά-

1391 1155 1474 1179 τωνι
1500 1140 1591 1184 ἰδέας
1603 1170 1613 1188 ,
1634 1139 1673 1185 ἃς
1692 1141 1755 1179 οὒκ
1771 1142 1902 1191 ἀγνοεῖν
1920 1140 1980 1178 καὶ
1999 1142 2030 1178 οἱ
2050 1138 2227 1191 Ἑὸραίων
2247 1137 2316 1186 ἤδη
2338 1136 2426 1190 πρό·

1391 1215 1488 1252 τερον
1519 1199 1772 1245 συνεστήσαντο
1799 1199 1905 1250 λόγοι·
1942 1198 2012 1237 ἀπὸ
2041 1201 2102 1236 τοῦ
2133 1198 2252 1235 αὐτοῦ.
2285 1195 2425 1235 Anatis

1393 1258 1511 1296 Attici
1530 1257 1663 1296 verbis
1685 1257 1765 1295 haec
1788 1257 1987 1308 subjungit
2010 1255 2199 1295 Eusebius
2222 1269 2231 1293 :
2251 1255 2365 1307 παρῆν
2387 1253 2424 1292 δὲ

1395 1315 1454 1354 καὶ
1477 1315 1605 1354 τούτων
1627 1314 1678 1354 ἔτι
1706 1315 1816 1353 πλείω
1841 1317 1880 1354 ἐκ
1894 1318 1957 1361 τ’ἧς
1978 1314 2187 1363 δηλωθείσης
2208 1311 2425 1365 παραθέσθαι

1393 1377 1453 1413 τοῦ
1476 1373 1596 1426 ἀνδρὸς
1617 1376 1766 1425 γραφῆς.
1801 1372 1901 1420 Πλὴν
1923 1372 2012 1411 ἀλλὰ
2042 1375 2113 1417 τοῖς
2146 1374 2328 1412 ἐκτεθεῖσιν
2359 1372 2424 1423 ἀρ-

1393 1432 1589 1478 κεσθέντες,
1611 1431 1890 1482 μεταὸησώμεθα
1917 1430 1977 1469 καὶ
1997 1431 2053 1470 ἐπὶ
2077 1429 2139 1478 τὴν
2162 1432 2227 1469 τῶν
2255 1431 2424 1471 Στωϊκῶν

1393 1489 1536 1544 αἵρεσιν.
1572 1489 1778 1542 Σωκράτους
1811 1490 1922 1528 τοίνυν
1947 1488 2119 1536 ἀκουστὴς
2146 1488 2278 1540 ἐγένετο
2304 1487 2419 1527 Ἀντι-

1394 1549 1532 1597 σθένης,
1553 1548 1831 1601 Ἧρακλεωτικός
1852 1563 1901 1592 τις
1925 1547 2012 1600 ἀνὴρ
2036 1547 2076 1586 τὸ
2102 1545 2283 1599 φρόνημα,
2302 1544 2338 1589 ὃς
2355 1543 2421 1598 ἔφη

1392 1613 1450 1648 τοῦ
1469 1609 1613 1656 ἥδεσθαι
1632 1608 1671 1647 τὸ
1688 1609 1871 1658 μαίνεσθαι
1890 1608 2042 1661 κρεῖττον
2063 1601 2165 1646 εἶναι.
2193 1606 2258 1646 Διὸ
2274 1605 2335 1644 καὶ
2348 1619 2425 1644 πα-

1396 1667 1489 1719 ρῄνει
1508 1669 1577 1710 τοῖς
1597 1667 1780 1719 γνωρίμοις
1798 1697 1806 1713 ,
1827 1667 2000 1717 μηδέποτε
2024 1665 2130 1718 χάριν
2147 1665 2274 1712 ἡδονῆς
2292 1663 2424 1703 δάκτυ-

1394 1727 1452 1764 λον
1470 1725 1644 1765 ἐκτείνειν.
1666 1725 1802 1764 Τούτου
1827 1724 1863 1763 δὲ
1883 1726 2053 1771 ἀκουστὴς
2071 1723 2188 1775 γέγονε
2218 1723 2383 1774 Διογένης
2403 1726 2420 1759 ὁ

1394 1784 1519 1833 Κύων,
1548 1784 1583 1829 ὃς
1608 1783 1668 1823 καὶ
1702 1784 1802 1827 αὐτὸς
1834 1783 2091 1835 θηριωδέστατα
2125 1787 2259 1835 φρονεῖν
2295 1781 2420 1829 δόξας,

1391 1842 1537 1886 πολλοὺς
1569 1841 1775 1894 ἐπηγάγετο.
1799 1842 1930 1880 Τοῦτον
1952 1842 2094 1892 Κράτης
2120 1839 2304 1886 διεδέξατο·
2325 1841 2423 1893 Κρά-

1392 1917 1493 1948 τητος
1523 1900 1557 1940 δὲ
1578 1901 1710 1952 ἐγένετο
1730 1900 1869 1951 Ζήνων,
1891 1903 1909 1939 ὃ
1927 1899 2108 1948 Κιττιεύς,
2133 1902 2152 1938 ὁ
2172 1902 2231 1946 τ’ἧς
2252 1901 2422 1939 Στωϊκῶν

1391 2034 1476 2067 sario
1498 2034 1630 2067 faciunt.
1675 2035 1786 2075 Neque
1814 2034 1900 2066 enim
1924 2033 2128 2066 Platonicum
2155 2033 2294 2076 amplius
2323 2034 2420 2076 quid-

1389 2101 1487 2134 quam
1515 2092 1726 2135 relinquetur,
1745 2092 1807 2124 nisi
1826 2092 1900 2134 quis
1918 2091 2088 2135 primarias
2108 2091 2182 2126 illas
2197 2092 2423 2135 principesque

1390 2153 1523 2185 naturas
1551 2151 1695 2184 Platonis
1711 2151 1743 2183 in
1771 2150 1908 2192 gratiam
1931 2150 1971 2183 iis
1989 2149 2196 2184 concesserit.
2239 2152 2319 2185 Haec
2335 2152 2422 2185 enim

1387 2213 1443 2245 illa
1478 2214 1575 2253 sunt,
1610 2212 1729 2253 quihus
1759 2211 1887 2244 caeteris
1913 2211 2066 2246 omnibus
2098 2214 2242 2246 maxime
2272 2214 2419 2254 praestat.

1390 2274 1499 2309 Quum
1514 2271 1599 2304 enim
1614 2271 1683 2313 ipse
1696 2271 1793 2304 deum
1802 2279 1911 2303 rerum
1933 2272 2098 2313 parentem
2116 2270 2419 2313 fabricatoremque,

1390 2331 1526 2371 ideoque
1542 2329 1708 2362 dominum
1729 2330 1762 2362 et
1778 2330 1960 2361 curatorem
1975 2330 2163 2370 agnosceret
2183 2341 2192 2362 ε
2215 2338 2316 2371 quum
2336 2330 2422 2362 idem

1389 2398 1426 2421 ex
1442 2388 1561 2421 nostris
1588 2387 1740 2430 operibus
1759 2387 1968 2429 intelligeret,
1997 2387 2155 2421 artificem
2182 2387 2216 2420 id
2239 2390 2315 2422 ante
2331 2389 2418 2430 quod

1389 2448 1569 2480 effecturus
1590 2446 1634 2479 sit
1651 2446 1760 2479 animo
1778 2446 2046 2487 comprehensum
2067 2447 2198 2487 tenere,
2218 2455 2256 2480 ae
2270 2449 2342 2480 tum
2361 2448 2420 2481 de-

1388 2515 1480 2539 mum
1508 2514 1613 2547 quam*
1633 2505 1721 2537 illius
1760 2505 1903 2549 speciem·
1924 2504 2093 2546 cogitando
2127 2504 2318 2548 informarit,
2349 2515 2421 2540 eam

1389 2551 1466 2607 ipsis
1493 2564 1527 2596 in
1544 2563 1640 2597 rebus
1659 2562 1868 2596 similitudine
1889 2563 2030 2604 quadam
2053 2562 2232 2605 exprimere
2251 2577 2259 2596 :
2274 2563 2422 2598 similiter

1389 2625 1516 2658 divinas
1532 2623 1698 2664 notiones,
1719 2631 1794 2665 quae
1811 2623 1910 2656 rebus
1936 2622 2136 2665 antiquiores
2154 2625 2188 2657 et
2216 2633 2328 2658 eorum
2347 2634 2422 2667 quae

1390 2683 1472 2716 fiunt
1489 2682 1637 2724 exempla
1651 2681 1736 2723 sint,
1759 2682 1946 2723 eaedemque
1963 2681 2157 2724 incorporeae
2175 2691 2214 2715 ac
2229 2684 2339 2717 mente
2353 2684 2422 2718 sola

1389 2743 1548 2783 perceptae
1561 2765 1569 2781 ,
1585 2740 1772 2781 similesque
1791 2740 1841 2772 sui
1860 2748 1989 2782 semper
2006 2741 2040 2773 et
2055 2740 2170 2773 eodem
2190 2742 2278 2774 statu
2288 2751 2419 2776 manen-

1389 2801 1439 2832 tes
1451 2824 1459 2839 ,
1478 2799 1618 2839 denique
1633 2799 1665 2831 et
1689 2798 1850 2840 praecipue
1869 2798 2011 2841 primum
2038 2799 2222 2839 exstantes,
2241 2801 2275 2831 et
2292 2800 2421 2833 caeteris

1389 2857 1504 2890 deinde
1522 2865 1629 2889 eausae
1644 2856 1793 2889 curialia
1812 2856 1875 2889 sint
1891 2855 2033 2899 singula,
2052 2857 2161 2899 qualia
2170 2859 2263 2898 sunt,
2285 2867 2344 2899 pro
2361 2867 2420 2892 sua

1389 2916 1546 2957 cujusque
1561 2924 1637 2948 eum
1655 2914 1856 2958 principibus
1877 2914 1941 2947 illis
1971 2915 2184 2948 similitudine
2214 2930 2222 2948 z
2251 2917 2417 2958 notiones,

1389 2978 1540 3017 inquam,
1569 2975 1642 3008 illas
1669 2984 1729 3008 nec
1749 2974 1843 3007 facile
1859 2974 1984 3016 videri,
2013 2983 2072 3008 nee
2097 2975 2242 3009 oratione
2267 2975 2419 3018 explicari

1389 3034 1529 3068 dilucide
1545 3043 1641 3076 posse
1669 3043 1770 3076 quum
1795 3033 2067 3069 animadverteret
2096 3047 2105 3067 z
2132 3034 2160 3067 is
2182 3036 2340 3076 quantum
2367 3035 2420 3069 vel

1389 3093 1525 3126 dicendo
1542 3093 1583 3125 de
1606 3092 1647 3125 iis
1662 3092 1714 3125 vel
1734 3092 1904 3134 cogitando
1918 3101 2010 3125 mens
2038 3092 2180 3131 humana
2199 3093 2364 3135 consequi,
2381 3103 2420 3127 ac

1392 3151 1520 3184 coeteris
1538 3151 1595 3192 qui
1610 3151 1650 3184 ad
1665 3159 1736 3184 eam
1752 3150 1965 3192 cognitionem
1981 3152 2091 3193 postea
2110 3151 2284 3193 aspiratur-i
2297 3153 2417 3194 essent,

1389 3210 1643 3242 commonstrare
1674 3209 1761 3242 viam
1791 3210 1917 3250 poterat
1929 3234 1937 3249 ‚
1968 3209 2001 3241 in
2030 3210 2175 3251 ipsarum
2194 3210 2419 3245 tramationan

1389 3268 1594 3309 incumbam,
1618 3269 1651 3300 et
1663 3268 1798 3300 cunetas
1813 3267 2029 3309 philosophiae
2054 3267 2285 3302 suae.rationes
2306 3276 2347 3302 eo
2363 3277 2416 3303 re-

1389 3336 1526 3367 vocans,
1546 3326 1579 3359 in
1602 3326 1641 3358 iis
1662 3326 1792 3359 demum
1820 3335 1998 3368 earumque
2023 3326 2136 3360 notitia
2167 3326 2356 3369 sapientiam
2379 3337 2419 3361 ae

1391 3385 1557 3418 scientiam
1574 3385 1695 3427 positas
1714 3394 1785 3419 esse
1810 3383 1976 3426 defendit,
2005 3395 2068 3426 qua
2091 3386 2122 3418 in
2147 3386 2222 3420 finis
2237 3386 2370 3420 humani
2384 3387 2418 3422 et

1390 3443 1495 3478 beatae
1512 3444 1586 3477 vitae
1605 3443 1840 3486 possessionem
1858 3443 2038 3477 veniamus.
2057 3446 2220 3481 Hactenus
2236 3445 2374 3478 Atticus.
