2528 3788
82 349 284 392 ml
299 335 334 377 οἱ
365 334 430 387 μὲν
448 335 517 408 γὰρ
537 335 635 377 οὐδὲν
660 335 747 376 ἄλλο
771 334 796 383 ἢ
819 333 978 387 γένεσιν;
1002 331 1116 372 codd.
1151 334 1183 371 οἱ

75 422 77 426 ⁴
83 394 211 449 ‘qd’
223 393 294 448 γὰρ
310 393 408 435 οὐδὲν
425 392 449 442 ἢ
467 394 642 447 γένεσιν.)
678 416 732 425 —-

127 471 173 497 αι
184 466 245 497 n
264 453 473 508 Πυθαγόρας
507 453 596 506 [τὴν
623 452 742 508 ψυχὴν
771 450 1005 506 ἀπεφήνατο]
1038 449 1183 503 ἀριθμὸν

102 507 244 555 ’ὀπὸν
267 517 450 561 κινοῦντα,
479 512 538 552 τὸν
563 514 594 552 δ’
616 510 761 564 ἀριθμὸν
796 510 872 549 ἀντὶ
895 513 956 548 τοῦ
981 512 1039 548 νοῦ
1066 524 1183 563 παρα-

27 560 42 598 γ·
127 570 329 627 ἢιμὸἅνιι.
348 570 504 623 Ὁμοίως
524 571 560 610 δὲ
576 570 637 610 καὶ
656 566 924 622 Ξενοκράτηςῧ.

67 681 70 685 Δ
194 630 401 686 (Stobaeus
421 630 503 669 Ecl.
526 629 647 681 Phys.
671 628 745 669 lib.
774 627 808 675 1,
830 640 926 678 cap.
941 632 1006 675 4¹,
1041 640 1057 663 1
1093 639 1181 678 pag.

146 689 217 742 ;95
229 689 292 729 ed.
312 689 482 738 Heeren3
502 702 591 741 pag.
608 689 681 726 321
700 685 762 725 ed.
779 685 989 734 Gaisford3
1005 698 1092 737 pag.
1108 685 1183 724 225

64 747 98 791 ’ἐξ
133 748 204 793 d.
226 748 398 788 Meinek.
422 747 566 787 Eadem
586 746 710 786 verba
729 746 915 795 leguntur
934 745 1038 796 apud
1059 744 1185 783 Pseu-

135 807 439 861 &plutarchum
457 807 506 846 de
524 807 620 858 plac.
644 805 744 858 phil.
766 804 838 842 lib.
858 803 926 851 1V,
949 816 1034 856 cap.
1061 818 1082 841 2
1105 805 1183 843 Πυ-

43 859 90 910 ὲ
133 867 292 920 ίδιεγείρας
314 865 407 920 [τὴν
433 864 574 921 ψυχὴν]
596 863 742 918 ἀριθμὸν
763 862 884 902 ἑαυτὸν
919 866 1102 902 κινοῦντα·
1127 862 1186 902 τὸν

132 925 335 980 ζ’.ἇριθμ“ον
349 923 428 964 ἀντὶ
445 928 505 964 τοῦ
519 928 577 963 νοῦ
590 922 882 978 παραλαμὸάνει.
899 922 1048 974 Scripsi
1066 937 1074 960 :
1095 926 1110 944 ⁰
1127 923 1188 960 αὖ·

61 982 84 1040 ‘2
138 984 301 1034 daucum
314 985 505 1037 Heerenio
518 997 566 1023 ex
580 983 810 1031 Plutarcho;
829 982 942 1021 codd.
960 981 1082 1028 αὐτὴν.
1098 1005 1153 1011 --
1170 983 1188 1006 1'

107 1043 115 1052 ⁹
138 1043 367 1099 Βινωιράτης
384 1057 434 1083 ex
453 1043 613 1096 optimis
632 1042 767 1090 codd.;
787 1042 852 1080 alii
873 1041 974 1079 male
997 1040 1187 1092 Ἀναξαγό-

63 1102 75 1139 ³?
139 1110 206 1159 ρας
223 1104 288 1145 vel
306 1101 524 1156 Ξεναγόρας.
549 1103 688 1141 Cicero
716 1101 861 1148 Quaest.
898 1100 1016 1142 Acad.
1039 1100 1111 1141 lib.
1135 1101 1188 1152 ll,

58 1164 62 1171 '
139 1176 228 1216 mp-
247 1163 299 1216 39
319 1165 570 1212 Tenemusne,
592 1165 687 1212 quid
704 1165 854 1199 am'mus
870 1163 948 1198 sit?
969 1175 1035 1207 an,
1045 1170 1084 1198 ut
1102 1163 1148 1198 X
1145 1175 1187 1198 e-

140 1231 328 1270 mares,
349 1236 453 1260 mens
470 1224 576 1260 nullo
599 1234 751 1272 corpore
765 1250 778 1269 ‚
797 1218 868 1258 ubi
884 1232 1022 1271 parum
1043 1218 1191 1271 proba-

141 1280 277 1322 biliter
291 1281 490 1333 Bentlejus
506 1294 680 1319 numerus
692 1282 798 1317 nullo
815 1292 966 1329 corpore
983 1277 1105 1317 scribi
1126 1292 1192 1317 vo-

143 1340 263 1381 lebat.
296 1340 406 1380 Mens
431 1339 538 1379 enim
566 1339 724 1379 videtur
762 1351 904 1390 corpus
943 1337 1166 1376 desiderare
1179 1367 1190 1386 ,

143 1413 332 1440 numerus
345 1413 428 1439 non
443 1399 575 1451 item.)

196 1451 397 1500 affluam
425 1457 462 1498 δὲ
491 1460 625 1512 ἕτεροι,
648 1460 692 1498 οἱ
708 1457 768 1497 καὶ
787 1458 833 1496 τὰ
854 1455 915 1496 δύο
936 1455 1013 1507 ἅμα
1034 1456 1193 1509 συμπλέ-

145 1532 266 1563 κοντες
278 1519 327 1563 εἷς
341 1516 406 1566 τὴν
424 1517 591 1557 ἀπόδοσιν
611 1520 675 1565 τῆς
686 1518 822 1570 ψυχης,
838 1515 877 1555 τό
895 1532 932 1555 τε
951 1522 1056 1555 κινεῖν
1076 1516 1137 1556 καὶ
1156 1532 1195 1556 το

71 1575 92 1592 ’·
142 1575 372 1631 γιγνώσκειν·
393 1577 441 1621 ὣς
462 1579 481 1616 ὁ
508 1574 572 1624 τὴν
606 1574 724 1630 ψυχὴν
755 1575 1023 1628 ἀποφηνάμενος
1049 1575 1194 1629 ἀριθμὸν

143 1637 308 1676 mw‘vtss
337 1634 479 1675 ἑαυτόν,
500 1634 558 1674 διὰ
584 1634 648 1686 μὲν
667 1637 727 1672 ιι-οῦ
750 1635 897 1687 ἀριθμοῦ
917 1633 980 1681 τὴν
1001 1634 1196 1685 γνωστικὴν

52 1704 95 1734 '21
145 1693 291 1747 δύναμιν
318 1694 599 1746 ἐνδεικνύμενος,
632 1693 690 1733 διὰ
716 1693 752 1733 δὲ
772 1696 835 1732 τοῦ
854 1696 963 1733 κινεῖν
990 1693 1112 1733 ἑαυτὸν
1132 1694 1196 1743 τὴν

143 1753 340 1804 mex&-

149 1831 156 1836 ·
200 1811 473 1866 (Themistius
503 1813 549 1852 in
587 1811 780 1865 Paraphr.
815 1812 941 1852 Arist.
982 1812 1031 1851 de
1063 1812 1194 1854 Anim.

120 1871 271 1927 glibd,
289 1872 355 1913 foi.
373 1874 441 1922 67.
463 1872 542 1923 A.)

116 1934 183 1985 [;
198 1944 251 1974 ⁸8
278 1930 492 1985 Πυθαγόρας
511 1930 548 1972 δὲ
569 1930 792 1982 συμὸολικῶς
808 1930 956 1977 εἰκάζειν
977 1930 1032 1970 ἀει
1052 1930 1113 1970 καὶ
1135 1929 1195 1970 τὸν

71 2028 78 2040 ,
145 1991 234 2037 θεὸν
239 1991 301 2032 καὶ
318 1994 438 2032 πάντα
453 1997 525 2036 τοῖς
543 1993 717 2062 ἀριθμοῖς...
718 1989 870 2037 εἰωθώς,
887 1990 1042 2043 ὡρίσατο
1057 1990 1118 2030 καὶ
1131 1989 1197 2040 τὴν

145 2050 275 2107 ψυχὴν
293 2050 441 2104 ἀριθμὸν
468 2050 592 2090 ἑαυτὸν
621 2053 802 2101 κινοῦντα,
836 2053 866 2105 ᾧ
884 2065 944 2089 και
975 2050 1199 2103 Ξενοκράτης

145 2110 402 2163 ἠκολούθησεν·
422 2112 490 2164 οὐχ
508 2109 563 2150 ὅτι
582 2108 726 2164 ἀριθμός
747 2110 839 2149 ἔστιν
860 2113 882 2157 ἡ
901 2110 1004 2163 ψυχή
1016 2139 1026 2158 ,
1048 2110 1126 2149 ἀλλ’
1145 2111 1200 2151 ὅτι

148 2172 185 2212 ἓν
213 2176 286 2216 τοῖς
315 2171 520 2224 ἀριθμητοῖς
541 2171 615 2209 ἐστι
635 2168 732 2209 καὶ’
716 2184 752 2208 εν
777 2174 850 2214 τοῖς
871 2170 1197 2221 πεπληθυσμένοις,

148 2230 210 2272 καὶ
226 2229 284 2271 ὅτι
305 2232 328 2278 ἡ
349 2229 448 2284 ψυχή
469 2232 560 2270 ἐστιν
581 2232 603 2277 ῆ
625 2227 851 2283 διακρίνουσα
867 2227 913 2267 τὰ
931 2229 1126 2281 πράγματα
1148 2231 1199 2283 τῷ

315 2289 378 2329 καὶ
406 2288 538 2334 τύπους
567 2287 730 2334 ἑκάστοις
749 2287 977 2328 ἐπιὸάλλειν·
1012 2287 1102 2336 αυτη
1130 2289 1199 2342 γάρ

184 2480 243 2513 ³1.
278 2478 482 2521 Pythagoras
512 2477 694 2522 [animum]
721 2487 897 2511 numerum
917 2487 990 2512 sese
1012 2479 1201 2511 moventem

47 2547 54 2583 ᾖ
75 2569 77 2571 ,
129 2537 262 2588 flixit,
277 2546 418 2572 numero
434 2540 626 2581 promente
644 2539 766 2571 sumto.
795 2537 955 2571 Similiter
975 2537 1076 2571 etiam
1094 2539 1200 2571 xeno-

65 2646 71 2647 *
98 2655 107 2664 ²
191 2659 245 2692 82.
265 2658 412 2691 Fuerunt
429 2665 511 2691 vero
527 2656 604 2699 nili,
631 2657 693 2699 qui
710 2657 844 2691 duabus
862 2657 962 2690 simul
976 2657 1078 2691 rebus
1099 2667 1200 2700 copu-

122 2716 227 2771 m
244 2719 375 2751 motum
391 2718 427 2752 et
446 2716 666 2759 cognitionem
687 2716 723 2750 in
743 2716 848 2750 animi
863 2716 1054 2751 definitione
1070 2718 1203 2760 conjun-

91 2749 291 2827 amn
307 2777 588 2820 quemadmodum
605 2777 664 2821 qui
678 2777 824 2810 animum
846 2786 1021 2810 numerum
1039 2786 1075 2811 se
1091 2777 1202 2820 ipsum

43 2815 106 2887 25⁶3
118 2836 340 2879 Μωῇώω
377 2836 474 2879 dixit,
505 2846 647 2870 numero
679 2836 816 2880 quidem
850 2836 1068 2879 cognoscendi
1106 2837 1200 2879 vim,

63 2886 330 2947 ”’ἴ..,ἠωιιωυο
345 2897 460 2930 autem
478 2897 575 2930 motu
592 2895 747 2930 movendi
768 2896 958 2929 facultatem
980 2896 1139 2929 indicans.

133 2949 138 2997 J
162 2969 179 3006 ᾖ
193 2956 248 2991 83.
265 2955 466 2998 Pythagoras
480 2955 662 2998 symbolice
680 2964 874 2998 comparare
898 2964 1028 2997 semper
1044 2957 1080 2988 et
1097 2955 1199 2989 deum

51 3031 63 3055 ’,
82 3022 87 3031 ²
103 3030 111 3038 ·¹
151 3014 189 3051 ot
203 3015 315 3050 omnia
329 3025 408 3051 enm
425 3016 571 3050 numeris
587 3016 713 3057 solitus,
729 3016 878 3049 animum
896 3025 1029 3058 quoque
1049 3015 1203 3050 definivit

57 3065 78 3122 ’γ
92 3063 107 3098 '=
151 3078 326 3110 mum
350 3075 514 3119 seipsum
526 3078 727 3117 moventem,
754 3085 854 3118 quem
871 3075 972 3109 etiam
996 3077 1196 3109 Xenocrates

73 3125 98 3161 ⁷1
142 3137 289 3177 sumtus
305 3136 377 3176 osu
391 3144 456 3169 non
466 3134 556 3179 quod
574 3136 704 3170 animus
716 3137 805 3169 esset
815 3144 985 3177 numerus,
1003 3135 1063 3168 sed
1075 3135 1154 3178 quia
1170 3135 1204 3168 in

48 3191 65 3226 ἶ
127 3214 130 3215 ⁷
153 3190 264 3228 nest
277 3197 580 3237 qunnumerantur
598 3197 631 3228 et
640 3195 913 3237 multiplicantur,
928 3195 960 3227 et
973 3193 1050 3235 quia
1065 3194 1199 3229 animus

152 3261 213 3289 ru*
234 3254 407 3295 discernit.
437 3256 560 3289 formas
586 3257 619 3290 et
646 3257 742 3289 notas
774 3255 909 3298 singulis
942 3255 1159 3297 imprimendo
1191 3264 1202 3285 ι

150 3310 212 3349 'hin
226 3313 314 3348 enlm
340 3315 467 3357 species
487 3324 508 3348 a
533 3315 704 3358 speciebus
726 3317 882 3358 separat,
906 3323 1027 3356 easque
1053 3315 1118 3348 tam
1134 3315 1200 3348 sor-

48 3393 61 3400 »
91 3371 94 3374 ’
143 3368 287 3408 'marum
301 3373 496 3409 diversitate
514 3384 614 3417 quam
642 3375 771 3408 numeri
789 3374 998 3407 multitudine
1022 3373 1202 3409 dissimiles

79 3450 86 3460 ι
156 3431 276 3474 efficit,
305 3442 346 3467 ae
373 3436 546 3477 propterea
565 3443 620 3468 res
650 3433 873 3468 numerabiles
899 3433 1032 3475 reddit,

1061 3433 1204 3477 ideoque

158 3499 179 3526 a
194 3500 405 3527 numerorum
432 3493 664 3528 communione
677 3502 744 3528 non
762 3493 897 3527 omnino
912 3492 1040 3528 alienus
1052 3495 1118 3529 est.

1046 243 1377 286 FRAGMENTA.

147 2349 243 2389 ἔστιν
260 2351 288 2397 ἡ
304 2346 352 2402 τὰ
367 2346 443 2396 εἴδη
458 2345 529 2387 ἀπὸ
541 2348 610 2386 τῶν
627 2348 727 2386 εἰδῶν
748 2347 949 2401 χωρίζουσα
968 2347 1029 2385 καὶ
1049 2348 1198 2402 διάφορα

2205 246 2279 286 121

1244 330 1334 370 αὐτὰ
1354 330 1595 382 ἀποφαίνουσα
1614 334 1658 384 τῇ
1679 348 1717 371 τε
1736 331 1917 386 ἑτερότητι
1934 333 2003 371 τῶν
2031 331 2132 371 εἰδῶν
2152 326 2213 373 καὶ
2233 334 2284 386 τῷ

1243 389 1369 438 πλήθει
1388 393 1450 428 τοῦ
1473 391 1618 443 ἀριθμοῦ
1631 419 1642 439 ,
1660 390 1719 430 καὶ
1738 389 1795 429 διὰ
1820 395 1920 431 τοῦτο
1940 389 2117 446 ἀριθμητὰ
2137 395 2285 431 ποιοῦσα

1243 451 1288 490 τὰ
1308 450 1521 503 πράγματα·
1546 449 1621 489 ὅθεν
1652 450 1691 489 οὔ
1724 451 1951 490 παντάπασιν
1977 450 2204 500 ἀπήλλακται
2221 452 2286 498 τῆς

1244 509 1336 550 κατὰ
1356 507 1435 554 τοὺς
1455 508 1621 562 ἀριθμοὺς
1639 510 1832 554 κοινωνίας.

1302 569 1526 622 (Nemesius
1547 569 1595 608 de
1615 579 1694 610 nat.
1719 570 1828 608 hom.
1849 583 1936 622 cap.
1958 570 2027 622 2.)

1301 643 1352 670 34.
1381 627 1605 681 Ξενοκράτης
1624 629 1768 681 ἀριθμὸν
1787 627 1894 676 αὐτὴν
1915 628 2002 681 [τὴν
2018 629 2164 684 ψυχὴν]
2186 629 2290 682 θέμε-

1245 704 1300 733 νος
1320 690 1353 727 ἐν
1378 690 1477 741 ποσῷ
1493 688 1598 727 δοκεῖ.

1305 748 1557 801 (Simplicius
1592 747 1639 786 ad
1661 748 1880 786 Aristotelis
1908 748 1956 787 de
1992 749 2136 788 Anima
2167 747 2239 789 lib.
2273 748 2292 787 l

1248 807 1316 846 fol.
1343 821 1365 844 2.
1388 805 1465 859 A.)

1303 879 1353 905 35.
1376 864 1618 916 Ξενοκράτους
1641 867 1659 903 ὁ
1678 867 1739 912 τῆς
1765 867 1882 919 ψυχῆς
1904 859 2003 911 οὗτος
2021 866 2144 919 λόγος,
2171 868 2294 920 βουλο-

1250 924 1354 976 μένου
1374 923 1438 972 τὴν
1457 923 1633 975 μεσότητα
1653 925 1760 970 αὐτῆς
1775 927 1844 963 τῶν
1858 941 1897 964 τε
1918 927 2017 965 εἰδῶν
2038 925 2099 966 καὶ
2117 928 2186 965 τῶν
2204 927 2296 966 εἶδο-

1248 983 1481 1035 ποιουμένων,
1514 982 1590 1035 ἅμα
1621 982 1682 1021 καὶ
1701 983 1740 1021 τὸ
1760 983 1845 1022 ἴδιον
1873 986 1980 1032 αὐτῆς
2017 985 2252 1031 ἐνδείξασθαι·
2278 989 2297 1026 ὁ

1249 1043 1317 1097 γὰρ
1337 1041 1481 1096 ἀριθμος
1499 1042 1539 1082 τὸ
1559 1035 1664 1090 εἶδος,
1681 1041 1721 1080 τὸ
1741 1041 1778 1080 δὲ
1801 1043 1939 1089 κινητὸν
1961 1049 2032 1087 τοῖς
2058 1045 2296 1096 εἷδοποιουμέ·

1249 1118 1319 1148 νοις
1346 1101 1540 1155 προσήκει,
1562 1103 1602 1141 ἐκ
1623 1100 1686 1152 μὲν
1707 1116 1765 1140 ουν
1786 1103 1854 1139 τῶν
1875 1101 1992 1155 ἄκρων
2014 1102 2117 1153 μόνον
2139 1105 2177 1142 οὐ
2199 1104 2300 1152 δηλοῖ

1249 1178 1312 1214 το,
1342 1161 1422 1203 οὔτε
1452 1161 1598 1214 ἀριθμὸς
1630 1161 1750 1204 ἇπλως
1781 1159 1906 1209 ἔσται,
1935 1160 2014 1200 οὔτε
2047 1161 2207 1209 κινητός·
2237 1167 2298 1203 τοῦ

1253 1222 1316 1275 μὲν
1338 1222 1442 1275 γὰρε
1429 1223 1565 1275 υφεῖται
1585 1215 1610 1273 ᾗ
1629 1225 1688 1260 τοῦ
1715 1219 1904 1273 ἀμερίστου
1931 1220 2164 1268 ε’κὸέὸληται·
2181 1225 2242 1261 τοῦ
2263 1222 2302 1262 δέ

1254 1283 1329 1321 ἐστι
1360 1281 1531 1334 κρείσσων
1547 1310 1559 1333 ,
1579 1275 1602 1334 ᾗ
1627 1282 1686 1319 τοῦ
1710 1283 1872 1333 μεριστοῦ
1894 1279 2077 1333 ὑπερέχει·
2100 1281 2141 1320 τὸ
2169 1296 2302 1334 συναμ-

1255 1340 1398 1394 φότερον
1418 1334 1476 1379 οῦν
1509 1339 1549 1379 ἄν
1569 1355 1644 1384 πως
1669 1338 1721 1386 εἴη
1736 1368 1747 1387 ,
1770 1341 1817 1384 ὡς
1837 1338 2048 1393 ἀμφοτέροις
2071 1344 2303 1391 κοινωνοῦσα,

1257 1399 1401 1453 ἀριθμος
1416 1398 1571 1447 κινητός·
1591 1398 1683 1438 κατὰ
1701 1398 1738 1438 δὲ
1753 1398 1793 1437 τὸ
1810 1400 1935 1438 οἰκεῖον
1954 1415 2017 1446 της
2037 1398 2228 1447 μεσότητος
2246 1403 2303 1454 ὑφ’

1255 1461 1380 1498 ἑαυτοῦ
1399 1457 1536 1506 κινητὸς
1556 1457 1711 1510 λέγεται.
1731 1456 1820 1498 ’Ὀτι
1841 1459 1908 1512 οὔχ
1925 1460 1971 1503 ὡς
1991 1458 2202 1506 διαστατική
2229 1461 2303 1498 ε’στι

1259 1520 1350 1571 μεση
1371 1521 1394 1565 ἡ
1426 1518 1521 1572 ψυχή
1536 1548 1547 1569 ,
1568 1511 1635 1561 οἶος
1655 1520 1674 1556 ὁ
1694 1517 1839 1572 φυσικὸς
1861 1517 1962 1571 λόγος
1975 1548 1986 1568 ,
2007 1518 2068 1557 καὶ
2088 1517 2156 1570 πρὸ
2181 1518 2304 1558 τούτου

1257 1577 1348 1617 κατὰ
1367 1593 1446 1622 τους
1459 1577 1586 1629 ἄνδρας
1600 1580 1623 1624 ἡ
1642 1577 1872 1628 μαθηματικὴ
1894 1576 2021 1629 obet«,
2037 1576 2114 1616 οῦδὲ
2135 1576 2190 1616 οἵα
2212 1578 2305 1617 κατὰ

1257 1651 1298 1675 το
1318 1635 1439 1707 προῖον
1461 1635 1533 1676 ἀπὸ
1553 1640 1612 1675 νοῦ
1637 1638 1709 1691 φῶς
1726 1636 1845 1685 οὐσία,
1864 1634 1967 1689 νοερὰ
1995 1639 2011 1659 ⁰
2033 1635 2132 1687 μὲν”
2114 1653 2164 1675 ετι
2186 1637 2307 1688 μένου-

1257 1712 1326 1746 σα,
1360 1711 1411 1749 τῳ
1431 1694 1466 1734 δὲ
1489 1697 1536 1740 εἷς
1565 1694 1606 1734 τὸ
1634 1711 1742 1749 φανον
1765 1694 1826 1734 καὶ
1855 1694 2054 1747 σύμμετρον
2074 1701 2143 1740 τοῖς
2163 1696 2229 1736 ὑπὸ
2247 1702 2306 1737 νοῦ

1259 1753 1593 1806 καταλαμπομένοις
1612 1753 1870 1807 προέρχεσθαι,
1893 1754 2155 1839 διαγγέλλουσα
2182 1755 2222 1794 τὸ
2247 1756 2308 1807 μό-

1258 1829 1356 1864 νιμον
1388 1813 1448 1852 καὶ
1475 1813 1618 1866 κρύφιον
1650 1815 1713 1859 τῆς
1741 1814 1910 1866 νοερᾶςῑ)
1932 1813 2084 1867 φύσεως,
2108 1814 2201 1854 ἀλλὰ
2229 1816 2308 1854 κατ’

1258 1871 1366 1920 αὖτὴν
1392 1871 1455 1920 τὴν
1484 1871 1632 1920 ζωτικὴν
1663 1871 1826 1920 ἰδιότητα
1851 1871 1988 1926 ἔγερσιν
2016 1873 2078 1912 καὶ
2106 1874 2200 1920 ζέσιν
2227 1875 2307 1916 τινὰ

1260 1931 1380 1980 πάσης
1410 1931 1584 1980 δηλούσης
1619 1933 1728 1981 ζωῆς,
1749 1930 1938 1982 ἀμέριστον
1959 1930 2023 1982 μὲν
2045 1932 2106 1971 καὶ
2135 1935 2169 1972 ἐν
2200 1936 2308 1989 ἑαυτῇ

1262 1991 1435 2044 μένουσαν
1455 1993 1519 2039 τῆς
1539 1997 1658 2044 νοερᾶς
1674 1995 1706 2016 ⁰·
1729 1990 1809 2043 περὶ
1830 1991 1866 2030 δὲ
1885 1990 1930 2029 τὰ
1950 1991 2101 2043 σώματα
2122 1993 2308 2047 μεριζομέ-

1260 2066 1347 2100 νην,
1371 2051 1431 2089 καὶ
1451 2050 1614 2104 ἑτέρωθεν
1637 2053 1685 2092 εἷς
1711 2048 1812 2102 ἕτερα
1843 2050 2075 2103 ὑφιζάνουσαν
2094 2055 2156 2100 τ’ῆς
2184 2068 2309 2103 σωμα-

1259 2110 1430 2154 τοειδοῦς·
1457 2112 1519 2158 τῆς
1549 2108 1584 2148 δὲ
1617 2111 1733 2163 ψυχῆς
1759 2108 1823 2156 τὴν
1849 2110 1906 2162 ἀφ’
1937 2111 2062 2158 ἑαυτῆς
2084 2112 2131 2154 εἷς
2161 2111 2307 2158 ἀνέλιξιν

1260 2169 1320 2209 καὶ
1341 2170 1388 2214 εἷς
1408 2168 1588 2208 διάστασιν
1608 2167 1685 2220 ἅμα
1703 2168 1926 2222 συναγωγήν.
1949 2171 2018 2210 Διὰ
2041 2174 2153 2210 ταῦτα
2174 2170 2236 2223 μὲν
2251 2166 2310 2213 οῦν

1261 2232 1280 2269 ὁ
1301 2227 1526 2282 Ξενοκράτης
1542 2228 1688 2282 ἀριθμὸν
1707 2228 1809 2268 αὐτὸν
1831 2228 1952 2268 ἑαυτὸν
1978 2234 2139 2269 κινοῦντα
2156 2230 2219 2279 τὴν
2248 2234 2313 2286 ψυ-

1261 2288 1329 2342 χὴν
1348 2288 1613 2341 ἀπεφήνατοωὺ
1627 2286 1663 2326 δὲ
1678 2287 1920 2341 Ἀριστοτέλης
1938 2288 1996 2329 τὸν
2016 2289 2163 2342 ἀριθμὸν
2180 2292 2311 2342 ὁριστι-

1262 2347 1322 2387 κὸν
1344 2345 1522 2401 προειπὼν
1542 2346 1604 2386 καὶ
1625 2350 1694 2386 τῶν
1715 2350 1882 2400 γνωστῶν
1906 2347 1967 2387 καὶ
1986 2350 2053 2387 τῶν
2079 2353 2282 2401 γνωστικῶν
2295 2380 2306 2398 ,

1305 2481 1357 2512 34.
1377 2479 1583 2512 Xenocrates
1601 2485 1779 2510 numerum
1795 2479 1945 2512 animum
1970 2479 2143 2513 nominans
2153 2479 2187 2512 in
2207 2490 2310 2523 quan·

1261 2538 1359 2572 titate
1374 2547 1498 2581 ponere
1513 2537 1658 2572 videtur.

1304 2599 1357 2630 35.
1387 2597 1583 2631 Xenocratis
1606 2597 1680 2633 haee
1709 2599 1774 2632 suit
1793 2598 1836 2631 de
1862 2596 1971 2630 anima
1998 2595 2181 2637 sententia,
2204 2605 2310 2638 quum

1263 2657 1365 2691 vellet
1385 2657 1532 2691 mediam
1551 2658 1625 2700 eius
1640 2661 1796 2702 naturam
1814 2658 1903 2691 inter
1923 2656 2046 2689 formas
2063 2657 2098 2689 et
2111 2655 2253 2689 formata
2271 2665 2311 2690 ac

1262 2718 1359 2751 simul
1379 2718 1610 2761 proprietatem
1629 2720 1701 2763 eius
1725 2718 1902 2754 ostendere
1930 2730 1938 2751 :
1959 2726 2121 2751 numerus
2147 2716 2236 2750 enim
2260 2718 2313 2751 est

1263 2777 1386 2818 forma,
1413 2777 1579 2812 mobilitas
1604 2778 1753 2813 formatis
1778 2777 1955 2819 convenit,
1984 2776 2054 2809 sola
2085 2775 2186 2818 igitur
2201 2784 2313 2808 rerum

1262 2835 1607 2878 praestantissimarum
1620 2846 1686 2871 non
1699 2838 1823 2882 indicat
1833 2863 1846 2879 ‚
1865 2845 1901 2870 se
1919 2844 2030 2877 neque
2043 2834 2236 2877 simpliciter
2252 2843 2313 2867 nu-

1262 2904 1392 2928 merum
1423 2904 1520 2938 esse,
1539 2905 1648 2938 neque
1680 2896 1840 2930 mobilem
1865 2905 1874 2926 =
1899 2895 2021 2939 partim
2048 2894 2137 2928 enim
2166 2894 2313 2927 deterior

1263 2956 1335 2996 est,
1360 2956 1526 2997 quatenus
1555 2955 1731 2989 individua
1757 2957 1875 2989 natura
1904 2955 2015 2995 caret,
2039 2952 2157 2995 partim
2183 2951 2309 2992 melior,

1265 3015 1432 3056 quatenus
1458 3023 1513 3048 res
1539 3015 1692 3049 dividuas
1711 3017 1845 3058 superat
1869 3023 1877 3043 τ
1909 3023 1987 3057 ergo
2005 3012 2104 3046 simul
2128 3014 2311 3055 utrumque

1263 3073 1506 3116 quodammodo
1523 3075 1644 3117 fuerit,
1660 3076 1698 3108 ut
1713 3084 1788 3108 cum
1802 3073 1955 3116 utrisque
1974 3072 2173 3112 consociata,
2192 3079 2311 3104 nume-

1262 3142 1323 3166 rus
1336 3133 1468 3168 mobilis
1485 3143 1494 3164 =
1513 3136 1550 3168 at
1571 3136 1704 3178 propter
1718 3135 1835 3168 mediae
1855 3135 1983 3167 naturae
2004 3131 2240 3175 proprietatem
2255 3140 2313 3173 per

1264 3202 1300 3227 se
1331 3194 1464 3228 mobilis
1489 3195 1625 3229 dicitur.
1654 3195 1741 3234 Quia
1773 3204 1838 3227 non
1862 3195 1902 3227 ut
1929 3192 2089 3227 dirimens
2118 3192 2228 3225 media
2261 3192 2312 3224 est

1264 3253 1384 3296 anima,
1402 3254 1509 3298 qualis
1526 3255 1665 3298 physica
1684 3254 1771 3288 ratio
1787 3254 1942 3295 habetur,
1970 3255 2005 3286 et
2022 3254 2099 3286 ante
2121 3261 2195 3286 eam
2212 3250 2310 3292 juxta

1264 3314 1352 3348 viros
1382 3313 1458 3348 illos
1486 3314 1721 3348 mathematica
1759 3314 1961 3354 substantia,
2006 3319 2113 3354 neque
2145 3310 2252 3354 qualis
2291 3319 2312 3342 a

1264 3373 1388 3421 lumine
1411 3375 1532 3408 mentis
1554 3377 1628 3409 orta
1646 3374 1843 3415 substantia,
1863 3371 2094 3407 intellectualis
2119 3369 2227 3404 adhuc
2242 3378 2312 3402 ma-

1263 3443 1356 3476 nens,
1385 3434 1443 3468 sed
1459 3435 1615 3477 quoniam
1642 3434 1686 3468 ad
1710 3432 1981 3477 perspicuitatem
2006 3433 2039 3465 et
2076 3430 2310 3472 congruentem

1264 3494 1363 3529 rebus
1380 3496 1490 3529 mente
1507 3495 1681 3529 illustratis
1693 3494 1842 3529 tenorem
1856 3491 2083 3534 progreditur,
2106 3489 2259 3523 stabilem
2276 3490 2310 3522 et
