2508 3776
274 149 354 187 560

274 238 399 290 μείζων
420 237 494 277 ἐστὶ
510 237 570 276 καὶ
594 236 747 276 καλλίων
761 252 769 260 ·
789 238 824 275 αἱ
843 236 909 290 γὰρ
929 236 1007 276 κατ’
1029 237 1137 285 αὐτὴν
1169 238 1309 292 πράξεις

274 298 447 349 μεγάλαι,
467 296 527 335 καὶ
558 295 730 348 ἀξιόλογοι
758 290 860 335 οῧσαι
891 297 951 335 καὶ
971 296 1140 337 πλειόνων
1159 298 1310 346 δεήσον-

271 370 328 394 ται
348 359 414 395 τῶν
433 355 568 401 ἔξωθεν.
590 356 653 408 Τῷ
673 354 709 393 δὲ
735 357 935 408 θεωρητικῷ
955 355 1088 400 οὐδενὸς
1106 359 1174 395 τῶν
1194 355 1310 396 τοιού-

271 430 339 453 των
368 414 451 466 πρός
479 429 518 466 γε
537 413 601 461 τὴν
622 413 798 467 ἐνέργειαν
835 414 960 467 χρεία·
992 413 1070 452 ἀλλ’
1101 417 1147 459 ὡς
1180 417 1309 465 εἰπεῖν,

271 473 329 511 καὶ
351 473 510 523 ἐμποδὼν
545 471 687 511 ἵσταται
709 475 820 511 ταῦτα
851 476 895 525 τῇ
917 472 1058 526 θεωρίᾳ.
1081 473 1255 521 Δεήσεται
1274 472 1310 511 δὲ

271 533 335 584 οὐχ
353 535 397 576 ὡς
413 531 636 585 θεωρητικός,
659 530 738 569 ἀλλ’
752 533 799 576 ὡς
814 532 1022 583 πρακτικός,
1039 531 1116 570 ἐπεὶ
1133 531 1312 585 ἄνθρωπος

271 590 318 628 ὢν
330 590 389 629 καὶ
410 590 603 643 ἀνθρώποις
621 592 753 639 συζῶν,
777 591 928 643 αἱρεῖται
949 590 993 629 τὰ
1010 590 1102 629 κατὰ
1123 591 1186 638 τὴν
1220 606 1308 643 πρα·

270 649 392 696 κτικὴν
412 649 559 702 ἀρετήν,
573 649 629 688 ἵνα
652 649 737 702 πρὸς
755 648 834 693 τοὺς
855 649 1018 694 συνόντας
1045 649 1091 688 τὰ
1114 648 1311 702 ἀνθρώπινα

270 707 377 761 σώζῃ.

325 768 491 821 (Scripsi
512 768 664 821 εᾶβιῴη]
682 769 770 808 cod.
789 768 894 822 titu'rfl„
912 789 966 798 —
982 768 998 793 1‘
1016 766 1309 822 ᾠκείωται]οοά.

269 826 455 866 ὠκείωται.
475 850 528 858 -
547 834 559 852 ⁰
577 827 672 879 ἔστι]
704 827 790 867 cod.
807 829 914 866 ἐστιν.
936 828 1010 879 --)

722 938 812 990 Κεφ.
846 937 882 978 ι’.

268 1051 337 1083 Ἔτι
356 1052 426 1094 περὶ
439 1054 495 1083 τοῦ
509 1052 701 1093 θεωρητικοῦ
718 1051 805 1093 βίου,
823 1052 876 1083 καὶ
894 1050 941 1083 ὅτι
967 1051 987 1089 ἡ
1000 1049 1103 1083 τελεία
1126 1049 1312 1091 εὐδαιμονία

674 1099 706 1130 ἐν
728 1098 815 1139 αὐτῷ
829 1098 905 1130 ἐστι.

320 1194 341 1217 *
353 1193 526 1233 Φαίνεται
544 1193 580 1231 δὲ
596 1193 655 1232 καὶ
665 1196 792 1233 ἐκεῖθεν
813 1195 847 1234 ἐν
859 1196 909 1247 τῷ
926 1197 1129 1248 θεωρητικῷ
1146 1194 1211 1249 βίῳ
1227 1211 1311 1234 συν-

268 1253 410 1292 εστάναι
428 1252 492 1299 τὴν
520 1252 656 1291 τελείαν
679 1252 918 1302 εὐδαιμονίαν.
946 1252 991 1292 Ἡ
1012 1252 1080 1306 γὰρ
1099 1253 1227 1304 θεωρία
1245 1253 1311 1303 μό-

266 1327 321 1350 νον
344 1315 420 1350 θεοῧ
432 1311 532 1362 ἔργον
557 1311 649 1350 ἐστίν
664 1319 691 1362 ²²,
713 1310 747 1355 ὅς
775 1313 867 1349 ἔστιν
895 1313 1033 1357 ἀληθῶς
1062 1311 1232 1362 μακάριος
1251 1310 1312 1350 καὶ

267 1370 454 1420 εὐδαίμων.
479 1369 591 1414 Ποίας
612 1369 679 1422 γὰρ
697 1369 805 1413 ἄλλας
826 1369 966 1422 πράξεις
987 1368 1173 1410 ἀποδοτέον
1194 1371 1310 1421 αὖτῷ;

266 1429 328 1473 τὰς
348 1427 504 1479 δικαίας,
524 1421 575 1473 ἧῑ)
594 1429 724 1477 γελοῖον
750 1426 999 1465 συναλλάττειν
1022 1425 1144 1474 αὐτόν,
1163 1426 1223 1465 καὶ
1246 1442 1314 1465 πα-

268 1487 513 1540 ρακαταθήκας
529 1486 752 1534 ἀποδιδόναι,
771 1486 831 1524 καὶ
847 1485 913 1524 ὅσα
936 1485 1027 1524 ἄλλα
1043 1488 1189 1525 τοιαῦτα
1201 1499 1209 1509 ·
1221 1486 1312 1526 ἀλλὰ

265 1546 328 1590 τὰς
344 1545 523 1598 ἀνδρείας;
549 1546 622 1588 πῶς
639 1538 697 1583 οῧν
718 1547 884 1594 ὑπομενεῖ
903 1545 947 1583 τὰ
975 1543 1126 1597 φοὸερά,
1149 1544 1210 1583 καὶ
1234 1545 1313 1598 περὶ

265 1608 326 1652 τῆς
350 1608 439 1652 ζωῆς
458 1603 669 1643 κινδυνεύσει
690 1607 749 1642 τοῦ
772 1605 882 1641 καλοῦ
922 1602 1045 1650 ἕνεκα;
1080 1602 1139 1641 καὶ
1160 1602 1227 1656 γὰρ
1251 1601 1312 1642 καὶ

268 1665 375 1703 εἰπεῖν
394 1663 524 1702 ἄτοπον
540 1675 549 1684 ·
574 1662 665 1700 ἀλλὰ
689 1661 751 1706 τὰς
778 1661 1014 1714 ἐλευθερίους,
1037 1660 1103 1700 τίνι
1127 1655 1185 1700 οὖν
1206 1661 1266 1701 καὶ
1279 1662 1313 1699 τί

266 1723 392 1771 δώσει,
417 1722 546 1761 ἄτοπον
570 1721 605 1760 δὲ
626 1722 654 1759 εἷ
686 1721 747 1760 καὶ
779 1720 877 1759 ἔσται
900 1721 993 1773 αὐτῷ
1025 1719 1204 1771 νόμισμα,
1231 1719 1254 1767 ἤ
1279 1736 1313 1758 τι

266 1786 437 1830 τοιοῦτον,
458 1774 498 1818 οῗ)
515 1779 674 1830 δεόμενος
699 1778 800 1822 αὐτὸς
823 1780 871 1822 εἷς
883 1778 940 1817 τὸν
965 1778 1060 1831 βίον,
1084 1778 1204 1817 ἔπειτα
1216 1778 1312 1831 ἄλλῳ

267 1840 426 1886 δίδωσιν,
446 1840 547 1877 ἕνεκα
584 1842 643 1877 τοῦ
684 1839 833 1890 ἀγαθοῦ·
855 1837 1004 1891 σώφρων
1038 1836 1072 1875 δὲ
1095 1839 1168 1881 πῶς
1195 1836 1236 1876 ἂν
1257 1836 1310 1884 εἴη

266 1898 401 1951 φαύλας
421 1900 481 1936 οὐκ
498 1897 588 1950 ἔχων
613 1896 820 1946 ἐπιθὺμίας;
840 1902 953 1934 πᾶσαι
971 1895 1032 1946 μὲν
1053 1890 1110 1934 οὖν
1135 1897 1170 1933 αἱ
1197 1900 1310 1935 τοιαῦ-

267 1967 322 1989 ται
337 1950 476 2003 πράξεις
495 1950 617 2003 μικραὶ
644 1950 704 1988 καὶ
721 1948 858 1993 ἀνάξιαι
874 1952 967 1988 θεοῦ·
987 1948 1062 1987 ἐπεὶ
1073 1948 1109 1986 δὲ
1128 1950 1211 1995 ζῆνο
1229 1948 1313 1986 πάν-

266 2025 320 2053 τες
341 2009 572 2061 ὑπειλήφασιν
595 2007 719 2055 αὐτόν,
744 2007 878 2059 ἀνάγκη
907 2007 967 2045 καὶ
995 2008 1163 2060 ἐνεργεῖν·
1185 2008 1224 2045 οὗ
1243 2006 1310 2058 γὰρ

267 2069 319 2107 δεῖ
336 2067 517 2107 καθεύδειν
539 2066 754 2119 ἐξηργηκότα
770 2097 780 2117 ,
805 2066 964 2118 καθάπερ
985 2065 1043 2103 τὸν
1069 2065 1309 2117 Ἐνδυμίωνα·

266 2127 339 2165 ἐπεὶ
357 2126 392 2164 δὲ
414 2128 560 2178 ἐνεργῶν
583 2124 660 2165 οὔτε
681 2125 849 2178 πράττει,
871 2124 986 2168 καθὼς
1008 2117 1197 2171 δέδεικται,
1234 2124 1313 2163 οὔτε

266 2185 386 2237 πολλῷ
419 2185 553 2235 μᾶλλον
577 2189 689 2222 ποιεῖ·
711 2185 749 2221 οὐ
774 2183 841 2236 γὰρ
862 2186 1017 2235 συνεχῶς
1037 2182 1116 2235 περὶ
1136 2183 1311 2222 ἀποτελέ-

268 2243 387 2294 σματά
403 2259 480 2282 τινα
500 2242 685 2296 διατρίὸειν
716 2242 855 2295 εὔλογον
880 2241 982 2281 αὐτὸν
1017 2242 1108 2281 κατὰ
1141 2242 1217 2287 τοὺς
1247 2243 1310 2290 δη-

267 2302 486 2356 μιουργικοὺς
502 2305 570 2341 τῶν
595 2304 778 2355 τεχνιτῶν·
801 2301 835 2340 τί
854 2301 1014 2346 λείπεται
1034 2301 1126 2349 πλὴν
1146 2305 1307 2354 θεωρεῖν;

268 2364 290 2408 ἡ
312 2362 380 2414 ἄρα
396 2365 455 2400 τοῦ
473 2365 549 2400 θεοῦ
572 2361 726 2413 ἐνέργεια
747 2361 983 2414 μακαριότητι
1003 2359 1214 2412 διαφέρουσα
1229 2364 1310 2398 θεω-

271 2420 395 2473 ρητικὴ
433 2419 474 2459 ἂν
505 2420 574 2467 εἴη.
598 2420 663 2460 Ἔν
699 2420 768 2473 ἄρα
803 2421 853 2472 τῷ
889 2421 1090 2472 θεωρητικῷ
1119 2419 1184 2472 βίῳ
1213 2435 1311 2458 συνε-

268 2479 391 2518 στάναι
412 2485 510 2517 πᾶσα
533 2478 668 2532 ἀνάγκη
688 2478 750 2526 τὴν
771 2477 907 2517 τελείαν
921 2493 930 2502 ·
959 2478 1217 2530 συγγενεστάτη
1247 2478 1314 2532 γάρ

270 2540 343 2576 ἐστι
365 2541 408 2590 τῇ
429 2541 488 2578 τοῦ
511 2541 587 2578 θεοῦ
605 2538 774 2590 ἐνεργείᾳ.

323 2596 364 2619 **
373 2597 546 2635 Φαίνεται
567 2597 602 2635 δὲ
616 2600 716 2636 τοῦτο
729 2596 790 2635 καὶ
806 2596 875 2636 ἀπὸ
895 2601 956 2636 τοῦ
970 2598 1078 2648 μηδὲν
1091 2598 1161 2635 τῷν
1178 2596 1313 2649 ἀλόγων

272 2657 490 2706 εὐδαιμονίας
509 2657 666 2709 μετέχειν
679 2689 688 2706 ,
710 2659 772 2704 τῆς
799 2660 1011 2709 θεωρητικῆς
1027 2657 1197 2711 ἐνεργείας
1220 2658 1314 2696 ἐστε-

274 2715 407 2767 ρημένα
423 2715 573 2758 τελείως.
597 2717 660 2768 Τῷ
679 2715 741 2765 μὲν
756 2715 822 2766 γὰρ
842 2718 908 2768 θεῷ
929 2719 1025 2760 πᾶςὸ
1042 2717 1114 2769 βίος
1130 2715 1313 2768 μακάριος,

271 2779 341 2818 τοῖς
357 2774 386 2812 δ’
406 2773 596 2826 ἀνθρώποις
617 2775 667 2826 ἐφ’
683 2774 762 2812 ὅσον
783 2774 872 2812 ἔοικε
900 2775 960 2812 καὶ
991 2775 1106 2813 εἰκόνα
1131 2775 1227 2829 φέρει
1251 2778 1312 2822 τῆς

276 2837 335 2873 τοῦ
345 2836 425 2872 θεοῦ
443 2833 631 2885 ἐνεργείας·
647 2835 714 2872 τῶν
728 2835 757 2871 δ’
771 2833 886 2872 ἄλλων
902 2834 1000 2887 ζῴων
1011 2834 1109 2874 οὐδὲν
1128 2834 1315 2887 μακάριον,

275 2892 349 2930 ἐπεὶ
365 2893 518 2942 οὐδαμοῦ
540 2894 698 2930 κοινωνεῖ
730 2892 885 2945 θεωρίας.
910 2890 1009 2933 εΌσα
1027 2893 1140 2931 τοίνυν
1173 2891 1317 2945 θεωρίας

274 2949 334 2987 καὶ
349 2952 410 2996 τ’ῆς
429 2948 650 3000 εὐδαιμονίας
667 2950 828 3002 μετέχει,
846 2951 906 2989 καὶ
921 2951 943 2989 ἃ
960 2952 1090 3002 μᾶλλον
1106 2954 1241 3004 θεωρεῖ,
1258 2950 1318 2989 καὶ

282 3010 415 3059 μᾶλλον
433 3008 642 3058 εὐδαιμονεῖ,
657 3008 717 3045 καὶ
735 3009 823 3052 ὅλως
846 3010 898 3061 ἐφ’
914 3010 993 3048 ὅσον
1013 3015 1029 3038 d
1051 3013 1071 3056 ἡ
1090 3009 1215 3062 θεωρία
1227 3039 1238 3060 ,
1258 3008 1319 3047 καὶΙ

276 3066 518 3118 ἡεύδαιμονία
551 3065 729 3114 διατείνει,
757 3068 796 3104 οὖ
825 3067 916 3105 κατὰ
948 3068 1192 3119 συμὸεὸηκός,
1227 3067 1319 3107 ἀλλὰ

277 3128 355 3166 κατ’
380 3126 488 3174 αὐτὴν
513 3125 626 3173 δήπου
647 3125 709 3172 τὴν
732 3125 894 3177 θεωρίαν·
928 3126 1017 3174 αὕτη
1048 3127 1116 3180 γὰρ
1151 3126 1253 3178 τιμία
1273 3128 1316 3165 δι’

278 3186 403 3233 ἑαυτὴν
430 3188 453 3232 ἡ
472 3185 613 3239 θεωρία.
647 3182 759 3223 ‘'ssor'
779 3182 832 3231 εἴη
847 3192 860 3208 ⁴²
874 3184 947 3232 ἂνῆ
963 3186 1167 3236 εὐδαιμονία
1192 3185 1319 3239 θεωρία

278 3262 347 3293 τις,
361 3247 383 3292 ἡ
401 3244 527 3297 ἀρίστη
549 3243 591 3291 δὴ
612 3243 671 3283 καὶ
690 3243 911 3290 τελειοτάτηῗ
924 3273 932 3281 .

1103 144 1383 186 ANDRONICI
1412 145 1590 186 RHODlI

1370 238 1479 271 chrior
1505 238 1676 271 :actiones
1702 237 1789 270 enim
1807 237 1837 271 ei
1865 237 2093 272 convenienter
2119 242 2279 283 susceptae
2305 249 2410 284 quum
2444 268 2449 272 ,

1370 306 1494 339 magnae
1523 297 1589 330 sint
1606 299 1639 329 et
1655 298 1842 339 praeclarae,
1860 297 2012 339 pluribus
2033 298 2132 333 etiam
2149 299 2243 333 bonis
2266 300 2412 334 externis

1370 357 1522 399 egebunt.
1547 358 1669 389 Rerum
1703 358 1814 389 autem
1833 356 2081 399 contemplatori
2098 358 2147 391 ad
2175 360 2320 393 muneris
2339 358 2412 392 fun-

1371 415 1510 448 ctionem
1523 414 1622 447 nullis
1644 414 1766 447 talibus
1784 423 1867 457 opus
1881 417 1931 448 est
1948 427 1957 447 z
1980 415 2081 447 immo
2105 425 2180 449 vero
2205 427 2243 451 ea
2264 419 2411 451 contem-

1370 473 1507 514 plationi
1523 482 1634 505 rerum
1655 473 1759 515 (paene
1783 473 1902 516 dicam)
1930 474 2162 516 impedimento
2186 478 2271 510 sunt.
2294 475 2411 519 Egebit

1370 535 1481 566 autem
1500 542 1564 565 non
1581 535 1620 565 ut
1631 542 1741 566 rerum
1757 533 2004 575 contemplator,
2019 533 2076 566 sed
2086 536 2123 567 ut
2140 537 2240 574 actor,
2255 535 2412 579 quoniam

1371 594 1409 624 ut
1420 592 1518 625 homo
1528 594 1561 625 et
1575 601 1651 625 cum
1666 593 1857 626 hominibus
1869 593 1948 626 vitae
1957 594 2189 628 consuetudine
2207 594 2408 637 conjunctus,

1372 651 1506 684 consilia
1533 651 1651 684 activae
1686 651 1805 684 virtuti
1838 654 2053 686 consentanea
2085 652 2234 695 capessit,
2258 655 2298 686 ut
2324 651 2412 696 almd

1371 710 1547 745 familiares
1560 721 1597 745 ea
1611 720 1685 753 quae
1704 711 1834 745 homine
1847 712 1944 755 digna
1957 713 2034 745 sunt
2047 714 2226 747 conservet.

1821 949 1911 982 GAP.
1937 949 1974 980 X.

1370 1049 1514 1077 Praeterea
1527 1049 1564 1077 de
1583 1049 1645 1077 vita
1661 1049 1911 1084 contemplativa,
1926 1053 1957 1076 et
1971 1048 2132 1086 perfectam
2146 1047 2179 1075 in
2201 1054 2234 1075 ea
2256 1045 2415 1075 beatitudi⁴

1813 1108 1883 1128 nem
1897 1108 1974 1128 esse.

1413 1201 1478 1234 Sed
1494 1202 1527 1233 et
1546 1200 1636 1232 illinc
1657 1201 1802 1241 apparet,
1826 1199 1861 1231 in
1879 1198 1947 1232 vita
1974 1197 2227 1240 contemplativa
2238 1196 2416 1240 perfectam

1371 1259 1442 1283 esse
1471 1249 1722 1282 beatitudinem.
1755 1247 1994 1290 Contemplatio
2015 1248 2103 1280 enim
2126 1247 2226 1280 solius
2250 1246 2306 1280 dei
2333 1255 2417 1290 opus

1371 1302 1432 1339 est,
1458 1299 1515 1341 qui
1547 1308 1624 1331 vere
1648 1296 1728 1330 felix
1754 1300 1803 1330 est
1836 1299 1868 1330 et
1895 1297 2023 1330 beatus.
2054 1299 2137 1335 Quae
2168 1297 2255 1330 enim
2281 1296 2355 1330 alioe
2379 1306 2417 1329 a-

1371 1350 1495 1381 ctiones
1521 1348 1551 1380 ei
1579 1347 1682 1380 tribui
1712 1346 1857 1379 debent?
1881 1347 2043 1388 justaene?
2062 1345 2209 1389 profecto
2241 1345 2417 1380 ridiculum

1371 1399 1444 1438 erit,
1483 1398 1511 1430 si
1545 1407 1621 1430 eum
1659 1397 1824 1439 pactiones
1869 1395 1975 1429 facere
2018 1398 2052 1429 et
2093 1396 2241 1439 deposita
2279 1391 2417 1430 reddere

1371 1448 1529 1486 dicamus,
1563 1448 1596 1480 et
1633 1448 1750 1479 caetera
1777 1446 1811 1479 id
1849 1456 1951 1488 genus
1979 1460 1988 1479 :
2021 1455 2064 1478 an
2100 1445 2224 1480 fortes?
2253 1445 2418 1490 quomodo

1371 1507 1447 1539 ergo
1478 1506 1531 1529 res
1559 1496 1759 1538 periculosas
1792 1496 1916 1529 subibit
1942 1499 1976 1530 et
2008 1496 2050 1529 de
2077 1496 2146 1530 vita
2180 1495 2419 1539 periclitabitur
2470 1496 2508 1540 ιζ

1371 1546 1554 1580 honestatis
1571 1547 1692 1578 causa?
1705 1546 1766 1578 hoc
1780 1546 1867 1578 enim
1889 1546 1989 1579 etiam
2004 1545 2124 1585 dicere,
2142 1545 2325 1579 absurdum
2346 1547 2417 1578 est:

1371 1607 1413 1630 an
1428 1596 1605 1629 liberales?
1622 1595 1675 1627 cui
1698 1605 1773 1637 ergo
1801 1597 1835 1627 et
1852 1595 1934 1637 quid
1962 1595 2076 1628 dabit?
2101 1595 2284 1629 absurdum
2308 1596 2419 1628 autem

1371 1647 1445 1687 erit⁷
1467 1648 1492 1679 si
1517 1654 1673 1678 nummus
1699 1645 1728 1677 ei
1743 1645 1797 1685 sit,
1821 1647 1880 1677 aut
1902 1645 2027 1687 aliquid
2049 1645 2133 1686 tale,
2156 1645 2248 1688 quod
2269 1647 2308 1678 ut
2329 1645 2420 1678 vivat

1371 1701 1506 1744 quidem
1538 1700 1607 1741 ipse
1647 1698 1814 1740 requirat,
1853 1698 1911 1731 sed
1946 1700 2058 1740 postea
2096 1701 2207 1733 tamen
2239 1698 2420 1732 honestatis

1372 1759 1470 1783 causa
1495 1748 1568 1781 aliis
1590 1747 1700 1779 tradat
1734 1759 1740 1778 ε
1757 1748 1825 1788 Jam
1853 1757 1933 1779 vero
1961 1750 2147 1791 temperans
2163 1747 2331 1791 quomodo
2343 1748 2418 1787 erit,

1371 1808 1474 1842 quum
1501 1797 1628 1829 vitiosis
1653 1796 1890 1838 cupiditatibus
1915 1798 2046 1830 careat?
2077 1807 2191 1830 omnes
2212 1796 2314 1839 igitur
2335 1798 2420 1840 ejus-

1371 1848 1461 1881 modi
1488 1847 1632 1879 actiones
1651 1847 1779 1888 exiguae
1804 1846 1932 1889 deoque
1956 1847 2098 1889 indignae
2129 1849 2233 1880 sunt:
2265 1846 2420 1890 quoniam

1373 1907 1455 1930 vero
1473 1906 1586 1929 omncs
1613 1897 1707 1929 illum
1732 1896 1844 1928 vivere
1872 1896 2073 1936 existimant,
2106 1906 2239 1931 necesse
2265 1899 2315 1931 est
2344 1907 2421 1930 eum
2469 1923 2471 1928 ,
2496 1927 2498 1930 .

1372 1949 1471 1981 etiam
1502 1956 1636 1979 munere
1663 1947 1774 1988 aliquo
1798 1944 1915 1986 fungi:
1946 1955 2054 1989 neque
2072 1947 2159 1979 enim
2184 1948 2313 1989 oportet
2335 1947 2421 1979 otio-

1373 2006 1457 2035 sum,
1485 1995 1701 2036 Endymionis
1730 1995 1833 2028 instar
1853 1995 1995 2028 dormire
2019 2008 2027 2027 :
2053 2005 2157 2038 quum
2186 2004 2266 2029 vero
2290 1996 2326 2029 in
2357 1995 2419 2028 hac

1372 2046 1541 2079 functione
1566 2054 1672 2086 neque
1697 2047 1782 2086 agat,
1812 2045 2091 2085 quemadmodum
2113 2045 2417 2087 demonstravimus,

1375 2105 1480 2137 neque
1504 2095 1611 2127 multo
1628 2095 1732 2136 magiS
1757 2094 1856 2127 faciat
1885 2106 1893 2126 z
1917 2104 2024 2138 neque
2046 2095 2134 2128 enim
2164 2091 2322 2138 perpetuo
2343 2104 2432 2129 eum·

1375 2146 1408 2177 in
1436 2144 1643 2187 perficiendis
1672 2145 1824 2186 operibus
1844 2144 2044 2187 quibusdam
2068 2144 2231 2177 artificum
2251 2143 2420 2187 operario-

1376 2204 1449 2228 rum
1476 2195 1627 2236 exemplo
1658 2194 1783 2227 versari
1802 2194 1981 2227 verisimile
2003 2196 2077 2227 est:
2097 2194 2179 2237 quid
2202 2196 2323 2236 praeter
2343 2203 2422 2226 oon-

1375 2243 1621 2286 templationem
1644 2243 1866 2285 relinquitur?
1895 2246 2004 2282 Quare
2035 2243 2090 2276 dei
2125 2244 2271 2278 muneris
2299 2238 2422 2276 functio

1374 2304 1477 2336 quum
1508 2293 1710 2327 beatitudine
1733 2295 1885 2334 excellat,
1902 2295 1936 2327 in
1949 2294 2222 2336 contemplatione
2246 2293 2422 2330 consistere

1377 2353 1450 2376 eam
1477 2345 1621 2385 apparet.
1660 2345 1697 2375 In
1732 2343 1986 2389 contemplativa
2027 2353 2103 2385 ergo
2140 2343 2209 2377 vita
2243 2341 2422 2386 perfectam

1377 2405 1450 2429 eam
1480 2404 1550 2428 esse
1588 2396 1720 2428 omnino
1746 2406 1877 2429 necesse
1901 2398 1952 2429 est
1973 2409 1981 2429 :
2013 2405 2090 2428 nam
2117 2395 2236 2429 divinae
2262 2394 2422 2428 functioni

1380 2460 1480 2493 quam
1496 2453 1640 2486 maxime
1670 2452 1804 2493 cognata
1824 2450 1882 2482 est.
2095 2453 2099 2457 ·

1427 2513 1520 2544 Patet
1547 2513 1610 2544 hoc
1631 2520 1710 2543 vero
1747 2509 1848 2541 etiam
1875 2517 1916 2540 ex
1948 2515 2005 2544 cO,
2031 2505 2120 2547 quod
2148 2505 2276 2538 nullum
2301 2505 2423 2538 animal

1385 2553 1509 2586 ratione
1541 2561 1654 2586 carens
1684 2549 1898 2584 beatitudinis
1928 2549 2089 2595 particeps
2109 2549 2170 2587 est,
2196 2547 2317 2596 quippe
2345 2555 2421 2589 quae

1387 2595 1641 2638 contemplativa
1674 2593 1730 2625 illa
1754 2591 1919 2624 functione
1951 2591 2082 2630 pennus
2101 2588 2230 2630 privata
2259 2590 2422 2621 sint.Deo

1387 2637 1473 2669 enim
1490 2636 1595 2669 omnis
1622 2635 1690 2667 vita
1711 2634 1805 2666 beata
1829 2634 1896 2666 cst.
1921 2629 2106 2662 hominibus
2127 2632 2239 2662 autem
2258 2631 2422 2672 quatenus

1386 2678 1434 2710 illi
1460 2678 1576 2710 similis
1604 2680 1654 2709 est
1676 2678 1708 2709 et
1734 2675 1852 2707 divinae
1869 2673 1957 2705 illius
1981 2670 2155 2703 functionis
2179 2671 2322 2713 aliquam
2341 2671 2421 2703 ima-

1386 2720 1492 2760 ginem
1523 2719 1648 2752 habet:
1677 2717 1877 2758 reliquorum
1902 2723 1980 2746 vero
2007 2712 2195 2745 animalium
2223 2711 2351 2760 nul-lum
2371 2713 2421 2744 est

1386 2761 1541 2800 beatum,
1568 2759 1722 2802 quoniam
1750 2757 1839 2790 nulla
1867 2758 1917 2790 est
1946 2755 1994 2788 eis
2022 2756 2148 2786 contem
2173 2753 2303 2802 latinius
2330 2762 2419 2800 com-

1384 2802 1539 2834 munitas.
1563 2804 1775 2843 Quaecunque
1805 2799 1906 2839 igitur
1933 2797 1965 2830 in
1995 2797 2145 2837 contemp
2158 2797 2303 2842 momen
2321 2795 2421 2827 etlam

1384 2843 1417 2876 in
1447 2843 1660 2876 beatitudinis
1699 2844 1828 2884 partem
1860 2839 2006 2878 veniunt,
2046 2839 2079 2870 et
2105 2845 2182 2878 quae
2218 2844 2322 2877 magis
2343 2844 2418 2883 con-

1385 2885 1595 2926 templantur,
1626 2884 1724 2916 etiam
1755 2883 1878 2924 majore
1912 2880 2067 2913 felicitate
2102 2879 2251 2916 utuntur,
2281 2876 2421 2924 demque

1384 2936 1484 2968 quam
1503 2926 1568 2958 late
1587 2924 1829 2966 contemplatio,
1865 2925 1934 2955 tam
1955 2922 2020 2954 late
2049 2929 2179 2962 quoque
2200 2920 2292 2961 patet
2315 2918 2418 2951 beati-

1386 2967 1478 3006 tudo,
1505 2977 1569 3000 non
1599 2976 1656 3008 per
1682 2966 1843 3006 accidens,
1873 2964 1930 2997 sed
1953 2973 1994 2996 ex
2011 2962 2081 3004 ipsa
2113 2959 2260 3003 profecto
2280 2961 2421 2992 contem-

1383 3008 1525 3050 platione
1543 3021 1551 3040 :
1567 3009 1639 3041 haec
1658 3007 1743 3041 enim
1769 3016 1828 3049 per
1847 3015 1881 3039 se
1896 3006 2018 3038 honore
2034 3004 2130 3044 digna
2153 3003 2203 3035 est
2219 3000 2418 3049 contempla·
2470 3032 2474 3035 ,

1383 3050 1440 3082 tio.
1459 3051 1575 3092 Itaque
1597 3048 1766 3082 beatitudo
1791 3049 1853 3081 erit
1868 3045 2099 3088 contemplatio
2115 3042 2279 3091 quaedam,
2295 3043 2420 3089 optuna
2472 3083 2473 3086 Ἰ

1384 3100 1460 3123 sane
1494 3094 1528 3124 et
1555 3089 1805 3133 perfectissima.
1841 3090 1923 3129 Eget
1948 3090 2059 3120 tamen
2086 3087 2119 3117 et
2147 3085 2242 3116 homs
2277 3086 2424 3130 externis

1384 3132 1633 3174 contemplatio,
1670 3133 1709 3163 ut
1736 3128 2002 3178 contemplatoris
2031 3129 2064 3160 et
2101 3133 2218 3166 corpus
2245 3127 2420 3156 consistere

1382 3174 1486 3215 possit
1501 3177 1534 3206 et
1550 3174 1672 3205 sanitas
1689 3184 1696 3203 τ
1713 3181 1817 3212 neque
1829 3180 1916 3203 enlm
1932 3168 2106 3202 verisimile
2124 3169 2186 3214 θεῖ,
2203 3166 2301 3214 homo
2315 3174 2419 3212 quum

1384 3215 1437 3253 sit,
1452 3216 1481 3247 ei
1504 3215 1627 3247 talibus
1648 3222 1712 3246 non
1734 3222 1804 3245 esse
1832 3220 1925 3254 opus,
1944 3219 2010 3243 non
2024 3209 2111 3243 enim
2136 3216 2205 3240 suls
2225 3206 2319 3240 bonis
2339 3208 2420 3239 saus
2470 3240 2472 3242 ,

1381 3256 1542 3288 instructa
1567 3255 1609 3288 ad
1628 3254 1706 3287 talia
1720 3256 1770 3287 est
1788 3255 1921 3286 natura.

320 3368 336 3386 *
358 3368 399 3401 ‘H
415 3369 449 3401 δὲ
462 3368 568 3400 τελεία
589 3364 797 3409 εὐδαιμονία,
815 3367 883 3399 κτλ.
897 3383 937 3391 -
954 3365 989 3385 *¹*
1007 3368 1144 3409 Σημεῖον
1160 3367 1195 3399 δὲ
1212 3368 1266 3400 καὶ
1284 3368 1321 3400 τὸ
1343 3368 1385 3409 μὴ
1402 3368 1548 3410 μετέχειν
1568 3369 1637 3399 κτλ.
