2508 3776
253 169 332 210 476

252 257 354 308 λόγου
375 254 435 295 καὶ
452 252 658 298 ἀποδείξεως
678 251 910 304 γινώσκεται,
933 252 1057 306 ὥσπερ
1074 254 1151 293 οὐδὲ
1175 256 1210 293 αἱ
1233 256 1290 307 ἀρ·

252 315 316 368 χαὶ
350 316 417 352 τῶν
457 311 674 363 μαθημάτων
715 311 886 356 ἀποδείξει
922 311 1165 364 γινώσκονται·
1204 313 1295 353 ἀλλὰ

252 373 358 426 ἀρετή
388 371 436 415 τίς
464 374 536 411 ἐστι
564 370 721 423 φυσική,
755 370 778 417 ἢ
808 370 951 421 ἐθιστή,
991 370 1030 410 τὸ
1059 371 1162 422 ὀρθὴν
1195 372 1295 418 δόξαν

250 434 344 485 ἔχειν
365 431 443 483 περὶ
467 434 528 470 τοῦ
555 429 686 474 τέλους.
712 429 763 468 Ἢ
790 428 857 481 γὰρ
875 430 997 482 φύσει,
1027 430 1050 478 ἢ
1071 432 1141 471 ἀπὸ
1161 433 1292 483 ἀγαθοῦ

252 492 348 536 ἔθους
366 494 389 538 ἡ
408 488 548 536 τοιαύτη
571 492 656 539 ἡμῖν
687 487 898 539 περιγίνεται
922 491 1063 540 γνῶσις.
1087 488 1132 528 Ὁ
1153 488 1215 540 μὲν
1234 482 1292 527 οῧν

249 548 346 593 εἰδὼς
364 549 403 588 τὸ
425 547 551 601 ἀγαθόν
569 580 578 598 ,
605 546 623 585 ὃ
641 549 692 586 δεῖ
717 550 890 585 ποιεῖσθαι
906 548 1005 592 τέλος
1028 551 1096 587 τῶν
1114 549 1288 601 πράξεων,

247 610 307 650 καὶ
323 607 484 662 πράττων
506 607 527 645 ἃ
549 607 633 660 πρὸς
649 605 734 646 αὐτὸ
756 605 867 659 φέρει,
885 606 1045 659 σώφρων·
1074 609 1092 645 6
1111 606 1147 645 δὲ
1164 607 1203 646 τὸ
1225 624 1288 646 κα·

246 669 306 707 κὸν
328 666 567 715 ὑποτιθέμενος
591 666 686 710 τέλος
717 665 776 704 καὶ
808 665 893 718 πρὸς
927 667 1038 705 ἐκεῖνο
1061 665 1197 704 τάττων
1230 665 1290 710 τὰς

246 725 369 775 ἡδονὰς
390 725 593 769 ἀκόλαστος.

298 785 318 806 *
334 784 402 829 Ὃς
427 784 461 822 δὲ
491 784 690 823 ὑποτίθεται
719 783 781 834 μὲν
813 783 940 835 ἀγαθὸν
966 783 1088 835 τέλος,
1121 783 1181 823 καὶ
1207 783 1293 835 πρὸς

247 847 347 882 τοῦτο
376 843 512 883 τάττειν
541 842 603 885 τὰς
634 844 755 880 ἑαυτοῦ
788 842 928 894 πράξεις
958 841 1066 881 οἴεται
1088 844 1183 892 δεῖν,
1218 841 1289 887 ἐξί-

246 919 370 942 σταται
389 902 425 940 δὲ
446 901 502 939 διὰ
518 902 626 946 πάθος
646 905 706 939 τοῦ
727 904 828 954 ὀρθοῦ
849 901 951 953 λόγου
964 931 973 949 ,
995 903 1060 954 οὐχ
1074 902 1167 941 ὥστε
1190 901 1288 951 νομί-

248 977 306 999 σαι
326 961 399 999 δέον
421 954 510 999 εἶναι
531 961 666 999 διώκειν
689 959 751 1005 τὰς
774 960 934 1004 τοιαύτας
955 961 1099 1009 ἡδονάς,
1124 961 1200 999 ἀλλ’
1221 959 1290 1000 ὥσ-

246 1035 283 1057 τε
309 1019 410 1069 μόνον
443 1018 522 1071 περὶ
548 1019 609 1062 τὰς
628 1017 771 1071 πράξεις
798 1018 1071 1071 ἐξαμαρτάνειν,
1103 1022 1121 1058 6
1140 1022 1290 1063 τοιοῦτος

246 1077 324 1116 οὔτε
346 1077 494 1132 σώφρων
516 1077 556 1117 ἂν
591 1077 643 1125 εἴη
657 1108 667 1128 ,
690 1077 767 1116 οὔτε
801 1077 1002 1123 ἀκόλαστος·
1031 1078 1121 1117 ἀλλὰ
1146 1083 1205 1117 τοῦ
1226 1078 1289 1128 μὲν

247 1137 421 1191 σώφρονος
445 1137 573 1191 χείρων
595 1136 651 1176 διὰ
673 1138 733 1181 τὰς
754 1136 918 1189 πράξεις,
948 1141 1009 1177 τοῦ
1031 1139 1066 1177 δὲ
1089 1139 1285 1176 ἀκολάστου

248 1195 413 1249 βελτίων,
435 1196 492 1235 διὰ
523 1196 580 1234 τὸν
614 1195 730 1247 λόγον.
769 1195 815 1234 Ὁ
838 1195 899 1244 μὲν
923 1196 990 1247 γὰρ
1021 1195 1070 1242 πὴ
1092 1197 1242 1248 φαῦλος,
1269 1198 1287 1234 ὁ

246 1254 282 1293 δὲ
300 1255 491 1299 ἀκόλαστος
511 1255 647 1298 ἁπλῶς.
678 1257 741 1306 Τῷ
764 1254 800 1293 δὲ
824 1256 968 1306 ἀκρατεῖ
985 1254 1087 1298 ἄλλος
1115 1253 1287 1303 ἐναντίος,

245 1316 263 1352 6
284 1314 472 1366 ἐγκρατής,
508 1313 543 1357 ὃς
569 1316 632 1353 οὐκ
662 1312 839 1358 ἐξίσταται
878 1318 938 1352 τοῦ
960 1315 1131 1364 λογισμοῦ
1166 1314 1223 1352 διὰ
1250 1314 1289 1353 τὸ

245 1372 363 1416 πάθος·
384 1372 458 1411 ὅθεν
487 1371 649 1425 φανερόν,
679 1370 731 1409 ὅτι
751 1375 772 1418 ἡ
801 1371 863 1421 μὲν
889 1372 1071 1425 ἐγκράτεια
1111 1373 1286 1412 σπουδαία

245 1430 309 1475 ἕξις
327 1431 418 1469 ἐστίν
433 1461 442 1478 ,
464 1434 486 1477 ἡ
505 1431 540 1468 δὲ
565 1430 718 1482 ἀκρασία
740 1430 869 1481 φαύλη.

300 1490 466 1541 (Scripsi
489 1505 499 1527 ι
521 1497 535 1513 ³
567 1487 849 1540 προσὸαλόντος]
886 1489 973 1528 cod.
1009 1488 1286 1539 προσὸάλοντος.

243 1570 297 1578 —
314 1548 331 1571 ὓ
347 1548 555 1600 ταχυτῆτα]
575 1548 626 1587 cf.
647 1547 861 1585 Herodiani
890 1547 1042 1596 ἐπιτομὴ
1062 1551 1124 1595 τῇς
1142 1550 1291 1587 καθολι-
1335 1577 1340 1581 -

244 1610 307 1654 κῇς
325 1606 521 1659 προσῳδίας
542 1620 631 1658 pag.
670 1607 736 1653 30,
761 1621 782 1643 2
805 1606 868 1645 ed.
892 1606 1091 1655 Schmidt;
1116 1608 1202 1647 cod.
1229 1623 1289 1645 τα-

243 1665 397 1718 χύτητα.
419 1670 498 1694 —c
517 1665 600 1704 ὅταν
623 1665 789 1717 σφοδραῖς
809 1665 1013 1717 περιπέσῃ]
1036 1667 1122 1705 cod.
1142 1665 1198 1703 ὅτε
1213 1665 1291 1718 σφό-

245 1724 340 1776 δραις
358 1723 545 1776 περιπέσῃ4
569 1745 623 1754 —
644 1747 659 1769 ,1
680 1722 771 1762 ἀλλά
798 1724 871 1773 πη]
905 1723 994 1763 cod.
1028 1724 1119 1762 ἀλλά
1144 1739 1210 1775 πῃ.
1238 1746 1291 1754 -

248 1786 264 1804 ⁰
277 1782 356 1821 καθ’
380 1783 484 1834 ὅσον]
507 1783 596 1823 cod.
616 1782 774 1821 καθόσον.
788 1780 866 1811 —f
882 1783 959 1820 καθ’
978 1781 1058 1820 ὅσον
1081 1781 1118 1820 δὲ
1138 1783 1175 1821 οὐ
1199 1782 1288 1819 πάν-

254 1847 317 1888 τη]
339 1842 426 1880 cod.
451 1840 596 1880 καθόσον
618 1840 654 1879 δὲ
668 1842 706 1879 οὗ
728 1840 857 1892 πάντῃ.
881 1861 934 1870 -
953 1850 967 1875 8
997 1834 1054 1879 οἶά
1079 1841 1167 1893 περ]
1201 1840 1288 1880 cod.

245 1893 383 1952 οἵαπερ.
406 1906 485 1930 ——11
521 1899 595 1952 πὴ]
618 1899 705 1938 cod.
724 1902 787 1951 πῇ.
812 1899 888 1950 -)

674 2013 764 2064 Κεφζ
802 2010 857 2051 ιδ’.

280 2130 333 2167 Τίς
352 2131 369 2161 ὁ
388 2130 459 2161 καθ’
481 2130 560 2162 αὑτὸ
578 2129 744 2171 ἐγκρατής,
761 2129 816 2160 καὶ
838 2128 884 2165 τίς
903 2129 920 2160 ὁ
936 2127 1023 2160 κατὰ
1041 2127 1256 2169 συμὸεῧηκός.

298 2227 337 2248 **
355 2227 531 2275 Ζητητέον
547 2226 582 2265 δὲ
613 2228 771 2275 κάκεῖνο,
793 2239 808 2254 ¹²
828 2226 913 2279 ὅπερ
929 2226 1092 2278 ἠπορήθη
1114 2225 1292 2278 πρότερον·

246 2287 391 2341 πότερον
410 2290 573 2339 ὁποιᾳοῦν
604 2285 803 2339 προαιρέσει
827 2285 987 2337 ἐμμένων
1005 2279 1100 2329 οὗτος
1121 2285 1293 2338 ἐγκρατής

246 2348 358 2394 ἐστιν,
377 2346 400 2392 ἢ
430 2350 448 2385 ὃ
471 2349 514 2398 τῇ
535 2347 645 2399 ὀρθῇ,
670 2345 730 2384 καὶ
756 2345 839 2397 περὶ
866 2348 926 2383 τοῦ
958 2348 1127 2396 ἀκρατοῦς
1148 2344 1289 2394 ὁμοίως.

246 2405 350 2446 Κατὰ
375 2404 600 2455 συμὸεὸηκὸς
622 2404 685 2455 μὲν
705 2398 762 2442 οὖν
785 2403 954 2456 ἐγκρατὴς
974 2406 1114 2455 λέγεται
1134 2405 1156 2441 ’ὁ
1177 2402 1291 2453 ἐμμέ-

247 2480 314 2502 νων
334 2467 496 2517 ὃποιαοῧν
525 2463 748 2516 προαιρέσει,
786 2465 863 2502 καθ’
887 2461 971 2501 αὑτὸ
1003 2462 1038 2500 δὲ
1059 2461 1251 2514 ἐγκρατής,
1273 2463 1292 2500 6

249 2522 406 2573 ἐμμένων
427 2525 470 2573 τῇ
494 2525 577 2575 ὀρθῇ
614 2521 814 2574 προαιρέσει
847 2521 907 2560 καὶ
941 2523 991 2573 τῷ
1020 2523 1143 2568 ἀληθεῖ
1181 2519 1289 2574 λόγῳ·

248 2580 307 2619 καὶ
324 2580 476 2632 ἀκρατὴς
497 2580 622 2631 ὁμοίως
642 2581 733 2619 κατὰ
756 2579 998 2630 συμὸεὸηκός,
1018 2582 1036 2618 ὃ
1061 2579 1110 2630 μὴ
1132 2579 1292 2630 ἐμμένων

249 2641 413 2691 ὁποιαοῦν
439 2637 517 2690 δόξῃ
532 2667 541 2685 ,
564 2640 639 2676 καθ’
664 2638 748 2677 αὓτὸ
769 2638 805 2677 δὲ
825 2641 843 2677 6
866 2638 914 2689 μὴ
934 2637 1092 2689 ἐμμένων
1123 2641 1166 2690 τῇ
1187 2639 1286 2690 ὀρθῇ.

252 2695 324 2735 Καὶ
343 2696 411 2748 γὰρ
428 2696 458 2734 εἴ
474 2713 523 2740 τις
543 2698 638 2743 ζητεῖ
659 2695 720 2734 καὶ
744 2695 890 2748 αἱρεῖταί
913 2712 945 2734 τι
964 2698 1026 2734 οὐκ
1046 2697 1128 2734 αὐτὸ
1149 2697 1191 2734 δι’
1208 2699 1291 2735 ἑαυ-

250 2753 306 2799 τό,
327 2753 416 2791 ἀλλὰ
433 2755 475 2792 δι’
505 2755 592 2793 ἄλλο
609 2786 618 2803 ,
638 2755 721 2793 αὐτὸ
747 2756 808 2806 μὲν
824 2756 915 2794 κατὰ
933 2756 1154 2806 συμὸεὸηκὸς
1170 2758 1266 2804 ζητεῖ
1281 2786 1291 2806 ,

251 2807 291 2851 οὗ
305 2811 341 2850 δὲ
358 2812 456 2850 ἕνεκα
473 2818 573 2852 τοῦτο
596 2815 712 2860 ζητεῖ,
738 2815 846 2852 ἐκεῖνο
865 2817 959 2862 ζητεῖ
978 2818 1058 2857 καθ’
1076 2816 1171 2855 αὑτό·
1191 2819 1210 2855 6
1226 2815 1294 2868 γὰρ

253 2872 309 2910 διὰ
331 2871 429 2916 δόξαν
462 2873 631 2924 χρήματα
662 2875 773 2919 ζητῶν
794 2874 885 2913 κατὰ
920 2875 1143 2925 συμὸεὸηκὸς
1165 2874 1227 2926 μὲν
1248 2874 1292 2912 τὰ

250 2928 422 2983 χρήματα
451 2931 568 2975 ζητεῖ,
596 2931 671 2968 καθ’
696 2932 780 2969 αὑτὸ
807 2932 841 2970 δὲ
869 2931 932 2979 τὴν
955 2934 1069 2979 δόξαν.
1094 2934 1165 2973 Τὸν
1189 2932 1292 2972 αὐτὸν

253 2988 295 3034 δὴ
316 2987 443 3041 τρόπον
463 2987 523 3026 καὶ
554 2987 612 3026 ἐπὶ
641 2987 769 3027 τούτων
801 2990 999 3040 συμὸαίνει·
1026 2994 1044 3029 ὃ
1065 2992 1127 3042 μὲν
1159 2991 1227 3044 γὰρ
1247 2994 1290 3043 τῇ

254 3048 367 3099 ἀγαθῇ
396 3045 476 3097 δόξῃ
493 3047 651 3097 ἐμμένων
669 3048 728 3086 καὶ
756 3051 799 3100 τῇ
820 3051 903 3101 ὀρθῇ
923 3050 1123 3102 προαιρέσει
1148 3050 1233 3089 αὐτὸ
1254 3049 1294 3088 τὸ

255 3104 382 3156 ἀγαθὸν
405 3104 577 3156 αἱρεῖται,
600 3104 684 3143 διότι
700 3107 839 3156 ἀγαθόν·
861 3108 950 3146 ὥστε
970 3109 1046 3147 καθ’
1068 3108 1150 3147 αὑτὸ
1169 3111 1294 3161 ἐγκρα-

254 3164 315 3211 τής
334 3165 442 3203 ἐστιν·
464 3168 482 3203 6
499 3163 534 3202 δὲ
557 3165 717 3215 ἐμμένων
749 3169 791 3216 τῇ
815 3165 862 3215 μὴ
897 3168 980 3220 ὀρθῇ
1002 3168 1202 3220 προαιρέσει
1234 3168 1294 3207 καὶ

254 3226 298 3275 τῇ
321 3225 441 3276 ψευδεῖ
469 3223 568 3276 δόξῃ,
598 3224 740 3274 ἐμμένει
764 3223 822 3262 διὰ
845 3224 884 3262 τὸ
913 3225 1062 3274 νομίζειν
1083 3225 1135 3264 δ’τι
1163 3226 1290 3278 ἀγαθόν

257 3284 349 3321 ἐστιν
366 3281 385 3321 δ
404 3283 564 3335 αἱρεῖται·
581 3281 711 3334 νομίζει
731 3281 766 3320 δὲ
782 3283 833 3320 ὅτι
850 3283 942 3320 ἐστὶν
957 3285 991 3321 ἐν
1010 3285 1105 3336 αὐτῷ
1122 3288 1180 3322 τοῦ
1203 3286 1289 3335 ἀγα-

1094 162 1374 207 ANDRONICI
1403 165 1580 207 RHODII

1354 260 1481 292 ratione
1499 261 1533 292 et
1554 258 1834 294 demonstratione
1852 263 2068 304 cognoscitur,
2091 263 2176 298 sicut
2192 274 2251 298 nec
2266 267 2397 302 mathe-
2440 266 2460 278 ³
2498 246 2500 251 ,

1354 313 1552 345 mancorum
1577 312 1736 355 principia
1758 313 2037 349 demonstratione
2054 321 2318 360 cognoscuntur:
2339 320 2399 355 sed

1354 365 1462 398 virtus
1481 364 1635 408 quaedam
1653 368 1711 398 aut
1736 367 1896 399 naturalis
1915 370 1973 400 aut
2005 378 2045 402 ex
2075 373 2313 406 consuetudine
2339 366 2400 407 adss·

1355 418 1437 452 scita
1453 421 1523 457 est,
1544 418 1585 451 de
1599 419 1662 452 fine
1680 422 1770 453 recte
1794 420 1925 454 sentire.
1954 423 2102 464 Namque
2124 427 2182 457 aut
2204 429 2324 460 natura
2341 429 2401 460 aut

1353 471 1438 504 bona
1458 470 1693 504 consuetudine
1709 471 1786 504 talis
1806 472 1946 514 cognitio
1962 474 2054 507 nobis
2074 476 2242 520 contingit.
2274 480 2400 517 Quam-

1353 525 1466 558 obrem
1482 525 1542 567 qui
1563 525 1704 565 bonum,
1724 525 1814 568 quod
1837 528 1994 568 tanquam
2013 528 2109 560 finem
2127 529 2293 564 actionum
2305 532 2400 565 nobis

1353 587 1532 622 proponere
1551 578 1709 612 debemus
1721 604 1728 618 ,
1743 582 1777 611 et
1796 580 1934 618 noverit,
1954 583 1987 613 et
2004 590 2080 623 quae
2096 591 2135 614 eo
2154 582 2304 623 tendunt,
2323 593 2400 627 ege·

1352 632 1412 670 rit,
1431 632 1459 664 is
1475 634 1659 674 temperans
1686 635 1824 665 vocatur
1843 645 1851 665 :
1870 634 1928 676 qui
1948 643 2026 667 vero
2047 644 2107 676 pro
2126 634 2189 668 fine
2209 636 2271 669 sihi
2284 645 2402 680 propo·

1353 686 1403 719 nit
1426 685 1550 718 malum
1563 711 1571 726 ,
1598 695 1703 729 eoque
1726 686 1913 729 voluptates
1941 697 2018 720 suas
2040 686 2162 728 refert,
2180 688 2401 732 intemperans

1355 739 1488 773 dicitur.

1395 803 1437 834 At
1456 801 1514 845 qui
1531 802 1651 835 bonum
1667 802 1765 835 finem
1779 801 1840 835 sibi
1858 801 2025 844 proponit,
2044 810 2150 844 eoque
2165 803 2311 838 actiones
2323 813 2401 838 suas

1352 860 1539 894 referendas
1558 863 1672 904 putat,
1696 864 1729 894 et
1753 864 1862 894 tamen
1889 861 2102 894 nihilominus
2129 871 2148 894 a
2166 864 2256 895 recta
2273 862 2399 896 ratione

1352 921 1598 964 perturbatione
1619 921 1763 964 quadam
1784 921 1998 958 abstrahitur,
2027 930 2091 953 non
2115 922 2153 954 ut
2170 923 2323 964 oportere
2339 921 2400 954 aii-

1353 990 1452 1022 quem
1472 980 1653 1013 consectari
1671 980 1862 1022 huJusmodi
1881 980 2070 1022 voluptates
2090 979 2268 1018 existimet,
2285 979 2343 1014 sed
2361 982 2399 1013 ut

1350 1039 1386 1073 in
1410 1039 1490 1082 ipsis
1507 1042 1636 1072 tantum
1659 1042 1772 1082 peccet
1791 1039 1995 1076 actionibus,
2030 1039 2108 1072 talis
2130 1047 2192 1072 neo
2213 1041 2400 1082 temperans

1351 1097 1415 1130 dici
1434 1107 1493 1130 nec
1510 1098 1732 1139 intemperans
1754 1097 1875 1139 poterit
1891 1110 1899 1129 ι
1923 1106 2040 1129 verum
2061 1099 2095 1130 et
2111 1099 2319 1140 temperante
2338 1099 2399 1132 de-

1352 1157 1453 1189 terior
1475 1158 1607 1198 propter
1632 1155 1792 1192 actiones,
1817 1157 1851 1187 et
1873 1154 2111 1196 intemperante
2133 1154 2250 1188 melior
2265 1158 2399 1199 propter

1351 1216 1512 1248 rationem
1528 1217 1589 1247 est.
1614 1214 1706 1246 Alter
1721 1213 1808 1247 enim
1833 1213 2053 1255 aliquatenus,
2076 1213 2299 1257 intemperans
2320 1223 2400 1248 vero

1352 1273 1545 1315 simpliciter
1561 1275 1611 1305 est
1636 1272 1755 1305 malus.
1777 1271 1993 1304 lucontinenti
2018 1273 2132 1305 autem
2156 1271 2242 1306 alius
2255 1273 2395 1316 opponi-

1351 1334 1417 1370 tur,
1439 1332 1611 1364 continens
1635 1330 1812 1369 nimirum,
1833 1330 1894 1372 qui
1911 1331 2003 1363 nulla
2023 1330 2271 1373 perturbatione
2287 1341 2307 1365 a
2319 1340 2400 1366 sana

1351 1389 1478 1422 ratione
1496 1389 1701 1422 abstrahitur
1724 1388 1837 1421 :unde
1862 1391 1971 1431 patet,
1992 1391 2026 1421 et
2042 1388 2223 1422 honestum'
2245 1389 2398 1425 habitum

1350 1448 1586 1481 continentiam
1598 1473 1606 1487 ,
1627 1450 1660 1480 et
1680 1447 1806 1480 malum
1824 1447 1977 1480 habitum
1991 1456 2063 1481 esse
2075 1447 2357 1482 incontinentiam.

1786 2002 1864 2045 Gap.
1888 2003 1972 2036 XIV.

1477 2107 1551 2143 Quis
1561 2107 1599 2136 sit
1617 2108 1778 2137 continens
1793 2114 1850 2145 per
1868 2115 1900 2137 se
1911 2111 1942 2138 et
1961 2109 2029 2146 quis
2042 2116 2096 2146 per
2113 2109 2264 2140 accidens.

1394 2218 1459 2252 Sed
1477 2221 1512 2252 et
1535 2218 1619 2251 illud
1649 2218 1867 2261 quaerendum
1892 2221 1942 2251 est
1967 2218 2009 2251 de
2025 2227 2093 2261 quo
2119 2219 2212 2262 prius
2229 2219 2399 2254 dubitavi-

1352 2288 1447 2317 mus,
1478 2280 1593 2311 utrum
1620 2278 1680 2320 qui
1706 2277 1741 2310 in
1771 2277 1922 2320 quolibet
1948 2278 2117 2321 proposito
2147 2282 2334 2321 permanet,
2355 2280 2400 2313 sit

1353 2337 1539 2375 continens,
1560 2346 1602 2369 an
1629 2336 1687 2379 qui
1706 2336 1740 2369 in
1759 2339 1850 2369 recto
1878 2339 2009 2369 tantum
2034 2337 2169 2370 consilio
2197 2340 2344 2380 perstat,
2364 2340 2400 2372 et

1330 2401 1340 2413 ·
1354 2396 1505 2430 similiter
1525 2395 1566 2429 de
1579 2395 1810 2428 incontinente.
1832 2397 1895 2428 Per
1917 2395 2070 2428 accidens
2090 2405 2167 2438 ergo
2183 2397 2353 2430 continens
2369 2397 2399 2430 is

1353 2456 1477 2490 dicitur
1492 2455 1550 2498 qui
1569 2455 1602 2488 in
1624 2455 1770 2497 quolibet
1793 2455 1961 2497 proposito
1977 2457 2148 2498 permanet
2162 2481 2170 2495 ,
2191 2464 2250 2497 per
2268 2463 2304 2488 se
2319 2463 2399 2488 vero

1351 2515 1409 2558 qui
1430 2515 1464 2547 in
1488 2517 1578 2547 recto
1605 2517 1735 2546 tantum
1752 2514 1886 2546 consilio
1901 2516 1935 2547 et
1965 2523 2042 2547 vera
2076 2514 2204 2547 ratione
2235 2515 2362 2556 perstat
2383 2524 2392 2546 x

1353 2575 1535 2616 eodemque
1549 2572 1647 2606 modo
1664 2573 1868 2605 incontinens
1886 2582 1946 2615 per
1963 2572 2114 2606 accidens
2126 2599 2133 2612 ,
2151 2573 2211 2616 qui
2226 2572 2262 2606 in
2280 2572 2400 2616 quavis

1354 2635 1504 2678 opinione
1523 2643 1588 2666 non
1612 2635 1822 2675 perseverat,
1844 2641 1902 2674 per
1919 2641 1955 2665 se
1980 2641 2060 2665 vero
2075 2633 2134 2675 qui
2160 2632 2196 2664 in
2212 2634 2303 2665 recta
2323 2641 2399 2666 sen-

1354 2695 1457 2730 tentia
1479 2704 1543 2727 non
1567 2696 1689 2726 manet.
1718 2694 1802 2725 Nam
1830 2692 1858 2724 si
1884 2691 1961 2734 quis
1984 2693 2191 2725 consectatur
2215 2693 2258 2738 et,
2273 2691 2399 2734 expetit.

1355 2753 1482 2797 aliquid
1506 2762 1570 2786 non
1587 2762 1644 2795 per
1662 2761 1697 2784 se
1714 2751 1843 2794 ipsum,
1869 2751 1929 2785 sed
1954 2750 2092 2784 alterius
2106 2759 2206 2784 causa
2217 2776 2225 2789 ,
2244 2750 2308 2783 hoc
2321 2749 2399 2793 qui-

1353 2815 1428 2848 dem
1446 2822 1502 2857 per
1521 2811 1688 2849 accidens,
1714 2810 1798 2843 illud
1816 2819 1893 2843 vero
1914 2810 2012 2852 cujus
2037 2809 2143 2852 gratia
2162 2809 2198 2843 id
2218 2809 2319 2852 petit,
2340 2817 2398 2852 per

1354 2883 1390 2907 se
1400 2873 1482 2916 petit
1501 2884 1507 2904 :
1524 2872 1581 2915 qui
1595 2871 1681 2905 enim
1695 2870 1808 2913 gloriae
1826 2878 1924 2902 causa
1942 2869 2114 2912 pecuniam
2126 2869 2260 2911 quaerit,
2273 2874 2331 2911 per
2345 2876 2398 2901 ao·

1355 2934 1467 2967 cidens
1481 2932 1616 2976 quidem
1638 2931 1812 2974 pecuniam
1824 2956 1831 2969 ,
1851 2938 1909 2972 per
1925 2939 1960 2963 se
1978 2932 2089 2963 autem
2112 2929 2249 2972 gloriam
2264 2928 2396 2971 quaerit.

1354 2993 1447 3027 Idem
1470 3002 1567 3036 porro
1582 2992 1616 3024 in
1640 2991 1694 3024 his
1723 2998 1856 3033 quoque
1884 2998 1947 3022 usu
1963 2989 2054 3022 venit
2077 3002 2085 3022 ι
2109 2988 2264 3022 nimirum
2282 2987 2342 3030 qui
2363 2988 2398 3021 in

1354 3053 1438 3086 bona
1459 3052 1608 3094 opinione
1623 3053 1656 3083 et
1674 3052 1765 3083 recto
1789 3048 1925 3082 consilio
1949 3050 2097 3090 perstat,
2120 3047 2228 3090 ipsum
2248 3046 2327 3089 quia
2341 3046 2397 3079 ho-

1354 3122 1434 3144 num
1453 3114 1519 3149 est,
1548 3110 1673 3152 expetit
1689 3109 1812 3142 bonum
1833 3118 1843 3141 :
1864 3107 2078 3150 quamobrem
2100 3115 2158 3148 per
2174 3115 2210 3139 se
2226 3107 2277 3139 est
2291 3105 2398 3138 conti-

1354 3180 1456 3204 nens:
1476 3170 1534 3212 qui
1553 3179 1632 3202 vero
1648 3170 1682 3201 in
1699 3167 1833 3201 consilio
1850 3175 1915 3199 non
1931 3169 2021 3198 recto
2040 3168 2073 3198 et
2088 3166 2122 3198 in
2142 3164 2227 3198 falsa
2247 3164 2398 3207 opinione

1353 3231 1558 3272 perseverat,
1583 3227 1705 3261 idcirco
1726 3226 1804 3269 quia
1819 3225 1942 3258 honum
1957 3225 2139 3258 arbitratur
2159 3233 2231 3257 esse
2256 3223 2291 3257 id
2306 3223 2399 3268 quod

1355 3288 1494 3331 expetit,
1512 3289 1719 3330 perseverat:
1741 3285 1776 3318 id
1788 3286 1898 3318 autem
1917 3283 2107 3322 arbitratur,
2126 3284 2205 3326 quia
2220 3285 2397 3317 obscurum

298 3401 313 3417 *
330 3402 468 3446 Σώφρων
490 3400 545 3442 μὲν
565 3399 620 3433 οὖν
635 3401 653 3432 ὁ
673 3391 830 3441 τοιοῦτος,
852 3402 922 3433 κτλ.
941 3418 982 3423 -
1001 3402 1035 3418 **
1056 3401 1134 3442 Cap.
1155 3404 1186 3433 9.
1204 3401 1342 3444 πότερον
1363 3401 1417 3436 οὗν
1435 3401 1593 3445 ἐγκρατής
1609 3400 1696 3433 ἐστιν
1713 3399 1782 3431 κτλ.
