2528 3788
1112 242 1447 283 FRAGMENTA.
2267 247 2347 289 215

181 327 317 383 ,Quae
343 326 460 368 ἴσασιν
475 358 486 377 ,
516 326 569 366 ὅτι
589 329 664 368 τοδὶ
693 329 755 381 μὲν
785 330 959 383 αἱρεῖσθαι
985 329 1098 382 χρῆν,
1115 330 1191 368 τοδὶ
1206 330 1243 369 δὲ

171 412 173 414 -
194 385 339 443 ,gastum
354 403 366 440 3
380 387 436 430 >EI
456 386 492 425 δὲ
528 386 637 438 μηδὲν
674 387 804 427 τούτων
844 392 977 439 γνοῖεν,
1012 388 1079 440 οὐχ
1111 386 1242 433 ἕξουσιν

42 452 45 461 '
177 445 338 501 η«ἱὸρμαῖν,
359 445 430 485 οὐδ’
450 445 573 500 ὄρεξιν·
594 445 685 486 οὕτω
705 448 734 485 δ’
757 446 828 486 οὐδ’
847 445 890 485 ἂν
909 448 982 499 ζῷα
998 438 1078 486 εἶεν.
1107 449 1242 487 Γελοῖοι

38 556 43 566 .
89 534 107 539 „
155 505 271 560 Η,γάρ
291 505 376 544 εἰσιν
391 534 403 556 ,
427 505 532 544 ὁπότε
552 505 685 558 λέγοιεν
697 537 707 555 ,
728 505 781 545 ὅτι
798 509 909 545 ταῦτα
927 505 990 557 μὲν
1012 508 1130 550 αὐτοῖς
1147 522 1244 558 συμ-

96 568 105 619 γ’
137 562 151 573 ”
179 564 373 617 Ιὃέόηιιεν,
389 567 428 604 οὐ
449 565 520 617 μὴν
534 565 633 606 ἴσασί
651 582 691 618 γε
706 567 780 610 πῶς
791 565 853 604 καὶ
872 563 950 619 τίνα
973 566 1112 618 τρόπον.
1133 561 1244 606 Οὗτοι

90 674 94 682 Ι
148 624 270 678 ··.γὰρ
303 625 378 666 οὐδ’
416 626 446 664 εἰ
498 624 673 679 ἅνθρωποι
704 623 921 677 πεφύκασιν,
954 625 1024 663 οὐδ’
1057 627 1087 663 εἷ
1121 627 1244 674 ζῶσιν,

179 715 182 720 .
202 682 319 739 ἔχοιεν
343 682 386 723 ἂν
406 685 528 724 εἰπεῖν·
555 685 677 723 οὐκοῦν
709 683 780 722 οὐδ’
805 684 835 722 εἰ
864 682 1004 735 λέγουσί
1019 699 1053 722 τι
1070 684 1127 722 καὶ
1156 686 1245 724 ἀπο-

197 743 391 799 φαίνονται.
446 742 542 797 Πρὸς
561 742 602 791 δὴ
624 742 705 785 τοὺς
720 743 894 786 τοιούτους
913 743 963 787 τίς
980 742 1020 781 ἂν
1043 743 1097 790 εἴη
1118 744 1241 796 λόγος;

183 802 379 855 ,θαυμάσαι
403 801 468 854 μέν
488 818 540 847 τις
567 802 632 852 ἄν,
661 803 692 840 εἰ
714 803 876 854 ἀγνοοῦσι
906 803 1053 855 πότερον
1088 804 1145 842 ἐπὶ
1181 808 1243 853 τῆς

176 896 179 901 .
197 863 263 914 γῆς
276 861 386 912 εἰσιν,
406 859 431 908 ἢ
446 863 481 900 ἐν
499 863 550 914 τῷ
570 860 719 914 οὗρανῷ·
737 861 859 914 ’πολλῷ
878 861 915 900 δὲ
936 862 1242 916 θαυμασιώτερον,

179 923 237 964 „sl
250 923 314 964 οὐκ
331 922 464 972 οἴδασι,
484 923 545 963 καὶ
565 925 677 962 ταῦτα
706 923 898 977 φάσκοντες
918 926 1122 978 φιλοσοφεῖν
1135 957 1146 976 ‚
1173 919 1242 978 ἷιρά

74 1010 78 1022 ;
171 981 302 1036 7,γετὰ
319 980 472 1035 τέτταρα
495 981 640 1021 πλείονᾶ
660 983 752 1021 ἐστιν
774 982 796 1030 ἢ
816 982 860 1022 τὰ
876 982 968 1036 τρία·
990 983 1051 1022 καὶ
1070 984 1111 1023 τὸ
1124 983 1161 1023 ἓν
1181 985 1241 1024 καὶ

102 1058 109 1063 ’
133 1069 135 1071 ·
175 1076 178 1081 .
196 1039 241 1090 τὰ
259 1040 346 1090 δύο,
361 1039 457 1082 πόσα
474 1041 583 1081 ἐστίν.
639 1041 740 1081 Οὐδὲ
760 1040 829 1095 γὰρ
852 1041 999 1087 ὁπόσους
1020 1044 1160 1096 ἔχουσιν
1181 1043 1242 1082 ἐπὶ

75 1090 80 1103 ¹
174 1141 177 1145 ,
195 1101 264 1141 νῶν
282 1102 411 1156 χειρῶν
433 1100 623 1145 δακτύλους
638 1094 736 1140 οὗτοί
754 1116 794 1153 γε
814 1100 982 1141 δύνανται
1007 1103 1140 1151 εἰπεῖν,
1163 1103 1241 1142 οὐδὲ

197 1159 343 1214 πότερον
363 1158 508 1204 ἕκαστος
540 1160 656 1198 αὐτῶν
685 1153 734 1204 εἷς
756 1161 849 1199 ἔστιν
861 1190 872 1209 ,
902 1159 925 1208 ἢ
945 1162 1101 1205 πλείους.
1123 1159 1243 1201 “stete

201 1218 284 1259 οὗδὲ
302 1217 457 1270 τοῦνομα
479 1218 520 1258 τὸ
539 1217 626 1258 ἴδιον
642 1217 770 1258 εἰδέναι
791 1218 833 1258 ἄν
845 1249 855 1267 ,
877 1225 891 1242 “
909 1221 988 1260 οὐδὲ
1003 1219 1066 1268 τὴν
1088 1222 1242 1274 πατρίδα

195 1276 331 1318 καὶτὸν
348 1277 587 1330 Ἀρίστιππον.
623 1280 761 1318 Οὗκοῦν
793 1278 871 1319 οὐδὲ
901 1279 998 1325 τίνας
1031 1282 1190 1334 φιλοῦσιν
1217 1279 1240 1328 ἢ

197 1340 375 1388 μισοῦσιν,
394 1337 583 1378 οὒδὲτίνων
603 1339 842 1388 ἐπιθυμοῦσιν·
862 1339 932 1378 οὔδ’
953 1342 983 1378 εἰ
1003 1340 1191 1392 γελάσαιεν
1213 1339 1236 1388 ἢ

198 1395 435 1452 δακρύσαιεν,
461 1395 595 1443 ἕξουσιν
627 1399 756 1446 εἰπεῖν,
784 1397 858 1437 οὐδ’
878 1397 931 1437 ὅτι
953 1397 992 1437 τὸ
1019 1398 1080 1449 μὲν
1101 1397 1156 1446 εἴη
1184 1414 1243 1451 γε-

199 1456 314 1504 λοῖον,
341 1455 383 1497 τὸ
401 1455 438 1495 δὲ
459 1455 629 1509 λυπηρόν.
651 1457 766 1504 Δῆλον
787 1450 845 1495 οὗν
867 1459 914 1502 ὡς
935 1456 1013 1495 οὐδὲ
1035 1457 1070 1495 τί
1089 1458 1164 1496 νυνὶ
1182 1458 1240 1496 λέ-

195 1529 301 1567 γομεν
323 1517 451 1568 ἡμεῖς,
474 1515 648 1555 συνίασιν.
673 1515 784 1555 Οὐδὲν
802 1510 860 1555 οῧν
881 1515 917 1555 οἵ
933 1532 973 1568 γε
989 1520 1142 1556 τοιοῦτοι
1160 1517 1240 1555 δια-

141 1609 144 1610 ⁷
175 1619 179 1622 ξ
199 1573 336 1628 φέροιεν
356 1573 400 1613 ἂν
419 1574 576 1626 ἐμπίδων
596 1574 619 1622 ἢ
640 1577 768 1626 μυιῶν,
782 1575 898 1614 καίτοι
915 1577 1062 1615 κάκεῖνα
1083 1576 1242 1629 γνωρίζει

196 1630 240 1671 τὰ
257 1631 349 1672 κατὰ
369 1632 486 1688 φύσιν.
512 1633 604 1686 Πρὸς
634 1634 676 1680 δὴ
707 1633 785 1678 τοὺς
804 1634 895 1673 οὕτω
925 1634 1186 1686 διακειμένους,
1209 1638 1239 1674 εἷ

48 1695 86 1748 ές·
135 1732 138 1734 ,
199 1691 261 1731 καὶ
279 1692 388 1746 μυρία
419 1690 534 1744 λέγειν
553 1691 688 1734 ἔνεστιν,
703 1723 714 1744 ,
745 1694 826 1732 ἀλλ’
846 1694 947 1746 ἀρκεῖ
966 1710 1006 1746 γε
1028 1694 1087 1733 καὶ
1109 1698 1236 1735 ταῧτα.

132 1796 133 1801 ¹
195 1750 352 1791 Ἕπεται
371 1751 507 1796 τούτοις
526 1745 608 1800 οῧν,
625 1748 851 1798 συνεξετάσαι
881 1753 941 1791 καὶ
959 1752 1038 1798 τοὺς
1060 1751 1122 1800 τὴν
1136 1754 1234 1792 ἔναν-

140 1848 143 1851 ,
194 1809 273 1849 τίαν
290 1810 512 1863 βαδίζοντας,
535 1810 595 1849 καὶ
611 1811 730 1850 πάντα
748 1813 879 1863 χρῆναι
892 1810 1070 1851 πιστεύειν
1082 1816 1159 1856 ταῖς
1177 1815 1236 1850 τοῦ

1308 330 1469 382 σώματος
1500 333 1702 381 αἰσθήσεσιν
1732 334 1982 387 ὁρισαμένους,
2011 328 2059 374 ὧν
2083 328 2174 374 εἶναι
2199 335 2345 385 Μητρό-

1309 392 1418 444 δωρον
1441 390 1499 429 τὸν
1522 393 1608 430 Χῖον
1624 392 1681 430 καὶ
1698 394 1937 447 Πρωταγόραν
1953 392 2010 433 τὸν
2030 393 2250 447 Ἆὸδηρίτην.
2271 396 2343 435 Τὸν

1307 449 1370 502 μὲν
1390 443 1448 489 οὗν
1474 450 1710 504 Μητρόδωρον
1741 453 1964 505 Δημοκρίτου
1983 452 2117 508 ἔφασαν
2142 452 2344 502 ἀκηκοέναι·

1304 509 1415 563 ἀρχὰς
1436 510 1471 549 δὲ
1491 510 1740 564 ἀποφήνασθαι
1759 511 1799 550 τὸ
1818 514 1948 565 πλῆρες
1966 513 2027 552 καὶ
2047 512 2087 552 τὸ
2103 513 2214 552 κενόν·
2224 507 2282 553 ’ὧν
2305 514 2345 554 τὸ

1311 569 1374 620 μὲν
1394 568 1431 608 ὄν
1447 599 1456 617 ,
1472 569 1512 607 τὸ
1533 569 1567 608 δὲ
1603 570 1652 621 μὴ
1683 569 1718 609 ὂν
1751 566 1854 612 εἶναι.
1879 573 2028 627 Γράφων
2044 573 2085 624 γέ
2099 589 2154 613 τοι
2175 573 2256 628 περὶ
2283 574 2346 627 φύ-

1305 644 1390 673 σεως
1425 628 1568 679 εἷσὸολῇ
1598 630 1773 682 ἐχρήσατο
1813 632 1971 684 τοιαύτῃ·
2005 633 2114 676 οὐδεὶς
2151 635 2252 684 ἡμῶν
2287 634 2344 672 οὖ-

1305 687 1360 725 δὲν
1395 680 1507 735 οἶδεν,
1533 688 1604 726 οὐδ’
1636 688 1719 727 αὐτὸ
1744 693 1845 729 τοῦτο
1873 691 2019 744 πότερον
2045 691 2208 741 οἴδαμεν,
2235 692 2258 739 ἢ
2281 694 2345 732 οὒκ

1304 745 1461 797 οἴδαμεν.
1539 745 1644 792 ''H-:tq
1691 748 1833 797 εἶσὸολὴ
1871 750 1982 794 κακὰς
2014 749 2142 789 ἔδωκεν
2181 752 2344 804 ἀφορμὰς

1303 807 1355 858 τῷ
1375 806 1464 857 μετὰ
1480 810 1591 845 ταῦτα
1616 807 1791 861 γενομένῳ
1812 809 1992 863 Πύῤῥωνι.
2055 809 2197 862 Προὸὰς
2217 811 2253 849 δέ
2276 826 2343 865 φη-

1305 880 1379 911 σιν,
1400 865 1453 903 ὅτι
1474 866 1590 905 πάντα
1609 866 1724 917 ἐστίν,
1750 866 1769 905 ὃ
1792 869 1832 908 ἄν
1851 884 1903 912 τις
1932 869 2069 916 νοήσαι.
2092 869 2164 907 Τὸν
2186 868 2223 907 δὲ
2250 871 2348 922 Πρω-

1303 923 1457 977 ταγόραν
1494 923 1595 976 λόγος
1629 924 1703 978 ἔχει
1732 927 1926 973 κεκλῆσθαι
1954 928 2068 967 ἄθεον.
2125 928 2276 981 Γράφων
2307 927 2349 980 γέ

1306 998 1359 1022 τοι
1389 983 1449 1022 καὶ
1476 983 1578 1025 αὐτὸς
1607 984 1686 1037 περὶ
1718 986 1803 1023 θεῶν
1826 985 1968 1038 εἷσὸολῇ
1997 987 2111 1039 τοιᾷδε
2133 985 2349 1039 {xp-ficato&

1306 1042 1384 1096 περὶ
1408 1041 1471 1094 μὲν
1490 1037 1548 1082 οῧν
1565 1045 1650 1081 θεῶν
1673 1045 1735 1083 οὐκ
1757 1037 1832 1082 οἶδα
1853 1042 1925 1083 οὔθ’
1945 1046 1990 1088 ὡς
2010 1044 2096 1083 εἰσίν
2109 1074 2120 1093 ,
2141 1044 2212 1084 οὔθ’
2232 1044 2346 1084 ὁποῖοί

1302 1118 1392 1146 τινες
1410 1101 1519 1153 ἰδέαν.
1545 1102 1668 1141 Πολλὰ
1689 1101 1757 1155 γάρ
1778 1103 1852 1141 ἐστι
1872 1101 1916 1140 τὰ
1937 1102 2118 1142 κωλύοντά
2140 1119 2185 1155 με
2200 1102 2348 1143 ἕκαστον

1303 1160 1433 1201 τούτων
1462 1160 1603 1201 εἰδέναι.
1626 1162 1760 1200 Τοῦτον
1782 1164 1956 1208 Ἀθηναῖοι
1977 1166 2068 1215 φυγῆ
2093 1163 2348 1212 ζημιώσαντες,

1304 1220 1367 1265 τὰς
1391 1220 1532 1273 βίὸλους
1552 1223 1656 1260 αὐτοῦ
1675 1220 1826 1275 δημοσίᾳ
1857 1223 1892 1260 ἐν
1914 1220 2005 1274 μέσῃ
2027 1225 2070 1274 τῇ
2095 1224 2206 1277 ιιίγορᾶΙ
2241 1223 2348 1262 κατέ·

1304 1295 1454 1320 καυσαν.
1497 1279 1602 1319 Ἐπεὶ
1622 1274 1680 1318 οὖν
1700 1279 1769 1319 οἵδε
1798 1280 1917 1330 μόναις
1939 1281 2009 1320 δεῖν
2043 1281 2176 1335 ἔφασαν
2195 1283 2271 1327 ταῖς
2293 1284 2346 1321 αἷ-

1304 1339 1450 1387 σθήσεσι
1470 1339 1668 1389 πιστεύειν,
1688 1339 1750 1384 τὰς
1777 1338 1862 1392 πρὸς
1882 1339 2006 1384 αὐτοὺς
2033 1341 2253 1395 ἀντιῤῥήσεις
2271 1346 2349 1381 θεα-

1302 1397 1458 1450 σώμεθα.

1358 1458 1572 1512 (Eusebius
1588 1459 1799 1511 Praeparat.
1817 1459 1966 1509 Evang.
1984 1459 2052 1498 lib.
2071 1459 2173 1508 XIV,
2186 1473 2274 1513 cap.
2290 1474 2349 1511 19.

1303 1517 1388 1569 πρὸς
1409 1517 1488 1562 τοὺς
1509 1520 1589 1557 κατ’
1613 1517 1839 1571 Ἀρίστιππον
1859 1517 2086 1572 φιλοσόφους,
2110 1518 2199 1569 μόνα
2226 1520 2343 1571 λέγον·

1303 1592 1366 1622 τας
1383 1577 1428 1617 τὰ
1457 1577 1553 1624 πάθη
1583 1570 1671 1615 εἶναι
1700 1575 1932 1625 καταληπτά,
1955 1577 1995 1616 τὰ
2024 1577 2059 1616 δὲ
2080 1578 2188 1617 λοιπὰ
2207 1578 2344 1628 ᾇκατά·

1302 1637 1436 1683 ληπτα.
1453 1636 1538 1676 Ἀπὸ
1548 1639 1608 1675 τοῦ
1630 1637 1752 1675 αὐτοῦ.
1775 1636 1915 1688 Scripsi
1937 1651 1945 1674 :
1965 1639 1982 1658 ὅ
2003 1636 2130 1676 εἰδέναι
2146 1636 2210 1687 ἄν]
2230 1638 2347 1678 codd.

1308 1696 1413 1734 εἷδεῖν
1435 1695 1491 1736 ἄν,
1513 1716 1567 1726 -·
1596 1697 1613 1718 ¹³
1636 1695 1718 1748 περὶ
1745 1695 1808 1745 μὲν
1829 1689 1886 1734 οῧν
1904 1697 1990 1733 Θεῶν
2017 1697 2080 1733 οὐκ
2109 1690 2185 1733 οἶδα
2205 1695 2278 1735 οὔθ’
2296 1699 2342 1740 ὥς

1308 1753 1409 1802 εἰσίν,
1425 1752 1497 1793 οὔθ’
1519 1756 1630 1799 ὁποῖοὶ
1650 1769 1739 1798 τινες
1757 1753 1880 1805 ἰδέαν]
1899 1767 1987 1792 cum
2003 1754 2134 1802 codd.;
2148 1754 2249 1793 idem
2271 1754 2339 1795 lib.

1308 1812 1405 1854 xlv,
1432 1826 1517 1865 cap.
1540 1812 1628 1851 3ita
1648 1814 1783 1852 scribit
1805 1829 1814 1852 ε
1838 1816 1857 1853 ὁ
1882 1814 1946 1864 μὲν
1969 1813 2037 1867 γὰρ
2059 1813 2286 1868 Δημοκρίτου
2305 1830 2344 1866 γε

205 1892 1288 1903 —-——-——-———-—-—.——————.
1439 1897 1465 1900 .-
1473 1896 1955 1900 ——-—-—-——-

194 1943 273 1976 nota
288 1946 366 1977 sunt
381 1942 616 1976 instrumenta.
661 1943 774 1982 Quid?
797 1943 888 1984 quod
910 1943 1030 1976 medici
1055 1947 1090 1977 et
1115 1943 1241 1977 nautici

197 2001 311 2036 futura
337 2002 562 2045 praesentiunt.
610 2003 681 2035 imo
709 1994 728 2034 e
752 2002 870 2035 hestiis
890 2003 992 2036 etiam
1019 2011 1119 2036 canes
1144 2004 1243 2036 tritas

195 2060 268 2094 vias
298 2061 476 2103 reperiunt.
520 2061 609 2100 Quin
638 2061 738 2094 etiam
763 2062 818 2102 qui
851 2061 977 2103 aliquid
999 2061 1136 2104 patitur,
1157 2061 1187 2094 is
1208 2071 1244 2093 o·

193 2119 408 2162 inniuoquasi
422 2119 590 2162 proprium
602 2122 661 2152 aut
678 2122 834 2161 tanquam
847 2121 989 2153 alienum
1004 2121 1129 2153 malum
1143 2121 1243 2154 susti·

193 2181 271 2214 mat
287 2187 422 2212 moesse
447 2180 509 2212 est.
568 2179 634 2218 Qui
647 2187 723 2222 ergo
746 2179 858 2213 dicere
873 2179 1016 2222 poterit,
1039 2180 1244 2222 voluptatem

194 2246 384 2272 ummosse
399 2246 489 2279 rem,
519 2238 655 2271 alteram
685 2238 858 2272 laborem?
884 2240 942 2272 ant
967 2247 1041 2272 sese
1061 2241 1162 2280 gustu
1189 2240 1246 2272 aut

193 2296 269 2331 visu
283 2298 344 2331 sut
357 2296 475 2331 auditu
490 2296 613 2339 aliquid
633 2297 724 2339 pati?
747 2298 780 2330 et
796 2298 929 2340 gustare
945 2306 980 2330 se
993 2297 1115 2339 lingua,
1133 2297 1245 2337 videre

193 2356 320 2398 oeulis,
335 2356 473 2390 auribus
489 2356 627 2390 audire?
643 2357 702 2389 aut
725 2357 785 2398 qui
811 2356 947 2390 tandem
973 2356 1114 2390 aiterum
1142 2365 1244 2399 expe-

193 2415 350 2457 tetam,
381 2415 522 2450 alterum
552 2415 744 2458 fugiendum
772 2424 846 2449 esse
875 2415 1010 2449 sciunt?
1041 2418 1190 2454 Quorum
1218 2416 1246 2448 si

167 2508 171 2517 ⁴
194 2474 277 2509 nihil
293 2463 358 2518 insi
374 2476 499 2508 norunt
513 2499 521 2515 ,
538 2483 580 2508 ne
598 2474 759 2516 impetum
779 2474 913 2517 quidem
934 2474 1040 2507 uilium
1061 2476 1120 2507 aut
1143 2483 1245 2517 appe-

194 2534 293 2568 titum
317 2533 460 2575 nabent,
494 2535 529 2567 et
556 2529 679 2567 idcirco
707 2542 749 2566 ne
777 2533 956 2566 animantia
985 2533 1122 2575 quidem
1155 2536 1241 2567 sunt.

196 2594 283 2627 Rom
297 2590 404 2626 risum
425 2594 580 2633 movent,
604 2600 709 2634 «fliium
733 2592 842 2634 ajunt,
865 2600 903 2624 ea
924 2591 1060 2633 quidem
1077 2590 1138 2624 sihi
1163 2600 1243 2624 eve-

194 2650 304 2693 nisso,
322 2649 381 2693 qui
395 2652 506 2685 tamon
519 2651 572 2684 vel
595 2650 878 2693 quemadmodum
905 2651 1100 2691 evenerint,
1126 2659 1161 2683 se
1191 2659 1247 2683 nc-

195 2711 292 2755 schn.
337 2711 378 2743 m
393 2710 482 2744 enim
492 2719 553 2744 nec
572 2720 650 2744 num
670 2710 820 2744 homines
836 2710 919 2750 sint,
937 2719 998 2743 nec
1017 2719 1097 2743 num
1117 2710 1242 2750 vivant,

195 2770 364 2807 «brume
381 2773 524 2813 queant3
554 2770 695 2814 ideoque
718 2779 780 2804 nec
807 2779 888 2803 num
914 2770 1040 2812 aliquid
1066 2770 1245 2812 loquantur

196 2832 408 2874 antumant.
452 2831 540 2864 cum
575 2830 640 2864 hoc
668 2829 771 2873 igitur
801 2829 971 2862 hominum
1002 2839 1121 2872 genere
1155 2830 1243 2871 quod

196 2890 428 2924 emnnercium
453 2889 576 2923 habore
599 2889 788 2932 possimus?
816 2890 858 2922 Et
883 2888 1017 2931 quidem
1036 2889 1243 2929 mirabimur,

197 2957 256 2983 eos
269 2949 305 2983 in
326 2949 452 2984 eoelone
464 2957 507 2983 an
527 2949 562 2982 in
580 2950 669 2982 terra
682 2949 867 2989 versentur,
893 2948 1044 2990 ignorare
1067 2958 1074 2978 :
1096 2948 1131 2980 at
1147 2948 1242 2988 longe

196 3006 382 3044 mirabilius
405 3009 478 3048 cst,
495 3018 602 3051 quum
628 3007 854 3051 philosophari
878 3016 914 3040 se
934 3007 1170 3049 profiteantur,
1188 3016 1245 3040 eos

186 3067 306 3108 ,umen
323 3076 390 3106 non
408 3066 605 3110 intelligere,
630 3067 737 3100 sintne
758 3069 901 3108 quatuor
921 3065 1013 3107 plura
1038 3074 1139 3108 quam
1155 3065 1216 3098 tria
1232 3077 1240 3096 ι

162 3154 171 3170 ,
196 3126 232 3166 ct
245 3135 350 3160 tinum
368 3135 408 3160 ac
424 3126 513 3167 duo,
534 3127 618 3168 quot
639 3126 717 3159 sint.
761 3127 845 3158 Nam
869 3126 949 3167 quot
964 3124 999 3157 in
1023 3124 1175 3158 manibus
1190 3124 1244 3157 di-

196 3185 283 3230 gitos
295 3185 440 3220 habeant
452 3211 462 3227 ,
482 3187 540 3219 aut
559 3186 643 3219 sitne
658 3186 775 3219 horum
794 3185 932 3227 quilibet
952 3193 1039 3217 unus
1055 3193 1098 3217 an
1120 3184 1241 3226 plures,

197 3244 334 3284 definire
352 3247 531 3288 nequeunt.
578 3246 801 3285 Quamobrem
826 3254 866 3278 ne
882 3254 1002 3278 nomen
1018 3244 1153 3286 quidem
1181 3245 1245 3287 ipsi

198 3313 299 3339 suum
323 3307 490 3347 noverint,
522 3314 582 3339 nec
609 3305 767 3348 patriam,
800 3314 858 3337 nec
884 3304 1101 3346 Aristippum.
1159 3306 1244 3346 Ergo

197 3372 283 3406 quos
302 3364 358 3398 vel
375 3366 486 3398 ament
499 3389 508 3405 ,
521 3364 574 3398 vel
589 3363 738 3405 oderint,
767 3364 821 3397 vel
849 3362 1082 3405 concupiscant
1110 3372 1118 3393 ε
1147 3373 1244 3406 porro

201 3421 329 3456 rideant
340 3432 383 3457 sn
398 3423 622 3464 lacrimantur,
639 3423 851 3466 pronuntiare
864 3431 930 3455 non
942 3423 1084 3465 queant:
1104 3421 1245 3464 ideoque

202 3489 243 3516 ιιο
257 3481 366 3519 dioere
385 3482 539 3526 quidem,
560 3482 819 3524 hocjucundum
838 3491 932 3524 esse,
949 3481 1033 3515 iliud
1053 3482 1240 3516 molestum.

1304 1942 1423 1983 Liquet
1438 1942 1538 1984 igitur
1556 1942 1664 1983 ipsos,
1686 1941 1764 1983 quid
1789 1950 1874 1974 niune
1896 1950 1957 1975 ms
1982 1942 2148 1985 dicamus,
2166 1951 2207 1975 ne
2233 1942 2353 1976 intelli-

1308 2009 1385 2043 gere
1403 2000 1548 2043 quidem.
1593 1999 1754 2039 Quocirca
1766 1999 1851 2033 intcr
1871 2000 1954 2033 tales
1974 2000 2125 2034 homines
2144 2002 2246 2043 atque
2266 2003 2353 2034 inter

1305 2060 1426 2093 culices
1451 2062 1508 2094 aut
1527 2068 1658 2093 muscas
1682 2059 1814 2092 omnino
1838 2059 1920 2093 nihil
1950 2060 2110 2101 interest,
2132 2060 2266 2094 tametsi
2291 2060 2353 2093 be-

1306 2119 1412 2152 stiotae
1424 2118 1498 2152 istae
1517 2127 1569 2152 res
1585 2120 1713 2152 naturae
1736 2127 1806 2152 suae
1824 2120 2041 2161 congruentes
2057 2120 2192 2154 norunt.
2222 2121 2348 2153 Verum

1305 2178 1379 2211 haec
1402 2187 1421 2211 e
1444 2178 1612 2211 sexcentis
1628 2186 1703 2219 quae
1717 2177 1830 2220 urgeri
1848 2177 1995 2219 possint,
2022 2177 2183 2210 adversus
2202 2177 2354 2212 homines

1305 2236 1353 2268 sic
1365 2236 1528 2269 animatos
1543 2235 1631 2269 dicta
1645 2235 1825 2268 sufficiant.
1868 2235 2043 2277 Sequitur,
2062 2237 2224 2269 uteorum
2240 2236 2348 2275 etiam.

1304 2295 1362 2337 qui
1384 2294 1582 2327 contrariam
1610 2294 1751 2327 inierunt
1775 2294 1880 2335 viam,
1898 2296 1999 2337 atquc
2029 2295 2062 2328 in
2080 2295 2232 2328 omnibus
2250 2295 2352 2329 rebus

1306 2354 1404 2387 tidem
1432 2354 1585 2387 sensibus
1611 2353 1850 2395 adjungendam
1879 2361 1950 2386 esse
1983 2356 2130 2394 censent,
2159 2354 2350 2388 seutentiam

1304 2414 1523 2456 exploremus.
1567 2414 1694 2450 Horum
1718 2422 1738 2446 e
1759 2421 1898 2445 numero
1922 2414 2001 2446 sunt
2024 2413 2233 2446 Metrodorus
2253 2413 2355 2447 Chius

1305 2474 1339 2507 et
1366 2474 1561 2515 Protagoras
1587 2471 1771 2505 Abderites.
1815 2473 1857 2504 Et
1887 2471 2097 2505 Metrodorus
2124 2472 2282 2514 quidem,
2316 2475 2350 2506 ut

1306 2532 1416 2573 ajunt,
1432 2531 1614 2565 Democriti
1631 2530 1763 2564 auditor
1776 2530 1839 2564 ruit
1852 2557 1860 2571 ‚
1877 2540 1916 2564 ac
1933 2531 2090 2574 principia
2110 2531 2196 2574 duo,
2217 2531 2351 2574 plenum

1313 2592 1347 2624 et
1366 2599 1508 2624 vac-uum
1534 2590 1667 2633 posuit;
1684 2599 1702 2623 e
1721 2589 1841 2632 quibus
1856 2590 1996 2623 aiterum
2015 2599 2091 2631 ens,
2121 2591 2264 2624 aiterum
2289 2600 2352 2624 ιιοιι

1304 2660 1362 2684 ens
1381 2659 1454 2684 esse
1473 2649 1670 2683 affirmabat.
1715 2651 1748 2682 Is
1767 2648 1808 2682 de
1833 2651 1952 2682 natura
1978 2649 2164 2692 scripturus
2186 2650 2246 2684 tali
2271 2659 2352 2684 usus

1304 2712 1355 2744 cst
1384 2709 1619 2751 dicputationis
1650 2708 1809 2751 prooemio
1842 2721 1850 2741 ι
1871 2717 1968 2742 nenio
1992 2710 2144 2742 nostrum
2173 2709 2353 2752 quidquam

1309 2769 1371 2802 scit
1383 2793 1392 2811 ,
1413 2778 1454 2802 nc
1473 2768 1539 2802 hoc
1551 2768 1658 2811 ipsum
1679 2768 1814 2810 quidem
1827 2793 1836 2809 ,
1854 2769 2040 2802 sciamusne
2058 2768 2182 2811 aliquid
2193 2793 2202 2809 ‚
2216 2778 2256 2802 an
2270 2769 2350 2802 nihii

1306 2830 1460 2862 sciamus.
1506 2830 1578 2861 Hoc
1595 2828 1793 2871 prooemium
1818 2826 1996 2871 pessimiun
2018 2827 2128 2861 locum
2151 2827 2350 2870 Pyrrhonis,

1304 2888 1359 2930 qui
1378 2889 1494 2931 postea
1509 2887 1660 2927 vivebat,
1674 2887 1875 2921 dubitationi
1903 2887 1990 2921 fecit.
2038 2889 2080 2921 At
2104 2886 2196 2920 idem
2213 2887 2352 2921 ulterius

1303 2956 1516 2991 progressus,
1539 2947 1574 2980 id
1588 2957 1662 2981 esse
1677 2947 1787 2981 omnia
1807 2946 1942 2987 statuit,
1966 2947 2055 2989 quod
2071 2947 2213 2990 quisque
2229 2946 2350 2980 inteih-

1305 3009 1371 3050 gat.
1419 3007 1584 3041 caeterum
1616 3007 1704 3049 quod
1730 3007 1772 3040 ad
1798 3008 2012 3049 Protagoram
2047 3006 2183 3045 attinet,
2213 3005 2349 3038 atheum

1305 3067 1399 3099 iilum
1434 3066 1563 3100 dictum
1599 3075 1672 3100 esse
1704 3065 1851 3100 tradunt.
1911 3066 2039 3108 Quippe
2073 3074 2175 3107 quum
2217 3066 2251 3098 et
2283 3065 2352 3107 ipse

1305 3125 1347 3159 de
1376 3124 1439 3158 diis
1465 3125 1642 3167 scriberet,
1662 3125 1708 3158 sic
1728 3134 1913 3159 sermonem
1933 3133 2028 3158 orsus
2055 3126 2105 3158 est
2126 3137 2133 3157 :
2150 3124 2192 3157 de
2210 3123 2274 3157 diis
2291 3132 2351 3156 ne-

1298 3193 1370 3226 que
1401 3185 1441 3218 ut
1465 3183 1553 3227 sint,
1581 3193 1688 3227 neque
1718 3184 1853 3227 qualem
1890 3184 2034 3227 speciem
2063 3184 2208 3218 habeant
2224 3208 2232 3224 ‚
2269 3182 2349 3216 scio.

1303 3245 1386 3279 Sunt
1401 3244 1488 3277 enim
1506 3244 1630 3285 multa,
1654 3253 1730 3286 quas
1758 3253 1811 3278 rue
1834 3243 1962 3286 singuia
1980 3242 2099 3277 horum
2127 3244 2211 3277 scire
2237 3241 2348 3284 prohi-

1303 3302 1413 3337 beant.
1468 3303 1576 3346 HuJus
1602 3303 1669 3345 iam
1700 3303 1817 3337 exsilio
1849 3303 1982 3336 multati
2002 3303 2104 3337 libros
2136 3300 2352 3335 Athenienses

1304 3362 1436 3405 publice
1451 3362 1560 3397 medio
1580 3362 1614 3396 in
1632 3363 1703 3395 foro
1722 3355 1988 3397 combusserunt.
2033 3362 2095 3394 Sed
2117 3359 2272 3402 quoniam
2296 3368 2352 3393 so-

1304 3422 1345 3455 lis
1368 3422 1424 3456 isti
1450 3422 1600 3457 sensibus
1616 3421 1817 3456 credendum
1832 3430 1905 3456 esse
1918 3422 2090 3459 dixerunt,
2109 3420 2230 3459 quibus
2250 3419 2351 3452 resel-

1305 3483 1417 3518 lantur
1429 3484 1628 3526 argumentis
1641 3507 1649 3524 ,
1672 3482 1857 3516 videamus.
