2508 3776
147 224 233 248 ‘⁵²'
270 230 336 275 ,ab
351 231 428 271 ἴσον
457 231 546 280 αὖτὴ
567 233 682 282 ζητεῖ,
702 233 764 274 καὶ
785 233 911 274 τούτου
933 233 1011 274 ἐστὶ
1035 249 1142 282 ποιη-

188 284 224 340 '⁷3
238 299 274 337 ,25
293 289 349 339 ,δὴ
367 291 444 330 ἴσον
474 290 583 342 μέσον
612 292 688 332 ἐστὶ
717 296 778 334 τοῦ
812 294 967 347 μείζονος
990 293 1051 334 καὶ
1081 298 1142 334 τοῦ

180 351 302 413 ss,
325 348 387 391 καὶ
418 349 480 389 διὰ
504 355 608 391 τοῦτο
634 353 724 402 αὐτὴ
748 354 813 405 μὲν
847 353 999 406 μεσότης
1029 353 1141 394 ἐστίν·

195 408 199 410 Ἴ
233 410 250 415 ’
296 437 301 443 =
335 409 510 464 ἀκρότης,
531 412 668 451 ὅτιτῶν
688 413 806 467 ἄκρων
824 414 911 455 ἐστί.
942 412 1014 454 Καὶ
1036 416 1057 461 ἡ
1079 413 1142 465 μὲν

207 470 238 527 Ῐ
318 470 413 511 ἐστὶν
434 470 519 520 ἕξις,
539 473 618 511 καθ’
644 471 688 520 ἣν
709 475 728 511 ὅ
748 473 880 519 δίκαιος
905 471 1000 512 κατὰ
1015 473 1143 526 προαί-

183 528 196 582 f
245 555 265 572 ·„
305 531 401 584 τικός
420 531 495 576 ἐστι
515 535 578 571 τοῦ
599 531 770 583 δικαίου,
793 532 855 572 καὶ
876 532 1141 583 διανεμητικός,

200 587 257 639 {27
306 592 423 645 ἑαυτῷ
456 591 654 644 νομοθετεῖν
687 592 938 645 προσηκόντως
965 593 1141 645 διανέμειν

186 642 253 702 *J*
337 682 348 700 ,
361 650 423 693 καὶ
439 665 524 708 προς
540 650 665 690 ἑαυτὸν
690 651 721 689 εἷ
740 649 876 700 δεήσει,
897 651 957 690 καὶ
983 652 1052 696 τοῖς
1070 651 1139 690 ἄλ-

196 697 298 761 ’ᾕᾊιζ
331 725 350 750 ν
366 708 498 751 κανόνα
513 711 701 762 διανομης,
730 710 798 763 οὔχ
814 711 928 763 ἑαυτῷ
950 707 1014 760 μὲν
1034 709 1140 748 πλέον

205 754 233 818 3⁷⁰
339 768 508 824 παρέχων
536 770 572 808 ἐν
599 772 644 823 τῇ
673 769 823 822 διανομῇ
852 769 996 808 ἔλαττον
1022 769 1059 807 δὲ
1092 771 1141 807 τῶ

208 828 246 844 “¹
245 817 325 885 ,ᾗῆ
343 844 406 869 του
440 828 615 883 βλαὸερου
638 830 754 881 ἑαυτῷ
760 828 848 901 ..μὲν
867 827 1012 868 ἔλαττον
1033 829 1138 868 πλέον

317 887 407 938 -,ίον
429 888 522 928 ἀλλὰ
540 887 581 928 τὸ
615 888 689 928 ἴσον
722 891 783 928 τοῦ
807 887 900 928 κατὰ
936 889 1140 941 ἀναλογίαν

171 924 235 968 ³³³³
228 946 286 997 ’Β
299 947 364 989 καὶ
382 947 481 1003 ἄλλῳ
495 950 692 1000 νομοθετῶν
716 947 809 989 ‘td’
795 965 853 988 ισα
873 954 984 988 ποιεῖν
1011 951 1046 988 ἐν
1065 955 1142 994 ταῖς

169 989 204 1018 ‘
280 1006 479 1056 Τοιαύτη
501 1006 566 1060 μὲν
586 1010 610 1056 ἡ
632 1007 852 1056 δικαιοσύνη.

156 1065 297 1120 ad
301 1066 423 1114 ἀδικία
441 1072 511 1111 πᾶν
534 1066 749 1109 τούναντίον.
772 1066 976 1121 Ὑπερὸολὴ
997 1067 1066 1121 γὰρ
1083 1068 1144 1108 καὶ

225 1129 341 1169 Ν--ἐιντι
352 1130 416 1168 τοῦ
431 1126 612 1182 ὠφελίμου
627 1126 690 1167 καὶ
706 1127 882 1181 βλαὸεροῦ
895 1127 994 1182 παρὰ
1010 1128 1050 1168 τὸ
1063 1128 1145 1169 ἀνά-

93 1186 96 1189 ’
132 1167 220 1207 ἃ
196 1186 288 1234 Ὁ
305 1186 376 1242 γὰρ
406 1187 525 1232 ἄδικος
555 1187 592 1226 ἐν
612 1194 689 1233 ταῖς
717 1189 900 1239 διανομαῖς
930 1187 1145 1241 ὕπερὸάλλει

111 1243 400 1302 Μπληςίον
417 1249 453 1288 ὄν
470 1253 542 1294 τοῖς
561 1247 770 1302 ὠφελίμοις,
796 1248 950 1289 ἐλλείπει
974 1248 1011 1288 δὲ
1035 1250 1142 1288 αὐτου

189 1305 445 1363 βλαὸιροῖς·
476 1306 559 1347 ὅταν
581 1307 618 1346 δὲ
637 1306 724 1360 πρὸς
743 1306 871 1353 ἄλλους
891 1306 955 1356 τὴν
974 1308 1144 1360 διανομὴν

169 1383 176 1387 “
227 1396 265 1420 Ἴ,
282 1366 346 1409 καὶ
362 1366 442 1408 τότε
478 1366 542 1420 μὲν
576 1367 675 1421 παρὰ
705 1367 746 1407 τὸ
773 1369 965 1421 ἀνάλογον,
994 1368 1087 1418 πλὴν
1107 1370 1145 1408 οὗ

408 1427 674 1444 uuuuu

137 1488 253 1539 ὃς
261 1485 399 1541 ἔτυχεν·
424 1485 518 1527 ὥστε
539 1480 629 1526 εἶναι
648 1487 709 1527 καὶ
735 1487 933 1542 υπερὸολῂν
953 1487 1014 1527 καὶ
1035 1487 1148 1528 ἔλλει-

185 1545 291 1591 vdie
309 1545 550 1598 ἀδικήμασιν,
570 1545 611 1584 τὸ
632 1549 750 1597 μεῖζον
772 1546 835 1586 καὶ
854 1546 895 1586 τὸ
912 1546 1074 1586 ἔλαττον·
1087 1548 1147 1587 καὶ

211 1603 303 1661 μέν
320 1606 396 1648 ἐστι
410 1604 451 1645 τὸ
471 1606 628 1654 ἀδικεῖν,
658 1605 805 1646 ἔλαττον
826 1605 864 1646 δὲ
882 1605 923 1646 τὸ
940 1607 1148 1648 ἀδικεῖσθαι·

242 1665 362 1722 :3⁰²³
373 1664 415 1705 τὸ
426 1664 528 1715 ἴσον,
545 1664 625 1713 ἤτοι
642 1665 683 1705 τὸ
701 1665 850 1707 δίκαιον.

94 1720 98 1730 ’
131 1715 217 1774 '5²²3‘
205 1705 254 1774 57.
253 1744 274 1760 ι
305 1725 315 1734 ”
337 1728 355 1748 “
373 1723 464 1766 ἄλλο
481 1721 602 1778 ἐστὶν]
618 1725 706 1766 cod.
729 1724 853 1765 ἄλλο”
837 1741 946 1767 εστιν.
968 1747 1021 1756 —-
1047 1726 1097 1750 ¹³
1077 1743 1148 1766 αν-

206 1784 325 1841 Μ.
351 1784 492 1840 ἀνδρία.
516 1805 572 1815 -
589 1790 604 1808 ⁰
630 1786 695 1825 οὐκ
725 1784 824 1839 ἔχει]
847 1785 936 1827 cod.
970 1786 1036 1839 οὐχ
1055 1785 1144 1839 ἔχει.

67 1836 219 1910 ωἲῑιι

38 1960 41 1962 -
75 1923 180 1963 M
211 1936 253 1959 ω’
269 1955 275 1966 ›

55 1965 146 1996 :⁴-
542 1968 635 2020 Κεφ.
657 1967 704 2016 η’.

238 2086 316 2124 Πῶς
335 2085 425 2119 ἔστιν
440 2095 454 2113 ¹
473 2086 617 2125 ἀδικεῖν
641 2086 697 2118 καὶ
717 2087 759 2127 μὴ
779 2086 891 2119 ἄδικον
909 2087 1001 2119 εἶναι.

46 2187 66 2222 ’ἶ
149 2184 193 2210 *““
211 2185 303 2239 Περὶ
325 2185 390 2236 μὲν
417 2178 477 2225 ουν
499 2185 720 2234 δικαιοσύνης
750 2185 811 2225 καὶ
830 2186 988 2235 ἀδικίας,
1009 2186 1070 2225 καὶ
1098 2186 1149 2231 τίς

38 2245 244 2299 -Ἴᾶύεέρι
259 2244 394 2286 τούτων
410 2247 435 2293 ἡ
454 2244 575 2300 φύσις,
595 2244 751 2299 καὶπερὶ
769 2246 905 2285 δικαίου
926 2245 987 2286 καὶ
1007 2246 1144 2296 ἀδίκου,

59 2301 244 2346 κάθου
272 2303 424 2359 εἴρηται.
445 2304 586 2345 Ἐκεῖνο
615 2303 652 2343 δὲ
671 2307 731 2343 νῦν
764 2306 944 2353 ζητητέον·
966 2305 1044 2345 επεί
1078 2305 1146 2345 εἰσί

172 2362 427 2418 ·mc·toe‚
454 2362 478 2403 ἃ
502 2378 612 2405 ποιων
641 2380 692 2409 τις
713 2365 828 2404 ἀδικεῖ
847 2366 936 2416 μέν,
972 2365 1090 2411 ἄδικος
1110 2365 1146 2406 δὲ

129 2415 270 2473 ἷκε,
288 2423 368 2462 τίνα
387 2438 516 2464 ταυτα.
527 2419 693 2476 Πρῶτον
710 2423 784 2463 δὲ’
768 2430 879 2464 εκεῖνο
899 2425 1069 2477 δείξομεν,
1093 2425 1146 2465 ὅτι

217 2480 390 2528 Ἰ>,ὖδ(ικιί’ν
414 2495 512 2530 τινα,
542 2481 603 2521 καὶ
635 2482 686 2532 μὴ
708 2483 826 2523 ἄδικον
851 2486 951 2522 εἶναι·
973 2488 1042 2524 οἱον
1063 2484 1145 2524 κλέ-

210 2532 300 2599 ἠςὶ
320 2539 373 2626 ’μὴ
392 2541 546 2589 κλέπτην
565 2534 678 2590 εἶναι,
708 2542 769 2581 καὶ
787 2542 987 2595 μοιχεύειν,
1005 2543 1066 2583 καὶ
1091 2545 1141 2596 μὴ

223 2625 226 2631 ·
249 2648 255 2649 Ἴ
330 2599 404 2649 .’0
422 2600 492 2654 γὰρ
508 2600 641 2654 κλέψας
660 2601 724 2650 τὴν
741 2603 924 2656 μάχαιραν
943 2607 1004 2643 τοῦ
1027 2621 1146 2655 μαινο-

273 2624 360 2711 μὴ
371 2659 497 2700 ἰαυτὸν
517 2663 536 2700 ὁ
556 2660 764 2713 μαινόμενος
780 2663 994 2716 ἀποσφάζῃ,
1015 2664 1140 2719 ἔκλεψε

208 2733 240 2768 ,·
263 2719 272 2748 Ῑ
288 2759 290 2761 ,
332 2734 349 2765 ς
364 2720 402 2761 δὲ
415 2723 478 2760 οὐκ
493 2720 579 2760 ἔστι·
598 2719 659 2759 καὶ
674 2722 692 2759 ὁ
713 2721 907 2778 μοιχεύων,
933 2722 992 2762 ἵνα
1011 2724 1140 2778 δυνηθῇ

139 2820 157 2834 Ἴ,
185 2803 202 2831 ,ν
233 2805 271 2827 Ἴ.
292 2778 452 2834 μοιχεύει
472 2780 562 2830 με’ν,
594 2779 716 2833 μοιχὸς
744 2781 781 2820 δὲ
803 2783 888 2866 οὐκ.)
894 2782 1012 2835 ἔστιν,
1049 2785 1142 2825 ἀλλὰ

204 2853 365 2890 ματος
383 2839 487 2879 ml*
456 2855 485 2878 ει
499 2855 550 2884 τις
570 2840 686 2892 ἰατρὸς
700 2840 853 2894 ἀπατῴη
870 2841 959 2882 Ι’τὸν
977 2847 1144 2884 νοσοῦντα

176 2895 342 2946 ἁῶσιι,
359 2899 481 2951 ἀπατᾷ
500 2898 584 2949 με’ν,
605 2900 772 2940 ἀπατεὼν
793 2901 830 2940 δὲ
856 2903 920 2941 οὐκ
945 2902 1035 2943 ἔστι.
1057 2903 1144 2945 “Oti

136 2912 257 3008 :13:523
284 2957 432 2998 δυνατόν
453 2973 532 2998 τινα
559 2960 711 3010 ἀδικεῖν,
742 2977 803 3000 και
829 2961 879 3012 μὴ
916 2961 1036 3021 ἄδικον
1056 2958 1145 3004 εἶναι

62 3048 63 3051 ,
105 3015 161 3033 *¹*
139 3010 324 3079 hub-me
355 3016 419 3066 τὴν
440 3017 580 3058 ἀδικίαν
601 3013 643 3067 ἧς
665 3018 704 3058 τὸ
739 3020 840 3073 ἔργον
872 3018 986 3069 ποιεῖ,
1024 3023 1141 3072 οηλον.

152 3066 239 3165 ἼἼἼἼδἼύ
255 3076 331 3116 &m
349 3079 461 3117 ταῦτα
480 3077 526 3116 τὰ
543 3079 771 3129 ἀδικήματα,
792 3080 842 3119 ἑνὶ
861 3083 1037 3121 καθολικῶ
1051 3083 1144 3139 λόγῳ

212 3134 314 3209 ¹¹⁵ssssuu
326 3137 440 3176 ἀδικεῖ
457 3153 509 3182 τις
521 3167 533 3186 ,
556 3140 620 3200 οὐχ
637 3138 740 3178 ἕνεκα
760 3156 823 3179 του
840 3141 975 3190 τέλους,
995 3140 1014 3181 ὃ
1029 3158 1141 3196 προσ-

139 3187 243 3259 τῃ
277 3195 394 3250 ἀδικία
423 3198 560 3250 ἐκείνῃ,
582 3192 623 3246 ἧς
657 3199 720 3246 τὴν
754 3199 880 3253 πρᾶξιν
904 3204 1019 3250 ποιεῖ,
1052 3203 1143 3243 ἀλλὰ

173 3253 345 3328 μτᾶλως
364 3255 484 3306 ἕνεκα,
506 3257 530 3306 ἢ
551 3259 684 3312 ἀγαθοῦ
703 3259 726 3307 ἢ
748 3259 906 3314 φαύλου,
927 3262 1006 3301 κατ’
1025 3265 1141 3303 ἐκεῖνα

70 3194 102 3216 *J*
116 3195 150 3209 ben

48 3366 55 3377 '<
112 3372 210 3385 -α-Μ»-
246 3381 248 3383 ,

571 143 876 187 ETHICORUM
907 145 1363 187 NICOMACHEORUM
1392 147 1771 188 PARAPHRASIS.

196 1425 316 1477 τοὺς
332 1441 425 1468 ποιιι
439 1443 510 1468 των
527 1443 643 1467 αυτων
660 1428 896 1481 υπερὸάλλειν
910 1427 934 1476 ἢ
957 1428 1151 1478 ἐλλείπειν,

2177 148 2257 189 415

1204 239 1268 278 rit,
1290 241 1391 283 atque
1418 240 1502 274 hanc
1525 240 1636 275 eflicit.
1663 243 1773 285 Atque
1800 241 1874 275 hoec
1900 241 2077 285 aequalitas
2107 241 2256 275 medium

1203 298 1365 341 quiddam
1392 299 1480 333 inter
1495 302 1604 344 majus
1622 303 1656 335 et
1683 301 1794 335 minus
1813 303 1924 342 tenet,
1957 301 2099 345 ideoque
2119 301 2192 345 ipsa
2207 303 2259 335 est

1203 358 1414 392 mediocritas
1429 372 1436 392 :
1455 362 1490 393 at
1505 360 1667 403 injustitia
1686 363 1738 395 est
1754 362 1964 401 extremitas,
1986 361 2066 405 quia
2079 363 2129 395 est
2146 363 2259 396 extre-

1203 427 1346 452 morum.
1364 420 1408 452 Et
1421 419 1553 462 justitia
1581 420 1717 463 quidem
1745 424 1796 454 est
1816 421 1970 461 habitus,
1997 431 2040 456 ex
2061 431 2130 465 quo
2146 422 2260 465 justus

1204 477 1347 511 habetur
1362 487 1543 521 propensus
1561 479 1603 512 ad
1616 480 1779 522 agendum
1799 482 1950 515 consulto
1972 482 2006 515 id
2019 482 2110 525 quod
2129 482 2260 524 justum

1205 539 1274 577 est,
1297 539 1332 570 et
1347 537 1390 570 ad
1413 538 1690 580 distribuendum,
1714 541 1762 574 ita
1778 543 1816 574 ut
1834 543 1908 574 tum
1932 541 1994 574 sibi
2021 542 2130 584 legem,
2151 541 2260 584 impo-

1204 598 1262 630 nat
1283 599 1373 631 recte
1391 597 1629 640 distribuendi,
1656 599 1726 633 sive
1748 600 1792 633 ad
1812 601 1895 634 alios
1920 601 1991 634 sive
2011 601 2053 634 ad
2079 611 2135 643 se,
2153 611 2261 644 quum

1204 658 1380 700 oportebit,
1401 667 1440 691 ea
1456 658 1647 693 distributio
1670 662 1814 703 spectet;
1829 663 1904 694 tum
1923 661 2023 694 etiam
2045 661 2120 695 aliis
2135 664 2261 696 certam

1205 717 1426 751 distribuendi
1453 718 1557 760 legem
1580 729 1799 763 normamque
1826 721 2025 760 constituat,
2045 721 2125 764 quia
2139 721 2173 754 in
2190 716 2262 753 dis-

1206 776 1385 809 tributione
1401 786 1467 809 non
1490 777 1553 810 sibi
1570 778 1645 820 plus
1663 779 1750 817 boni,
1773 780 1884 813 minus
1905 779 2019 819 alteri,
2039 782 2098 813 aut
2115 780 2178 814 sibi
2197 780 2262 813 mi-

1206 845 1269 868 nus
1280 836 1406 875 damni,
1426 837 1502 879 plus
1520 838 1627 878 alteri,
1650 839 1708 872 sed
1727 840 1788 873 sibi
1805 842 1838 873 et
1858 840 1932 873 aliis
1951 840 1987 874 id
2010 840 2101 884 quod
2125 850 2263 884 aequum

1205 905 1265 938 pro
1283 895 1432 938 portione
1451 899 1502 930 est
1525 898 1644 931 tribuit
1660 910 1667 931 ι
1687 908 1792 942 eoque
1815 899 1915 933 modo
1936 900 2010 933 aliis
2025 910 2160 944 quoque
2174 910 2264 944 prae-

1206 956 1306 1000 cipit,
1325 959 1364 990 ut
1380 958 1575 1000 aequitatem
1593 959 1627 992 in
1649 959 1941 994 distributionibus
1961 964 2104 995 servent.
2126 963 2171 995 Ει
2186 961 2264 995 talis
2326 962 2333 965 ’

1207 1009 1345 1054 quidem
1364 1012 1414 1044 est.
1422 1011 1565 1053 J’ustitia.

1246 1076 1289 1107 At
1306 1074 1469 1117 injustitia
1481 1075 1578 1117 plane
1591 1075 1796 1108 contrarium
1812 1077 1874 1109 est.
1890 1077 1951 1109 Est
1964 1075 2051 1109 enim
2072 1074 2213 1108 nimium
2230 1076 2265 1108 et

1206 1133 1326 1177 parum
1350 1134 1421 1177 ejus
1451 1134 1542 1177 quod
1565 1134 1702 1177 prodest
1727 1137 1787 1168 aut
1812 1138 1928 1175 nocet,
1957 1135 2082 1178 justam
2104 1134 2266 1168 excedens

1207 1191 1462 1234 proportionem.
1493 1193 1646 1235 Namque
1669 1193 1814 1236 injustus
1835 1193 1870 1225 in
1898 1192 2190 1226 distributionibus
2219 1191 2267 1224 ita

1207 1251 1371 1290 versatur,
1390 1251 1429 1282 ut
1447 1249 1481 1282 in
1497 1250 1598 1283 rebus
1610 1250 1751 1284 utilibus
1774 1251 1918 1284 alterum
1933 1258 2088 1293 superare
2110 1249 2211 1288 velit,
2233 1249 2268 1281 in

1208 1311 1309 1344 rebus
1325 1309 1494 1343 damnosis
1513 1311 1555 1343 ab
1576 1320 1615 1344 eo
1634 1311 1784 1354 superari
1803 1321 1811 1341 ε
1832 1311 1918 1344 inter
1937 1311 2019 1343 alios
2034 1312 2145 1343 autem
2161 1319 2267 1352 quum

1207 1370 1346 1411 dividit,
1362 1369 1464 1403 etiam
1486 1371 1560 1403 tum
1576 1371 1823 1413 proportionem
1839 1370 1993 1413 negligit,
2011 1370 2076 1403 nisi
2092 1368 2184 1412 quod
2202 1378 2268 1401 non

1208 1429 1342 1463 eosdem
1359 1428 1478 1461 iisdem
1505 1438 1636 1472 semper
1664 1430 1851 1473 superiores
1879 1432 1939 1463 aut
1963 1428 2137 1463 inferiores
2163 1427 2265 1468 facit,

1209 1488 1268 1523 sed
1280 1490 1319 1522 ut
1334 1497 1406 1522 sors
1418 1488 1558 1522 tulerit:
1575 1489 1622 1522 ita
1636 1491 1675 1522 ut
1687 1489 1921 1533 exsuperantia
1936 1491 1970 1523 et
1995 1487 2147 1522 desectus
2163 1488 2196 1521 in
2215 1488 2269 1520 in·-

1205 1549 1303 1593 juriis
1318 1549 1362 1582 sit
1376 1549 1485 1591 majus
1507 1549 1685 1593 minusque
1709 1552 1766 1583 :et
1783 1550 1892 1592 majus
1911 1548 2049 1592 quidem
2072 1550 2123 1582 est
2144 1547 2267 1590 injuste

1208 1608 1334 1650 facere,
1351 1609 1464 1643 minus
1481 1619 1560 1642 vero
1586 1609 1741 1652 injuriam
1760 1610 1908 1652 accipere
1929 1619 1936 1639 :
1958 1618 2102 1652 quorum
2118 1607 2267 1641 medium

1209 1673 1260 1704 est
1282 1671 1432 1715 aequale,
1460 1671 1524 1704 hoc
1536 1673 1587 1704 est
1602 1672 1743 1714 Justum.

1651 1986 1731 2029 Gap.
1755 1987 1847 2020 vm.

1211 2086 1372 2121 Quomodo
1385 2087 1454 2117 lieri
1470 2087 1576 2126 possit,
1594 2089 1627 2118 ut
1646 2088 1715 2125 quis
1742 2088 1856 2125 injuste
1877 2085 1978 2123 faciat,
1995 2093 2052 2117 nec
2069 2088 2171 2116 tamen
2185 2087 2268 2123 inju-

1675 2140 1741 2168 stus
1756 2139 1807 2168 sit.

1251 2199 1301 2230 De
1314 2197 1446 2240 Justitia
1465 2198 1567 2240 igitur
1584 2201 1617 2231 et
1636 2198 1798 2240 injustitia
1811 2225 1818 2237 ,
1832 2200 1905 2231 tum
1923 2207 1999 2241 quae
2018 2198 2192 2242 utriusque
2209 2208 2270 2232 na-

1208 2258 1285 2289 tura
1306 2257 1366 2295 sit,
1382 2259 1455 2290 tum
1472 2257 1514 2291 de
1526 2258 1618 2300 ,iusto
1633 2260 1738 2301 atque
1759 2258 1883 2301 injusto
1904 2258 1938 2291 in
1966 2258 2159 2291 universum
2176 2258 2266 2291 dixi-

1207 2326 1293 2350 mus.
1311 2317 1399 2350 lllud
1415 2327 1495 2351 vero
1510 2318 1579 2360 Jam
1604 2318 1824 2361 quaerendum
1837 2320 1888 2351 est
1900 2345 1908 2358 ‚
1928 2328 2033 2361 quum
2051 2318 2117 2352 sint
2136 2318 2270 2361 injustae

1208 2378 1363 2420 quaedam
1397 2377 1560 2419 actiones,
1589 2387 1675 2421 quas
1702 2378 1762 2421 qui
1793 2378 1955 2421 suscipit,
1984 2378 2106 2421 injuste
2132 2378 2269 2422 quidem

1208 2437 1306 2477 facit,
1325 2447 1391 2470 non
1407 2439 1518 2471 tamen
1546 2438 1692 2481 injustus
1720 2441 1788 2478 est,
1819 2448 1974 2482 quaenam
2002 2436 2069 2472 sint
2099 2439 2179 2474 illae.
2224 2440 2270 2471 Ac

1208 2497 1354 2539 primum
1384 2497 1470 2531 illud
1499 2497 1736 2537 ostendemus,
1772 2497 1843 2531 fieri
1875 2507 1988 2541 posse,
2010 2500 2049 2531 ut
2072 2498 2195 2541 injuste
2214 2497 2266 2531 fa-

1207 2557 1274 2590 ciat
1292 2557 1423 2600 aliquis,
1439 2566 1500 2590 nec
1518 2559 1629 2591 tamen
1645 2558 1690 2591 sit
1703 2558 1848 2600 injustus
1865 2571 1873 2590 :
1889 2558 1983 2592 verbi
2001 2568 2111 2598 causa,
2126 2561 2166 2591 ut
2182 2558 2270 2592 fure-

1207 2618 1274 2655 tur,
1296 2625 1356 2650 nec
1371 2618 1482 2649 tamen
1506 2615 1562 2649 fur
1588 2617 1643 2656 sit,
1663 2619 1764 2660 atque
1786 2619 1825 2650 ut
1852 2617 2056 2651 adulterium
2080 2618 2186 2658 ineat,
2209 2628 2270 2652 nec

1208 2677 1251 2710 sit
1264 2675 1407 2710 adulter.
1424 2676 1491 2714 Qui
1504 2676 1604 2716 enim,
1623 2677 1738 2710 insano
1754 2676 1879 2710 homini
1893 2677 2042 2720 gladium
2061 2677 2204 2718 furatur,
2227 2688 2269 2712 ne

1206 2739 1349 2770 mortem
1369 2738 1431 2771 sibi
1452 2725 1656 2778 consciscat,
1691 2737 1825 2772 furatur
1853 2739 2007 2782 quidem,
2041 2739 2100 2773 sed
2123 2750 2187 2773 non
2212 2742 2264 2773 est

1206 2796 1288 2830 fur:
1314 2798 1348 2831 et
1372 2797 1434 2840 qui
1448 2797 1651 2832 adulterium
1682 2797 1781 2838 facit,
1812 2801 1851 2831 ut
1872 2798 1967 2832 dives
1993 2799 2063 2832 fieri
2093 2802 2216 2843 queat,
2239 2800 2268 2833 is

1206 2855 1408 2890 adulterium
1425 2856 1561 2900 quidem
1582 2856 1683 2896 facit,
1702 2867 1763 2891 nec
1783 2859 1895 2891 tamen
1921 2858 2066 2900 adulter,
2083 2858 2141 2891 sed
2165 2867 2267 2901 pecu-

1205 2915 1269 2948 nioe
1285 2915 1405 2949 avidus
1419 2917 1470 2949 est
1485 2927 1492 2949 :
1509 2918 1543 2950 et
1563 2916 1592 2950 si
1603 2916 1681 2960 quis
1697 2916 1850 2955 medicus
1864 2918 2028 2960 aegrotum
2049 2917 2206 2959 decipiat,
2227 2919 2266 2950 ut

1206 2976 1318 3014 sanet,
1342 2974 1466 3018 decipit
1485 2974 1623 3018 quidem
1635 3001 1644 3018 ,
1673 2975 1732 3010 sed
1750 2975 1907 3019 deceptor
1923 2986 1988 3009 non
2005 2978 2188 3009 est.·Posse
2204 2976 2266 3018 igi-

1206 3036 1262 3067 tur
1276 3034 1360 3073 fieri,
1380 3037 1420 3068 ut
1437 3035 1516 3078 quis
1535 3035 1697 3079 injustum
1720 3036 1882 3079 quiddam
1901 3038 1987 3079 agat,
2005 3045 2066 3070 nec
2084 3038 2194 3068 tamen
2212 3035 2266 3068 in-

1203 3092 1315 3135 justus
1336 3094 1381 3128 sit
1400 3097 1554 3138 suscepta
1575 3096 1704 3130 actione
1723 3096 1780 3130 illa
1800 3096 1924 3140 injusta
1944 3096 2041 3140 cujus
2064 3098 2181 3129 auctor
2199 3098 2261 3134 est,

1205 3156 1352 3197 apparet.
1391 3157 1475 3194 Quae
1503 3157 1616 3190 autem
1649 3156 1715 3190 sint
1748 3157 1912 3199 ejusmodi
1937 3157 2083 3190 actiones
2108 3156 2259 3199 injustae,

1205 3212 1349 3255 generali
1363 3213 1552 3248 definitione
1571 3215 1672 3249 semel
1692 3215 1929 3249 declarandum
1955 3218 2006 3249 est
2025 3226 2032 3246 :
2053 3223 2262 3258 quaecunque

1206 3271 1328 3314 injuste
1353 3272 1475 3316 aliquis
1499 3274 1584 3317 agit,
1609 3284 1674 3308 non
1695 3274 1767 3308 linis
1794 3284 1905 3314 causa,
1935 3275 1993 3318 qui
2020 3275 2068 3308 illi
2091 3273 2262 3316 injustitiae

29 3405 107 3446 ³3
134 3393 154 3414 ¹
170 3393 215 3430 ‘11
229 3396 258 3429 δ’
271 3382 382 3431 ἀδικία
398 3398 591 3435 τούναντίον
607 3405 666 3435 τοῦ
681 3402 795 3436 ἀδίκου
810 3405 879 3436 κτλ.
895 3419 938 3427 ·-·
954 3404 992 3423 ⁴²*
1015 3404 1093 3447 Cap
1114 3407 1144 3438 6.
1166 3406 1237 3440 ἐπεὶ
1258 3408 1284 3441 δ’
1299 3407 1390 3442 ἐστιν
1411 3409 1590 3443 ἀδικοῦντα
1610 3410 1710 3452 μήπω
1727 3411 1839 3444 ἄδικον
1859 3422 1942 3443 ειναι
1959 3411 2027 3443 κτλ.
