2528 3788
289 233 342 273 60
1201 220 1268 261 DE
1296 219 1552 260 PLATONE.

288 319 391 359 enim
411 317 570 356 dubium
590 324 660 361 est,
685 313 781 364 quin
801 313 914 351 multi
934 313 1001 351 alii
1025 312 1184 351 eandem
1212 311 1317 350 divi·
1379 310 1476 349 bene
1496 307 1663 346 materiae
1683 303 1939 345 similitudine
1964 315 2047 341 esse
2068 311 2212 354 partas,
2234 299 2417 352 quasdam
2466 308 2469 313 ’
2491 360 2495 367 ι

287 377 497 416 dendorum
529 373 699 411 Platonis
730 383 889 422 operum
920 371 1021 408 viam
1051 371 1319 420 rationemque
1347 353 1353 403 l
1379 369 1493 406 etiam
1517 367 1586 406 vix
1606 366 1781 404 ferendas
1800 361 1950 410 videri,
1970 362 2219 413 perspicuum
2245 368 2314 399 est.
2344 357 2419 398 Sed

286 434 499 487 probarint.
530 431 624 469 Nam
660 430 810 468 etiamsi
844 430 1039 479 Diogenes
1078 430 1158 480 (37)
1196 430 1263 475 ait,
1299 441 1320 466 a
1348 457 1349 460 η
1379 428 1507 475 enim,
1525 427 1558 465 si
1579 425 1744 478 primam
1760 420 2001 471 tetralogiam
2019 434 2106 459 cum
2126 419 2294 459 secunda
2312 424 2420 457 com-

285 492 490 542 Thrasyllo
517 490 680 540 primam
701 489 752 527 ob
774 489 989 538 argumenti
1023 488 1318 527 similitudinem

286 565 367 589 eam
384 549 475 599 poni
496 548 734 597 tetralogiam
747 576 758 595 ,
775 560 852 598 qua
871 546 1073 585 ostendere
1097 547 1206 596 velit,
1228 559 1321 596 qua·

285 610 333 647 lis
354 606 577 659 philosophi
611 606 692 644 vita
724 618 806 643 esse
841 605 999 653 debeat,
1032 613 1146 656 atque
1175 605 1322 643 idcirco

283 665 512 716 'Hirasyllus
530 664 656 703 videri
677 672 803 716 potest
827 677 907 702 non
935 676 1108 702 servasse
1127 672 1321 715 receptum

284 725 527 774 dialogorum
572 723 748 761 ordinem
763 751 774 771 ,
810 722 877 760 sed
920 722 1207 773 quodammodo
1241 736 1321 760 mu-

284 791 404 829 tasse,
440 790 567 819 tamen
586 793 607 818 e
630 780 774 828 verbis,
814 793 897 831 quae
919 779 991 817 lib.
1021 779 1094 827 Ill,
1117 781 1164 818 61
1201 780 1322 818 indici

284 840 474 878 librorum
511 839 801 877 Platonicorum
839 838 887 876 ad
918 838 1168 889 Thrasyllum
1190 848 1323 877 aucto-

283 912 362 937 rem
393 898 513 936 relato
546 897 767 948 subjungit,
805 896 867 938 καὶ
891 890 988 941 οὗτος
1021 896 1082 947 μὲν
1114 897 1202 936 οὕτω
1234 898 1324 935 διαι-

283 961 352 1008 ρεῖ,
382 955 442 994 καί
461 970 549 998 τινες
575 964 688 1005 atque
717 960 747 992 is
766 958 915 1005 quidem
930 960 986 992 sic.
1003 958 1141 992 dividit
1156 964 1192 992 ec
1209 955 1321 1006 (alii)

280 1016 438 1068 quidam
472 1014 578 1066 (pari
615 1015 731 1052 modo
766 1007 1042 1066 distribuunt),
1089 1015 1174 1064 cogi
1202 1028 1323 1065 opor-

280 1082 496 1125 tet‚praeter
512 1073 759 1124 Thrasyllum
775 1074 872 1112 alios
887 1087 1042 1124 quoque
1061 1074 1322 1111 eodemmodo

280 1132 405 1170 libros
433 1132 652 1170 Platonicos
688 1132 900 1172 ordinasse.
935 1132 1018 1170 Huc
1046 1132 1192 1169 accedit
1228 1145 1321 1180 gra-

282 1191 442 1230 vissima
454 1190 639 1228 Varronis
653 1192 876 1239 auctoritas,
897 1191 965 1241 qui
983 1190 1031 1228 de
1050 1190 1145 1240 ling.
1170 1191 1233 1228 lat.
1249 1189 1319 1228 lib.

282 1248 367 1294 VII,
393 1249 438 1297 37
470 1249 701 1286 Phaedonem
730 1258 904 1299 spectans
938 1249 1029 1286 citat
1053 1248 1252 1286 Platonem
1282 1249 1323 1285 in

284 1316 420 1358 quarto
444 1307 536 1358 (38).
566 1307 632 1345 Est
661 1315 787 1345 autem
822 1307 865 1345 in
894 1306 1093 1357 Thrasylli
1132 1306 1322 1344 classibus

283 1365 452 1403 Phaedon
473 1374 631 1416 quartus
646 1366 780 1417 primae
795 1365 1006 1415 tetralogiae
1021 1365 1212 1414 dialogus.
1230 1363 1324 1402 lude

282 1423 495 1476 probabilis
531 1424 686 1462 ducitur
715 1423 965 1475 conjectura,
996 1423 1167 1461 Platonis
1194 1422 1324 1460 libro-

280 1495 365 1519 rum
378 1482 552 1519 ordinem
567 1483 634 1531 qui
646 1482 851 1532 Thrasyllo
866 1481 1065 1529 tribuitur,
1080 1490 1117 1519 et
1133 1481 1201 1531 qui
1220 1494 1324 1519 nunc

282 1553 436 1591 quoque
458 1540 500 1578 in
528 1541 726 1591 plerisque
754 1541 864 1578 codd.
890 1553 1006 1577 manu
1026 1540 1192 1577 exaratis
1213 1552 1324 1590 repe-

281 1599 394 1645 ritur,
414 1597 494 1648 jam
516 1607 603 1636 ante
622 1599 872 1650 Thrasyllum
886 1612 963 1636 non
976 1607 1123 1636 tantum
1142 1597 1321 1646 Varroni,

282 1658 349 1694 sed
363 1656 545 1694 omnibus
565 1657 681 1695 fuisse
695 1666 852 1705 notum,
873 1658 927 1695 ita
946 1665 988 1694 ut
1003 1657 1109 1694 solus
1131 1656 1320 1694 librorum

281 1727 463 1752 numerus
482 1715 529 1752 ad
546 1715 804 1764 designandos
823 1716 998 1764 singulos
1017 1715 1194 1764 dialogos
1217 1715 1322 1752 suffi-

282 1781 399 1812 ceret.
421 1771 507 1810 Jam
527 1772 674 1810 sirecte
693 1782 1023 1823 argumentamur,
1047 1785 1193 1810 cumea
1209 1785 1323 1823 quam

283 1831 398 1868 modo
414 1831 752 1881 pronuntiavimus
772 1831 961 1869 sententia
975 1830 1136 1869 fortasse
1156 1832 1212 1868 sic
1230 1844 1323 1868 con-

280 1889 394 1938 jungi
427 1896 553 1940 potest
582 1890 686 1939 quod
711 1889 907 1927 memoriae
925 1889 1056 1940 prodit
1075 1888 1325 1939 Thrasyllus,

283 1947 480 1984 Platonem
507 1959 626 1997 opera
656 1960 725 1985 sua
759 1948 849 1985 κατὰ
880 1946 1105 1999 τετραλογίαν
1131 1947 1233 1985 foras
1254 1947 1325 1985 de-

283 2006 405 2053 disse,
426 2014 469 2043 ut
486 2005 658 2044 dicamus
687 2006 957 2057 Thrasyllum,
981 2019 1100 2056 quum
1132 2018 1154 2043 a
1186 2006 1326 2045 veteri-

283 2064 357 2103 bus
392 2066 620 2115 accepisset,
652 2078 674 2102 a
707 2064 868 2103 Platone
902 2065 1113 2103 nonnullos
1146 2065 1322 2115 dialogos

282 2123 372 2162 κατὰ
393 2122 616 2174 τετραλογίαν
638 2123 855 2173 divulgatos
874 2137 957 2163 esse
970 2153 980 2170 ,
1009 2137 1205 2175 quumque
1233 2137 1320 2161 eum

284 2195 397 2232 quem
418 2182 545 2221 Varro
564 2190 601 2219 et
622 2181 765 2232 reliqui
782 2195 913 2220 omnes
939 2191 1130 2220 noverant
1147 2182 1322 2232 dialogo-

286 2253 372 2278 rum
391 2240 679 2278 Platonicorum
701 2240 875 2278 ordinem
900 2242 940 2278 in
959 2240 1194 2279 membranis
1214 2242 1325 2279 inve-

284 2300 416 2346 nisset,
436 2298 508 2337 hac
524 2308 674 2337 servata
700 2298 891 2337 librorum
921 2302 1020 2337 serie
1044 2312 1133 2338 suas
1167 2301 1322 2339 tetralo-

284 2358 365 2407 gias
386 2358 644 2395 constituisse.
662 2357 707 2395 ln
725 2357 787 2396 his
806 2359 1018 2408 teti-alogiis
1037 2359 1171 2408 negari
1190 2360 1324 2410 nequit

283 2416 379 2466 quin
403 2414 576 2466 quaedam
606 2416 684 2453 sint
703 2415 861 2454 Platone
882 2430 961 2454 non
986 2417 1156 2468 indignae.
1169 2446 1180 2464 ,
1202 2417 1323 2455 veluti

281 2474 408 2524 prima
425 2482 462 2511 et
483 2474 649 2517 secunda
660 2502 670 2521 ,
693 2487 855 2524 quarum
871 2475 939 2512 illa
954 2488 1002 2513 ex
1016 2475 1294 2527 Euthyphrone
1307 2505 1318 2524 ,

283 2533 472 2583 Apologia
498 2531 665 2570 Socratis
678 2561 688 2580 ,
711 2533 867 2570 Critone
897 2542 934 2571 et
953 2534 1146 2572 Phaedone
1166 2548 1321 2585 compo-

284 2590 357 2629 sita
388 2599 468 2637 est,
497 2590 576 2628 haec
611 2603 659 2628 ex
682 2591 858 2641 Cratylo,
888 2591 1105 2641 Theaeteto,
1142 2593 1323 2644 Sophista

283 2657 320 2686 et
338 2648 502 2685 Politico
526 2658 692 2696 constat3
717 2649 780 2686 sed
802 2650 1006 2700 plerasque
1034 2665 1167 2690 omnes
1193 2653 1321 2691 minus

1348 461 1354 514 Ι
1381 497 1583 536 paramus,
1615 483 1695 535 jam
1727 483 1809 521 haec
1848 480 2021 520 nascitur
2053 478 2282 524 difficultas,
2317 475 2424 528 quod

1381 544 1560 595 Cratylus
1578 551 1616 581 et
1643 541 1860 580 'l'heaetetus
1888 538 2076 590 temporis
2107 537 2248 575 ordine
2270 535 2438 588 Euthy-·

1382 602 1568 653 phronem
1598 601 1841 653 praecedunt,
1868 598 1910 637 id
1938 596 2043 648 quod
2070 596 2183 634 facile
2200 603 2258 635 est
2286 594 2336 634 ad
2361 594 2423 634 in-

1382 661 1632 711 telligendum
1655 660 1804 710 Cratyli
1834 659 1950 696 finem
1983 669 2070 694 cum
2095 654 2282 694 Theaeteti
2307 666 2424 704 argu·

1383 728 1511 757 mento
1525 747 1535 767 ,
1576 732 1620 757 ac
1639 718 1673 756 T
1676 718 1824 756 heaeteti
1858 716 1974 755 finem
2011 727 2098 752 cum
2131 711 2426 765 Euthyphronis

1383 777 1497 816 initio
1531 777 1757 815 conferenti.
1791 775 1925 826 Neque
1956 786 2051 812 vero
2076 772 2263 822 diffiteor,
2287 771 2426 819 referri

1383 835 1416 873 T
1418 836 1619 874 heaetetum
1640 836 1688 874 ad
1705 835 1941 886 Sophistam,
1973 832 2213 883 omninoque
2227 860 2238 878 ,
2255 831 2289 870 si
2309 830 2427 869 unius

1386 895 1574 942 materiae,
1591 908 1669 932 non
1688 894 1876 945 temporis
1891 892 2055 930 ducatur
2071 890 2185 938 ratio,
2204 889 2424 940 Cratylum,

1383 953 1415 990 T
1418 953 1633 1002 bermetum,
1654 952 1874 1003 Sophistam
1895 960 1933 988 et
1959 950 2171 987 Politicum
2188 948 2335 999 justam
2361 947 2427 985 ha·

1384 1010 1468 1049 beri
1488 1025 1601 1063 posse
1621 1011 1875 1060 tetralogiam.
1907 1009 2057 1055 Quodsi
2086 1007 2287 1063 Thrasylli
2313 1014 2428 1045 tetra-

1386 1070 1495 1119 logiae
1512 1083 1626 1108 unam
1648 1069 1763 1107 nobis
1782 1069 1880 1106 hanc
1893 1068 2098 1107 utilitatem
2117 1067 2301 1114 afferunt,
2318 1066 2422 1118 quod

1384 1142 1485 1166 nunc
1513 1142 1668 1180 quoque
1703 1128 1901 1174 videmus,
1935 1140 2013 1178 quo
2045 1126 2184 1165 ordine
2215 1125 2299 1176 jam
2339 1132 2427 1162 ante

1383 1187 1507 1236 ipsius
1526 1195 1672 1224 aetatem
1694 1185 1869 1223 Platonis
1890 1186 2033 1236 scripta
2049 1186 2093 1224 in
2108 1183 2278 1233 vulgatis
2297 1195 2428 1225 exem,-

1385 1245 1559 1294 plaribus
1585 1243 1748 1290 fuerint,
1771 1243 1983 1293 quaeritur,
2007 1242 2111 1280 unde
2141 1250 2250 1279 ortus
2282 1240 2334 1279 sit
2364 1239 2429 1278 hic

1385 1302 1483 1340 ordo
1518 1315 1596 1353 quo
1630 1304 1670 1339 in
1703 1301 1930 1339 universum
1963 1312 2040 1339 non
2078 1300 2207 1337 minus
2244 1298 2431 1351 temporis

1383 1374 1498 1411 quam
1520 1360 1687 1398 materiae
1712 1360 1812 1399 ratio
1833 1360 2060 1410 negligitur.
2086 1357 2214 1409 Hujus
2233 1357 2428 1408 originem

1382 1419 1472 1456 iude
1495 1419 1739 1470 repetendam
1769 1431 1874 1468 reor,
1899 1418 2004 1469 quod
2030 1418 2138 1456 Plato
2157 1429 2272 1468 quem
2295 1415 2432 1455 verisi-

1385 1477 1477 1514 mile
1487 1486 1543 1515 cst
1554 1486 1641 1514 ante
1651 1476 1816 1514 Socratis
1829 1485 1991 1514 mortem
2009 1485 2046 1514 et
2059 1475 2209 1526 majora
2216 1486 2432 1525 quaesusee-

1383 1535 1441 1586 pit
1456 1535 1598 1572 itinera
1610 1563 1621 1582 ,
1645 1535 1741 1572 nihil
1757 1534 1861 1584 quod
1876 1534 2016 1573 litteris
2034 1535 2312 1583 consignasset,
2330 1533 2429 1571 emi-

1384 1593 1493 1641 sisse,
1520 1593 1680 1631 forsitan
1701 1593 1875 1631 omnium
1895 1592 2024 1644 prima
2039 1592 2188 1642 ingenii
2209 1592 2270 1630 sui
2292 1603 2427 1630 monu-

1386 1660 1513 1689 menta
1528 1652 1695 1702 junctim
1715 1651 1884 1690 ediderit
1902 1650 2238 1702 Euthyphronem,
2257 1649 2427 1690 socratis

1385 1709 1632 1760 Apologiam,
1649 1709 1848 1747 Critonem
1862 1717 1901 1747 et
1919 1707 2167 1756 Phaedonem,
2188 1717 2231 1747 ut
2251 1709 2428 1758 gratissi·

1384 1780 1488 1805 mum
1505 1781 1596 1817 erga
1615 1768 1866 1819 praeceptoris
1895 1780 2028 1806 manes
2056 1768 2228 1806 animum
2251 1767 2430 1806 testifica-

1384 1835 1502 1873 retur,
1519 1839 1616 1865 neve
1632 1835 1803 1878 posteras
1821 1834 1952 1876 gentes
1970 1826 2157 1878 (aequales
2169 1827 2274 1865 enim
2295 1839 2429 1867 omnes

1386 1885 1582 1938 sciebant)
1605 1886 1787 1935 ignorare
1804 1885 1964 1931 sineret,
1987 1899 2073 1936 quae
2096 1898 2212 1924 causa
2230 1887 2368 1924 mortis
2392 1895 2429 1924 et

1385 1944 1511 1994 qualis
1531 1945 1615 1995 ipsa
1632 1958 1736 1983 mors
1753 1944 1923 1982 Socratis
1942 1943 2087 1984 fuisset.
2105 1945 2200 1991 Quoe
2215 1957 2278 1983 res
2298 1945 2430 1984 nescio

1385 2021 1433 2045 an
1452 2008 1626 2046 effecerit
1639 2037 1649 2056 ,
1670 2017 1728 2056 ut,
1748 2009 1934 2059 quoniam
1951 2009 2092 2060 primi,
2115 2022 2213 2060 quos
2232 2009 2428 2048 Platonem

1384 2066 1551 2104 edidisse
1571 2067 1724 2117 opinor,
1754 2067 1901 2116 dialogi
1929 2079 2093 2105 numero
2121 2076 2304 2119 quattuor
2323 2076 2427 2115 sunt,

1385 2138 1582 2175 quumque
1614 2125 1699 2162 fieri
1739 2134 1874 2175 queat,
1914 2134 1956 2163 ut
1992 2134 2124 2176 postea
2166 2139 2323 2177 quoque
2359 2127 2430 2166 ali-

1386 2183 1540 2233 quando
1560 2192 1742 2233 quattuor
1761 2183 1936 2233 dialogos
1952 2196 2029 2222 una
2049 2184 2283 2234 vulgaverit,
2304 2185 2444 2224 incerv

1385 2250 1444 2279 tus
1463 2250 1597 2279 rumor
1617 2242 1665 2279 ad
1685 2250 1861 2294 posteros
1878 2252 2065 2294 serperet,
2089 2243 2290 2282 Platonem
2309 2258 2429 2297 opera

1384 2312 1452 2337 sua
1471 2300 1604 2338 omnia
1626 2299 1718 2338 κατὰ
1737 2299 1966 2352 τετραλογίαν
1987 2302 2029 2339 in
2049 2301 2174 2340 lucem
2207 2302 2428 2354 protulisse.

1384 2356 1590 2397 Enimvero
1609 2360 1704 2397 huic
1718 2359 1904 2410 opinioni
1927 2370 2006 2397 non
2029 2359 2177 2410 obstat,
2194 2361 2300 2412 qnod
2325 2362 2429 2400 inter

1383 2416 1604 2456 Platonicos
1622 2419 1691 2469 qui
1721 2426 1872 2456 exstant
1897 2417 2074 2468 dialogos
2101 2419 2286 2458 nonnulli
2319 2433 2428 2472 repe-

1384 2476 1539 2514 riuntur
1555 2478 1669 2527 longe
1689 2477 1768 2515 illis
1783 2486 1966 2528 quattuor
1979 2486 2018 2515 et
2032 2477 2212 2517 rudiores
2227 2487 2265 2517 et
2280 2478 2427 2531 imper-

1385 2536 1578 2585 fectiores,
1612 2551 1709 2588 quos
1743 2546 1831 2577 ante
1853 2537 1946 2577 illos
1969 2551 1991 2576 a
2016 2537 2251 2591 philosopho
2281 2539 2428 2592 scripto

1381 2595 1581 2634 mandatos
1601 2609 1684 2634 esse
1714 2610 1736 2635 a
1756 2596 2102 2635 verisimilitudine
2120 2611 2199 2635 non
2219 2598 2426 2646 abhorret,

1382 2664 1418 2692 et
1451 2655 1555 2706 quod
1596 2656 1708 2694 multi
1741 2665 1815 2694 tam
1848 2665 2075 2706 argumento
2108 2669 2222 2708 quam
2255 2666 2427 2709 tempore

295 2732 1452 2744 ———————-———————-—.--————-

283 2775 404 2816 scripta
421 2775 490 2809 sine
501 2775 614 2808 ordine
627 2779 816 2817 posuerunt.
845 2796 886 2802 —
900 2778 967 2820 (37)
990 2779 1151 2819 Diogenes
1175 2781 1323 2814 Laertius

282 2822 338 2855 lib.
354 2825 414 2863 111,
441 2825 479 2855 57
500 2832 508 2850 2
524 2824 648 2863 πρώτην
670 2825 724 2865 μὲν
744 2824 798 2856 οὖν
815 2826 1012 2867 τετραλογίαν
1027 2827 1128 2865 τίθησι
1143 2829 1198 2867 τὴν
1217 2830 1322 2867 κοινὴν

282 2871 425 2902 ὑπόθεσιν
441 2870 591 2911 ἔχουσαν·
607 2872 786 2912 παραδεῖξαι
805 2873 863 2913 γὰρ
880 2873 1022 2914 βούλεται
1036 2897 1045 2913 ,
1061 2876 1168 2912 ὁποῖος
1185 2876 1221 2907 ἂν
1238 2876 1285 2914 εἴη
1304 2878 1320 2908 ὁ

281 2921 336 2949 τοῦ
359 2917 527 2958 φιλοσόφου
550 2918 627 2958 βίος.
651 2936 691 2942 -
716 2918 781 2959 (38)
803 2918 927 2960 Optimi
955 2917 1049 2953 codd.
1069 2921 1175 2953 locum
1196 2922 1243 2954 sic
1264 2931 1323 2954 ex-

283 2964 394 2996 hibent
411 2973 420 2991 ι
441 2965 548 2997 Plato
566 2966 604 2996 in
626 2967 750 3006 quarto
771 2965 814 2997 de
828 2965 1044 3007 fluminibus
1073 2969 1170 3010 apud
1193 2969 1323 3011 inferos

284 3021 359 3054 quae
372 3014 463 3052 sint,
480 3011 521 3044 de
552 3011 605 3044 his
629 3021 743 3045 unum
772 3013 971 3045 Tartarum
1000 3014 1185 3056 appeltam
1211 3025 1323 3058 quare

289 3060 432 3091 Tartari
458 3059 551 3098 oriyo
583 3066 707 3100 yraeca.
737 3062 776 3093 In
806 3059 967 3092 nonnullis
984 3060 1105 3103 legitur
1130 3064 1260 3096 :Plato
1285 3067 1322 3097 in

287 3108 362 3138 1111
389 3105 432 3138 de
439 3105 477 3148 sl.
496 3106 559 3137 eto.
579 3106 753 3140 Muellerus
778 3116 797 3141 e
815 3107 956 3148 scioppii
973 3109 1162 3150 conjectura
1188 3111 1290 3144 edidit
1312 3122 1318 3141 ε

288 3166 303 3180 «
317 3154 421 3186 Plato
434 3155 472 3185 in
488 3153 656 3193 quattuor
671 3154 874 3196 fluminibus
889 3156 986 3193 apud
1006 3156 1137 3197 inferos
1155 3166 1229 3198 quae
1240 3161 1322 3201 sint,

289 3202 325 3231 in
341 3200 395 3232 his
413 3206 525 3234 unum
543 3202 736 3233 Tartarum
747 3202 926 3243 appeunt,-
940 3211 1051 3243 quare
1066 3203 1207 3235 Tartara·
1228 3208 1320 3246 oriqo

286 3255 446 3289 yraeca,»
465 3249 586 3282 testem
617 3248 774 3280 adhibens
802 3249 970 3281 Platonem
999 3249 1161 3282 Phaedone
1195 3260 1227 3291 p.
1262 3255 1319 3284 112

288 3295 391 3327 multa
416 3294 563 3328 fabulose
586 3295 625 3327 de
650 3296 807 3335 quattuor
835 3295 897 3327 illis
918 3295 1104 3328 fluminibus
1123 3301 1319 3331 narrantem.

287 3343 330 3372 At
346 3349 468 3381 vereor,
481 3350 523 3374 ne
538 3341 714 3374 Muellerus
736 3341 903 3373 Platonem
928 3341 1036 3383 ipsum
1057 3342 1110 3373 liic
1132 3351 1194 3374 non
1218 3344 1322 3385 inspe-

287 3389 391 3428 xerit,
411 3396 494 3420 neve
515 3397 590 3420 cum
616 3388 764 3428 Scioppio
790 3387 916 3420 initium
946 3389 1035 3429 quod
1062 3388 1221 3430 integrum
1249 3393 1318 3429 est,

289 3435 372 3469 male
397 3435 587 3476 tentaverit,
609 3434 698 3468 haud
720 3434 785 3467 levi
806 3435 923 3468 mendo
942 3435 974 3467 in.
1001 3435 1115 3469 mediis
1147 3436 1251 3469 verbis
1270 3447 1317 3471 re-

1380 2782 1471 2814 licto.
1501 2782 1663 2815 Nimirum
1682 2783 1842 2824 quattuor
1870 2783 1926 2815 illa
1942 2781 2078 2815 flumina
2097 2783 2187 2825 apud
2213 2783 2381 2817 Platonem
2403 2785 2426 2817 l.

1380 2838 1409 2861 e.
1424 2830 1499 2861 sunt
1518 2830 1683 2870 Oceanus,
1710 2829 1859 2862 Acheron
1874 2854 1882 2870 ,
1910 2830 2189 2872 Pyriphlegethon
2207 2833 2241 2865 et
2259 2832 2342 2872 styx
2357 2831 2428 2864 sive.

1386 2876 1538 2916 Cocytus.
1554 2877 1607 2910 Ait
1618 2877 1706 2910 enim
1721 2876 1869 2918 scriptor,
1887 2878 1925 2908 ut
1938 2876 2020 2909 bene
2033 2877 2305 2918 wyttenbachius
2325 2878 2424 2911 inler-

1381 2923 1538 2963 pretatur,
1548 2927 1749 2964 postremum
1757 2923 1976 2964 cognominari
1986 2923 2261 2968 (ἐπονομάζεσθαι)
2279 2925 2424 2967 stygem,

1380 2970 1548 3011 proprium
1575 2971 1688 3003 autem
1712 2970 1744 3003 ei
1762 2979 1881 3004 nomen
1907 2979 1982 3003 esse
2007 2971 2129 3012 (ὄνομα
2153 2971 2311 3014 δὲγτοῠτῳ
2337 2972 2425 3014 ἐστί)

1382 3017 1550 3058 Cocytum.
1568 3018 1742 3050 Tartarum
1759 3026 1837 3050 vero
1863 3017 1956 3050 Plato
1975 3017 2123 3058 perhibet
2140 3027 2212 3051 esse
2232 3018 2372 3057 hiatum,
2386 3019 2420 3051 iu

1382 3071 1479 3103 quem
1507 3063 1601 3096 ssuvii
1629 3073 1741 3097 omnes
1773 3064 1939 3096 confluant
1959 3065 1992 3096 et
2020 3064 2108 3096 unde
2137 3073 2252 3097 rursus
2283 3065 2420 3098 effluant

1382 3111 1444 3151 (εἷς
1458 3111 1517 3152 γὰρ
1528 3114 1619 3143 τοῦτο
1636 3113 1672 3144 τὸ
1692 3111 1802 3153 χάσμα
1815 3110 1981 3153 συρῤέουσί
2000 3122 2034 3143 τε
2050 3110 2162 3148 πάντες
2174 3113 2204 3143 οἱ
2217 3112 2354 3153 ποταμοὶ
2370 3113 2422 3144 καὶ

1382 3159 1417 3189 ἐκ
1431 3159 1541 3190 τούτου
1558 3159 1650 3191 πάλιν
1667 3156 1854 3200 tupi-ioum).
1869 3160 1984 3199 Itaque
2002 3157 2160 3191 Varronis
2174 3158 2275 3191 verba
2289 3157 2324 3190 in
2335 3157 2424 3191 hunc

1380 3205 1514 3238 modum
1528 3205 1687 3238 emendo:
1709 3206 1812 3238 Plato
1829 3207 1866 3238 in
1885 3205 2014 3247 quarto
2031 3205 2074 3239 de
2092 3205 2301 3247 fluminibus
2320 3206 2422 3243 apud

1381 3252 1512 3294 inferos
1541 3253 1684 3295 loquens
1696 3252 1836 3285 hiatum
1849 3277 1858 3294 ‚
1876 3254 1915 3285 in
1935 3260 2035 3294 quem
2051 3262 2084 3288 se
2107 3251 2320 3295 effundunt,
2337 3253 2421 3285 Tar-

1382 3300 1489 3332 tarum
1504 3299 1663 3341 appcllat3
1679 3307 1779 3341 quare
1795 3301 1931 3332 Tartari
1954 3300 2051 3340 oriyo
2066 3307 2189 3340 yraeca.

1421 3345 1488 3387 (38)
1515 3347 1675 3388 Diogenes
1694 3346 1842 3379 Laertius
1870 3345 1927 3378 lib.
1951 3349 2012 3387 ΠΙ,
2043 3349 2082 3380 57
2100 3348 2161 3379 εἶσὶ
2185 3347 2305 3388 τοίνυν,
2327 3347 2419 3387 φησὶν

1378 3393 1414 3434 (ὁ
1437 3394 1645 3435 Θράσυλλος),
1671 3396 1700 3426 οἱ
1731 3394 1841 3430 πάντες
1872 3394 1960 3434 αὐτῷ
1990 3395 2111 3434 γνήσιοι
2140 3395 2277 3436 διάλογοι
2311 3394 2341 3431 ἓξ
2364 3395 2419 3426 καὶ

1376 3441 1582 3482 πεντήκοντα,
1600 3444 1652 3480 τῆς
1667 3441 1720 3482 μὲν
1735 3440 1888 3478 πολιτείας
1905 3441 1946 3478 εἷς
1963 3441 2039 3474 δέκα
2055 3441 2278 3483 διαιρουμένης,
2302 3444 2364 3473 τῶν
2385 3441 2418 3473 δὲ
