2508 3776
658 156 962 203 ETHICORUM
991 160 1439 203 NICOMACHEORUM
1469 163 1850 206 PARAPHRASIS.

162 250 369 308 &tophum
385 248 445 290 καὶ
460 250 634 305 διαφέρων
653 254 836 298 τοσοῦτον,
853 249 935 290 ὅσον
948 250 989 290 τὸ
1007 250 1101 290 κατὰ
1121 249 1224 302 λόγον

51 351 57 361 -,
161 312 235 360 W
253 304 316 350 τοῦ
333 309 428 349 κατὰ
454 311 585 359 πάθος,
616 310 677 351 καὶ
707 314 730 359 ἡ
763 314 824 350 τοῦ
853 313 985 363 ἀγαθοῦ
1020 310 1130 364 ὄρεξις
1161 313 1225 358 τῆς

55 382 58 383 ’
117 391 122 394 ·
170 367 310 426 φαύλης
328 371 531 422 ἐπιθυμίας.
570 370 675 411 Ἐπεὶ
696 370 811 410 τοίνυν
839 369 919 416 τοὺς
935 371 1146 415 σπουδαίους
1165 370 1225 409 καὶ

58 437 63 444 ’
163 430 335 475 &nuntie
355 430 538 471 ἐπαινοῦσι
570 430 632 470 καὶ
664 429 904 484 ἀποδέχονται
923 430 1054 475 πάντες
1069 459 1080 478 ,
1116 429 1168 468 δεῖ
1186 428 1223 468 δὲ

164 488 305 534 ’Ἶὲάντας
326 490 491 535 ἐπιεικεῖς
510 483 619 542 εἶναι,
640 489 805 544 (καὶγὰρ
821 489 965 530 πάντων
989 491 1037 534 εἷς
1058 488 1097 528 τὸ
1114 489 1223 528 καλὸν

159 548 447 602 ’ἂμιλλωμένωη
466 551 528 591 καὶ
551 550 820 602 διατεινομένων
844 549 890 589 τὰ
918 549 1094 588 κάλλιστα
1111 549 1224 602 πράτ-

171 615 267 657 τειν,
289 610 409 651 πάντα
431 608 632 659 ἀπαντήσει
649 611 665 636 ‘¹
689 609 736 649 τὰ
767 609 904 662 ἀγαθά,
925 608 987 648 καὶ
1007 611 1106 662 κοινῇ
1136 615 1224 649 πᾶσι

169 669 232 710 καὶ
250 670 324 723 ἰδίᾳ
341 670 682 725 ίκάστω)’φανερόν,
704 669 757 709 ὅτι
771 669 847 709 δέον
868 668 944 708 ἐστὶ
964 669 1022 708 τὸν
1046 668 1110 720 μὲν
1132 670 1224 721 ἀγα-

122 758 128 763 ·
167 728 228 779 ,θὸν
246 729 415 785 φίλαυτον
437 709 543 771 εἷναι.
565 729 638 770 Καὶ
657 728 725 783 γὰρ
745 728 847 773 αὐτός
864 745 903 768 τε
934 729 1058 768 ἑαυτὸν
1084 728 1222 782 ὠφελή-

168 803 225 833 ,σει
242 788 287 830 τὰ
305 788 400 830 καλὰ
429 789 622 843 πράττων,
649 788 709 828 καὶ
738 788 816 833 τοὺς
838 787 965 832 ἄλλους
999 787 1058 828 ἐπὶ
1090 787 1134 827 τὰ
1163 788 1224 827 ἴσα

170 847 308 898 κινήσει
326 863 337 875 ·
366 848 426 889 τὸν
458 849 496 888 δὲ
521 847 702 901 μοχθηρὸν
735 847 900 888 οὖκέτιθ·
934 850 1043 902 φιλῶν
1071 847 1140 902 γὰρ
1163 848 1223 888 καὶ

167 899 397 964 χαριζόμενος
411 909 527 962 ἑαυτῷ
544 907 673 962 βλάψει
689 906 749 947 καὶ
762 906 899 957 ἑαυτόν,
919 908 982 948 καὶ
997 907 1076 953 τοὺς
1095 907 1221 957 πέλας,

166 968 319 1011 πάθεσιν
330 968 499 1022 ἑπόμενος
514 969 678 1023 φαύλοις·
696 967 774 1007 ἐπεὶ
788 967 832 1006 τὰ
848 967 947 1021 παρὰ
967 968 1030 1018 μὲν
1047 971 1096 1021 τῷ
1116 984 1222 1008 σπου-

158 1028 259 1084 ίδιιίῳ
271 1029 396 1070 ταύτόν
407 1028 528 1069 ἐστινὸ
539 1027 748 1082 πράττουσι,
761 1026 853 1067 καὶὸ
872 1027 1041 1081 πράττειν
1059 1027 1096 1067 δὲ
1118 1043 1223 1081 προσ-

169 1088 268 1138 ήκει·
284 1087 428 1142 καὶγὰρ
445 1094 515 1134 πᾶς
534 1087 597 1140 μὲν
613 1087 703 1141 ἀνὴρ
720 1086 849 1140 ἀγαθὸς
866 1090 971 1132 ὁνοῧς
986 1088 1198 1139 αὑτοῦ-ἐστιν
1210 1101 1219 1110 ·

128 1195 133 1198 ἢ
168 1150 190 1188 ὃ
205 1151 284 1194 νοῦς
310 1149 350 1188 δὲ
369 1151 520 1203 αἱρεῖται
540 1147 581 1186 τὸ
603 1147 786 1201 βέλτιστον
807 1149 922 1200 ἑαυτῷ
941 1163 951 1172 ·
974 1148 1007 1186 οἱ
1029 1147 1064 1186 δὲ
1081 1151 1220 1201 πειθαρ-

162 1211 273 1264 χοῦσι
292 1208 353 1249 καὶ
373 1209 606 1248 ἀκολουθοῦσι
631 1210 682 1256 τῷ
711 1209 781 1261 νῷ·
807 1207 906 1261 παρὰ
927 1206 963 1247 δὲ
986 1208 1056 1252 τοῖς
1081 1207 1225 1260 φαύλοις

167 1267 213 1308 ’τὸ
226 1266 331 1316 δίον,
351 1267 412 1307 καὶ
433 1266 626 1314 δποιοῦσι,
652 1268 818 1322 διαφωνεῖ
835 1283 843 1291 ·
866 1267 926 1306 καὶ
948 1266 1005 1305 διὰ
1025 1271 1128 1306 τοῦτο
1147 1266 1225 1312 τοὺς

161 1326 234 1380 “μὲν
254 1328 295 1366 οὗ
320 1327 373 1366 δεῖ
392 1326 581 1382 φιλαύτους
601 1320 710 1374 εἶναι,
733 1326 812 1371 τοὺς
839 1326 875 1365 δὲ
907 1325 1050 1371 ἑαυτοὺς
1067 1326 1223 1377 μάλιστα

158 1386 342 1442 Απροσήκει
362 1387 488 1440 φιλεῖν.
517 1385 626 1427 Οὕτω
653 1386 717 1438 μὲν
743 1390 762 1426 ὁ
794 1386 926 1435 ἀληθὴς
955 1385 1138 1439 διώρισται
1159 1386 1221 1426 λό-

158 1440 243 1502 Qec.
265 1446 399 1488 Λυτέον
432 1445 470 1486 δὲ
498 1446 638 1486 καὶτὸν
664 1449 803 1501 πρῶτον
832 1446 936 1500 λόγον
952 1476 964 1495 ,
988 1447 1031 1485 δι’
1052 1446 1089 1486 ὃν
1113 1448 1226 1488 ε’δόκει

167 1506 229 1547 τὸν
251 1505 380 1560 α’γαθὸν
405 1505 456 1559 μὴ
488 1499 576 1546 εἶναι
602 1505 793 1560 φίλαυτον,
823 1505 875 1547 ὅτι
906 1509 976 1546 τῶν
1009 1506 1072 1558 μὲν
1098 1509 1225 1548 ἑαυτοῦ

159 1559 314 1619 ζᾶμιλεῗ,
335 1567 434 1613 ζητεῖ
453 1563 491 1604 δὲ
511 1564 556 1604 τὰ
573 1568 642 1604 τῶν
661 1566 771 1618 φίλων
795 1565 856 1605 καὶ
873 1568 934 1613 τῆς
954 1565 1122 1619 πατρίδος
1142 1567 1225 1616 ἀγα-

159 1615 239 1680 θά,
258 1625 349 1681 ὑπὲρ
367 1618 417 1664 ὧν
443 1624 506 1664 καὶ
525 1625 738 1674 ἀποθνήσκει
771 1626 914 1673 δεῆσαν.
949 1624 1036 1665 “Ou
1069 1624 1132 1677 μὲν
1163 1619 1224 1666 οῧν

158 1685 321 1739 τοιοῦτός
357 1687 451 1726 ἐστιν
470 1688 490 1726 ὃ
507 1685 733 1734 ’σπουδαῖος,
767 1685 894 1735 ἀληθές
927 1687 1036 1725 ἐστιν.
1073 1687 1129 1725 Οὐ
1154 1685 1225 1738 μὴν

160 1745 233 1794 ,διὰ
254 1749 358 1787 τοῦτο
381 1745 505 1801 ῥητέον
529 1745 635 1785 αὐτὸν
658 1744 708 1797 μὴ
733 1746 890 1797 μάλιστα
910 1745 1077 1799 φίλαυτον
1111 1739 1199 1785 εἶναι
1214 1764 1222 1772 ·

170 1807 215 1852 δι’
237 1806 326 1850 αὐτὰ
346 1806 411 1858 μὲν
440 1799 502 1846 οῧν
529 1808 690 1861 φαίνεται
713 1805 881 1861 φίλαυτος
915 1799 1017 1848 εἶναι,
1056 1806 1128 1847 Καὶ
1156 1808 1224 1862 γὰρ

167 1865 251 1910 ,ὀπὶ
270 1867 439 1919 μεγάλων
461 1865 572 1918 μικρὰ
594 1862 778 1920 προΐεται,
802 1865 864 1906 καὶ
885 1865 929 1904 τὰ
949 1865 1058 1919 μικρὰ
1082 1866 1225 1920 ῥίπτων,

161 1926 216 1967 ’.τὰ
237 1923 391 1980 μέγιστα
425 1927 496 1966 τῶν
528 1927 670 1980 ἀγαθῶν
707 1928 822 1979 ἑαυτῷ
856 1928 1091 1978 περιποιεῖται
1109 1942 1118 1951 ·
1157 1934 1226 1974 τοῖς

156 1984 327 2040 ’μὲνγὺρ
344 1984 456 2039 φίλοις
483 1985 545 2025 καὶ
577 1989 622 2039 τῇ
655 1985 800 2039 πατρίδι
829 1985 1001 2038 χρήματα
1024 1986 1086 2026 καὶ
1119 1989 1226 2039 τιμὰς

154 2045 236 2088 ’καὶ
249 2049 395 2086 τοιαῦτα
414 2044 588 2098 παρέχει,
611 2047 728 2097 ἑαυτῷ
748 2044 785 2084 δὲ
805 2045 844 2084 τὸ
869 2045 976 2084 καλὸν
990 2045 1051 2085 καὶ
1077 2048 1224 2099 ἀγαθόν,

171 2105 236 2149 ’καὶ
249 2103 404 2160 χρηστὸν
428 2104 488 2143 καὶ
510 2105 693 2158 φιλόπολιν
715 2097 827 2153 εἶναι,
844 2103 905 2143 καὶ
921 2105 967 2143 τὰ
983 2109 1149 2156 τοιαῦτα,
1175 2101 1224 2146 ὧν

154 2159 294 2207 ‘'tuci'w
306 2165 424 2205 πάντα
445 2165 584 2204 ἐλάττω
598 2180 607 2189 ·
630 2163 691 2204 καὶ
711 2163 794 2203 ὅταν
829 2165 865 2204 δὲ
885 2164 971 2218 ὑπὲρ
998 2167 1068 2204 τῶν
1091 2165 1221 2220 φίλων,

155 2225 232 2274 Δκαὶ
260 2227 324 2273 τῆς
353 2224 488 2269 πόλεως
512 2223 695 2277 ἀποθάνῃ,
730 2223 790 2262 καὶ
812 2222 877 2271 τὴν
912 2225 1038 2262 ἑαυτοῦ
1070 2229 1223 2278 πρόηται

151 2275 285 2334 sumita,
306 2283 415 2336 μείζω
440 2283 644 2336 ἐκέρδανεν,
668 2282 693 2331 ἢ
725 2284 919 2336 προήκατο.
956 2284 1124 2337 Αἱρεῖται
1157 2285 1224 2341 γὰρ

166 2339 288 2398 ’ὂλῗγϋν
306 2341 434 2399 χρόνον
455 2347 607 2392 ἡσθῆναι
632 2343 770 2398 σφόδρα
788 2342 854 2390 τὴν
877 2342 1011 2395 ἀγαθὴν
1032 2343 1094 2383 καὶ
1118 2346 1224 2384 ἐπαι-

163 2400 275 2458 ’νὶτὴν
287 2404 443 2453 ἡδονήν,
465 2403 639 2454 ἢπολλὴν
659 2405 788 2458 ἠρέμα·
813 2403 874 2443 καὶ
895 2404 1031 2457 βέλτιον
1057 2407 1152 2459 αὑτῷ
1173 2401 1225 2446 εἶ-

62 2495 67 2503 .
118 2462 137 2474 ’“
153 2466 230 2506 ”vm
244 2465 384 2520 ἡγεῖται
402 2463 461 2504 τὸν
490 2463 564 2518 βίον
592 2464 714 2519 μικρὸν
733 2463 817 2504 ὄντα
841 2464 1004 2517 μεγάλων
1022 2463 1142 2518 γέμειν
1163 2483 1226 2507 κα-

151 2522 472 2580 “’τορθωμα’των,ἢ
498 2524 634 2578 μακρὸν
664 2524 845 2578 βιώσαντα
873 2523 922 2576 μὴ
945 2523 1055 2569 οὕτως
1085 2527 1226 2567 ἐπαινε-

142 2583 229 2637 τὸν
246 2577 359 2633 εἶναι,
389 2583 450 2624 καὶ
468 2584 553 2637 μίαν
573 2584 700 2637 πρᾶξιν
725 2587 872 2631 ποιῆσαι
891 2583 1005 2632 καλὴν
1023 2584 1085 2624 καὶ
1113 2587 1223 2639 μεγά-

150 2638 236 2704 ζλλην
252 2675 263 2695 ,
280 2644 304 2693 ἢ
319 2644 453 2689 πολλὰς
477 2643 539 2684 καὶ
568 2645 707 2698 μικράς.
730 2646 858 2685 Ταῦτα
881 2643 948 2699 γὰρ
976 2646 1116 2685 ἐκείνων
1141 2650 1226 2686 καλ-

149 2702 254 2761 λίῳ,
270 2703 347 2746 Καὶ
365 2703 508 2758 πράξεις
530 2703 567 2744 δὲ
583 2703 777 2748 σπουδαίας
796 2703 905 2744 ἐνίοτε
924 2705 1086 2758 προΐεται
1108 2709 1160 2760 τῷ
1172 2707 1227 2761 φί-

157 2763 246 2820 λῳ,
269 2762 332 2805 καὶ
351 2763 425 2810 ἐξὸν
455 2765 558 2804 αὐτὸν
577 2764 744 2818 πράττειν
759 2794 770 2812 ,
792 2763 915 2818 ἐκείνῳ
943 2769 1006 2810 τῆς
1026 2767 1226 2819 φιλοτιμίας

169 2824 404 2878 παραχωρεῖ,
425 2822 488 2863 καὶ
501 2829 698 2872 τηνικαῦτα
714 2825 749 2863 δὲ
764 2826 803 2864 τὸ
821 2828 936 2876 μεῖζον
961 2828 1091 2879 ἀγαθὸν
1112 2829 1225 2881 ἑαυτῷ

173 2884 361 2936 ἀπονέμει·
393 2882 539 2923 κάλλιον
572 2883 641 2937 γὰρ
665 2889 728 2924 τοῦ
757 2886 860 2925 αὐτὸν
892 2885 1024 2939 πρᾶξαι
1053 2887 1094 2927 τὸ
1114 2887 1224 2927 αἴτιον

172 2946 235 2985 τοῦ
253 2945 364 2983 καλοῦ
382 2945 434 2996 τῷ
462 2942 554 2998 φίλῳ
573 2943 746 2996 γενέσθαι.
787 2944 856 2984 Διὰ
876 2948 990 2984 ταῦτα
1020 2946 1061 2995 δὴ
1081 2947 1224 2993 εἰκότως
1255 2978 1262 2990 .

2264 169 2344 208 533

1287 256 1364 299 quis
1391 257 1512 291 rationi
1538 259 1773 293 convenienter
1795 260 1911 301 vivat,
1939 269 1981 293 an
2004 259 2184 296 affectibus
2208 260 2344 300 serviat,

1288 318 1322 349 et
1345 320 1509 360 quantum
1526 319 1602 352 boni
1620 320 1788 362 appetitus
1801 319 1959 361 agvitiosa
1976 320 2114 354 libidine
2127 320 2243 354 distat.
2259 322 2344 354 Cum

1289 386 1367 419 ergo
1383 378 1485 411 bonos
1501 381 1535 412 et
1551 389 1669 422 aequos
1696 380 1848 414 homines
1867 390 1983 414 omnes
2003 383 2039 414 et
2062 380 2200 414 laudent
2221 383 2254 414 et
2270 391 2342 414 am-

1290 437 1488 479 plectantur,
1513 448 1628 472 omncs
1644 442 1757 473 autem
1783 440 1906 483 probos
1932 450 2005 474 esse
2038 440 2165 480 deceat,
2185 441 2230 483 (si
2257 440 2345 474 enim

1286 505 1401 530 omnes
1422 497 1465 530 ad
1495 498 1672 532 honestum
1695 499 1849 532 certatim
1876 500 2049 542 pervenire
2091 510 2210 544 resque
2240 501 2343 534 hone-

1290 556 1454 589 stissimas
1468 567 1563 599 agere
1584 559 1794 597 contendant,
1813 559 1923 591 omnia
1937 562 1971 592 et
1987 559 2118 602 publice
2137 562 2171 593 et
2188 560 2346 603 privatim

1288 617 1426 659 singulis
1447 618 1600 651 evenient
1624 618 1721 660 bona)
1748 618 1964 652 manifestum
1998 621 2061 659 est,
2085 620 2210 653 bonum
2231 620 2343 653 virum

1288 677 1322 709 in
1347 677 1465 720 prImis
1484 677 1536 710 sui
1562 680 1746 711 amatorem
1770 688 1842 711 esse
1862 681 2029 721 oportere.
2049 680 2198 721 Namque
2214 681 2248 712 et
2274 679 2344 721 ipse

1286 737 1434 770 honestis
1455 738 1642 771 actionibus
1658 739 1730 772 sibit-
1739 733 1901 781 proderit,
1930 742 1963 772 et
1985 739 2069 772 alios
2095 739 2137 772 ad
2154 739 2342 781 ‚earundem

1288 807 1401 830 rerum
1421 798 1572 830 studium
1591 798 1740 841 impellet
1762 811 1771 831 ε
1790 799 1980 841 improbum
2008 809 2086 832 vero
2103 809 2169 832 non
2186 799 2266 833 item
2287 811 2294 832 :
2316 800 2346 832 si

1287 857 1375 890 enim
1388 866 1499 891 amare
1514 867 1549 891 se
1562 860 1596 891 et
1615 858 1792 900 gratificari
1811 859 1874 892 sibi
1896 859 2031 901 coeperit
2044 885 2051 898 ,
2074 861 2108 892 et
2132 858 2195 892 sibi
2215 859 2347 892 nocebit

1287 918 1320 950 et
1339 916 1423 955 aliis,
1455 917 1586 950 vitiosis
1614 917 1715 950 animi
1742 918 2053 959 perturbationibus
2074 919 2309 961 obtemperans
2334 932 2343 951 ;

1286 977 1444 1018 quoniam
1464 976 1497 1009 in
1522 976 1604 1010 viris
1640 977 1754 1019 probis
1773 976 1861 1010 idem
1889 979 1940 1010 est
1962 977 2054 1020 quod
2073 979 2174 1020 agunt
2199 979 2234 1012 et
2257 978 2348 1021 quod

1287 1035 1338 1077 agi
1361 1035 1516 1068 convenit
1534 1046 1542 1068 ε
1559 1038 1652 1069 totus
1666 1036 1754 1069 enim
1770 1036 1821 1069 vir
1838 1035 1945 1069 bonus
1964 1046 2059 1070 mens
2082 1046 2143 1070 sua
2158 1040 2230 1071 est:
2254 1047 2349 1071 mens

1287 1097 1400 1128 autem
1425 1094 1489 1128 sibi
1515 1094 1630 1137 deligit
1657 1095 1748 1138 quod
1775 1098 1826 1129 est
1852 1096 2018 1138 optimum
2037 1109 2046 1128 :
2064 1096 2114 1129 illi
2138 1106 2218 1130 vero
2237 1097 2342 1130 menti

1286 1156 1405 1198 parent
1434 1163 1577 1197 eamque
1609 1157 1798 1198 sequuntur
1818 1182 1827 1197 ,
1853 1155 1887 1188 in
1923 1155 2021 1188 malis
2053 1165 2134 1189 vero
2156 1156 2347 1190 hominibus

1286 1212 1377 1256 quod
1404 1212 1595 1246 faciendum
1629 1214 1680 1246 est
1712 1213 1755 1246 ab
1791 1222 1831 1246 eo
1868 1213 1959 1256 quod
1991 1213 2118 1246 faciunt
2151 1214 2315 1256 discrepat
2339 1227 2347 1247 ε

1290 1273 1432 1317 ideoque
1448 1273 1511 1306 hos
1536 1273 1588 1306 sui
1620 1275 1787 1307 amatores
1809 1282 1881 1306 esse
1912 1282 1977 1306 non
1999 1275 2151 1316 oportet,
2175 1274 2251 1306 illos
2271 1283 2350 1306 vero

1289 1333 1434 1366 maxime
1450 1343 1486 1367 se
1508 1333 1597 1376 ipsos
1619 1343 1731 1367 amare
1747 1334 1853 1367 decet.
1878 1333 1933 1367 Sic
1948 1333 2086 1377 quidem
2108 1343 2223 1367 veram
2240 1333 2348 1376 expli-

1290 1392 1440 1426 cavimus
1463 1392 1663 1436 opinionem.
1694 1394 1769 1426 Jam
1789 1402 1869 1426 vero
1891 1395 1922 1426 et
1939 1393 1982 1426 ad
2003 1393 2147 1436 priorem
2164 1394 2257 1426 illam
2275 1393 2349 1436 opi-

1289 1453 1420 1486 nionem
1451 1452 1719 1496 respondendum
1741 1455 1812 1492 est,
1844 1463 1948 1496 quam
1969 1453 2129 1487 habentes
2155 1453 2348 1487 statuebant

1291 1512 1402 1545 virum
1422 1512 1548 1546 bonum
1578 1522 1647 1546 non
1678 1522 1751 1546 esse
1775 1513 1828 1546 sui
1854 1516 2035 1555 amantem,
2053 1514 2133 1557 quia
2150 1523 2228 1548 suas
2255 1513 2345 1546 utili-

1292 1574 1377 1605 tates
1413 1572 1570 1614 negligit,
1612 1572 1796 1606 amicorum
1837 1582 1917 1606 vero
1951 1575 1985 1607 et
2022 1574 2140 1616 patriae
2174 1574 2348 1608 commoda

1290 1633 1438 1674 spectat,
1468 1641 1529 1674 pro
1555 1632 1680 1675 quibus
1713 1641 1755 1666 ne
1783 1633 1868 1666 mori
1894 1633 2032 1676 quidem
2057 1635 2202 1673 recusat,
2239 1643 2347 1677 quum

1288 1693 1431 1734 oportet.
1471 1691 1584 1725 Talem
1617 1701 1695 1735 ergo
1720 1701 1793 1725 esse
1824 1693 1935 1726 virum
1966 1693 2102 1732 bonum,
2132 1702 2251 1726 verum
2281 1695 2345 1727 esta

1288 1753 1404 1794 Neque
1423 1753 1535 1784 tamen
1551 1753 1726 1794 propterea
1739 1751 1917 1785 dicendum
1936 1754 2004 1791 est,
2021 1762 2099 1785 eum
2120 1762 2186 1785 nou
2202 1752 2347 1786 maxime

1289 1810 1341 1842 sui
1371 1811 1542 1843 amantem
1577 1819 1650 1844 esse
1673 1824 1681 1844 ι
1713 1820 1820 1854 quum
1850 1811 1952 1844 etiam
1987 1811 2112 1844 idcirco
2150 1811 2203 1844 sui
2231 1821 2348 1845 amans

1289 1878 1362 1902 esse
1374 1869 1539 1902 videatur.
1561 1871 1645 1902 Nam
1664 1879 1726 1912 pro
1743 1870 1871 1912 magnis
1889 1879 1992 1913 parva
2005 1869 2190 1913 profundit,
2211 1872 2244 1903 et
2263 1870 2347 1904 dum

1289 1929 1427 1962 minima
1444 1929 1604 1972 quaedam
1624 1929 1751 1972 abjicit,
1773 1930 1921 1963 maxima
1943 1930 2006 1963 sibi
2029 1932 2202 1973 comparat
2228 1930 2315 1964 bona
2336 1945 2345 1965 ε

1289 1988 1404 2022 amicis
1437 1989 1562 2032 quippe
1592 1989 1776 2033 patriaeque
1803 1990 1977 2032 pecunias,
2013 1991 2156 2024 honores
2197 1991 2347 2034 aliasque

1289 2049 1390 2091 hujus
1416 2049 1546 2091 generis
1571 2058 1625 2081 res
1653 2049 1806 2091 largitur,
1829 2049 1893 2082 sibi
1916 2059 1996 2083 vero
2024 2050 2156 2083 honesti
2188 2050 2344 2092 bonique,

1290 2111 1322 2141 et
1342 2108 1436 2150 probi
1463 2108 1524 2141 viri
1542 2108 1728 2151 patriaeque
1748 2109 1892 2141 amantis
1920 2109 2132 2151 aliarumque
2153 2109 2347 2151 hujusmodi

1290 2168 1454 2202 virtutum
1482 2168 1606 2202 famam
1628 2169 1763 2211 quaerit,
1785 2168 1911 2211 quibus
1941 2169 2071 2211 reliqua
2096 2168 2189 2210 longe
2218 2169 2347 2202 minora

1289 2231 1367 2261 sunt
1386 2241 1394 2261 :
1416 2238 1591 2271 quumque
1611 2237 1670 2271 pro
1687 2228 1801 2261 amicis
1817 2230 1849 2261 et
1869 2237 1930 2270 pro
1948 2228 2055 2270 patria
2072 2228 2215 2261 moritur
2231 2238 2346 2261 suam-

1289 2280 1355 2331 c’1ue
1383 2288 1489 2321 vitam
1508 2287 1691 2331 profundit,
1711 2289 1840 2330 majora
1861 2290 1974 2320 tamen
2001 2288 2152 2321 lucratus
2172 2291 2221 2322 est
2242 2298 2346 2331 quam

1288 2348 1443 2391 perdidit.
1466 2348 1596 2381 Mavult
1613 2348 1702 2381 enim
1723 2357 1903 2390 parumper
1924 2348 2062 2381 honesta
2089 2348 2148 2381 illa
2172 2357 2212 2381 ac
2230 2349 2346 2382 lauda-

1289 2408 1347 2442 bili
1378 2408 1549 2451 voluptate
1568 2407 1646 2447 frui,
1668 2418 1771 2451 quam
1793 2409 1889 2450 longa
1905 2408 2085 2450 tranquille
2103 2421 2111 2440 ι
2133 2410 2235 2451 atque
2249 2410 2346 2441 ante-

1290 2469 1476 2511 ponendam
1498 2468 1561 2501 sibi
1579 2477 1650 2501 esse
1669 2468 1763 2501 ducit
1784 2468 1889 2501 vitam
1906 2468 2055 2506 brevem,
2080 2468 2139 2501 sed
2162 2469 2290 2510 magnis
2310 2478 2348 2501 ac

1290 2528 1459 2571 praeclaris
1487 2527 1690 2562 facinoribus
1721 2527 1877 2561 refertam
1904 2528 1984 2561 vitae
2004 2528 2120 2571 longoe,
2150 2528 2205 2561 sed
2236 2529 2348 2562 minus

1290 2589 1460 2627 laudabili,
1483 2598 1652 2632 unamque
1677 2598 1832 2631 magnam
1862 2598 1933 2622 rem
1963 2588 2046 2622 bene
2072 2590 2200 2631 gestam
2231 2589 2348 2621 multis

1290 2649 1470 2692 parvisque
1495 2649 1682 2682 actionibus
1709 2649 1883 2691 susceptis.
1913 2650 1995 2682 Haec
2019 2648 2107 2682 enim
2138 2649 2207 2681 illis
2243 2649 2348 2682 hone-

1291 2708 1394 2741 stiora
1411 2709 1499 2740 sunt.
1513 2706 1578 2740 Sed
1593 2708 1626 2738 et
1644 2707 1752 2739 rectas
1765 2706 1911 2738 actiones
1922 2705 2090 2738 interdum
2103 2705 2210 2737 amico
2230 2704 2345 2745 tradit,

1289 2776 1466 2810 quumque
1496 2766 1559 2808 ipsi
1580 2774 1636 2798 eas
1656 2765 1825 2808 suscipere
1850 2765 1965 2804 liceat,
1997 2765 2041 2798 illi
2071 2765 2162 2797 hunc
2186 2765 2346 2797 honorem

1290 2826 1450 2865 concedit,
1470 2835 1510 2858 ac
1528 2828 1601 2858 tum
1626 2826 1735 2868 maJus
1757 2825 1819 2858 sibi
1838 2825 1993 2858 attribuit
2014 2825 2139 2858 bonum
2161 2838 2170 2858 :
2190 2825 2347 2857 nimirum

1290 2886 1464 2919 honestius
1485 2886 1517 2919 ei
1552 2887 1622 2924 est,
1661 2885 1767 2918 amico
1801 2884 1953 2927 praeclari
1985 2884 2144 2918 facinoris
2175 2894 2345 2918 suasorem

1289 2958 1392 2991 quam
1409 2948 1520 2991 ipsum
1546 2946 1626 2980 facti
1646 2949 1819 2980 auctorem
1835 2956 1918 2980 esse.
1938 2948 2049 2985 Quare
2072 2947 2191 2979 merito
2212 2946 2346 2979 videtur

170 3002 269 3045 δοκεῖ
299 3002 488 3048 σπουδαῖος
521 2997 611 3043 εἶναι
627 3033 638 3051 ,
673 3003 752 3043 ἀντὶ
787 3004 930 3044 πάντων
965 3006 1170 3058 αἱρούμενος
1188 3007 1228 3047 τὸ
1255 3005 1262 3056 ζ
1291 3009 1462 3042 virbonus
1477 3017 1560 3047 esse,
1583 3008 1663 3051 quia
1676 3008 1778 3041 rebus
1794 3007 1949 3040 omnibus
1968 3007 2177 3040 honestatem
2196 3006 2342 3049 praefert,

61 3080 69 3087 ⁴
91 3066 94 3067 ⁷
147 3054 303 3112 “affin
322 3062 384 3102 καὶ
401 3062 441 3102 τὸ
458 3062 564 3104 πλέον
594 3065 705 3112 ζητῶν
726 3065 762 3104 ἐν
781 3066 854 3110 τοῖς
875 3066 1021 3117 ἀγαθοῖς
1038 3066 1100 3105 καὶ
1120 3082 1225 3106 σπου·
1255 3061 1262 3112 ξ
1290 3071 1486 3112 partemque
1506 3067 1570 3101 sibi
1594 3068 1755 3111 majorem
1770 3077 1835 3101 non
1849 3068 1972 3111 quaerit
1986 3067 2049 3100 nisi
2069 3067 2102 3100 in
2122 3067 2216 3099 bonis
2235 3068 2270 3099 et
2282 3066 2345 3101 ho-

164 3123 316 3170 &toi-5¹.
347 3122 524 3165 Φαίνεται
555 3124 671 3163 τοίνυν
706 3124 864 3176 μάλιστα
900 3125 1022 3165 ἑαυτὸν
1062 3128 1171 3180 φιλῶν
1208 3130 1227 3167 ὁ
1255 3116 1262 3157 ῗ
1289 3126 1559 3162 uestis.Videtur
1573 3137 1650 3171 ergo
1670 3129 1721 3162 vir
1740 3129 1848 3162 bonus
1864 3128 2010 3161 maxime
2027 3137 2062 3160 se
2088 3127 2197 3170 ipsum
2220 3135 2342 3165 amare,

145 3183 384 3229 ”ῗσπουδαῖος.
406 3183 468 3224 καὶ
499 3186 615 3239 ἑαυτῷ
645 3187 706 3224 τοῦ
726 3185 836 3232 καλοῦ
857 3184 899 3224 τὸ
927 3184 1034 3226 πλέον
1058 3185 1226 3226 ἑκάστοτε

174 3243 305 3296 νέμων.

229 3303 249 3326 ''
264 3302 372 3345 Οὕτω
392 3303 456 3357 μὲν
476 3297 537 3345 οῧν
553 3305 606 3344 δεῖ
630 3303 796 3359 φίλαυτον
819 3298 928 3355 εἶναι,
948 3305 1111 3360 καθάπερ
1133 3306 1227 3360 εἴρη·

1290 3198 1486 3232 semperque
1500 3188 1663 3232 majorem
1682 3189 1866 3223 honestatis
1884 3190 2014 3231 partem
2042 3187 2103 3220 sibi
2128 3186 2323 3224 attribuere.

1331 3316 1449 3357 Itaque
1476 3314 1542 3347 hoc
1568 3314 1678 3354 modo,
1700 3313 1868 3357 quomodo
1890 3313 2058 3351 diximus,
2081 3312 2133 3346 sui
2161 3314 2345 3346 amatorem

221 3430 242 3451 ⁴*
258 3431 356 3465 Οὕτω
375 3430 433 3473 μὲν
449 3430 506 3464 οὗν
524 3431 575 3467 δεῖ
593 3431 746 3475 φίλαυτον
765 3431 867 3474 εἶναι,
882 3431 1029 3476 καθάπερ
1047 3432 1185 3476 εἴρηται,
1203 3433 1272 3469 κτλ.
