2508 3776
69 308 97 365 ‘J'
146 310 286 381 ΰὸμὲνῴ
305 310 391 352 &l'
364 328 485 366 ωσπερ
501 314 562 353 καὶ
580 316 630 368 τῷ
650 317 766 361 ζῶντι.
789 316 1032 370 Μακαρίζεται
1051 316 1190 371 γὰρκαὶ

71 396 101 429 ·.=‘
108 354 695 426 1ῗᾶλᾶι“ιίζι“’ται,καὶ“οἰτιμιὶζεϊαι
715 376 774 415 καὶ
794 382 953 428 τιμᾶται·
979 376 1040 415 καὶ
1060 375 1189 415 τέκνων

136 424 180 472 u
187 430 255 472 καὶ
274 403 456 484 ἀπογόνων
478 432 662 484 εὐπραξίαι
683 435 730 479 εἰς
746 434 810 482 τὴν
833 435 1056 488 εὐδαιμονίαν
1073 436 1190 480 αὐτοῖς

82 487 351 547 ῗίᾏὸγίζονται·
373 490 577 543 εὐδαίμονες
600 493 668 546 γὰρ
689 492 752 532 καὶ
773 494 942 567 μακάριοι
961 495 1017 534 διὰ
1037 494 1099 542 τὴν
1120 498 1188 534 τῶν

92 542 322 602 Ιἆῖιτογιίνων
337 550 582 602 εὐδαιμονίαν,
596 552 784 607 καθάπερ
775 554 957 606 δυστυχεῖς
974 554 1032 592 διὰ
1046 553 1110 601 τὴν
1132 556 1189 593 αὐ-

64 616 91 627 ’“
123 605 213 648 των
233 609 433 664 δυστυχίαν·
459 611 609 663 ἀπορίαν
638 610 707 664 γὰρ
736 611 796 649 καὶ
813 617 914 651 τοῦτο
943 614 1105 687 παρέχει.
1125 616 1189 668 Τῷ

59 685 67 695 ··
134 666 210 720 ’γὰρ
226 669 410 722 μακαρίως
430 670 618 722 βεὸιωκότι
631 669 690 708 καὶ
711 670 960 717 τελευτήσαντι
973 672 1065 710 κατὰ
1086 674 1187 724 λόγον

140 725 319 782 ἔνδίχιται
334 728 468 772 πολλὰς
488 729 687 779 μεταὸολὰς
701 729 874 768 ἐκδαίνειν
894 730 973 782 περὶ
988 729 1065 774 τους
1087 731 1188 782 ἐκγό-

139 797 236 837 νους,
261 784 323 826 καὶ
341 785 421 831 τους
447 785 511 838 μὲν
532 789 646 826 αὐτῶν
667 786 815 839 ἀγαθους
849 781 960 836 εἶναι,
981 788 1043 826 καὶ
1067 794 1187 841 τυχεῖν

53 872 71 898 ‘a
140 842 301 896 βίου’τοῢ
315 845 395 883 κατ’
417 845 540 893 ἀξίαν,
567 845 646 890 τους
664 844 700 884 δὲ
721 845 755 891 ἐξ
775 846 943 890 ἐναντίας.
975 844 1129 886 Ἄτοπον
1152 847 1188 886 δὲ

124 901 267 955 ’γίνόιῖ
285 902 328 942 ἂν
351 903 383 943 εἷ
413 903 706 956 συμμεταὸοίλλοι
725 904 784 943 καὶ
813 909 831 944 ὁ
857 905 1017 954 τεθνεώς,
1045 905 1106 945 καὶ
1131 906 1187 958 γί-

137 963 234 1003 'vetto‘
253 961 339 1002 ποτὲ
371 962 436 1014 μὲν
455 962 651 1014 εὐδαίμων,
682 964 788 1003 πάλιν
811 964 847 1003 δὲ
868 963 999 1008 ἄθλιος.
1035 962 1188 1004 Ἄτοπον

123 1018 188 1060 ’δί
195 1019 306 1060 ’παλιν
325 1024 469 1061 κακεῖνο
490 1023 606 1070 δοκεῖ,
628 1021 667 1060 τὸ
694 1021 743 1073 μὴ
759 1028 934 1061 κοινωνεῖν
954 1021 1032 1067 τους
1055 1025 1188 1068 ζωντας

63 1086 70 1093 ’
98 1111 102 1114 «
130 1083 225 1125 ’τοῖς
241 1079 433 1120 dre-mouet
454 1084 516 1128 τῆς
534 1081 643 1133 τύχης
658 1112 668 1132 ,
691 1082 750 1120 διὰ
773 1082 836 1130 τὴν
860 1085 900 1121 ἐκ
913 1086 972 1121 τοῦ
997 1082 1116 1133 γένους
1133 1084 1186 1121 οἷ-

63 1183 68 1185 μ
88 1134 91 1136 ’
122 1134 319 1189 ’ᾎΜιότητω
344 1139 443 1180 Αλλ’
457 1140 638 1179 ἐπανιτέον
656 1141 714 1180 ἐπὶ
737 1141 800 1189 τὴν
815 1141 988 1194 προτέραν
1011 1141 1160 1195 ἀπορίαν
1174 1171 1185 1190 ,

66 1207 71 1211 “
130 1198 199 1238 ’καὶ
217 1200 399 1248 ζητῶμεν,
429 1201 459 1238 εἷ
478 1201 518 1239 οὐ
537 1199 591 1240 δεῖ
618 1202 753 1246 ζῶντας
772 1201 864 1240 ἀλλὰ
897 1203 989 1252 μετὰ
1019 1201 1186 1249 τελευτὴν

139 1258 362 1313 μακαρίζειν·
395 1260 492 1312 τάχα
509 1259 578 1312 γὰρ
608 1258 650 1299 ἂν
683 1259 719 1306 ἐξ
745 1259 878 1309 ἐκείνης
904 1261 1094 1314 θεωρηθείη
1126 1261 1187 1300 καὶ

124 1317 181 1358 ’τὺ
197 1319 259 1358 νῦν
275 1318 562 1369 ἐπιζητούμενον.

46 1403 70 1422 -„
120 1392 122 1397 ·
151 1390 153 1394 ’
189 1375 212 1395 “”
228 1377 273 1418 Εἰ
288 1375 331 1424 δὴ
347 1376 389 1416 τὸ
402 1376 500 1422 τέλος
517 1380 602 1431 ὁρᾷν
617 1377 691 1426 δεῖ,
709 1378 769 1417 καὶ
787 1377 867 1418 τότε
883 1378 1091 1432 μακαρίζειν
1108 1377 1189 1418 ἕκα-

55 1443 57 1446 ⁴
121 1437 242 1486 Ἄνιον,
262 1437 368 1490 οὔχ*
349 1452 396 1481 ως
427 1436 511 1475 ὄντα
541 1436 599 1476 διὰ
618 1437 658 1476 τὸ
689 1437 852 1477 τεθνάναι
886 1439 1085 1491 μακάριον,
1109 1439 1187 1478 ἀλλ’

138 1494 192 1536 &t
217 1466 392 1550 πρότερον
423 1495 596 1549 μακάριος
625 1490 679 1544 ἦν·
712 1499 786 1542 πῶς
817 1497 880 1536 οὐκ
901 1496 1051 1546 ἄτοπον,
1080 1499 1110 1536 εἰ
1130 1497 1188 1537 ὅτε

58 1566 74 1590 t
137 1554 242 1596 ἐστὶν
248 1553 445 1607 οὗδαίμων,
469 1552 520 1606 μὴ
541 1554 771 1602 ἀληθεύσεται
791 1556 872 1594 κατ’
892 1559 998 1595 αὐτοῦ
1017 1556 1058 1595 τὸ
1079 1556 1188 1611 ὑπάρ-

63 1637 87 1650 2
116 1614 202 1669 κὰν
216 1614 341 1666 αὐτῷ,
372 1613 463 1665 μηδὲ
495 1614 642 1665 ἐροῦμεν
675 1614 778 1653 αὐτὸν
811 1616 951 1662 ἀληθῶς
978 1616 1183 1668 εὐδαίμονα,

59 1666 100 1719 J}
122 1671 252 1712 ,δὶαὸ
264 1671 314 1726 μὴ
333 1669 412 1716 τοὺς
429 1673 560 1718 ζῶντας
581 1672 711 1710 εθέλειν
727 1672 990 1722 εὐδαιμονίζειν,
1010 1677 1186 1712 σκοποῦν-

59 1730 94 1769 ’ᾧ
103 1733 199 1778 ’θεᾶς
213 1731 277 1777 τᾶς
291 1734 353 1774 τοῦ·
370 1730 448 1784 βίου
465 1729 680 1783 μεταόολοίς,
699 1737 750 1784 τῷ
772 1731 918 1784 μόνιμόν
933 1749 967 1771 τι
984 1732 1047 1780 τὴν
1067 1734 1182 1773 εὐδαι-

55 1778 262 1845 ⁵⁷21w'loev
275 1789 553 1842 ὑπολαμὸάνειν,
576 1789 637 1829 καὶ
652 1791 826 1841 μηδαμῶς
845 1790 1098 1842 εὐμετάὸολον,
1121 1791 1184 1841 τὴν

80 1848 307 1904 ἶ“’·8θτύχην
311 1854 385 1889 πᾶν
412 1849 639 1898 τοῦναντίον;
667 1852 784 1897 Δῆλον
802 1850 871 1924 γάρ
886 1879 897 1899 ,
921 1852 967 1895 ὡς
981 1880 991 1898 ,
1024 1852 1053 1890 εἶ
1075 1867 1183 1892 συνα-

37 1957 42 1959 A
62 1912 100 1962 ’,μ
109 1909 416 1965 μκολοινθιιίνη-ιεν·
439 1911 516 1954 ταῖς
535 1909 680 1962 τύχαις,
705 1909 762 1949 τὸν
785 1909 889 1949 αὐτὸν
910 1911 1101 1962 εὐδαίμονα
1123 1912 1184 1951 καὶ

71 2047 87 2056 >⁷
110 2023 322 2081 'mpetu
339 2027 616 2081 ἀποφαίνοντες,
638 2018 699 2067 καὶ
716 2032 852 2080 σαθρῶς
872 2028 1069 2080 ἱδρυμένον.

187 2087 224 2107 ff*
469 2086 478 2102 ι
605 2087 614 2101 κ
745 2089 756 2102 9
833 2088 842 2102 ι
1006 2088 1013 2100 x
1153 2091 1169 2100 .-

133 2088 538 2201 τιχαῗίῖἶῖἶῖᾧοέἔῑῗ
553 2087 718 2197 ἷὲἕὶᾆέζ
737 2087 1021 2200 Ἑζὲἓὶῗνὲἔζὰρ
1035 2087 1184 2187 ἕὲᾝῖἶ

133 2221 209 2251 ταις
223 2203 460 2256 ἡεύδαιμονία
475 2204 694 2252 συνίσταται,
707 2203 729 2251 ἢ
742 2204 951 2244 τούναντίον·
969 2206 1062 2245 ἀλλὰ
1076 2221 1185 2258 προσ-

50 2297 57 2308 A,
136 2266 250 2305 δεῖται
273 2263 337 2316 μὲν
352 2263 483 2302 τούτων
501 2262 586 2316 πρὸς
598 2263 665 2311 ’τὴν
680 2264 906 2315 εὐδαιμονίαν
929 2268 946 2304 ὃ
969 2264 1183 2317 ἀνθρώπινος

134 2323 230 2378 βίος,
253 2321 415 2375 καθάπερ
447 2320 606 2372 εἴπομεν·
634 2325 656 2370 ἡ
681 2320 717 2361 δὲ
749 2323 849 2361 οὐσία
879 2326 942 2371 τῆς
963 2324 1182 2391 εὐδαιμονίας

96 2383 198 2424 οὐκ
215 2383 252 2427 ἓν
273 2381 414 2430 αὐταῖς,
435 2382 514 2420 ἀλλ’
528 2383 562 2420 ἐν
593 2384 636 2435 τῇ
656 2381 734 2420 κατ’
758 2382 885 2436 ἀρετὴν
908 2382 1064 2437 ἐνεργεία
1084 2384 1180 2423 συνί-

55 2439 56 2442 ¹
85 2438 88 2442 ’
108 2440 400 2491 σταταιριαθως
416 2439 566 2493 εἴρηται.
590 2441 748 2492 Μόνιμον
767 2441 836 2495 γὰρ
857 2443 908 2480 δεῖ
927 2446 1018 2482 εἰναι
1038 2442 1101 2490 τὴν
1122 2445 1182 2482 εὖ-

59 2504 119 2532 3·
74 2466 331 2554 ᾞδαιμωίαν·
345 2499 406 2540 καὶ
420 2499 479 2539 διὰ
500 2515 600 2540 τουτο
619 2502 656 2539 οὐ
684 2480 826 2540 δυνατὸν
847 2501 954 2549 αὐτὴν
973 2503 1007 2540 ἐν
1024 2503 1094 2547 τοῖς
1112 2502 1182 2541 ἀπὸ

66 2568 81 2600 .’
104 2560 243 2616 Ἶύχης
267 2558 508 2601 συνίστασθαι·
525 2560 586 2599 καὶ
605 2559 718 2613 τούτῳ
735 2566 905 2614 μαρτυρεῖ
921 2564 942 2610 ἡ
961 2562 1179 2612 προκειμένη

57 2610 95 2662 4ἦ
92 2615 285 2670 (ζήτησις
299 2619 371 2659 ἀπὸ
385 2617 510 2659 τούτου
526 2619 595 2672 γὰρ
615 2619 720 2659 ἔλαὸε
741 2619 805 2666 τὴν
828 2621 941 2672 ἀρχὴν
959 2624 1019 2659 τοῦ
1039 2622 1181 2660 υποκεῒ·

61 2708 66 2722 ,-
90 2683 213 2744 (ίὲσθαι
230 2681 295 2726 τὴν
317 2678 541 2730 εὐδαιμονίαν
572 2679 719 2730 μόνιμον
740 2672 845 2719 εἶναι.
882 2679 973 2731 Περι
994 2679 1092 2718 οὐδὲν
1112 2680 1179 2733 γὰρ

66 2768 95 2775 ..
101 2715 201 2781 ἶ’ἔιῦὸἲν
228 2738 453 2792 ἂνθρωπίνων
482 2737 591 2791 ἔργων
611 2737 764 2786 τοσαύτη
788 2737 974 2799 βεὸαιότης
1005 2739 1176 2793 ὑπάρχει

44 2791 94 2850 '25⁸
88 2797 177 2846 W
197 2801 272 2844 ταῖς
293 2799 373 2838 κατ’
404 2797 568 2851 ἄρετὴν’
553 2798 739 2851 ενεργείαις
753 2827 764 2846 ,
781 2799 816 2837 ἐν
837 2800 892 2841 αἱς
917 2800 957 2861 ἡ..
964 2799 1178 2850 εὐδαιμονία·

64 2858 367 2913 ⁴,1-3mvtgaffispoet
387 2856 457 2910 γὰρ
483 2857 544 2897 καὶ
572 2861 643 2898 τῶν
674 2859 882 2909 ἐπιστημῶν
915 2852 1018 2896 αὗται
1043 2861 1176 2911 τυγχά-

127 2934 239 2961 νουσι.
261 2917 406 2960 Τούτων
448 2915 484 2955 δὲ
514 2916 620 2957 πάλιν
641 2919 710 2956 τῶν
745 2918 877 2969 ἀρετῶν
903 2919 939 2955 αἱ
971 2916 1178 2971 τιμιώτεραι

82 2950 388 3033 ιίθῄανιμῶτεραι
425 2975 485 3015 διὰ
505 2977 545 3015 τὸ
577 2977 639 3024 ζην
668 2977 704 3015 ἐν
733 2976 855 3021 αὐταῖς
875 2975 954 3019 τους
987 2976 1178 3029 μακαρίους

50 3033 288 3092 Meet«
315 3035 378 3077 καὶ
407 3035 682 3106 συνεχέστατα,
694 3034 744 3088 μὴ
777 3034 1057 3085 διακοπτομένης
1092 3036 1176 3075 ποτὲ

86 3094 201 3138 [tw
232 3097 270 3136 lv
295 3095 473 3149 ἐλαχίστῳ
493 3093 609 3148 χρόνῳ
639 3097 700 3143 τῆς
734 3093 815 3147 περὶ
847 3092 908 3136 τὰς
937 3092 1083 3146 πράξεις
1114 3097 1176 3142 τῆς

55 3149 256 3212 ,ἕψῃς
293 3156 407 3195 αὐτῶν
444 3153 628 3208 ἐργασίας,
653 3153 711 3192 διὰ
741 3153 780 3193 τὸ
809 3154 928 3201 ἡδεῖαν
959 3153 1075 3195 αὐτοῖς
1110 3153 1175 3201 τὴν

323 3208 412 3255 εἶναι
438 3214 552 3265 ζωήν,
578 3211 693 3258 καθὼς
724 3211 875 3266 εἴρηται.
900 3210 974 3252 Καὶ
995 3211 1052 3250 διὰ
1073 3226 1174 3250 τουτο

41 3251 83 3289 ³-
110 3272 207 3316 5¹&
223 3273 334 3323 λήθην
353 3275 467 3313 αὐτῶν
488 3271 741 3323 λαμὸοίνουσιν.

181 3330 236 3350 *¹⁵*
251 3332 357 3373 Ἐπεὶ
374 3332 490 3372 τοίνυν
507 3333 569 3372 οὐκ
584 3334 619 3372 ἐν
638 3335 681 3386 τῇ
701 3331 792 3384 τύχῃ
810 3334 832 3379 ἡ
853 3330 1056 3382 εὐδαιμονία
1077 3329 1174 3369 συνί-

173 3503 191 3521 ·“
204 3503 243 3535 Et
261 3503 300 3542 δὴ
316 3503 406 3540 τέλος
422 3504 501 3546 ὁρᾷν
519 3504 569 3536 δεῖ
581 3504 651 3536 κτλ.

616 225 924 270 ETHICORUM
952 224 1405 271 NICOMACHEORUM
1434 229 1825 277 PARAPHRASIS.

23 2000 36 2011 s
55 1978 92 2010 ’ἱ
104 1969 240 2011 *ww
260 1971 377 2009 ἄθλιον
398 1970 544 2022 ἐροῦμεν
562 1968 753 2021 πολλάκις,
767 1970 1011 2022 χαμαιλέοντα
1033 1987 1110 2010 τινα
1123 1971 1199 2023 τὸνι

2219 238 2299 278 323

1251 325 1348 368 quus
1366 326 1408 359 ad
1421 335 1499 360 eum
1517 329 1689 370 pervenire
1708 338 1824 363 sensus
1839 329 1960 372 possit,
1980 330 2067 364 slent
2079 330 2122 364 ad
2141 340 2219 366 eum
2240 331 2301 374 qui

1250 377 1360 411 adhuc
1388 379 1484 413 vivit.
1525 381 1656 413 Etenim
1675 383 1748 414 tum
1777 382 1866 415 beati
1887 383 2080 425 judicantur
2105 385 2138 418 et
2164 384 2297 423 miseri.

1250 432 1323 464 tum
1340 431 1463 465 honore
1485 432 1679 466 afficiuntur
1694 435 1727 467 et
1752 435 1948 477 ignominia3
1968 438 2041 469 tum
2061 436 2240 470 liberorum
2258 446 2297 470 ac

1250 486 1407 526 nepotum
1423 485 1625 528 prosperitas
1643 495 1757 519 eorum
1779 487 1930 521 felicitati
1950 489 2033 521 solet
2050 489 2171 522 ascribi
2186 501 2193 521 :
2212 489 2300 522 beati

1251 536 1408 570 nimirum
1428 547 1466 570 ac
1487 538 1598 572 felices
1622 542 1755 581 propter
1782 543 1989 581 posterorum
2018 540 2211 574 felicltatem
2224 568 2231 580 ‚
2251 541 2298 574 si-

1249 592 1308 622 cut
1323 589 1469 623 infelices
1484 590 1526 623 ob
1546 600 1659 624 eorum
1682 590 1907 625 infelicitatem
1925 592 2079 626 videntur
2093 603 2164 626 esse
2182 604 2190 624 ε
2209 593 2297 626 diffi·

1249 644 1408 676 cultatem
1430 644 1516 678 enim
1538 645 1601 677 hoc
1613 654 1747 687 quoque
1763 644 1874 678 affert.
1894 646 2020 688 Quippe
2040 647 2109 679 fieri
2123 649 2243 689 potest,
2260 648 2300 679 ut

1249 695 1307 737 qui
1340 695 1480 730 feliciter
1505 697 1590 730 vixit
1616 700 1649 730 et
1668 697 1784 730 eodem
1815 699 1913 731 modo
1941 703 2094 733 mortuus
2115 703 2187 739 est,
2222 710 2299 733 eum

1249 748 1366 782 multae
1386 749 1419 781 in
1444 749 1585 791 posteris
1602 744 1804 783 mutationes
1827 751 2009 793 excipiant,
2033 755 2069 785 ut
2099 762 2213 785 eorum
2245 752 2303 785 alii

1248 801 1325 835 boni
1342 802 1408 834 sint
1427 802 1599 844 vitamque
1617 812 1652 836 se
1669 803 1802 843 dignam
1823 807 2076 846 consequantur,
2100 805 2155 838 alii
2173 807 2297 839 contra.

1249 853 1440 886 Absurdum
1453 857 1565 886 autem
1590 855 1651 894 sit,
1667 855 1695 888 si
1715 865 1780 888 una
1799 856 1898 888 etiam
1913 861 2066 890 mortuus
2080 860 2238 895 mutetur,
2261 859 2295 890 et

1249 905 1347 938 modo
1370 905 1469 945 felix,
1490 907 1659 939 interdum
1673 911 1787 940 contra
1815 908 1931 941 infelix
1955 910 2009 942 sit.
2027 911 2155 943 Rursus
2179 910 2300 942 absun-

1249 956 1330 989 dum
1350 959 1383 990 et
1399 957 1483 990 illud
1507 959 1673 1000 videatur,
1700 959 1727 992 si
1751 959 1774 992 ii
1793 960 1850 1002 qui
1866 961 1975 993 adhuc
2000 962 2136 1001 vivunt,
2156 961 2299 995 fortunae

1248 1011 1457 1042 mortuorum
1472 1011 1563 1043 nullo
1576 1012 1675 1044 modo
1702 1011 1781 1044 fiant
1805 1012 1998 1055 participes,
2019 1023 2103 1055 quos
2121 1014 2303 1057 propinqua

1248 1062 1440 1103 cognatione
1472 1064 1651 1106 attingunt.
1688 1067 1814 1098 Verum
1841 1065 1884 1098 ad
1911 1066 2053 1107 priorem
2083 1067 2303 1109 quaestionem

1248 1115 1342 1148 nobis
1358 1116 1566 1149 redeundum
1594 1120 1662 1156 est,
1686 1118 1955 1161 videndumque,
1980 1129 2020 1151 ne
2040 1129 2121 1158 non,
2147 1120 2228 1153 dum
2247 1120 2301 1153 vi-

1248 1171 1343 1208 vunt,
1360 1170 1419 1203 sed
1436 1173 1511 1213 post
1524 1171 1655 1204 obitum
1675 1174 1806 1205 tantum
1819 1172 1991 1214 judicandi
2011 1173 2074 1205 sint
2097 1172 2185 1205 beati
2207 1183 2215 1205 ε
2232 1172 2302 1206 for-

1248 1223 1337 1255 tasse
1352 1222 1439 1255 euim
1453 1232 1495 1256 ex
1509 1233 1548 1257 ea
1562 1233 1599 1258 re
1616 1224 1702 1257 illud
1719 1233 1854 1267 quoque
1873 1224 1931 1257 fiet
1949 1224 2163 1258 manifestum
2179 1225 2221 1258 de
2235 1234 2303 1268 quo

1248 1284 1336 1308 nunc
1354 1277 1547 1319 quaerimus.

1290 1388 1417 1427 Quodsi
1432 1389 1512 1422 vitae
1530 1390 1605 1423 finis
1623 1393 1881 1433 exspectandus,
1904 1394 1939 1425 et
1963 1394 2036 1425 tum
2055 1391 2191 1426 demum
2207 1393 2302 1436 quls-

1248 1449 1314 1482 que
1324 1440 1650 1483 beatusjudicandus
1662 1444 1723 1482 est,
1740 1452 1804 1476 non
1818 1444 1910 1486 quod
1925 1445 1999 1477 tum
2011 1445 2091 1487 quia
2108 1455 2300 1488 supremum

1247 1493 1337 1526 diem
1356 1493 1451 1532 obiit,
1467 1494 1591 1527 idcirco
1613 1503 1746 1538 quoque
1762 1495 1841 1528 felix
1855 1496 1916 1535 sit,
1939 1497 1997 1530 sed
2012 1497 2092 1539 quia
2109 1497 2203 1540 prius
2227 1500 2300 1532 erat

1247 1544 1346 1584 felix,
1382 1555 1490 1579 nonne
1512 1546 1694 1579 absurdum
1714 1547 1904 1586 videbitur,
1934 1549 2095 1591 quamdiu
2123 1549 2204 1583 felix
2231 1552 2299 1590 est,

1249 1597 1352 1630 tribui
1370 1597 1401 1630 ei
1420 1607 1486 1631 non
1510 1607 1608 1640 posse
1635 1599 1727 1642 quod
1746 1599 1846 1632 habet
1860 1626 1867 1637 .
1898 1609 1959 1633 nec
1974 1610 2053 1634 vere
2081 1600 2213 1635 felicem
2233 1602 2302 1636 dici

1246 1657 1361 1690 posse,
1379 1650 1460 1692 quia
1479 1650 1576 1683 vivos
1600 1650 1715 1684 beatos
1730 1651 1913 1694 praedicare
1936 1652 2096 1692 nolimus,
2127 1656 2301 1696 propterea

1246 1701 1337 1745 quod
1349 1701 1499 1735 diversas
1510 1702 1546 1735 in
1563 1703 1626 1736 hac
1641 1703 1711 1736 vita
1729 1713 1842 1736 rerum
1860 1706 2137 1739 commutationes
2153 1715 2225 1739 esse
2249 1707 2301 1740 vi-

1246 1756 1406 1795 deamus,
1430 1755 1626 1789 felicitatem
1651 1766 1731 1790 vero
1744 1757 1879 1791 firmum
1907 1759 2069 1801 quiddam
2095 1760 2299 1803 minimeque

1246 1809 1408 1843 mutabile
1428 1819 1500 1843 esse
1522 1810 1769 1852 existimemus3
1788 1811 1876 1844 sicut
1891 1813 2008 1844 contra
2023 1811 2168 1845 maxime
2190 1813 2297 1845 insta-

1245 1863 1323 1896 bilis
1340 1865 1392 1897 est
1405 1863 1564 1896 fortuna?
1579 1865 1641 1896 Est
1657 1864 1744 1896 enim
1760 1864 1983 1906 perspicuum,
2000 1865 2029 1898 si
2041 1864 2184 1899 fortunae
2201 1875 2298 1899 casus

1246 1925 1436 1959 sequamur,
1453 1926 1513 1950 nos
1539 1917 1679 1950 eundem
1704 1927 1790 1950 nunc
1812 1918 1946 1950 beatum
1965 1927 2054 1951 nunc
2068 1921 2184 1952 contra
2198 1919 2300 1953 mise-

1246 1972 1320 2003 rum
1342 1979 1430 2012 saepe
1443 1979 1515 2003 esse
1528 1969 1694 2008 dicturos,
1717 1970 1988 2003 chamaeleontem
2006 1971 2174 2013 quendam
2193 1975 2226 2004 et
2238 1982 2299 2014 pa-

1245 2033 1320 2056 rum
1338 2023 1451 2056 stabili
1467 2023 1545 2056 sede
1560 2023 1760 2056 collocatum
1778 2023 1889 2056 virum
1905 2024 2039 2057 beatum
2057 2025 2282 2066 perhibentes.

1286 2082 1537 2126 Respondemus
1560 2091 1638 2124 ergo
1654 2083 1696 2116 ad
1712 2083 1797 2116 banc
1824 2083 2062 2125 quaestionem,
2088 2084 2222 2118 minime
2238 2085 2299 2118 de-

1245 2142 1323 2176 bere
1338 2151 1398 2176 nos
1417 2141 1563 2175 fortunae
1579 2141 1775 2175 varietatem
1792 2143 1826 2174 et
1851 2142 2072 2175 mobilitatem
2093 2143 2188 2185 sequi
2207 2155 2214 2175 ε
2232 2153 2298 2176 non

1244 2202 1331 2235 enim
1353 2203 1438 2236 bene
1456 2202 1511 2235 vel
1533 2201 1621 2234 male
1642 2201 1776 2234 vivendi
1804 2201 1889 2234 ratio
1907 2201 1942 2234 in
1966 2202 2029 2235 hac
2055 2204 2218 2241 versatur,
2238 2204 2298 2236 sed

1244 2261 1387 2295 fortunae
1414 2262 1500 2295 bona
1516 2263 1556 2294 ut
1578 2261 1770 2303 adjumenta
1785 2261 1938 2303 quaedam
1964 2261 2134 2294 felicitatis
2151 2262 2297 2296 humana

1243 2321 1313 2355 vita
1331 2321 1516 2360 desiderat,
1535 2320 1817 2364 quemadmodum
1834 2320 1981 2353 diximus
2004 2331 2011 2352 t
2037 2321 2085 2354 ita
2106 2323 2233 2361 tamen,
2257 2323 2296 2355 ut

1243 2380 1313 2423 ipsa
1330 2379 1499 2413 felicitatis
1517 2382 1636 2413 natura
1652 2389 1718 2412 non
1745 2380 1779 2412 in'
1797 2380 1869 2419 his,
1901 2379 1959 2412 sed
1991 2380 2025 2412 in
2050 2380 2189 2414 honesto
2218 2383 2294 2414 actu

1243 2442 1412 2481 consistat,
1434 2442 1521 2475 sicut
1545 2442 1614 2484 jam
1634 2442 1762 2475 dictum
1793 2444 1854 2475 est.
1877 2443 1988 2480 Quum
2021 2443 2109 2475 enim
2141 2443 2294 2476 stabilem

1241 2503 1393 2543 oporteat
1427 2510 1499 2534 esse
1529 2500 1742 2539 felicitatem,
1775 2500 1809 2532 in
1834 2499 1978 2533 fortunae
2003 2500 2197 2534 muneribus
2223 2511 2294 2534 non

1242 2565 1350 2605 potest
1366 2565 1516 2595 constare
1535 2574 1543 2594 ι
1567 2562 1669 2604 idque
1689 2561 1862 2594 confirmat
1879 2570 2025 2603 praesens
2040 2561 2216 2601 dubitatio,
2236 2569 2293 2596 ut-

1241 2625 1318 2665 pote
1339 2624 1412 2655 orta
1428 2631 1471 2655 ex
1493 2620 1663 2664 opinione,
1681 2621 1716 2654 in
1729 2630 1797 2663 qua
1815 2620 2050 2663 disputationis
2076 2621 2222 2664 positum
2242 2624 2293 2655 est

1240 2681 1511 2720 fundamentum,
1540 2680 1693 2714 stabilem
1721 2689 1792 2714 esse
1819 2680 2024 2713 felicitatem.
2046 2680 2182 2713 Nullum
2205 2681 2291 2714 enim

1239 2751 1323 2784 opus
1336 2741 1519 2773 humanum
1534 2742 1604 2773 tam
1626 2739 1758 2772 firmum
1773 2742 1835 2780 est,
1848 2749 1950 2782 quam
1971 2741 2114 2773 actiones
2131 2740 2287 2779 honestae,

1239 2812 1279 2836 ex
1302 2802 1425 2845 quibus
1441 2800 1585 2834 felicitas
1601 2800 1723 2843 pendet
1742 2811 1749 2831 τ
1775 2800 1940 2843 siquidem
1968 2800 2049 2843 ipsis
2064 2800 2165 2833 etiam
2189 2800 2290 2833 disci-

1238 2863 1336 2906 plinis
1354 2861 1540 2895 stabiliores
1555 2860 1728 2894 habentur.
1782 2861 1910 2894 Rursus
1923 2860 2042 2893 harum
2058 2859 2206 2903 ipsarum
2222 2859 2290 2893 vir-

1239 2925 1351 2956 tutum
1377 2925 1416 2955 ut
1440 2931 1584 2965 quaeque
1607 2921 1882 2965 praestantissima
1907 2922 1975 2956 est.
2017 2921 2064 2954 ita
2101 2921 2289 2955 diutissime

1238 2984 1427 3026 permanet,
1456 2984 1630 3025 propterea
1656 2981 1748 3025 quod
1780 2982 1815 3015 in
1843 2981 1892 3015 eis
1919 2980 2066 3014 maxime
2095 2982 2128 3014 et
2156 2980 2288 3015 assidue

1237 3043 1372 3074 aetatem
1390 3043 1493 3083 agunt
1514 3041 1624 3080 beati,
1649 3041 1732 3075 adeo
1752 3043 1790 3074 ut
1809 3051 1850 3075 ne
1869 3040 2007 3074 minimo
2034 3039 2171 3082 quidem
2201 3041 2287 3072 tem-

1235 3103 1326 3144 poris
1343 3104 1466 3144 puncto
1481 3102 1743 3144 interrumpatur
1759 3110 1874 3134 eorum
1894 3099 2062 3133 industria
2081 3099 2115 3132 in
2138 3098 2286 3132 honestis

1237 3164 1424 3198 actionibus
1436 3162 1563 3206 posita,
1581 3161 1662 3205 quia
1674 3161 1752 3194 talis
1770 3162 1860 3200 vita,
1876 3162 1915 3193 ut
1927 3160 2055 3193 dictum
2068 3161 2135 3198 est,
2153 3168 2209 3192 eos
2225 3158 2286 3192 de-

1235 3225 1348 3259 lectat.
1366 3223 1528 3263 Quocirca
1543 3231 1713 3265 nunquam
1731 3221 1864 3254 illarum
1883 3230 1940 3254 eos
1959 3220 2046 3263 capit
2065 3219 2198 3252 oblivio.

1278 3331 1441 3371 Quoniam
1459 3330 1562 3374 igitur
1587 3339 1654 3363 non
1684 3329 1835 3368 fortuna.
1866 3328 1925 3362 sed
1953 3327 2138 3361 actionIbus
2164 3326 2282 3359 virtuti

43 3366 73 3439 ’ἶ
130 3404 280 3442 σταται,
294 3391 372 3431 ἀλλ’
389 3392 425 3431 ἓν
445 3391 519 3436 ταῖς
538 3393 616 3431 κατ’
632 3389 758 3443 ἀρετὴν
774 3390 922 3443 πράξεσι
923 3406 940 3428 ν
949 3388 1119 3442 ,υποίρξει
1133 3389 1173 3428 τὸ
1234 3391 1461 3426 consentaneis
1473 3391 1661 3425 continetur
1675 3389 1826 3427 felicitas,
1844 3389 2009 3430 continget
2025 3387 2122 3420 beato
2138 3386 2172 3419 id
2191 3385 2281 3427 quod

674 3520 712 3526 -
727 3504 765 3522 μ
783 3501 829 3535 Ἣ
843 3503 881 3535 τὸ
896 3502 954 3544 μὲν
977 3505 1049 3541 ταῖς
1065 3502 1178 3546 τύχαις
1195 3502 1425 3536 ἐπακολουθεῖν
1447 3503 1518 3534 κτλ.
1534 3518 1576 3525 -
1589 3500 1651 3520 ”⁴²
1667 3499 1815 3543 Ὑπάρξει
1833 3498 1872 3537 δὴ
1887 3497 1924 3530 τὸ
1943 3495 2140 3538 ζητούμενον
2157 3494 2227 3527 κτλ.
