2528 3788
342 218 394 256 ³2
1295 224 1553 266 SALLUSTII

343 323 396 332 —
410 304 427 324 θ
441 302 568 356 σαφές]
585 304 689 343 edidi
704 318 789 342 cum
808 305 971 355 Orelli03
990 307 1083 346 libri
1103 308 1218 361 σοφόν.
1235 331 1288 341 -
1301 311 1311 336 f
1326 306 1381 361 μι-
1441 312 1515 352 ἔστι
1535 316 1692 365 θεωρεῖν,
1709 310 1790 350 ὅταν
1807 311 1867 356 τὰς
1880 311 1959 364 περὶ
1978 311 2035 350 τὸν
2054 310 2185 364 κόσμον
2202 314 2373 367 ἐνεργείας
2385 291 2474 368 λίῖγῃ

343 364 487 411 μοῦνται
506 361 565 400 καὶ
578 361 664 415 τὴν]
686 363 799 415 posui
813 378 900 403 cum
919 366 1075 415 eodem;
1097 369 1215 418 vulgo
1234 373 1381 420 μιμοῦν-

343 433 423 469 ται,
446 419 522 466 τὴν.
539 439 591 449 —
607 424 624 449 Β
642 420 700 459 τὸν
720 420 850 473 κόσμον
873 426 978 474 μῦθον
996 424 1130 478 εἰπεῖν]
1146 426 1381 468 lamblichus

340 476 387 514 de
414 477 571 528 Myster.
594 480 856 531 AEgypt.V11‚
890 496 905 520 1
930 485 951 530 ἡ
971 483 1070 536 φύσις
1097 490 1167 529 τοῖς
1193 486 1380 539 ἐμφανέσιν

339 535 443 573 εἴδεσι
456 535 534 580 τοὺς
553 538 696 591 ἀφανεῖς
715 538 841 592 λόγους
854 538 911 581 διὰ
929 542 1112 592 συμὸόλων
1126 571 1137 592 ,
1151 543 1278 597 τρόπον
1291 546 1380 595 τινά,

339 593 609 634 ἀπετυπώσατο.
633 618 685 627 -
712 599 730 624 ¹³
746 597 856 650 νόων]
887 600 1050 652 scripsi;
1078 602 1191 642 codd.
1225 605 1310 642 νοῶν
1329 625 1382 634 ——

337 655 348 674 ¹
363 654 558 706 φιλοσοφεῖν
581 656 788 707 ἀναγκάζει]
810 657 1046 698 lamblichus
1065 660 1113 698 de
1125 659 1280 712 Myster.
1300 663 1378 714 111,

342 711 387 748 15
408 711 565 765 καθάπερ
585 709 642 753 οὖν
663 714 705 752 δι’
724 716 863 755 εἰκόνων
878 719 1023 768 γεννῶσι
1048 718 1163 757 πάντα
1185 721 1216 758 οἱ
1236 721 1304 759 θεοὶ
1320 721 1380 761 καὶ

336 771 587 823 σημαίνουσιν,
610 772 776 818 ὡσαύτως
801 774 858 813 διὰ
880 775 1128 827 συνθημάτων·
1153 777 1237 823 ἴσως
1255 779 1290 817 δὲ
1319 780 1378 818 καὶ

335 827 397 874 τὴν
413 829 589 880 ἡμετέραν
608 831 742 871 σύνεσιν
764 832 834 872 ἀπὸ
850 837 912 881 τῆς
933 836 1039 883 αὐτῆς
1056 837 1214 888 ἀφορμῆς
1233 839 1280 882 εἷς
1296 838 1379 884 ὀξύ-

333 902 423 934 τητα
442 887 583 927 πλείονα
598 892 812 931 ἀνακινοῦσι.
830 894 915 925 ...k
933 891 1015 945 ἵνα]
1033 894 1062 934 i.
1084 907 1117 934 e.
1138 894 1242 936 ὥστε.
1262 896 1377 935 Simi-

334 945 420 983 liter
462 947 693 987 Plutarchus
720 950 769 988 de
801 952 912 990 Alex.
945 952 1036 993 fort.
1077 952 1119 1002 1,
1161 968 1206 991 12
1245 954 1280 992 τί
1319 971 1376 1005 μοι

333 1008 465 1044 τοιοῦτο
485 1007 671 1059 συνέγνως,
703 1007 759 1046 ἵνα
779 1009 956 1054 τοιαύταις
978 1026 1021 1060 με
1050 1012 1264 1065 κολακεύσῃς
1293 1015 1374 1060 ἡδο-

331 1065 419 1107 ναῖς.
441 1066 511 1115 -)

773 1179 860 1229 Κεφ.
896 1177 938 1218 δ’.

391 1278 462 1310 ’Ότι
479 1280 568 1311 πέντε
583 1280 622 1312 τὰ
637 1280 703 1320 ε’ίδη
721 1281 846 1323 μύθων,
862 1283 914 1314 καὶ
932 1282 1066 1315 ἑκάστου
1084 1284 1308 1326 ὑποδείγματα-

382 1359 463 1396 Τῶν
480 1357 514 1395 δὲ
536 1358 652 1408 μύθων
671 1360 702 1397 οἱ
723 1359 785 1409 μέν
805 1361 872 1399 εἶσι
894 1361 1102 1412 θεολογικοί,
1118 1364 1148 1400 οἱ
1166 1361 1200 1399 δὲ
1218 1363 1367 1414 φυσικοί,

333 1418 362 1454 οἱ
393 1415 428 1455 δὲ
460 1417 603 1470 ψυχικοί
623 1433 660 1456 τε
690 1418 749 1457 καὶ
772 1418 903 1467 ὓλικοί,
930 1418 991 1458 καὶ
1010 1421 1048 1457 ἐκ
1077 1420 1206 1459 τούτων
1239 1420 1367 1471 μικτοί.

333 1474 414 1513 Εἰσὶ
434 1474 470 1513 δὲ
490 1476 678 1527 θεολογικοὶ
709 1477 772 1528 μὲν
800 1479 831 1515 οἱ
848 1477 981 1528 κμηδενὶ
1008 1478 1148 1528 σώματι
1169 1478 1366 1531 χρώμενοι,

331 1532 421 1571 ἀλλὰ
440 1532 501 1576 τὰς
522 1533 638 1578 οὐσίας
659 1534 767 1579 αὐτὰς
792 1537 860 1574 τῶν
881 1537 965 1575 θεῶν
992 1539 1215 1587 θεωροῦντες·
1235 1531 1306 1576 οἷον
1326 1540 1363 1576 αἱ

329 1593 390 1627 τοῦ
418 1590 552 1642 Κρόνου
574 1591 783 1635 καταπόσεις
810 1595 878 1631 τῶν
908 1593 1044 1637 παίδων
1060 1598 1094 1618 ⁸²·
1115 1595 1234 1642 ἐπειδὴ
1255 1595 1369 1648 νοερὸς

326 1650 344 1685 ὁ
367 1647 461 1698 θεός,
486 1654 554 1692 πᾶς
571 1649 606 1697 δὲ
628 1653 702 1692 νοῦς
723 1651 769 1693 εἷς
792 1651 912 1689 ἑαυτὸν
930 1651 1150 1704 ἐπιστρέφει,
1167 1652 1229 1700 τὴν
1249 1654 1367 1693 οὐσίαν

326 1709 343 1744 ὁ
366 1710 470 1756 μῦθος
492 1706 680 1746 αἰνίττεται
702 1712 761 1747 τοῦ
780 1713 869 1760 θεοῦ.
899 1710 1065 1753 Φυσικῶς
1087 1709 1123 1748 δὲ
1147 1711 1222 1755 τοὺς
1243 1712 1367 1762 μύθους

767 1855 844 1896 Gap.
869 1856 927 1887 IV.

326 1949 471 1985 Quinque
485 1948 656 1978 fabularum
677 1949 790 1986 species
811 1956 890 1985 esse,
905 1952 936 1980 et
949 1951 1188 1987 uniuscujusque
1214 1952 1364 1989 exempla.

365 2040 561 2072 Fabularum
580 2039 651 2071 aliae
670 2039 713 2071 ad
733 2048 785 2071 res
804 2040 947 2079 divinas,
969 2040 1040 2072 aliae
1063 2040 1105 2073 ad
1133 2050 1245 2073 rerum
1261 2044 1363 2074 natu-

322 2107 391 2130 ram
407 2123 414 2137 ,
433 2097 504 2130 aliae
523 2098 565 2130 ad
581 2097 726 2130 animum
736 2122 744 2138 ‚
764 2098 835 2131 aliae
850 2098 891 2130 ad
912 2098 1082 2131 materiam
1097 2099 1280 2141 pertinent,
1293 2100 1365 2132 aliae

322 2155 461 2196 denique
478 2165 519 2189 ex
538 2155 589 2189 his‘
603 2157 718 2189 mixtae
731 2158 818 2190 sunt.
862 2160 908 2189 Ac
923 2157 1112 2199 theologicae
1127 2158 1259 2199 quidem
1277 2159 1366 2191 nulla

322 2213 449 2244 utentes
478 2220 515 2244 re
545 2220 698 2253 corporea
728 2212 817 2253 ipsas
843 2212 979 2245 deorum
1007 2213 1142 2246 naturas
1165 2215 1313 2255 spectant
1349 2227 1357 2245 ι

322 2270 434 2311 quales
463 2272 539 2302 suut
571 2269 720 2303 devorati
737 2280 756 2302 a
777 2271 917 2305 Saturno
946 2271 1024 2310 iilii3
1045 2280 1145 2312 quum
1171 2272 1256 2304 enim
1282 2272 1364 2304 deus

320 2329 500 2371 intelligens
519 2329 581 2370 sit,
597 2330 766 2371 omnisque
785 2330 968 2364 intellectus
993 2330 1026 2363 in
1043 2339 1078 2363 se
1093 2330 1201 2372 ipsum
1217 2331 1359 2364 reverta-

322 2390 387 2427 tur,
405 2387 458 2420 dei
476 2382 627 2420 naturam
644 2388 754 2420 fabula
773 2388 943 2428 significat.
989 2388 1126 2430 Physice
1143 2388 1263 2422 fabulae
1282 2398 1359 2422 con-

321 2446 517 2486 siderantur,
532 2455 633 2487 quum
651 2446 788 2478 deorum
807 2447 949 2479 actiones
967 2447 1008 2479 ad
1027 2446 1142 2480 mundi
1157 2456 1270 2480 curam
1284 2456 1361 2490 per-

320 2504 460 2537 tinentes
484 2505 638 2545 effamur,
667 2506 945 2546 quemadmodum
969 2507 1038 2547 jam
1067 2507 1201 2548 quidam
1230 2508 1361 2548 tempus

321 2564 507 2595 statuerunt
537 2565 732 2604 Saturnum,
772 2564 928 2606 temporis
961 2568 1071 2607 partes
1102 2574 1181 2598 vero
1217 2564 1361 2598 universi

321 2620 404 2652 filios
421 2621 684 2662 appellaverunt,
703 2622 785 2654 filios
798 2631 817 2654 a
829 2623 920 2664 patre
933 2623 1083 2656 devorari
1101 2623 1257 2657 dicentes.
1302 2626 1360 2656 Est

318 2686 416 2719 porro
445 2679 528 2711 ratio
566 2679 749 2712 fabularum
779 2679 821 2712 ad
850 2680 995 2713 animum
1025 2682 1143 2721 relata,
1164 2691 1230 2722 qua
1256 2681 1358 2724 ipsius

317 2737 417 2769 animi
434 2737 578 2770 actiones
595 2738 865 2779 contemplamur,
897 2739 986 2779 quod
1005 2740 1100 2772 etiam
1129 2740 1247 2773 mentis
1267 2740 1356 2783 cogi-

317 2797 408 2836 tata,
429 2796 579 2837 quamvis
605 2796 647 2828 ad
675 2796 754 2828 alios
781 2798 966 2838 transeant,
988 2800 1098 2830 tamen
1117 2798 1150 2830 in
1169 2799 1357 2832 auctoribus

317 2856 458 2887 manent.
501 2856 673 2888 Postrema
701 2855 764 2887 erit
785 2855 963 2888 materialis
994 2856 1179 2891 fabularum
1207 2857 1333 2900 species
1345 2883 1353 2898 ,

315 2922 380 2955 qua
402 2913 545 2956 AEgyptii
562 2904 769 2956 potissimum
793 2922 851 2956 per
869 2914 1080 2956 ignorantiam
1098 2916 1151 2948 usi
1173 2917 1265 2956 suut,
1284 2916 1355 2958 ipsa

314 2980 451 3013 corpora
468 2971 546 3005 deos
566 2972 789 3005 existimantes
803 2972 1074 3014 nominantesque
1098 2987 1106 3006 ι
1125 2974 1245 3006 Isidem
1259 2974 1353 3007 vide-

311 3028 391 3062 licet
407 3031 529 3063 terram
541 3055 549 3070 ,
580 3030 743 3064 Osiridem
764 3030 936 3064 humorem
949 3057 957 3071 ‚
974 3032 1163 3073 Typhonem
1189 3032 1329 3065 calorem
1341 3058 1351 3075 ,

312 3087 366 3121 vel
387 3089 565 3121 Saturnum
592 3087 726 3131 quidem
747 3097 865 3130 aquam
877 3114 885 3128 ‚
903 3089 1083 3122 Adonidem
1107 3099 1185 3123 vero
1205 3091 1329 3124 fructus
1341 3117 1349 3133 ‚

311 3146 474 3179 Bacchum
506 3146 645 3187 denique
674 3147 797 3180 vinum.
841 3148 922 3180 Haec
947 3156 1043 3188 porro
1069 3147 1131 3180 diis
1165 3151 1350 3181 consecrata

312 3213 383 3237 esse
399 3213 585 3238 asseverare
596 3230 604 3246 ,
623 3205 708 3238 sicut
726 3206 759 3239 et
776 3205 892 3239 herbas
911 3207 944 3238 et
958 3214 1037 3238 saxa
1053 3208 1088 3240 et
1102 3206 1254 3239 animalia
1269 3233 1275 3247 ,
1294 3217 1346 3239 sa-

310 3261 478 3303 pientum3
499 3263 557 3296 sed
573 3262 651 3296 deos
672 3263 727 3296 flla
742 3272 858 3297 vocare
872 3263 1072 3296 furiosorum
1089 3263 1259 3297 hominum
1277 3267 1327 3296 est
1338 3289 1346 3305 ,

310 3321 373 3355 nisi
388 3323 472 3356 forte
489 3331 528 3357 ea
545 3323 669 3356 ratione
685 3323 874 3366 loquuntur,
891 3333 957 3365 qua
973 3325 1007 3356 et
1025 3323 1102 3356 solis
1119 3323 1231 3357 orbem
1251 3325 1283 3357 et
1307 3333 1347 3357 ex

310 3381 389 3414 orbe
406 3381 607 3415 exsilientem
626 3382 754 3415 radium
771 3382 873 3416 solem
887 3384 999 3416 nostra
1023 3382 1222 3416 consuetudo
1240 3383 1348 3425 appel·

308 3438 368 3473 lat.
412 3441 476 3474 Sed
495 3441 629 3474 mixtam
646 3441 828 3475 fabularum
844 3442 985 3483 speciem
1002 3450 1076 3475 cum
1094 3441 1129 3475 in
1143 3441 1256 3475 multis
1274 3442 1346 3475 aliis

1393 1848 1400 1902 Ι
1430 1860 1671 1901 deprehendere
1688 1860 1766 1894 licet
1778 1887 1786 1902 ,
1803 1863 1876 1894 tum
1895 1861 1929 1894 in
1946 1870 1985 1894 eo
2001 1861 2090 1903 quod
2104 1862 2196 1903 ajunt
2210 1861 2415 1896 Discordiam
2434 1863 2468 1897 in

1444 386 1494 415 τις
1510 373 1577 410 τῶν
1593 374 1698 420 θεῶν,
1717 371 1835 424 ὥσπερ
1853 371 1920 418 ἤδη
1936 371 2025 417 τινὲς
2043 370 2167 424 χρόνον
2182 372 2244 424 μὲν
2261 373 2319 412 τὸν
2338 372 2473 427 Κρόνον

1443 429 1606 481 ἐνόμισαν
1632 430 1671 480 b,
1699 430 1742 468 τὰ
1758 428 1794 468 δὲ
1817 429 1905 482 μέρη
1924 433 1987 467 τοῦ
2011 429 2137 482 χρόνου
2165 432 2292 476 παῖδας
2309 435 2370 472 τοῦ
2390 432 2472 474 ὅλου

1443 487 1649 532 καλέσαντες
1672 488 1924 527 καταπίνεσθαι
1942 487 2008 527 ὑπὸ
2024 491 2083 527 τοῦ
2105 489 2236 543 πατρὸς
2254 489 2332 536 τοὺς
2347 493 2475 537 παῖδάς

1441 561 1559 599 φασιν.
1581 546 1625 586 Ὁ
1646 548 1681 586 δὲ
1694 547 1839 600 ψυχικὸς
1858 547 1982 600 τρόπος
2002 546 2093 585 ἐστίν
2110 554 2126 574 ⁰
2134 577 2148 598 ,
2167 549 2273 601 “offic
2287 551 2349 598 τῆς
2360 551 2475 603 ψυχῆς

1440 605 1500 649 τὰς
1520 605 1690 659 ἐνεργείας
1709 611 1871 655 σκοπεῖν,
1888 605 1940 644 ὅτι
1960 605 2019 645 καὶ
2039 609 2107 645 τῶν
2127 608 2250 659 ψυχῶν
2269 608 2307 646 αἱ
2323 608 2472 661 νοήσεις,

1439 664 1504 703 κᾶν
1524 666 1571 709 εἷς
1589 664 1663 710 τοὺς
1679 665 1803 709 ἄλλους
1821 665 2033 717 προέλθωσιν
2045 695 2056 715 ,
2075 666 2153 704 ἀλλ’
2169 659 2228 704 οῦν
2245 667 2280 705 ἐν
2305 670 2376 710 τοῖς
2397 681 2474 718 γεν-

1441 723 1567 771 νήσασι
1588 723 1761 775 μένουσιν.
1780 724 1922 769 εΥλικὸς
1941 725 1978 763 δέ
2000 728 2074 763 ἐστι
2093 725 2152 764 καὶ
2174 725 2342 779 ἔσχατος,
2359 718 2389 778 ᾧ
2407 724 2476 776 μοῖ-

1440 783 1541 821 λιστα
1558 784 1588 821 οἱ
1610 782 1795 835 Αἰγύπτιοι
1811 783 1855 821 δι’
1871 783 2100 822 ἀπαιδευσίαν
2117 783 2313 837 ἐχρήσαντο
2330 781 2372 833 ⁴¹,
2386 782 2475 822 αὐτὰ

1439 839 1483 878 τὰ
1519 841 1668 891 σώματα
1701 840 1796 885 θεοὺς
1825 841 2027 891 νομίσαντες
2062 842 2123 880 καὶ
2160 842 2388 888 καλέσαντεςη
2414 843 2475 881 καὶ

1438 892 1527 938 Ἶσιν
1555 898 1617 950 μὲν
1634 899 1700 947 τὴν
1719 903 1783 951 γῆν
1804 903 1839 948 ⁰,
1858 899 1999 952 Ὄσιριν
2018 899 2054 938 δὲ
2074 900 2113 938 τὸ
2135 900 2238 953 ὑγρόν
2258 901 2292 951 ¹,
2318 902 2474 955 Τυφῶνα

1437 957 1473 996 δὲ
1501 956 1564 1005 τὴν
1593 956 1816 1011 θερμότητα,
1839 957 1861 1006 ἢ
1889 958 2021 1011 Κρόνον
2051 957 2112 1009 μὲν
2132 958 2236 1012 ὕδωρ,
2266 958 2411 999 Ἄδωνιν
2439 959 2475 998 δὲ

1436 1015 1590 1070 καρπούς
1610 1021 1652 1066 ⁸,
1683 1016 1848 1056 Διόνυσον
1873 1017 1909 1055 δὲ
1929 1011 2035 1057 οἶνον.
2059 1020 2184 1057 Ταῦτα
2214 1017 2249 1056 δὲ
2271 1020 2475 1058 ἀνακεῖσθαι

1438 1075 1498 1124 μὲν
1525 1077 1611 1119 θεοῖς
1630 1074 1764 1127 λέγειν,
1787 1075 1907 1128 ὥσπερ
1927 1076 1986 1115 καὶ
2017 1077 2166 1129 βοτάνας
2197 1076 2258 1116 καὶ
2274 1075 2389 1120 λίθους
2413 1076 2473 1114 καὶ

1435 1135 1504 1185 ζῷα
1516 1162 1528 1181 ,
1548 1132 1817 1186 σωφρονούντων
1839 1133 1932 1173 ἐστὶν
1952 1134 2164 1187 ἀνθρώπων,
2185 1133 2281 1179 Θεοῦς
2297 1133 2335 1174 δὲ
2354 1135 2471 1174 καλεῖν

1436 1193 1651 1241 μαινομένων
1667 1222 1678 1241 ‚
1700 1193 1730 1230 εἷ
1747 1190 1796 1243 μὴ
1813 1191 1879 1244 ἄρα
1894 1191 2014 1245 ὥσπερ
2030 1198 2091 1233 τοῦ
2110 1192 2210 1240 ἡλίου
2225 1192 2290 1240 τὴν
2306 1198 2470 1247 σφαῖραν,

1434 1250 1492 1287 καὶ
1509 1248 1572 1295 τὴν
1590 1249 1658 1287 ἀπὸ
1677 1252 1738 1296 τ’ῆς
1751 1248 1899 1302 σφαίρας
1918 1253 2042 1288 ἀκτῖνα
2059 1250 2157 1298 ἥλιον
2172 1251 2208 1289 ἐν
2227 1249 2391 1300 συνηθείᾳ
2407 1265 2471 1288 κα-

1432 1307 1575 1356 λοῦμεν.
1598 1307 1650 1346 Τὸ
1671 1307 1706 1345 δὲ
1725 1307 1847 1358 μικτὸν
1864 1300 1952 1352 εἶδος
1974 1310 2042 1347 τῶν
2061 1307 2177 1357 μύθων
2197 1309 2233 1348 ἐν
2252 1307 2392 1352 πολλοῖς
2407 1307 2471 1358 μὲν

1432 1365 1491 1402 καὶ
1514 1365 1629 1408 ἄλλοις
1649 1364 1743 1403 ἔστιν
1762 1366 1869 1403 ἰδεῖν·
1898 1365 1959 1404 καὶ
1990 1365 2107 1416 μέντοι
2129 1365 2189 1404 καὶ
2220 1367 2256 1405 ἐν
2289 1366 2472 1418 συμποσίῳ
2502 1399 2503 1402 ,

1431 1423 1514 1475 φασὶ
1533 1425 1600 1460 τῶν
1631 1426 1716 1460 θεῶν
1743 1421 1803 1469 τὴν
1827 1419 1934 1474 Ἔριν
1956 1425 2067 1472 μῆλον
2095 1425 2193 1477 ῥῖψαι
2213 1428 2386 1477 χρυσοῦν,
2410 1424 2470 1462 καὶ

1431 1481 1511 1533 περὶ
1525 1481 1648 1520 τούτου
1670 1479 1730 1525 τὰς
1749 1480 1827 1525 θεὰς
1843 1481 2103 1535 φιλονεικούσας
2122 1481 2189 1520 ὑπὸ
2211 1485 2274 1521 τοῦ
2290 1481 2371 1527 Διὸς
2386 1483 2470 1536 πρὸς

1429 1539 1486 1577 τὸν
1511 1539 1626 1590 Πάριν
1657 1542 1856 1590 πεμφθῆναι
1875 1539 2144 1592 κριθησομένας·
2157 1543 2207 1592 τῷ
2236 1539 2274 1579 δὲ
2290 1539 2402 1588 καλήν
2420 1556 2459 1580 τε

1430 1600 1580 1650 φανῆναι
1599 1596 1661 1644 τὴν
1679 1598 1883 1650 Ἀφροδίτην
1899 1627 1910 1646 ,
1930 1598 1991 1637 καὶ
2008 1599 2119 1650 ταύτῃ
2141 1595 2258 1638 δοῦναι
2275 1597 2316 1637 τὸ
2337 1600 2464 1651 μῆλον.

1431 1656 1610 1695 Ἐνταῦθα
1638 1656 1705 1709 γὰρ
1739 1657 1778 1695 τὸ
1807 1655 1868 1708 μὲν
1905 1658 2101 1708 συμπόσιον
2121 1651 2184 1702 τὰς
2215 1655 2469 1711 ὕπερκοσμίους

1435 1714 1596 1765 δυνάμεις
1621 1715 1719 1761 δηλοῖ
1749 1718 1817 1753 τῶν
1848 1717 1932 1754 θεῶν
1945 1729 1954 1740 ·
1975 1715 2036 1754 καὶ
2057 1715 2113 1754 διὰ
2140 1719 2240 1755 τοῦτο
2261 1719 2338 1768 μετ’
2359 1717 2468 1764 ἀλλή-

1429 1918 1562 1950 deorum
1583 1919 1771 1952 convivium
1798 1920 1922 1952 malum
1942 1928 2078 1952 aureum
2104 1919 2298 1962 immisisse,
2326 1921 2469 1964 deasque

1428 1976 1510 2010 inter
1527 1986 1563 2010 se
1578 1977 1622 2010 de
1647 1986 1686 2010 eo
1700 1978 1862 2019 litigantes
1881 1987 1900 2011 a
1918 1980 2001 2012 Jove
2024 1978 2141 2012 missas
2165 1987 2236 2012 esse
2257 1968 2465 2015 ad‘Paridem

1423 2035 1636 2076 judicandas3
1656 2036 1750 2068 illum
1768 2039 1879 2069 autem
1901 2036 1955 2070 cui
1979 2039 2090 2070 Venus
2117 2037 2253 2080 pulchra
2269 2039 2357 2072 esset
2375 2039 2464 2081 visa,
2503 2033 2511 2048 ⁸

1425 2094 1502 2126 huic
1521 2094 1593 2127 deae
1608 2094 1730 2127 malum
1748 2095 1887 2128 dedisse.
1932 2095 1993 2128 Hic
2004 2095 2091 2130 enim
2109 2095 2296 2130 convivium
2317 2097 2466 2132 coelestes

1425 2152 1546 2184 indicat
1562 2152 1698 2185 deorum
1725 2153 1895 2186 facultates
1911 2179 1918 2194 ‚
1943 2154 2084 2195 ideoque
2104 2163 2217 2188 onmes
2237 2165 2303 2189 una
2318 2158 2414 2199 sunt3
2431 2159 2466 2190 at

1424 2211 1548 2243 malum
1563 2221 1700 2245 aureum
1714 2212 1871 2245 mundum
1884 2238 1893 2253 ,
1908 2213 1965 2254 qui
1982 2222 2023 2246 ex
2038 2213 2208 2247 contrariis
2223 2214 2381 2249 conflatus
2394 2223 2463 2249 me-

1424 2269 1487 2302 rito
1508 2279 1528 2302 a
1554 2269 1725 2303 Discordia
1751 2269 1866 2312 conjici
1885 2271 2083 2312 perhibetur.
2129 2273 2253 2306 Verum
2275 2281 2378 2315 quum
2400 2274 2463 2308 alia

1425 2327 1479 2360 alii
1495 2328 1540 2360 dii
1556 2328 1677 2361 mundo
1693 2328 1933 2370 impertiantur,
1951 2328 1993 2362 de
2010 2329 2099 2363 malo
2125 2329 2211 2363 inter
2226 2337 2263 2364 se
2284 2331 2387 2365 rixari
2407 2333 2461 2366 vi-

1423 2385 1551 2418 dentur.
1596 2386 1760 2419 Caeterum
1784 2386 1912 2419 animus
1937 2395 2094 2419 sensuum
2117 2386 2277 2422 beneficio
2301 2389 2460 2431 vegetus,

1423 2443 1478 2475 hle
1505 2443 1590 2476 enim
1616 2443 1708 2476 Paris
1735 2445 1805 2484 est,
1828 2446 1964 2477 caeteras
1991 2444 2026 2477 in
2048 2445 2170 2480 mundo
2198 2446 2378 2488 potestates
2395 2457 2460 2481 non

1421 2501 1549 2533 intuens
1561 2527 1569 2540 ‚
1588 2501 1645 2534 sed
1663 2502 1939 2543 pulchritudinem
1956 2502 2059 2536 solam
2070 2528 2080 2544 ,
2097 2503 2224 2537 malum
2236 2505 2356 2539 Veneri
2370 2506 2460 2540 attri-

1422 2558 1502 2591 buit.
1547 2560 1592 2590 Ex
1610 2559 1730 2592 fabulis
1756 2561 1867 2593 autem
1897 2560 2090 2601 theologicae
2116 2560 2314 2604 philosophis
2343 2572 2460 2598 conve-

1421 2618 1533 2658 niunt,
1557 2619 1668 2650 contra
1689 2618 1772 2658 illae,
1793 2627 1867 2660 quae
1889 2619 1929 2652 ad
1947 2628 2057 2652 rerum
2081 2621 2233 2654 naturam
2247 2622 2299 2655 vel
2311 2623 2458 2656 animum

1422 2677 1607 2717 pertinent,
1635 2678 1769 2719 poetas,
1795 2677 1908 2710 mixtae
1932 2677 2073 2721 denique
2100 2679 2300 2714 caerimonias
2320 2681 2454 2723 decent,

1420 2735 1499 2776 quia
1525 2735 1625 2768 etiam
1655 2744 1768 2769 omnes
1786 2735 1982 2769 caerimoniae
2002 2745 2080 2770 cum
2100 2737 2223 2771 mundo
2246 2747 2308 2772 nos
2330 2738 2456 2781 diIsque

1419 2794 1613 2835 conjungere
1623 2793 1774 2827 tendunt.
1818 2794 1942 2832 Quodsi
1955 2793 2017 2827 alia
2034 2794 2130 2828 etiam
2145 2795 2259 2828 fabula
2274 2796 2455 2831 enarranda

1419 2854 1486 2893 est,
1499 2852 1634 2887 deorum
1650 2855 1788 2886 matrem
1809 2852 1899 2886 Attin
1924 2853 2013 2895 apud
2040 2853 2170 2886 Gallum
2187 2853 2324 2887 fluvium
2344 2854 2454 2896 iacen-

1416 2911 1485 2944 tem
1500 2911 1718 2954 conspicatam
1736 2912 1845 2944 ferunt
1865 2920 1975 2944 amore
1996 2911 2067 2952 ejus
2086 2911 2205 2945 arsisse
2222 2914 2454 2955 arreptumque

1415 2970 1543 3005 stellato
1561 2970 1645 3013 pileo
1660 2979 1832 3004 exornasse
1844 2995 1852 3011 ‚
1866 2979 1904 3003 ac
1920 2970 2058 3012 posthac
2074 2979 2186 3004 secum
2201 2971 2365 3007 habuisse.
2408 2974 2453 3005 At
2483 2995 2490 3002 .

1413 3028 1468 3062 ille
1485 3029 1637 3072 nymphae
1658 3039 1766 3063 amore
1791 3031 1924 3072 captus,
1951 3030 2064 3062 relicta
2082 3028 2220 3063 deorum
2244 3030 2348 3064 matre
2374 3039 2450 3072 cum

1412 3088 1554 3130 nympha
1569 3089 1809 3122 consuescebat.
1854 3088 2073 3126 Quamobrem
2090 3087 2226 3122 deorum
2241 3090 2346 3122 mater
2359 3089 2451 3123 Attin

1412 3146 1453 3178 ad
1469 3146 1627 3180 insaniam
1646 3147 1770 3188 adegit,
1795 3146 1965 3188 effecitque
1983 3149 2022 3179 ut
2035 3146 2177 3180 abscissa
2192 3146 2342 3189 genitalia
2359 3146 2448 3190 apud
2470 3159 2475 3165 ⁴
2508 3137 2522 3162 7

1412 3205 1590 3248 nympham
1610 3206 1806 3247 relinqueret
1825 3212 2040 3246 reversusque
2060 3213 2174 3237 rursus
2191 3213 2267 3240 cum
2285 3203 2356 3247 ipsa
2371 3214 2446 3239 ver-

1415 3265 1553 3298 saretur.
1596 3267 1739 3299 Deorum
1765 3264 1864 3306 igitur
1881 3263 1986 3297 mater
2008 3262 2071 3296 dea
2086 3262 2196 3295 vitalis
2214 3264 2282 3303 est,
2308 3256 2448 3309 ideoque

1386 3310 1394 3315 ⁶
1409 3325 1513 3358 mater
1530 3324 1734 3364 nominatum
1750 3322 1836 3356 Attis
1853 3330 1932 3356 vero
1951 3330 2063 3355 eorum
2082 3330 2158 3364 quae
2171 3322 2368 3365 generantur
2391 3323 2445 3355 at-

1411 3393 1478 3424 que
1493 3383 1656 3418 intereunt
1669 3382 1798 3418 artifexa
1841 3380 1926 3415 Hinc
1941 3380 2029 3423 apud
2045 3380 2174 3415 Gallum
2189 3380 2325 3415 fluvium
2338 3389 2449 3424 reper-
2478 3376 2481 3379 ”

1415 3444 1467 3476 tus
1497 3451 1568 3476 esse
1597 3440 1755 3482 traditur-3
1775 3439 1889 3476 Gallus
1917 3439 2002 3474 enim
2034 3438 2192 3482 galaxiam
2218 3449 2277 3474 seu
2303 3440 2446 3474 lacteum
