2508 3776
289 198 370 237 372

287 284 408 329 λιστα,
442 280 500 318 καὶ
539 280 662 332 ἄγεται
693 282 760 319 ὑπὸ
787 284 850 330 τ’ἧς
881 283 1064 334 ἐπιθυμίας
1077 316 1087 336 ,
1123 285 1213 325 ὥστε
1248 287 1323 327 ἀντὶ

286 340 426 378 πάντων
445 340 489 377 τὰ
504 339 591 387 ἡδέα
614 341 800 393 αἱρεῖσθαι.
823 341 886 380 Διὸ
906 342 965 381 καὶ
987 344 1149 383 λυπεῖται
1169 347 1323 397 ἀποτυγ-

285 398 400 449 χάνων
418 400 484 435 τῶν
503 400 737 448 ἐπιθυμητῶψ
759 400 848 449 μετὰ
869 402 982 449 λύπης
1002 402 1070 454 γὰρ
1089 406 1110 450 ἡ
1134 404 1318 455 ἐπιθυμία.

284 455 395 494 ιὨιι-τε
416 457 476 494 καὶ
497 456 625 495 ἄτοπόν
648 473 682 495 τι
705 458 819 508 δοκεῖ,
842 458 881 498 τὸ
902 460 943 498 δι’
967 461 1093 508 ἡδονὴν
1113 464 1319 509 λυπεῖσθαι,

284 516 344 553 καὶ
365 515 479 554 αἰτίαν
499 510 588 554 εἶναι
608 517 670 564 τὴν
690 518 819 566 ἡδονὴν
837 522 897 558 τοῦ
927 520 1095 562 ἐναντίου.
1118 521 1163 560 Ἡ
1187 522 1249 573 μὲν
1265 515 1323 562 οῧν

281 573 361 625 περὶ
389 574 452 618 τὰς
477 575 602 622 ἡδονὰς
622 576 796 628 ὓπερὸολὴ
831 578 1002 616 ἀκολασία
1026 579 1141 628 ἐστίν,
1158 582 1204 624 ὡς
1219 580 1324 633 εἴρη-

282 646 352 670 ται.

330 687 351 707 *
365 689 411 729 ‘H
431 690 466 729 δὲ
487 691 636 745 ἔλλειψις
668 691 780 744 ὄνομα
797 696 857 732 οὐκ
879 694 952 747 ἔχει
971 694 1027 734 διὰ
1041 695 1080 735 τὸ
1098 696 1147 748 μὴ
1162 696 1254 736 πάνυ
1273 700 1328 737 εὖ·

281 748 470 801 ρίσκεσθαι.
489 752 534 789 Οἱ
548 751 615 804 γὰρ
635 751 714 804 περὶ
731 752 791 796 τὰς
806 754 930 800 ἡδονὰς
951 754 1166 800 ἐλλείποντες
1186 756 1247 795 καὶ
1264 761 1322 796 τοῧ

281 807 413 852 δέοντος
434 808 576 848 ἔλαττον
594 813 841 862 ἐπιθυμοῦντες
858 814 972 851 αὐτῶν
987 814 1025 852 οὐ
1041 814 1132 852 πάνυ
1147 814 1318 866 γίνονται·

278 866 402 918 σχεδὸν
412 867 478 921 γὰρ
491 867 558 913 ἔξω
568 872 630 916 τῆς
645 871 863 922 ἀνθρωπίνης
878 870 1013 926 φύσεώς
1026 874 1119 913 ἐστιν
1135 877 1157 922 ἡ
1175 875 1318 925 τοιαύτη

286 927 511 974 ἀναισθησία.
539 929 666 968 Καίτοι
688 931 747 969 καὶ
770 930 814 968 τὰ
836 932 946 982 ἄλογα
969 933 1040 984 ζῷα
1058 934 1074 958 ¹²
1095 932 1262 985 διακρίνει
1281 933 1325 972 τὰ

283 985 479 1037 βρώματα,
499 987 559 1026 καὶ
574 988 691 1040 χαίρει
709 989 771 1040 μὲν
789 995 860 1035 τοῖς
875 991 992 1039 ἡδέσι,
1012 993 1082 1035 τοῖς
1097 991 1132 1030 δὲ
1151 992 1198 1041 μὴ
1215 992 1327 1031 τοιού-

281 1060 351 1088 τοις
370 1046 545 1097 οὐδαμῶς.
582 1049 626 1086 Εἶ
646 1048 682 1086 δέ
701 1064 752 1093 τις
769 1049 864 1088 οὐδὲν
880 1049 947 1097 ἡδὺ
967 1049 1098 1100 νομίζει
1128 1044 1227 1099 εἶναι,
1247 1050 1324 1090 οὐδὲ

280 1104 447 1154 γινώσκει
467 1106 634 1158 διαφορὰν
653 1108 722 1145 τῶν
736 1108 846 1154 ἡδέων
867 1108 928 1147 καὶ
948 1111 1015 1147 τῶν
1033 1109 1215 1160 ἐναντίων,
1238 1110 1324 1164 πόῤ-

281 1164 329 1215 ῥω
354 1162 393 1201 ἂν
423 1163 476 1211 εἴη
504 1169 564 1203 τοῦ
589 1164 766 1218 ἄνθρωπος
789 1161 890 1205 εἶναι.
924 1167 970 1207 Ἥ
992 1167 1057 1218 μὲν
1083 1163 1142 1207 οἷν
1163 1168 1244 1222 περὶ
1264 1169 1326 1214 τὰς

280 1222 449 1269 ἡδονὰςῆ
471 1222 586 1268 λύπας
601 1223 753 1279 ἔλλειψις
778 1225 800 1272 ἢ
818 1226 994 1279 ὖπερὸολὴ
1015 1227 1122 1265 κακία
1144 1228 1250 1267 ἐστίν.

332 1280 370 1298 **
383 1281 505 1334 Ἀρετὴ
522 1281 557 1321 δὲ
571 1283 610 1322 τὸ
623 1283 744 1334 μέσον,
760 1287 781 1332 ἡ
795 1285 1014 1339 σωφροσύνη.
1036 1285 1080 1325 Ὁ
1096 1286 1163 1339 γὰρ
1175 1286 1322 1339 σώφρων

279 1339 360 1378 οὔτε
380 1341 503 1387 ἥδεται
535 1341 690 1392 μάλιστα
716 1337 765 1387 οἷς
790 1345 808 1380 ὁ
832 1344 1048 1391 ἀκόλαστος,
1073 1344 1164 1382 ἀλλὰ
1186 1346 1320 1395 μᾶλλον

277 1398 497 1451 δυσχεραίνει
516 1406 626 1438 πᾶσιν
639 1431 651 1451 ,
683 1395 732 1445 οἷς
751 1403 789 1440 οὗ
810 1402 886 1439 δέον
916 1402 988 1441 ἐστὶ
1012 1402 1161 1454 χαίρειν·
1179 1402 1257 1441 οὔτε
1272 1397 1322 1448 οἷς

207 1494 219 1498 ,
274 1457 411 1508 χαίρει,
432 1459 563 1505 μᾶλλον
584 1458 701 1510 χαίρει
717 1462 777 1498 τοῦ
795 1459 948 1507 δέοντος,
967 1459 1046 1499 οὔτε
1069 1462 1231 1500 λυπεῖται
1252 1463 1319 1499 τῶν

273 1514 386 1561 ἡδέων
408 1517 588 1565 ἀπόντων,
617 1517 687 1557 οὐδ’
707 1519 867 1569 ἐπιθυμεῖ
895 1521 964 1557 τῶν
990 1518 1100 1567 ἡδέων
1114 1549 1124 1566 ,
1147 1519 1170 1566 ἢ
1201 1521 1319 1558 ἐπιθυ-

276 1576 352 1624 μῶν
375 1574 524 1626 μετρίως
544 1577 733 1627 ἐπιθυμεῖ,
764 1577 825 1616 καὶ
845 1579 883 1616 οὗ
902 1577 1006 1616 πλέον
1026 1577 1048 1624 ἢ
1077 1579 1145 1627 δεῖ,
1168 1579 1245 1617 οὐδὲ
1262 1577 1318 1616 ὅτε

274 1633 323 1682 μὴ
344 1634 408 1671 δεῖ.
431 1631 530 1673 ‘'0⁶oe
563 1634 684 1686 μέντοι
714 1636 801 1688 πρὸς
822 1636 952 1688 ὑγίειάν
983 1637 1074 1674 ἐστιν
1097 1636 1119 1682 ἢ
1140 1637 1225 1689 πρὸς
1244 1637 1318 1675 εὐε-

281 1691 355 1735 ξίαν
390 1694 638 1742 συντελοῦντα,
673 1695 760 1740 ἡδέα
785 1694 893 1744 ὄντα,
928 1694 951 1741 ἢ
973 1695 1012 1734 τὸ
1043 1694 1228 1746 ἐλάχιστον
1262 1695 1324 1732 οὐκ

281 1750 443 1801 ἐμποδὼν
465 1752 630 1803 γινόμενα
659 1755 701 1805 τῇ
725 1753 837 1806 ὑγιεία
858 1753 917 1792 καὶ
949 1757 991 1805 τῇ
1025 1753 1162 1806 εὐεξίᾳ,
1191 1752 1323 1791 τούτων

279 1811 437 1862 ὀρέγεται
456 1810 519 1862 μέν
532 1841 542 1859 ,
567 1811 715 1864 μετρίως
730 1813 766 1850 δὲ
786 1812 847 1850 καὶ
863 1811 979 1856 καθὼς
996 1813 1060 1852 δεῖ.
1084 1812 1129 1851 ‘O
1151 1811 1217 1863 γὰρ
1232 1812 1322 1859 ἡδο-

276 1871 344 1907 νῶν
365 1871 562 1919 ἐπιθυμῶν,
589 1869 716 1914 αἵτινες
741 1872 836 1923 αὐτῷ
868 1872 952 1923 πρὸς
980 1871 1018 1910 τὸ
1041 1864 1131 1908 εἶναι
1157 1868 1320 1921 ἐμποδὼν

279 1928 433 1979 γίνονται
461 1927 483 1974 ἢ
506 1927 590 1981 πρὸς
608 1927 647 1966 τὸ
668 1922 705 1967 εὖ
736 1923 845 1977 εἶναι,
867 1928 966 1982 παρὰ
986 1928 1024 1967 τὸ
1045 1929 1120 1968 δέον
1142 1929 1317 1979 ἐπιθυμεῖ.

280 1986 326 2026 ‘O
349 1986 384 2025 δὲ
403 1986 551 2040 σώφρων
571 1988 610 2026 οὗ
631 1991 803 2036 τοιοῦτος,
828 1989 905 2026 ἀλλ’
927 1990 972 2031 ὥς
999 1990 1016 2026 ὁ
1035 1987 1133 2039 ὀρθὸς
1150 1986 1263 2039 λόγος.

331 2045 506 2098 (Scripsi
528 2061 537 2084 ι
562 2053 577 2070 ³
596 2046 787 2099 ἀνδρείας]
809 2047 895 2085 cod.
920 2046 1083 2098 ἀνδρίας.
1105 2045 1186 2076 -b
1218 2047 1319 2099 ζῷα]

276 2104 364 2143 cod.
388 2106 474 2149 ζῶα.
497 2105 570 2156 -)

713 2232 802 2283 Κεφ.
834 2229 890 2281 ιγ’.

334 2337 409 2369 ’Ότι
425 2338 445 2375 ἡ
462 2336 621 2369 ἀκολασία
641 2337 760 2378 μᾶλλον
775 2337 920 2369 ἑκούσιόν
934 2336 1020 2369 ἐστιν
1034 2337 1053 2375 ἢ
1077 2339 1095 2375 ἡ
1111 2337 1237 2370 δειλίαι]ι

323 2432 380 2450 ***
403 2433 506 2472 Ἐπεὶ
531 2433 567 2473 δὲ
586 2434 646 2472 καὶ
666 2437 688 2480 ἡ
710 2433 883 2475 ἀκολασία
915 2433 975 2474 καὶ
1006 2437 1028 2483 ἡ
1050 2434 1161 2474 δειλία
1180 2434 1322 2474 ἑκούσιά

277 2494 364 2541 εἶσι,
387 2493 574 2543 ζητητέον,
597 2494 627 2533 εἰ
647 2494 772 2545 ὁμοίως
788 2495 874 2533 εἰσὶν
895 2494 1046 2534 ἑκούσια.
1089 2498 1194 2534 Δοκεῖ
1214 2494 1250 2533 δὲ
1271 2494 1319 2546 μὴ

281 2553 431 2603 ὁμοίως,
455 2554 544 2591 ἀλλὰ
561 2553 624 2600 τὴν
645 2555 837 2592 ἀκολασίαν
867 2555 1005 2605 μᾶλλον
1032 2553 1186 2592 ἑκούσιον
1216 2549 1317 2593 εἶναι.

283 2614 359 2659 Τῆς
380 2612 442 2662 μὲν
460 2613 526 2664 γὰρ
547 2612 674 2656 δειλίας
694 2616 714 2659 ἡ
735 2613 829 2660 λύπη
851 2612 961 2651 αἰτία·
979 2613 1037 2651 διὰ
1059 2613 1128 2666 γὰρ
1145 2612 1185 2651 τὸ
1204 2612 1321 2666 φοὸεἴ-

279 2674 359 2709 σθαι
379 2671 441 2718 τὴν
460 2670 573 2717 λύπην
591 2671 696 2709 δειλοὶ
724 2671 902 2722 γινόμεθα.
925 2671 1000 2718 Τὴν
1021 2670 1058 2709 δὲ
1078 2671 1268 2710 ἀκολασίαν
1291 2674 1312 2718 ἡ

276 2729 384 2776 ἡδονὴ
406 2735 508 2767 ποιεῖ·
529 2724 577 2767 ῶν
594 2734 615 2777 ἡ
639 2729 701 2780 μὲν
723 2730 830 2776 ἡδονὴ
847 2729 1006 2782 αἱρετόν,
1025 2732 1047 2776 ἡ
1069 2728 1106 2767 δὲ
1125 2729 1220 2775 λύπη
1239 2744 1318 2781 φευ-

276 2787 374 2829 κτόν.
403 2786 453 2826 txO
475 2787 510 2825 δὲ
531 2788 588 2826 διὰ
607 2787 646 2825 τὸ
675 2788 811 2839 αἱρετὸν
830 2792 1018 2839 ποιοῦμεν,
1052 2787 1184 2839 μᾶλλόν
1219 2790 1312 2827 ἔστιν

276 2846 431 2896 ἑκούσιον
452 2851 512 2885 τοῦ
527 2846 583 2885 διὰ
611 2846 651 2884 τὸ
672 2847 817 2899 φευκτὸν
843 2847 1041 2898 γινομένου,
1101 2847 1173 2886 Καὶ
1204 2850 1226 2895 ἡ
1248 2847 1311 2899 μὲν

275 2904 369 2951 λύπη
404 2903 559 2950 ἐξίστησι
578 2904 637 2942 καὶ
658 2905 789 2957 φθείρει
808 2905 870 2953 τὴν
888 2910 950 2943 τοῦ
978 2905 1118 2958 ἔχοντος
1136 2904 1239 2958 φύσιν
1253 2935 1265 2954 ,
1292 2909 1314 2953 ἡ

275 2963 312 3002 δὲ
327 2964 432 3010 ἡδονὴ
459 2963 554 3001 οὐδὲν
580 2966 733 3001 τοιοῦτον
754 2966 860 3003 ποιεῖ.

313 3020 405 3076 ·****
427 3020 496 3059 Διὰ
511 3026 611 3060 τοῦτο
625 3020 686 3059 καὶ
701 3022 1010 3074 ἐπονειδιστότερον
1022 3026 1045 3070 ἠ
1064 3023 1238 3061 ἀκολασία
1251 3025 1312 3069 τῆς

277 3081 421 3124 δειλίας.
446 3079 550 3118 Ἐπεὶ
579 3079 645 3131 γὰρ
668 3079 725 3117 διὰ
751 3080 790 3118 τὸ
823 3080 979 3119 ἑκούσιον
1013 3081 1180 3133 ἀγαθὸνῆ
1206 3081 1312 3119 κακὸν

276 3137 467 3177 ἐπαινεῖταί
489 3153 538 3182 τις
559 3137 582 3184 ἢ
602 3137 771 3191 ψέγεται,
800 3139 948 3192 φανερὸν
979 3139 1032 3177 ὅτι
1060 3139 1099 3177 τὸ
1126 3139 1233 3178 κακόν
1247 3169 1258 3188 ,
1277 3139 1300 3186 ἢ

274 3197 315 3236 τὸ
338 3195 485 3250 ἀγαθόν,
521 3197 669 3235 καθόσον
690 3195 782 3235 ἐστὶν
810 3198 992 3246 ἑκούσιον,
1023 3198 1116 3236 κατὰ
1144 3202 1309 3237 τοσοῦτον

1122 200 1405 242 ANDRONICI
1433 204 1609 245 RHODII

1384 296 1492 328 omnia
1516 305 1592 338 quae
1614 297 1760 339 iucunda
1779 301 1856 333 sunt
1891 291 2106 348 concupiscit,
2144 310 2204 342 aut
2227 311 2316 344 certe
2340 319 2418 354 quja

1383 348 1633 389 jucundissima,
1661 353 1761 393 atque
1783 353 1831 386 ita
1849 356 2020 396 cupititate
2048 360 2200 401 trahitur,
2218 364 2258 395 ut
2281 363 2418 407 reliquis

1382 399 1534 432 omnibus
1551 410 1589 434 ea
1608 411 1684 443 quae
1700 404 1948 440 oblectationem
1960 409 2081 444 habent
2096 415 2284 456 anteponat.
2306 418 2418 454 Quare

1384 452 1483 485 etiam
1498 453 1606 493 dolet,
1640 457 1771 498 quoties
1801 461 1880 492 voto
1909 470 1974 493 non
1993 463 2145 504 potitur:
2174 475 2302 510 semper
2329 469 2417 502 enim

1384 516 1460 540 cum
1474 508 1585 543 dolore
1603 511 1766 553 cupiditas
1784 514 1955 556 conjunct-a
1980 519 2042 551 est.
2063 521 2281 558 Quamobrem
2298 522 2418 557 absur-

1384 559 1464 593 dum
1480 561 1622 602 videtur,
1646 567 1778 607 propter
1792 567 1996 609 voluptatem
2013 569 2125 604 dolore
2144 571 2230 606 affici
2248 573 2419 618 ipsamque

1384 614 1589 661 voluptatem
1612 619 1767 652 contrarii
1787 629 1919 654 causam
1935 631 2016 656 esse.
2064 625 2125 657 Est
2153 625 2254 667 igitur
2267 625 2422 671 volupta-

1384 662 1458 693 tum
1479 661 1696 707 abundantia,
1712 668 1751 698 ut
1766 667 1926 708 diximus,
1954 670 2216 714 intemperantia.

1425 713 1582 748 Defectus
1593 725 1689 757 vero,
1705 719 1784 760 quia
1801 729 1876 752 raro
1886 723 2060 764 reperitur,
2082 726 2180 758 vacat
2196 725 2337 760 nomine.
2355 727 2420 766 Qui

1385 766 1472 799 enim
1485 767 1520 799 in
1538 770 1729 810 expetendis
1745 772 1972 814 voluptatibus
1997 776 2132 809 modum
2159 777 2330 820 deserant3
2356 779 2422 812 mi·

1385 829 1513 862 nusque
1540 830 1641 863 quam
1661 826 1791 865 oportet
1820 835 1875 859 eas
1892 828 2141 870 concupiscant,
2170 838 2247 862 raro
2269 830 2422 865 exoriun-

1384 876 1441 907 tur
1457 883 1466 903 =
1491 875 1654 918 siquidem
1672 878 1834 919 eJusmodi
1849 881 1963 921 stupor
1978 879 2048 914 fere
2064 881 2098 914 in
2127 881 2308 916 humanam
2323 885 2424 916 natu-

1385 938 1457 962 ram
1471 939 1534 962 non
1549 931 1710 964 convenit.
1732 933 1855 964 Verum
1868 933 1965 966 bruta
1974 943 2108 976 quoque
2120 934 2273 968 animalia
2289 936 2423 978 pastum

1385 983 1593 1025 discernunt,
1615 984 1662 1016 ita
1680 986 1718 1016 ut
1728 984 1875 1026 jucundo
1887 986 2008 1028 pabulo
2023 987 2239 1028 delectentur,
2259 988 2424 1022 contrario

1386 1045 1450 1068 non
1470 1035 1561 1069 item.
1607 1036 1731 1074 Quodsi
1752 1038 1828 1079 quis
1843 1038 1925 1070 nihil
1949 1039 2130 1080 iucundum
2148 1049 2219 1074 esse
2236 1040 2421 1079 existimet,

1386 1098 1492 1131 neque
1502 1089 1653 1123 suavium
1664 1091 1966 1133 contrariarumque
1975 1101 2087 1125 rerum
2097 1092 2272 1127 discrimen
2281 1093 2420 1131 noverit,

1384 1142 1414 1174 is
1433 1141 1581 1184 profecto
1599 1143 1640 1176 ab
1656 1143 1861 1177 humanitate
1877 1143 1978 1177 fuerit
1990 1145 2241 1180 remotissimus.
2263 1138 2424 1185 Quocirca

1387 1194 1593 1236 voluptatum
1610 1195 1664 1228 vel
1682 1196 1909 1229 molestiarum
1926 1196 2076 1231 defectus
2088 1200 2147 1231 aut
2167 1197 2368 1232 abundantia

1384 1248 1476 1281 vitiis
1492 1250 1719 1281 numerantur.
2347 1262 2350 1267 ·

1428 1307 1544 1340 Virtus
1565 1309 1676 1340 autem
1692 1307 1901 1341 mediocritas
1922 1310 1992 1347 est,
2015 1309 2175 1343 nimirum
2194 1309 2424 1353 temperantia.

1384 1357 1467 1388 Nam
1491 1357 1677 1396 temperans
1691 1364 1798 1397 neque
1810 1356 1851 1388 iis
1866 1357 2009 1390 maxime
2024 1357 2219 1397 delectatur.
2235 1357 2358 1400 quibus
2374 1358 2428 1392 in-

1384 1404 1590 1444 temperans,
1621 1402 1679 1435 sed
1703 1403 1814 1443 potius
1842 1403 1882 1436 iis
1910 1404 2063 1437 omnibus
2083 1403 2280 1444 offenditur.
2301 1405 2426 1448 quibus

1384 1451 1524 1492 gaudere
1537 1460 1601 1482 non
1607 1451 1755 1492 oportet:
1770 1459 1877 1492 neque
1888 1451 2010 1493 quibus
2022 1452 2156 1495 gaudet,
2170 1453 2214 1486 iis
2228 1453 2333 1496 magis
2342 1462 2426 1496 gau·
2474 1495 2477 1498 Α

1384 1497 1440 1530 det
1456 1507 1557 1539 quam
1575 1500 1705 1539 oportet
1717 1524 1725 1538 ‚
1759 1507 1866 1540 neque
1884 1497 1973 1530 dolet
1992 1508 2097 1540 quum
2110 1499 2257 1541 jucunda
2282 1499 2421 1538 absunt.

1383 1554 1491 1587 neque
1506 1546 1694 1587 voluptates
1710 1545 1923 1586 concupiscit,
1944 1548 2003 1578 aut
2018 1547 2046 1579 si
2063 1556 2119 1580 eas
2131 1544 2342 1589 concupiscit,
2356 1556 2424 1580 me-

1384 1593 1539 1625 diocriter
1555 1595 1655 1631 certe,
1672 1602 1730 1625 nec
1739 1595 1842 1635 magis
1857 1603 1957 1636 quam
1969 1595 2108 1635 oportet,
2123 1603 2230 1636 neque
2242 1602 2347 1636 quum
2359 1602 2424 1626 non

1384 1642 1522 1682 oportet.
1539 1642 1751 1682 Quaecunque
1766 1650 1844 1674 vero
1859 1643 1906 1674 ita
1915 1641 2062 1683 jucunda
2079 1643 2174 1682 sunt,
2189 1643 2228 1674 ut
2250 1641 2292 1674 ad
2305 1641 2426 1676 bonam

1383 1688 1606 1720 valetudinem
1620 1689 1670 1721 vel
1688 1689 1850 1730 optimum
1866 1689 2011 1730 corporis
2025 1688 2174 1721 habitum
2190 1688 2336 1721 multum
2347 1697 2425 1721 oon-

1384 1733 1508 1772 ferant‚
1525 1737 1582 1766 aut
1592 1735 1708 1767 saltem
1726 1745 1832 1777 neque
1851 1735 1930 1768 huic
1954 1736 2063 1768 obsint
2084 1743 2191 1777 neque
2207 1734 2274 1774 illi,
2293 1743 2332 1768 ca
2349 1735 2426 1777 qui-

1384 1781 1457 1814 dem
1480 1782 1620 1823 appetit,
1641 1782 1698 1814 sed
1714 1782 1923 1815 mediocriter
1941 1784 1975 1815 et
1996 1784 2035 1814 ut
2053 1783 2192 1823 oportet.
2253 1781 2318 1819 Qui
2338 1781 2426 1815 enim

1383 1829 1571 1870 voluptates
1591 1830 1791 1871 concupiscit
1805 1855 1812 1868 ‚
1828 1839 1903 1872 quae
1923 1829 2032 1871 ipsum
2043 1827 2229 1870 impediunt
2244 1854 2252 1866 ‚
2269 1836 2312 1861 ne
2329 1828 2424 1862 vivat

1384 1879 1442 1909 aut
1460 1886 1500 1909 ne
1522 1876 1679 1910 felicitate
1700 1879 1833 1916 utatur,
1863 1886 1958 1910 secus
1978 1886 2079 1918 quam
2095 1875 2191 1909 decet
2210 1875 2424 1918 concupiscit.
2480 1873 2490 1928 γ’

1384 1925 1425 1956 At
1437 1924 1534 1956 homo
1547 1926 1734 1966 temperans
1746 1924 1822 1956 talis
1840 1933 1904 1956 non
1923 1925 1984 1962 est,
1997 1922 2055 1956 sed
2069 1923 2108 1955 ut
2127 1923 2220 1955 recta
2232 1922 2318 1955 ratio
2334 1931 2424 1965 prae-
2461 1963 2464 1966 Ι

1384 1971 1472 2013 cipit.

1802 2229 1880 2273 Gap.
1905 2232 1991 2263 xm.

1403 2344 1663 2380 intemperantiam
1677 2343 1770 2378 magis
1790 2342 1989 2371 voluntariam
2006 2349 2070 2371 esse
2088 2348 2179 2378 quam
2190 2339 2389 2369 timiditatem.

1424 2439 1584 2478 Quoniam
1602 2447 1677 2479 ergo
1694 2439 1727 2469 et
1745 2436 1995 2478 intemperantia
2007 2435 2193 2471 voluntaria
2210 2436 2260 2467 est
2276 2436 2310 2467 et
2324 2433 2417 2466 timi-

1381 2496 1468 2528 ditas
1479 2521 1487 2536 ,
1505 2494 1739 2537 quaerendum,
1756 2493 1863 2525 sintne
1882 2492 1996 2525 eodem
2008 2491 2106 2524 modo
2116 2490 2321 2524 voluutariae.
2335 2491 2418 2529 Quae

1381 2557 1433 2580 res
1448 2549 1558 2579 tamen
1576 2545 1702 2577 nonita
1721 2543 1853 2576 videtur
1873 2552 1908 2575 se
1926 2542 2065 2582 habere,
2089 2541 2146 2574 sed
2167 2539 2419 2583 intemperantia

1380 2604 1484 2647 magis
1496 2602 1682 2636 voluntaria
1697 2610 1778 2634 esse.
1803 2599 2004 2632 Timiditatis
2020 2599 2107 2631 enim
2119 2603 2219 2631 causa
2237 2598 2331 2631 dolor
2345 2602 2415 2633 est:

1379 2665 1484 2697 quum
1515 2654 1602 2687 enlm
1634 2653 1779 2685 dolorem
1816 2651 2008 2690 timeamus,
2036 2649 2145 2682 timidi
2170 2649 2352 2683 evadimus.
2375 2651 2418 2683 At

1379 2707 1663 2749 intemperantiam
1682 2707 1837 2747 voluptas
1860 2706 1950 2737 creat
1970 2717 1979 2736 ι
2005 2714 2023 2737 e
2041 2703 2163 2745 quibus
2185 2702 2337 2745 voluptas
2355 2711 2416 2735 ex·
2439 2723 2444 2728 -

1379 2759 1530 2801 petenda,
1554 2758 1647 2791 dolor
1664 2756 1839 2798 fugiendus
1856 2757 1919 2788 est.
1957 2754 2053 2793 Quod
2064 2762 2143 2786 vero
2160 2753 2208 2786 rei
2225 2754 2416 2795 expetendae

1381 2824 1479 2847 causa
1499 2813 1650 2850 facimus,
1672 2811 1777 2852 magis
1802 2809 2026 2843 voluntarium
2045 2809 2113 2849 est,
2134 2815 2236 2849 quam
2263 2806 2354 2849 quod
2369 2810 2417 2842 rei

1376 2865 1538 2908 fugiendae
1557 2863 1662 2905 gratia
1677 2863 1725 2895 tit.
1751 2861 1843 2894 Adde
1867 2861 1958 2902 quod
1979 2859 2073 2892 dolor
2096 2860 2250 2890 naturam
2273 2856 2416 2890 hominis

1375 2923 1514 2949 moerore
1534 2913 1643 2946 afflicti
1661 2910 1840 2952 corrumpit
1867 2919 1906 2942 ac
1923 2909 2101 2950 depravat,
2125 2915 2230 2949 quum
2251 2905 2335 2939 nihil
2348 2907 2415 2938 tale

1378 2966 1478 2999 saciat
1498 2965 1661 3006 voluptas.
1743 2999 1747 3003 ,

1416 3024 1621 3066 Quapropter
1636 3018 1884 3062 intemperantia
1895 3016 2081 3060 probrosior
2093 3015 2196 3049 etiam
2208 3023 2309 3058 quam
2321 3013 2414 3048 timi-

1375 3084 1461 3116 ditas
1480 3084 1541 3116 est.
1556 3084 1666 3119 Quum
1677 3079 1763 3113 enlm
1781 3077 1901 3120 aliquis
1918 3078 2051 3119 propter
2067 3075 2103 3108 id
2126 3074 2216 3118 quod
2230 3076 2345 3117 sponte
2356 3073 2411 3106 vel

1375 3145 1458 3177 bene
1475 3143 1529 3176 vel
1540 3142 1626 3175 male
1643 3140 1723 3173 facit
1745 3140 1803 3171 aut
1826 3136 1979 3170 laudetur
1999 3137 2057 3168 aut
2072 3135 2296 3177 vituperetur,
2316 3134 2412 3176 patet

1375 3203 1500 3235 malum
1517 3202 1575 3234 aut
1586 3200 1722 3239 honum,
1738 3197 1902 3239 quatenus
1915 3203 1933 3227 e
1951 3193 2122 3227 voluntate
2133 3191 2264 3235 pendet,
2277 3191 2413 3224 eatenus

290 3298 2413 3320 Μ

317 3397 335 3415 *
356 3396 573 3435 Ἐλλείποντες
586 3397 620 3429 δὲ
635 3398 708 3440 περὶ
731 3397 788 3434 τὰς
802 3398 919 3436 ἡδονὰς
933 3400 1003 3432 κτλ.
1022 3415 1063 3421 —
1083 3398 1116 3415 **
1138 3398 1178 3430 Ὃ
1205 3399 1238 3430 δὲ
1255 3400 1392 3441 σώφρων
1412 3399 1516 3440 μέσως
1529 3397 1603 3440 περὶ
1622 3396 1712 3428 ταῦτ’
1735 3393 1802 3436 ἔχει
1822 3393 1891 3425 κτλ.
1913 3407 1954 3414 -
1970 3390 2022 3409 ***
2040 3390 2118 3430 Gap.
2147 3391 2195 3421 12.
2219 3385 2359 3427 ἑκουσίῳ
2375 3384 2411 3417 δὲ
2476 3420 2479 3422 ,

280 3447 398 3485 μᾶλλον
417 3444 521 3476 ἔοικεν
538 3447 558 3483 ἡ
583 3443 744 3475 ἀκολασία
758 3448 813 3483 τῆς
831 3445 947 3481 δειλίας
967 3446 1034 3476 κτλ.
1056 3459 1098 3467 ——
1112 3444 1183 3462 ’Μ’
1200 3446 1257 3476 Διὸ
1272 3446 1327 3476 καὶ·
1346 3445 1640 3485 ἐπονειδιστότερον
1660 3443 1729 3474 κτλ.

2491 287 2508 297 ἶ
2493 60 2508 262 .-k‘m—flss-s‘
2503 9 2508 14 .
