<?xml version="1.0" encoding="UTF-8"?>
<!DOCTYPE html PUBLIC "-//W3C//DTD XHTML 1.0 Transitional//EN"
    "http://www.w3.org/TR/xhtml1/DTD/xhtml1-transitional.dtd">
<html xmlns="http://www.w3.org/1999/xhtml" xml:lang="en" lang="en">
 <head>
  <title>
</title>
<meta http-equiv="Content-Type" content="text/html;charset=utf-8" />
  <meta name='ocr-system' content='tesseract 3.04.00' />
  <meta name='ocr-capabilities' content='ocr_page ocr_carea ocr_par ocr_line ocrx_word'/>
</head>
<body>
  <div class='ocr_page' id='page_1' title='image "./fragmentaphiloso03mulluoft/fragmentaphiloso03mulluoft_0591.png"; bbox 0 0 2508 3776; ppageno 0'>
   <div class='ocr_carea' id='block_1_1' title="bbox 0 112 44 3776">
    <p class='ocr_par' dir='ltr' id='par_1_1' title="bbox 0 112 44 3776">
     <span class='ocr_line' id='line_1_1' title="bbox 0 112 44 3776; baseline 0 0"><span class='ocrx_word' id='word_1_1' title='bbox 0 112 44 3776; x_wconf 95' lang='lat' dir='ltr'> </span> 
     </span>
    </p>
   </div>
   <div class='ocr_carea' id='block_1_2' title="bbox 931 140 1546 185">
    <p class='ocr_par' dir='ltr' id='par_1_2' title="bbox 931 140 1546 185">
     <span class='ocr_line' id='line_1_2' title="bbox 931 140 1546 185; baseline 0.007 -5"><span class='ocrx_word' id='word_1_2' title='bbox 931 140 1000 180; x_wconf 90' lang='lat' dir='ltr'>DE</span> <span class='ocrx_word' id='word_1_3' title='bbox 1030 141 1349 182; x_wconf 82' lang='lat' dir='ltr'>AFFECTIBUS</span> <span class='ocrx_word' id='word_1_4' title='bbox 1381 143 1546 185; x_wconf 90' lang='lat' dir='ltr'><strong>LIBER.</strong></span> 
     </span>
    </p>
   </div>
   <div class='ocr_carea' id='block_1_3' title="bbox 92 226 1211 3434">
    <p class='ocr_par' dir='ltr' id='par_1_3' title="bbox 213 226 1204 286">
     <span class='ocr_line' id='line_1_3' title="bbox 213 226 1204 286; baseline 0 -18"><span class='ocrx_word' id='word_1_5' title='bbox 213 226 388 274; x_wconf 82' lang='grc' dir='ltr'>Πολιτικὴ</span> <span class='ocrx_word' id='word_1_6' title='bbox 416 226 452 266; x_wconf 81' lang='grc' dir='ltr'>δὲ</span> <span class='ocrx_word' id='word_1_7' title='bbox 474 226 541 273; x_wconf 82' lang='grc' dir='ltr'>ἕξις</span> <span class='ocrx_word' id='word_1_8' title='bbox 562 230 757 283; x_wconf 85' lang='grc' dir='ltr'>θεωρητικὴ</span> <span class='ocrx_word' id='word_1_9' title='bbox 787 247 855 271; x_wconf 88' lang='grc' dir='ltr'>των</span> <span class='ocrx_word' id='word_1_10' title='bbox 870 235 915 286; x_wconf 79' lang='grc' dir='ltr'>τῇ</span> <span class='ocrx_word' id='word_1_11' title='bbox 934 231 1035 271; x_wconf 86' lang='grc' dir='ltr'>πόλει</span> <span class='ocrx_word' id='word_1_12' title='bbox 1070 245 1204 284; x_wconf 80' lang='grc' dir='ltr'>συμφε-</span> 
     </span>
    </p>

    <p class='ocr_par' dir='ltr' id='par_1_4' title="bbox 155 301 1189 460">
     <span class='ocr_line' id='line_1_4' title="bbox 196 302 301 327; baseline 0 -1"><span class='ocrx_word' id='word_1_13' title='bbox 196 302 301 327; x_wconf 88' lang='grc' dir='ltr'>ντων.</span> 
     </span>
     <span class='ocr_line' id='line_1_5' title="bbox 156 285 1208 405; baseline 0.004 -21"><span class='ocrx_word' id='word_1_14' title='bbox 156 285 197 341; x_wconf 66' lang='grc' dir='ltr'>ρό</span> <span class='ocrx_word' id='word_1_15' title='bbox 209 346 428 398; x_wconf 81' lang='grc' dir='ltr'>Οἶκονομικὴ</span> <span class='ocrx_word' id='word_1_16' title='bbox 450 345 486 386; x_wconf 85' lang='grc' dir='ltr'>δὲ</span> <span class='ocrx_word' id='word_1_17' title='bbox 510 346 575 393; x_wconf 80' lang='grc' dir='ltr'>ἕξις</span> <span class='ocrx_word' id='word_1_18' title='bbox 589 351 784 403; x_wconf 83' lang='grc' dir='ltr'>θεωρητικὴ</span> <span class='ocrx_word' id='word_1_19' title='bbox 802 368 871 392; x_wconf 88' lang='grc' dir='ltr'>των</span> <span class='ocrx_word' id='word_1_20' title='bbox 894 353 945 405; x_wconf 78' lang='grc' dir='ltr'>τῷ</span> <span class='ocrx_word' id='word_1_21' title='bbox 966 351 1052 404; x_wconf 85' lang='grc' dir='ltr'>οἴκῳ</span> <span class='ocrx_word' id='word_1_22' title='bbox 1073 364 1208 403; x_wconf 77' lang='grc' dir='ltr'>συμφε-</span> 
     </span>
     <span class='ocr_line' id='line_1_6' title="bbox 155 404 300 460; baseline -0.008 -15"><span class='ocrx_word' id='word_1_23' title='bbox 155 404 300 460; x_wconf 84' lang='grc' dir='ltr'>ρόντων.</span> 
     </span>
    </p>

    <p class='ocr_par' dir='ltr' id='par_1_5' title="bbox 209 464 1039 521">
     <span class='ocr_line' id='line_1_7' title="bbox 209 464 1039 521; baseline 0.005 -15.06"><span class='ocrx_word' id='word_1_24' title='bbox 209 464 338 514; x_wconf 79' lang='grc' dir='ltr'>Ἠθικὴ</span> <span class='ocrx_word' id='word_1_25' title='bbox 360 467 433 506; x_wconf 83' lang='grc' dir='ltr'>δὲ’</span> <span class='ocrx_word' id='word_1_26' title='bbox 417 466 600 519; x_wconf 82' lang='grc' dir='ltr'>επιστήμη</span> <span class='ocrx_word' id='word_1_27' title='bbox 621 469 824 521; x_wconf 84' lang='grc' dir='ltr'>κοσμητικὴ</span> <span class='ocrx_word' id='word_1_28' title='bbox 839 486 913 510; x_wconf 88' lang='grc' dir='ltr'>των</span> <span class='ocrx_word' id='word_1_29' title='bbox 934 472 1039 518; x_wconf 82' lang='grc' dir='ltr'>ἠθων.</span> 
     </span>
    </p>

    <p class='ocr_par' dir='ltr' id='par_1_6' title="bbox 213 523 1091 581">
     <span class='ocr_line' id='line_1_8' title="bbox 213 523 1091 581; baseline 0.001 -15"><span class='ocrx_word' id='word_1_30' title='bbox 213 525 432 574; x_wconf 83' lang='grc' dir='ltr'>Διαλεκτικὴ</span> <span class='ocrx_word' id='word_1_31' title='bbox 453 526 488 566; x_wconf 87' lang='grc' dir='ltr'>δὲ</span> <span class='ocrx_word' id='word_1_32' title='bbox 513 527 693 579; x_wconf 80' lang='grc' dir='ltr'>ἐπιστήμη</span> <span class='ocrx_word' id='word_1_33' title='bbox 713 545 775 569; x_wconf 87' lang='grc' dir='ltr'>του</span> <span class='ocrx_word' id='word_1_34' title='bbox 795 523 834 569; x_wconf 92' lang='grc' dir='ltr'>ευ</span> <span class='ocrx_word' id='word_1_35' title='bbox 854 528 1091 581; x_wconf 85' lang='grc' dir='ltr'>διαλέγεσθαι.</span> 
     </span>
    </p>

    <p class='ocr_par' dir='ltr' id='par_1_7' title="bbox 207 582 942 640">
     <span class='ocr_line' id='line_1_9' title="bbox 207 582 942 640; baseline 0.001 -14.019"><span class='ocrx_word' id='word_1_36' title='bbox 207 583 401 639; x_wconf 83' lang='grc' dir='ltr'>Ῥητορικὴ</span> <span class='ocrx_word' id='word_1_37' title='bbox 422 585 459 625; x_wconf 82' lang='grc' dir='ltr'>δὲ</span> <span class='ocrx_word' id='word_1_38' title='bbox 479 585 659 638; x_wconf 80' lang='grc' dir='ltr'>ἐπιστήμη</span> <span class='ocrx_word' id='word_1_39' title='bbox 682 590 742 626; x_wconf 82' lang='grc' dir='ltr'>τοῦ</span> <span class='ocrx_word' id='word_1_40' title='bbox 758 582 796 627; x_wconf 88' lang='grc' dir='ltr'>ευ</span> <span class='ocrx_word' id='word_1_41' title='bbox 816 588 942 640; x_wconf 86' lang='grc' dir='ltr'>λέγειν.</span> 
     </span>
    </p>

    <p class='ocr_par' dir='ltr' id='par_1_8' title="bbox 207 643 1027 700">
     <span class='ocr_line' id='line_1_10' title="bbox 207 643 1027 700; baseline 0 -15"><span class='ocrx_word' id='word_1_42' title='bbox 207 644 354 693; x_wconf 86' lang='grc' dir='ltr'>Φυσικὴ</span> <span class='ocrx_word' id='word_1_43' title='bbox 375 643 412 684; x_wconf 84' lang='grc' dir='ltr'>δὲ</span> <span class='ocrx_word' id='word_1_44' title='bbox 432 645 614 698; x_wconf 74' lang='grc' dir='ltr'>ἐπιστήμη</span> <span class='ocrx_word' id='word_1_45' title='bbox 634 648 704 684; x_wconf 85' lang='grc' dir='ltr'>τῶν</span> <span class='ocrx_word' id='word_1_46' title='bbox 729 662 772 685; x_wconf 92' lang='grc' dir='ltr'>πε</span> <span class='ocrx_word' id='word_1_47' title='bbox 795 646 889 694; x_wconf 80' lang='grc' dir='ltr'>ὶτὴν</span> <span class='ocrx_word' id='word_1_48' title='bbox 911 645 1027 700; x_wconf 82' lang='grc' dir='ltr'>φύσιν.</span> 
     </span>
    </p>

    <p class='ocr_par' dir='ltr' id='par_1_9' title="bbox 150 701 1211 1056">
     <span class='ocr_line' id='line_1_11' title="bbox 205 701 1211 758; baseline -0.002 -14"><span class='ocrx_word' id='word_1_49' title='bbox 205 701 326 757; x_wconf 83' lang='grc' dir='ltr'>Ἔργα</span> <span class='ocrx_word' id='word_1_50' title='bbox 344 703 382 744; x_wconf 83' lang='grc' dir='ltr'>δὲ</span> <span class='ocrx_word' id='word_1_51' title='bbox 398 706 461 753; x_wconf 79' lang='grc' dir='ltr'>τῆς</span> <span class='ocrx_word' id='word_1_52' title='bbox 483 704 683 758; x_wconf 82' lang='grc' dir='ltr'>φρονήσεως</span> <span class='ocrx_word' id='word_1_53' title='bbox 693 705 733 744; x_wconf 85' lang='grc' dir='ltr'>τὸ</span> <span class='ocrx_word' id='word_1_54' title='bbox 753 721 791 744; x_wconf 90' lang='grc' dir='ltr'>ευ</span> <span class='ocrx_word' id='word_1_55' title='bbox 813 704 1060 758; x_wconf 85' lang='grc' dir='ltr'>βουλεύεσθαι·</span> <span class='ocrx_word' id='word_1_56' title='bbox 1079 703 1120 742; x_wconf 84' lang='grc' dir='ltr'>τὸ</span> <span class='ocrx_word' id='word_1_57' title='bbox 1137 702 1211 756; x_wconf 90' lang='grc' dir='ltr'>κρί-</span> 
     </span>
     <span class='ocr_line' id='line_1_12' title="bbox 152 763 1210 817; baseline -0.002 -13"><span class='ocrx_word' id='word_1_58' title='bbox 152 779 223 804; x_wconf 87' lang='grc' dir='ltr'>νειν</span> <span class='ocrx_word' id='word_1_59' title='bbox 243 764 290 803; x_wconf 77' lang='grc' dir='ltr'>τὰ</span> <span class='ocrx_word' id='word_1_60' title='bbox 303 764 420 816; x_wconf 80' lang='grc' dir='ltr'>ἀγαθὰ</span> <span class='ocrx_word' id='word_1_61' title='bbox 435 764 560 805; x_wconf 81' lang='grc' dir='ltr'>καὶτὰ</span> <span class='ocrx_word' id='word_1_62' title='bbox 590 765 703 814; x_wconf 85' lang='grc' dir='ltr'>κακά,</span> <span class='ocrx_word' id='word_1_63' title='bbox 723 765 785 805; x_wconf 79' lang='grc' dir='ltr'>καὶ</span> <span class='ocrx_word' id='word_1_64' title='bbox 813 765 929 804; x_wconf 89' lang='grc' dir='ltr'>πάντα</span> <span class='ocrx_word' id='word_1_65' title='bbox 948 764 992 803; x_wconf 84' lang='grc' dir='ltr'>τὰ</span> <span class='ocrx_word' id='word_1_66' title='bbox 1013 766 1048 802; x_wconf 84' lang='grc' dir='ltr'>ἐν</span> <span class='ocrx_word' id='word_1_67' title='bbox 1071 766 1121 816; x_wconf 81' lang='grc' dir='ltr'>τῷ</span> <span class='ocrx_word' id='word_1_68' title='bbox 1144 763 1210 817; x_wconf 85' lang='grc' dir='ltr'>βίῳ</span> 
     </span>
     <span class='ocr_line' id='line_1_13' title="bbox 152 822 1208 878; baseline -0.002 -15"><span class='ocrx_word' id='word_1_69' title='bbox 152 822 277 877; x_wconf 70' lang='grc' dir='ltr'>αἱρετὰ</span> <span class='ocrx_word' id='word_1_70' title='bbox 299 824 361 864; x_wconf 75' lang='grc' dir='ltr'>καὶ</span> <span class='ocrx_word' id='word_1_71' title='bbox 381 824 534 878; x_wconf 87' lang='grc' dir='ltr'>φευκτά·</span> <span class='ocrx_word' id='word_1_72' title='bbox 555 824 596 864; x_wconf 83' lang='grc' dir='ltr'>τὸ</span> <span class='ocrx_word' id='word_1_73' title='bbox 610 828 765 878; x_wconf 78' lang='grc' dir='ltr'>χρῆσθαι</span> <span class='ocrx_word' id='word_1_74' title='bbox 786 830 878 866; x_wconf 84' lang='grc' dir='ltr'>πᾶσι</span> <span class='ocrx_word' id='word_1_75' title='bbox 897 830 969 870; x_wconf 85' lang='grc' dir='ltr'>τοῖς</span> <span class='ocrx_word' id='word_1_76' title='bbox 990 823 1208 877; x_wconf 81' lang='grc' dir='ltr'>ὑπάρχουσιν</span> 
     </span>
     <span class='ocr_line' id='line_1_14' title="bbox 152 881 1208 936; baseline -0.003 -13"><span class='ocrx_word' id='word_1_77' title='bbox 152 883 295 936; x_wconf 73' lang='grc' dir='ltr'>ἀγαθοῖς</span> <span class='ocrx_word' id='word_1_78' title='bbox 313 882 376 923; x_wconf 81' lang='grc' dir='ltr'>καὶ</span> <span class='ocrx_word' id='word_1_79' title='bbox 393 889 516 928; x_wconf 83' lang='grc' dir='ltr'>κακοῖς</span> <span class='ocrx_word' id='word_1_80' title='bbox 530 885 578 927; x_wconf 79' lang='grc' dir='ltr'>ὥς</span> <span class='ocrx_word' id='word_1_81' title='bbox 600 885 672 922; x_wconf 87' lang='grc' dir='ltr'><strong>δεῖ·</strong></span> <span class='ocrx_word' id='word_1_82' title='bbox 698 884 741 923; x_wconf 72' lang='grc' dir='ltr'>τὸ</span> <span class='ocrx_word' id='word_1_83' title='bbox 771 884 920 924; x_wconf 83' lang='grc' dir='ltr'>συνιδεῖν</span> <span class='ocrx_word' id='word_1_84' title='bbox 945 881 1024 927; x_wconf 73' lang='grc' dir='ltr'>τοὺς</span> <span class='ocrx_word' id='word_1_85' title='bbox 1044 883 1184 936; x_wconf 85' lang='grc' dir='ltr'>καιρούς</span> <span class='ocrx_word' id='word_1_86' title='bbox 1200 897 1208 907; x_wconf 94' lang='grc'>·</span> 
     </span>
     <span class='ocr_line' id='line_1_15' title="bbox 152 941 1210 998; baseline -0.002 -15"><span class='ocrx_word' id='word_1_87' title='bbox 152 941 192 983; x_wconf 82' lang='grc' dir='ltr'>τὸ</span> <span class='ocrx_word' id='word_1_88' title='bbox 204 941 357 996; x_wconf 67' lang='grc' dir='ltr'>ἀγχίνως</span> <span class='ocrx_word' id='word_1_89' title='bbox 369 942 574 997; x_wconf 85' lang='grc' dir='ltr'>χρήσασθαι</span> <span class='ocrx_word' id='word_1_90' title='bbox 593 942 654 982; x_wconf 84' lang='grc' dir='ltr'>καὶ</span> <span class='ocrx_word' id='word_1_91' title='bbox 673 942 766 998; x_wconf 82' lang='grc' dir='ltr'>ἔργῳ</span> <span class='ocrx_word' id='word_1_92' title='bbox 782 943 842 982; x_wconf 79' lang='grc' dir='ltr'>καὶ</span> <span class='ocrx_word' id='word_1_93' title='bbox 861 943 974 997; x_wconf 87' lang='grc' dir='ltr'>λόγῳ·</span> <span class='ocrx_word' id='word_1_94' title='bbox 995 942 1034 982; x_wconf 83' lang='grc' dir='ltr'>τὸ</span> <span class='ocrx_word' id='word_1_95' title='bbox 1054 941 1118 991; x_wconf 85' lang='grc' dir='ltr'>τὴν</span> <span class='ocrx_word' id='word_1_96' title='bbox 1141 943 1210 994; x_wconf 86' lang='grc' dir='ltr'>ε’μ-</span> 
     </span>
     <span class='ocr_line' id='line_1_16' title="bbox 150 1000 900 1056; baseline 0.001 -14"><span class='ocrx_word' id='word_1_97' title='bbox 150 1000 291 1056; x_wconf 85' lang='grc' dir='ltr'>πειρίαν</span> <span class='ocrx_word' id='word_1_98' title='bbox 314 1001 408 1056; x_wconf 77' lang='grc' dir='ltr'>ἔχειν</span> <span class='ocrx_word' id='word_1_99' title='bbox 419 1004 489 1041; x_wconf 80' lang='grc' dir='ltr'>τῶν</span> <span class='ocrx_word' id='word_1_100' title='bbox 506 1001 695 1056; x_wconf 89' lang='grc' dir='ltr'>χρησίμων</span> <span class='ocrx_word' id='word_1_101' title='bbox 715 1003 900 1044; x_wconf 82' lang='grc' dir='ltr'>ἁπάντων.</span> 
     </span>
    </p>

    <p class='ocr_par' dir='ltr' id='par_1_10' title="bbox 92 1059 1211 1418">
     <span class='ocr_line' id='line_1_17' title="bbox 204 1059 1211 1117; baseline -0.001 -16"><span class='ocrx_word' id='word_1_102' title='bbox 204 1059 342 1112; x_wconf 74' lang='grc' dir='ltr'>Μνήμη</span> <span class='ocrx_word' id='word_1_103' title='bbox 369 1060 405 1100; x_wconf 78' lang='grc' dir='ltr'>δὲ</span> <span class='ocrx_word' id='word_1_104' title='bbox 433 1061 495 1102; x_wconf 83' lang='grc' dir='ltr'>καὶ</span> <span class='ocrx_word' id='word_1_105' title='bbox 515 1062 696 1115; x_wconf 77' lang='grc' dir='ltr'>ἐμπειρία,</span> <span class='ocrx_word' id='word_1_106' title='bbox 728 1063 789 1103; x_wconf 79' lang='grc' dir='ltr'>καὶ</span> <span class='ocrx_word' id='word_1_107' title='bbox 810 1062 993 1117; x_wconf 83' lang='grc' dir='ltr'>ἀγχίνοια,</span> <span class='ocrx_word' id='word_1_108' title='bbox 1014 1060 1075 1102; x_wconf 75' lang='grc' dir='ltr'>καὶ</span> <span class='ocrx_word' id='word_1_109' title='bbox 1096 1062 1211 1101; x_wconf 78' lang='grc' dir='ltr'>ἔπιδε-</span> 
     </span>
     <span class='ocr_line' id='line_1_18' title="bbox 92 1117 1209 1177; baseline 0.001 -17"><span class='ocrx_word' id='word_1_110' title='bbox 92 1160 99 1165; x_wconf 73' lang='grc'>,</span> <span class='ocrx_word' id='word_1_111' title='bbox 151 1117 264 1170; x_wconf 75' lang='grc' dir='ltr'>ξιότης</span> <span class='ocrx_word' id='word_1_112' title='bbox 277 1151 288 1171; x_wconf 87' lang='grc'>,</span> <span class='ocrx_word' id='word_1_113' title='bbox 300 1121 362 1162; x_wconf 80' lang='grc' dir='ltr'>καὶ</span> <span class='ocrx_word' id='word_1_114' title='bbox 381 1121 570 1171; x_wconf 79' lang='grc' dir='ltr'>εὖὸουλία,</span> <span class='ocrx_word' id='word_1_115' title='bbox 593 1122 708 1170; x_wconf 77' lang='grc' dir='ltr'>ἤτοι’</span> <span class='ocrx_word' id='word_1_116' title='bbox 689 1122 762 1163; x_wconf 85' lang='grc' dir='ltr'>απὸ</span> <span class='ocrx_word' id='word_1_117' title='bbox 784 1139 845 1171; x_wconf 89' lang='grc' dir='ltr'>της</span> <span class='ocrx_word' id='word_1_118' title='bbox 861 1122 1061 1177; x_wconf 85' lang='grc' dir='ltr'>φρονήσεως</span> <span class='ocrx_word' id='word_1_119' title='bbox 1075 1121 1209 1171; x_wconf 82' lang='grc' dir='ltr'>ἑκάστη</span> 
     </span>
     <span class='ocr_line' id='line_1_19' title="bbox 151 1180 1207 1238; baseline 0 -17"><span class='ocrx_word' id='word_1_120' title='bbox 151 1182 268 1222; x_wconf 72' lang='grc' dir='ltr'>αὐτῶν</span> <span class='ocrx_word' id='word_1_121' title='bbox 281 1182 375 1222; x_wconf 76' lang='grc' dir='ltr'>ἔστιν</span> <span class='ocrx_word' id='word_1_122' title='bbox 388 1182 442 1234; x_wconf 80' lang='grc' dir='ltr'>,ἢ</span> <span class='ocrx_word' id='word_1_123' title='bbox 463 1182 664 1237; x_wconf 78' lang='grc' dir='ltr'>παρέπεται</span> <span class='ocrx_word' id='word_1_124' title='bbox 683 1186 728 1236; x_wconf 83' lang='grc' dir='ltr'>τῇ</span> <span class='ocrx_word' id='word_1_125' title='bbox 750 1184 934 1238; x_wconf 81' lang='grc' dir='ltr'>φρονήσει,</span> <span class='ocrx_word' id='word_1_126' title='bbox 951 1182 974 1230; x_wconf 85' lang='grc' dir='ltr'>ἢ</span> <span class='ocrx_word' id='word_1_127' title='bbox 995 1182 1040 1221; x_wconf 87' lang='grc' dir='ltr'>τὰ</span> <span class='ocrx_word' id='word_1_128' title='bbox 1062 1180 1125 1235; x_wconf 81' lang='grc' dir='ltr'>μὲν</span> <span class='ocrx_word' id='word_1_129' title='bbox 1146 1183 1207 1221; x_wconf 83' lang='grc' dir='ltr'>αὗ-</span> 
     </span>
     <span class='ocr_line' id='line_1_20' title="bbox 149 1234 1207 1298; baseline -0.001 -17"><span class='ocrx_word' id='word_1_130' title='bbox 149 1242 219 1281; x_wconf 77' lang='grc' dir='ltr'>τιῗιν</span> <span class='ocrx_word' id='word_1_131' title='bbox 241 1234 312 1282; x_wconf 76' lang='grc' dir='ltr'>οἷον</span> <span class='ocrx_word' id='word_1_132' title='bbox 337 1241 502 1283; x_wconf 80' lang='grc' dir='ltr'>συναίτια</span> <span class='ocrx_word' id='word_1_133' title='bbox 529 1245 573 1296; x_wconf 79' lang='grc' dir='ltr'>τῇ</span> <span class='ocrx_word' id='word_1_134' title='bbox 594 1244 760 1298; x_wconf 81' lang='grc' dir='ltr'>φρονήσει</span> <span class='ocrx_word' id='word_1_135' title='bbox 788 1243 989 1296; x_wconf 67' lang='grc' dir='ltr'>καθάπερ“</span> <span class='ocrx_word' id='word_1_136' title='bbox 970 1260 993 1291; x_wconf 92' lang='grc' dir='ltr'>η</span> <span class='ocrx_word' id='word_1_137' title='bbox 1016 1242 1207 1295; x_wconf 81' lang='grc' dir='ltr'>ἐμπειρία,</span> 
     </span>
     <span class='ocr_line' id='line_1_21' title="bbox 149 1296 1207 1357; baseline 0.003 -17"><span class='ocrx_word' id='word_1_138' title='bbox 149 1299 211 1340; x_wconf 70' lang='grc' dir='ltr'>καὶ</span> <span class='ocrx_word' id='word_1_139' title='bbox 225 1302 249 1349; x_wconf 83' lang='grc' dir='ltr'>ἡ</span> <span class='ocrx_word' id='word_1_140' title='bbox 269 1299 416 1352; x_wconf 83' lang='grc' dir='ltr'>μνήμη·</span> <span class='ocrx_word' id='word_1_141' title='bbox 438 1300 484 1341; x_wconf 78' lang='grc' dir='ltr'>τὰ</span> <span class='ocrx_word' id='word_1_142' title='bbox 508 1301 545 1340; x_wconf 84' lang='grc' dir='ltr'>δὲ</span> <span class='ocrx_word' id='word_1_143' title='bbox 574 1303 645 1342; x_wconf 82' lang='grc' dir='ltr'>ἀπὸ</span> <span class='ocrx_word' id='word_1_144' title='bbox 666 1305 728 1351; x_wconf 77' lang='grc' dir='ltr'>τῆς</span> <span class='ocrx_word' id='word_1_145' title='bbox 748 1303 972 1357; x_wconf 83' lang='grc' dir='ltr'>φρονήσεως,</span> <span class='ocrx_word' id='word_1_146' title='bbox 1010 1296 1080 1343; x_wconf 72' lang='grc' dir='ltr'>οἷον</span> <span class='ocrx_word' id='word_1_147' title='bbox 1101 1306 1124 1351; x_wconf 82' lang='grc' dir='ltr'>ἡ</span> <span class='ocrx_word' id='word_1_148' title='bbox 1145 1305 1207 1343; x_wconf 84' lang='grc' dir='ltr'>εὖ·</span> 
     </span>
     <span class='ocr_line' id='line_1_22' title="bbox 149 1358 1001 1418; baseline 0.001 -18"><span class='ocrx_word' id='word_1_149' title='bbox 149 1358 302 1414; x_wconf 78' lang='grc' dir='ltr'>βουλία,</span> <span class='ocrx_word' id='word_1_150' title='bbox 315 1360 377 1401; x_wconf 81' lang='grc' dir='ltr'>καὶ</span> <span class='ocrx_word' id='word_1_151' title='bbox 393 1364 416 1410; x_wconf 83' lang='grc' dir='ltr'>ἡ</span> <span class='ocrx_word' id='word_1_152' title='bbox 438 1360 674 1412; x_wconf 78' lang='grc' dir='ltr'>ἐπιδεξιότης,</span> <span class='ocrx_word' id='word_1_153' title='bbox 694 1362 756 1403; x_wconf 79' lang='grc' dir='ltr'>καὶ</span> <span class='ocrx_word' id='word_1_154' title='bbox 774 1366 798 1412; x_wconf 84' lang='grc' dir='ltr'>ἡ</span> <span class='ocrx_word' id='word_1_155' title='bbox 820 1363 1001 1418; x_wconf 87' lang='grc' dir='ltr'>αγχίνοια.</span> 
     </span>
    </p>

    <p class='ocr_par' dir='ltr' id='par_1_11' title="bbox 147 1419 1208 1880">
     <span class='ocr_line' id='line_1_23' title="bbox 205 1419 1206 1476; baseline 0.001 -16"><span class='ocrx_word' id='word_1_156' title='bbox 205 1419 374 1474; x_wconf 86' lang='grc' dir='ltr'>Πραότης</span> <span class='ocrx_word' id='word_1_157' title='bbox 395 1420 434 1460; x_wconf 81' lang='grc' dir='ltr'>δέ</span> <span class='ocrx_word' id='word_1_158' title='bbox 463 1422 558 1461; x_wconf 79' lang='grc' dir='ltr'>ἔστιν</span> <span class='ocrx_word' id='word_1_159' title='bbox 585 1421 694 1476; x_wconf 82' lang='grc' dir='ltr'>ἀρετὴ</span> <span class='ocrx_word' id='word_1_160' title='bbox 726 1426 787 1462; x_wconf 76' lang='grc' dir='ltr'>τοῦ</span> <span class='ocrx_word' id='word_1_161' title='bbox 817 1424 1038 1473; x_wconf 78' lang='grc' dir='ltr'>θυμοειδοῦς,</span> <span class='ocrx_word' id='word_1_162' title='bbox 1069 1425 1148 1462; x_wconf 87' lang='grc' dir='ltr'>καθ’</span> <span class='ocrx_word' id='word_1_163' title='bbox 1163 1422 1206 1471; x_wconf 82' lang='grc' dir='ltr'>ἣν</span> 
     </span>
     <span class='ocr_line' id='line_1_24' title="bbox 151 1479 1205 1535; baseline 0 -15"><span class='ocrx_word' id='word_1_164' title='bbox 151 1479 238 1534; x_wconf 79' lang='grc' dir='ltr'>πρὸς</span> <span class='ocrx_word' id='word_1_165' title='bbox 253 1479 360 1534; x_wconf 78' lang='grc' dir='ltr'>ὀργὰς</span> <span class='ocrx_word' id='word_1_166' title='bbox 373 1481 528 1533; x_wconf 86' lang='grc' dir='ltr'>γίνονται</span> <span class='ocrx_word' id='word_1_167' title='bbox 546 1481 727 1530; x_wconf 81' lang='grc' dir='ltr'>ἀκίνητοι·</span> <span class='ocrx_word' id='word_1_168' title='bbox 754 1482 778 1530; x_wconf 80' lang='grc' dir='ltr'>ἢ</span> <span class='ocrx_word' id='word_1_169' title='bbox 796 1482 948 1535; x_wconf 83' lang='grc' dir='ltr'>μεσότης</span> <span class='ocrx_word' id='word_1_170' title='bbox 972 1482 1052 1535; x_wconf 77' lang='grc' dir='ltr'>περὶ</span> <span class='ocrx_word' id='word_1_171' title='bbox 1072 1482 1181 1535; x_wconf 83' lang='grc' dir='ltr'>ὀργάς</span> <span class='ocrx_word' id='word_1_172' title='bbox 1197 1498 1205 1507; x_wconf 90' lang='grc'><em>·</em></span> 
     </span>
     <span class='ocr_line' id='line_1_25' title="bbox 151 1534 1206 1596; baseline 0.001 -16"><span class='ocrx_word' id='word_1_173' title='bbox 151 1534 193 1587; x_wconf 71' lang='grc' dir='ltr'>ἧς</span> <span class='ocrx_word' id='word_1_174' title='bbox 218 1544 240 1589; x_wconf 81' lang='grc' dir='ltr'>ἡ</span> <span class='ocrx_word' id='word_1_175' title='bbox 261 1541 325 1592; x_wconf 74' lang='grc' dir='ltr'>μὲν</span> <span class='ocrx_word' id='word_1_176' title='bbox 345 1540 524 1595; x_wconf 73' lang='grc' dir='ltr'>ὑπερὸολὴ</span> <span class='ocrx_word' id='word_1_177' title='bbox 545 1541 729 1596; x_wconf 82' lang='grc' dir='ltr'>ὀργιλότης</span> <span class='ocrx_word' id='word_1_178' title='bbox 749 1543 810 1582; x_wconf 77' lang='grc' dir='ltr'>καὶ</span> <span class='ocrx_word' id='word_1_179' title='bbox 841 1542 880 1581; x_wconf 80' lang='grc' dir='ltr'>τὸ</span> <span class='ocrx_word' id='word_1_180' title='bbox 900 1542 1111 1595; x_wconf 82' lang='grc' dir='ltr'>ἀκρόχολον·</span> <span class='ocrx_word' id='word_1_181' title='bbox 1131 1545 1152 1590; x_wconf 86' lang='grc' dir='ltr'>ἡ</span> <span class='ocrx_word' id='word_1_182' title='bbox 1169 1542 1206 1581; x_wconf 81' lang='grc' dir='ltr'>δὲ</span> 
     </span>
     <span class='ocr_line' id='line_1_26' title="bbox 151 1599 1208 1656; baseline 0.002 -16"><span class='ocrx_word' id='word_1_183' title='bbox 151 1599 306 1655; x_wconf 69' lang='grc' dir='ltr'>ἔλλειψις</span> <span class='ocrx_word' id='word_1_184' title='bbox 325 1600 500 1656; x_wconf 84' lang='grc' dir='ltr'>αόργησία</span> <span class='ocrx_word' id='word_1_185' title='bbox 517 1600 541 1650; x_wconf 81' lang='grc' dir='ltr'>ἢ</span> <span class='ocrx_word' id='word_1_186' title='bbox 572 1601 751 1650; x_wconf 84' lang='grc' dir='ltr'>ἠλιθιότης</span> <span class='ocrx_word' id='word_1_187' title='bbox 771 1603 803 1641; x_wconf 77' lang='lat'>¹³.</span> <span class='ocrx_word' id='word_1_188' title='bbox 827 1601 946 1655; x_wconf 87' lang='grc' dir='ltr'>Ἔργα</span> <span class='ocrx_word' id='word_1_189' title='bbox 974 1604 1010 1641; x_wconf 83' lang='grc' dir='ltr'>δὲ</span> <span class='ocrx_word' id='word_1_190' title='bbox 1041 1603 1147 1650; x_wconf 78' lang='grc' dir='ltr'>αὖτῆς</span> <span class='ocrx_word' id='word_1_191' title='bbox 1167 1602 1208 1642; x_wconf 84' lang='grc' dir='ltr'>τὸ</span> 
     </span>
     <span class='ocr_line' id='line_1_27' title="bbox 152 1659 1203 1715; baseline 0.003 -17"><span class='ocrx_word' id='word_1_192' title='bbox 152 1659 324 1700; x_wconf 78' lang='grc' dir='ltr'>δύνασθαι</span> <span class='ocrx_word' id='word_1_193' title='bbox 342 1661 459 1715; x_wconf 78' lang='grc' dir='ltr'>φέρειν</span> <span class='ocrx_word' id='word_1_194' title='bbox 479 1661 693 1713; x_wconf 78' lang='grc' dir='ltr'>ἐγκλήματα</span> <span class='ocrx_word' id='word_1_195' title='bbox 712 1661 774 1701; x_wconf 84' lang='grc' dir='ltr'>καὶ</span> <span class='ocrx_word' id='word_1_196' title='bbox 794 1662 982 1714; x_wconf 85' lang='grc' dir='ltr'>ὀλιγωρίας</span> <span class='ocrx_word' id='word_1_197' title='bbox 997 1669 1009 1685; x_wconf 76' lang='lat'><strong>⁰</strong></span> <span class='ocrx_word' id='word_1_198' title='bbox 1029 1662 1178 1715; x_wconf 88' lang='grc' dir='ltr'>μετρίως</span> <span class='ocrx_word' id='word_1_199' title='bbox 1194 1675 1203 1684; x_wconf 73' lang='grc'><em>·</em></span> 
     </span>
     <span class='ocr_line' id='line_1_28' title="bbox 149 1718 1207 1775; baseline 0.002 -17"><span class='ocrx_word' id='word_1_200' title='bbox 149 1719 212 1759; x_wconf 76' lang='grc' dir='ltr'>καὶ</span> <span class='ocrx_word' id='word_1_201' title='bbox 231 1718 272 1759; x_wconf 77' lang='grc' dir='ltr'>τὸ</span> <span class='ocrx_word' id='word_1_202' title='bbox 293 1721 344 1771; x_wconf 78' lang='grc' dir='ltr'>μὴ</span> <span class='ocrx_word' id='word_1_203' title='bbox 359 1720 496 1774; x_wconf 85' lang='grc' dir='ltr'>ταχέως</span> <span class='ocrx_word' id='word_1_204' title='bbox 515 1722 628 1775; x_wconf 79' lang='grc' dir='ltr'>ὃρμᾷν</span> <span class='ocrx_word' id='word_1_205' title='bbox 648 1722 705 1760; x_wconf 83' lang='grc' dir='ltr'>ἐπὶ</span> <span class='ocrx_word' id='word_1_206' title='bbox 730 1720 793 1769; x_wconf 85' lang='grc' dir='ltr'>τὴν</span> <span class='ocrx_word' id='word_1_207' title='bbox 813 1721 985 1775; x_wconf 83' lang='grc' dir='ltr'>τιμωρίαν</span> <span class='ocrx_word' id='word_1_208' title='bbox 1002 1738 1010 1746; x_wconf 91' lang='grc'><em>·</em></span> <span class='ocrx_word' id='word_1_209' title='bbox 1029 1721 1142 1761; x_wconf 82' lang='grc' dir='ltr'>καὶτὸ</span> <span class='ocrx_word' id='word_1_210' title='bbox 1157 1722 1207 1773; x_wconf 82' lang='grc' dir='ltr'>μὴ</span> 
     </span>
     <span class='ocr_line' id='line_1_29' title="bbox 148 1779 1205 1836; baseline 0.001 -17"><span class='ocrx_word' id='word_1_211' title='bbox 148 1779 327 1829; x_wconf 73' lang='grc' dir='ltr'>εὐκίνητον</span> <span class='ocrx_word' id='word_1_212' title='bbox 346 1780 435 1836; x_wconf 83' lang='grc' dir='ltr'>πρὸς</span> <span class='ocrx_word' id='word_1_213' title='bbox 466 1781 596 1835; x_wconf 86' lang='grc' dir='ltr'>ὀργάς,</span> <span class='ocrx_word' id='word_1_214' title='bbox 618 1781 767 1836; x_wconf 84' lang='grc' dir='ltr'>ἄπικρον</span> <span class='ocrx_word' id='word_1_215' title='bbox 792 1781 829 1821; x_wconf 84' lang='grc' dir='ltr'>δὲ</span> <span class='ocrx_word' id='word_1_216' title='bbox 860 1785 910 1835; x_wconf 82' lang='grc' dir='ltr'>τῷ</span> <span class='ocrx_word' id='word_1_217' title='bbox 930 1781 1007 1830; x_wconf 85' lang='grc' dir='ltr'>ἤθει</span> <span class='ocrx_word' id='word_1_218' title='bbox 1041 1782 1102 1822; x_wconf 87' lang='grc' dir='ltr'>καὶ</span> <span class='ocrx_word' id='word_1_219' title='bbox 1125 1783 1205 1836; x_wconf 78' lang='grc' dir='ltr'>ἀφι-</span> 
     </span>
     <span class='ocr_line' id='line_1_30' title="bbox 147 1838 319 1880; baseline 0 -1"><span class='ocrx_word' id='word_1_220' title='bbox 147 1838 319 1880; x_wconf 82' lang='grc' dir='ltr'>λόνεικον.</span> 
     </span>
    </p>

    <p class='ocr_par' dir='ltr' id='par_1_12' title="bbox 150 1899 1209 2073">
     <span class='ocr_line' id='line_1_31' title="bbox 206 1899 1209 1954; baseline 0.002 -15"><span class='ocrx_word' id='word_1_221' title='bbox 206 1899 382 1954; x_wconf 83' lang='lat' dir='ltr'>(Scripsi</span> <span class='ocrx_word' id='word_1_222' title='bbox 406 1915 415 1938; x_wconf 91' lang='lat'>:</span> <span class='ocrx_word' id='word_1_223' title='bbox 433 1907 450 1924; x_wconf 76' lang='lat'>⁸</span> <span class='ocrx_word' id='word_1_224' title='bbox 465 1899 508 1940; x_wconf 73' lang='grc' dir='ltr'>τὸ</span> <span class='ocrx_word' id='word_1_225' title='bbox 522 1899 668 1952; x_wconf 84' lang='grc' dir='ltr'>μέλλον]</span> <span class='ocrx_word' id='word_1_226' title='bbox 685 1915 774 1939; x_wconf 88' lang='lat' dir='ltr'>cum</span> <span class='ocrx_word' id='word_1_227' title='bbox 791 1900 878 1940; x_wconf 87' lang='lat' dir='ltr'>cod.</span> <span class='ocrx_word' id='word_1_228' title='bbox 905 1914 949 1948; x_wconf 89' lang='lat' dir='ltr'>a;</span> <span class='ocrx_word' id='word_1_229' title='bbox 967 1901 1056 1941; x_wconf 85' lang='lat' dir='ltr'>cod.</span> <span class='ocrx_word' id='word_1_230' title='bbox 1079 1901 1106 1939; x_wconf 92' lang='lat' dir='ltr'>b</span> <span class='ocrx_word' id='word_1_231' title='bbox 1125 1901 1209 1952; x_wconf 84' lang='grc' dir='ltr'>με’λ-</span> 
     </span>
     <span class='ocr_line' id='line_1_32' title="bbox 150 1958 1206 2014; baseline 0.001 -15"><span class='ocrx_word' id='word_1_232' title='bbox 150 1958 228 2000; x_wconf 88' lang='grc' dir='ltr'>λον.</span> <span class='ocrx_word' id='word_1_233' title='bbox 248 1960 335 1990; x_wconf 60' lang='lat' dir='ltr'>—b</span> <span class='ocrx_word' id='word_1_234' title='bbox 366 1960 570 2011; x_wconf 81' lang='grc' dir='ltr'>ῆλιθιότης]</span> <span class='ocrx_word' id='word_1_235' title='bbox 594 1960 709 2001; x_wconf 90' lang='lat' dir='ltr'><strong>codd.</strong></span> <span class='ocrx_word' id='word_1_236' title='bbox 739 1960 927 2010; x_wconf 85' lang='grc' dir='ltr'>ἀλιθιότης.</span> <span class='ocrx_word' id='word_1_237' title='bbox 951 1982 1006 1990; x_wconf 97' lang='grc'><strong>-</strong></span> <span class='ocrx_word' id='word_1_238' title='bbox 1031 1967 1046 1984; x_wconf 76' lang='lat'><strong>⁰</strong></span> <span class='ocrx_word' id='word_1_239' title='bbox 1073 1962 1206 2014; x_wconf 83' lang='grc' dir='ltr'>ὀλιγω-</span> 
     </span>
     <span class='ocr_line' id='line_1_33' title="bbox 151 2018 689 2073; baseline 0.004 -15"><span class='ocrx_word' id='word_1_240' title='bbox 151 2018 253 2073; x_wconf 81' lang='grc' dir='ltr'>ρίας]</span> <span class='ocrx_word' id='word_1_241' title='bbox 272 2019 388 2060; x_wconf 85' lang='lat' dir='ltr'><strong>codd.</strong></span> <span class='ocrx_word' id='word_1_242' title='bbox 411 2019 600 2072; x_wconf 86' lang='grc' dir='ltr'>ὄλιγορίας.</span> <span class='ocrx_word' id='word_1_243' title='bbox 621 2019 689 2072; x_wconf 94' lang='grc'>-)</span> 
     </span>
    </p>

    <p class='ocr_par' dir='ltr' id='par_1_13' title="bbox 538 2078 818 2121">
     <span class='ocr_line' id='line_1_34' title="bbox 538 2078 818 2121; baseline -0.004 -9"><span class='ocrx_word' id='word_1_244' title='bbox 538 2080 616 2121; x_wconf 80' lang='grc' dir='ltr'>Περὶ</span> <span class='ocrx_word' id='word_1_245' title='bbox 636 2078 779 2121; x_wconf 84' lang='grc' dir='ltr'>ἀνδρείας</span> <span class='ocrx_word' id='word_1_246' title='bbox 792 2081 818 2111; x_wconf 86' lang='grc'>·.</span> 
     </span>
    </p>

    <p class='ocr_par' dir='ltr' id='par_1_14' title="bbox 147 2125 1208 2358">
     <span class='ocr_line' id='line_1_35' title="bbox 202 2125 1206 2181; baseline -0.002 -14"><span class='ocrx_word' id='word_1_247' title='bbox 202 2125 362 2181; x_wconf 82' lang='grc' dir='ltr'>Ἀνδρεία</span> <span class='ocrx_word' id='word_1_248' title='bbox 379 2125 396 2150; x_wconf 77' lang='lat'>¹³</span> <span class='ocrx_word' id='word_1_249' title='bbox 417 2125 454 2166; x_wconf 81' lang='grc' dir='ltr'>δέ</span> <span class='ocrx_word' id='word_1_250' title='bbox 475 2127 568 2166; x_wconf 78' lang='grc' dir='ltr'>ἐστιν</span> <span class='ocrx_word' id='word_1_251' title='bbox 592 2127 700 2180; x_wconf 79' lang='grc' dir='ltr'>ἀρετὴ</span> <span class='ocrx_word' id='word_1_252' title='bbox 721 2131 782 2166; x_wconf 79' lang='grc' dir='ltr'>τοῦ</span> <span class='ocrx_word' id='word_1_253' title='bbox 798 2127 1000 2178; x_wconf 77' lang='grc' dir='ltr'>θυμοειδοῦς</span> <span class='ocrx_word' id='word_1_254' title='bbox 1018 2133 1044 2175; x_wconf 75' lang='lat'>⁰,</span> <span class='ocrx_word' id='word_1_255' title='bbox 1065 2127 1143 2165; x_wconf 85' lang='grc' dir='ltr'>καθ’</span> <span class='ocrx_word' id='word_1_256' title='bbox 1163 2126 1206 2174; x_wconf 82' lang='grc' dir='ltr'>ἣν</span> 
     </span>
     <span class='ocr_line' id='line_1_36' title="bbox 148 2183 1208 2240; baseline -0.001 -16"><span class='ocrx_word' id='word_1_257' title='bbox 148 2183 367 2232; x_wconf 77' lang='grc' dir='ltr'>δύσπληκτοί</span> <span class='ocrx_word' id='word_1_258' title='bbox 386 2200 458 2224; x_wconf 86' lang='grc' dir='ltr'>τιν</span> <span class='ocrx_word' id='word_1_259' title='bbox 443 2202 478 2230; x_wconf 72' lang='grc' dir='ltr'>ες</span> <span class='ocrx_word' id='word_1_260' title='bbox 494 2185 576 2239; x_wconf 78' lang='grc' dir='ltr'>περὶ</span> <span class='ocrx_word' id='word_1_261' title='bbox 593 2185 699 2240; x_wconf 75' lang='grc' dir='ltr'>φόὸον</span> <span class='ocrx_word' id='word_1_262' title='bbox 725 2184 748 2233; x_wconf 81' lang='grc' dir='ltr'>ἢ</span> <span class='ocrx_word' id='word_1_263' title='bbox 768 2185 914 2224; x_wconf 89' lang='grc' dir='ltr'>θάνατον</span> <span class='ocrx_word' id='word_1_264' title='bbox 937 2185 1106 2238; x_wconf 86' lang='grc' dir='ltr'>γίνονται.</span> <span class='ocrx_word' id='word_1_265' title='bbox 1135 2186 1208 2224; x_wconf 86' lang='grc' dir='ltr'>Οἱ-</span> 
     </span>
     <span class='ocr_line' id='line_1_37' title="bbox 147 2242 1204 2300; baseline 0 -17"><span class='ocrx_word' id='word_1_266' title='bbox 147 2242 226 2283; x_wconf 81' lang='grc' dir='ltr'>κεία</span> <span class='ocrx_word' id='word_1_267' title='bbox 253 2242 290 2284; x_wconf 80' lang='grc' dir='ltr'>δὲ</span> <span class='ocrx_word' id='word_1_268' title='bbox 310 2244 402 2298; x_wconf 79' lang='grc' dir='ltr'>αὐτῇ</span> <span class='ocrx_word' id='word_1_269' title='bbox 432 2244 606 2300; x_wconf 80' lang='grc' dir='ltr'>εὐψυχία,</span> <span class='ocrx_word' id='word_1_270' title='bbox 641 2246 765 2296; x_wconf 78' lang='grc' dir='ltr'>λῆμα,</span> <span class='ocrx_word' id='word_1_271' title='bbox 799 2245 1064 2298; x_wconf 81' lang='grc' dir='ltr'>μεγαλοψυχία,</span> <span class='ocrx_word' id='word_1_272' title='bbox 1097 2245 1204 2299; x_wconf 71' lang='grc' dir='ltr'>ἀρρε-</span> 
     </span>
     <span class='ocr_line' id='line_1_38' title="bbox 147 2301 1058 2381; baseline -0.001 -38"><span class='ocrx_word' id='word_1_273' title='bbox 147 2301 265 2352; x_wconf 81' lang='grc' dir='ltr'>νότης,</span> <span class='ocrx_word' id='word_1_274' title='bbox 287 2302 472 2358; x_wconf 74' lang='grc' dir='ltr'>καρτερία,</span> <span class='ocrx_word' id='word_1_275' title='bbox 491 2305 805 2381; x_wconf 82' lang='grc' dir='ltr'>μεγαλοπρέπεια,</span> <span class='ocrx_word' id='word_1_276' title='bbox 827 2305 1058 2358; x_wconf 80' lang='grc' dir='ltr'>ἀνδραγαθία.</span> 
     </span>
    </p>

    <p class='ocr_par' dir='ltr' id='par_1_15' title="bbox 146 2358 1207 2477">
     <span class='ocr_line' id='line_1_39' title="bbox 201 2358 1207 2418; baseline -0.001 -14"><span class='ocrx_word' id='word_1_277' title='bbox 201 2362 369 2418; x_wconf 83' lang='grc' dir='ltr'>Εὖψυχία</span> <span class='ocrx_word' id='word_1_278' title='bbox 392 2358 514 2415; x_wconf 49' lang='grc' dir='ltr'>μὲντ</span> <span class='ocrx_word' id='word_1_279' title='bbox 473 2380 532 2404; x_wconf 93' lang='grc' dir='ltr'>ουν</span> <span class='ocrx_word' id='word_1_280' title='bbox 553 2367 647 2404; x_wconf 83' lang='grc' dir='ltr'>ἐστιν</span> <span class='ocrx_word' id='word_1_281' title='bbox 668 2364 805 2404; x_wconf 79' lang='grc' dir='ltr'>εὐτονία</span> <span class='ocrx_word' id='word_1_282' title='bbox 826 2367 941 2418; x_wconf 88' lang='grc' dir='ltr'>ψυχης</span> <span class='ocrx_word' id='word_1_283' title='bbox 961 2364 1047 2418; x_wconf 85' lang='grc' dir='ltr'>πρὸς</span> <span class='ocrx_word' id='word_1_284' title='bbox 1075 2363 1113 2404; x_wconf 82' lang='grc' dir='ltr'>τὸ</span> <span class='ocrx_word' id='word_1_285' title='bbox 1133 2365 1207 2404; x_wconf 82' lang='grc' dir='ltr'>ἐπι-</span> 
     </span>
     <span class='ocr_line' id='line_1_40' title="bbox 146 2422 594 2477; baseline 0 -14"><span class='ocrx_word' id='word_1_286' title='bbox 146 2423 261 2463; x_wconf 80' lang='grc' dir='ltr'>τελεῖν</span> <span class='ocrx_word' id='word_1_287' title='bbox 278 2422 325 2461; x_wconf 83' lang='grc' dir='ltr'>τὰ</span> <span class='ocrx_word' id='word_1_288' title='bbox 345 2425 472 2471; x_wconf 78' lang='grc' dir='ltr'>ἑαυτῆς</span> <span class='ocrx_word' id='word_1_289' title='bbox 495 2423 547 2477; x_wconf 85' lang='grc' dir='ltr'>ἔρ</span> <span class='ocrx_word' id='word_1_290' title='bbox 543 2439 594 2476; x_wconf 74' lang='grc' dir='ltr'>(α.</span> 
     </span>
    </p>

    <p class='ocr_par' dir='ltr' id='par_1_16' title="bbox 148 2481 1209 2596">
     <span class='ocr_line' id='line_1_41' title="bbox 205 2481 1209 2538; baseline 0 -16"><span class='ocrx_word' id='word_1_291' title='bbox 205 2485 318 2534; x_wconf 86' lang='grc' dir='ltr'>Λημα</span> <span class='ocrx_word' id='word_1_292' title='bbox 338 2482 376 2522; x_wconf 80' lang='grc' dir='ltr'>δὲ</span> <span class='ocrx_word' id='word_1_293' title='bbox 401 2481 468 2529; x_wconf 78' lang='grc' dir='ltr'>ἕξις</span> <span class='ocrx_word' id='word_1_294' title='bbox 486 2483 683 2538; x_wconf 76' lang='grc' dir='ltr'>προχείρως</span> <span class='ocrx_word' id='word_1_295' title='bbox 704 2483 936 2537; x_wconf 66' lang='grc' dir='ltr'>ὀρεγομένη(1</span> <span class='ocrx_word' id='word_1_296' title='bbox 955 2485 1143 2538; x_wconf 83' lang='grc' dir='ltr'>ἐπιχειρεῖν</span> <span class='ocrx_word' id='word_1_297' title='bbox 1172 2499 1209 2523; x_wconf 90' lang='grc' dir='ltr'>τε</span> 
     </span>
     <span class='ocr_line' id='line_1_42' title="bbox 148 2541 892 2596; baseline 0 -14"><span class='ocrx_word' id='word_1_298' title='bbox 148 2557 199 2587; x_wconf 86' lang='grc' dir='ltr'>οις</span> <span class='ocrx_word' id='word_1_299' title='bbox 217 2541 304 2596; x_wconf 80' lang='grc' dir='ltr'>χρή,</span> <span class='ocrx_word' id='word_1_300' title='bbox 327 2542 422 2582; x_wconf 68' lang='lat' dir='ltr'>xoel‘</span> <span class='ocrx_word' id='word_1_301' title='bbox 408 2558 597 2595; x_wconf 87' lang='grc' dir='ltr'>υπομενειν</span> <span class='ocrx_word' id='word_1_302' title='bbox 615 2543 634 2582; x_wconf 75' lang='grc' dir='ltr'>ἃ</span> <span class='ocrx_word' id='word_1_303' title='bbox 662 2543 765 2596; x_wconf 89' lang='grc' dir='ltr'>λόγος</span> <span class='ocrx_word' id='word_1_304' title='bbox 786 2545 892 2596; x_wconf 85' lang='grc' dir='ltr'>αἱρεῖ.</span> 
     </span>
    </p>

    <p class='ocr_par' dir='ltr' id='par_1_17' title="bbox 148 2601 1208 2717">
     <span class='ocr_line' id='line_1_43' title="bbox 203 2601 1208 2658; baseline -0.001 -16"><span class='ocrx_word' id='word_1_305' title='bbox 203 2603 464 2656; x_wconf 84' lang='grc' dir='ltr'>Μεγαλοψυχία</span> <span class='ocrx_word' id='word_1_306' title='bbox 485 2601 522 2642; x_wconf 82' lang='grc' dir='ltr'>δὲ</span> <span class='ocrx_word' id='word_1_307' title='bbox 548 2602 618 2648; x_wconf 80' lang='grc' dir='ltr'>ἕξις</span> <span class='ocrx_word' id='word_1_308' title='bbox 651 2603 816 2656; x_wconf 79' lang='grc' dir='ltr'>ὑπεράνω</span> <span class='ocrx_word' id='word_1_309' title='bbox 838 2607 988 2643; x_wconf 77' lang='grc' dir='ltr'>ποιοῦσα</span> <span class='ocrx_word' id='word_1_310' title='bbox 1025 2607 1086 2643; x_wconf 78' lang='grc' dir='ltr'>τοῦ</span> <span class='ocrx_word' id='word_1_311' title='bbox 1109 2606 1208 2658; x_wconf 82' lang='grc' dir='ltr'>κοινῇ</span> 
     </span>
     <span class='ocr_line' id='line_1_44' title="bbox 148 2661 953 2717; baseline 0.001 -16"><span class='ocrx_word' id='word_1_312' title='bbox 148 2661 404 2712; x_wconf 78' lang='grc' dir='ltr'>συμὸαίνοντος</span> <span class='ocrx_word' id='word_1_313' title='bbox 423 2664 566 2717; x_wconf 82' lang='grc' dir='ltr'>φαύλοις</span> <span class='ocrx_word' id='word_1_314' title='bbox 577 2667 592 2686; x_wconf 76' lang='lat'>⁰</span> <span class='ocrx_word' id='word_1_315' title='bbox 605 2679 643 2703; x_wconf 92' lang='grc' dir='ltr'>τε</span> <span class='ocrx_word' id='word_1_316' title='bbox 657 2663 718 2703; x_wconf 83' lang='grc' dir='ltr'>καὶ</span> <span class='ocrx_word' id='word_1_317' title='bbox 741 2663 953 2708; x_wconf 82' lang='grc' dir='ltr'>σπουδαίοις.</span> 
     </span>
    </p>

    <p class='ocr_par' dir='ltr' id='par_1_18' title="bbox 148 2721 1209 2836">
     <span class='ocr_line' id='line_1_45' title="bbox 201 2721 1209 2777; baseline 0 -15"><span class='ocrx_word' id='word_1_318' title='bbox 201 2721 405 2776; x_wconf 77' lang='grc' dir='ltr'>’Ἀρῥενότης</span> <span class='ocrx_word' id='word_1_319' title='bbox 418 2723 454 2762; x_wconf 82' lang='grc' dir='ltr'>δὲ</span> <span class='ocrx_word' id='word_1_320' title='bbox 473 2722 542 2768; x_wconf 78' lang='grc' dir='ltr'>ἕξις</span> <span class='ocrx_word' id='word_1_321' title='bbox 562 2723 799 2777; x_wconf 52' lang='grc' dir='ltr'>αὐτάρκειαν(</span> <span class='ocrx_word' id='word_1_322' title='bbox 821 2723 1049 2777; x_wconf 87' lang='grc' dir='ltr'>παρεχομένη</span> <span class='ocrx_word' id='word_1_323' title='bbox 1073 2725 1108 2763; x_wconf 85' lang='grc' dir='ltr'>ἐν</span> <span class='ocrx_word' id='word_1_324' title='bbox 1138 2729 1209 2769; x_wconf 85' lang='grc' dir='ltr'>τοῖς</span> 
     </span>
     <span class='ocr_line' id='line_1_46' title="bbox 148 2781 525 2836; baseline 0.011 -15"><span class='ocrx_word' id='word_1_325' title='bbox 148 2784 230 2821; x_wconf 82' lang='grc' dir='ltr'>κατ’</span> <span class='ocrx_word' id='word_1_326' title='bbox 248 2781 376 2836; x_wconf 80' lang='grc' dir='ltr'>ἀρετὴν</span> <span class='ocrx_word' id='word_1_327' title='bbox 393 2782 525 2828; x_wconf 87' lang='grc' dir='ltr'>πόνοις.</span> 
     </span>
    </p>

    <p class='ocr_par' dir='ltr' id='par_1_19' title="bbox 149 2842 1202 2944">
     <span class='ocr_line' id='line_1_47' title="bbox 205 2842 1202 2898; baseline 0 -15"><span class='ocrx_word' id='word_1_328' title='bbox 205 2843 386 2898; x_wconf 81' lang='grc' dir='ltr'>Καρτερία</span> <span class='ocrx_word' id='word_1_329' title='bbox 406 2843 444 2883; x_wconf 85' lang='grc' dir='ltr'>δὲ</span> <span class='ocrx_word' id='word_1_330' title='bbox 464 2843 624 2897; x_wconf 75' lang='grc' dir='ltr'>ὑπομονὴ</span> <span class='ocrx_word' id='word_1_331' title='bbox 661 2843 777 2892; x_wconf 80' lang='grc' dir='ltr'>λύπης</span> <span class='ocrx_word' id='word_1_332' title='bbox 804 2842 827 2892; x_wconf 84' lang='grc' dir='ltr'>ἢ</span> <span class='ocrx_word' id='word_1_333' title='bbox 857 2842 987 2894; x_wconf 83' lang='grc' dir='ltr'>πόνων,</span> <span class='ocrx_word' id='word_1_334' title='bbox 1011 2843 1116 2883; x_wconf 77' lang='grc' dir='ltr'>ἕνεκα</span> <span class='ocrx_word' id='word_1_335' title='bbox 1142 2847 1202 2883; x_wconf 81' lang='grc' dir='ltr'>τοῦ</span> 
     </span>
     <span class='ocr_line' id='line_1_48' title="bbox 149 2903 275 2944; baseline 0.016 -2"><span class='ocrx_word' id='word_1_336' title='bbox 149 2903 275 2944; x_wconf 79' lang='grc' dir='ltr'>καλοῦ.</span> 
     </span>
    </p>

    <p class='ocr_par' dir='ltr' id='par_1_20' title="bbox 151 2961 1207 3078">
     <span class='ocr_line' id='line_1_49' title="bbox 203 2961 1207 3018; baseline -0.001 -14"><span class='ocrx_word' id='word_1_337' title='bbox 203 2963 505 3018; x_wconf 80' lang='grc' dir='ltr'>Μεγαλοπρέπεια</span> <span class='ocrx_word' id='word_1_338' title='bbox 537 2963 573 3004; x_wconf 83' lang='grc' dir='ltr'>δὲ</span> <span class='ocrx_word' id='word_1_339' title='bbox 603 2963 670 3010; x_wconf 80' lang='grc' dir='ltr'>ἕξις</span> <span class='ocrx_word' id='word_1_340' title='bbox 715 2963 910 3017; x_wconf 86' lang='grc' dir='ltr'>ε’παίρουσα</span> <span class='ocrx_word' id='word_1_341' title='bbox 940 2961 1020 3007; x_wconf 77' lang='grc' dir='ltr'>τοὺς</span> <span class='ocrx_word' id='word_1_342' title='bbox 1059 2961 1207 3016; x_wconf 80' lang='grc' dir='ltr'>ἔχοντας</span> 
     </span>
     <span class='ocr_line' id='line_1_50' title="bbox 151 3022 825 3078; baseline 0.002 -17"><span class='ocrx_word' id='word_1_343' title='bbox 151 3022 286 3075; x_wconf 80' lang='grc' dir='ltr'>αὐτήν,</span> <span class='ocrx_word' id='word_1_344' title='bbox 304 3023 366 3063; x_wconf 76' lang='grc' dir='ltr'>καὶ</span> <span class='ocrx_word' id='word_1_345' title='bbox 387 3025 610 3078; x_wconf 85' lang='grc' dir='ltr'>φρονήματος</span> <span class='ocrx_word' id='word_1_346' title='bbox 624 3025 825 3077; x_wconf 81' lang='grc' dir='ltr'>πληροῦσα.</span> 
     </span>
    </p>

    <p class='ocr_par' dir='ltr' id='par_1_21' title="bbox 146 3079 1207 3434">
     <span class='ocr_line' id='line_1_51' title="bbox 206 3079 1206 3137; baseline -0.001 -14.992"><span class='ocrx_word' id='word_1_347' title='bbox 206 3081 441 3136; x_wconf 80' lang='grc' dir='ltr'>Ἀνδραγαθία</span> <span class='ocrx_word' id='word_1_348' title='bbox 461 3083 496 3123; x_wconf 82' lang='grc' dir='ltr'>δὲ</span> <span class='ocrx_word' id='word_1_349' title='bbox 522 3083 685 3137; x_wconf 82' lang='grc' dir='ltr'>ἀνδρὸς’</span> <span class='ocrx_word' id='word_1_350' title='bbox 666 3084 788 3136; x_wconf 85' lang='grc' dir='ltr'>αρετή,</span> <span class='ocrx_word' id='word_1_351' title='bbox 810 3079 1058 3131; x_wconf 82' lang='grc' dir='ltr'>ἐπιτηδευτικὴ</span> <span class='ocrx_word' id='word_1_352' title='bbox 1083 3098 1206 3122; x_wconf 85' lang='grc' dir='ltr'>κοινων</span> 
     </span>
     <span class='ocr_line' id='line_1_52' title="bbox 150 3140 1205 3215; baseline -0.001 -33"><span class='ocrx_word' id='word_1_353' title='bbox 150 3141 278 3195; x_wconf 70' lang='grc' dir='ltr'>ἔργων.</span> <span class='ocrx_word' id='word_1_354' title='bbox 293 3140 426 3215; x_wconf 85' lang='grc' dir='ltr'>Ἔργα</span> <span class='ocrx_word' id='word_1_355' title='bbox 433 3142 469 3182; x_wconf 83' lang='grc' dir='ltr'>δὲ</span> <span class='ocrx_word' id='word_1_356' title='bbox 487 3149 504 3173; x_wconf 79' lang='lat'>⁸</span> <span class='ocrx_word' id='word_1_357' title='bbox 526 3143 764 3197; x_wconf 81' lang='grc' dir='ltr'>ἀνδραγαθίας</span> <span class='ocrx_word' id='word_1_358' title='bbox 789 3142 828 3181; x_wconf 78' lang='grc' dir='ltr'>τὸ</span> <span class='ocrx_word' id='word_1_359' title='bbox 865 3141 1089 3190; x_wconf 80' lang='grc' dir='ltr'>δύσπληκτον</span> <span class='ocrx_word' id='word_1_360' title='bbox 1118 3146 1205 3182; x_wconf 80' lang='grc' dir='ltr'>εἶναι</span> 
     </span>
     <span class='ocr_line' id='line_1_53' title="bbox 151 3200 1207 3275; baseline -0.002 -35"><span class='ocrx_word' id='word_1_361' title='bbox 151 3200 220 3240; x_wconf 82' lang='grc' dir='ltr'>ὑπὸ</span> <span class='ocrx_word' id='word_1_362' title='bbox 230 3200 339 3253; x_wconf 76' lang='grc' dir='ltr'>φόὸου</span> <span class='ocrx_word' id='word_1_363' title='bbox 366 3217 426 3241; x_wconf 85' lang='grc' dir='ltr'>του</span> <span class='ocrx_word' id='word_1_364' title='bbox 442 3202 527 3275; x_wconf 81' lang='grc' dir='ltr'>περὶ</span> <span class='ocrx_word' id='word_1_365' title='bbox 545 3203 711 3251; x_wconf 89' lang='grc' dir='ltr'>θάνατον,</span> <span class='ocrx_word' id='word_1_366' title='bbox 732 3200 794 3240; x_wconf 81' lang='grc' dir='ltr'>καὶ</span> <span class='ocrx_word' id='word_1_367' title='bbox 815 3202 854 3241; x_wconf 86' lang='grc' dir='ltr'>τὸ</span> <span class='ocrx_word' id='word_1_368' title='bbox 882 3202 1037 3253; x_wconf 84' lang='grc' dir='ltr'>εὗθαρση</span> <span class='ocrx_word' id='word_1_369' title='bbox 1059 3203 1147 3239; x_wconf 79' lang='grc' dir='ltr'>εἶναι</span> <span class='ocrx_word' id='word_1_370' title='bbox 1172 3201 1207 3239; x_wconf 87' lang='grc' dir='ltr'>ἐν</span> 
     </span>
     <span class='ocr_line' id='line_1_54' title="bbox 152 3259 1206 3315; baseline 0 -17"><span class='ocrx_word' id='word_1_371' title='bbox 152 3259 221 3304; x_wconf 82' lang='grc' dir='ltr'>τοῖς</span> <span class='ocrx_word' id='word_1_372' title='bbox 235 3259 372 3313; x_wconf 85' lang='grc' dir='ltr'>δεινοῖς,</span> <span class='ocrx_word' id='word_1_373' title='bbox 395 3261 455 3300; x_wconf 85' lang='grc' dir='ltr'>καὶ</span> <span class='ocrx_word' id='word_1_374' title='bbox 475 3261 514 3300; x_wconf 86' lang='grc' dir='ltr'>τὸ</span> <span class='ocrx_word' id='word_1_375' title='bbox 530 3261 698 3312; x_wconf 83' lang='grc' dir='ltr'>εὔτολμον</span> <span class='ocrx_word' id='word_1_376' title='bbox 719 3260 805 3315; x_wconf 84' lang='grc' dir='ltr'>πρὸς</span> <span class='ocrx_word' id='word_1_377' title='bbox 826 3277 904 3305; x_wconf 88' lang='grc' dir='ltr'>τους</span> <span class='ocrx_word' id='word_1_378' title='bbox 924 3259 1121 3308; x_wconf 83' lang='grc' dir='ltr'>κινδυνους,</span> <span class='ocrx_word' id='word_1_379' title='bbox 1144 3259 1206 3299; x_wconf 88' lang='grc' dir='ltr'>καὶ</span> 
     </span>
     <span class='ocr_line' id='line_1_55' title="bbox 146 3318 1206 3374; baseline -0.001 -16"><span class='ocrx_word' id='word_1_380' title='bbox 146 3318 191 3358; x_wconf 69' lang='grc' dir='ltr'>*το</span> <span class='ocrx_word' id='word_1_381' title='bbox 206 3320 342 3371; x_wconf 77' lang='grc' dir='ltr'>μᾶλλον</span> <span class='ocrx_word' id='word_1_382' title='bbox 361 3324 535 3374; x_wconf 82' lang='grc' dir='ltr'>αἱρεῖσθαι</span> <span class='ocrx_word' id='word_1_383' title='bbox 566 3322 728 3362; x_wconf 80' lang='grc' dir='ltr'>τεθνάναι</span> <span class='ocrx_word' id='word_1_384' title='bbox 755 3320 929 3369; x_wconf 87' lang='grc' dir='ltr'>καλως,</span> <span class='ocrx_word' id='word_1_385' title='bbox 910 3337 933 3368; x_wconf 96' lang='grc' dir='ltr'>η</span> <span class='ocrx_word' id='word_1_386' title='bbox 955 3321 1110 3374; x_wconf 81' lang='grc' dir='ltr'>αἰσχρῶς</span> <span class='ocrx_word' id='word_1_387' title='bbox 1130 3318 1206 3358; x_wconf 88' lang='grc' dir='ltr'>σώ-</span> 
     </span>
     <span class='ocr_line' id='line_1_56' title="bbox 148 3379 1092 3434; baseline 0.001 -16"><span class='ocrx_word' id='word_1_388' title='bbox 148 3381 290 3434; x_wconf 76' lang='grc' dir='ltr'>ζεσθαι,</span> <span class='ocrx_word' id='word_1_389' title='bbox 309 3379 370 3420; x_wconf 82' lang='grc' dir='ltr'>καὶ</span> <span class='ocrx_word' id='word_1_390' title='bbox 388 3380 430 3420; x_wconf 82' lang='grc' dir='ltr'>τὸ</span> <span class='ocrx_word' id='word_1_391' title='bbox 447 3381 548 3427; x_wconf 83' lang='grc' dir='ltr'>νίκης</span> <span class='ocrx_word' id='word_1_392' title='bbox 561 3382 670 3422; x_wconf 85' lang='grc' dir='ltr'>αἴτιον</span> <span class='ocrx_word' id='word_1_393' title='bbox 683 3380 740 3422; x_wconf 85' lang='grc' dir='ltr'>διὰ</span> <span class='ocrx_word' id='word_1_394' title='bbox 756 3381 886 3425; x_wconf 85' lang='grc' dir='ltr'>παντὸς</span> <span class='ocrx_word' id='word_1_395' title='bbox 899 3380 1092 3427; x_wconf 81' lang='grc' dir='ltr'>γίγνεσθαι.</span> 
     </span>
    </p>
   </div>
   <div class='ocr_carea' id='block_1_4' title="bbox 2243 154 2323 194">
    <p class='ocr_par' dir='ltr' id='par_1_22' title="bbox 2243 154 2323 194">
     <span class='ocr_line' id='line_1_57' title="bbox 2243 154 2323 194; baseline 0 0"><span class='ocrx_word' id='word_1_396' title='bbox 2243 154 2323 194; x_wconf 81' lang='grc'>575</span> 
     </span>
    </p>
   </div>
   <div class='ocr_carea' id='block_1_5' title="bbox 1272 236 2328 331">
    <p class='ocr_par' dir='ltr' id='par_1_23' title="bbox 1272 236 2328 331">
     <span class='ocr_line' id='line_1_58' title="bbox 1312 236 2328 322; baseline 0.013 -54"><span class='ocrx_word' id='word_1_397' title='bbox 1312 236 1455 322; x_wconf 71' lang='lat' dir='ltr'>scilentia</span> <span class='ocrx_word' id='word_1_398' title='bbox 1465 239 1574 273; x_wconf 86' lang='lat' dir='ltr'>civilis</span> <span class='ocrx_word' id='word_1_399' title='bbox 1590 242 1641 274; x_wconf 89' lang='lat' dir='ltr'>est</span> <span class='ocrx_word' id='word_1_400' title='bbox 1658 241 1805 276; x_wconf 89' lang='lat' dir='ltr'>civitatis</span> <span class='ocrx_word' id='word_1_401' title='bbox 1815 243 2067 278; x_wconf 90' lang='lat' dir='ltr'>commodorum</span> <span class='ocrx_word' id='word_1_402' title='bbox 2085 246 2229 289; x_wconf 75' lang='lat' dir='ltr'><strong>cognitio</strong></span> <span class='ocrx_word' id='word_1_403' title='bbox 2245 257 2328 280; x_wconf 91' lang='lat' dir='ltr'>con-</span> 
     </span>
     <span class='ocr_line' id='line_1_59' title="bbox 1272 291 1476 331; baseline 0.02 -10"><span class='ocrx_word' id='word_1_404' title='bbox 1272 291 1362 331; x_wconf 98' lang='lat' dir='ltr'>temp</span> <span class='ocrx_word' id='word_1_405' title='bbox 1377 291 1476 325; x_wconf 83' lang='lat' dir='ltr'>ativa.</span> 
     </span>
    </p>
   </div>
   <div class='ocr_carea' id='block_1_6' title="bbox 1273 344 2328 443">
    <p class='ocr_par' dir='ltr' id='par_1_24' title="bbox 1273 344 2328 437">
     <span class='ocr_line' id='line_1_60' title="bbox 1311 344 2328 392; baseline 0.014 -17"><span class='ocrx_word' id='word_1_406' title='bbox 1311 344 1455 378; x_wconf 79' lang='lat' dir='ltr'>Privatae</span> <span class='ocrx_word' id='word_1_407' title='bbox 1468 346 1547 380; x_wconf 69' lang='lat' dir='ltr'>vitae</span> <span class='ocrx_word' id='word_1_408' title='bbox 1559 348 1644 381; x_wconf 88' lang='lat' dir='ltr'>ratio</span> <span class='ocrx_word' id='word_1_409' title='bbox 1662 349 1917 392; x_wconf 83' lang='lat' dir='ltr'>contemplativa</span> <span class='ocrx_word' id='word_1_410' title='bbox 1928 350 2063 387; x_wconf 68' lang='lat' dir='ltr'>familias</span> <span class='ocrx_word' id='word_1_411' title='bbox 2080 354 2328 388; x_wconf 86' lang='lat' dir='ltr'>commodorum</span> 
     </span>
     <span class='ocr_line' id='line_1_61' title="bbox 1273 403 1491 443; baseline 0.015 -9"><span class='ocrx_word' id='word_1_412' title='bbox 1273 403 1415 443; x_wconf 81' lang='lat' dir='ltr'>cognitio</span> <span class='ocrx_word' id='word_1_413' title='bbox 1431 407 1491 437; x_wconf 84' lang='lat' dir='ltr'>est.</span> 
     </span>
    </p>
   </div>
   <div class='ocr_carea' id='block_1_7' title="bbox 1274 445 2330 523">
    <p class='ocr_par' dir='ltr' id='par_1_25' title="bbox 1274 445 2330 523">
     <span class='ocr_line' id='line_1_62' title="bbox 1274 445 2330 523; baseline 0.014 -47"><span class='ocrx_word' id='word_1_414' title='bbox 1274 445 1532 523; x_wconf 46' lang='lat' dir='ltr'>aegbri‘lgsgaehia</span> <span class='ocrx_word' id='word_1_415' title='bbox 1541 449 1676 482; x_wconf 86' lang='lat' dir='ltr'>moralis</span> <span class='ocrx_word' id='word_1_416' title='bbox 1703 453 1754 484; x_wconf 90' lang='lat' dir='ltr'>est</span> <span class='ocrx_word' id='word_1_417' title='bbox 1772 452 1909 486; x_wconf 88' lang='lat' dir='ltr'>scientia</span> <span class='ocrx_word' id='word_1_418' title='bbox 1928 454 1971 487; x_wconf 91' lang='lat' dir='ltr'>ad</span> <span class='ocrx_word' id='word_1_419' title='bbox 1996 456 2202 490; x_wconf 83' lang='lat' dir='ltr'>exornandos</span> <span class='ocrx_word' id='word_1_420' title='bbox 2220 466 2330 490; x_wconf 84' lang='lat' dir='ltr'>mores</span> 
     </span>
    </p>
   </div>
   <div class='ocr_carea' id='block_1_8' title="bbox 1272 528 2330 990">
    <p class='ocr_par' dir='ltr' id='par_1_26' title="bbox 1316 528 2033 573">
     <span class='ocr_line' id='line_1_63' title="bbox 1316 528 2033 573; baseline 0.017 -12"><span class='ocrx_word' id='word_1_421' title='bbox 1316 528 1497 563; x_wconf 86' lang='lat' dir='ltr'>Dialectica</span> <span class='ocrx_word' id='word_1_422' title='bbox 1511 534 1562 565; x_wconf 89' lang='lat' dir='ltr'>est</span> <span class='ocrx_word' id='word_1_423' title='bbox 1582 532 1719 567; x_wconf 88' lang='lat' dir='ltr'>scientia</span> <span class='ocrx_word' id='word_1_424' title='bbox 1735 534 1817 569; x_wconf 89' lang='lat' dir='ltr'>bene</span> <span class='ocrx_word' id='word_1_425' title='bbox 1839 536 2033 573; x_wconf 90' lang='lat' dir='ltr'>disserendi.</span> 
     </span>
    </p>

    <p class='ocr_par' dir='ltr' id='par_1_27' title="bbox 1315 590 2065 640">
     <span class='ocr_line' id='line_1_64' title="bbox 1315 590 2065 640; baseline 0.016 -20"><span class='ocrx_word' id='word_1_426' title='bbox 1315 590 1377 621; x_wconf 80' lang='lat' dir='ltr'>Ars</span> <span class='ocrx_word' id='word_1_427' title='bbox 1397 591 1541 624; x_wconf 90' lang='lat' dir='ltr'>oratoria</span> <span class='ocrx_word' id='word_1_428' title='bbox 1561 594 1613 625; x_wconf 85' lang='lat' dir='ltr'>est</span> <span class='ocrx_word' id='word_1_429' title='bbox 1629 592 1713 627; x_wconf 84' lang='lat' dir='ltr'>bene</span> <span class='ocrx_word' id='word_1_430' title='bbox 1730 594 1862 628; x_wconf 89' lang='lat' dir='ltr'>dicendi</span> <span class='ocrx_word' id='word_1_431' title='bbox 1879 597 2065 640; x_wconf 84' lang='lat' dir='ltr'>disciplina.</span> 
     </span>
    </p>

    <p class='ocr_par' dir='ltr' id='par_1_28' title="bbox 1315 648 2108 695">
     <span class='ocr_line' id='line_1_65' title="bbox 1315 648 2108 695; baseline 0.016 -15"><span class='ocrx_word' id='word_1_432' title='bbox 1315 648 1522 692; x_wconf 76' lang='lat' dir='ltr'>physiologia</span> <span class='ocrx_word' id='word_1_433' title='bbox 1541 660 1653 685; x_wconf 85' lang='lat' dir='ltr'>rerum</span> <span class='ocrx_word' id='word_1_434' title='bbox 1666 654 1870 688; x_wconf 80' lang='lat' dir='ltr'>naturalium</span> <span class='ocrx_word' id='word_1_435' title='bbox 1885 657 2023 691; x_wconf 85' lang='lat' dir='ltr'>scientia</span> <span class='ocrx_word' id='word_1_436' title='bbox 2043 660 2108 695; x_wconf 87' lang='lat' dir='ltr'>est.</span> 
     </span>
    </p>

    <p class='ocr_par' dir='ltr' id='par_1_29' title="bbox 1272 707 2330 990">
     <span class='ocr_line' id='line_1_66' title="bbox 1315 707 2329 761; baseline 0.014 -22"><span class='ocrx_word' id='word_1_437' title='bbox 1315 707 1508 742; x_wconf 72' lang='lat' dir='ltr'>Prudentiae</span> <span class='ocrx_word' id='word_1_438' title='bbox 1523 710 1632 744; x_wconf 83' lang='lat' dir='ltr'>officia</span> <span class='ocrx_word' id='word_1_439' title='bbox 1648 715 1726 746; x_wconf 90' lang='lat' dir='ltr'>sunt</span> <span class='ocrx_word' id='word_1_440' title='bbox 1746 713 1830 747; x_wconf 88' lang='lat' dir='ltr'>bene</span> <span class='ocrx_word' id='word_1_441' title='bbox 1853 715 2036 751; x_wconf 87' lang='lat' dir='ltr'>deliberare</span> <span class='ocrx_word' id='word_1_442' title='bbox 2055 718 2228 761; x_wconf 84' lang='lat' dir='ltr'>:judicare</span> <span class='ocrx_word' id='word_1_443' title='bbox 2244 720 2329 752; x_wconf 89' lang='lat' dir='ltr'>bona</span> 
     </span>
     <span class='ocr_line' id='line_1_67' title="bbox 1273 767 2330 820; baseline 0.013 -22"><span class='ocrx_word' id='word_1_444' title='bbox 1273 769 1306 799; x_wconf 89' lang='lat' dir='ltr'>et</span> <span class='ocrx_word' id='word_1_445' title='bbox 1328 767 1431 809; x_wconf 88' lang='lat' dir='ltr'>mala,</span> <span class='ocrx_word' id='word_1_446' title='bbox 1451 778 1570 812; x_wconf 84' lang='lat' dir='ltr'>resque</span> <span class='ocrx_word' id='word_1_447' title='bbox 1588 780 1702 805; x_wconf 89' lang='lat' dir='ltr'>omnes</span> <span class='ocrx_word' id='word_1_448' title='bbox 1724 772 1758 806; x_wconf 92' lang='lat' dir='ltr'>in</span> <span class='ocrx_word' id='word_1_449' title='bbox 1780 774 1849 807; x_wconf 87' lang='lat' dir='ltr'>vita</span> <span class='ocrx_word' id='word_1_450' title='bbox 1865 777 1937 808; x_wconf 91' lang='lat' dir='ltr'>tum</span> <span class='ocrx_word' id='word_1_451' title='bbox 1954 777 2159 820; x_wconf 87' lang='lat' dir='ltr'>expetendas</span> <span class='ocrx_word' id='word_1_452' title='bbox 2179 779 2253 811; x_wconf 85' lang='lat' dir='ltr'>tum</span> <span class='ocrx_word' id='word_1_453' title='bbox 2273 777 2330 810; x_wconf 80' lang='lat' dir='ltr'>fu-</span> 
     </span>
     <span class='ocr_line' id='line_1_68' title="bbox 1272 826 2329 876; baseline 0.012 -18"><span class='ocrx_word' id='word_1_454' title='bbox 1272 826 1436 868; x_wconf 84' lang='lat' dir='ltr'>giendas:</span> <span class='ocrx_word' id='word_1_455' title='bbox 1467 830 1621 863; x_wconf 87' lang='lat' dir='ltr'>omnibus</span> <span class='ocrx_word' id='word_1_456' title='bbox 1646 841 1723 874; x_wconf 79' lang='lat' dir='ltr'>‹111ae</span> <span class='ocrx_word' id='word_1_457' title='bbox 1749 837 1932 876; x_wconf 85' lang='lat' dir='ltr'>suppetunt</span> <span class='ocrx_word' id='word_1_458' title='bbox 1970 838 2004 869; x_wconf 87' lang='lat' dir='ltr'>et</span> <span class='ocrx_word' id='word_1_459' title='bbox 2035 837 2131 871; x_wconf 86' lang='lat' dir='ltr'>bonis</span> <span class='ocrx_word' id='word_1_460' title='bbox 2170 840 2204 871; x_wconf 89' lang='lat' dir='ltr'>et</span> <span class='ocrx_word' id='word_1_461' title='bbox 2230 837 2329 870; x_wconf 88' lang='lat' dir='ltr'>malis</span> 
     </span>
     <span class='ocr_line' id='line_1_69' title="bbox 1272 886 2330 934; baseline 0.012 -16"><span class='ocrx_word' id='word_1_462' title='bbox 1272 886 1427 920; x_wconf 88' lang='lat' dir='ltr'>decenter</span> <span class='ocrx_word' id='word_1_463' title='bbox 1450 888 1501 920; x_wconf 92' lang='lat' dir='ltr'>uti</span> <span class='ocrx_word' id='word_1_464' title='bbox 1518 900 1526 920; x_wconf 92' lang='lat'>:</span> <span class='ocrx_word' id='word_1_465' title='bbox 1555 890 1718 931; x_wconf 87' lang='lat' dir='ltr'>speculari</span> <span class='ocrx_word' id='word_1_466' title='bbox 1748 894 2015 934; x_wconf 79' lang='lat' dir='ltr'>opportunitates</span> <span class='ocrx_word' id='word_1_467' title='bbox 2033 906 2040 928; x_wconf 91' lang='lat'>:</span> <span class='ocrx_word' id='word_1_468' title='bbox 2061 896 2162 930; x_wconf 86' lang='lat' dir='ltr'>dictis</span> <span class='ocrx_word' id='word_1_469' title='bbox 2179 898 2214 930; x_wconf 91' lang='lat' dir='ltr'>et</span> <span class='ocrx_word' id='word_1_470' title='bbox 2232 895 2330 930; x_wconf 81' lang='lat' dir='ltr'>facus</span> 
     </span>
     <span class='ocr_line' id='line_1_70' title="bbox 1273 946 2326 990; baseline 0.013 -13"><span class='ocrx_word' id='word_1_471' title='bbox 1273 946 1434 988; x_wconf 85' lang='lat' dir='ltr'>sagaciter</span> <span class='ocrx_word' id='word_1_472' title='bbox 1450 947 1501 980; x_wconf 91' lang='lat' dir='ltr'>uti</span> <span class='ocrx_word' id='word_1_473' title='bbox 1519 960 1527 980; x_wconf 76' lang='grc' dir='ltr'>ε</span> <span class='ocrx_word' id='word_1_474' title='bbox 1550 958 1663 982; x_wconf 88' lang='lat' dir='ltr'>rerum</span> <span class='ocrx_word' id='word_1_475' title='bbox 1685 951 1835 984; x_wconf 90' lang='lat' dir='ltr'>omnium</span> <span class='ocrx_word' id='word_1_476' title='bbox 1852 953 1988 987; x_wconf 89' lang='lat' dir='ltr'>utilium</span> <span class='ocrx_word' id='word_1_477' title='bbox 2016 956 2170 989; x_wconf 80' lang='lat' dir='ltr'>notitiam</span> <span class='ocrx_word' id='word_1_478' title='bbox 2192 956 2326 990; x_wconf 85' lang='lat' dir='ltr'>habere.</span> 
     </span>
    </p>
   </div>
   <div class='ocr_carea' id='block_1_9' title="bbox 1271 1062 2329 1406">
    <p class='ocr_par' dir='ltr' id='par_1_30' title="bbox 1271 1062 2329 1406">
     <span class='ocr_line' id='line_1_71' title="bbox 1313 1062 2326 1111; baseline 0.009 -17"><span class='ocrx_word' id='word_1_479' title='bbox 1313 1062 1473 1095; x_wconf 83' lang='lat' dir='ltr'>Memoria</span> <span class='ocrx_word' id='word_1_480' title='bbox 1498 1072 1577 1103; x_wconf 75' lang='lat' dir='ltr'>vero</span> <span class='ocrx_word' id='word_1_481' title='bbox 1596 1066 1630 1097; x_wconf 90' lang='lat' dir='ltr'>et</span> <span class='ocrx_word' id='word_1_482' title='bbox 1645 1064 1762 1106; x_wconf 87' lang='lat' dir='ltr'>peritia</span> <span class='ocrx_word' id='word_1_483' title='bbox 1781 1067 1815 1098; x_wconf 90' lang='lat' dir='ltr'>et</span> <span class='ocrx_word' id='word_1_484' title='bbox 1837 1067 2009 1109; x_wconf 83' lang='lat' dir='ltr'>sagacitas,</span> <span class='ocrx_word' id='word_1_485' title='bbox 2034 1068 2113 1101; x_wconf 91' lang='lat' dir='ltr'>item</span> <span class='ocrx_word' id='word_1_486' title='bbox 2133 1069 2326 1111; x_wconf 83' lang='lat' dir='ltr'>dexteritas,</span> 
     </span>
     <span class='ocr_line' id='line_1_72' title="bbox 1272 1112 2328 1162; baseline 0.007 -16"><span class='ocrx_word' id='word_1_487' title='bbox 1272 1115 1306 1146; x_wconf 86' lang='lat' dir='ltr'>et</span> <span class='ocrx_word' id='word_1_488' title='bbox 1331 1112 1459 1144; x_wconf 87' lang='lat' dir='ltr'>consilii</span> <span class='ocrx_word' id='word_1_489' title='bbox 1484 1113 1616 1146; x_wconf 88' lang='lat' dir='ltr'>bonitas</span> <span class='ocrx_word' id='word_1_490' title='bbox 1633 1124 1686 1147; x_wconf 91' lang='lat' dir='ltr'>res</span> <span class='ocrx_word' id='word_1_491' title='bbox 1704 1117 1780 1148; x_wconf 91' lang='lat' dir='ltr'>sunt</span> <span class='ocrx_word' id='word_1_492' title='bbox 1801 1116 1941 1159; x_wconf 81' lang='lat' dir='ltr'>singulae</span> <span class='ocrx_word' id='word_1_493' title='bbox 1967 1118 2061 1159; x_wconf 87' lang='lat' dir='ltr'>tales,</span> <span class='ocrx_word' id='word_1_494' title='bbox 2082 1122 2121 1152; x_wconf 92' lang='lat' dir='ltr'>ut</span> <span class='ocrx_word' id='word_1_495' title='bbox 2140 1120 2192 1152; x_wconf 88' lang='lat' dir='ltr'>vel</span> <span class='ocrx_word' id='word_1_496' title='bbox 2213 1130 2233 1153; x_wconf 90' lang='lat' dir='ltr'>a</span> <span class='ocrx_word' id='word_1_497' title='bbox 2252 1129 2328 1162; x_wconf 85' lang='lat' dir='ltr'>pru-</span> 
     </span>
     <span class='ocr_line' id='line_1_73' title="bbox 1272 1162 2329 1210; baseline 0.006 -14"><span class='ocrx_word' id='word_1_498' title='bbox 1272 1162 1386 1196; x_wconf 89' lang='lat' dir='ltr'>dentia</span> <span class='ocrx_word' id='word_1_499' title='bbox 1411 1162 1673 1204; x_wconf 84' lang='lat' dir='ltr'>proficiscantur,</span> <span class='ocrx_word' id='word_1_500' title='bbox 1706 1166 1760 1198; x_wconf 89' lang='lat' dir='ltr'>vel</span> <span class='ocrx_word' id='word_1_501' title='bbox 1798 1169 1984 1209; x_wconf 88' lang='lat' dir='ltr'>sequantur</span> <span class='ocrx_word' id='word_1_502' title='bbox 2016 1168 2240 1210; x_wconf 85' lang='lat' dir='ltr'>prudentiam,</span> <span class='ocrx_word' id='word_1_503' title='bbox 2275 1169 2329 1202; x_wconf 84' lang='lat' dir='ltr'>vel</span> 
     </span>
     <span class='ocr_line' id='line_1_74' title="bbox 1273 1213 2327 1261; baseline 0.007 -16"><span class='ocrx_word' id='word_1_504' title='bbox 1273 1213 1394 1258; x_wconf 87' lang='lat' dir='ltr'>partim</span> <span class='ocrx_word' id='word_1_505' title='bbox 1418 1214 1516 1255; x_wconf 83' lang='lat' dir='ltr'>quasi</span> <span class='ocrx_word' id='word_1_506' title='bbox 1554 1223 1663 1248; x_wconf 84' lang='lat' dir='ltr'>causae</span> <span class='ocrx_word' id='word_1_507' title='bbox 1701 1218 1896 1250; x_wconf 82' lang='lat' dir='ltr'>eventorum</span> <span class='ocrx_word' id='word_1_508' title='bbox 1927 1227 2004 1251; x_wconf 87' lang='lat' dir='ltr'>cum</span> <span class='ocrx_word' id='word_1_509' title='bbox 2035 1219 2212 1261; x_wconf 88' lang='lat' dir='ltr'>prudentia</span> <span class='ocrx_word' id='word_1_510' title='bbox 2249 1219 2327 1258; x_wconf 83' lang='lat' dir='ltr'>sint,</span> 
     </span>
     <span class='ocr_line' id='line_1_75' title="bbox 1272 1264 2327 1312; baseline 0.007 -16"><span class='ocrx_word' id='word_1_511' title='bbox 1272 1264 1365 1297; x_wconf 86' lang='lat' dir='ltr'>velut</span> <span class='ocrx_word' id='word_1_512' title='bbox 1394 1265 1514 1307; x_wconf 89' lang='lat' dir='ltr'>peritia</span> <span class='ocrx_word' id='word_1_513' title='bbox 1533 1267 1567 1299; x_wconf 91' lang='lat' dir='ltr'>et</span> <span class='ocrx_word' id='word_1_514' title='bbox 1584 1267 1745 1299; x_wconf 87' lang='lat' dir='ltr'>memoria</span> <span class='ocrx_word' id='word_1_515' title='bbox 1767 1280 1774 1299; x_wconf 91' lang='lat'>:</span> <span class='ocrx_word' id='word_1_516' title='bbox 1793 1269 1915 1310; x_wconf 89' lang='lat' dir='ltr'>partim</span> <span class='ocrx_word' id='word_1_517' title='bbox 1939 1278 1959 1301; x_wconf 89' lang='lat' dir='ltr'>a</span> <span class='ocrx_word' id='word_1_518' title='bbox 1985 1270 2162 1311; x_wconf 90' lang='lat' dir='ltr'>prudentia</span> <span class='ocrx_word' id='word_1_519' title='bbox 2194 1270 2327 1312; x_wconf 77' lang='lat' dir='ltr'>proiici-</span> 
     </span>
     <span class='ocr_line' id='line_1_76' title="bbox 1271 1315 2328 1359; baseline 0.002 -11"><span class='ocrx_word' id='word_1_520' title='bbox 1271 1316 1419 1354; x_wconf 88' lang='lat' dir='ltr'>scantur‚</span> <span class='ocrx_word' id='word_1_521' title='bbox 1440 1315 1534 1349; x_wconf 88' lang='lat' dir='ltr'>verbi</span> <span class='ocrx_word' id='word_1_522' title='bbox 1557 1317 1665 1359; x_wconf 88' lang='lat' dir='ltr'>gratia</span> <span class='ocrx_word' id='word_1_523' title='bbox 1695 1317 1823 1351; x_wconf 87' lang='lat' dir='ltr'>consilii</span> <span class='ocrx_word' id='word_1_524' title='bbox 1843 1318 1985 1359; x_wconf 87' lang='lat' dir='ltr'>bonitas,</span> <span class='ocrx_word' id='word_1_525' title='bbox 2013 1322 2046 1353; x_wconf 90' lang='lat' dir='ltr'>et</span> <span class='ocrx_word' id='word_1_526' title='bbox 2082 1320 2268 1353; x_wconf 82' lang='lat' dir='ltr'>dexteritas</span> <span class='ocrx_word' id='word_1_527' title='bbox 2296 1319 2328 1352; x_wconf 87' lang='lat' dir='ltr'>et</span> 
     </span>
     <span class='ocr_line' id='line_1_77' title="bbox 1272 1364 1444 1406; baseline 0.017 -11"><span class='ocrx_word' id='word_1_528' title='bbox 1272 1364 1444 1406; x_wconf 85' lang='lat' dir='ltr'>sagacitas.</span> 
     </span>
    </p>
   </div>
   <div class='ocr_carea' id='block_1_10' title="bbox 1271 1423 2328 1887">
    <p class='ocr_par' dir='ltr' id='par_1_31' title="bbox 1271 1423 2328 1887">
     <span class='ocr_line' id='line_1_78' title="bbox 1314 1423 2328 1470; baseline 0.003 -14"><span class='ocrx_word' id='word_1_529' title='bbox 1314 1423 1446 1457; x_wconf 89' lang='lat' dir='ltr'>Lenitas</span> <span class='ocrx_word' id='word_1_530' title='bbox 1467 1426 1519 1458; x_wconf 88' lang='lat' dir='ltr'>est</span> <span class='ocrx_word' id='word_1_531' title='bbox 1539 1424 1650 1458; x_wconf 86' lang='lat' dir='ltr'>virtus</span> <span class='ocrx_word' id='word_1_532' title='bbox 1667 1425 1759 1459; x_wconf 89' lang='lat' dir='ltr'>illius</span> <span class='ocrx_word' id='word_1_533' title='bbox 1775 1426 1878 1460; x_wconf 89' lang='lat' dir='ltr'>animi</span> <span class='ocrx_word' id='word_1_534' title='bbox 1905 1428 2030 1470; x_wconf 86' lang='lat' dir='ltr'>partis,</span> <span class='ocrx_word' id='word_1_535' title='bbox 2054 1427 2088 1460; x_wconf 93' lang='lat' dir='ltr'>in</span> <span class='ocrx_word' id='word_1_536' title='bbox 2106 1437 2174 1470; x_wconf 87' lang='lat' dir='ltr'>qua</span> <span class='ocrx_word' id='word_1_537' title='bbox 2201 1427 2328 1460; x_wconf 88' lang='lat' dir='ltr'>irarum</span> 
     </span>
     <span class='ocr_line' id='line_1_79' title="bbox 1271 1483 2328 1529; baseline 0.005 -14"><span class='ocrx_word' id='word_1_538' title='bbox 1271 1483 1402 1516; x_wconf 86' lang='lat' dir='ltr'>exsistit</span> <span class='ocrx_word' id='word_1_539' title='bbox 1429 1483 1539 1523; x_wconf 88' lang='lat' dir='ltr'>ardor,</span> <span class='ocrx_word' id='word_1_540' title='bbox 1559 1494 1627 1528; x_wconf 90' lang='lat' dir='ltr'>qua</span> <span class='ocrx_word' id='word_1_541' title='bbox 1644 1485 1682 1518; x_wconf 83' lang='lat' dir='ltr'>fit</span> <span class='ocrx_word' id='word_1_542' title='bbox 1697 1487 1735 1518; x_wconf 90' lang='lat' dir='ltr'>ut</span> <span class='ocrx_word' id='word_1_543' title='bbox 1756 1486 1807 1518; x_wconf 89' lang='lat' dir='ltr'>ira</span> <span class='ocrx_word' id='word_1_544' title='bbox 1823 1495 1889 1519; x_wconf 89' lang='lat' dir='ltr'>non</span> <span class='ocrx_word' id='word_1_545' title='bbox 1901 1489 2080 1529; x_wconf 86' lang='lat' dir='ltr'>tangantur</span> <span class='ocrx_word' id='word_1_546' title='bbox 2097 1500 2106 1520; x_wconf 85' lang='lat'>;</span> <span class='ocrx_word' id='word_1_547' title='bbox 2128 1487 2181 1520; x_wconf 89' lang='lat' dir='ltr'>vel</span> <span class='ocrx_word' id='word_1_548' title='bbox 2203 1488 2328 1520; x_wconf 89' lang='lat' dir='ltr'>irarum</span> 
     </span>
     <span class='ocr_line' id='line_1_80' title="bbox 1271 1544 2326 1587; baseline 0.003 -11"><span class='ocrx_word' id='word_1_549' title='bbox 1271 1544 1506 1577; x_wconf 88' lang='lat' dir='ltr'>mediocritas:</span> <span class='ocrx_word' id='word_1_550' title='bbox 1527 1545 1624 1587; x_wconf 88' lang='lat' dir='ltr'>cujus</span> <span class='ocrx_word' id='word_1_551' title='bbox 1642 1545 1783 1579; x_wconf 89' lang='lat' dir='ltr'>nimium</span> <span class='ocrx_word' id='word_1_552' title='bbox 1805 1546 1976 1580; x_wconf 87' lang='lat' dir='ltr'>iracundia</span> <span class='ocrx_word' id='word_1_553' title='bbox 1994 1549 2029 1580; x_wconf 84' lang='lat' dir='ltr'>et</span> <span class='ocrx_word' id='word_1_554' title='bbox 2043 1546 2326 1587; x_wconf 79' lang='lat' dir='ltr'>excandescentia,</span> 
     </span>
     <span class='ocr_line' id='line_1_81' title="bbox 1271 1604 2328 1648; baseline 0.002 -12"><span class='ocrx_word' id='word_1_555' title='bbox 1271 1613 1391 1646; x_wconf 87' lang='lat' dir='ltr'>parum</span> <span class='ocrx_word' id='word_1_556' title='bbox 1428 1604 1595 1638; x_wconf 90' lang='lat' dir='ltr'>lentitudo</span> <span class='ocrx_word' id='word_1_557' title='bbox 1623 1607 1682 1638; x_wconf 90' lang='lat' dir='ltr'>aut</span> <span class='ocrx_word' id='word_1_558' title='bbox 1716 1606 1862 1639; x_wconf 81' lang='lat' dir='ltr'>stultitia</span> <span class='ocrx_word' id='word_1_559' title='bbox 1894 1608 1956 1640; x_wconf 87' lang='lat' dir='ltr'>est.</span> <span class='ocrx_word' id='word_1_560' title='bbox 1992 1608 2077 1640; x_wconf 91' lang='lat' dir='ltr'>Sunt</span> <span class='ocrx_word' id='word_1_561' title='bbox 2103 1608 2216 1640; x_wconf 89' lang='lat' dir='ltr'>autem</span> <span class='ocrx_word' id='word_1_562' title='bbox 2255 1607 2328 1648; x_wconf 86' lang='lat' dir='ltr'>ejus</span> 
     </span>
     <span class='ocr_line' id='line_1_82' title="bbox 1274 1663 2328 1708; baseline 0.004 -13"><span class='ocrx_word' id='word_1_563' title='bbox 1274 1672 1412 1696; x_wconf 90' lang='lat' dir='ltr'>munera</span> <span class='ocrx_word' id='word_1_564' title='bbox 1446 1663 1661 1697; x_wconf 84' lang='lat' dir='ltr'>mediocriter</span> <span class='ocrx_word' id='word_1_565' title='bbox 1691 1663 1779 1698; x_wconf 84' lang='lat' dir='ltr'>ferre</span> <span class='ocrx_word' id='word_1_566' title='bbox 1807 1674 1903 1708; x_wconf 86' lang='lat' dir='ltr'>posse</span> <span class='ocrx_word' id='word_1_567' title='bbox 1923 1665 2168 1699; x_wconf 85' lang='lat' dir='ltr'>criminationes</span> <span class='ocrx_word' id='word_1_568' title='bbox 2189 1668 2223 1699; x_wconf 87' lang='lat' dir='ltr'>et</span> <span class='ocrx_word' id='word_1_569' title='bbox 2247 1674 2328 1699; x_wconf 88' lang='lat' dir='ltr'>con-</span> 
     </span>
     <span class='ocr_line' id='line_1_83' title="bbox 1273 1724 2327 1768; baseline 0.004 -13"><span class='ocrx_word' id='word_1_570' title='bbox 1273 1725 1416 1756; x_wconf 87' lang='lat' dir='ltr'>temtum</span> <span class='ocrx_word' id='word_1_571' title='bbox 1447 1737 1456 1756; x_wconf 76' lang='lat'>2</span> <span class='ocrx_word' id='word_1_572' title='bbox 1490 1724 1571 1756; x_wconf 89' lang='lat' dir='ltr'>item</span> <span class='ocrx_word' id='word_1_573' title='bbox 1589 1734 1654 1756; x_wconf 92' lang='lat' dir='ltr'>non</span> <span class='ocrx_word' id='word_1_574' title='bbox 1678 1724 1831 1757; x_wconf 86' lang='lat' dir='ltr'>celeriter</span> <span class='ocrx_word' id='word_1_575' title='bbox 1850 1724 1893 1757; x_wconf 89' lang='lat' dir='ltr'>ad</span> <span class='ocrx_word' id='word_1_576' title='bbox 1912 1725 2092 1758; x_wconf 88' lang='lat' dir='ltr'>ulciscendi</span> <span class='ocrx_word' id='word_1_577' title='bbox 2111 1725 2327 1768; x_wconf 88' lang='lat' dir='ltr'>cupiditatem</span> 
     </span>
     <span class='ocr_line' id='line_1_84' title="bbox 1272 1782 2327 1826; baseline 0.002 -11"><span class='ocrx_word' id='word_1_578' title='bbox 1272 1782 1487 1816; x_wconf 85' lang='lat' dir='ltr'>exardescere</span> <span class='ocrx_word' id='word_1_579' title='bbox 1518 1796 1527 1815; x_wconf 76' lang='lat' dir='ltr'><em>z</em></span> <span class='ocrx_word' id='word_1_580' title='bbox 1554 1783 1700 1826; x_wconf 88' lang='lat' dir='ltr'>denique</span> <span class='ocrx_word' id='word_1_581' title='bbox 1737 1784 1869 1816; x_wconf 91' lang='lat' dir='ltr'>animus</span> <span class='ocrx_word' id='word_1_582' title='bbox 1893 1794 1959 1817; x_wconf 90' lang='lat' dir='ltr'>non</span> <span class='ocrx_word' id='word_1_583' title='bbox 1992 1785 2182 1826; x_wconf 85' lang='lat' dir='ltr'>irritabilis,</span> <span class='ocrx_word' id='word_1_584' title='bbox 2208 1787 2327 1818; x_wconf 91' lang='lat' dir='ltr'>natura</span> 
     </span>
     <span class='ocr_line' id='line_1_85' title="bbox 1271 1843 1948 1887; baseline 0.003 -11"><span class='ocrx_word' id='word_1_585' title='bbox 1271 1843 1407 1876; x_wconf 87' lang='lat' dir='ltr'>minime</span> <span class='ocrx_word' id='word_1_586' title='bbox 1428 1843 1547 1877; x_wconf 89' lang='lat' dir='ltr'>acerba</span> <span class='ocrx_word' id='word_1_587' title='bbox 1571 1844 1774 1887; x_wconf 89' lang='lat' dir='ltr'>minimeque</span> <span class='ocrx_word' id='word_1_588' title='bbox 1794 1844 1948 1887; x_wconf 86' lang='lat' dir='ltr'>litigiosa.</span> 
     </span>
    </p>
   </div>
   <div class='ocr_carea' id='block_1_11' title="bbox 1660 2063 1934 2098">
    <p class='ocr_par' dir='ltr' id='par_1_32' title="bbox 1660 2063 1934 2098">
     <span class='ocr_line' id='line_1_86' title="bbox 1660 2063 1934 2098; baseline 0.004 -1"><span class='ocrx_word' id='word_1_589' title='bbox 1660 2066 1710 2097; x_wconf 88' lang='lat' dir='ltr'>De</span> <span class='ocrx_word' id='word_1_590' title='bbox 1727 2063 1934 2098; x_wconf 89' lang='lat' dir='ltr'>fortitudine.</span> 
     </span>
    </p>
   </div>
   <div class='ocr_carea' id='block_1_12' title="bbox 1269 2122 2328 2401">
    <p class='ocr_par' dir='ltr' id='par_1_33' title="bbox 1269 2122 2328 2356">
     <span class='ocr_line' id='line_1_87' title="bbox 1311 2122 2327 2167; baseline 0.003 -12"><span class='ocrx_word' id='word_1_591' title='bbox 1311 2122 1487 2155; x_wconf 86' lang='lat' dir='ltr'>Fortitudo</span> <span class='ocrx_word' id='word_1_592' title='bbox 1506 2125 1558 2155; x_wconf 87' lang='lat' dir='ltr'>est</span> <span class='ocrx_word' id='word_1_593' title='bbox 1588 2123 1695 2156; x_wconf 90' lang='lat' dir='ltr'>virtus</span> <span class='ocrx_word' id='word_1_594' title='bbox 1720 2123 1810 2156; x_wconf 88' lang='lat' dir='ltr'>illius</span> <span class='ocrx_word' id='word_1_595' title='bbox 1841 2123 1943 2156; x_wconf 87' lang='lat' dir='ltr'>animi</span> <span class='ocrx_word' id='word_1_596' title='bbox 1966 2124 2084 2166; x_wconf 87' lang='lat' dir='ltr'>partis,</span> <span class='ocrx_word' id='word_1_597' title='bbox 2107 2123 2141 2157; x_wconf 91' lang='lat' dir='ltr'>in</span> <span class='ocrx_word' id='word_1_598' title='bbox 2163 2133 2231 2167; x_wconf 87' lang='lat' dir='ltr'>qua</span> <span class='ocrx_word' id='word_1_599' title='bbox 2261 2125 2327 2158; x_wconf 89' lang='lat' dir='ltr'>ira-</span> 
     </span>
     <span class='ocr_line' id='line_1_88' title="bbox 1270 2171 2328 2214; baseline 0.001 -10"><span class='ocrx_word' id='word_1_600' title='bbox 1270 2181 1345 2204; x_wconf 89' lang='lat' dir='ltr'>rum</span> <span class='ocrx_word' id='word_1_601' title='bbox 1358 2171 1491 2204; x_wconf 83' lang='lat' dir='ltr'>exsistit</span> <span class='ocrx_word' id='word_1_602' title='bbox 1508 2171 1618 2209; x_wconf 83' lang='lat' dir='ltr'>ardor,</span> <span class='ocrx_word' id='word_1_603' title='bbox 1638 2181 1706 2214; x_wconf 87' lang='lat' dir='ltr'>qua</span> <span class='ocrx_word' id='word_1_604' title='bbox 1719 2172 1768 2211; x_wconf 85' lang='lat' dir='ltr'>lit,</span> <span class='ocrx_word' id='word_1_605' title='bbox 1786 2174 1824 2204; x_wconf 93' lang='lat' dir='ltr'>ut</span> <span class='ocrx_word' id='word_1_606' title='bbox 1837 2174 1931 2204; x_wconf 88' lang='lat' dir='ltr'>metu</span> <span class='ocrx_word' id='word_1_607' title='bbox 1944 2174 2003 2204; x_wconf 88' lang='lat' dir='ltr'>aut</span> <span class='ocrx_word' id='word_1_608' title='bbox 2022 2174 2129 2205; x_wconf 91' lang='lat' dir='ltr'>morte</span> <span class='ocrx_word' id='word_1_609' title='bbox 2147 2181 2213 2205; x_wconf 90' lang='lat' dir='ltr'>nou</span> <span class='ocrx_word' id='word_1_610' title='bbox 2231 2171 2328 2205; x_wconf 77' lang='lat' dir='ltr'>facile,</span> 
     </span>
     <span class='ocr_line' id='line_1_89' title="bbox 1269 2219 2328 2262; baseline 0.002 -11"><span class='ocrx_word' id='word_1_611' title='bbox 1269 2219 1493 2261; x_wconf 85' lang='lat' dir='ltr'>percellantur</span> <span class='ocrx_word' id='word_1_612' title='bbox 1523 2219 1684 2252; x_wconf 86' lang='lat' dir='ltr'>homines.</span> <span class='ocrx_word' id='word_1_613' title='bbox 1719 2220 1780 2251; x_wconf 90' lang='lat' dir='ltr'>Est</span> <span class='ocrx_word' id='word_1_614' title='bbox 1806 2222 1918 2252; x_wconf 88' lang='lat' dir='ltr'>autem</span> <span class='ocrx_word' id='word_1_615' title='bbox 1949 2219 2082 2261; x_wconf 89' lang='lat' dir='ltr'>propria</span> <span class='ocrx_word' id='word_1_616' title='bbox 2120 2220 2193 2262; x_wconf 75' lang='lat' dir='ltr'>eJ&#39;us</span> <span class='ocrx_word' id='word_1_617' title='bbox 2225 2220 2328 2253; x_wconf 88' lang='lat' dir='ltr'>animi</span> 
     </span>
     <span class='ocr_line' id='line_1_90' title="bbox 1270 2267 2324 2311; baseline 0.002 -12"><span class='ocrx_word' id='word_1_618' title='bbox 1270 2267 1458 2309; x_wconf 72' lang='lat' dir='ltr'>praesentia,</span> <span class='ocrx_word' id='word_1_619' title='bbox 1477 2267 1686 2306; x_wconf 77' lang='lat' dir='ltr'>confidentia,</span> <span class='ocrx_word' id='word_1_620' title='bbox 1704 2267 1969 2309; x_wconf 84' lang='lat' dir='ltr'>magnanimitas,</span> <span class='ocrx_word' id='word_1_621' title='bbox 1984 2267 2138 2307; x_wconf 84' lang='lat' dir='ltr'>virilitas,</span> <span class='ocrx_word' id='word_1_622' title='bbox 2153 2268 2324 2311; x_wconf 82' lang='lat' dir='ltr'>patientia.</span> 
     </span>
     <span class='ocr_line' id='line_1_91' title="bbox 1270 2313 1741 2356; baseline -0.002 -9"><span class='ocrx_word' id='word_1_623' title='bbox 1270 2314 1522 2356; x_wconf 80' lang='lat' dir='ltr'>magnificentia,</span> <span class='ocrx_word' id='word_1_624' title='bbox 1549 2313 1741 2347; x_wconf 86' lang='lat' dir='ltr'>strenuitas.</span> 
     </span>
    </p>

    <p class='ocr_par' dir='ltr' id='par_1_34' title="bbox 1311 2357 2327 2401">
     <span class='ocr_line' id='line_1_92' title="bbox 1311 2357 2327 2401; baseline 0.001 -11"><span class='ocrx_word' id='word_1_625' title='bbox 1311 2358 1419 2391; x_wconf 80' lang='lat' dir='ltr'>Animi</span> <span class='ocrx_word' id='word_1_626' title='bbox 1439 2359 1616 2401; x_wconf 67' lang='lat' dir='ltr'>praesentia</span> <span class='ocrx_word' id='word_1_627' title='bbox 1643 2358 1782 2400; x_wconf 90' lang='lat' dir='ltr'>quidem</span> <span class='ocrx_word' id='word_1_628' title='bbox 1808 2359 1859 2390; x_wconf 85' lang='lat' dir='ltr'>est</span> <span class='ocrx_word' id='word_1_629' title='bbox 1887 2358 1959 2400; x_wconf 81' lang='lat' dir='ltr'>eJus</span> <span class='ocrx_word' id='word_1_630' title='bbox 1983 2357 2138 2391; x_wconf 85' lang='lat' dir='ltr'>alacritas</span> <span class='ocrx_word' id='word_1_631' title='bbox 2162 2358 2204 2391; x_wconf 86' lang='lat' dir='ltr'>ad</span> <span class='ocrx_word' id='word_1_632' title='bbox 2226 2367 2327 2401; x_wconf 87' lang='lat' dir='ltr'>opera</span> 
     </span>
    </p>
   </div>
   <div class='ocr_carea' id='block_1_13' title="bbox 1270 2418 1556 2461">
    <p class='ocr_par' dir='ltr' id='par_1_35' title="bbox 1270 2418 1556 2461">
     <span class='ocr_line' id='line_1_93' title="bbox 1270 2418 1556 2461; baseline -0.004 -9"><span class='ocrx_word' id='word_1_633' title='bbox 1270 2429 1330 2452; x_wconf 82' lang='lat' dir='ltr'>sua</span> <span class='ocrx_word' id='word_1_634' title='bbox 1345 2418 1556 2461; x_wconf 86' lang='lat' dir='ltr'>perficienda.</span> 
     </span>
    </p>
   </div>
   <div class='ocr_carea' id='block_1_14' title="bbox 1275 2476 2327 2568">
    <p class='ocr_par' dir='ltr' id='par_1_36' title="bbox 1275 2476 2327 2563">
     <span class='ocr_line' id='line_1_94' title="bbox 1317 2476 2327 2526; baseline -0.001 -15"><span class='ocrx_word' id='word_1_635' title='bbox 1317 2478 1522 2511; x_wconf 87' lang='lat' dir='ltr'>Confidentia</span> <span class='ocrx_word' id='word_1_636' title='bbox 1552 2487 1632 2511; x_wconf 90' lang='lat' dir='ltr'>vero</span> <span class='ocrx_word' id='word_1_637' title='bbox 1657 2476 1792 2510; x_wconf 76' lang='lat' dir='ltr'>affectio</span> <span class='ocrx_word' id='word_1_638' title='bbox 1826 2476 1926 2510; x_wconf 85' lang='lat' dir='ltr'>animi</span> <span class='ocrx_word' id='word_1_639' title='bbox 1954 2478 2082 2519; x_wconf 89' lang='lat' dir='ltr'>promte</span> <span class='ocrx_word' id='word_1_640' title='bbox 2114 2477 2255 2526; x_wconf 88' lang='lat' dir='ltr'>cupiens</span> <span class='ocrx_word' id='word_1_641' title='bbox 2268 2487 2327 2519; x_wconf 88' lang='lat' dir='ltr'>ag-</span> 
     </span>
     <span class='ocr_line' id='line_1_95' title="bbox 1275 2518 2327 2568; baseline 0 -16"><span class='ocrx_word' id='word_1_642' title='bbox 1275 2521 1367 2568; x_wconf 85' lang='lat' dir='ltr'>gredi</span> <span class='ocrx_word' id='word_1_643' title='bbox 1384 2529 1460 2561; x_wconf 81' lang='lat' dir='ltr'>quae</span> <span class='ocrx_word' id='word_1_644' title='bbox 1486 2521 1565 2552; x_wconf 89' lang='lat' dir='ltr'>sunt</span> <span class='ocrx_word' id='word_1_645' title='bbox 1581 2519 1747 2559; x_wconf 80' lang='lat' dir='ltr'>facienda,</span> <span class='ocrx_word' id='word_1_646' title='bbox 1767 2521 1801 2552; x_wconf 91' lang='lat' dir='ltr'>et</span> <span class='ocrx_word' id='word_1_647' title='bbox 1817 2518 1980 2551; x_wconf 89' lang='lat' dir='ltr'>sustinere</span> <span class='ocrx_word' id='word_1_648' title='bbox 1998 2527 2074 2561; x_wconf 82' lang='lat' dir='ltr'>quae</span> <span class='ocrx_word' id='word_1_649' title='bbox 2094 2519 2179 2551; x_wconf 87' lang='lat' dir='ltr'>ratio</span> <span class='ocrx_word' id='word_1_650' title='bbox 2203 2519 2327 2552; x_wconf 90' lang='lat' dir='ltr'>evincit</span> 
     </span>
    </p>
   </div>
   <div class='ocr_carea' id='block_1_15' title="bbox 1275 2562 2327 2646">
    <p class='ocr_par' dir='ltr' id='par_1_37' title="bbox 1275 2562 2314 2646">
     <span class='ocr_line' id='line_1_96' title="bbox 1275 2562 1572 2595; baseline 0 -1"><span class='ocrx_word' id='word_1_651' title='bbox 1275 2562 1468 2595; x_wconf 88' lang='lat' dir='ltr'>sustinenda</span> <span class='ocrx_word' id='word_1_652' title='bbox 1490 2571 1572 2594; x_wconf 86' lang='lat' dir='ltr'>esse</span> 
     </span>
     <span class='ocr_line' id='line_1_97' title="bbox 1316 2601 2327 2646; baseline -0.002 -10"><span class='ocrx_word' id='word_1_653' title='bbox 1316 2603 1570 2646; x_wconf 87' lang='lat' dir='ltr'>Magnanimitas</span> <span class='ocrx_word' id='word_1_654' title='bbox 1596 2605 1709 2636; x_wconf 87' lang='lat' dir='ltr'>autem</span> <span class='ocrx_word' id='word_1_655' title='bbox 1731 2601 1864 2635; x_wconf 81' lang='lat' dir='ltr'>affectio</span> <span class='ocrx_word' id='word_1_656' title='bbox 1894 2602 1997 2634; x_wconf 88' lang='lat' dir='ltr'>animi</span> <span class='ocrx_word' id='word_1_657' title='bbox 2015 2603 2067 2634; x_wconf 87' lang='lat' dir='ltr'>est</span> <span class='ocrx_word' id='word_1_658' title='bbox 2086 2601 2249 2635; x_wconf 89' lang='lat' dir='ltr'>diviniora</span> <span class='ocrx_word' id='word_1_659' title='bbox 2270 2604 2327 2635; x_wconf 85' lang='lat' dir='ltr'>lin-</span> 
     </span>
    </p>
   </div>
   <div class='ocr_carea' id='block_1_16' title="bbox 1274 2643 2327 2688">
    <p class='ocr_par' dir='ltr' id='par_1_38' title="bbox 1274 2643 2327 2688">
     <span class='ocr_line' id='line_1_98' title="bbox 1274 2643 2327 2688; baseline -0.002 -10"><span class='ocrx_word' id='word_1_660' title='bbox 1274 2655 1364 2687; x_wconf 85' lang='lat' dir='ltr'>gens,</span> <span class='ocrx_word' id='word_1_661' title='bbox 1396 2655 1498 2688; x_wconf 88' lang='lat' dir='ltr'>quam</span> <span class='ocrx_word' id='word_1_662' title='bbox 1519 2654 1595 2687; x_wconf 82' lang='lat' dir='ltr'>quae</span> <span class='ocrx_word' id='word_1_663' title='bbox 1612 2644 1833 2678; x_wconf 89' lang='lat' dir='ltr'>communiter</span> <span class='ocrx_word' id='word_1_664' title='bbox 1850 2644 1947 2677; x_wconf 87' lang='lat' dir='ltr'>malis</span> <span class='ocrx_word' id='word_1_665' title='bbox 1966 2645 2001 2676; x_wconf 87' lang='lat' dir='ltr'>et</span> <span class='ocrx_word' id='word_1_666' title='bbox 2024 2643 2119 2676; x_wconf 88' lang='lat' dir='ltr'>bonis</span> <span class='ocrx_word' id='word_1_667' title='bbox 2137 2643 2327 2677; x_wconf 87' lang='lat' dir='ltr'>hominibus</span> 
     </span>
    </p>
   </div>
   <div class='ocr_carea' id='block_1_17' title="bbox 1273 2688 2326 2770">
    <p class='ocr_par' dir='ltr' id='par_1_39' title="bbox 1273 2688 2326 2770">
     <span class='ocr_line' id='line_1_99' title="bbox 1273 2688 2326 2770; baseline -0.003 -8"><span class='ocrx_word' id='word_1_668' title='bbox 1273 2688 1384 2762; x_wconf 50' lang='grc' dir='ltr'>ωιῐιίίἰίιι</span> <span class='ocrx_word' id='word_1_669' title='bbox 1395 2690 1477 2762; x_wconf 58' lang='lat' dir='ltr'>iltlalst</span> <span class='ocrx_word' id='word_1_670' title='bbox 1486 2730 1536 2761; x_wconf 89' lang='lat' dir='ltr'>est</span> <span class='ocrx_word' id='word_1_671' title='bbox 1559 2728 1660 2762; x_wconf 91' lang='lat' dir='ltr'>animi</span> <span class='ocrx_word' id='word_1_672' title='bbox 1682 2727 1817 2762; x_wconf 82' lang='lat' dir='ltr'>affectio</span> <span class='ocrx_word' id='word_1_673' title='bbox 1844 2726 2070 2770; x_wconf 83' lang='lat' dir='ltr'>frugalitatem</span> <span class='ocrx_word' id='word_1_674' title='bbox 2092 2726 2126 2759; x_wconf 90' lang='lat' dir='ltr'>in</span> <span class='ocrx_word' id='word_1_675' title='bbox 2156 2726 2326 2760; x_wconf 88' lang='lat' dir='ltr'>laboribus</span> 
     </span>
    </p>
   </div>
   <div class='ocr_carea' id='block_1_18' title="bbox 1266 2788 2324 3432">
    <p class='ocr_par' dir='ltr' id='par_1_40' title="bbox 1269 2788 1856 2823">
     <span class='ocr_line' id='line_1_100' title="bbox 1269 2788 1856 2823; baseline -0.003 0"><span class='ocrx_word' id='word_1_676' title='bbox 1269 2790 1388 2823; x_wconf 88' lang='lat' dir='ltr'>virtuti</span> <span class='ocrx_word' id='word_1_677' title='bbox 1416 2788 1644 2823; x_wconf 87' lang='lat' dir='ltr'>consentaneis</span> <span class='ocrx_word' id='word_1_678' title='bbox 1667 2788 1856 2822; x_wconf 83' lang='lat' dir='ltr'>ostendens.</span> 
     </span>
    </p>

    <p class='ocr_par' dir='ltr' id='par_1_41' title="bbox 1269 2846 2324 2942">
     <span class='ocr_line' id='line_1_101' title="bbox 1310 2846 2324 2890; baseline -0.002 -9"><span class='ocrx_word' id='word_1_679' title='bbox 1310 2849 1474 2883; x_wconf 86' lang='lat' dir='ltr'>Patientia</span> <span class='ocrx_word' id='word_1_680' title='bbox 1493 2851 1544 2882; x_wconf 89' lang='lat' dir='ltr'>est</span> <span class='ocrx_word' id='word_1_681' title='bbox 1556 2847 1680 2882; x_wconf 90' lang='lat' dir='ltr'>doloris</span> <span class='ocrx_word' id='word_1_682' title='bbox 1700 2849 1760 2881; x_wconf 89' lang='lat' dir='ltr'>aut</span> <span class='ocrx_word' id='word_1_683' title='bbox 1784 2847 1937 2880; x_wconf 87' lang='lat' dir='ltr'>laborum</span> <span class='ocrx_word' id='word_1_684' title='bbox 1962 2848 2100 2890; x_wconf 89' lang='lat' dir='ltr'>propter</span> <span class='ocrx_word' id='word_1_685' title='bbox 2115 2846 2324 2880; x_wconf 87' lang='lat' dir='ltr'>honestatem</span> 
     </span>
     <span class='ocr_line' id='line_1_102' title="bbox 1269 2908 1433 2942; baseline 0 -1"><span class='ocrx_word' id='word_1_686' title='bbox 1269 2908 1433 2942; x_wconf 86' lang='lat' dir='ltr'>toleratio.</span> 
     </span>
    </p>

    <p class='ocr_par' dir='ltr' id='par_1_42' title="bbox 1268 2965 2322 3071">
     <span class='ocr_line' id='line_1_103' title="bbox 1309 2965 2322 3011; baseline -0.005 -9"><span class='ocrx_word' id='word_1_687' title='bbox 1309 2968 1552 3011; x_wconf 79' lang='lat' dir='ltr'>Magnifioentia</span> <span class='ocrx_word' id='word_1_688' title='bbox 1578 2970 1630 3002; x_wconf 88' lang='lat' dir='ltr'>est</span> <span class='ocrx_word' id='word_1_689' title='bbox 1658 2966 1759 3001; x_wconf 86' lang='lat' dir='ltr'>animi</span> <span class='ocrx_word' id='word_1_690' title='bbox 1781 2965 1933 3007; x_wconf 81' lang='lat' dir='ltr'>affectio,</span> <span class='ocrx_word' id='word_1_691' title='bbox 1957 2966 2085 3009; x_wconf 88' lang='lat' dir='ltr'>erigens</span> <span class='ocrx_word' id='word_1_692' title='bbox 2100 2965 2249 2998; x_wconf 89' lang='lat' dir='ltr'>homines</span> <span class='ocrx_word' id='word_1_693' title='bbox 2275 2965 2322 2997; x_wconf 90' lang='lat' dir='ltr'>ita</span> 
     </span>
     <span class='ocr_line' id='line_1_104' title="bbox 1268 3026 1882 3071; baseline -0.003 -10"><span class='ocrx_word' id='word_1_694' title='bbox 1268 3029 1431 3062; x_wconf 87' lang='lat' dir='ltr'>animatos</span> <span class='ocrx_word' id='word_1_695' title='bbox 1449 3030 1483 3062; x_wconf 86' lang='lat' dir='ltr'>et</span> <span class='ocrx_word' id='word_1_696' title='bbox 1509 3028 1646 3071; x_wconf 88' lang='lat' dir='ltr'>spiritus</span> <span class='ocrx_word' id='word_1_697' title='bbox 1667 3028 1709 3061; x_wconf 91' lang='lat' dir='ltr'>iis</span> <span class='ocrx_word' id='word_1_698' title='bbox 1727 3026 1882 3060; x_wconf 82' lang='lat' dir='ltr'>afferens.</span> 
     </span>
    </p>

    <p class='ocr_par' dir='ltr' id='par_1_43' title="bbox 1311 3084 2255 3130">
     <span class='ocr_line' id='line_1_105' title="bbox 1311 3084 2255 3130; baseline -0.005 -9"><span class='ocrx_word' id='word_1_699' title='bbox 1311 3088 1499 3122; x_wconf 89' lang='lat' dir='ltr'>Strenuitas</span> <span class='ocrx_word' id='word_1_700' title='bbox 1514 3090 1566 3121; x_wconf 89' lang='lat' dir='ltr'>est</span> <span class='ocrx_word' id='word_1_701' title='bbox 1586 3087 1650 3121; x_wconf 92' lang='lat' dir='ltr'>viri</span> <span class='ocrx_word' id='word_1_702' title='bbox 1669 3088 1779 3120; x_wconf 87' lang='lat' dir='ltr'>virtus</span> <span class='ocrx_word' id='word_1_703' title='bbox 1800 3086 1934 3130; x_wconf 91' lang='lat' dir='ltr'>publica</span> <span class='ocrx_word' id='word_1_704' title='bbox 1950 3086 2080 3127; x_wconf 86' lang='lat' dir='ltr'>negotia</span> <span class='ocrx_word' id='word_1_705' title='bbox 2104 3084 2255 3127; x_wconf 85' lang='lat' dir='ltr'>gerentis.</span> 
     </span>
    </p>

    <p class='ocr_par' dir='ltr' id='par_1_44' title="bbox 1266 3142 2321 3432">
     <span class='ocr_line' id='line_1_106' title="bbox 1308 3142 2319 3185; baseline -0.008 -4"><span class='ocrx_word' id='word_1_706' title='bbox 1308 3150 1371 3181; x_wconf 86' lang='lat' dir='ltr'>Est</span> <span class='ocrx_word' id='word_1_707' title='bbox 1401 3150 1514 3181; x_wconf 88' lang='lat' dir='ltr'>autem</span> <span class='ocrx_word' id='word_1_708' title='bbox 1544 3147 1608 3180; x_wconf 89' lang='lat' dir='ltr'>viri</span> <span class='ocrx_word' id='word_1_709' title='bbox 1643 3147 1771 3181; x_wconf 85' lang='lat' dir='ltr'>strenui</span> <span class='ocrx_word' id='word_1_710' title='bbox 1806 3146 1924 3179; x_wconf 91' lang='lat' dir='ltr'>mortis</span> <span class='ocrx_word' id='word_1_711' title='bbox 1955 3147 2047 3177; x_wconf 89' lang='lat' dir='ltr'>metu</span> <span class='ocrx_word' id='word_1_712' title='bbox 2091 3154 2153 3176; x_wconf 88' lang='lat' dir='ltr'>non</span> <span class='ocrx_word' id='word_1_713' title='bbox 2188 3142 2319 3185; x_wconf 70' lang='lat' dir='ltr'>percelli</span> 
     </span>
     <span class='ocr_line' id='line_1_107' title="bbox 1266 3204 2321 3252; baseline -0.007 -9"><span class='ocrx_word' id='word_1_714' title='bbox 1266 3211 1368 3252; x_wconf 86' lang='lat' dir='ltr'>atque</span> <span class='ocrx_word' id='word_1_715' title='bbox 1388 3209 1423 3242; x_wconf 92' lang='lat' dir='ltr'>in</span> <span class='ocrx_word' id='word_1_716' title='bbox 1448 3208 1695 3243; x_wconf 86' lang='lat' dir='ltr'>calamitatibus</span> <span class='ocrx_word' id='word_1_717' title='bbox 1721 3208 1868 3242; x_wconf 88' lang='lat' dir='ltr'>animose</span> <span class='ocrx_word' id='word_1_718' title='bbox 1893 3216 1927 3239; x_wconf 88' lang='lat' dir='ltr'>se</span> <span class='ocrx_word' id='word_1_719' title='bbox 1954 3214 2078 3248; x_wconf 87' lang='lat' dir='ltr'>gerere,</span> <span class='ocrx_word' id='word_1_720' title='bbox 2107 3205 2140 3238; x_wconf 84' lang='lat' dir='ltr'>et</span> <span class='ocrx_word' id='word_1_721' title='bbox 2162 3204 2321 3237; x_wconf 88' lang='lat' dir='ltr'>audacter</span> 
     </span>
     <span class='ocr_line' id='line_1_108' title="bbox 1267 3263 2316 3311; baseline -0.006 -9"><span class='ocrx_word' id='word_1_722' title='bbox 1267 3269 1414 3311; x_wconf 86' lang='lat' dir='ltr'>pericula</span> <span class='ocrx_word' id='word_1_723' title='bbox 1432 3272 1659 3309; x_wconf 85' lang='lat' dir='ltr'>contemnere,</span> <span class='ocrx_word' id='word_1_724' title='bbox 1678 3271 1711 3302; x_wconf 88' lang='lat' dir='ltr'>et</span> <span class='ocrx_word' id='word_1_725' title='bbox 1727 3268 1825 3301; x_wconf 86' lang='lat' dir='ltr'>malle</span> <span class='ocrx_word' id='word_1_726' title='bbox 1844 3266 2017 3309; x_wconf 88' lang='lat' dir='ltr'>pulchram</span> <span class='ocrx_word' id='word_1_727' title='bbox 2044 3266 2184 3297; x_wconf 88' lang='lat' dir='ltr'>mortem</span> <span class='ocrx_word' id='word_1_728' title='bbox 2207 3263 2316 3302; x_wconf 83' lang='lat' dir='ltr'>obire,</span> 
     </span>
     <span class='ocr_line' id='line_1_109' title="bbox 1266 3322 2320 3372; baseline -0.006 -10"><span class='ocrx_word' id='word_1_729' title='bbox 1266 3339 1368 3372; x_wconf 90' lang='lat' dir='ltr'>quam</span> <span class='ocrx_word' id='word_1_730' title='bbox 1388 3330 1532 3372; x_wconf 87' lang='lat' dir='ltr'>turpiter</span> <span class='ocrx_word' id='word_1_731' title='bbox 1550 3339 1568 3362; x_wconf 90' lang='lat' dir='ltr'>e</span> <span class='ocrx_word' id='word_1_732' title='bbox 1591 3329 1747 3363; x_wconf 90' lang='lat' dir='ltr'>manibus</span> <span class='ocrx_word' id='word_1_733' title='bbox 1763 3327 1912 3361; x_wconf 80' lang='lat' dir='ltr'>hostium</span> <span class='ocrx_word' id='word_1_734' title='bbox 1925 3324 2078 3365; x_wconf 81' lang='lat' dir='ltr'>evadere,</span> <span class='ocrx_word' id='word_1_735' title='bbox 2093 3326 2126 3357; x_wconf 91' lang='lat' dir='ltr'>et</span> <span class='ocrx_word' id='word_1_736' title='bbox 2146 3322 2320 3356; x_wconf 85' lang='lat' dir='ltr'>victoriam</span> 
     </span>
     <span class='ocr_line' id='line_1_110' title="bbox 1267 3389 1562 3432; baseline 0 -10"><span class='ocrx_word' id='word_1_737' title='bbox 1267 3398 1397 3432; x_wconf 88' lang='lat' dir='ltr'>semper</span> <span class='ocrx_word' id='word_1_738' title='bbox 1410 3389 1562 3432; x_wconf 87' lang='lat' dir='ltr'>adipisci.</span> 
     </span>
    </p>
   </div>
  </div>
 </body>
</html>
