2508 3776
606 246 911 288 ETFHGORUM
939 241 1390 288 NICOMAGHEORUM
1421 241 1797 282 PARAPHRASIS.

51 315 81 360 ζ
111 335 270 392 'W
295 334 429 388 νομίζει
459 335 505 375 τὰ
524 335 617 376 καλὰ
642 335 743 375 ’tal‘
721 351 866 411 ακαρπα
895 337 963 374 τῶν
984 332 1171 388 καρπίμων

88 387 206 443 ‘⁴⁴53'
223 395 447 450 ὦφολίμων,
483 394 526 435 ἃν
547 397 596 446 μὴ
627 389 768 435 καλὰ
743 411 843 435 ωσιν.
867 393 1028 446 εΟμοίως
1060 391 1119 431 ἐπί
1141 406 1179 430 τε

67 446 348 513 ,mmai-rom
369 455 431 494 καὶ
445 455 616 508 δένδρων,
638 455 699 494 καὶ
713 456 868 495 οἰκετων·
890 455 928 492 οὗ
947 453 1017 508 γὰρ
1033 466 1179 506 χρημα-

26 526 126 559 ’γ’
112 546 120 555 ,
185 541 187 544 ·
226 531 261 561 ς
279 515 371 555 ἀλλὰ
390 514 471 560 τους
490 515 618 559 καλοὺς
644 514 706 554 καὶ
731 513 882 567 ἀγαθοὺς
910 512 1082 561 κτήσεται
1111 526 1179 550 των

117 549 298 614 ’Ἦιιατῶᾛ
321 573 397 615 Καὶ
427 574 564 623 κίνησις
594 573 631 613 δὲ
657 578 718 613 τοῦ
746 574 999 626 μεγαλοψύχου
1036 572 1181 625 βραδεῖα

64 628 131 687 :ff
139 633 234 675 δοκεῖ
256 625 367 684 εἶναι,
383 633 445 674 καὶ
463 637 487 682 ἡ
505 633 603 687 φωνὴ
625 634 772 686 βαρεῖα,
791 632 854 671 καὶ
881 631 971 677 λέξις
991 632 1179 682 στάσιμος·

67 691 87 722 .·]
137 690 178 731 οὗ
196 691 266 746 γὰρ
279 691 427 732 δυνατον
440 691 602 731 σπεύδειν
621 692 680 730 τὸν
696 690 778 743 περὶ
796 690 925 742 ὀλίγων
942 690 1180 743 φροντίζοντα·

75 799 77 801 ‚
139 750 255 802 (ὀλίγα
285 750 356 804 γὰρ
374 751 473 804 αὐτῷ
507 749 531 789 ἃ
563 749 803 801 θαυμάζουσιν
837 751 868 787 οἳ
900 749 1038 788 πολλοί·
1053 751 1066 800 )
1102 747 1181 787 οὐδὲ

43 823 72 861 ’,ᾗ
139 808 303 849 σύντονον
332 802 423 848 εἶναι
455 808 515 847 τὸν
544 806 642 847 οὐδὲν
680 823 724 857 με
715 808 771 858 ’γα
795 807 965 858 οἰόμενον·
994 806 1184 846 σπεύδουσι

66 883 70 922 s
99 867 102 873 ’
137 866 208 920 γὺρ
226 867 291 908 καὶ
308 857 515 922 ὀξυφωνουσῑ
521 882 538 904 ν
572 868 604 906 οἱ
629 866 713 920 περί
733 882 766 905 τι
788 847 922 920 σφόδρα
949 866 1182 927 ἐπτοημένοι,

62 963 79 985 ¹,
98 934 113 947 ‘¹
137 925 201 967 καὶ
217 925 355 971 πολλὴν
374 926 481 966 αὐτοῦ
499 925 702 978 ποιούμενοι
731 926 912 979 φροντίδα.

970 925 1016 965 Ὁ
1035 925 1097 976 μὲν
1121 927 1180 963 οὖν

138 985 379 1040 μγιλόῳχος
398 999 569 1029 τοιουτος.

125 1052 129 1056 ’
228 1045 276 1085 Ὅ
293 1047 331 1086 δὲ.
357 1045 526 1084 ἰλλείπων
540 1073 552 1095 ,
577 1044 811 1096 μικρόψυχος,
834 1045 851 1082 ὅ
868 1043 904 1082 δὲ
926 1042 1181 1096 ὓπερὸἄλλων’

7 1147 10 1149 .
134 1106 280 1159 Χῑΰνος·
298 1105 363 1144 οὔκ
394 1103 463 1143 εἰσὶ
483 1103 520 1142 δὲ
550 1102 628 1142 οὐδὲ
662 1098 756 1142 οὗτοι
787 1103 900 1142 κακοί·
933 1104 971 1141 οὖ
991 1102 1059 1155 γὰρ
1077 1116 1184 1140 '‘⁰⁰²²''

138 1163 234 1204 ποιοί
253 1165 356 1212 εἰσιν,
384 1162 480 1201 ἀλλὰ
501 1164 607 1214 μόνον
627 1161 896 1215 ἡμαρτημέναι,
918 1161 996 1200 καθ’
1017 1161 1098 1200 ὅσον
1119 1163 1181 1199 τοῦ

141 1221 278 1268 δέοντος
295 1221 506 1262 ἐκπίπτουσι
528 1221 590 1261 καὶ
605 1237 668 1260 του
689 1222 815 1273 μέσου.

191 1282 228 1302 **
239 1281 287 1323 ‘0
302 1281 368 1334 μὲν
385 1281 453 1335 γὰρ
465 1283 679 1335 μικρόψυχος
690 1310 701 1328 ,
718 1281 810 1327 ἄξιος
829 1281 876 1319 ὢν
893 1281 1049 1333 ἀγαθων,
1061 1280 1180 1332 ἀγνοεῖ

139 1339 277 1389 ἔαυτόν,
311 1340 374 1380 καὶ
395 1341 585 1394 ἀποστερεῖ
614 1339 739 1379 ἑαυτὸν
771 1334 820 1379 ων
849 1340 942 1378 ἐστιν
974 1338 1083 1384 ἄξιος.
1110 1337 1185 1378 Καὶ

139 1404 244 1442 τοῦτο
261 1399 301 1440 τὸ
318 1399 424 1454 μέρος
442 1399 550 1445 κακός
566 1401 660 1439 ἐστιν
680 1401 813 1475 ἑαυτῷ,
835 1398 884 1449 μὴ
910 1401 946 1437 εὖ
965 1400 1077 1437 ποιῶν
1095 1399 1183 1437 ἑαυ-

138 1460 214 1512 τόν,
233 1460 292 1500 δια
313 1460 354 1500 τὸ
373 1463 510 1513 ἀγνοεῖν
529 1459 575 1499 τὰ
588 1463 683 1514 αὐτῷ
698 1459 936 1514 προσήκοντα·
961 1461 995 1498 εἷ·
1009 1459 1078 1512 γὰρ
1093 1459 1186 1513 ᾔδει,

140 1491 293 1574 &pi-{tto
311 1519 368 1568 ἄν,
387 1518 568 1573 ἀγαθων”
547 1535 669 1558 οντων·
690 1521 709 1557 ὁ
731 1522 886 1563 τοιοῦτος
906 1517 942 1556 δὲ
960 1518 1092 1565 ἠλίθιος
1120 1518 1183 1568 μὲν

141 1580 205 1619 οὐκ
223 1577 267 1619 ἃν
287 1578 449 1632 λέγοιτο,
481 1578 574 1618 ἀλλὰ
595 1580 731 1629 μᾶλλον
764 1577 909 1631 νωθρός.
936 1579 990 1617 Οὐ
1011 1577 1118 1627 μόνον
1148 1578 1185 1616 δὲ

138 1641 247 1678 τοῦτο
271 1637 314 1677 τὸ
331 1640 436 1691 μέρος
461 1638 481 1675 ὁ
501 1636 718 1691 μικρόψυχος
738 1636 861 1676 ἑαυτὸν
885 1636 1064 1688 βλάπτει,
1092 1635 1186 1675 ἀλλὰ

34 1686 89 1730 Ϊῖ
139 1695 202 1738 καὶ
221 1696 339 1750 ἕτερον
360 1695 507 1750 τρόπον·
522 1696 586 1735 καὶ
604 1695 672 1749 γὰρ
690 1695 748 1735 διὰ
767 1696 808 1735 τὲ
828 1697 964 1748 ἀγνοεῖν
985 1695 1108 1735 ἑαυτὸν
1126 1695 1186 1734 καὶ

137 1756 267 1812 χόριον
296 1756 434 1809 γίνεται
462 1755 542 1800 τους
565 1757 728 1809 τρόπους·
763 1759 833 1795 τῶν
858 1754 928 1809 γὰρ
959 1757 1101 1806 ἀγαθῶν
1123 1755 1183 1794 καὶ

32 1806 35 1813 ¹
64 1821 78 1830 “
138 1815 309 1874 γινγαίων
338 1815 500 1869 πράξεων
534 1815 595 1855 καὶ
626 1831 696 1854 των
737 1816 857 1854 καλῶν
895 1815 1184 1867 ἐπιτηδευμάτων

144 1875 363 1930 ἀφίσταται,
384 1877 432 1920 ὣς
452 1874 588 1920 ἀνάξιος
612 1873 662 1912 ὢν
684 1875 813 1913 αὐτῶν·
835 1874 963 1948 ὁμοίως
980 1873 1017 1912 δὲ
1037 1875 1098 1913 καὶ
1115 1891 1184 1914 των

105 1936 113 1943 ’
141 1934 241 1982 btv&
253 1937 396 1988 ἀγαθῶν
415 1933 604 1988 ἀπέχεται,
625 1934 814 1986 νομίζων
801 1933 889 1986 υπὲρ
912 1932 975 1981 τὴν
995 1934 1094 1979 ἀξίαν
1117 1937 1184 1973 αὖ-

107 2014 110 2019 ·
138 1998 203 2042 τοῦ
220 1998 334 2038 ταῦτα
353 1987 455 2035 εἶναι.

194 2052 250 2074 ***
267 2054 316 2095 ’θ
335 2053 373 2094 δὲ
392 2067 542 2108 χαυνος,
572 2052 634 2091 καὶ
650 2051 800 2101 ἠλίθιος,
821 2051 881 2091 καὶ
910 2053 1032 2092 ἑαυτὸν
1052 2055 1186 2105 ἀγνοων

125 2114 313 2169 ἰἰὀῖςὶνπὶρ
325 2112 389 2166 τῂν
400 2111 499 2158 ἀξίαν
511 2113 695 2165 ἐπιχειρεῖ.
712 2112 833 2165 Ἀρετῇ
853 2112 914 2162 μὲν
935 2114 998 2151 οὐκ
1017 2111 1107 2165 ἔχων
1129 2129 1188 2152 κο-

143 2176 326 2226 σμεῖοθαι,
346 2171 584 2223 κοσμούμενος
597 2172 634 2210 δὲ
653 2173 773 2219 ἐσθητι
789 2172 849 2211 καὶ
863 2171 1024 2234 σχηματι
1035 2188 1095 2210 και
1112 2178 1186 2217 τοῖς

144 2233 263 2278 ἄλλοις
277 2236 350 2276 τοῖς
367 2230 546 2275 τοιούτοις·
568 2231 628 2269 καὶ
648 2230 775 2282 σεμνός
793 2245 846 2274 τις
865 2224 954 2268 εἶναι
975 2231 1031 2268 διὰ
1054 2231 1188 2270 τούτων

142 2290 295 2345 νομίζων
307 2322 319 2342 ,
339 2290 487 2343 ιῦτυχής
505 2305 557 2334 τις
576 2289 687 2328 ἐθέλει
704 2291 830 2329 δοκεῖν·
845 2289 907 2328 καὶ
926 2295 1094 2342 πειρᾶται
1116 2306 1190 2343 φα-

142 2350 230 2405 νερὰ
246 2355 360 2390 ποιεῖν
378 2349 435 2389 ἀεὶ
452 2348 499 2388 τὰ
519 2349 751 2402 εὐτυχήματα
771 2351 916 2397 ἑαυτοῦ,
942 2349 1003 2387 καὶ
1028 2364 1108 2402 περι
1125 2351 1190 2388 αὐ-

142 2411 215 2451 τῢθ
229 2410 286 2450 ἀεὶ
303 2408 416 2462 λέγει,
436 2411 483 2453 ὡς
502 2409 561 2448 διὰ
576 2408 709 2447 τούτων
724 2407 1015 2459 τιμηθησόμενος.

195 2468 270 2490 *⁸³*
289 2468 512 2524 Ἀμφοτέρων
534 2467 571 2507 δὲ
593 2468 841 2520 ἀντικειμένων
861 2471 904 2521 τῇ
929 2468 1189 2521 μεγαλοψυχία,

144 2531 209 2578 τῆς
220 2543 259 2569 το
275 2527 513 2582 μικροψυχίας
528 2527 588 2567 καὶ
606 2531 670 2575 τῆς
681 2527 895 2580 χαυνότητος
906 2557 916 2575 ,
934 2531 966 2574 ἡ
973 2527 1191 2580 μικροψυχία

146 2590 283 2641 μΞλλον
315 2588 533 2637 ἀντίκειται,
554 2586 608 2626 ὅτι
634 2589 774 2638 μᾶλλον
802 2587 958 2640 γίνεται,
979 2587 1038 2625 καὶ
1071 2587 1189 2639 χεῖρόν

147 2649 224 2688 ἔστι
251 2647 378 2688 κακόν·
400 2663 461 2688 του
483 2617 553 2699 γάρ
581 2646 723 2700 ἔχοντος
753 2646 793 2685 τὸ
825 2650 908 2694 ἦθος
945 2651 1066 2700 χεῖρον
1097 2652 1191 2685 ποιεῖ

24 2684 53 2751 j3⁴
111 2730 130 2756 2·
145 2705 219 2750 καὶ
226 2706 290 2755 τὴν
309 2705 435 2760 ἀρετὴν
457 2706 617 2756 ἐλαττοῖ,
641 2706 757 2749 καθὼς
786 2708 937 2758 εἴρηται·
958 2710 980 2753 ἡ
1001 2704 1037 2743 δὲ
1058 2705 1191 2757 χαυνό-

146 2776 211 2814 της
229 2767 364 2820 φαῦλον
395 2765 461 2818 μέν
495 2767 570 2805 ἐστι
601 2765 650 2804 δι’
671 2764 825 2812 ἑαυτήν,
849 2765 908 2803 τὸν
929 2765 1004 2804 δὲ’
986 2780 1119 2817 εχοντα
1153 2768 1191 2804 οὐ

39 2826 57 2872 ſs
147 2824 351 2865 mutam&
362 2824 408 2864 τὰ
428 2825 520 2864 ἄλλα
539 2823 765 2877 φαυλότερον·
784 2823 881 2862 οὐδὲν
895 2824 963 2876 γὰρ
978 2825 1123 2876 ἀγαθόν,
1144 2820 1192 2864 ὧν

95 2928 97 2931 ,
146 2883 254 2939 ἔχει,
277 2887 440 2938 ὁχαῧνος
462 2885 637 2922 ἀπόλλυσι
667 2884 726 2922 διὰ
751 2883 816 2931 τὴν
847 2883 1076 2935 χαυνότητα,
1100 2886 1193 2925 ἀλλὰ

95 2984 112 2999 ·‚
149 2945 285 2996 μῑλλον
302 2943 412 2983 ἰνίοτε
429 2943 488 2983 διὰ
504 2948 610 2983 τοῦτο
629 2943 691 2983 καὶ
707 2945 828 2987 καλοῖς
842 2943 902 2982 καὶ
921 2944 1064 2994 ἀγαθοῖς
1082 2944 1193 2997 ἔργοις

39 3000 58 3013 ”
94 3041 98 3045 2
149 3003 333 3058 ἕπιχειρεῖ,
353 3002 447 3049 ἄξιον
468 3002 590 3041 ἑαυτὸν
612 3002 802 3054 ἡγούμενος
820 3003 889 3041 τῶν
910 3002 1088 3043 τοιούτων.
1107 3003 1192 3044 Ἔτι

31 3078 56 3113 ,n
107 3088 109 3090 -
149 3061 187 3101 &t
199 3065 222 3110 ἡ
242 3061 305 3114 μὲν
325 3063 500 3115 χαυνότης
515 3062 579 3100 οὔκ
593 3062 648 3100 ἀεὶ
661 3061 769 3107 αὔξει·
790 3062 859 3101 ἀπὸ
877 3061 944 3113 γὰρ
956 3065 1018 3109 τῆς
1035 3063 1158 3115 πείρας
1175 3067 1193 3102 ὃ

39 3128 50 3181 (³
100 3151 101 3154 ,
151 3124 282 3175 χαῦνος
295 3121 504 3175 ἐπιγνώμων
518 3123 643 3161 ἑαυτοῦ
662 3122 811 3173 γίνεται·
828 3121 872 3168 ἣν
889 3121 957 3172 γὰρ
973 3124 1070 3168 ζητεῖ
1084 3123 1192 3174 τιμὴν

44 3191 47 3198 '
106 3198 126 3241 ’ἦ
149 3179 395 3232 οὖλαμὸάνων
410 3183 456 3225 ὣς
475 3180 535 3220 ἐπὶ
548 3180 588 3219 τὸ
608 3183 790 3231 πλεῖστον,
803 3181 1038 3232 ἀναγκάζεται
1057 3197 1191 3235 σωφρο·

150 3243 236 3280 υῖν.
260 3239 334 3279 Καὶ
355 3239 413 3279 διὰ
432 3245 535 3280 τοῦτο
554 3242 576 3287 ἡ
595 3241 772 3293 χαυνότης
801 3240 1070 3279 εὖαπάλλακτόν
1092 3243 1167 3280 ἐστι
1180 3272 1190 3290 ,

153 3297 215 3337 καὶ
232 3298 271 3338 οὗ
290 3297 436 3339 δύναται
451 3299 681 3353 παραμένειν·
703 3303 725 3347 ἡ
744 3299 780 3338 δὲ
798 3300 1018 3353 μικροψυχία
1032 3300 1086 3339 ἀεὶ
1105 3315 1194 3353 προ-

2203 239 2279 278 387

1239 337 1309 370 tam
1329 337 1457 379 abjecto
1480 337 1589 370 animo
1611 346 1682 370 esse
1699 335 1827 379 possit?
1850 335 1987 377 Semper
2008 334 2120 367 autem
2140 332 2176 366 id
2192 333 2284 374 quod

1240 392 1419 425 honestum
1436 393 1487 424 est
1502 391 1596 424 lucro
1622 392 1822 433 anteponens
1847 388 1985 422 meliora
2009 386 2128 420 statuit
2146 386 2284 419 honesta

1241 446 1274 478 et
1294 443 1500 478 infructuosa
1524 443 1706 477 fructuosis
1722 445 1755 476 et
1777 442 1936 480 utilibus,
1953 441 1983 473 si
2005 440 2179 486 inhonesta
2205 438 2283 472 sint.

1241 497 1366 530 Eadem
1385 497 1485 530 etiam
1504 506 1624 538 opum,
1656 496 1812 529 arborum
1838 496 1872 527 et
1891 502 2066 526 servorum
2089 492 2176 525 ratio
2204 492 2255 524 est
2274 499 2284 518 τ

1242 558 1349 591 neque
1370 549 1458 581 enim
1473 548 1662 590 lucripetas‚
1683 547 1741 580 sed
1752 547 1909 580 honestos
1925 547 1959 579 et
1972 545 2075 578 bonos
2091 552 2205 578 servos
2222 542 2286 576 sibi

1242 603 1456 645 comparabit.
1489 601 1554 636 Sed
1576 604 1609 636 et
1636 604 1748 635 motus
1772 600 1916 634 hominis
1943 598 2143 642 magnanimi
2171 596 2288 630 tardus

1243 655 1376 688 videtur
1388 663 1478 696 esse,
1495 656 1529 687 et
1544 663 1610 687 vox
1627 654 1747 696 gravis,
1763 655 1797 686 et
1814 652 1914 686 dictio
1929 651 2044 685 sedata
2061 664 2068 684 =
2083 659 2190 693 neque
2204 649 2292 682 enim

1243 708 1315 742 fieri
1333 710 1458 750 potest,
1486 709 1525 740 ut
1547 707 1682 740 festinet
1695 733 1702 745 ,
1727 706 1786 749 qui
1815 714 1920 748 pauca
1947 706 2069 738 curat:
2095 704 2189 745 (nam
2214 711 2291 745 quae

1244 762 1364 804 vulgus
1386 762 1582 799 admiratur,
1605 760 1663 794 ille
1684 760 1771 793 levia
1793 769 1832 792 ac
1852 759 1966 792 tenuia
1978 758 2108 801 Judicat
2132 759 2290 799 :)neque

1243 818 1283 848 ut
1295 824 1492 857 magnopere
1507 813 1685 847 contendat
1709 813 1770 856 qui
1798 812 2052 853 nihilmagnum
2067 820 2139 844 esse
2158 810 2264 843 credit
2281 820 2289 839 :

1245 871 1367 913 quippe
1402 869 1559 902 festinant
1592 871 1625 902 et
1650 868 1840 901 volubiliter
1877 868 2079 910 loquuntur,
2108 866 2168 910 qui
2190 866 2293 898 vehe-

1245 926 1374 958 menter
1402 925 1614 964 admirantur·
1628 923 1771 966 aliquid,
1805 933 1845 957 ac
1874 924 2022 957 studiose
2053 922 2294 965 diligenterque

1244 982 1372 1013 curant.
1386 979 1475 1013 Talis
1487 988 1564 1021 ergo
1586 981 1637 1012 est
1655 978 1894 1020 magnanimus.

1286 1041 1352 1078 Qui
1378 1041 1492 1072 autem
1517 1038 1655 1071 modum
1685 1037 1830 1076 deserit,
1858 1039 1887 1070 is
1913 1037 2033 1070 humili
2060 1037 2295 1078 imbecilloque

1244 1087 1354 1120 animo
1372 1087 1515 1126 dicitur3
1535 1085 1595 1127 qui
1616 1084 1766 1122 excedit,
1786 1084 1894 1117 elatus
1912 1094 1951 1116 ac
1970 1085 2153 1126 superbus;
2175 1092 2295 1126 quam-

1244 1135 1297 1167 vis
1309 1143 1369 1167 neo
1385 1134 1442 1166 isti
1453 1132 1533 1166 mali
1554 1133 1639 1173 sint;
1659 1131 1743 1164 nihil
1767 1131 1855 1164 enim
1872 1130 2026 1164 maleficii
2038 1131 2072 1163 in
2090 1138 2295 1172 quemquam

1245 1181 1448 1219 admittunt,
1480 1180 1539 1213 sed
1562 1181 1695 1212 tantum
1722 1180 1851 1216 errant,
1886 1180 2052 1220 quatenus
2068 1176 2224 1210 videlicet
2252 1176 2294 1208 ab

1245 1227 1354 1261 officio
1369 1230 1470 1270 atque
1493 1236 1512 1259 a
1531 1225 1761 1259 mediocritate
1780 1224 1966 1258 discedunt.

1286 1290 1371 1321 Nam
1390 1287 1450 1330 qui
1478 1285 1599 1319 humili
1627 1284 1861 1327 imbecilloque
1880 1283 1990 1316 animo
2021 1283 2088 1321 est,
2119 1290 2226 1325 quum
2252 1281 2296 1314 sit

1246 1345 1340 1378 bonis
1354 1344 1474 1387 dignus
1486 1370 1493 1383 ,
1513 1344 1583 1385 ipse
1596 1352 1631 1376 se
1654 1351 1719 1375 non
1733 1342 1842 1380 novit,
1861 1350 1901 1375 ao
1918 1342 2094 1384 propterea
2111 1340 2206 1373 bonis
2219 1348 2296 1382 quae

1245 1406 1392 1437 meretur
1408 1413 1443 1436 se
1459 1403 1580 1446 privat.
1598 1404 1709 1445 Atque
1723 1401 1848 1434 idcirco
1867 1400 1930 1433 sibi
1951 1399 2016 1442 ipsi
2035 1399 2219 1432 malevolus
2231 1400 2294 1437 est,
2347 1408 2352 1412 *

1246 1464 1324 1507 quia
1338 1464 1422 1497 bene
1436 1462 1499 1496 sibi
1514 1472 1580 1495 non
1593 1461 1674 1494 facit
1684 1487 1692 1500 ,
1708 1460 1800 1503 quod
1815 1460 1959 1502 ignoret,
1983 1467 2060 1501 quae
2079 1458 2142 1491 sibi
2158 1457 2298 1490 debean·

1245 1527 1303 1556 tur
1326 1533 1334 1553 :
1351 1523 1510 1556 nimirum
1523 1522 1551 1555 si
1566 1521 1723 1559 novisset,
1742 1520 1914 1562 expeteret
1926 1527 2072 1561 quoque,
2088 1526 2195 1559 quum
2211 1517 2296 1550 bona

1246 1584 1313 1617 sint
1330 1590 1460 1625 :neque
1476 1583 1588 1615 tamen
1601 1580 1742 1614 stolidus
1757 1580 1847 1612 recte
1863 1578 1993 1611 dicetur
2009 1577 2171 1619 ejusmodi
2183 1577 2294 1615 homo,

1246 1644 1305 1677 sed
1322 1643 1434 1685 potius
1450 1641 1541 1684 piger
1557 1643 1590 1674 et
1606 1640 1723 1682 segnis.
1739 1641 1854 1680 Neque
1881 1646 1960 1670 vero
1979 1637 2042 1669 hoc
2056 1638 2187 1668 tantum
2199 1635 2298 1668 modo

1246 1705 1342 1736 nocet
1365 1702 1429 1735 sibi
1454 1701 1485 1734 is
1510 1701 1570 1744 qui
1598 1699 1719 1733 humili
1751 1697 1985 1740 imbecilloque
2011 1696 2121 1728 animo
2140 1697 2212 1734 est,
2238 1694 2298 1727 sed

1247 1758 1348 1791 etiam
1363 1757 1428 1790 alio
1449 1767 1455 1788 :
1478 1757 1601 1789 etenim
1620 1755 1778 1798 quoniam
1792 1763 1828 1788 se
1845 1754 1915 1796 ipse
1928 1754 2068 1796 ignorat,
2087 1760 2197 1784 mores
2212 1759 2298 1794 quo-

1246 1826 1312 1859 que
1325 1815 1397 1858 ejus
1412 1814 1516 1856 magis
1531 1813 1703 1855 magisque
1718 1812 1877 1845 labuntur
1897 1823 1906 1843 ι
1925 1820 1946 1843 a
1960 1809 2060 1842 rectis
2077 1808 2165 1842 enim
2176 1810 2209 1840 et
2234 1807 2298 1840 ho-

1247 1871 1351 1904 nestis
1379 1870 1563 1903 actionibus
1586 1869 1747 1911 bonisque
1774 1866 1939 1900 institutis
1967 1866 2117 1904 desistit,
2140 1867 2299 1906 tanquam

1246 1929 1399 1972 indignus
1417 1928 1460 1961 sit
1482 1927 1567 1966 illis,
1594 1925 1876 1969 quemadmodum
1901 1925 1936 1957 et
1961 1924 2002 1956 ab
2031 1921 2179 1956 externis
2204 1920 2300 1954 bonis

1247 1995 1283 2019 se
1302 1984 1464 2023 abstinet,
1484 1992 1523 2016 ea
1545 1991 1645 2025 supra
1667 1982 1863 2024 dignitatem
1881 1990 1976 2013 suam
1994 1989 2066 2013 esse
2083 1982 2188 2013 ratus.

1290 2046 1332 2077 At
1357 2052 1436 2077 vero
1458 2042 1620 2085 superbus
1634 2043 1668 2074 et
1686 2041 1828 2074 stolidus
1848 2040 1954 2082 etqui
1969 2049 2004 2073 se
2022 2039 2132 2082 ipsum
2156 2039 2297 2081 ignorat,

1248 2105 1288 2130 ea
1311 2096 1516 2139 aggreditur,
1543 2103 1620 2136 quae
1641 2091 1835 2136 dignitatem
1869 2102 1964 2125 suam
1994 2091 2170 2126 excedunt.
2231 2093 2297 2130 Qui

1248 2159 1354 2192 quum
1372 2148 1498 2181 virtute
1516 2146 1627 2179 ornari
1651 2155 1717 2179 non
1743 2145 1867 2188 possit,
1883 2146 1975 2177 veste
1993 2146 2106 2176 contra
2124 2146 2158 2176 et
2183 2144 2300 2176 habitu

1250 2204 1283 2235 et
1303 2200 1529 2234 consimilibus
1561 2199 1636 2232 aliis
1659 2207 1695 2231 se
1714 2201 1870 2235 exornat,
1898 2206 2071 2239 quumque
2093 2198 2134 2230 iis
2160 2197 2301 2231 decorus

1250 2254 1311 2287 sibi
1331 2253 1494 2292 videatur,
1519 2251 1682 2285 fortunati
1707 2250 1850 2293 speciem
1876 2250 2023 2291 praebere
2047 2250 2132 2289 vult,
2154 2259 2300 2292 suasque

1251 2317 1304 2341 res
1321 2306 1483 2340 secundas
1502 2314 1631 2347 semper
1657 2304 1692 2336 in
1711 2303 1884 2336 hominum
1909 2303 2061 2335 notitiam
2083 2302 2229 2344 perferre
2250 2312 2302 2335 co-

1251 2361 1360 2396 natur,
1377 2367 1416 2391 ac
1434 2357 1476 2390 de
1490 2357 1532 2390 iis
1549 2356 1699 2399 loquitur
1719 2358 1890 2399 perpetuo,
1908 2355 2005 2397 quasi
2016 2364 2059 2388 ex
2073 2355 2127 2388 his
2142 2356 2300 2389 honorem

1251 2413 1500 2446 consecuturus.

1292 2473 1404 2509 Quum
1423 2471 1537 2503 autem
1567 2470 1713 2512 utraque
1740 2467 1840 2501 animi
1864 2467 2082 2510 magnitudini
2104 2470 2138 2501 et
2166 2468 2301 2502 humili-

1251 2534 1304 2565 tas
1318 2533 1353 2565 et
1368 2530 1522 2573 superbia
1546 2529 1753 2567 adversetur,
1783 2528 1956 2561 humiIItas
1973 2529 2078 2571 magis
2105 2529 2302 2562 adversatur

1253 2601 1358 2634 quam
1372 2590 1544 2634 superbia,
1565 2591 1640 2622 tum
1663 2589 1743 2631 quia
1761 2590 1812 2622 est
1824 2589 1982 2627 crebrior,
2007 2590 2079 2621 tum
2101 2589 2181 2631 quia
2195 2589 2303 2630 majus

1252 2654 1303 2686 est
1319 2651 1468 2685 malum:
1487 2650 1559 2693 ejus
1577 2650 1782 2693 enimquem
1803 2652 1906 2689 tenet,
1932 2651 1967 2683 et
1982 2659 2091 2682 mores
2106 2651 2299 2692 corrumpit,

1253 2715 1287 2746 et
1317 2712 1498 2751 virtutem,
1522 2712 1562 2744 ut
1591 2710 1718 2744 dietum
1747 2712 1816 2750 est,
1837 2710 1959 2743 minuit
1982 2722 1990 2742 ι
2019 2711 2173 2752 superbia
2191 2713 2303 2743 autem

1254 2783 1312 2817 per
1327 2783 1362 2807 se
1378 2771 1514 2815 quidem
1534 2771 1622 2804 mala
1634 2772 1686 2804 est
1698 2797 1706 2810 ,
1726 2780 1803 2804 eum
1822 2780 1902 2804 vero
1916 2780 2017 2813 quem
2038 2772 2138 2808 tenet,
2157 2770 2303 2803 deterio-

1253 2843 1324 2866 rem
1344 2833 1379 2866 in
1398 2831 1536 2874 reliquis
1553 2840 1618 2864 non
1634 2830 1735 2863 efficit
1754 2841 1762 2860 :
1786 2830 1915 2863 nullum
1941 2830 2029 2863 enim
2050 2830 2191 2868 bonum,
2212 2829 2303 2872 quod

1253 2892 1400 2936 possidet
1419 2891 1593 2934 superbus,
1614 2890 1767 2933 superbia
1784 2889 2018 2932 corrumpitur,
2044 2889 2102 2922 sed
2127 2889 2239 2932 potius
2250 2888 2304 2922 in-

1254 2952 1387 2986 terdum
1419 2950 1578 2994 praeolara
1605 2949 1730 2983 idcirco
1760 2951 1794 2983 et
1813 2950 1952 2982 honesta
1978 2958 2077 2992 opera
2100 2949 2299 2992 aggreditur,

1253 3012 1333 3054 quia
1348 3020 1384 3044 se
1403 3009 1542 3052 dignum
1561 3008 1604 3041 iis
1622 3008 1804 3042 existimat.
1826 3010 1929 3041 Porro
1951 3017 2018 3041 non
2040 3017 2170 3050 semper
2184 3008 2303 3040 crescit

1254 3070 1408 3114 superbia
1425 3082 1434 3102 ι
1456 3068 1658 3111 experientia
1673 3069 1761 3102 enim
1776 3068 1829 3101 sui
1854 3067 2071 3110 cognitionem
2089 3068 2302 3110 consequitur

1255 3128 1419 3172 superbus
1437 3140 1446 3161 z
1461 3136 1567 3171 quum
1579 3127 1667 3160 enim
1682 3127 1878 3170 plerumque
1898 3136 1964 3159 non
1986 3126 2130 3159 afficitur
2144 3137 2182 3159 eo
2202 3136 2302 3169 quem

1254 3188 1338 3231 petit
1356 3188 1500 3226 honore,
1521 3186 1672 3220 modeste
1689 3196 1724 3220 se
1746 3196 1859 3229 gerere
1873 3187 2011 3228 cogitur.
2026 3188 2136 3224 Quare
2149 3185 2302 3227 superbia

1256 3247 1352 3281 facile
1368 3246 1561 3289 deponitur,
1581 3256 1688 3289 neque
1710 3248 1819 3288 potest
1838 3254 2029 3288 permanere
2049 3254 2057 3274 ε
2080 3247 2113 3277 at
2130 3245 2302 3277 humilitus

1256 3314 1386 3349 semper
1407 3305 1567 3348 procedit.
1609 3307 1693 3339 Nam
1715 3307 1852 3343 natura,
1885 3307 1921 3337 ut
1940 3304 2068 3337 dictum
2090 3306 2158 3345 est,
2179 3303 2300 3346 depra-

157 3418 219 3488 ”2
235 3419 276 3455 Ὃ
295 3421 332 3455 δὶ
355 3423 508 3457 ἐλλείπων
535 3425 750 3468 μικρόψυχος,
786 3426 803 3456 ὁ
828 3425 855 3457 δ
877 3425 1084 3467 ὑπερὸάλλων
1122 3429 1240 3468 χαῦνος
1259 3427 1327 3458 κτλ.
1352 3442 1391 3448 -
1412 3426 1451 3445 ⁴²*
1476 3423 1516 3458 Ὀ
1537 3426 1594 3467 μὲν
1610 3426 1672 3468 γὰρ
1685 3425 1882 3468 μικρόψυχος
1892 3448 1901 3463 ‚
1923 3425 2008 3461 ἄξιος
2019 3425 2066 3456 ὢν
2086 3423 2213 3464 ἀγαθῶν
2227 3423 2297 3454 κτλ.

239 3470 281 3502 0!
297 3469 334 3503 δὲ
349 3474 465 3514 χαῦνοι
479 3472 611 3514 ἠλίθιοι,
622 3473 677 3505 καὶ
694 3473 826 3510 ἑαυτοὺς
845 3473 1039 3514 ἀγνοοῦντες
1051 3474 1121 3506 κτλ.
1138 3490 1180 3498 -
1195 3471 1278 3495 *⁴¹⁴¹*
1299 3472 1512 3507 Ἀντιτίθεται
1528 3474 1563 3506 δὲ
1579 3478 1618 3516 τῇ
1638 3476 1738 3515 μεγα)
1741 3474 1861 3515 οψυχίᾳ
1878 3473 1946 3504 κτλ.
