2508 3776
280 229 359 268 320

278 373 340 424 μὲν
362 373 427 425 γὰρ
447 371 519 417 ἕξιν
534 370 712 423 ἐνδέχεται
728 370 955 424 ὑπάρχουσαν
978 373 1088 423 μηδὲν
1111 375 1306 420 ἀποτελεῖν,

275 426 344 469 οἷον
365 434 413 484 τῷ
435 428 697 477 καθεύδοντι,ἢ
724 429 837 474 ἄλλως
857 445 931 475 πως
950 430 1168 484 ἐξηργηκότι·
1191 431 1254 479 τὴν
1277 432 1308 470 δ’

277 490 450 541 ἐνέργειαν
464 518 474 537 ,
495 490 560 540 οὐχ
578 481 647 526 οἷόν
673 503 724 528 τε.
749 488 882 541 Πράξει
895 489 962 542 γὰρ
982 490 1015 535 ἐξ
1040 490 1193 543 ἀνάγκης
1211 494 1229 529 ὃ
1245 490 1308 536 τὴν

273 548 446 598 ἐνέργειαν
469 547 570 598 ἔχων·
590 546 650 585 καὶ
670 549 700 585 εἰ
717 546 779 593 τὴν
803 546 935 598 ἀγαθὴν
963 548 1135 601 ἐνέργειαν
1159 549 1243 600 ἔχει,
1272 542 1310 585 εὖ

272 605 406 658 πράξει.
438 608 549 645 Τοῦτο
574 605 608 643 δέ
643 606 716 643 ἐστι
743 605 782 643 τὸ
811 606 1040 655 εὐδαιμονεῖν.
1061 605 1207 659 Ἵὶσπερ
1239 606 1308 658 γὰρ

273 662 512 714 Ὀλυμπίασιν
541 668 555 686 ¹¹
589 666 652 715 οὐχ
685 665 716 702 οἱ
752 663 933 702 κάλλιστοι
960 665 1020 702 καὶ
1051 665 1273 717 ἰσχυρότατοι
1293 663 1309 686 *³

273 727 544 777 στεφανοῦνται,
568 724 644 761 ἀλλ’
665 724 696 760 οἱ
719 722 975 774 ἀγωνιζόμενοι·
997 722 1148 773 (τούτων
1167 722 1235 774 γάρ
1255 738 1306 759 τι·

271 798 323 825 νες
344 781 400 820 καὶ
423 784 582 831 νικῶσιν)
605 780 697 820 οὕτω
721 781 782 820 καὶ
801 784 869 820 τῶν
890 783 923 820 ἐν
948 784 998 834 τῷ
1021 782 1084 833 βίῳ
1109 782 1227 820 καλῶν
1246 780 1306 819 καὶ

272 841 409 891 ἀγαθῶν
431 842 496 893 οὐχ
523 842 556 879 οἱ
587 839 770 890 δυνάμενοι
799 840 966 893 πράττειν
1001 842 1131 894 ὀρθῶς,
1164 841 1240 879 ἀλλ’
1275 843 1306 880 οἱ

269 899 478 950 πράττοντες
498 899 604 951 ὀρθῶς
624 898 789 946 ἐπήὸολοι
807 899 972 950 γίνονται.

324 958 490 1010 (Scripsi
510 972 518 995 :
542 962 557 980 ‘¹
572 957 834 1010 Ὀλυμπίασιν]
860 960 982 996 codex
1001 957 1230 1010 ὀλυμπιάσιν.
1252 979 1306 989 —

266 1015 286 1041 ¹¹
305 1016 554 1068 ἰσχυρότατοι]
575 1017 661 1055 cod.
683 1015 956 1070 ἷσχυρώτατοι.)

696 1131 784 1182 Κεφ.
816 1128 870 1168 ιε’.

266 1238 344 1274 Ὅτι
359 1242 489 1280 ἥδιστος
506 1243 545 1273 δι’
563 1241 675 1274 ἑαυτόν
695 1242 781 1273 ἐστιν
804 1242 821 1272 ὁ
835 1242 908 1273 κατ’
923 1241 1040 1283 ἀρετὴν
1063 1239 1149 1283 βίος,
1170 1242 1226 1272 καὶ
1246 1239 1306 1281 μά-

573 1290 668 1320 λιστα
684 1287 799 1329 ἀγαθὸς
812 1288 867 1319 καὶ
879 1287 974 1324 καλός

319 1382 341 1406 *
359 1382 465 1422 Ἔστι
486 1383 521 1421 δὲ
539 1382 598 1422 καὶ
615 1385 632 1420 ὃ
654 1382 725 1434 βίος
746 1384 859 1421 αὐτῶν
878 1383 957 1420 καθ’
977 1381 1097 1420 ἑαυτὸν
1121 1380 1223 1430 ἡδύς,
1243 1383 1305 1421 οὒκ

266 1440 388 1486 ἔξωθεν
410 1442 499 1493 ἔχων
531 1440 594 1487 τὴν
614 1440 755 1487 ἡδονήν.
789 1439 892 1479 Ἐπεὶ
911 1441 978 1492 γὰρ
1003 1439 1043 1478 τὸ
1069 1439 1213 1486 ἥδεσθαι
1242 1444 1304 1488 τ’ῆς

264 1502 379 1552 ψυχῆς
399 1500 490 1537 ἐστιν
505 1529 515 1549 ,
539 1498 634 1537 οὐδὲν
655 1498 780 1537 κωλύει
794 1497 858 1544 τὴν
883 1501 942 1546 τ’ἥς
957 1500 1073 1550 ψυχῆς
1085 1500 1163 1536 κατ’
1179 1498 1304 1550 ἀρετὴν

265 1557 435 1611 ἐνέργειαν
457 1558 531 1609 μεθ’
553 1559 677 1604 ἡδονῆς
698 1550 800 1597 εἶναι.
820 1555 905 1596 ’Ότι
926 1556 962 1594 δὲ
983 1556 1043 1595 καὶ
1067 1557 1163 1606 ἔστι,
1182 1558 1299 1604 δῆλον.

263 1615 367 1655 Ἐπεὶ
397 1615 463 1667 γὰρ
482 1615 748 1668 ἑκάστῳ-ἐκεῖνό
769 1617 862 1654 ἐστιν
891 1614 955 1662 ἡδύ
974 1643 984 1660 ,
1004 1615 1088 1667 πρὸς
1120 1614 1138 1653 ὃ
1165 1615 1302 1664 λέγεται

263 1676 505 1728 φιλοτοιοῦτος·
523 1667 592 1712 οἷον
608 1676 624 1711 ὃ
642 1672 746 1717 ἵππος
767 1673 830 1720 ἡδὺ
849 1674 898 1725 τῷ
915 1672 1090 1726 φιλίππῳ,
1107 1676 1168 1711 καὶ
1190 1674 1302 1724 θέαμα

262 1735 312 1785 τῷ
332 1732 541 1786 φιλοθεώρῳ·
562 1732 621 1770 καὶ
640 1735 689 1781 τῷ
721 1731 892 1785 φιλαρέτῳ
922 1731 991 1784 ἄρα
1010 1732 1111 1777 ἡδεῖα
1137 1736 1157 1780 ἡ
1178 1733 1298 1785 ἀρετή.

263 1791 325 1829 καὶ
346 1793 382 1830 αἱ
400 1793 478 1829 κατ’
498 1790 605 1837 αὐτὴν
634 1791 790 1842 πράξεις.
811 1793 843 1830 Τ
847 1790 868 1829 ὰ
893 1789 954 1841 μὲν
974 1785 1032 1828 οῧν
1053 1791 1219 1829 δοκοῦντα
1233 1797 1303 1836 τοῖς

261 1850 400 1892 πολλοῖς
428 1850 514 1895 ἡδέα
534 1849 695 1900 μάχεται·
732 1849 833 1892 ἄλλος
863 1848 929 1900 γὰρ
950 1848 1036 1886 ἄλλο
1056 1849 1188 1899 νομίζει
1208 1849 1274 1896 ἡδύ
1291 1879 1300 1897 ,

263 1907 323 1946 καὶ
354 1906 393 1945 τὸ
416 1906 502 1944 ἄλλο
534 1905 649 1953 ἀηδές.
694 1905 813 1945 Αἴτιον
837 1906 895 1952 δέ,
915 1905 968 1944 ὅτι
998 1908 1058 1944 οὐκ
1090 1906 1166 1945 ἔστι
1201 1909 1300 1961 φύσει

263 1965 363 2012 ἡδέα.
395 1966 478 2009 Τοῖς
501 1964 536 2003 δὲ
570 1966 768 2019 φιλοκάλοις
801 1966 887 2013 ἡδέα
920 1966 1014 2004 δοκεῖ
1043 1966 1088 2004 τὰ
1122 1966 1182 2005 καὶ
1202 1967 1303 2019 φύσει

263 2023 363 2072 ἡδέα·
384 2023 534 2076 ἀρίστοις
554 2023 622 2076 γὰρ
641 2017 717 2062 οῧσι
738 2025 780 2063 τὰ
800 2025 934 2071 ἀληθῶς
952 2023 1040 2072 ἡδέα
1057 2023 1192 2063 διώκειν
1212 2025 1297 2063 ἀκό-

264 2084 397 2122 λουθον·
419 2082 581 2121 διώκουσι
598 2081 635 2120 δὲ
654 2081 715 2126 τὰς
741 2082 818 2121 κατ’
853 2082 979 2134 ἀρετὴν
1007 2083 1164 2135 πράξεις.
1188 2083 1301 2124 ’Ὠστε

265 2142 387 2191 δῆλον,
407 2140 460 2179 ὅτι
479 2142 516 2178 αἱ
537 2143 615 2180 κατ’
637 2141 761 2194 ἀρετὴν
778 2140 918 2193 πράξεις
930 2141 1046 2187 ἡδεῖαί
1066 2143 1133 2181 εἶσι
1152 2143 1221 2187 τοῖς
1241 2158 1300 2196 φι-

262 2199 418 2254 λαρέτοις
436 2200 497 2239 καὶ
526 2200 569 2238 δι’
597 2201 734 2243 ἑαυτάς·
754 2200 793 2238 τὸ
811 2200 878 2253 γὰρ
899 2199 999 2252 φύσει
1021 2201 1084 2247 ἡδύ
1098 2231 1107 2248 ,
1135 2203 1198 2240 οὐκ
1227 2201 1301 2240 ἔστι

264 2259 308 2298 δι’
328 2258 442 2312 ἕτερον
462 2258 541 2307 ἡδύ.
564 2260 631 2297 Διὰ
651 2263 750 2297 τοῦτο
770 2259 808 2297 οὗ
827 2260 1030 2310 προσδεῖται
1051 2261 1068 2296 ὃ
1097 2258 1167 2306 βίος
1189 2262 1301 2299 αὐτῶν

264 2318 370 2365 ἄλλης
392 2316 511 2362 ἔξωθεν
533 2318 677 2366 ἡδονῆς,
702 2318 860 2370 καθάπερ
876 2316 965 2361 τινὸς
986 2318 1178 2370 περιάπτου
1191 2350 1202 2368 ,
1223 2321 1299 2358 ἀλλ’

264 2376 337 2429 ἔχει
355 2375 416 2423 τὴν
437 2376 565 2424 ἡδονὴν
584 2378 617 2415 ἐν
642 2378 772 2429 ἑαυτῷ.
796 2377 840 2415 Εἰ
868 2377 905 2415 δέ
919 2392 970 2420 τις
989 2375 1079 2416 εἴποι
1098 2379 1146 2428 μὴ
1168 2378 1302 2422 πάντας

262 2435 341 2479 τοὺς
361 2436 566 2479 σπουδαίους
586 2436 730 2483 ἥδεσθαι
758 2438 802 2488 τῇ
834 2439 955 2487 ἀρετῇ,
982 2435 1069 2488 (εἰσὶ
1095 2435 1163 2489 γὰρ
1190 2436 1224 2476 οἳ
1251 2435 1300 2487 μὴ

266 2497 341 2546 μεθ’
377 2487 662 2542 ἡδονῆςπαύτην
697 2494 929 2546 πράττουσιν)
963 2496 1130 2546 ἐροῦμεν,
1157 2494 1211 2534 ὅτι
1238 2497 1301 2534 οὐκ

263 2551 355 2590 ἔστιν
374 2553 500 2603 ἀγαθὸς
519 2552 595 2591 οὐδὲ
615 2554 798 2597 σπουδαῖος
817 2555 835 2590 ὃ
863 2552 912 2602 μὴ
932 2553 1066 2605 χαίρων
1086 2558 1161 2598 ταῖς
1178 2555 1300 2598 καλαῖς

263 2610 442 2663 πράξεσιν.
474 2611 568 2651 Οὔτε
593 2611 658 2663 γὰρ
691 2611 823 2650 δίκαιον
851 2610 961 2655 οὐδεὶς
983 2611 1022 2650 ἂν
1044 2611 1156 2661 εἴποι,
1175 2614 1234 2651 τὸν
1251 2612 1299 2664 μὴ

263 2667 436 2720 χαίροντα
456 2670 505 2722 τῷ
535 2670 794 2722 δικαιοπραγεῖν
808 2700 818 2719 ,
843 2668 922 2709 οὔτε
941 2671 1149 2723 ἐλευθέριον,
1175 2671 1232 2710 τὸν
1252 2672 1300 2722 μὴ

262 2726 432 2779 χαίροντα
450 2734 525 2771 ταῖς
545 2728 746 2780 ἐλευθερίοις
763 2729 942 2780 πράξεσιν·
962 2729 1093 2779 ὁμοίως
1110 2730 1146 2769 δὲ
1161 2731 1221 2770 καὶ
1244 2732 1301 2770 ἐπὶ

263 2786 332 2823 τῶν
351 2784 479 2826 ἄλλων.
516 2787 562 2825 Εἰ
593 2787 622 2824 δ’
655 2786 763 2835 οὕτω,
786 2788 830 2825 δι’
857 2787 982 2832 ἑαυτὰς
1001 2788 1042 2827 ἂν
1064 2782 1130 2828 εἷεν
1154 2793 1190 2830 αἱ
1224 2789 1304 2829 κατὶ

267 2842 394 2894 ἀρετὴν
416 2842 555 2896 πράξεις
574 2844 699 2890 ἡδεῖαι·
721 2845 812 2884 ἀλλὰ
842 2846 911 2898 μὴν
930 2847 993 2886 καὶ
1024 2848 1154 2900 ἀγαθαί
1181 2864 1221 2901 γε
1242 2859 1302 2887 και

265 2899 390 2947 καλαί,
415 2901 475 2940 καὶ
509 2901 663 2952 μάλιστα
695 2904 824 2943 τούτων
855 2905 1003 2945 ἕκαστον
1011 2936 1024 2955 ,
1055 2907 1153 2960 εἴπερ
1186 2908 1303 2952 καλῶς

264 2957 373 3012 κρίνει
392 2960 471 3012 περὶ
492 2962 604 2999 αὐτῶν
625 2963 643 3000 ὁ
665 2964 857 3008 σπουδαῖος
878 2965 927 3015 μὴ
946 2967 1061 3010 καλῶς
1088 2965 1155 3018 γὰρ
1174 2966 1301 3019 κρίνειν

268 3019 329 3056 οὐκ
347 3017 498 3070 εὔλογον·
519 3018 628 3073 κρίνει
648 3020 706 3068 δέ,
729 3023 860 3073 ἀγαθὰς
880 3016 968 3062 εἶναι
987 3024 1047 3063 καὶ
1066 3024 1191 3069 καλάς.
1208 3024 1303 3078 Ἀρι-

265 3091 345 3115 στον
366 3076 434 3130 ἄρα
453 3078 514 3116 καὶ
535 3078 742 3127 κάλλιστον,
768 3081 828 3119 καὶ
861 3081 1002 3129 ἥδιστον
1029 3086 1051 3131 ἡ
1085 3084 1300 3135 εὖδαιμονία·

267 3134 327 3173 καὶ
347 3137 408 3174 οὐκ
431 3135 516 3174 ἄλλο
546 3136 607 3186 μὲν
639 3135 848 3188 κάλλιστον,
869 3139 954 3178 ἄλλο
974 3141 1008 3179 δὲ
1032 3141 1195 3194 ἄριστον,
1218 3143 1304 3182 ἄλλο

272 3192 307 3231 δὲ
326 3192 467 3241 ἥδιστον
487 3193 578 3233 κατὰ
597 3195 636 3233 τὸ
655 3196 831 3243 Δηλιακὸν
852 3197 1073 3251 ἐπίγραμμα.

350 3290 529 3323 Κάλλιστον
551 3291 589 3324 τὸ
609 3291 834 3333 δικαιότατον,
851 3294 977 3334 λῷστον
995 3294 1022 3327 δ’
1039 3296 1207 3339 ὑγιαίνειν,

391 3338 525 3377 ἥδιστον
548 3339 584 3372 δὲ
601 3339 717 3382 πέφυχ’
736 3340 774 3372 οὗ
792 3351 838 3378 τις
857 3342 915 3384 ἐρᾷ
934 3343 971 3374 τὸ
991 3347 1110 3386 τυχεῖν.

280 3402 1908 3424 ——————-—-.-—---.--.-.-.

314 3436 334 3457 ⁴*
355 3435 449 3470 Ἐστι
466 3438 498 3471 δὲ
514 3438 568 3471 καὶ
582 3440 600 3471 ὁ
616 3439 682 3481 βίος
696 3440 804 3473 αὐτῶν
822 3442 888 3473 κτλ.

1111 224 1389 266 ANDRONICI
1416 226 1593 266 RHODII
2443 281 2446 283 ‚

277 316 317 354 τὸ
337 315 475 366 ἄριστον
495 311 755 363 ὗπολαμὸάνειν
777 315 837 350 καὶ
857 313 891 350 ἐν
912 311 978 358 ἕξει
995 313 1017 360 ἢ
1038 315 1206 367 ἐνεργείᾳ.
1229 313 1306 361 Τὴν
1369 318 1546 353 functione.
1568 318 1694 361 Quippe
1713 317 1860 352 accidere
1885 320 2010 361 potest,
2031 322 2069 354 ut
2087 321 2220 355 habitus
2238 320 2297 364 qui
2310 319 2401 360 insit.
2428 290 2430 293 r

1369 379 1452 411 nihil
1474 378 1614 417 efficiat,
1643 379 1679 409 ut
1703 377 1737 409 in
1755 386 1793 410 eo
1811 376 1872 419 qui
1889 376 2028 417 dormit.
2053 380 2112 412 aut
2140 378 2197 421 qui
2215 378 2279 412 alio
2293 377 2405 420 aliquo

1369 438 1467 470 modo
1485 438 1608 470 otiatur
1629 450 1637 470 ε
1657 436 1747 479 quod
1765 436 1800 468 in
1818 435 1965 469 muneris
1985 435 2184 470 functionem
2204 447 2269 471 non
2283 439 2406 471 conve-

1370 497 1429 529 nit.
1462 496 1650 529 Necessario
1682 495 1769 529 enim
1795 489 1891 538 Aget,
1924 504 2022 537 penes
2051 505 2151 538 quem
2177 498 2229 529 est
2257 494 2404 530 munieris

1370 554 1513 594 functio,
1533 557 1566 588 et
1585 555 1612 588 si
1625 555 1709 588 bona
1725 564 1763 587 ea
1778 556 1838 593 est,
1861 555 1949 587 recte
1971 555 2054 596 aget.
2078 555 2147 586 Hoc
2163 556 2274 587 autem
2291 555 2344 588 est
2352 553 2406 588 fo-

1369 614 1494 646 licitate
1517 614 1641 647 florere.
1662 613 1946 652 Quemadmodum
1968 622 2047 646 vero
2066 612 2227 655 Olympiae
2249 621 2315 646 non
2328 612 2406 656 pul-

1370 672 1524 704 cherrimi
1543 674 1601 705 aut
1626 671 1796 704 fortissimi
1812 673 2008 704 coronantur
2021 697 2028 710 ,
2047 670 2105 703 sed
2125 669 2183 712 qui
2198 671 2324 703 certant.
2341 669 2405 710 su

1370 731 1422 764 his
1440 731 1527 764 enim
1551 731 1699 764 nonnulli
1719 731 1819 763 etiam
1846 730 2005 770 vincunt)
2021 739 2029 758 ε
2049 729 2095 762 sic
2113 730 2147 762 et
2166 737 2205 762 ea
2228 733 2306 771 qum
2326 723 2406 774 adjut

1368 790 1403 822 in
1423 791 1493 823 vita
1507 791 1644 824 honesta
1666 792 1698 823 et
1717 790 1801 823 bona
1813 816 1820 829 ,
1848 791 2070 832 assequuntur
2088 790 2122 821 et
2141 787 2289 820 obtinent
2303 794 2368 819 non
2381 785 2407 818 ii

1369 850 1427 893 qui
1442 853 1532 884 recte
1553 859 1647 893 agere
1661 852 1817 893 possunt,
1834 850 1892 882 sed
1913 849 1971 892 qui
1983 850 2072 882 recte
2087 848 2197 890 agunt.

1801 1119 1879 1159 Cap.
1903 1118 1973 1150 XV.

1369 1231 1624 1260 Jucundissimam
1649 1237 1704 1267 per
1729 1238 1760 1259 se
1780 1236 1844 1259 esse
1859 1229 1928 1258 vitae
1942 1228 2142 1264 sanctitatem,
2153 1226 2339 1264 maximeque
2353 1227 2406 1257 bo-

1747 1283 1817 1305 nam
1832 1277 1863 1305 et
1875 1276 2042 1305 honestam.

1407 1372 1468 1404 Est
1481 1379 1560 1403 vero
1582 1378 1695 1402 eorum
1714 1371 1779 1402 vita
1790 1369 1890 1402 etiam
1901 1377 1961 1411 per
1983 1377 2018 1402 se
2029 1367 2184 1411 iucunda,
2200 1368 2316 1410 utpote
2327 1374 2405 1412 qun

1366 1433 1431 1456 non
1460 1423 1662 1456 extrinsecus
1700 1423 1866 1463 acceptam
1891 1421 2009 1454 habeat
2040 1421 2254 1463 voluptatem.
2291 1421 2402 1458 Quum

1366 1475 1454 1508 enim
1471 1473 1627 1507 delectari
1654 1473 1696 1506 sit
1722 1473 1840 1512 animi,
1872 1473 1954 1505 nihil
1973 1473 2105 1511 obstat,
2133 1471 2216 1515 quin
2241 1470 2403 1504 honestus

1367 1526 1466 1560 animi
1484 1527 1578 1558 actus
1597 1525 1759 1566 voluptati
1777 1525 1830 1557 sit.
1850 1526 1931 1557 Esse
1952 1525 2073 1563 antem,
2092 1523 2147 1557 vel
2165 1523 2242 1557 hinc
2254 1523 2402 1566 afflaret.

1367 1579 1538 1622 Siquidem
1567 1578 1706 1619 singulis·
1725 1577 1908 1618 jucundum
1938 1579 1988 1610 est
2018 1576 2109 1616 illud,
2137 1577 2233 1618 ouius
2261 1575 2402 1619 quisque

1366 1631 1534 1664 studiosus
1557 1629 1677 1662 dieitur
1699 1638 1707 1657 =
1731 1629 1815 1661 sicut
1831 1637 1936 1670 equus
1953 1628 1983 1660 ei
2006 1628 2065 1670 qui
2089 1627 2183 1670 equis
2205 1627 2402 1668 delectatur,

1365 1684 1479 1725 gratus
1503 1683 1563 1720 est,
1588 1680 1809 1723 spectaculum
1835 1680 1869 1715 οὐ
1887 1679 1945 1722 qui
1963 1679 2039 1712 inde
2063 1679 2264 1721 voluptatem
2288 1678 2376 1722 capit
2389 1691 2401 1712 t

1365 1734 1413 1767 ita
1427 1736 1461 1767 et
1472 1732 1598 1766 homini
1611 1731 1748 1765 virtutis
1768 1731 1915 1764 studioso
1931 1733 2024 1773 grata
2038 1731 2148 1764 virtus
2168 1732 2220 1764 est
2231 1732 2402 1773 grataque

1366 1786 1508 1819 actiones
1526 1785 1683 1817 honestae.
1711 1784 1760 1815 Ea
1778 1785 1889 1815 autem
1916 1791 1992 1825 quaa
2011 1782 2176 1825 plerisque
2194 1781 2341 1824 jucunda
2355 1781 2404 1816 vi·

1365 1837 1495 1876 (lentur,
1511 1837 1596 1869 inter
1615 1845 1649 1868 se
1662 1837 1807 1877 pugnant
1821 1847 1828 1867 ε
1844 1835 1929 1868 alius
1941 1835 2028 1868 enim
2045 1834 2136 1868 aliud
2147 1835 2198 1868 vel
2215 1834 2403 1877 jucundum

1364 1890 1419 1923 vel
1438 1889 1653 1931 injucundum
1684 1888 1862 1921 existimat.
1892 1888 1995 1930 Cujus
2012 1887 2061 1920 rei
2088 1896 2187 1921 causa
2213 1889 2282 1927 est,
2311 1887 2402 1930 quod

1364 1944 1482 1975 natura
1505 1937 1581 1974 non‘
1597 1944 1674 1974 sunt
1692 1941 1783 1974 talia.
1803 1940 1998 1973 Hominibus
2020 1949 2099 1973 vcro
2113 1949 2225 1973 rerum
2245 1940 2401 1974 honesta-

1364 2004 1441 2028 rum
1464 1994 1621 2028 studiosis
1637 2003 1675 2027 ea
1694 2002 1770 2036 qua}
1792 1995 1911 2025 natura
1932 1994 2009 2025 sunt
2026 1992 2105 2025 talia
2123 1991 2269 2034 jucunda
2285 1991 2397 2026 videu-

1364 2050 1421 2081 tur
1441 2057 1568 2090 :quum
1583 2047 1670 2080 enim
1691 2046 1756 2079 sint
1777 2045 1913 2087 optimi3
1939 2045 2013 2078 illos
2039 2054 2078 2078 ea
2096 2054 2172 2087 quae
2192 2053 2309 2078 revera
2335 2045 2404 2078 sint

1362 2099 1508 2143 jucunda
1530 2101 1682 2142 appetere
1705 2099 1957 2131 consentaneum
1974 2098 2050 2130 est:
2072 2096 2267 2130 incumbunt
2290 2098 2402 2130 nutem

1365 2153 1409 2185 ad
1432 2151 1575 2184 actiones
1598 2152 1762 2186 honestas.
1784 2149 1877 2183 Unde
1906 2150 2051 2192 apparet,
2081 2148 2225 2182 actiones
2248 2149 2405 2182 honestas

1366 2205 1466 2238 etiam
1479 2213 1537 2246 per
1553 2213 1587 2236 se
1599 2202 1787 2236 hominibus
1802 2201 1937 2234 virtutis
1954 2199 2111 2233 studiosis
2129 2209 2200 2233 esse
2213 2200 2376 2243 jucundas
2394 2210 2404 2230 ε

1365 2268 1441 2291 nam
1463 2257 1553 2299 quod
1564 2259 1684 2289 natura
1697 2265 1757 2289 sua
1770 2258 1820 2288 ost
1831 2254 2025 2297 mundum,
2041 2262 2107 2286 non
2121 2254 2163 2286 ob
2179 2253 2270 2287 aliud
2283 2254 2412 2296 jucuw.

1365 2310 1447 2343 dum
1460 2311 1521 2342 est.
1541 2309 1761 2347 Quamobrem
1775 2307 1908 2339 illorum
1922 2306 1991 2338 vita
2012 2314 2077 2337 non
2095 2306 2168 2346 eget
2182 2305 2251 2338 ulla
2266 2307 2402 2340 externa
2412 2335 2419 2346 .-

1365 2362 1553 2404 vquptato,
1580 2363 1737 2402 tanquam
1761 2359 1957 2401 appendice,
1988 2357 2046 2390 sed
2069 2357 2169 2390 habet
2186 2357 2221 2390 in
2242 2366 2278 2391 se
2294 2358 2403 2391 inclu-

1366 2424 1437 2447 sam
1460 2413 1675 2454 voluptatem.
1697 2412 1793 2450 Quod
1816 2411 1844 2444 si
1869 2411 1945 2453 quis
1964 2409 2072 2448 dicat,
2099 2419 2164 2442 non
2183 2419 2298 2444 omnes
2312 2411 2405 2445 viros

1364 2468 1466 2500 honos
1484 2465 1640 2498 delectari
1669 2465 1794 2497 virtute
1818 2464 1918 2506 (sunt
1938 2462 2024 2496 enim
2045 2461 2104 2504 qui
2131 2471 2207 2495 cum
2232 2464 2405 2506 voluptate

1366 2520 1524 2552 virtutem
1538 2527 1603 2550 non
1619 2518 1820 2556 exerceant),
1839 2515 2118 2558 respondebimus,
2140 2515 2261 2550 bonum
2284 2526 2401 2552 revera

1366 2574 1425 2605 aut.
1441 2572 1616 2604 honestum
1637 2579 1702 2602 non
1727 2578 1797 2603 esse
1811 2595 1818 2608 ‚
1837 2569 1899 2602 nisi
1923 2569 1982 2611 qui
2011 2569 2100 2602 recte
2114 2566 2216 2602 >factis
2246 2569 2399 2612 gaudeat.

1365 2627 1479 2666 Neque
1491 2623 1577 2657 enim
1596 2622 1771 2665 quisquam
1793 2624 1851 2654 aut
1863 2622 1991 2664 justum
2010 2622 2131 2655 dixerit
2147 2631 2223 2655 cum
2236 2648 2244 2662 ,
2264 2622 2322 2665 qui
2337 2632 2403 2656 non

1365 2687 1406 2711 ex
1420 2678 1510 2719 juste
1543 2675 1639 2709 factis
1665 2675 1772 2718 capiat
1800 2675 2021 2717 voluptatem,
2050 2677 2109 2708 aut
2135 2675 2321 2715 liberalem,
2345 2676 2405 2719 qui

1363 2730 1554 2766 liberalibus
1567 2729 1750 2762 actionibus
1767 2738 1832 2761 non
1853 2728 2054 2769 delectetur;
2070 2728 2225 2771 idemque
2248 2728 2291 2761 de
2304 2731 2403 2762 caete·

1362 2782 1410 2816 ris
1431 2781 1609 2814 virtutibus
1625 2780 1840 2814 sentiendum.
1862 2780 1958 2817 Quod
1979 2780 2007 2813 si
2018 2780 2066 2813 ita
2082 2782 2152 2819 est,
2175 2780 2326 2822 sequitur
2345 2789 2404 2822 per

1363 2843 1399 2867 se
1422 2833 1586 2876 jucundas
1603 2842 1675 2866 esse
1696 2832 1816 2866 virtuti
1846 2834 2077 2865 consentaneas
2099 2832 2243 2864 actiones
2267 2844 2277 2863 ι
2298 2830 2403 2864 enim-

1363 2902 1443 2926 vero
1457 2892 1525 2925 illae
1543 2893 1577 2925 et
1592 2891 1688 2924 bonae
1707 2893 1783 2924 sunt
1799 2892 1832 2924 et
1852 2891 2014 2930 honestae,
2038 2890 2166 2932 singula
2184 2891 2297 2923 autem
2311 2888 2402 2922 facta

1363 2946 1526 2985 maxime,
1548 2945 1711 2988 siquidem
1731 2944 1772 2978 de
1787 2944 1829 2976 iis
1844 2948 1921 2977 vere
1943 2944 2071 2986 ,iudicat
2092 2944 2144 2977 vir
2164 2943 2270 2978 bonus
2287 2952 2296 2973 =
2313 2943 2399 2976 male

1364 3007 1443 3032 vero
1460 2998 1609 3041 judicare
1625 2997 1725 3031 talem
1743 3006 1808 3030 non
1828 2999 1877 3030 est
1890 2996 2057 3039 probabile
2075 3010 2084 3029 ι
2100 2995 2204 3029 bonas
2218 2997 2330 3029 autem
2345 3004 2402 3028 eas

1364 3052 1398 3084 et
1412 3051 1567 3083 honestas
1590 3058 1660 3082 esse
1683 3049 1826 3082 actiones
1844 3048 1981 3091 judicat.
1996 3049 2056 3080 Est
2070 3047 2172 3090 igitur
2188 3045 2348 3090 quiddam
2366 3056 2400 3079 ο-

1363 3102 1516 3145 ptimum,
1532 3101 1730 3143 pulcherrim
1735 3110 1789 3133 um
1797 3102 1829 3134 et
1834 3100 1846 3142 j
1853 3099 2110 3132 [mundissimum
2117 3099 2267 3133 felicitas.
2281 3100 2395 3141 Neque

1365 3164 1443 3189 vero
1462 3154 1554 3187 aliud
1563 3154 1840 3196 pulcherrimum,
1860 3153 1950 3185 aliud
1973 3153 2150 3194 optimum,
2177 3151 2268 3186 aliud
2280 3177 2288 3191 ‚
2302 3153 2343 3184 ut
2362 3150 2398 3183 in

1365 3208 1499 3242 Deliaco
1511 3208 1744 3250 epigrammate
1762 3206 1892 3245 dicitur,
1904 3208 1960 3242 est
1969 3205 2258 3248 iucundissimum.

1438 3304 1557 3334 lustitia
1571 3306 1616 3334 est
1627 3303 1771 3340 formosa,
1786 3303 1925 3334 valetudo
1937 3304 2049 3341 optima
2062 3311 2109 3333 res
2125 3305 2187 3339 ests

1479 3351 1568 3381 dulce
1582 3350 1652 3387 itui,
1666 3353 1753 3388 cujus
1764 3359 1911 3389 quemque
1926 3352 2042 3389 perurit
2054 3358 2149 3381 annor.

2062 3406 2389 3424 -———-·—··—-··-Q

2499 354 2505 371 *l

2499 384 2505 393 ,ι
