2508 3776
260 222 341 262 500

261 309 334 349 ἐστὶ
354 312 414 357 τ’ἧς
435 306 562 361 φιλίας·
588 309 611 354 ἣ
637 306 706 359 ἄρα
739 305 837 360 φιλία
865 305 931 352 ἕξις
954 305 1062 347 ἐστίν.
1089 304 1176 348 Ἔτι
1207 310 1298 362 φιλεῖ

259 386 308 413 τις
335 369 394 407 τὸν
418 366 546 418 ἀγαθὸν
577 365 696 420 φίλον,
717 365 770 404 ὅτι
788 366 883 404 αὐτῶ
910 365 1076 418 ἀγαθός’
1061 380 1169 407 εστιν·
1191 370 1210 407 ὁ
1231 367 1298 420 γὰρ

260 427 387 478 ἀγαθὸς
423 425 520 488 φίλος
551 424 754 476 γενόμενος,
788 406 916 476 ἀγαθὸς
947 424 1081 476 γίνεται
1113 428 1162 477 τῷ
1193 426 1298 480 φίλῳ·

259 487 419 539 ἑκάτερος
444 489 502 523 οὐν
522 484 616 538 φιλεῖ
635 484 819 536 ἑκάτερον,
842 485 887 528 ὡς
918 483 1050 537 ἀγαθὸν
1076 486 1222 536 οἰκεῖον,
1240 484 1301 524 καὶ

261 545 423 597 βούλεται
439 544 484 582 τὰ
502 543 633 596 ἀγαθοί,
651 542 712 582 καὶ
730 543 846 590 ἡδύς’
832 559 924 582 εστιν
945 543 1085 595 ὁμοίως.

312 603 329 620 *
345 605 416 643 Καὶ
431 602 517 648 ὅλως
531 603 570 643 τὸ
580 602 654 643 ἴσον
672 603 942 642 ἀνταποδίδωσι·
959 603 1100 656 λέγεται
1111 603 1179 657 γὰρ
1195 603 1297 658 φιλό-

258 680 318 710 της
338 666 359 710 ἡ
389 662 521 711 ἰσότης·
542 666 655 702 ταῦτα
676 662 711 701 δὲ
732 664 796 702 οὐκ
820 663 900 702 ἄνευ
931 663 1181 716 προαιρέσεως·
1204 665 1226 711 ἡ
1253 661 1290 702 δὲ

259 723 458 778 προαίρεσις
490 724 550 776 ἀφ’
572 722 688 768 ἕξεως·
709 726 732 771 ἡ
769 723 836 774 ἄρα
857 722 954 777 φιλία
977 721 1042 768 ἕξις
1073 722 1180 762 ἐστίν·
1213 725 1235 769 ἡ
1266 722 1302 761 δὲ

259 783 397 837 φίλησις
421 782 502 822 ἄνευ
521 782 757 836 προαιρέσεως
775 785 880 832 οὐσα,
907 784 1065 837 καθαρῶς
1085 782 1159 822 ἐστι
1177 781 1300 827 πάθος.

704 895 794 946 Κεφ.
825 893 860 942 η’
866 924 876 935 .

259 1004 334 1039 Ὅτι
347 1006 472 1044 πολλοῖς
490 1005 572 1039 εἶναι
596 1006 724 1042 τελείως
740 1005 827 1047 φίλον
848 1005 906 1038 οὐκ
932 1005 1114 1058 ἐνδέχεται,
1137 1005 1192 1038 καὶ
1213 1007 1306 1038 ποῖαι

570 1051 634 1081 τῶν
655 1050 687 1081 ἐν
709 1047 866 1087 ἐξουσίαις
884 1048 994 1090 φιλίαι.
1018 1082 1022 1087 ,

313 1144 355 1165 *²⁶
375 1142 501 1183 Πάντα
525 1142 588 1195 μὲν
608 1148 666 1183 οὖν
684 1143 727 1183 τὰ
746 1142 864 1198 φιλικὰ
885 1143 944 1182 καὶ
966 1143 987 1182 ἃ
1006 1143 1174 1217 προσήκει
1185 1144 1307 1217 φίλοις

261 1205 296 1242 ἐν
318 1219 362 1256 τῃ
389 1201 487 1256 φιλία
519 1202 705 1254 συμὸαίνει
736 1218 804 1241 των
828 1203 965 1254 ἀγαθῶν
1000 1201 1102 1254 μόνῃ·
1126 1203 1160 1241 ἐν
1182 1202 1218 1240 δὲ
1238 1205 1308 1247 τοῖς

262 1262 444 1315 στρυφνοῗς
466 1262 525 1299 καὶ
555 1262 797 1314 πρεσὸυτικοῗς
824 1266 928 1309 ἦττον
963 1260 1096 1313 γίνεται
1124 1263 1145 1307 ἡ
1183 1262 1298 1314 φιλία,

261 1320 332 1373 ὅσῳ
351 1320 604 1373 δυσκολώτεροί
624 1323 713 1369 εἶσι,
734 1321 794 1360 καὶ
815 1325 920 1368 ἦττον
952 1325 1030 1363 ταῖς
1051 1319 1206 1370 ὁμιλίαις
1225 1320 1306 1381 χαί-

263 1394 394 1434 ρουσιν·
418 1383 441 1427 ἡ
459 1379 527 1432 γὰρ
558 1380 680 1432 ὁμιλία
700 1379 761 1418 καὶ
789 1379 828 1419 τὸ
848 1384 1002 1418 συνεῖναι
1032 1379 1190 1418 δοκοῦσιν
1218 1373 1305 1419 εἶναι

262 1439 379 1492 φιλίας
394 1439 575 1486 ποιητικοί.

315 1498 401 1537 Διὰ
412 1502 514 1537 τοῦτο
545 1497 614 1537 νέοι
641 1497 702 1549 μὲν
738 1498 874 1551 ταχέως
896 1496 1049 1549 γίνονται
1081 1497 1189 1551 φίλοι,
1219 1513 1303 1558 πρε-

263 1555 391 1595 σὸυται
411 1563 427 1579 ⁸
442 1556 478 1595 δὲ
499 1556 572 1595 οὔκ·
590 1558 629 1595 οὔ
648 1556 715 1610 γὰρ
734 1557 877 1595 δυνατὸν
894 1555 991 1609 φίλον
1004 1555 1164 1606 γενεσθαι
1176 1555 1253 1595 τινα
1274 1559 1304 1610 ᾡ

263 1616 300 1652 οὗ
330 1614 449 1668 χαίρει
478 1615 556 1654 οὐδὲ
576 1614 698 1662 ἥδεται
729 1614 859 1654 συνών·
880 1618 982 1653 τοῦτο
1006 1612 1042 1652 δὲ
1070 1615 1104 1653 ἐν
1130 1620 1201 1660 τοῖς
1221 1631 1305 1667 πρε-

264 1673 410 1718 σὸυταις
435 1675 474 1712 οὗ
497 1675 588 1713 πάνυ
610 1674 807 1726 συμὸαίνει·
828 1673 943 1725 ὀλίγον
963 1673 1030 1726 γὰρ
1052 1675 1167 1719 αὐτοῖς
1187 1674 1226 1714 τὸ
1248 1691 1310 1723 της

261 1736 401 1781 ἡδονῆς.
419 1732 488 1772 Διὰ
513 1732 557 1771 τὰ
578 1733 666 1772 αὐτὰ
684 1733 725 1780 δὴ
746 1732 823 1771 οὐδὲ
846 1734 877 1771 οἱ
899 1732 1063 1786 στρυφνοι
1083 1733 1176 1772 πάνυ
1193 1733 1308 1786 γίνον-

262 1809 320 1831 ται
348 1793 460 1845 φίλοι,
483 1792 562 1832 ἀλλ’
595 1795 627 1832 οι
646 1807 796 1831 τοιουτοι
818 1795 909 1830 εὖνοι
937 1791 1000 1841 μέν
1021 1794 1105 1832 εἶσιν
1129 1793 1306 1840 ἀλλήλοις·

266 1851 451 1903 βούλονται
482 1852 549 1904 γὰρ
571 1851 736 1899 ἀλλήλοις
764 1850 810 1890 τὰ
846 1849 960 1903 ἀγαθὰ
982 1849 1039 1888 διὰ
1068 1852 1131 1900 τὴν
1165 1852 1306 1905 χρείαν,

263 1912 323 1950 καὶ
346 1910 567 1962 λαμὸάνουσι
588 1913 673 1963 παρ’
694 1910 876 1961 ἀλλήλων,
895 1914 943 1949 ὧν
966 1911 1128 1964 ἑκάτερος
1148 1912 1310 1965 ἑκατέρου

265 1972 391 2009 δεῖται·
414 1971 508 2023 φίλοι
524 1969 559 2008 δὲ
578 1971 616 2008 οὐ
638 1969 728 2009 πάνυ
747 1969 836 2021 εἰσί,
852 1969 910 2008 διὰ
929 1969 970 2008 τὸ
991 1969 1041 2020 μὴ
1058 1971 1305 2031 συνημερεύειν

267 2030 356 2082 μηδὲ
391 2034 528 2104 χαίρειν
567 2030 745 2077 ἀλλήλοις·
786 2030 809 2070 ἃ
845 2029 886 2077 δὴ
919 2029 1073 2080 μάλιστα
1104 2032 1191 2069 εἰναι
1218 2031 1313 2070 δοκεῖ

267 2089 388 2143 φιλικὰ
409 2088 470 2127 καὶ
498 2089 665 2136 ποιητικὰ
682 2088 813 2149 φιλίας.

320 2148 370 2166 ***
395 2151 543 2194 Πολλοῖς
564 2148 600 2187 δὲ
627 2148 725 2202 φίλον
748 2151 837 2186 εἰναι
854 2147 912 2186 τὸν
931 2148 1120 2186 σπουδαῖον
1138 2147 1229 2186 κατὰ
1247 2148 1311 2197 τὴν

268 2207 406 2246 τελείαν
423 2207 541 2261 φιλίαν
556 2210 618 2247 οὐκ
636 2207 864 2260 ἐνδέχεται,“’
840 2222 961 2260 ωσπερ
974 2206 1052 2246 οὐδὲ
1064 2207 1102 2245 τὸ
1119 2208 1201 2260 ἐραν
1217 2209 1306 2249 πολ-

266 2269 336 2305 λῶν
361 2266 435 2316 ἅμα
454 2266 613 2306 δυνατόν,
637 2265 840 2318 Ἵ”περὸολὴ
865 2266 938 2340 γάρ
970 2266 1021 2310 τίς
1049 2267 1123 2304 ἐστι
1141 2267 1258 2319 φιλίας
1287 2269 1310 2314 ἡ

265 2324 383 2364 τελεία
394 2326 508 2380 φιλία.
522 2326 574 2365 Τὸ
592 2325 627 2363 δὲ
615 2340 794 2364 ετοιουτον
815 2325 900 2377 πρὸς
914 2323 975 2363 ἕνα
989 2323 1123 2377 πέφυκε
1138 2324 1306 2377 γίνεσθαι.

268 2386 322 2423 Τὸ
339 2384 406 2446 γὰρ
426 2386 496 2429 τοῖς
513 2387 628 2428 αὐτοῖς
647 2385 748 2437 γαίρε
735 2401 782 2423 ιν
806 2385 958 2438 σφόδρα,
975 2385 1013 2423 οὗ
1036 2383 1187 2437 ῥᾴδιον’
1171 2401 1207 2423 εν
1227 2386 1312 2425 πολ-

266 2444 337 2488 λοῖς
357 2447 460 2482 εἶναι·
483 2445 534 2483 ἔτι
563 2444 599 2482 δὲ
617 2444 693 2483 οὐδὲ
716 2444 867 2496 ἀγαθους
881 2474 891 2492 ,
914 2460 973 2483 και
993 2444 1202 2489 σπουδαίους
1224 2448 1312 2485 πολ-

267 2501 346 2546 λους
367 2507 457 2541 εἰναι
493 2503 620 2558 ῥοίδιον.
646 2502 779 2548 Αλλως
808 2519 846 2543 τε
880 2507 924 2557 τῇ
947 2503 1090 2555 τοιαύτῃ
1125 2505 1223 2558 φιλία
1251 2505 1311 2544 καὶ

270 2567 405 2615 μακροῦ
428 2564 478 2600 δεῖ
497 2562 641 2615 χρόνου,
674 2563 733 2602 καὶ
760 2563 960 2611 συνηθείας,
984 2562 1044 2600 καὶ
1065 2562 1187 2615 πείρας
1207 2565 1309 2617 ἀκρι-

270 2622 349 2666 Εοῦς
367 2622 543 2668 ἀλλήλοιν.
567 2625 681 2662 Τοῦτο
700 2621 735 2660 δὲ
751 2623 923 2675 χαλεπόν.
947 2621 1050 2661 Κατὰ
1070 2621 1106 2660 δὲ
1126 2622 1187 2666 τὰς
1202 2623 1311 2670 ἄλλας

270 2681 386 2733 φιλίας
402 2681 549 2725 πολλοὺς
567 2681 743 2734 ἐνδέχεται
763 2684 886 2735 φιλεῖν·
909 2684 967 2721 καὶ
988 2683 1056 2735 γὰρ
1085 2682 1143 2721 διὰ
1162 2685 1200 2721 τὸ
1219 2685 1308 2736 χρή-

269 2755 372 2791 σιμον
404 2743 547 2784 πολλοῖς
578 2742 736 2793 ἀρέσκειν
759 2742 937 2794 ἐνδέχεται
958 2743 1051 2790 τινά,
1084 2742 1143 2780 καὶ
1167 2743 1223 2782 διὰ
1245 2745 1306 2791 τὴν

267 2797 394 2845 ἡδονὴν
432 2798 579 2842 πολλοὺς
610 2799 805 2852 ἐφέλκεται·
839 2801 961 2840 πολλοὶ
998 2801 1064 2854 γὰρ
1106 2805 1137 2842 οἱ
1173 2802 1306 2848 τούτοις

270 2856 469 2910 χαίροντες,
493 2858 552 2895 καὶ
576 2857 632 2895 διὰ
652 2862 763 2897 ταῦτα
785 2863 981 2913 φιλοῦντες,
1000 2861 1060 2900 καὶ
1081 2863 1157 2900 οὐδὲ
1178 2865 1308 2902 πολλοῦ
1330 2879 1338 2885 “

268 2915 395 2969 χρόνου
428 2915 562 2954 δέονται
595 2933 680 2969 προς
710 2917 749 2956 τὸ
778 2920 900 2972 πεῖραν
928 2919 1048 2959 λαὸεῖν
1085 2921 1214 2974 ‹inpie-z
1243 2924 1310 2961 τῶν

269 2976 403 3028 φίλων,
427 2976 506 3013 ἀλλ’
542 2976 665 3014 αὐτίκα
692 2977 748 3014 διὰ
779 2978 842 3024 τὴν
877 2979 999 3031 χρείαν
1027 2979 1048 3027 ἢ
1083 2981 1145 3027 τὴν
1183 2981 1310 3029 ἡδονὴν

268 3035 477 3085 ὁμολογουσι
506 3035 631 3087 φιλεῖν.
655 3033 703 3073 ‘H
725 3038 766 3085 μὲ
770 3052 786 3073 ν
810 3040 867 3074 οὖν
896 3038 1011 3077 τελεία
1039 3041 1136 3092 φιλία
1165 3040 1258 3078 ἐστὶν
1285 3044 1307 3088 ἡ

270 3091 327 3130 διὰ
342 3091 381 3130 τὸ
401 3092 542 3143 ἀγαθόν·
563 3095 599 3131 αἱ
617 3092 652 3131 δὲ
674 3094 750 3132 καθ’
781 3094 969 3146 ὁμοιότητα
990 3100 1011 3144 ἡ
1041 3114 1103 3136 του
1130 3100 1307 3153 χρησίμου

269 3150 329 3190 καὶ
349 3154 409 3189 τοῦ
429 3151 540 3198 ἡδέος.

324 3210 374 3227 *¹⁸
377 3211 395 3228 *
409 3212 490 3251 Τῶν
508 3209 543 3250 δὲ
555 3211 632 3250 καθ’
644 3211 866 3263 ὁμοιότητα-ἡ
882 3230 940 3253 του
956 3215 1053 3262 ἡδέος
1062 3219 1195 3268 μαλλον
1208 3219 1310 3271 ὁμοία

271 3270 345 3311 ἐστι
362 3275 405 3324 τῇ
425 3272 572 3324 ἀληθινῇ
598 3271 722 3325 φιλία,
742 3271 824 3311 ὅταν
857 3273 901 3311 τὰ
925 3276 1011 3314 αὐτὰ
1038 3278 1120 3329 παρ’
1144 3279 1307 3326 ἀλλήλοιν

1075 218 1359 260 ANDRONICI
1386 217 1564 258 RHODII

1357 320 1456 345 causa
1474 320 1528 343 res
1546 312 1614 351 est,
1642 317 1720 352 quae
1746 309 1818 352 ipsa
1848 308 2002 343 amicitiae
2029 307 2161 343 notione
2180 309 2405 342 continetur-:2

1359 361 1494 394 habitus
1520 369 1598 402 ergo
1621 362 1673 392 est
1701 359 1858 392 amicitia,
1893 361 1996 392 Porro
2017 358 2124 400 diligit
2145 357 2264 400 aliquis
2285 357 2409 400 bonum

1359 411 1521 449 amicum,
1549 410 1629 453 quia
1659 410 1722 452 ipsi
1746 410 1854 442 bonus
1880 410 1957 442 est:
1980 417 2087 450 quum
2112 407 2201 440 enim
2222 408 2275 443 vir
2301 408 2409 442 bonus

1360 461 1485 493 amicus
1508 461 1562 499 iit,
1590 460 1695 492 bonus
1711 468 1844 516 quoque
1863 458 1901 490 fit
1922 457 2053 491 amico:
2071 458 2214 500 uterque
2240 457 2341 501 igitur
2359 455 2409 490 al-

1361 513 1470 544 terum
1487 512 1645 553 tanquam
1664 509 1833 552 proprium
1855 509 1979 541 bonum
2003 509 2113 548 amat,
2139 507 2303 552 simulque
2322 507 2410 542 bona

1361 558 1409 591 illi
1430 560 1534 599 optat,
1549 559 1582 590 et
1603 557 1718 590 eodem
1738 555 1836 596 modo
1850 554 2017 597 jucundus
2033 556 2095 587 est.

1401 606 1551 648 Denique
1572 614 1632 647 par
1651 604 1722 646 pari
1738 603 1867 637 refert.
1885 612 1962 635 nam
1981 602 2130 635 amicitia
2149 602 2254 645 vulgo
2264 601 2407 647 aquali-

1362 655 1414 687 tas
1438 655 1606 686 vocatur·
1630 653 1702 685 haec
1725 654 1838 685 autern
1858 660 1923 683 non
1943 650 2012 683 sine
2037 649 2172 684 consilio
2196 649 2308 693 fiunt·
2298 669 2315 695 5
2333 656 2412 704 ορῃρ

1362 701 1473 734 silium
1491 710 1571 734 vero
1587 700 1630 733 ab
1645 699 1763 732 habitu
1787 697 2031 742 proficiscitur·
2057 696 2206 730 amicitia
2222 705 2300 739 ergo
2314 687 2412 744 lubj-

1363 750 1419 781 tus
1440 749 1514 781 est:
1538 749 1573 781 at
1588 747 1744 781 amatio
1726 772 1735 789 ‚
1759 755 1866 790 quum
1892 745 1962 779 sine
1987 743 2124 797 consilio
2147 743 2204 786 fit,
2224 733 2347 778 merub‘
2356 734 2414 776 ’ἀεὶ

1364 795 1517 831 affectus.

1792 894 1872 936 Cap.
1895 893 1987 926 VIII.

1366 1010 1442 1040 Fieri
1464 1017 1527 1039 non
1555 1016 1649 1046 posse,
1663 1010 1700 1039 ut
1716 1009 1784 1046 quis
1802 1006 1936 1046 perlecta
1952 1007 2120 1037 multorum
2143 1005 2276 1035 amicitia
2296 1006 2411 1042 utatur,

1438 1058 1470 1086 et
1482 1056 1583 1094 quales
1596 1063 1703 1086 eorum
1717 1057 1768 1093 qui
1780 1055 1962 1085 auctoritate
1976 1053 2085 1084 florent
2103 1052 2244 1083 amicitiae
2258 1053 2331 1083 sint.

1408 1146 1525 1180 Omnia
1547 1146 1647 1188 igitur
1674 1153 1750 1188 quae
1774 1144 1817 1177 ad
1838 1143 2025 1177 amicitiam
2053 1143 2203 1185 spectant
2221 1142 2266 1182 {et
2292 1141 2416 1175 amicos

1367 1205 1500 1245 decent,
1523 1205 1557 1237 in
1579 1205 1648 1236 sola
1663 1205 1828 1236 bonorum
1859 1201 2005 1235 amicitia
2023 1201 2134 1234 locum
2159 1199 2314 1234 habent&
2329 1198 2417 1234 iuter

1368 1266 1517 1297 austeros
1545 1264 1658 1296 autem
1677 1265 1710 1296 et
1730 1271 1824 1295 senes
1844 1270 1882 1294 eo
1898 1261 2009 1293 minus
2034 1259 2181 1293 amicitia
2207 1258 2414 1300 conciliatur,

1367 1332 1434 1365 quo
1451 1324 1529 1355 sunt
1551 1321 1754 1355 difficiliores
1781 1321 1957 1363 minusque
1980 1319 2154 1353 hominum
2182 1314 2359 1362 congressa
2382 1319 2417 1352 et

1369 1390 1518 1415 sermone
1533 1381 1740 1415 delectantur
1764 1392 1772 1412 ι
1794 1389 1871 1413 nam
1898 1389 2006 1413 sermo
2026 1381 2060 1413 et
2090 1378 2262 1419 convictus
2279 1378 2419 1412 adcon-

1369 1441 1594 1483 glutinandam
1625 1440 1803 1473 amicitiam
1833 1439 1943 1472 valere
1971 1439 2136 1472 videntur.
2201 1439 2323 1481 ltaque
2351 1437 2419 1471 eim

1370 1501 1453 1533 liunt
1466 1501 1606 1543 juvenes
1627 1500 1740 1539 amici,
1761 1507 1855 1532 senes
1868 1508 1932 1531 non
1954 1498 2036 1532 item
2056 1509 2064 1531 :
2082 1506 2190 1542 neque
2211 1497 2302 1531 enim
2317 1497 2414 1540 quis-
2463 1506 2467 1512 ·
2498 1495 2500 1501 '

1369 1570 1471 1603 quam
1491 1560 1544 1599 ei,
1575 1569 1642 1603 quo
1667 1561 1721 1593 vel
1741 1569 1807 1592 non
1830 1558 2030 1598 delectatur,
2054 1559 2109 1592 vel
2139 1566 2217 1591 cum
2252 1565 2322 1600 quo
2350 1564 2420 1598 ‚non

1374 1619 1512 1652 libenter
1530 1620 1755 1657 conversatur,
1774 1626 1846 1652 esse
1865 1617 1990 1650 amicus
2005 1618 2114 1660 potest
2135 1627 2142 1650 :
2161 1615 2252 1659 quod
2268 1615 2304 1649 in
2327 1615 2417 1650 seni-

1371 1681 1434 1713 bus
1453 1689 1518 1713 non
1535 1679 1631 1712 facile
1650 1679 1758 1712 evenit
1780 1692 1788 1712 :
1815 1688 1934 1721 parum
1950 1678 2037 1711 enim
2064 1677 2246 1720 voluptatis
2268 1676 2357 1710 inest
2381 1676 2417 1709 in

1371 1740 1447 1773 illis.
1474 1739 1696 1778 Quamobrem
1720 1747 1761 1771 ne
1781 1739 1905 1772 austeri
1921 1738 2058 1780 quidem
2080 1736 2178 1770 facile
2189 1737 2274 1770 liunt
2298 1735 2394 1769 amici
2407 1759 2416 1775 ‚

1372 1798 1430 1832 sed
1457 1798 1608 1831 benevoli
1632 1797 1714 1830 tales
1732 1798 1843 1839 potius
1858 1798 1944 1830 inter
1965 1806 2004 1830 se
2016 1798 2119 1829 sunt·
2147 1796 2234 1829 hona
2252 1794 2341 1829 enim
2356 1793 2421 1828 sibi

1371 1860 1488 1891 mutuo
1503 1859 1635 1900 optant,
1665 1857 1789 1899 quibus
1809 1858 1921 1909 egent,
1937 1855 1996 1889 sed
2017 1857 2052 1888 et
2073 1855 2157 1889 alter
2173 1855 2216 1888 ab
2239 1854 2344 1888 altero
2362 1862 2420 1887 ao-

1372 1918 1450 1959 cipit
1459 1926 1535 1960 quae
1551 1916 1738 1950 desiderat:
1755 1915 1886 1949 sednon
1905 1914 2083 1949 admodum
2103 1916 2181 1947 sunt
2199 1913 2317 1953 amici,
2339 1913 2420 1956 quia

1372 1985 1478 2018 neque
1500 1985 1566 2008 una
1582 1977 1670 2008 totos
1686 1975 1756 2008 dies
1769 1976 2032 2017 commorantur,
2054 1982 2162 2017 neque
2179 1973 2263 2006 alter
2280 1971 2418 2006 alterius

1371 2036 1520 2069 moribus
1543 2035 1736 2074 delectatur,
1771 2043 1847 2077 quae
1879 2034 2023 2068 maxime
2056 2033 2210 2067 amicitiae
2245 2032 2419 2067 convenire

1373 2104 1511 2138 eamque
1531 2094 1638 2128 facere
1654 2094 1821 2127 videntur.

1414 2154 1479 2188 Sed
1500 2154 1643 2197 perfecta
1659 2163 1735 2186 cum
1750 2153 1867 2186 multis
1884 2151 2035 2186 amicitia
2057 2150 2197 2191 nemini,
2215 2149 2275 2195 qui
2286 2149 2339 2184 vir
2357 2150 2420 2184 bo-

1373 2223 1435 2246 nus
1452 2214 1506 2252 sit,
1533 2212 1736 2246 intercedere
1755 2214 1882 2255 potest,
1913 2212 2000 2245 sicut
2030 2211 2103 2245 fieri
2129 2209 2266 2254 nequit,
2285 2210 2326 2243 ut
2341 2209 2420 2252 quis
2470 2212 2471 2226 ³

1372 2273 1553 2306 multarum
1571 2281 1682 2306 amore
1694 2281 1760 2305 uno
1777 2274 1924 2314 tempore
1935 2271 2058 2313 flagret.
2082 2272 2168 2304 Nam
2186 2269 2288 2315 nimia
2305 2267 2422 2302 amici-

1372 2332 1428 2365 tiae
1447 2333 1551 2365 forma
1568 2332 1715 2375 perfecta
1735 2331 1880 2365 amicitia
1896 2331 2039 2365 videtur.
2053 2333 2124 2364 Hoc
2142 2332 2254 2364 autem
2266 2332 2343 2363 cu'm
2355 2339 2422 2362 uno

1372 2392 1535 2425 duntaxat
1555 2391 1678 2434 suscipi
1692 2391 1818 2434 patitur
1836 2400 1948 2424 rerum
1965 2392 2095 2424 natura.
2111 2389 2234 2423 lisdem
2252 2389 2340 2423 enim
2357 2397 2421 2423 ve-

1372 2453 1541 2486 hementer
1556 2451 1733 2490 delectari,
1753 2450 1812 2483 vix
1833 2452 1883 2483 est
1902 2450 2084 2483 multorum
2105 2461 2114 2481 ι
2134 2449 2221 2482 sicut
2241 2457 2302 2482 nec
2315 2448 2419 2482 bonos

1372 2513 1405 2544 et
1423 2511 1542 2553 probos
1570 2510 1693 2543 multos
1712 2509 1857 2552 reperire
1878 2508 1974 2543 facile
2001 2511 2061 2542 est.
2086 2508 2179 2541 Adde
2195 2507 2286 2551 quod
2307 2506 2343 2540 in
2359 2507 2422 2540 tali

1373 2570 1517 2603 amicitia
1543 2572 1615 2602 tum
1634 2569 1768 2611 longum
1794 2571 1926 2611 ternpus
1948 2570 1982 2601 et
2004 2567 2225 2606 consuetudo,
2252 2568 2326 2599 tum
2349 2565 2422 2599 dili-

1372 2639 1450 2671 gens
1466 2629 1647 2661 amicorum
1665 2628 1751 2661 inter
1775 2637 1809 2661 se
1829 2627 2010 2670 exploratio
2035 2626 2228 2669 requiritur.
2255 2627 2337 2659 >Hoc
2358 2634 2421 2658 au-

1373 2691 1439 2722 tem
1452 2688 1586 2723 difficile
1603 2690 1665 2720 est.
1686 2689 1724 2720 In
1742 2687 1878 2729 reliquis
1896 2696 1976 2720 vero
1994 2685 2148 2719 amicitiis
2169 2684 2294 2718 multos
2308 2693 2421 2717 amare

1371 2757 1547 2790 possumus
1565 2761 1572 2780 :
1591 2746 1713 2780 etenim
1738 2748 1771 2779 et
1784 2746 1939 2779 utilitatis
1954 2754 2053 2778 causa
2076 2744 2192 2778 multis
2214 2734 2344 2786 placere
2356 2752 2421 2786 po-

1372 2809 1438 2840 test
1467 2806 1605 2849 aliquis,
1640 2808 1673 2839 et
1702 2806 1874 2848 voluptate
1891 2805 2024 2849 ,multos
2051 2803 2154 2837 allicit
2182 2814 2191 2836 ι
2217 2802 2317 2836 multi
2335 2802 2422 2836 enim

1372 2868 1450 2899 sunt
1475 2866 1535 2908 qui
1569 2865 1621 2898 his
1649 2865 1858 2898 delectantur
1890 2873 1929 2897 ac
1950 2865 2124 2907 propterea
2153 2864 2285 2902 amant,
2314 2869 2422 2904 neque

1372 2926 1468 2966 longo
1483 2927 1630 2967 tempore
1648 2925 1691 2958 ad
1712 2924 1835 2957 amicos
1855 2923 2073 2966 explorandos
2092 2924 2198 2964 egent,
2227 2920 2287 2956 sed
2310 2919 2423 2956 statim

1373 2987 1529 3019 utilitatis
1546 2988 1605 3019 aut
1624 2985 1805 3028 voluptatis
1829 2993 1928 3017 causa
1959 2993 1994 3017 se
2018 2992 2129 3019 amare
2154 2981 2311 3016 fatentur.
2339 2983 2422 3019 Quae

1373 3055 1450 3088 ergo
1470 3045 1549 3078 boni
1573 3055 1672 3080 causa
1700 3043 1887 3077 instituitur
1913 3042 2077 3080 amicitia,
2100 3043 2150 3074 est
2181 3039 2361 3083 perfecta.
2378 3029 2422 3072 ad
2465 3078 2466 3081 Ἴ

1374 3106 1474 3148 hujus
1497 3107 1610 3138 autem
1630 3103 1881 3137 similitudinem
1899 3101 2026 3135 accedit
2049 3110 2088 3133 ea
2109 3108 2186 3143 quae
2211 3098 2367 3132 utilitatis
2388 3087 2423 3131 et
2472 3134 2473 3140 ¹

1373 3164 1553 3206 voluptatis
1569 3173 1669 3197 causa
1691 3162 1910 3196 contrahitur.

1414 3225 1538 3256 Earum
1554 3223 1634 3256 vero
1651 3231 1726 3266 quae
1751 3232 1771 3255 a
1790 3218 2005 3254 similitudine
2026 3218 2282 3252 denominantur
2306 3216 2422 3251 amici-

1373 3283 1420 3317 tia
1440 3282 1622 3325 voluptatis
1653 3291 1751 3315 causa
1774 3281 1942 3314 contracta
1973 3278 2078 3320 magis
2109 3278 2151 3311 ad
2169 3286 2281 3311 veram
2304 3275 2421 3310 amici-

313 3424 331 3441 *
350 3426 413 3457 Καὶ
432 3426 469 3457 τὸ
486 3425 560 3457 ’ίσον
579 3426 817 3459 ἀνταποδίδωσι
840 3430 909 3461 κτλ.
936 3444 978 3451 ——
995 3428 1030 3446 **
1053 3430 1130 3471 Gap.
1153 3433 1181 3463 6.
1206 3431 1294 3463 Ἐν
1278 3433 1312 3464 οὲ
1335 3437 1402 3471 τοῖς
1421 3438 1591 3478 στρυφνοῖς
1618 3436 1673 3469 καὶ
1691 3434 1922 3480 πρεσὸυτικοῖς
1945 3435 2015 3468 κτλ.
2037 3451 2078 3458 —-
2093 3433 2155 3454 *W
2175 3433 2312 3470 Πολλοῖς
2330 3431 2359 3464 δ’
2373 3431 2423 3464 εἴ·

273 3482 325 3503 ναι
345 3474 433 3512 φίλον
450 3473 536 3505 κατὰ
549 3473 606 3511 τήν
629 3474 753 3506 τελείαν
773 3476 841 3508 κτλ
870 3492 902 3500 —-
921 3476 998 3495 *Η*
1015 3478 1145 3510 Τούτων
1164 3479 1199 3510 δε
1222 3481 1342 3520 μᾶλλον
1362 3481 1448 3514 ἔοικε
1466 3482 1554 3524 φιλία
1567 3484 1635 3515 κτλ.

2506 3624 2508 3632 Δ
2477 3492 2508 3582 'At-„m
