2508 3776
300 237 380 278 292

298 346 375 378 την.
432 329 498 373 Ὡς
522 329 562 368 ἂν
585 329 694 374 εἴποις
713 330 835 370 οὒκοῢν
868 331 1087 385 ἐκπλαγῆναι
1116 334 1246 376 δίκαιον
1274 337 1337 386 τὴν

299 389 540 428 αὐτοδίδακτον
570 388 707 442 σοφίαν,
727 384 752 442 ᾗ
776 389 839 437 τὴν
867 391 1031 441 μονάδαῦ
1048 394 1107 434 καὶ
1141 396 1251 435 δυάδα
1278 396 1338 435 καὶ

295 449 373 493 τοὺς
393 448 468 495 ἑξῆς
488 449 653 498 ἀριθμοὺς
673 451 759 500 ζῷον
786 444 875 489 οἶδεν
897 450 1033 504 ἄλογον.
1089 454 1276 509 Ἀνθρώπῳ
1297 455 1333 495 δὲ

295 509 348 547 δεῖ
361 507 477 546 πόσων
492 507 555 559 μὲν
575 511 643 547 τῶν
658 508 890 561 μαθημάτων,
901 510 1017 551 πόσων
1035 511 1071 550 δὲ
1087 515 1156 551 τῶν
1175 516 1336 564 πληγῶν,

292 565 348 605 ἵνα
366 566 388 613 ἢ
411 567 507 618 μάθῃ
522 571 632 607 ταῦτα
652 561 690 606 εῧ
708 567 768 607 καὶ
785 571 914 621 καλῶς,
933 569 956 616 ἢ
973 571 1142 616 πολλάκις
1157 572 1205 622 μὴ
1223 573 1335 627 μάθῃς

342 624 535 677 (AElianus
557 627 605 666 de
633 628 860 666 animalium
892 637 1032 669 natura
1049 630 1123 670 lib.
1148 630 1214 680 IV,
1248 646 1333 685 cap.

294 684 344 721 53
367 684 446 737 περὶ
465 685 560 737 ζῴων
584 688 822 738 ἀριθμητικῶν
844 687 1023 729 Λιὸυκῶν.
1045 688 1194 741 Scripsi
1214 696 1231 713 ⁸
1246 706 1333 730 σκο-

290 743 367 781 πεῒν
394 743 511 796 ἄξιον]
534 746 652 795 vulgo
673 751 800 785 σκοπεῖ
832 745 939 792 ἄξιον.
965 769 1018 778 -
1036 746 1053 771 ¹’
1072 748 1207 801 σοφίαν,
1225 744 1250 799 ἦ
1271 750 1334 797 τὴν

289 802 453 854 μονάδα]
469 817 490 841 e
503 803 669 843 Gesneri
690 804 941 856 conjectura3
975 806 1090 847 codd.
1126 806 1249 860 σοφίαν
1270 807 1333 855 τὴν

287 860 325 899 δέ
340 877 378 912 γε
396 862 546 912 μονάδα.
565 865 638 916 -)

340 921 478 960 125.'Ev
499 921 669 975 Αἰγύπτῳ
683 922 841 972 πίθηκος,
859 923 906 968 ὥς
925 938 1026 975 φησιν
1042 921 1216 974 Εὔδημος,
1234 925 1331 964 ἐδιώ-

288 994 391 1040 κξτο·
417 979 572 1032 αἴλουροι
597 980 636 1019 δὲ
663 976 753 1029 ἦσαν
783 984 814 1020 οἱ
840 982 1034 1026 διώκοντες.
1094 982 1174 1022 Ἀνὰ
1206 983 1333 1036 κράτος

283 1041 343 1076 οὖν
367 1040 632 1094 ἀποδιδράσκων
654 1040 818 1094 ὥρμησεν
839 1040 944 1080 εὖθὺὸ
961 1042 1098 1094 δένδρου
1118 1043 1208 1088 τινός
1220 1058 1230 1069 ·
1247 1046 1278 1083 οἱ
1295 1043 1331 1082 δὲ

282 1097 344 1135 καὶ
355 1098 452 1137 αὐτοὶ
466 1100 624 1153 ἀνέθορον
641 1099 657 1124 b
668 1100 817 1142 ὤκιστα.
834 1098 1006 1154 Ἔχονται
1021 1100 1088 1154 γὰρ
1102 1103 1170 1141 τῶν
1185 1104 1327 1157 φλοιῶν,

284 1155 344 1194 καὶ
369 1155 444 1195 ἔστι
474 1158 533 1196 καὶ
566 1158 698 1204 τούτοις
721 1162 768 1205 εἰς
789 1159 914 1213 δένδρα
940 1159 1132 1199 ἐπιὸαίνειν
1147 1166 1175 1202 ⁰.
1226 1160 1271 1202 ‘O
1295 1161 1329 1200 δὲ

284 1216 332 1258 ὥς
351 1216 515 1263 ἡλίσκετο
541 1211 587 1261 εἷς
608 1217 677 1267 ὤν,
701 1218 761 1257 καὶ
787 1223 899 1257 ταῦτα
920 1218 986 1258 ὕπὸ
1011 1220 1163 1268 πολλῶν,
1191 1221 1329 1273 ἐκπηδᾷ

286 1275 325 1312 ἐκ
345 1278 405 1313 τοῦ
429 1275 597 1327 πρέμνου,
628 1277 688 1315 καὶ
718 1277 846 1316 κλάδου
886 1277 977 1321 τινὸς
998 1278 1244 1330 ὖπηρτημένου
1268 1279 1328 1318 καὶ

280 1333 456 1387 μετεώρου
473 1335 694 1386 λαμὸάνεται
721 1336 844 1389 ἄκραις
858 1342 933 1380 ταῖς
948 1337 1065 1390 χερσί,
1078 1337 1138 1376 καὶ
1153 1339 1327 1390 ἐγκρατῶς

281 1390 397 1444 εἴχετο
418 1394 480 1431 οὐκ
504 1395 514 1408 ’
545 1396 554 1409 ’
583 1395 593 1409 ’
623 1394 632 1409 ’

276 1444 320 1498 ἦν
343 1453 457 1496 αὐτοῖς
479 1452 547 1501 ἔτι,
571 1454 626 1491 ἐπ’
648 1454 756 1501 ἄλλην
786 1453 894 1506 θήραν
915 1453 1149 1506 κατέδραμον.
1209 1453 1255 1494 ‘O
1290 1453 1325 1493 δὲ

278 1508 373 1548 κατὰ
394 1510 527 1558 πολλὴν
547 1510 610 1558 τὴν
632 1512 786 1560 σπουδὴν
801 1512 994 1561 διεσώζετο,
1021 1513 1133 1564 ἑαυτῷ
1165 1512 1328 1565 ὀφείλων,

275 1569 322 1612 ὥς
340 1568 379 1607 τὸ
400 1569 501 1617 εἰκός,
522 1570 694 1622 ζωάγρια.

331 1628 526 1679 (AElianus
546 1629 593 1667 de
613 1630 837 1668 animalium
856 1637 995 1668 natura
1019 1628 1093 1668 lib.
1113 1628 1159 1677 V,
1183 1642 1266 1681 cap.
1289 1646 1322 1679 7.

274 1686 423 1739 Scripsi
439 1687 564 1727 ε”εὖθὺ
584 1689 730 1741 ]vulgo
750 1688 872 1727 εὖαθὺ.
892 1711 945 1717 ———
962 1686 979 1711 ¹³
1001 1688 1185 1740 ἀνέθορον]
1207 1689 1320 1728 codd.

274 1744 468 1798 συνέθορον.
485 1767 539 1776 -
557 1751 572 1770 ⁰
592 1747 806 1797 ἐπιὸαίνειν]
829 1746 919 1785 libri
939 1746 1121 1788 ἐπιὸατόν.
1139 1769 1192 1777 -
1206 1747 1319 1789 Conf-

272 1803 390 1843 Mich.
410 1807 583 1857 Apostol.
611 1804 700 1854 XII,
719 1819 759 1855 9,
786 1805 903 1857 141.)

331 1877 398 1903 126.
432 1863 522 1918 Περὶ
544 1864 580 1902 δὲ
605 1865 650 1902 τὰ
672 1863 914 1915 μαθηματικά,
938 1863 995 1902 διὰ
1012 1863 1047 1902 τί
1059 1867 1121 1903 οὔκ
1139 1863 1208 1903 εἶσὶ
1228 1864 1317 1918 μέρη

275 1924 308 1961 οἱ
333 1922 430 1975 λόγοι
452 1925 521 1961 τῶν
541 1922 652 1973 λόγων
672 1938 684 1971 ;
716 1915 785 1962 οἷον
805 1926 867 1960 τοῦ
887 1921 1017 1961 κύκλου
1037 1922 1083 1962 τὰ
1105 1922 1318 1972 ἡμικύκλια·

275 1982 314 2020 οὗ
353 1981 421 2034 γάρ
455 1983 546 2020 ἐστιν
574 1981 725 2029 αἰσθητὰ
749 1985 876 2021 ταῦτα.
917 1979 970 2021 Ἢ
1008 1981 1105 2020 οὖθὲν
1133 1981 1315 2036 διαφέρεις

274 2039 373 2079 ἔσται
386 2039 454 2092 γὰρ
475 2038 539 2088 ὕλη
563 2039 659 2079 ἐνίων
676 2039 736 2079 καὶ
757 2040 806 2090 μὴ
826 2041 1015 2087 αἰσθητῶν.

328 2099 578 2149 (Aristoteles
606 2098 778 2150 Metaph.
817 2098 889 2139 lib.
920 2099 984 2146 VI,
1008 2112 1092 2151 cap.
1131 2113 1173 2137 11
1205 2112 1312 2150 pag„

279 2158 393 2198 1036.
411 2157 450 2196 b.
470 2161 535 2197 32.
559 2158 622 2196 ed.
642 2159 800 2196 Bekker.
822 2158 919 2196 Vide
941 2158 1092 2197 Bonitz.
1118 2171 1315 2196 commen-

270 2225 340 2256 tar.
362 2230 403 2268 p.
428 2218 517 2261 341.
540 2216 762 2255 Alexander
791 2217 1124 2268 Aphrodisiensis
1149 2230 1189 2268 p.
1220 2218 1313 2265 483,

272 2280 318 2320 14
340 2277 402 2313 ed.
436 2276 587 2315 Bonitz.
621 2275 728 2315 εἰπὼν
766 2275 955 2328 πρότερον,
990 2275 1044 2314 ὅτι
1065 2275 1124 2313 ἐπὶ
1158 2273 1221 2325 μὲν
1263 2277 1314 2328 τῷ

265 2337 330 2382 τῆς
358 2334 538 2382 συλλαὸἧς
564 2334 658 2388 λόγῳ
689 2335 909 2385 λαμὸάνεται
935 2333 980 2373 τὰ
1006 2339 1165 2387 στοιχεῖα
1189 2332 1246 2372 διὰ
1273 2333 1313 2372 τὸ

268 2392 318 2444 μὴ
342 2386 430 2432 εἶναι
452 2393 536 2442 ὕλης
556 2394 645 2446 μέρη
670 2395 746 2433 ἀλλ’
768 2393 898 2442 εἴδους,
923 2392 980 2432 ἐπὶ
997 2393 1032 2433 δὲ
1045 2398 1105 2432 τοῦ
1123 2393 1253 2433 κύκλου
1273 2394 1311 2432 οὗ

266 2453 486 2498 λαμόάνεται
510 2453 555 2493 τὰ
590 2454 802 2505 ἡμικύκλια,
825 2453 878 2492 ὅτι
910 2452 1012 2492 ἔνυλά
1044 2454 1111 2492 εἶσι
1135 2453 1194 2493 καὶ
1218 2453 1309 2506 μέρη

267 2511 352 2559 ὕλης
365 2543 375 2561 ,
397 2514 548 2551 συνεῖδεν
569 2513 728 2552 ἔνστασίν
753 2529 830 2552 τινα
848 2511 1045 2563 δυναμένην
1064 2512 1150 2565 πρὸς
1170 2512 1228 2551 τὸν
1248 2511 1308 2550 λό-

265 2585 325 2621 γον
345 2571 531 2624 φέρεσθαι,
550 2573 593 2620 ἣν
609 2572 824 2626 παρατίθησι
843 2571 905 2611 καὶ
932 2571 1022 2612 λύει.
1056 2569 1244 2625 Ἔφθημεν
1265 2571 1301 2609 δὲ

266 2631 367 2679 ἡμεῖς
388 2630 537 2674 εἰπόντες
556 2631 613 2670 ὅτε
643 2631 806 2684 περὶτῆς
838 2631 1019 2680 συλλαὸἧς
1048 2630 1184 2683 ἔλεγεν,
1211 2629 1306 2675 ὅπως

265 2688 308 2726 τὰ
325 2687 387 2738 μὲν
410 2689 602 2739 ἡμικύκλια
620 2690 703 2738 ὕλης
724 2691 790 2729 εἶσὶ
807 2690 896 2743 μέρη
909 2719 921 2738 ,
949 2688 993 2728 τὰ
1011 2689 1047 2729 δὲ
1066 2694 1227 2742 στοιχεῖα
1244 2690 1308 2727 οὐκ

264 2798 399 2840 quidem
421 2799 605 2838 comedere,
632 2801 840 2834 undecimam
864 2803 976 2835 autem
1001 2801 1186 2844 cuicunque
1203 2800 1306 2834 relin-

263 2866 366 2901 quere
384 2867 394 2891 t
415 2866 475 2891 cur
494 2867 573 2892 vero
597 2868 669 2892 cam
685 2861 718 2893 et
739 2869 806 2902 qua
825 2862 935 2894 mente
958 2862 1118 2904 tanquam
1142 2858 1306 2903 primitias

263 2919 321 2951 aut
349 2916 522 2950 decumam
547 2917 752 2959 relinquant,
774 2927 882 2961 operae
903 2919 1048 2962 pretium
1078 2920 1129 2953 est
1155 2917 1306 2952 conside-

261 2984 348 3009 rare.
369 2974 590 3014 Quamobrem
610 2975 781 3009 verissime
804 2976 910 3016 dIcas,
931 2977 1117 3011 mirandam
1142 2976 1305 3019 quodam-

261 3033 360 3067 modo
374 3042 445 3067 esse
464 3033 686 3075 ingeneratam
707 3034 798 3067 illam
821 3034 930 3068 brutis
955 3036 1150 3069 animalibus
1175 3035 1305 3077 sapien-

260 3093 343 3126 tiam
352 3118 360 3132 ,
377 3101 444 3135 qua
454 3092 583 3125 nemine
595 3091 733 3125 docente
742 3093 920 3132 unitatem,
939 3094 1105 3127 binarium
1115 3095 1149 3127 et
1160 3094 1304 3136 reliquos

261 3151 415 3194 deinceps
431 3160 586 3184 numeros
607 3151 722 3184 sciant.
755 3153 796 3184 At
819 3152 916 3184 homo
939 3155 1021 3195 quot
1042 3153 1219 3196 praeceptis
1245 3155 1303 3186 aut

252 3210 361 3244 -etiam
372 3211 454 3253 quot
465 3209 658 3243 verberibus
667 3209 709 3242 ad
722 3210 795 3243 haec
813 3210 1025 3252 perdiscenda
1044 3214 1136 3254 eget,
1160 3221 1302 3255 quorum

260 3269 431 3303 scientiam
460 3270 572 3302 tamen
596 3278 683 3311 saepe
708 3277 750 3301 ne
774 3269 821 3301 sic
846 3269 981 3311 quidem
1007 3271 1239 3313 consequitur?

305 3333 373 3362 125.
397 3331 508 3367 Quum
523 3328 604 3361 feles
619 3327 749 3361 simiam
767 3327 801 3359 in
818 3329 977 3369 AEgypto‚
1000 3331 1038 3361 ut
1058 3329 1160 3362 refert
1188 3329 1302 3362 Eude-

259 3399 353 3429 mus,
371 3389 632 3433 insequerentur,
651 3389 724 3421 haec
740 3389 850 3421 autem
875 3388 1027 3421 omnibus
1046 3390 1173 3422 viribus
1199 3389 1301 3423 aufu-

259 3449 350 3490 giens
366 3451 457 3483 recta
474 3448 510 3487 in
531 3447 682 3484 arborem
705 3446 881 3489 evasisset,
902 3448 1002 3490 atque
1020 3447 1086 3480 illae
1107 3448 1141 3481 in
1163 3448 1300 3484 eandem

969 239 1169 281 EUDEMI
1199 240 1378 283 RHODII
1406 244 1768 287 PERIPA'PETICI

1400 334 1505 383 εἰσίν,
1524 335 1584 374 καὶ
1603 329 1702 386 οἶμαι
1722 335 1783 374 καὶ
1802 338 1914 375 ταῦτα
1929 336 2069 383 ἐκείνοις
2084 338 2151 378 ἔδει
2167 337 2432 389 συντάττεσθαι,
2492 329 2508 371 -ῗ

1399 392 1459 432 καὶ
1479 392 1562 439 ἴσως
1593 394 1660 432 ὑπὸ
1693 393 1755 445 μὲν
1775 393 2033 447 Ἀριστοτέλους
2053 396 2280 437 συντέτακται
2300 398 2356 452 (ἐν
2374 399 2434 437 οὗ·
2503 395 2508 431 3-

1399 452 1504 506 δεμιᾷ
1523 452 1590 505 γὰρ
1610 455 1678 492 τῶν
1699 451 1815 492 ἄλλων
1842 453 1944 492 αὔτοῦ
1964 451 2213 507 πραγματειῶν
2234 458 2432 510 ιῦρίσκεται

1400 510 1555 550 τοιοῦτόν
1571 526 1606 550 τι
1622 510 1826 560 πεποιηκὼς
1841 514 1943 551 ὁποῖα
1958 514 2102 552 ἐνταῦθα
2120 513 2295 568 φαίνεται)
2313 514 2380 554 ὕπὸ
2396 514 2432 554 δὲ

1397 571 1458 606 τοῦ
1475 569 1641 619 Εὐδήμου
1661 570 1888 623 κεχώρισται.
1905 571 2020 618 Quod
2035 571 2194 623 conjicit
2210 573 2434 614 Alexander

1397 637 1546 678 partem
1588 630 1862 682 disputationis
1902 632 2140 670 Aristoteleae
2171 631 2221 671 ab
2255 631 2433 673 Eudemo

1397 689 1608 738 sepositam
1628 702 1712 729 esse
1746 691 2017 743 (κεχώρισται),
2052 704 2192 742 parum
2219 691 2431 744 probabile

1396 755 1471 796 est3
1507 748 1575 787 sed
1611 761 1700 788 eum
1733 748 1895 789 Eudemi
1934 751 2199 789 recensionem
2237 750 2433 791 librorum

1394 805 1749 858 Metaphysicorum
1771 821 1981 859 agnoscere
1995 817 2170 860 apparet.
2195 808 2257 847 Ad
2271 809 2433 862 eandem

1395 876 1477 901 rem
1496 867 1669 916 pertinet
1700 866 1872 918 Asclepii
1891 866 2002 904 locus
2035 866 2077 904 in
2101 865 2268 905 scholiis
2287 880 2328 919 p.
2353 866 2430 918 519

1392 921 1434 961 b.
1459 923 1507 962 33
1531 925 1592 964 ed.
1616 925 1796 964 Brandis.
1816 928 1834 964 ὁ
1852 923 1888 963 δὲ
1910 924 2037 978 τρόπος
2054 927 2116 970 τῆς
2135 924 2349 976 συντάξεως,
2372 923 2427 964 ὅτι

1394 981 1487 1024 ἐστὶν
1506 986 1528 1031 ἡ
1549 989 1709 1036 παροῦσα
1729 983 1957 1037 πραγματεία
1977 985 2041 1037 οὐχ
2061 983 2190 1035 ὁμοίως
2207 984 2284 1029 ταῖς
2304 984 2428 1029 ἄλλαις

1391 1042 1468 1086 ταῖς
1484 1045 1546 1081 τοῦ
1565 1042 1822 1096 Ἀριστοτέλους
1839 1041 2161 1096 συγκεκροτημένη,
2175 1042 2251 1083 οὐδὲ
2269 1042 2310 1083 τὸ
2329 1041 2430 1083 εὔτα-

1392 1101 1472 1140 κτόν
1501 1117 1538 1140 τε
1558 1102 1618 1141 καὶ
1645 1102 1785 1156 συνεχὲς
1815 1101 1908 1155 ἔχειν
1937 1103 2106 1150 δοκοῦσα,
2131 1102 2224 1141 ἀλλὰ
2249 1101 2330 1145 τινὰ
2366 1100 2429 1153 μὲν

1376 1160 1502 1200 ’λείπει
1518 1163 1564 1205 ὡς
1582 1160 1668 1214 πρὸς
1683 1161 1722 1200 τὸ
1742 1160 1883 1214 συνεχὲς
1901 1163 1963 1207 τῆς
1978 1159 2103 1205 λέξεως
2115 1188 2125 1208 ,
2141 1159 2187 1199 τὰ
2203 1158 2243 1199 δὲ
2258 1158 2296 1206 ἕξ
2309 1159 2425 1200 ἄλλων

1391 1222 1643 1272 πραγματειῶν
1658 1220 1834 1272 ὁλόκληρα
1849 1219 2110 1270 μετενήνεκται,
2120 1216 2180 1258 καὶ
2195 1218 2368 1264 πολλάκις
2383 1217 2428 1258 τὰ

1391 1277 1480 1317 αὐτὰ
1501 1278 1607 1329 λέγει.
1667 1279 1939 1328 Ἀπολογοῦνται
1959 1277 1995 1315 δε
2016 1276 2104 1329 ὑπὲρ
2118 1275 2258 1328 τούτου,
2280 1276 2342 1316 καὶ
2361 1280 2429 1316 κα-

1389 1339 1457 1382 λῶς
1480 1338 1762 1388 ἀπολογοῦνται,
1782 1336 1834 1375 ὅτι
1850 1335 1987 1388 γράψας
2002 1334 2066 1383 τὴν
2096 1338 2282 1388 παροῦσαν
2299 1350 2426 1390 πραγ-

1390 1396 1535 1446 ματείαν
1557 1396 1714 1449 ἔπεμψεν
1731 1394 1839 1443 αὐτὴν
1861 1393 2018 1447 Εὐδήμῳ
2036 1395 2087 1432 τῶ
2107 1394 2234 1448 ἑταίρῳ
2253 1396 2360 1435 αὐτοῦ
2375 1397 2426 1449 τῷ

1388 1455 1514 1508 Ῥοδίῳ
1530 1487 1540 1504 ,
1560 1450 1635 1493 εἶτα
1657 1456 1784 1498 ἐκεῖνος
1804 1454 1943 1501 ἐνόμισε
1967 1453 2016 1504 μὴ
2043 1468 2060 1491 ε
2074 1467 2134 1492 ναι
2153 1453 2261 1493 καλὸν
2277 1455 2326 1498 ὣς
2345 1452 2426 1493 ἔτυ-

1386 1528 1448 1565 χεν
1466 1515 1648 1561 ἐκδοθῆναι
1678 1514 1725 1558 εἷς
1743 1512 1894 1556 πολλοὺς
1913 1511 2129 1560 τηλικαύτην
2156 1512 2419 1564 πραγματείαν.
2483 1544 2498 1561 2

1386 1571 1448 1611 Ἐν
1464 1576 1512 1626 τῷ
1527 1567 1585 1612 οῧν
1602 1572 1702 1626 μέσῳ
1722 1571 1838 1627 χρόνῳ
1855 1571 2060 1619 ἐτελεύτησε
2074 1598 2085 1618 ,
2107 1570 2167 1610 καὶ
2186 1570 2422 1624 διεφθάρησάν

1385 1645 1464 1669 τινα
1484 1635 1545 1669 τοῦ
1569 1630 1720 1683 βιὸλίου.
1741 1629 1804 1677 Μὴ
1837 1630 2033 1680 τολμῶντες
2051 1629 2086 1669 δὲ
2113 1629 2315 1683 προσθεῖναι
2337 1629 2426 1670 οἶκο-

1385 1692 1440 1728 θεν
1458 1690 1489 1727 οἵ
1505 1689 1790 1742 μεταγενέστεροι
1813 1688 1870 1727 διὰ
1884 1689 1924 1727 τὸ
1943 1687 2032 1726 πολὺ
2048 1686 2141 1727 πάνυ
2157 1688 2342 1728 λείπεσθαι
2361 1691 2424 1736 τῆς

1383 1752 1443 1786 τοῦ
1464 1748 1587 1802 ἀνδρὸς
1604 1749 1735 1792 ἐννοίας
1747 1778 1757 1797 ,
1791 1748 1991 1799 μετήγαγον
2016 1749 2057 1786 ἐκ
2083 1749 2154 1786 τῶν
2173 1746 2294 1786 ἄλλων
2311 1748 2420 1787 ubre&

1381 1809 1633 1860 πραγματειῶν
1657 1806 1703 1846 τὰ
1725 1806 1912 1857 λείποντα,
1938 1805 2159 1856 ἁρμόσαντες
2182 1808 2229 1850 ὡς
2252 1800 2296 1854 ἦν
2317 1807 2419 1848 δυνα-

1381 1866 1455 1907 τόν.
1482 1866 1697 1918 (Intelligit
1722 1879 1768 1904 ea
1787 1880 1874 1918 quae
1893 1879 1942 1904 ex
1955 1865 2138 1916 Physicis
2157 1864 2312 1904 decimo
2337 1868 2419 1907 Me-

1381 1925 1671 1977 taphysicorum
1690 1924 1796 1963 libro
1813 1924 2166 1973 insertaleguntur.
2181 1922 2242 1963 Cf.
2262 1924 2415 1977 Bonita.
2480 1959 2483 1972 2

1381 1993 1631 2024 commentar.
1651 1998 1692 2035 p.
1719 1998 1756 2031 7.
1772 1985 1782 2034 )
1805 1984 1859 2023 Οὔ
1875 1982 1943 2033 μὴν
1961 1980 2052 2021 ἀλλὰ
2071 1980 2132 2020 καὶ
2149 1981 2184 2020 ἐν
2197 1981 2331 2028 τούτοις
2348 1999 2418 2023 σω-

1379 2043 1527 2093 ζομένην
1549 2042 1642 2095 εὕροι
1667 2042 1709 2081 ἄν
1731 2057 1782 2085 τις
1800 2040 1863 2089 τὴν
1885 2043 1954 2080 τῶν
1975 2038 2171 2092 λεγομένων
2192 2041 2416 2086 ἀκολουθίαν.

1380 2096 1471 2143 Εἶτα
1502 2101 1622 2141 λοιπὸν
1645 2101 1697 2140 δεῖ
1715 2100 1825 2140 εἰπεῖν
1851 2100 1912 2138 καὶ
1943 2098 2101 2151 περὶτοῦ
2131 2097 2287 2150 μεγάλου
2321 2099 2416 2155 ἄλφα

1378 2161 1438 2199 καὶ
1461 2160 1540 2213 περὶ
1568 2163 1628 2199 τοῦ
1666 2162 1794 2212 μικροῦ
1819 2158 1928 2211 ἄλφα.
1961 2156 2106 2198 Εἰδέναι
2126 2156 2241 2197 τοίνυν
2267 2158 2340 2213 χρὴ
2361 2160 2415 2211 ὅτι

1377 2220 1619 2272 δεκατέσσαρα
1651 2217 1773 2272 βιὸλία
1805 2216 1955 2271 ἔγραψεν
1981 2219 1999 2256 ὁ
2031 2215 2275 2269 Ἀριστοτέλης
2302 2219 2338 2258 ἔν
2368 2222 2413 2272 τῇ
2484 2260 2485 2265 ,

1376 2277 1537 2331 παρούσῃ
1576 2274 1825 2330 πραγματείᾳ·
1862 2274 1969 2328 μέχρι
2003 2273 2073 2327 γὰρ
2103 2276 2164 2312 τοῦ
2185 2290 2203 2313 ν
2239 2275 2415 2328 στοιχείου

1375 2337 1506 2390 ἔγραψε
1520 2335 1581 2375 καὶ
1595 2337 1716 2375 αὐτοῦ.
1738 2334 1840 2378 Τινὲς
1854 2333 1891 2372 δὲ
1904 2333 2084 2384 εἰρήκασιν
2098 2329 2152 2369 ὅτι
2172 2333 2350 2386 δεκατρία·
2369 2335 2413 2375 τὸ

1377 2394 1446 2448 γὰρ
1469 2395 1586 2445 μεῖζον
1614 2393 1714 2446 ἄλφα
1731 2422 1740 2440 ,
1760 2392 1842 2444 περὶ
1861 2385 1899 2430 οὗ
1916 2394 1978 2430 νῦν
2009 2389 2156 2445 πρώτως
2186 2389 2408 2443 διαλέγεται,

1375 2454 1414 2493 οὔ
1439 2468 1545 2506 φασιν
1580 2445 1669 2491 εἶναι
1703 2451 1834 2493 αὐτοῦ,
1871 2448 1963 2489 ἀλλὰ
1989 2449 2212 2494 Πασικλέους
2241 2450 2306 2489 τοῦ
2333 2451 2408 2490 υῖοῦ

1376 2513 1534 2563 Βοήθου,
1550 2513 1610 2549 τοῦ
1641 2510 1790 2561 ἀδελφοῦ
1822 2507 2013 2559 Εὖδήμου,
2033 2511 2093 2548 τοῦ
2119 2506 2257 2561 ἑταίρου
2276 2508 2400 2550 αὐτοῦ.

1373 2572 1451 2611 Οὐκ
1471 2570 1546 2609 ἔστι
1564 2567 1600 2609 δὲ
1615 2567 1752 2617 ἀληθές·
1773 2567 1923 2613 σώζεται
1942 2567 2010 2620 γὰρ
2032 2569 2052 2614 ἡ
2069 2570 2132 2606 τοῦ
2148 2565 2405 2620 Ἀριστοτέλους

1373 2628 1525 2676 δεινότης
1546 2627 1606 2666 καὶ
1625 2628 1664 2666 ἐκ
1682 2629 1746 2674 τῆς
1775 2624 1899 2671 λέξεως
1927 2624 1986 2664 καὶ
2008 2627 2048 2664 ἐκ
2069 2628 2132 2672 τῆς
2156 2625 2322 2678 θεωρίας,
2348 2625 2410 2666 καὶ

1371 2686 1460 2726 πολὺ
1478 2686 1584 2726 πλέον
1605 2685 1658 2724 ὅτι
1681 2685 1859 2736 μέμνηται
1877 2684 1981 2723 αὐτοῦ
1996 2685 2030 2722 ἐν
2050 2686 2101 2736 τῷ
2115 2682 2276 2724 ἐλάττονι
2295 2683 2405 2739 ἄλφα.

1365 2798 1516 2833 arborem
1532 2797 1769 2830 inscendissent
1785 2795 1848 2837 (ad
1863 2794 2019 2828 corticem
2034 2793 2121 2828 enim
2144 2794 2407 2840 adboereseentes

1364 2866 1497 2892 sursum
1511 2858 1641 2900 reptare
1654 2854 1780 2896 sciunt)
1793 2868 1801 2887 ι
1819 2854 1891 2887 Ιιεοο
1904 2861 1992 2893 sane,
2010 2853 2127 2896 utpote
2145 2852 2215 2887 sola
2227 2853 2406 2896 apim-ibus

1363 2917 1597 2956 circumventa,
1607 2924 1649 2950 ex
1655 2914 1780 2948 arboris
1794 2915 1912 2946 trunco
1924 2912 1959 2945 in
1970 2920 2101 2945 ramum
2107 2916 2302 2955 suspensum
2311 2913 2347 2948 et
2355 2912 2405 2947 al-

1363 2977 1436 3009 tum
1447 2975 1591 3014 insiluit,
1605 2983 1706 3017 quem
1715 2982 1875 3006 manuum
1896 2970 2162 3005 extremitatibus
2181 2972 2273 3005 arcte
2285 2973 2402 3006 tenens

1362 3034 1422 3068 diu
1433 3034 1642 3077 multumque
1653 3031 1818 3075 pependit.
1838 3030 1932 3064 Feles
1944 3031 2058 3064 autem
2066 3028 2223 3073 quoniam
2234 3039 2274 3065 eo
2283 3039 2403 3074 perve-

1362 3095 1433 3127 nire
1451 3093 1593 3136 amplius
1609 3101 1674 3125 non
1698 3090 1860 3134 poterant,
1880 3088 1923 3122 ad
1942 3087 2041 3121 aliam
2050 3087 2197 3131 praedam
2211 3087 2401 3132 capiendam

1362 3160 1521 3195 aggressae
1533 3152 1622 3184 sunt.
1637 3150 1680 3182 At
1697 3148 1791 3182 simia
1803 3146 1916 3180 sedulo
1927 3145 2112 3188 periculum
2127 3143 2262 3187 effugit,
2279 3145 2402 3188 quippe

1361 3218 1447 3253 quae,
1468 3210 1507 3242 ut
1534 3217 1594 3251 par
1611 3208 1678 3247 est,
1702 3205 1765 3240 sibi
1780 3204 1842 3238 soli
1869 3203 1985 3237 salutis
2002 3203 2176 3246 praemium
2190 3201 2335 3236 deberet.

1404 3272 1473 3302 126.
1497 3269 1535 3300 In
1549 3265 1728 3309 disciplinis
1743 3262 1985 3298 mathematicis
2004 3271 2083 3296 vero
2100 3271 2161 3295 cur
2175 3261 2318 3294 rationes
2331 3270 2398 3294 non

1359 3329 1437 3360 sunt
1445 3328 1556 3369 partes
1570 3323 1757 3358 rationum?
1769 3324 1808 3355 ut
1824 3321 2022 3355 circulorum
2043 3319 2250 3354 semicirculi.
2267 3318 2397 3360 Quippe

1358 3387 1438 3419 talia
1460 3394 1526 3418 non
1542 3386 1620 3418 sunt
1639 3381 1815 3416 sensibilia.
1834 3382 1883 3413 An
1905 3380 1987 3413 nihil
2015 3379 2182 3413 interest?
2206 3378 2278 3411 Erit
2307 3377 2395 3410 enim

1359 3443 1566 3488 quorundam
1577 3469 1585 3483 ,
1610 3442 1711 3477 etiam
1724 3449 1789 3475 non
1804 3439 2015 3479 sensibilium,
2039 3437 2186 3471 materia.

2479 3057 2508 3139 Ξ

2447 3140 2508 3316 ’Ξ

2486 3365 2508 3506 Ξ

2472 3511 2508 3609 Ξ
