2508 3776
243 175 321 214 572

294 260 452 311 (Scripsi
473 274 481 296 z
504 267 516 284 ³
536 256 758 310 εὐεργεσίας]
776 257 862 296 cod.
882 256 1068 309 εὖεργείας.
1091 279 1144 288 —
1162 260 1177 284 ¹³
1192 274 1275 298 συν-

238 319 365 370 εστώς]
387 332 473 356 cum
496 317 578 355 cod.
601 330 651 363 at,
673 317 759 357 cod.
782 316 822 356 b.
854 315 1007 355 συνδέον.
1028 309 1103 370 —-)

292 374 519 422 Κατάπληξις
539 375 573 413 δὲ
595 374 698 427 φόὸος
718 377 756 413 ἐκ
785 374 939 425 μείζονος
968 375 1172 428 φαντασίας.

289 435 409 474 Δειλία
432 433 465 472 δὲ
489 433 715 487 ἀποχώρησις
733 433 803 472 ἀπὸ
832 433 1039 487 φαινομένου
1067 435 1276 484 καθήκοντος

235 495 290 534 διὰ
310 493 502 549 φαντασίαν
517 500 531 517 ³
550 493 673 532 δεινοῦ.

235 553 439 605 Ψοφοδέεια
453 552 469 576 ¹>
491 552 526 590 δὲ
547 551 648 604 φόόος
665 551 774 596 κενός.

286 610 432 664 Ἀγωνία
453 611 488 650 δὲ
515 610 617 665 φόὸος
652 608 901 657 διαπτώσεως,
926 610 948 659 ἢ
969 609 1074 662 φόὸος
1094 610 1223 659 ἥττης,
1251 611 1274 659 ἢ

234 671 336 724 φόὸος
357 669 578 722 ἐμποιητικὸς
604 669 768 708 ἐναντίων
791 668 965 720 ἐλπίδων,
989 670 1068 723 περὶ
1090 664 1138 710 ὧν
1159 669 1269 724 ὄρεξιν

232 729 381 784 σφοδρὰν
401 728 542 781 ἔχομεν.
559 739 574 758 ⁰
866 767 868 769 ,

285 787 462 834 Μέλλησις
483 787 518 825 δὲ
539 786 636 830 ὄκνος
664 784 888 837 διεγνωκότος
908 786 1033 827 ποιεῖν.

285 845 462 900 Ὀῤῥωδία
481 846 515 885 δὲ
538 844 641 898 φόὸος
661 843 890 891 ἐννοηθέντος.

284 905 442 959 Θόρυὸος
460 903 496 943 δὲ
519 904 621 958 φόὸος
643 902 732 955 μετὰ
749 906 865 957 φωνῆς
886 904 1120 955 κατεπείγων.

284 963 547 1014 Δεισιδαιμονία
575 962 610 1002 δὲ
641 961 746 1016 φόὸος
767 965 826 1001 τοῦ
862 962 1046 1014 δαίμονος,
1069 962 1091 1011 ἢ
1125 963 1271 1014 ὑπερέκ-

230 1039 361 1067 πτωσις
377 1027 438 1071 τῆς
459 1022 543 1076 πρὸς
559 1020 653 1066 θεοὺς
672 1024 791 1074 τιμῆς.

282 1082 453 1135 (Scripsi
477 1097 517 1120 :a
538 1081 595 1120 διὰ
626 1081 846 1134 φαντασίαν]
877 1095 964 1120 cum
990 1082 1079 1122 cod.
1107 1095 1150 1130 a;
1183 1082 1270 1122 cod.

229 1141 269 1180 b.
295 1141 351 1180 διὰ
367 1141 636 1195 φαντασίας.-
650 1140 666 1165 b
684 1140 886 1196 ψοφοδέεια]
908 1141 997 1182 cod.
1014 1140 1200 1195 ψοφοδέϊα.
1222 1163 1274 1171 -

229 1199 380 1252 ἔχομεν]
402 1201 488 1240 cod.
512 1200 666 1252 ἔχωμεν.
691 1203 768 1247 -)

559 1257 771 1308 Ἐπιθυμίας
794 1257 829 1296 δὲ
854 1257 941 1305 εἴδη.

282 1316 394 1370 Ὀργή
407 1316 542 1367 ,θυμός
555 1346 566 1364 ,
580 1315 698 1368 χόλος,
722 1316 860 1368 πικρία,
884 1319 984 1366 μῆνις
997 1345 1007 1363 ,
1029 1315 1131 1360 κότος
1142 1345 1152 1364 ,
1170 1315 1270 1368 ἔρως,

226 1375 347 1428 ἵμερος
363 1406 372 1423 ,
396 1375 520 1426 πόθος,
551 1375 759 1425 δυσμένεια,
789 1373 952 1423 δύσνοια,
975 1374 1157 1428 ἁψικορία,
1178 1377 1274 1428 ῥιψο-

227 1434 399 1487 φθαλμία,
421 1433 568 1484 σπάνις,
585 1433 776 1486 τραχύτης,
800 1433 882 1486 ἔρις,
904 1433 1121 1487 προσποίθεια
1135 1464 1147 1486 ,
1163 1436 1271 1488 φιλη-

227 1493 343 1543 δονία,
362 1493 628 1546 φιλοχρηματία
641 1523 651 1541 ,
670 1491 869 1547 φιλοτιμία,
888 1489 1072 1546 φιλοζωία,
1087 1511 1102 1530 a
1123 1495 1272 1547 φιλοσω-

228 1551 335 1602 ματία
348 1581 358 1599 ,
381 1551 643 1604 γαστριμαργία
659 1581 669 1599 ,
704 1550 926 1604 οἰνοφλυγία,
951 1550 1110 1602 λαγνεία.

282 1610 452 1663 (Scripsi
469 1625 478 1649 ε
497 1615 512 1634 ³
536 1609 728 1664 φιλοζωῗα]
752 1610 839 1649 cod.
863 1610 1042 1662 φιλοζώϊα.
1058 1611 1132 1663 ·-)

581 1667 687 1721 ‘'Opoi
707 1671 774 1707 τῶν
799 1669 915 1708 εἰδῶν.

279 1725 392 1779 Ὀργὴ
418 1725 480 1777 μὲν
513 1719 569 1765 οῧν
602 1728 695 1765 ἐστιν
718 1727 883 1777 ἐπιθυμία
910 1726 1080 1780 τιμωρίας
1111 1731 1170 1767 τοῦ
1190 1728 1269 1775 ἠδι-

225 1785 372 1834 κηκέναι
388 1786 587 1830 δοκοῦντος·
608 1785 631 1832 ἢ
655 1785 749 1833 λύπη
780 1786 855 1837 μεθ’
880 1786 1087 1840 ὑπολήψεως
1105 1790 1165 1827 τοῦ
1194 1786 1269 1827 ὸλι-

225 1849 427 1898 γωρεῖσθαι.

278 1902 402 1953 Θυμὸς
421 1902 457 1942 δὲ
477 1901 563 1955 ὀργὴ
587 1902 820 1955 ε’ναρχομένη.
841 1930 858 1949 a

278 1961 390 2005 Χόλος
414 1960 449 2000 δὲ
469 1961 555 2014 ὀργὴ
578 1962 769 2001 διοιδοῦσα.

279 2020 411 2073 Πικρία
434 2021 468 2058 δὲ
491 2020 576 2072 ὀργὴ
603 2024 825 2073 παραχρῆμα
846 2019 1103 2073 ἔκρηγνυμένη.

277 2082 394 2126 Μῆνις
410 2079 444 2118 δὲ
463 2080 548 2131 ὀργὴ
578 2080 624 2123 εἷς
640 2079 837 2117 παλαίωσιν
857 2079 1106 2131 ἀποτιθεμένη.

276 2139 386 2183 Κότος
407 2138 441 2176 δὲ
460 2138 545 2191 ὀργὴ
569 2138 688 2191 καιρὸν
710 2139 938 2191 ἐπιτηροῦσα.

272 2196 391 2252 ’Ἔρως
411 2198 446 2237 δὲ
467 2197 633 2248 ἐπιθυμία
663 2196 797 2250 φιλίας·
827 2197 849 2245 ἢ
879 2196 1045 2248 ἐπιθυμία
1076 2199 1152 2235 θεοῦ
1172 2195 1189 2221 1>
1221 2199 1267 2241 εἷς

220 2260 312 2297 ναῶν
332 2257 598 2308 κατακόσμησιν
615 2266 630 2285 c
650 2258 781 2304 καλῶν,
800 2259 814 2282 ‘³
832 2255 869 2295 ὃν
887 2256 946 2295 καὶ
962 2264 977 2283 ‘³
996 2254 1167 2304 ἓπιὸολὴν
1181 2261 1191 2284 s
1205 2272 1266 2294 κα-

219 2318 317 2355 λοῦσι
337 2314 532 2368 φιλοποιίας
547 2322 562 2345 Β
581 2314 638 2353 διὰ
657 2315 784 2359 κάλλος
805 2314 1071 2368 ἐμφαινόμενον.

276 2375 446 2426 (Scripsi
471 2389 480 2412 :
502 2381 517 2399 ³
533 2373 777 2427 ἐναρχομένη]
801 2375 889 2414 cod.
910 2373 1149 2426 ἀναρχομένη.
1195 2396 1247 2403 —

219 2433 321 2487 θεοῦ]
343 2447 431 2472 cum
452 2434 540 2472 cod.
569 2434 620 2482 b3
642 2434 730 2474 cod.
760 2447 782 2471 a
811 2437 904 2486 θροῦ.
927 2439 1009 2464 —0
1028 2431 1260 2482 κατακόσμη-

219 2496 295 2544 σιν]
316 2493 431 2532 codd.
451 2491 542 2530 κατὰ
557 2491 730 2541 κόσμησιν
750 2515 803 2523 —
820 2492 835 2516 ‘¹
853 2492 1000 2544 καλῶν]
1016 2506 1103 2530 cum
1116 2493 1201 2530 cod.
1223 2506 1263 2544 :13

219 2551 306 2591 cod.
326 2550 366 2589 b.
391 2548 451 2588 καὶ
471 2550 603 2588 καλῶν.
625 2555 701 2578 —0
718 2549 754 2588 ὃν
774 2547 862 2602 καὶ]
878 2549 989 2588 codd.
1012 2548 1070 2596 ἣν.
1089 2569 1142 2578 ——
1162 2546 1263 2588 sim-

220 2608 325 2656 ὅολὴν
342 2610 355 2660 ]
375 2623 462 2647 cum
483 2609 570 2648 cod.
587 2608 636 2657 b3
661 2609 748 2648 cod.
769 2622 792 2647 a
822 2607 1020 2656 ἐπιὸουλὴν.
1041 2629 1095 2637 -
1123 2613 1139 2637 8
1159 2610 1261 2662 φιλο-

218 2667 357 2719 ποιίας]
377 2667 463 2707 cod.
493 2667 705 2719 φιλοπονίας.
727 2667 808 2719 —)

270 2726 408 2778 Ἵμερος
431 2725 466 2764 δὲ
485 2725 650 2776 ἐπιθυμία
675 2726 774 2778 φίλου
795 2725 946 2771 ἀπόντος
962 2724 1112 2776 ὁμιλίας.

272 2786 384 2830 Πόθος
402 2785 438 2824 δὲ
461 2786 626 2835 ἐπιθυμία
646 2785 738 2825 κατὰ
759 2785 871 2839 ἔρωτα
896 2785 1059 2829 ἀπόντος.

270 2845 468 2896 Δυσμένεια
490 2845 526 2884 δὲ
546 2844 686 2885 δύσνοια
709 2845 939 2899 ἐπιτηρητικὴ
955 2846 1016 2884 καὶ
1032 2844 1258 2888 κακοποιόςῧ.

269 2905 420 2944 Δύσνοια
452 2905 488 2943 δὲ
516 2905 681 2956 ἐπιθυμία
707 2909 767 2946 τοῦ
787 2908 904 2950 κακῶς
924 2911 1035 2945 ποιεῖν
1054 2920 1133 2943 τινα
1148 2909 1165 2934 b
1183 2905 1259 2944 ἕνε-

216 2980 273 3003 κεν
296 2965 439 3003 ἐκείνου.

251 3022 255 3024 ’
270 3024 449 3078 Ἁψικορία
471 3024 506 3063 δὲ
522 3023 689 3071 ἐπιθυμία
707 3024 797 3076 ταχὺ
817 3024 1085 3076 ἐμπιπλαμένη.

270 3082 532 3137 Ῥιψοφθαλμία
548 3083 562 3102 ⁰
595 3081 631 3121 δὲ
662 3082 816 3134 ταχυτὴς
831 3083 845 3106 ‘³
868 3083 947 3134 περὶ
967 3082 1006 3121 τὸ
1024 3083 1108 3122 ἰδεῖν
1136 3080 1175 3121 τὸ
1193 3097 1259 3121 πο-

217 3143 396 3193 θούμενον·
419 3142 443 3190 ἢ
463 3140 645 3194 ὀξυδορκία
662 3148 675 3165 ²
695 3140 775 3192 περὶ
796 3140 835 3179 τὸ
856 3141 955 3180 αὐτό.

269 3201 405 3246 Σποίνις
425 3200 461 3240 δὲ
484 3200 653 3251 ἐπιθυμία
677 3199 814 3246 ἀτελής.

267 3261 456 3313 Τραχύτης
471 3260 505 3299 δὲ
524 3259 689 3310 ἐπιθυμία
708 3258 908 3309 ἀνώμαλος,

268 3320 370 3373 Ἔρις
392 3321 426 3358 δὲ
450 3320 671 3374 παρόρμησις
698 3321 745 3363 εἷς
763 3317 936 3362 ἀντίταξιν
958 3318 1253 3367 κακοποιητικήν.

269 3378 498 3434 Προσπάθεια
521 3378 557 3418 δὲ
584 3376 750 3430 ἐπιθυμία
771 3376 1024 3430 δεδουλωμένη.

1021 170 1297 212 ANDRONICI
1329 172 1507 214 RHODII

1379 363 1499 404 stupor
1520 364 1570 395 est
1591 364 1702 395 metus
1717 372 1735 396 a
1753 362 1877 405 maiore
1903 363 2020 405 specie.

1379 422 1551 456 Timiditas
1570 433 1649 457 vero
1676 424 1718 457 ob
1749 423 1887 467 periculi
1922 424 2064 467 speciem
2086 425 2252 459 manifesti
2277 424 2378 458 officii

1336 483 1580 526 praetermissio.

1378 543 1530 576 Formido
1556 544 1668 576 autem
1685 544 1796 575 metus
1810 542 1929 577 inanis.

1380 604 1487 644 Angor
1507 604 1557 635 est
1570 604 1680 635 metus
1699 602 1834 644 peccati,
1852 602 1904 635 vel
1925 604 2034 636 metus
2056 602 2168 641 cladis,
2187 602 2240 636 vel
2267 603 2377 636 metus

1335 660 1482 701 injiciens
1507 661 1600 693 nobis
1620 661 1802 693 contrarias
1826 670 1900 703 spes
1922 670 2036 694 earum
2062 671 2174 695 rerum
2188 687 2195 701 ‚
2228 669 2372 705 quarum

1335 730 1451 762 magno
1467 719 1628 753 desiderio
1646 721 1807 753 tenemur.

1353 772 1559 852 UCutnctatio
1579 781 1657 804 vero
1685 772 1839 813 segnities
1855 772 1925 815 ejus
1941 771 1999 815 qui
2026 771 2151 815 aliquid
2169 770 2278 806 facere
2301 780 2379 805 con-

1396 826 1428 848 u1
1449 841 1456 848 .
2296 826 2298 828 ·

1335 829 1352 853 S
1368 830 1573 904 1Sollicitudo
1592 868 1643 899 est
1660 868 1769 899 metus
1787 867 1835 900 rei
1858 868 1968 900 mente
1986 868 2162 909 conceptae.

1376 928 1555 963 Tumultus
1569 935 1646 958 vero
1669 928 1777 958 metus
1794 928 1843 959 est
1863 935 1938 958 cum
1959 935 2039 959 voce
2056 934 2183 968 urgens.

1375 985 1572 1030 Superstitio
1587 987 1638 1018 est
1653 985 1790 1018 deorum
1806 985 1950 1018 numinis
1964 985 2084 1023 metus,
2106 983 2163 1017 vel
2179 981 2374 1018 immodera-

1334 1053 1390 1084 tus
1408 1048 1545 1081 deorum
1573 1046 1694 1078 cultus.

1682 1255 1882 1299 cupiditatis
1906 1253 2030 1288 formae.

1375 1321 1440 1358 Ira,
1460 1315 1739 1353 excandescentia,
1764 1314 1850 1354 bilis,
1871 1314 2043 1355 acerbitas,
2064 1312 2195 1352 odium,
2213 1313 2374 1352 simultas,

1333 1387 1435 1416 amor,
1452 1376 1662 1414 desiderium,
1685 1374 1794 1415 ardor,
1814 1374 2056 1412 malevolentia,
2081 1371 2375 1410 animusinfensus,

1333 1437 1514 1474 fastidium,
1549 1435 1701 1475 aviditas,
1724 1434 1871 1476 penuria,
1904 1434 2074 1476 asperitas,
2094 1432 2267 1472 contentio,
2293 1431 2378 1465 affe-

1334 1500 1419 1537 ctus,
1441 1495 1583 1536 luxuria,
1603 1493 1753 1532 avaritia,
1776 1492 1926 1531 ambitio,
1949 1492 2027 1525 vitae
2053 1501 2156 1531 amor,
2178 1492 2288 1526 cultus
2303 1501 2378 1526 wr-

1332 1558 1432 1601 poris,
1454 1554 1610 1593 edacitas,
1626 1551 1816 1590 vinolentia,
1838 1551 2004 1584 salacitas.
2225 1539 2229 1541 ’

1654 1678 1846 1709 Formarum
1872 1671 2086 1706 definitiones.

1353 1738 1405 1769 Ira
1430 1735 1565 1779 quidem
1594 1737 1645 1768 est
1673 1733 1828 1767 vindictae
1846 1731 1965 1774 cupido
1987 1730 2058 1772 ejus
2085 1729 2144 1772 qui
2165 1728 2295 1772 injurias
2313 1737 2374 1761 au-

1333 1798 1404 1829 ctor
1425 1795 1526 1828 fuisse
1539 1795 1672 1828 videtur
1689 1808 1696 1828 2
1717 1792 1772 1827 vel
1787 1792 1881 1825 dolor
1905 1790 2047 1824 hominis
2058 1790 2117 1832 qui
2137 1788 2299 1822 contemni
2314 1787 2377 1821 sibi

1334 1855 1476 1888 videtur.
2298 1878 2301 1879 γ

1374 1913 1650 1948 Excandescentia
1666 1921 1745 1945 vero
1762 1913 1812 1945 est
1831 1911 1880 1943 ira
1889 1919 2025 1943 nascens
2041 1911 2075 1943 et
2089 1908 2188 1942 modo
2198 1907 2370 1943 exsistens,

1372 1973 1453 2006 Bilis
1480 1974 1530 2006 est
1554 1972 1604 2006 ira
1627 1971 1859 2004 intumescens.
2228 2010 2234 2019 ἃ

1372 2031 1541 2065 Acerbitas
1559 2040 1638 2064 vero
1661 2030 1711 2063 ira
1723 2031 1774 2063 est
1793 2029 1905 2062 statim
1932 2028 1967 2061 in
1985 2027 2128 2069 aliquem
2156 2026 2273 2060 effusa.

1374 2092 1495 2125 Odium
1514 2092 1565 2123 est
1583 2090 1632 2122 ira
1647 2090 1689 2122 ad
1703 2088 1973 2122 inveterationem
1995 2086 2169 2120 destinata.

1375 2151 1533 2185 simultas
1553 2159 1631 2183 vero
1658 2149 1708 2182 ira
1737 2148 1940 2182 occasionem
1958 2149 2104 2190 captans.

1374 2211 1473 2242 Amor
1489 2211 1601 2243 autem
1632 2207 1785 2250 amicitiae
1812 2206 1976 2250 cupiditas
1994 2206 2076 2248 :nvel
2105 2205 2306 2238 desiderium
2321 2204 2375 2239 dei

1333 2268 1505 2302 necessarii
1536 2267 1577 2301 ad
1606 2261 1818 2310 pulchrorum
1851 2265 2049 2308 templorum
2081 2255 2245 2303 brnatum,
2274 2271 2374 2307 quem
2397 2279 2399 2281 ·

1332 2331 1364 2361 et
1386 2330 1542 2361 conatum
1561 2326 1714 2361 amicitiae
1735 2325 1899 2359 faciundae
1918 2334 1959 2359 ex
1987 2322 2244 2367 pulchritudinis
2267 2323 2373 2366 specie

1331 2390 1462 2422 vocant.

1370 2737 1579 2771 Desiderium
1592 2738 1642 2769 est
1659 2735 1759 2769 libido
1778 2734 1986 2778 colloquendi
2004 2743 2079 2767 cum
2103 2733 2238 2766 absente
2252 2730 2368 2764 amico,

1371 2797 1475 2830 Ardor
1495 2799 1545 2830 est
1565 2796 1705 2829 amantis
1737 2795 1838 2828 libido
1859 2795 1930 2836 ejus
1948 2793 2006 2836 qui
2035 2793 2119 2826 absit
2140 2789 2284 2825 videndi.

1369 2845 1599 2878 Malevolentia
1622 2846 1673 2876 est
1698 2842 1829 2875 animus
1851 2838 2018 2880 infensus,
2039 2837 2217 2872 ulciscendi
2239 2839 2370 2880 tempus

1328 2888 1505 2921 observans
1524 2888 1556 2918 et
1572 2886 1751 2917 maleficus.

1369 2934 1506 2967 Animus
1526 2932 1673 2965 infensus
1693 2934 1744 2964 est
1774 2930 1876 2964 libido
1897 2930 1984 2963 male
2006 2927 2147 2962 faciendi
2174 2925 2271 2960 alicui
2290 2934 2368 2968 pro-

1326 2989 1399 3030 pter
1421 2987 1540 3028 ipsum,

1367 3045 1551 3079 Fastidium
1565 3046 1616 3077 est
1633 3043 1796 3085 cupiditas
1813 3042 1880 3075 cito
1894 3041 2035 3084 expleta.

1366 3105 1516 3138 Aviditas
1532 3106 1583 3137 est
1602 3103 1754 3135 celeritas
1774 3101 1970 3144 aspiciendae
2000 3100 2048 3133 rei
2076 3098 2284 3136 desideratae,
2312 3095 2366 3130 vel

1323 3165 1494 3197 oculorum
1520 3165 1692 3195 acutorum
1721 3161 1808 3194 acies
1827 3170 1930 3203 quam
1948 3160 1982 3192 in
2004 3169 2043 3192 ea
2061 3158 2244 3200 defigimus.

1362 3225 1503 3261 Penuria
1522 3226 1573 3257 est
1597 3222 1762 3265 cupiditas
1782 3222 1959 3263 inexpleta.

1363 3283 1530 3327 Asperitas
1546 3282 1648 3315 libido
1669 3281 1845 3324 inaequalis
1862 3281 1923 3312 est.

1362 3342 1535 3377 contentio
1557 3350 1676 3384 pugnae
1703 3340 1862 3373 malefleae
1889 3338 2140 3371 incitamentum
2158 3337 2219 3370 cst.

1361 3402 1509 3437 Affectus
1534 3402 1587 3435 est
1607 3399 1775 3444 cupiditas
1790 3397 1942 3431 obnoxia.

2487 2406 2508 2596 :ispum-*asaa-
2492 2311 2508 2386 Ἄκη,
2476 2213 2508 2291 ἅψῃ.
2503 2152 2508 2168 ..
2494 2071 2508 2098 νῆ
2494 2010 2508 2056 ι-..

2483 2679 2508 2780 Ξ

2494 2781 2508 2859 Ξ
