2508 3776
46 245 86 306 '⁴³
126 251 373 301 ἀπίστασθαι·
390 249 452 291 καὶ
473 251 492 289 ὁ
510 249 604 303 ἔχων
628 248 692 302 μὲν
715 249 780 298 τὴν
803 248 1005 301 ἐπιστήμην
1027 249 1078 301 μὴ
1094 249 1190 303 χρώ-

63 307 69 324 ²
82 335 98 342 *⁴
123 323 252 383 W
258 309 297 351 ὃὸ
316 311 408 363 αὖτῇ
420 340 431 358 ,
439 307 574 383 ωὥσπερ
594 310 799 385 γεωμέτρης
818 311 1017 363 λογοποιων
1029 339 1040 357 ,
1060 308 1084 357 ἢ
1104 310 1191 349 ἄλλο

43 374 214 428 ᾗέτῃχςῃ,
217 370 257 413 οὐ
273 383 502 422 γεωμετρων·
521 367 642 422 ὥσπερ
661 363 720 408 ουν
738 368 798 407 ἐπὶ
814 371 875 408 τοῦ
891 368 1093 422 γεωμέτρου
1109 372 1191 407 θαυ-

49 440 52 441 ’
71 423 99 437 ‘
114 458 135 486 :2
159 471 183 478 ,ἢ
200 435 205 474 ᾗ
223 428 274 474 ,ev
295 429 359 480 μέν
388 429 509 477 ἐστιν,
536 428 567 467 εἶ
600 430 812 480 γεωμετρῶν
845 429 957 481 ψευδῆ
978 427 1191 480 συναγάγοι,

19 491 133 534 ι
163 486 340 538 ’ζζμαστὸν
368 486 406 526 δὲ
428 488 549 536 οὐδέν,
578 489 608 526 εἷ
636 489 832 539 λογοποιῶν
852 488 891 525 οὐ
918 493 1049 541 συνορᾶ
1081 486 1113 526 εἴ
1140 501 1191 531 τις

84 541 113 595 ;ἷ,
116 545 238 600 ,91ρὰ
255 546 322 595 τὴν
344 546 566 600 γεωμετρίαν
587 547 634 585 τὰ
659 546 830 600 σχήματα
852 546 998 598 θεωροίη
1011 575 1022 597 ,
1039 545 1096 585 τὸν
1116 546 1190 585 ἴσον

59 607 110 663 ᾆξ’
130 604 265 660 *φόνιον
283 605 346 646 καὶ
366 606 424 646 ἐπὶ
443 621 504 645 του
532 607 706 660 ἀκρατους
739 605 836 658 ἔχει·
858 606 888 644 εἶ
919 605 983 655 μὲν
1013 605 1082 658 γὰρ
1113 607 1191 645 ἐπι-

132 665 311 742 κάμινος
334 667 355 705 ὁ
388 665 570 718 ἀκρατής,
604 664 666 704 καὶ
691 663 874 718 χρώμενος
903 668 958 725 τῇ
984 665 1189 718 ἐπιστημῃ,

59 726 62 732 9
139 725 202 766 καὶ
230 728 311 766 κατ’
342 724 454 773 αὐτὴν
474 727 614 779 θεωρῶν
644 724 705 762 ἐπὶ
735 722 905 763 τάναντία
931 726 980 762 ὧν
1003 723 1192 763 ἐπίσταται

46 816 53 823 Δ.
113 784 304 841 ,qviper-t,
325 783 558 838 Θαυμαστόν,
590 785 622 823 εἰ
641 781 678 822 δὲ
709 781 759 835 μὴ
778 782 980 837 χρώμενος,
1009 782 1076 823 κᾶν
1111 785 1192 823 ἐπι-

62 887 63 890 ,
98 889 102 892 Δ
137 844 282 898 στήμην
301 843 393 899 ἔχη,
413 845 454 884 οὔ
481 843 535 883 δεῖ
553 842 759 895 θαυμάζειν.

44 904 83 958 .Ᾰῇ
181 903 215 931 ¹⁸
229 901 338 955 Ἔτι,
353 903 416 944 καὶ
432 903 516 944 ὅταν
537 918 589 948 τις
603 901 696 955 ἔχων
712 901 777 949 τὴν
798 900 998 953 ἐπιστήμην
1023 900 1084 942 καὶ
1099 901 1192 955 χρώ·

138 978 263 1018 W,
287 962 330 1005 ἂν
363 962 414 1016 μὴ
437 963 579 1007 τελείως
608 964 762 1016 χρῆται,
794 962 871 1001 οὐδε
859 978 892 1000 1τν
913 961 1137 1013 θαυμαστόν,
1161 963 1192 1002 εἷ

51 1015 98 1082 ‘52
124 1024 323 1102 «μοχθηρός
343 1025 454 1066 ἔστιν.
478 1021 585 1064 Ἐπεὶ
614 1022 683 1077 γὰρ
718 1022 797 1062 δυσὶ
818 1022 958 1076 τρόποις
986 1021 1193 1075 προτάσεων

40 1082 97 1117 ‘ss'
132 1083 344 1130 ἑποδεικνυς
376 1084 566 1124 ἐπίσταται
596 1085 614 1122 ὁ
649 1081 906 1134 ἐπιστάμενος,
940 1082 1091 1121 καθόλου
1132 1080 1193 1121 καὶ

139 1147 299 1200 μιρικῷ,
325 1144 386 1185 ἐὰν
416 1142 628 1196 ἀμφοτέροις
650 1140 700 1194 μὴ
723 1145 880 1195 χρῆται,
903 1139 996 1194 λέγω
1015 1144 1060 1196 τῇ
1086 1141 1193 1180 καθό-

137 1205 225 1256 λου,
248 1209 294 1258 τῇ
325 1202 364 1244 δὲ
395 1205 524 1257 μερικῇ
553 1203 593 1241 οὒ
616 1205 772 1256 χρῆται,
802 1201 1006 1250 θαυμαστὸν
1035 1186 1134 1241 όῦδὲν
1164 1202 1196 1241 εἷ

55 1307 57 1310 ⁴
141 1264 320 1320 μοχθηρός
349 1264 464 1303 ἐστιν·
491 1257 587 1310 οἷον,
610 1261 801 1302 ἐπίσταταί
814 1277 866 1307 τις
881 1290 892 1310 ,
911 1261 964 1300 ὅτι
985 1261 1064 1300 τόδε
1085 1277 1195 1310 πονη-

44 1330 68 1346 ³
138 1323 216 1397 ρᾶν,
245 1322 288 1363 τὸ
317 1323 354 1362 δὲ
378 1321 532 1375 πονηρὸν
553 1322 593 1360 οὗ
612 1322 665 1360 δεῖ
682 1321 872 1374 πράττειν,
891 1321 970 1360 τόδε
996 1320 1066 1374 ἄρα
1085 1323 1124 1360 οὗ
1144 1322 1196 1360 δεῖ

50 1384 58 1391 “
137 1382 326 1456 πράττειν·
343 1380 406 1422 καὶ
426 1380 635 1435 ἀμφοτέρων
657 1382 770 1420 οὐσῶν
788 1381 824 1419 ἐν
843 1382 886 1432 τῇ
907 1381 1005 1433 ψυχῇ
1022 1382 1090 1418 τῶν
1109 1395 1197 1433 προ-

140 1441 300 1491 τάσσων,
323 1439 467 1480 ἐπειδὰν
500 1439 673 1490 ἐπιθυμία
694 1455 747 1484 τις
765 1439 823 1479 ἐπί
854 1455 889 1478 τι
917 1442 998 1493 κινῇ
1021 1438 1195 1492 πονηρόν,

142 1501 332 1552 συμὸαίνει
349 1503 395 1553 τῇ
417 1499 482 1552 μὲν
503 1499 656 1539 καθόλου
683 1501 840 1553 χρῆσθαι
855 1529 866 1550 ,
884 1497 938 1538 ὅτι
954 1498 995 1537 τὸ
1020 1497 1131 1537 κακὸν
1156 1499 1196 1537 οὗ

140 1560 196 1600 δεῖ
210 1558 400 1614 πράττειν,
420 1558 483 1598 καὶ
509 1560 650 1611 θεωρεῖν
669 1558 749 1597 κατ’
766 1557 877 1605 αὐτὴν
895 1560 1091 1606 τηνικαῦτα
1104 1588 1114 1606 ,
1132 1557 1196 1604 τὴν

139 1618 179 1661 &i
214 1618 388 1672 μερικήν,
419 1617 473 1656 ὅτι
491 1617 574 1656 τόδε
594 1617 729 1668 κακόν,
751 1616 847 1669 ἔχειν
873 1616 960 1667 μέν,
982 1618 1021 1656 οὐ
1042 1620 1198 1670 χρῆσθαι

141 1677 204 1728 δά,
225 1677 306 1718 οῦδὲ
337 1683 487 1730 συνορᾷν
518 1676 703 1732 ἐνεργείᾳ,
726 1675 786 1716 καὶ
806 1675 864 1715 διὰ
887 1679 990 1715 τοῦτο
1017 1678 1104 1729 πρὸς
1132 1676 1196 1724 τὴν

40 1770 55 1780 ,
71 1754 74 1755 ’
140 1735 338 1791 μοχθηρίαν
357 1738 510 1790 χωρεῖν,
528 1735 650 1790 ὥσπερ
681 1734 983 1789 ἀποτυφλωθέντα
996 1766 1006 1785 ,
1025 1739 1135 1774 τοῦτο
1161 1737 1198 1775 δὲ

71 1802 74 1803 ’
139 1793 239 1838 οὖδὶν
261 1794 480 1847 θαυμαστόν.
502 1796 548 1836 Εἰ
565 1793 635 1848 γὰρ
651 1794 713 1835 καὶ
729 1798 860 1848 χρῆται
878 1797 923 1848 τῇ
942 1794 1094 1835 καθόλου
1109 1811 1199 1848 προ-

141 1860 267 1908 τάσιι,
292 1853 386 1895 ἀλλὰ
415 1854 584 1909 πράττειν
604 1857 644 1895 οὗ
675 1853 824 1894 δύναται
844 1853 939 1894 κατὰ
960 1854 1024 1904 τὴν
1050 1855 1199 1904 ἐπιστή-

145 1930 218 1968 μην
245 1914 296 1968 μὴ
314 1914 500 1968 χρώμενος
510 1910 582 1954 ’καὶ
603 1917 647 1967 τῇ
675 1917 824 1968 μερικῇ·
842 1912 932 1962 αὕτη
962 1913 1031 1968 γάρ
1051 1914 1145 1953 ἐστιν
1176 1917 1199 1962 ἡ

141 1973 250 2030 κυρία
268 1975 338 2014 τῶν
358 1972 534 2027 πράξεων.
555 1972 632 2013 Ἢν
656 1973 725 2026 γάρ
752 1989 806 2018 τις
829 1975 932 2026 εἰδῇ,
964 1972 1018 2012 ὅτι
1035 1973 1106 2019 τοῖς
1135 1973 1199 2023 ξη-

144 2039 217 2089 ροῖς
230 2033 431 2088 χρηστέον,
454 2032 506 2085 μὴ
524 2034 601 2086 εἰδῇ
622 2032 659 2074 δὲ
678 2033 734 2072 ὅτι
751 2031 836 2072 τάδε
857 2032 966 2085 ξηρά,
991 2033 1089 2072 οὐδὲν
1111 2035 1200 2080 μᾶλ-

141 2095 206 2136 λον
234 2093 436 2165 χρήσιιτοιιω
428 2095 500 2138 τοῖς
530 2092 665 2146 ξηροῖς·
699 2091 792 2131 οὕτω
822 2091 864 2139 δὴ
887 2091 949 2132 και
978 2092 1037 2131 ἐπὶ
1066 2092 1199 2132 τούτων

145 2153 244 2210 ἵκει·
267 2153 310 2192 ἄν
323 2168 377 2198 τις
391 2155 438 2206 τῇ
456 2152 610 2191 καθόλου
627 2154 761 2205 χρῆται
774 2151 835 2191 καὶ
849 2154 978 2225 θεωρῇ,
1008 2154 1052 2204 τῇ
1071 2155 1200 2205 μερικῇ

144 2213 182 2259 δὲ
217 2214 257 2255 οὗ
291 2214 450 2267 χρῆται,
476 2210 576 2251 οὐδὲν
604 2214 668 2259 τῆς
705 2210 908 2263 ἐπιστήμης
942 2209 1124 2252 ἀπωνατο.
1154 2213 1202 2252 Αἱ

143 2271 288 2325 μερικαὶ
321 2270 359 2311 δὲ
393 2269 626 2325 διαφέρουσι·
657 2269 720 2316 τὰς
748 2269 812 2321 μὲν
834 2270 903 2323 γὰρ
934 2270 1073 2322 ἀνάγκη
1102 2278 1202 2312 πᾶσα

34 2366 39 2369 .
145 2330 291 2382 εἰδέναι,
305 2332 375 2371 τῶν
394 2329 546 2370 καθόλου
559 2329 832 2383 γινωσκομένων
848 2345 858 2355 ·
873 2329 937 2375 τὰς
955 2329 992 2369 δὲ
1008 2330 1061 2372 οὔ.
1083 2328 1201 2371 “Oe-ow

50 2395 61 2432 ζ’
80 2424 82 2426 .
146 2390 216 2446 γὰρ
235 2389 278 2430 τὸ
293 2389 448 2430 καθόλου
465 2388 578 2435 οὕτως
597 2389 726 2444 ἔχῃ,“’
702 2405 795 2430 ωστε
821 2389 1000 2445 περιέχειν
1022 2390 1124 2430 αὐτὸν
1144 2391 1202 2431 τὸν

146 2449 457 2504 βυλλογιζόμενον,
474 2448 524 2498 ἢ
519 2449 578 2490 τὸν
598 2450 760 2501 ὁμοειδῆ,
779 2452 824 2503 τῇ
850 2450 1003 2489 καθόλου
1021 2450 1201 2503 συγγινώ-

39 2506 78 2531 1
145 2524 271 2554 σκεται
282 2508 345 2550 καὶ
363 2511 386 2558 ἡ
406 2509 559 2563 μερική·
579 2523 664 2558 οιον,
678 2515 788 2548 πᾶσιν
809 2508 1007 2562 ἀνθρώποις
1029 2509 1203 2564 βλαὸερὸν

147 2570 167 2613 ὁ
185 2566 388 2622 ἷλλέὸορος,
414 2568 519 2614 αὐτὸς
538 2567 574 2608 δὲ
597 2568 793 2622 ἄνθρωπος,
814 2570 912 2622 αὐτῷ
935 2568 1006 2621 ἄρα
1026 2569 1203 2623 βλαὸερὸν

50 2675 55 2684 2
147 2627 394 2680 Ηλλίὸορος·
422 2629 575 2667 ἐνταῦθα
597 2630 640 2680 τῇ
662 2628 813 2668 καθόλου
833 2628 893 2667 καὶ
916 2630 939 2675 ἡ
969 2628 1097 2681 μερικὴ
1118 2645 1203 2681 συγ-

104 2716 127 2743 .,³
145 2686 382 2741 γινώσκεται·
406 2687 447 2727 οὔ
468 2685 538 2741 γὰρ
560 2687 684 2727 ἑαυτὸν
705 2687 852 2727 δύναται
869 2689 1006 2740 ἀγνοεῖν
1034 2687 1089 2727 ὅτι
1107 2686 1202 2726 ἐστὶν

44 2760 46 2778 ῑ
107 2745 111 2747 9
146 2744 350 2800 ἅνθρωπος·
383 2746 511 2798 ὁμοίως
542 2745 580 2786 δὲ
599 2746 666 2786 κᾶν
685 2754 699 2771 ³
718 2747 798 2793 τοὺς
828 2748 999 2799 ὁμοειδεῖς
1033 2746 1203 2801 περιέχῃ,

110 2821 114 2837 ³
145 2805 226 2846 οὖδὲ
243 2805 314 2859 γὰρ
345 2806 424 2846 οὐδὲ
448 2805 575 2851 αὐτοὺς
605 2807 742 2860 ἀγνοεῖν
777 2806 939 2847 δυνατόν.
959 2805 1077 2850 ‘',Om
1112 2806 1149 2845 δὲ
1180 2809 1202 2854 ἡ

73 2865 86 2920 ’ὀ
147 2865 300 2906 καθόλου
325 2867 478 2919 πρᾶγμά
505 2882 540 2905 τι
559 2866 727 2919 περιέχῃ,
758 2865 838 2906 τότε
861 2866 925 2905 οὐκ
958 2865 1111 2919 ἀνάγκη,
1142 2867 1206 2913 τῇς

50 2921 94 2970 ·’,9
147 2924 298 2967 καθόλου
312 2925 590 2978 γινωσκομένης,
612 2926 674 2965 καὶ
687 2925 751 2972 τὴν
774 2924 923 2977 μερικὴν
944 2924 1204 2976 γινώσκεσθαι·

84 2974 235 3032 οἷον,
263 2989 332 3029 πᾶς
361 2983 544 3038 ἐλλέὸορος
580 2984 771 3037 βλαὸερόν,
792 2983 871 3023 τόδε
904 2983 1102 3038 ἔλλέὸορος,
1126 2984 1205 3024 τόδε

39 3071 48 3099 7-
66 3043 91 3099 fs
150 3042 221 3098 ἄρα
249 3043 441 3098 βλαὸερόν·
460 3046 611 3086 ἐνταυθα
631 3045 696 3083 οὔκ
716 3043 855 3095 ἀνάγκη
874 3042 1113 3096 γινώσκεσθαι
1139 3043 1204 3091 τὴν

150 3101 326 3156 mcxviii,
355 3106 418 3151 τῆς
449 3104 602 3144 καθόλου
630 3103 910 3155 γινωσκομένης.
938 3103 1016 3151 Τὴν
1039 3104 1204 3153 τοιαύτην

48 3163 59 3181 ³
84 3178 91 3182 ·
148 3154 209 3213 ὦν
230 3161 378 3216 μερικὴν
393 3165 412 3203 ὁ
429 3163 585 3217 ἀκρατὴς
599 3163 623 3212 ἢ
647 3165 711 3206 οὐκ
734 3163 828 3217 ἔχει,
844 3163 868 3211 ἢ
888 3162 983 3216 ἔχων
1000 3163 1039 3202 οὔ
1058 3166 1204 3217 χρῇται.

148 3219 205 3270 Τὸ
223 3219 261 3260 δὲ
279 3223 433 3276 χρῆσθαι
453 3222 514 3262 καὶ
531 3223 582 3273 μὴ
602 3226 758 3278 χρῆσθαι
773 3222 934 3277 τοσούτῳ
955 3223 1112 3277 διαφέρει
1134 3225 1204 3263 ἀλ-

150 3278 288 3330 λήλων,
315 3280 408 3322 ὥστε
442 3282 502 3323 τὸν
538 3282 603 3335 μὲν
639 3282 826 3338 χρώμενον
854 3285 898 3336 τῇ
929 3282 1111 3338 ἐπιστήμῃ
1143 3283 1205 3323 καὶ

34 2242 54 2279 ,¹5

38 2285 63 2334 ,²

156 3438 159 3441 ¹
195 3428 214 3447 *
227 3427 298 3463 Ἔτι
311 3431 380 3465 ἐπεὶ
393 3432 451 3466 δύο
465 3434 580 3476 τρόποι
599 3435 669 3468 κτλ.

616 159 922 201 ETHICORUM
951 156 1406 202 NIGOMAGHEORUM
1434 156 1820 199 PARAPHRASIS.

2220 156 2300 195 463

1250 251 1328 286 dem
1354 251 1543 292 scientiam,
1562 252 1622 286 sed
1652 262 1692 286 ea
1714 261 1780 285 non
1804 251 1922 291 utitur,
1944 252 1984 284 ιιι
2011 250 2216 292 geometres,
2244 251 2304 292 qui

1250 312 1382 346 dicendi
1406 312 1529 346 artifex
1549 312 1613 352 sit,
1649 314 1708 346 aut
1731 310 1826 346 aliud
1851 310 1956 355 quid,
1985 319 2051 344 non
2080 317 2175 344 suam
2198 311 2305 344 artem

1252 373 1407 407 factitet:
1431 373 1518 406 sicut
1537 381 1614 415 ergo
1634 372 1669 405 in
1687 374 1856 415 geometre
1878 371 2003 404 mirum
2022 373 2089 410 est,
2105 371 2134 404 si
2148 369 2230 404 dum
2250 379 2307 404 ar-

1252 435 1322 466 tem
1359 442 1455 466 suam
1492 434 1630 471 tractat,
1667 430 1750 465 falsa
1779 431 1928 474 colligat,
1957 433 1993 465 at
2019 431 2155 465 minime
2183 430 2307 464 mirum

1251 494 1321 533 est,
1352 492 1381 525 si
1405 491 1487 525 dum
1511 492 1646 525 disserit
1674 492 1708 525 in
1744 492 1918 531 concione,
1949 501 2014 526 non
2041 491 2305 529 animadvertat,

1251 551 1386 595 quando
1403 553 1480 596 quis
1499 554 1613 585 contra
1644 555 1835 598 geometriae
1854 554 1944 596 leges
1960 552 2082 586 formas
2097 551 2282 585 consideret
2298 562 2306 583 ε

1254 615 1334 648 item
1351 614 1384 646 in
1413 613 1638 649 incontinente
1655 624 1690 649 se
1713 624 1768 648 res
1789 614 1894 648 babet
1919 623 1928 643 ι
1949 612 2082 647 sienim
2107 611 2215 646 sciens
2237 619 2310 645 sua·

1252 683 1320 717 que
1350 677 1449 708 utens
1485 676 1622 709 scientia
1661 675 1868 709 incontinens
1892 676 1926 708 et
1954 682 1974 707 e
2015 672 2215 716 praescripto
2237 671 2311 714 eius

1253 734 1365 768 omnia
1390 735 1622 775 considerans,
1640 735 1676 768 in
1699 734 1903 768 contrarIum
1917 743 2033 767 eorum
2057 741 2135 776 quae
2163 731 2225 766 scit
2251 730 2312 765 de-

1254 794 1385 835 veniat,
1426 795 1550 828 mirum
1579 795 1615 828 id
1654 794 1736 835 erit,
1777 795 1829 828 sin
1865 796 1980 828 autem
2018 792 2141 827 haheat
2174 791 2311 835 quidem

1255 854 1445 895 scientiam,
1465 854 1524 888 sed
1539 864 1578 888 ea
1599 864 1665 888 non
1682 856 1811 896 utatur,
1833 853 2186 888 minime—mirandum.

1298 918 1465 950 Praeterea
1489 917 1590 950 etiam
1617 916 1752 959 quando
1775 917 1852 959 quis
1877 916 1977 950 hahet
1997 915 2189 954 scientiam,
2212 915 2314 956 atque

1255 980 1294 1004 ea
1313 970 1435 1013 utitur,
1454 971 1483 1004 si
1500 980 1566 1004 non
1585 971 1680 1014 plene
1698 970 1816 1009 utitur,
1834 972 1946 1004 tamen
1970 970 2106 1003 minime
2121 968 2156 1002 id
2176 968 2312 1010 mirum,

1256 1028 1284 1061 si
1313 1028 1357 1061 sit
1379 1028 1560 1071 improbus.
1602 1029 1716 1066 Quum
1745 1027 1833 1061 enim
1862 1027 1930 1060 duo
1956 1027 2022 1060 sint
2051 1025 2315 1070 propositionum

1256 1086 1366 1125 modi,
1385 1085 1511 1128 quibus
1532 1084 1711 1128 persuadet
1729 1084 1853 1127 aliquis
1870 1084 1934 1117 sibi
1949 1084 2009 1127 qui
2035 1084 2117 1122 scit,
2140 1082 2315 1116 universa-

1257 1142 1299 1176 lis
1315 1142 1470 1176 videlicet
1498 1144 1532 1175 et
1562 1142 1759 1184 singularis,
1795 1142 1823 1175 si
1844 1151 1910 1174 non
1937 1143 2082 1184 utroque
2103 1142 2232 1181 utatur,
2255 1138 2316 1172 sed

1256 1200 1379 1233 omisso
1398 1199 1556 1242 singulari
1583 1200 1807 1233 universalem
1831 1199 2009 1238 adhibeat,
2038 1198 2174 1232 minime
2194 1197 2318 1231 mirum

1258 1257 1286 1289 si
1311 1256 1355 1289 sit
1372 1256 1546 1299 improbus
1569 1268 1576 1288 :
1596 1256 1740 1299 exempli
1766 1255 1892 1298 gratia,
1912 1255 1975 1288 scit
2003 1254 2141 1297 aliquis,
2170 1254 2234 1287 hoc
2246 1260 2319 1286 esse

1258 1314 1465 1358 improbum,
1485 1314 1579 1357 quod
1603 1316 1717 1347 autem
1738 1313 1929 1356 improbum
1949 1314 2001 1346 est
2018 1322 2084 1345 non
2109 1311 2209 1345 debet
2226 1320 2319 1344 com-

1258 1372 1360 1411 mitti,
1392 1373 1455 1405 hoc
1485 1372 1589 1414 igitur
1615 1381 1682 1404 non
1708 1373 1760 1405 est
1789 1370 2066 1404 committendum
2101 1381 2110 1403 ε
2146 1375 2320 1412 quumque

1259 1430 1403 1471 utraque
1419 1428 1601 1471 propositio
1618 1428 1652 1460 in
1673 1428 1783 1461 animo
1800 1427 1862 1467 sit,
1891 1436 1998 1470 quum
2024 1426 2067 1460 ad
2085 1425 2212 1468 aliquid
2228 1423 2321 1468 quod

1258 1487 1449 1530 improbum
1462 1489 1513 1520 est
1537 1487 1680 1529 impellit
1698 1485 1814 1526 libido,
1840 1485 1879 1518 fit
1907 1487 1946 1518 ut
1972 1486 2090 1518 utatur
2116 1482 2317 1521 universali,

1259 1545 1385 1578 nullam
1414 1544 1546 1586 culpam
1568 1553 1642 1577 esse
1667 1542 1961 1583 committendam,
1980 1541 2078 1584 eique
2103 1536 2321 1583 propositioni

1260 1601 1494 1635 convenienter
1538 1610 1610 1634 rem
1649 1601 1756 1643 ipsam
1791 1601 1866 1632 tum
1913 1598 2084 1641 inspiciat,
2121 1596 2321 1639 singularem

1263 1667 1354 1698 ver0,
1380 1659 1445 1692 hoc
1468 1658 1626 1692 nimirum
1650 1657 1840 1701 improbum
1858 1665 1948 1695 esse,
1972 1655 2057 1689 sciat
2075 1654 2211 1698 quidem
2228 1680 2236 1694 ‚
2259 1651 2319 1686 sed

1261 1726 1325 1750 non
1346 1717 1524 1756 adhibeat,
1553 1725 1663 1759 neque
1684 1725 1722 1749 re
1749 1715 1821 1758 ipsa
1852 1713 2036 1756 expendat,
2070 1715 2172 1755 atque
2199 1711 2323 1745 idcirco

1261 1775 1422 1816 tanquam
1445 1773 1552 1806 oculis
1566 1775 1686 1816 captus
1713 1771 1756 1804 ad
1772 1770 2022 1814 improbitatem
2040 1768 2213 1809 deveniat,
2231 1766 2323 1810 quod

1261 1829 1398 1873 quidem
1422 1829 1687 1872 haudquaquam
1717 1827 1841 1861 mirum
1859 1829 1920 1860 est.
1950 1825 2113 1865 Quamvis
2134 1825 2221 1859 enim
2246 1823 2323 1857 uni-

1261 1886 1383 1920 versali
1409 1888 1530 1919 utatur
1555 1885 1800 1929 propositione,
1820 1886 1934 1917 tamen
1952 1882 2100 1916 scientiae
2132 1881 2203 1924 lege
2227 1889 2323 1923 agere

1261 1954 1328 1978 non
1354 1944 1495 1988 poterit,
1532 1944 1597 1977 nisi
1613 1946 1648 1977 et
1672 1941 1843 1985 singulari>
1862 1942 2003 1974 utatur:
2022 1939 2095 1972 haec
2121 1938 2245 1981 quippe
2270 1938 2323 1970 est

1261 2011 1339 2046 quae
1364 2002 1397 2035 in
1418 2002 1605 2035 actionibus
1621 2001 1824 2034 dominatur.
1849 1999 1884 2033 Si
1901 1998 1978 2042 quis
2001 1997 2089 2031 enim
2106 1996 2209 2034 sciat,
2227 1994 2324 2028 siccis

1261 2061 1425 2094 utendum
1456 2069 1547 2100 esse,
1581 2059 1710 2093 nesciat
1741 2061 1855 2092 autem
1891 2057 1965 2090 haec
1987 2055 2075 2088 sicca
2100 2062 2191 2092 esse,
2218 2052 2324 2086 nihilo

1261 2114 1368 2155 magis
1388 2113 1484 2147 siccis
1503 2115 1621 2146 utetur
1644 2124 1652 2144 ε
1674 2111 1789 2145 eodem
1818 2112 1930 2143 autem
1959 2108 2058 2141 modo
2075 2109 2108 2140 et
2134 2106 2189 2140 hic
2215 2115 2250 2139 se
2269 2113 2324 2138 res

1262 2166 1364 2200 habet
1386 2179 1394 2199 :
1414 2176 1492 2199 nam
1512 2166 1540 2199 si
1556 2166 1634 2209 quis
1646 2164 1830 2198 universali
1853 2162 2077 2206 propositione
2093 2162 2210 2193 utatur
2226 2158 2324 2201 eique

1263 2223 1484 2262 congruenter
1500 2229 1573 2253 rem
1597 2219 1807 2257 consideret,
1827 2218 1987 2259 singulari
2011 2225 2092 2249 vero
2113 2224 2179 2248 non
2192 2216 2320 2253 utatur,

1262 2274 1393 2307 nullum
1410 2283 1428 2307 e
1443 2273 1580 2307 scientia
1594 2282 1654 2306 sua
1677 2272 1826 2305 fructum
1841 2271 1940 2314 capit.
1961 2272 2037 2304 Jam
2063 2278 2144 2303 vero
2159 2267 2323 2302 differunt

1263 2327 1365 2360 etiam
1392 2326 1578 2369 singulares
1606 2338 1614 2358 :
1645 2325 1728 2358 alias
1752 2324 1860 2362 enim,
1889 2323 2029 2365 cognitis
2054 2320 2320 2359 universalibus.

1263 2380 1451 2414 necessario
1467 2379 1619 2413 scimus:
1641 2378 1723 2412 alias
1746 2388 1812 2411 non
1837 2377 1930 2411 item.
1955 2378 2069 2415 Quum
2095 2375 2183 2409 enim
2214 2374 2262 2408 ita
2287 2383 2323 2407 se

1264 2434 1365 2468 habet
1394 2432 1602 2471 universale,
1641 2433 1680 2465 ut
1723 2431 1966 2473 complectatur
1995 2429 2252 2462 ratiocinantem
2290 2428 2325 2460 et

1263 2486 1414 2530 ejusdem
1464 2485 1593 2527 generis
1649 2483 1836 2522 hominem,
1882 2481 2063 2515 universali
2102 2480 2325 2524 propositione

1265 2539 1475 2582 cognoscitur
1502 2540 1535 2571 et
1553 2537 1747 2579 singularis,
1777 2535 1921 2578 exempli
1945 2534 2070 2578 gratia,
2089 2534 2248 2566 omnibus
2262 2533 2325 2566 ho-

1263 2592 1412 2626 minibus
1433 2591 1568 2624 noxium
1596 2593 1646 2624 est
1673 2589 1856 2623 elleborum
1879 2616 1884 2630 2
1906 2589 1978 2632 ipse
1997 2590 2111 2621 autem
2133 2587 2234 2621 homo
2254 2590 2321 2629 est,

1265 2646 1295 2680 ei
1326 2655 1405 2688 ergo
1426 2645 1566 2679 noxium
1587 2646 1638 2678 est
1662 2644 1847 2677 elleborum
1867 2656 1874 2676 :
1897 2643 1952 2676 hic
1973 2642 2131 2676 videlicet
2153 2652 2221 2675 una
2243 2651 2320 2675 cum

1266 2699 1446 2733 universali
1474 2698 1651 2741 singularis
1676 2705 1812 2740 quoque
1832 2695 2065 2741 cognoscitur,
2098 2704 2210 2738 neque
2232 2695 2321 2728 enim

1266 2753 1416 2795 ignorare
1447 2754 1558 2795 potest
1584 2760 1619 2784 se
1641 2759 1713 2783 esse
1732 2749 1901 2783 hominem
1923 2749 2131 2791 :eodemque
2154 2748 2271 2786 modo,
2295 2748 2324 2780 si

1267 2805 1415 2848 ejusdem
1443 2804 1573 2847 generis
1602 2803 1755 2837 homines
1782 2801 2033 2845 complectatur,
2056 2811 2133 2834 nam
2163 2810 2223 2834 nec
2249 2800 2325 2833 illos

1266 2858 1418 2900 ignorare
1439 2859 1560 2900 potest.
1578 2856 1721 2895 Quando
1734 2857 1848 2889 autem
1866 2855 2067 2888 universalis
2086 2863 2157 2888 rem
2174 2854 2323 2896 aliquam

1266 2911 1511 2954 complectitur,
1538 2913 1613 2943 tum
1635 2919 1769 2944 necesse
1796 2919 1862 2943 non
1886 2911 1956 2950 est,
1982 2908 2113 2951 cognita
2143 2907 2325 2941 universali

1266 2964 1490 3008 propositione
1506 2963 1708 3007 singularem
1729 2973 1867 3007 quoque
1887 2962 2040 3005 cognosci
2062 2976 2070 2995 ι
2091 2960 2184 2994 verbi
2202 2970 2322 3000 causa,

1266 3028 1363 3052 omne
1384 3018 1569 3052 elleborum
1606 3020 1658 3052 est
1679 3018 1833 3056 noxium,
1859 3017 1924 3051 hoc
1953 3018 2004 3049 est
2028 3015 2229 3054 elleborum,
2259 3014 2323 3048 hoc

1266 3082 1344 3116 ergo
1359 3075 1412 3107 est
1434 3073 1572 3106 noxium
1587 3086 1596 3106 ι
1611 3072 1667 3106 hic
1684 3072 1816 3115 cognita
1838 3070 2020 3105 universali
2046 3080 2110 3103 non
2123 3072 2175 3103 est
2191 3077 2324 3102 necesse

1266 3126 1469 3169 singularem
1496 3135 1631 3169 quoque
1661 3125 1824 3168 cognosci.
1851 3124 2058 3167 singularem
2093 3132 2171 3164 ergo
2203 3122 2324 3164 hujus-

1266 3180 1357 3214 modi
1388 3179 1647 3223 propositionem
1678 3181 1738 3213 aut
1763 3188 1829 3212 non
1854 3178 1966 3217 novit,
1995 3179 2054 3210 aut
2074 3177 2102 3210 si
2121 3175 2232 3215 novit,
2253 3184 2322 3207 non

1267 3234 1377 3268 utitur
1394 3243 1432 3268 ea
1450 3233 1666 3268 incontinens.
1686 3235 1729 3267 At
1744 3243 1824 3267 vero
1849 3232 1901 3266 uti
1917 3234 1952 3266 et
1967 3242 2033 3265 non
2052 3231 2102 3264 uti
2121 3231 2254 3264 tantum
2270 3229 2323 3262 in-

1266 3290 1320 3322 ter
1352 3297 1389 3322 se
1414 3287 1562 3328 distant,
1587 3290 1627 3322 ut
1646 3297 1725 3322 eum
1755 3287 1814 3331 qui
1839 3287 1949 3320 utitur
1983 3285 2121 3320 scientia
2151 3286 2186 3318 et
2211 3285 2323 3318 tamen
