2508 3776
288 200 368 241 420

341 286 509 338 (Scripsi
541 300 549 323 :
568 289 582 307 ⁸
611 287 689 323 καθ’
711 284 867 338 ἕκαστα]
890 287 977 326 cod.
998 286 1208 328 καθέκαστα.
1230 313 1282 320 —-
1298 291 1314 314 b

286 346 391 384 κᾶντε
413 343 569 395 ἀδικίας]
591 343 678 382 cod.
705 343 811 397 κᾷντε
829 344 980 390 ἀδικίας.
1006 367 1060 376 -
1074 354 1087 372 ⁰
1108 348 1213 387 κᾶντε
1234 350 1324 400 ἀρε-

284 406 346 450 τῆς
362 404 374 455 ]
392 404 477 442 cod.
504 402 610 456 κᾷντε
630 405 769 455 ἀρετῆς.
795 425 849 434 -
862 406 877 431 ‘¹
897 405 1142 459 δικαιοπραγεῖ
1161 407 1241 446 καθ’
1263 409 1327 446 αὓ-

283 462 366 510 τόν]
386 462 472 502 cod.
501 462 744 515 δικαιοπραγεῑ
766 462 846 502 καθ’
873 463 973 504 αὑτό.
993 485 1044 495 -
1059 472 1073 489 ⁶
1095 465 1206 504 ἄδικοι
1227 466 1250 513 ἢ
1273 464 1323 504 δί·

282 537 380 560 καιαι
398 520 575 574 λέγονται]
592 522 679 562 cod.
703 521 818 562 ἄδικοι
839 522 1014 575 λέγονται.
1037 527 1110 577 -)

713 631 802 683 Κεφ.
837 628 898 682 ιβ’.

321 729 401 771 Περὶ
418 728 626 771 ἀδικημάτων
645 730 700 762 καὶ
721 729 939 771 ἀτυχημάτων
951 754 960 770 ,
981 729 1036 761 καὶ
1064 729 1283 772 συγγνωστῶν

649 777 704 809 καὶ
726 778 978 819 ἀσυγγνώστων.

332 869 347 885 *
371 870 416 908 Αἱ
436 869 503 922 γὰρ
525 870 560 908 ἐν
576 875 652 915 ταῖς
669 869 863 914 κοινωνίαις
879 869 1013 921 βλάὸαι
1034 870 1070 908 αἶ
1086 869 1150 922 μὲν
1171 869 1323 909 ἑκούσιοί

278 929 384 978 εἰσιν,
406 930 441 966 αἱ
463 928 499 967 δὲ
514 929 683 970 ἀκούσιοι.
709 930 779 969 Καὶ
799 932 867 967 τῶν
883 929 1057 968 ἀκουσίων
1076 930 1111 968 αἱ
1133 926 1196 979 μὲν
1211 929 1325 983 ἁμαρ-

277 986 419 1037 τήματα
440 986 620 1039 λέγονται,
653 989 690 1026 αἱ
715 988 751 1027 δὲ
782 988 1009 1041 ἀτυχήματα.
1034 988 1105 1028 Καὶ
1127 989 1323 1041 ἁμάρτημα

278 1046 340 1096 μέν
359 1047 476 1097 ἐστιν,
498 1047 580 1086 ὅταν
601 1063 650 1092 τις
670 1046 790 1101 βλάψῃ
813 1049 890 1086 τινὰ
912 1047 1083 1092 ἀκουσίως
1103 1048 1189 1129 gat-iva,
1208 1063 1323 1100 παρα-

277 1102 371 1155 σχὼν
389 1104 425 1142 δέ
444 1120 521 1143 τινα
543 1122 603 1152 της
633 1105 768 1158 βλάὸης
788 1105 915 1144 αἰτίαν·
932 1110 1024 1155 οἱον,
1045 1106 1078 1144 εἴ
1093 1110 1178 1150 τις“
1201 1109 1235 1145 ἐν
1252 1107 1321 1158 ὁδῳ

276 1162 442 1211 τοξεύων,
461 1166 495 1203 ἓν
512 1168 534 1216 ᾗ
553 1165 729 1217 ἐνεδέχετο
756 1166 936 1217 ἄνθρωπον
959 1164 1133 1217 παριέναι,
1156 1164 1319 1218 ἐφόνευσε

275 1237 365 1259 τινα·
387 1226 487 1267 οὗτος
505 1222 573 1275 γὰρ
604 1223 698 1262 ἄκων
730 1223 792 1274 μὲν
823 1223 1004 1262 ἀπέκτεινε
1026 1223 1084 1262 τὸν
1112 1222 1316 1276 ἄνθρωπον,

273 1280 429 1334 παρέσχε
452 1283 487 1319 δὲ
511 1281 625 1320 αἰτίαν
643 1298 702 1320 του
725 1284 828 1336 φόνου
849 1282 888 1320 τὸ
912 1283 947 1320 ἐν
964 1281 1110 1335 τοιούτῳ
1137 1281 1236 1335 τόπῳ
1261 1298 1317 1321 το-

273 1339 392 1384 ξεύειν.
414 1340 596 1392 Ἀτύχημα
619 1341 656 1379 δέ
677 1343 787 1389 ἐστιν,
808 1341 890 1380 ὅταν
907 1340 1006 1392 παρὰ
1029 1346 1147 1379 πᾶσαν
1167 1342 1321 1391 προσδο-

273 1397 351 1437 κίαν
369 1402 390 1446 ἡ
410 1399 526 1450 βλάὸη
547 1399 682 1450 συμὸῇ·
703 1393 773 1438 οἷον
793 1399 825 1438 εἴ
847 1415 895 1442 τις
916 1398 1060 1443 τοξεύων
1083 1400 1136 1437 ἐπ’
1157 1398 1317 1451 ἐρημίας,

271 1455 362 1495 ουτω
382 1457 541 1507 συμὸάν,
563 1458 734 1510 παριόντα
755 1457 833 1497 τινὰ
848 1457 1061 1496 ἀπέκτεινεν·
1083 1459 1232 1496 ἐνταῦθα
1252 1457 1319 1510 γὰρ

272 1516 471 1568 παράλογός
494 1533 545 1561 τις
575 1521 597 1565 ἡ
628 1516 745 1570 βλάὸη
773 1517 903 1564 συνέὸη
938 1517 997 1556 καὶ
1018 1515 1210 1569 παράδοξος
1226 1546 1236 1564 ,
1259 1517 1318 1555 καὶ

271 1575 346 1612 οὐδὲ
334 1591 366 1612 -ν
387 1576 421 1619 ἐς
441 1575 525 1614 αὐτὸ
547 1578 801 1615 συνετέλεσεν*
788 1591 806 1615 ο
828 1577 985 1628 βλάψας,
1007 1576 1037 1613 εἷ
1059 1575 1107 1625 μὴ
1123 1574 1213 1614 κατὰ
1234 1590 1320 1624 συμ-

272 1631 440 1680 &eg-mdc,
461 1636 538 1673 ἀλλ’
562 1634 664 1680 ἔξωθε
650 1651 683 1672 ςν
703 1638 724 1682 ἡ
755 1635 850 1674 αἰτία
879 1642 978 1673 πᾶσα
994 1638 1053 1674 τοῦ
1075 1634 1192 1687 φόνου.

324 1692 360 1709 **
374 1696 455 1733 Τῶν
471 1693 506 1732 8&
518 1694 684 1733 ἑκουσίων
698 1694 741 1733 τὰ
758 1695 820 1745 μὲν
838 1696 878 1733 ἐκ
891 1695 1124 1747 προαιρέσεως
1137 1694 1312 1744 λέγονται,

269 1752 313 1791 τὰ
334 1752 369 1791 8&
384 1755 445 1792 οὐκ
461 1756 499 1792 ἐκ
512 1755 745 1806 προαιρέσεως
767 1754 985 1804 ἀδικήματα.
1011 1754 1082 1793 Καὶ
1099 1756 1138 1791 ἐκ
1156 1753 1315 1805 προαιρέ-

270 1827 356 1855 σεως
380 1812 443 1860 μὲν
463 1813 507 1851 τὰ
536 1814 866 1887 προὸεὸρυλευμένα
880 1846 892 1867 ,
925 1813 1007 1853 ὅταν
1027 1829 1078 1858 τις
1099 1814 1314 1865 σκεψάμενος

269 1871 329 1909 καὶ
349 1872 627 1922 βουλευσάμενος
644 1872 706 1919 τὴν
731 1873 866 1926 βλάὸην
885 1873 1016 1926 ποιήσῃ
1034 1872 1076 1911 δι’
1094 1872 1178 1910 αὐτὸ
1196 1877 1311 1919 τοῦτο,

269 1945 324 1968 ινα
347 1930 478 1983 βλάψῃ·
498 1932 561 1969 οὐκ
580 1934 620 1971 ἐκ
635 1948 779 1985 προαιρε
767 1933 869 1976 ἰσευς
888 1931 941 1981 δέ,
961 1931 1004 1970 τὰ
1025 1933 1064 1970 ἐκ
1080 1930 1207 1975 πάθους
1226 1932 1315 1975 τινὸς

266 1988 449 2039 γινόμενα,
472 1989 533 2028 καὶ
565 1991 614 2041 μὴ
645 1990 1007 2043 προὸεὸουλευμένως·
1036 1994 1130 2038 οἷον,
1157 1989 1240 2028 ὅταν
1262 2006 1312 2034 τις

269 2048 388 2101 βλάψῃ
414 2048 470 2087 τὸν
490 2049 600 2094 πελας
621 2051 743 2103 ἀθρόον
767 2052 815 2088 τῶ
844 2051 942 2102 Ουμῳ
970 2047 1173 2101 συσχεθείς,
1202 2048 1259 2095 ἢ“
1247 2049 1313 2087 υπὸ

266 2108 396 2152 ἐνδείας
413 2107 688 2160 τυραννούμενος
704 2109 838 2162 κλέψῃ,
864 2110 926 2146 οὐκ
946 2108 1030 2146 αὐτὸ
1047 2112 1169 2156 τοῦτο,
1190 2106 1312 2160 βουλό-

266 2182 366 2217 μενος
383 2173 610 2220 κακουργεῖν,
631 2167 721 2206 ἀλλὰ
738 2167 801 2214 τὴν
823 2166 954 2206 ἔνδειαν
973 2166 1310 2216 παραμυθήσασθαι.

264 2227 390 2264 Ταῦτα
424 2224 460 2264 δὲ
487 2226 660 2280 ἑκάτερα,
682 2227 727 2265 τά
748 2243 784 2265 τε
813 2228 852 2265 ἐκ
873 2224 1132 2279 προαιρέσεως,
1159 2223 1220 2264 καὶ
1251 2226 1312 2264 οὐκ

265 2285 305 2322 ἐκ
324 2284 559 2336 προαιρέσεως
572 2315 583 2336 ,
602 2285 807 2336 ἀδικήματα
828 2284 1000 2336 λέγονται.

319 2342 368 2360 *³*
385 2345 466 2383 Τῶν
480 2343 515 2382 8&
526 2343 750 2397 πραττόντων
761 2344 850 2383 αὐτὰ
865 2345 883 2381 8
897 2342 960 2393 μὲν
975 2345 1014 2382 ἐκ
1034 2341 1198 2395 προνοίας
1222 2341 1310 2394 βλά-

262 2416 358 2439 πτων
381 2402 496 2446 ἄδικός
516 2405 591 2441 ἐστι
612 2403 672 2441 καὶ
693 2403 854 2454 πονηρός·
875 2405 892 2441 8
914 2402 950 2440 8&
972 2401 1040 2440 ὑπὸ
1060 2402 1189 2445 πάθους
1208 2417 1307 2449 κινη-

263 2458 354 2508 θείς,
376 2459 398 2507 ἢ
421 2466 586 2513 φυσικοῦ,
608 2456 679 2499 οἷον
701 2490 713 2513 ,
734 2464 837 2515 ὀργῆς
856 2460 879 2507 ἢ
899 2461 1029 2508 λύπης,
1050 2459 1073 2507 ἢ
1093 2460 1308 2511 ἀναγκαίου,

262 2517 397 2570 ὥσπερ,
420 2518 578 2567 πείνηςῆ
602 2519 709 2573 φόὸου
725 2551 736 2568 ,
768 2522 787 2558 8
809 2523 958 2564 τοιοῦτος
990 2521 1053 2558 οὐκ
1080 2518 1173 2557 ἔστιν
1193 2518 1310 2563 ἄδικος

262 2576 340 2614 οὐδὲ
360 2577 519 2628 πονηρός.

316 2634 386 2652 ****
407 2634 476 2673 Διὰ
495 2639 594 2674 τοῦτο
614 2635 674 2674 καὶ
689 2635 902 2687 διακρίνεται
921 2634 1020 2688 παρὰ
1042 2638 1112 2680 τοῖς
1128 2637 1309 2681 δικασταῖς

261 2695 280 2731 8
300 2692 515 2743 ἀμυνόμενος
544 2696 605 2732 τοῦ
626 2695 942 2747 προκατάρξαντος.
984 2693 1106 2749 Ἄρχει
1126 2696 1162 2735 8&
1198 2698 1264 2750 οὐχ
1290 2699 1308 2736 8

261 2755 361 2806 θυμῷ
381 2755 511 2800 ποιῶν,
533 2752 612 2791 ἀλλ’
640 2756 658 2792 8
675 2753 819 2798 κινήσας
847 2755 949 2793 αὐτὸν
973 2756 1020 2798 εἷς
1044 2755 1162 2807 ὀργήν·
1192 2756 1227 2800 ὃς
1246 2755 1306 2795 καὶ

261 2812 465 2862 ἐγκαλεῖται
483 2814 529 2855 ὡς
551 2813 679 2856 ἄδικος·
709 2808 807 2858 οὗτος
831 2815 898 2867 γὰρ
927 2814 1059 2866 ἐγένετο
1078 2817 1140 2861 τῆς
1170 2815 1305 2866 βλάὸης

262 2869 382 2915 αἴτιος.
407 2870 475 2910 Καὶ
493 2869 613 2909 τούτου
629 2872 732 2924 χάριν
752 2875 770 2910 8
788 2873 850 2922 μὲν
871 2872 1117 2925 προκατάρξας
1141 2875 1306 2928 ἀπαρνεῖ-

260 2944 319 2967 ται
341 2929 390 2979 μὴ
407 2929 669 2980 προκατάρξαι,
685 2933 704 2969 ὅ
724 2929 759 2969 8&
780 2932 999 2981 ἀμυνάμενος
1015 2932 1077 2978 τὴν
1092 2932 1226 2985 βλάὸην
1243 2933 1305 2983 μὲν

261 2988 425 3040 ὁμολογεῖ
449 2988 493 3035 ἣν
518 2988 650 3042 ἔῦλαψε
670 2989 726 3028 τὸν
749 2989 918 3042 ἄρξαντα,
947 2993 1083 3040 ἄμυναν
1104 2992 1219 3030 δὲκαὶ
1242 2994 1304 3030 ἀν-

262 3046 451 3085 ταπόδοσιν
475 3047 658 3098 ὀνομάζει,
682 3047 739 3086 δια
767 3048 807 3086 τὸ
835 3048 884 3099 μὴ
913 3049 1067 3098 οἴκοθεν,
1098 3049 1189 3089 ἀλλὰ
1210 3051 1305 3104 παρὰ

261 3121 321 3145 του
345 3105 570 3159 βλάψαντοςῧ
592 3108 639 3150 εἷς
664 3106 726 3154 τὴν
756 3106 860 3160 ὀργὴν
896 3111 1095 3155 κινηθηναι.
1129 3111 1183 3149 Οὐ
1213 3111 1302 3163 γάρ,

261 3180 382 3217 ωσπερ
404 3166 437 3203 ἐν
465 3171 534 3209 τοῖς
564 3165 732 3214 ἑκουσίοις
761 3167 1053 3218 συναλλάγμασιν
1083 3167 1183 3221 ἔχει,
1211 3168 1303 3208 οὕτω

262 3225 472 3263 κάνταῦθαῦ
490 3227 513 3272 ἡ
535 3224 800 3278 ἀμφισὸήτησις
831 3225 974 3277 γίνεται·
1005 3228 1039 3265 ἓν
1074 3227 1220 3272 ἐκείναις
1242 3228 1303 3278 μὲν

259 3282 328 3336 γὰρ
349 3286 372 3330 ἡ
390 3283 512 3336 πρᾶξις
533 3284 822 3350 ἀμφισὸητεῖται·
844 3288 936 3331 οἷον,
955 3287 984 3323 εἰ
1008 3285 1113 3324 ἔλαὸε
1141 3287 1204 3333 τὴν
1227 3303 1300 3325 πα-

1119 197 1396 242 ANDRONICI
1425 201 1602 242 RHODII

1822 654 1900 696 cap.
1925 655 1995 688 xn.

1502 734 1550 762 De
1560 732 1683 769 injuriis
1699 734 1730 763 et
1747 733 1836 763 rebus
1851 733 2000 770 adversis.
2025 736 2091 766 tum
2105 737 2192 768 venia
2203 736 2317 776 dignis,

1735 782 1797 809 tum
1813 788 1875 810 non
1892 782 2088 817 ignoscendis.

1429 876 1511 912 Quae
1533 874 1618 907 enim
1648 875 1682 908 ln
1712 876 1925 910 societatibus
1953 877 2051 910 alicui
2081 878 2302 920 importantur
2323 879 2430 912 detri-

1385 925 1513 961 menta,
1538 923 1660 964 partim
1678 924 1865 957 voluntaria
1881 927 1976 965 sunt,
1994 925 2115 966 partim
2141 935 2205 959 non
2226 927 2427 960 voluntaria.

1385 972 1509 1003 Eorum
1524 973 1637 1002 autem
1652 980 1728 1013 quae
1747 981 1811 1004 non
1836 973 2025 1005 voluntaria
2043 975 2138 1012 sunt,
2155 973 2222 1007 alia
2248 977 2359 1008 errata
2374 973 2429 1007 di-

1385 1021 1515 1056 cuntur,
1536 1018 1599 1051 alia
1620 1020 1708 1052 mala
1733 1020 1896 1053 divinitus
1913 1022 2053 1054 invecta.
2074 1022 2117 1053 Et
2135 1024 2282 1055 erratum
2295 1021 2430 1066 quidem

1385 1069 1453 1104 est,
1471 1075 1577 1108 quum
1604 1067 1723 1108 aliquis
1742 1068 1846 1100 alium
1870 1068 1962 1101 laedit
1985 1068 2111 1101 invitus
2126 1069 2263 1111 quidem
2276 1093 2286 1110 ‚
2305 1068 2364 1102 sed
2381 1069 2430 1102 i-ta

1384 1115 1422 1145 ut
1441 1113 1587 1154 aliquam
1609 1113 1752 1146 laedendi
1777 1123 1911 1146 causam
1943 1114 2060 1148 afferat
2094 1124 2102 1143 =
2135 1116 2231 1149 verbi
2249 1117 2374 1158 gratia,
2401 1117 2430 1150 si

1384 1163 1461 1205 quis
1478 1164 1513 1196 in
1529 1163 1582 1195 via
1594 1187 1602 1202 ‚
1617 1162 1651 1195 in
1671 1173 1737 1205 qua
1754 1164 1823 1196 fieri
1839 1166 1990 1205 poterat,
2006 1166 2044 1196 ut
2069 1165 2168 1197 homo
2193 1165 2361 1204 transiret.
2381 1165 2430 1208 ja-

1383 1210 1514 1242 culatus
1531 1208 1653 1248 fuerit,
1680 1211 1914 1252 hominemque
1940 1210 2067 1244 necarit
2087 1225 2096 1243 :
2115 1211 2172 1243 hic
2194 1212 2284 1244 enlm
2300 1211 2428 1245 invitus

1382 1257 1517 1299 quidem
1545 1256 1710 1288 hominem
1737 1256 1924 1296 interfecit,
1949 1257 2007 1290 sed
2030 1259 2140 1291 tamen
2165 1259 2267 1292 caedis
2295 1260 2428 1304 culpam

1383 1306 1550 1344 sustinuit
1572 1309 1744 1348 propterea
1766 1307 1856 1349 quod
1881 1308 1915 1339 in
1934 1307 1994 1340 tali
2015 1307 2086 1340 loco
2105 1309 2284 1351 sagittavit.
2306 1311 2429 1344 Contra

1382 1350 1506 1383 malum
1536 1353 1697 1386 divinitus
1720 1354 1889 1386 invectum
1918 1357 1986 1395 est,
2016 1364 2121 1397 quum
2150 1359 2272 1398 praeter
2298 1366 2428 1391 omnem

1382 1402 1658 1442 exspectationem
1679 1403 1836 1436 damnum
1853 1405 2071 1447 contrahitur,
2094 1408 2134 1438 ut
2159 1406 2187 1438 si
2205 1406 2282 1449 quis
2298 1407 2333 1440 in
2349 1408 2428 1442 soli-

1381 1449 1495 1482 tudine
1509 1450 1676 1492 Jaculatus
1702 1452 1786 1484 forte
1815 1451 1948 1485 fortuna
1977 1455 2233 1495 praetereuntem
2259 1455 2427 1490 hominem

1380 1497 1545 1531 interfecit
1565 1510 1572 1531 :
1592 1500 1648 1532 hic
1674 1501 1762 1533 enim
1778 1503 1900 1542 praeter
1926 1502 2087 1535 rationem
2112 1505 2213 1546 atque
2241 1504 2427 1546 opinionem

1379 1548 1524 1580 omnium
1545 1549 1702 1582 damnum
1728 1552 1850 1585 illatum
1865 1554 1931 1590 est,
1948 1561 2056 1595 neque
2073 1553 2270 1596 quidquam,
2289 1553 2353 1588 nisi
2368 1563 2427 1598 per

1379 1598 1549 1640 accidens,
1572 1601 1685 1633 attulit
1710 1603 1768 1643 qui
1799 1601 1895 1641 laesit,
1925 1602 1983 1635 sed
2002 1604 2098 1636 extra
2126 1605 2178 1636 est
2205 1604 2312 1637 omnis
2326 1613 2426 1638 causa

1379 1650 1487 1683 caedis.

1419 1704 1543 1735 Earum
1572 1704 1684 1735 autem
1702 1712 1778 1745 quae
1796 1705 1911 1745 sponte
1935 1705 2041 1743 fiunt,
2063 1704 2137 1737 aliae
2156 1707 2254 1749 capto
2267 1707 2423 1750 consilio,

1377 1753 1450 1786 aliae
1470 1763 1533 1785 non
1556 1755 1651 1794 capto
1664 1753 1765 1785 illatae
1785 1753 1943 1786 dicuntur
1958 1754 2099 1796 injuriae.
2115 1756 2157 1787 Et
2177 1758 2274 1798 capto
2290 1757 2425 1799 quidem

1376 1803 1510 1834 consilio
1524 1804 1624 1843 fiunt,
1648 1812 1724 1845 quae
1751 1806 1939 1844 antegressa
1956 1804 2194 1838 deliberatione
2219 1806 2421 1850 inferuntur,

1377 1853 1508 1894 quoties
1535 1853 1654 1895 aliquis
1678 1863 1713 1885 re
1732 1854 1825 1896 prius
1847 1863 2005 1896 perpensa
2025 1863 2063 1887 ac
2085 1854 2268 1889 deliberata
2285 1858 2342 1891 alii
2363 1859 2424 1892 de-

1376 1902 1568 1934 trimentum
1590 1903 1766 1944 importat,
1793 1903 1894 1945 idque
1921 1904 1965 1936 ob
1982 1904 2044 1936 hoc
2068 1903 2177 1946 ipsum
2190 1931 2198 1944 ,
2225 1907 2263 1938 ιιι
2278 1908 2395 1943 noceat
2415 1916 2422 1938 :

1375 1955 1488 1985 contra
1519 1962 1583 1984 non
1602 1956 1698 1994 capto
1728 1954 1863 1986 consilio
1890 1953 2088 1994 inferuntur,
2115 1963 2191 1996 quae
2220 1963 2295 1987 cum
2313 1954 2424 1996 aliqua

1375 1999 1620 2040 perturbatione
1648 2000 1731 2032 fiunt
1760 2000 1917 2042 nullaque
1947 2002 2134 2040 antegressa
2163 1999 2399 2033 deliberatione
2412 2025 2419 2038 ‚

1377 2050 1414 2079 ut
1433 2056 1538 2088 quum
1561 2046 1637 2088 quis
1655 2046 1758 2078 alium
1780 2047 1829 2078 ira
1850 2055 1968 2087 magna
1986 2046 2208 2079 inflammatus
2231 2046 2340 2086 laedit,
2363 2048 2424 2080 aut

1375 2103 1486 2127 rerum
1512 2094 1771 2126 necessariarum
1784 2094 1894 2136 inopia
1912 2093 2119 2126 conflictatus
2135 2093 2278 2133 furatur,
2293 2103 2355 2127 nec
2369 2095 2423 2127 ta·-

1374 2157 1450 2180 men
1467 2147 1529 2178 hoc
1542 2147 1652 2188 ipsum
1671 2147 1804 2184 studet,
1823 2148 1862 2178 ut
1879 2146 1978 2179 laedat
1992 2146 2074 2179 alios
2085 2172 2093 2186 ‚
2116 2146 2174 2185 sed
2186 2149 2225 2180 ut
2237 2156 2332 2181 suam
2350 2148 2423 2182 ino-

1373 2195 1462 2238 piam
1485 2193 1650 2226 sublevet.
1678 2194 1863 2236 Utriusque
1882 2193 1984 2235 igitur
2005 2194 2134 2235 generis
2159 2204 2232 2234 res,
2257 2197 2326 2228 tam
2345 2205 2422 2239 quae

1374 2241 1640 2323 οἰιῆιᾶιίηειριιιείϋο,
1661 2251 1762 2284 quam
1780 2250 1856 2284 quae
1880 2250 1945 2274 non
1964 2243 2061 2284 capto
2081 2242 2165 2275 flunt
2177 2267 2186 2283 ‚
2213 2242 2344 2285 iniuriae
2361 2252 2422 2285 ap-

1372 2300 1395 2334 p
1416 2347 1540 2377 Eorum
1568 2345 1680 2377 autem
1698 2343 1756 2386 qui
1775 2343 1912 2385 injurias
1936 2342 2081 2382 faciunt,
2102 2343 2131 2376 is
2145 2342 2206 2386 qui
2219 2343 2371 2377 consulto
2387 2346 2423 2378 et

1373 2404 1514 2445 cogitate
1542 2405 1652 2441 nocet,
1675 2403 1818 2444 injustus
1840 2404 1890 2435 est
1913 2405 1947 2435 et
1962 2402 2160 2444 improbus:
2188 2402 2249 2445 qui
2264 2411 2344 2436 vero
2367 2403 2421 2436 af-

1372 2462 1460 2495 fectu
1474 2488 1482 2503 ,
1510 2462 1579 2495 sive
1607 2461 1766 2501 naturali,
1789 2463 1828 2493 ut
1843 2461 1892 2493 ira
1909 2464 1967 2494 aut
1983 2461 2105 2500 dolore,
2134 2461 2205 2494 sive
2222 2462 2416 2502 necessario,

1371 2523 1410 2554 ut
1430 2520 1516 2554 fame
1541 2521 1592 2554 vel
1608 2522 1698 2553 metu
1718 2520 1933 2563 perturbatus
1946 2546 1954 2559 ,
1984 2520 2014 2553 is
2038 2529 2098 2553 nec
2119 2520 2265 2563 injustus
2283 2522 2336 2554 est
2355 2529 2418 2554 nec

1369 2580 1548 2623 improbus.

1412 2644 1633 2684 Quamobrem
1662 2644 1762 2678 etiam
1787 2643 1828 2677 de
1844 2643 1996 2686 judicum
2013 2643 2175 2676 sententia
2200 2643 2417 2686 distinguitur

1371 2703 1429 2746 qui
1449 2704 1618 2746 propulsat
1646 2703 1801 2746 injuriam
1821 2702 1862 2736 ab
1878 2712 1917 2736 eo
1932 2702 1991 2745 qui
2015 2702 2158 2735 inchoat.
2179 2703 2337 2736 Inchoare
2354 2713 2417 2736 au·-

1367 2765 1437 2797 tem
1457 2763 1580 2796 dicitur
1597 2773 1662 2796 non
1679 2763 1739 2806 qui
1759 2772 1816 2806 per
1839 2763 1923 2796 iram
1939 2762 2068 2805 aliquid
2090 2761 2189 2801 facit,
2215 2761 2273 2795 sed
2290 2762 2348 2805 qui
2372 2762 2415 2795 il-

1367 2823 1437 2855 lum
1455 2822 1498 2856 ad
1517 2823 1601 2856 iram
1617 2823 1707 2856 acuit
1733 2834 1741 2856 :
1773 2822 1831 2865 qui
1857 2824 1891 2855 et
1910 2823 2084 2855 accusatur
2105 2823 2143 2854 ut
2162 2821 2307 2864 injustus
2334 2831 2342 2853 ε
2361 2821 2416 2855 hic

1367 2883 1453 2915 enim
1469 2882 1581 2915 damni
1607 2882 1671 2915 fuit
1700 2884 1826 2914 auctor.
1854 2881 2000 2924 Ideoque
2027 2880 2087 2923 qui
2110 2880 2241 2923 incipit,
2265 2882 2362 2923 negat
2377 2890 2413 2914 se

1366 2941 1542 2983 incepisse,
1566 2941 1625 2984 qui
1645 2951 1725 2975 vero
1753 2941 1944 2983 propulsat,
1976 2940 2135 2973 damnum
2158 2939 2295 2983 quidem
2323 2939 2415 2983 quod

1367 3002 1521 3042 apportat
1539 3000 1570 3033 ei
1587 3000 1647 3042 qui
1672 2999 1786 3042 incipit
1815 2998 1949 3037 fatetur,
1970 2999 2028 3032 sed
2054 3001 2127 3031 tum
2147 2998 2306 3032 ultionem
2318 3025 2325 3037 ,
2340 3001 2413 3031 tum

1366 3059 1505 3101 gratiam
1521 3069 1541 3092 a
1558 3068 1593 3092 se
1606 3059 1745 3092 relatam
1769 3058 1929 3100 appellat,
1949 3057 2039 3100 quod
2064 3067 2129 3090 non
2148 3059 2275 3099 sponte,
2295 3056 2354 3091 sed
2369 3057 2412 3090 ab

1367 3126 1405 3150 eo
1414 3118 1473 3160 qui
1489 3118 1581 3160 prius
1590 3118 1714 3159 nocuit,
1730 3118 1827 3151 irasci
1837 3118 1880 3150 sit
1897 3119 2039 3150 coactus.
2054 3118 2168 3160 Neque
2181 3117 2280 3158 enim,
2299 3125 2412 3160 quem-

1366 3176 1544 3210 admodum
1570 3177 1604 3210 in
1630 3178 1671 3210 iis
1693 3186 1769 3220 quae
1795 3178 1909 3219 sponte
1938 3176 2021 3209 fiunt
2042 3176 2281 3214 contractibus,
2303 3175 2351 3209 sic
2376 3177 2410 3208 et

1366 3235 1419 3268 hic
1432 3235 1467 3268 in
1482 3236 1738 3269 controversiam
1755 3245 1808 3270 res
1834 3231 1925 3269 venit
1944 3248 1951 3268 ι
1973 3235 2096 3278 quippe
2111 3235 2158 3268 ibi
2178 3235 2220 3268 de
2238 3234 2327 3267 facto
2345 3234 2409 3267 du-

1364 3294 1500 3334 bitatur,
1524 3296 1666 3338 exempli
1685 3296 1800 3338 gratia,
1828 3305 1907 3328 num
1926 3295 2113 3337 depositum
2134 3294 2257 3337 aliquis
2274 3302 2408 3337 accepe-

265 3358 2405 3377 ———————————————=—————-——————

300 3406 319 3423 *
337 3407 411 3439 Τῶν
430 3407 464 3440 δὲ
487 3407 644 3440 ἑκουσίων
663 3407 705 3440 τὰ
730 3407 786 3449 μὲν
814 3407 1029 3451 προελόμενοι
1050 3408 1118 3440 κτλ.
1138 3426 1179 3432 -
1194 3408 1232 3429 *⁴¹
1262 3407 1366 3441 Ὀταν
1385 3408 1419 3441 δὲ
1442 3410 1536 3447 εἰδὼς
1552 3412 1621 3444 κτλ.
1645 3425 1688 3435 -
1703 3409 1760 3429 **⁴‘
1782 3407 1887 3450 Ὅταν
1905 3409 1941 3441 δὲ
1961 3408 1999 3440 ἐκ
2019 3407 2239 3451 προαιρέσεως
2261 3409 2330 3456 κτλ.
2355 3426 2398 3437 .-

264 3451 346 3471 *Ὴ*
369 3455 427 3488 Διὸ
443 3455 550 3491 καὶῶς
571 3455 612 3487 τὰ
631 3455 667 3487 ἐκ
684 3455 804 3497 θυμοῦ,
824 3455 894 3487 κτλ
