2528 3788
274 201 327 241 46
1217 208 1478 250 SALLUSTII

271 287 456 339 σώματος,
483 289 505 337 ἢ
534 289 600 328 ὑπὸ
625 289 844 340 τῶνόντων,
870 293 893 341 ἢ
923 293 989 333 ὕπὸ
1009 294 1146 348 ἑτέρων.
1176 297 1246 335 Καὶ
1277 299 1305 336 εἷ

270 346 333 396 μὲν
351 347 420 386 ὑπὸ
436 350 503 386 τῶν
524 348 630 387 ὄντων
644 379 654 398 ‚
677 349 699 396 ἢ
722 349 788 388 ὑπὸ
809 352 880 390 τῶν
899 352 1018 406 κύκλῳ
1036 353 1244 406 κινουμένων
1261 355 1305 393 τὰ

269 406 326 443 ἐπ’
349 406 501 454 εὗθείας,
523 405 545 452 ἢ
566 407 632 445 ὑπὸ
658 410 727 446 τῶν
752 409 806 447 ἐπ’
839 410 970 455 εὖθείας
991 412 1034 450 τὰ
1062 413 1192 467 κύκλῳ.
1213 414 1304 453 Ἀλλ’

268 463 346 502 οὐδὲ
369 465 413 504 τὰ
433 465 549 517 κύκλῳ
569 467 761 520 φθαρτικὴν
781 467 855 521 ἔχει
875 469 995 523 φύσιν·
1016 470 1072 510 διὰ
1096 471 1133 510 τί
1149 472 1215 525 γὰρ
1237 490 1304 524 μη-

268 522 325 560 δὲν
354 525 486 575 δρῶμεν
509 524 637 563 ἐκεῖθεν
659 526 903 579 φθειρόμενον;
932 529 1008 567 οὐδὲ
1034 529 1079 568 τὰ
1099 533 1154 570 ἐπ’
1173 532 1306 577 εὐθείας

266 579 406 618 ἐκείνων
427 581 582 633 ἅψασθαι
597 581 759 621 δύναται·
775 584 832 622 διὰ
845 585 879 623 τί
893 585 962 639 γὰρ
977 586 1060 640 ἄχρι
1073 591 1133 626 ν’ὔν
1147 589 1209 627 οὐκ
1222 590 1302 636 ἠδυ-

265 637 352 684 νήθη
369 653 380 687 ;
403 639 498 678 Ἀλλ’
516 640 592 679 οὐδὲ
613 641 658 679 τὰ
674 644 728 682 ἐπ’
749 643 880 688 εὐθείας
901 646 962 683 ὑπ’
983 646 1144 694 ἀλλήλων
1163 648 1305 701 φθείρε-

266 701 345 735 σθαι
368 697 534 738 δύναται·
557 703 578 747 ἠ
609 699 671 749 μὲν
694 701 765 754 γὰρ
786 702 892 741 ἄλλου
913 703 1022 756 φθορὰ
1043 704 1149 744 ἄλλου
1174 707 1304 757 γένεσίς

267 756 360 795 ἔστι·
382 760 484 796 τοῦτο
505 759 539 797 δὲ
560 758 758 811 φθείρεσθαι
788 759 850 812 μὲν
875 764 938 800 οὐκ
961 762 1057 811 ἔστι,
1087 764 1301 814 μεταὸάλλε-

266 817 345 851 σθαι
373 815 421 853 δέ.
447 817 490 855 Εἰ
510 817 546 856 δὲ
572 817 630 855 ὑπ’
650 818 765 857 ἄλλων
791 820 964 871 σωμάτων
983 823 1000 859 6
1021 821 1150 872 κόσμος
1166 824 1303 875 φθείρε-

212 925 218 930 ·
264 888 323 910 ται
339 878 375 924 ⁰,
398 874 502 914 πόθεν
528 877 741 928 γενομένων,
775 878 798 925 ἢ
828 884 894 919 ποῦ
919 880 1025 921 ὄντων
1049 882 1111 920 οὐκ
1134 882 1226 921 ἔστιν
1254 886 1302 922 εἷ-

265 931 356 970 πεῗν.
373 931 454 972 Ἔτι
471 941 540 973 πᾶν
563 935 601 974 τὸ
628 937 852 990 φθειρόμενον
874 938 1017 988 ἢεῖδει,
1040 939 1062 987 ἢ
1085 940 1149 993 ὕλῃ
1172 941 1304 994 φθείρε-

263 1005 340 1028 ται·
357 989 430 1030 ἔστι
446 992 481 1031 δὲ
496 985 583 1037 εἶδος
601 994 663 1045 μὲν
680 995 719 1033 τὸ
734 999 858 1048 σχῆμα
870 1026 880 1045 ,
901 996 966 1044 ὕλη
985 997 1020 1036 δὲ
1040 997 1079 1036 τὸ
1096 1001 1212 1049 σῶμα.
1233 999 1304 1038 Καὶ

263 1050 332 1086 τῶν
356 1049 419 1099 μὲν
448 1052 547 1089 εἰδῶν
570 1053 826 1105 φθειρομένων,
857 1057 919 1102 τῆς
949 1055 985 1094 δὲ
1007 1056 1091 1103 ὕλης
1111 1057 1300 1107 μενούσης,

264 1106 364 1160 ἕτερα
386 1110 521 1161 δρῶμεν
541 1109 719 1162 γινόμενα.
738 1114 784 1151 Εἰ
811 1112 846 1151 δὲ
865 1113 932 1162 ὕλη
954 1114 1154 1168 φθείρεται,
1174 1119 1247 1160 πῶς
1269 1118 1302 1154 ἓν

262 1166 436 1211 τοσούτοις
456 1168 568 1207 ἔτεσιν
588 1170 649 1207 οὖκ
668 1171 831 1210 ἐπέλιπεν
846 1186 855 1222 ;
875 1173 919 1211 Εἰ
937 1174 972 1211 δὲ
990 1173 1066 1211 ἀντὶ
1083 1176 1145 1219 τῆς
1163 1177 1302 1227 φθειρο-

264 1225 369 1275 μένης
396 1226 495 1279 ἑτέρα
520 1227 530 1251 ¹
549 1227 705 1278 γίνεται,
725 1228 748 1275 ἢ
770 1231 808 1268 ἐκ
826 1232 895 1268 τῶν
921 1230 1027 1270 ὄντων
1055 1231 1078 1279 ἢ
1107 1233 1147 1270 ἐκ
1165 1234 1232 1271 τῶν
1255 1233 1302 1283 μὴ

263 1282 370 1322 ὄντων
391 1284 543 1335 γίνεται·
564 1285 646 1323 ἀλλ’
666 1288 695 1325 εἷ
717 1287 780 1337 μὲν
807 1289 846 1326 ἔκ
870 1291 937 1328 τῶν
957 1289 1086 1338 ὄντων,
1109 1293 1176 1328 τῶν
1197 1290 1303 1329 ὄντων

262 1341 435 1391 μενόντων
454 1342 533 1390 ἀεί,
552 1343 611 1382 καὶ
630 1347 651 1391 ἡ
671 1346 736 1392 ὕλη
759 1346 853 1384 ἔστιν
874 1347 943 1386 ἀεί.
966 1349 1007 1386 Εἰ
1024 1347 1060 1387 δὲ
1082 1347 1140 1386 καὶ
1157 1347 1202 1385 τὰ
1221 1347 1303 1386 ὄντα

262 1400 456 1452 φθείρεται,
477 1403 513 1439 οὒ
536 1402 594 1440 τὸν
624 1403 753 1453 κόσμον
777 1404 880 1455 μόνον
896 1437 906 1454 ,
930 1406 1022 1444 ἀλλὰ
1041 1406 1099 1445 καὶ
1119 1405 1163 1444 τὰ
1189 1406 1303 1445 πάντα

260 1456 399 1507 λέγουσι
426 1460 636 1511 φθείρεσθαι.
659 1462 705 1499 Ei
724 1460 760 1499 δὲ
790 1463 829 1500 ἐκ
848 1464 917 1502 τῶν
947 1462 996 1513 μὴ
1026 1462 1134 1501 ὄντων
1159 1465 1182 1510 ἡ
1213 1462 1300 1511 ὕλη,

260 1517 396 1567 πρῶτον
418 1516 480 1566 μὲν
496 1518 664 1556 ἀδύνατον
686 1520 726 1557 ἐκ
746 1522 814 1558 τῶν
835 1520 883 1568 μὴ
902 1520 1010 1559 ὄντων
1030 1515 1117 1559 εἶναί
1137 1537 1181 1559 τι.
1203 1522 1248 1560 Ei
1268 1520 1304 1559 δὲ

260 1577 361 1612 τοῦτο
377 1574 532 1626 γε’νοιτο,
551 1576 612 1614 καὶ
633 1577 775 1615 δυνατὸν
794 1579 834 1616 ἐκ
853 1580 922 1618 τῶν
940 1578 989 1630 μὴ
1007 1579 1115 1618 ὄντων
1138 1573 1225 1618 εἶναι
1241 1578 1303 1626 τὴν

259 1631 344 1679 ὕλην
357 1661 368 1682 ,
391 1632 452 1675 ἕως
471 1632 511 1672 ἂν
527 1627 550 1686 ᾗ
566 1633 611 1672 τὰ
632 1634 683 1684 μὴ
706 1635 790 1675 ὄντα
805 1664 816 1683 ,
838 1635 938 1675 ἔσται
959 1637 1018 1675 καὶ
1036 1640 1056 1683 ἡ
1078 1637 1142 1684 ὕλη
1156 1653 1164 1661 ·
1182 1638 1220 1676 οὗ
1236 1637 1303 1690 γὰρ

261 1690 391 1737 δήποτε
408 1691 469 1729 καὶ
487 1692 531 1730 τὰ
554 1692 602 1742 μὴ
621 1692 703 1731 ὄντα
725 1694 931 1734 ἀπόλλυται.
949 1697 995 1735 Ei.
1014 1695 1049 1734 δὲ
1072 1696 1222 1734 ἀνείδεον
1242 1696 1300 1733 λε’-

258 1765 358 1800 γουσι
373 1748 434 1798 μὲν
449 1749 514 1796 τὴν
532 1751 638 1798 ὕλην,
660 1754 797 1804 πρῶτον
813 1753 874 1803 μὲν
894 1753 950 1793 διὰ
972 1753 1004 1792 τί
1018 1755 1056 1793 οὗ
1081 1753 1173 1792 κατὰ
1188 1753 1298 1805 με’ρη,

261 1808 337 1846 ἀλλ’
356 1807 426 1861 ὅλῳ
452 1809 585 1859 γίνεται
604 1813 706 1848 τοῦτο
722 1812 771 1862 τῷ
791 1811 913 1863 κόσμῳ
929 1825 940 1862 3
963 1812 1083 1850 ἔπειτα
1100 1813 1138 1849 οὗ
1155 1811 1193 1850 τὸ
1215 1807 1300 1850 εἶναι

260 1868 328 1904 τῶν
344 1867 517 1915 σωμάτων
532 1897 542 1917 ,
558 1867 598 1906 τὸ
614 1867 650 1906 δὲ
671 1869 798 1913 κάλλος
815 1868 988 1922 φθείρουσι
1004 1870 1119 1921 μόνον.
1137 1869 1219 1909 Ἔτι
1231 1875 1300 1908 πᾶν

258 1924 299 1963 τὸ
316 1925 539 1978 φθειρόμενον
561 1923 616 1971 εῆ
636 1928 696 1979 ἀφ’
717 1919 766 1964 ὧν
786 1927 922 1978 ἐγένετο
937 1957 947 1976 ,
970 1930 1016 1972 εἷς
1037 1930 1150 1967 ἐκεῖνα
1167 1928 1300 1976 λύεται,

259 2036 323 2069 Sed
341 2045 400 2069 nec
417 2046 492 2078 quae
511 2040 600 2070 recte
620 2038 770 2071 seruntur
800 2040 917 2072 mutuo
945 2039 1080 2072 incursu
1102 2040 1209 2082 perire
1234 2049 1306 2081 pos·

260 2096 356 2134 sunt3
389 2096 487 2128 unius
514 2096 601 2129 enim
629 2097 796 2138 corruptio
819 2098 957 2131 alterius
986 2098 1151 2139 generatio
1175 2099 1242 2138 est;
1272 2099 1306 2130 at

260 2153 323 2187 hoc
354 2155 481 2191 destrui
509 2155 623 2196 utique
661 2165 727 2188 non
756 2158 825 2197 est,
856 2156 916 2189 sed
939 2157 1117 2190 immutari.
1163 2157 1197 2189 Si
1228 2166 1306 2189 vero

260 2213 332 2246 aliis
347 2213 539 2255 corporibus
567 2214 710 2246 mundus
734 2216 966 2257 corrumpitur,
988 2216 1075 2248 unde
1099 2216 1154 2248 illa
1173 2216 1307 2249 exstite-

260 2271 326 2305 rint
341 2274 399 2305 aut
416 2272 473 2304 ubi
487 2272 554 2306 sint
568 2298 574 2312 ,
595 2273 752 2306 declarari
772 2283 836 2306 non
853 2276 972 2316 potest.
1019 2277 1186 2308 Praeterea
1203 2275 1304 2315 quod-

261 2339 387 2373 cunque
414 2331 646 2374 corrumpitur,
668 2334 725 2364 aut
753 2331 857 2365 forma
883 2334 941 2366 aut
967 2333 1103 2366 materia
1130 2333 1306 2375 corrumpi-

260 2391 315 2421 tur
337 2402 344 2422 :
365 2390 416 2422 est
432 2391 543 2422 autem
561 2390 667 2422 forma
684 2389 804 2432 figura,
823 2391 961 2425 materia
973 2400 1103 2433 corpus.
1148 2391 1307 2429 Quocirca

260 2447 374 2480 formis
392 2448 624 2489 pereuntibus,
643 2451 796 2481 manente
811 2450 966 2490 materia,
984 2449 1064 2483 alias
1082 2450 1205 2482 formas
1220 2449 1307 2492 gigni

261 2506 424 2539 videmus.
469 2506 593 2545 Quodsi
621 2507 758 2540 materia
787 2509 1018 2550 corrumpitur,
1059 2508 1222 2551 quomodo
1256 2508 1307 2541 tot

261 2573 418 2597 annorum
436 2565 540 2606 spatio
558 2574 621 2597 non
635 2565 776 2599 defecit?
796 2566 830 2599 Si
844 2576 923 2599 vero
938 2576 996 2609 pro
1014 2576 1052 2601 ea
1067 2577 1141 2610 quae
1158 2576 1304 2601 corrum-

261 2623 350 2666 pitur
370 2623 433 2656 alia
451 2623 609 2665 nascitur,
626 2626 683 2656 aut
699 2633 740 2657 ex
756 2624 808 2658 his
827 2634 901 2666 quae
918 2628 1015 2667 sunt,
1036 2629 1094 2659 aut
1109 2636 1152 2659 ex
1169 2627 1212 2659 iis
1229 2635 1303 2668 quae

260 2691 324 2715 non
341 2683 415 2714 sunt
426 2705 435 2722 ‚
449 2681 608 2724 originem
617 2682 732 2715 habet.
779 2685 821 2716 At
839 2683 868 2716 si
884 2677 925 2716 e'x
940 2684 980 2717 iis
997 2694 1073 2726 quae
1091 2687 1187 2727 sunt,
1204 2695 1306 2727 quum

261 2748 300 2773 ea
318 2742 495 2786 quaesunt
521 2749 648 2783 semper
675 2745 830 2774 maneant
844 2768 852 2783 ‚
871 2745 906 2775 et
925 2745 1062 2777 materia
1090 2753 1218 2786 semper
1242 2746 1304 2777 est.

263 2798 320 2831 Sin
330 2800 443 2832 autem
455 2801 488 2832 et
500 2799 557 2832 illa
567 2808 642 2841 quae
653 2801 729 2834 sunt
739 2804 1005 2843 corrumpuntur,
1020 2813 1084 2835 non
1097 2804 1204 2836 solum
1216 2813 1307 2836 mun-

262 2859 360 2900 dum,
378 2857 437 2892 sed
461 2859 560 2893 etiam
586 2859 712 2901 reliqua
735 2860 845 2892 omnia
870 2862 1034 2903 corrumpi
1054 2862 1227 2895 affirmant.
1273 2863 1307 2895 Si

263 2927 300 2951 ex
314 2917 356 2951 iis
366 2943 374 2958 ‚
393 2927 468 2959 quae
492 2927 558 2951 non
573 2920 667 2960 sunt,
682 2919 821 2952 materia
841 2920 997 2961 nascitur,
1014 2921 1159 2962 prImum
1174 2921 1306 2963 quidem

268 2985 309 3010 ex
326 2976 368 3009 iis
383 2985 459 3018 quae
474 2985 542 3009 non
563 2978 639 3010 sunt
655 2986 721 3010 non
741 2979 851 3020 potest
867 2978 1046 3019 quidquam
1067 2988 1150 3013 esse.
1196 2980 1260 3015 Sed
1278 2980 1304 3012 si

262 3034 299 3068 id
327 3034 385 3067 fiet
412 3034 596 3077 poteritque
625 3044 666 3068 ex
691 3035 732 3068 iis
759 3045 834 3077 quae
854 3045 919 3068 non
940 3038 1018 3069 sunt
1045 3038 1182 3070 materia
1212 3047 1303 3078 esse,

263 3099 363 3136 qnam
382 3093 440 3126 diu
457 3102 496 3127 ea
512 3102 589 3135 quae
604 3103 668 3127 non
689 3097 766 3127 sunt
782 3097 900 3139 erunt,
915 3097 984 3128 tam
1000 3095 1057 3128 diu
1070 3097 1133 3129 erit
1150 3099 1183 3129 et
1197 3099 1303 3130 mate-

263 3152 314 3186 ria
329 3164 337 3185 :
355 3161 462 3195 neque
484 3153 571 3185 enim
593 3162 742 3195 unquam
764 3162 802 3186 ea
820 3163 897 3195 quae
924 3163 989 3187 non
1016 3157 1111 3196 sunt,
1128 3155 1302 3188 intereunt.

265 3213 338 3246 lam
371 3211 400 3245 si
432 3211 606 3245 informem
632 3212 747 3245 dicunt
781 3213 974 3254 materiam,
1004 3213 1146 3256 primum
1174 3214 1307 3255 quidem

265 3270 479 3312 quamobrem
497 3279 561 3304 non
585 3270 719 3312 singulis
743 3270 913 3313 partibus,
935 3271 993 3304 sed
1012 3271 1165 3305 miiverso
1185 3272 1306 3305 mundo

265 3327 329 3362 hoc
352 3329 532 3372 contingit?
561 3329 686 3362 Deinde
704 3339 769 3362 non
795 3329 1012 3363 substantiam
1035 3339 1226 3373 corporum,
1248 3331 1307 3364 sed

265 3397 380 3422 eorum
395 3387 673 3431 pulchritudinem
689 3389 818 3422 tantum
836 3388 983 3431 perdent.
1028 3390 1191 3422 Praeterea
1209 3374 1306 3430 quid-

264 3446 345 3489 quid
362 3446 593 3489 corrumpitur,
612 3449 671 3480 aut
696 3456 735 3480 ex
754 3446 873 3489 quibus
892 3446 1030 3486 coaluit,
1047 3447 1082 3480 in
1096 3455 1135 3481 ea
1157 3446 1303 3485 solvitur,

1367 298 1389 346 ἢ
1407 300 1454 344 εἷς
1469 298 1507 337 τὸ
1521 298 1570 349 μὴ
1592 298 1628 337 ὂν
1651 298 1865 351 ἀφανίζεται.
1885 297 1976 337 Ἀλλ’
1995 298 2025 338 εἴ
2043 298 2107 350 μὲν
2128 301 2186 354 ἀφ’
2201 293 2248 339 ὧν
2268 299 2404 354 &ivm

1367 358 1414 401 εἷς
1433 358 1546 396 ἐκεῖνα
1565 357 1701 406 λυθείη,
1717 357 1822 396 πάλιν
1835 356 1966 408 γίνεται
1982 356 2105 411 ἕτερα·
2124 357 2182 397 διὰ
2201 357 2236 397 τί
2253 358 2322 412 γὰρ
2338 357 2401 407 τὴν

1368 415 1480 468 ἀρχὴν
1495 415 1630 467 ἐγένετο
1641 431 1653 467 ;
1677 417 1721 455 Εἰ
1737 415 1772 453 δὲ
1794 416 1841 459 εἷς
1859 414 1898 453 τὸ
1921 414 1970 465 μὴ
1992 414 2029 454 ὃν
2049 415 2167 455 ἄπεισι
2181 416 2226 456 τὰ
2247 415 2351 465 ὄντα,
2369 415 2404 456 τί

1368 475 1495 513 κωλύει
1515 473 1576 513 καὶ
1594 474 1653 513 τὸν
1674 474 1750 512 θεὸν
1779 472 1882 513 τοῦτο
1909 477 2055 523 παθεῖν;
2084 476 2128 514 Εἰ
2149 474 2185 514 δὲ
2211 478 2234 523 ἡ
2260 473 2405 527 δύναμις

1367 535 1516 582 κωλύει,
1538 535 1601 572 οὐκ
1621 533 1696 572 ἔστι
1727 535 1871 572 δυνατοῦ
1892 532 2014 571 ἑαυτὸν
2042 532 2145 584 μόνον
2174 533 2309 581 σώζειν.
2330 533 2404 581 Καὶ

1372 592 1500 644 ὁμοίως
1513 592 1548 631 δὲ
1564 591 1730 631 ἀδύνατον
1749 594 1788 631 ἐκ
1803 594 1871 630 τῶν
1887 591 1936 642 μὴ
1950 591 2058 630 ὄντων
2076 591 2230 643 γίνεσθαι
2247 591 2293 631 τὰ
2307 592 2403 642 ὄντα,

1366 651 1426 690 καὶ
1451 651 1495 691 τὰ
1515 650 1598 690 ὄντα
1619 652 1666 695 εἷς
1685 651 1724 690 τὸ
1756 650 1805 702 μὴ
1840 650 1877 689 ὃν
1899 649 2138 703 ἀφανίζεσθαι.
2157 648 2242 690 Ἔτι
2270 650 2403 703 ἀνάγκη

1366 709 1424 748 τὸν
1445 708 1577 761 κόσμον
1589 740 1599 758 ,
1619 711 1649 749 εἰ
1669 709 1868 763 φθείρεται,
1888 708 1912 756 ἢ
1936 708 2027 747 κατὰ
2044 707 2145 761 φύσιν
2165 707 2364 762 φθείρεσθαι
2381 708 2404 756 ἢ

1365 769 1462 822 παρὰ
1483 769 1596 822 φύσιν.
1627 767 1737 821 Παρὰ
1759 767 1860 821 φύσιν
1881 767 1917 807 δὲ
1938 767 2135 821 φθείρεσθαι
2153 767 2258 807 αὐτὸν
2278 767 2404 807 ἀδύνα-

1366 842 1423 866 τον
1439 829 1471 865 ¹¹.
1491 827 1583 866 Οὐδὲ
1602 826 1668 879 γὰρ
1687 826 1727 865 τὸ
1751 825 1850 879 παρὰ
1874 826 1976 880 φύσιν
1996 827 2160 879 προτερεῖ
2175 828 2236 874 τῆς
2251 825 2406 880 φύσεως·

1366 887 1396 924 εἷ
1421 885 1457 923 δὲ
1485 884 1576 923 κατὰ
1597 884 1720 936 φύσιν,
1757 885 1807 923 δεῖ
1835 884 1954 938 ἑτέραν
1975 877 2143 934 εἶναιτὴν
2165 881 2404 935 μεταὸἄλλου·

1367 959 1432 983 σαν
1464 947 1524 983 τοῦ
1550 943 1682 994 κόσμου
1710 941 1772 990 τὴν
1804 941 1930 995 φύσιν,
1959 942 2044 995 ὅπερ
2065 942 2104 980 οὖ
2125 940 2300 997 φαίνεται.
2324 940 2407 981 Ἔτι

1365 1008 1436 1042 πᾶν
1468 1002 1507 1041 τὸ
1540 1000 1640 1055 φύσει
1669 1000 1893 1054 φθειρόμενον
1912 1000 1974 1040 καὶ
2003 1003 2105 1048 ἡμεῖς
2126 1001 2276 1055 φθείρειν
2301 999 2405 1040 δυνά·-

1365 1063 1472 1110 μεθα·
1501 1063 1560 1099 τοῦ
1587 1059 1622 1098 δὲ
1655 1059 1789 1110 κόσμου
1812 1059 1852 1099 τὸ
1892 1057 1954 1111 μὲν
1989 1057 2152 1098 κυκλικὸν
2186 1060 2292 1110 σῶμα
2327 1057 2405 1098 οὔτε

1365 1117 1499 1171 ἔφθειρε-Ξ
1511 1117 1561 1162 τίς
1573 1133 1672 1168 ποτε,
1685 1117 1762 1157 οὔτε
1779 1117 1951 1169 μετέὸαλε
1965 1116 1976 1142 ¹
1989 1134 1997 1143 ·
2010 1117 2056 1156 τὰ
2076 1115 2113 1156 δὲ
2127 1119 2285 1171 στοιχεῖα
2302 1132 2407 1170 μετα-

1367 1176 1507 1216 ὅάλλειν
1529 1176 1591 1227 μὲν
1612 1175 1778 1225 δυνατόν,
1800 1178 1948 1230 φθείρειν
1967 1175 2003 1215 δὲ
2032 1176 2210 1216 ἀδύνατον.
2228 1174 2314 1216 Ἔτι
2335 1181 2406 1216 πᾶν

1365 1234 1403 1273 τὸ
1423 1234 1648 1287 φθειρόμενον
1664 1235 1733 1274 ὑπὸ
1752 1235 1878 1288 χρόνου
1893 1233 2155 1285 μεταὸάλλεται
2170 1233 2231 1273 καὶ
2256 1239 2369 1287 γηρᾷ·
2389 1236 2408 1272 6

1366 1292 1400 1330 δὲ
1434 1291 1564 1343 κόσμος
1591 1293 1627 1331 ἐν
1661 1292 1839 1337 τοσούτοις
1869 1293 1980 1332 ἔτεσιν
2015 1291 2261 1343 ἀμετάὸλητος
2292 1291 2405 1344 μένει.

1365 1347 1530 1388 Τοσαῦτα
1550 1349 1611 1388 καὶ
1630 1349 1716 1402 πρὸς
1734 1349 1814 1394 τοὺς
1840 1349 2078 1404 ἷσχυροτέρων
2097 1348 2306 1394 ἀποδείξεων
2325 1351 2404 1389 δεο-
2468 1374 2475 1385 2

1367 1407 1490 1458 μένους
1510 1407 1663 1451 εἰπόντες
1693 1407 1794 1445 αὐτὸν
1820 1408 1905 1458 ἡμῖν
1931 1406 2106 1460 εὐχόμεθα
2128 1405 2232 1446 ἵλεων
2255 1405 2315 1446 τὸν
2340 1406 2404 1447 κό-

1366 1481 1454 1516 σμον
1474 1465 1633 1517 γενέσθαι
1653 1465 1683 1502 ¹.

1417 1522 1529 1562 ⁸“Ort
1561 1524 1661 1577 φύσει
1694 1524 1865 1578 ἄφθαρτος
1891 1527 1910 1563 6
1937 1523 2093 1577 κόσμος]
2113 1524 2212 1564 Vide
2235 1524 2408 1565 Ocellum

1366 1581 1564 1620 Lucanum
1589 1583 1637 1621 de
1659 1583 1770 1623 univ.
1800 1591 1879 1622 nat.
1902 1596 1986 1634 cap.
2023 1597 2038 1620 ι
2066 1583 2109 1621 in
2129 1582 2282 1633 Fragm.
2302 1582 2407 1623 Phil.

1365 1642 1435 1680 Gr.
1467 1641 1545 1680 vol.
1580 1640 1598 1678 I
1629 1655 1668 1692 p.
1700 1642 1777 1679 388
1809 1654 1917 1691 seqq.
1942 1640 2094 1679 Placuit
2123 1649 2248 1684 tamen
2277 1641 2410 1679 multis

1369 1708 1566 1747 veterum,
1603 1700 1723 1737 alium
1760 1699 1946 1736 mundum
1993 1711 2076 1736 esse
2111 1699 2409 1750 sempiternum,

1365 1753 1482 1790 alium
1523 1752 1739 1791 mortalem.
1788 1751 1902 1789 Philo
1953 1750 2112 1789 Judaeus
2152 1750 2233 1803 περὶ
2273 1750 2407 1802 κόσμου

1367 1810 1561 1863 ἀφθαρσίας
1576 1809 1630 1847 ait
1651 1822 1661 1848 ε
1685 1807 1829 1847 δύναται
1845 1808 1880 1846 δὲ
1899 1807 1990 1846 κατὰ
2019 1807 2198 1852 Στωϊκοὺς
2219 1811 2239 1848 6
2264 1807 2328 1860 μέν
2357 1824 2409 1853 τις

1367 1867 1498 1918 κόσμος
1525 1866 1653 1915 ἀΐδιος,
1681 1870 1700 1905 6
1722 1866 1759 1906 δέ
1790 1882 1841 1911 τις
1870 1867 2018 1920 φθαρτὸς
2043 1867 2228 1919 λέγεσθαι·
2259 1867 2410 1922 φθαρτὸς

1368 1927 1429 1979 μὲν
1446 1930 1465 1966 6
1484 1927 1575 1966 κατὰ
1596 1926 1829 1978 διακόσμησιν
1843 1941 1851 1950 ·
1873 1925 1983 1970 ἀΐδιος
1999 1925 2035 1964 δὲ
2053 1927 2071 1963 6
2091 1925 2181 1977 μετὰ
2210 1927 2275 1972 τῆς
2293 1927 2407 1964 ἐκπυ-

1367 2040 1425 2071 aut
1439 2038 1473 2071 in
1489 2038 1524 2070 id
1541 2037 1631 2079 quod
1648 2046 1713 2070 non
1739 2037 1791 2070 est
1810 2038 1971 2070 mutatur.
2014 2038 2143 2070 Verum
2169 2036 2206 2070 si
2221 2044 2266 2069 ex
2288 2029 2410 2078 quibus

1366 2098 1509 2137 coaluit,
1547 2097 1583 2129 in
1606 2105 1646 2130 ea
1670 2096 1815 2129 solutum
1845 2095 1960 2136 suerit,
1978 2103 2097 2128 rursus
2123 2094 2188 2128 alia
2213 2095 2410 2135 nascautun

1366 2166 1464 2199 quam
1479 2155 1521 2189 ob
1541 2164 1675 2188 causam
1692 2155 1780 2188 enim
1796 2154 1930 2187 omnino
1948 2154 2072 2187 factum
2091 2154 2168 2187 est?
2188 2153 2315 2192 Quodsi
2327 2153 2362 2186 in
2375 2153 2411 2186 id

1367 2214 1455 2256 quod
1471 2223 1537 2247 non
1554 2216 1605 2247 est
1631 2223 1670 2247 ea
1694 2222 1769 2255 quae
1788 2215 1864 2245 sunt
1882 2213 2023 2253 abeunt,
2040 2212 2120 2254 quid
2135 2211 2264 2251 obstat,
2283 2212 2410 2254 quomi-

1366 2283 1429 2306 nus
1446 2274 1508 2306 deo
1536 2273 1635 2306 etiam
1653 2272 1718 2304 hoc
1745 2271 1898 2305 accidat?
1913 2272 1957 2304 At
1981 2271 2010 2304 si
2023 2270 2177 2313 ,potentia
2194 2270 2265 2312 eius
2279 2270 2409 2311 obstat,

1367 2342 1432 2365 non
1459 2333 1511 2365 est
1542 2332 1684 2374 potentis
1712 2339 1749 2363 se
1772 2330 1880 2372 ipsum
1909 2329 2136 2362 tantummodo
2161 2337 2303 2363 servare.
2346 2329 2411 2362 Sed

1368 2390 1516 2424 similiter
1532 2390 1632 2423 etiam
1649 2388 1722 2423 fieri
1748 2388 1877 2430 nequit,
1900 2388 1938 2421 ut
1953 2389 2027 2420 tum
2043 2396 2085 2421 ex
2102 2387 2144 2420 iis
2162 2395 2237 2428 quoe
2252 2396 2318 2420 non
2333 2389 2411 2420 sunt

1368 2459 1406 2482 ea
1425 2459 1500 2492 quae
1517 2451 1594 2482 sunt
1611 2447 1836 2491 procreentur,
1868 2448 1940 2479 tum
1960 2455 2000 2479 ea
2017 2454 2092 2488 quae
2110 2446 2189 2478 sunt
2214 2445 2249 2478 in
2262 2444 2298 2478 id
2319 2446 2407 2487 quod

1367 2519 1432 2543 non
1449 2511 1502 2543 est
1519 2509 1764 2543 convertantur.
1811 2509 1948 2548 Insuper
1970 2514 2103 2539 necesse
2117 2506 2168 2539 est
2185 2505 2340 2538 mundum
2354 2529 2364 2546 ,
2381 2505 2410 2538 si

1368 2570 1604 2611 corrumpatur,
1623 2557 1681 2600 aut
1695 2564 1876 2600 secundum
1892 2567 2044 2598 naturam
2056 2565 2113 2598 aut
2123 2566 2245 2607 praeter
2261 2565 2410 2597 naturam

1367 2627 1543 2669 corrumpi.
1586 2625 1686 2668 Atqui
1704 2624 1777 2659 fieri
1801 2633 1866 2658 non
1884 2625 2013 2666 potest,
2042 2625 2082 2657 ut
2112 2624 2233 2665 praeter
2257 2622 2409 2656 naturam

1368 2686 1605 2728 corrumpatur.
1649 2686 1763 2727 Neque
1794 2682 1881 2716 enim
1907 2682 1943 2715 id
1975 2681 2065 2723 quod
2094 2682 2219 2714 naturae
2250 2680 2411 2723 repugnat

1366 2747 1470 2788 ipsam
1500 2745 1650 2777 naturam
1675 2742 1786 2775 vincit.
1829 2741 1885 2775 Sin
1913 2742 2024 2774 autem
2052 2740 2232 2773 secundum
2254 2740 2406 2771 naturam

1366 2797 1596 2845 corrumpitur,
1619 2802 1716 2835 aliam
1738 2810 1809 2834 esse
1839 2802 1990 2833 naturam
2017 2799 2162 2841 oportet,
2191 2806 2269 2839 quae
2293 2795 2407 2829 mundi

1365 2864 1535 2902 naturam,
1561 2860 1651 2903 quod
1679 2868 1743 2892 non
1770 2858 1912 2899 videtur,
1936 2857 2100 2890 immutet.
2145 2855 2196 2889 Ad
2220 2855 2292 2888 haec
2309 2854 2407 2897 quid-

1366 2918 1445 2961 quid
1462 2919 1578 2952 natura
1593 2916 1824 2959 corrumpitur,
1841 2915 1876 2948 id
1895 2924 1955 2948 nos
1970 2922 2101 2956 quoque
2113 2921 2320 2955 corrumpere
2330 2921 2407 2954 pos-

1366 2987 1479 3011 sumus
1505 2991 1514 3011 ι
1534 2977 1592 3010 sed
1611 2975 1785 3010 rotundum
1812 2973 1928 3007 mundi
1955 2979 2074 3015 corpus
2096 2980 2193 3006 nemo
2210 2979 2315 3012 neque
2332 2979 2407 3004 cor-
2437 2999 2439 3001 .

1366 3036 1455 3078 rupit
1484 3043 1629 3078 unquam
1648 3042 1754 3075 neque
1783 3030 1968 3065 immutavit
1999 3044 2008 3063 z
2038 3038 2151 3063 verum
2183 3029 2343 3062 elementa
2368 3028 2408 3060 ut

1365 3095 1539 3128 immutare
1552 3094 1646 3134 licet,
1664 3092 1709 3126 ita
1723 3091 1859 3134 perdere
1873 3098 1939 3122 non
1953 3089 2041 3122 licet.
2086 3087 2240 3127 Accedit,
2249 3087 2288 3119 ut
2303 3085 2407 3127 quod-

1365 3163 1494 3196 cunque
1520 3153 1750 3195 corrumpitur,
1776 3153 1923 3192 tempore
1949 3148 2143 3181 immutetur
2167 3147 2202 3179 et
2226 3146 2374 3179 senescat
2395 3157 2403 3178 ι

1367 3214 1423 3247 sed
1441 3213 1584 3249 mundus
1599 3213 1650 3245 tot
1669 3219 1826 3244 annorum
1837 3208 1941 3251 spatio
1957 3205 2170 3240 immutabilis
2186 3205 2308 3238 manet.
2325 3204 2405 3237 Haeo

1366 3275 1435 3305 tam
1452 3271 1558 3305 multa
1583 3271 1682 3305 etiam
1700 3278 1776 3303 cum
1794 3268 1835 3300 iis
1856 3266 1912 3309 qui
1930 3262 2131 3299 firmioribus
2157 3261 2404 3306 probationibus

1366 3330 1509 3372 indigent
1527 3329 1648 3370 locuti,
1677 3328 1788 3371 ipsum
1814 3325 1972 3359 mundum
1984 3350 1993 3366 ‚
2014 3325 2051 3357 ut
2073 3322 2168 3357 nobis
2186 3321 2346 3364 propitius
2361 3320 2404 3354 sit

1366 3388 1582 3422 obtestamur.
