2528 3788
264 212 2377 270 fflffltfflffiffissffiffifflffiaffiffiffifflw

1041 386 1163 459 DE
1227 326 1614 461 ALBINO.

311 697 477 737 Albinus
489 728 500 749 ,
517 699 655 736 Galeni
679 709 910 751 praeceptor,
927 701 1086 739 secundi
1097 710 1193 752 r,post
1206 701 1295 740 Chr.

259 771 297 796 n.
336 758 464 795 saeculi
501 757 743 806 Platonicus,
761 771 874 809 quem
912 759 1094 803 eximiam
1132 760 1295 810 gloriam

258 825 505 854 consecutum
541 829 623 854 esse
654 825 803 862 veteres
842 818 1053 869 scriptores
1093 826 1296 867 testantur,

255 875 411 912 videtur
430 876 535 912 circa
569 887 711 921 annum
735 876 991 914 centesimum
1022 878 1297 928 quinquagesi-

256 947 361 972 mum
391 934 581 972 floruisse.
610 934 737 980 Quum
766 943 891 979 autem
921 935 1152 987 Thrasyllus
1181 936 1235 987 (1)
1256 949 1299 974 ac

255 991 584 1044 Dercyllides.(2)
617 992 665 1030 ab
697 1006 743 1031 eo
772 994 972 1043 memorati
1004 994 1104 1043 sint,
1134 1007 1298 1045 quorum

257 1053 351 1090 alter
369 1051 533 1102 Tiberio
565 1052 801 1103 imperante,
821 1053 916 1090 alter
942 1053 1104 1100 fortasse
1132 1062 1300 1099 ,exeunte

255 1112 383 1163 primo
404 1112 546 1155 saeculo
557 1111 683 1159 vixit,
701 1111 887 1158 Albinum
910 1112 1025 1163 paulo
1046 1121 1154 1150 aetate
1172 1121 1298 1163 poste-

256 1171 400 1209 riorem
428 1170 542 1208 fuisse
576 1183 637 1209 res
677 1179 735 1209 est
769 1171 982 1217 certissima
1021 1172 1088 1222 (3).
1123 1171 1298 1211 Eundem

256 1229 360 1281 apud
396 1228 617 1280 Smyrnaeos
653 1229 912 1281 philosophiae
946 1238 1139 1282 praecepta
1171 1230 1298 1268 adole-

258 1288 457 1327 scentibus
471 1289 704 1340 optimarum
719 1289 859 1327 artium
886 1289 1070 1327 studiosis
1096 1288 1299 1327 tradidisse

255 1347 457 1398 conjicias.
494 1349 667 1398 Smyrnae
701 1357 804 1386 certe
835 1361 920 1386 eum
952 1347 1102 1386 audivit
1131 1347 1299 1385 Galenus

255 1421 374 1448 unum
408 1419 445 1448 et
489 1410 631 1460 viginti
664 1424 786 1448 annos
824 1419 936 1448 natus
976 1410 1051 1460 (4),
1094 1418 1297 1461 postquam

256 1478 409 1508 mortuo
427 1477 585 1521 parente
606 1470 740 1508 relicta
759 1469 885 1520 patria
901 1468 999 1507 urbe
1011 1468 1297 1506 'nobilissimam

254 1530 361 1567 illam
388 1529 490 1567 Asiae
521 1529 715 1567 civitatem
743 1531 852 1579 petiit
872 1527 924 1579 (5)
941 1557 951 1574 ‚
988 1536 1030 1564 ut
1060 1527 1298 1571 medicorum

255 1598 292 1626 et
317 1588 514 1640 sapientiae
534 1588 737 1626 doctorum
757 1587 901 1624 scholis
921 1587 1123 1623 interesset
1144 1584 1207 1636 (6).

312 1647 470 1685 Constat
505 1660 591 1684 eum
624 1645 783 1697 optimis
820 1645 994 1682 Platonis
1022 1642 1299 1694 interpretibus

255 1713 549 1745 annumeratum
569 1716 652 1741 esse
669 1702 720 1754 (7)
743 1703 949 1753 magnique
969 1701 1175 1740 aestimasse
1192 1700 1296 1738 anti-

256 1778 354 1816 quos
371 1763 455 1815 ejus
471 1764 519 1802 de
536 1764 652 1801 rebus
671 1762 819 1801 divinis
836 1770 873 1799 et
893 1760 1073 1799 humanis
1088 1759 1294 1810 judicium.

256 1824 390 1876 Itaque
408 1821 673 1861 Tertullianus
704 1820 776 1858 lib.
796 1820 843 1857 de
860 1820 988 1856 anima
1007 1831 1089 1868 cap.
1112 1819 1161 1855 28
1179 1831 1187 1854 z
1204 1817 1299 1862 Quis

256 1883 343 1933 ille,
369 1882 514 1933 inquit,
541 1894 644 1919 nunc
672 1888 783 1917 vetus
813 1879 963 1916 sermo?
993 1876 1296 1927 Pythagoricus,

256 1951 298 1980 ut
310 1942 464 1989 volunt,
481 1940 577 1991 quin
597 1948 635 1978 et
653 1939 825 1985 divinus,
847 1946 890 1975 ut
908 1936 1075 1975 Albinus
1089 1935 1296 1982 existimat,

255 2009 321 2039 aut
332 2000 524 2038 Mercurii
544 1999 672 2037 forsan
692 1996 874 2047 AEgyptii.
896 1996 1003 2034 Idem
1026 2008 1108 2046 cap.
1135 2008 1184 2044 29
1212 1994 1265 2031 ait
1289 2008 1296 2030 :

256 2058 344 2097 Haec
356 2067 401 2098 et
427 2057 613 2106 Albinus,
633 2056 788 2094 Platoni
815 2068 885 2093 suo
912 2053 1081 2103 veritus,
1105 2051 1299 2091 subtiliter

254 2117 395 2169 quaerit
414 2116 727 2159 contrarietatum
749 2126 891 2164 genera
907 2113 1143 2162 distinguere
1155 2140 1166 2159 ,
1189 2111 1298 2162 quasi

254 2189 335 2216 non
360 2185 398 2215 et
415 2176 496 2213 haec
517 2184 592 2213 tam
611 2174 787 2213 absolute
805 2175 845 2210 in
868 2169 1207 2210 contrarietatibus
1223 2183 1299 2221 po-

256 2237 330 2276 sita
357 2235 456 2282 sint,
479 2246 594 2285 quam
616 2241 653 2270 et
678 2232 744 2270 illa
751 2261 765 2281 ,
787 2243 873 2282 quae
894 2230 942 2268 ad
971 2230 1197 2268 sententiam
1217 2241 1298 2266 ma-

256 2294 366 2345 gistri
399 2293 459 2332 sui
488 2293 779 2344 interpretatur,
799 2291 918 2328 vitam
946 2288 1034 2326 dico
1055 2296 1093 2326 et
1121 2296 1297 2325 mortem.

295 2447 340 2488 (4)
359 2443 440 2489 v4id..
453 2442 629 2481 Democriti
653 2442 767 2483 fragm.
789 2449 821 2481 p.
839 2443 879 2472 95
902 2449 970 2481 seq.
992 2458 1032 2463 —
1054 2439 1098 2480 (2)
1118 2441 1245 2481 Isagog.
1266 2438 1302 2471 in

255 2492 339 2526 plat.-
356 2491 473 2532 dialog.
490 2499 561 2532 cap.
584 2494 615 2521 6.
630 2507 672 2513 —
687 2488 732 2530 (3)
751 2486 836 2519 Vide
863 2486 1006 2528 Zumptii
1037 2485 1298 2519 dissertationem

254 2548 331 2581 quae
352 2537 538 2571 inscribitur
555 2549 562 2568 ε
580 2535 670 2569 iiber.
688 2535 752 2567 den
775 2534 915 2566 Bestand
934 2534 993 2566 der
1010 2532 1298 2575 philosophischen

255 2587 396 2621 Schulen
422 2586 457 2619 ih
483 2585 591 2618 Athen
602 2584 679 2620 ..und
706 2583 760 2615 die
778 2582 971 2616 Succession
994 2581 1053 2615 der
1081 2580 1298 2614 Scholarchen

257 2633 411 2677 (Berolini
432 2632 524 2674 1843)
541 2641 574 2673 p.
591 2633 630 2663 47
648 2632 682 2663 et
695 2632 745 2662 71.
760 2649 801 2656 —
818 2629 865 2671 (4)
882 2638 964 2662 anno
985 2629 1059 2671 post
1076 2629 1155 2661 Chr.
1170 2637 1203 2661 n.
1228 2631 1297 2662 151.

257 2701 294 2707 -
315 2682 361 2724 (5)
377 2681 453 2714 Vid.
479 2678 606 2712 Fabric.
634 2676 725 2710 Bibl..
738 2677 844 2710 Graec.
866 2676 924 2709 lib.
942 2678 986 2709 IV
1003 2685 1073 2717 cap.
1093 2679 1129 2709 17
1147 2676 1220 2708 Vol.
1241 2678 1296 2708 111

255 2740 287 2772 p.
308 2732 382 2765 510.-
395 2728 442 2770 (6)
463 2727 607 2759 Galenus
634 2724 676 2757 de
699 2723 790 2757 libris
808 2723 946 2765 propriis
959 2727 1049 2757 Tom.
1066 2725 1110 2756 IV
1130 2723 1182 2755 ed.
1200 2722 1296 2756 Basil.

256 2786 289 2818 p.
308 2770 454 2815 372-τρία
468 2774 570 2814 δέ-μοι
585 2771 689 2814 βιὸλία
704 2771 788 2813 παρά
802 2781 894 2803 τινων
914 2771 1002 2808 ἐδόθη
1019 2771 1216 2812 γεγραμμένα
1230 2771 1299 2812 πρὶν

257 2824 299 2859 εἷς
320 2819 695 2864 ΣμύρνανᾼέκιΠεργάμου
710 2818 878 2859 μεταὸῆναι
902 2817 1045 2854 Πέλοπός
1060 2828 1094 2849 τε
1115 2820 1170 2849 τοῦ
1193 2818 1299 2856 ἰατροῦ

256 2871 309 2901 καὶ
335 2868 482 2901 Ἀλὸίνου
499 2869 556 2898 τοῦ
586 2867 791 2901 Πλατωνικοῦ
810 2864 908 2906 χάριν.
928 2881 969 2888 —
988 2865 1032 2905 (7)
1050 2866 1087 2897 In
1104 2864 1300 2898 bibliotheca

257 2915 453 2950 Coisliniana
471 2923 504 2955 p.
524 2915 583 2945 598
600 2915 651 2944 τὸν
667 2912 722 2953 μὲν
739 2911 895 2943 Πλάτωνα
910 2912 1197 2953 ὕπομνηματίζουσι
1216 2914 1301 2945 πλεῖ-

256 2976 344 3005 στοι,
359 2962 586 3004 χρησιμώτεροι
599 2961 631 2992 δὲ
652 2960 762 2996 Γάϊος,
782 2958 935 2998 Ἀλὸῖνος,
953 2959 1153 3001 Πρισκιανός,
1165 2962 1297 3001 Ταῦρος,

256 3010 396 3053 Πρόκλος
407 3034 415 3050 ,
433 3008 631 3048 Δαμάσκιος,
652 3006 801 3043 Ἰωάννης
816 3006 832 3036 ὁ
846 3006 1020 3042 Φιλόπονος
1031 3031 1040 3045 ,
1055 3007 1139 3043 ὅστις
1150 3008 1203 3038 καὶ
1217 3008 1299 3039 κατὰ

257 3060 450 3100 Πρισκιανοῦ
466 3055 644 3096 ἠγωνίσατο
656 3078 665 3093 ,
676 3052 822 3089 πολλάκις
839 3052 871 3083 δὲ
889 3052 942 3083 καὶ
958 3053 1039 3084 κατὰ
1064 3054 1296 3095 Ἀριστοτέλους.

255 3121 299 3129 -—
317 3103 362 3145 (8)
380 3102 514 3134 Proclus
540 3099 575 3133 in
601 3098 684 3131 Plat.
704 3097 789 3130 Tim.
815 3106 846 3138 p.
877 3099 929 3129 67.
944 3106 974 3130 c.
998 3099 1089 3130 πάλιν
1109 3099 1210 3131 τοίνυν
1227 3100 1262 3131 τὸ
1279 3101 1298 3139 ἢ

257 3151 381 3193 γέγονεν
396 3151 416 3188 ἢ
434 3148 537 3189 ἀγενές
557 3147 640 3179 ἐστιν
654 3147 683 3177 οἱ
701 3144 756 3186 μὲν
776 3144 964 3184 ἐξηγήσαντο
982 3145 1018 3176 τὸ
1036 3145 1090 3184 μὲν
1111 3146 1258 3186 πρότερον
1277 3158 1296 3186 η

257 3197 439 3232 δασύνοντες
450 3220 458 3235 ,
474 3195 511 3227 τὸ
528 3194 560 3225 δὲ
576 3193 715 3234 δεύτερον
728 3191 886 3232 ψιλοῦντες
900 3214 909 3231 ,
923 3191 995 3224 ὅσοι
1009 3192 1101 3233 φασὶν
1115 3192 1207 3224 αὐτὸν
1222 3193 1299 3233 ἐρεῖν

258 3246 328 3287 περὶ
344 3246 400 3276 τοῦ
414 3242 528 3278 παντὸς
549 3239 619 3272 καθ’
634 3239 709 3271 ὅσον
726 3238 851 3279 γέγονεν
870 3236 925 3271 ἀπ’
940 3238 1058 3279 αἰτίας,
1073 3239 1093 3277 ἢ
1119 3239 1171 3271 καὶ
1194 3240 1298 3280 ἀγενές

258 3293 360 3332 ἐστιν,
376 3286 429 3322 ἵνα
443 3288 608 3331 γενόμενον
630 3286 705 3320 αὐτὸ
725 3285 937 3327 θεωρήσαντες
961 3286 1016 3324 τήν
1037 3285 1070 3318 ἐν
1096 3286 1183 3326 αὐτῷ
1212 3287 1301 3329 φύσιν

257 3338 454 3378 κατίδωμεν·
472 3336 526 3368 καὶ
547 3333 564 3366 ὅ
580 3344 616 3373 γε
636 3331 836 3368 Πλατωνικὸς
856 3331 994 3368 Ἀλὸῖνος
1016 3332 1099 3367 ἀξιοῖ
1117 3332 1197 3364 κατὰ
1213 3333 1301 3365 Πλά-

257 3394 343 3419 τωνα
365 3385 418 3418 τὸν
447 3382 567 3425 κόσμον
587 3380 737 3423 ἀγένητον
757 3379 832 3411 ὄντα
855 3380 1004 3421 γενέσεως
1033 3378 1117 3422 ἔχειν
1147 3380 1266 3422 ἀρχήν,
1285 3380 1303 3412 ὃ

258 3436 310 3466 καὶ
338 3432 494 3470 πλεονάζει
521 3434 575 3467 τοῦ
603 3429 707 3469 ὄντος,
732 3426 852 3462 ἐκείνου
879 3426 974 3469 μόνον
998 3426 1046 3458 ἀεὶ
1072 3426 1182 3467 ὄντος,
1198 3429 1256 3458 τοῦ
1270 3426 1301 3458 δὲ

1308 3488 1360 3527 20

1359 704 1490 753 Neque
1509 702 1761 753 negligendus
1782 702 1896 740 nobis
1918 711 1975 740 est
1996 703 2170 754 locuples
2198 704 2396 755 sapientias

1360 759 1444 811 ejus
1463 761 1569 802 testis
1579 761 1769 809 Proclus,
1787 761 1901 812 plura
1920 773 1975 809 ex*
1987 761 2189 812 deperdito
2206 761 2397 810 Albini-in

1359 876 1468 914 illum
1484 877 1689 928 separatim
1707 874 1748 916 in
1761 890 1806 915 eo
1821 891 1960 928 genere
1973 879 2190 921 elaborasse
2205 879 2395 927 indicant.

1360 932 1414 972 Ac
1449 935 1618 987 primum
1648 936 1804 986 quidem
1841 937 2005 977 Albinus
2034 938 2114 985 haec
2149 938 2326 987 Platonis
2355 939 2396 982 in

1361 994 1508 1034 Timaeo
1539 995 1659 1034 verba
1691 1010 1775 1047 pag.
1799 1011 1863 1045 27.
1901 1012 1934 1038 c.
1959 1000 2052 1048 ἡμᾶς
2073 998 2109 1036 δὲ
2130 996 2208 1042 τοὺς
2223 996 2318 1050 ,περὶ
2339 1000 2399 1041 τοῦ

1361 1053 1488 1098 παντὸς
1513 1053 1634 1104 λόγους
1663 1054 1837 1098 ποιεῖσθαί
1863 1071 1912 1108 πῃ
1933 1056 2141 1108 μέλλοντας,
2157 1049 2183 1108 ᾗ
2199 1055 2333 1110 (νώ-30
2361 1053 2400 1108 ἢ)

1360 1112 1497 1164 γέγονεν
1517 1112 1540 1159 ἢ
1561 1112 1620 1151 καὶ
1640 1114 1757 1164 ἆγενές
1782 1115 1892 1162 ἐστιν,
1910 1114 2008 1165 εἰμὴ
2030 1117 2236 1162 παντάπασι
2260 1116 2400 1167 παραλ-

1360 1171 1553 1223 λάττομεν,
1574 1171 1710 1222 ἀνάγκη
1734 1173 1828 1217 θεούς
1847 1189 1884 1212 τε
1916 1173 1984 1220 καὶν
2000 1172 2079 1219 θεὰς
2109 1174 2402 1225 ἐπικαλουμένους

1360 1229 1523 1282 εὔχεσθαι
1543 1229 1672 1279 νποίντιιι
1710 1230 1801 1269 κατὰ
1837 1235 1913 1270 νοῦν
1946 1232 2090 1278 ἐκείνοις
2126 1231 2189 1283 μὲν
2223 1231 2400 1284 μάλιστα,

1363 1290 1544 1340 ἑπομένως
1569 1288 1605 1326 δὲ
1628 1291 1712 1339 ἡμῖν
1735 1291 1843 1337 εἰπεῖν
1865 1291 1920 1329 sic
1938 1291 2177 1343 explicabat,
2198 1291 2402 1338 utmundo

1360 1358 1396 1386 et
1415 1358 1541 1387 ortum
1564 1357 1601 1385 et
1624 1349 1873 1394 aeternitatem
1905 1349 2026 1387 tribui
2047 1362 2069 1386 a
2089 1350 2248 1395 Platone
2267 1361 2400 1388 cense-

1362 1408 1609 1458 1·et.,Quippe
1645 1407 1814 1445 mundus
1845 1406 1894 1444 ab
1922 1416 2007 1445 ente
2044 1407 2196 1460 differt,
2215 1417 2402 1460 quatenus

1362 1466 1436 1503 hoc
1457 1477 1608 1515 semper
1629 1474 1708 1511 est,
1730 1464 1797 1503 ille
1815 1474 1853 1503 et
1878 1474 2042 1513 aeternus
2063 1475 2120 1505 est
2138 1474 2177 1504 et
2200 1479 2223 1512 a
2246 1475 2403 1519 parente

1363 1532 1580 1573 generatus.
1596 1523 1724 1568 Quum
1745 1524 1847 1571 enim
1864 1537 1887 1563 e
1898 1523 2077 1576 pluribus
2094 1526 2138 1562 a'c
2153 1524 2402 1571 dissimilibus

1361 1582 1538 1632 partibus
1560 1591 1727 1631 constet,
1748 1592 1875 1621 ortum
1893 1596 1979 1621 eum
1999 1582 2144 1621 habere
2163 1596 2317 1624 necesse
2332 1594 2401 1632 est,

1361 1641 1552 1692 siquidem
1580 1650 1707 1693 partes
1735 1642 1821 1680 illas
1850 1650 1930 1680 toto
1961 1642 2399 1695 antiquiores'judicari

1362 1700 1557 1739 convenit.
1580 1700 1630 1737 At
1661 1701 1816 1751 quando
1847 1709 1974 1752 partes
2009 1700 2266 1742 illaeaeternae
2285 1694 2398 1751 suut,

1360 1759 1477 1797 simul
1500 1759 1686 1797 mundum
1705 1769 1890 1798 aeternum
1908 1772 1990 1798 esse
2013 1760 2248 1810 intelligitur
2265 1762 2332 1815 (8).

1413 1818 1538 1855 Porro
1557 1831 1673 1868 quam
1693 1818 1819 1855 oratio
1839 1831 1926 1856 cum
1943 1819 1992 1856 iis
2008 1817 2143 1866 rebus,
2161 1822 2402 1873 quasexpri-

1363 1876 1455 1924 mit,
1478 1875 1621 1914 habere
1650 1876 1796 1914 dicitur
1816 1877 2107 1926 cognationem,
2128 1890 2214 1917 eam
2241 1878 2403 1920 Platone

1359 1935 1455 1973 duce
1486 1934 1651 1972 Albinus
1685 1934 1910 1973 illustravit.
1943 1951 1960 1968 «
1991 1934 2096 1985 Ergo
2125 1950 2245 1987 quum
2277 1938 2326 1976 de
2358 1953 2400 1978 re

1361 1992 1513 2039 stabili,
1533 1992 1660 2050 inquit
1681 1992 1792 2031 Plato
1815 1993 1865 2043 (9)
1886 2006 1973 2044 pag.
1997 2008 2063 2044 29.
2083 1994 2146 2043 B„
2164 2004 2202 2033 et
2219 1995 2396 2035 immuta-

1359 2051 1433 2089 bili
1462 2051 1653 2102 disputat,
1677 2052 1800 2089 oratio
1831 2051 1920 2089 talis
1949 2051 2026 2099 sit,
2048 2053 2175 2103 qualis
2203 2054 2292 2103 illa,
2318 2069 2402 2107 quae

1361 2123 1485 2161 neque
1522 2110 1704 2159 redargui
1739 2122 1865 2161 neque
1894 2110 2077 2149 convinci
2107 2120 2246 2163 potest.
2274 2113 2400 2160 Quum

1362 2178 1488 2207 autem
1515 2169 1692 2218 ingressa
1725 2177 1782 2218 est
1809 2168 1959 2207 imitata
1984 2178 2021 2207 et
2050 2169 2177 2209 efficta
2205 2166 2400 2222 membra,

1359 2226 1459 2266 bene
1477 2226 1539 2276 agi
1559 2235 1691 2278 putat,
1707 2227 1749 2265 -si
1768 2226 2065 2275 similitudinem
2085 2229 2169 2268 veri
2191 2243 2402 2284 consequa-

1361 2295 1439 2326 tur.
1454 2287 1649 2332 Quantum
1667 2286 1768 2340 enim
1787 2287 1837 2325 ad
1854 2287 1917 2335 id,
1936 2287 2040 2338 quod
2059 2296 2187 2327 ortum
2199 2298 2279 2337 est,
2296 2298 2404 2329 aeter-

1361 2439 1484 2483 κόσμου
1499 2438 1574 2479 πρὸς
1595 2441 1639 2479 τῷ
1655 2438 1702 2470 ἀεὶ
1719 2437 1797 2470 εἶναι
1813 2438 1866 2470 καὶ
1880 2438 2029 2477 γενέσεως
2045 2439 2168 2480 ἔχοντος
2183 2440 2310 2483 ἀρχήν,
2330 2441 2369 2475 ἶν’
2379 2443 2401 2485 ᾖ

1362 2486 1416 2518 καὶ
1445 2484 1493 2517 ἀεὶ
1513 2485 1556 2518 ὢν
1576 2485 1630 2517 καὶ
1647 2485 1792 2526 γενητός,
1815 2485 1876 2526 οὐχ
1902 2485 2000 2522 οὕτως
2030 2486 2075 2517 ὢν
2098 2487 2225 2528 γενητὸς
2250 2489 2294 2525 ὣς
2320 2490 2402 2523 κατὰ

1363 2531 1473 2574 χρόνον
1491 2532 1541 2572 (οὐ
1556 2531 1615 2572 γὰρ
1630 2532 1667 2564 ἂν
1681 2531 1718 2571 ἦν
1734 2531 1787 2564 καὶ
1806 2531 1853 2563 ἀεὶ
1871 2530 1947 2573 ὤν),
1962 2531 2028 2564 ἀλλ’
2041 2532 2120 2570 ὅλως
2137 2533 2229 2573 λόγον
2247 2534 2330 2576 ἔχων
2351 2546 2400 2578 γε·

1362 2580 1476 2617 νέσεως
1488 2579 1540 2611 διὰ
1555 2579 1610 2617 τὴν
1626 2579 1662 2611 ἐκ
1679 2578 1828 2611 πλειόνων
1843 2579 1896 2611 καὶ
1910 2578 2068 2619 ἀνομοίων
2083 2579 2242 2620 σύνθεσιν,
2258 2582 2298 2620 ἣν
2309 2582 2404 2624 ἀναγ.

1362 2629 1451 2659 καῖον
1480 2626 1524 2662 εἰς
1552 2624 1646 2662 ἄλλην
1676 2625 1778 2657 αἰτίαν
1802 2625 1857 2663 τὴν
1883 2625 2057 2658 ὑπόστασιν
2082 2625 2274 2669 ἀναπέμπειν
2307 2630 2403 2662 αὐτοῦ

1361 2674 1590 2716 πρεσὸυτέραν,
1614 2671 1652 2704 δι’
1664 2673 1703 2711 ἣν
1726 2672 1858 2714 πρώτως
1877 2672 1925 2705 ἀεὶ
1950 2673 2048 2706 οὖσαν
2079 2673 2144 2706 ἐστι
2170 2686 2214 2716 πῃ
2232 2677 2292 2708 ’καὶ
2310 2678 2401 2716 αὐτὸς

1362 2721 1409 2752 ἀεὶ
1426 2721 1470 2753 ὢν
1488 2720 1541 2752 καὶ
1559 2719 1596 2751 οὐ
1609 2719 1703 2760 μόνον
1715 2718 1841 2760 γενητός
1851 2743 1860 2760 ,
1874 2718 1952 2750 ἀλλὰ
1966 2721 2019 2751 καὶ
2033 2718 2190 2760 ἀγένητος.
2201 2720 2296 2764 -(9)
2308 2721 2403 2756 Plato

1361 2767 1447 2800 Tim.
1463 2776 1498 2810 p.
1514 2769 1565 2799 29.
1581 2767 1617 2798 B.
1634 2766 1695 2797 ὧδε
1711 2764 1765 2798 οὖν
1782 2764 1851 2807 περί
1865 2776 1898 2797 τε
1915 2765 2032 2802 εἰκόνος
2050 2766 2104 2798 καὶ
2124 2767 2194 2809 περὶ
2219 2771 2276 2800 τοῦ
2297 2780 2401 2812 παρα-

1362 2815 1524 2856 δείγματος
1539 2814 1631 2852 αὗτῆς
1647 2813 1832 2854 διοριστέον,
1847 2813 1889 2850 ὡς
1902 2812 1964 2853 ἄρα
1975 2812 2047 2850 τοὺς
2063 2812 2174 2854 λόγους
2183 2838 2193 2854 ,
2208 2814 2312 2857 ὦνπὲρ
2323 2817 2403 2850 εἰσιν

1363 2860 1529 2903 ἐξηγηταί,
1547 2860 1667 2893 τούτων
1684 2860 1786 2892 αὐτῶν
1806 2859 1859 2891 καὶ
1883 2860 2034 2900 ξυγγενεῖς
2059 2859 2159 2897 ὄντας.
2178 2862 2242 2901 Τοῦ
2267 2862 2323 2904 μὲν
2349 2865 2404 2896 οὗν

1365 2909 1497 2951 μονίμου
1516 2909 1569 2942 καὶ
1588 2907 1718 2950 βεὸαίου
1738 2907 1791 2939 καὶ
1812 2906 1890 2948 μετὰ
1905 2909 1960 2939 νοῦ
1975 2909 2169 2949 καταφανοῦς
2188 2907 2335 2950 μονίμους
2349 2912 2402 2942 καὶ

1363 2957 1625 2998 ἀμεταπτῲτους,
1656 2953 1726 2986 καθ’
1739 2954 1817 2990 μὅσον
1844 2965 1879 2986 τε
1906 2953 2100 2994 ἀνελέγκτως
2125 2955 2277 2996 προσήκει
2300 2957 2403 2998 λόγοις

1361 3006 1440 3037 εἶναι
1460 3005 1513 3036 καὶ
1531 3004 1684 3041 ἀκινήτοις
1697 3027 1705 3042 ,
1721 3002 1833 3034 τούτου
1852 3002 1899 3033 δεῖ
1922 3001 2014 3041 μηδὲν
2034 3000 2182 3034 ἐλλείπειν
2192 3011 2199 3018 ·
2213 3002 2284 3039 τοὺς
2299 3003 2331 3035 δὲ
2347 3008 2404 3037 τοῦ

1361 3052 1436 3093 πρὸς
1451 3053 1506 3093 μὲν
1518 3052 1616 3083 ἐκεῖνο
1631 3048 1881 3089 ἀπεικασθέντος,
1891 3047 1976 3085 ὄντος
1987 3047 2019 3080 δὲ
2027 3047 2143 3084 εἰκόνος
2153 3048 2274 3085 εἰκότας
2283 3050 2342 3082 ἀνὰ
2356 3051 2404 3083 λό-

1360 3108 1416 3138 γον
1432 3109 1466 3130 τε
1478 3097 1604 3130 ἐκείνων
1614 3094 1758 3134 ὄντας’ὅ,
1775 3106 1804 3126 τι
1822 3105 1880 3136 περ
1895 3094 1969 3136 πρὸς
1981 3095 2099 3134 γένεσιν
2113 3093 2216 3132 οὐσία,
2224 3097 2316 3127 τοῦτο
2328 3096 2404 3138 πρὸς

1361 3146 1465 3178 πίστιν
1480 3144 1618 3183 ἀλήθεια.
1635 3144 1711 3176 Ἐὰν
1724 3141 1779 3174 οὖν
1788 3166 1797 3182 ,
1812 3142 1838 3174 ὦ
1852 3141 2013 3182 Σώκρατες
2022 3163 2032 3181 ,
2047 3139 2144 3183 πολλὰ
2157 3141 2281 3173 πολλῶν
2304 3142 2405 3176 εἶπόν-

1360 3205 1422 3226 των
1439 3192 1509 3235 περὶ
1525 3193 1602 3224 θεῶν
1615 3191 1669 3223 καὶ
1681 3193 1736 3229 τῆς
1755 3192 1811 3221 τοῦ
1826 3188 1941 3226 παντὸς
1966 3188 2126 3227 γενέσεως.
2146 3188 2189 3228 μῂ
2213 3188 2340 3222 δυνατοὶ
2357 3201 2403 3230 γι-

1360 3241 1505 3281 γνώμεθα
1514 3238 1615 3276 πάντη
1629 3237 1752 3274 πάντως
1768 3235 1879 3272 αὐτοὺς
1889 3236 1994 3271 αὑτοῖς
2005 3233 2271 3275 ὁμολογουμένους
2285 3234 2380 3276 λόγου
2388 3249 2402 3274 ς

1362 3288 1414 3319 καὶ
1431 3285 1707 3328 ἀπηκριόωμὲνους
1724 3284 1911 3321 ἀποδοῦναι,
1926 3281 1969 3323 μὴ
1985 3280 2161 3322 θαυμάσῃς,
2177 3280 2243 3314 ἀλλ’
2263 3281 2316 3318 ἐὰν
2342 3282 2403 3324 ἄρα

1364 3334 1492 3374 μηδενὸς
1502 3332 1594 3373 ἧττον
1604 3331 1814 3374 παρεχώμεθα
1826 3328 1948 3366 εἰκότας
1956 3352 1965 3368 ,
1976 3328 2102 3369 ἀγαπᾶν
2117 3328 2177 3369 χρή
2188 3353 2197 3371 ‚
2208 3329 2403 3371 μεμνημένον

1363 3381 1406 3417 ὡς
1422 3382 1440 3413 ό
1458 3381 1557 3421 λέγων
1572 3379 1636 3422 ἐγὼ
1651 3380 1736 3421 ὑμεῖς
1755 3388 1788 3410 τε
1804 3379 1832 3410 ol
1852 3377 1953 3418 κριταὶ
1965 3377 2055 3417 φύσιν
2070 3375 2262 3419 ἀνθρωπίνην
2275 3375 2400 3419 ἔχομεν,

1366 3427 1454 3460 ὥστε
1472 3426 1542 3468 περὶ
1561 3427 1678 3461 τούτων
1696 3426 1749 3458 τὸν
1773 3423 1879 3457 stam
1905 3423 1999 3465 μῦθον
2024 3422 2270 3463 ἀποδεχομένους
2293 3423 2402 3465 πρέπει
