2508 3776
281 155 361 195 ⁴16

283 240 395 279 ἀδικεῖ
416 237 498 288 μέν,
532 235 649 278 ἄδικος
670 232 707 272 δὲ
734 233 798 271 οὔκ
827 231 936 271 ἔστιν.
964 230 1102 284 Ἀπατᾷ
1126 230 1187 283 μὲν
1205 231 1272 284 γὰρ
1296 234 1313 270 ὁ

281 297 417 349 ἰατρός,
443 291 605 333 ἀπατεὼν
627 291 663 329 δὲ
682 291 746 329 οὐκ
767 290 870 329 ἔστιν·
892 290 931 329 οὔ
952 291 1019 343 γὰρ
1038 290 1136 335 τέλος
1165 290 1238 343 ἔχει
1257 288 1319 336 τὴν

281 356 418 401 ἀπάτην
446 355 506 390 τοῦ
535 354 734 397 νοσοῦντος,
756 348 848 386 ἀλλὰ
878 347 941 396 τὴν
971 349 1161 400 σωτηρίαν·
1193 346 1318 398 ὁμοίως

280 414 366 452 καὶὸ
387 411 518 463 κλέψας
533 408 572 448 τὸ
588 408 679 463 ξίφος
699 410 758 446 τοῦ
775 407 984 458 μαινομένου
1002 409 1038 446 οὗ
1057 409 1151 455 ζητεῖ
1164 408 1203 445 τὸ
1217 407 1319 446 πλέον

278 472 398 512 λαὸεῖν
419 471 532 522 ἑαυτῷ
560 469 620 507 καὶ
639 467 751 519 λάθρα
771 467 1034 518 παρακερδᾶναι
1050 472 1065 490 ⁰
1091 469 1152 504 τοῦ
1173 465 1319 512 πλησίον

278 529 396 582 ὥσπερ
416 531 434 567 ὃ
454 527 628 575 κλέπτης,
653 525 743 564 ἀλλὰ
766 525 863 570 τέλος
879 524 955 578 ἔχει
979 525 1042 572 τὴν
1063 527 1122 562 τοῦ
1146 522 1319 575 μαινομέ-

279 605 336 628 νου
356 586 544 640 σωτηρίαν.
565 587 673 624 Heca
689 583 725 622 δὲ
742 582 864 629 πρᾶξις
883 583 952 620 ἀπὸ
968 585 1029 621 τοῦ
1045 582 1162 626 τέλους
1178 581 1216 620 τὸ
1236 574 1321 624 ε’ἷδος

278 646 475 696 λαμὸάνει,
510 644 570 683 καὶ
605 643 664 682 τὸν
701 642 865 696 ὁρισμόν,
899 642 958 680 καὶ
987 641 1044 680 διὰ
1065 644 1167 680 τοῦτο
1198 640 1256 679 καὶ
1277 639 1318 678 τὸ

278 705 400 757 ὄνομα·
409 703 524 755 τὸγὰρ
541 702 652 753 ὄνομα
664 701 939 753 συνεσταλμένος
951 698 1091 754 ὁρισμός
1107 701 1214 739 ἐστιν.
1226 696 1318 738 Οὐδὲ

277 764 346 817 γὰρ
358 764 416 803 τὸν
436 761 628 815 στρατηγὸν
644 761 818 805 ἑλεπόλεις
833 759 1137 806 κατασκευάζοντα
1152 758 1320 801 πολλάκις

278 825 337 863 καὶ
352 822 549 876 ὁρμητήρια
569 823 603 860 ἐν
622 819 835 873 πολιορκίαις
852 819 1037 871 ὀἰκοδόμον
1058 820 1202 871 ἐροῦμεν
1224 816 1246 866 ἢ
1264 816 1320 856 τέ-

278 899 395 923 κτονα·
405 884 448 922 τὰ
466 882 527 933 μὲν
538 881 608 933 γὰρ
618 880 801 930 οἰκοδόμου
813 878 873 918 καὶ
892 882 951 917 τοῦ
965 877 1124 922 τέκτονος
1139 882 1240 925 ποιεῖ,
1260 875 1321 915 καὶ

278 944 471 993 οἰκοδομεῖν
485 940 641 993 λέγεται·
663 939 716 979 ὅτι
733 938 768 977 δὲ
786 941 824 977 οὖ
841 938 925 991 πρὸς
941 937 980 976 τὸ
1006 937 1102 982 τέλος
1124 938 1319 976 ἀποσκοπεῖ

277 1006 338 1041 τοῦ
359 1000 560 1052 οἰκοδόμου,
583 999 675 1037 ἀλλὰ
706 997 745 1037 τὸ
764 1002 822 1038 τοῦ
848 1001 1042 1050 στρατηγοῦ
1056 1028 1066 1046 ,
1097 998 1159 1035 οὐκ
1181 994 1316 1035 οἰκοδό-

280 1076 342 1112 μος
356 1091 367 1112 ,
386 1061 477 1100 ἀλλὰ
497 1058 690 1111 στρατηγός
713 1059 786 1097 ἐστι
804 1058 864 1097 καὶ
882 1058 1054 1097 καλεῖται·
1071 1055 1130 1095 καὶ
1151 1058 1169 1094 ὁ
1186 1055 1244 1094 τὸν
1258 1054 1322 1106 γά-

280 1135 344 1170 μον
360 1119 421 1170 μὲν
436 1123 496 1157 τοῦ
512 1118 660 1166 πλησίον
681 1118 809 1156 ἀδικῶν
821 1147 832 1168 ,
850 1115 898 1167 μὴ
917 1117 958 1154 δι’
976 1115 1167 1154 ἀκολασίαν
1186 1113 1221 1153 δὲ
1239 1113 1323 1152 αὐτὸ

278 1182 380 1217 τοῦτο
414 1177 686 1230 προαιρούμενος
703 1206 714 1227 ,
735 1174 826 1215 ἀλλὰ
851 1175 907 1214 διὰ
928 1171 1211 1228 φιλοχρηματίαν
1226 1202 1237 1221 ,
1260 1173 1323 1211 οὐκ

280 1235 320 1275 ἂν
350 1236 404 1283 εἴη
440 1235 561 1288 μοιχὸς
590 1234 682 1273 ἀλλὰ
717 1233 992 1287 φιλοχρήματος.
1031 1233 1187 1272 Δυνατὸν
1208 1230 1321 1270 τοίνυν

280 1295 357 1334 τινὰ
377 1296 528 1343 ἀδικεῖν,
548 1293 607 1332 καὶ
631 1293 679 1342 μὴ
716 1292 834 1331 ἄδικον
870 1286 959 1330 εἶναι
991 1291 1068 1331 κατ’
1104 1290 1237 1337 ἐκείνην
1260 1289 1322 1337 τὴν

281 1353 440 1401 ἀδικίαν,
460 1347 502 1399 ἧς
522 1350 585 1398 τὴν
609 1350 733 1403 πρᾶξιν
755 1355 866 1398 ποιεῖ,
897 1349 988 1388 ἀλλὰ
1011 1349 1034 1396 ἢ
1055 1349 1215 1399 οὐδαμῶς
1245 1349 1322 1386 ἄδι-

279 1428 359 1460 κον,
375 1412 494 1464 ὥσπερ
510 1413 528 1448 ὃ
549 1409 685 1463 ἰατρός,
717 1408 741 1456 ἢ
761 1410 840 1448 καθ’
871 1408 992 1460 ἑτέραν
1017 1408 1156 1446 ἀδικίαν
1178 1407 1295 1447 ἄδικον
1311 1439 1319 1454 ,

278 1469 396 1522 ὥσπερ
416 1473 434 1508 ὃ
452 1468 587 1521 μοιχός.
615 1465 717 1506 Κατὰ
739 1467 817 1505 τίνα
838 1466 874 1504 δὲ
900 1468 1050 1519 τρόπον,
1074 1466 1225 1518 εἴρηται.
1251 1468 1317 1505 Δυ·

278 1528 380 1567 νατὸν
402 1527 438 1566 δὲ
457 1526 519 1566 καὶ
542 1527 657 1569 ἄλλως
678 1526 861 1564 ἀδικοῦντα
882 1524 932 1576 μὴ
963 1524 1081 1564 ἄδικον
1100 1518 1187 1563 εἶναι
1201 1553 1212 1572 ,
1239 1523 1320 1563 ὅταν

279 1586 448 1629 ἀκουσίως
469 1600 519 1630 τις
539 1585 655 1636 ἀδικῇ·
683 1587 702 1623 ὁ
723 1584 793 1636 γὰρ
822 1584 944 1627 νυκτὸς
966 1582 1140 1635 ἀγνοήσας
1163 1582 1221 1622 τὸν
1240 1583 1322 1622 κλέ-

279 1661 370 1694 πτην
385 1644 444 1683 καὶ
459 1645 516 1683 τὸν
535 1644 583 1694 μὴ
598 1643 753 1690 κλέπτην
769 1642 974 1689 ἀποκτείνας
987 1642 1134 1691 ἠδίκησε
1153 1641 1231 1693 μέν,
1249 1641 1323 1680 ἄδι-

279 1719 335 1747 κος
355 1703 391 1741 δὲ
411 1704 472 1741 οὒκ
493 1702 581 1742 ἔστι.
1310 1730 1312 1733 -

333 1763 501 1815 (Scripsi
521 1776 530 1802 :
546 1768 562 1785 ἃ
576 1760 694 1813 ἔστιν]
709 1761 794 1801 cod.
819 1761 926 1801 ἐστιν.
944 1783 997 1791 -
1043 1759 1218 1814 ἀπατῴη]
1237 1761 1322 1801 cod.

280 1820 442 1871 ἀπατώῃ.
477 1842 530 1851 --
548 1826 561 1844 ⁶
597 1818 881 1873 παρακερδᾶναι]
919 1820 1002 1858 cod.
1043 1819 1319 1873 παρακερδάναι.

278 1901 331 1910 -·
346 1878 363 1902 ‘¹
385 1877 476 1918 κατὰ
496 1877 598 1929 τίνα]
618 1878 706 1917 cod.
731 1878 821 1915 κατά
844 1892 935 1917 τινα.
953 1879 1031 1928 -)

1013 1759 1028 1784 b

719 1991 813 2042 Κεφ.
845 1987 888 2028 θ’.

435 2099 517 2143 Περὶ
534 2097 678 2139 δικαίου,
696 2099 714 2131 ὃ
730 2098 848 2141 κυρίως
865 2099 924 2131 οὐκ
944 2098 1014 2131 ἔστι
1034 2098 1167 2131 δίκαιον.

335 2200 351 2217 *
363 2199 450 2251 Περὶ
460 2198 521 2249 μὲν
537 2192 595 2237 οἶν
603 2187 905 2247 ἀντίπεπονθότος,
920 2198 997 2237 τίνα
1012 2198 1138 2251 τρόπον
1147 2198 1324 2249 γινόμενον

282 2256 414 2295 δίκαιον
436 2256 552 2313 ἔσται,
575 2256 711 2308 εἴρηται
737 2256 918 2310 πρότερον.
952 2253 1057 2295 Ἔστι
1088 2256 1123 2295 δὲ
1148 2257 1208 2295 καὶ
1241 2258 1326 2296 ἄλλο

283 2316 436 2363 δίκαιον,
454 2315 472 2353 ὃ
492 2316 554 2353 οὐκ
575 2314 797 2367 ἔστικυρίως
819 2315 968 2363 δίκαιον,
991 2314 1111 2369 ὥσπερ
1133 2316 1174 2363 δὴ
1195 2316 1233 2355 τὸ
1253 2333 1326 2356 πα-

282 2374 400 2427 τρικὸν
418 2373 478 2412 καὶ
496 2372 710 2412 δεσποτικόν·
735 2377 847 2412 ταῦτα
869 2373 936 2427 γὰρ
954 2375 1015 2412 οὐκ
1037 2375 1103 2413 εἰσὶ
1123 2374 1247 2427 κυρίως
1275 2375 1326 2414 δί-

282 2448 386 2480 καια,
410 2432 500 2471 ἀλλὰ
523 2432 628 2482 ὅμοιά
642 2448 717 2477 πως
737 2435 786 2484 τῷ
809 2435 980 2486 πολιτικῷ
1005 2433 1141 2487 δικαίῳ.
1165 2435 1267 2486 Λέγω
1289 2436 1324 2474 δὲ

281 2492 449 2543 πατρικὸν
466 2491 609 2540 δίκαιον,
629 2491 830 2545 ὃπροσήκει
847 2492 955 2545 πατρὶ
973 2493 1055 2545 πρὸς
1074 2495 1185 2533 παῖδα
1201 2497 1324 2543 ποιεῖν,

283 2550 342 2589 καὶ
356 2550 556 2588 δεσποτικόν
576 2581 586 2598 ,
610 2550 627 2588 ὃ
649 2552 700 2589 δεῖ
721 2552 892 2600 δεσπότην
914 2551 998 2604 πρὸς
1019 2553 1153 2592 δοῦλον,
1186 2554 1325 2607 Κυρίως

282 2608 394 2647 τοίνυν
414 2608 474 2647 καὶ
494 2611 628 2655 ἀληθῶς
661 2610 793 2648 δίκαιόν
815 2612 887 2649 ἔστι
907 2611 946 2649 τὸ
966 2612 1209 2663 διανεμητικόν
1222 2643 1233 2661 ,
1264 2615 1323 2654 καὶ

283 2666 324 2706 τὸ
345 2666 582 2718 διορθωτικόν,
599 2666 683 2719 ὅπερ
702 2667 800 2705 §orla
824 2668 863 2706 τὸ
879 2670 1078 2718 πολιτικόν“,
1093 2670 1178 2724 ὅπερ
1197 2671 1219 2719 ἢ
1236 2673 1326 2712 κατὰ

284 2724 524 2777 γεωμετρικὴν
557 2725 743 2777 ἀναλογίαν
774 2727 927 2777 γίνεται,
961 2727 1074 2773 καθὼς
1109 2730 1268 2781 εἴρηται,
1303 2731 1325 2780 ἢ

285 2784 377 2843 κκατὰ
407 2784 654 2837 ἀριθμητικήν.
682 2784 743 2823 Ἔν
765 2786 904 2831 ἐκείνοις
924 2787 992 2840 γάρ
1013 2789 1087 2828 ἐστι
1119 2790 1271 2840 δίκαιον,
1291 2793 1324 2830 ἐν

285 2846 336 2886 οῖς
351 2841 410 2880 καὶ
429 2842 531 2892 νόμος
551 2842 692 2880 τίθεται·
713 2843 817 2893 νόμος
838 2844 872 2882 δὲ
891 2844 1021 2884 τίθεται
1042 2848 1076 2885 ἐν
1093 2848 1248 2898 ἐκείνοις,
1269 2849 1325 2895 οὓς

288 2901 432 2940 δυνατὸν
457 2900 517 2938 καὶ
539 2902 731 2939 ἀδικεῖσθαι
759 2903 818 2940 καὶ
849 2904 990 2943 ἀδικεῖν·
1013 2907 1031 2944 ὁ
1059 2906 1126 2959 γὰρ
1144 2907 1246 2958 νόμος
1265 2910 1325 2948 καὶ

286 2963 309 3007 ἡ
325 2961 403 3007 δίκη
419 2959 588 3012 διάκρισίς
605 2961 678 2998 ἐστι
691 2964 750 2999 τοῦ
766 2962 899 3001 δικαίου
912 2963 972 3002 καὶ
983 2968 1042 3003 τοῦ
1057 2966 1186 3005 ἀδίκου.
1203 2969 1327 3007 Ταῦτα

288 3019 323 3057 δὲ
345 3019 486 3070 ἁρμόζει
509 3021 579 3062 τοῖς
593 3019 761 3063 πολίταις·
782 3015 875 3059 οὗτοι
893 3022 962 3074 γὰρ
982 3025 1152 3072 ἀλλήλους
1166 3025 1327 3067 δύνανται

288 3078 417 3116 ἀδικεῖν
434 3079 483 3129 τῷ
501 3077 684 3129 βούλεσθαι
704 3077 849 3118 ἕκαστον
867 3080 971 3119 πλέον
995 3085 1107 3136 ἑαυτῷ
1123 3084 1237 3133 νέμειν
1259 3089 1326 3125 τῶν

289 3135 408 3179 ἁπλῶς
429 3136 584 3187 ἀγαθῶν,
608 3136 749 3175 ἔλαττον
772 3137 807 3175 δὲ
827 3140 876 3190 τῷ
894 3139 1059 3188 πλησίον,
1080 3142 1139 3180 καὶ
1156 3145 1224 3181 τῶν
1247 3145 1329 3196 βλα-

290 3194 401 3246 ὃερῶν
428 3193 467 3232 τὸ
488 3194 685 3234 ἀνάπαλιν·
711 3196 768 3234 διὰ
787 3201 886 3236 τοῦτο
905 3199 967 3236 οὔκ
985 3200 1096 3250 ἐῶμεν
1113 3200 1233 3254 ἄρχειν
1259 3203 1328 3242 ἄν-

290 3257 426 3306 θρωπον
446 3253 597 3303 πόλεως,
628 3254 787 3303 δηλονότι
820 3256 922 3295 αὐτὸν
955 3262 1030 3301 ταῖς
1055 3260 1177 3298 ἑαυτοῦ
1203 3264 1328 3313 ὁρμαῖς

306 3335 2428 3354 Q

331 3368 350 3386 *
366 3368 443 3411 Cap.
463 3371 494 3402 6.
511 3371 570 3403 Δεῖ
588 3370 622 3404 δὲ
643 3371 685 3411 μὴ
701 3371 887 3411 λανθάνειν,
907 3372 957 3405 ὅτι
982 3374 1019 3405 τὸ
1043 3375 1238 3416 ζητούμενόν
1259 3377 1329 3409 ἐστι
1351 3379 1420 3411 κτλ.
2410 3352 2422 3358 ¹.

1110 144 1320 184 ANDRON
1329 143 1391 184 lCl
1422 143 1600 184 RHODII

1382 235 1550 276 congruit,
1570 234 1724 276 adquam
1738 233 1802 267 iste
1819 234 1979 268 actionem
1997 244 2092 269 suam
2104 233 2341 274 accommodat,
2397 232 2399 236 ’
2422 222 2432 239 ³

1382 292 1517 325 alterius
1533 291 1606 324 finis
1630 300 1748 330 causa,
1768 301 1826 325 seu
1844 292 1923 325 boni
1941 301 1999 326 seu
2023 293 2118 333 mali,
2146 293 2180 326 in
2205 293 2246 327 iis
2262 293 2330 336 agit

1381 349 1456 382 dem
1471 349 1609 392 injuste,
1628 349 1683 382 sed
1704 359 1768 382 non
1780 352 1830 397 est
1843 350 1994 393 injustus.
2009 353 2138 396 Decipit
2153 354 2240 387 enim
2255 350 2451 404 medianas,

1383 411 1416 442 at
1435 418 1499 441 non
1518 410 1567 442 est
1583 408 1736 451 deceptor
1758 423 1766 442 ι
1790 409 1911 452 quippe
1935 419 2000 443 non
2018 411 2091 444 haec
2109 413 2181 454 eius
2203 413 2288 446 ratio
2301 414 2364 451 est.
2383 414 2463 447 ιιι

1381 468 1522 510 decipiat
1542 470 1720 510 aegrotum.
1748 468 1806 501 sed
1826 471 1863 501 ut
1891 469 1995 502 vitam
2012 470 2043 503 ei
2061 473 2169 505 servet
2193 481 2202 504 ε
2220 471 2371 506 similiter
2388 471 2431 504 et*
2445 460 2453 481 ‘¹

1381 527 1440 570 qui
1453 527 1566 560 insano
1583 527 1707 560 homini
1721 527 1867 569 gladium
1887 526 2019 561 furatus
2035 531 2105 570 est,
2120 538 2184 563 non
2195 529 2346 572 plussffl
2366 516 2436 563 aoss'

1381 586 1511 628 quirere
1531 587 1562 619 et
1580 586 1664 618 clam
1678 586 1821 619 alienum
1845 586 1965 619 lucrari
1984 587 2076 626 vult,
2102 590 2260 630 tanquam
2277 586 2345 628 fut,
2365 585 2437 638 sed}

1382 645 1484 678 solam
1505 644 1610 678 insani
1637 645 1779 678 hominis
1801 645 1942 678 salutem
1967 648 2104 688 spectat.
2130 648 2206 679 Jam
2221 655 2302 680 vero
2316 639 2424 679 omnis
2471 661 2479 677 ι

1381 704 1466 737 actio
1486 714 1505 737 a
1527 705 1589 737 tine
1607 702 1746 737 formam
1775 703 2062 748 definitionemque
2091 714 2202 744 suam,
2229 704 2370 748 ideoque
2391 688 2438 738 ef·

1381 775 1498 799 nomen
1513 767 1686 798 mutuatur
1707 776 1714 796 :
1729 766 1893 808 siquidem
1910 775 2028 799 nomen
2042 767 2210 799 contracta
2223 765 2320 809 quasi
2341 763 2427 799 deti-¹
2482 762 2484 767 ’

1381 826 1462 859 nitio
1475 827 1536 859 est.
1552 827 1664 868 Neque
1677 825 1763 858 enim
1779 825 2010 868 imperatorem
2033 825 2091 868 qui
2111 825 2146 858 in
2167 822 2355 858 obsidendis
2367 817 2427 858 ur-
2482 868 2484 870 Ι

1381 886 1478 918 bibus
1499 894 1721 927 saepenumero
1737 885 1904 918 machinas
1928 887 1961 918 et
1976 883 2219 927 propugnacula
2233 882 2424 922 fabricatur,

1382 944 1600 977 architectum
1628 944 1799 986 propterea
1824 945 1882 976 aut
1911 942 2043 976 fabrum
2071 942 2308 986 appellabimus
2324 954 2333 975 z
2349 950 2427 975 nam
2485 925 2490 966 s

1383 1003 1437 1035 hic
1455 1002 1555 1035 etiam
1568 1001 1741 1034 architecti
1756 1003 1788 1033 et
1809 999 1892 1033 fabri
1909 1010 1992 1043 opus
2007 999 2106 1039 facit,
2135 1002 2170 1033 et
2192 999 2355 1034 aedificare
2374 997 2428 1031 di-
2468 1026 2469 1030 ,
2485 1017 2493 1036 2

1384 1064 1492 1097 citur:
1507 1063 1586 1106 quia
1603 1072 1682 1096 vero
1700 1072 1765 1095 non
1791 1062 1889 1095 finem
1914 1064 1947 1095 et
1973 1062 2145 1095 consilium
2161 1058 2334 1101 architecti
2341 1059 2428 1107 [sed

1383 1122 1589 1165 imperatoris
1612 1121 1761 1164 respicit,
1789 1130 1854 1153 non
1874 1121 2090 1160 architectus,
2116 1120 2175 1154 sed
2192 1120 2370 1164 imperator
2392 1120 2429 1153 et

1384 1184 1434 1216 est
1449 1184 1484 1215 et
1502 1183 1640 1214 vocatur
1659 1194 1666 1213 ε
1685 1183 1718 1214 et
1731 1180 1789 1222 qui
1812 1180 1927 1213 alienae
1949 1180 2045 1213 uxori
2070 1182 2223 1223 stuprum
2232 1177 2342 1219 infert,
2365 1187 2431 1212 non

1383 1241 1518 1284 quidem
1551 1239 1822 1281 intemperantia,
1842 1239 1900 1272 sed
1932 1239 2079 1281 pecuniae
2104 1238 2263 1276 aviditate
2286 1230 2427 1277 ductum*

1384 1309 1448 1332 non
1465 1299 1605 1337 adulter,
1626 1298 1683 1331 sed
1707 1297 1854 1340 pecuniae
1867 1297 1985 1331 avidus
1998 1298 2070 1331 erit.
2094 1294 2204 1336 Quare
2223 1296 2294 1331 fieri
2308 1298 2427 1340 potest,

1383 1360 1422 1391 ut
1441 1358 1517 1401 quis
1535 1358 1695 1400 injustum
1721 1357 1881 1399 quiddam
1900 1358 1994 1399 agat,
2020 1366 2080 1390 nec
2094 1358 2205 1390 tamen
2226 1355 2371 1399 iniustus
2387 1354 2432 1388 sit

1385 1419 1536 1459 suscepta
1556 1417 1683 1450 actione
1705 1416 1761 1449 illa
1789 1417 1912 1458 injusta
1930 1416 2025 1459 cujus
2047 1418 2162 1449 auctor
2189 1417 2259 1455 est,
2283 1413 2343 1449 sed
2371 1416 2434 1456 aut

1383 1477 1517 1509 minime
1535 1476 1678 1518 injustus
1700 1475 1760 1514 sit,
1783 1475 1869 1508 sicut
1893 1475 2057 1514 medicus,
2081 1476 2139 1508 aut
2160 1474 2246 1508 alius
2261 1464 2432 1517 injustitiae

1384 1538 1533 1577 respectu
1555 1535 1707 1578 injustus,
1734 1534 1819 1567 sicut
1848 1534 1988 1568 adulter.
2011 1536 2084 1572 Quo
2099 1534 2211 1566 autem
2229 1531 2343 1572 modo,
2362 1524 2437 1575 jam¹

1385 1594 1511 1627 dictum
1530 1596 1591 1627 est.
1611 1596 1724 1627 Potest
1740 1595 1839 1627 etiam
1864 1594 1929 1626 alio
1946 1594 2043 1635 pacto
2064 1592 2154 1631 fieri,
2175 1593 2214 1625 ut
2230 1591 2290 1635 qui
2309 1591 2430 1634 injuste

1386 1652 1465 1685 facit
1477 1661 1542 1684 non
1562 1654 1672 1685 tamen
1691 1652 1833 1694 injustus
1848 1651 1911 1690 sit,
1935 1661 2041 1694 quum
2062 1650 2216 1684 videlicet
2240 1650 2366 1684 invitus
2378 1650 2431 1683 in-

1381 1712 1470 1752 juste
1486 1710 1565 1743 facit
1580 1724 1587 1743 :
1605 1711 1665 1754 qui
1674 1711 1759 1743 enim
1775 1713 1875 1744 noctu
1890 1710 2053 1753 ignoravit
2069 1709 2197 1750 furem',
2215 1717 2358 1754 eumque
2371 1708 2432 1752 qui

1385 1770 1440 1803 fur
1454 1780 1519 1803 non
1538 1773 1588 1803 est
1603 1769 1784 1810 interfecit,
1812 1770 1934 1812 injuste
1951 1764 2087 1812 quidem
2106 1768 2204 1809 fecit,
2233 1777 2299 1802 non
2320 1770 2433 1802 tamen

1386 1832 1436 1863 est
1447 1829 1598 1871 injustus.
2122 1825 2128 1831 ’

1829 2011 1907 2053 Gap.
1933 2011 1989 2043 IX.

1620 2121 1660 2148 De
1670 2120 1739 2155 jure
1748 2142 1755 2155 ,
1766 2119 1849 2168 quod
1866 2120 1992 2157 proprie
2003 2119 2054 2156 ius
2066 2125 2127 2149 non
2140 2119 2199 2148 est.

1430 2216 1478 2247 De
1504 2214 1640 2252 talione,
1666 2223 1732 2256 quo
1749 2216 1845 2256 pacto
1861 2214 1916 2256 jus
1934 2214 2007 2252 fiat,
2037 2214 2134 2246 antea
2155 2211 2341 2255 expositum
2367 2212 2427 2245 est.

1387 2274 1511 2305 Verum
1529 2275 1562 2306 et
1579 2272 1669 2305 aliud
1681 2273 1737 2314 jus
1750 2275 1816 2311 est,
1832 2272 1921 2315 quod
1932 2271 2062 2314 proprie
2077 2271 2214 2314 quidem
2224 2280 2289 2304 non
2301 2272 2352 2305 est
2360 2271 2427 2313 Jus.

1387 2331 1472 2364 sicut
1490 2331 1634 2373 patrium
1651 2331 1706 2373 jus
1718 2334 1751 2364 et
1763 2331 1865 2364 herile
1883 2344 1891 2363 ε
1907 2331 2029 2373 quippe
2042 2330 2114 2363 haec
2125 2330 2255 2372 proprie
2274 2338 2340 2362 non
2355 2323 2432 2362 sunt

1383 2389 1458 2431 jura
1469 2415 1476 2426 ,
1498 2388 1555 2421 sed
1574 2388 1663 2421 civili
1675 2388 1743 2431 juri
1761 2387 2005 2430 quodammodo
2023 2387 2152 2420 similia.
2204 2386 2353 2420 Patrium
2369 2395 2431 2419 au-

1387 2449 1453 2479 tem
1465 2447 1520 2489 jus
1539 2447 1684 2489 appello,
1706 2455 1773 2488 quo
1795 2448 1922 2488 patrem
1940 2446 1975 2478 in
2000 2445 2119 2478 liberos
2138 2444 2189 2477 uti
2203 2443 2315 2483 decet,
2344 2443 2431 2476 sicut

1387 2506 1490 2540 herile
1507 2516 1574 2549 quo
1593 2506 1711 2539 herum
1729 2495 1861 2549 oportet
1889 2505 1941 2538 uti
1970 2504 2005 2537 in
2023 2514 2167 2538 servum.
2199 2503 2335 2547 Proprie
2353 2511 2432 2545 ergo

1387 2575 1530 2608 vereque
1543 2565 1598 2607 jus
1614 2567 1664 2599 est
1688 2564 1723 2598 id
1735 2590 1743 2605 ,
1761 2563 1852 2607 quod
1877 2564 1912 2596 in
1930 2563 2216 2597 distributionibus
2237 2563 2383 2606 positum
2398 2563 2438 2595 et.

1387 2624 1569 2667 corrigendi
1588 2625 1619 2657 vi
1632 2624 1807 2666 praeditum
1821 2623 2013 2666 appellatur,
2029 2623 2185 2666 quodque
2193 2622 2291 2655 civile
2299 2621 2356 2664 Jus
2367 2621 2430 2659 est,

1387 2692 1426 2716 ac
1439 2683 1653 2726 geometrica,
1676 2682 1956 2726 quemadmodum
1979 2681 2134 2720 diximus,
2148 2681 2203 2714 vel
2220 2679 2428 2714 arithmetica

1387 2743 1593 2786 proportione
1603 2742 1811 2776 describitur.
1822 2744 1911 2775 Inter
1919 2750 1974 2775 eos
1980 2740 2124 2783 enimjus
2131 2741 2192 2779 est,
2199 2738 2428 2782 quibusetiam

1388 2802 1441 2835 lex
1460 2801 1615 2835 scribitur
1630 2814 1638 2834 ι
1654 2801 1708 2835 lex
1722 2804 1834 2836 autem
1852 2801 2006 2835 scribitur
2021 2800 2105 2839 illis,
2122 2799 2180 2842 qui
2194 2798 2340 2841 accipere
2350 2797 2433 2841 inju-

1388 2861 1470 2894 riam
1486 2863 1625 2903 possunt
1640 2863 1674 2894 et
1692 2860 1798 2894 facere
1815 2871 1823 2894 ι
1839 2861 1918 2904 quia
1937 2860 1990 2894 lex
2011 2861 2046 2893 et
2060 2858 2222 2902 injustitia
2234 2857 2318 2900 iusti
2329 2859 2364 2891 et
2380 2857 2439 2891 izi-2

1385 2919 1466 2962 justi
1482 2920 1650 2953 distinctio
1672 2922 1732 2954 est.
1755 2922 1836 2953 Haec
1862 2922 1975 2953 autem
1992 2918 2121 2952 civibus
2143 2917 2326 2960 congruunt
2345 2916 2433 2950 tho-

1388 2987 1463 3010 rum
1477 2978 1564 3011 enim
1580 2978 1636 3011 alii
1661 2978 1734 3011 aliis
1755 2977 1907 3020 injuriam
1934 2978 2073 3020 possunt
2104 2975 2229 3014 facere',
2259 2967 2441 3017 propterea

1388 3036 1478 3078 quod
1493 3036 1612 3079 singuli
1624 3036 1688 3070 sibi
1709 3036 1784 3078 plus
1800 3045 1914 3069 eorum
1927 3044 2004 3078 quae
2022 3034 2215 3078 simpliciter
2230 3034 2316 3068 bona
2333 3033 2411 3066 sunt
2421 3056 2442 3074 ,⁷
2463 3067 2466 3076 ¹

1388 3098 1497 3130 minus
1515 3098 1588 3131 aliis
1608 3098 1753 3131 tribuere
1766 3097 1899 3135 volunt,
1922 3095 1958 3130 in
1973 3093 2072 3129 rebus
2085 3095 2252 3128 damnosis
2265 3103 2345 3128 vero
2357 3101 2440 3127 com·

1388 3157 1523 3190 trariam
1543 3156 1698 3190 adhibere
1710 3158 1870 3189 rationem
1887 3168 1895 3188 ε
1913 3154 2054 3197 ideoque
2071 3164 2137 3189 non
2154 3149 2299 3198 patimur
2320 3151 2435 3195 reipu-

1388 3215 1482 3248 blicae
1494 3225 1635 3258 praeesse
1651 3215 1837 3253 hominem,
1854 3214 1915 3257 qui
1931 3213 2085 3247 videlicet
2107 3211 2342 3256 cupiditatibus
2363 3210 2433 3244 suis
2476 3230 2479 3231 ν

1389 3274 1533 3314 serviat,
1559 3274 1616 3307 sed
1637 3274 1748 3317 potius
1764 3273 1891 3316 legibus
1913 3282 2077 3306 summam
2100 3271 2229 3316 imperii
2248 3270 2430 3308 tradimus,

2496 2267 2508 2331 ,ΛΕ-Μ.
