2508 3776
282 203 362 242 482

281 303 383 340 ρομεν
408 286 530 330 ἐνδεεῖς
548 285 643 329 ὄντες
666 284 726 324 καὶ
759 285 1042 339 πεπληρωμένοι·
1061 287 1152 327 ἀλλὰ
1170 290 1314 341 πληρω-

278 346 388 389 θέντες
405 344 466 395 μὲν
487 343 641 391 ἡδόμεθα
659 346 728 388 τοῖς
746 343 871 395 κυρίως
889 345 1011 394 ἡδέσι,
1035 346 1094 385 καὶ
1108 353 1217 386 πᾶσιν
1234 349 1314 396 ἡδο·

276 404 337 451 νὴν
355 404 462 456 φέρει·
482 402 564 454 πρὶν
592 403 627 442 δὲ
645 404 893 456 πληρωθῆναι,
917 411 987 449 τοῖς
1006 409 1151 458 τυχοῦσι
1166 406 1227 445 καὶ
1246 411 1316 450 τοῖς

276 462 439 506 ἐναντίοις
466 462 634 506 πολλάκις
656 462 840 515 χαίρομεν·
872 464 947 503 ὅθεν
968 464 1144 517 φαίνεται,
1181 466 1241 505 καὶ
1264 466 1316 504 ὅτι

273 524 340 559 τῶν
358 522 489 569 ἡδονῶν
508 522 544 559 αἱ
572 520 635 572 μέν
662 523 749 560 εἰσιν
771 523 911 569 ἁπλῶς,
943 525 979 560 αἱ
1000 523 1037 562 δέ
1057 539 1158 563 τισιν·
1179 526 1224 568 ὡς
1248 524 1316 576 γὰρ

274 580 393 633 ἔχουσι
413 581 456 619 τὰ
478 579 585 628 ἡδέα,
605 578 664 619 τὸν
686 580 790 619 αὐτὸν
820 581 947 634 τρόπον
967 582 1028 621 καὶ
1064 584 1100 621 αἱ
1128 582 1251 630 ἡδοναὶ
1279 584 1315 621 αἱ

274 639 342 678 ἀπὸ
362 640 509 678 τούτων
534 638 620 679 ’Ὀτι
651 639 714 690 μὲν
742 643 800 678 οὖν
833 642 870 679 οὗ
889 646 987 679 πᾶσα
1015 640 1123 689 ἡδονὴ
1157 642 1316 690 ἀναπλή-

275 698 376 750 ρωσίς
401 700 474 737 ἐστι
507 698 658 752 φυσική,
682 697 871 739 δέδεικται.
907 699 981 738 Καὶ
1016 698 1086 751 μὴν
1107 699 1186 739 οὐδὲ
1215 707 1314 740 πᾶσα

272 758 517 810 ἀναπλήρωσις
537 757 656 805 ἡδονή·
679 761 739 806 τῆς
758 757 827 812 γὰρ
849 761 979 811 ὑγιείας
1009 759 1214 814 πλήρωσις,
1237 760 1313 809 ἥτις

270 816 398 868 φυσική
420 819 512 856 ἐστιν
530 816 596 861 ἕξις
616 816 673 856 διὰ
694 820 755 864 τ’ἧς
772 817 905 865 διαίτης
922 818 1087 871 γινομένη
1101 851 1110 867 ,
1140 822 1202 859 οὐκ
1220 821 1311 859 ἔστιν

269 876 390 923 ἡδεῖα,
404 878 466 915 οὐκ
483 892 550 929 αρα
567 876 713 929 ὄρθῶς”
694 892 767 929 εχει
784 876 899 928 λέγειν
923 878 984 925 τὴν
1006 878 1185 927 ἡδονήν,“’
1165 896 1229 921 οτι
1235 879 1310 919 ἔστι

267 933 398 984 γένεσις
419 936 465 978 εἷς
484 935 586 988 φύσιν
603 934 767 983 αἰσθητή.
794 936 866 975 Καὶ
886 936 942 974 διὰ
958 953 1061 976 τουτο
1089 941 1151 977 οὐκ
1173 939 1310 991 ἀνάγκη

269 993 337 1031 ἀπὸ
357 997 488 1032 τούτων
504 996 572 1032 τῶν
592 994 704 1043 λόγων
719 989 813 1045 μὴ
786 998 872 1032 εἰναι
895 995 957 1042 τὴν
975 996 1103 1044 ἡδονὴν
1123 997 1266 1050 ἀγαθόν.

324 1053 562 1106 (861·ἰρ5ἰ;“
581 1051 719 1107 οὐκέτι]
753 1054 840 1093 cod.
863 1055 925 1093 οὐκ
947 1054 1012 1095 ἔτι
1048 1079 1100 1087 -
1120 1056 1177 1083 ¹’“'
1155 1073 1238 1096 οταν
1259 1073 1310 1102 τις

252 1112 416 1167 ἥδηται]
438 1114 524 1153 cod.
545 1112 626 1153 ὃτᾶν
648 1129 700 1158 τις
716 1113 849 1163 ἥδεται.
868 1114 944 1168 -)

710 1227 802 1279 Κεφ.
832 1224 880 1266 κ’.

280 1335 380 1375 Λύσις
393 1339 451 1370 τοῦ
471 1336 567 1379 λόγου
587 1336 658 1370 ὅθεν
678 1339 699 1377 ἡ
717 1338 816 1377 ἡδονὴ
836 1338 925 1371 δοκεῖ
935 1337 979 1380 μὴ
991 1338 1028 1370 τὸ
1046 1336 1180 1382 ἄριστον
1195 1338 1288 1371 εἶναι.

319 1442 335 1458 *
351 1442 423 1483 Καὶ
441 1444 471 1482 οἱ
485 1442 643 1495 λέγοντες
659 1442 694 1481 δὲ
709 1442 772 1491 τὴν
785 1442 912 1491 ἡδονὴν
929 1442 979 1494 μὴ
995 1436 1082 1482 εἶναι
1094 1442 1178 1482 αὐτὸ
1193 1443 1233 1482 τὸ
1249 1442 1308 1482 τέν

265 1502 322 1545 λος
339 1502 377 1539 τὸ
395 1502 532 1554 ἄριστον
545 1532 555 1550 ,
575 1503 637 1540 οὐκ
666 1502 863 1554 ἀναγκαίως
883 1502 1166 1555 συλλογίζονται·
1188 1505 1218 1541 εἰ
1239 1502 1307 1555 γὰρ

264 1564 302 1599 οὐ
329 1560 471 1600 δύναται
493 1565 514 1608 ἡ
556 1561 663 1609 ἡδονὴ
697 1563 793 1606 τέλος
823 1555 933 1612 εἶναι,
974 1562 1109 1614 ἀνάγκη
1143 1562 1197 1601 ἀεὶ
1233 1563 1306 1602 ἕτε-

265 1620 322 1673 ρόν
343 1636 376 1659 τι
399 1621 533 1673 βέλτιον
554 1622 661 1666 αὖτῆς
692 1615 781 1660 εἶναι
796 1651 807 1669 ,
838 1622 877 1661 τὸ
896 1620 992 1666 τέλος
1014 1623 1116 1669 δῆλον
1147 1622 1220 1660 ὅτι·
1237 1629 1251 1646 ³
1267 1623 1307 1662 τὸ

261 1679 328 1732 γὰρ
347 1678 444 1724 τέλος
463 1680 591 1724 παντός
613 1682 685 1720 ἐστι
707 1681 854 1733 βέλτιον·
878 1682 963 1719 αὐτὸ
983 1681 1050 1734 γάρ
1072 1684 1144 1720 ἐστι
1163 1681 1203 1721 τὸ
1226 1682 1304 1734 ἄρι-

261 1755 341 1778 στον
363 1739 423 1778 καὶ
444 1739 483 1778 τὸ
506 1740 699 1792 βέλτιστον.
729 1741 807 1779 Οὐκ
836 1740 972 1790 ἀνάγκη
1003 1739 1111 1778 δέ·οὐ
1139 1741 1206 1793 γάρ
1231 1742 1306 1780 ε’στι

259 1799 389 1850 γένεσις
415 1802 437 1847 ἡ
462 1798 594 1847 ἡδονή,
626 1797 683 1837 ι’να
701 1798 733 1843 εξ
756 1798 909 1872 ἀνάγκης
931 1800 1065 1851 βέλτιον
1099 1800 1205 1846 αὐτῆς
1225 1803 1246 1852 ᾖ
1267 1799 1306 1839 τὸ

257 1859 354 1902 τέλος
373 1874 434 1905 της
450 1858 636 1908 γενέσεως,
657 1858 769 1897 οὐδὲ
751 1858 805 1897 αεὶ
823 1860 858 1897 ἐν
874 1861 950 1911 τῇῐ)
966 1858 1099 1910 γενέσει
1113 1862 1305 1912 θεωρεῖται,

262 1917 350 1955 ἀλλὰ
374 1916 531 1969 ἐνέργειά
551 1919 626 1956 ἐστι
642 1917 702 1956 καὶ
724 1917 835 1961 τέλος·
842 1917 1036 1992 θεωρεῖται
1066 1918 1101 1956 δὲ
1125 1920 1187 1957 οὐκ
1204 1920 1239 1957 ἐν
1258 1922 1302 1971 τῇ

260 1978 425 2014 συστάσει
440 1978 509 2014 τῶν
537 1976 650 2021 ἕξεων·
676 1980 746 2016 οἷον
765 2006 775 2025 ,
810 1976 893 2030 φέρε
913 1979 1043 2026 εἰπεῖν,
1072 1977 1155 2016 ὅταν
1176 1978 1219 2016 τὰ
1239 1978 1298 2017 δι-

260 2051 344 2074 καια
372 2052 424 2080 τις
445 2039 549 2089 ποιῇ,
580 2038 640 2075 καὶ
670 2037 734 2083 τὴν
755 2035 823 2081 ἕξιν
845 2040 906 2084 τῆς
937 2036 1158 2084 δικαιοσύνης
1195 2039 1229 2076 ἐν
1259 2041 1303 2091 τῇ

259 2096 354 2148 ψυχῇ
375 2098 539 2147 συντιθῇ,
557 2094 655 2134 οὔπω
688 2095 817 2140 δίκαιος
846 2093 906 2133 ὤν·
937 2095 1014 2134 ἀλλ’
1044 2095 1079 2132 ἐν
1099 2098 1142 2146 τῇ
1175 2095 1301 2148 χρήσει

258 2157 320 2200 τῆς
340 2153 462 2203 ἕξεως,
479 2152 560 2193 ὅταν
588 2171 638 2199 τις
668 2155 799 2199 δίκαιος
823 2155 1005 2207 γενόμενος
1025 2153 1147 2193 ἔπειτα
1168 2158 1298 2207 χρῆται

258 2216 301 2266 τῇ
318 2213 384 2259 ἔξει
400 2216 462 2261 τ’ἧς
475 2213 706 2262 δικαιοσύνης.
731 2214 799 2254 Διὰ
820 2218 922 2254 τοῦτο
946 2213 1023 2252 οὐδὲ
1044 2215 1161 2262 πάσης
1177 2215 1301 2263 ἡδονῆς

260 2274 334 2312 ἐστι
355 2273 474 2323 τέλος,
493 2273 572 2312 ἀλλ’
595 2273 684 2312 ἔνιαι
706 2273 808 2312 αὗταί
829 2275 895 2313 εἶσι
915 2273 1025 2317 τέλος,
1044 2272 1115 2312 Καὶ
1142 2274 1208 2326 γὰρ
1232 2279 1301 2316 τῶν

259 2334 436 2386 ἐνεργειῶν
456 2332 535 2371 ὅσαι
557 2332 618 2383 μὲν
636 2334 684 2377 εἷς
703 2334 878 2372 τελείωσιν
907 2333 1028 2384 ἄγουσι
1061 2332 1218 2386 φύσεως,
1238 2336 1301 2376 οὒκ

258 2391 360 2429 αὗταί
377 2392 442 2431 εἶσι
463 2391 580 2442 τέλος,
597 2391 717 2446 ὥσπερ
737 2396 758 2439 ἡ
777 2392 853 2431 καθ’
873 2391 941 2437 ἕξιν
961 2391 1120 2444 ἰατρικὴν
1142 2391 1298 2445 ἐνέργεια

258 2450 354 2494 τέλος
368 2450 441 2502 ἔχει
458 2451 521 2498 τὴν
544 2450 687 2503 ὑγίειαν·
721 2451 802 2490 ὅσαι
823 2451 859 2490 δὲ
885 2452 947 2490 οὔκ
966 2451 1106 2502 ἄγουσιν
1128 2453 1174 2496 εἷς
1195 2467 1300 2505 φυσι-

258 2508 321 2554 κὴν
333 2509 532 2561 τελείωσιν,
551 2509 626 2548 ἀλλ’
654 2510 758 2549 αὗταί
782 2511 876 2548 εἰσιν
896 2513 918 2557 ἡ
951 2510 1082 2562 φυσικὴ
1100 2511 1294 2562 τελείωσις,

258 2557 395 2613 δῆλον
379 2584 423 2611 ως
443 2570 504 2606 οὐκ
536 2567 674 2621 ἔχουσιν
695 2568 781 2607 ἄλλο
799 2569 916 2616 τέλος,
938 2568 1026 2606 ἀλλὰ
1049 2569 1164 2608 ἄλλων
1196 2571 1300 2610 αὐταί

257 2626 322 2663 εἰσι
341 2625 437 2672 τέλη·
459 2625 577 2678 ὥσπερ
592 2626 622 2665 εἴ
638 2643 687 2671 τις
707 2627 797 2666 κατὰ
816 2627 879 2675 τὴν
897 2627 1033 2666 τελείαν
1047 2626 1114 2672 ἕξιν
1135 2631 1196 2675 τῆς
1217 2633 1299 2682 ἀρε-

256 2686 317 2731 τῆς
338 2686 477 2757 ἐνεργεῖ.
499 2684 542 2724 Ἥ
565 2685 632 2757 γὰρ
652 2702 798 2734 τοιαυτη
821 2686 975 2739 ενέργεια
995 2686 1129 2731 τέλος’
1115 2688 1206 2726 εστὶν
1228 2689 1292 2727 ἅλ-

257 2742 339 2790 λων,
367 2745 428 2780 οὐκ
457 2744 544 2787 αὐτή
567 2744 640 2782 ἐστι
661 2746 745 2804 πρὸς
767 2745 854 2784 ἄλλο
871 2745 1067 2798 τεταγμένη
1090 2746 1199 2791 τέλος·
1220 2746 1293 2787 ὅθεν

256 2799 315 2837 καὶ
331 2804 352 2847 ἡ
373 2800 478 2846 ἡδονή
491 2830 500 2847 ,
519 2800 669 2870 ενέωργεια
689 2806 799 2851 οὐσα,
818 2806 856 2843 οὗ
877 2810 974 2843 πᾶσα
997 2805 1124 2850 τέλος”
1105 2821 1189 2858 εχει·
1205 2804 1297 2858 ἐνέρ-

255 2874 332 2908 γεια
361 2859 427 2911 γάρ
448 2860 522 2897 ἐστι
541 2875 601 2905 της
633 2859 725 2899 κατὰ
755 2862 856 2914 φύσιν
879 2862 994 2908 ἕξεως.
1025 2864 1089 2904 Διὸ
1115 2867 1153 2904 οὐ
1183 2867 1298 2910 καλῶς

256 2916 329 2968 ἔχει
349 2917 515 2964 αἰσθητὴν
536 2918 665 2969 γένεσιν
690 2924 778 2959 εἰναι
812 2922 924 2973 λέγειν
944 2923 1007 2970 τὴν
1024 2925 1180 2972 ἡδονήν,
1206 2924 1295 2964 ἀλλὰ

257 2976 430 3029 ἐνέργειαν
463 2980 522 3023 τ’ἠς
544 2993 634 3015 κατα
665 2978 765 3030 φύσιν
800 2979 902 3025 ἕξεως
937 2982 1076 3022 λεκτέον
1113 2986 1199 3022 εἰναι
1234 2983 1296 3031 τὴν

254 3035 391 3082 ἡδονήν·
408 3035 482 3073 ἀντὶ
500 3036 535 3073 δὲ
555 3039 614 3073 τοῦ
636 3037 820 3112 αἰσθητήν,
839 3041 1105 3090 ἀνεμπόδιστον·
1120 3043 1179 3080 καὶ
1199 3042 1297 3082 ἔσται

255 3093 360 3141 ἡδονὴ
393 3093 544 3147 ἐνέργεια
568 3097 629 3142 τῆς
660 3095 751 3133 κατὰ
777 3098 878 3149 φύσιν
906 3098 939 3136 ἕ
927 3098 1006 3144 ζεως
1028 3101 1293 3151 ἀνεμπόδιστος.

255 3152 436 3192 Δέδεικται
457 3153 548 3192 δὲέν
573 3157 621 3192 τῶ
642 3165 655 3182 ⁶
686 3155 730 3203 ιη’
734 3157 934 3230 κεφαλαίῳ
963 3160 1012 3209 μὴ
1031 3167 1147 3199 πᾶσαν
1172 3162 1296 3209 ἡδονην

254 3212 386 3262 γένεσιν
408 3228 437 3251 ει
441 3228 496 3250 ναι
517 3213 562 3256 εἷς
589 3212 702 3266 φύσιν·
726 3214 818 3253 ὥστε
836 3217 1016 3264 ἐλλιπής’
1001 3234 1092 3258 εστιν
1110 3222 1128 3258 ὃ
1145 3236 1295 3266 τοιουτος

254 3270 415 3322 ὁρισμός·
434 3270 485 3310 ἔτι
502 3269 538 3309 δὲ
551 3272 626 3311 ουδὲ
641 3279 740 3312 πᾶσα
760 3274 943 3322 αἷσθητή’
927 3292 1035 3317 εστιν.
1052 3277 1097 3317 ‘H
1114 3277 1211 3330 γὰρ’
1196 3295 1230 3317 εν
1247 3281 1296 3317 τῶ

256 3332 394 3381 θεωρεῖν
414 3329 521 3378 ἡδονὴ
542 3332 602 3370 οὔκ
633 3331 724 3371 ἔστιν
756 3333 921 3381 αἰσθητή·
943 3337 964 3380 ἡ
989 3335 1023 3372 δὲ
1055 3335 1211 3388 ἐνέργεια
1235 3337 1296 3375 καὶ

1101 198 1384 239 ANDRONlcl
1412 198 1588 238 RHODII

1383 292 1542 326 lectamur
1558 293 1592 325 et
1607 301 1712 334 quum
1729 291 1851 334 expleti
1875 301 2008 334 sumus;
2028 302 2146 327 verum
2163 295 2339 336 postquam
2357 301 2420 326 ex—

1378 351 1458 394 pleti
1476 359 1609 392 sumus,
1628 349 1669 382 iis
1682 350 1741 393 qui
1757 350 1887 393 proprie
1901 350 2039 393 jucundi
2056 355 2133 385 sunt
2148 352 2363 391 delectamur,
2385 353 2420 385 et

1377 410 1425 443 illi
1441 409 1594 443 omnibus
1608 409 1814 452 voluptatem
1830 409 1974 443 afferunt
1990 422 1997 443 :
2015 413 2192 454 antequam
2207 421 2287 445 vero
2299 409 2421 454 expleti

1378 478 1493 502 sumus
1504 494 1514 511 ‚
1527 469 1731 512 quibuslibet
1745 472 1778 502 et
1793 478 1879 512 saepe
1897 469 2072 503 contrariis
2086 470 2290 504 delectamur
2307 483 2315 504 ε
2333 470 2421 519 unde

1377 530 1529 571 apparet,
1555 528 1637 562 alias
1661 528 1811 562 absolute
1830 528 1916 569 dici,
1944 529 2027 562 alias
2045 529 2247 571 quibusdam
2274 539 2346 564 esse
2363 539 2419 564 vo-

1377 588 1522 630 luptates
1546 600 1554 621 :
1583 587 1668 621 sicut
1687 588 1775 621 enim
1791 598 1829 622 ea
1846 598 1922 631 quae
1940 588 2087 631 jucunda
2107 590 2203 628 sunt,
2221 589 2268 623 ita
2291 592 2326 623 et
2343 598 2420 633 quoe

1375 656 1417 685 ex
1429 647 1470 679 iis
1490 647 1642 679 oriuntur
1654 647 1842 689 voluptates
1859 656 1893 680 se
1912 647 2044 680 habent.
2072 649 2144 680 Non
2160 656 2292 681 omnem
2318 646 2420 691 igitur

1374 706 1580 749 voluptatem
1606 708 1791 740 naturalem
1821 716 1893 740 esse
1920 707 2158 750 expletionem,
2184 706 2421 741 demonstravi·

1374 775 1460 800 mus.
1478 767 1579 810 Atqui
1599 776 1706 810 neque
1719 767 1826 800 omnis
1843 767 1986 810 expletio
2003 770 2053 800 est
2066 767 2221 809 voluptas
2241 778 2248 799 :
2264 765 2420 800 nimirum

1374 826 1543 866 sanitatis,
1563 827 1622 870 qui
1640 827 1801 860 naturalis
1817 830 1867 860 est
1892 827 2025 860 habitus
2044 829 2077 860 et
2094 829 2184 860 certa
2203 825 2348 869 quadam
2364 825 2418 859 vi-

1373 886 1471 919 vendi
1485 886 1611 919 ratione
1629 886 1798 928 contingit,
1819 886 1969 928 jucunda
1985 895 2049 918 non
2065 888 2116 919 est
2135 885 2297 928 expletio,
2315 894 2419 928 quare

1372 955 1437 978 non
1449 945 1542 979 decet
1557 946 1676 985 dicere,
1696 947 1901 988 voluptatem
1915 955 1987 979 esse
2002 946 2045 979 ad
2063 947 2217 978 naturam
2231 946 2344 978 ortum
2359 943 2419 988 qui

1372 1014 1470 1038 sensu
1487 1005 1609 1048 percipi
1625 1006 1741 1048 possit.
1765 1005 1988 1043 Quamobrem
2004 1014 2069 1038 non
2085 1004 2269 1039 necessario
2289 1003 2342 1038 his
2363 1013 2419 1037 ar-

1371 1064 1534 1106 gumentis
1549 1064 1753 1106 voluptatem
1769 1073 1834 1096 non
1850 1073 1922 1097 esse
1942 1063 2065 1097 bonum
2083 1063 2213 1098 docent.

1800 1227 1878 1270 Gap.
1904 1228 1971 1260 XX.

1373 1335 1526 1368 Resutatio
1540 1338 1734 1375 argumenti,
1746 1346 1809 1376 quo
1821 1340 2007 1377 voluptatem
2029 1333 2095 1370 non
2111 1346 2175 1371 esse
2193 1338 2339 1379 optimam
2351 1347 2415 1371 rem

1807 1387 1950 1425 probant.

1411 1458 1476 1492 Sed
1494 1460 1526 1491 et
1538 1458 1586 1491 illi
1602 1459 1660 1501 qui
1674 1461 1793 1500 negant
1811 1459 1920 1501 ipsum
1936 1460 2035 1493 finem
2050 1460 2215 1503 optimum
2231 1469 2302 1494 esse
2317 1460 2414 1494 volu-

1368 1515 1513 1556 ptatem,
1539 1523 1605 1546 non
1626 1515 1813 1548 necessario
1833 1515 1995 1548 rationem
2022 1516 2224 1549 concludunt
2250 1516 2304 1550 :si
2327 1516 2415 1550 enim

1368 1570 1442 1603 finis
1459 1579 1530 1603 esse
1548 1571 1664 1613 nequit
1687 1570 1857 1613 voluptas,
1874 1580 2007 1605 necesse
2021 1574 2071 1605 est
2088 1582 2216 1615 semper
2228 1572 2356 1616 aliquid
2375 1582 2414 1607 ea

1367 1626 1485 1659 melius
1494 1626 1645 1669 reperiri,
1674 1626 1772 1659 finem
1794 1627 1950 1660 nimirum
1973 1639 1980 1660 ε
1999 1628 2146 1661 omnium
2165 1629 2252 1662 enim
2267 1629 2414 1672 optimus

1367 1684 1417 1715 est
1436 1682 1525 1721 finis,
1544 1683 1623 1725 quia
1636 1683 1706 1725 ipse
1722 1693 1836 1716 eorum
1851 1693 1927 1726 quae
1947 1687 2078 1717 exstant
2094 1685 2257 1727 optimum
2275 1688 2309 1719 et
2325 1695 2410 1729 prae-

1366 1739 1609 1772 stantissimum
1624 1741 1684 1772 est.
1702 1741 1743 1772 At
1758 1749 1822 1772 non
1839 1743 1889 1773 est
1915 1750 2048 1774 necesse
2065 1754 2073 1773 :
2093 1750 2154 1774 nec
2170 1742 2257 1775 enim
2273 1751 2410 1783 genera-

1366 1793 1414 1826 tio
1429 1796 1479 1826 est
1500 1793 1655 1836 voluptas
1667 1820 1675 1835 ‚
1698 1797 1737 1827 ut
1765 1796 1949 1828 necessario
1976 1796 2048 1838 ipsa
2067 1797 2276 1839 generatione
2296 1798 2412 1831 melior

1366 1851 1409 1882 sit
1431 1851 1524 1890 finis,
1549 1860 1656 1894 neque
1673 1860 1803 1894 semper
1819 1851 1854 1884 in
1872 1852 2078 1894 generatione
2095 1853 2334 1894 consideratur,
2353 1854 2412 1888 sed

1366 1910 1461 1940 actus
1488 1910 1537 1940 est
1566 1911 1599 1941 et
1620 1908 1694 1940 finis
1724 1920 1732 1940 ι
1756 1908 1814 1941 sed
1841 1917 1948 1951 neque
1975 1909 2010 1942 in
2037 1909 2213 1943 habituum
2247 1911 2411 1947 constitu-

1365 1963 1454 1996 tione
1473 1963 1702 1996 consideratur
1727 1974 1735 1996 :
1761 1966 1816 2004 ut,
1839 1966 1980 2008 exempli
2005 1967 2125 2009 gratia,
2155 1977 2260 2010 quum
2279 1968 2356 2010 quis
2371 1977 2410 2002 ea

1365 2028 1441 2062 quae
1457 2019 1548 2059 justa
1565 2022 1642 2052 sunt
1664 2019 1764 2058 facit,
1787 2022 1820 2053 et
1843 2021 1984 2063 justitiae
2006 2021 2158 2055 habitum
2177 2022 2211 2056 in
2223 2023 2332 2058 animo
2347 2023 2409 2056 fin·
2439 2058 2443 2061 ,

1364 2077 1421 2118 git,
1441 2086 1545 2118 quum
1559 2078 1668 2110 tamen
1686 2076 1834 2110 nondum
1856 2077 1899 2110 sit
1918 2078 2049 2120 justus,
2078 2079 2137 2112 sed
2161 2079 2196 2113 in
2212 2089 2275 2113 usu
2299 2080 2410 2123 potius

1364 2134 1454 2166 illius
1467 2134 1616 2176 habitus,
1634 2144 1739 2177 quum
1749 2135 1819 2177 jam
1832 2136 1944 2178 justus
1957 2136 2080 2179 aliquis
2090 2135 2199 2170 factus
2213 2137 2285 2180 ipso
2296 2140 2418 2180 postea>

1362 2191 1500 2233 justitiae
1519 2191 1636 2224 habitu
1657 2192 1776 2225 utitur.
1809 2192 1974 2230 Quocirca
1998 2202 2060 2226 nee
2085 2194 2231 2226 omnium
2255 2194 2408 2237 volupta-

1364 2249 1437 2280 tum
1454 2250 1504 2281 est
1516 2247 1590 2281 finis
1602 2273 1610 2287 ,
1633 2248 1692 2281 sed
1706 2257 1820 2281 earum
1841 2249 2007 2281 nonnullas
2026 2249 2107 2291 ipsae
2123 2252 2201 2282 sunt
2223 2249 2309 2284 finis.
2329 2251 2411 2284 Ete-

1364 2304 1433 2337 nim
1450 2304 1500 2336 illi
1516 2306 1611 2337 actus
1633 2304 1694 2347 qui
1713 2305 1756 2338 ad
1783 2307 1911 2338 naturae
1940 2305 2174 2347 perfectionem
2200 2306 2423 2355 perducunt„

1363 2370 1427 2393 non
1441 2360 1504 2401 ipsi
1521 2363 1598 2393 sunt
1617 2360 1707 2400 finis,
1731 2361 1816 2394 sicut
1839 2363 1933 2394 actus
1947 2361 1990 2394 ad
2008 2361 2234 2395 medicinalem
2256 2362 2408 2396 habitum

1364 2417 1631 2449 accommodatus
1649 2417 1747 2450 finem
1770 2417 1871 2450 habet
1892 2417 2068 2450 sanitatem
2086 2429 2094 2449 ε
2118 2426 2175 2450 eos
2194 2427 2274 2451 vero
2289 2418 2349 2460 qui
2364 2415 2407 2451 ad

1363 2474 1548 2507 naturalem
1565 2473 1799 2517 perfectionem
1813 2483 1876 2507 non
1903 2474 2094 2513 adducunt,
2117 2474 2176 2508 sed
2194 2474 2259 2517 ipsi
2270 2476 2407 2508 natura-

1363 2530 1405 2563 lis
1427 2529 1586 2573 perfectio
1610 2533 1704 2568 sunt,
1722 2530 1933 2572 perspicuum
1961 2532 2012 2563 est
2028 2539 2093 2563 non
2111 2530 2212 2563 alium
2227 2530 2325 2564 finem
2344 2531 2407 2564 ha·-

1362 2589 1455 2629 bere‚
1480 2587 1539 2621 sed
1557 2589 1646 2630 ipsos
1664 2597 1736 2621 esse
1753 2588 1894 2620 aliorum
1914 2588 1994 2621 fines
2015 2600 2024 2620 ε
2042 2590 2081 2620 ut
2104 2589 2131 2621 si
2146 2589 2224 2631 quis
2241 2588 2284 2622 ad
2297 2588 2406 2632 perfe-

1361 2644 1453 2674 ctum
1470 2642 1606 2675 virtutis
1615 2641 1767 2674 habitum
1779 2641 2028 2675 accommodate
2042 2641 2168 2684 aliquid
2187 2641 2297 2675 efficit.
2318 2642 2407 2676 Talis

1360 2695 1482 2737 quippe
1498 2698 1593 2728 actus
1615 2695 1690 2727 finis
1711 2695 1851 2727 aliorum
1870 2697 1921 2728 est
1933 2721 1940 2734 ,
1959 2703 2024 2728 non
2039 2696 2152 2727 autem
2164 2693 2235 2736 ipse
2247 2694 2290 2727 ad
2302 2693 2405 2727 alium

1361 2749 1460 2781 finem
1480 2748 1622 2782 refertur
1652 2759 1660 2781 ε
1679 2757 1785 2791 ,quare
1809 2757 1869 2781 nec
1884 2748 1992 2780 omnis
2011 2747 2179 2790 voluptas,
2207 2747 2285 2780 licet
2311 2749 2406 2780 actus

1360 2802 1432 2836 sive
1444 2802 1592 2836 efficacia
1612 2803 1655 2836 sit
1670 2828 1678 2845 ‚
1697 2802 1795 2835 finem
1814 2802 1914 2834 habet
1934 2811 1943 2834 :
1965 2800 2128 2844 siquidem
2146 2799 2292 2834 efficacia
2307 2800 2406 2834 habi-

1360 2857 1416 2888 tus
1433 2855 1595 2888 naturalis
1613 2857 1674 2888 est.
1691 2856 1900 2897 Quapropter
1915 2863 1980 2886 non
1995 2855 2085 2887 recte
2099 2853 2232 2893 dicunt,
2247 2852 2404 2898 volupta-

1359 2910 1427 2942 tem
1449 2918 1520 2942 esse
1543 2909 1802 2951 generationem,
1824 2916 1900 2950 quae
1919 2917 2017 2940 sensu
2044 2907 2167 2950 percipi
2194 2906 2315 2949 possit,
2345 2906 2404 2940 sed

1359 2962 1470 3004 potius
1490 2963 1633 2995 efficacia
1653 2961 1787 2994 habitus
1808 2960 1970 2992 naturalis
1991 2960 2146 3002 voluptas
2172 2959 2311 2992 dicenda
2325 2962 2401 2993 est:

1359 3025 1419 3058 pro
1445 3015 1592 3048 sensibili
1609 3018 1720 3048 autem
1749 3014 1872 3047 rectius
1902 3022 1967 3045 non
1994 3013 2187 3055 impeditam
2211 3013 2398 3046 vocaveris:

1359 3072 1459 3112 atque
1488 3069 1536 3102 ita
1554 3069 1617 3102 erit
1636 3069 1790 3111 voluptas
1814 3076 1878 3100 non
1905 3066 2065 3108 impedita
2088 3066 2223 3099 habitus
2241 3066 2402 3099 naturalis

1359 3120 1514 3154 efficacia.
1553 3120 1766 3154 Ostendimus
1787 3121 1900 3151 autem
1927 3118 1961 3150 in
1982 3118 2090 3160 capite
2115 3117 2398 3157 duodevicesimo,

1358 3183 1422 3205 non
1440 3182 1571 3205 omnem
1587 3173 1791 3214 voluptatem
1807 3171 1849 3203 ad
1865 3173 2017 3202 naturam
2029 3171 2141 3202 ortum
2154 3178 2253 3202 esse:
2278 3179 2400 3212 quam-

1357 3227 1471 3259 obrem
1498 3225 1690 3268 imperfecta
1721 3223 1911 3266 hujusmodi
1935 3223 2082 3256 definitio
2107 3224 2159 3256 est
2190 3236 2199 3256 ς
2242 3225 2401 3266 praeterea

1358 3288 1418 3311 nec
1443 3278 1607 3311 sensibilis
1626 3280 1676 3310 est
1697 3277 1813 3310 omnis.
1841 3277 2003 3318 Voluptas
2021 3275 2175 3309 videlicet
2193 3285 2270 3318 quae
2292 3286 2311 3309 e
2326 3285 2401 3310 con-

1360 3331 1573 3373 templatione
1604 3330 1733 3372 capitur
1767 3338 1832 3362 non
1865 3331 1917 3361 est
1947 3329 2110 3361 sensibilis
2132 3340 2141 3362 :
2164 3331 2260 3361 actus
2287 3331 2399 3362 autem

254 3390 2396 3411 *mm

295 3435 310 3451 “
330 3433 405 3468 Ἔτι
422 3435 482 3468 οὐκ
499 3435 626 3479 ἀνάγκη
642 3437 755 3481 ἔτερόν
773 3448 804 3470 τι
821 3440 892 3473 κτλ.
