2528 3788
282 261 357 300 166

278 347 406 385 τούτων
437 346 454 382 ὁ
485 339 679 391 Νουμήνιος
710 338 769 376 καὶ
791 342 860 381 τοῖς
881 335 947 375 ὑπὸ
975 335 1133 381 Μωσέως
1157 337 1306 375 ἐπιτελέα

279 409 388 443 σθεῑσι
406 399 610 454 παραδόξοις
629 396 808 447 θαύμασι,
833 396 892 435 καὶ
918 397 1010 448 αὐτῷ
1037 394 1072 434 δὲ
1093 397 1139 440 ὡς
1163 397 1311 448 θεοφιλεῖ.

278 463 449 516 γενομένῳ
467 458 647 512 μαρτυρεῖ.

333 519 542 572 (Eusebius
573 519 779 567 Praeparat.
816 513 965 562 Evang.
1001 512 1069 551 lib.
1104 512 1156 552 IX
1176 526 1261 564 cap.
1288 513 1310 549 8

278 585 334 620 τοῦ
356 581 457 618 αὐτοῦ
485 575 563 628 περὶ
598 574 753 617 Μωσέως
781 574 867 622 ὁμοῦ
901 570 960 610 καὶ
987 570 1067 624 περὶ
1108 570 1311 613 Ἰουδαίων,

280 640 346 678 ἀπὸ
362 641 420 676 τοῦ
438 636 468 687 γ’
487 638 548 681 τῆς
568 635 672 680 αὐτῆς
691 631 897 674 ὑποθέσεως.
915 628 1059 681 Scripsi
1079 635 1095 652 ⁸
1114 629 1312 682 μαγευταὶ]

278 698 388 737 codd.
405 697 575 746 μαγεῖσαι
589 694 605 717 ‘¹
619 715 670 722 --
691 689 884 741 Μουσαίῳ]
898 689 958 727 bis
980 702 1065 726 cum
1087 688 1200 726 codd.
1218 687 1312 725 Nam

277 757 343 808 qui
367 755 414 793 ab
435 751 599 792 Eusebio
619 760 656 790 et
683 751 766 788 aliis
789 747 1049 799 scriptoribus
1072 747 1207 796 graecis
1231 748 1313 785 Μω-

279 814 355 858 σεύς
374 814 434 852 vel
457 814 587 858 Μωσῆς
608 811 691 848 sive
710 809 866 853 Μωϋσῆς
894 814 1071 852 vocatur,
1090 818 1178 843 eum
1196 818 1217 842 a
1237 803 1313 842 Nu-

279 873 404 911 menio
424 873 604 911 Μουσαῖον
637 866 828 920 appellari
853 873 1026 917 apparet.
1057 863 1191 915 Itaque
1220 864 1312 901 nihii

280 934 340 970 hic
359 930 585 969 mutandum
606 936 675 967 est..
693 929 703 976 )

330 1006 359 1030 o.
392 988 487 1040 Φέρε
497 981 552 1026 οἶν
571 986 633 1034 ὅση
654 984 809 1034 δύναμις,
827 981 999 1034 ἐγγύτατα
1012 981 1097 1042 προς
1113 980 1151 1019 τὸ
1170 980 1206 1020 ὂν
1224 982 1311 1019 ἀνα-

279 1050 418 1103 γώμεθα
431 1078 439 1094 ,
456 1046 516 1086 καὶ
534 1046 704 1096 λέγωμεν·
722 1042 813 1092 τὸηόν
839 1041 918 1080 οὔτε
938 1039 1022 1079 ποτὲ
1048 1043 1112 1090 ἠν,
1133 1038 1211 1078 οὔτε
1231 1039 1313 1078 ποτὲ

281 1109 328 1159 μὴ
353 1107 491 1159 γένηται
509 1111 539 1156 ²²,
557 1102 633 1143 ἀλλ’
656 1101 747 1140 ἔστιν
769 1101 821 1139 ἀεὶ
843 1103 875 1139 ἐν
896 1098 1011 1152 χρόνῳ
1035 1098 1218 1152 ὡρισμένῳ
1232 1128 1242 1146 ,
1265 1101 1313 1152 τῷ

280 1168 442 1206 ἐνεστῶτι
468 1164 575 1216 μόνῳ.
633 1163 762 1201 Τοῦτον
785 1159 845 1210 μὲν
873 1153 930 1197 οἶν
952 1158 1009 1196 τὸν
1030 1159 1202 1196 ἐνεστῶτα
1223 1157 1315 1201 εἴτις

281 1226 388 1266 ἐθέλει
409 1226 525 1263 καλεῖν
547 1223 668 1269 αἰῶνα,
689 1218 787 1271 κάγὼ
806 1216 1033 1269 συμίῗουλεύω
1054 1218 1082 1255 h.
1099 1216 1170 1255 Τὸν
1192 1216 1227 1255 δὲ
1246 1233 1313 1256 πα«

282 1285 444 1340 ρελθόντα
464 1282 587 1337 χρόνον
614 1279 742 1319 οἴεσθαι
755 1278 824 1331 χρὴ
844 1280 936 1328 ἡμᾶς
958 1276 1227 1337 διαπερευγότα,
1248 1277 1315 1325 ἤδη

282 1342 564 1397 διαπεφευγέναι,
589 1337 912 1390 ἀποδεδρακέναιτε
935 1336 981 1379 εἷς
1002 1334 1041 1372 τὸ
1058 1338 1145 1372 εἶναι
1177 1335 1315 1387 μηκέτι·

283 1405 303 1444 δ’
330 1421 367 1444 τε
401 1397 444 1442 αἶ’]
467 1401 601 1453 μέλλων
624 1398 696 1436 ἔστι
733 1396 793 1446 μὲν
820 1395 973 1445 οὐδέπω,
1005 1392 1257 1444 ἐπαγγέλλεται
1280 1393 1315 1432 δὲ

284 1459 351 1508 οἷός
373 1479 408 1501 τε
439 1461 576 1500 ἔσεσθαι
602 1457 693 1504 ἥξειν
724 1458 769 1498 εἷς
793 1453 832 1491 τὸ
855 1446 955 1492 εἶναι.
1015 1450 1151 1490 Οὔκουν
1182 1458 1195 1475 ⁰
1228 1452 1316 1497 εἰκός

283 1527 373 1564 ἐστιν
395 1519 443 1559 ἑνί
471 1535 509 1570 γε
539 1516 658 1569 τρόπῳ
683 1513 831 1565 νομίζειν
851 1512 889 1551 τὸ
922 1511 957 1550 ὂν
978 1511 1056 1559 ἤτοι
1077 1511 1124 1562 μὴ
1154 1507 1266 1561 εἶναι,
1293 1531 1314 1561 η

284 1583 426 1629 μηκέτι,
445 1576 466 1624 ἢ
489 1575 646 1626 μηδέπω.
704 1572 819 1611 ”Ωστε
841 1570 962 1609 τούτου
986 1585 1023 1622 γε
1037 1569 1144 1614 οὕτως
1164 1572 1313 1623 λεγομέ-

282 1622 339 1677 νου
366 1637 399 1676 ἓν
416 1634 545 1688 γίνεταί
559 1651 591 1672 τι
612 1634 645 1671 ἐν
667 1634 715 1682 τῶ
740 1630 831 1684 λόγῳ
854 1629 944 1681 μέγα
964 1629 1151 1678 ἀδύνατον,
1176 1623 1263 1668 εἶναί
1278 1647 1314 1669 τε

281 1700 365 1747 ὁμοῦ
385 1692 527 1741 ταύτόν,
546 1691 605 1734 καὶ
626 1690 673 1740 μὴ
690 1683 790 1729 εἶναι.
849 1691 893 1727 Εἰ
914 1687 949 1726 δὲ
963 1687 1072 1732 οὕτως
1093 1687 1164 1742 ἔχει
1179 1720 1187 1738 ‚
1205 1694 1314 1744 σχολῇ

283 1758 314 1807 γ,
333 1756 372 1794 ἂν
390 1755 474 1792 ἄλλο
491 1768 522 1791 τι
543 1744 629 1788 εἶναι
650 1749 798 1796 δύναιτο,
820 1752 878 1787 τοῦ
900 1746 994 1790 ὄντος
1015 1747 1121 1786 αὐτοῦ
1148 1748 1195 1798 μὴ
1218 1748 1315 1794 ὄντος

283 1814 372 1853 κατὰ
402 1811 484 1850 αὐτὸ
505 1811 542 1848 τὸ
561 1809 613 1848 ὅν.
672 1807 724 1847 Τὸ
746 1807 814 1860 γὰρ
850 1806 886 1846 ὂν
911 1802 1022 1844 ἀίδιόν
1050 1822 1087 1844 τε
1118 1806 1258 1860 βέῧαιόν
1278 1809 1316 1847 τέ

283 1875 387 1921 ἐστιν,
407 1871 458 1910 ἀεὶ
483 1868 572 1908 κατὰ
599 1867 724 1906 ταύτὸν
756 1865 815 1904 καὶ
843 1864 989 1912 ταύτόν,
1025 1864 1084 1903 καὶ
1104 1864 1180 1902 οὐδὲ
1200 1864 1316 1916 γέγονε

285 1932 367 1982 μέν,
405 1929 532 1982 ἐφθάρη
555 1926 612 1977 δέ,
633 1927 703 1964 οὐδ’
728 1923 958 1976 ἐμεγεθύνατο
979 1922 1066 1974 μέν,
1095 1923 1245 1972 ἐμειώθη
1268 1921 1315 1959 δέ·

282 1990 358 2027 οὐδὲ
381 1988 428 2039 μὴ
448 1985 579 2038 ἐγένετό
599 2000 653 2022 πω
667 1986 806 2031 πλεῖον,
827 1980 849 2029 ἢ
871 1981 1032 2022 ἔλασσον.
1094 1982 1163 2020 Καὶ
1186 1980 1246 2031 μὲν
1274 1979 1315 2027 δὴ

282 2047 325 2086 τά
345 2063 381 2085 τε
398 2047 486 2084 ἄλλα
506 2043 564 2084 καὶ
585 2042 659 2082 οὐδὲ
677 2044 827 2086 τοπικῶς
842 2040 1078 2089 κινηθήσεται.
1138 2039 1229 2079 Οὐδὲ
1248 2039 1314 2092 γὰρ

283 2105 377 2155 θέμις
396 2105 489 2156 αὐτῷ
510 2105 712 2150 κινηθῆναι,
741 2100 817 2139 οὐδὲ
841 2098 902 2151 μὲν
922 2099 1055 2148 ὀπίσω,
1074 2098 1152 2138 οὐδὲ
1181 2098 1312 2150 πρόσω·

283 2164 358 2202 οὔτε
395 2163 469 2201 ἄνω
485 2162 593 2209 ποτέ,
614 2161 689 2199 οὔτε
715 2161 823 2199 κάτω·
857 2160 927 2197 οὐδ’
956 2162 1003 2203 εἷς
1029 2158 1143 2206 δεξιά,
1165 2159 1234 2196 οὐδ’
1268 2160 1314 2200 εἷς

1295 1514 1312 1531 ,λ
1319 1518 1321 1520 .

322 2315 351 2343 9.
385 2312 450 2351 Age
467 2318 554 2348 vero,
577 2308 617 2340 ad
636 2308 714 2340 illud
731 2307 818 2349 quod
838 2309 899 2344 est,
920 2308 1078 2348 quantum
1098 2306 1175 2338 licet
1193 2306 1315 2348 aspire-

282 2380 354 2402 mus
374 2382 383 2402 ι
403 2369 595 2409 omninoque
619 2367 831 2406 affirmemus,
854 2365 941 2407 quod
958 2368 1019 2404 est,
1043 2365 1077 2397 id
1096 2374 1201 2407 neque
1216 2365 1311 2397 Γιιὶεεε

283 2437 442 2470 unquam3
466 2436 573 2468 neque
595 2435 734 2468 unquam
765 2426 912 2457 futurum
932 2434 1003 2457 esse
1016 2449 1024 2465 ,
1041 2426 1076 2457 at
1091 2426 1177 2457 stato
1195 2425 1318 2458 dunta-

284 2489 339 2520 xat
355 2485 570 2528 praesentique
589 2487 735 2526 tempore
756 2493 884 2526 semper
899 2493 982 2516 esse.
1031 2483 1124 2521 Quod
1142 2492 1218 2516 sane
1236 2485 1318 2516 tem-

284 2555 343 2588 pus
360 2546 422 2577 hoc
443 2545 538 2576 mollo
552 2553 694 2586 prsesens
715 2545 742 2576 sl
764 2543 839 2584 quis
857 2544 1077 2576 aeternitatem
1098 2543 1208 2575 dicere
1224 2543 1317 2582 velit,

283 2613 334 2635 me
357 2603 487 2643 quidem
505 2603 634 2634 auctore
647 2602 678 2633 id
697 2601 805 2634 faeiat.
851 2603 892 2633 At
911 2610 989 2633 vero
1017 2603 1146 2643 tempus
1175 2601 1321 2643 praeteri-

283 2665 353 2694 tum
369 2661 529 2701 ejusmodi
546 2669 605 2692 nos
628 2660 816 2692 existimare
845 2660 1007 2700 convenit,
1026 2661 1192 2709 quodjam
1210 2663 1319 2694 trans·

285 2722 415 2754 vectum
435 2720 476 2751 sit
495 2721 594 2760 atque
621 2719 665 2750 ila
694 2718 830 2756 abierit,
855 2722 889 2750 ut
908 2719 1038 2760 penitus
1059 2729 1131 2752 esse
1154 2719 1286 2752 desierit
1310 2733 1317 2751 z

286 2781 431 2812 futurum
449 2781 567 2816 autem,
592 2777 678 2819 quod
698 2777 839 2808 nondum
861 2778 914 2817 sit,
929 2778 1061 2811 tametsi
1076 2779 1160 2812 hanc
1179 2779 1320 2821 speciem

284 2841 316 2872 et
341 2838 407 2870 vim
425 2837 543 2872 habeat
556 2862 563 2876 ,
581 2838 617 2868 ut
635 2835 808 2876 aliquando
830 2837 897 2868 tore
924 2837 1084 2871 videatur.
1131 2841 1215 2880 Ergo
1233 2839 1321 2879 quod

285 2888 346 2938 est,
369 2899 402 2930 id
422 2907 485 2930 uno
511 2897 691 2937 eodemque
708 2895 804 2927 modo
821 2896 873 2928 vel
892 2906 955 2929 non
978 2907 1061 2938 esse,
1089 2899 1141 2932 vel
1162 2909 1224 2932 non
1245 2910 1317 2933 am-

284 2958 380 2999 pliuS,
403 2957 453 2988 vel
490 2956 633 2988 nondum
667 2963 763 2995 esse,
784 2954 1036 2996 haudquaquam
1067 2958 1155 2991 credi
1178 2968 1235 3000 par
1258 2963 1319 2992 est.

285 3017 524 3057 Quamobrem,
546 3016 572 3047 si
594 3015 667 3056 quis
687 3015 750 3047 hoc
768 3014 875 3053 dicat,
898 3015 926 3047 is
946 3025 1012 3048 rem
1029 3043 1036 3056 ,
1060 3027 1135 3058 quae
1154 3029 1319 3061 nunquam

287 3077 355 3110 lieri
388 3076 509 3118 possit,
529 3068 722 3114 contendet,
756 3073 841 3105 idem
871 3083 942 3107 esse
975 3075 1071 3108 simul
1096 3081 1128 3110 et
1148 3088 1211 3111 non
1233 3088 1316 3112 esse.

286 3119 412 3176 Quippe
431 3133 492 3166 hoc
511 3132 616 3174 posito
640 3133 739 3173 atque
761 3139 936 3171 concesso,
962 3133 1014 3164 vix
1035 3133 1120 3166 aliud
1141 3135 1220 3176 quid
1251 3145 1322 3169 0550

286 3193 404 3236 poterit
418 3218 424 3232 ‚
441 3192 469 3224 si
480 3191 513 3223 id
526 3191 631 3232 ipsum
642 3190 729 3235 quod
744 3192 803 3229 est,
821 3190 918 3223 etiam
932 3200 995 3231 qua
1010 3192 1070 3224 tale
1085 3195 1152 3234 est,
1169 3203 1232 3226 non
1246 3197 1318 3228 erit,

287 3255 436 3292 Namque
462 3259 520 3282 ens
552 3249 783 3291 sempiternum
803 3259 840 3281 ae
863 3249 978 3281 stabile
1011 3253 1075 3288 est,
1092 3261 1192 3293 quum
1207 3254 1320 3286 eodem

286 3319 413 3352 semper
432 3310 503 3342 loeo
525 3308 676 3349 idemque
693 3308 736 3340 sit
751 3332 758 3347 ‚
774 3317 880 3349 neque
904 3310 962 3341 aut
978 3309 1022 3340 ita
1045 3309 1106 3341 fuit
1120 3335 1127 3349 ‚
1150 3312 1186 3343 ut
1203 3312 1321 3345 deinde

286 3367 455 3407 interierit,
476 3368 531 3399 aut
554 3365 650 3398 modo
669 3366 788 3405 erevit,
808 3365 906 3398 modo
923 3365 1081 3404 decrevit,
1104 3369 1158 3399 aut
1174 3369 1318 3401 nondum

286 3427 389 3466 majus
405 3425 457 3457 vel
474 3424 581 3456 minus
603 3423 717 3456 evasit..
764 3422 937 3456 Enimvero
953 3432 1058 3464 neque
1083 3424 1147 3457 alia
1172 3426 1239 3458 ulla
1264 3436 1318 3459 ra-

286 3485 371 3518 tione
386 3493 444 3517 nec
462 3484 532 3517 loeo
552 3492 693 3524 unquam
716 3483 910 3515 movebitur.
956 3483 1066 3525 Neque
1091 3485 1178 3517 enim
1197 3485 1245 3517 sas
1266 3490 1315 3519 est

1238 249 1416 290 NUMEN
1421 249 1449 289 [1

1373 334 1536 389 ἀριστερὰ
1570 332 1843 386 μετατεθήσεταί
1873 348 1955 373 ποτε
1983 333 2023 373 τὸ
2041 333 2092 374 ὄν·
2124 334 2234 375 οὐδὲ(ι
2261 333 2344 389 περὶ
2366 333 2408 376 τὸ

1373 394 1476 444 μέσον
1505 391 1587 433 ποτὲ
1623 395 1749 432 ἑαυτοῦ
1780 391 2021 444 κινηθήσεται·
2056 393 2147 432 ἀλλὰ
2181 395 2314 445 μᾶλλον
2348 391 2410 435 καὶ

1373 452 1566 503 ἑστήξεται,
1582 452 1642 491 καὶ
1661 450 1788 504 ἀραρός
1801 466 1838 490 τε
1851 450 1911 490 καὶ
1926 451 2069 499 ἑστηκὸς
2083 451 2180 492 ἔσται
2194 451 2286 497 κατὰ
2296 453 2408 506 ταύτὰ

1372 513 1452 565 ἔχον
1474 511 1528 551 ἀεὶ
1556 510 1616 550 καὶ
1636 509 1816 553 ὡσαύτως.
1878 508 1951 548 Καὶ
1975 508 2050 556 ἑξῆς
2071 511 2146 559 μεθ’
2172 509 2275 564 ἕτερα
2295 510 2410 552 ἐπιλί-

1373 584 1438 621 γει·
1461 572 1612 608 τοσαῦτα
1635 567 1697 620 μὲν
1722 560 1779 606 οἶν
1809 582 1867 618 μοι
1891 567 1958 620 πρὸ
1987 569 2079 606 ὁδοῦ.
2138 568 2249 614 Αὐτὸς
2273 569 2302 608 δ’
2328 569 2412 611 οὒκ-

1375 628 1425 667 έτι
1460 627 1796 681 σχηματισθήσομαι
1813 655 1824 675 ,
1856 627 1925 667 οὔδ’
1958 627 2092 678 ἀγνοεῖν
2112 626 2212 681 φήσω
2238 626 2278 667 τὸ
2301 626 2413 680 ὄνομα

1374 691 1434 726 τοῦ
1467 687 1670 738 ἀσωμάτου.
1731 685 1804 726 Καὶ
1829 685 1895 739 γὰρ
1924 686 2112 726 κινδυνεύει
2142 689 2201 726 νῦν
2226 685 2295 735 ἤδη
2315 684 2412 735 ἥδιον

1376 740 1463 784 εἶναι
1480 747 1586 784 εἰπεῖν
1616 747 1770 797 μᾶλλον,
1799 742 1822 792 ἢ
1851 745 1899 796 μὴ
1922 747 2043 785 εἰπεῖν.
2116 746 2189 786 Καὶ
2208 747 2297 794 δῆτα
2320 745 2415 798 λέγω

1375 806 1412 844 τὸ
1449 805 1558 853 ὄνομα
1591 807 1685 858 αὐτῷ
1715 797 1802 843 εἶναι
1839 808 1939 844 τοῦτο
1964 805 2003 844 τὸ
2046 805 2159 844 πάλαι
2191 805 2414 858 ζητούμενον.

1375 863 1479 903 Ἀλλὰ
1501 863 1550 915 μὴ
1570 862 1754 914 γελασάτω
1772 879 1824 908 τις
1839 894 1848 912 ,
1866 863 1924 902 ἐὰν
1943 866 2014 918 φῶ,
2034 867 2093 902 τοῦ
2110 865 2300 915 ἀσωμάτου
2322 858 2414 905 εἶναι

1376 921 1507 973 ὄνομα,
1531 921 1650 961 οὐσίαν
1668 920 1727 960 καὶ
1745 919 1797 962 ὅν.
1853 921 1898 962 Ἥ
1921 922 1956 960 δὲ
1976 922 2070 961 αἷτία
2090 925 2148 961 τοῦ
2165 921 2321 977 [ὄντοςΡ
2338 922 2416 963 ὀνό·

1377 980 1486 1031 ματός
1505 983 1578 1020 ἐστι
1591 1010 1601 1029 ,
1622 980 1660 1019 τὸ
1681 979 1730 1031 μὴ
1745 980 1936 1034 γεγονέναι,
1958 980 2045 1033 μηδὲ
2057 981 2310 1034 φθαρήσεσθαι,
2331 981 2414 1031 μηδ’

1377 1039 1486 1087 ἄλλην
1502 1039 1591 1091 μήτε
1612 1039 1750 1088 κίνησιν
1774 1039 1948 1091 μηδεμίαν
1969 1038 2191 1092 ἐνδέχεσθαι,
2213 1039 2303 1092 μήτε
2317 1039 2331 1064 ¹
2350 1055 2416 1092 με·

1376 1098 1528 1147 ταὸολὴν
1541 1098 1688 1152 κρείττω
1706 1098 1728 1146 ἢ
1745 1099 1894 1153 φαύλην·
1918 1093 2005 1137 εἶναι
2021 1098 2057 1137 δὲ
2073 1099 2203 1137 ἁπλοῦν
2227 1098 2287 1139 καὶ
2307 1100 2411 1138 ἀναλ-

1376 1157 1542 1206 λοίωτον,
1575 1158 1637 1196 καὶ
1657 1160 1692 1197 ἐν
1711 1158 1787 1210 ἰδέᾳ
1813 1161 1856 1210 τῇ
1883 1159 1990 1209 αὐτῇ,
2023 1157 2083 1196 καὶ
2106 1156 2195 1208 μήτε
2222 1154 2416 1199 ἐθελούσιον

1378 1217 1576 1262 ἐξίστασθαι
1605 1220 1665 1264 τῆς
1696 1216 1925 1266 ταύτότητος,
1955 1216 2036 1268 μήθ’
2057 1215 2115 1269 ὑφ’
2142 1214 2261 1269 ἑτέρου
2279 1230 2418 1268 προσα-

1377 1277 1623 1328 ναγκάζεσθαι.
1688 1275 1786 1329 Ἔφη
1807 1274 1917 1314 δὲκαὶ
1937 1278 1954 1314 ὁ
1983 1273 2134 1314 Πλάτων
2152 1277 2186 1314 ἐν
2213 1275 2388 1330 Κρατύλῳ
2405 1305 2416 1327 ‚

1378 1334 1422 1373 τὰ
1454 1334 1608 1386 ὀνόματα
1641 1334 1805 1386 ὁμοιώσει
1848 1337 1917 1373 τῶν
1955 1333 2173 1387 πραγμάτων
2208 1326 2296 1374 εἶναι
2330 1334 2417 1377 αὐτὰ

1377 1393 1528 1434 ἐπίθετα.
1557 1394 1680 1433 Ἔστω
1701 1386 1758 1432 οῧν
1779 1393 1839 1433 καὶ
1868 1393 2018 1432 δεδόσθω
2037 1386 2126 1433 εἶναι
2145 1393 2185 1432 τὸ
2211 1391 2248 1433 ὂν
2268 1392 2309 1435 τὸ
2332 1393 2422 1436 ἀσώ-

1379 1470 1502 1504 ματον.
1562 1448 1637 1493 Εἶθ’
1658 1452 1886 1497 ὑποκαταὸὰς
1904 1453 2068 1504 ἐπιλέγει·
2088 1452 2128 1492 τὸ
2143 1451 2179 1492 ὃν
2203 1446 2302 1493 εἷπον
2315 1452 2417 1500 ,ἀσώ-

1381 1528 1513 1564 ματον,
1531 1515 1631 1550 τοῦτο
1658 1510 1693 1549 δὲ
1728 1504 1816 1549 εἶναι
1849 1511 1888 1550 τὸ
1905 1511 2043 1558 νοητόν.
2102 1510 2160 1551 Τὰ
2189 1510 2252 1563 μὲν
2275 1506 2333 1551 οὗν
2358 1513 2421 1552 λε·-

1378 1571 1527 1624 χθέντα,
1554 1570 1619 1609 ὅσα
1640 1570 1869 1621 μνημονεύειν
1894 1569 1968 1608 ἔστι
1989 1586 2070 1621 μοι,
2091 1573 2236 1610 τοιαῦτα
2256 1573 2338 1623 γοῦν
2359 1564 2416 1620 ἦν.

1379 1629 1449 1669 Τὸν
1470 1629 1500 1667 δ’
1527 1629 1755 1676 ἐπιζητοῦντα
1778 1628 1834 1667 τὸν
1857 1628 1958 1680 λόγον
1986 1634 2004 1657 ⁸
2033 1628 2139 1669 ἐθέλω
2158 1627 2421 1683 παραμυθήσα-

1379 1692 1482 1737 σθαι,
1527 1687 1666 1727 τοσόνδε
1714 1687 1872 1726 ὑπειπών
1886 1717 1895 1735 ,
1928 1686 1980 1726 ὅτι
2013 1692 2122 1727 ταῦτα
2165 1694 2234 1733 τοῖς
2272 1687 2421 1742 δόγμασι

1379 1751 1437 1787 τοῦ
1481 1746 1692 1794 Πλάτωνος,
1734 1748 1763 1786 εἰ
1803 1748 1850 1798 μὴ
1887 1746 2094 1797 συμὸαίνει,
2130 1747 2207 1785 ἀλλ’
2239 1745 2358 1801 ἑτέρου
2388 1748 2421 1800 γ’

1377 1809 1482 1860 ἐχρῆν
1519 1805 1650 1845 οἴεσθαί
1678 1821 1768 1851 τινος
1792 1804 1912 1858 ἀνδρὸς
1942 1805 2094 1858 μεγάλου
2113 1836 2122 1854 ,
2148 1804 2240 1857 μέγα
2264 1806 2420 1859 δυναμέ-
2449 1840 2452 1843 .

1377 1873 1436 1904 νοὺ
1456 1894 1466 1913 ,
1506 1863 1578 1904 οἵου
1609 1864 1828 1917 Πυθαγόρου.
1887 1863 1991 1915 Λέγει
2028 1867 2110 1915 γοῦν
2140 1865 2315 1921 Πλάτων·
2346 1864 2422 1921 φέρ’

1379 1924 1592 1974 ἀναμνησθῶ
1621 1924 1694 1966 πῶς
1713 1921 1816 1973 λέγει·
1840 1923 1872 1961 Τ
1877 1921 1887 1960 ί
1914 1922 1953 1961 τὸ
1981 1922 2018 1960 ὂν
2039 1921 2112 1971 ἀεί,
2135 1923 2268 1975 γένεσιν
2305 1923 2341 1963 δὲ
2359 1926 2421 1976 οὔκ

1378 1982 1480 2035 ἔχον;
1501 1983 1560 2021 καὶ
1579 1982 1613 2020 τί
1643 1981 1682 2020 τὸ
1709 1983 1888 2033 γινόμενον
1911 1981 1974 2033 μέν
1989 2012 1999 2030 ,
2031 1980 2070 2021 ὂν
2101 1983 2136 2021 δὲ
2165 1981 2359 2035 οὐδέποτε,
2380 1983 2420 2023 τὸ

1379 2041 1440 2093 μὲν
1474 2041 1515 2090 δὴ
1537 2040 1654 2088 νοήσει
1676 2040 1764 2091 μετὰ
1790 2040 1893 2091 λόγου
1914 2041 2145 2094 περιληπτόν,
2164 2041 2204 2080 τὸ
2224 2041 2252 2081 δ’
2277 2035 2323 2081 αῧ
2339 2041 2420 2095 δόξῃ

1379 2099 1467 2151 μετὰ
1484 2100 1676 2147 αἰσθήσεως
1690 2100 1815 2152 ἀλόγου
1833 2099 1996 2145 δοξαστόν
2011 2129 2021 2148 ,
2042 2098 2218 2151 γινόμενον
2234 2098 2295 2139 καὶ
2310 2101 2420 2140 ἀπολ-

1376 2158 1538 2209 λύμενον,
1558 2159 1661 2203 ὄντως
1685 2158 1720 2198 δὲ
1741 2159 1902 2197 οὐδέποτε
1921 2158 1970 2198 ὄν.
2029 2158 2161 2211 Ἠρετο
2180 2158 2247 2213 γάρ
2261 2188 2272 2206 ,
2289 2159 2324 2198 τί
2341 2160 2418 2199 ἔστι

1381 2307 1460 2339 illud
1492 2316 1549 2340 ens
1570 2309 1749 2339 retrorsum
1772 2308 1830 2339 aut
1853 2315 1970 2349 porro,
1996 2316 2128 2340 sursum
2160 2307 2218 2340 aut
2241 2307 2417 2346 deorsum,

1379 2366 1587 2399 dextrorsum
1614 2368 1671 2399 aut
1690 2366 1916 2399 sinistrorsum
1935 2367 2059 2403 moveri
2078 2375 2223 2408 unquam
2245 2366 2298 2401 vel
2315 2367 2420 2402 trans-

1380 2425 1456 2457 ferri
1474 2420 1487 2456 >:
1507 2434 1545 2458 ae
1563 2434 1603 2458 ne
1621 2425 1707 2458 cirea
1733 2425 1876 2458 mediam
1897 2425 2032 2466 quidem
2051 2425 2103 2458 sui
2122 2426 2250 2467 partem
2271 2434 2420 2468 unquam

1379 2484 1566 2517 movebitur
1585 2495 1592 2514 :
1613 2484 1672 2517 sed
1693 2484 1830 2517 haerebit
1858 2484 1967 2526 potius
1985 2486 2017 2516 et
2043 2483 2216 2517 immotum
2242 2485 2342 2526 atque
2365 2484 2419 2520 in-

1380 2553 1575 2577 concussum
1600 2553 1657 2586 per
1677 2553 1712 2576 se
1739 2552 1866 2586 semper
1885 2543 2065 2584 eademque
2093 2543 2219 2577 ratione
2242 2543 2416 2579 constabit.

1379 2604 1469 2637 Idem
1479 2604 1589 2637 autem
1598 2603 1749 2644 deinceps
1761 2603 1939 2644 interjectis
1947 2602 2111 2635 nonnullis
2122 2602 2167 2636 ita
2174 2602 2291 2639 scribit
2301 2615 2310 2636 ι
2322 2602 2421 2644 atque

1380 2664 1450 2696 haec
1467 2662 1643 2704 legentium
1661 2662 1693 2694 in
1715 2671 1812 2694 usum
1836 2663 1914 2695 mihi
1929 2662 2068 2695 dicenda
2085 2662 2209 2704 putavi.
2252 2663 2326 2695 Jam
2343 2669 2421 2694 vero

1380 2722 1528 2764 deposita
1558 2722 1649 2754 omni
1661 2721 1887 2762 simulatione,
1914 2730 2009 2754 nosse
2027 2730 2079 2754 me
2105 2721 2286 2764 incorporei
2301 2728 2420 2754 nomen

1380 2783 1517 2822 ingenue
1538 2782 1735 2822 confitebor·‚
1758 2791 1862 2823 quum
1886 2782 1920 2814 id
1942 2791 2029 2814 nunc
2049 2781 2181 2823 quidem
2205 2782 2416 2824 pronuntiare

1380 2841 1514 2874 suavius
1533 2841 1680 2873 futurum
1698 2841 1864 2882 videatur,
1886 2850 1986 2883 quam
2013 2841 2119 2875 silere.
2163 2841 2206 2876 Ει
2229 2848 2307 2874 sane
2334 2840 2422 2883 illust

1379 2900 1502 2943 ipsum,
1518 2899 1559 2932 de
1574 2909 1640 2941 quo
1650 2900 1716 2940 jam
1733 2900 1859 2932 (ludum
1879 2899 2050 2941 quaeritur‚
2076 2900 2107 2933 ei
2122 2908 2241 2935 nomen
2252 2908 2324 2933 esse
2339 2908 2419 2933 oon·

1380 2958 1488 2991 tendo.
1534 2958 1597 2990 Sed
1624 2967 1665 2991 ne
1694 2958 1798 2992 rideat
1817 2960 2007 3000 quisquam,
2035 2959 2063 2991 si
2088 2959 2270 3001 incorporei
2301 2967 2420 2993 nomen

1380 3018 1553 3051 essentiam
1572 3020 1604 3051 et
1629 3027 1686 3051 ens
1704 3027 1775 3051 esse
1793 3018 1917 3051 dixero.
1961 3020 2085 3060 Nempe
2110 3017 2248 3061 nominis
2264 3017 2363 3060 huJus
2380 3027 2419 3052 ea

1380 3078 1431 3110 est
1453 3086 1567 3117 eausa,
1586 3077 1672 3118 quod
1691 3086 1748 3109 ens
1766 3085 1873 3117 neque
1897 3076 2154 3116 ortum-habuit,
2176 3085 2282 3118 neque
2303 3075 2417 3110 interi-

1380 3136 1438 3176 bit,
1470 3145 1576 3177 neque
1603 3136 1689 3168 aliud
1720 3144 1854 3177 prorsus
1881 3134 1983 3167 ullum
2009 3137 2118 3168 motus
2148 3137 2207 3167 aut
2230 3134 2420 3168 mutationis

1381 3195 1450 3227 sive
1468 3195 1609 3228 melioris
1632 3195 1700 3227 sive
1721 3194 1892 3227 deterioris
1909 3203 2012 3235 genus
2025 3193 2186 3235 admittit,
2209 3192 2267 3227 sed
2283 3193 2419 3236 simplex

1380 3255 1413 3285 et
1428 3253 1630 3287 immutabile
1644 3255 1705 3293 est,
1722 3254 1755 3286 et
1769 3253 1929 3286 uniforme
1941 3278 1949 3292 ,
1967 3261 2070 3295 quum
2088 3262 2108 3285 a
2125 3253 2239 3285 formae
2257 3261 2326 3285 suae
2342 3253 2415 3286 uni-

1381 3312 1448 3344 tate
1468 3320 1572 3354 neque
1589 3322 1649 3345 sua
1668 3313 1792 3354 sponte,
1819 3320 1879 3344 nec
1900 3311 2003 3343 aliena
2026 3310 2060 3343 vi
2085 3319 2123 3343 ac
2141 3310 2334 3344 necessitate
2349 3310 2414 3344 dis·

1380 3371 1484 3404 cedat.
1530 3372 1615 3410 Quin
1630 3371 1728 3404 etiam
1747 3371 1839 3403 Plato
1857 3370 1890 3402 in
1909 3370 2038 3411 Cratylo
2053 3371 2182 3403 nomina
2195 3371 2294 3404 rebus
2306 3379 2325 3404 a
2337 3380 2419 3413 qua-

1380 3429 1456 3462 dam
1479 3439 1592 3464 earum
1623 3430 1834 3463 similitudine
1863 3429 2013 3470 imposita
2041 3438 2113 3462 esse
2134 3430 2262 3463 docuit„
2318 3430 2415 3471 Esto,

1380 3489 1575 3522 concedatur
1598 3489 1823 3532 incorporeum
1843 3498 1913 3522 esse
1933 3488 1968 3522 id
1980 3489 2068 3531 quod
2089 3491 2150 3523 est.
2194 3489 2321 3529 Quibus
2341 3497 2417 3523 ver-

2516 1482 2526 1535 i
