2528 3788
264 243 343 283 272

263 328 427 383 ρουμένου
455 327 489 367 δὲ
518 326 644 372 παντὸς
665 328 712 372 εἷς
738 326 927 378 μηνίσκους
941 328 1052 368 ’πάλιν
1079 345 1295 384 τετραγωνι-

262 389 438 435 σθήσεται,
462 387 503 425 ἂν
518 389 792 440 συγχωρηθῶσιν
817 389 849 427 οἳ
866 388 946 439 περὶ
965 387 1027 433 τὰς
1042 393 1102 428 τοῦ
1125 389 1299 443 ἑξαγώνου

262 450 322 485 τοῦ
342 448 388 489 εἷς
404 446 461 484 τὸν
482 445 608 484 κύκλον
631 447 892 500 ἐγγραφομένου
911 447 1064 502 πλευρὰς
1084 451 1302 503 περιγραφό-

261 520 356 555 μενοι
378 504 542 555 μηνίσκοι
562 506 894 558 τετραγωνίζεσθαι,
916 507 975 546 καὶ
990 507 1038 558 μὴ
1054 507 1155 562 μόνοι
1176 507 1301 560 οἱπερὶ

259 563 320 606 τὰς
339 566 398 601 τοῦ
426 562 658 615 τετραγώνου.
717 565 908 604 Κάνταῦθα
939 558 997 603 οὐν
1022 567 1084 604 τοῦ
1107 567 1300 619 ψευδογρα-

262 620 421 675 φήματος
451 621 560 660 αἴτιον
590 622 630 662 τὸ
658 622 760 674 μόνον
786 624 1108 677 τετραγωνίσαντας
1133 626 1301 677 μηνίσκον

260 678 318 718 τὸν
338 679 418 732 περὶ
445 680 508 727 τὴν
542 684 603 719 τοῦ
633 682 851 735 τετραγώνου
883 683 1058 736 πλευράν,
1088 686 1133 727 ὡς
1164 683 1303 728 πάντως

259 739 605 791 τετραγωνιζομένων
633 741 812 791 μηνίσκων
836 741 950 781 ὁποῖοί
966 744 1045 781 ποτ’
1063 741 1104 781 ἂν
1125 736 1227 791 ῶσιν,
1250 745 1298 788 εἷς

262 796 358 841 οὒςὸ
387 797 509 841 κύκλος
539 800 738 852 διαιρεῖται,
770 800 860 840 οὕτω
887 804 1062 840 ποιεῖσθαι
1093 801 1155 850 τὴν
1184 800 1300 847 δεῖξιν.

263 856 365 900 Τινὲς
386 856 437 905 δέ,
470 858 574 911 φησὶν
607 858 844 912 Ἀλέξανδρος,
870 863 1061 912 ἡγοῦνται,
1096 863 1126 900 εἷ
1158 860 1302 906 δείξαιεν

261 916 476 968 τετράγωνον
511 917 658 969 ἀριθμὸν
688 918 852 957 κυκλικὸν
884 920 945 958 καὶ
976 922 1010 958 ἐν
1040 925 1111 964 τοῖς
1142 920 1303 971 μεγέθεσι

261 974 390 1012 κύκλου
414 975 696 1028 τετραγωνισμὸν
722 977 918 1030 εὑρηκέναι.
975 976 1085 1019 Ἔστι
1108 979 1165 1027 δέ,
1199 978 1303 1031 φησί,

262 1033 477 1087 τετράγωνος
505 1035 567 1085 μὲν
594 1037 736 1088 ἀριθμὸς
765 1039 782 1075 6
810 1037 925 1082 ἰσάκις
947 1037 1032 1087 ἴσος,
1052 1037 1236 1082 κυκλικοὺς
1267 1038 1302 1076 δὲ

262 1090 378 1143 ἔλεγον
411 1092 578 1155 ἀριθμοὺς
600 1094 679 1139 τοὺς
708 1095 972 1146 συντιθεμένους
1000 1099 1038 1136 ἐκ
1066 1100 1135 1136 τῶν
1162 1096 1305 1143 καθεξῆς

262 1154 450 1203 περιττῶν,
474 1155 554 1191 οῖον
577 1153 663 1205 ἑνὸς,
687 1156 805 1206 τριῶν,
830 1155 943 1204 πέντε,
971 1154 1082 1206 ἑπτά,
1104 1155 1216 1203 ἕννέα,
1247 1157 1303 1193 εὖ·

265 1209 377 1262 ρόντες
398 1211 441 1270 δι’
460 1214 615 1263 ἀριθμῶν
629 1212 845 1266 τετράγωνόν
867 1230 944 1253 τινα
965 1214 1042 1264 ἅμα
1063 1213 1124 1253 καὶ
1138 1213 1304 1253 κυκλικὸν

265 1267 364 1314 ὄντα,
399 1270 470 1307 οἱον
492 1269 549 1307 τὸν
573 1271 655 1318 λστ,
679 1270 894 1322 τετράγωνον
922 1271 983 1322 μὲν
1011 1273 1095 1310 ὄντα
1126 1272 1212 1310 διότι
1237 1271 1306 1310 ἀπὸ

264 1330 325 1364 τοῦ
348 1342 391 1364 στ
418 1326 470 1379 ἐφ’
502 1329 624 1367 ἑαυτὸν
654 1329 834 1380 γινομένου
867 1338 1043 1382 γεννᾶται,
1075 1330 1239 1369 κυκλικὸν
1270 1329 1306 1367 δὲ

265 1386 352 1423 διότι
373 1385 444 1423 ἀπὸ
462 1389 523 1433 τῆς
542 1389 610 1424 τῶν
635 1390 807 1440 περιττῶν
832 1390 974 1439 αγεζθια
1003 1388 1192 1433 συνθέσεως
1218 1391 1306 1427 ἀπο-

263 1445 429 1491 τελεῖται,
451 1443 559 1496 ᾤοντο
578 1444 638 1483 καὶ
658 1445 788 1484 κύκλου
802 1448 1085 1499 τετραγωνισμὸν
1108 1445 1307 1499 εὑρηκέναι.

263 1501 358 1541 Ἀλλ’
375 1505 396 1549 ἡ
414 1502 528 1551 δεῖξις,
548 1503 668 1555 φησίν,
685 1506 747 1542 οὐκ
763 1506 801 1543 ἐκ
823 1508 890 1544 τῶν
906 1508 1152 1558 γεωμετρικῶν
1169 1508 1328 1559 ἀρχῶν,’

265 1561 341 1622 ἀλλ’
360 1562 398 1598 ἐκ
418 1564 487 1599 τῶν
509 1564 766 1614 ἀριθμητικῶν·
789 1565 1017 1617 ἀριθμητικαὶ
1039 1563 1108 1617 γὰρ
1137 1565 1245 1618 ἀρχαὶ
1268 1564 1308 1604 τὸ

264 1623 352 1657 εἰναι
372 1619 430 1656 τὸν
459 1619 591 1658 τοιόνδε
619 1622 762 1673 ἀριθμὸν
788 1624 953 1662 κυκλικὸν
982 1623 1041 1662 καὶ
1074 1623 1130 1662 τὸν
1167 1623 1302 1662 τοπ·’νδε

264 1671 494 1724 τετράγωνον.
556 1675 682 1713 Ταῦτα
711 1678 772 1713 τοῦ
795 1674 1017 1729 Ἀλεξάνδρου
1036 1676 1192 1728 λέγοντος
1228 1675 1308 1728 ἐφι-

265 1732 401 1770 στάνειν
425 1731 534 1780 ἄξιον,
557 1733 610 1772 ὅτι
636 1737 772 1785 πρῶτον
801 1735 863 1785 μὲν
890 1736 949 1775 τὸν
976 1735 1139 1775 κυκλικὸν
1161 1735 1307 1788 ἀριθμὸν

265 1792 303 1829 οὗ
325 1791 418 1829 κατὰ
438 1790 593 1831 σύνθεσιν
616 1796 685 1831 τῶν
703 1793 822 1846 ἐφεξῆς
839 1798 1009 1849 περιττῶν
1032 1797 1062 1834 οἳ
1085 1794 1309 1848 ἀριθμητικοὶ

265 1850 432 1898 τίθενται,
456 1851 547 1890 ἀλλὰ
572 1851 635 1899 τὴν
657 1852 728 1891 ἀπὸ
747 1857 806 1892 τοῦ
837 1855 942 1892 αὐτοῦ
970 1855 1018 1898 εἷς
1039 1853 1078 1892 τὸ
1099 1853 1182 1892 αὐτὸ
1195 1851 1311 1892 κατά-

265 1909 363 1956 ληξιν
377 1925 385 1933 ·
406 1909 530 1954 κύκλος
546 1909 612 1963 γὰρ
632 1914 650 1949 6
669 1926 721 1959 κε,
741 1911 793 1950 ὅτι
813 1912 977 1957 πεντάκις
1002 1913 1103 1952 πέντε
1122 1928 1176 1960 κε,
1204 1911 1264 1950 καὶ
1294 1913 1312 1949 6

267 1969 347 2015 λστ,
368 1966 447 2005 οὔτε
465 1968 666 2020 ὁτέσσαρα,
689 1969 767 2008 οὔτε
787 1973 804 2008 6
825 1971 937 2018 ἐννέα,
965 1971 1043 2008 οὔτε
1064 1974 1082 2009 ὁ
1107 1986 1178 2019 ιστ,
1196 1969 1312 2008 καίτοι

269 2024 359 2066 κατὰ
381 2026 535 2065 σύνθεσιν
568 2029 636 2065 τῶν
659 2027 779 2080 ἐφεξῆς
801 2030 973 2082 περιττῶν
1002 2027 1195 2079 γινόμενοί,
1222 2026 1312 2065 ἀλλὰ

239 2107 242 2110 >
269 2084 479 2138 τετράγωνοι
495 2085 597 2136 μόνον
614 2080 705 2125 οὗτοι
718 2102 726 2110 ·
742 2086 833 2126 κατὰ
847 2087 915 2139 γὰρ
935 2086 999 2134 τὴν
1014 2086 1230 2126 ἐπισύνθεσιν
1246 2089 1314 2125 τῶν

274 2148 445 2196 περιττῶν
467 2146 498 2183 οἵ
520 2146 731 2198 τετράγωνοι
752 2145 905 2196 γίνονται
925 2145 986 2185 καὶ
1005 2146 1089 2190 ἴσως
1109 2149 1127 2185 6
1149 2146 1184 2191 ἐξ
1202 2149 1316 2199 ἀρχῆς

240 2238 242 2240 .
273 2202 335 2249 τὴν
358 2203 499 2253 μέθοδον
522 2204 698 2256 παραδοὺς
718 2206 781 2244 οὐκ
803 2199 879 2243 εῖπε
893 2204 1078 2248 κυκλικοὺς
1096 2205 1216 2248 ἁπλῶς
1229 2199 1317 2243 εἶναι

272 2261 408 2307 πάντας
429 2261 507 2306 τοὺς
537 2263 629 2302 κατὰ
651 2266 867 2302 ἐπισύνθεσιν
890 2266 959 2302 τῶν
984 2264 1105 2317 ἐφεξῆς
1128 2266 1314 2315 περιττῶν,

274 2322 352 2359 ἀλλ’
372 2322 424 2360 ὅτι
452 2322 487 2360 ἐν
508 2325 552 2374 τῇ
586 2321 804 2361 ἐπισυνθέσει
824 2325 892 2361 τῶν
917 2322 1038 2377 ἐφεξῆς
1056 2324 1229 2375 περιττῶν
1258 2323 1318 2360 ε’·-

277 2380 452 2433 ρίσκονται
479 2383 510 2420 οῖ
534 2381 694 2421 κυκλικοὶ
723 2381 798 2421 οὐδὲ
819 2381 944 2421 τούτου
967 2382 1019 2421 ἀεὶ
1048 2382 1318 2433 συμὸαίνοντος·

275 2439 437 2483 κυκλικὸς
455 2440 522 2492 γὰρ
543 2440 590 2478 ὢν
609 2443 626 2479 6
644 2457 702 2494 ρκε
725 2443 770 2485 ὣς
791 2441 859 2480 ἀπὸ
878 2445 937 2479 τοῦ
961 2457 976 2479 ε
1004 2441 1060 2479 ἐπὶ
1080 2441 1138 2479 τὸν
1158 2457 1198 2479 κε
1217 2441 1318 2492 γενό-

277 2514 391 2547 μενος,
407 2498 466 2537 καὶ
489 2502 506 2537 6
527 2515 606 2538 σιστ
619 2503 665 2543 ὼς
680 2500 749 2539 ἀπὸ
766 2503 826 2538 τοῦ
847 2516 888 2539 στ
909 2501 965 2539 ἐπὶ
979 2500 1036 2539 τὸν
1050 2501 1130 2548 λστ,
1150 2499 1243 2550 ὅμως
1257 2500 1320 2537 οὐκ

281 2557 438 2607 ἐγένοντο
470 2558 561 2597 κατὰ
588 2558 805 2598 ἐπισύνθεσιν
828 2563 897 2599 τῶν
921 2558 1041 2613 ἐφεξῆς
1069 2561 1263 2612 περιττῶν,
1290 2560 1320 2597 εἷ

279 2615 327 2666 μὴ
357 2616 422 2668 ἄρα
445 2619 507 2656 οὐκ
534 2618 619 2656 εἰσὶν
646 2612 739 2657 οῧτοι
770 2618 929 2657 κυκλικοὶ
959 2618 1050 2657 ἀλλὰ
1075 2618 1255 2672 σφαιρικοὶ
1287 2619 1321 2664 ἐξ

278 2675 450 2713 ἐπιπέδων
470 2675 607 2713 κύκλων
629 2679 799 2721 κυκλικῶς
822 2678 1058 2729 βαρυνθέντες.
1120 2678 1191 2717 Καὶ
1206 2680 1317 2718 ἐκεῖνο

277 2730 529 2785 δὲέφιστάνειν
559 2734 671 2782 ἄξιον,
695 2737 746 2772 ὅτι
773 2738 834 2775 οὐκ
867 2731 908 2783 ἦν
945 2737 1034 2781 εἷκὸς
1063 2736 1143 2781 τοὺς
1173 2737 1319 2790 ἀριθμὸν

279 2792 468 2844 εὑρηκότας
489 2793 653 2831 κυκλικὸν
675 2792 749 2843 ἅμα
776 2794 835 2832 καὶ
860 2795 1118 2848 τετραγωνικὸν
1139 2795 1196 2834 τὸν
1218 2797 1320 2836 αὐτὸν

278 2854 397 2890 τοῦτον
419 2850 550 2890 οἴεσθαι
570 2851 625 2889 διὰ
645 2855 746 2890 τοῦτο
768 2853 828 2891 καὶ
848 2855 882 2891 ἐν
909 2853 1068 2904 μεγέθεσι
1092 2856 1149 2895 τὸν
1171 2859 1232 2894 τοῦ
1255 2856 1320 2895 κύ-

277 2911 361 2948 κλου
381 2910 662 2963 τετραγωνισμὸν
684 2911 879 2963 εὑρηκέναι,
901 2912 978 2952 ἀλλ’
999 2913 1082 2958 ἴσως
1106 2915 1262 2967 εὑρόντες
1279 2915 1317 2954 ἐν

278 2976 348 3013 τοῖς
368 2971 526 3024 ἀριθμοῖς
553 2969 612 3008 τὸν
641 2970 744 3008 αὐτὸν
771 2972 983 3023 τετράγωνον
1010 2972 1084 3024 ἅμα
1106 2973 1166 3013 καὶ
1193 2974 1320 3013 κύκλοιΙ

280 3029 326 3072 εἷς
345 3027 476 3068 ἔννοιαν
503 3022 608 3076 ἦλθον
630 3034 688 3068 τοῦ
713 3029 772 3067 καὶ
796 3031 830 3068 ἓν
852 3037 921 3074 τοῖς
948 3034 1108 3085 μεγέθεσι
1129 3035 1241 3081 ζητεῖν
1261 3033 1320 3072 τὸν

280 3091 340 3126 τοῦ
375 3087 504 3125 κύκλου
527 3087 824 3139 τετραγωνισμόν.
884 3086 1012 3141 Ἔλεγε
1041 3091 1076 3129 δὲ
1107 3094 1124 3129 6
1154 3092 1321 3146 ἡμέτερος

280 3144 492 3196 καθηγεμὼν
524 3145 743 3196 Ἀμμώνιος,
778 3149 824 3191 ὡς
850 3150 911 3186 οὐκ
944 3151 1131 3201 ἀναγκαῖον
1157 3150 1262 3200 ἴσως,
1291 3153 1321 3190 εἷ

285 3204 338 3242 ἐπ’
360 3206 514 3257 ἀριθμῶν
542 3204 676 3256 εὑρέθη,
696 3208 798 3243 τοῦτο
823 3206 881 3244 καὶ
904 3207 961 3245 ἐπὶ
988 3212 1141 3258 μεγεθῶν
1163 3211 1321 3262 εὑρίσκε-

283 3266 383 3300 σθαι·
403 3266 632 3315 ἀνομοιογενῆ
653 3262 719 3315 γὰρ
743 3263 870 3315 μεγέθη
889 3264 980 3303 ἐστὶν
1005 3267 1118 3304 εὐθεῖα
1139 3267 1198 3306 καὶ
1218 3284 1320 3320 περι-

284 3323 414 3374 φέρεια,
430 3321 490 3360 καὶ
503 3321 600 3360 οὐδέν
620 3338 706 3375 φησι
726 3322 925 3373 θαυμαστὸν
945 3323 993 3373 μὴ
1011 3327 1189 3376 εὑρεθῆναι
1203 3326 1321 3380 κύκλῳ

283 3380 529 3433 εὐθύγραμμον
558 3381 645 3429 ἴσον,
675 3380 773 3435 εἴπερ
801 3381 861 3420 καὶ
889 3382 946 3421 ἐπὶ
975 3384 1044 3420 τῶν
1065 3386 1198 3434 γωνιῶν
1230 3384 1321 3435 ⁵59(-

285 3455 412 3492 σκομεν
432 3444 550 3480 τοῦτο·
565 3439 643 3480 οὔτε
657 3439 726 3495 γὰρ
746 3443 790 3494 τῇ
807 3444 867 3480 τοῦ
885 3441 1096 3493 ἡμικυκλίου
1115 3443 1227 3496 γωνίᾳ
1241 3442 1319 3482 οὔτε

935 240 1132 282 EUDEMI
1161 240 1342 283 RHODII
1371 239 1727 282 PERIPATETICI

1359 333 1402 385 τῇ
1421 333 1527 384 λοιπῇ
1546 329 1603 374 ἐἷς
1622 327 1685 376 τὴν
1709 323 1813 379 ὀρθὴν
1834 327 1878 379 τῇ
1898 327 2112 378 κερατοειδεῖ
2127 323 2302 382 λεγομένῃ
2317 325 2455 391 7523

1361 404 1452 428 νοιτο
1471 388 1511 427 ἂν
1533 388 1776 439 εὐθύγραμμος
1793 382 1853 432 ἴση
1877 382 1986 436 γωνία
2002 415 2012 432 ,
2040 383 2102 424 καὶ
2121 384 2177 424 διὰ
2195 389 2296 425 τοῦτο
2314 384 2405 434 ἴσως

1362 446 1447 500 φησὶ
1468 447 1527 486 καὶ
1548 445 1614 484 ὑπὸ
1635 444 1727 484 οὕτω
1746 444 1889 482 κλεινῶν
1911 443 2044 495 ἀνδρῶν
2065 444 2210 492 ζητηθὲν
2231 443 2418 498 θεώρημά·
2467 429 2478 487 ⁵⁷

1364 510 1450 563 ἄχρι
1477 512 1538 547 νῦν
1572 509 1637 560 οὐχ
1671 505 1807 560 εὑρέθη,
1833 503 1909 545 οὐδὲ
1928 503 1986 543 ὑπ’
2016 506 2124 545 αὐτοῦ
2149 505 2396 560 Ἀρχιμήδους.

1362 565 1515 620 Ἔλεγον
1542 566 1576 606 δὲ
1607 565 1676 618 ἐγὼ
1695 565 1780 618 πρὸς
1804 565 1864 605 τὸν
1881 562 2122 615 καθηγεμόνα,
2143 566 2190 608 ὥς
2209 563 2306 619 εἴπερ
2353 579 2400 614 ῃ-

1363 626 1478 670 νίσκος
1512 626 1797 679 τετραγωνίζοιτο
1829 628 1846 664 6
1883 623 1952 663 ἀπὸ
1988 626 2051 670 τῆς
2086 625 2147 662 τοῦ
2180 579 2400 677 τιτραγᾷυ

1364 686 1533 736 πλευρᾶς·
1551 688 1653 723 τοῦτο
1671 683 1738 736 γὰρ
1753 681 2020 729 ἀνεξαπατήτως
2034 684 2216 731 συνῆκται,
2233 674 2407 736 ὁμογενὴς

1366 743 1403 782 δὲ
1424 746 1442 783 6
1467 742 1635 792 μηνίσκος
1654 745 1705 791 τῷ
1723 742 1842 791 κύκλῳ
1860 744 1899 781 ἐκ
1917 742 2144 792 περιφερειῶν
2162 733 2402 791 συγκείμενος,

1366 809 1396 847 τί
1429 809 1556 848 κωλύει
1587 807 1648 846 καὶ
1673 807 1730 845 τὸν
1765 804 1891 844 κύκλον
1925 804 1983 843 ἐπὶ
2015 803 2128 857 τούτῳ
2153 799 2398 855 τετραγωνίζε-

1363 870 1461 905 σθαι·
1493 868 1522 905 εἰ
1543 864 1578 904 δὲ
1600 865 1761 915 ἀνόμοιον
1792 863 1832 902 τὸ
1864 867 1923 902 τοῦ
1946 862 2115 913 μηνίσκου
2152 861 2314 900 ἐπίπεδον
2324 860 2399 952 ἄῑῗ
2419 893 2427 899 .

2389 931 2406 943 .

1368 918 1487 973 κύκλῳ
1507 918 1565 958 διὰ
1585 917 1628 957 τὰ
1643 918 1789 971 κέρατα,
1813 916 1903 954 ἀλλὰ
1925 915 1984 954 καὶ
2002 917 2052 967 τῷ
2071 916 2307 967 εὐθυγράμμῳ

1370 994 1466 1030 μοιος
1488 977 1656 1030 μηνίσκος
1675 982 1742 1021 πᾶς
1767 975 1827 1015 καὶ
1849 974 1944 1026 ὅμως
1968 977 1986 1013 6
2004 973 2085 1026 περὶ
2112 972 2174 1020 τὴν
2192 975 2253 1012 τοῦ
2281 984 2407 1026 τηρα-

1368 1038 1477 1090 γώνου
1505 1037 1658 1090 πλευρὰν
1691 1034 1857 1087 μηνίσκος
1886 1031 2196 1087 τετραγωνίζεται·
2231 1031 2268 1071 αἱ
2293 1029 2415 1082 μέντοι

1368 1096 1495 1149 γωνίαι
1530 1095 1569 1134 αῗ
1587 1111 1624 1134 τε
1643 1098 1703 1134 τοῦ
1731 1093 1941 1145 ἡμικυκλίου
1965 1092 2026 1132 καὶ
2053 1093 2090 1130 αἱ
2110 1089 2353 1144 κερατοειδεῖς,
2369 1088 2410 1135 ἐκ

1370 1154 1591 1210 περιφερείας
1618 1153 1679 1192 καὶ
1716 1152 1845 1197 εὐθείας
1873 1152 1979 1205 ἄμφω
2001 1150 2224 1202 συγκείμεναι
2243 1150 2282 1188 οὐ
2305 1143 2409 1199 μόνον

1373 1217 1625 1265 ἀνομοιογενεῖς
1655 1214 1722 1251 εἶσι
1753 1215 1796 1262 τῇ
1817 1209 2076 1262 εὐθυγράμμῳ,
2098 1208 2190 1248 ἀλλὰ
2205 1206 2271 1247 καὶ
2289 1204 2412 1263 ἀσύμ-

1370 1272 1506 1321 ὅλητοι.
1596 1273 1677 1323 Οὐχ
1710 1269 1829 1309 ἱκανὸν
1861 1263 1919 1307 οῧν
1952 1262 2053 1319 οἶμαι
2083 1266 2124 1306 τὸ
2153 1264 2333 1319 εἰρημένον
2364 1264 2414 1312 οἷς

1370 1331 1565 1383 ἀπόγνωσιν
1599 1332 1821 1376 καταστῆσαι
1855 1331 1916 1375 τ’ἧς
1945 1327 2113 1379 εὓρέσεως
2137 1328 2201 1364 τοῦ
2232 1337 2415 1378 *tapam-,-

1369 1393 1516 1442 νισμοῧ·
1545 1389 1605 1428 καὶ
1627 1388 1695 1440 γὰρ
1723 1390 1741 1426 6
1768 1386 1977 1439 Ἰάμὸλιχος
2010 1387 2046 1424 ἐν
2072 1387 2123 1438 τῷ
2143 1385 2191 1429 εἷς
2217 1380 2414 1433 τὰς’κατη-

1371 1456 1490 1507 γορίας
1525 1453 1752 1503 ὑπομνήματι
1779 1452 1836 1489 τὸν
1859 1449 1922 1500 μὲν
1946 1446 2170 1500 Ἀριστοτέλη
2193 1446 2280 1497 φησὶ
2298 1445 2409 1497 μήπω

1372 1514 1455 1557 ἴσως
1475 1511 1658 1565 εὑρηκέναι
1677 1511 1734 1549 τὸν
1755 1512 1815 1549 τοῦ
1832 1509 1961 1547 κύκλου
1990 1499 2294 1558 τετραγωνισμόν,
2310 1497 2409 1552 παρὰ

1373 1571 1409 1611 δὲ
1429 1577 1498 1616 τοῖς
1519 1570 1766 1623 Πυθαγορείοις
1798 1570 1984 1621 εὑρῆσθαι,
2015 1565 2060 1607 ὡς
2081 1561 2184 1609 δῆλόν
2209 1561 2307 1607 ἔστι,
2335 1572 2408 1612 φη-

1372 1631 1449 1681 σίν,
1472 1630 1541 1669 ἀπὸ
1567 1631 1636 1668 τῶν
1663 1628 1792 1673 Σέξτου
1820 1629 1879 1664 τοῦ
1913 1620 2154 1675 Πυθαγορείου
2179 1616 2410 1666 ἀποδείξεων,

1373 1690 1408 1734 ὃς
1427 1689 1555 1728 ἄνωθεν
1586 1687 1678 1727 κατὰ
1698 1685 1865 1736 διαδοχὴν
1891 1681 2071 1732 παρέλαὸε
2099 1679 2162 1727 τὴν
2183 1677 2326 1727 μέθοδον
2345 1678 2409 1724 τῆς

1374 1740 1590 1788 ἀποδείξεως,
1612 1739 1671 1776 καὶ
1690 1738 1833 1789 ὕστερον
1851 1740 1889 1774 δὲ
1909 1749 2012 1787 φησιν
2047 1735 2256 1786 Αρχιμήδης
2275 1732 2334 1771 διὰ
2353 1732 2417 1777 τῆτ

1372 1800 1577 1842 ἑλικοειδοῧς
1599 1797 1764 1850 γραμμῆς
1785 1794 1857 1846 (cf.
1891 1792 2035 1831 Scholl.
2057 1792 2100 1830 in
2114 1790 2230 1831 Arist.
2249 1803 2286 1842 p.
2303 1790 2354 1836 64
2373 1786 2414 1828 b.

1373 1860 1436 1899 ed.
1465 1854 1670 1907 Brandis.)
1692 1854 1752 1893 καὶ
1775 1850 1980 1903 Νικομήδης
2004 1850 2061 1889 διὰ
2079 1853 2142 1898 τῆς
2162 1848 2257 1894 ἰδίως
2289 1863 2418 1902 τετρα-

1373 1917 1584 1969 γωνιζούσης
1623 1911 1845 1963 καλουμένης
1879 1909 1940 1950 καὶ
1969 1907 2202 1952 Ἀπολλώνιος
2245 1907 2302 1947 διά
2330 1921 2421 1959 τινος

1374 1978 1541 2030 γραμμῆς
1568 1974 1612 2021 ἣν
1649 1971 1752 2015 αὐτὸς
1776 1970 1839 2021 μὲν
1873 1968 2086 2022 κοχλιώδους
2116 1966 2270 2022 ἀδελφὴν
2289 1976 2422 2019 προσω-

1377 2034 1522 2087 γορεύει,
1533 2036 1556 2079 ἡ
1569 2030 1656 2078 αὐτὴ
1678 2030 1715 2069 δέ
1732 2031 1806 2068 ἐστι
1817 2030 1860 2080 τῇ
1878 2027 2114 2079 Νικομήδους,
2132 2026 2192 2064 καὶ
2209 2025 2422 2079 Κάρποςδιά

1376 2109 1465 2139 τινος
1485 2094 1668 2146 γραμμῆς,
1688 2089 1731 2137 ἣν
1751 2088 1872 2131 ἁπλῶς
1892 2089 1931 2125 ἐκ
1959 2087 2084 2133 διπλῆς
2113 2083 2284 2132 κινήσεως
2304 2087 2420 2137 καλεῖ,

1378 2154 1478 2191 ὧλλοι
1509 2166 1546 2190 τε
1565 2147 1704 2196 πολλοί,
1727 2146 1828 2199 φησί,
1849 2144 2015 2189 ποικίλως
2045 2143 2085 2183 τὸ
2102 2142 2296 2196 πρόὸλῃμα
2316 2157 2420 2196 κατε·

1378 2210 1568 2259 σκεύασαν,
1588 2207 1648 2246 καὶ
1669 2205 1805 2258 μήποτε
1825 2198 1917 2243 οὗτοι
1938 2203 2066 2246 πάντες
2084 2199 2275 2255 ὀργανικὴν
2291 2201 2419 2250 ἐποιή-

1379 2284 1483 2308 σαντο
1520 2272 1579 2306 τοῦ
1615 2264 1838 2319 θεωρήματος
1876 2261 2117 2308 κατασκευήν.
2175 2258 2222 2300 ‘O
2264 2252 2421 2312 μὲν.οῧν

1378 2326 1596 2379 Ἀλέξανδρος
1616 2324 1724 2368 οὕτως
1743 2327 1789 2367 ὥς
1809 2317 1904 2360 εἶπον
1918 2351 1929 2372 ,
1952 2319 2061 2360 οἴεται
2079 2318 2120 2358 τὸ
2143 2317 2422 2372 ψευδογράφημα
2448 2342 2449 2345 =

1380 2386 1583 2438 ἐλέγχεσθαι
1612 2383 1697 2437 παρ’
1729 2383 1807 2422 ὅσον
1827 2379 1886 2419 τὸν
1912 2380 1991 2433 περὶ
2013 2379 2075 2426 τὴν
2113 2381 2174 2417 τοῦ
2205 2377 2422 2431 τετραγώνου

1378 2445 1531 2495 πλευρὰν
1553 2442 1655 2493 μόνον
1674 2438 1932 2492 τετραγωνίσας
1951 2436 2120 2488 μηνίσκον
2140 2438 2159 2475 6
2185 2435 2424 2489 Ἱπποκράτης

1380 2506 1426 2546 ὥς
1443 2502 1501 2541 καὶ
1519 2501 1576 2539 ἐπὶ
1595 2504 1656 2548 τῆς
1674 2503 1733 2538 τοῦ
1754 2498 1927 2549 ἑξαγώνου
1943 2498 2097 2548 πλευρᾶς
2108 2497 2203 2548 αὐτῷ
2215 2495 2423 2549 δεδειγμένῳ

1382 2560 1622 2615 ἀπεχρήσατο,
1632 2562 1648 2597 6
1659 2556 1947 2610 μέντοιΕὔδημος
1962 2557 2046 2608 ἐντῇ
2057 2557 2274 2607 γεωμετρικῇ
2289 2554 2424 2610 ἱστορίᾳ
2473 2608 2475 2611 .

1386 2623 1448 2659 οὐκ
1473 2619 1531 2658 ἐπὶ
1567 2620 1824 2673 τετραγωνικῆς
1846 2617 1999 2667 πλευρᾶς
2030 2611 2141 2658 δεῖξαί
2164 2629 2248 2667 φησι
2269 2612 2328 2652 τὸν
2347 2613 2426 2654 Ἱπ-
2461 2619 2466 2626 “

1387 2679 1547 2731 ποκράτη
1567 2679 1624 2717 τὸν
1638 2681 1698 2716 τοῦ
1719 2674 1886 2728 μηνίσκου
1895 2672 2190 2728 τετραγωνισμόν,
2208 2672 2299 2711 ἀλλὰ
2319 2672 2424 2711 καθό-

1380 2740 1442 2777 λου
1471 2740 1517 2782 ὥς
1544 2739 1584 2774 ἄν
1606 2752 1655 2780 τις
1679 2736 1794 2774 εἴποι·
1825 2736 1853 2772 εἰ
1879 2733 1946 2786 γὰρ
1969 2738 2037 2776 πᾶς
2059 2732 2226 2783 μηνίσκος
2243 2730 2308 2779 τὴν
2328 2730 2425 2776 ἐκτὸς

1381 2796 1600 2850 περιφέρειαν
1616 2795 1639 2842 ἢ
1660 2795 1740 2842 ἴσην
1760 2793 1834 2846 ἔχει
1848 2790 2062 2844 ἡμικυκλίου
2080 2789 2103 2838 ἢ
2124 2790 2267 2841 μείζονα
2283 2787 2307 2836 ἢ
2324 2788 2428 2834 ἐλαί-τ’-Υ

1381 2872 1476 2902 τονα,
1508 2854 1752 2907 τετραγωνίζει
1785 2852 1821 2891 δὲ
1854 2854 1872 2891 6
1906 2850 2144 2904 Ἱπποκράτης
2170 2848 2231 2887 καὶ
2256 2846 2314 2886 τὸν
2343 2846 2425 2895 ἴσην

1380 2913 1589 2966 ἡμικυκλίου
1610 2912 1735 2966 ἔχοντα
1756 2910 1817 2951 καὶ
1834 2909 1892 2949 τὸν
1912 2909 2052 2960 μείζονα
2071 2907 2132 2947 καὶ
2154 2906 2211 2947 τὸν
2231 2906 2424 2956 ἐλάττονα,

1381 2973 1529 3013 καθόλου
1547 2971 1588 3011 ἂν
1607 2971 1660 3020 εἴη
1687 2969 1848 3023 δεδειχὼς
1858 2971 1904 3013 ὣς
1920 2969 2026 3008 δοκεῖ.
2085 2965 2309 3017 Ἐκθήσομαι
2323 2963 2360 3004 δὲ
2379 2962 2425 3003 τὰ

1383 3034 1449 3072 ὑπὸ
1471 3036 1531 3071 τοῦ
1555 3029 1720 3081 Εὐδήμου
1741 3029 1831 3067 κατὰ
1850 3027 1939 3073 λέξιν
1971 3025 2143 3078 λεγόμενα
2157 3055 2168 3073 ,
2205 3023 2326 3076 ὀλίγην
2344 3021 2423 3062 τινὰ

1381 3091 1539 3145 προσθεὶς
1555 3089 1744 3143 σαφήνειαν
1767 3087 1835 3126 ἀπὸ
1853 3090 1914 3134 τῆς
1934 3088 2002 3124 τῶν
2025 3084 2216 3125 Εὐκλείδου
2239 3081 2420 3136 στοιχείων

1382 3149 1609 3198 ἀναμνήσεως
1624 3148 1680 3186 διὰ
1699 3148 1756 3186 τὸν
1771 3145 2059 3196 ὗπομνηματικὸν
2077 3143 2205 3198 τρόπον
2227 3146 2288 3182 τοῦ
2305 3141 2421 3190 Εὐδή-

1382 3224 1449 3259 μου
1474 3208 1565 3247 κατὰ
1587 3207 1626 3245 τὸ
1645 3205 1814 3260 ἀρχαῖκὸν
1835 3205 1906 3247 ἔθος
1927 3203 2116 3252 συντόμους
2144 3201 2328 3253 ἐκθεμένου
2358 3200 2422 3246 τὰς

1383 3269 1579 3311 ἀποδόσεις.
1611 3266 1717 3319 Λέγει
1736 3266 1772 3304 δὲ
1785 3259 1852 3304 ῶδε
1873 3266 1907 3303 ἐν
1922 3266 1971 3315 τῷ
1989 3263 2138 3315 δευτέρῳ
2155 3265 2216 3310 τῆς
2228 3274 2421 3313 γεωμετριε

1382 3329 1445 3372 κ’ἧς
1464 3325 1633 3378 ἱστορίας·
1652 3343 1666 3360 «
1684 3324 1744 3363 καὶ
1760 3325 1791 3362 οἱ
1809 3325 1876 3362 τῶν
1894 3321 2072 3375 μηνίσκων
2092 3320 2128 3360 δὲ
2148 3318 2420 3374 τετραγωνισμοὶ

1383 3384 1541 3430 δόξαντες
1559 3378 1646 3423 εἶναι
1671 3387 1741 3423 τῶν
1756 3385 1819 3422 οὐκ
1838 3381 2049 3421 ἕπιπολαίων
2067 3379 2342 3432 διαγραμμάτων
2363 3376 2422 3429 διᾲ

1382 3443 1446 3492 τὴν
1465 3443 1661 3492 οἰκειότητα
1677 3442 1740 3492 τὴν
1759 3441 1843 3495 πρὸς
1872 3441 1930 3481 τὸν
1945 3439 2072 3480 κύκλον
2091 3440 2147 3493 ὑφ’
2165 3437 2422 3492 Ἱπποκράτους
