2508 3776
241 163 320 201 574

603 243 799 289 E²Oszeia<
818 243 910 292 εἴδη.

290 305 404 349 Αἰδώς
417 334 427 353 ,
451 302 584 356 ἁγνεία.

593 359 699 415 “Οροι
721 364 788 400 τῶν
809 363 924 402 εἰδῶν.

288 422 402 466 Αἰδώς
425 423 517 462 ἔστιν
548 420 709 459 εὖλάὸεια
740 422 840 473 ὀρθοῦ
862 421 980 473 λόγου.

289 481 424 534 Ἁγνεία
441 481 475 520 δὲ
495 479 659 519 εὖλάὸεια
688 482 756 518 τῶν
776 478 855 533 περὶ
879 481 936 518 τὸν
965 478 1040 518 θεὸν
1061 478 1278 534 ἁμαρτημά-

234 555 314 580 των.

636 597 725 646 Εἴδη
742 599 881 650 ἀρετῆς.

287 657 487 709 Φρόνησις,
509 657 735 709 σωφροσύνη,
757 654 980 704 δικαιοσύνη,
1005 653 1156 707 ἀνδρεία.
1177 661 1206 694 ³.

588 714 695 768 “Opoi
716 719 784 755 τῶν
799 716 914 754 εἰδῶν.

284 774 459 826 Φρόνησις
483 774 545 826 μὲν
565 769 623 814 οὖν
650 777 742 814 ἐστιν
764 775 942 825 ἐπιστήμη
966 775 1105 825 ἀγαθῶν
1129 772 1189 811 καὶ
1208 788 1271 812 κα·

232 835 302 872 κῶν
324 834 382 872 καὶ
402 834 587 887 οὐδετέρων
601 851 609 859 ·
628 834 651 882 ἢ
680 834 842 887 φρόνησίς
861 835 952 872 ἐστιν
974 835 996 879 ἡ
1017 835 1085 871 τῶν
1110 834 1275 884 πρακτῶν

231 891 314 944 ὀρθὴ
330 893 390 931 καὶ
415 894 545 941 ἀληθὴς
564 895 623 933 καὶ
644 895 719 945 μετ’
742 893 855 937 αἰτίας
886 892 1012 945 θεωρία
1027 907 1035 917 ·
1066 891 1087 938 ἢ
1116 890 1276 944 φρόνησίς

231 952 323 989 ἐστιν
354 952 459 1004 ἀρετὴ
482 956 542 991 τοῦ
567 955 766 1005 λογιστικοῦ
797 950 878 1003 περὶ
898 950 941 989 τὰ
976 950 1097 1003 αἱρετὰ
1114 949 1174 988 καὶ
1195 965 1276 1003 φευ-

231 1011 318 1056 κτά,
342 1012 401 1050 καὶ
416 1011 479 1058 τὴν
501 1011 614 1064 κρίσιν
635 1014 703 1050 τῶν
723 1009 924 1064 γειρόνωνῆ
953 1009 1153 1062 βελτιόνων.

283 1070 499 1122 Σωφροσύνη
521 1070 556 1109 δὲ
578 1071 755 1122 ἐπιστήμη
787 1072 933 1123 αἱρετῶν
962 1069 1022 1107 καὶ
1051 1068 1148 1122 οὐχι)
1182 1071 1276 1121 αἱρε-

230 1127 298 1164 τῶν
319 1129 378 1166 καὶ
398 1130 599 1183 οὐδετέρων.

283 1188 493 1237 Δικαιοσύνη
527 1188 563 1228 δὲ
598 1188 663 1234 ἕξις
699 1186 929 1240 διανεμητικὴ
972 1190 1032 1227 τοῦ
1063 1188 1144 1226 κατ’
1179 1186 1275 1232 ἀξίαν

231 1246 393 1287 ἑκάστου.

286 1306 467 1359 Ἀνδρείαῧ
500 1306 529 1345 δ’
561 1306 741 1358 ἐπιστήμη
770 1307 890 1345 δεινῶν
923 1304 983 1344 καὶ
1007 1306 1046 1344 οὐ
1072 1305 1190 1344 δεινῶν
1216 1304 1276 1343 καὶ

230 1365 430 1417 οὐδετέρων.

288 1424 454 1477 (Scripsi
476 1439 484 1462 t
510 1430 525 1449 ²¹
555 1425 742 1477 ἀνδρεία];
772 1424 885 1464 codd.
924 1422 1061 1475 ἀνδρία.
1092 1424 1176 1454 —b
1210 1426 1274 1477 οὐχ

230 1484 405 1534 αἱρετῶν]
438 1484 553 1524 codd.
576 1485 639 1522 οὐκ
669 1485 830 1536 αἱρετῶν.
851 1488 931 1512 —c
956 1481 1126 1536 ἀνδρεία]
1159 1483 1271 1522 codd.

229 1541 368 1594 ἀνδρία.
391 1545 470 1592 -)

281 1603 315 1639 T
319 1606 477 1653 ριμεροῦς
498 1602 533 1640 δὲ
557 1605 619 1650 τ’ῆς
638 1603 752 1656 ψυχῆς
776 1601 1050 1653 λαμὸανομένης
1064 1601 1157 1640 κατὰ
1177 1601 1274 1641 Πλά-

228 1675 321 1698 τωνα
337 1689 348 1711 ,
370 1665 428 1700 τοῦ
451 1660 514 1711 μὲν
534 1661 732 1712 λογιστικοῦ
764 1661 869 1714 ἀρετὴ
889 1665 912 1709 ἡ
935 1661 1098 1715 φρόνησις
1113 1677 1122 1685 ·
1154 1665 1213 1700 τοῦ
1236 1662 1272 1700 δὲ

229 1720 427 1768 θυμοειδοῦς
447 1723 469 1767 ἡ
491 1720 647 1773 πραότης
666 1720 726 1758 καὶ
750 1724 767 1768 ἡ
792 1720 932 1773 ἀνδρεία
948 1737 956 1745 ·
976 1726 991 1744 ³
1011 1724 1070 1759 τοῦ
1096 1720 1131 1759 δὲ
1153 1723 1272 1759 ἐπιθυ-

228 1782 376 1826 μητικοῦ
393 1782 415 1826 ἡ
432 1779 637 1832 σωφροσύνη
662 1779 722 1818 καὶ
741 1782 764 1827 ἡ
793 1779 991 1832 ἐγκράτεια.
1020 1779 1136 1827 “Όλης
1158 1779 1194 1818 δὲ
1212 1783 1272 1827 τῆς

227 1838 341 1889 ψυχῆς
361 1842 382 1885 ἡ
406 1838 608 1885 δικαιοσύνη
624 1867 635 1886 ,
657 1838 714 1877 καὶ
733 1841 755 1886 ἡ
784 1839 1018 1891 ἐλευθεριότης
1032 1839 1062 1887 ¹³,
1084 1838 1145 1878 καὶ
1161 1842 1183 1886 ἡ
1207 1855 1269 1890 με·

227 1898 436 1949 γαλοψυχία.
473 1897 594 1937 Κακία
617 1897 653 1936 δέ
673 1899 746 1936 ἐστι
777 1901 837 1936 τοῦ
864 1897 926 1949 μὲν
949 1900 1088 1951 λογικοῦ
1115 1901 1137 1945 ἡ
1160 1900 1270 1951 ἀφρο-

228 1955 325 2001 σύνη·
346 1959 409 1994 τοῦ
430 1955 465 1994 δὲ
482 1958 715 2007 θυμοειδοῦς-ἧ
737 1957 919 2009 ὀργιλότης
941 1957 1002 1996 καὶ
1022 1961 1044 2005 ἡ
1063 1958 1187 1996 δειλία·
1211 1964 1271 1998 τοῦ

227 2012 262 2051 δὲ
282 2015 537 2065 ἐπιθυμητικοῦ
557 2018 580 2063 ἡ
605 2015 775 2054 ἀκολασία
797 2015 857 2054 καὶ
882 2019 904 2063 ἡ
927 2016 1099 2067 ἀκρασία·
1119 2016 1203 2065 ὅλης
1233 2016 1269 2055 δὲ

223 2076 285 2121 τῆς
303 2076 416 2127 ψυχῆς
436 2074 458 2122 ἥ
479 2091 517 2114 τε
548 2081 563 2100 ⁰
582 2075 716 2123 ἀδικία,
746 2075 803 2114 καὶ
831 2078 853 2123 ἡ
888 2075 1131 2129 ἀνελευθερία,
1161 2076 1220 2115 καὶ
1243 2079 1264 2124 ἡ

226 2133 458 2187 μικροψυχία.
998 2149 1003 2155 ·

278 2192 449 2244 (Scripsi
474 2207 482 2231 z
505 2198 520 2216 ²¹
537 2193 700 2245 ἀνδρεία]
724 2193 837 2233 codd.
873 2191 1008 2244 ἀνδρία.
1032 2191 1115 2222 —b
1134 2194 1271 2232 ἐλευθε-

227 2250 365 2304 ριότης]
387 2252 499 2291 codd.
524 2252 710 2305 ἐλευθερία.
740 2273 794 2282 ·-
820 2257 836 2277 ⁰
861 2250 967 2304 ἥτε]
996 2251 1116 2302 vulgo
1136 2255 1178 2300 ἡ,
1216 2269 1267 2292 τε.

586 2370 675 2423 Περὶ
692 2369 903 2424 φρονήσεως.

276 2426 381 2467 Ἔστι
396 2427 431 2466 δὲ
452 2428 614 2482 φρόνησις
632 2430 736 2483 ἀρετὴ
753 2433 814 2468 τοῦ
830 2432 1028 2481 λογιστικοῦ
1048 2445 1268 2468 κατασκευα-

225 2487 327 2533 στικὴ
349 2489 415 2526 τῶν
439 2490 485 2531 εἷς
523 2488 742 2539 εὐδαιμονίαν
783 2488 1037 2539 συντεινόντων.
1069 2487 1270 2539 Σύμὸωμοι

225 2545 260 2584 δὲ
284 2547 372 2597 αὐτῇ
395 2548 479 2584 εἰσιν
507 2546 690 2595 εὐὸουλία,
713 2547 894 2600 ἀγχίνοια,
935 2547 1101 2599 πρόνοια,
1129 2548 1270 2599 βασιλι-

225 2604 291 2652 κή,
314 2606 547 2658 στρατηγική,
571 2605 801 2659 πραγματική
817 2638 826 2655 ‚
848 2606 1036 2655 πολιτική,
1055 2606 1268 2657 οἰκονομική,

223 2664 347 2711 ἠθική,
368 2664 589 2714 διαλεκτική,
612 2665 775 2719 ῥητορική
795 2698 804 2717 ‚
827 2667 970 2721 φυσική.

278 2723 457 2762 Εὖὸουλία
485 2724 546 2773 μὲν
574 2718 631 2763 οὖν
654 2728 746 2765 ἐστιν
770 2727 949 2778 ἐπιστήμη
969 2726 1223 2781 συμφερόντων.

283 2781 456 2834 Ἀγχίνοια
490 2782 525 2821 δὲ
562 2782 627 2827 ἕξις
659 2783 692 2828 ἐξ
722 2784 888 2836 ὑπογυίου
919 2785 958 2823 τὸ
990 2788 1142 2832 καθ’ἧκον
1177 2784 1266 2838 sopt-

225 2855 356 2879 σκουσα
376 2840 435 2878 καὶ
459 2843 791 2893 καταστοχαζομέντ.
814 2849 873 2884 τοῦ
894 2844 1040 2889 δέοντος.

277 2898 432 2952 Πρόνοια
453 2899 487 2938 δὲ
506 2899 570 2944 ἕξις
587 2900 767 2941 εἰδοποιεῖν
788 2902 963 2954 δυναμένη
981 2902 1020 2941 τὸ
1037 2902 1201 2952 μέλλον,·”
1222 2903 1268 2946 ὡς

225 2957 265 2996 ἂν
285 2957 484 3010 πράττηται
501 2957 540 2996 τὸ
558 2957 683 3009 μέλλον
713 2962 758 3005 ὡς
790 2961 883 3014 χρή·
902 2960 924 3008 ἢ
952 2960 1266 3014 παρασκευαστικὴ

223 3016 309 3070 πρὸς
325 3016 496 3065 μέλλοντά
512 3032 604 3057 τινα.

278 3075 449 3123 Βασιλικὴ
470 3076 504 3116 δὲ
527 3078 691 3132 ἐμπειρία
709 3083 769 3118 τοῦ
793 3080 912 3133 ἄρχειν
931 3080 1084 3129 πλήθους
1111 3082 1265 3119 ἀνυπευ-

225 3136 343 3180 θύνως.

279 3195 505 3248 Στρατηγικὴ
531 3196 566 3236 δὲ
589 3196 656 3242 ἕξις
682 3197 874 3249 θεωρητικὴ
903 3197 962 3236 καὶ
983 3198 1160 3251 πρακτικὴ
1197 3190 1265 3236 τῶν

224 3256 273 3307 τῷ
294 3254 519 3307 στρατοπόδῳ
548 3255 806 3309 συμφερόντων.

266 3313 520 3386 ’Πραγματικὴ
542 3314 575 3352 δὲ
608 3314 787 3366 ἐπιστήμη
803 3317 871 3353 τῶν
893 3315 1120 3367 ἀνθρωπίνων
1149 3331 1264 3368 πραγ-

226 3387 359 3421 ματων.

1064 156 1347 199 ANDRONICI
1375 156 1554 197 RHODII

1711 252 1879 286 cautionis
1893 251 2017 286 fonnae.

1380 311 1596 350 verecundia,
1625 312 1825 345 castimonia.

1643 372 1838 404 Formarum
1855 371 2074 404 definitiones.

1382 429 1586 463 verecundia
1602 433 1702 463 rectae
1726 430 1861 463 rationis
1878 431 1987 463 cautio
2008 432 2070 463 est.

1383 489 1581 522 Castimonia
1597 492 1647 523 est
1671 490 1781 523 cautio
1799 490 1947 523 omnium
1963 490 1998 522 in
2017 489 2097 523 deos
2116 491 2336 532 peccatorum.

1717 599 1859 631 Virtutis
1875 597 2000 632 formae.

1380 657 1570 698 Prudentia,
1593 659 1819 700 temperantia,
1837 658 1983 700 justitia,
2001 658 2173 692 fortitudo.

1645 719 1837 750 Formarum
1857 717 2073 751 definitiones.

1383 776 1559 810 Prudentia
1592 776 1727 818 quidem
1755 778 1804 808 est
1842 776 1977 809 scientia
2009 787 2120 810 rerum
2156 777 2316 812 honarum
2347 780 2382 812 et

1342 818 1504 851 malarum
1533 820 1566 850 et
1584 827 1642 850 nec
1673 817 1832 850 bonarum
1861 827 1919 850 nec
1941 819 2129 851 malarum:
2153 822 2211 852 aut
2239 819 2379 862 pruden-

1343 860 1391 892 tia
1424 862 1473 891 est
1502 868 1612 891 rerum
1637 859 1698 891 sub
1718 859 1880 891 actionem
1910 859 2097 892 cadentium
2126 864 2215 893 recta
2243 864 2276 894 et
2303 870 2382 895 vera

1345 903 1378 933 et
1404 900 1585 947 rationibus
1615 900 1804 933 confirmata
1831 902 2061 943 contemplatio
2086 915 2094 935 z
2118 904 2176 934 aut
2206 902 2381 944 prudentia

1345 944 1395 975 est
1423 945 1530 990 yii·tus
1547 942 1625 990 ‘ejus
1656 941 1756 974 animi
1785 942 1888 984 partis
1917 943 1950 974 in
1974 952 2040 985 qua
2062 943 2147 976 inest
2172 944 2256 977 ratio
2280 946 2381 988 atque

1345 983 1515 1016 conslhum
1545 992 1578 1014 ιιι
1607 983 1707 1016 rebus
1742 984 1932 1025 expetendis
1964 988 1997 1016 et
2028 984 2190 1027 fugiendis
2212 988 2317 1028 ,atque
2346 986 2381 1019 in

1341 1024 1526 1067 Judicandis
1546 1025 1764 1057 deterioribus
1783 1028 1841 1056 aut
1861 1027 2051 1059 melioribus
2077 1029 2246 1069 occupata.

1381 1072 1610 1114 Temperantia
1637 1074 1750 1104 autem
1781 1074 1831 1104 cst
1848 1081 1960 1105 rerum
1977 1074 2238 1116 expetendarum
2253 1073 2380 1117 fugien-

1338 1134 1522 1175 darumque
1538 1133 1571 1164 et
1586 1133 1779 1164 neutrarum
1798 1132 1944 1165 scientia.

1378 1192 1513 1225 Justitia
1536 1193 1586 1224 est
1611 1191 1712 1224 animi
1725 1191 1855 1225 affectio
1882 1200 1942 1234 pro
1958 1191 2118 1234 dignitate
2141 1201 2240 1226 suum
2260 1191 2380 1235 cuique

1336 1252 1494 1284 tribuens.

1376 1309 1550 1343 Fortitudo
1574 1311 1625 1342 est
1657 1310 1794 1342 scientia
1820 1319 1932 1343 rerum
1966 1312 2039 1344 tum
2072 1310 2278 1350 terribilium,
2306 1311 2379 1344 tum

1333 1381 1398 1405 non
1421 1370 1628 1409 terribilium,
1655 1371 1729 1404 tum
1759 1372 1964 1404 neutrarum.
2324 1378 2326 1380 ·

1376 1610 1487 1647 Quum
1523 1607 1653 1640 animus
1687 1605 1875 1648 tripartitus
1910 1604 2091 1638 secundum
2116 1604 2285 1637 Platonem
2306 1603 2378 1638 exi-

1334 1669 1499 1706 stimetur,
1521 1668 1592 1710 ejus
1610 1666 1714 1709 partis
1730 1666 1764 1699 in
1782 1675 1849 1708 qua
1873 1666 1961 1698 inest
1981 1664 2066 1697 ratio
2084 1665 2186 1706 atque
2207 1663 2377 1696 consilium

1333 1728 1441 1760 virtus
1464 1728 1514 1759 est
1534 1725 1730 1768 prudentia:
1756 1725 1845 1758 illius
1863 1725 1897 1757 in
1926 1734 1994 1767 qua
2011 1723 2136 1756 irarum
2161 1722 2296 1755 exsistit
2323 1731 2378 1755 ar-

1333 1786 1404 1827 dor,
1428 1786 1545 1819 lenitas
1565 1787 1598 1818 et
1624 1783 1784 1816 fortitudo
1814 1794 1821 1815 :
1842 1784 1913 1825 ejus
1932 1782 2075 1825 denique
2089 1790 2165 1824 quae
2195 1780 2237 1814 ad
2255 1789 2378 1814 concu-

1332 1846 1522 1889 piscendum
1552 1854 1711 1888 propensa
1745 1847 1812 1884 est,
1851 1843 2067 1886 temperantia
2105 1844 2139 1875 et
2168 1841 2376 1875 continentia.

1332 1906 1448 1939 Totius
1469 1915 1547 1938 vero
1565 1904 1666 1937 animi
1686 1904 1830 1937 virtutes
1843 1905 1920 1935 sunt
1940 1901 2079 1945 justitia,
2095 1900 2285 1939 liberalitas,
2310 1909 2380 1933 ma-

1332 1965 1540 2006 gnanimitas.
1566 1964 1694 1996 Vitium
1713 1965 1826 1996 autem
1863 1962 1934 2004 ejus
1963 1960 2067 1994 animi
2099 1960 2204 2002 partis
2222 1968 2299 2002 quae
2322 1968 2378 1992 ra-

1332 2023 1430 2055 tionis
1448 2023 1610 2065 particeps
1636 2023 1687 2055 est
1706 2021 1848 2054 habetur
1870 2019 2036 2052 amentia:
2060 2018 2151 2051 illius
2169 2018 2203 2051 in
2226 2027 2294 2060 qua
2310 2017 2381 2051 ira«
2412 2046 2413 2050 ,

1332 2092 1408 2114 rum
1425 2082 1555 2114 exsistit
1575 2080 1682 2118 ardor,
1706 2079 1874 2112 iracundia
1890 2080 1924 2111 et
1944 2076 2106 2110 timiditas
2123 2089 2131 2108 z
2148 2077 2219 2118 ejus
2236 2075 2378 2119 denique

1333 2150 1409 2183 quae
1426 2140 1468 2173 ad
1486 2139 1787 2182 concupiscendum
1806 2146 1967 2180 propensa
1989 2139 2050 2175 est,
2077 2135 2326 2178 intemperantia
2343 2137 2377 2168 et

1332 2199 1565 2232 incontinentia
1586 2210 1592 2231 :
1615 2198 1719 2232 totius
1738 2206 1820 2231 vero
1834 2196 1935 2230 animi
1970 2194 2142 2238 iniustitia,
2158 2193 2378 2234 illiberalitas,

1333 2257 1553 2290 imbecillitas.

1723 2369 1772 2400 De
1793 2366 1979 2409 prudentia.

1383 2432 1442 2463 Est
1467 2430 1578 2462 autem
1602 2427 1774 2469 prudentia
1790 2427 1898 2458 virtus
1919 2426 1990 2467 ejus
2009 2425 2106 2457 animi
2123 2425 2238 2467 partis,
2254 2425 2289 2458 in
2309 2434 2376 2468 qua

1343 2473 1427 2505 inest
1464 2471 1549 2504 ratio
1585 2472 1685 2510 atque
1708 2468 1890 2505 consilium,
1921 2476 2032 2499 rerum
2067 2467 2109 2498 ad
2138 2466 2375 2500 beatitudinem

1365 2513 1573 2548 ertinentium
1603 2509 1764 2543 effectrix.
1787 2509 1930 2540 Comites
1950 2517 2029 2540 vero
2053 2508 2125 2548 ejus
2151 2510 2228 2540 sunt
2251 2507 2377 2540 consilii

1342 2524 1481 2593 Bonitas,
1513 2552 1691 2593 sagacitas„
1711 2550 1927 2592 providentia,
1942 2558 1995 2581 ars
2013 2557 2138 2590 regum,
2159 2558 2214 2582 ars
2233 2549 2376 2591 impera-

1341 2598 1436 2636 toria,
1460 2605 1541 2628 usus
1563 2603 1692 2632 rerum,
1725 2591 1860 2623 scientia
1878 2591 1996 2629 civilis,
2025 2590 2162 2632 privatae
2181 2590 2259 2623 vitae
2278 2590 2374 2629 ratio,

1337 2637 1541 2680 philosophia
1568 2636 1718 2675 moralis,
1758 2632 1945 2672 dialectica,
1975 2641 2029 2664 ars
2060 2631 2219 2672 oratoria,
2241 2631 2376 2674 physio-

1331 2680 1506 2762 Ιοξίδδιιείἰίἰ
1525 2728 1655 2762 bonitas
1677 2725 1812 2768 quidem
1827 2726 1877 2758 est
1896 2722 2078 2756 utilitatum
2103 2720 2248 2754 scientia.

1372 2788 1539 2831 sagacitas
1567 2797 1645 2820 voro
1665 2785 1806 2818 facultas
1825 2793 1866 2817 ex
1889 2785 2033 2824 tempore
2054 2778 2258 2817 inveniendi,
2285 2777 2375 2821 quod

1330 2851 1480 2881 nostrum
1508 2847 1550 2880 sit
1569 2847 1711 2880 osticium
1735 2848 1768 2878 et
1789 2841 1958 2886 spectandi
1974 2841 2008 2874 id
2026 2839 2117 2883 quod
2136 2838 2207 2873 fieri
2225 2838 2333 2871 decet.·

1372 2906 1579 2940 Providentia
1606 2908 1656 2940 est
1686 2904 1826 2937 facultas
1849 2901 1958 2934 animo
1975 2898 2089 2932 futura
2111 2896 2308 2941 propiclendi
2340 2897 2373 2929 et

1328 2966 1543 3006 informandi,
1579 2968 1616 2999 ut
1651 2973 1703 2998 res
1735 2962 1860 2996 futurae
1895 2962 1976 2994 bene
2006 2960 2161 3002 gerantur
2187 2970 2195 2991 ε
2229 2958 2288 2989 aut
2311 2955 2373 2988 sibi

1328 3027 1415 3059 viam
1445 3027 1487 3058 ad
1516 3025 1628 3058 sutura
1654 3023 1808 3066 quaedam
1827 3020 2007 3054 muniendi.

1370 3088 1495 3127 Regum
1514 3095 1568 3118 ars
1586 3086 1635 3117 est
1655 3082 1790 3116 scientia
1814 3078 2039 3114 multitudinis
2061 3087 2121 3110 suo
2138 3075 2301 3109 arbitratu
2318 3083 2372 3107 re-

1329 3142 1453 3185 gentlae.

1370 3204 1430 3235 Ars
1448 3200 1659 3243 imperatoria
1688 3201 1738 3233 est
1762 3198 1927 3232 exercitus
1955 3195 2202 3229 commodorum
2231 3194 2372 3236 cognitio
2412 3229 2413 3236 γ

1328 3261 1454 3294 ratione
1470 3263 1503 3294 et
1526 3270 1587 3293 usu
1603 3261 1727 3302 parata.

1368 3322 1455 3353 Usus
1488 3329 1599 3353 rerum
1628 3321 1678 3351 est
1701 3318 1920 3351 humanarum
1939 3323 2049 3348 rerum
2073 3311 2220 3346 scientia.
