2508 3776
131 10 180 31 ,εἴγ’

119 333 121 335 ¹
180 313 202 327 .,
222 287 264 331 ,ᾖ
307 289 534 323 'aveteres
553 293 779 325 servarunt.
798 283 898 334 Tam
918 284 1109 324 laboriosi
1121 284 1191 323 ho-

110 341 156 388 Ῡψ
180 386 183 387 ⁷
226 340 257 397 ’1
289 343 433 383 chartae
461 343 495 382 si
515 353 790 396 superessent,
810 358 891 384 non
910 352 969 384 est
996 343 1161 383 dubium
1177 373 1188 393 ,

109 427 186 462 ‘.
254 402 321 442 ·ad
345 402 502 456 plenam
527 403 675 443 veteris
702 403 902 456 sapientiae
927 403 1190 455 cognitionem

195 467 197 472 “
217 475 225 482 '
251 483 280 497 --
319 462 459 502 endam
496 463 663 502 multum
699 464 891 502 valerent.
929 462 1190 510 Quamobrem

171 568 173 570 q
219 543 225 554 e
262 535 326 562 ·us
344 522 513 562 ornandi
534 530 627 562 sunt
637 522 718 561 viri
735 522 881 561 eruditi
901 522 970 574 qui
986 529 1190 573 excerptos

123 622 134 631 ‚J
166 610 170 614 ψ
202 578 375 622 Eudemi
394 581 684 622 commentariis
701 581 812 621 locos
828 590 866 620 et
883 581 1074 621 librorum
1092 582 1188 621 reli-

126 640 257 694 [fini-s
275 641 461 693 colligere
476 640 746 681 instituerunt.

104 700 110 753 J
141 712 148 713 ’
174 700 349 741 ζΗοτιιω
369 699 520 753 primus
539 698 757 738 Christian.
775 698 877 749 Aug.
898 700 1134 739 Brandisius
1150 701 1190 739 in

24 805 25 808 Ἴ
95 811 100 817 .
122 755 312 804 &hstiis
335 759 583 802 Aristoteleis
614 758 791 797 Berolini
811 771 914 797 anno
938 759 1036 797 1836
1057 759 1192 798 divul-

22 821 26 829 ‘
91 819 245 878 *us
259 827 412 872 partem
433 818 744 869 fragmentorum
766 817 909 864 edidit,
939 817 1091 869 reliqua
1116 827 1193 858 ter-

88 887 100 926 ζ·
115 874 388 932 ,filliam-iae
405 877 670 930 philosophiae
689 886 796 916 tomo
824 890 928 916 anno
957 878 1062 915 1860
1088 878 1192 917 inse-

75 926 235 990 ’Μ
255 937 447 978 Inclinato
473 938 587 990 operi
607 937 794 977 successit
820 936 1049 976 Leonardus
1070 939 1191 990 Spen-

17 996 22 1034 ἕ
88 996 269 1052 ms
289 997 359 1050 qui
377 996 554 1037 excussis
573 996 735 1036 scriniis
753 995 924 1048 antiquis
943 995 1122 1036 libellum
1150 997 1192 1035 in

76 1055 220 1105 ἢ
248 1070 392 1110 genere
415 1055 602 1097 omnibus
633 1057 716 1096 suis
737 1055 912 1096 numeris
943 1064 980 1094 et
1013 1054 1194 1107 partibus

15 1132 31 1146 ··
81 1115 343 1172 4ζ’·,ζὲὶῬῘεῑιιιιι
370 1116 546 1160 Berolini
569 1129 606 1158 a.
634 1117 736 1156 1866
764 1125 805 1155 et
827 1116 972 1155 iterum
1003 1116 1104 1165 1870
1121 1130 1198 1168 pu-

138 1174 319 1219 blicavit.
339 1176 420 1224 Qui
437 1176 618 1229 quamvis
640 1177 787 1229 optime
805 1176 854 1215 de
881 1174 1057 1214 Eudemo
1088 1185 1190 1215 esset

12 1275 17 1283 .
49 1282 52 1286 ,
142 1239 328 1287 meritus,
347 1245 477 1277 tamen
505 1237 764 1276 nihilominus
794 1244 918 1275 totum
948 1248 1049 1288 opus
1078 1244 1198 1275 retra-

12 1293 17 1332 ἷ
70 1337 72 1339 ,
143 1294 328 1345 &ndum
346 1297 516 1350 suscepi.
542 1296 681 1349 Itaque
703 1310 830 1350 pauca
846 1295 1095 1335 voluminum
1115 1295 1196 1334 Eu-

12 1409 15 1416 ·
62 1363 73 1385 ἲ
142 1354 363 1398 &lenior-um
385 1356 536 1409 capita,
554 1369 641 1408 quae
658 1355 838 1395 consulto
861 1354 1046 1394 omiserat
1070 1354 1193 1407 Spen-

83 1438 86 1446 .
143 1429 1204 1445 b--Q—*ffl

12 1501 15 1509 ,
39 1453 41 1455 ¹
77 1450 87 1462 ’Ἴ
141 1469 257 1514 sophis
272 1468 464 1513 geometrioe
477 1467 638 1502 studiosis
662 1468 750 1510 agit,
782 1466 890 1500 multa
916 1466 1060 1500 Eudemi
1081 1466 1191 1505 dicta,

11 1551 13 1563 ὲ
83 1514 93 1550 1.
138 1516 241 1559 mods>
254 1516 392 1552 laudato
414 1516 476 1550 illo
497 1517 652 1554 auctore,
682 1512 783 1548 modo
806 1512 940 1546 nomine
964 1513 1037 1555 ejus
1062 1515 1197 1556 praeter-

12 1571 14 1588 ³
203 1604 206 1606 v
258 1590 267 1605 ,
281 1562 558 1608 usurpat30u1us
581 1560 711 1605 generis
723 1560 852 1603 aliquot
875 1559 1028 1602 exempla
1044 1558 1197 1601 adiunxit

10 1637 13 1644 ,
91 1642 94 1646 ,
128 1564 346 1661 mus.
367 1609 433 1644 Sed
449 1609 608 1653 quoniam
623 1606 804 1640 inlubrico
820 1606 976 1639 versatur
990 1604 1050 1648 qui
1065 1613 1085 1638 e
1100 1613 1197 1637 men-

10 1674 13 1699 :
71 1691 79 1699 .,
140 1654 225 1695 ῠιυ
246 1657 357 1693 Pmcli
371 1656 552 1692 verborum
576 1655 735 1689 contextu
752 1653 872 1687 Rhodii
890 1652 1078 1695 philosophi
1105 1651 1198 1694 frag-

10 1707 12 1732 Ῑ
68 1713 87 1750 ,ᾖ
139 1705 443 1751 mammete
470 1704 599 1742 tentat,
617 1701 729 1738 omnia
750 1699 808 1734 illa
831 1708 910 1742 quae
929 1699 966 1732 in
985 1699 1054 1732 isto
1071 1698 1198 1732 doctis·

68 1752 74 1764 ''
219 1753 382 1800 humitis
395 1750 633 1786 commentario
646 1749 690 1783 ad
705 1747 896 1782 Eudemum
914 1747 1085 1780 auctorem
1103 1744 1199 1778 forsi-

170 1807 173 1810 ⁴
216 1800 337 1840 reflari
353 1798 503 1844 possint,
533 1797 591 1832 hic
606 1804 791 1840 proponere
816 1795 920 1829 nolui.
943 1795 1006 1828 Est
1028 1793 1118 1826 enim
1141 1792 1198 1826 hic

61 1857 76 1889 ῖ-
200 1846 202 1848 ’
226 1849 241 1857 “’
253 1843 386 1882 'futuris
404 1844 516 1879 Procli
539 1843 725 1878 editoribus
747 1841 987 1884 suscipiendus.
1005 1839 1127 1874 Paucis
1143 1841 1198 1872 ta-

8 1932 10 1939 ,
82 1890 85 1894 ⁴
142 1894 314 1938 illm‘utar
332 1891 504 1935 exemplis.
523 1892 563 1925 In
575 1890 695 1933 fragm.
717 1891 755 1923 84
770 1889 818 1923 ait
839 1889 942 1932 οἱμὲν
961 1888 1019 1922 οὖν
1035 1887 1095 1926 τὰς
1108 1889 1197 1921 ἱστο-

75 1939 79 1949 ’
142 1941 215 1990 ρᾶς
231 1940 480 1987 ἂναγράψαντες
500 1940 600 1984 μέχρι
622 1939 744 1972 τούτου
762 1938 947 1982 προάγουσι
972 1937 1031 1976 τὴν
1055 1940 1112 1977 τῆς
1128 1936 1199 1968 ἐπι-

7 1994 11 2005 '
59 1986 79 2010 '⁴
142 1990 271 2036 Μμτκ
283 1990 405 2030 ταύτης
420 1988 591 2022 τελείωσιν
608 1986 732 2020 omisso
752 1984 897 2019 Eudemi
921 1984 1055 2018 nomine
1067 2009 1075 2023 ‚
1107 1983 1199 2026 quod

56 2060 83 2073 μ,
142 2034 258 2073 ffi'en
280 2036 473 2072 addendum
487 2037 547 2069 aut
570 2031 839 2068 subaudiendum
861 2040 934 2066 esse
945 2039 1023 2065 cum
1037 2030 1095 2064 alii
1109 2030 1200 2064 vide-

126 2086 227 2121 ·rtmt
240 2111 250 2127 ,
272 2086 349 2119 tum
373 2083 547 2118 Fabricius
565 2082 651 2116 Bibl.
685 2082 791 2116 Graec.
814 2080 881 2115 vol.
910 2080 943 2116 11
957 2089 991 2122 p.
1022 2082 1095 2114 38⁶.
1117 2081 1200 2113 Tota

145 2132 236 2168 mim
250 2131 312 2166 ma
333 2129 481 2165 narratio
506 2138 548 2164 ex
562 2128 707 2163 Eudemi
724 2127 866 2161 historia
883 2126 1072 2169 geometriae
1096 2127 1200 2170 petita

145 2181 208 2216 est.
225 2177 440 2214 nenuclidis
457 2177 664 2211 theoremate
679 2177 706 2215 Ι,
726 2178 767 2209 23
786 2184 820 2218 p.
836 2177 876 2208 87
891 2173 1034 2217 (fragm.
1048 2173 1101 2214 90)
1118 2172 1200 2206 dicit

270 2237 320 2272 μα
339 2228 440 2260 τοῦτο
460 2224 640 2258 Οἰνοπίδου
661 2223 719 2266 μὲν
735 2223 863 2266 εὕρημα
881 2222 1001 2263 μᾶλλον
1013 2245 1021 2260 ,
1039 2221 1083 2257 ὥς
1103 2230 1199 2262 φησιν

6 2295 9 2302 0
175 2312 177 2314 ,
219 2272 234 2282 “’
261 2279 266 2281 ’
312 2274 348 2308 et
364 2281 399 2317 Ρ.
416 2273 459 2306 99
483 2270 623 2314 (fmgm.
639 2270 703 2313 92)
720 2270 870 2312 Εὔδημος
891 2270 936 2307 εἰς
959 2267 1034 2305 τοὺς
1049 2268 1201 2310 Πυθαγο-

3 2319 11 2363 ¹,
76 2344 93 2358 ,;
172 2319 178 2329 ”
206 2327 229 2331 ““
273 2320 458 2364 ἄναπέμπει
483 2319 544 2359 τὴν
573 2319 671 2352 τοῦδε
690 2320 750 2351 τοῦ
767 2318 976 2360 θεωρήματος
993 2316 1133 2358 εὕρεσιν.
1158 2315 1203 2348 At

144 2320 282 2413 ΕΡ.
295 2370 336 2402 81
355 2365 463 2400 nisius
475 2365 518 2399 de
530 2365 595 2398 hoc
608 2364 814 2407 problemate
827 2362 1004 2405 disputans
1016 2361 1130 2404 adjicit
1146 2362 1201 2395 καὶ

146 2414 433 2460 ὖᾶὲῑτὸθαῖιρημα
445 2416 545 2447 τοῦτο
554 2411 790 2457 Πυθαγόρειον,
805 2409 897 2444 haud
913 2409 1014 2442 dubie
1033 2417 1074 2442 ex
1086 2409 1201 2442 eodem

145 2456 299 2499 &demo
311 2460 563 2504 transcriptum.
580 2460 656 2493 Jam
670 2468 737 2492 non
755 2456 925 2492 dubitabis
941 2463 1018 2489 cum
1029 2455 1202 2498 Spengelio

147 2503 257 2550 dim
285 2508 416 2546 sudori
442 2507 608 2547 tribuere,
642 2515 720 2550 quae
738 2506 782 2540 ad
810 2504 940 2540 Euclid.
962 2505 988 2542 Ι,
1013 2506 1052 2536 47
1082 2513 1116 2546 p.
1144 2507 1203 2538 110

60 2587 63 2594 .
148 2557 384 2597 Μῶν
398 2555 456 2600 μὶν
472 2558 617 2599 ἱστορεῖν
639 2554 683 2587 τὰ
699 2554 825 2598 ἀρχαῖα
845 2552 1052 2595 βουλομένων
1071 2551 1203 2584 ἀκούον-

56 2634 63 2643 ,
97 2634 99 2638 .
147 2611 203 2649 τίς
217 2605 259 2640 τὸ·
276 2605 432 2649 θεώρημα
442 2605 543 2636 τοῦτο
563 2600 815 2644 εἰςΠυθαγὸραν
830 2598 1091 2642 ἀναπεμπόντων
1110 2597 1201 2630 ἔστιν

3 2654 6 2660 ’
48 2650 72 2693 J
114 2652 119 2654 ’
149 2652 342 2700 Qud
370 2651 541 2697 βουθυτεῖν
570 2649 732 2692 λεγόντων
755 2648 862 2680 αὐτῶν
882 2646 932 2679 ἐπὶ
951 2649 992 2689 τῇ
1024 2645 1148 2688 εὑρέσει
1170 2647 1204 2677 et

1 2715 6 2727 ι
156 2700 196 2707 “’““”
231 2739 233 2741 ,
264 2696 407 2734 inferius
429 2706 465 2742 p.
484 2700 543 2731 111
571 2697 811 2740 παραδέδονται
831 2695 867 2727 δὲ
895 2694 952 2726 καὶ
971 2692 1100 2735 μέθοδοί
1122 2704 1204 2731 τινες

2 2751 6 2762 “
59 2746 81 2762 ³
149 2708 210 2833 Ξ
204 2743 209 2791 s
221 2747 382 2793 εὑρέσεως
411 2747 478 2779 τῶν
502 2745 664 2778 τοιούτων
692 2743 863 2787 τριγώνων
879 2767 888 2782 ,
913 2737 957 2774 ὧν
983 2741 1041 2780 τὴν
1074 2739 1132 2782 μὲν
1160 2740 1205 2778 εἰς

291 2805 315 2829 α
339 2793 589 2836 ἀναπέμπουσιν
603 2817 612 2834 ,
632 2791 692 2830 τὴν
713 2789 749 2822 δὲ
774 2790 819 2827 εἰς
842 2787 1054 2831 Πυθαγόραν,
1075 2789 1095 2827 ἢ
1121 2786 1192 2829 (leg

72 2843 89 2864 ‘s'
132 2845 174 2886 νῆ
207 2842 283 2877 ὰπὸ
297 2843 457 2886 περιττῶν
472 2840 563 2873 ἐστιν
580 2839 724 2883 ἀριθμῶν
738 2847 749 2857 ·
770 2836 878 2876 τίθησι
894 2835 956 2878 γὰρ
979 2835 1050 2868 κτλ.
1070 2843 1103 2876 p.
1119 2837 1159 2867 37
1173 2846 1204 2868 οι

76 2898 78 2902 “
202 2886 204 2889 ’
226 2888 408 2925 οὖνπολλοὶ
421 2883 606 2931 γεωμέτραι
618 2889 675 2926 τῆς
693 2884 881 2927 διαιρέσεως
894 2883 1014 2921 ταύτης
1030 2882 1091 2915 οὐκ
1108 2881 1205 2925 ἔχου·-

195 2938 197 2941 ’
222 2934 415 2971 ὰκοδιδόναι
438 2935 555 2978 λόγον,
573 2934 644 2967 ἀλλ’
672 2932 827 2965 ὑποθέσει
846 2932 991 2975 χρῶνται
1019 2929 1076 2962 καὶ
1100 2929 1203 2973 ταύτῃ

71 2998 76 3011 =
149 2948 241 3033 a}
255 2984 340 3019 εἶναι
354 2981 487 3026 γωνίας.
513 2980 666 3015 Ἐπειδὰν
687 2979 722 3013 δὲ
740 2980 799 3019 τὴν
817 2977 925 3011 αἰτίαν
944 2976 1063 3014 αὐτοὺς
1084 2975 1208 3019 ἐρωτή-

276 3057 287 3074 ,
306 3030 346 3065 οὔ
366 3041 446 3074 φασι
469 3033 586 3074 χρῆναι
602 3026 681 3072 παρ’
703 3028 809 3060 αὑτῶν
831 3026 1003 3059 ἀπαιτεῖν·
1024 3025 1054 3057 οἱ
1076 3023 1112 3056 δὲ
1137 3024 1207 3056 Πυ-

50 3103 56 3119 ,-
153 3076 320 3127 “sopiam
345 3082 402 3120 τῆς
421 3079 556 3122 τριπλῆς
574 3077 729 3118 διανομῆς
754 3075 808 3108 ἐπὶ
825 3073 882 3111 τὰς
900 3071 1003 3115 ἀρχὰς
1027 3071 1207 3114 ἀναφέρον-

7 3126 10 3139 ³
154 3126 210 3170 τίς·
220 3128 280 3170 τὴν
294 3126 389 3161 λύσιν
401 3151 410 3167 ,
428 3125 490 3159 οὐκ
505 3125 683 3168 ἀποροῦσιν
699 3121 804 3159 αἰτίας
823 3120 1013 3154 ἀποδιδόναι
1021 3119 1077 3152 καὶ
1088 3116 1207 3158 ταύτης

45 3174 52 3187 ’
154 3174 217 3221 *ἦς
227 3174 382 3219 διαφορᾶς
406 3176 472 3206 τῶν
499 3170 732 3215 εὐθυγράμμων
754 3169 900 3212 γωνιῶν·
918 3167 1030 3206 ἐπειδὴ
1045 3166 1108 3210 γὰρ
1133 3166 1200 3200 κτ).

154 3220 260 3267 13:³82
282 3223 315 3256 ol.
335 3221 372 3255 δέ
387 3231 426 3263 γε
446 3219 663 3263 Πυθαγόρειοι
689 3221 730 3259 τῇ
760 3215 867 3259 τριάδι
888 3213 1067 3259 προσήκειν
1091 3213 1205 3253 αὐτήν.

156 3270 192 3315 ᾗ.
210 3270 251 3304 10
269 3271 341 3308 τοῖς
359 3267 417 3312 μὲν
435 3267 492 3301 οὖν
511 3265 745 3310 Πυθαγορείοις
764 3264 871 3297 ἐδόκει
892 3262 1040 3305 τέτραχα
1066 3261 1205 3305 διαιρεῖν

158 3317 219 3357 *ἣν
235 3316 311 3356 ὅλην
331 3315 557 3358 μαθηματικὴν
575 3313 771 3355 ἐπιστήμην.
788 3311 833 3343 Τὸ
854 3310 910 3353 μὲν
936 3309 999 3353 γὰρ
1018 3309 1118 3349 αὐτῆς
1135 3309 1207 3352 περὶ

163 3363 203 3398 τὸ
215 3363 320 3398 ικοσόν
331 3388 340 3404 ,
357 3363 397 3396 τὸ
412 3362 449 3396 δὲ
462 3362 539 3406 περὶ
557 3362 596 3395 τὸ
614 3361 750 3401 πηλίκον
778 3357 983 3401 ἀῖρορίζουσι,
1000 3357 1057 3390 καὶ
1084 3356 1209 3389 τούτων

162 3411 316 3459 ίκάτερον
333 3410 441 3444 διττὸν
458 3410 650 3453 τιθεμένοις.
669 3409 715 3442 Τό
739 3419 776 3440 τε
802 3407 865 3451 γὰρ
883 3406 987 3439 ποσὸν
1002 3407 1023 3445 ἢ
1039 3406 1111 3437 καθ’
1128 3404 1209 3437 αὐτὸ

162 3459 223 3501 τὴν
241 3457 422 3494 ΰκόστασιν
443 3458 528 3501 ἔχειν
546 3459 567 3498 ἢ
587 3457 669 3500 πρὸς
683 3456 760 3489 ἄλλο
777 3455 967 3498 θεωρεῖσθαι
980 3452 1067 3485 κατὰ
1083 3452 1207 3495 σχέσιν,

442 193 512 235 ΒΕ
541 193 867 236 ARISTOTELE
895 195 1126 245 EJUSQUE
1155 194 1438 237 DISCIPULIS
1466 195 1533 236 ET
1561 195 1983 237 SUCCESSORIBUS.

2214 196 2291 237 297

1253 284 1400 335 gelius,
1433 283 1580 335 adjeci,
1609 283 1732 323 verba
1766 297 1891 335 graeca
1920 283 2132 335 castigavi,
2155 283 2293 336 depra-

1252 348 1342 379 vata
1360 343 1532 392 restitui,
1554 344 1725 395 denique
1750 356 1830 383 non
1847 344 1965 382 modo
1991 343 2204 395 primarios
2222 343 2295 381 Eu-

1252 400 1353 439 demi
1383 401 1514 450 locos,
1545 402 1613 441 sed
1645 403 1758 441 etiam
1797 403 1903 442 dicta
1932 403 2188 450 Aristotelea,
2210 416 2297 454 quae

1251 460 1355 512 apud
1374 459 1618 514 Simplicium
1637 461 1813 501 Rhodius
1841 462 2100 515 philosophus
2117 462 2295 513 exponit,

1251 532 1274 558 e
1299 532 1430 570 graeco
1449 521 1493 560 in
1524 521 1691 560 latinum
1707 533 1930 560 sermonem
1957 521 2076 560 verti.
2100 519 2156 558 lta
2181 533 2298 572 spero

1253 578 1336 618 fore
1361 589 1406 619 ut
1428 593 1533 619 nova
1553 580 1637 619 haec
1656 580 1820 620 Eudemi
1852 581 2159 631 fragmentorum
2178 579 2300 618 editio

1251 639 1562 691 intelligentibus
1607 639 1745 679 talium
1786 652 1918 678 rerum
1963 637 2301 678 existimatoribus

1252 698 1456 749 probetur.

1313 761 1549 797 Andronicus
1564 760 1731 797 Rhodius
1753 759 1854 809 (26),
1876 758 1925 796 de
1944 771 2023 810 quo
2044 771 2164 810 supra
2179 756 2302 797 disse-

1252 816 1340 868 rui,
1372 817 1417 856 in
1447 817 1693 856 successione
1724 817 1774 856 ab
1808 817 2018 856 Aristotele
2050 817 2301 865 undecimus,

1253 875 1368 915 simul
1400 876 1539 916 Boethi
1585 876 1739 915 Sidonii
1778 885 1998 928 praeceptor
2036 876 2134 928 (27),
2183 876 2300 915 simul

1254 935 1416 986 aequalis
1464 935 1732 986 Tyrannionis
1765 935 1834 986 qui
1878 947 1901 972 a
1960 934 2124 973 Lucullo
2169 943 2305 986 captus

1254 1003 1313 1033 est
1330 994 1440 1047 (28),
1459 994 1683 1033 Aristotelis
1709 1003 1747 1033 et
1770 993 2034 1046 Theophrasti
2057 995 2202 1046 scripta
2222 994 2305 1046 pri-

1254 1068 1341 1094 mus
1361 1055 1523 1106 digessit
1544 1064 1660 1106 atque
1678 1068 1701 1093 a
1724 1053 1980 1105 Tyrannione
2000 1053 2202 1092 emendata
2217 1053 2302 1092 edi-

1255 1115 1312 1153 dit
1328 1114 1428 1166 (29).
1455 1118 1630 1166 Apparet
1649 1114 1847 1153 hominem
1868 1112 2064 1150 eruditum
2078 1141 2088 1160 ,
2108 1113 2150 1150 in
2167 1125 2303 1151 recen-

1255 1175 1377 1215 sendo
1400 1174 1612 1214 Aristotele
1632 1173 1921 1218 elaborantem,
1944 1185 2106 1224 operam
2126 1171 2304 1221 dedisse,

1256 1243 1299 1273 ut
1326 1234 1498 1284 genuina
1528 1247 1552 1273 a
1581 1233 1729 1285 spuriis
1764 1233 2031 1279 discerneret,
2072 1244 2193 1283 quum
2228 1245 2309 1269 non

1255 1295 1374 1333 modo
1389 1293 1694 1346 disputationem
1712 1294 1761 1331 de
1776 1291 2098 1344 interpretatione
2120 1289 2216 1343 (30),
2241 1290 2309 1329 sed

1258 1355 1373 1393 etiam
1406 1363 1642 1406 postremam
1671 1352 1798 1391 libelli
1830 1352 1879 1391 de
1914 1351 2132 1402 Categoriis
2158 1359 2308 1402 partem

1256 1467 1311 1499 καὶ
1328 1474 1366 1499 το
1383 1466 1520 1506 πηλίκον
1535 1467 1555 1506 ἢ
1573 1466 1667 1503 ἑστὸς
1680 1467 1700 1505 ἢ
1717 1465 1912 1507 κινούμενον
1930 1464 2023 1496 εἶναι.
2043 1462 2136 1495 Adde
2147 1461 2313 1504 Pythago-

1258 1522 1391 1546 reorum
1411 1514 1446 1546 et
1464 1512 1606 1546 Philolai
1635 1511 1837 1546 mentionem
1855 1519 1889 1554 p.
1913 1514 1942 1550 7,
1963 1513 2015 1549 36,
2048 1513 2101 1548 46,
2132 1512 2184 1542 48.
2209 1511 2313 1542 Porro

1257 1560 1430 1594 Eudemus
1448 1559 1539 1602 apud
1555 1558 1760 1601 Proclum.p.
1780 1561 1819 1592 19
1837 1557 1954 1591 laudat
1971 1556 2230 1590 Leodamantem
2241 1582 2249 1596 ‚
2268 1556 2313 1591 de

1258 1617 1326 1651 quo
1352 1606 1489 1640 Proclus
1506 1616 1540 1649 p.
1559 1609 1598 1639 58
1618 1606 1748 1649 μέθοδοι
1768 1606 1804 1639 δὲ
1829 1606 1917 1648 ὅμως
1938 1605 2180 1649 παραδέδονται
2194 1629 2203 1644 ,
2233 1605 2315 1637 καλ-

1256 1655 1351 1694 λίστη
1369 1654 1426 1697 μὲν
1446 1656 1467 1694 ἡ
1490 1653 1545 1686 διὰ
1569 1657 1626 1693 τῆς
1654 1653 1841 1690 ἀναλύσεως
1861 1652 1911 1685 ἐπ’
1929 1652 2031 1695 ἀρχὴν
2050 1652 2312 1693 ὁμολογουμένην

1258 1701 1429 1744 ἀνάγουσα
1454 1702 1493 1734 τὸ
1513 1701 1731 1743 ζητούμενον,
1755 1701 1796 1739 ἣν
1821 1700 1878 1732 καὶ
1901 1701 1919 1732 ὁ
1948 1699 2087 1732 Πλάτων
2101 1724 2110 1737 ,
2136 1700 2180 1736 ὥς
2207 1710 2286 1740 φασι
2302 1724 2312 1739 ,

1257 1749 1475 1791 Λεωδάμαντι
1493 1749 1691 1792 παρέδωκεν·
1716 1747 1770 1790 ἀφ’
1789 1747 1826 1788 ἦς
1844 1747 1901 1779 καὶ
1927 1747 2052 1782 ἐκεῖνος
2069 1746 2199 1778 πολλῶν
2227 1744 2314 1777 κατὰ

1257 1794 1461 1840 γεωμετρίαν
1484 1796 1617 1838 εὑρετὴς
1637 1794 1814 1837 ἱστόρηται
1826 1794 1990 1836 γενέσθαι.
2011 1802 2044 1835 Ρ.
2063 1797 2102 1826 22
2118 1794 2180 1833 ἤδη
2197 1793 2233 1826 δὲ
2248 1796 2313 1826 τῶν

1256 1844 1406 1876 παλαιῶν
1427 1845 1458 1876 οἱ
1479 1842 1537 1884 μὲν
1563 1841 1673 1875 πάντα
1688 1842 1887 1884 θεωρήματα
1903 1842 2016 1873 καλεῖν
2036 1839 2199 1880 ἠξίωσαν,
2215 1843 2258 1878 ὡς
2284 1842 2314 1873 οἱ

1256 1891 1334 1933 περὶ
1351 1890 1560 1923 Σπεύσιππον
1578 1889 1635 1923 καὶ
1660 1888 1853 1932 Ἀμφίνομον
1871 1887 2051 1931 ἡγούμενοι
2067 1890 2139 1925 ταῖς
2158 1888 2315 1931 θεωρητι·

1257 1941 1332 1976 καῖς
1349 1938 1543 1980 ἐπιστήμαις
1569 1936 1767 1979 οἰκειότερον
1795 1936 1880 1968 εἶναι
1898 1935 1970 1974 -τὴν
1995 1934 2062 1967 τῶν
2093 1934 2314 1978 θεωρημάτων

1257 1984 1479 2030 προσηγορίαν
1507 1986 1528 2025 ἢ
1558 1985 1617 2024 τὴν
1647 1984 1714 2017 τῶν
1738 1982 1998 2027 προὸλημάτων·
2025 1984 2055 2015 οἱ
2086 1982 2122 2015 δὲ
2151 1982 2314 2015 ἀνάπαλιν

1259 2033 1371 2066 πάντα
1392 2032 1611 2075 προὸλήματα
1637 2031 1740 2073 λέγειν
1760 2030 1923 2063 ἐδικαίουν
1936 2055 1944 2071 ,
1962 2030 1992 2062 οἱ
2018 2030 2092 2071 περὶ
2113 2029 2312 2071 Μέναιχμον

1261 2077 1479 2122 μαθηματικοί
1499 2079 1569 2111 κτλ.
1598 2086 1630 2119 Ρ.
1654 2079 1693 2109 23
1708 2078 1739 2110 οἱ
1757 2076 1793 2109 δὲ
1815 2077 1890 2120 περὶ
1908 2075 2090 2109 Ξενόδοτον
2111 2076 2168 2108 τὸν
2190 2076 2317 2119 προσή-

1260 2137 1366 2158 κοντα
1379 2129 1419 2167 τῇ
1443 2125 1623 2158 Οἷνοπίδου
1641 2125 1797 2166 διαδοχῇ,
1819 2125 1885 2156 τῶν
1909 2124 2060 2166 μαθητῶν
2083 2123 2118 2155 δὲ
2141 2122 2317 2166 Ἀνδρῶνος

1262 2172 1346 2213 (leg.
1376 2171 1591 2216 Ἀνδρώνιος)
1608 2171 1804 2214 διορίζονται
1827 2171 1863 2202 τὸ
1881 2171 2033 2214 θεώρημα
2049 2172 2108 2202 τοῦ
2125 2170 2316 2213 προὸλήμα-

1261 2229 1327 2255 τος.
1347 2217 1397 2251 Of.
1413 2214 1450 2260 ¹p.
1474 2217 1621 2256 31,item
1638 2225 1671 2258 Ρ.
1701 2219 1738 2249 21
1767 2216 1862 2248 πάλιν
1884 2217 1918 2248 δὲ
1935 2217 1972 2248 τὸ
1995 2218 2162 2258 στοιχεῖον
2188 2215 2316 2257 λέγεται

1262 2266 1378 2308 διχῶς,
1404 2267 1448 2302 ὥς
1474 2275 1571 2307 φησιν
1586 2265 1604 2296 ὁ
1631 2263 1834 2306 Μέναιχμος.
1860 2264 1941 2295 Haec
1960 2263 2061 2303 atque
2077 2261 2141 2294 alia
2166 2262 2318 2294 Eudemo

1262 2311 1515 2354 assignabimus.
1545 2310 1705 2344 Similiter
1728 2309 1892 2343 Eutocius
1918 2309 1961 2341 ad
1990 2307 2223 2341 Archimedem
2254 2310 2317 2340 Ar-

1263 2360 1373 2402 chytae
1395 2357 1713 2392 demonstrationem
1731 2357 1774 2390 ab
1791 2356 1942 2390 Eudemo
1961 2357 2137 2388 mutuatus
2153 2357 2215 2389 est.
2233 2357 2318 2389 Nam

1263 2405 1446 2447 sequndum
1462 2405 1632 2448 problema
1651 2405 1759 2437 κώνου
1776 2404 1923 2442 δοθέντος
1943 2405 1964 2443 ἢ
1983 2403 2156 2446 κυλίνδρου
2174 2407 2315 2447 σφαῖραν

1263 2457 1368 2498 εὑρεῖν
1389 2455 1437 2497 τῷ
1462 2454 1562 2496 κώνῳ
1586 2454 1607 2493 ἢ
1629 2453 1678 2495 τῷ
1703 2451 1863 2495 κυλίνδρῳ
1878 2452 1953 2489 ἴσην
1980 2450 2081 2483 solvit
2105 2450 2319 2482 Archimedes

1262 2512 1295 2545 p.
1315 2505 1372 2535 132
1390 2501 1443 2535 ed.
1464 2503 1571 2535 Oxou.
1594 2499 1656 2533 ubi
1682 2499 1845 2532 Eutocius
1867 2498 2010 2530 aliorum
2029 2496 2165 2539 quoque
2185 2497 2318 2529 mathe-

1262 2551 1462 2584 maticorum
1478 2547 1659 2582 solutiones
1670 2545 1830 2589 appositis
1849 2544 1963 2587 figuris
1980 2543 2098 2582 affert,
2115 2542 2163 2576 de.
2172 2543 2318 2585 Archyta

1264 2600 1377 2632 aulem
1395 2597 1442 2630 ita
1459 2595 1575 2630 scribit
1592 2605 1601 2629 :
1620 2598 1641 2635 ἡ
1671 2594 1826 2638 Ἀρχὺτου
1843 2593 1969 2637 εὕρεσις
1985 2594 2030 2630 ὡς
2054 2591 2205 2631 Εὔδημος
2223 2592 2318 2624 ἱστο-

1265 2650 1325 2690 ρεῖ.
1347 2644 1424 2678 Vid.
1439 2644 1558 2686 fragm.
1580 2646 1633 2676 91.
1652 2660 1694 2667 -

1305 2694 1371 2736 (26)
1390 2691 1510 2726 strabo
1527 2690 1588 2724 lib.
1610 2691 1686 2724 XIV
1702 2699 1735 2733 p.
1755 2693 1816 2724 655
1834 2688 1886 2722 ed.
1910 2687 2052 2722 Gasaub.
2069 2686 2111 2720 de
2126 2685 2242 2719 Rhodo
2265 2685 2319 2718 in-

1264 2741 1339 2775 sula
1363 2739 1503 2782 loquens
1530 2746 1630 2781 super
1655 2737 1738 2771 viris
1768 2735 1892 2770 illustri
1915 2734 2015 2768 laude
2043 2733 2219 2767 celebratis
2245 2732 2318 2766 baec

1265 2787 1380 2821 scribit
1394 2798 1402 2819 ι
1420 2787 1534 2830 ἄνδρες
1553 2787 1581 2819 δ’
1597 2786 1750 2829 ἐγένοντο
1768 2785 1896 2827 μνήμης
1912 2784 1996 2822 ἄξιοι
2008 2782 2122 2815 πολλοὶ
2135 2781 2320 2825 στρατηλά-

1264 2847 1319 2869 ται
1335 2846 1371 2868 τε
1390 2835 1447 2868 καὶ
1467 2832 1624 2875 ἀθληταί,
1639 2829 1684 2866 ὧν
1702 2833 1766 2865 εἶσι
1782 2833 1838 2865 καὶ
1862 2834 1892 2865 οῑ
1907 2829 2091 2864 Παναιτίου
2109 2831 2168 2862 τοῦ
2189 2827 2319 2870 φιλοσό-

1267 2895 1327 2917 φου
1342 2881 1517 2927 πρόγονοι·
1541 2881 1609 2914 τῶν
1627 2880 1663 2914 δὲ
1677 2880 1856 2913 πολιτικῶν
1878 2879 1934 2923 καὶ
1953 2879 2021 2911 τῶν
2042 2877 2116 2920 περὶ
2133 2875 2247 2918 λόγους
2262 2876 2318 2908 καὶ

1268 2929 1455 2974 φιλοσοφίας
1475 2929 1492 2962 ὅ
1508 2940 1545 2961 τε
1556 2926 1735 2967 Παναίτιος
1753 2927 1850 2965 αὐτὸς
1870 2927 1926 2960 καὶ
1943 2925 2148 3005 Στρατοκλῆς
2169 2924 2226 2956 καὶ
2250 2922 2319 2956 Ἀν-

1267 2978 1414 3022 δρὸνικος
1434 2978 1452 3009 ὁ
1468 2977 1506 3009 ἐκ
1519 2977 1586 3009 τῶν
1603 2975 1790 3020 περιπάτων
1807 2975 1864 3008 καὶ
1879 2972 1989 3007 Λεωνί
2008 2983 2046 3012 ης
2063 2973 2081 3004 ὁ
2095 2970 2234 3007 στωικός
2246 2980 2254 2989 ·
2270 2969 2318 3002 ἔτι

1266 3026 1303 3059 δὲ
1321 3024 1480 3068 πρότερον
1508 3022 1712 3067 Πραξιφάνης
1731 3022 1788 3055 καὶ
1811 3020 2005 3064 Ἱερώνυμος
2021 3018 2077 3051 καὶ
2091 3019 2254 3060 Εὔδημος.

1310 3072 1378 3115 (27)
1407 3070 1457 3105 ef.
1488 3070 1682 3103 Ammonius
1705 3070 1740 3102 iu
1760 3067 1950 3111 Gategorias
1980 3075 2012 3109 p.
2038 3070 2056 3099 2
2078 3067 2112 3098 et
2139 3068 2157 3098 5
2179 3072 2240 3097 uec
2254 3072 2318 3096 non

1267 3118 1452 3154 Alexander
1476 3116 1741 3160 Aphrodisiensis
1773 3115 1816 3149 de
1846 3114 1957 3148 anima
1988 3123 2061 3156 pag.
2086 3115 2155 3146 154.
2185 3113 2236 3144 De
2255 3109 2319 3143 hoc

1268 3166 1387 3201 Strabo
1402 3165 1462 3199 lib.
1486 3165 1562 3198 XVI
1579 3173 1612 3207 p.
1630 3166 1689 3198 757
1705 3165 1776 3196 καθ’
1796 3166 1882 3205 ἡμᾶς
1903 3162 1939 3195 δὲ
1955 3161 1993 3194 ἐκ
2009 3159 2139 3197 Σιδόνος
2155 3158 2213 3201 μὲν
2228 3156 2319 3190 ἔνδο-

1267 3216 1315 3253 ξοι
1336 3212 1504 3256 φιλόσοφοι
1521 3211 1676 3254 γεγόνασι
1702 3210 1823 3250 Βοηθός
1840 3221 1895 3251 τε,
1923 3205 1948 3254 ᾧ
1970 3205 2317 3249 συνεφιλοσοφήσαμεν

1266 3264 1362 3304 ἡμεῖς
1375 3260 1418 3292 τὰ
1438 3258 1677 3304 Ἀριστοτέλεια
1688 3284 1697 3299 ,
1717 3259 1773 3291 καὶ
1790 3256 1962 3296 Διόδοτος,
1984 3254 2118 3295 ἀδελφὸς
2134 3253 2251 3285 αὐτοῦ.
2275 3265 2320 3276 -2

1269 3308 1336 3348 (28)
1355 3306 1556 3340 Plutarchus
1580 3305 1642 3339 vit.
1665 3303 1795 3337 Lucull.
1815 3311 1887 3345 cap.
1915 3304 1952 3335 19
1969 3301 2035 3333 vol.
2055 3301 2104 3332 111
2122 3308 2154 3340 p.
2177 3300 2238 3330 304
2264 3296 2317 3331 cd.

1268 3355 1407 3388 nutten.
1434 3353 1511 3387 τότε
1530 3354 1587 3387 καὶ
1602 3351 1790 3397 Τυραννίων
1822 3352 1840 3384 ὁ
1861 3348 2085 3394 γραμματικὸς
2103 3346 2199 3379 ἑάλω.
2226 3343 2319 3377 Adde

1270 3401 1408 3436 Suidam
1435 3411 1470 3435 v.
1493 3400 1695 3445 Τυραννίων.
1723 3417 1764 3422 -
1788 3396 1856 3439 (29)
1880 3396 1957 3430 Vid.
1993 3393 2069 3428 adn.
2099 3395 2118 3425 9
2148 3395 2186 3446 ει.
2205 3394 2254 3424 14.
2276 3408 2318 3414 -

1270 3450 1334 3492 (30)
1349 3450 1435 3484 teste
1449 3447 1635 3483 Alexandro
1644 3444 1892 3491 Aphrodisiensi
1908 3443 1943 3477 in
1954 3443 2011 3476 lib.
2026 3445 2043 3477 Ι
2056 3440 2315 3484 Analyticorum.
