2528 3788
303 246 381 286 ΠΟ

300 333 422 387 βλέπει
435 348 471 371 τε
491 333 565 371 ἀντὶ
584 335 642 371 τοῦ
662 333 806 386 οὖρανου
826 335 873 377 εἷς
909 334 966 372 τὸν
990 335 1062 373 ἄνω
1095 335 1168 374 θεὸν
1202 352 1336 391 προσα-

298 393 440 445 γόμενον
468 393 570 430 αὐτοῦ
591 390 634 430 τὰ
665 390 824 442 ὄμματα,
848 393 1020 443 λαμὸάνει
1039 409 1075 432 τε
1095 394 1132 433 τὸ
1160 394 1222 446 μὲν
1251 412 1334 450 κρι-

299 451 389 489 τικὸν
407 451 474 488 ἀπὸ
492 466 552 497 της
572 448 734 503 θεωρίας,
756 449 795 488 τὸ
815 449 851 489 δὲ
874 451 1061 503 ὁρμητικὸν
1082 453 1153 492 ἀπὸ
1173 457 1233 502 τῆς
1251 456 1329 537 ἐφέν-

297 525 394 554 σεως.
453 509 522 549 Καὶ
553 511 570 547 6
598 508 775 561 Σωτήριος
812 512 894 562 παρ’
915 515 1000 561 ἡμῖν
1027 510 1146 564 λόγος,
1176 514 1267 553 Οὐδέ
1254 519 1317 552 ενν
1322 546 1331 565 ,

295 584 397 620 φησι,
422 568 562 606 δύναται
591 569 608 605 6
643 567 712 611 υίὸς
738 573 848 607 ποιεῖν
883 569 941 622 ἀφ’
975 571 1118 619 ἑαυτοῦ,
1140 571 1199 610 ἐὰν
1220 572 1268 622 μή
1294 589 1327 611 τι

294 627 404 679 βλέπῃ
425 627 481 665 τὸν
499 626 634 680 πατέρα
655 630 831 667 ποιοῦντα.
855 627 959 668 Ἀλλὰ
986 628 1053 683 γὰρ
1082 635 1234 670 τοσαῦτα
1269 632 1329 671 καὶ

293 686 371 739 περὶ
390 687 486 725 τοῦδε
509 689 526 724 6
548 685 756 736 Νουμήνιος.

345 745 554 798 (Eusebius
577 746 788 797 Praeparat.
815 745 959 796 Evang.
995 747 1064 788 lib.
1087 749 1139 789 xl
1168 763 1255 802 cap.
1283 751 1329 788 18

290 809 487 860 Νουμηνίου
510 810 588 862 περὶ
609 813 671 848 τοῦ
688 812 804 850 αὐτοῦ.
832 811 1095 862 Praegreditur
1115 824 1242 853 autem
1262 829 1326 854 ca-

290 879 356 920 put
375 870 421 907 (le
440 870 607 908 secundo
625 871 816 922 principio
827 883 875 908 ex
891 871 1060 921 Plotino,
1083 874 1188 925 quod
1208 875 1326 914 Euse-

288 928 373 967 bius
388 929 440 966 sic
457 930 604 967 claudit
626 943 634 966 ε
657 930 778 968 Ταῦτα
806 930 867 980 μὲν
889 932 906 969 6
930 932 1120 976 Πλωτῒνος·
1141 935 1158 971 ὁ
1178 933 1212 971 δὲ
1235 935 1326 972 Νου-

287 987 408 1038 μήνιος
427 987 470 1027 τὰ
490 987 678 1032 Πλάτωνος
704 988 906 1042 πρεσὸεύων
937 993 971 1030 ἐν
992 994 1060 1036 τοῖς
1079 993 1158 1046 περὶ
1177 994 1327 1044 τάγαθοῦ

284 1047 366 1085 τάδε
386 1046 444 1085 καὶ
467 1046 567 1091 αὐτὸς
586 1046 666 1099 περὶ
697 1051 756 1086 τοῦ
777 1048 936 1102 δευτέρου
970 1050 1078 1089 αἰτίου
1104 1050 1213 1103 λέγων
1236 1052 1325 1105 διερ-

288 1106 440 1158 μηνεύει.
464 1107 653 1146 Caeterum
676 1106 750 1146 loci
771 1108 887 1158 hujus
911 1109 1144 1161 principium
1166 1111 1328 1150 affertur

284 1174 320 1203 et
335 1166 528 1204 excutitur
547 1179 568 1204 a
589 1164 738 1217 Cyrillo
754 1175 887 1205 contra
916 1167 1114 1206 Julianum
1137 1169 1206 1208 lib.
1235 1170 1324 1209 Vlll

283 1223 394 1266 Tom.
413 1225 483 1264 Vll
505 1239 592 1277 pag.
623 1227 697 1264 338
730 1226 790 1267 ed.
825 1227 951 1266 Paris.
977 1227 1122 1279 Scripsi
1143 1233 1157 1250 ⁸
1181 1242 1190 1265 :
1212 1227 1322 1283 ἐπὰν]

283 1285 398 1324 codd.
431 1283 485 1322 ἐπ’
505 1283 546 1322 ἂν
575 1306 627 1314 -
646 1286 663 1308 ¹³
683 1285 704 1331 ἢ
726 1287 776 1337 τῷ
797 1285 1027 1339 πρωῖαίτερον
1049 1308 1101 1316 —-·
1119 1289 1219 1337 ἡμεῖς
1243 1290 1324 1326 ταῦ-

281 1343 360 1395 τόν]
385 1358 471 1382 cuin
490 1343 646 1382 Eusebii
663 1344 784 1392 codd3
806 1345 887 1383 haec
908 1345 1039 1384 omnia
1057 1347 1184 1384 omisit
1200 1347 1323 1397 Cyri!-

282 1403 355 1443 luS.
388 1423 440 1432 ·-
463 1409 476 1425 ⁰
505 1402 852 1457 προσκαλεσάμενοι]
889 1418 975 1442 cum
1006 1405 1162 1443 Eusebii
1197 1406 1320 1453 codd3

279 1461 603 1514 προσκαλεσάμενος
632 1463 814 1512 Cyrillus.
845 1484 899 1492 —
917 1463 934 1486 ‘¹
969 1463 1170 1516 ἀρχώμεθα,
1189 1464 1318 1509 οὕτως’-

279 1535 365 1559 cum
380 1520 536 1558 Eusebii
552 1521 652 1559 codd
667 1520 867 1574 ςάρχόμεθα
877 1522 913 1560 δὲ
928 1521 1036 1566 οὕτως
1045 1523 1231 1574 Cyrillus.
1245 1546 1297 1554 —
1308 1531 1321 1548 θ

280 1578 414 1617 εὐκτέον
438 1578 499 1631 μὲν
533 1578 624 1626 ἤδη,
658 1579 829 1618 διελέσθαι
861 1579 897 1617 δὲ
928 1578 1003 1633 δεῖ]
1034 1595 1123 1619 cum
1159 1581 1320 1620 Eusebii

278 1639 399 1687 codd3
438 1639 565 1677 omisit
595 1639 676 1677 haec
702 1640 886 1691 Cyrillus.
911 1663 961 1668 —
980 1640 992 1662 f
1018 1640 1109 1679 ἐστὶν
1132 1634 1200 1692 εἷς]
1233 1656 1319 1680 cum

277 1697 431 1736 Eusebii
460 1698 580 1745 codd3
603 1698 695 1736 ἐστὶν
716 1700 733 1736 6
754 1692 801 1743 εἷς
824 1699 1010 1749 Cyrillus.
1044 1722 1095 1728 ——
1111 1705 1127 1728 g
1154 1700 1309 1752 ἐπορεγό-

278 1758 401 1809 μενος]
422 1757 535 1796 codd.
572 1756 835 1810 ἀπορεξόμενος.
857 1780 910 1787 —-
930 1756 946 1780 ¹¹
968 1757 1069 1810 οὔτι]
1105 1759 1195 1797 libri
1225 1759 1316 1799 οὔτε.

278 1839 326 1845 -
348 1815 432 1855 Ῐκαὶ
452 1819 510 1853 τοῦ
530 1816 655 1866 δημιου
659 1820 796 1867 γοῦντος
829 1816 864 1855 δὲ
885 1821 960 1856 θεοῦ
989 1817 1058 1869 χρὴ
1081 1818 1230 1869 νομίζειν
1254 1835 1320 1858 πα-

275 1874 379 1928 τέρα]
401 1877 634 1912 membranae
665 1874 724 1913 καὶ
762 1879 821 1913 τοῦ
851 1876 1143 1928 δημιουργοῦντος
1175 1877 1210 1915 δὲ
1239 1878 1317 1930 περὶ

276 1933 405 1986 πατρὸς
434 1931 493 1972 καὶ
517 1935 588 1972 υἱοῦ
619 1934 688 1985 χρὴ
725 1938 811 1972 εἰναι
840 1934 1037 1986 νομίζεσθαι
1059 1935 1206 1990 πατέρα.
1243 1938 1317 1976 Sed

277 1996 381 2032 locus
407 1993 661 2044 inteipolatus
688 2002 765 2041 θεῖς
797 1996 962 2046 simplex
988 2004 1115 2034 autem
1142 2006 1315 2036 constru—

276 2053 587 2104 ctiorequiritur,
599 2061 641 2090 ut
655 2053 757 2104 apud
775 2053 974 2092 Platonem
988 2054 1152 2095 Conviv
1169 2069 1205 2107 p.
1222 2070 1312 2094 202.

277 2114 427 2164 1).ὁρᾷς
452 2114 525 2159 οὖν,
543 2109 632 2163 ἔφη,
663 2110 714 2149 ὅτι
740 2112 799 2150 καὶ
829 2111 870 2149 σὺ
890 2110 1034 2165 ’.Ερωτα
1059 2114 1096 2150 οὖ
1120 2113 1192 2151 θεὸν
1213 2115 1313 2163 νομί-

278 2176 428 2219 ζεις;--
440 2170 459 2194 k
477 2169 715 2222 κηδευόμενα]
736 2171 899 2221 eVigeri
922 2172 1170 2223 conjectur3a
1196 2174 1311 2213 codd.

273 2229 476 2277 κηδεύοντα.
509 2252 560 2260 -
583 2229 592 2252 ¹
613 2231 657 2274 ὡς
679 2231 895 2280 ἐμεγαλύνθη
916 2253 968 2261 -
989 2230 1025 2269 τὸ
1045 2232 1230 2284 πρόσωπον
1251 2236 1314 2280 τῆς

270 2291 353 2341 γῆς]
371 2289 492 2340 ‘petita
511 2298 599 2327 sunt
620 2302 640 2326 e
668 2290 809 2329 Psalm.
835 2296 905 2335 104
932 2303 991 2330 vs.
1017 2298 1063 2336 24
1088 2303 1194 2342 seqq.
1215 2313 1268 2320 —
1289 2298 1314 2314 ¹¹¹

270 2347 354 2400 πρὸς
373 2347 432 2399 σὲ]
452 2348 552 2386 idem
572 2351 644 2387 hoc
661 2348 746 2386 loco
761 2349 861 2386 valet
883 2349 988 2400 quod
1011 2350 1106 2402 παρὰ
1127 2354 1186 2388 σοῦ
1208 2352 1310 2402 apud

272 2408 430 2446 Atticos.
453 2408 652 2458 lEschylus
667 2405 798 2447 Prom.
820 2409 896 2459 968
916 2411 945 2447 εἰ
966 2410 1161 2462 προσδοκᾷς
1176 2411 1260 2460 ἐμοῦ
1277 2426 1309 2448 τι

270 2470 470 2505 πευσεῖσθαι
490 2466 601 2518 πάρα.
638 2468 837 2519 Aristoph.
866 2468 980 2520 Vesp.
1015 2469 1063 2506 56
1089 2468 1197 2519 μηδὲν
1226 2472 1309 2522 παρ’

270 2528 369 2574 ἡμῶν
379 2527 575 2579 προσδοκᾷν
587 2526 665 2564 λίαν
681 2527 781 2578 μέγα.
794 2527 867 2565 Sed
883 2528 976 2565 nihil
994 2528 1031 2565 in
1044 2529 1109 2566 tali
1121 2529 1312 2580 scriptore

268 2593 416 2622 mutare
443 2598 557 2623 ausus
584 2599 682 2625 sum.
718 2607 770 2616 —
798 2590 816 2608 ¹¹
850 2586 1095 2638 κηδευόμενα]
1127 2601 1148 2626 e
1183 2588 1310 2638 Vigeri

269 2643 515 2693 conjectura;
546 2644 655 2682 codd.
685 2643 887 2690 κηδεύοντα.
926 2669 976 2675 --
999 2651 1013 2667 ⁰
1031 2646 1215 2700 Σωτηρίου
1254 2648 1312 2686 λό-

271 2794 428 2836 impetum
463 2795 617 2837 accipiat.
683 2797 837 2830 Similiter
869 2799 981 2831 salutis
1014 2801 1135 2832 nostrae
1176 2801 1310 2841 auctor,

269 2851 385 2890 Nihil,
401 2852 519 2893 inquil,
539 2853 757 2894 potestfilc‘us
777 2855 897 2896 facere
917 2866 939 2888 a
963 2865 1021 2897 se,
1044 2859 1111 2890 nist
1137 2858 1226 2900 quid
1244 2868 1311 2900 pa-

273 2912 363 2943 trem
378 2911 571 2953 facientem
591 2912 725 2945 viderit.
753 2914 815 2946 Sed
845 2916 927 2948 satis
952 2915 1049 2948 ctiam
1068 2917 1109 2950 de
1133 2917 1196 2950 hac
1219 2926 1254 2949 re
1271 2926 1311 2951 ex

268 2970 438 3003 Numenio.

311 3031 360 3061 11.
390 3029 573 3070 Corporum
595 3030 736 3062 rationes
764 3031 942 3073 intelligere
975 3034 1067 3065 nobis
1090 3035 1187 3076 licet,
1221 3035 1300 3068 dum

268 3088 386 3129 partim
397 3097 415 3120 e
428 3087 589 3123 similibus
607 3089 716 3130 signis,
732 3089 848 3131 partim
862 3099 880 3122 e
900 3099 1012 3124 rerum
1022 3091 1203 3125 vicinarum
1222 3093 1308 3126 indi-

268 3146 325 3179 ciis
338 3146 558 3188 conjecturam
572 3147 719 3180 facimus.
731 3149 853 3180 Athoni
866 3149 933 3181 vim
948 3159 1062 3191 capere
1075 3152 1164 3184 nullo
1173 3162 1307 3194 prorsus

266 3206 364 3239 modo
383 3215 488 3248 neque
505 3194 547 3239 eir
560 3206 658 3238 ullius
684 3208 732 3239 rei
753 3207 870 3240 vicinae
899 3211 1050 3250 aspectu,
1072 3219 1177 3252 neque
1193 3220 1233 3243 ex
1250 3221 1309 3244 cu-

263 3268 416 3310 jusquam
433 3267 574 3307 omnino,
595 3277 669 3310 quae
688 3268 838 3301 sensibus
866 3269 1073 3311 percipiatur,
1095 3272 1307 3305 similitudine

265 3335 458 3369 possumus.
505 3327 568 3360 Sed
593 3326 766 3368 oportebit,
796 3330 953 3370 tanquam
980 3329 1008 3361 si
1036 3330 1109 3371 quis
1127 3331 1161 3363 in
1177 3332 1307 3373 specula

268 3386 384 3419 sedens
404 3386 555 3428 cymbam
578 3386 686 3419 medio
702 3386 736 3419 in
752 3388 835 3420 mari
850 3397 1044 3430 perparvam
1055 3414 1062 3425 ,
1081 3399 1179 3422 unam
1195 3399 1235 3422 ex
1252 3391 1305 3432 pi-

267 3447 415 3480 scatoriis
439 3447 502 3480 illis
527 3448 686 3489 aliquam,
713 3457 787 3488 quae
806 3448 884 3481 solae
900 3457 1054 3490 apparere
1075 3450 1192 3491 solent,
1219 3451 1305 3483 omni

264 3507 422 3545 comitatu
441 3506 582 3553 nudam,
599 3507 826 3557 fluctuumque
841 3507 1022 3541 intervallis
1042 3508 1202 3541 inclusam
1216 3532 1225 3550 ,
1243 3518 1306 3555 qua

1263 248 1296 288 N
1306 249 1485 291 UMENlI

1395 342 1478 393 γου]
1489 341 1629 380 Joann.
1647 341 1792 392 Evang.
1805 353 1889 392 cap.
1907 339 1990 391 XV,
2009 339 2047 380 5.
2061 361 2112 371 —
2126 355 2143 381 r
2153 352 2210 381 του
2222 341 2430 398 φυτεύοντα]

1394 399 1555 451 eVigeri
1573 402 1813 452 conjectura3
1836 399 1950 439 codd.
1971 399 2016 438 τὰ
2036 415 2117 452 φυτε
2120 400 2236 442 ὕοντα.
2253 407 2336 434 —ff
2361 399 2430 454 μά-

1394 460 1494 497 λιστα
1522 458 1616 513 ἔχει]
1642 472 1662 497 e
1693 458 1820 509 Vige1·i
1849 457 2094 510 conjectura3
2126 460 2240 501 codd.
2271 460 2428 511 μάλιστά

1394 532 1501 557 εστιν.
1525 541 1574 547 ·-—
1593 524 1607 541 ¹*
1634 519 1672 556 ἐκ
1691 522 1750 556 τοῦ
1772 516 1975 564 δεδωκότος,
1990 511 2050 556 οια
2073 518 2113 566 δή
2136 520 2229 570 ἐστι]
2251 533 2272 559 e
2293 519 2427 570 Vigeri

1394 576 1637 628 conjectura3
1660 577 1752 616 libri
1772 578 1810 616 ἐκ
1829 579 1888 615 τοῦ
1911 575 2114 622 δεδωκότος,
2141 576 2230 618 ἐστὶ.
2248 598 2301 608 -
2317 583 2331 602 “
2350 576 2426 623 θεός

1394 637 1482 674 ἐστιν
1505 635 1630 688 ἑστώς]
1664 651 1750 676 cum
1769 637 1916 687 Vigero
1933 651 1943 684 ;
1964 636 2078 674 codd.
2101 634 2173 679 θεὸς
2187 635 2286 684 ἔσται
2304 634 2424 681 ἑστώς.

1391 698 1464 726 —t
1477 694 1595 749 ὥσπερ
1614 695 1656 735 ἂν
1677 695 1708 735 εἴ
1723 712 1773 740 τις
1792 695 1881 735 οὕτω
1913 694 2032 747 λέγοι]
2063 694 2154 740 libri
2173 693 2293 748 ὥσπερ
2314 694 2358 734 ἄν
2375 710 2429 740 τις

1392 750 1480 790 οὕτω
1499 752 1607 805 λέγοι.
1638 778 1688 784 —
1706 759 1724 778 ¹¹
1743 758 1801 795 τοῦ
1821 755 1910 806 μήτε
1927 755 2193 807 διακρουσθῆναι
2213 753 2303 805 μήτε
2330 769 2431 807 περι-

1391 814 1632 866 πλανηθῆναι]
1649 814 1881 853 membranae
1902 817 1961 852 τοῦ
1984 812 2072 864 μήτε
2097 813 2320 865 διακροῦσαι,
2339 811 2428 864 μήτε

1392 871 1670 924 ἀποπλεχθῆναι.
1692 897 1744 904 —
1762 878 1777 897 v
1810 872 1929 921 οὐδέν,
1952 873 2081 925 φησι,]
2111 871 2254 912 Joann.
2280 871 2426 922 Evang.

1390 942 1475 981 cap.
1499 930 1540 970 V.
1562 945 1623 983 19.
1641 933 1708 986 ——)

1444 1002 1489 1030 Η.
1519 990 1576 1029 Τὰ
1597 990 1660 1041 μὲν
1679 986 1737 1031 οὖν
1777 990 1926 1042 σώματα
1958 989 2080 1029 λαὸεῗν
2110 990 2196 1041 ἡμῖν
2207 988 2347 1039 ἔξεστι,
2367 1000 2427 1036 σηὲ

1389 1048 1606 1100 μαινομένοις
1634 1049 1673 1089 ἔκ
1691 1066 1728 1089 τε
1755 1049 1904 1101 ὁμοίων,
1926 1047 1995 1087 ἀπό
2013 1065 2051 1088 τε
2071 1051 2139 1087 τῶν
2159 1050 2193 1087 ἐν
2213 1047 2284 1092 τοῖς
2309 1061 2429 1102 παρα-

1387 1108 1555 1161 κειμένοις
1574 1109 1825 1162 γνωρισμάτων
1846 1109 2003 1149 ἐνόντων.
2047 1107 2210 1160 Τάγαθὸν
2236 1106 2272 1146 δὲ
2291 1106 2427 1152 οὐδενὸς

1388 1167 1428 1205 ἐκ
1446 1168 1704 1222 παρακειμένου
1733 1170 1804 1207 οὐδ’
1834 1163 1892 1207 ουν
1914 1167 1982 1206 ἀπὸ
2014 1166 2134 1218 ὁμοίου
2167 1166 2332 1213 αἰσθητοῦ
2353 1166 2428 1205 ἔστι

1386 1227 1489 1265 λαὸεῒ
1477 1243 1505 1264 ν
1528 1227 1670 1280 μηχανή
1698 1243 1748 1271 τις
1778 1227 1938 1278 οὐδεμία.
1997 1223 2103 1265 Ἀλλὰ
2139 1224 2276 1274 δεήσει,
2304 1217 2376 1264 οἷον
2396 1225 2430 1266 εἴ

1386 1301 1435 1328 τις
1455 1285 1511 1324 ἐπὶ
1529 1290 1642 1339 σκοπῇ
1658 1286 1872 1337 καθήμενος,
1893 1289 1976 1324 ναῦν
1998 1284 2124 1323 ἁλιάδα
2148 1283 2316 1336 βραχεῖάν
2335 1299 2426 1334 τινα,

1385 1343 1514 1382 τούτων
1534 1347 1602 1384 τῶν
1636 1345 1873 1398 ἐπακτρίδων,
1909 1347 1976 1383 τῶν
2007 1343 2138 1392 μόνων,
2165 1341 2264 1392 μίαν,
2293 1341 2422 1393 μόνην,

1384 1401 1529 1454 ἔρημον,
1553 1403 1784 1454 μετακυμίαις
1800 1401 1968 1457 ἐχομένην
1989 1399 2235 1454 ὀξυδεδορκώς,
2257 1406 2322 1454 μιᾷ
2335 1402 2425 1456 βολῇ

1384 1464 1519 1501 κατεῖδε
1541 1466 1604 1511 τὴν
1624 1467 1718 1502 ναῦν·
1737 1463 1826 1502 οὕτω
1848 1462 1889 1509 δή
1911 1477 1989 1500 τινα
2007 1460 2199 1500 ἀπελθόντα
2217 1459 2338 1515 πόῤῥω
2355 1463 2425 1501 τῶν

1384 1523 1570 1571 αἰσθητῶν,
1588 1524 1755 1574 ὁμιλῆσαι
1769 1525 1818 1575 τῷ
1841 1524 1957 1575 ἀγαθῶ
1976 1521 2069 1573 μόνῳ
2087 1519 2189 1571 μόνον
2202 1549 2214 1567 ,
2235 1517 2317 1559 ivea
2335 1518 2424 1571 μήτε

1382 1596 1433 1624 τις
1453 1581 1654 1634 ἄνθρωπος,
1675 1581 1763 1633 μήτε
1783 1597 1816 1619 τι
1836 1583 1921 1633 ζῶον
1943 1579 2075 1632 ἕτερον,
2094 1577 2183 1629 μηδὲ
2200 1579 2303 1630 σῶμα
2319 1577 2422 1631 μέγα,

1383 1640 1470 1691 μηδὲ
1492 1641 1660 1692 σμικρόν,
1681 1639 1771 1679 ἀλλά
1796 1655 1846 1684 τις
1876 1639 2005 1692 ἄφατος
2038 1637 2096 1678 καὶ
2131 1637 2318 1690 ἀδιήγητος
2343 1640 2422 1677 ἀτε-

1381 1701 1471 1752 χνῶς
1483 1698 1611 1750 ἐρημία
1627 1698 1819 1746 θεσπέσιος,
1837 1696 1916 1736 ἔνθα
1928 1700 1985 1735 τοῦ
2003 1698 2131 1749 ἀγαθοῦ
2147 1695 2230 1744 ἤθη,
2245 1696 2423 1750 διατριὸαί

1381 1773 1418 1796 τε
1433 1757 1492 1797 καὶ
1514 1756 1673 1809 ἀγλαΐαι,
1687 1757 1771 1795 αὐτὸ
1791 1757 1827 1794 δὲ
1841 1757 1875 1795 ἔν
1892 1756 2023 1808 εἰρήνῃ,
2036 1757 2070 1794 ἐν
2091 1753 2266 1806 εὐμενείᾳ,
2285 1753 2325 1794 τὸ
2340 1755 2420 1807 ἤρε-

1382 1833 1458 1866 μον,
1473 1817 1512 1856 τὸ
1531 1816 1753 1870 ἡγεμονικόν,
1773 1815 1890 1864 ἵλεων,
1910 1814 2142 1867 ἕποχούμενον
2160 1814 2216 1853 ἐπὶ
2235 1816 2279 1866 τῇ
2301 1814 2416 1870 οὐσίᾳ.

1380 1875 1472 1914 Εἷδέ
1491 1874 1632 1927 τιςπρὸς
1650 1877 1719 1918 τοῖς
1746 1876 1921 1922 αἰσθητοῖς
1945 1875 2119 1926 λιπαρῶν,
2140 1871 2180 1911 τὸ
2200 1871 2329 1925 ἀγαθὸν
2346 1874 2420 1925 ἔφι-

1379 1932 1555 1983 πτάμενον
1570 1933 1791 1985 φαντάζεται,
1806 1933 1896 1987 κᾷπε
1903 1947 1957 1970 ιτα
1970 1933 2106 1985 τρυφῶν
2117 1929 2222 1970 οἴοιτο
2235 1932 2285 1984 τῷ
2300 1932 2421 1986 ἀγαθῷ

1379 1993 1655 2044 ἐντετυχηκέναι,
1669 1995 1726 2031 τοῦ
1742 1993 1869 2036 παντὸς
1887 1991 2168 2043 ἁμαρτάνει.Τῷ
2186 1987 2255 2042 γὰρ
2276 1989 2417 2041 ὄντι,οὖ

1381 2050 1513 2104 ῥᾳδίας,
1531 2043 1623 2096 θείας
1640 2051 1676 2089 δὲ
1693 2052 1778 2104 πρὸς
1793 2052 1877 2091 αὐτὸ
1893 2052 1944 2090 δεῖ
1957 2050 2113 2103 μεθόδου·
2125 2048 2186 2088 καί
2203 2050 2277 2088 ἐστι
2296 2050 2419 2104 κράτι-

1380 2125 1474 2160 στον,
1484 2112 1551 2149 τῶν
1564 2111 1736 2158 αἰσθητῶν
1749 2111 1980 2162 ἀμελήσαντι,
1989 2107 2268 2162 νεανιευσαμένῳ
2276 2103 2360 2162 πρὸς
2373 2108 2416 2149 τὰ

1379 2169 1598 2221 μαθήματα,
1619 2169 1696 2215 τοὺς
1717 2170 1878 2223 ἀριθμοὺς
1907 2168 2132 2223 θεασαμένῳ,
2153 2167 2260 2213 οὕτως
2278 2166 2423 2220 ἔκμελε-’

1378 2233 1485 2277 τῆσαι
1503 2229 1650 2280 μάθημα
1662 2259 1672 2278 ,
1686 2229 1719 2269 τί
1736 2231 1809 2269 ἐστι
1823 2229 1862 2268 τὸ
1877 2228 1928 2269 ἕν.
1942 2231 2065 2269 Ταῦτα
2083 2227 2145 2278 μὲν
2160 2228 2195 2266 ἐν
2209 2229 2258 2282 τῷ
2275 2226 2415 2281 πρώτῳ.

1377 2288 1439 2329 Ἐν
1455 2288 1489 2326 δὲ
1510 2291 1558 2340 τῷ
1579 2289 1730 2342 πέμπτῳ
1749 2289 1860 2328 ταῦτά
1877 2304 1992 2343 φησιν·
2013 2289 2042 2326 εἷ
2063 2288 2091 2326 δ’
2113 2286 2186 2326 ἔστι
2209 2286 2272 2337 μὲν
2294 2286 2415 2335 νοητὸν

1377 2353 1398 2397 ἡ
1420 2348 1519 2387 οὐσία
1536 2348 1595 2387 καὶ
1614 2351 1636 2396 ἡ
1653 2349 1725 2388 ἰδέα
1736 2378 1746 2396 ,
1762 2348 1890 2397 ταύτης
1907 2348 1935 2388 δ’
1955 2346 2162 2399 ὡμολογήθη
2181 2344 2423 2407 πρεσὸύτερονᾼ

1376 2410 1435 2448 καὶ
1468 2407 1575 2447 αἴτιον
1596 2401 1680 2448 εἶναι
1709 2411 1727 2447 ὁ
1763 2411 1860 2454 νοῦς,
1885 2407 1987 2452 αὐτὸς
2014 2401 2110 2451 οὗτος
2142 2405 2244 2457 μόνος
2269 2403 2415 2458 εὕρηται

1377 2469 1423 2506 ὢν
1445 2466 1482 2506 τὸ
1504 2466 1646 2518 ἀγαθόν.
1730 2466 1802 2506 Καὶ
1821 2466 1889 2539 γὰρ
1912 2468 1941 2504 εἷ
1961 2468 1978 2504 ὁ
2009 2465 2072 2517 μὲν
2104 2465 2314 2518 δημιουργὸς
2339 2464 2415 2510 θεός

1374 2529 1447 2567 ε’στι
1472 2525 1636 2578 γενέσεως
1666 2525 1780 2578 ἀρχή,
1805 2526 1843 2565 τὸ
1878 2525 2003 2576 ἀγαθὸν
2040 2523 2157 2569 οὗσίας
2186 2524 2278 2563 ἔστιν
2300 2523 2409 2578 ἀρχή.

1374 2586 1556 2659 Ἀνάλογον
1575 2584 1610 2624 δὲ
1630 2584 1742 2638 τούτῳ
1764 2584 1825 2636 μὲν
1847 2587 1865 2624 ὁ
1892 2583 2100 2658 δημιουργὸς
2122 2582 2218 2634 θεός,
2240 2580 2287 2622 ὢν
2307 2584 2412 2623 αὐτοῦ

1376 2646 1554 2698 μιμητής,
1575 2647 1618 2696 τῇ
1654 2645 1689 2683 δὲ
1719 2644 1820 2684 οὐσία
1842 2649 1863 2693 ἡ
1891 2643 2042 2697 γένεσις,
2072 2641 2175 2682 εἰκὼν
2195 2658 2301 2690 αυτης
2326 2636 2412 2682 ουσα

1374 2800 1464 2834 valet
1494 2800 1563 2833 acie
1589 2799 1812 2842 conspiciens,
1840 2807 1906 2831 uno
1936 2796 2107 2830 oculorum
2132 2795 2280 2838 coniectu
2309 2795 2412 2828 totam

1371 2860 1483 2893 videat
1502 2872 1509 2891 ι
1536 2859 1583 2892 ita
1602 2867 1868 2902 unumquemque
1898 2857 1938 2890 ab
1965 2855 2053 2889 omni
2078 2861 2189 2888 rerum
2211 2853 2411 2888 sensibilium

1371 2929 1434 2952 usu
1451 2920 1633 2962 sejunctum
1653 2928 1727 2952 cum
1750 2918 1819 2950 solo
1838 2917 1924 2949 bono
1940 2916 2047 2948 solum
2060 2914 2184 2948 versari
2197 2939 2205 2954 ‚
2230 2912 2288 2946 ubi
2306 2921 2412 2954 neque

1370 2980 1485 3020 nomn,
1502 2988 1607 3020 neque
1627 2977 1713 3011 aliud
1731 2976 1851 3010 animal
1866 3002 1872 3016 ‚
1897 2983 2006 3017 neque
2022 2974 2128 3007 ullum
2146 2971 2277 3006 omnino
2294 2980 2412 3025 corpus

1369 3039 1438 3072 sive
1453 3048 1606 3080 magnum
1629 3038 1699 3070 sive
1715 3045 1852 3079 parvum
1868 3035 2037 3073 occurrat,
2058 3033 2116 3066 sed
2140 3032 2240 3065 vasta
2255 3031 2410 3073 quaedam

1369 3099 1522 3139 omnique
1551 3097 1696 3130 oratione
1723 3095 1824 3136 major
1845 3103 1883 3128 ac
1909 3094 2004 3136 plane
2033 3092 2143 3125 divina
2167 3089 2308 3124 solitudo
2341 3101 2350 3123 z
2374 3089 2408 3122 in

1369 3167 1434 3199 qua
1452 3156 1529 3190 boni
1543 3164 1671 3197 mores,
1689 3153 1797 3188 studia
1809 3178 1817 3194 ,
1836 3152 1960 3186 deliciae
1979 3152 2056 3184 sunt
2073 3162 2081 3183 ι
2101 3149 2273 3192 ipsumque
2288 3147 2408 3181 honum

1369 3226 1498 3249 summa
1520 3225 1599 3259 pace
1626 3213 1788 3255 animique
1813 3214 1884 3245 tum
1907 3210 2062 3253 aequitate
2077 3211 2150 3242 tum
2172 3206 2409 3250 tranquillitate

1371 3276 1502 3317 fruens,
1535 3273 1633 3308 simul
1661 3282 1772 3306 rerum
1792 3271 2006 3315 principatum
2036 3268 2185 3302 obtinens
2205 3267 2239 3299 et
2255 3265 2408 3299 omnibus

1368 3334 1543 3376 propitium
1577 3335 1703 3366 naturae
1732 3331 1892 3365 universa>
1927 3329 2059 3362 insidet.
2103 3330 2228 3361 Verum
2258 3326 2285 3359 si
2315 3325 2403 3368 quis,

1368 3393 1446 3425 dum
1483 3393 1516 3425 in
1535 3392 1635 3425 rebus
1662 3390 1870 3424 sensibilibus
1892 3387 2045 3422 assiduus
2073 3396 2111 3420 ac
2143 3387 2234 3419 totus
2250 3385 2312 3426 est,
2329 3384 2408 3417 boni

1366 3450 1594 3491 cogitationem
1611 3449 1702 3482 velut
1717 3447 1921 3482 advolantem
1933 3444 2032 3477 menti
2049 3443 2201 3476 informat
2211 3467 2219 3479 .
2233 3450 2273 3474 ac
2287 3439 2405 3474 deinde

1367 3508 1533 3542 luxuriose
1561 3508 1674 3544 vivens
1699 3507 1822 3542 bonum
1845 3504 1909 3541 sibi
1936 3503 2067 3540 videtur
2086 3501 2260 3542 invenisse,
2283 3499 2313 3535 is
2335 3498 2406 3534 tota
2441 3501 2449 3507 “
