2508 3776
110 350 114 352 ,
138 348 151 368 .·
193 331 194 336 ¹
226 323 280 354 τις
299 301 388 349 εἶναι
407 309 512 349 δοκεῖ·
533 308 569 354 ὃς
583 310 619 349 δὲ
640 312 679 349 οὗ
707 310 811 362 μόνον
832 310 877 349 τὰ
899 309 1038 362 μεγάλα
1057 309 1117 348 καὶ

210 397 223 419 ,
242 367 335 410 ἀλλὰ
350 368 411 408 καὶ
434 369 478 408 τὰ
497 372 610 424 μικρὰ
632 371 866 423 ἀπαρνεῖται,
885 370 948 408 και
970 368 994 408 ἃ
1015 366 1118 416 δῆλός

152 422 372 480 Ϊ-’,δονᾶμενος
391 432 504 468 ταῦτα
531 430 779 483 προσποιεῖται
805 429 855 480 μὴ
890 428 1078 478 δύνασθαι,
1101 429 1119 466 ὁ

103 489 129 541 1,.
162 499 176 506 ,.
190 509 208 516 ,,
251 489 559 542 βαυκοπανοῧργος
578 488 719 540 λέγεται
739 487 799 526 καὶ
820 486 1120 548 εὐκαταφρόνητός

178 544 348 586 ,Ἔνίοτε
369 546 405 586 δὲ
423 563 484 586 και
507 547 645 593 ἀλαζὼν
667 547 725 586 διὰ
740 550 853 585 ταῦτα
871 549 1046 586 καλεῖται·
1065 549 1122 585 οἱα

233 606 269 644 ἕν
289 606 361 651 τοῖς
390 606 545 657 ἱματίοις
575 609 607 646 οἱ
626 606 806 649 Λάκωνες·
840 605 901 644 καὶ
924 606 994 659 γὰρ
1018 622 1078 644 και
1097 609 1120 653 ἡ

91 667 111 708 .'
157 688 161 694 ·
179 663 258 713 ολὴ
278 666 339 705 καὶ
357 668 379 713 ἡ
395 665 476 706 λίαν
504 665 656 720 ἔλλειψις
675 665 894 711 ἀλαζονικόν.
922 668 970 705 Οἱ
995 665 1030 704 δὲ
1052 680 1122 717 με-

82 719 146 772 fj-
201 723 380 779 χρώμενοι
391 727 436 778 τῇ
451 726 608 778 εἰρωνείᾳ
621 725 801 779 χαρίεντες
817 725 1014 778 φαίνονται,
1037 726 1121 764 olu-

215 782 298 837 περὶ
320 785 366 823 τὰ
381 783 463 824 λίαν
480 786 604 832 εὐτελῆ
622 801 682 823 και
702 782 837 838 σφόδρα
859 783 993 837 φανερὰ
1017 785 1123 836 εἷρω-

12 890 15 892 ,
81 847 141 894 ff·
147 865 150 872 ν·
205 857 253 884 -.ι
275 842 384 884 Οὕτω
399 843 436 884 δὲ
455 845 507 897 τῷ
523 845 746 896 ἀληθευτικῷ
766 847 826 882 τοῦ
844 859 884 882 τε
901 843 1041 897 εἴρωνος
1064 842 1125 881 καὶ

14 923 15 926 ¹
65 897 137 953 -ἷῗῑ
153 901 357 948 ‘haime'
338 902 603 953 αντικειμένου,
621 904 755 954 μᾶλλον
777 902 1007 943 ἀντίκειταιὸ
1033 905 1125 942 ἀλα-

66 957 118 1022 ΓΞ,
164 959 191 1010 ἢ
211 964 231 1003 δ
257 961 372 1016 εἴρων·
397 965 514 1015 χεῖρον
533 961 644 1015 γὰρὴ
672 963 872 1010 ἀλαζονεία,
900 966 946 1008 ὡς
978 962 1125 1016 φανερόν

104 1021 113 1029 “
143 1046 145 1049 .
195 1021 236 1060 ἐκ
251 1021 321 1060 τῶν
340 1019 547 1074 εἰρημένων.

62 1071 368 1134 ,²32(Sc1·ipsi:·⁸
383 1079 584 1136 κάνταυθα]
602 1081 687 1122 cod.
703 1081 895 1135 κάνταῦθα.
920 1104 971 1111 -
986 1079 1124 1133 ι’τινέ>ς]

66 1139 167 1184 ’ύοδ.
183 1138 284 1186 τίνος.
300 1144 371 1193 -)

529 1305 619 1358 Κεφ.
651 1303 687 1343 ι’.

187 1427 266 1469 Περὶ
280 1426 485 1470 εὐτραπελίας
502 1427 556 1458 καὶ
571 1430 634 1459 τῶν
651 1426 724 1468 παρ’
740 1427 873 1469 ἑκάτερα
892 1430 1025 1460 κακιῶν.

54 1542 70 1569 '²⁷
91 1546 98 1570 Ῑ
136 1544 156 1563 *
162 1543 272 1585 ‘Emi
290 1543 328 1584 δέ
342 1545 472 1584 ἔστινἸ
450 1545 565 1589 ανεσίς
575 1560 628 1590 τις
646 1544 744 1585 καῖ’
725 1545 919 1589 ανάπαυσις
935 1547 970 1584 ἐν
982 1547 1032 1598 τῶ
1051 1544 1130 1598 βίῳ,

35 1600 53 1607 ⁷*
63 1600 154 1654 ἁμὶ
161 1602 199 1643 ἓν
215 1600 328 1656 ταύτῃ
347 1605 392 1656 τῇ
410 1601 527 1641 ἀνέσει
547 1601 620 1641 ἐστί
638 1618 690 1646 τις
703 1601 860 1654 διαγωγὴ
876 1602 965 1653 μετα
982 1603 1134 1652 παιδιᾶς,

38 1677 52 1680 ’·
58 1656 182 1707 W
194 1659 257 1701 καὶ
275 1662 424 1700 ἰνταῦθα
445 1653 535 1699 εἷναί
555 1678 604 1706 τις
618 1661 739 1711 ὁμιλία
755 1661 869 1712 ἀγαθὴ
888 1661 947 1700 καὶ
963 1662 1134 1714 ἐμμελής,

47 1748 50 1751 ·
67 1719 149 1761 ³511
168 1718 284 1773 λέγειν
305 1713 363 1760 οἶα
383 1721 435 1759 δεῖ
454 1734 516 1759 και
534 1723 580 1764 ὡς
601 1722 654 1759 δεῖ
672 1720 730 1760 τὸν
760 1719 990 1765 ἄναπαυσεως
1009 1721 1134 1772 δεόμε-

82 1779 302 1831 Ἢδμοίως
324 1778 360 1819 δὲ
385 1779 447 1819 καὶ
473 1772 530 1818 οἷα
552 1780 605 1818 δεῖ
630 1779 790 1827 ἀκούειν,
825 1780 885 1819 καὶ
917 1781 964 1824 ὡς
985 1781 1057 1828 δεῖ,
1076 1779 1138 1820 καὶ

32 1842 38 1845 “
81 1838 144 1878 ὅτε
160 1839 229 1879 δεῖ.
249 1838 416 1893 Διαφέρει
440 1838 508 1892 γὰρ
525 1839 566 1878 τὸ
585 1843 732 1878 τοιαῦτα
753 1838 868 1890 λέγειν
890 1843 951 1878 τοῦ
971 1839 1135 1879 τοιούτων

28 1894 44 1934 ’ᾗ
87 1897 236 1939 Mein·
258 1897 336 1938 ὅθεν
359 1899 490 1946 δῆλον,
508 1897 562 1936 ὅτι
582 1897 657 1936 ἔστι
677 1898 737 1937 καὶ
769 1900 802 1937 ἐν
823 1898 933 1951 ταύτῃ
955 1901 998 1952 τῇ
1016 1898 1137 1953 ὁμιλία

46 1975 47 1978 ¹
86 1955 148 1997 καὶ
165 1955 346 2011 ὗπερόολή
359 1986 371 2006 ‚
394 1972 455 1996 και
477 1956 652 2010 ἔλλειψις,
671 1956 732 1996 καὶ
755 1957 921 2008 μεσότης.

25 2027 43 2063 j
139 2014 189 2034 *¹*
191 2014 240 2057 Ἣ
263 2015 327 2068 μὲν
347 2009 406 2055 οῧν
427 2015 605 2070 ὑπερὸολὴ
620 2016 824 2068 βωμολοχία
839 2017 1012 2064 καλειται,
1027 2016 1088 2055 καὶ
1106 2019 1136 2056 οἱ

87 2071 226 2129 ἔχοντες
247 2074 449 2128 βωμολόχοι
467 2074 528 2114 καὶ
550 2077 725 2128 φορτικοί·
749 2075 784 2114 οἳ
808 2078 858 2128 τῶ
879 2075 1037 2128 γελοίῳε
1024 2092 1138 2129 υπερ-

38 2131 42 2134 ”
86 2133 279 2186 ὃιίλλσυσι,
301 2134 362 2174 καὶ
381 2135 516 2186 μᾶλλον
531 2137 676 2181 ζητουσι
704 2135 743 2174 τὸ
762 2136 902 2186 γέλωτα
925 2150 1091 2183 ποιησαι,
1113 2135 1136 2183 ἢ

26 2222 30 2242 3
88 2192 128 2232 τὸ
143 2193 258 2246 λέγειν
279 2192 484 2246 εὖσχήμονα
495 2223 506 2240 ,
540 2193 600 2232 καὶ
625 2192 675 2245 μὴ
702 2195 825 2232 λυπεῖν
846 2193 904 2232 τὸν
925 2194 1137 2245 σκωπτόμε-

15 2270 29 2279 ·
87 2265 161 2291 νον.

21 2343 22 2346 ,
139 2306 196 2328 *⁸*
212 2304 399 2363 Ἔλλειψις
419 2309 454 2350 δὲ
474 2310 672 2364 σκληρότης
700 2310 760 2349 καὶ
792 2310 957 2362 ἀγριότης
970 2341 980 2361 ,
1017 2311 1077 2350 καὶ
1097 2312 1128 2350 οἱ

20 2377 28 2411 ἦ
47 2391 50 2400 =
86 2367 228 2427 δχαντες
254 2366 371 2422 ἄγριοι
387 2368 449 2409 και
472 2368 630 2422 σκληροί·
651 2367 775 2413 οἵτινες
788 2368 866 2409 οὔτε
881 2369 981 2408 αὗτοι
1001 2371 1136 2421 γελοῖον

24 2430 32 2477 ’ς
85 2426 185 2469 οῦδὲν
203 2426 362 2480 λέγουσι,
391 2427 453 2468 καὶ
479 2427 559 2474 τους
586 2427 754 2482 λέγοντας
787 2429 1056 2483 δυσχεραίνουσι
1076 2429 1138 2469 καὶ

37 2506 47 2531 1
88 2489 262 2539 μιοοῦσιν.

22 2591 38 2597 ,
144 2545 215 2565 'm
233 2545 281 2587 Ἥ
301 2545 338 2586 δὲ
360 2546 511 2598 μεσότης
526 2546 764 2600 εὔτραπελία,
781 2547 842 2586 καὶ
864 2547 936 2587 οἷ’
918 2563 1055 2599 εχοντες
1077 2548 1134 2586 εὗ-

23 2600 38 2661 ,¹
89 2604 280 2663 τράπελοι,
306 2598 376 2646 οἷον
398 2605 572 2659 εὔτροποι·
590 2605 650 2644 καὶ
670 2606 739 2660 γὰρ
763 2610 823 2645 τοῧ
850 2606 953 2654 ἤθους
974 2602 1099 2645 εἶναι
1081 2621 1138 2645 oo-

20 2671 39 2718 ᾗ,
91 2666 194 2707 κοῧεε
209 2670 231 2690 ⁸
239 2667 400 2704 τοιαῦται
422 2663 590 2712 κινήσεις·
617 2669 713 2704 οὗτοι
733 2665 770 2704 δέ
790 2667 876 2704 εἶσιν
906 2667 938 2704 οἳ
957 2664 1139 2710 παίζοντες

22 2719 42 2748 ‚²
95 2712 280 2777 ἐμμελῶς,
303 2723 363 2763 καὶ
386 2726 434 2770 ὡς
457 2725 531 2772 δεῖ,
552 2725 613 2763 καὶ
631 2724 701 2764 ὅτε.
725 2724 867 2787 Ὥσπερ
887 2725 973 2797 γὰρ’,
976 2726 1012 2763 αἳ
1034 2724 1135 2771 κινή-

87 2794 165 2829 ute
177 2782 222 2822 τὰ
243 2782 393 2836 σώματα
422 2784 760 2837 χαρακτηρίζουσιν,
792 2777 889 2830 οἷον,
924 2788 995 2837 π’ῦρ
1023 2783 1085 2835 μὲν
1115 2786 1137 2830 ἡ

88 2842 139 2886 εἷς
156 2843 196 2880 τὸ
216 2841 289 2880 ἄνω
307 2841 462 2890 κίνησις,
477 2841 538 2880 ακὶ
562 2847 632 2880 πᾶν
647 2846 773 2895 κοῦφον
785 2872 795 2891 ,
822 2841 911 2895 βαρυ
929 2842 964 2881 δὲ
982 2845 1004 2889 ἡ
1032 2843 1079 2886 εἷς
1099 2840 1139 2879 τὸ

79 2927 82 2930 «
119 2897 196 2940 ἴσον
213 2932 225 2953 ,
245 2900 306 2940 καὶ
326 2899 384 2940 ἐπὶ
403 2903 470 2939 τῶν
495 2901 612 2940 ἄλλων
630 2901 773 2951 ὁμοίως,
793 2900 884 2940 οὕτω
900 2901 960 2939 καὶ
980 2901 1050 2940 ἀπὸ
1068 2902 1137 2939 τῶν

37 2914 158 3031 ξω
185 2960 245 2999 καὶ
264 2959 480 3013 φαινομένων
511 2965 570 3000 τοῦ
592 2961 779 3014 ἀνθρώπου
798 2961 969 3008 κινήσεων
997 2962 1033 2999 αἱ
1054 2959 1139 3005 ἔξεις

88 3018 155 3066 ἧς
179 3019 297 3073 ψυχῆς
325 3018 508 3072 φαίνονται
544 3020 607 3059 καὶ
633 3019 680 3058 τὰ
702 3019 786 3068 ἤθη.
823 3019 928 3059 Ἐπεὶ
959 3018 996 3058 δὲ
1024 3020 1056 3058 οἱ
1076 3018 1138 3092 μεν

92 3078 239 3130 σκληροὶ
252 3077 427 3132 ἐλάχιστα
438 3078 624 3152 γίνονται,
654 3081 815 3119 πλεῖστοι
836 3079 873 3118 δέ
895 3080 980 3118 εἰσιν
1001 3080 1033 3117 οἱ
1051 3078 1136 3131 χαί-

19 3138 31 3170 Γ
68 3139 209 3189 ‘ponne
225 3138 352 3191 παιδιᾷ
381 3137 444 3177 καὶ
475 3137 694 3189 σκώμμασι,
715 3155 774 3177 και
794 3139 833 3177 τὸ
841 3139 990 3210 mYeko't'ov
1010 3136 1138 3189 ἀγαθον

31 3196 33 3198 ’
92 3194 189 3236 ‘uti'
202 3196 356 3248 μᾶλλον,
372 3195 395 3244 ἢ
414 3197 456 3236 τὸ
484 3198 703 3250 σκυθρωπόν·
726 3197 782 3237 διὰ
802 3201 904 3237 τοῦτο
923 3201 954 3237 οἱ
973 3195 1137 3251 βωμολό-

92 3267 152 3306 χοι
176 3253 380 3309 εὐτράπελοι
400 3255 588 3309 λέγονται,
609 3261 655 3302 ὣς
684 3258 864 3311 χαρίεντες
883 3257 943 3297 καὶ
965 3257 1066 3305 ἡδεῖς·
1084 3254 1138 3294 ὅτι

563 222 866 263 ETHlCORUM
895 219 1339 262 NICOMACHEORUM
1370 221 1745 262 PARAPHRASIS.

2133 226 2223 266 ’395

1177 307 1460 350 quemadmodum
1479 311 1513 342 et
1530 310 1684 343 Socrates
1700 309 1860 349 faciebat,
1879 310 2012 353 elegans
2029 311 2164 346 videtur
2183 321 2223 346 ac

1177 369 1341 401 venustus
1372 380 1382 409 3
1402 370 1437 401 at
1462 369 1521 411 qui
1545 377 1610 401 non
1637 370 1744 402 solum
1771 378 1890 411 magna
1918 372 1952 404 et
1974 371 2135 414 gloriosa,
2166 371 2225 405 sed

1178 427 1280 460 etiam
1311 435 1415 469 parva
1443 427 1616 467 infitiatur,
1650 430 1683 462 et
1709 437 1786 472 quae
1818 431 1930 472 aperte
1958 431 2089 472 potest,
2125 440 2226 474 supra

1181 486 1269 519 vires
1295 495 1373 519 suas
1387 495 1459 520 esse
1480 486 1634 526 simulat,
1656 487 1685 520 is
1703 487 1865 522 delicatus
1891 490 2059 522 veterator
2081 490 2227 533 appella-

1180 548 1237 579 tur
1264 547 1298 579 et
1322 547 1491 579 contemtu
1514 546 1634 589 dignus
1656 549 1718 580 est.
1773 548 1945 582 Interdum
1968 559 2048 582 vero
2067 550 2150 584 tales
2165 551 2228 584 lio-

1181 604 1287 637 mines
1299 607 1473 647 propterea
1495 605 1595 639 etiam
1619 609 1809 648 arrogantes
1823 609 1985 640 vocantur
2003 618 2010 639 :
2034 609 2179 651 qualiter
2194 610 2229 643 in

1183 664 1390 698 vestimentis
1411 665 1491 698 olim
1516 665 1755 699 Lacedoemonii
1773 665 1938 700 faciebant
1959 679 1966 699 :
1990 676 2067 701 nam
2084 668 2148 701 sibi
2171 670 2230 701 aut

1183 723 1323 756 nimium
1349 733 1518 757 assumere
1549 727 1607 757 aut
1623 734 1741 768 parum
1765 725 1912 759 tribuere
1927 726 1970 760 de
1990 735 2092 769 seque
2121 727 2231 760 omnia

1184 783 1369 822 detrahere,
1389 783 1573 825 arrogantis
1591 786 1653 817 est.
1683 784 1749 823 Qui
1773 787 1886 818 autem
1903 785 1991 818 intra
2008 786 2143 820 modum
2162 787 2233 820 dis·

1186 841 1399 875 simulatione
1413 845 1566 884 utuntur,
1587 852 1693 886 eaque
1710 843 1923 878 dissimulant
1940 854 2016 888 quae
2033 855 2098 879 non
2117 846 2233 880 admo-

1185 900 1266 933 dum
1284 900 1364 934 vilia
1382 910 1490 943 neque
1505 902 1540 934 in
1568 904 1727 944 promptu
1747 905 1825 935 sunt
1845 904 1954 946 posita
1969 929 1977 944 ,
2002 904 2026 937 ii
2050 905 2145 947 politi
2171 906 2235 939 ho-

1186 959 1292 992 mines
1312 959 1479 993 videntur.
1524 961 1634 1003 Atque
1658 961 1722 994 hoc
1738 961 1838 994 modo
1856 971 1963 1004 quum
1989 965 2022 996 et
2039 963 2234 998 dissimula-

1187 1020 1242 1052 tor
1261 1019 1372 1052 veraci
1397 1020 1582 1061 opponatur
1609 1021 1643 1053 et
1671 1029 1847 1063 arrogans,
1867 1022 1973 1064 magis
1994 1024 2106 1056 tamen
2133 1033 2233 1067 quam

1188 1077 1415 1111 dissimulator
1434 1077 1611 1120 opponitur
1641 1087 1798 1121 arrogans
1819 1092 1828 1112 :
1853 1079 1951 1122 peJus
1972 1081 2060 1114 enim
2087 1083 2234 1124 malum,

1189 1139 1227 1170 ut
1244 1139 1379 1180 apparet
1398 1146 1439 1170 ex
1458 1136 1500 1170 iis
1514 1146 1591 1180 quae
1610 1137 1773 1178 diximus,
1794 1140 1845 1172 est
1861 1140 2061 1181 arrogantia.

1640 1305 1718 1348 Gap.
1743 1306 1782 1339 X.

1283 1439 1327 1466 De
1335 1436 1508 1467 urbanitate
1523 1437 1556 1466 et
1569 1443 1637 1473 quae
1649 1435 1795 1473 utrinque
1811 1442 1880 1466 eain
1896 1434 2025 1472 cingunt
2040 1435 2130 1465 vitiis.

1236 1547 1348 1584 Quum
1375 1545 1488 1578 autem
1506 1543 1656 1577 remissio
1679 1542 1836 1585 quaedam
1860 1545 1895 1576 et
1922 1543 2017 1585 quies
2040 1543 2074 1575 in
2096 1543 2165 1576 vita
2187 1544 2242 1583 sit,

1195 1595 1229 1626 et
1243 1593 1278 1625 in
1295 1592 1358 1625 hac
1375 1591 1446 1635 ipsa
1471 1591 1665 1624 remissione
1688 1590 1825 1633 aliquod
1849 1592 1983 1633 tempus
2007 1600 2085 1623 cum
2109 1590 2189 1624 ludo
2208 1595 2242 1626 et

1193 1641 1267 1683 Joco
1281 1641 1434 1682 ponatur,
1462 1638 1517 1671 hie
1534 1647 1669 1681 quoque
1696 1637 1830 1670 videtur
1856 1638 2063 1671 conversatio
2090 1638 2245 1680 quaedam

1196 1690 1334 1724 honesta
1347 1691 1380 1722 et
1396 1689 1553 1722 concinna
1566 1689 1600 1722 in
1618 1698 1657 1722 eo
1682 1689 1823 1727 versari,
1855 1689 1968 1731 utqui
1989 1689 2113 1731 indiget
2132 1689 2246 1732 quiete

1196 1752 1274 1776 cum
1296 1743 1382 1776 talia
1412 1743 1514 1782 dicat,
1536 1743 1650 1786 qualia
1667 1745 1701 1776 et
1723 1742 2004 1785 quemadmodum
2014 1742 2080 1776 dici
2111 1742 2244 1780 debent,

1197 1798 1270 1829 tum
1298 1796 1399 1829 etiam
1429 1795 1557 1838 qualia,
1580 1794 1864 1837 quemadmodum
1896 1796 1929 1828 et
1949 1803 2055 1837 quum
2083 1795 2247 1828 audienda

1197 1851 1291 1887 sunt,
1314 1848 1440 1881 audiat.
1462 1849 1523 1881 Est
1539 1847 1627 1880 enim
1641 1846 1733 1879 allud
1747 1846 1825 1879 talia
1841 1846 1950 1880 dIcere
1964 1849 1998 1879 et
2012 1846 2092 1880 talia
2107 1847 2245 1880 audire:

1196 1901 1287 1935 unde
1299 1902 1446 1944 apparet,
1467 1900 1503 1932 in
1520 1900 1584 1933 hac
1601 1908 1735 1942 quoque
1750 1898 2000 1933 conversatione
2015 1899 2155 1932 nimium
2173 1908 2245 1932 esse

1197 1955 1231 1988 et
1246 1962 1366 1997 parum
1385 1954 1419 1986 et
1443 1951 1719 1985 mediocritatem.

1238 2007 1282 2039 Et
1294 2005 1435 2038 nimium
1451 2004 1605 2047 quidem,
1626 2002 1717 2046 quod
1734 2003 1768 2036 in
1786 2011 1824 2036 ea
1839 2012 1874 2036 re
1896 2004 1963 2041 est,
1989 2002 2174 2036 scurrilitas
2193 2012 2247 2035 vo-

1198 2067 1304 2104 catur,
1331 2064 1457 2108 quique
1475 2063 1524 2096 sic
1545 2064 1683 2106 peccant
1712 2071 1836 2096 scurrae
1863 2064 1965 2105 atque
1991 2061 2172 2104 importuni
2189 2062 2248 2094 ha-

1197 2125 1318 2158 bentur
1334 2134 1343 2154 τ
1369 2123 1429 2166 qui
1446 2122 1518 2156 risu
1540 2121 1705 2155 movendo
1726 2121 1863 2154 modum
1883 2119 2059 2160 excedunt,
2076 2120 2247 2162 magisque

1197 2183 1232 2217 id
1252 2183 1408 2222 student,
1427 2184 1466 2214 ut
1478 2181 1584 2214 risum
1595 2182 1760 2218 moveant,
1776 2189 1878 2222 quam
1895 2181 1934 2212 ut
1955 2179 2092 2212 honeste
2112 2171 2247 2222 loquan-

1197 2245 1264 2282 tur,
1282 2251 1366 2275 neve
1381 2251 1458 2274 eum
1474 2250 1575 2283 quem
1596 2239 1804 2277 cavillantur,
1824 2239 1937 2282 dolore
1955 2238 2112 2272 afficiant.

1240 2302 1363 2336 Contra
1391 2299 1481 2343 quod
1502 2299 1537 2332 in
1563 2307 1602 2331 eo
1623 2307 1742 2340 genere
1770 2307 1889 2340 parum
1917 2299 1992 2336 est,
2024 2297 2184 2340 asperitas
2213 2300 2246 2331 et

1198 2359 1369 2393 rusticitas
1396 2357 1619 2394 nominantur,
1648 2355 1774 2399 quique
1805 2355 1853 2388 sic
1884 2356 2045 2398 peccant,
2076 2355 2183 2398 asperi
2214 2358 2244 2389 el

1198 2418 1311 2453 rustiti
1330 2417 1487 2450 dicuntur
1502 2428 1510 2449 :
1527 2415 1587 2458 qui
1601 2423 1709 2457 neque
1729 2414 1792 2457 ipsi
1808 2413 1992 2457 quidquam
2008 2413 2158 2455 joculare
2171 2423 2244 2457 pro-

1197 2479 1309 2512 ferunt
1322 2503 1331 2519 ‚
1352 2478 1385 2510 et
1397 2477 1545 2518 jocantes
1563 2475 1758 2507 aversantur
1772 2475 1873 2516 atque
1885 2472 2037 2506 oderunt.

1239 2539 1281 2569 At
1302 2535 1513 2568 mediocritas
1531 2533 1703 2567 urbanitas
1721 2534 1783 2573 est,
1801 2532 1927 2575 quique
1939 2532 1974 2564 in
1994 2541 2032 2565 eo
2048 2540 2164 2574 genere
2183 2541 2246 2565 ex-

1198 2593 1339 2632 cellunt,
1361 2593 1521 2633 tanquam
1535 2589 1617 2623 bene
1630 2588 1762 2627 morati,
1783 2587 1902 2621 urbani
1924 2587 2132 2630 appellantur
2149 2600 2157 2620 ε
2180 2597 2249 2620 mo-

1198 2659 1274 2682 rum
1306 2648 1394 2682 enim
1419 2647 1505 2680 tales
1531 2645 1689 2679 videntur
1707 2654 1780 2678 esse
1803 2646 1916 2677 motus
1942 2654 1950 2673 τ
1977 2644 2012 2677 hi
2037 2646 2149 2677 autem
2171 2645 2249 2677 sunt

1198 2708 1257 2750 qui
1280 2705 1435 2739 concinne
1457 2705 1491 2737 et
1507 2701 1789 2745 quemadmodum
1814 2702 1848 2734 et
1865 2710 1971 2743 quum
1987 2702 2118 2743 oportet
2141 2702 2250 2742 jocan-

1198 2766 1265 2796 tur.
1298 2762 1392 2796 Sicut
1414 2761 1502 2794 enim
1536 2759 1688 2792 motibus
1717 2758 1786 2791 suis
1815 2766 1952 2799 corpora
1985 2757 2246 2799 distinguuntur,

1198 2819 1292 2854 verbi
1320 2827 1437 2859 causa,
1465 2817 1550 2859 ignis
1579 2818 1612 2849 et
1636 2813 1802 2858 quidquid
1829 2814 1903 2847 leve
1928 2816 1979 2847 est
1996 2815 2091 2847 motu
2116 2822 2249 2846 sursum

1198 2875 1409 2912 ascendente,
1431 2882 1534 2915 grave
1564 2874 1678 2906 contra
1706 2873 1801 2904 motu
1831 2868 1979 2904 medium
2009 2872 2162 2913 petente,
2190 2880 2249 2903 eo-

1197 2931 1340 2972 demque
1357 2928 1456 2962 modo
1474 2928 1509 2961 in
1531 2927 1683 2966 caeteris‚
1701 2927 1751 2959 ita
1773 2926 1875 2960 etiam
1898 2935 1940 2959 ex
1958 2925 2026 2959 illis
2046 2925 2193 2958 externis
2214 2927 2249 2958 et

1199 2985 1384 3028 conspicuis
1401 2983 1574 3017 hominum
1589 2983 1735 3016 motibus
1754 2982 1831 3025 quis
1852 2981 2037 3014 animorum
2056 2981 2192 3014 habitus
2214 2983 2247 3014 et

1200 3039 1316 3084 quales
1349 3047 1459 3071 mores
1479 3037 1566 3078 sint,¹
1591 3036 1799 3079 intelligitur.
1843 3037 1955 3073 Quum
1983 3043 2063 3067 vero
2085 3034 2243 3067 ratlasimi

1199 3096 1265 3130 sint
1278 3094 1328 3128 illi
1343 3102 1428 3136 quos
1448 3100 1582 3135 asperos
1592 3091 1758 3130 diximus,
1788 3089 1924 3133 plurimi
1939 3090 2053 3121 contra
2081 3098 2166 3131 quos
2181 3089 2248 3130 Joci

1198 3149 1364 3183 delectant
1380 3149 1413 3181 et
1433 3146 1608 3185 festivitas,
1626 3154 1797 3189 quumque
1811 3144 1928 3178 melior
1945 3143 2094 3177 scurrilis
2113 3143 2247 3176 habitus

1198 3206 1352 3239 videatur
1379 3213 1481 3247 quam
1498 3202 1688 3241 austeritas,
1707 3201 1746 3234 fit
1772 3203 1811 3234 ut
1830 3209 1956 3234 scurrae
1979 3208 2114 3242 quoque
2131 3198 2247 3231 urbani

1198 3262 1369 3300 vocentur,
1387 3259 1467 3303 quia
1485 3257 1597 3292 festivi
1616 3259 1650 3291 et
1670 3256 1809 3300 jucundi
1831 3256 2025 3299 ,iudicantur
2042 3254 2245 3298 :plurimum

135 3421 155 3440 *
166 3420 246 3463 0³1³.-
267 3423 295 3455 8.
316 3423 413 3463 οὔσης
427 3424 463 3457 δὲ
480 3427 535 3458 καὶ
551 3427 763 3463 ἀναπαύσεως
780 3428 812 3459 ἐν
833 3428 881 3469 τῷ
900 3427 962 3469 βίῳ
979 3429 1048 3460 κτ).
1064 3444 1106 3450 ——
1119 3427 1158 3447 4*
1175 3429 1214 3461 Οἱ
1231 3427 1288 3470 μὲν
1307 3427 1363 3460 οὗν
1384 3428 1431 3470 τῷ
1447 3425 1565 3469 γελοίῳ
1579 3425 1834 3469 ὑπερΰάλλοντες
1848 3424 1917 3455 κτλ.
1933 3438 1974 3444 -
1989 3420 2050 3440 *μ
2065 3422 2105 3453 Οἱ
2121 3419 2156 3453 δὲ
2171 3419 2245 3462 μήτ’

98 3469 192 3504 αυτοὶ
208 3469 247 3502 ἂν
264 3470 408 3509 εἰπόντες
424 3474 493 3506 κτλ.
519 3493 553 3498 -
581 3474 663 3494 *44*
685 3477 724 3508 Οἱ
739 3476 773 3508 δὲ
788 3475 934 3517 ἐμμεὶῶς
948 3475 1116 3515 παίζοντες
1132 3476 1322 3520 ευτράπελοι
1340 3477 1409 3509 κτ).
