2508 3776
289 229 368 269 386

292 331 376 366 ματι
399 314 578 367 ὑπερέχειν
601 312 661 352 καὶ
695 314 841 366 ἐργῶδές
875 316 948 355 ἔστι
962 345 973 364 ,
1009 318 1069 357 καὶ
1089 322 1235 371 σεμνόν,
1259 322 1318 360 καὶ

291 374 346 414 διὰ
359 378 460 412 τοῦτο
471 375 520 424 τῷ
537 374 771 426 μεγαλοψύχῳ
785 376 967 427 προσήκει·
982 377 1022 416 τὸ
1041 377 1076 416 δὲ
1091 382 1161 418 τῶν
1178 382 1311 431 με’σων,

289 433 348 473 καὶ
368 433 480 486 ῥᾴδιον
504 431 564 470 καὶ
580 431 676 470 οὐδὲν
698 431 801 484 μέγα·
816 432 876 472 καὶ
897 435 931 472 ἐν
954 435 1095 481 ἐκείνοις
1109 437 1171 489 μὲν
1191 439 1318 489 σεμνύ-

289 496 407 531 νεσθαι
426 492 488 529 οὐκ
508 490 646 542 ἀγενές,
667 492 701 528 ἐν
736 490 771 528 δὲ
803 497 874 536 τοῖς
909 500 1108 544 ταπεινοῖς,
1141 496 1317 548 φορτικόν·

286 550 404 602 ὥσπερ
433 549 466 588 εἴ
484 566 534 593 τις
555 549 671 589 ἐπεδε]
642 565 776 588 εικνυτο
795 550 858 597 τὴν
876 555 936 590 τοῦ
955 552 1118 604 σώματος
1142 555 1299 608 ρώμην’
1284 571 1318 593 εν

291 616 360 654 τοῖς
385 607 544 648 ἀσθενέσι
574 608 665 647 καὶε
653 609 720 648 υπὸ
739 608 841 648 νόσου
861 608 883 657 ἢ
903 612 1019 663 γήρως
1048 613 1319 673 διεφθαρμένοις.

285 667 366 708 Ἔτι
385 668 422 707 δὲ
446 671 464 706 ὁ
492 668 738 720 μεγαλόψυχος
758 668 834 707 οὐδὲ
865 670 1125 721 περιελεύσεται
1147 673 1258 718 ζητῶν
1279 674 1318 709 οὗ

285 726 531 778 τιμηθήσεται·
561 727 705 778 (μικρὸν
723 726 791 779 γὰρ
813 726 874 766 καὶ
892 732 1008 766 τοῦτο·
1021 728 1035 780 )
1063 728 1140 767 οὐδὲ
1164 729 1320 777 ἐθελήσει

283 786 369 825 ποτὲ
389 784 648 838 παραγενέσθαι
669 785 755 825 ὅπου
774 785 1012 839 πρωτεύουσιν
1029 787 1045 811 ¹¹
1060 787 1172 839 ἄλλοι,
1194 787 1252 827 ἵνα
1271 787 1320 839 μὴ

285 846 374 898 τύχῃ
392 848 461 885 τῶν
481 845 703 896 δευτερείων,
723 848 792 884 τῶν
811 845 992 898 πρωτείων
1014 845 1106 891 ἄξιος
1127 845 1188 887 ὤν.
1211 845 1320 886 Ἔστι

286 904 320 943 δὲ
344 903 422 942 οὐδὲ
444 902 582 953 ἕτοιμος
603 905 650 948 εἷς
675 903 736 949 τὰς
757 904 918 956 πράξεις,
941 904 1032 943 ἀλλὰ
1058 905 1161 957 ἀργός
1187 922 1238 950 τις
1258 905 1319 945 καὶ

287 962 480 1013 μελλητής.
502 965 611 1009 Ζητεῖ
632 962 700 1015 γὰρ
723 962 778 1001 ἀεὶ
799 963 966 1016 πράττειν
990 964 1126 1014 μεγάλα
1142 994 1152 1014 ,
1172 965 1232 1003 καὶ
1254 981 1319 1015 με·

283 1020 399 1072 γάλων
420 1019 519 1058 ἕνεκα
534 1049 544 1066 ,
566 1020 627 1058 καὶ
649 1020 723 1059 ὅθεν
747 1020 885 1072 μεγάλη
914 1020 1049 1072 γίνεται
1075 1021 1180 1073 τιμή·
1209 1027 1319 1061 ταῦτα

285 1079 321 1118 δὲ
356 1080 509 1123 σπανίως
546 1079 758 1130 συμπίπτει·
791 1081 850 1118 καὶ
885 1079 942 1118 διὰ
979 1083 1082 1119 τοῦτο
1117 1081 1219 1132 ὀλίγα
1257 1082 1319 1132 μὲν

284 1138 449 1190 πράττει,
473 1137 610 1189 μεγάλα
636 1137 670 1176 δὲ
691 1137 750 1176 καὶ
769 1138 960 1189 ὀνομαστοί.
995 1138 1067 1182 Οὒς
1095 1138 1131 1177 δὲ
1158 1137 1180 1185 ἢ
1202 1139 1320 1191 φίλους

284 1201 421 1249 ἡγεῖται
441 1196 472 1243 ἢ;
498 1196 660 1249 ἐχθρούς,
681 1199 835 1249 φανερῶς
854 1197 914 1235 καὶ
935 1203 1030 1248 μισεῖ
1053 1197 1113 1236 καὶ
1132 1198 1242 1250 φιλεῖ·
1265 1215 1321 1250 γι-

284 1255 410 1294 νώσκει
445 1254 508 1307 γὰρ
540 1257 729 1308 ἀσφαλῶς,
749 1255 803 1293 ὅτι
835 1256 927 1294 κατὰ
964 1255 1004 1294 τὸ
1034 1255 1107 1295 δέον
1139 1256 1319 1310 ἀμφότερα

285 1316 395 1362 ποιεῖ,
416 1314 475 1352 καὶ
496 1315 533 1352 οὔ
559 1315 689 1353 δέδοικε
710 1313 773 1361 τὴν
791 1315 889 1366 παρὰ
915 1317 984 1353 τῶν
1007 1316 1143 1353 πολλῶν
1171 1315 1322 1360 ἀδοξίανῖ

244 1379 246 1381 ’
286 1374 418 1423 μᾶλλον
439 1372 506 1426 γὰρ
529 1373 700 1424 φροντίζει
715 1375 778 1419 τῆς
799 1371 960 1418 ἀληθείας
980 1373 1115 1412 καὶτοῦ
1134 1372 1278 1422 δέοντος,
1295 1374 1318 1421 ἢ

284 1435 346 1479 τῆς
367 1431 476 1478 δόξης.
499 1432 570 1469 Καὶ
590 1430 646 1468 διὰ
665 1435 767 1470 τοῦτο
793 1431 1023 1484 φανερόμισός
1042 1434 1116 1471 ἐστι
1133 1433 1194 1471 καὶ
1218 1448 1320 1486 φανε-

287 1490 434 1543 ρόφιλος·
458 1490 517 1528 καὶ
546 1491 662 1528 πάντα
683 1490 741 1537 δέ,
778 1489 800 1527 ἃ
820 1489 915 1541 λέγει
935 1491 993 1528 καὶ
1023 1491 1195 1542 πράττει,
1218 1508 1321 1544 φανε-

286 1551 351 1600 ρῶς
371 1548 430 1587 καὶ
458 1547 552 1600 λέγει
587 1548 646 1586 καὶ
668 1548 829 1600 πράττει,
866 1549 923 1586 διὰ
957 1549 996 1586 τὸ
1027 1555 1254 1603 καταφρονεῖν
1276 1552 1322 1594 ὡς

285 1608 420 1659 εἴρηται
439 1609 499 1653 τῆς
521 1606 619 1658 παρὰ
638 1610 706 1645 τῶν
723 1608 863 1645 πολλῶν
885 1606 996 1655 δόξης.
1054 1608 1122 1647 Διὰ
1141 1613 1243 1647 τοῦτο
1263 1610 1322 1648 καὶ

285 1664 581 1719 παῤῥησιαστικός
613 1667 707 1711 ἐστι,
737 1665 797 1704 καὶ
831 1666 884 1703 ἀεὶ
914 1667 1089 1712 ἀληθεύει·
1121 1669 1150 1705 εἷ
1177 1668 1225 1717 μή
1255 1683 1321 1706 που

285 1725 502 1778 εἰρωνεύοντο
530 1724 616 1777 πρὸς
648 1723 727 1768 τοὺς
758 1724 931 1772 πολλούς,
954 1726 1013 1764 καὶ
1035 1726 1079 1763 τὰ
1098 1726 1206 1779 μικρὰ
1225 1726 1321 1774 λέγοι

283 1784 364 1835 περὶ
401 1785 547 1830 ἑαυτοῦ,
580 1782 635 1820 διὰ
676 1783 716 1820 τὸ
751 1782 799 1833 μὴ
833 1783 1018 1835 βούλεσθαι
1052 1786 1147 1836 παρὰ
1181 1786 1320 1836 φαύλων

286 1841 475 1894 ἀνθρώπων
511 1845 697 1892 τιμᾶσθαι.
723 1865 732 1881 ι
788 1843 884 1894 Συζῇ
914 1843 949 1881 δὲ
983 1842 1042 1881 καὶ
1076 1844 1253 1895 συνδιᾶγει
1282 1846 1320 1884 οὗ

285 1904 335 1947 τῶ
365 1901 527 1954 τυχόντι,
560 1900 651 1939 ἀλλα
683 1916 733 1952 τῳ
770 1900 872 1953 φίλῳ·
906 1902 945 1940 τὸ
971 1901 1039 1955 γὰρ
1071 1918 1119 1955 τῳ
1154 1903 1202 1954 μὴ
1233 1904 1321 1957 φίλῳ

287 1965 456 2008 συνεῖναι,
485 1959 544 1998 καὶ
563 1939 738 2011 τραπέζης
757 1960 817 1997 καὶ
838 1960 961 2034 στέγης
984 1961 1176 2010 κοινωνεῖν,
1197 1963 1235 2000 οὗ
1255 1979 1320 2012 με-

285 2019 500 2071 γαλόψυχον,
541 2018 632 2056 ἀλλὰ
664 2019 820 2058 δουλικὸν
852 2035 912 2057 και
944 2019 1144 2058 κολακικόν·
1166 2023 1322 2060 ταπεινοὶ

284 2077 351 2128 γὰρ
373 2080 405 2115 οἱ
422 2077 589 2125 κόλακες,
612 2076 673 2114 καὶ
692 2077 731 2116 τὸ
761 2077 935 2116 ἀνάπαλιν
956 2079 988 2115 οἱ
1007 2077 1165 2116 ταπεινοὶ
1195 2079 1321 2124 πάντες

286 2135 430 2179 κόλακές
450 2136 546 2174 εἰσιν.
571 2133 655 2174 Ἔτι
673 2135 712 2173 δέ
718 2165 730 2183 ,
749 2136 826 2174 οὐδὲ
846 2135 1081 2186 θαυμαστικός
1103 2152 1154 2180 τις
1173 2138 1190 2174 ὁ
1210 2153 1320 2189 μεγα-

284 2194 436 2248 λόψυχός
465 2196 560 2244 ἐστι,
588 2193 632 2232 τὰ
651 2194 803 2247 τυχόντα
823 2194 1114 2247 ὑπερθαυμάζων·
1136 2196 1233 2235 οὐδὲν
1254 2197 1321 2250 γὰρ

289 2254 391 2298 αὐτὸς
420 2253 553 2303 νομίζει
581 2252 688 2304 μέγα.
710 2252 805 2292 Ἀλλ’
825 2254 903 2292 οὐδὲ
933 2252 1161 2304 μνησίκακος”
1192 2257 1320 2308 μικρὰν

286 2313 353 2365 γὰρ
374 2311 434 2350 καὶ
454 2311 518 2358 τὴν
547 2311 645 2363 παρὰ
664 2313 732 2350 τῶν
759 2315 891 2364 ἐχθρῶν
911 2311 1048 2364 βλάὸην
1077 2315 1235 2363 ἡγεῖται,
1262 2315 1322 2354 καὶ

287 2370 396 2422 μηδὲν
418 2372 511 2422 αὐτῷ
531 2369 726 2420 δυναμένην
750 2370 1017 2422 λυμήνασθαι,ἰ
1037 2371 1094 2409 διὰ
1117 2371 1156 2410 τὸ
1177 2372 1322 2425 μέγεθος

286 2431 347 2475 τῆς
364 2430 515 2479 ἀρετῆς,
543 2428 658 2472 ἄλλως
679 2444 717 2466 τε
736 2429 751 2451 ¹‘
780 2429 840 2467 καὶ
860 2428 900 2467 τὸ
921 2430 1238 2481 ἀπομνημονεύειν,
1262 2434 1320 2472 καὶ

286 2485 575 2538 παρεληλυθότων
606 2490 778 2525 ποιεῖσθαι
803 2486 922 2537 λόγον,
941 2486 1000 2525 καὶ
1024 2489 1137 2525 ταῦτα
1163 2489 1222 2527 καὶ
1251 2506 1317 2528 κα-

286 2547 377 2592 κῶν,
397 2544 615 2596 μικροψύχου
635 2545 724 2589 τινός
746 2548 834 2584 ἐστι·
853 2545 893 2583 τὸ
910 2545 958 2583 δὲ“·’-
956 2552 1142 2598 παροραν,
1165 2550 1320 2599 μεγαλο-

287 2603 412 2655 ψύχου.
433 2602 498 2646 e*Oc
517 2603 584 2655 γὰρ
612 2607 659 2641 ὡν
685 2599 721 2641 εῧ
737 2605 920 2652 πέπονθεν,
954 2606 1113 2655 οὐδαμῶς
1137 2605 1223 2650 ἀξιοῖ
1255 2624 1321 2658 με-

289 2665 456 2711 μνῆσθαι,
473 2664 518 2702 ὡς
536 2663 570 2699 ἐν
586 2667 654 2705 τοῖς
667 2663 827 2716 ἀνωτερω
844 2663 1018 2712 λέλεκται,
1039 2664 1094 2702 διὰ
1107 2665 1146 2703 τὸ
1158 2666 1206 2716 μὴ
1230 2667 1319 2719 μέγα

287 2725 375 2759 εἶναι
406 2721 466 2758 καὶ
488 2720 580 2765 ἄξιον
601 2723 706 2759 αυτοῦ
726 2737 764 2759 το
785 2716 823 2760 εὖ
840 2723 1007 2774 πάσχειν,
1031 2725 1152 2776 πολλῷ
1183 2727 1320 2774 μᾶλλον

287 2773 334 2818 ῶν
355 2781 471 2822 κακῶς
491 2779 641 2817 πέπονθε
661 2780 760 2831 παρά
778 2796 881 2819 τινων
899 2782 936 2819 οὐ
959 2782 1216 2831 μνησθήσεται.
1235 2781 1321 2824 Ετι

288 2836 323 2875 δὲ
355 2835 434 2875 οὐδὲ
463 2836 605 2888 πράξεις
626 2837 760 2881 τινὰς
742 2855 763 2884 η
797 2839 910 2877 ἄλλων
945 2839 1136 2892 ἀνθρώπων
1160 2841 1322 2894 ἀνέχεται

286 2894 509 2945 καταλέγειν,
529 2895 551 2940 ἢ
573 2897 711 2935 ἑαυτοῦ·
741 2896 821 2934 οὔτε
849 2897 916 2949 γὰρ
937 2901 1008 2937 τῶν
1041 2899 1193 2938 ἐπαίνων
1224 2902 1320 2953 αὐτῷ

289 2954 386 3004 μέλει
421 2955 490 2990 τῶν
529 2955 674 3003 ἑαυτοῦ,
713 2953 791 2992 οὔτε
825 2958 892 2993 τῶν
914 2955 1045 2995 ἄλλων.
1086 2957 1180 2997 Οὐδὲ
1214 2959 1320 2997 πάλιν

288 3010 444 3059 σπουδὴν
475 3011 568 3063 ἔχει,
588 3011 646 3049 ἵνα
668 3028 699 3051 οι
718 3012 818 3051 ἄλλοι
839 3014 1027 3066 ψέγωνται·
1052 3018 1089 3054 οὗ
1107 3016 1219 3055 τοίνυν
1240 3017 1320 3056 οὔτε

288 3072 502 3114 ἕπαινετικός
523 3072 630 3119 ἐστιν,
656 3070 734 3109 οὔτε
756 3073 966 3124 κακολόγος·
989 3075 1070 3114 οὐδὲ
1091 3076 1167 3119 τοὺς
1182 3076 1322 3129 ἕχθρους

289 3128 471 3181 διασύρει,
498 3130 527 3166 εἰ
556 3129 605 3179 μή
627 3144 692 3166 που
715 3130 906 3182 παρόντας·
929 3148 968 3170 το
988 3133 1056 3185 γὰρ
1079 3134 1230 3178 ἀπόντας
1250 3140 1321 3173 λοι-

289 3189 461 3240 δορεῐσθαι
480 3215 491 3235 ,
525 3188 562 3225 οὗ
594 3189 859 3240 μεγαλοψύχου.
892 3190 982 3242 Περὶ
1012 3192 1047 3229 δὲ
1077 3193 1275 3244 ἀναγκαίων
1298 3193 1319 3241 ἢ

290 3248 423 3298 μικρῶν
441 3246 479 3284 οὗ
498 3245 632 3299 σφόδρα
652 3246 826 3294 ἱκετεύει,
847 3247 870 3294 ἢ
894 3250 1104 3301 ὀλοφύρεται
1118 3282 1127 3298 ,
1148 3252 1207 3289 ἐάν
1230 3268 1320 3295 τινος

289 3306 413 3356 δεηθῇ·
442 3306 460 3342 ὁ
481 3303 548 3355 γὰρ
569 3303 680 3355 μηδὲν
705 3304 795 3356 μέγα
824 3306 1034 3357 ἡγούμενος,
1058 3309 1146 3357 μηδὲ
1166 3310 1316 3348 σπουδά-

290 3362 361 3409 ζων
382 3363 462 3414 περὶ
480 3363 575 3402 οὐδὲν
596 3364 664 3401 τῶν
687 3363 923 3415 ἀνθρωπίνων,
947 3367 1020 3408 πῶς
1050 3366 1194 3404 δύναται
1215 3367 1320 3409 οὕτως

293 3421 556 3474 ᾆγεννῶςέχειν5
576 3421 644 3461 Ἀεὶ
661 3422 696 3461 δὲ
720 3422 758 3460 τὸ
780 3421 887 3462 καλὸν
907 3426 967 3461 τοῦ
985 3424 1125 3474 κέρδους
1141 3427 1318 3476 προτιμῶν

1094 231 1380 274 *ANDRONICI
1407 234 1582 275 RHODII

1379 337 1413 360 se
1430 330 1564 370 praestet
1590 340 1597 360 τ
1618 330 1790 370 propterea
1807 329 1897 371 quod
1908 331 2068 373 eiusmodi
2083 333 2232 367 homInes
2244 331 2412 367 honestto-

1378 396 1431 420 res
1451 389 1485 420 et
1511 387 1747 421 moderatiores
1761 397 1833 421 esse
1847 389 1963 423 solent.
1981 392 2146 426 Praeterea
2162 402 2218 426 eos
2238 393 2298 435 qui
2305 392 2412 435 digui—

1378 447 1447 478 tate
1470 447 1635 479 excellunt
1654 455 1808 489 superare
1824 449 1857 480 et
1880 447 2012 482 difficile
2027 452 2077 483 est
2094 453 2128 484 et
2140 451 2303 493 amplum,
2317 451 2412 485 ideo-
2472 438 2478 441 Δ

1378 513 1444 545 que
1463 505 1708 550 magnanimum
1740 506 1835 539 decet
1854 519 1861 538 :
1884 508 1919 539 at
1944 507 2126 542 mediocres
2141 518 2314 551 superare,
2339 510 2414 543 tum

1379 557 1542 599 proclive,
1572 560 1643 591 tum
1674 559 1756 591 nihil
1781 560 1901 601 negotii
1921 561 1972 593 est
2001 569 2009 588 τ
2030 562 2062 593 et
2083 560 2170 594 inter
2185 561 2262 595 illos
2283 560 2414 604 gloriari

1380 616 1526 657 generosi
1552 617 1695 650 hominis
1719 627 1790 651 esse
1814 618 1958 656 videtur,
1982 618 2068 652 inter
2090 619 2234 652 humiles
2250 617 2364 657 tutan
2381 619 2416 653 et

1379 673 1508 708 infimos
1522 675 1698 708 ridiculum
1717 678 1818 719 atque
1837 677 1984 719 ineptum
2000 679 2138 719 putatur
2159 689 2167 710 ε
2186 687 2252 711 non
2264 685 2360 713 secus
2377 684 2418 710 ao

1381 732 1410 765 si
1427 733 1503 775 quis
1528 734 1615 767 inter
1642 735 1789 768 infirmos
1820 738 1878 769 aut
1911 736 2028 769 morbo
2046 735 2101 770 vel
2129 736 2220 770 senio
2253 734 2418 771 oontoaos

1381 791 1527 834 corporis
1544 792 1646 825 robur
1664 795 1857 826 ostentaret.
1895 796 1997 826 Porro
2013 803 2120 836 neque
2132 794 2272 828 honores
2293 793 2418 828 ambire

1381 859 1420 882 ac
1433 852 1545 892 petere
1567 852 1657 885 volet
1678 853 1906 895 magnanimus
1923 862 1930 884 z
1953 854 1963 895 (
1982 862 2059 885 nam
2077 855 2111 886 et
2130 853 2195 886 hoc
2221 852 2294 886 leve
2318 854 2371 886 est
2388 854 2416 893 ι)

1380 918 1487 950 neque
1501 919 1648 952 unquam
1678 911 1719 944 ad
1741 920 1779 944 ea
1797 911 1930 944 accedet
1959 912 1993 944 in
2020 911 2142 954 quibus
2156 911 2213 944 alii
2239 910 2419 954 principem

1380 967 1489 1000 locum
1510 969 1674 1008 obtinent,
1694 979 1736 1002 ne
1750 970 1872 1012 primas
1887 972 1998 1012 partes
2009 970 2128 1003 merito
2147 970 2299 1003 secundo
2325 967 2418 1003 defe-

1380 1029 1505 1060 rantur.
1527 1030 1651 1061 Verum
1664 1038 1771 1070 neque
1787 1031 1938 1071 promtus
1953 1031 1986 1062 et
2004 1030 2112 1063 alacer
2130 1029 2173 1062 ad
2186 1028 2333 1062 actiones
2343 1018 2419 1062 sus-

1381 1085 1547 1127 cipiendas
1557 1111 1565 1126 ,
1584 1087 1642 1119 sed
1654 1089 1797 1119 cessator
1810 1088 1920 1129 potius
1941 1090 1974 1120 et
1987 1090 2158 1121 cunctator
2175 1089 2236 1121 est.
2283 1087 2419 1130 semper

1382 1145 1468 1177 enim
1495 1145 1621 1187 magnis
1642 1145 1825 1178 actionibus
1856 1146 2003 1179 intentus
2030 1148 2102 1187 est,
2122 1155 2198 1179 cum
2226 1137 2420 1189 magnarum

1381 1211 1492 1235 rerum
1510 1213 1624 1242 causa,
1646 1205 1719 1236 tum
1746 1213 1860 1238 earum
1878 1214 1897 1236 a
1919 1204 2042 1246 quibus
2066 1213 2203 1247 magnus
2227 1204 2333 1238 honor
2359 1213 2420 1238 ex-

1381 1265 1570 1304 spectatur:
1585 1263 1637 1295 hae
1654 1266 1765 1295 autem
1781 1272 1855 1295 raro
1872 1263 2027 1295 eveniunt
2045 1273 2052 1293 :
2074 1263 2215 1306 ideoque
2233 1271 2338 1306 pauca
2360 1263 2418 1296 illa

1381 1321 1516 1363 quidem
1534 1322 1611 1363 agit,
1632 1321 1690 1354 sed
1707 1331 1823 1363 magna
1841 1323 1874 1354 et
1886 1321 2040 1354 illustria.
2065 1323 2155 1360 Quos
2171 1330 2250 1355 vero
2267 1321 2321 1356 vel
2334 1321 2420 1359 ami-

1382 1390 1437 1412 cos
1463 1380 1524 1412 sibi
1543 1380 1597 1413 vel
1610 1380 1759 1413 inimicos
1775 1382 1882 1422 putat,
1906 1381 2016 1422 palam
2043 1382 2100 1414 aut
2115 1380 2223 1423 diligit
2237 1381 2298 1414 ant
2321 1380 2416 1415 odit:

1382 1441 1471 1471 certo
1493 1438 1579 1472 enim
1600 1439 1680 1478 scit,
1703 1441 1793 1472 recte
1817 1439 1972 1472 sefacere
1985 1441 2180 1482 utrumque,
2201 1439 2343 1483 ideoque
2359 1448 2439 1474 noe·
2468 1434 2470 1444 ³
2491 1426 2497 1465 Ῐ

1381 1497 1467 1530 male
1493 1497 1607 1531 audire
1637 1498 1758 1530 metuit
1781 1508 1800 1530 a
1821 1498 1916 1540 plebe
1941 1508 1948 1528 z
1970 1498 2049 1545 quia
2068 1499 2174 1540 magis
2189 1498 2366 1532 veritatem
2385 1500 2420 1532 et
2477 1499 2482 1502 ’

1372 1558 1510 1603 Ιτεοῑιιιιι
1529 1567 1630 1598 quam
1653 1557 1837 1599 opinionem
1853 1557 1996 1599 respicit.
2028 1557 2189 1596 Quocirca
2210 1559 2341 1603 apertas
2355 1557 2420 1592 ini-

1380 1614 1521 1647 micitias
1540 1615 1623 1656 gerit
1641 1616 1674 1647 et
1695 1617 1806 1656 aperte
1822 1617 1911 1647 amat
1926 1625 1933 1644 .·
1955 1615 2013 1647 sed
2029 1617 2061 1648 et
2075 1615 2239 1658 quidquid
2255 1617 2316 1648 ant
2331 1615 2413 1648 dicit

1382 1675 1440 1706 aut
1452 1673 1535 1715 agit,
1556 1673 1664 1714 palam
1680 1673 1761 1705 dicit
1786 1675 1820 1705 et
1844 1673 1920 1715 agit,
1952 1675 2124 1715 propterea
2146 1673 2256 1716 quod,
2275 1676 2316 1707 ut
2331 1674 2420 1707 dixi-

1380 1741 1467 1773 mus,
1488 1733 1658 1774 vulgarem
1677 1732 1860 1774 opinionem
1884 1733 2027 1775 negligit.
2091 1735 2200 1772 Quare
2234 1733 2420 1769 liberiorem

1382 1800 1563 1824 sermonem
1579 1793 1678 1830 amat,
1707 1800 1900 1834 semperque
1915 1801 1994 1824 vera
2015 1791 2097 1825 dicit
2115 1801 2125 1822 t
2146 1792 2210 1825 nisi
2228 1791 2316 1827 forte
2333 1793 2421 1838 apud

1381 1850 1526 1892 plebejos
1551 1850 1700 1883 homines
1725 1849 1985 1883 dissimulatione
2011 1851 2128 1890 utitur,
2155 1860 2339 1895 parumque
2361 1852 2420 1886 sibi

1381 1909 1515 1947 tribuit,
1538 1909 1616 1950 quia
1644 1909 1686 1941 ab
1705 1908 1824 1942 infimis
1843 1909 2031 1942 hominibus
2055 1910 2210 1943 honorari
2226 1919 2292 1943 non
2313 1910 2415 1953 eupit.

1381 1969 1496 2010 Neque
1512 1976 1588 1999 cum
1607 1966 1726 2008 quovis
1749 1967 1836 2000 vivit
1867 1970 1925 2000 aut
1953 1971 2116 2008 versatur,
2145 1968 2203 2002 sed
2221 1977 2298 2003 cum
2314 1969 2421 2003 amico

1381 2028 1511 2059 tantum
1529 2036 1536 2056 :
1563 2034 1639 2058 nam
1658 2026 1891 2058 commercium
1911 2026 2034 2060 babere
2050 2036 2127 2060 cum
2145 2036 2184 2061 eo
2206 2028 2267 2071 qui
2284 2037 2351 2062 non
2377 2029 2422 2062 sit

1382 2086 1507 2118 amicus
1519 2110 1527 2125 ,
1544 2094 1679 2127 unaque
1694 2094 1807 2118 mensa
1823 2086 1856 2118 et
1872 2085 1987 2118 eodem
2001 2087 2090 2119 tecto
2107 2085 2185 2126 frui,
2202 2095 2268 2120 non
2286 2095 2422 2130 magna-

1381 2145 1507 2177 nimum
1527 2146 1596 2184 est,
1625 2143 1682 2176 sed
1699 2144 1817 2177 servile
1840 2145 1873 2176 et
1894 2144 2117 2178 adulatorium
2145 2156 2152 2178 :
2169 2145 2291 2188 quippe
2307 2146 2422 2180 humi·
2484 2153 2500 2180 ν·

1381 2203 1428 2235 les
1444 2203 1521 2234 sunt
1534 2201 1732 2241 adulatores,
1753 2202 1786 2233 et
1802 2202 1934 2239 contra,
1957 2209 2072 2235 omnes
2085 2201 2144 2244 qui
2168 2201 2311 2236 humiles
2331 2205 2418 2244 sunt,

1382 2261 1570 2294 adulatores
1589 2261 1677 2292 sunt.
1732 2259 1798 2293 Sed
1813 2268 1920 2302 neque
1944 2262 2013 2292 tam
2033 2258 2129 2293 facile
2150 2260 2333 2294 admiratur
2345 2271 2420 2295 ma·-

1381 2319 1574 2362 guanimus,
1598 2320 1704 2351 utres
1727 2318 1880 2359 vulgares
1902 2327 1979 2350 cum
1995 2320 2128 2360 stupore
2151 2318 2390 2362 contempletur
2409 2320 2425 2350 :l
2482 2318 2484 2320 ’

1381 2379 1463 2412 nihil
1487 2378 1572 2411 enim
1592 2378 1661 2419 ipse
1686 2386 1840 2418 magnum
1859 2377 2036 2409 existimat.
2090 2379 2132 2411 At
2154 2387 2196 2410 ne
2222 2378 2420 2420 injuriarum

1381 2437 1517 2479 quidem
1534 2444 1661 2469 memor
1686 2437 1736 2468 est
1756 2448 1763 2467 ι
1794 2435 1873 2476 quia
1900 2435 2030 2467 etiamsi
2060 2435 2196 2478 aliquod
2219 2436 2262 2470 ab
2279 2436 2420 2471 inimicis

1381 2493 1539 2525 damnum
1559 2491 1695 2534 patitur,
1709 2490 1819 2523 minus
1834 2491 1945 2523 tamen
1960 2490 1995 2523 id
2006 2492 2113 2532 putat,
2136 2501 2239 2534 quam
2249 2492 2342 2535 quod
2356 2493 2418 2527 sibi

1381 2559 1496 2583 nocere
1512 2548 1633 2590 possit,
1659 2547 1702 2579 ob
1722 2546 1857 2579 virtutis
1868 2547 2145 2588 magnitudinem,
2175 2557 2215 2581 ac
2235 2551 2419 2591 praesertim

1381 2606 1419 2638 ut
1435 2611 1614 2636 memorem
1641 2610 1730 2639 esse,
1754 2601 2061 2643 praeteritorumque
2088 2602 2232 2636 maxime
2255 2604 2419 2638 malorum

1380 2657 1567 2692 meminisse
1583 2655 1717 2688 humilis
1736 2657 1769 2688 et
1784 2655 1918 2688 demissi
1940 2655 2083 2688 hominis
2105 2658 2172 2694 est,
2196 2657 2244 2690 ita
2258 2658 2419 2700 negligere

1381 2714 1438 2746 illa
1452 2711 1661 2753 magnanimi.
1682 2712 1766 2743 Nam
1786 2709 1844 2752 qui
1862 2719 1903 2742 ne
1919 2709 2151 2742 beneficiorum
2172 2711 2308 2752 quidem
2321 2737 2329 2753 ,
2343 2713 2419 2755 qui-

1381 2770 1444 2802 bus
1461 2766 1602 2800 affectus
1625 2766 1692 2805 est,
1721 2765 1908 2798 meminisse
1933 2765 2002 2797 ullo
2019 2765 2117 2798 modo
2133 2766 2304 2808 dignatur,
2332 2769 2418 2801 sicut

1382 2831 1481 2865 supra
1504 2820 1668 2857 diximus,
1692 2819 1770 2860 quia
1791 2819 1862 2852 leve
1881 2827 1988 2861 neque
2003 2828 2038 2852 se
2060 2819 2196 2861 dignum
2214 2829 2304 2862 esse,
2331 2821 2419 2855 affici

1380 2876 1545 2912 beneficiis
1568 2875 1677 2907 censet
1694 2900 1701 2912 ‚
1724 2874 1831 2906 multo
1854 2873 1958 2915 magis
1970 2873 2144 2913 malorum,
2159 2883 2236 2916 quae
2250 2873 2292 2907 ab
2307 2874 2418 2918 aliquo

1382 2931 1562 2974 acceperit,
1582 2930 1774 2962 memoriam
1801 2929 1951 2971 deponet.
1995 2931 2161 2962 Praeterea
2193 2938 2253 2964 nec
2278 2930 2416 2965 aliorum

1381 2987 1553 3020 hominum
1577 2984 1721 3018 actiones
1738 2993 1906 3017 recensere
1929 2984 2119 3023 sustinebit,
2133 2993 2194 3017 nec
2215 2994 2293 3018 suas
2306 2999 2316 3019 z
2338 2986 2416 3028 quia

1381 3053 1442 3077 nec
1460 3043 1582 3076 alienas
1601 3040 1716 3073 laudes
1734 3041 1828 3073 curat
1843 3049 1903 3072 nec
1916 3049 2003 3072 suas.
2021 3042 2148 3073 Rursus
2164 3047 2271 3083 neque
2285 3049 2416 3084 operam

1382 3102 1460 3138 dat,
1480 3100 1518 3132 ut
1543 3097 1599 3130 alii
1619 3096 1858 3138 vituperentur,
1881 3097 1914 3128 et
1938 3095 2059 3128 idcirco
2074 3105 2181 3138 neque
2201 3096 2353 3130 laudator
2367 3099 2417 3130 est
2450 3088 2452 3091 ⁵

1381 3161 1487 3194 neque
1507 3152 1704 3192 maledicus;
1728 3151 1786 3184 sed
1800 3159 1860 3184 nec
1877 3150 2025 3183 inimicos
2054 3150 2185 3193 sugillat
2201 3150 2265 3184 nisi
2278 3160 2418 3194 praesen-

1381 3208 1431 3239 tes
1451 3219 1459 3238 ι
1478 3216 1554 3239 nam
1570 3206 1721 3239 absentes
1740 3206 1946 3238 contumeliis
1964 3215 2099 3246 vexare,
2127 3216 2192 3239 non
2220 3209 2270 3239 est
2285 3217 2416 3250 magna-

1380 3263 1471 3296 nimi,
1521 3265 1558 3295 In
1584 3263 1684 3296 rebus
1702 3262 1892 3295 necessariis
1921 3263 1978 3294 aut
2000 3262 2145 3304 exiguis,
2169 3263 2196 3296 si
2216 3272 2283 3306 qua
2302 3272 2416 3298 earum
2467 3251 2488 3257 „

1382 3321 1454 3360 eget
1466 3344 1473 3356 ,
1497 3328 1606 3360 neque
1621 3318 1775 3360 cuiquam
1789 3317 1962 3358 supplicat,
1978 3326 2083 3358 neque
2097 3317 2296 3351 lamentatur
2311 3329 2416 3362 :quo-

1380 3374 1477 3407 modo
1497 3374 1584 3407 enim
1611 3374 1639 3407 is
1664 3373 1725 3415 qui
1750 3373 1832 3405 nihil
1853 3381 2009 3413 magnum
2035 3372 2219 3414 existimat,
2240 3380 2351 3414 neque
2373 3369 2415 3403 ad
2430 3382 2436 3405 2
2456 3400 2457 3405 ,
2474 3380 2479 3393 ¹

1381 3429 1483 3462 ullam
1503 3438 1615 3462 rerum
1642 3429 1861 3461 humanarum
1890 3427 2035 3460 studium
2062 3436 2241 3470 curamque
2266 3426 2413 3471 confert,

2491 826 2508 942 nummu
2496 803 2497 806 Α
2486 766 2496 774 Α·
2486 734 2491 747 ”
2486 707 2487 710 ⁴
