2508 3776
634 141 943 183 ETHICORUM
971 140 1434 183 NICOMACHEORUM
1464 143 1849 184 PARAPHRASIS.

153 237 241 292 πρός
256 251 296 291 γε
314 234 356 276 τὸ
385 230 628 286 νομοθετικοὺς
645 231 806 284 γενέσθαι
821 247 829 256 ·
851 233 890 271 οὗ
908 230 976 285 γὰρ
998 230 1206 279 δυνήσονται

154 296 284 351 κρίνειν
304 296 415 348 ὀρθῶς
434 293 516 347 περὶ
537 293 652 332 αὐτῶν
665 321 675 341 ,
696 293 727 331 εἰ
756 290 806 343 μὴ
834 291 903 344 ἄρα
927 291 1018 343 τύχῃ
1041 290 1132 331 τινί·
1151 291 1204 343 γί-

151 370 267 397 νοιντο
285 354 316 396 δ’
345 354 387 394 ἂν
405 354 491 399 ἴσως
521 350 787 404 εὗσυνετώτεροι
816 349 903 403 πρὸς
929 353 1043 389 ταῦτα
1076 349 1204 404 τρόπον

151 415 254 466 τινά,
275 413 444 467 μαθόντες
470 412 554 466 περὶ
585 412 654 451 τῶν
686 410 893 450 πολιτικῶν.
933 408 1108 449 Φαίνεται
1142 409 1205 461 μὲν

153 469 231 526 οὖν,
243 473 306 515 ’ὅτι
324 472 413 514 οὔτε·
425 476 457 514 οἳ
474 470 653 528 σοφισταί,
671 469 751 510 οὔτε
768 471 801 509 οἱ
820 468 1086 519 πολιτευόμενοι
1098 480 1113 498 ⁶
1125 469 1206 522 περὶ

34 543 60 570 -sss
84 578 86 580 v
153 536 216 583 τῆς
233 534 418 582 πολιτικῆς
439 531 501 573 καὶ
521 530 747 584 νομοθετικῆς
765 521 834 568 οἶοί
859 543 898 568 τε
925 527 1083 582 ἐγένοντο
1103 528 1200 568 διδά-

156 609 358 695 ωὲξΕπεὶ
378 651 416 693 δὲ
446 649 638 692 ἀκόλουθόν
658 651 752 689 ἐστιν
766 677 778 697 ,
799 648 847 693 ὡς
865 648 902 687 ἓν
919 649 990 692 τοῖς
1010 646 1207 700 ἔμπροσθεν

153 712 295 769 Κδείχθη
309 745 318 763 ,
348 710 408 753 τὸν
428 713 492 760 τῆς
511 710 638 765 ἀρετῆς
659 708 871 750 διδάσκαλον
890 706 953 747 καὶ
969 706 1052 761 περὶ
1074 706 1206 746 τούτων

153 771 337 824 διεξιέναι,
352 773 422 812 τῶν
449 769 629 825 προτέρων
647 769 687 808 οὗ
707 767 800 807 πάνυ
819 766 902 819 περὶ
925 766 1042 818 νόμων
1061 766 1122 805 καὶ
1143 783 1207 806 πο-

143 831 286 878 λιτείας
302 828 648 886 διερευνησαμένων,
678 827 816 881 βέλτιον
844 826 930 872 ἴσως
949 829 1044 879 ἡμᾶς
1062 826 1205 867 ἐπισκέ-

153 892 289 947 ψασθαι
303 889 535 945 περὶτούτων
546 919 558 939 ,
579 890 626 933 ὥς
642 885 685 928 ἃν
698 887 743 936 ’ἡ
765 885 980 939 προκειμένη
997 889 1082 937 ἡμῖν
1104 889 1205 940 φιλο-

153 950 283 1006 σοφία,
303 948 387 1004 περὶ
412 951 482 989 τῶν
517 948 744 1002 ἀνθρωπίνων
769 940 857 987 οῧσα
875 948 999 986 παθῶν
1027 945 1090 986 καὶ
1117 945 1208 999 πρά-

48 1006 55 1010 Ὶ
89 1032 91 1034 ·
152 1009 239 1059 Eume
259 1012 320 1051 τοῦ
337 1008 574 1064 προσήκοντος
593 1010 752 1061 τυχοῦσα
769 1007 909 1055 τέλους,
932 1006 1079 1058 μηδενὸς
1095 1004 1208 1045 ἐλλεί-

144 1085 205 1124 πῃ
232 1071 302 1111 τῶν
323 1071 371 1114 εἷς
400 1072 514 1109 ταῦτα
535 1064 723 1123 φερῖίντων.
752 1068 902 1120 Πρῶτον
934 1065 998 1118 μὲν
1020 1058 1079 1105 οῧν
1115 1065 1149 1104 εἴ
1173 1081 1207 1104 τι

151 1130 272 1175 καλῶς
286 1127 369 1182 περὶ
388 1129 505 1168 αὐτῶν
534 1126 672 1180 εἴρηται
693 1130 763 1170 τοῖς
783 1124 1071 1180 προγενεστέροις
1083 1154 1094 1174 ,
1115 1124 1207 1164 κατὰ

155 1187 261 1243 μέρος
289 1189 446 1228 ἕπελθεῖν
478 1188 719 1242 πειραθῶμεν·
753 1178 830 1224 εἶτα
860 1184 1117 1238 συναγαγόντες
1145 1183 1208 1228 τὰς

154 1248 357 1299 πολιτείας,
379 1250 566 1301 Θεωρῶμεν
592 1247 628 1285 ἐν
646 1246 770 1290 αὐταῖς
780 1275 793 1295 ,
814 1243 838 1283 ἅ
862 1260 901 1284 τε
921 1244 1074 1298 φθείρει,
1093 1245 1153 1282 καὶ
1185 1243 1206 1282 ἃ

155 1308 261 1353 σώζει
289 1305 353 1351 τὰς
380 1304 500 1349 πόλεις
514 1320 524 1330 ·
564 1304 616 1344 ἔτι
635 1319 675 1343 τε
705 1306 775 1342 τῶν
807 1303 992 1343 πολιτειῶν
1014 1302 1167 1350 ἑκάστην
1184 1301 1207 1340 ἃ

50 1387 53 1389 ·
153 1365 352 1417 συνίστησι,
372 1370 390 1395 ⁸
409 1364 470 1404 καὶ
505 1363 528 1403 ἃ
558 1362 693 1404 διαλύει
708 1377 717 1386 ·
739 1362 805 1402 καὶ
831 1361 909 1402 τίνα
932 1361 995 1412 μὲν
1024 1359 1206 1414 βασιλείαν

37 1417 42 1422 ..
92 1445 94 1448 ·
154 1423 309 1479 συνέχει,
321 1422 398 1463 τίνα
413 1422 451 1462 δὲ
468 1421 726 1476 δημοκρατίαν,
746 1420 885 1461 καὶτῶν
907 1421 1024 1460 ἄλλων
1038 1420 1206 1471 ἑκάστην,

59 1501 63 1509 ·
154 1483 216 1524 καὶ
233 1483 312 1524 τίνα
330 1482 464 1536 πέφυκε
481 1482 576 1527 λύειν
591 1495 601 1505 ·
621 1481 684 1521 καὶ
701 1480 772 1534 μὴν
794 1482 935 1520 κάκεῖνο
956 1487 972 1512 h
993 1483 1182 1533 σκοπῶμεν
1194 1511 1205 1533 ,

154 1542 213 1584 διὰ
227 1542 330 1589 ποίας
357 1541 472 1587 αἰτίας
502 1545 540 1582 αἱ
561 1541 625 1593 μὲν
647 1543 715 1581 τῶν
745 1541 936 1580 πολιτειῶν
955 1541 1075 1586 καλῶς
1102 1542 1208 1580 πολι-

154 1601 333 1654 πύσνται,
352 1603 390 1642 αἱ
405 1601 442 1642 δὲ
463 1601 627 1646 ἐναντίως
642 1599 775 1654 ἔχουσι.
800 1599 948 1640 Τούτων
967 1599 1036 1654 γὰρ
1061 1599 1105 1649 δὴ
1122 1601 1207 1640 ποίν-

154 1676 227 1703 των
254 1659 498 1717 θεωρηθέντων
526 1660 725 1711 συνίδοιμεν
757 1660 798 1699 ἂν
828 1659 890 1698 καὶ
925 1659 1011 1699 ποία
1047 1659 1208 1700 πολιτεία

43 1747 51 1757 τ
104 1767 107 1772 ,
154 1722 309 1778 δρία-τη,
329 1721 390 1762 καὶ
413 1722 489 1767 πῶς
508 1721 642 1768 ἑκάστη
672 1721 847 1773 ταχθεῖσα
862 1749 871 1766 ,
907 1718 969 1758 καὶ
999 1718 1071 1760 τίσι
1091 1719 1209 1771 νόμοις

155 1781 218 1824 ael
237 1781 331 1822 ἔθεσι
427 1781 516 1833 μὲνη
531 1811 543 1832 ,
562 1782 633 1824 τοῖς
655 1777 937 1829 πολιτευομένοις
965 1778 1208 1826 λυσιτελήσει·

154 1841 390 1895 λέγωμενγουν
414 1839 618 1894 ἀρξάμενοι.

209 1901 386 1956 (Scripsi
409 1906 452 1940 :⁸
481 1899 623 1952 λέγουσι
658 1897 763 1952 περὶ]
795 1897 883 1937 cod.
916 1897 1076 1950 λέγουσιν
1112 1898 1207 1950 περὶ.

154 1982 206 2007 2-
225 1967 243 1997 ¹?
261 1961 401 2014 καίτοι]
430 1959 522 2000 cod.
544 1958 606 1998 καί
635 1974 703 2000 τοι.
734 1979 789 1988 --
805 1963 819 1982 ⁶
853 1962 938 1996 ποῖα
960 1956 1094 2009 ποίοις]
1119 1958 1206 1996 cod.

156 2023 243 2062 ποῖα
262 2026 388 2062 ποιεῖν.
407 2041 463 2050 -
476 2022 491 2047 ‘³
511 2017 605 2071 ὅπῃ]
627 2017 717 2059 cod.
741 2015 834 2056 ὅποι.
857 2038 910 2046 -
928 2021 944 2040 ⁰
959 2014 1038 2054 οὔτε
1059 2017 1091 2055 οἱ
1108 2018 1212 2055 πολι-

50 2118 54 2121 .
91 2132 97 2135 x
155 2080 360 2133 τιυόμενοι]
380 2077 469 2118 cod.
485 2075 566 2117 οὔτε
585 2075 864 2127 πολιτευόμενοι.
877 2095 930 2104 -
946 2076 1016 2118 ῐὼς
1035 2073 1099 2127 ἂν]
1121 2075 1208 2113 cod.

156 2141 268 2191 ᾥσὰν.
289 2162 344 2172 -
363 2147 381 2174 ⁸
397 2137 607 2191 συνίστησι]
631 2138 721 2178 cod.
748 2135 921 2185 συνίζησι.
942 2158 996 2165 —
1013 2135 1029 2158 ¹¹
1047 2135 1212 2187 κάκεῖνο]

31 2182 38 2203 ⁵
95 2238 98 2239 γ
158 2201 246 2242 eod.
269 2201 424 2255 κᾴκεῖνο.
441 2200 519 2250 -]
578 2224 584 2229 .

179 2320 269 2354 ΤΩΝ
301 2318 371 2352 ΕΙΣ
391 2318 446 2351 ΤΑ
465 2318 548 2351 ΤΟΥ
567 2314 893 2396 ΑΡὲξςῖίόἓΕΑΟΥΣ
923 2313 1194 2346 ΝΙΚΟΜΑΧΕΙΑ

2240 152 2321 192 569

1268 236 1346 270 dam
1371 250 1378 270 :
1400 247 1507 281 neque
1524 239 1611 273 enim
1639 242 1729 274 recte
1759 240 1801 274 de
1820 241 1872 280 iis,
1899 241 1963 275 nisi
1983 241 2068 276 sorte
2092 251 2171 277 casu
2193 243 2317 288 aliquo.

1269 302 1416 341 iudicare
1440 303 1596 349 poterunt
1617 322 1626 342 ι
1651 309 1708 343 sed
1725 311 1879 352 percepta
1894 310 1988 352 prius
2004 311 2131 345 ratione
2147 312 2238 346 civili
2254 312 2317 346 for-

1267 376 1356 408 tasse
1374 375 1646 418 intelligentiores
1662 378 1911 422 quodammodo
1938 379 1973 412 in
1990 379 2031 413 iis
2056 389 2128 414 esse
2147 383 2316 425 poterunt.

1269 445 1414 487 Apparet
1430 454 1516 487 ergo,
1542 455 1602 480 nec
1625 447 1804 490 sophistas,
1824 458 1884 483 nec
1911 459 2024 484 rerum
2042 451 2250 495 publicarum
2269 462 2318 486 re-

1269 518 1358 550 tores
1377 517 1538 551 rationem
1556 519 1687 553 civilem
1710 523 1744 553 et
1764 520 1873 563 legum
1893 521 2103 557 ferendarum
2124 527 2227 558 artem
2253 526 2319 558 tra-

1269 586 1348 621 dere
1365 589 1524 631 potuisse.

1309 647 1450 687 Quando
1462 651 1574 682 autem
1595 652 1852 685 consentaneum
1869 654 1931 692 est,
1951 654 2040 695 utin
2054 655 2320 697 praecedentibus

1267 708 1486 749 ostendimus,
1513 709 1650 742 virtutis
1670 710 1867 752 magistrum
1885 712 1987 746 etiam
2006 713 2050 747 de
2067 714 2121 747 his
2142 714 2316 755 disserere,

1267 768 1454 812 praesertim
1472 778 1578 812 quum
1607 770 1793 812 superiores
1814 771 1863 804 illi
1894 772 2004 814 legum
2032 772 2242 807 ferendarum
2265 784 2317 807 ar-

1270 830 1337 861 tem
1356 830 1390 861 et
1414 828 1606 871 reipublicae
1622 829 1944 866 administrationem
1969 841 2033 866 non
2056 842 2252 877 magnopere
2270 834 2319 867 in-

1271 888 1475 930 vestigarint,
1501 889 1696 931 praestiterit
1721 888 1861 925 fortasse
1888 900 1948 924 nos
1970 892 2058 935 ipsos
2081 893 2124 926 de
2145 893 2198 926 his
2219 894 2320 927 rebus

1269 947 1497 987 commentari,
1527 957 1568 981 nc
1592 957 1631 981 ea
1660 948 1695 981 in
1715 959 1782 992 qua
1804 960 1977 984 versamur
2002 952 2220 995 philosophia,
2242 962 2320 996 quae

1270 1007 1313 1041 ad
1328 1007 1500 1041 hominum
1524 1010 1558 1041 et
1567 1007 1721 1042 ‘affectus
1745 1012 1779 1042 et
1795 1011 1941 1044 actiones
1965 1014 2104 1054 spectat,
2130 1014 2246 1055 aptum
2267 1022 2320 1046 as-

1270 1069 1385 1102 secuta
1404 1068 1515 1107 finem,
1540 1068 1726 1112 quidquam
1742 1069 1908 1104 desideret
1930 1080 2045 1104 eorum
2060 1080 2137 1115 quae
2155 1072 2222 1105 huc
2244 1081 2320 1115 per·

1270 1128 1387 1162 tinent.
1407 1127 1559 1161 Primum
1584 1127 1685 1170 igitur
1705 1128 1734 1161 si
1761 1128 1844 1172 quid
1863 1131 1954 1163 recte
1977 1129 2020 1163 de
2046 1130 2088 1163 iis
2111 1139 2130 1163 a
2152 1130 2322 1164 veteribus

1269 1187 1397 1222 dictum
1427 1188 1491 1227 est,
1519 1186 1688 1229 sigillatim
1724 1186 1760 1221 id
1785 1188 1940 1232 persequi
1977 1197 2135 1222 conemur
2165 1200 2174 1222 :
2201 1188 2321 1223 deinde

1270 1247 1416 1290 singulas
1431 1246 1626 1289 colligamus
1636 1246 1903 1290 respublicas,‘et
1919 1248 1954 1281 in
1967 1246 2009 1282 iis
2020 1257 2097 1291 quae
2110 1257 2163 1282 res
2176 1250 2235 1281 ant
2251 1257 2320 1281 cor·

1270 1309 1427 1350 rumpant
1447 1307 1549 1340 urbes
1570 1307 1757 1347 videamus,
1779 1309 1838 1340 aut
1855 1310 2051 1341 conservent
2067 1321 2075 1340 :
2094 1310 2166 1342 tum
2182 1316 2258 1351 quae
2270 1317 2323 1342 res

1270 1367 1416 1410 singulas
1433 1367 1588 1400 civitates
1604 1367 1725 1410 partim
1737 1367 1951 1407 constituant,
1970 1368 2092 1410 partim
2113 1368 2319 1401 dissolvant:

1272 1427 1416 1471 denique
1431 1436 1507 1471 quae
1521 1436 1671 1470 regnum,
1692 1435 1768 1470 quae
1783 1427 1898 1470 populi
1913 1428 2095 1470 potentiam
2109 1428 2322 1472 singulasque

1272 1497 1383 1523 rerum
1404 1487 1614 1531 publicarum
1633 1487 1759 1521 formas
1775 1487 1976 1528 contineant,
2003 1490 2036 1520 et
2048 1497 2126 1530 quae
2143 1490 2293 1521 evertant
2313 1501 2322 1522 ι

1272 1550 1355 1593 quin
1371 1549 1473 1583 etiam
1496 1548 1581 1582 illud
1607 1547 1791 1587 videamus,
1811 1547 1936 1591 quibus
1953 1546 1995 1581 de
2017 1547 2126 1580 causis
2150 1547 2224 1580 aliae
2251 1556 2323 1581 res-

1271 1609 1411 1653 publicae
1439 1608 1523 1642 bene
1553 1607 1839 1646 administrentur,
1861 1606 1935 1639 aliae
1958 1606 2042 1638 male
2068 1608 2235 1647 regantur.
2262 1606 2323 1640 His

1272 1671 1359 1703 enim
1374 1668 1529 1702 omnibus
1550 1667 1734 1711 perspectis
1755 1669 1791 1701 et
1811 1666 1962 1710 cognitis,
1989 1667 2088 1699 ctiam
2118 1665 2202 1699 illud
2227 1666 2323 1699 intel-

1272 1730 1423 1773 ligemus,
1446 1738 1600 1772 quaenam
1632 1728 1677 1762 sit
1700 1726 1824 1770 optima
1852 1726 1982 1765 civitas,
2006 1735 2046 1759 ae
2075 1722 2178 1759 simul
2197 1726 2323 1769 quibus

1273 1799 1481 1833 unaquaeque
1513 1789 1698 1832 respublica
1725 1789 1797 1821 tum
1821 1787 1996 1826 institutis,
2031 1788 2104 1820 tum
2131 1786 2259 1828 legibus
2288 1788 2323 1820 et

1272 1849 1422 1883 moribus
1446 1851 1630 1892 temperata
1653 1847 1784 1881 civibus
1808 1846 1984 1890 profutura
2010 1846 2054 1879 sit
2077 1858 2086 1879 ε
2109 1845 2322 1879 exordiamur

1274 1911 1376 1952 igitur
1391 1909 1512 1944 dicere.

1436 2315 1472 2339 ΡΛ
1479 2313 1656 2339 nAPnRAsls
1678 2312 1871 2336 ETillconUM
1895 2310 2171 2336 N100MAanon11u

1753 2367 1844 2390 FlNlS.

161 2441 2309 2468 Μ

163 2523 167 2527 ’
203 2515 224 2535 “’
237 2514 513 2559 Παραλιπὸντων,
538 2512 594 2546 οὗν
610 2513 676 2544 τῶν
696 2510 877 2555 προτέρων,
898 2509 969 2540 κτλ.
