2508 3776
301 183 380 223 410

298 262 392 320 εἶχεν
411 265 482 310 ἐξ’
463 266 584 317 αρχῆς·
606 263 645 301 τὸ
665 263 701 301 δὲ
720 262 766 300 τὰ
796 260 880 300 ὄντα
897 260 991 313 ἔχειν
1011 260 1091 300 οὔτε
1108 261 1233 313 ζημία,
1255 261 1334 301 οὔτε

297 327 415 379 κέρδος
437 323 669 372 ὀνομάζεται,
691 320 782 359 ἀλλά
815 336 850 359 τι
880 320 996 372 μέσον·
1013 319 1104 360 ὥστε
1127 321 1268 373 κέρδους
1285 337 1338 360 τι-

297 386 352 429 νὸς
373 382 431 422 καὶ
449 380 576 431 ζημίας
597 379 703 431 μέσον
728 379 768 417 τὸ
790 378 958 417 δίκαιόν’
943 395 1030 420 εστι·
1047 379 1141 433 λέγω
1158 380 1193 419 δὲ
1213 396 1282 420 των
1300 382 1335 420 ἐν

295 446 362 487 τοῖς
379 441 549 484 ἀκουσίοις
567 439 872 491 συναλλάγμασιν,
894 438 976 477 ὅταν
996 455 1047 484 τις
1059 445 1209 480 τοσαῦτα
1224 440 1335 492 λάὸῃ,

292 502 356 540 ὅσα
379 494 453 553 εἶχε
469 498 551 551 πρὶν
573 499 783 545 ἀδικηθῆναι
804 497 827 544 ἢ
849 498 1037 547 ἀδικῆσαι,
1056 500 1149 538 τοῦτ’
1167 498 1241 538 ἔστι
1258 513 1337 552 κερ-

292 562 426 599 δᾶναιω
455 558 478 605 ἢ
498 559 730 607 ζημιωθῆναι.
754 556 808 596 Τὸ
827 555 895 609 γὰρ
910 557 946 594 ἐν
968 559 1039 601 τοῖς
1059 556 1231 602 ἑκουσίοις
1253 574 1347 604 συν-,

291 617 493 669 αλλάγμασι
522 616 642 668 κέρδος
659 615 738 654 οὔτε
762 615 880 654 ἄδικόν
899 617 1017 667 ἐστιν,
1041 615 1119 655 οὔτε
1147 616 1335 656 εὐθύνεται·

289 676 417 716 τούτων
437 676 505 727 γὰρ
521 676 638 715 ἄδειαν
659 674 786 715 ἔδωκεν
811 676 829 713 ὁ
844 674 962 726 νόμος.

346 736 513 788 (Scripsi
538 750 546 774 :
567 747 582 764 α
600 738 661 774 τοῦ
682 736 744 786 τε]
771 735 855 774 cod.
890 738 1004 773 τοῦτε.
1034 736 1111 764 —b
1140 734 1331 784 δικαστοῦ,

289 794 478 847 συμὸαίνει
499 794 715 846 ἀναλογίαν]
736 807 785 832 ex
802 794 948 832 Heinsii
970 793 1221 845 conjectura3
1244 795 1332 834 cod.

289 857 453 894 δικαστοῦ
469 885 478 900 ,
507 853 711 905 ἀναλογίαν.
746 876 799 883 —
813 860 826 878 ⁰
844 853 886 892 ἄν
912 854 975 905 τε]
1011 853 1097 893 cod,
1119 854 1213 893 ἄντε.
1244 863 1326 888 —d

287 911 516 967 ἀφελόμενον]
535 926 621 951 cum
640 913 752 952 codd.
773 913 800 952 i.
827 925 862 950 e.
886 911 1089 964 ἀφαιρεθέν.
1123 912 1210 952 Vid.
1228 913 1329 952 Mat-

286 974 377 1012 thiae
395 972 467 1011 Gr.
488 971 560 1010 Gr.
576 973 598 1022 5
616 973 708 1021 496.
729 973 751 1009 8
772 980 809 1010 et
823 971 1053 1022 Wesseling.
1084 971 1132 1009 ad
1150 972 1332 1010 Herodot.

285 1032 332 1078 V,
366 1031 431 1072 35.
454 1054 507 1060 —-
520 1038 534 1056 Β
553 1029 767 1083 προστεθὲν]
789 1031 874 1070 cod.
898 1029 1061 1084 προσθὲν.
1097 1052 1149 1060 ——
1162 1030 1174 1054 Τ
1204 1030 1235 1068 εἴ
1253 1031 1332 1082 τις]

285 1091 373 1129 cod.
401 1091 495 1133 εἴτις.
517 1111 571 1120 -
588 1098 604 1123 g
620 1088 658 1127 δέ
678 1090 797 1142 ἐστιν]
821 1091 908 1128 cod.
931 1088 967 1127 δὲ
989 1088 1098 1129 ἔστιν.
1123 1111 1177 1119 —
1194 1089 1212 1112 ¹²
1228 1088 1252 1136 ἥ
1271 1091 1330 1141 τε]

286 1150 374 1189 cod.
399 1149 566 1196 ἥτε,-ῑ
587 1150 806 1202 ἀφελοῦμεν]
827 1162 912 1187 cum
936 1148 1049 1187 codd.
1074 1149 1100 1186 i.
1118 1162 1154 1189 e.
1175 1147 1329 1201 ἀφαιρή-

285 1224 411 1259 σομεν,
433 1217 476 1247 ut
495 1209 635 1247 καθελεῖ
652 1222 726 1260 pro
752 1208 961 1261 καθαιρήσει
979 1208 1096 1258 Diog.
1118 1208 1245 1247 Laert.
1268 1207 1331 1256 Vl,

286 1269 350 1315 78.
372 1289 424 1297 —
438 1269 452 1292 ¹⁵
472 1267 569 1319 ἐστι]
592 1266 679 1306 cod.
698 1267 806 1306 ἐστιν.
821 1266 895 1296 —¹
914 1266 1120 1318 κάνταῦθα]
1142 1267 1229 1304 cod.
1248 1268 1331 1318 κάν-

284 1330 410 1367 ταῦθα.
432 1348 485 1356 -
498 1337 522 1354 ¹¹¹
540 1325 630 1365 τοῦτ’
653 1324 726 1364 ἔστι
747 1325 930 1378 κερδᾶναι]
965 1325 1052 1365 cod.
1072 1325 1231 1364 τουτέστι
1250 1340 1330 1378 κερ·

284 1384 400 1425 δάναι.
414 1385 487 1437 -)

719 1497 810 1549 Κεφ.
845 1494 895 1539 ς’.

281 1610 356 1642 Ὀτι
377 1609 413 1641 τὸ
432 1608 655 1644 ἀντιπεπονθὸς
677 1608 735 1640 οὐκ
755 1608 840 1640 ἔστιν
867 1608 949 1644 εἶδος
979 1607 1198 1646 δικαιοσύνης,
1229 1607 1255 1639 εἰ
1280 1607 1323 1648 μὴ

437 1655 520 1687 κατὰ
538 1655 707 1696 ἀναλογίαν
723 1656 743 1693 ἡ
764 1653 1027 1693 ἀντιπεπόνθησις
1042 1655 1182 1696 γένοιτο.

334 1755 351 1773 *
366 1756 413 1794 Οἱ
429 1754 464 1794 δὲ
482 1754 715 1807 Πυθαγόρειοι
735 1754 852 1807 ἔλεγον
875 1754 1008 1793 δίκαιον
1024 1747 1111 1792 εἶναι
1132 1753 1171 1792 τὸ
1188 1755 1328 1792 ἀντιπε-

283 1815 427 1863 πονθός,
459 1813 498 1852 τὸ
522 1813 567 1852 τὰ
589 1814 678 1853 αὐτὰ
699 1813 851 1865 πάσχειν
865 1843 875 1861 ,
910 1813 932 1851 ἃ
956 1818 1047 1852 ποιεῖ
1066 1828 1127 1857 τις·
1150 1811 1210 1851 καὶ
1243 1811 1328 1866 πρὸς

285 1877 387 1912 τοῦτο
408 1872 521 1927 φέρειν
539 1872 600 1912 καὶ
619 1872 660 1912 τὸ
679 1875 742 1911 τοῦ
761 1871 1026 1923 Ῥαδαμάνθυος
1046 1871 1138 1917 ἔπος·

363 1968 391 2001 εἳ
406 1979 442 2001 κε
455 1968 548 2001 πάθοι
563 1968 606 2000 τά
623 1967 654 2000 κ’
677 1967 759 2010 ἔρεξε
771 1992 779 2008 ,
793 1967 866 2006 δίκη
879 1967 908 1999 κ’
930 1968 1012 1999 ἰθεῖα
1023 1967 1163 2009 γένοιτο.

280 2055 395 2094 Τοῦτο
415 2053 450 2091 δὲ
469 2051 509 2091 τὸ
525 2051 771 2095 ἀντιπεπονθὸς
792 2053 854 2090 οὐκ
877 2050 1087 2104 ἐφαρμόττει
1109 2048 1221 2088 οὐδενὶ
1241 2048 1323 2088 εἴδει

279 2115 339 2151 τοῦ
359 2111 510 2150 δικαίου.
535 2109 629 2151 Οὔτε
649 2110 715 2163 γὰρ
734 2109 774 2148 τὸ
798 2109 1043 2161 διανεμητικὸν
1058 2108 1189 2148 δίκαιον
1206 2111 1325 2147 τοιοῦ-

278 2171 336 2211 τόν
353 2173 458 2219 ἔστιν,
475 2169 553 2209 οὔτε
570 2170 610 2208 τὸ
630 2168 864 2221 διορθωτικόν
887 2168 943 2207 ἐπὶ
965 2167 1027 2217 μὲν
1047 2168 1115 2220 γὰρ
1138 2184 1199 2215 της
1214 2169 1323 2206 διανο-

280 2232 348 2279 μῆς
367 2232 404 2269 οὖ
425 2228 568 2268 δυνατὸν
587 2227 641 2267 ἀεὶ
654 2228 712 2267 τὸν
737 2228 914 2275 πολίτην’
899 2230 1017 2267 εκεῒνα
1037 2227 1186 2280 πάσχειν
1205 2231 1241 2265 εὖ
1257 2226 1325 2266 ἀπὸ

278 2291 339 2326 τοῦ
354 2291 490 2338 κοινοῦ,
509 2287 635 2339 ἅπερ’
620 2286 795 2334 εποίησεν·
814 2288 844 2325 εἷ
863 2286 931 2339 γὰρ
947 2287 1112 2339 τύραννον
1131 2286 1323 2334 ἀπέκτεινε,

277 2348 352 2391 πῶς
366 2347 405 2385 τὸ
428 2346 512 2385 αὐτὸ
533 2332 714 2394 πείσεται,
736 2345 792 2385 ἐπὶ
806 2345 842 2384 δὲ
861 2349 922 2384 τοῦ
946 2346 1170 2398 διορθωτικοῦ
1188 2345 1321 2384 δικαίου

277 2407 458 2459 πολλαχοῦ
482 2407 656 2459 διαφωνεῖ·
679 2407 710 2443 εἰ
726 2406 793 2458 γάρ
812 2421 863 2448 τις
893 2405 1047 2458 ἄρχοντα
1068 2404 1234 2450 ἐπάταξεν
1248 2435 1258 2453 ,
1283 2406 1321 2444 οὗ

279 2464 409 2503 δίκαιον
428 2465 610 2514 πληγῆναι
627 2464 728 2514 μόνον
743 2494 753 2513 ,
774 2463 865 2502 ἀλλὰ
887 2463 948 2502 καὶ
966 2465 1191 2510 κολασθῆναι·
1213 2463 1273 2502 καὶ
1293 2463 1324 2502 εἴ

277 2539 328 2567 τις
348 2523 465 2576 ἄρχων
487 2523 535 2561 ὤν
555 2538 633 2561 τινα
649 2525 718 2561 τῶν
749 2523 952 2575 ἀρχομένων
987 2522 1179 2570 ἐπάταξεν,
1211 2524 1250 2561 οὗ
1271 2522 1321 2561 δί-

277 2596 375 2620 καιον
395 2581 440 2619 τὰ
455 2581 515 2620 ἴσα
528 2585 663 2620 παθεῖν·
676 2584 705 2620 εἷ
720 2581 756 2619 δέ
775 2597 826 2624 τις
843 2581 901 2620 καὶ
920 2582 1092 2624 ἀκουσίως
1108 2581 1168 2619 καὶ
1188 2583 1319 2632 ἀγνοῶν

280 2640 412 2692 ἔὸλαψε
430 2640 487 2679 τὸν
518 2640 647 2689 πέλας,
669 2641 705 2678 οὗ
728 2639 860 2680 δίκαιόν
882 2641 974 2680 ἔστιν
1003 2639 1131 2691 ὁμοίως
1152 2639 1322 2679 ἀντιὸλα·

279 2699 399 2747 ὅῆναι.

333 2757 367 2775 **
376 2757 532 2797 Δυνατὸν
546 2757 581 2797 δὲ
596 2756 657 2805 τὴν
669 2758 829 2806 τοιαύτην
841 2758 1064 2798 ἀντιπάθειαν
1077 2757 1214 2797 δικαίαν
1228 2750 1316 2796 εἶναι

281 2819 316 2856 ἐν
334 2817 411 2861 ταῖς
432 2818 660 2861 ἀλλακτικαῖς
688 2817 896 2862 κοινωνίαις·
919 2811 1004 2856 οῗον“
1018 2819 1054 2855 ἐν
1074 2819 1125 2869 τῷ
1147 2810 1184 2855 εῧ
1210 2823 1319 2856 ποιεῖν

279 2875 451 2924 ἀλλήλους
473 2876 532 2914 καὶ
552 2878 669 2920 κακῶς
702 2879 824 2924 ποιεῖν,
861 2876 921 2915 καὶ
950 2879 984 2915 ἐν
1007 2877 1078 2921 τοῖς
1101 2877 1169 2914 τῶν
1188 2877 1321 2927 τεχνῶν

281 2935 365 2988 πρὸς
386 2934 567 2981 ἀλλήλαςᾶ
587 2935 868 2985 συναλλάγμασι·
897 2934 988 2981 πλὴν
1010 2934 1072 2981 τὴν
1096 2934 1321 2973 ἀντιπάθειαν

279 2994 317 3031 οὖ
338 2993 428 3031 κατὰ
451 2991 490 3030 τὸ
511 2992 582 3031 ἴσον
613 2992 774 3031 ἐκλαὸεῒν
799 2994 869 3044 δεῖ,
900 2992 989 3031 ἀλλὰ
1015 2991 1108 3031 κατὰ
1127 2992 1167 3031 τὸ
1195 2992 1322 3031 ἀνάλο-

280 3067 354 3101 γον.
377 3053 423 3091 ‘O
440 3051 506 3103 γὰρ
526 3051 583 3089 τὸν
605 3051 758 3104 ἄρχοντα
783 3053 961 3099 τυπτήσας
981 3050 1043 3098 τὴν
1060 3051 1155 3097 τάξιν
1179 3054 1239 3099 τῆς
1258 3067 1323 3090 πο-

279 3109 411 3154 λιτείας
431 3111 563 3158 ἀνεῖλε,
587 3110 647 3149 καὶ
669 3112 708 3150 οὐ
724 3111 960 3159 τυπτήσεται,
981 3111 1071 3149 ἀλλὰ
1098 3109 1322 3157 ἀποκτανθῆ-

281 3182 391 3208 σεται·
415 3169 476 3208 καὶ
501 3172 519 3209 ὁ
534 3168 592 3208 τὸν
614 3170 726 3222 γάμον
745 3175 804 3209 τοῦ
820 3170 930 3214 πέλας
950 3169 1149 3222 διαφθείρας
1164 3168 1322 3208 πείσεται

282 3227 345 3278 μὲν
366 3226 427 3267 καὶ
453 3228 553 3272 αὐτὸς
581 3231 698 3273 κακῶς
712 3257 721 3274 ,
749 3231 787 3267 οὐ
805 3228 848 3266 τὰ
867 3228 954 3267 αὐτὰ
978 3228 1034 3274 δέ,
1057 3227 1148 3266 ἀλλὰ
1168 3227 1259 3266 κατὰ
1283 3227 1322 3266 τὸ

282 3287 462 3340 ἀνάλογον·
484 3287 552 3327 εἴτε
573 3288 639 3341 γὰρ
664 3286 712 3338 μὴ
733 3288 892 3326 πείσεται
925 3289 1041 3330 κακῶς
1066 3291 1083 3325 ὃ
1107 3287 1237 3339 δράσας
1256 3303 1319 3325 κα-

1131 175 1409 216 ANDRONICI
1439 174 1616 214 RHODII

1397 265 1509 299 fueras
1521 265 1687 309 possidere
1696 290 1707 307 ‚
1722 275 1829 310 neque
1847 267 2006 303 damnum
2018 270 2151 311 dicitur,
2167 279 2275 314 neque
2292 266 2455 317 luam-ff

1397 325 1455 359 sed
1470 325 1617 358 medium
1632 324 1714 368 quid
1733 338 1741 358 ε
1759 335 1862 368 quare
1887 327 1943 369 jus
1967 327 2052 362 inter
2067 329 2198 363 lucrum
2221 332 2256 363 et
2280 320 2453 366 eamd-w

1397 385 1544 418 medium
1560 387 1611 418 est
1632 396 1640 417 z
1659 384 1777 427 loquor
1791 385 1834 418 de
1858 385 1900 419 iis
1918 395 1994 429 quae
2012 386 2055 420 ad
2071 397 2124 422 res
2144 399 2210 423 uon
2234 389 2438 425 voluntarias
2449 418 2464 429 .,

1969 446 2164 481 tantundem
2209 449 2434 494 consequttur,
2449 459 2463 494 ’.ς
2507 486 2508 489 ,

1397 506 1559 547 quantum
1579 506 1655 538 ante
1673 505 1828 548 injuriam
1846 506 1899 539 vel
1920 509 2087 550 acceptam
2105 508 2159 542 vel
2183 509 2311 544 illatam
2331 510 2439 554 possi-
2466 523 2468 526 *
2504 499 2508 522 ‘³

1396 444 1561 487 pertinent
1572 471 1579 483 ‚
1619 443 1751 487 quando
1796 444 1916 488 aliquis

1397 563 1514 602 debat,
1542 563 1606 597 hoc
1622 566 1689 603 cst,
1719 566 1896 608 antequam
1921 565 2106 600 lucraretur
2125 569 2185 601 aut
2200 566 2360 605 damnum
2375 567 2428 603 fa-

1398 625 1496 657 celet.
1519 623 1615 662 Quod
1640 623 1728 658 enim
1753 625 1788 658 in
1811 625 2035 659 contractibus
2066 627 2181 670 sponte
2205 628 2320 662 nostra
2340 625 2438 663 stetis

1399 682 1529 715 lucrum
1548 685 1696 723 vocatur,
1716 693 1823 727 neque
1837 684 1998 727 injustum
2016 687 2085 725 est,
2111 695 2218 730 neque
2235 685 2436 747 corrigitur

1397 740 1553 774 nimirum
1567 740 1646 784 quia
1661 740 1791 784 legibus
1813 742 1876 776 hoc
1889 742 2091 778 conceditur.

1844 1499 1921 1540 Cap.
1946 1501 2002 1532 Vl.

1393 1593 1544 1623 'rationem
1572 1603 1633 1625 non
1653 1601 1716 1623 esse
1734 1593 1862 1630 speciem
1879 1595 2018 1631 justitiae,
2038 1595 2096 1626 nisi
2116 1604 2173 1635 pro
2203 1597 2344 1636 portione
2365 1599 2438 1630 reci-

1624 1648 1716 1678 proca
1733 1641 1784 1670 illa
1799 1642 1950 1679 perpessio
1964 1643 2064 1674 locum
2078 1644 2194 1675 babeat.

1432 1749 1630 1791 Pythagorei
1649 1751 1761 1783 autem
1779 1751 1836 1793 jus
1862 1751 2064 1794 reciprocam
2091 1753 2333 1795 perpessionem
2366 1763 2438 1788 esse

1391 1809 1560 1850 dicebant,
1577 1808 1612 1842 id
1636 1810 1710 1850 est,
1727 1818 1832 1852 quum
1853 1809 1929 1852 quis
1947 1810 2073 1853 patitur
2095 1810 2185 1845 idem
2202 1811 2294 1855 quod
2319 1811 2434 1847 fecit:

1389 1870 1490 1911 atque
1507 1868 1575 1901 huc
1594 1870 1741 1910 spectare
1760 1868 1845 1901 illud
1868 1869 2113 1904 Rhadamanthi
2136 1883 2145 1904 :

1459 1952 1486 1981 si
1502 1952 1582 1990 quis,
1601 1951 1780 1989 quodsecit,
1790 1954 1942 1990 patiatur,
1950 1953 2008 1991 jus
2023 1954 2085 1983 eric
2103 1961 2237 1992 (equum.

1390 2043 1472 2074 Haec
1494 2051 1574 2075 vero
1586 2042 1751 2085 reciproca
1771 2042 1939 2086 perpessio
1955 2042 2039 2076 nulli
2062 2043 2202 2086 justitiae
2220 2042 2338 2082 forme
2356 2043 2436 2077 com·

1388 2098 1485 2140 gruit.
1515 2100 1628 2141 Neque
1646 2098 1733 2131 enim
1759 2099 1814 2141 jus
1841 2099 1875 2131 in
1896 2098 2193 2133 distributionibus
2214 2099 2362 2142 positum
2384 2101 2437 2133 eet

1388 2154 1471 2192 tale,
1494 2163 1600 2196 neque
1617 2154 1798 2196 corrigendi
1815 2154 1848 2187 vi
1871 2155 2051 2197 praeditum
2064 2170 2073 2188 ι
2100 2155 2171 2189 fieri
2188 2156 2276 2189 enim
2290 2164 2356 2189 non
2372 2164 2434 2198 po-

1387 2209 1462 2247 test,
1479 2210 1517 2241 ut
1531 2209 1565 2242 in
1577 2208 1807 2246 distributione
1827 2218 1956 2252 semper
1970 2209 2084 2243 eadem
2101 2210 2257 2244 beneficia
2270 2220 2290 2245 e
2303 2210 2436 2254 publico
2476 2256 2486 2260 Ἴ,

1387 2264 1525 2307 accipiat
1539 2264 1621 2297 civis
1633 2290 1641 2305 ,
1667 2274 1743 2307 quae
1760 2265 1848 2308 prior
1875 2266 2015 2299 contulit
2033 2278 2041 2298 :
2064 2275 2140 2299 nam
2157 2266 2185 2300 si
2204 2267 2299 2310 quis,
2320 2275 2434 2301 exem-

1385 2320 1432 2362 pli
1450 2319 1572 2362 gratia,
1594 2322 1769 2361 tyrannum
1788 2320 1988 2354 interfecerit
2006 2347 2014 2360 ,
2031 2321 2196 2364 quomodo
2217 2322 2307 2356 idem
2322 2323 2354 2356 ei
2369 2321 2433 2356 usu

1387 2376 1521 2409 veniet?
1544 2375 1579 2408 in
1597 2376 1672 2418 jure
1692 2378 1803 2409 autem
1827 2376 2009 2419 corrigendi
2028 2377 2062 2410 vi
2087 2377 2228 2419 praedito
2252 2386 2340 2420 saepe
2363 2377 2434 2411 dis-

1386 2434 1497 2473 crepat
1509 2440 1563 2464 res
1582 2441 1589 2462 2
1606 2431 1634 2463 si
1649 2431 1726 2473 quis
1743 2431 1830 2464 enim
1861 2432 2092 2474 magistratum
2120 2432 2298 2475 percussit.
2325 2433 2356 2466 is
2368 2441 2433 2468 non

1386 2486 1493 2518 solum
1508 2485 1715 2526 verberibus,
1744 2486 1803 2519 sed
1816 2486 1916 2519 etiam
1945 2487 2093 2528 graviore
2111 2497 2205 2531 poena
2219 2488 2339 2531 dignus
2351 2489 2404 2522 est
2422 2500 2432 2522 ι

1386 2554 1425 2578 ac
1444 2546 1472 2579 si
1489 2546 1566 2590 quis
1592 2546 1822 2589 magistratum
1849 2556 1963 2589 gerens
1981 2546 2127 2588 aliquem
2143 2554 2275 2584 eorum,
2292 2545 2352 2588 qui
2371 2544 2434 2578 sub

1384 2598 1488 2642 ipsius
1510 2605 1673 2644 potestate
1690 2603 1783 2643 sunt,
1803 2601 1980 2645 percussit,
2005 2610 2070 2634 non
2087 2602 2138 2634 est
2163 2609 2320 2643 aequum,
2355 2609 2434 2634 eum

1385 2664 1495 2697 parem
1513 2667 1641 2700 poenam
1658 2659 1819 2691 sustinere
1837 2667 1844 2686 :
1866 2657 1924 2690 sed
1940 2656 1968 2690 si
1995 2656 2071 2700 quis
2089 2658 2123 2689 et
2139 2656 2265 2689 invitus
2287 2657 2322 2689 et
2340 2655 2432 2697 igna-

1383 2721 1442 2744 rus
1459 2713 1560 2746 alium
1584 2714 1688 2753 laesit,
1721 2724 1785 2747 non
1815 2715 1865 2748 est
1895 2721 2049 2757 aequum,
2066 2711 2163 2746 illum
2188 2711 2286 2746 simili
2306 2711 2432 2745 incom-

1383 2764 1481 2797 modo
1496 2764 1592 2799 affici.
1614 2768 1727 2799 Potest
1746 2769 1857 2799 tamen
1882 2765 1917 2798 in
1949 2764 2183 2799 communitate
2213 2772 2326 2798 rerum
2342 2763 2432 2799 ultro·

1384 2818 1532 2860 citroque
1549 2820 1843 2862 permutandarum
1875 2821 1965 2863 justa
1981 2828 2052 2853 esse
2079 2818 2244 2861 reciproca
2271 2816 2432 2860 elusmodi

1383 2872 1548 2913 perpessio
1567 2883 1574 2904 :
1601 2875 1640 2905 ut
1658 2882 1763 2915 quum
1782 2873 1865 2906 alter
1884 2873 1979 2907 alteri
1996 2873 2049 2906 vel
2070 2872 2154 2905 hene
2167 2869 2246 2905 facit
2260 2870 2314 2904 vel
2326 2870 2426 2910 male,

1385 2924 1485 2964 atque
1499 2923 1533 2955 in
1559 2925 1698 2965 negotiis
1716 2925 1758 2958 de
1775 2927 1893 2958 mutuo
1917 2925 2040 2958 artium
2062 2923 2208 2969 subsidio
2224 2923 2400 2957 contractis
2419 2935 2428 2956 ε

1385 2984 1501 3008 verum
1517 2976 1563 3009 ibi
1586 2986 1651 3010 non
1675 2977 1884 3020 aequalitate,
1916 2977 1973 3010 sed
1997 2977 2204 3019 proportione
2230 2975 2430 3018 reciprocam

1384 3028 1474 3060 illam
1491 3030 1731 3071 perpessionem
1745 3030 1900 3073 explicari
1913 3031 2053 3072 oportet.
2074 3029 2139 3068 Qui
2151 3029 2238 3062 enim
2254 3029 2430 3071 praetorem
2464 3072 2467 3074 ‚

1383 3080 1566 3113 maximum
1593 3082 1756 3123 pulsavit,
1784 3091 1890 3124 quum
1914 3090 2026 3114 rerum
2046 3081 2254 3123 publicarum
2280 3079 2428 3114 ordinem

1383 3133 1644 3174 perturbaverit,
1665 3143 1730 3166 non
1750 3133 1942 3167 verberibus
1954 3160 1961 3172 ,
1987 3133 2046 3166 sed
2062 3134 2170 3166 morte
2187 3131 2424 3166 mulctabitur:

1383 3187 1416 3217 et
1435 3184 1493 3226 qui
1519 3185 1659 3218 alienam
1671 3195 1808 3218 uxorem
1824 3185 2004 3228 stupravit,
2022 3185 2179 3228 punietur
2199 3186 2234 3218 et
2248 3184 2337 3228 ipse,
2362 3193 2427 3218 non

1384 3236 1498 3269 eodem
1518 3238 1627 3270 tamen
1648 3237 1768 3276 modo,
1796 3238 1854 3271 sed
1878 3247 1938 3281 pro
1967 3238 2115 3280 portione
2133 3249 2140 3270 :
2170 3238 2239 3271 sive
2254 3236 2342 3270 enim
2360 3246 2424 3272 non

1382 3290 1518 3332 punitur
1543 3290 1602 3332 qui
1618 3290 1703 3324 male
1718 3290 1811 3328 fecit.
1841 3291 1983 3324 servitus
2011 3300 2126 3324 revera
2146 3293 2180 3325 et
2199 3290 2346 3333 tyrannis
2361 3289 2426 3324 erit
2462 3298 2466 3302 ·

323 3417 340 3435 *
357 3417 436 3459 Gap.
454 3421 484 3455 5.
505 3419 597 3452 δοκεῖ
612 3418 646 3452 δέ
662 3429 727 3451 τισι
741 3419 795 3451 καὶ
813 3418 850 3452 τὸ
863 3418 1092 3455 ἀντιπεπονθὸς
1112 3417 1193 3449 εἶναι
1211 3418 1278 3448 κτλ.
1298 3433 1339 3441 --
1353 3416 1393 3435 Μ
1416 3415 1491 3448 Ἀλλ’
1510 3415 1542 3447 ἐν
1560 3416 1617 3457 μὲν
1632 3418 1702 3454 ταῖς
1717 3415 1899 3453 κοινωνίαις
1914 3415 1983 3447 κτλ.

2462 1388 2508 1806 i

2479 1894 2489 1930 i

2486 1860 2508 2109 ἒ

2486 2095 2508 2270 ι

2491 2408 2508 2467 1³}
