2528 3788
313 198 391 236 208

313 285 384 322 λων
405 282 653 331 ἐπιδεικνύναι,
672 282 725 322 ὅτι
753 283 823 320 τῶν
843 283 1058 337 φαινομένων
1084 284 1145 323 καὶ
1175 286 1210 324 ἐν
1231 285 1335 339 ὄψει,

314 342 443 381 τούτων
462 341 557 379 οὐδὲν
579 341 631 388 εἴη
651 344 700 393 τῷ
719 341 812 390 ὄντι,
838 341 895 381 διὰ
915 344 982 381 τῶν
1016 344 1229 397 φαινομένων
1253 347 1340 383 ἀπο-

315 402 481 438 δείκνυσιν
501 399 515 423 ¹'
538 401 665 440 αὐτῶν.
722 400 822 448 Φησὶ
841 404 935 452 γοῦν·
960 403 989 440 εἷ
1011 402 1080 454 γάρ
1100 403 1174 441 ἐστι
1189 404 1257 454 γῆ,
1281 402 1341 440 καὶ

313 458 418 510 ὕδωρ,
437 457 496 495 καὶ
515 458 596 510 ἀήρ,
616 458 772 512 καὶπῦρ,
792 459 853 498 καὶ
874 459 1032 513 σίδηρος,
1051 460 1110 499 καὶ
1130 460 1268 513 χρυσός·
1281 460 1342 499 καὶ

312 515 350 552 τὸ
370 515 431 563 μὲν
452 517 539 562 ζῶν,
561 516 600 554 τὸ
619 515 655 554 δὲ
672 517 851 569 τεθνηκός,
872 518 931 556 καὶ
962 518 1091 567 μέλαν,
1116 519 1176 558 καὶ
1193 519 1314 558 λευκόν
1328 549 1339 567 ,

313 572 371 611 καὶ
390 571 435 610 τὰ
456 572 547 611 ἄλλα
576 574 689 613 πάντα
722 575 787 615 ὅσα
813 576 917 630 φασὶν
940 570 1028 616 εἶναι
1053 577 1229 631 ἄνθρωποι
1253 579 1341 625 ἀλη-

313 632 395 677 θῶς,
415 630 435 676 ἢ
456 630 517 668 καὶ
541 634 640 682 ἡμεῖς
658 633 765 685 ὀρθῶς
786 635 920 687 ὁρῶμεν
941 634 1000 673 καὶ
1031 635 1200 685 ἀκούομεν
1215 664 1225 683 ,
1248 629 1339 673 εἶναι

312 689 416 740 ἐχρῆν
437 689 497 727 καὶ
522 690 561 728 τὸ
582 689 619 729 ὂν
648 695 821 741 τοιοῦτον,
850 687 919 733 οἷον
951 697 1088 743 πρῶτον
1114 693 1226 739 ἔδοξεν
1255 694 1341 743 ἡμῖν

310 742 421 795 εἶναι,
447 748 505 787 καὶ
537 749 586 800 μὴ
621 750 870 801 μεταπίπτειν,
900 753 989 802 μηδὲ
1017 752 1172 804 γίνεσθαι
1203 752 1340 806 ἕτερον,

311 806 388 845 ἀλλ’
413 801 501 845 εἶναι
529 809 645 860 ὅμοιον
662 840 674 861 ,
694 804 764 850 οἶόν
788 811 853 864 πέρ
875 813 966 850 ἐστιν
992 811 1153 852 ἕκαστον.
1211 813 1286 851 Νῦν
1305 812 1341 850 δὲ

310 864 441 917 ἔφαμεν
460 868 567 918 ὀρθῶς
592 870 698 921 δρᾷν,
727 869 787 908 καὶ
820 869 973 917 ἀκούειν,
1005 870 1064 908 καὶ
1094 869 1258 911 συνιέναι.
1279 873 1342 910 Δο-

309 929 362 961 κεῖ
379 924 414 962 δὲ
435 926 520 975 ἡμῖν
543 925 583 965 τὸ
604 926 750 980 θερμόν,
777 927 836 966 καὶ
863 928 995 981 ψυχρὸν
1028 929 1196 981 γίνεσθαι·
1210 928 1270 967 καὶ
1298 929 1338 967 τὸ

309 982 467 1035 ψυχρόν,
493 984 638 1036 θερμόν,
664 986 724 1024 καὶ
744 985 782 1024 τὸ
814 988 988 1039 σκληρόν,
1021 987 1198 1038 μαλακόν,
1219 987 1280 1026 καὶ
1300 987 1339 1025 τὸ

310 1041 466 1091 μαλακόν
478 1074 488 1094 ,
507 1043 668 1097 σκληρόν.
687 1047 811 1084 Ταῦτα
827 1045 862 1083 δὲ
880 1045 940 1084 καὶ
957 1046 1047 1084 ἄλλα
1064 1045 1180 1084 πολλὰ
1196 1049 1339 1085 τοιαῦτα

309 1102 464 1151 λέγοντος
491 1105 616 1151 αὐτοῦ,
647 1105 706 1143 καὶ
737 1105 833 1155 μάλα
862 1106 1002 1149 εἰκότως
1035 1105 1177 1145 ἐπύθετό
1212 1121 1260 1149 τις
1281 1106 1339 1154 ἄν,

310 1154 364 1213 ἀρ’
386 1156 443 1199 οῦν
462 1160 514 1200 ὅτι
531 1162 549 1200 ὃ
569 1166 628 1201 νῦν
651 1163 777 1215 θερμόν
805 1166 899 1215 ἐστι,
920 1164 1069 1202 κᾶπειτα
1084 1167 1185 1203 τοῦτο
1208 1163 1338 1215 γίνεται

313 1220 463 1272 ψυχρόν,
486 1223 546 1260 οὔκ
569 1222 773 1272 αἰσθόμενος
793 1221 899 1274 ἔγνως
919 1236 930 1274 3
950 1221 1106 1272 εΟμοίως
1128 1222 1162 1261 δὲ
1182 1223 1241 1261 καὶ
1259 1222 1339 1274 περὶ

310 1282 377 1317 τῶν
401 1279 530 1319 ἄλλων.
588 1280 705 1333 (Ὅπερ
737 1281 804 1332 γὰρ
834 1280 939 1334 ἔφην,
973 1280 1127 1332 εὑρεθείη
1162 1280 1203 1318 ἂν
1224 1281 1338 1329 οὐδέν,

311 1336 427 1384 ἀλλ’ἢ
450 1338 510 1381 τὰς
542 1339 718 1384 αἰσθήσεις
748 1341 897 1390 ἀναιρῶν
928 1338 986 1377 καὶ
1015 1339 1189 1391 ἐλέγχων,
1212 1338 1270 1377 διὰ
1300 1339 1338 1377 τὸ

309 1397 461 1446 μάλιστα
483 1396 657 1435 πιστεύειν
679 1398 810 1440 αὐταῖς.
847 1396 953 1435 Ἀλλὰ
978 1396 1044 1449 γὰρ
1063 1399 1093 1435 οἱ
1111 1396 1173 1447 μὲν
1193 1401 1340 1436 τοιοῦτοι

308 1454 402 1505 λόγοι
424 1453 547 1506 σχεδὸν
563 1454 683 1499 ἱκανὰς
702 1455 768 1502 ἤδη
787 1454 975 1492 δεδώκασιν
996 1455 1150 1499 εὐθύνας.
1197 1455 1338 1503 Ἐξίτη-

307 1513 359 1551 λοί
376 1513 415 1563 γέ
431 1528 482 1551 τοι
497 1513 693 1564 γεγόνασιν,
721 1516 766 1557 ὡς
778 1515 806 1552 εἷ
828 1513 916 1564 μηδὲ
937 1512 1129 1566 ἐλέχθησαν
1141 1520 1154 1537 ⁰
1172 1514 1211 1552 τὸ
1228 1515 1340 1567 παροί-

307 1587 389 1611 παν.
447 1570 542 1619 Ἤδη
568 1572 684 1623 μέντοι
701 1573 903 1625 θαρροῦντες
926 1574 1082 1624 λέγωμεν
1112 1573 1219 1625 ὀρθῶς
1243 1575 1342 1625 φιλο-

311 1635 426 1681 σοφεῖν
450 1629 528 1674 τοὺς
555 1630 613 1668 καὶ
641 1630 702 1675 τὰς
721 1629 894 1676 αἰσθήσεις
925 1633 984 1668 καὶ
1003 1630 1060 1669 τὸν
1074 1629 1176 1682 λόγον
1199 1630 1255 1669 ἐπὶ
1273 1629 1335 1677 τὴν

306 1691 429 1740 γνῶσιν
483 1688 543 1736 τὴν
590 1691 656 1727 τῶν
707 1688 924 1740 πραγμάτων
984 1689 1337 1741 παραλαμῧοίνοντας.

309 1748 446 1788 Τοιοίδε
470 1747 532 1796 μὲν
553 1742 610 1786 οῦν
639 1749 670 1786 οἱ
689 1748 777 1800 ἀμφὶ
794 1750 850 1785 τὸν
881 1747 1082 1799 Ξενοφάνην
1096 1776 1107 1795 ,
1128 1747 1162 1791 ὃς
1183 1746 1224 1793 δὴ
1241 1749 1339 1798 λέγε-

307 1823 364 1845 ται
384 1807 606 1857 συνακμάσαι
624 1809 694 1851 τοῖς
720 1806 810 1859 ἀμφὶ
844 1807 1052 1857 Πυθαγόραν
1072 1806 1132 1844 καὶ
1155 1804 1339 1856 Ἀναξαγό·

310 1881 385 1917 ραν.
444 1865 663 1917 Ξενοφάνους
691 1864 726 1903 δὲ
757 1863 925 1911 ἀκουστὴς
954 1864 1071 1916 γέγονε
1102 1863 1338 1917 Παρμενίδης·

307 1923 428 1962 τούτου
450 1924 644 1971 Μέλισσος,
673 1917 712 1961 οἷ
733 1924 854 1970 Ζήνων
868 1952 878 1971 ,
904 1917 941 1960 οῧ
963 1923 1182 1971 Λεύκιππος,
1204 1917 1242 1961 οῧ
1260 1926 1338 1969 Δη-

1034 195 1332 237 ARISTOCLIS
1362 196 1715 238 PERIPATETICI

1403 280 1627 339 μόκριτος,οῧ
1647 283 1898 337 Πρωταγόρας,
1919 284 1979 323 καὶ
1997 285 2152 330 Νεσσᾶς·
2169 289 2229 325 τοῦ
2248 285 2285 325 δὲ
2306 272 2444 327 Nece&

1404 346 1651 397 Μητρόδωρος,
1671 338 1710 382 οὗ
1726 342 1905 395 Διογένης,
1924 336 1963 381 οὗ
1985 343 2202 396 Ἀνάξαρχος.
2216 343 2429 399 Ἀναξάρχου

1404 404 1439 443 δὲ
1459 404 1632 457 γνώριμος
1654 403 1772 454 γέγονε
1796 401 1950 455 Πύῤῥων
1964 432 1975 453 ,
1996 402 2058 454 ἀφ’
2079 397 2119 442 οἷ
2143 405 2166 450 ἡ
2183 405 2250 441 τῶν
2277 404 2429 443 Σκεπτι-

1402 464 1470 500 κῶν
1491 460 1740 509 ἐπικληθέντων
1764 460 1922 514 διατριὸὴ
1954 460 2114 508 συνέστη·
2145 459 2203 505 οὓς
2220 461 2279 500 καὶ
2300 460 2426 506 αὐτοὺς

1403 521 1512 572 μηδὲν
1538 515 1625 559 εἶναι
1642 519 1874 572 τοπαράπαν,
1908 518 1997 569 μήτε
2021 520 2053 571 γ’
2084 520 2119 558 ἐν
2141 518 2320 569 αἰσθήσει,
2346 518 2428 571 μήτ’

1402 581 1436 618 ἐν
1469 578 1561 631 λόγῳ
1583 578 1805 627 καταληπτὸν
1837 577 2055 631 ὁριζομένους
2068 608 2078 626 ,
2113 576 2304 630 ἐπέχοντας
2343 579 2374 617 δ’
2393 579 2430 618 ἓν

1402 643 1509 676 πᾶσιν
1526 667 1538 690 ,
1572 639 1664 682 ὅπως
1697 636 1896 690 ἀπήλεγχον
1930 638 1961 675 οἱ
1985 635 2276 686 ἀντιδοξάζοντες,
2358 636 2429 677 θεῖν

1403 696 1570 749 πάρεστιν
1591 697 1658 735 ἀπὸ
1671 699 1731 735 τοῦ
1755 696 1965 744 δηλωθέντος
1982 695 2272 749 συγγράμματος,
2323 693 2362 734 δέ
2379 709 2431 743 πη

1403 755 1488 808 πρὸς
1506 755 1594 801 λέξιν
1613 755 1762 808 ἔχοντος.

1457 814 1673 867 (Eusebius
1698 815 1907 865 Praeparat.
1941 814 2088 863 Evang.
2122 812 2179 851 lib
2193 842 2202 852 .
2221 811 2320 862 xlv,
2343 823 2427 866 cap.

1386 887 1452 921 -17
1474 873 1558 925 πρὸς
1576 871 1655 916 τοὺς
1674 873 1754 925 περὶ
1786 872 1988 926 Ξενοφάνην
2017 871 2077 911 καὶ
2104 871 2352 924 Παρμενίδην,
2369 870 2433 915 τὰς

1406 931 1582 979 αἰσθήσεις
1606 932 1840 984 ἀναιροῦντας·
1863 931 1932 970 ἀπὸ
1952 934 2012 970 τοῦ
2031 929 2151 983 ὀγδόου
2173 933 2242 970 τῶν
2262 930 2343 984 περὶ
2372 944 2432 982 φι-

1400 989 1562 1042 λοσοφίας
1599 988 1632 1027 Ἀ
1641 989 1864 1040 ριστοκλέους,
1900 989 2045 1040 Scripsi
2085 1003 2094 1026 ι
2126 992 2139 1010 ⁰
2177 987 2293 1028 αὐτίκ’
2323 985 2431 1027 ἔπειτ’

1401 1049 1462 1086 ἀπ’
1485 1048 1602 1098 ἐμεῖο]
1626 1047 1736 1087 lliad.
1771 1047 1816 1093 V,
1844 1049 2037 1093 214-216.
2074 1047 2130 1085 De
2151 1060 2230 1098 quo
2257 1047 2344 1085 loco
2374 1045 2431 1085 sic

1400 1106 1626 1145 Plutarchus
1660 1107 1701 1144 in
1722 1106 1853 1144 libello
1869 1106 1916 1144 de
1953 1105 2167 1144 cohibenda
2200 1106 2262 1144 ira
2285 1118 2374 1158 cap.
2408 1107 2430 1144 5

1401 1165 1475 1202 vol.
1508 1165 1573 1214 lx,
1599 1179 1640 1216 p.
1670 1170 1746 1214 429
1777 1164 1839 1204 ed.
1862 1164 2018 1203 Hutten.
2041 1162 2248 1215 ὀργιζόμεθα
2278 1164 2341 1204 καὶ
2366 1178 2432 1203 πο-

1399 1221 1530 1272 λεμίοις
1546 1222 1604 1260 καὶ
1630 1222 1737 1273 φίλοις
1751 1251 1760 1269 ,
1780 1221 1839 1259 καὶ
1858 1221 1984 1264 τέκνοις
2002 1220 2062 1259 καὶ
2082 1223 2246 1273 γονεῦσι,
2259 1221 2321 1261 καὶ
2341 1223 2432 1266 θεοῖς

1407 1277 1447 1326 νὴ
1479 1279 1568 1327 Δία,
1594 1278 1654 1318 καὶ
1679 1279 1828 1331 θηρίοις,
1862 1277 1922 1317 καὶ
1953 1277 2098 1332 ἀψύχοις
2132 1277 2302 1319 σκεύεσιν·
2336 1281 2384 1324 ὥς
2414 1281 2432 1318 ὁ

1409 1337 1594 1388 Θάμυρις,
1626 1337 1749 1390 ῥηγνὺς
1778 1337 1984 1389 χρυσόδετον
2015 1336 2137 1389 κέρας,
2162 1337 2285 1391 ῥηγνὺς
2318 1336 2435 1390 ἅρμο-

1404 1394 1479 1432 νίαν
1500 1394 1706 1447 χορδοτόνου
1730 1394 1846 1448 λύρας·
1862 1394 1922 1433 καὶ
1943 1397 1960 1433 ὁ
1979 1395 2181 1450 Πάνδαρος,
2201 1398 2297 1450 αὑτῷ
2314 1411 2434 1436 κατα-

1404 1451 1573 1504 ρώμενος,
1600 1454 1629 1491 εἷ
1651 1452 1698 1502 μὴ
1723 1452 1766 1491 τὰ
1779 1452 1861 1498 τόξα
1882 1453 2117 1506 καταπρήσειε
2142 1455 2243 1508 χερσὶ
2265 1453 2435 1494 ὃιακλοίσα

1404 1527 1478 1554 σας.
1510 1511 1556 1551 ‘O
1590 1511 1625 1549 δὲ
1653 1511 1785 1564 Ξέρξης
1817 1511 1875 1550 καὶ
1912 1514 1954 1564 τῇ
1983 1512 2136 1566 θαλάττῃ
2169 1512 2346 1565 στίγματα
2373 1511 2435 1552 καὶ

1404 1569 1541 1621 πληγὰς
1564 1569 1742 1609 ἐνέὸαλλε.
1761 1593 1812 1600 --
1831 1571 1849 1594 ¹³
1869 1571 2137 1623 ἀποδείκνυσιν]
2156 1570 2269 1612 codd.
2295 1571 2434 1610 ἀποδει-

1403 1629 1526 1667 κνύειν.
1541 1651 1594 1659 -
1619 1634 1634 1653 ⁰
1649 1628 1865 1682 ἐλέχθησαν]
1888 1643 1974 1668 cum
1995 1630 2159 1681 Viger03
2185 1630 2299 1670 codd.
2320 1628 2432 1683 ἡλίχ-

1405 1687 1556 1739 θησαν.]

1459 1760 1490 1787 3.
1524 1746 1734 1798 Ἀναγκαίως
1753 1748 1783 1785 δ’
1808 1746 1881 1800 ἔχει
1909 1748 1975 1800 πρὸ
2003 1746 2154 1799 παντός,
2175 1745 2429 1800 διασκέψασθαι

1403 1807 1479 1858 περὶ
1511 1808 1571 1853 τῆς
1598 1809 1697 1855 ἡμῶν
1724 1807 1838 1845 αὐτῶν
1858 1804 2029 1856 γνώσεως.
2089 1807 2134 1846 Εἰ
2162 1805 2230 1859 γὰρ
2251 1797 2296 1843 αθ
2317 1803 2427 1855 μηδὲν

1402 1865 1605 1917 πεφύκαμεν
1635 1865 1810 1918 γνωρίζειν
1824 1892 1834 1911 ,
1855 1863 1950 1903 οὐδὲν
1977 1863 2030 1902 ἔτι
2049 1864 2100 1902 δεῖ
2118 1863 2198 1916 περὶ
2218 1865 2286 1902 τῶν
2307 1862 2424 1902 ἄλλων

1371 1953 1376 1959 .
1404 1925 1558 1962 σκοπεῖν,
1614 1922 1796 1974 Ἐγένοντο
1824 1922 1886 1972 μὲν
1919 1915 1977 1960 οῦν
2007 1922 2068 1960 καὶ
2089 1923 2156 1961 τῶν
2177 1921 2289 1961 πάλαι
2319 1919 2430 1969 τινές,

315 2020 512 2029 υ--
522 2016 2424 2028 ————————————n—————-——-—————————n

306 2072 414 2103 tamen
431 2079 463 2102 re
484 2070 553 2112 ipsa
569 2070 827 2102 constantissime
843 2071 990 2102 utuntur.
1041 2069 1212 2102 Enimvero
1230 2069 1341 2102 Melis-

307 2138 362 2161 sus
380 2137 491 2161 eorum
514 2137 587 2170 quae
609 2129 762 2169 apparent
790 2137 928 2170 quaeque
952 2127 1054 2160 oculis
1073 2127 1219 2169 subiecta
1243 2131 1338 2167 sunt,

306 2188 384 2220 nihil
403 2197 438 2220 re
454 2196 531 2220 vera
557 2196 629 2220 esse
655 2186 795 2229 probare
820 2187 898 2219 dum
915 2187 1004 2228 vult,
1029 2196 1070 2219 ex
1089 2186 1153 2219 illis
1172 2186 1252 2228 ipsis
1268 2195 1340 2228 quae

309 2249 464 2288 apparent
483 2248 673 2286 argumenta
690 2245 792 2278 ducit.
837 2245 962 2287 Quippe
978 2245 1023 2277 ita
1047 2245 1160 2278 scribit
1178 2257 1185 2277 z
1207 2245 1236 2277 si
1253 2247 1340 2278 terra

305 2308 375 2346 est,
399 2305 426 2338 si
451 2314 535 2345 aqua
551 2307 584 2337 et
602 2314 668 2345 aer,
690 2305 718 2336 si
732 2304 835 2346 ignis,
863 2305 1006 2344 ferrum,
1034 2313 1174 2344 aurum;
1198 2304 1227 2336 si
1252 2303 1342 2336 aliud

306 2365 415 2396 vivum
427 2390 435 2404 ‚
456 2363 546 2396 aliud
566 2366 754 2403 mortuum,
777 2363 805 2395 si
817 2362 944 2404 nigrum
961 2364 1060 2404 atque
1076 2362 1209 2402 album,
1228 2362 1256 2394 si
1276 2362 1339 2395 alia

307 2424 383 2453 sunt
412 2422 542 2464 omnia,
563 2432 638 2463 quae
666 2422 707 2454 ab
728 2421 916 2454 hominibus
950 2430 1026 2453 vere
1054 2429 1125 2454 esse
1155 2421 1308 2453 dicuntur
1331 2433 1338 2453 :

307 2481 470 2520 postremo
487 2480 513 2512 si
534 2480 683 2512 videmus
696 2480 757 2521 ipsi
782 2479 1000 2520 audimusque
1017 2481 1121 2520 recle3
1141 2478 1222 2511 illud
1240 2479 1338 2512 etiam

306 2539 468 2579 profecto,
488 2539 577 2579 quod
605 2540 676 2579 est,
703 2538 769 2572 tale
791 2547 919 2580 semper
950 2547 1081 2571 manere
1107 2538 1222 2578 debet,
1241 2537 1336 2579 quale

308 2597 410 2637 primo
426 2597 518 2629 nobis
537 2598 587 2629 est
611 2597 720 2630 visum
732 2622 741 2637 ‚
756 2606 816 2630 nec
842 2598 963 2630 mutari
982 2596 1121 2630 subinde
1139 2598 1239 2638 atque
1259 2596 1339 2628 alte—

306 2665 378 2687 rum
400 2655 538 2688 evadere
552 2681 560 2692 ,
582 2656 639 2687 sed
655 2657 762 2697 potius
780 2657 966 2688 constanter
991 2655 1076 2688 idem
1097 2654 1193 2688 debet
1215 2653 1338 2696 quidli-

308 2713 361 2745 bet
378 2721 450 2745 esse
475 2713 563 2753 quod
586 2713 685 2745 semel
701 2715 762 2746 est.
808 2713 907 2754 Atqui
931 2714 1019 2746 recte
1040 2722 1114 2745 cum
1134 2712 1243 2745 videre
1262 2721 1340 2753 nos,

307 2773 376 2803 tum
393 2771 505 2804 audire
519 2771 617 2804 etiam
634 2773 666 2804 et
690 2772 868 2813 intelligere
893 2771 1053 2812 dicimus3
1077 2773 1110 2804 et
1125 2773 1235 2804 tamen
1254 2770 1340 2811 frigi-

306 2831 385 2862 dum
401 2830 435 2862 id
448 2830 540 2862 nobis
560 2830 647 2872 quod
665 2830 804 2862 calidum
832 2832 903 2863 erat
928 2831 996 2864 ficri
1017 2831 1164 2873 videtur,
1182 2830 1342 2864 calidum-

307 2897 372 2928 que
391 2887 536 2920 vicissim
554 2888 641 2928 quod
659 2890 728 2920 erat
752 2888 903 2930 frigidum
915 2914 923 2929 ‚
943 2889 1155 2930 similiterque
1171 2889 1290 2921 durum
1310 2889 1342 2920 in

308 2946 422 2985 molle,
443 2948 477 2978 et
502 2945 599 2978 molle
625 2954 741 2978 rursus
768 2946 801 2978 in
829 2947 948 2979 durum
970 2947 1103 2980 mutari.
1147 2948 1226 2979 Haec
1247 2947 1344 2988 igitur

309 3005 438 3046 aliaque
458 3004 493 3036 id
516 3013 617 3045 genus
632 3004 772 3046 plurima
790 3014 894 3045 quum
915 3015 934 3037 a
952 3006 1084 3038 Melisso
1098 3005 1258 3045 dicantur,
1273 3006 1344 3047 jure

310 3063 455 3104 profecto
473 3063 639 3104 quaesierit
651 3072 688 3095 ex
704 3072 742 3096 eo
756 3063 915 3105 quispiam
930 3089 938 3104 ,
955 3073 1033 3096 num
1049 3065 1110 3096 hoc
1132 3064 1239 3106 ipsum
1255 3064 1344 3106 quod

315 3122 412 3154 modo
441 3121 581 3154 calidum
597 3123 664 3163 est,
684 3122 835 3163 frigidum
856 3124 970 3163 postea
995 3122 1066 3155 fieri
1078 3148 1086 3163 ,
1105 3122 1272 3155 sentiendo
1293 3132 1345 3155 co-

312 3181 468 3222 gnoverit.
482 3182 684 3213 caeterorum
697 3189 773 3213 vero
786 3181 930 3213 omnium
948 3181 1059 3214 eadem
1076 3182 1169 3222 plane
1183 3181 1264 3214 ratio
1281 3183 1341 3214 est.

313 3239 408 3278 Quod
423 3239 510 3272 enim
527 3238 613 3279 dixi,
633 3238 711 3271 nihil
735 3238 824 3271 aliud
848 3248 947 3281 quam
964 3248 1079 3272 sensus
1094 3240 1208 3273 tollere
1224 3242 1255 3273 et
1269 3249 1343 3272 car-

315 3307 389 3343 pere
406 3298 588 3331 inveniatur
610 3297 779 3338 Melissus,
810 3297 886 3339 quia
912 3298 1087 3330 maximam
1115 3299 1155 3331 iis
1171 3298 1266 3332 fidem
1291 3298 1345 3331 ad·

311 3357 437 3399 Jungat.
481 3356 546 3389 Sed
563 3356 650 3389 enim
679 3355 807 3389 abunde
837 3356 952 3398 opinor
978 3357 1173 3398 castigatum
1201 3366 1221 3389 a
1251 3356 1344 3389 nobis

312 3417 365 3447 est
399 3415 503 3447 tolum
535 3413 600 3448 boo
634 3414 847 3448 ratiocinandi
875 3423 999 3455 genus;
1028 3414 1095 3447 imo
1130 3415 1262 3456 perinde
1275 3415 1343 3456 jam

1402 2070 1571 2110 exolevit,
1590 2079 1629 2102 ac
1648 2070 1675 2102 si
1694 2069 1825 2102 omnino
1839 2077 2006 2111 nunquam
2021 2070 2217 2111 usurpatum
2232 2069 2331 2101 esset.
2363 2066 2434 2100 noc

1402 2130 1511 2161 autem
1527 2127 1593 2168 jam
1615 2128 1812 2161 confidenter
1828 2128 1997 2170 dicamus,
2021 2129 2110 2161 recte
2125 2124 2346 2169 philosophari
2377 2123 2434 2167 qui

1401 2187 1441 2219 ad
1457 2196 1567 2220 reruni
1583 2187 1796 2229 cognitionem
1821 2186 2011 2229 capiendam
2027 2188 2142 2220 sens'us
2157 2185 2258 2220 etiam
2274 2193 2351 2219 cum
2375 2192 2431 2218 ra-

1401 2245 1487 2278 tione
1506 2245 1687 2279 adhibeant.
1733 2246 1899 2279 Hactenus
1915 2245 1980 2279 ille.
2005 2245 2100 2278 Tales
2114 2244 2214 2287 igitur
2225 2243 2431 2287 Xenophauis

1404 2305 1617 2338 assectatores
1663 2305 1752 2338 fuere
1764 2330 1772 2345 ‚
1807 2313 1905 2346 quem
1942 2304 2135 2346 Pythagorae
2172 2305 2206 2337 et
2238 2306 2434 2345 Anaxagorae

1401 2362 1602 2404 temporibus
1626 2362 1772 2395 floruisse
1806 2362 1907 2402 ajunt.
1965 2363 2047 2394 Nam
2070 2360 2276 2403 Xenophanis
2300 2359 2435 2401 quidem

1401 2421 1530 2454 auditor
1548 2421 1756 2454 Parmenides
1772 2420 1859 2453 fuit:
1886 2420 1974 2453 hunc
2001 2428 2079 2454 vero
2105 2419 2258 2452 Melissus
2282 2417 2432 2459 audivit,

1402 2480 1632 2523 Melissumque
1649 2483 1734 2513 Zeno
1750 2494 1758 2514 ι
1776 2479 1894 2512 Zenoni
1914 2479 2114 2521 Leucippus,
2130 2478 2294 2520 Leucippo
2309 2478 2429 2511 Demo-

1401 2539 1519 2580 critus,
1539 2539 1724 2572 Democrito
1748 2541 1939 2580 Protagoras
1959 2539 2058 2579 atque
2088 2539 2206 2571 Nessas
2225 2545 2358 2580 operam
2377 2536 2433 2570 de-

1402 2597 1491 2631 dere.
1516 2600 1589 2631 Jam
1606 2598 1829 2631 Metrodorum
1852 2599 1990 2637 Nessas,
2010 2596 2190 2637 Diogenem
2206 2595 2431 2636 Metrodorus,

1403 2657 1631 2690 Anaxarchum
1653 2657 1831 2698 Diogenes,
1863 2656 2064 2698 Pyrrhonem
2093 2655 2304 2689 Anaxarchus
2338 2654 2434 2688 disci-

1401 2716 1514 2758 pulum
1526 2716 1652 2749 habuit.
1672 2716 1897 2757 Scepticorum
1911 2715 1968 2756 qui
1987 2716 2146 2747 vocantur
2165 2715 2287 2757 sectam
2308 2712 2434 2754 Pyrrho

1403 2775 1590 2817 constituit,
1616 2784 1699 2817 quos
1731 2774 1842 2808 itidem
1855 2799 1863 2814 ,
1887 2774 1974 2815 quod
1998 2773 2078 2805 nihil
2104 2772 2234 2805 omnino
2255 2771 2309 2805 vel
2335 2780 2433 2804 sensu

1402 2835 1453 2867 vel
1477 2835 1601 2868 ratione
1617 2833 1846 2877 comprehendi
1866 2841 1961 2875 posse
1978 2833 2167 2869 statuerent,
2195 2831 2432 2864 assensionem-

1403 2903 1465 2935 que
1480 2895 1649 2936 propterea
1673 2903 1692 2926 a
1706 2892 1805 2926 rebus
1820 2892 1969 2925 omnihus
1993 2890 2202 2931 cohiberent,
2221 2888 2434 2932 quemadmo-

1402 2952 1481 2986 dum
1497 2952 1665 2985 conlrariae
1685 2950 1852 2985 sententiae
1864 2949 2048 2983 defensores
2064 2947 2296 2989 refutaverim,
2318 2957 2360 2982 ex
2384 2955 2434 2981 eo·

1403 3009 1478 3041 dem
1495 3008 1660 3042 Aristoclis
1680 3016 1778 3051 opere
1797 3006 1946 3050 cognosci
1963 3007 2082 3048 potest.
2106 3005 2158 3038 stc
2181 3003 2268 3039 enim
2295 3004 2338 3038 ad
2353 3011 2434 3038 ver-

1402 3066 1481 3101 bum
1496 3067 1565 3110 ipse
1584 3067 1706 3101 scribit.

1445 3129 1473 3160 3.
1495 3129 1633 3160 Necesse
1645 3127 1712 3167 est,
1733 3124 1841 3168 inquit
1858 3123 1912 3157 ille
1924 3145 1935 3164 ,
1951 3124 2024 3156 ante
2045 3121 2153 3155 omnIa
2175 3121 2217 3155 de
2244 3118 2434 3163 cognitionis

1404 3189 1525 3219 nostrae
1551 3187 1674 3220 ratione
1703 3185 1933 3227 disceptemus.
1964 3185 2043 3216 Nam
2075 3182 2105 3216 si
2132 3180 2344 3225 cognoscendi
2366 3180 2433 3214 vim

1403 3242 1548 3275 innatam
1566 3242 1688 3275 nullam
1705 3240 1864 3274 habemus
1877 3265 1885 3281 ,
1903 3239 2093 3273 omittamus
2104 3237 2180 3270 licet
2196 3237 2238 3270 de
2254 3235 2326 3269 aliis
2340 3241 2433 3276 quae·

1403 3308 1485 3334 rere.
1527 3299 1637 3333 Talem
1651 3299 1750 3340 igitur
1763 3306 1876 3331 vocem
1891 3299 2042 3332 veterum
2065 3295 2210 3329 nonnulli
2227 3293 2331 3328 etiam
2354 3290 2435 3326 omi-

1404 3358 1534 3398 serunt,
1559 3356 1676 3399 quibus
1706 3355 1896 3399 repugnavit
1922 3354 2124 3388 Aristoteles.
2169 3349 2331 3386 Sustinuit
2354 3357 2436 3384 vcro

1404 3415 1484 3448 talla
1509 3414 1616 3449 dicere
1635 3419 1667 3448 ct
1688 3415 1809 3457 Pyrrho
1833 3414 1933 3449 Eleus
1958 3421 1965 3443 τ
1987 3413 2045 3447 sed
2070 3414 2142 3455 ipse
2164 3409 2247 3447 nihil
2270 3405 2431 3454 amptum
