2528 3788
292 196 342 233 66

1174 200 1243 241 DE
1274 201 1564 244 SPEUSIPPO.

286 283 468 322 dictionis
488 284 779 323 similitudinem
809 284 1024 325 Lastheniae
1047 297 1086 326 et
1102 288 1319 341 Speusippo
1381 292 1539 341 quitatis
1555 292 1740 339 vinculis,
1758 291 1822 330 sed
1843 291 2057 330 studiorum
2077 293 2304 343 cognatione
2323 306 2413 331 con-

286 342 438 383 tribuit.
473 345 591 383 Docet
622 344 725 383 enim
760 346 1018 389 consuevisse,
1040 357 1249 399 utrumque
1278 350 1321 387 in

285 403 533 453 epistolarum
550 403 760 454 scriptione
773 406 932 443 salutem
947 407 1082 445 amicis
1101 409 1155 446 ita
1174 407 1316 455 dicere,

285 470 326 498 ut
339 475 404 499 eos
415 476 538 513 neque
550 462 649 501 bene
661 463 808 513 agitare
819 457 870 515 (εὖ
886 465 1083 517 πράττειν),
1096 480 1220 517 neque
1231 481 1323 516 gau-

282 520 371 558 dere
393 520 586 573 (χαίρειν),
607 522 673 560 sed
690 522 811 561 laetari
829 522 1013 575 (ἥδεσθαι)
1023 523 1208 575 juberent
1224 524 1317 578 (78).

335 579 449 618 Fama
483 589 540 619 est
575 582 865 620 matrimonium
899 596 1054 634 quoque
1083 585 1320 622 contraxisse

281 638 565 691 Speusippum,
587 640 679 678 licet
704 654 749 679 ea
777 655 838 680 res
858 641 1140 681 dubitationem
1169 642 1319 682 habeat.

281 695 431 735 Testem
454 711 547 736 vero
575 698 694 750 hujus
716 700 955 739 matrimonii
975 702 1099 739 solum
1122 701 1319 740 Platonem

281 757 454 806 proferre
472 770 674 808 possumus
696 759 738 797 in
754 759 918 810 epistola
931 761 1043 798 tertia
1058 760 1208 799 decima
1226 761 1319 799 Dio-

280 818 393 866 nysio
417 816 674 866 scribentem,
705 832 803 868 opus
833 819 910 857 sibi
939 833 1021 859 esse
1051 820 1139 858 dote
1164 820 1321 870 triginta

279 874 486 912 minarum.
505 876 680 927 Namque
698 877 809 916 Plato
827 891 942 915 unam
969 892 990 917 e
1020 879 1193 930 neptium
1220 880 1319 918 filia-

278 931 351 971 bus
364 934 581 987 Speusippo
598 936 790 974 avunculo
809 938 1065 978 collocaturus
1075 939 1181 977 illam
1203 952 1320 990 pecu-

280 992 382 1030 niam
406 994 587 1044 Dionysii
616 995 860 1035 facultatibus
886 997 1109 1037 sublevatus
1141 998 1219 1049 (79)
1244 999 1320 1036 sol-

278 1064 368 1089 vere
397 1052 564 1092 volebat.
588 1053 734 1092 Similis
757 1057 974 1104 argumenti
994 1057 1144 1095 decima
1157 1057 1320 1096 Chio‘nis

279 1124 365 1161 quae
403 1122 565 1150 vocatur
599 1113 765 1164 epistola
792 1123 862 1154 est.
901 1115 1091 1153 Nimirum
1104 1145 1114 1164 ‚
1152 1117 1185 1154 si
1226 1116 1320 1154 fides

280 1171 453 1221 epistolae
474 1172 646 1218 auctori,
667 1171 794 1210 Chion
811 1174 878 1223 qui
905 1173 1002 1212 forte
1021 1175 1180 1213 Athenis
1208 1187 1320 1212 com-

284 1229 508 1268 morabatur
529 1244 607 1281 quo
633 1239 804 1281 tempore
826 1232 904 1269 illae
925 1233 1068 1283 nuptiae
1098 1232 1251 1279 fiebant,
1272 1232 1319 1270 ad

280 1288 492 1337 augendam
535 1289 694 1339 triginta
735 1290 926 1328 minarum
963 1290 1091 1328 dotem
1135 1291 1317 1328 talentum

279 1346 516 1398 Speusippo,
540 1355 671 1397 utpote
691 1347 733 1385 in
753 1357 918 1397 egestate
938 1349 1131 1395 versanti,
1171 1348 1218 1386 de
1244 1362 1314 1386 suo

281 1405 512 1443 numeravit.
533 1404 803 1455 Subjiciuntur
823 1420 845 1444 a
874 1407 1063 1458 scriptore
1081 1419 1212 1458 pauca,
1234 1420 1320 1457 quae

279 1463 327 1500 ad
344 1464 482 1514 sponsi
500 1464 725 1503 suavitatem
741 1473 778 1501 et
796 1466 1037 1503 matrimonii
1057 1466 1315 1503 sinceritatem

279 1521 460 1559 laudibus
481 1521 739 1559 extollendam
760 1522 970 1572 pertinent.
1000 1523 1084 1561 Jam
1103 1524 1138 1562 si
1156 1525 1318 1561 missum

280 1579 440 1618 facimus
456 1589 703 1630 personatum
720 1579 906 1618 Chionem
927 1581 955 1619 i.
972 1594 1006 1619 e.
1024 1583 1231 1633 sophistam
1251 1584 1319 1632 qui

279 1639 351 1676 sub
373 1638 518 1676 umbra·
531 1638 665 1675 alienae
683 1638 884 1687 dignitatis
905 1639 1017 1687 latet,
1042 1640 1130 1690 quis
1155 1640 1203 1678 ad
1229 1640 1317 1678 facti

278 1698 478 1735 veritatem
489 1696 726 1747 probandam
741 1697 942 1735 Platonem
957 1706 1138 1748 tanquam
1154 1698 1322 1749 locuple-

278 1765 353 1793 tem
371 1764 562 1793 auctorem
583 1755 785 1793 laudabit?
807 1756 893 1793 Scio
915 1756 1163 1794 Plutarchum
1185 1757 1262 1807 (80)
1278 1757 1319 1794 in

279 1815 417 1853 Dionis
436 1815 515 1852 vita
530 1827 614 1865 cap.
635 1829 680 1852 21
707 1815 806 1853 hanc
821 1816 945 1866 ipsam
966 1816 1116 1853 tertiam
1131 1816 1318 1854 decimam

279 1872 448 1910 Platonis
484 1873 688 1924 epistolam
723 1882 916 1924 spectasse
950 1883 1063 1924 atque
1094 1887 1142 1911 ex
1184 1874 1318 1912 eodem

279 1932 384 1968 fonte
426 1940 573 1982 partem
612 1933 847 1970 narrationis
880 1932 1053 1970 hausisse
1067 1962 1077 1981 ‚
1121 1932 1188 1970 sed
1225 1932 1319 1970 mihi

279 2002 411 2027 omnes
431 2002 517 2039 quae
545 1989 617 2027 sub
646 1990 816 2028 Platonis
844 1991 1001 2028 nomine
1022 1991 1198 2029 feruntur
1227 1991 1313 2042 epi-

280 2048 396 2086 stolas
416 2048 566 2099 spurias
589 2048 728 2096 videri,
745 2049 825 2099 jam
847 2062 967 2099 supra
984 2050 1026 2086 in
1046 2049 1321 2088 adumbrandis

278 2106 503 2157 philosophi
523 2106 732 2144 itineribus
750 2108 826 2158 (81)
853 2107 950 2146 dixi.
974 2107 1102 2153 Quum
1129 2116 1254 2146 autem
1274 2108 1321 2145 de

279 2163 489 2217 Speusippi
526 2165 774 2203 matrimonio
805 2166 903 2203 nihil
931 2175 1116 2216 praeterea
1135 2166 1318 2204 traditum

280 2225 353 2272 sit,
381 2237 462 2262 rem
485 2223 671 2262 incertam
691 2237 817 2275 neque
833 2226 1060 2263 confirmare
1084 2226 1320 2275 argumentis

281 2295 408 2334 neque
424 2282 601 2321 refellere
615 2283 659 2322 in
680 2283 810 2321 animo
829 2292 900 2323 est.
929 2283 1038 2321 Adde
1054 2283 1159 2335 quod
1182 2283 1318 2322 liberis

281 2343 437 2380 videtur
461 2342 653 2389 caruisse,
678 2343 862 2393 quoniam
882 2343 1011 2381 virum
1041 2355 1120 2380 non
1146 2342 1320 2393 propin-

281 2489 350 2531 (78)
376 2491 424 2521 De
439 2488 503 2521 hac
521 2489 687 2530 epistolica
713 2489 908 2523 salutatione
924 2490 1000 2523 vide
1018 2490 1150 2522 Henrici
1168 2489 1322 2531 Stephani

282 2538 378 2570 Thes.
396 2546 423 2569 s.
445 2545 477 2568 V.
498 2537 652 2578 πράττειν.
670 2555 705 2559 ——
725 2536 790 2577 (79)
811 2536 905 2570 Plato
933 2538 1027 2579 epist.
1045 2538 1122 2570 Xlll
1141 2547 1172 2578 p.
1190 2540 1261 2570 361.
1280 2539 1320 2570 D.

282 2584 346 2617 εἰσί
362 2595 414 2625 μοι
432 2583 602 2624 ἀδελφιδῶν
618 2584 779 2624 θυγατέρες
797 2586 859 2615 τῶν
873 2584 1097 2616 ἀποθανουσῶν
1111 2583 1180 2615 τότε
1197 2583 1242 2615 ὅτ’
1259 2583 1322 2622 ἐγὼ

282 2633 340 2665 οὐκ
362 2630 592 2672 ἐστεφανούμην
607 2656 614 2670 ,
641 2631 681 2662 σὺ
706 2630 733 2662 δ’
760 2630 915 2671 ἐκέλευες,
942 2633 1106 2672 τέσσαρες,
1138 2633 1157 2669 ἡ
1188 2631 1243 2672 μὲν
1268 2634 1315 2663 νῦ·

281 2678 451 2717 ἐπίγαμος,
474 2677 493 2713 ἡ
519 2675 553 2707 δὲ
578 2677 735 2716 ὀκταέτις,
762 2677 782 2713 ἡ
796 2676 829 2708 δὲ
851 2678 981 2718 σμικρὸν
998 2677 1071 2718 πρὸς
1091 2677 1189 2717 τρισὶν
1209 2678 1322 2710 ἐτεσιν,

281 2727 301 2763 ἡ
325 2725 358 2757 δὲ
382 2722 471 2755 οὔπω
502 2723 657 2755 ἐνιαυσία.
683 2723 804 2759 Ταύτας
827 2723 967 2756 ἐκδοτέον
986 2723 1056 2764 ἐμοί
1081 2723 1148 2755 ἐστι
1176 2722 1234 2757 καὶ
1259 2727 1323 2761 τοῖς

282 2772 366 2812 ἐμοῖς
384 2769 566 2809 ἐπιτηδείοις
582 2794 588 2809 ,
607 2769 655 2805 αἷς
672 2769 708 2800 ἂν
729 2769 791 2809 ἐγὼ
811 2769 936 2800 ἐπιδιῶ·
955 2769 1004 2806 αἷς
1020 2769 1046 2801 δ’
1066 2769 1104 2801 ἂν
1121 2769 1164 2809 μή
1178 2793 1188 2809 ,
1200 2770 1324 2812 χαιρόν·

281 2830 364 2851 των.-
376 2818 434 2850 Καὶ
445 2817 488 2849 ὧν
504 2816 541 2849 ἂν
553 2817 705 2857 γένωνται
719 2816 749 2846 οἱ
770 2816 896 2857 πατέρες
911 2816 1015 2848 αὐτῶν
1027 2817 1104 2857 ἐμοῦ
1125 2816 1303 2850 πλουσιώτε
1313 2835 1324 2839 -

283 2878 351 2906 pot,
364 2866 421 2897 οὐκ
437 2864 588 2896 ἐκδοτέον·
617 2864 656 2895 τὰ
680 2863 713 2895 δὲ
726 2865 779 2894 νῦν
802 2863 864 2903 ἐγὼ
888 2863 992 2895 αὐτῶν
1014 2863 1235 2904 εὐπορώτερος.
1262 2867 1323 2898 Καὶ

275 2914 336 2950 τὰς
350 2911 479 2953 μητέρας
496 2911 529 2942 δὲ
545 2910 647 2942 αὐτῶν
671 2910 734 2950 ἐγὼ
753 2909 890 2945 ἐξέδωκα
908 2910 962 2942 καὶ
979 2908 1044 2951 μετ’
1059 2909 1161 2942 ἄλλων
1174 2912 1228 2944 καὶ
1246 2913 1323 2953 μετὰ

285 2960 413 2995 Δίωνος.
438 2958 479 2989 Ἣ
507 2956 560 2998 μὲν
585 2956 639 2988 οὖν
667 2955 862 2997 Σπευσίππῳ
892 2960 1055 2997 γαμεῖται,
1085 2958 1214 2996 ἀδελφῆς
1243 2957 1324 2989 οὖσα

283 3007 371 3047 αὐτῷ
386 3004 535 3045 θυγάτηρ·
559 3005 607 3036 δεῖ
625 3004 662 3042 δὴ
685 3004 785 3044 ταύτῃ
804 3004 891 3036 οὐδὲν
910 3004 1001 3035 πλέον
1013 3005 1033 3042 ἢ
1047 3004 1210 3045 τριάκοντα
1228 3008 1323 3046 μνῶν·

285 3054 407 3094 ιέτριαι
420 3051 480 3091 γὰρ
493 3051 586 3083 αὗται
603 3051 676 3091 ἡμῖν
695 3054 833 3092 προῖκες.
851 3068 893 3074 —-
917 3050 984 3092 (80)
1004 3050 1203 3084 Plutarchus
1227 3052 1323 3084 Dion.

286 3102 336 3134 21.
360 3098 435 3132 Vol.
454 3099 500 3130 VI
521 3107 552 3139 p.
572 3099 630 3130 186
649 3106 718 3139 seq.
734 3098 786 3131 ed.
806 3099 942 3130 Hutten.
962 3115 1004 3121 —

329 3146 396 3189 (81)
417 3145 492 3179 Vid.
523 3147 591 3177 not.
617 3148 666 3177 12.
685 3145 801 3185 ...(82)
819 3145 1016 3178 Plutarchus
1042 3144 1083 3177 de
1111 3145 1223 3178 exsilio
1252 3155 1312 3188 cap

290 3197 329 3228 10
343 3193 417 3226 Vol.
440 3194 468 3226 X
489 3201 522 3235 p.
543 3195 604 3226 376
621 3192 672 3225 ed.
691 3193 825 3225 Hutten.
842 3195 861 3231 ἡ
882 3193 909 3225 δ’
929 3192 1103 3231 Ἀκαδημία
1117 3217 1125 3232 ,
1145 3194 1326 3235 τρισχιλίων

296 3244 444 3284 δραχμῶν
460 3241 609 3283 χωρίδιον
629 3240 803 3280 ἐωνημένον
816 3263 825 3280 ,
840 3241 1015 3281 οἰκητήριον
1029 3239 1067 3280 ἦν
1085 3240 1258 3278 Πλάτωνος
1274 3243 1326 3273 καὶ

292 3289 503 3331 Ξενοκράτους
515 3289 569 3321 καὶ
590 3289 791 3329 Πολέμωνος,
811 3287 915 3319 αὐτόθι
934 3287 1148 3329 σχολαζόντων
1163 3289 1216 3320 καὶ
1235 3300 1329 3321 κατα-

290 3338 439 3371 ὄιούντων
452 3338 506 3369 τὸν
520 3337 645 3369 ἅπαντα
665 3335 786 3377 χρόνον·
805 3335 884 3374 πλὴν
898 3334 970 3377 μίαν
989 3334 1105 3377 ἡμέραν
1117 3358 1126 3374 ,
1147 3335 1177 3367 ἐν
1191 3335 1211 3376 ᾖ
1227 3336 1326 3368 Ξενο-

290 3383 402 3426 κράτης
417 3383 488 3416 καθ’
504 3383 636 3416 ἕκαστον
652 3381 720 3419 ἔτος
736 3382 778 3419 εἰς
800 3381 879 3414 ἄστυ
897 3381 1006 3422 κατῄει
1022 3379 1195 3413 Διονυσίων
1211 3386 1328 3419 καινοῖς

290 3431 458 3474 τραγῳδοῖς
472 3430 693 3471 ἐπισκοσμῶν,
713 3432 754 3466 ὡς
775 3428 911 3470 ἔφασαν,
929 3428 982 3467 τὴν
997 3428 1103 3471 ἑορτήν
1123 3427 1218 3460 conf.
1240 3429 1275 3461 G.
1292 3429 1328 3463 F.

1376 348 1568 400 junctum,
1587 350 1840 388 Xenocratem
1876 350 2091 388 Academiae
2116 351 2295 390 heredem
2317 352 2416 391 reli—

1382 410 1479 452 quit.

1435 467 1507 506 Hic
1527 477 1659 506 notare
1688 469 1804 516 libet,
1828 469 1983 507 hortum
2005 468 2222 508 Academiae
2245 471 2417 509 vicinum

1376 524 1456 575 jam
1487 526 1711 566 Xenocratis
1743 537 1921 579 tempore
1949 528 2092 566 scholae
2120 529 2237 568 fuisse
2275 530 2419 582 adjun-

1381 594 1498 632 ctum,
1520 585 1630 635 cujus
1650 594 1776 624 rector
1788 586 2030 624 domicilium
2050 586 2108 624 ibi
2125 586 2302 628 habebat.
2321 589 2418 630 Pro-

1386 643 1485 681 dunt
1526 644 1672 682 scilicet
1705 644 1949 683 Academiam
1988 644 2116 683 tribus
2151 645 2420 688 drachmarum

1387 701 1558 740 millibus
1600 712 1738 741 emtam
1773 702 2013 741 domicilium
2064 703 2182 742 fuisse
2219 703 2418 757 Platonis,

1367 761 1604 800 ‘Xenocratis
1621 791 1630 807 ,
1664 762 1886 800 Polemonis
1910 761 1970 799 ibi
1999 761 2256 813 philosophiae
2274 775 2418 803 vacan-

1380 820 1476 857 tium
1497 827 1610 870 atque
1627 828 1772 857 aetatem
1792 820 1834 857 in
1854 832 1899 857 ea
1916 820 2197 858 conterentium
2217 834 2227 859 t
2249 834 2330 860 uno
2350 823 2415 862 die

1380 887 1559 930 excepto,
1589 892 1667 930 quo
1699 881 1932 919 Xenocrates
1967 880 2174 930 quotannis
2194 881 2236 918 in
2265 889 2349 920 astu
2377 895 2427 922 se·

1381 938 1606 987 contulerit,
1627 936 1893 985 Liberalibus,
1914 946 1958 977 ut
1977 938 2105 989 (quod
2126 938 2259 990 ajunt)
2285 951 2414 979 novo-

1381 1008 1467 1033 rum
1501 995 1760 1044 tragoedorum
1800 996 1987 1034 solemnia
2011 996 2287 1035 condecoraret
2316 996 2412 1050 (82).

1382 1054 1536 1092 Fundus
1560 1054 1655 1091 alter
1679 1054 1876 1102 Platonis,
1909 1055 1951 1092 in
1971 1053 2204 1093 lresidarum
2235 1067 2336 1107 pago
2355 1057 2413 1094 si-

1380 1121 1442 1151 tus
1460 1112 1469 1144 -‘
1474 1114 1537 1162 83)
1556 1114 1598 1150 in
1621 1113 1905 1163 septentriones
1925 1121 2039 1163 atque
2067 1113 2109 1150 in
2125 1113 2314 1152 orientem
2333 1114 2419 1153 Eu—

1380 1170 1619 1221 rymedontis
1650 1170 1906 1220 Myrrhinusii
1940 1170 2100 1221 praediis
2118 1170 2414 1211 obtendebatur.

1382 1229 1479 1266 Hinc
1498 1228 1658 1277 colligas
1671 1229 1995 1278 Eurymedontem
2016 1230 2127 1267 illum
2142 1231 2211 1280 qui
2226 1233 2416 1280 Potonen,

1380 1285 1551 1323 Platonis
1565 1298 1755 1332 sororem,
1778 1287 1956 1333 duxerat,
1980 1287 2177 1326 hominem
2193 1287 2294 1328 bene
2305 1302 2418 1328 num-

1380 1353 1521 1383 matum
1544 1344 1676 1384 fuisse.
1699 1345 1784 1390 Quo
1804 1346 1932 1396 posito
1951 1354 2066 1396 atque
2085 1359 2280 1396 concesse,
2302 1360 2415 1388 com-

1380 1403 1562 1441 menticia
1579 1411 1692 1450 sunt,
1713 1417 1800 1454 quae
1829 1413 1908 1442 tum
1932 1404 1980 1442 de
2000 1404 2300 1456 Eurymedontis
2330 1415 2412 1447 tum

1380 1467 1427 1499 de
1443 1462 1650 1513 Speusippi
1671 1471 1835 1512 egestate
1854 1463 2047 1503 dicuntur.
2071 1463 2168 1501 Nam
2188 1464 2273 1503 sine
2293 1464 2416 1505 dubio

1382 1521 1524 1572 opibus
1554 1529 1701 1558 tantum
1720 1521 1875 1559 valebat
1907 1522 2155 1573 Eurymedon
2167 1551 2180 1573 ,
2200 1532 2244 1561 ut
2262 1523 2364 1563 filias
2381 1532 2420 1563 et

1380 1588 1512 1630 neptes
1530 1579 1661 1617 dotare
1680 1587 1822 1630 posset,
1854 1593 1979 1631 neque
1995 1581 2057 1618 vel
2077 1581 2250 1620 Platonis
2270 1583 2418 1622 auxilio

1379 1638 1441 1676 vel
1459 1637 1639 1689 Dionysii
1663 1646 1823 1687 argento
1843 1647 1983 1687 egeret.
2012 1639 2198 1684 Quamvis
2217 1639 2328 1679 Plato
2347 1641 2418 1679 di-

1383 1696 1619 1747 scipulorum
1638 1695 1839 1734 nobilitate
1853 1696 2022 1744 floreret,
2035 1706 2194 1736 caeteros
2212 1706 2337 1736 tamen
2350 1711 2420 1738 au-

1380 1754 1525 1792 ditores
1549 1754 1771 1792 auctoritate
1788 1756 1841 1792 ita
1857 1754 1952 1791 vicit
1975 1755 2213 1806 Speusippus
2227 1784 2238 1803 ‚
2261 1765 2304 1795 ut
2332 1770 2413 1796 non

1379 1819 1501 1856 solum
1523 1831 1642 1868 quum
1661 1818 1876 1856 avunculus
1906 1818 2068 1856 alterum
2087 1819 2129 1856 in
2158 1819 2329 1858 Siciliam
2345 1821 2420 1860 iter

1383 1874 1545 1922 faceret,
1584 1876 1670 1924 ipse
1703 1875 1788 1926 ejus
1820 1877 1904 1914 loco
1933 1876 2179 1915 Academiam
2213 1878 2419 1928 regendam

1381 1934 1590 1984 acciperet,
1616 1934 1682 1972 sed
1703 1942 1833 1984 postea
1851 1934 1967 1973 etiam
1987 1936 2201 1974 senescenti
2219 1935 2264 1974 in
2287 1936 2421 1975 schola

1381 1991 1614 2029 moderanda
1641 1992 1790 2030 auxilio
1813 2001 1851 2030 et
1877 1993 2098 2041 adjumento
2127 2001 2242 2033 esset.
2271 1995 2420 2040 *Quam-

1382 2049 1513 2087 obrem
1527 2057 1640 2101 poeta
1648 2050 1804 2100 quidam
1820 2050 1991 2088 comicus
2005 2050 2065 2088 illi
2080 2051 2420 2092 sermocinantium

1378 2121 1567 2158 Juvenum
1610 2109 1726 2146 coetui
1762 2108 1960 2147 Platonem
2009 2122 2096 2147 cum
2126 2109 2345 2162 Speusippo
2381 2122 2420 2151 et

1382 2166 1609 2204 Menedemo
1640 2166 1827 2219 praefecit.
1867 2167 1966 2205 Sunt
1998 2168 2112 2205 etiam
2153 2169 2222 2219 qui
2257 2169 2415 2210 illorum

1386 2225 1578 2264 conviviis
1611 2225 1810 2263 Platonem
1847 2219 1935 2263 cum
1968 2225 2186 2279 Speusippo
2223 2229 2422 2280 praefuisse

1383 2284 1610 2335 scripserint
1629 2282 1716 2335 (84).
1746 2284 1793 2321 In
1808 2283 1883 2321 hoc
1901 2283 2191 2333 duodetriginta
2208 2284 2287 2324 fere
2300 2285 2416 2337 Juve-

1383 2356 1475 2380 num
1495 2351 1598 2380 coetu
1618 2342 1665 2379 de
1685 2341 1930 2380 difficillimis
1958 2342 2216 2394 philosophiae
2239 2346 2421 2396 quaestio-

1383 2490 1560 2522 Hermann.
1593 2486 1712 2520 Gesch.
1731 2487 1807 2520 und
1830 2488 1956 2529 system
1981 2488 2044 2521 der
2060 2489 2156 2523 Plat.
2185 2488 2276 2523 Phil.
2292 2491 2384 2524 Tom.
2407 2493 2422 2524 Ι

1382 2545 1454 2578 pag.
1478 2539 1530 2569 24.
1548 2552 1590 2560 -·
1606 2534 1674 2578 (83)
1691 2535 1854 2577 Diogenes
1871 2535 2022 2568 Laertius
2037 2537 2103 2575 111,
2122 2538 2163 2569 42
2185 2537 2221 2569 τὸ
2238 2537 2270 2570 ἐν
2294 2538 2422 2580 Εἰρεσι-

1382 2585 1444 2616 δῶν
1461 2582 1588 2625 χωρίον.
1610 2599 1651 2606 -
1672 2581 1739 2623 (84)
1756 2581 1924 2624 Epicrates
1942 2591 1994 2624 ap.
2018 2582 2138 2616 Athen.
2154 2583 2210 2616 lib.
2234 2585 2263 2616 11
2279 2593 2352 2628 pag.
2368 2588 2420 2619 59.

1382 2630 1419 2662 Τί
1436 2630 1569 2662 Πλάτων
1593 2629 1646 2661 καὶ
1671 2629 1870 2665 Σπεύσιππος
1896 2629 1950 2661 καὶ
1965 2630 2146 2671 Μενέδημος
2168 2631 2244 2672 πρὸς
2268 2631 2332 2664 τίσι
2356 2634 2422 2665 νυνὶ

1383 2676 1608 2718 διατρίὸουσινς
1625 2676 1703 2709 ποία
1718 2675 1853 2718 φροντίς,
1874 2678 1963 2712 ποῖος
1979 2677 2012 2709 δὲ
2023 2676 2114 2718 λόγος
2130 2677 2317 2718 διερευνᾶται
2337 2679 2422 2721 παρὰ

1382 2727 1500 2764 τοῖσιν;
1518 2723 1590 2756 τάδε
1612 2734 1664 2764 μοι
1691 2725 1846 2762 πινυτῶς,
1865 2721 1894 2755 εί
1909 2732 1938 2754 τι
1960 2723 2109 2760 κατειδὼς
2125 2723 2230 2765 ἥκεις,
2246 2724 2330 2762 λέξον
2350 2727 2422 2768 ποτὶ

1383 2774 1436 2807 τᾶς
1464 2773 1533 2806 γᾶς.
1563 2771 1600 2802 Β.
1619 2768 1684 2801 ἀλλ’
1711 2769 1782 2802 οῐδα
1802 2769 1900 2809 λέγειν
1925 2769 1995 2810 περὶ
2019 2770 2119 2802 τῶνδε
2139 2773 2258 2811 σαφῶς.
2278 2772 2423 2810 Παναθη-

1381 2814 1477 2849 ναίοις
1496 2818 1555 2859 γὰρ
1574 2818 1647 2849 ἰδὼν
1664 2817 1776 2855 ἀγέλην
1793 2816 1959 2857 μειρακίων
1979 2817 2010 2848 ἐν
2026 2817 2209 2858 γυμνασίοις
2221 2818 2422 2859 Ἀκαδημείας

1384 2873 1504 2903 ηκουσα
1523 2863 1623 2904 λόγων
1647 2863 1773 2906 ἀφάτων
1801 2862 1939 2895 ἀτόπων.
1965 2863 2040 2905 Περὶ
2058 2863 2119 2907 γὰρ
2135 2864 2257 2908 φύσεως
2277 2865 2420 2908 ἀφοριζό-

1385 2921 1469 2953 μενοι
1485 2911 1660 2952 διεχώριζον
1673 2910 1764 2952 ζῴων
1778 2921 1811 2942 τε
1831 2909 1899 2951 βίον
1919 2908 2050 2952 δένδρων
2065 2921 2100 2943 τε
2122 2911 2213 2951 φύσιν
2225 2911 2370 2954 λαχάνων
2388 2924 2422 2945 τε

1385 2960 1468 2999 γένη.
1488 2957 1568 2999 Κᾷτ’
1594 2958 1625 2990 ἐν
1642 2957 1761 2994 τούτοις
1782 2958 1838 2996 τὴν
1865 2957 2054 2996 κολοκύντην
2077 2958 2221 2996 ἐξήταζον
2246 2959 2327 2996 τίνος
2352 2960 2418 2992 ὄστὶ

1384 3008 1501 3047 γένους.
1521 3007 1560 3038 A.
1583 3006 1636 3037 καὶ
1651 3005 1681 3038 τί
1699 3004 1768 3038 ποτ’
1787 3004 1834 3048 ἄρ’
1860 3004 2014 3046 ὡρίσαντο
2032 3006 2088 3039 καὶ
2108 3006 2193 3044 τίνος
2216 3007 2321 3047 γένους
2343 3007 2423 3040 εἶναι

1384 3055 1420 3087 τὸ
1439 3053 1551 3095 φυτόν;
1570 3054 1728 3094 δήλωσον,
1752 3054 1778 3085 εἰ
1806 3051 1958 3085 κάτοισθά
1974 3064 2015 3086 τι.
2047 3054 2084 3086 Β.
2103 3054 2264 3096 πρώτιστα
2291 3053 2346 3094 μὲν
2369 3053 2423 3086 οὖν

1384 3101 1495 3138 πάντες
1520 3101 1659 3138 ἀναυδεῖς
1686 3101 1751 3134 τότ’
1774 3101 1967 3142 ἐπέστησαν,
1986 3102 2039 3134 καὶ
2061 3102 2213 3143 κύψαντες
2229 3101 2342 3143 χρόνον
2364 3101 2422 3133 οὐκ

1386 3148 1489 3189 ὀλίγον
1516 3149 1728 3190 διεφρόντιζον.
1754 3146 1832 3188 Κᾷτ”
1860 3147 1998 3188 ἐξαίφνης
2016 3147 2061 3180 ἔτι
2089 3147 2271 3180 κυπτόντων
2292 3148 2346 3180 καὶ
2364 3151 2418 3187 ζη-

1386 3196 1522 3228 τούντων
1538 3199 1599 3227 τῶν
1617 3194 1783 3237 μειρακίων
1803 3193 1938 3236 λάχανόν
1963 3206 2008 3230 τις
2026 3195 2082 3235 ἔφη
2107 3194 2295 3236 στρογγύλον
2321 3196 2400 3229 εἶναι
2413 3218 2422 3234 ,

1386 3242 1478 3275 ποίαν
1503 3242 1530 3275 δ’
1549 3243 1656 3283 ἄλλος,
1677 3242 1795 3284 δένδρον
1822 3241 1849 3273 δ’
1865 3241 1980 3284 ἕτερος.
1998 3242 2105 3273 Ταῦτα
2127 3241 2155 3273 δ’
2178 3242 2304 3274 ἀκούων
2319 3242 2423 3284 ἰατρός

1386 3301 1430 3327 τις
1444 3291 1571 3328 Σικελᾶς
1588 3290 1650 3322 ἀπὸ
1680 3292 1736 3330 γᾶς
1755 3287 1927 3330 κατέπαρδ’
1949 3289 2052 3322 αὐτῶν
2072 3290 2116 3326 ὡς
2139 3289 2325 3330 ληρούντων.
2349 3293 2388 3324 A.
2401 3290 2424 3331 ἦ

1387 3347 1446 3367 που
1462 3337 1567 3373 δεινῶς
1583 3332 1780 3378 ὠργίσθησαν
1808 3334 2010 3376 χλευάζεσθαι
2035 3333 2062 3367 τ’
2085 3333 2232 3371 ἐὸόησαν·
2255 3335 2292 3368 τὸ
2312 3335 2372 3378 γὰρ
2391 3336 2424 3368 ἂν

1388 3383 1510 3424 λέσχαις
1521 3383 1628 3415 ταῖσδε
1641 3383 1760 3415 τοιαυτὶ
1778 3385 1878 3414 ποιεῖν
1896 3382 2039 3423 ἀπρεπές.
2057 3383 2096 3415 Β.
2116 3381 2183 3415 οὐδ’
2196 3381 2346 3424 ἰμέλησιν
2359 3386 2424 3421 τοῖς

1392 3431 1572 3473 μειρακίοις.
1593 3431 1633 3463 Ὅ
1651 3430 1782 3464 Πλάτων
1810 3430 1843 3462 δὲ
1859 3429 1989 3472 παρών,
2009 3429 2062 3462 καὶ
2086 3429 2169 3470 μάλα
2191 3429 2317 3474 “fimes
2334 3429 2424 3465 οὐδὲν
