2508 3776
611 136 916 178 ETHICORUM
947 133 1398 178 NICOMACHEORUM
1431 135 1807 179 PARAPHRASIS.

125 226 188 268 καὶ
200 227 268 279 γ’ὄιρ
285 226 304 264 ὁ
322 224 455 270 δίκαιος
477 225 588 265 δεῖται
607 225 693 278 πρὸς
715 225 773 270 οὒς
793 226 1088 280 δικαιοπραγήσει
1116 225 1178 265 καὶ

127 288 205 340 μεθ’
217 279 283 336 ὃν,
301 283 362 325 καὶ
377 283 553 340 ὃσώφρων
571 290 586 335 ,“
596 286 658 324 καὶ
674 289 693 324 ὁ
714 286 885 340 ἀνδρεῖος,
897 285 958 325 καὶ
974 287 1042 324 τῶν
1061 284 1178 324 ἄλλων

123 345 298 392 ’ἕκαστος’
330 347 348 383 ὃ
377 344 414 383 δὲ
448 345 575 398 σοφός,
598 345 659 384 καὶ
678 347 757 384 καθ’
796 345 920 385 ἑαυτὸν
949 344 1013 394 ὤν,
1035 343 1182 383 δύναται

126 407 282 459 θεωρεῖν,
297 403 359 443 καὶ
374 404 511 449 οὐδενὸς
539 405 652 444 δεῖται
685 405 772 458 πρὸς
804 408 932 455 τοῦτο,
958 405 1018 443 καὶ
1046 405 1182 454 μᾶλλον

125 464 200 520 ὅσῳ
212 463 408 519 σοφώτερος
423 480 432 489 ·
459 465 490 503 εἷ
509 463 546 503 δὲ
562 463 675 503 δεῖταί
693 480 766 510 πως
786 465 847 504 καὶ
865 465 966 509 αὐτὸς
982 465 1113 511 ἄλλων,
1129 463 1183 502 ὅτι

126 523 206 577 μετ’
237 525 356 564 ἄλλων
386 523 523 578 βέλτιον
546 522 739 578 θεωρήσει,
755 524 840 576 πρός
872 539 911 576 γε
941 523 981 563 τὸ
999 524 1062 571 τὴν
1086 521 1184 576 ἐνέρ-

125 599 226 638 γειαν
243 583 386 629 τελείως
421 586 611 639 ἐνεργῆσαι
649 582 728 623 καθ’
748 583 871 623 ἑαυτὸν
901 581 1185 637 αὐταρκέστατός

127 645 234 684 ἔστιν’.
526 662 533 668 ·

181 703 204 728 ²⁸
217 704 302 745 Ἔτι
317 702 378 744 καὶ
398 703 442 743 δι’
463 702 592 752 ἑαυτὴν
626 702 769 757 αἱρετὴν
788 702 849 742 καὶ
882 701 1073 755 ἀγαπητὴν
1095 694 1184 740 εἶναι

127 762 180 803 δεῖ
221 761 286 811 τὴν
325 762 566 813 εὔδαιμονίαν.
619 760 798 802 Φαίνεται
853 760 891 800 δὲ
928 763 951 808 ἡ
989 760 1185 814 θεωρητικὴ

127 820 202 871 ζωὴ
222 820 313 870 αὐτὴ
345 822 390 861 δι’
411 821 540 870 ἑαυτὴν
570 819 781 875 φιλουμένη.
819 820 892 860 Καὶ
913 819 981 873 γὰρ
1004 819 1101 860 οὐδὲν
1125 821 1187 859 ἀπ’

128 881 237 929 αὐτῆς
256 881 344 920 ἄλλο
359 881 551 932 ζητοῦμεν,
571 878 651 919 οὐδέ
670 894 705 918 τι
719 878 853 932 γίνεται
873 882 959 931 ἡμῖν
977 877 1095 931 ἕτερον
1115 895 1185 918 πα-

129 938 175 995 ρὰ
193 938 234 980 τὸ
245 941 388 993 θεωρεῖν
405 953 415 963 ·
433 941 493 992 ἀφ’
513 938 665 987 ἑκάστης
688 937 724 976 δὲ
741 941 812 978 τῶν
826 939 1033 992 πρακτικῶν
1050 941 1186 991 ἀρετῶν

30 978 57 1046 '⁵1‘
83 1022 85 1026 Α
128 998 204 1040 ieet
217 1015 252 1039 τι
272 997 376 1050 ἄλλο,
397 997 561 1052 ἢμικρὸν
578 997 602 1046 ἢ
619 998 751 1050 μεῖζον,
775 997 912 1038 λαὸεῖν.
938 997 1012 1038 Καὶ
1024 997 1093 1051 γὰρ
1117 998 1187 1037 ἀπὸ

129 1056 194 1111 μὲν
207 1059 271 1106 τῆς
291 1057 451 1112 ἀνδρείας
466 1057 562 1106 νίκη,
587 1057 658 1098 ἀπὸ
673 1057 710 1096 δὲ
728 1057 956 1111 σωφροσύνης
967 1060 989 1105 ἡ
1011 1058 1102 1097 κατὰ
1117 1060 1186 1113 ψυ-

127 1117 199 1172 χὴν
220 1116 376 1172 ἠρεμία,
396 1116 467 1157 ἀπὸ
488 1117 525 1157 δὲ
548 1116 749 1173 φρονήσεως
768 1117 808 1156 τὸ
842 1118 952 1171 εὑρεῖν
972 1117 1018 1156 τὰ
1037 1117 1123 1171 πρὸς
1149 1118 1190 1159 τὸ

115 1175 281 1234 ,ἔσχατον
301 1176 451 1232 φέροντα
469 1177 567 1223 τέλος
579 1206 590 1225 ,
614 1176 686 1216 ἀπὸ
705 1176 743 1216 δὲ
761 1180 884 1216 πασῶν
906 1180 928 1225 ἡ
942 1177 1106 1226 πολιτικὴ
1125 1179 1189 1217 εὖ-

131 1236 299 1288 δαιμονία
318 1251 329 1262 ·
347 1239 391 1290 τῇ
418 1237 455 1277 δὲ
485 1237 614 1292 θεωρία
635 1236 730 1276 οὐδὲν
765 1238 971 1286 ἀκολουθεῖ,
993 1236 1039 1275 δι’
1059 1236 1077 1275 ὃ
1095 1238 1190 1277 δοκεῖ

131 1297 209 1337 δίαν
228 1290 319 1338 εἶναι
339 1297 520 1345 ζητεῖσθαι
533 1327 544 1346 ,
565 1297 658 1338 ἀλλὰ
672 1297 761 1346 αὖτὴ
777 1298 822 1336 δι’
843 1297 971 1345 ἑαυτὴν
987 1299 1184 1350 ἀγαπᾶται.

130 1351 309 1414 φαίνεται
332 1355 402 1410 ἄρα
420 1357 552 1406 ταύτην
581 1351 670 1397 εἶναι
688 1356 752 1405 τὴν
772 1356 995 1410 ἀνθρωπίνην
1024 1358 1189 1411 εὐδαιμο-

132 1414 225 1470 νίαν.

144 1507 151 1513 .
184 1474 325 1517 **”Ετι
339 1474 400 1516 καὶ
412 1476 448 1515 ἓν
466 1476 598 1529 ἠρεμίᾳ
617 1476 685 1516 τινὶ
705 1475 764 1515 καὶ
780 1477 893 1529 σχολῇ
907 1476 1118 1516 συνεστάναι
1139 1478 1189 1516 δεῖ

130 1535 196 1584 τὴν
228 1534 469 1587 εὐδαιμονίαν.
492 1535 604 1580 Τέλος
637 1535 705 1588 γάρ
736 1535 770 1574 τί
801 1537 893 1573 ἐστιν
913 1538 935 1582 ἡ
958 1536 1071 1588 σχολή
1084 1565 1094 1583 ,
1129 1537 1188 1575 καὶ

133 1594 382 1649 ἀσχολούμεθα
397 1592 456 1633 ἵνα
489 1594 691 1644 δυνηθῶμεν
726 1593 926 1646 σχολάσαι,
947 1595 1007 1632 καὶ
1036 1595 1189 1648 πόλεμον

135 1651 329 1711 αἱρούμεθα
353 1651 412 1692 διὰ
433 1651 498 1701 τὴν
523 1652 681 1707 εἰρήνην.
705 1655 752 1693 Αἱ
770 1652 833 1703 μὲν
849 1646 908 1692 οῧν
930 1652 1101 1706 ἐνέργειαι
1120 1657 1188 1694 τῶν

133 1715 337 1768 πρακτικῶν
355 1714 490 1768 ἀρετῶν
519 1715 554 1753 ἐν
571 1718 643 1757 τοῖς
663 1714 856 1759 πολιτικοῖς
875 1714 941 1752 εἰσι
960 1713 1022 1751 καὶ
1039 1716 1190 1766 πολεμι-

137 1770 212 1819 κοῖς
229 1787 240 1798 ·
263 1773 301 1812 αἱ
321 1773 534 1813 δὲτοιαῦται
555 1770 698 1826 πράξεις
727 1772 886 1821 μάλιστα
908 1772 1048 1810 δοκοῦσι
1070 1774 1190 1827 πόῤῥω

133 1831 254 1882 παίσῃς
281 1831 432 1886 ἠρεμίας
462 1832 519 1871 καὶ
552 1827 684 1885 σχολῆς
710 1824 801 1870 εἶναι
817 1848 826 1856 ·
849 1832 885 1869 αἱ
914 1831 976 1882 μὲν
999 1833 1190 1880 πολεμικαὶ

135 1892 317 1937 παντελῶς
330 1907 340 1917 ·
360 1891 459 1932 οὐδὲν
478 1890 546 1944 γὰρ
567 1891 603 1929 ἐν
622 1892 745 1934 αὐταῖς
766 1892 859 1930 ἐστιν
881 1890 1048 1943 ἠρεμίας·
1075 1894 1105 1930 εἷ
1122 1892 1191 1946 γὰρ

136 1945 195 2002 ἦν,
216 1951 262 1991 δι”
275 1951 383 1992 ἑαυτὸ
398 1949 441 1990 ἂν
461 1953 480 1990 ὁ
499 1949 660 2002 πόλεμος
676 1952 844 2000 ἐζητεῖτο.
875 1951 999 1995 Οὐδεὶς
1022 1952 1057 1990 δὲ
1081 1953 1190 2005 αἱρεῖ-

135 2009 250 2051 *tut-⁴&
269 2010 435 2060 πολεμεῖν
471 2013 534 2049 τοῧ
555 2010 722 2061 πολεμεῖν
747 2009 850 2049 ἕνεκα
864 2041 875 2061 ,
901 2010 978 2049 οὐδέ
1009 2027 1060 2054 τις
1081 2011 1190 2050 ἐθέλει

137 2069 182 2110 δι’
197 2063 319 2110 ἑαυτὸν
338 2069 398 2109 τὸν
427 2069 582 2121 πόλεμον
603 2069 886 2122 παρασκευάζειν
904 2082 912 2090 ·
933 2068 1038 2114 δόξειε
1060 2069 1127 2123 γὰρ
1149 2069 1190 2109 ἂν

139 2129 320 2184 μιαιφόνος
339 2145 392 2175 τις
412 2121 527 2178 εἶναι,
549 2129 580 2167 εἷ
590 2128 670 2173 τοὺς
685 2129 804 2182 φίλους
825 2128 1015 2180 πολεμίους
1035 2130 1187 2175 ποιοῖτο,

129 2186 198 2240 ἵνα.
210 2188 407 2241 μάχαιριαὶ
423 2186 520 2241 φόνοι
538 2187 726 2241 γίνωνται.
750 2188 833 2227 Εἰσὶ
853 2187 889 2226 δὲ
906 2188 966 2226 καὶ
994 2189 1030 2226 αἱ
1050 2194 1110 2228 τοῦ
1125 2192 1193 2227 πο-’

138 2244 273 2299 λιῖιιιοῢ
303 2245 448 2299 πράξεις
478 2249 635 2299 φανερῶς
655 2246 803 2300 ἄσχολοι
818 2277 827 2293 ,
857 2247 918 2286 καὶ
938 2249 1023 2300 παρ’
1047 2247 1132 2286 αὐτὸ
1154 2247 1194 2286 τὸ
1217 2250 1219 2252 ’

137 2304 384 2346 πολιτεύεσθαι
417 2305 710 2359 περιποιουμένου
734 2306 942 2351 δυναστείας
970 2306 1030 2345 καὶ
1065 2307 1190 2358 τιμάς,

139 2363 163 2413 ἢ
177 2363 245 2414 τήν
261 2379 303 2418 γε
319 2364 548 2417 εὖδαιμονίαν
569 2367 706 2419 ἑαυτῷ,
732 2366 792 2405 καὶ
807 2367 876 2410 τοῖς
890 2366 1068 2411 πολίταις·
1094 2367 1193 2420 ἑτέρα

138 2422 208 2477 γὰρ
231 2425 256 2472 ἡ
276 2425 404 2475 αὐτοῦ,
417 2424 480 2464 καὶ
501 2426 594 2473 ἄλλη
621 2428 644 2472 ἡ
658 2428 721 2473 τῆς
734 2426 868 2470 πόλεως
883 2427 1102 2478 εὐδαιμονία.
1124 2426 1194 2466 Καὶ

139 2483 246 2531 δῆλον
265 2495 278 2507 ·
308 2484 484 2536 εὖδαίμων
509 2485 578 2539 γὰρ
599 2485 702 2530 αὐτὸς
732 2485 915 2538 γενόμενος
949 2487 1012 2525 οὐκ
1042 2488 1188 2540 ἀγαπᾷ,

44 2598 48 2605 ¹
75 2557 78 2563 ·
141 2535 234 2581 ἀλλᾶ
259 2541 321 2583 καὶ
358 2541 423 2591 τὴν
457 2544 642 2591 πολιτικὴν
684 2545 814 2594 ζητεῖ,
856 2547 960 2593 δῆλον
1000 2548 1047 2591 ὡς
1074 2546 1193 2600 ἑτέραν

141 2593 267 2640 οὖσαν,

156 2660 159 2661 ’
193 2659 259 2686 *¹¹¹*
271 2661 376 2702 ’Emi
393 2663 508 2703 τοίνυν
527 2666 597 2702 τῶν
618 2663 681 2714 μὲν
703 2663 795 2703 κατὰ
810 2664 873 2710 τὰς
894 2664 1020 2718 ἀρετὰς
1037 2664 1197 2718 πράξεων

141 2719 179 2762 αἱ
197 2721 380 2763 πολιτικαὶ
404 2723 464 2763 καὶ
485 2723 678 2775 πολεμικαὶ
698 2723 821 2763 κάλλει
851 2724 912 2763 καὶ
936 2724 1076 2776 μεγέθει
1095 2724 1198 2777 προέ-

140 2795 279 2835 χουσιν,
302 2775 407 2821 αὗται
421 2781 458 2821 δὲ
481 2782 641 2835 ἄσχολοι,
662 2783 722 2822 καὶ
753 2782 873 2828 τέλους
903 2783 994 2827 τινὸς
1022 2784 1195 2836 ἐφίενται,

143 2841 204 2881 καὶ
224 2843 264 2881 οὗ
282 2841 325 2880 δι’
347 2841 477 2886 ἑαυτάς
497 2843 582 2881 εἰσιν
606 2842 768 2896 αἱρεταί,
796 2846 818 2890 ἡ
840 2843 876 2881 δὲ
896 2846 956 2881 τοῦ
972 2846 1030 2881 νοῧ
1045 2842 1198 2895 ἐνέργεια

144 2901 406 2956 σπουδαιοτέρα
424 2902 462 2942 τέ
483 2905 575 2942 ἐστιν
591 2934 602 2955 ,
634 2905 687 2943 ὅτι
714 2908 775 2943 τοῦ
800 2904 984 2957 βελτίστου
1007 2907 1069 2951 τ’ἧς
1082 2906 1198 2958 ψυχῆς

145 2962 223 3001 ἐστι
241 2961 385 3016 μέρους,
406 2961 469 3001 καὶ
498 2963 636 3008 οὐδενὸς
657 2964 759 3003 ἕνεκα
779 2965 959 3013 ζητεῖται,
983 2963 1061 3002 οὐδὲ
1092 2965 1200 3002 ἄλλου

144 3022 232 3074 παρ’
267 3021 378 3069 αὐτὴν
414 3021 548 3076 ἐφίεται
569 3022 711 3071 τέλους,
736 3023 811 3076 ἔχει
832 3039 869 3062 τε
890 3023 1022 3063 οἰκείαν
1040 3030 1053 3047 ⁰
1072 3024 1199 3070 ἡδονὴν

147 3080 290 3132 μείζονα
309 3080 332 3130 ἢ
352 3079 446 3121 κατὰ
459 3081 520 3126 τὰς
538 3083 738 3137 πρακτικὰς
752 3082 941 3137 ἐνεργείας,
964 3082 987 3130 ἢ
1008 3081 1075 3130 ’δὴᾱ
1091 3083 1199 3131 ἡδονὴ

146 3139 311 3187 συναύξει
330 3141 394 3189 τὴν
414 3141 591 3196 ἐνέργειαν
607 3154 615 3163 ·
640 3142 692 3181 ἔτι
706 3141 743 3181 δὲ
763 3145 786 3189 ἡ
803 3145 865 3181 τοῦ
884 3145 943 3181 νοῧ
964 3141 1119 3194 ἐνέργεια
1140 3140 1200 3180 καὶ

146 3199 325 3253 αὗτάρκης
353 3201 430 3241 ἐστὶ
449 3201 604 3254 μάλιστα
630 3202 690 3240 καὶ
723 3200 904 3253 ἠρεμαία,
939 3203 986 3246 ὡς
1006 3200 1202 3255 ἀνθρώποις

149 3257 320 3306 δήπουθεν
338 3259 483 3299 δυνατόν
496 3291 508 3307 ,
532 3260 594 3300 καὶ
616 3260 682 3300 ὅσα
703 3261 794 3300 ἄλλα
815 3262 865 3314 τῷ
890 3259 1054 3313 μακαρίῳ
1072 3261 1201 3300 ἀπονέ-

2205 126 2292 176 ’557

1242 231 1381 265 cendam
1399 234 1471 274 eget
1489 245 1496 266 :
1516 233 1638 267 etenim
1654 233 1706 267 vir
1727 234 1840 277 justus
1862 242 1939 275 erga
1956 241 2041 276 quos
2068 234 2102 265 et
2124 241 2200 264 cuin
2218 231 2295 273 qui-

1242 290 1306 324 bus
1328 291 1419 333 juste
1447 295 1533 334 agat,
1560 293 1710 335 itemque
1734 295 1922 335 temperans
1944 294 1978 325 et
2005 291 2102 325 fortis
2128 292 2161 324 et
2182 289 2295 323 caeteri

1243 349 1480 386 desiderabmt
1502 354 1562 384 :at
1590 352 1729 394 sapiens,
1745 353 1846 385 etiam
1870 362 1976 395 quum
2002 360 2115 385 secum
2138 350 2213 391 erit,
2243 359 2296 383 res

1244 409 1365 451 poterit
1401 411 1627 453 contemplari,
1661 422 1768 454 neque
1802 412 1872 444 ullo
1903 412 2035 444 homine
2068 411 2110 444 ad
2142 411 2206 444 hoc
2243 409 2292 442 fa-

1245 471 1399 504 ciendum
1423 475 1495 513 eget
1518 486 1526 505 :
1544 482 1649 515 eoque
1667 473 1772 515 magis
1791 482 1859 515 quo
1877 475 1925 505 est
1946 471 2124 514 sapientior
2147 485 2155 504 ι
2177 469 2297 513 quodsi

1246 533 1279 564 et
1305 530 1375 574 ipse
1405 531 1652 574 quodammodo
1666 532 1740 565 aliis
1768 534 1860 574 eget,
1881 532 1960 574 quia
1982 541 2059 564 cum
2088 531 2162 564 aliis
2178 529 2299 563 melius

1247 591 1536 633 contemplabitur,
1552 594 1664 626 tamen
1684 591 1727 625 ad
1746 591 1907 625 virtutem
1923 591 2069 634 perfecte
2082 589 2298 624 exercendam

1247 661 1282 685 se
1298 652 1370 695 ipso
1386 654 1560 685 contentus
1575 655 1636 686 est.
1724 650 1730 653 ’

1290 711 1378 749 Quin
1407 712 1508 744 etiam
1540 721 1598 754 per
1632 721 1668 745 se
1702 712 1922 754 expetendam
1949 714 1983 745 et
2011 712 2193 755 Jucundam
2229 717 2299 743 esse

1246 773 1377 812 oportet
1406 771 1659 804 beatitudinem.
1684 771 1827 804 Videtur
1854 774 1968 804 autem
2001 772 2072 804 vita
2098 770 2300 813 contempla-

1249 830 1318 862 tiva
1343 840 1402 872 per
1424 840 1459 863 se
1491 830 1595 872 diligi.
1626 830 1759 863 Etenim
1790 831 1874 864 nihil
1901 830 1992 864 aliud
2034 833 2108 864 inde
2135 831 2280 874 petimus
2298 858 2305 871 ,

1249 899 1357 932 neque
1386 889 1572 932 quidquam
1590 890 1683 922 aliud
1714 890 1925 932 assequimur
1952 892 2074 933 praeter
2104 891 2302 934 contempla-

1250 948 1373 981 tionem
1395 959 1402 979 :
1421 957 1439 980 e
1464 948 1603 990 singulis
1619 957 1699 980 vero
1722 948 1842 980 activis
1863 957 1948 991 quas
1974 950 2094 981 vocant
2121 948 2303 981 virtutibus

1250 1007 1342 1040 aliud
1370 1007 1453 1049 quid
1479 1009 1539 1039 aut
1564 1007 1676 1040 minus
1697 1009 1757 1039 aut
1780 1007 1890 1050 majus
1918 1008 2073 1049 consequi
2103 1007 2300 1041 nobislicet.

1250 1066 1483 1100 Efortitudine
1506 1066 1595 1099 enim
1622 1066 1774 1106 victoria,
1801 1076 1819 1099 e
1837 1066 2056 1108 temperantia
2081 1067 2183 1099 animi
2214 1069 2305 1100 tran-

1249 1126 1410 1169 quillitas,
1431 1135 1449 1158 e
1466 1125 1642 1168 prudentia
1664 1125 1811 1158 inventio
1834 1135 1945 1158 rerum
1965 1125 2008 1158 ad
2030 1125 2188 1159 ultimum
2207 1127 2305 1160 finem

1251 1184 1486 1227 spectantium,
1504 1194 1546 1217 ex
1561 1183 1716 1217 omnibus
1741 1186 1855 1217 autem
1877 1184 1984 1217 civilis
2007 1184 2148 1217 felicitas
2168 1185 2276 1219 oritur
2294 1198 2301 1218 ε

1251 1247 1367 1278 contra
1398 1253 1478 1277 vero
1499 1244 1584 1277 nihil
1616 1253 1752 1286 prorsus
1790 1244 1943 1286 sequitur
1974 1245 2304 1286 contemplationem,

1251 1306 1386 1347 propter
1421 1303 1512 1346 quod
1547 1303 1688 1346 petenda
1710 1312 1781 1336 esse
1812 1303 1978 1342 videatur,
2009 1304 2068 1336 sed
2096 1304 2166 1346 ipsa
2191 1314 2250 1346 per
2272 1314 2307 1337 es

1251 1366 1394 1398 amatur.
1422 1365 1516 1396 Hanc
1540 1362 1643 1405 igitur
1674 1362 1856 1396 humanam
1878 1363 2119 1397 beatitudinem
2151 1374 2223 1398 esse
2251 1375 2306 1408 ap-

1251 1425 1358 1465 paret.

1293 1484 1458 1515 Praeterea
1484 1482 1517 1514 in
1546 1482 1789 1524 tranquillitate
1814 1481 1959 1525 quadam
1979 1484 2013 1515 et
2032 1483 2100 1515 otio
2127 1483 2307 1517 beatitudi-

1251 1552 1327 1575 nem
1349 1542 1529 1575 consistere
1553 1543 1694 1584 oportet.
1724 1541 1814 1574 Finis
1842 1541 1930 1574 enim
1953 1541 2076 1584 aliquis
2109 1542 2216 1575 otium
2243 1545 2306 1582 est,

1253 1604 1354 1644 atque
1392 1601 1427 1634 in
1458 1601 1558 1634 rebus
1591 1600 1744 1643 gerendis
1779 1610 1962 1639 versamur,
1997 1604 2031 1633 ul
2070 1602 2167 1634 otiari
2206 1603 2307 1644 possi-

1253 1671 1338 1700 mus,
1355 1660 1442 1693 sicut
1457 1660 1548 1702 pacis
1566 1669 1664 1692 causa
1690 1660 1815 1692 bellum
1832 1660 2042 1703 suscipimus.
2065 1663 2174 1699 Quare
2189 1661 2308 1695 activae

1254 1720 1390 1753 virtutis
1411 1719 1600 1752 functiones
1615 1719 1650 1751 in
1668 1718 1824 1751 civilibus
1841 1720 1875 1751 et
1898 1718 2024 1751 bellicis
2046 1718 2147 1752 rebus
2170 1728 2308 1752 cernuu-

1254 1783 1335 1814 tur:
1362 1779 1446 1812 tales
1475 1788 1554 1811 vero
1572 1778 1718 1811 actiones
1743 1778 1786 1811 ab
1802 1778 1891 1810 omni
1916 1778 2157 1820 tranquillitate
2185 1781 2219 1811 et
2240 1779 2310 1811 otio

1254 1837 1442 1879 longissime
1463 1837 1578 1869 abesse
1594 1836 1751 1869 videntur
1769 1848 1777 1868 ε
1800 1838 1834 1869 et
1851 1836 1985 1869 omnino
2002 1837 2138 1879 quidem
2155 1837 2282 1871 bellica}
2299 1851 2307 1870 :

1255 1897 1338 1930 nibil
1370 1896 1459 1929 enim
1492 1895 1538 1928 ibi
1566 1897 1617 1928 est
1650 1895 1901 1938 tranquillitatis
1930 1908 1938 1928 ε
1963 1895 2056 1938 quod
2071 1896 2100 1929 si
2123 1899 2222 1938 esset,
2252 1906 2311 1939 per

1256 1966 1290 1990 se
1326 1955 1451 1988 bellum
1487 1954 1634 1997 optabile
1670 1953 1765 1987 foret.
1800 1956 1903 1987 Nemo
1925 1957 2037 1988 autem
2076 1955 2199 1988 bellum
2233 1956 2311 1988 belli

1257 2025 1358 2049 causa
1371 2014 1523 2056 suscipit,
1551 2023 1658 2056 neque
1669 2014 1847 2056 quisquam
1866 2023 1925 2046 sua
1945 2013 2048 2057 ipsius
2063 2023 2162 2048 causa
2186 2015 2311 2048 bellum

1256 2085 1373 2118 parare
1404 2073 1479 2107 vult
1507 2086 1515 2106 ε
1537 2073 1692 2106 videatur
1720 2074 1807 2106 enim
1837 2073 1922 2105 latro
1947 2075 1981 2106 et
2008 2074 2147 2107 sicarius
2173 2084 2254 2114 esse,
2284 2075 2311 2107 si

1257 2144 1333 2167 cum
1352 2132 1468 2165 amicis
1480 2132 1671 2165 inimicitias
1686 2131 1855 2174 suscipiat,
1872 2134 1911 2164 ut
1927 2132 2040 2174 praelia
2059 2134 2312 2166 committantur

1256 2198 1293 2240 et,
1329 2196 1438 2228 caedes
1469 2195 1559 2227 fiant.
1594 2193 1659 2227 Sed
1694 2195 1728 2225 et
1766 2201 1879 2225 rerum
1922 2191 2131 2233 publicarum
2175 2193 2313 2225 rectoris

1258 2256 1402 2289 actiones
1420 2253 1595 2287 manifesto
1611 2252 1788 2294 negotiosae
1809 2253 1897 2289 sunt,
1915 2250 1974 2293 qui
1987 2253 2209 2294 praeterquam
2222 2251 2311 2294 quod

1259 2314 1498 2357 rempublicam
1507 2312 1731 2351 administrat,
1742 2311 1925 2353 potentiam
1935 2310 2036 2343 etiam
2052 2313 2085 2343 et
2103 2311 2242 2344 honores
2254 2314 2311 2344 aut

1260 2374 1501 2408 beatitudinem
1514 2373 1612 2406 simul
1629 2372 1690 2405 sibi
1701 2371 1799 2404 simul
1810 2370 1940 2403 civibus
1950 2373 2119 2412 comparat
2128 2371 2211 2411 galia
2225 2372 2311 2403 enim

1260 2435 1373 2477 ipsius,
1404 2434 1468 2466 alia
1506 2432 1696 2475 reipublieae
1725 2433 1777 2463 est
1806 2429 1989 2463 beatitudo.
2023 2429 2062 2462 ld
2088 2430 2141 2462 vel
2173 2440 2214 2462 ex
2250 2431 2312 2463 hoc

1259 2494 1473 2527 manifestum
1490 2495 1541 2526 est
1559 2506 1567 2525 ε
1583 2491 1673 2535 quod
1688 2500 1753 2524 non
1774 2491 1807 2523 in
1826 2500 1867 2523 ea
1879 2499 1981 2533 quam
2006 2490 2074 2532 ipse
2102 2490 2165 2523 sibi
2186 2490 2312 2532 peperit

1261 2544 1467 2587 beatitudine
1488 2551 1685 2595 acquiescit,
1704 2550 1761 2583 sed
1777 2550 1968 2592 reipublicae
1990 2549 2091 2582 etiam
2106 2548 2309 2592 felicitatem,

1262 2617 1299 2647 ut
1322 2614 1364 2647 ab
1391 2614 1449 2646 illa
1481 2612 1635 2645 videlicet
1677 2611 1861 2649 diversam,
1896 2609 2028 2652 quaerit.
2246 2608 2250 2610 ’

1303 2676 1415 2711 Quum
1441 2673 1543 2714 igitur
1560 2671 1674 2704 civiles
1703 2672 1738 2703 et
1761 2670 1888 2703 bellicae
1912 2669 2058 2702 actiones
2082 2668 2236 2701 omnibus
2259 2668 2311 2707 iis,

1261 2731 1337 2764 quae
1354 2720 1538 2753 virtutibus
1554 2720 1781 2752 consentaneae
1801 2720 1889 2756 sunt,
1911 2717 2099 2750 actionibus
2124 2716 2313 2759 pulchritu-

1261 2769 1338 2802 dine
1369 2770 1403 2801 et
1420 2767 1647 2809 magnitudine
1673 2765 1883 2803 antecellant,
1921 2764 1974 2796 hoe
2014 2766 2126 2796 autem
2162 2764 2227 2796 sint
2256 2773 2314 2796 ne-

1262 2817 1399 2859 gotiosae
1427 2815 1590 2858 finemque
1613 2814 1758 2856 aliquem
1791 2814 1963 2854 expetant,
1988 2821 2095 2853 neque
2123 2813 2257 2853 propter
2279 2821 2314 2843 se

1262 2868 1328 2900 sint
1355 2865 1560 2908 expetendae,
1590 2864 1712 2898 mentis
1738 2873 1816 2896 vero
1850 2862 1976 2895 functio
2013 2862 2132 2894 melior
2156 2862 2211 2901 sit,
2234 2861 2313 2903 quia

1261 2917 1546 2960 praestantissimae
1583 2915 1683 2948 animi
1729 2914 1834 2956 partis
1876 2915 1947 2953 est,
1990 2922 2097 2955 neque
2126 2912 2228 2944 ullius
2263 2912 2312 2944 rei

1262 2976 1362 3000 causa
1390 2966 1568 3008 appetitur,
1588 2975 1695 3008 neque
1723 2965 1830 2998 ullum
1851 2965 1953 2997 alium
1980 2966 2101 3006 praeter
2126 2963 2230 3005 ipsam
2251 2962 2313 2995 sibi

1262 3018 1361 3050 finem
1397 3016 1564 3059 proponit,
1598 3016 1830 3058 propriamque
1867 3014 2049 3058 quamdam
2089 3016 2122 3046 et
2155 3014 2314 3055 maJ'orem

1261 3077 1363 3110 quam
1395 3066 1514 3100 activae
1547 3065 1735 3099 functiones
1770 3066 1871 3098 habet
1898 3065 2116 3107 voluptatem,
2141 3072 2216 3105 quae
2239 3063 2314 3095 sun-

1262 3118 1405 3150 ctionem
1435 3118 1609 3159 promovet
1629 3118 1730 3159 atque
1750 3116 1891 3149 intendit
1924 3129 1932 3147 :
1963 3124 2061 3158 porro
2087 3114 2165 3156 quia
2194 3113 2314 3147 mentis

1263 3169 1388 3201 functio
1414 3167 1558 3200 maxime
1577 3176 1611 3200 se
1635 3166 1705 3210 ipsa
1725 3169 1879 3200 contenta
1898 3169 1931 3199 et
1948 3166 2127 3208 tranquilla
2144 3167 2204 3203 est,
2230 3174 2311 3207 qua-

1264 3221 1361 3251 tenus
1404 3218 1563 3251 nimirum
1606 3218 1640 3250 id
1679 3218 1748 3250 fieri
1780 3218 1813 3250 in
1845 3218 1977 3249 homine
2014 3218 2139 3258 potest,
2173 3218 2205 3248 et
2235 3216 2313 3258 quia

1263 3269 1392 3312 reliqua
1421 3269 1532 3302 onmia
1557 3278 1634 3311 quae
1658 3268 1746 3301 felici
1775 3268 1979 3306 tribuuntur,
2012 3268 2044 3298 in
2061 3267 2122 3299 hac
2146 3266 2313 3299 functione

189 3393 208 3412 *
225 3393 333 3432 Δόξειε
350 3396 378 3429 δ’
399 3397 437 3428 ἂν
457 3397 541 3435 αὐτὴ
563 3396 642 3438 μόνη
658 3397 729 3429 κτλ.
748 3412 791 3420 -
806 3396 844 3413 **
861 3398 962 3429 Δοκεῖ
981 3406 1016 3428 τε
1033 3396 1053 3434 ἠ
1071 3394 1260 3437 εὐδαιμονία
1275 3395 1345 3428 κτλ.
1366 3410 1408 3418 ·-
1421 3392 1475 3412 ***
1495 3395 1534 3427 Εἰ
1553 3393 1591 3432 δὴ
1612 3394 1678 3425 τῶν
1694 3393 1750 3434 μὲν
1765 3391 1852 3424 κατὰ
1865 3391 1921 3428 τὰς
1941 3391 2058 3432 ἀρετὰς
2071 3390 2218 3433 πράξεων
2243 3394 2310 3424 κτλ.
