2528 3788
312 231 395 270 238

310 317 372 364 την
391 317 504 362 κίνησ,
506 331 523 353 ν
544 314 677 364 λέγειν·
697 314 876 367 παρούσης
895 314 963 368 γὰρ
982 316 1076 355 δοκεῖ
1098 316 1266 364 κινήσεως
1282 332 1337 356 κι-

310 379 441 413 νεῖσθαι
460 374 498 411 *rb
529 375 562 411 ἐν
586 367 635 426 ᾧ
653 372 771 412 ἀνίσου
790 372 826 411 δὲ
844 373 938 418 ὄντος
957 372 978 421 ἢ
999 374 1184 426 ἀνωμάλου
1212 391 1342 428 προσα-

310 433 489 482 ναγκάζειν
512 430 562 469 ὅτι
582 435 727 470 κινεῖται
742 433 873 483 γελοῖον
885 461 896 480 ,
913 432 1046 484 βέλτιον
1063 433 1099 471 δὲ
1119 432 1212 471 αἴτια
1227 433 1340 485 λέγειν

307 495 415 528 ταῦτα
435 490 552 542 ὥσπερ
571 490 757 542 Ἀρχύτας·
774 491 834 530 καὶ
854 493 929 542 μετ’
950 489 1120 543 ὀλίγον·ἰι
1141 492 1181 531 τὸ
1201 492 1232 530 δ’
1252 493 1343 546 ἀόρι-

307 565 401 596 στον,
424 549 520 602 φησί,
543 549 657 592 καλῶς
678 548 734 587 ἐπὶ
760 548 820 596 τὴν
842 549 974 598 κίνησιν
995 552 1025 589 οἳ
1041 550 1268 603 Πυθαγόρειοι
1284 551 1342 589 καὶ

306 608 484 646 ὁΠλάτων
505 607 739 661 ἐπιφέρουσιν·
763 610 800 647 οὗ
820 609 886 661 γὰρ
903 610 944 657 δὴ
971 609 1071 653 ἄλλος
1086 625 1125 661 γε
1143 610 1250 654 οὐδεὶς
1263 611 1341 662 περὶ

306 667 412 713 αὐτῆς
431 666 581 719 εἴρηκεν.
610 667 663 706 Οὐ
684 667 749 718 γὰρ
765 667 924 719 ὥρισται.
949 667 1018 707 Καὶ
1034 667 1072 706 τὸ
1092 667 1206 712 ἀτελὲς
1224 669 1264 716 δὴ
1282 669 1342 707 καὶ

305 725 343 764 τὸ
358 725 444 774 μὴ’
424 741 479 765 ον·
497 726 651 779 γίγνεται
666 726 756 802 γάρ,
775 729 972 779 γιγνόμενον
995 728 1030 766 δὲ
1047 729 1123 766 οὒκ
1127 727 1216 768 ἔστι.
1235 747 1250 762 υ
1270 730 1342 768 Καὶ

308 802 323 821 '⁸
345 801 382 836 γε
412 786 574 836 Εὔδημος
582 786 806 859 ωσαφέστερον
836 787 964 832 ἐξέθετο
994 787 1055 834 τὴν
1090 787 1342 840 Αριστοτέλους

309 844 516 889 ἀπόδειξιν
501 862 535 883 εν
566 840 615 889 οἷς
635 846 701 899 πρὸ
728 845 844 898 ὀλίγου
863 846 1062 898 παρεθέμην
1093 845 1150 885 διὰ
1168 850 1247 885 τοῦ·
1268 863 1341 884 πα-

305 902 428 955 ρούσης
446 903 511 956 γὰρ
539 904 705 951 κινήσεως
736 905 826 943 δοκεῖ
845 908 1012 944 κινεῖσθαι
1031 905 1069 943 τὸ
1097 907 1131 943 ἐν
1154 909 1202 958 ᾧ·
1224 906 1340 944 ἀνίσου

303 961 339 1000 δὲ
373 962 467 1006 ὄντος
495 962 517 1009 ἢ
546 963 732 1013 ἀνωμάλου
768 964 1066 1016 προσαναγκάζειν
1095 965 1146 1002 δ’τι
1178 964 1340 1013 κινεῖται,

302 1020 448 1069 γελοῖον.
481 1020 624 1059 Confer
654 1022 850 1072 sequentia
877 1022 977 1073 apud
1008 1022 1246 1060 Aristotelem
1281 1026 1340 1062 τοῦ

303 1076 338 1115 δὲ
359 1079 468 1116 δοκεῖν
491 1079 647 1131 ἀόριστον
664 1081 740 1120 κτλ.
760 1081 770 1131 )

357 1150 404 1176 28.
439 1137 508 1177 Καὶ
534 1137 573 1176 τὸ
604 1138 839 1190 ἀπορούμενον
861 1139 895 1177 δὲ
927 1138 1091 1192 φανερόν,
1121 1139 1172 1177 ὅτι
1194 1139 1284 1178 ἔστιν
1321 1143 1341 1186 ἧ

304 1194 435 1242 κίνησις
467 1197 501 1234 ἐν
532 1198 582 1248 τῷ
605 1199 750 1249 κινητῷ·
773 1197 966 1249 ἐντελέχεια
997 1195 1064 1248 γάρ
1099 1198 1169 1234 ἐστι
1197 1195 1340 1244 τούτου,

303 1253 362 1291 καὶ
387 1254 453 1293 ὑπὸ
474 1258 532 1292 τοῦ
554 1259 746 1302 κινητικοῦ.
773 1255 844 1294 Καὶ
871 1258 892 1301 ἡ
913 1259 971 1293 τοῦ
997 1258 1174 1302 κινητικοῦ
1195 1254 1230 1293 δὲ
1250 1254 1342 1305 ἐνέρ-

302 1328 380 1385 γεια
411 1314 473 1350 οὐκ
500 1313 589 1360 ἄλλη
623 1313 730 1352 ἐστίν·
763 1315 814 1351 δεῖ
836 1314 898 1364 μὲν
927 1314 994 1366 γὰρ
1017 1307 1102 1351 εἶναι
1131 1312 1342 1363 ἐντελέχειαν

304 1373 453 1443 ἀμφοῖν·
476 1372 648 1420 κινητικὸν
671 1371 733 1422 μὲν
747 1372 826 1444 ’γάρ
847 1374 919 1410 ἐστι
950 1374 998 1424 τῷ
1019 1371 1200 1419 δύνασθαι,
1229 1375 1342 1410 κινοῦν

304 1429 339 1466 δὲ
365 1430 414 1481 τῶ
444 1429 605 1480 ἐνεργεῖν.
630 1430 721 1468 Αλλ’
743 1429 835 1468 ἔστιν
858 1428 1075 1481 ἐνεργητικον
1095 1433 1153 1467 τοῦ
1180 1432 1341 1476 κινητοῦ,

304 1486 394 1525 ωστε
426 1488 551 1537 ὁμοίως
577 1487 640 1539 μία
671 1490 693 1534 ἡ
721 1489 847 1540 ἀμφοῖν
877 1487 1028 1540 ἐνέργεια
1061 1487 1179 1538 ὥσπερ
1199 1486 1238 1525 τὸ
1260 1486 1343 1524 αυτὸ

303 1544 478 1595 διάστημα
495 1544 530 1583 ἓν
551 1545 634 1596 πρὸς
655 1545 711 1584 δύο
731 1561 791 1583 και
808 1545 867 1582 δύο
887 1544 971 1597 πρὸς
989 1543 1047 1592 ἕν,
1070 1560 1129 1583 και
1150 1544 1188 1583 τὸ
1206 1545 1344 1588 ἄναντες

303 1603 361 1640 καὶ
383 1602 423 1641 τὸ
444 1604 630 1647 κάταντες·
651 1607 761 1641 ταῦτα
787 1603 854 1656 γὰρ
885 1602 919 1641 ἓν
942 1619 983 1654 με
971 1602 1006 1642 ’ν
1040 1606 1155 1650 ἐστιν,
1177 1606 1195 1641 ὁ
1227 1603 1343 1653 μέντοι

302 1660 399 1712 λόγος
419 1663 484 1714 οὐχ
502 1665 560 1706 εἰς.
578 1661 732 1713 Ομοίως
753 1661 787 1700 δὲ
805 1662 864 1700 καὶ
885 1661 940 1699 ἐπὶ
953 1666 1011 1700 τοῦ
1027 1666 1197 1705 κινοῦντος
1215 1677 1275 1699 και
1291 1676 1342 1699 κι-

302 1720 476 1770 νουμένου.

359 1781 610 1832 (Aristoteles
630 1780 785 1830 Physic.
808 1779 877 1819 lib.
902 1778 960 1816 111
982 1792 1067 1829 cap.
1093 1780 1112 1816 3
1135 1791 1222 1828 pag.
1249 1792 1338 1816 202.

305 1854 338 1879 a.
363 1840 406 1876 13
428 1839 488 1877 ed.
513 1839 669 1878 Bekker.
688 1837 909 1889 Simplicius
924 1837 991 1876 fol.
1014 1850 1100 1876 τοο.
1116 1835 1157 1874 b.
1177 1835 1271 1886 λέγει
1284 1830 1341 1874 οὖν

309 1897 356 1935 ἔτι
376 1898 435 1935 καὶ
455 1897 492 1936 τὸ
519 1896 752 1948 ἀπορούμενον
776 1898 810 1934 ἐν
830 1895 962 1939 τούτοις
980 1895 1123 1933 λέλυται
1144 1896 1183 1933 ἐκ
1202 1899 1262 1933 τοῦ
1281 1897 1342 1941 τῆς

304 1955 471 2003 κινήσεως
491 1957 651 2007 ὁρισμοῦ·
670 1954 813 2008 φανερὸν
833 1954 899 2007 γὰρ
917 1953 969 1993 ὅτι
986 1956 1018 1992 ἐν
1035 1955 1084 2006 τῷ
1101 1956 1230 2028 κινητέἶ)
1251 1956 1341 1992 ἐστιν

304 2016 326 2060 ἡ
347 2014 501 2061 κίνησις,
524 2014 621 2065 εἴπερ
642 2012 838 2065 ἐντελέχειά
860 2014 933 2051 ἐστι
959 2017 1018 2050 τοῦ
1037 2015 1176 2058 κινητοῦ
1196 2011 1262 2050 ὑπο
1282 2016 1343 2051 τοῦ

305 2075 494 2120 κινητικοῦ.
532 2090 547 2105 «
575 2074 861 2110 υπεναντιοῦσθαι
889 2071 926 2110 δέ
953 2086 1056 2122 φησιν
1085 2070 1248 2121 Εὔδημος
1275 2074 1343 2116 τοῖς

304 2131 496 2182 λέγουσιν
483 2147 517 2169 εν
539 2147 586 2168 τι)
607 2130 779 2183 πάσχοντι
801 2130 859 2168 καὶ
886 2129 1079 2182 κινουμένῳ
1097 2133 1183 2168 εἰναι
1203 2130 1265 2176 τὴν
1286 2131 1339 2168 κί

305 2205 401 2237 νησιν
419 2190 458 2228 τὸ
477 2188 556 2241 περὶ
572 2188 632 2232 τὰς
649 2188 841 2236 αἰσθήσεις·
863 2188 1007 2239 λέγομεν
1024 2190 1108 2240 γάρ·
1123 2191 1245 2241 ὁρᾶται
1262 2187 1342 2241 όρα-

306 2265 378 2298 σις.
402 2247 574 2299 [ἀκούει]
598 2247 761 2285 ἀκούεται
789 2246 943 2291 ἄκουσις.
967 2248 1072 2285 Δοκεῖ
1091 2251 1146 2285 οὖν
1172 2251 1194 2295 ἡ
1224 2248 1342 2299 ὅρασις

306 2310 339 2346 ἐν
365 2324 415 2360 τῳ
446 2310 571 2360 ὁριυντι
595 2310 682 2344 εἶναι
715 2307 775 2344 καὶ
800 2309 820 2352 ἡ
854 2306 993 2350 ἄκουσις
1025 2307 1058 2344 ἐν
1089 2323 1137 2358 τῳ
1166 2306 1338 2347 ἀκούοντι.

304 2366 458 2417 Ὁμοίως
477 2365 536 2404 καὶ
561 2368 597 2404 αἱ
616 2364 748 2418 γεύσεις
766 2365 825 2404 καὶ
848 2381 883 2402 αι
906 2364 1042 2403 λοιπαί·
1062 2370 1170 2404 ταῦτα
1187 2364 1258 2403 δὲ’
1245 2381 1280 2403 εν
1300 2369 1341 2418 τῇ

304 2429 363 2464 τοῦ
395 2429 572 2468 ποιοῦντος
608 2424 665 2462 καὶ
699 2428 872 2468 κινοῦντος
901 2418 989 2463 εἶναι
1022 2425 1114 2462 δοκεῖ
1141 2425 1337 2478 συστοιχίᾳ.

305 2482 534 2533 Ἀπατώμεθα
556 2483 609 2531 δέ,
638 2482 742 2536 φησί,
762 2487 805 2536 τῇ
835 2483 923 2528 λέξει
952 2484 1259 2527 ἐπακολουθοῦντες
1284 2484 1343 2521 καὶ

307 2542 356 2592 μὴ
387 2544 575 2586 ἐννοοῦντες
603 2545 655 2581 ὅτι
687 2542 726 2580 τὸ
758 2542 1003 2593 αἰσθανόμενον
1025 2542 1170 2595 πάσχει.
1197 2561 1213 2577 »
1238 2542 1343 2582 Ἀλλὰ

307 2599 364 2638 διὰ
390 2600 424 2637 τί
442 2602 501 2638 οὒκ
523 2600 613 2638 ἔστιν
638 2600 789 2652 ἐνέργεια
824 2601 884 2639 καὶ
915 2607 976 2640 τοῦ
1005 2604 1198 2649 κινοῦντος;
1219 2603 1247 2640 εἷ
1275 2602 1342 2653 γὰρ

349 2715 399 2744 28.
421 2712 483 2744 Sed
502 2712 710 2753 perspicuum
730 2713 830 2745 etiam
849 2711 931 2745 illud
948 2714 999 2745 est
1023 2713 1064 2745 de
1081 2722 1147 2754 quo
1171 2713 1342 2755 quaeritur,

307 2778 380 2804 esse
404 2758 532 2803 motum
557 2770 591 2802 in
618 2770 732 2806 mobili
752 2783 760 2803 ι
779 2771 878 2813 hujus
901 2771 987 2805 enim
1005 2773 1101 2804 actus
1131 2772 1183 2804 est
1204 2773 1302 2813 atque
1326 2782 1346 2805 a

306 2831 459 2864 movendi
480 2830 515 2863 vi
533 2832 712 2873 profectus.
734 2831 862 2874 Quippe
878 2832 966 2865 illius
981 2833 1073 2865 actus
1088 2842 1151 2865 non
1170 2832 1254 2866 alius
1269 2834 1319 2866 est
1335 2847 1342 2865 :

305 2892 433 2932 oportet
455 2890 541 2923 enim
560 2899 631 2922 esse
648 2890 818 2922 amborum
835 2893 945 2924 actum
970 2893 1005 2924 et
1022 2891 1265 2933 perfeetionem.
1287 2891 1343 2924 Ni-

305 2951 426 2983 mirum
445 2950 598 2994 movendi
623 2950 675 2982 vis
693 2952 743 2983 est
759 2960 797 2983 eo
819 2952 906 2992 quod
930 2954 1056 2993 potest,
1079 2962 1214 2985 movens
1235 2954 1345 2984 autem

309 3019 347 3042 co
364 3009 453 3052 quod
467 3009 544 3051 agit.
563 3009 626 3042 Sed
642 3009 756 3050 agendi
771 3009 822 3042 vis
840 3009 873 3041 in
890 3010 999 3042 mobili
1017 3011 1111 3043 inest.
1131 3014 1238 3049 Quare
1253 3011 1342 3044 simi-

306 3067 381 3100 liter
402 3076 486 3099 unus
508 3068 558 3099 est
573 3066 745 3099 amborum
761 3069 866 3106 actus,
885 3070 981 3108 atque
996 3069 1092 3101 unius
1110 3069 1152 3101 ad
1165 3069 1230 3101 duo
1244 3068 1343 3101 relati

307 3127 342 3159 et
358 3126 498 3159 duorum
526 3125 567 3158 ad
585 3135 685 3158 unum
701 3125 790 3158 idem
809 3128 860 3159 est
890 3128 1029 3168 spatium
1056 3127 1285 3168 interjectum,
1311 3129 1344 3160 et

308 3183 439 3218 acclivis
458 3185 557 3224 atque
576 3183 711 3216 declivis
727 3184 815 3216 idem
838 3185 989 3226 spatium.
1035 3188 1116 3218 Haec
1134 3187 1223 3219 enim
1242 3195 1344 3218 unum

310 3243 443 3286 quidem
468 3242 545 3275 sunt
569 3255 578 3274 ι
606 3242 664 3275 sed
685 3242 768 3275 ratio
791 3245 898 3276 tamen
924 3253 989 3276 non
1015 3245 1066 3276 est
1093 3254 1167 3277 una.
1192 3244 1345 3277 Similiter

308 3302 409 3335 etiam
436 3310 488 3334 res
510 3310 546 3334 se
561 3300 660 3333 habet
673 3302 708 3334 iu
726 3303 878 3334 movente
895 3303 929 3334 et
944 3304 1044 3334 moto.

349 3366 400 3394 29.
424 3361 467 3393 At
483 3359 612 3403 physici
632 3369 744 3393 omnes
763 3360 857 3392 aliam
874 3360 1037 3402 quandam
1054 3370 1180 3403 semper
1196 3362 1345 3394 naturam

307 3428 423 3452 corum
441 3428 517 3461 quae
539 3418 698 3452 elementa
715 3418 866 3451 dicuntur
887 3417 1012 3451 infinito
1030 3420 1236 3459 supponunt,
1254 3418 1346 3451 verbi

308 3485 406 3510 causa
436 3485 556 3518 aquam
581 3477 634 3510 vel
659 3479 783 3517 aerem,
810 3475 860 3509 vel
887 3476 974 3517 quod
999 3475 1084 3508 inter
1103 3476 1174 3507 haec
1198 3475 1341 3507 medium

966 227 1164 268 EUDEMI
1194 228 1372 268 RHODII
1400 226 1752 268 PERIPA'PETicl

1401 316 1565 369 πρότερον
1585 317 1623 355 τὸ
1643 313 1816 362 κινητικὸν
1846 313 1884 352 ὃν
1902 317 2003 353 τοῦτο
2021 314 2165 366 δυνάμει
2182 318 2297 354 κινοῦν
2318 314 2436 367 §army

1402 375 1534 427 ἀνάγκη
1564 374 1646 413 ὅταν
1667 377 1779 413 κινοῦν
1801 371 1954 425 ἐνεργείᾳ
1972 371 2132 424 γένηται,
2153 372 2232 412 τότε
2252 373 2358 412 κινεῖν
2375 370 2437 412 καὶ

1402 436 1548 486 ἐνεργεῖν
1569 432 1660 471 κατὰ
1688 431 1727 471 τὸ
1759 431 1875 470 κινεῖν.
1899 430 1965 470 Διὰ
1992 431 2026 468 τί
2059 424 2117 469 οῦν
2148 434 2171 479 ἡ
2205 434 2264 470 τοῦ
2293 432 2436 478 κινητοῦ

1402 491 1555 543 ἐνέργεια
1576 491 1709 540 κίνησίς
1731 492 1803 530 ἐστι
1823 491 1882 529 καὶ
1904 490 1952 541 μὴ
1974 491 2106 541 μᾶλλον
2121 492 2143 537 ἢ
2164 494 2223 530 τοῦ
2243 493 2434 539 κινοῦντοςς

1401 548 1424 596 ἢ
1444 551 1506 588 οὐκ
1529 551 1654 597 ἄλλη’
1639 552 1731 590 εστὶν
1751 554 1772 597 ἡ
1805 553 1864 588 τοῦ
1887 552 2063 596 κινητικοῦ
2084 548 2257 600 ἐνέργεια·
2277 547 2352 589 ἔστι
2369 548 2437 602 γὰρ

1402 609 1575 655 κινητικὸν
1592 608 1808 683 ἐωνεργητικὸν
1829 611 1887 647 τοῦ
1908 610 2061 654 κινητοῦ.
2089 605 2167 646 Μία
2190 602 2247 645 ουν
2266 609 2291 654 ἡ
2308 607 2438 662 ἀμφοῖν

1403 665 1576 718 ἐνέργεια,
1596 670 1639 711 ὡς
1656 667 1717 717 μὲν
1738 666 1809 705 ἀπὸ
1827 670 1885 706 τοῦ
1907 669 2077 709 κινοῦντος
2096 663 2252 717 ἐνέργεια
2265 661 2437 717 λεγομένη

1402 725 1630 778 κυριώτερον,
1662 728 1707 770 ὥς
1737 725 1772 764 δὲ
1806 727 1839 764 ἐν
1866 728 1915 778 τῷ
1949 723 2138 777 κινουμένῳ
2170 722 2279 768 πάθος
2306 721 2440 775 μᾶλλον

1401 783 1490 836 ἤπερ
1510 785 1674 837 ἐνέργεια.
1690 785 1703 837 )

1457 855 1508 882 29.
1541 845 1587 882 Οἱ
1610 842 1644 880 δὲ
1678 842 1757 895 περὶ
1790 843 1923 895 φύσεως
1955 841 2103 884 ἅπαντες
2133 839 2187 879 ἀεὶ
2219 837 2440 878 ὑποτιθέασιν

1403 899 1522 952 ἑτέραν
1548 900 1625 938 τινὰ
1659 901 1759 952 φύσιν
1780 904 1830 953 τῷ
1853 899 1984 953 ἀπείρῳ
2016 901 2083 938 τῶν
2114 896 2308 950 λεγομένων
2345 911 2439 936 στοι-

1402 959 1505 1011 χείων
1518 989 1528 1008 ,
1549 953 1617 998 οἷον
1640 959 1730 1012 ὕδωρ
1752 959 1774 1007 ἢ
1794 959 1879 1012 ἀέρα
1898 958 1921 1006 ἢ
1939 959 1976 998 τὸ
1994 956 2123 1008 μεταξὺ
2143 956 2284 996 τούτων.
2304 957 2384 996 Τῶν
2404 955 2438 995 δὲ

1403 1017 1653 1070 πεπερασμένα
1673 1018 1859 1057 ποιούντων
1884 1017 2038 1069 στοιχεῖα
2057 1015 2163 1059 οὐθεὶς
2181 1014 2309 1068 ἄπειρα
2326 1016 2438 1055 ποιεῖ·

1403 1076 1476 1116 ὅσοι
1500 1077 1530 1114 δ’
1561 1077 1687 1128 ἄπειρα
1707 1081 1841 1116 ποιοῦσι
1859 1076 1904 1114 τὰ
1924 1074 2077 1127 στοιχεῖα
2091 1104 2101 1124 ,
2122 1073 2278 1125 καθάπερ
2297 1071 2439 1129 Ἀναξα-

1404 1137 1509 1209 γόρας
1526 1137 1586 1175 καὶ
1606 1136 1845 1189 Δημόκριτος,
1866 1138 1883 1174 ὁ
1904 1133 1966 1186 μὲν
1987 1135 2024 1172 ἐκ
2042 1135 2110 1170 τῶν
2127 1133 2391 1185 ὁμοιομερων,ὁ
2411 1132 2439 1170 δ’

1406 1196 1445 1232 ἐκ
1466 1197 1527 1240 τ’ἥς
1546 1195 1790 1256 πανσπερμίας
1810 1197 1878 1232 τῶν
1902 1191 2115 1245 σχημάτων,
2133 1193 2178 1242 τῇ
2207 1189 2279 1243 ἀφῇ
2300 1189 2440 1243 συνεχὲς

1405 1251 1443 1290 τὸ
1464 1253 1605 1304 ἄπειρον
1625 1246 1714 1291 εἰναί
1742 1267 1857 1305 φασιν.

1460 1317 1703 1367 (Alistoteles
1722 1317 1841 1367 Phys.
1864 1313 2007 1353 11122111
2022 1326 2107 1364 cap.
2127 1317 2147 1357 4
2166 1325 2206 1364 Ρ.
2224 1311 2315 1349 203.
2331 1323 2367 1350 a.
2382 1313 2439 1351 '16

1404 1376 1462 1414 ed.
1491 1377 1649 1415 Bekker.
1679 1375 1901 1426 Simplicius
1930 1373 1996 1412 fol.
2034 1372 2105 1409 106
2141 1370 2215 1410 ὅσοι
2253 1368 2311 1419 δέ,
2332 1369 2439 1424 φησί,

1404 1432 1529 1480 πληθει
1556 1432 1685 1485 ἄπειρα
1715 1436 1850 1471 ποιοῦσι
1870 1430 1915 1471 τὰ
1940 1429 2096 1481 στοιχεῖα
2121 1427 2240 1481 ὥσπερ
2259 1426 2441 1480 Ἀναξαγό-

1406 1507 1466 1543 ρας
1486 1491 1645 1543 ἀπείρους
1665 1493 1714 1529 τῶ
1746 1490 1871 1537 πλήθει
1891 1488 1952 1532 τὰς
1976 1485 2214 1540 ὁμοιομερείας
2238 1484 2441 1535 ὑποτιθέμε-

1404 1564 1480 1596 νος,
1501 1549 1718 1601 Δημόκριτος
1744 1548 1779 1586 δὲ
1807 1548 1868 1591 τὰς
1896 1545 2064 1596 ἀτόμους,
2085 1538 2178 1583 οὗτοι
2199 1543 2290 1583 κατὰ
2310 1542 2373 1594 μὲν
2401 1543 2442 1582 τὸ

1405 1609 1535 1654 πληθος
1554 1609 1738 1660 προφανῶς
1758 1605 1933 1656 εἰσάγουσι
1954 1604 1994 1643 τὸ
2017 1604 2180 1656 ἄπειρον,
2208 1602 2294 1654 ὅπερ
2317 1602 2441 1641 ἐνεδειμ-

1406 1665 1487 1710 ξατο
1507 1667 1524 1703 ὁ
1547 1664 1785 1718 Ἀριστοτέλης
1804 1664 1930 1712 εἰπών,
1952 1661 2025 1701 ὅσοι
2043 1661 2122 1700 δὲ’
2099 1676 2225 1714 απειρα
2244 1665 2380 1701 ποιοῦσι
2399 1661 2442 1699 τὰ
2465 1665 2468 1668 ”

1405 1729 1578 1776 στοιχεῖα·
1611 1724 1663 1762 ὅτι
1685 1724 1721 1763 δὲ
1751 1723 1841 1763 κατὰ
1875 1722 2040 1774 μέγεθος,
2059 1721 2210 1760 δείκνυσι
2240 1720 2370 1771 λέγων·
2396 1737 2440 1773 τῃ

1405 1784 1474 1835 ἁφῇ
1496 1783 1636 1835 συνεχὲς
1655 1799 1693 1822 το
1715 1783 1855 1835 ἄπειρον
1870 1775 1956 1820 εἶναί
1976 1795 2084 1834 φασι,
2110 1780 2148 1818 οὐ
2169 1780 2212 1833 τῇ
2233 1779 2370 1826 ἑνώσει,
2395 1781 2443 1824 ὣς

1403 1844 1434 1880 οἳ
1457 1841 1493 1879 ἓν
1525 1841 1664 1893 ἄπειρον
1693 1841 1848 1893 λέγοντες
1867 1840 1906 1878 τὸ
1929 1844 2111 1891 στοιχεῖον.
2135 1837 2222 1878 “Ort
2241 1837 2277 1876 δὲ
2304 1840 2348 1889 τῇ
2369 1837 2442 1890 ἁφη

1403 1899 1544 1953 συνεχὲς
1566 1899 1706 1952 ἄπειρόν
1734 1915 1792 1949 τι,
1814 1899 1872 1938 καὶ
1897 1900 1936 1938 ἐκ
1953 1897 2082 1938 τούτων
2102 1897 2233 1949 γίνεται
2251 1897 2378 1944 δῆλον·
2398 1895 2442 1935 τὰ

1404 1959 1472 2012 γὰρ
1506 1959 1631 2011 ἄπειρα
1663 1960 1712 2011 τῷ
1742 1958 1866 2004 πλήθει
1901 1957 2041 2009 μέγεθος
2069 1955 2193 2009 ἔχοντα
2215 1956 2275 1995 καὶ
2300 1956 2445 2007 ὁμοειδῆ
2491 1991 2493 1993 .

1402 2015 1510 2064 ὄντα,
1531 2015 1621 2054 ὥστε
1639 2016 1698 2055 καὶ
1718 2015 1889 2054 ἅπτεσθαι
1909 2015 2090 2065 ἀλλήλων,
2111 2014 2252 2066 ἄπειρον
2272 2020 2363 2054 ποιεῖ
2379 2012 2441 2064 μέ-

1402 2079 1498 2126 γεθος
1512 2078 1555 2127 τῇ
1576 2075 1647 2127 ἁφῇ
1665 2074 1818 2126 συνεχές.
1841 2074 1904 2113 Διὸ
1919 2073 1980 2111 καὶ
1995 2073 2156 2124 Εὔδημος
2175 2074 2210 2111 ἐν
2228 2073 2278 2126 τῷ
2295 2070 2442 2124 δευτέρῳ

1403 2135 1470 2172 τῶν
1491 2135 1657 2173 Φυσικῶν
1682 2134 1721 2172 τὸ
1739 2133 1830 2172 κατὰ
1852 2132 1983 2180 πλῆθός
2001 2148 2105 2187 φησιν
2123 2131 2275 2182 ὁμοειδὲς
2298 2131 2440 2184 ἄπειρον

1402 2192 1513 2244 λέγειν
1533 2192 1627 2231 οὐδὲν
1646 2191 1798 2243 διαφέρει
1816 2191 1837 2239 ἢ
1856 2191 1947 2230 κατὰ
1963 2191 2001 2230 τὸ
2023 2191 2162 2243 μέγεθος
2177 2190 2363 2242 ἄπειρον.)

1456 2264 1504 2291 30
1539 2253 1610 2291 Τοῦ
1632 2252 1662 2289 δ’
1680 2244 1767 2289 εἷναί
1785 2266 1819 2289 τι
1839 2250 1979 2302 ἄπειρον
2005 2252 2025 2296 ἡ
2046 2249 2160 2292 πίστις
2179 2251 2217 2288 ἐκ
2237 2250 2340 2287 πέντε
2368 2246 2443 2298 μά-

1402 2309 1528 2348 λιστ’
1511 2326 1552 2348 αν
1572 2309 1760 2360 συμὸαίνοι
1775 2311 1982 2356 σκοποῦσιν,
1998 2307 2038 2346 ἔκ
2055 2323 2090 2346 τε
2108 2309 2168 2346 τοῦ
2185 2306 2311 2363 χρόνου
2333 2300 2441 2357 (οὗτος

1405 2368 1472 2420 γὰρ
1496 2367 1655 2421 ἄπειρος)
1681 2384 1740 2406 και
1770 2368 1808 2405 εκ
1829 2383 1891 2413 της
1914 2367 1949 2404 ἐν
1968 2371 2037 2411 τοῖς
2057 2366 2216 2417 μεγέθεσι
2244 2364 2442 2418 διαιρέσεως

1408 2429 1587 2480 (χρῶνται
1614 2425 1760 2478 γὰρκαὶ
1792 2427 1822 2464 οἳ
1847 2424 2084 2475 μαθηματικοὶ
2115 2426 2163 2476 τῷ
2185 2422 2363 2476 ἀπείρῳ),
2390 2422 2442 2461 ἔτι

1376 2503 1378 2505 ’
1404 2489 1453 2538 τῷ
1473 2485 1579 2530 οὕτως
1599 2485 1639 2523 ἂν
1661 2484 1770 2534 μόνως
1791 2483 1838 2535 μὴ
1859 2483 2056 2522 ὑπολείπειν
2072 2483 2202 2535 γένεσιν
2225 2483 2283 2521 καὶ
2300 2481 2440 2535 φθοράν,

1404 2548 1433 2583 εἰ
1453 2545 1592 2596 ἄπειρον
1613 2542 1663 2590 εἴη
1684 2542 1758 2582 ὅθεν
1780 2545 1975 2595 ἀφαιρεῖται
1993 2541 2032 2581 τὸ
2050 2541 2264 2594 γιγνόμενον.
2287 2538 2368 2580 Ἔτι
2390 2542 2440 2594 τῷ

1403 2603 1443 2642 τὸ
1461 2602 1724 2654 πεπερασμένον
1744 2601 1797 2639 ἀεὶ
1815 2599 1900 2653 πρός
1921 2613 1955 2638 τι
1978 2599 2173 2652 περαίνειν,
2189 2598 2279 2638 ὥστε
2306 2598 2439 2650 ἀνάγκη

1373 2725 1378 2773 Ι
1420 2715 1546 2749 voatur.
1559 2716 1680 2747 Eorum
1696 2714 1807 2746 autem
1817 2737 1825 2753 ,
1839 2712 1897 2753 qui
1912 2711 2001 2744 finita
2017 2710 2142 2744 faciunt
2157 2711 2316 2752 elementi,
2346 2718 2442 2742 nemo

1405 2773 1528 2807 infinita
1550 2775 1631 2808 facit
1658 2788 1667 2808 :
1700 2774 1756 2816 qui
1781 2783 1860 2807 vero
1887 2773 2047 2806 elementa
2074 2771 2197 2805 faciunt
2227 2768 2373 2810 infinita,
2401 2771 2440 2802 ut

1406 2836 1611 2877 Anaxagoras
1630 2836 1663 2867 et
1678 2833 1884 2866 Democritus
1894 2857 1902 2871 ‚
1922 2832 1976 2864 ille
1994 2831 2128 2873 quidem
2143 2839 2185 2863 ex
2201 2829 2240 2862 iis
2258 2837 2332 2870 quae
2347 2827 2439 2861 simi·

1405 2891 1451 2923 les
1467 2893 1577 2933 partes
1593 2890 1732 2930 habent,
1752 2889 1805 2922 hic
1832 2890 1945 2921 autem
1971 2897 2011 2920 ex
2031 2886 2177 2919 omnium
2192 2885 2371 2927 figurarum
2385 2892 2440 2917 se-

1404 2949 1542 2983 minario
1561 2963 1568 2983 2
1588 2949 1612 2983 ii
1632 2949 1798 2982 infinitum
1813 2948 1904 2980 tactu
1920 2946 2109 2978 continuum
2125 2953 2198 2977 esse
2213 2943 2317 2987 ajunt.

1446 3012 1497 3043 30.
1522 3006 1602 3042 Esse
1622 3009 1732 3041 autem
1749 3006 1872 3048 aliquid
1889 3004 2051 3037 infinitum
2070 3003 2214 3045 quinque
2228 3001 2370 3035 maxime
2384 3009 2439 3033 re-

1404 3077 1480 3100 rum
1493 3067 1576 3100 ratio
1595 3065 1873 3100 considerantibus
1886 3063 1985 3096 fidem
2001 3061 2079 3095 facit
2101 3075 2109 3094 ε
2126 3061 2269 3103 primum
2283 3058 2439 3100 temporis

1405 3126 1479 3165 (est
1497 3125 1584 3157 enim
1597 3125 1659 3156 hoe
1677 3122 1884 3162 infinitum),
1902 3120 2018 3153 deinde
2033 3117 2294 3160 magnitudinum
2309 3115 2440 3149 divisio-

1404 3192 1454 3215 ms
1479 3184 1636 3223 (utuntur
1657 3181 1743 3214 enim
1765 3181 1797 3212 et
1820 3177 2044 3211 mathematici
2068 3175 2239 3216 infinito),
2262 3176 2333 3207 tum
2361 3172 2438 3213 quia

1404 3240 1466 3273 hoc
1481 3241 1577 3282 pacto
1595 3239 1756 3271 duntaxat
1776 3236 1940 3280 generatio
1966 3236 1999 3268 et
2022 3233 2188 3276 corruptio
2205 3241 2269 3265 non
2285 3231 2416 3264 deficiat
2427 3255 2437 3271 ‚

1405 3299 1436 3331 si
1457 3298 1619 3331 infinitum
1637 3298 1680 3330 sit
1695 3322 1703 3338 ,
1722 3296 1808 3330 unde
1827 3295 1992 3328 auferatur
2010 3294 2041 3326 id
2064 3293 2151 3335 quod
2167 3290 2328 3324 nascitur.
2344 3291 2434 3322 Proe-

1405 3359 1495 3390 terea
1515 3357 1603 3400 quod
1624 3356 1752 3389 finitum
1771 3363 1899 3396 semper
1918 3352 1952 3386 in
1968 3351 2090 3395 aliquid
2108 3350 2242 3397 desinit,
2258 3346 2305 3382 ita
2327 3349 2366 3381 ut
2379 3355 2436 3380 ne-

1405 3416 1546 3450 cessario
1563 3415 1676 3449 nullus
1701 3414 1743 3448 sit
1770 3412 1863 3453 finis,
1882 3411 1909 3444 si
1929 3410 2018 3443 aliud
2042 3410 2077 3442 in
2095 3409 2185 3442 aliud
2203 3416 2332 3450 semper
2352 3405 2437 3439 desi-

1404 3483 1480 3508 nere
1499 3483 1629 3508 necesse
1656 3473 1716 3507 est.
1742 3470 1883 3506 Maxime
1900 3469 2039 3511 denique
2057 3470 2091 3502 et
2106 3466 2329 3510 potissimum,
2347 3463 2435 3506 quod
