2508 3776
246 213 324 252 298

243 297 460 337 Aristotelis
481 308 564 334 esse
583 301 740 344 negaret
758 291 857 345 (31),
874 292 964 330 licet
983 292 1022 330 hi
1044 301 1276 332 commenta·-

242 359 289 396 rii
313 357 398 395 aliis
431 368 452 393 a
478 354 658 403 Stagirite
689 351 896 404 compositi
927 364 1011 390 esse
1035 351 1277 392 viderentur.

241 418 296 454 De
324 414 586 465 disputatione
621 412 691 450 illa
711 411 768 450 sic
803 411 987 449 Boethius
1017 411 1072 459 ΙΙ,
1094 425 1133 462 p.
1159 411 1235 457 284
1266 423 1275 450 ε

245 492 259 508 a
282 472 527 510 Andronicus
546 469 694 508 librum
725 469 827 508 hunc
845 469 1069 508 Aristotelis
1089 482 1174 509 esse
1199 482 1278 508 non

239 541 369 585 putat,
388 544 501 582 quem
534 528 757 568 Alexander
776 540 869 566 verc-
896 528 1126 580 fortiterque
1147 528 1279 566 redar-

241 593 342 641 guit;
373 603 488 642 quem
515 602 634 640 quum
666 595 842 625 exactum
870 586 1171 637 diligentemque
1191 586 1278 624 Ari-

239 651 382 689 stotelis
400 649 590 687 librorum
614 655 651 685 et
668 646 840 698 judicem
863 654 900 683 et
918 654 1155 695 repertorem
1171 646 1276 695 judi-

239 710 334 747 carit
364 707 596 758 antiquitas,
628 719 697 743 cur
719 705 757 742 in
788 702 906 754 hujus
932 703 1020 741 libri
1047 702 1203 754 judicio
1228 705 1278 742 sit

239 767 377 814 falsus,
410 778 570 817 prorsus
591 773 648 802 est
667 776 808 814 magna
825 762 1083 800 admiratione
1102 762 1279 812 dignissi-

236 840 357 865 mum.
392 824 478 863 Non
498 837 583 863 esse
618 835 786 875 namque
816 821 1025 874 proprium
1056 821 1279 861 Aristotelis

236 885 326 923 hinc
351 892 513 922 conatur
532 883 755 930 ostendere,
770 880 957 932 quoniam
980 880 1156 931 quaedam
1185 881 1277 919 Ari—

237 944 392 982 stoteles
412 944 454 981 in
473 941 667 994 principio
690 940 783 979 libri
807 937 926 990 hujus
945 939 994 977 de
1019 938 1280 978 intellectibus

237 1003 355 1041 animi
382 1011 519 1041 tractat
535 1031 545 1049 ,
564 1015 662 1052 quos
677 1000 898 1039 intellectus
917 999 1055 1037 animae
1081 999 1278 1050 passiones

238 1062 408 1101 vocavit.
435 1062 504 1100 His
526 1061 740 1099 Alexander
779 1059 901 1098 multa
932 1059 1005 1097 alia
1033 1059 1140 1097 addit
1161 1073 1277 1110 argu-

237 1130 365 1159 menta
384 1134 453 1159 cur
473 1121 547 1158 hoc
563 1133 662 1171 opus
678 1120 846 1158 maxime
869 1118 1095 1157 Aristotelis
1115 1131 1199 1157 esse
1218 1120 1279 1158 vi-

237 1180 386 1219 deatur.
420 1180 474 1218 Ea
497 1192 665 1230 namque
685 1179 867 1218 dicuntur
888 1178 953 1216 hic
975 1191 1060 1229 quae
1080 1179 1279 1217 sententiis

237 1237 459 1276 Aristotelis
500 1251 586 1288 quae
621 1246 710 1276 sunt
742 1238 790 1275 de
825 1236 1064 1275 enuntiativa
1103 1237 1280 1274 oratione

237 1299 492 1336 consentiant.
516 1295 619 1334 Illud
640 1308 795 1346 quoque
815 1295 920 1346 quod
942 1295 1054 1333 stilus
1077 1295 1162 1346 ipse
1181 1309 1278 1346 prn-

236 1366 323 1409 pter
346 1356 580 1394 brevitatem
612 1357 786 1407 pressior
809 1357 856 1392 ab
888 1355 1106 1393 Aristotelis
1135 1354 1276 1393 obscu-

237 1417 348 1454 ritate
370 1429 448 1452 non
467 1415 680 1465 discrepat;
705 1422 743 1451 et
766 1413 871 1463 quod
900 1412 1192 1462 Theophrastus
1206 1442 1216 1460 ,
1237 1422 1280 1452 ut

236 1474 277 1512 in
299 1473 387 1511 aliis
409 1473 506 1510 solet
539 1485 659 1522 quum
689 1471 737 1509 de
758 1470 956 1509 similibus
975 1470 1091 1508 rebus
1115 1479 1251 1509 tractat
1265 1501 1276 1520 ,

238 1545 323 1582 qua:
351 1531 496 1569 scilicet
518 1529 567 1567 ab
587 1529 793 1567 Aristotele
814 1538 902 1566 ante
922 1537 1093 1567 trac-tatae
1112 1538 1220 1577 sunt,
1240 1530 1279 1567 in

237 1591 338 1629 libro
379 1601 535 1640 quoque
572 1588 620 1626 de
673 1588 944 1626 Affirmatione
983 1596 1024 1625 et
1070 1587 1281 1637 Negatione

236 1650 374 1687 iisdem
394 1647 594 1697 aliquibus
613 1646 743 1685 verbis
763 1647 886 1686 utitur
904 1646 1048 1698 quibus
1069 1646 1111 1685 in
1131 1647 1205 1685 hoc
1230 1648 1278 1685 li-

235 1708 308 1746 bro
339 1707 564 1745 Aristoteles
598 1719 692 1744 usus
715 1715 785 1746 est.
816 1706 922 1744 Idem
959 1719 1116 1757 quoque
1146 1706 1277 1745 Theo-

237 1768 421 1818 phrastus
455 1766 521 1803 dat
553 1766 709 1816 signum
739 1766 843 1804 hunc
878 1766 1096 1804 Aristotelis
1134 1766 1279 1805 librum

237 1838 320 1863 esse
343 1840 352 1864 z
375 1825 415 1862 in
436 1823 618 1862 omnibus
637 1824 742 1862 enim
766 1824 813 1862 de
833 1823 978 1875 quibus
999 1824 1084 1875 ipse
1115 1825 1282 1877 disputat

237 1893 326 1936 post
344 1884 596 1933 magistrum,
627 1883 766 1921 leviter
790 1895 834 1921 ea
857 1883 982 1933 tangit
1001 1897 1089 1934 quae
1119 1883 1168 1922 ab
1186 1885 1278 1922 Ari-

238 1942 373 1980 stotele
402 1942 505 1979 dicta
535 1949 622 1979 ante
644 1942 827 1991 cognovit
842 1971 851 1989 ‚
876 1942 971 1980 alias
990 1955 1084 1980 vero
1115 1942 1281 1992 diligen-

237 2001 315 2039 tius
335 2014 397 2039 res
421 2014 499 2039 non
522 2002 569 2038 ab
593 1999 804 2039 Aristotele
832 2009 1014 2039 tractatas
1036 2001 1278 2052 exsequitur.

238 2061 308 2098 llic
329 2072 486 2111 quoque
505 2059 606 2097 idem
628 2060 729 2097 fecit.
751 2060 870 2098 Addit
896 2073 1052 2111 quoque
1072 2060 1170 2099 hanc
1192 2073 1282 2100 cau-

239 2132 320 2158 sam
331 2148 341 2167 ,
357 2119 448 2169 quia
462 2118 687 2157 Aristoteles
703 2119 860 2169 quidem
879 2113 926 2157 de
939 2118 1167 2170 syllogismo
1188 2121 1282 2158 scri-

237 2177 331 2217 bere
359 2179 549 2216 animatus
569 2191 767 2229 nunquam
792 2178 833 2215 id
853 2186 955 2216 recte
984 2178 1110 2216 facere
1130 2179 1280 2230 potuis-

236 2246 312 2285 set,
346 2238 421 2275 nisi
453 2238 628 2288 quaedam
663 2238 710 2274 de
740 2237 1079 2288 propositionibus
1115 2247 1280 2276 annota-

238 2305 310 2336 ret.
335 2314 349 2330 υ
372 2297 460 2334 Ilaec
489 2297 556 2335 ille
577 2296 689 2347 cujus
712 2296 911 2334 sententiae
937 2297 1068 2335 album
1093 2297 1281 2335 calculum

236 2355 455 2407 adjicimus.

233 2498 307 2532 vid.
334 2499 408 2531 adn.
433 2503 480 2532 15.
505 2500 558 2532 Sic
576 2502 608 2532 et
622 2501 814 2533 Ammonius
839 2500 873 2533 in
889 2501 1011 2534 librum
1027 2502 1068 2535 de
1085 2502 1278 2545 interpreta-

234 2547 321 2578 tione
350 2546 406 2578 fol.
427 2551 456 2579 5.
482 2546 514 2579 b.
534 2547 610 2587 (Of.
630 2548 738 2581 Schol.
763 2548 862 2581 Arist.
890 2557 923 2590 p.
942 2551 993 2581 97.
1018 2558 1047 2581 a.
1078 2550 1156 2593 πρὸς
1182 2551 1217 2583 δὲ
1241 2551 1278 2583 τὸ

233 2594 363 2634 γνήσιον
402 2595 485 2626 εἶναι
514 2598 572 2627 τοῦ
602 2595 775 2637 φιλοσόφου
807 2597 844 2628 τὸ
868 2596 1008 2638 βιὸλίον,
1033 2597 1135 2635 οὐδεὶς
1161 2598 1280 2637 ἠξίωσε

233 2641 299 2671 τῶν
339 2642 414 2684 περὶ
450 2641 491 2672 τὰ
523 2643 762 2685 συγγράμματα
792 2647 850 2676 τοῦ
889 2643 1130 2687 Ἀριστοτέλους
1161 2646 1280 2679 ἐσπου-·

234 2686 379 2718 δακότων
411 2688 619 2729 ἁμφιὸαλεῒν,
653 2691 696 2727 εἷς
724 2702 760 2722 τε
780 2691 818 2723 τὸ
845 2691 979 2723 πιθανὸν
1007 2692 1199 2724 ἆποὸλέπων
1225 2697 1280 2731 τῆς

234 2732 425 2774 ἐπαγγελίας
468 2735 523 2766 καὶ
556 2736 598 2772 εἰς
626 2737 684 2774 τὴν
727 2736 877 2779 ἔντεχνον
919 2738 974 2769 καὶ
1012 2740 1279 2781 κεκομψευμένην

233 2780 288 2810 καὶ
314 2780 361 2821 τῷ
389 2782 552 2823 φιλοσόφῳ
583 2784 703 2822 συνήθη
723 2785 788 2816 τῶν
826 2785 859 2816 ἐν
888 2785 978 2826 αὐτῷ
1011 2786 1279 2829 παραδιδομένων

233 2826 450 2868 θεωρημάτων
482 2827 637 2868 διάθεσιν,
671 2830 727 2861 καὶ
760 2831 818 2868 τήν
850 2832 928 2873 πρὸς
960 2831 1016 2868 τὰς
1051 2833 1145 2870 <mm
1181 2834 1280 2866 αὐτοῦ

232 2874 453 2916 πραγματείας
479 2876 673 2917 ὁμολογίαν,
704 2878 783 2915 πλὴν
809 2877 1013 2922 Ἀνδρονίκου
1042 2883 1100 2912 τοῦ
1133 2879 1278 2922 Ῥοδίου,

234 2922 266 2958 ὃς
297 2921 466 2958 ἑνδέκατος
494 2922 550 2963 μὲν
569 2923 608 2962 ἦν
637 2924 700 2956 ἀπὸ
717 2928 774 2956 τοῦ
799 2924 1055 2968 Ἀριστοτέλους,
1077 2928 1220 2966 ἀκούσας
1246 2929 1281 2961 δὲ

234 2969 334 3000 αὐτοῦ
361 2969 538 3006 καλοῦντος
566 2970 599 3002 ἐν
634 2974 702 3008 τοῖς
730 2974 909 3015 προοιμίοις
941 2976 1037 3007 τοῦδε
1066 2978 1123 3007 τοῦ
1155 2977 1279 3018 βιβλίου

233 3015 274 3046 τὰ
305 3016 455 3057 νοήματα
489 3018 664 3058 παθήματα
694 3023 749 3057 τῆς
771 3021 873 3062 ψυχῆς
899 3022 954 3053 καὶ
981 3022 1208 3065 προστιθέντος
1238 3026 1281 3061 ὡς

233 3063 304 3104 περὶ
325 3063 445 3095 τούτου
475 3064 598 3107 εἴρηται
625 3066 656 3097 ἐν
683 3071 749 3103 τοῖς
765 3069 837 3109 περὶ
867 3069 987 3111 ψυχῆς,
1005 3070 1057 3101 διὰ
1073 3070 1110 3102 τὸ
1129 3069 1171 3111 μὴ
1193 3081 1282 3102 συνι-

233 3109 298 3141 δεῖν
321 3109 402 3142 ὅπου
431 3114 485 3150 τῆς
503 3112 577 3152 περὶ
598 3113 699 3153 ψυχῆς
717 3114 936 3156 πραγματείας
956 3117 997 3147 τὰ
1013 3116 1162 3157 νοήματα
1179 3118 1281 3156 παθή-

237 3168 321 3204 ματα
338 3162 393 3195 τῆς
413 3161 513 3197 φυγῆς
539 3163 682 3193 {nahe-5»
726 3160 743 3190 ὁ
768 3159 957 3201 φιλὸσοφος,
984 3163 1163 3203 ἀναγκαῖον
1193 3164 1280 3205 ᾠήθη

233 3201 299 3230 τῶν
325 3199 382 3232 δύο
411 3203 655 3243 πραγματειῶν,
674 3204 792 3243 ταύτης
817 3217 853 3238 τε
884 3209 938 3239 καὶ
963 3213 1018 3247 τῆς
1051 3211 1125 3252 περὶ
1154 3211 1279 3253 ψυχῆς,

235 3247 293 3283 τήν
321 3247 434 3290 ἑτέραν
461 3247 554 3280 νόθον
585 3250 811 3291 ἀποφήνασθαι
841 3257 898 3286 τοῦ
935 3254 1191 3298 Ἀριστὸτέλους,
1226 3259 1281 3290 καὶ

234 3292 301 3324 δεῖν
331 3294 462 3336 ἐνόμισε
487 3296 607 3334 ταύτην
639 3298 764 3330 ἀθετεῖν
792 3302 909 3340 μᾶλλον
939 3303 958 3340 ἢ
981 3304 1037 3341 τὴν
1069 3306 1143 3347 περὶ
1165 3305 1278 3347 ψυχῆς.

237 3355 280 3390 ι-
293 3341 356 3380 (31)
373 3341 529 3374 Boethius
547 3342 580 3375 in
602 3344 711 3385 Categ.
729 3347 773 3377 IV
797 3346 869 3380 init.
896 3348 1085 3390 Simplicius
1112 3351 1147 3383 in
1167 3352 1277 3393 Categ.

236 3384 291 3437 iol.
323 3390 373 3420 95.
407 3391 439 3421 Z.
471 3406 512 3413 -
539 3391 602 3432 (32)
631 3391 706 3424 Vid.
744 3392 818 3426 adn.
854 3398 871 3427 3
906 3397 938 3427 et
970 3398 999 3428 li.
1020 3413 1062 3420 -—
1081 3400 1142 3436 (33)
1161 3400 1275 3430 auctor

237 3431 310 3467 libri
325 3435 382 3469 lat.
401 3436 441 3470 (le
457 3440 619 3480 spermate
645 3449 714 3483 cap..
735 3441 782 3482 113
812 3442 954 3476 Galenus
983 3443 1017 3476 in
1049 3444 1280 3479 dissertatione

538 207 607 247 DE
638 203 962 246 ARISTOTELE
990 202 1218 254 EJU'SQUE
1249 203 1526 245 DISCIPULIS
1560 202 2076 254 EQSUCGESSORIBUS.

1392 293 1516 332 Porro
1537 291 1781 331 Andronicus
1807 293 1848 330 in
1873 306 1919 332 eo
1949 294 2146 334 volumine
2173 308 2251 346 quo
2279 307 2394 341 ustis.¹

1339 360 1396 391 est
1426 351 1602 400 Gellius,
1636 351 1764 401 qualis
1791 360 1892 390 esset
1922 352 2142 392 differentia
2180 353 2395 393 librorum.

1340 408 1551 461 ἐξωτερικῶν
1583 418 1621 447 et
1666 409 1938 461 ἀκροαματικῶν
1973 412 2222 463 explanavit,
2259 417 2376 465 atque

1339 466 1550 505 Alexandri
1571 474 1609 504 et
1630 466 1847 506 Aristotelis
1869 481 1954 519 quae
1977 469 2199 509 ferebantur
2232 471 2375 523 episto-

1339 527 1396 565 las
1427 525 1631 577 proposuit
1659 522 1750 579 (32).
1781 530 1968 565 Praeterea
1995 527 2136 566 Rhodii
2153 528 2376 581 philosophi

1339 589 1386 623 de
1404 589 1584 624 divisione
1604 585 1779 624 libellmu
1811 586 2008 636 integrum
2041 587 2259 626 inseruerat
2277 585 2376 628 Por·

1339 645 1500 696 phyrius
1529 645 1609 683 suis
1638 644 1678 682 in
1698 643 1871 683 Platonis
1899 645 2115 697 Sophistam
2146 653 2379 686 commenta-

1340 703 1429 752 riis,
1456 712 1551 742 teste
1573 701 1738 742 Boethio
1771 702 1812 740 in
1847 703 2045 755 principio
2079 703 2171 742 libri
2199 703 2248 743 dc
2270 702 2380 743 divi-

1340 764 1465 802 sione.
1496 763 1603 802 Idem
1638 761 1890 802 Andronicus
1924 762 1967 800 in
2000 776 2116 815 opere
2141 763 2271 803 nescio
2297 775 2378 814 qun

1339 835 1465 874 neque
1495 835 1726 874 corporeum
1752 821 1999 874 judicaverat
2030 823 2230 871 animum,
2255 834 2387 872 neque,

1339 882 1426 920 loco
1448 882 1673 920 conclusum
1706 895 1813 930 esse,
1840 895 1968 933 neque
1989 882 2115 920 scindi
2146 894 2262 934 posse
2282 881 2376 934 (33).

1339 940 1446 980 Inter
1467 950 1616 980 veteres
1645 942 1927 991 categoriarum
1948 941 2183 993 interpretes
2211 940 2380 992 Simpli-

1340 1000 1423 1039 cius
1464 1000 1547 1053 (34)
1585 1001 1853 1039 Andronicum
1889 1009 2085 1048 numerat,
2120 1014 2235 1052 quem
2268 1012 2378 1052 para-

1339 1061 1473 1112 phrasi
1494 1061 1602 1099 illam
1629 1060 1845 1099 Aristotelis
1869 1059 2231 1098 commentationem
2251 1057 2378 1114 expli-

1340 1133 1445 1159 casse
1464 1120 1654 1158 videmus.
1677 1119 1743 1157 Est
1762 1127 1890 1157 autem
1911 1117 2118 1169 probabile
2133 1130 2222 1156 eum
2242 1117 2379 1157 simili-

1340 1188 1397 1217 ter
1418 1179 1586 1230 Physica
1609 1177 1689 1230 (35)
1713 1178 2008 1228 interpretatum
2028 1189 2126 1216 esse.
2151 1175 2308 1224 Restat,
2338 1182 2382 1218 ut

1340 1237 1387 1274 de
1413 1237 1640 1274 Ethicorum
1672 1233 2015 1274 Nicomacheorum
2039 1234 2268 1287 paraphrasi
2295 1246 2389 1286 quaex

1341 1295 1565 1333 Andronico
1587 1294 1738 1332 Rhodio
1755 1294 1953 1342 tribuitur,
1973 1294 2163 1335 dicamus.
2185 1293 2292 1333 lianc
2307 1293 2386 1346 pxi-

1340 1368 1445 1392 mum
1468 1355 1551 1392 sine
1580 1353 1747 1392 auctoris
1769 1353 1928 1391 nomine
1948 1352 2130 1403 Lugduni
2151 1352 2383 1393 Batavorum

1341 1426 1377 1452 a.
1405 1414 1504 1461 1607
1521 1441 1530 1459 ,
1554 1412 1696 1450 deinde
1717 1411 1869 1463 adjecto
1899 1411 2114 1450 Andronici
2141 1411 2284 1453 Rhodii
2308 1425 2383 1451 no-

1341 1472 1447 1509 mine
1476 1471 1682 1521 additaque
1716 1483 1786 1509 sua
1817 1470 2070 1509 translatione
2107 1470 2228 1509 latina
2260 1469 2389 1510 edidit

1340 1531 1476 1569 Daniel
1497 1530 1677 1568 Heinsius
1692 1543 1727 1567 a.
1751 1530 1869 1578 1617.
1891 1529 2036 1581 Nempe
2054 1530 2097 1568 in
2119 1529 2251 1568 codice
2268 1542 2383 1582 quem

1340 1591 1655 1643 pervolutaverat
1674 1588 1830 1626 titulum
1845 1587 2062 1640 Ἀνδρονίκου
2073 1587 2210 1628 Ῥοδίου
2226 1590 2384 1642 Περιπα·

1342 1652 1484 1697 τητικοῧ
1509 1647 1698 1701 φιλοσόφου
1722 1647 1913 1698 scriptum
1938 1647 2116 1698 quidem,
2139 1647 2206 1686 sed
2234 1647 2384 1687 indocti

1340 1707 1513 1746 hominis
1532 1720 1648 1745 manu
1668 1714 1865 1744 exaratum
1885 1706 2102 1746 invenerat.
2123 1705 2210 1745 Jam
2223 1719 2318 1746 vero
2338 1720 2384 1747 ea

1342 1776 1400 1806 est
1424 1767 1540 1815 hujus
1571 1765 1749 1816 opusculi
1770 1765 1960 1815 elegantia
1975 1794 1986 1814 ‚
2007 1774 2050 1804 ut
2066 1765 2158 1817 jure
2179 1766 2383 1806 Androni-

1343 1840 1429 1865 cum
1461 1825 1547 1877 ejus
1567 1834 1767 1864 auctorem
1789 1838 1999 1876 agnoscere
2028 1838 2227 1876 queamus.
2251 1825 2386 1877 Itaque

1345 1885 1463 1924 etiam
1497 1885 1647 1923 Heinsii
1676 1884 1871 1922 industria
1907 1884 2061 1922 laudata
2096 1892 2153 1923 est
2186 1897 2210 1923 a
2239 1883 2386 1924 Casau-

1342 1944 1447 1983 bono
1490 1943 1584 1997 (36),
1619 1943 1725 1995 quod
1759 1943 1955 1994 egregiam
1992 1942 2255 1995 paraphrasin
2297 1957 2384 1995 qum

1343 2004 1456 2053 longe
1477 2012 1675 2055 praestaret
1695 2002 1890 2041 Eustratio
1905 2031 1916 2051 ‚
1931 2002 1973 2041 in
1995 2002 2121 2040 lucem
2142 2002 2382 2054 protulisset.

1344 2063 1455 2101 Unus
1479 2063 1692 2102 Salmasius
1711 2062 1793 2114 (37)
1817 2075 1897 2100 rem
1918 2062 1960 2100 in
1985 2063 2291 2102 controversiam
2310 2076 2386 2103 vo-

1345 2124 1459 2162 cavit.
1494 2122 1669 2173 Namque
1708 2122 1859 2161 infitias
1894 2122 1967 2160 ivit
2010 2121 2110 2159 illud
2150 2123 2383 2174 opusculum

1343 2195 1458 2233 posse
1475 2182 1596 2220 veteri
1616 2181 1876 2232 Peripatetico
1894 2180 2109 2231 assignari,
2125 2181 2218 2232 quia
2237 2181 2385 2221 Aristo-

1348 2241 1432 2279 telis
1453 2241 1583 2278 locum
1603 2240 1729 2280 Ethic.
1751 2240 1903 2279 Nicom.
1924 2242 1952 2288 l,
1979 2242 2040 2287 13,
2065 2255 2090 2291 9
2108 2253 2312 2292 perperam
2325 2253 2384 2280 es-

1346 2308 1403 2337 set
1433 2299 1725 2350 interpretatus.
1761 2300 1811 2337 At
1829 2312 1929 2338 unus
1955 2308 1993 2337 et
2020 2299 2119 2337 alter
2146 2299 2256 2338 locus
2285 2300 2385 2339 male

1345 2367 1523 2410 acceptus
1559 2359 1632 2396 hoc
1669 2358 1786 2396 nobis
1837 2371 1916 2396 non
1967 2357 2133 2410 probat,
2167 2358 2381 2410 praesertim

1340 2506 1390 2537 ὅτι
1407 2505 1448 2537 τὰ
1467 2510 1522 2545 τῆς
1543 2506 1645 2548 ψυχῆς
1660 2506 1719 2544 ἤθη
1740 2507 1811 2542 ταῖς
1828 2508 1886 2538 τοῦ
1907 2506 2058 2546 σώματος
2081 2505 2238 2547 κράσεσιν
2269 2505 2383 2537 ἕπεται

1339 2553 1420 2584 tuln.
1448 2553 1478 2584 V
1511 2561 1543 2593 p.
1570 2554 1631 2584 444
1665 2551 1717 2584 ed.
1752 2551 1856 2584 Paris,
1889 2551 2089 2594 Ἀνδρόνικον
2119 2552 2174 2584 τὸν
2203 2560 2383 2596 περιπατηή

1340 2598 1448 2639 τικόν,
1473 2599 1523 2631 ὅτι
1547 2598 1604 2640 μὲν
1630 2598 1709 2635 ὅλως
1733 2598 1910 2640 ἐτόλμησεν
1938 2599 2162 2640 ἀποφήνασθαι
2190 2599 2247 2638 τὴν
2268 2597 2381 2634 οὐσίαν

1340 2650 1394 2684 τῆς
1428 2647 1547 2688 ψυχῆς,
1577 2646 1654 2678 ἄνευ
1689 2648 1746 2678 τοῦ
1776 2646 1978 2688 περιπλέκειν
2011 2645 2163 2687 ἀσαφῶς,
2193 2645 2315 2690 ἐπαινῶ
2345 2655 2382 2676 τε

1339 2693 1423 2724 πάνυ
1433 2718 1441 2733 ,
1455 2694 1510 2725 καὶ
1525 2693 1724 2735 ἀποδέχομαι
1735 2694 1793 2732 τὴν
1809 2693 1922 2735 φράσιν
1938 2696 1996 2725 τοῦ
2016 2693 2140 2735 ἀνδρός.
2153 2710 2194 2716 -
2206 2693 2216 2732 (
2230 2693 2282 2733 34)
2296 2691 2383 2726 Sim«

1340 2739 1457 2780 plicius
1480 2739 1514 2771 in
1539 2740 1649 2781 Categ.
1681 2749 1752 2782 pag.
1784 2744 1812 2771 5.
1840 2739 1872 2771 b.
1903 2739 1955 2772 ed.
1984 2738 2082 2771 Basil.
2113 2743 2217 2771 ταῦτα
2251 2740 2278 2771 δ’
2312 2739 2382 2771 ἐπι-

1341 2788 1519 2825 στήσαντες
1536 2787 1627 2820 οὗτοι
1647 2788 1721 2825 τούς
1747 2798 1783 2819 τε
1801 2787 1911 2824 ἄλλους
1926 2789 1990 2819 τῶν
2007 2787 2211 2829 κατηγοριῶν
2230 2785 2381 2828 ἐξηγητὰς

1341 2835 1509 2866 αἰτιῶνται
1534 2835 1589 2866 καὶ
1620 2833 1820 2876 Ἀνδρόνικον
1834 2836 1904 2866 κτλ.
1926 2843 1998 2875 pag.
2026 2836 2063 2866 87
2089 2842 2158 2876 seq.
2185 2833 2381 2877 Ἀνδρόνικος

1342 2881 1525 2913 ἀκολουθῶν
1555 2881 1603 2923 τῷ
1640 2879 1787 2924 Ἀρχύτᾳ.
1821 2889 1892 2922 pag.
1922 2883 1952 2912 6.
1981 2879 2014 2912 b.
2050 2878 2246 2923 Ἀνδρόνικος
2275 2891 2382 2924 παρα-

1341 2928 1465 2971 φράζων
1483 2928 1520 2960 τὸ
1538 2930 1600 2959 τῶν
1619 2930 1821 2971 κατηγοριῶν
1840 2927 1972 2969 βιὸλίον.
2002 2925 2052 2959 Cf.
2074 2935 2147 2968 pag.
2178 2929 2206 2959 7.
2226 2925 2258 2959 b.
2279 2929 2326 2960 13.
2345 2925 2379 2959 b.

1343 2979 1390 3007 15.
1423 2975 1457 3007 b.
1488 2977 1537 3006 34.
1569 2977 1608 3007 36
1636 2976 1736 3016 atque
1762 2974 1843 3006 alios
1870 2973 1968 3006 locos.
1986 2990 2029 2997 —
2056 2973 2119 3014 (35)
2144 2972 2333 3015 Simplicius
2347 2972 2381 3005 in

1340 3023 1439 3063 Phys.
1458 3020 1514 3054 fol.
1539 3024 1607 3053 103.
1630 3021 1662 3053 1».
1687 3020 1758 3062 (Of.
1778 3020 1885 3054 Schol.
1903 3020 2001 3053 Arist.
2022 3029 2053 3063 p.
2072 3020 2191 3053 361.1›.
2208 3020 2259 3053 ed.
2278 3021 2381 3053 Bran-

1342 3068 1416 3110 dis.)
1445 3071 1464 3107 ἡ
1495 3068 1530 3099 δὲ
1557 3068 1648 3109 φύσις
1679 3070 1734 3100 καὶ
1757 3068 2023 3111 προδιατιθεμένη
2055 3066 2211 3106 διατίθησι
2241 3067 2279 3100 τὸ
2299 3060 2380 3100 ὑπαὶ

1340 3115 1488 3158 κείμενον
1511 3114 1639 3147 ἔνδοθεν
1656 3117 1726 3147 καθ’
1749 3115 1887 3147 ἕκαστον
1910 3115 2067 3153 κινήσεως
2086 3115 2169 3151 εἶδος
2183 3139 2191 3154 ,
2215 3117 2259 3151 ὡς
2284 3114 2339 3146 καὶ
2361 3114 2380 3146 ὅ

1346 3161 1541 3205 Ἀνδρόνικος
1561 3161 1660 3203 ἔλεγε.
1679 3161 1771 3194 Idem
1794 3160 1850 3193 fol.
1867 3164 1926 3193 216
1945 3162 2070 3204 εἴρηται
2098 3161 2133 3192 δὲ
2148 3161 2203 3192 καὶ
2220 3159 2378 3204 πρότερον

1342 3211 1391 3242 ὅτι
1412 3209 1453 3240 τὰ
1472 3209 1529 3250 μὲν
1553 3209 1649 3241 πέντε
1667 3208 1772 3252 βιὸλία
1788 3208 1830 3240 τὰ
1847 3208 1909 3251 πρὸ
1933 3209 2051 3240 τούτου
2069 3207 2200 3240 Φυσικὰ
2222 3208 2378 3247 καλοῦσι,

1341 3257 1383 3289 τὰ
1397 3258 1424 3289 δ’
1447 3257 1593 3288 ἐντεῦθεν
1609 3256 1684 3299 τρία
1699 3256 1772 3300 περὶ
1796 3256 1973 3294 κινήσεως·
1996 3255 2082 3287 οὕτω
2099 3255 2161 3298 γὰρ
2184 3255 2239 3287 καὶ
2257 3253 2380 3297 Ἀνδρό-

1340 3316 1427 3341 νικος
1445 3316 1461 3331 u
1477 3304 1509 3335 ἐν
1535 3306 1581 3343 τῷ
1599 3303 1698 3346 τρίτῳ
1725 3303 1837 3345 βιὸλίῳ
1857 3303 1922 3334 τῶν
1943 3301 2180 3345 Ἀριστοτέλους
2200 3302 2272 3344 περὶ
2287 3301 2378 3341 κινή-

1342 3364 1423 3389 σεως
1437 3363 1453 3378 >)
1475 3350 1692 3383 διατάττεται.
1714 3349 1789 3382 Vid.
1815 3349 1932 3390 fragm.
1960 3350 1984 3381 l.
2008 3348 2099 3382 Gonf.
2119 3350 2151 3381 et
2172 3347 2228 3380 fol.
2254 3351 2321 3381 101.
2339 3366 2376 3371 —-

1341 3398 1404 3439 (36)
1421 3396 1504 3429 Vide
1524 3397 1706 3430 casauboni
1731 3397 1825 3439 epist.
1854 3399 1911 3429 507
1940 3395 1991 3428 ed.
2019 3396 2196 3428 Graev.‚—-
2213 3395 2276 3436 (37)
2305 3393 2378 3428 sal-

1341 3445 1464 3479 masius
1495 3442 1536 3476 ad
1565 3445 1753 3486 Epictetum
1784 3446 1817 3478 et
1844 3443 2048 3485 Simplicium
2071 3452 2103 3484 p.
2128 3445 2186 3475 227
2217 3451 2308 3486 seqq..
2335 3459 2378 3466 —
