2508 3776
235 191 315 230 508

236 277 295 317 καὶ
316 275 431 315 πάντα
449 273 470 320 ἢ
493 272 538 311 τὰ
569 272 731 310 πλεῖστα·
752 267 785 308 οἳ
817 267 879 308 καὶ
900 266 962 312 τὰς
989 265 1103 320 ἀρχὰς
1120 269 1183 313 τῆς
1201 265 1268 306 πό-

234 339 319 379 λεως
338 334 407 377 τοῖς
437 333 550 374 αὐτοῖς
581 329 636 368 ἀεὶ
657 327 792 367 διδόασι
826 329 993 377 διοικεῖν,
1023 325 1082 365 ἵνα
1114 325 1272 373 συνήθεις

236 398 349 437 αὐτοῖς
382 391 559 463 γενόμενοι
602 389 647 426 δι’
687 388 800 426 αὐτῶν
838 389 1060 440 καρπουσθαι
1103 385 1273 424 δύνωνται

234 453 277 491 τὰ
305 450 419 490 κοινά.
448 449 557 488 “Οθεν
589 446 776 518 συμὸαίνει
811 445 948 496 ὀλίγους
983 443 1080 489 τινὰς
1114 443 1171 483 ἐπὶ
1205 458 1273 482 των

235 510 451 564 πραγμάτων
467 512 571 558 εἰναι,
587 506 647 545 καὶ
664 503 861 559 μοχθηρους
879 505 956 543 ἀντὶ
972 506 1041 543 τῶν
1056 501 1274 543 ἐπιεικεστά-

234 586 317 611 των
337 571 411 615 Τῆς
431 567 467 606 δὲ
486 567 713 619 τιμοκρατίας
743 563 962 617 παρέκὸασις
992 567 1015 612 ἢ
1037 562 1273 615 δημοκρατία·

235 631 371 682 σύνοροι
396 627 463 680 γάρ
488 628 571 666 εἰσιν
598 620 712 665 αὗται·
740 624 895 671 πλήθους
924 622 992 695 γὰρ
1024 623 1187 676 βούλεται
1215 621 1275 660 καὶ

234 693 256 738 ἡ
288 687 495 739 τιμὸκρατία
525 681 636 734 εἶναι,
668 684 728 724 καὶ
754 683 823 723 ἴσοι
840 682 856 707 b
888 682 1017 727 πάντες
1039 684 1070 721 οἱ
1098 684 1133 721 ἐν
1154 684 1204 736 τῶ
1225 697 1277 721 τι-

237 747 386 800 μήματι,
421 744 578 785 “limem
602 744 638 784 δὲ
671 743 848 797 μοχθηρία
872 741 965 781 ἐστιν
988 744 1010 790 ἦ
1040 741 1274 802 δημοκρατία·

236 822 358 859 μικρον
391 806 457 879 γὰρ
484 804 689 857 ὓπερὸαίνει
720 802 760 841 τὸ
786 805 848 849 τῆς
868 808 881 825 ⁰
912 801 1140 855 τιμοκρατίας
1174 793 1275 845 εἶδος·

234 870 389 906 κοινωνεῖ
417 864 484 918 γὰρ
509 866 596 917 αὐτῇ
627 861 804 914 μᾶλλον
785 879 807 909 η
830 860 998 915 διαφέρει·
1028 877 1079 914 τῳ
1099 859 1276 912 τιμήματι

235 925 297 978 μὲν
318 924 386 997 γὰρ
406 923 584 977 διαφέρει,
605 922 761 962 κοινωνεῖ
781 922 816 961 δὲ
845 921 937 961 κατά
961 936 999 959 τε
1019 919 1081 969 τὴν
1105 920 1249 968 ἰσότητα
1263 947 1273 967 ,

234 985 303 1024 ἴσοι
339 983 406 1036 γὰρ
439 983 566 1028 πάντες
604 983 635 1021 οἱ
668 983 703 1021 ἓν
725 982 775 1034 τῷ
809 980 1007 1033 τιμήματι,
1037 979 1097 1019 καὶ
1125 979 1217 1019 κατὰ
1237 977 1276 1018 τὸ

233 1045 378 1090 πληθος.

288 1100 454 1153 (Scripsi
478 1107 515 1139 :²
534 1101 601 1153 τῆ]
630 1100 714 1140 cod.
749 1115 809 1152 τη.
830 1099 845 1124 b
875 1098 970 1152 ἴσοι]
1003 1098 1090 1139 cod.
1112 1091 1199 1137 ἶσοι.
1222 1120 1275 1129 -

241 1165 258 1185 ⁰
272 1162 334 1209 τῆς
352 1159 605 1214 τιμοκρατίας]
627 1161 715 1201 cod.
738 1162 800 1207 τῆς
817 1157 1078 1212 τιμοκρατείας.
1093 1159 1169 1209 -)

660 1290 749 1340 Κεφ.
784 1287 839 1327 ιδ’.

391 1403 468 1445 Περὶ
486 1405 550 1436 τῶν
568 1401 779 1444 ὀμοιωμάτων
797 1399 918 1433 τούτων
937 1402 999 1433 τῶν
1014 1399 1117 1431 εἰδῶν.

287 1507 303 1523 *
325 1509 357 1546 T
360 1505 381 1544 ὰ
403 1506 465 1558 μὲν
486 1501 544 1545 οὖν
574 1504 648 1553 εἴδη
677 1507 738 1552 τῆς
765 1504 948 1550 πολιτικῆς
968 1503 1016 1546 εἷς
1033 1504 1143 1540 ταῦτα
1164 1516 1275 1552 μετα-

233 1566 402 1606 ὅάλλουσι
419 1565 585 1616 μάλιστα·
613 1564 653 1603 τὸ
682 1564 866 1617 ἐλάχιστον
887 1563 955 1615 γὰρ
984 1561 1115 1610 ἑκάστη
1134 1564 1201 1602 τῶν
1229 1565 1276 1601 εἰ·

234 1626 391 1679 ρημένων
408 1625 591 1664 πολιτειῶν
622 1625 670 1669 εἷς
690 1624 753 1671 τὴν
783 1622 1023 1672 ἀντικειμένην
1047 1623 1136 1674 αὔτῃ
1165 1637 1274 1670 μετα-

233 1684 374 1732 ὅάλλει,
389 1684 448 1722 και
464 1686 512 1728 εἷς
525 1683 657 1732 ταύτην
680 1686 792 1736 ῥᾷστα
808 1681 1025 1733 μεταδαίνει.
1039 1680 1121 1719 Εἰσὶ
1132 1686 1147 1703 ³
1163 1680 1198 1720 δὲ
1215 1680 1274 1719 καὶ

233 1746 266 1782 ἐν
287 1747 329 1797 τῇ
352 1744 554 1797 οἰκονομικῇ
588 1741 799 1793 ὁμοιώματα
829 1742 966 1788 αὐτῶν,
990 1740 1050 1779 καὶ
1075 1743 1144 1779 οἱον
1163 1755 1276 1814 παρα-

233 1804 414 1855 δείγματα·
448 1804 483 1840 ἐν
516 1803 582 1854 γὰρ
606 1806 682 1845 ταῖς
715 1799 841 1844 οἰκίαις
863 1799 924 1839 καὶ
947 1798 1127 1853 βασιλείας
1158 1798 1275 1837 εἰκόνα

229 1861 295 1901 ἴδοι
315 1878 366 1906 τις
382 1861 424 1900 ἂν
443 1861 503 1900 καὶ
519 1859 807 1913 ἀριστοκρατίας,
827 1859 887 1898 καὶ
906 1861 974 1898 τῶν
992 1859 1122 1897 ἄλλων.
1145 1856 1191 1898 ‘H
1211 1858 1273 1907 μὲν

230 1921 299 1974 γὰρ
314 1921 446 1974 πατρὸς
462 1920 548 1973 πρὸς
563 1919 654 1964 υἱοὺς
670 1919 832 1959 κοινωνία
847 1917 1025 1972 βασιλείας
1045 1917 1119 1972 ἔχει
1138 1920 1274 1969 σχῆμα·

230 1982 298 2019 τῶν
313 1979 440 2018 τέκνων
457 1995 525 2032 γαρ
543 1981 592 2032 τῷ
609 1978 743 2033 πατρὶ
737 1978 847 2017 μέλει
866 1979 1018 2017 ἐντεῦθεν
1036 1977 1071 2015 δὲ
1089 1976 1148 2015 καὶ
1157 1975 1276 2028 ‘'Op-⁷2-

232 2054 287 2092 ρος
305 2038 363 2078 τὸν
387 2038 455 2078 Δία
470 2038 606 2091 πατέρα
622 2036 886 2098 προσαγορεύει.
908 2035 1074 2088 Πατρικὴ
1092 2035 1159 2087 γὰρ
1182 2035 1274 2089 ἀρχὴ

234 2098 429 2150 βούλεταιὴ
448 2095 610 2149 βασιλεία
629 2099 737 2146 εἶναι,
760 2096 803 2144 ἣν
827 2098 857 2135 οἱ
880 2094 1019 2148 Πέρσαι
1044 2092 1276 2146 ὓπερὸαίνον-

230 2173 288 2202 τες
308 2157 495 2211 τυραννίδα
516 2160 677 2204 ποιοῦσι,
694 2158 763 2194 τῶν
787 2155 853 2207 γὰρ
874 2156 958 2193 υἱῶν
983 2157 1030 2197 ὡς
1058 2152 1188 2192 δούλων
1212 2152 1278 2205 ἅρ-

233 2231 349 2270 χουσι.
377 2215 550 2268 Τυραννὶς
571 2214 608 2255 δὲ
627 2218 650 2262 ἡ
672 2217 741 2253 τῶν
778 2214 909 2255 δούλων
932 2211 1040 2266 ἀρχή·
1067 2212 1107 2251 τὸ
1123 2212 1191 2265 γὰρ
1214 2215 1276 2251 τοῦ

234 2275 403 2315 δεσπότου
425 2272 603 2328 συμφέρον
636 2276 794 2321 ζητεῖται
826 2273 879 2312 ἀεὶ
909 2271 1005 2325 παρὰ
1028 2274 1095 2310 τῶν
1129 2271 1274 2311 δούλων·

233 2334 308 2373 ἔστι
322 2333 364 2381 δὴ
384 2333 529 2382 τοιαύτη
550 2336 619 2372 τῶν
640 2332 771 2373 τέκνων
800 2331 892 2388 ἀρχὴ
923 2328 1173 2385 ἡμαρτημένη·
1195 2335 1217 2379 ἡ
1241 2331 1276 2371 δὲ

236 2392 434 2448 βασιλεία’
419 2399 554 2433 εοικυῖα
573 2398 634 2432 τοῦ
670 2392 805 2436 δέοντος
834 2391 966 2444 ἔχεται
998 2392 1050 2429 δεῖ
1083 2389 1164 2443 γάρ,
1199 2390 1276 2429 ἐπεὶ

234 2454 304 2498 υιὸς
324 2452 479 2506 διαφέρει
501 2453 642 2502 δούλου,
664 2469 722 2492 και
744 2453 822 2496 τὰς
827 2450 940 2504 ἀρχὰς
962 2451 1077 2488 αὐτῶν
1093 2448 1277 2504 διαφόρους

235 2517 334 2553 εἶναι.
361 2512 405 2551 ‘H
428 2511 470 2563 μὲ
473 2528 490 2550 ν
508 2507 566 2551 οὖν
584 2511 714 2564 πατρὸς
734 2527 820 2564 προς
844 2510 938 2555 υἱους
957 2508 1123 2549 κοινωνία
1141 2525 1186 2562 τη
1210 2510 1275 2562 βα-

235 2569 389 2623 σιλείᾳ”
370 2585 492 2610 εοικεν·
513 2570 764 2623 ἀριστοκρατία
790 2571 826 2609 δὲ
846 2574 869 2619 ἡ
889 2572 948 2611 τοῦ
971 2567 1092 2620 ἀνδρὸς
1109 2567 1194 2621 πρὸς
1213 2567 1276 2615 τὴν

235 2631 400 2682 γυναῖκα.
425 2628 512 2668 Κατ’
543 2629 640 2674 ἀξίαν
659 2628 746 2682 γάρ,
783 2628 842 2667 καὶ
876 2631 921 2672 ὣς
945 2626 1113 2680 βελτίων,
1150 2629 1168 2665 ὃ
1189 2627 1277 2681 ἀνὴρ

236 2687 350 2741 ἄρχει·
367 2687 426 2726 καὶ
443 2686 542 2726 ἔσται
561 2687 603 2734 δὴ
633 2686 903 2740 ἀριστοκρατία,
923 2686 1006 2726 ὅταν
1029 2686 1052 2724 ἃ
1081 2684 1144 2736 μὲν
1166 2701 1276 2739 προσ-

234 2747 313 2795 ήκει
346 2745 470 2798 ἀνδρί,
504 2748 617 2799 ἑαυτῷ
644 2747 799 2799 ἀποδιδῷ
828 2749 847 2785 ὁ
876 2745 980 2798 ἀνήρ,
1002 2745 1025 2784 ἃ
1055 2745 1092 2783 δὲ
1124 2744 1277 2796 γυναιξὶν

236 2804 399 2859 ἁρμόζει,
416 2809 457 2856 τῇ
478 2805 615 2858 γυναικὶ
637 2809 849 2858 παραχωρῇ.
876 2804 1142 2858 “Υπερ6ήσεται
1159 2804 1195 2843 δὲ
1213 2804 1277 2852 τὴν

237 2862 506 2916 ἀριστοκρατίαν
533 2868 555 2910 ἡ
578 2864 722 2911 τοιαύτη
753 2863 937 2913 κοινωνία,
972 2864 1033 2904 καὶ
1054 2867 1101 2910 εἷς
1137 2866 1277 2919 ὀλιγαρ-

235 2923 316 2976 χίαν
339 2922 552 2974 μεταὸαλεῖ,
568 2922 650 2962 ὅταν
668 2926 685 2962 ὃ
706 2923 833 2976 ἀνὴρ
816 2924 981 2965 απάντων
1002 2925 1158 2979 κυριεύῃ·
1180 2926 1277 2979 παρὰ

235 2982 299 3031 τὴν
322 2982 419 3028 ἀξίαν
436 2982 504 3035 γαρ
518 2983 601 3022 αὐτὸ
620 2984 731 3035 πὸιεῑ,
755 2999 815 3022 και
831 2986 897 3037 οὐχ
910 2989 934 3037 ᾗ
954 2984 1118 3036 ἀμείνων.
1140 2986 1278 3026 Ἐνίοτε

238 3040 318 3081 δὲ’
296 3056 462 3095 αρχουσιν
493 3043 528 3080 αἱ
556 3043 738 3093 γυναῖκες,
771 3041 852 3081 οταν
889 3043 1069 3098 ἔπίκληροι
1092 3049 1180 3094 ὠσι,
1216 3044 1278 3085 καὶ

240 3100 296 3141 διὰ
318 3106 420 3140 τοῦτο
437 3099 577 3153 πλούτῳ
593 3116 653 3139 και
673 3101 819 3154 δυνάμει
853 3106 922 3143 τῶν
946 3106 1077 3157 ἀνδρῶν
1099 3107 1278 3159 ὑπερέχω-

238 3174 305 3199 ow·
340 3162 379 3199 οὔ
415 3158 483 3212 γὰρ
515 3159 648 3211 γίνεται
681 3164 703 3207 ἡ
747 3161 891 3210 τοιαύτη
925 3163 1017 3215 ἀρχὴ
1053 3165 1096 3203 δι’
1130 3165 1277 3217 ἀρετήν,

239 3220 329 3259 ἀλλὰ
361 3218 551 3272 καθάπερ’
536 3236 570 3260 εν
595 3236 672 3264 ταις
685 3220 930 3281 ὀλιγαρχίαις,
959 3223 1016 3262 διὰ
1047 3226 1199 3263 πλοῦτον
1217 3225 1278 3264 καὶ

240 3276 398 3331 δύναμιν
418 3278 575 3327 Ἰοιαύτη
591 3295 654 3331 μεν
666 3282 725 3318 οὖν
745 3281 802 3328 ἡ’
787 3296 821 3319 εν
835 3279 928 3334 οἰκία
948 3283 1200 3336 ἀριστοκρατία
1216 3283 1276 3323 καὶ

1056 176 1339 219 ANDRONICI
1367 175 1547 217 RHODII

1332 275 1384 307 ter
1399 275 1501 317 atque
1521 275 1650 316 oportet
1673 274 1735 308 sibi
1754 273 1951 308 vindicant·
1965 276 1999 308 et
2016 274 2071 308 vel
2087 275 2197 309 omnia
2215 274 2301 310 bona
2312 255 2415 310 vel

1334 332 1506 376 plurima·
1523 332 1583 375 qui
1604 333 1705 366 etiam
1726 331 1847 366 iisdem
1874 341 2003 376 semper
2020 342 2158 375 munera
2174 334 2265 368 urbis
2283 330 2382 368 defe-

1333 394 1431 434 runt,
1455 394 1494 424 ut
1520 391 1745 425 familiaritate
1765 401 1842 424 cum
1866 391 1909 424 iis
1931 393 2099 425 contracta
2119 393 2252 427 illorum
2273 393 2377 428 bene-

1333 451 1406 484 ficio
1427 450 1574 484 fructum
1591 460 1609 484 e
1631 451 1799 494 republica
1818 450 1987 495 percipere
2006 451 2144 494 possint.
2167 455 2241 492 Quo
2258 438 2376 495 fit‚‘ut‘

1334 511 1429 554 pauci
1438 510 1566 553 negotia
1581 511 1713 554 publica
1728 512 1855 549 curent,
1869 509 1962 553 iique
1974 509 2115 553 improbi
2130 520 2190 554 pro
2199 510 2282 557 viris
2294 507 2378 563 ‹ipti-

1334 570 1398 603 mis
1414 573 1515 613 atque
1527 570 1738 613 aequissimis.
1762 569 1931 603 censualis
1944 579 2024 603 vero
2039 570 2211 613 potestatis
2219 555 2377 616 digressio

1335 630 1521 672 iespublica
1539 630 1708 673 popularis
1724 631 1802 662 est:
1830 630 1907 662 sunt
1934 628 2022 677 enim
2045 629 2100 663 hae
2116 629 2222 663 inter
2229 638 2265 663 se
2283 617 2382 679 ffli-

1334 699 1430 723 mae·
1448 699 1524 723 nam
1546 690 1646 723 etiam
1667 689 1773 732 plebis
1792 689 1927 722 videtur
1948 698 2021 722 esse
2047 688 2210 722 censualis
2230 677 2380 733 potestas

1335 757 1513 792 omnesque
1531 748 1590 792 qui
1610 748 1697 782 censi
1715 750 1792 781 sunt
1811 748 1898 781 inter
1917 757 1951 781 se
1971 749 2048 781 sunt
2063 756 2159 791 pares
2174 749 2208 781 et
2222 747 2391 807 mquaies.

1336 808 1401 842 Sed
1425 808 1558 841 minime
1579 809 1726 841 omnium
1755 808 1874 841 vitiosa
1896 807 2082 851 respublica
2106 805 2275 850 popularIs
2291 798 2381 840 est·

1335 867 1457 910 quippe
1481 877 1558 910 quae
1577 868 1739 901 censualis
1761 868 1934 911 potestat1s
1956 866 2070 900 formae
2085 876 2150 900 non
2168 866 2275 899 multo
2301 874 2409 909 proe-

1336 928 1400 959 stet
1421 939 1429 959 :
1459 935 1537 960 nam
1564 927 1668 969 magis
1688 927 1865 960 concordat
1889 936 1966 960 cum
1993 936 2032 960 ea
2062 935 2164 970 quam
2184 925 2352 968 discrepat
2372 933 2382 956 ι

1336 996 1452 1030 nempe
1474 997 1574 1021 censu
1591 987 1716 1027 differt,
1737 988 1964 1031 aequalitatem
1989 990 2102 1020 autem
2130 996 2207 1020 cum
2233 996 2272 1020 ea
2287 995 2381 1020 oom-

1335 1058 1469 1082 munem
1495 1050 1612 1091 habet,
1646 1058 1742 1092 pares
1764 1049 1852 1083 enim
1876 1051 1954 1082 sunt
1977 1057 2092 1082 omnes
2111 1047 2174 1095 qui
2190 1049 2377 1087 censentur,

1335 1108 1435 1141 etiam
1455 1109 1489 1141 in
1507 1108 1611 1151 plebe.
2293 1094 2299 1097 ‚

1771 1286 1850 1328 Gap.
1873 1286 1962 1320 XIV.

1540 1405 1582 1432 De
1598 1402 1708 1432 harum
1730 1401 1898 1432 formarum
1911 1401 2169 1432 similitudinibus.

1377 1511 1488 1546 Civilis
1501 1510 1603 1553 igitur
1620 1509 1787 1542 societatis
1806 1508 1922 1542 formae
1942 1509 1975 1542 in
1993 1509 2054 1542 has
2075 1508 2288 1552 potissimum
2303 1516 2382 1544 mu-

1337 1573 1450 1604 tantur
1482 1584 1490 1606 :
1517 1570 1674 1604 nimirum
1699 1570 1786 1619 enim
1814 1570 1950 1613 singulae
1972 1579 2088 1603 earum
2120 1579 2206 1613 quas
2236 1569 2385 1604 diximus

1335 1631 1517 1665 formarum
1534 1630 1570 1663 in
1586 1621 1784 1663 contrariam
1811 1629 1875 1662 sibi
1897 1629 2003 1663 solent
2028 1629 2189 1669 transire,
2208 1628 2388 1664 facillime·¹

1336 1699 1402 1734 que
1423 1691 1459 1725 in
1483 1699 1556 1724 eam
1581 1691 1765 1722 mutantur.
1795 1690 1880 1722 Sunt
1900 1691 2012 1723 tamen
2028 1690 2062 1722 et
2087 1688 2120 1722 in
2137 1688 2279 1732 privatae
2302 1682 2394 1723 vitae'

1335 1750 1460 1783 ratione
1481 1758 1596 1783 earum
1626 1749 1786 1792 imagines
1807 1750 1840 1781 et
1865 1748 1962 1791 quasi
1993 1747 2144 1791 exempla
2168 1747 2323 1792 :qu1ppe
2347 1749 2383 1782 in

1335 1808 1468 1842 familiis
1481 1806 1580 1842 simul
1597 1806 1688 1848 regni
1705 1809 1738 1840 et
1753 1807 1963 1849 optimatium
1978 1806 2179 1846 dominatus,
2194 1805 2294 1840 simui
2314 1795 2382 1840 one-

1334 1873 1482 1904 terarum
1498 1869 1683 1902 formarum
1704 1866 1863 1909 imagines
1888 1866 2146 1901 animadvertas.
2166 1866 2276 1902 Patri!
2298 1867 2386 1902 enim

1337 1941 1413 1965 cum
1426 1931 1505 1964 filiis
1528 1928 1670 1963 societas
1688 1929 1779 1971 regni
1801 1929 1944 1972 speciem
1965 1927 2146 1972 quamdam
2161 1937 2231 1972 prae
2243 1938 2279 1962 se
2293 1927 2382 1964 fert:

1338 1991 1415 2025 nam
1446 1989 1543 2024 liberi
1564 1989 1652 2032 patri
1673 1998 1762 2021 curae
1790 1990 1868 2021 sunt
1894 1998 1903 2021 :
1929 1988 2008 2022 hinc
2033 1989 2067 2022 et
2079 1989 2250 2022 'Homerus
2268 1989 2384 2022 Jovem

1337 2053 1466 2095 patrem
1496 2051 1603 2082 vocat.
1631 2047 1745 2094 Patria
1772 2046 1860 2080 enim
1897 2049 2045 2090 potestas
2081 2045 2218 2080 videtur
2246 2038 2386 2090 regnum

1336 2118 1419 2149 csse,
1441 2108 1536 2151 cujus
1560 2105 1698 2140 modum
1723 2105 1922 2139 excedentes
1949 2108 2058 2139 Persae
2074 2105 2290 2148 tyrannidem
2311 2105 2402 2140 effi»

1337 2167 1445 2207 ciunt,
1463 2166 1579 2200 liberis
1601 2166 1688 2199 enim
1705 2163 1868 2208 imperant
1891 2166 1930 2197 ut
1949 2164 2065 2199 servis,
2085 2161 2395 2207 Nimirumtyrana

1911 2219 2187 2267 quippe-domini
2213 2211 2395 2270 commoda}
2459 2264 2463 2265 ⁷
2493 2266 2503 2275 γ

1337 2295 1466 2329 semper
1485 2293 1504 2318 a
1518 2284 1623 2318 servis
1643 2285 1835 2326 spectantur
1853 2295 1861 2316 :
1877 2281 1944 2316 tale
1963 2282 2065 2325 igitur
2079 2283 2115 2316 in
2133 2283 2255 2317 liberos
2278 2283 2405 2331 impe-'5
2463 2274 2466 2275 ⁷
2491 2278 2508 2294 ⁹

1337 2346 1424 2379 rium
1443 2343 1603 2378 vitiosum
1621 2345 1671 2376 est
1696 2352 1705 2374 t
1723 2344 1757 2376 at
1785 2341 1885 2381 illud,
1906 2342 1996 2385 quod
2012 2341 2055 2375 ad
2076 2342 2168 2385 regni
2190 2342 2386 2390 similitudi·
2404 2332 2408 2337 ⁴

1336 2227 1388 2260 nis
1405 2228 1456 2260 est
1475 2226 1651 2269 imperium
1678 2222 1712 2257 in
1740 2233 1852 2258 servos
1870 2235 1881 2257 z

1338 2412 1414 2437 nem
1433 2402 1575 2440 accedit,
1591 2401 1750 2434 decorum
1765 2402 1875 2433 servat
1896 2413 1904 2432 :
1922 2410 2028 2443 quum
2044 2400 2132 2433 enim
2145 2399 2282 2434 differat
2298 2400 2384 2434 filius

1338 2472 1358 2496 a
1387 2471 1498 2500 serve,
1528 2460 1659 2494 diversa
1687 2468 1823 2503 quoque
1842 2458 1980 2502 imperia
2007 2458 2042 2491 in
2058 2467 2115 2491 eos
2139 2467 2211 2493 esse
2240 2461 2381 2503 oportet.

1338 2523 1399 2556 Est
1419 2520 1520 2564 igitur
1547 2517 1652 2562 patris
1678 2527 1754 2551 cum
1783 2517 1860 2551 filiis
1880 2517 2020 2551 societas
2044 2525 2144 2561 regno
2169 2516 2288 2552 similis
2311 2530 2322 2552 ι
2349 2521 2384 2552 at
2439 2548 2441 2550 .

1339 2578 1549 2624 optimatium
1578 2577 1768 2611 dominatus
1800 2577 1864 2610 viri
1889 2586 1967 2610 cum
1988 2585 2093 2610 uxore
2113 2577 2253 2611 societas
2279 2577 2384 2612 habe-

1338 2643 1404 2674 tur.
1425 2641 1490 2673 Pro
1510 2637 1671 2680 dignitate
1688 2637 1776 2670 enim
1791 2639 1824 2670 et
1841 2638 2002 2681 tanquam
2017 2636 2229 2680 praestant10r
2250 2636 2304 2670 vir
2325 2637 2394 2670 im-⁴

1496 2696 1626 2741 eritque
1662 2704 1739 2729 sane
1768 2695 1980 2739 optimatium
2012 2694 2219 2735 dominatus,
2250 2695 2383 2738 quando
2399 2729 2404 2734 ,

1337 2701 1431 2744 perat
1461 2713 1470 2732 ι

1338 2771 1414 2805 quae
1433 2759 1506 2794 viro
1530 2757 1739 2797 conveniunt,
1758 2757 1821 2791 sibi
1837 2756 2006 2797 vindicat,
2029 2766 2106 2801 quae
2131 2758 2245 2791 autem
2261 2757 2383 2791 mulie-

1338 2829 1391 2853 res
1408 2818 1525 2852 decent
1540 2845 1547 2856 ,
1573 2817 1669 2850 uxori
1686 2816 1860 2859 permittit.
1887 2818 2014 2850 Verum
2031 2815 2224 2859 huiusmodi
2240 2815 2380 2851 societas

1338 2875 1547 2921 optimatium
1563 2875 1769 2910 dominatum
1785 2873 1939 2914 excedet,
1961 2876 2062 2919 atque
2073 2874 2109 2907 in
2123 2883 2306 2918 paucorum
2319 2884 2382 2919 po-

1339 2938 1477 2971 tentiam
1499 2934 1696 2977 mutabitur,
1716 2933 1849 2977 quando
1872 2934 1925 2967 vir
1943 2933 1980 2967 in
1994 2933 2150 2967 omnibus
2164 2933 2354 2968 dominatur
2374 2946 2382 2967 ε

1339 2998 1460 3041 praeter
1482 2996 1676 3039 dignitatem
1691 2993 1779 3028 enim
1799 3002 1894 3028 suam
1906 3020 1914 3035 ,
1938 3003 2004 3028 non
2018 2997 2184 3038 quatenus
2199 2996 2250 3029 est
2268 2994 2383 3030 mellor

1339 3057 1402 3090 hoc
1414 3055 1504 3090 facit.
1526 3055 1698 3088 Interdum
1709 3063 1789 3088 vero
1810 3054 1974 3097 imperant
1997 3053 2165 3094 mulieres,
2193 3062 2299 3098 quum
2321 3053 2384 3087 bo-

1324 3126 1457 3149 ·norum
1475 3117 1686 3158 paternorum
1704 3114 1781 3147 sunt
1795 3111 1951 3152 heredes,
1969 3111 2110 3157 ideoque
2127 3111 2254 3146 divitiis
2270 3114 2304 3146 et
2321 3121 2384 3156 po-

1340 3174 1443 3209 tentia
1463 3174 1552 3208 viros
1565 3171 1783 3213 antecedunt3
1804 3180 1912 3216 neque
1925 3171 2013 3205 enim
2025 3171 2093 3205 tale
2114 3170 2290 3215 imperium
2303 3181 2382 3216 pro-

1338 3237 1412 3277 pter
1438 3233 1594 3266 virtutem
1610 3231 1853 3269 nanciscuntur,
1873 3229 1931 3264 sed
1943 3232 1982 3263 ut
2000 3230 2034 3263 in
2045 3239 2224 3273 paucorum
2236 3230 2383 3274 potentia

1338 3296 1472 3338 propter
1488 3293 1622 3328 divitias
1644 3294 1677 3326 et
1692 3300 1781 3335 opes.
1799 3290 1887 3325 Talis
1916 3300 1993 3334 ergo
2005 3291 2216 3335 optimatium
2231 3290 2382 3325 domina·-

281 3402 298 3420 *
316 3402 531 3447 Ὁμοιώματα
544 3405 571 3438 δ’
589 3403 696 3439 αὐτῶν
718 3403 775 3439 καὶ
798 3403 868 3439 οἷον
885 3405 1135 3451 παραδείγματα
1153 3409 1222 3442 κτλ.

2459 1493 2475 1505 y·

2501 1741 2503 1746 ,
2495 1720 2503 1735 ι
2490 1687 2503 1713 4.·
2487 1654 2502 1681 ῥυ
2491 1583 2502 1649 ...mc-
2476 1506 2501 1576 aaz'efi'
2493 1455 2501 1501 »aa

2471 1870 2505 1886 ἡ,

2491 2902 2508 2916 2⁴.
