2528 3788
310 241 387 278 212

315 325 504 372 ταθέσθαι,
526 325 585 362 καὶ
616 323 801 362 ξιπολαὸεἵν
823 322 930 367 οὕτως
963 323 1053 376 ἔχειν
1081 325 1175 365 αὐτό.
1235 325 1280 364 Τι’
1303 324 1337 362 δὲ

313 386 443 433 μᾶλλον
463 387 506 436 τῇ
528 383 626 435 φύσει
643 383 701 421 καὶ
729 388 799 426 τοῖς
819 381 909 422 ἔθεσι
929 383 979 421 δεῖ
1003 385 1292 431 κατακολουθεῖν,
1317 382 1338 429 ἢ

313 443 348 478 οὐ
370 443 438 488 δεῖ,
460 441 506 491 μὴ
527 441 660 485 εἰδότας
682 457 721 493 γε
742 441 783 488 δὴ
803 441 927 489 μηδέν,
949 441 1036 491 μηδὲ
1056 443 1197 493 ἔχοντάς
1220 457 1253 479 τι
1271 441 1338 491 ὅτῳ

549 501 683 539 Ἐκεῖνο
718 500 779 550 μὲν
812 501 878 553 γὰρ
914 501 971 538 καὶ
998 500 1221 539 παντάπασίν
1249 502 1338 538 ἐστιν

311 558 440 602 ἠλίθιον
454 589 463 606 ,
489 558 627 597 ἐπειδὰν
649 558 820 611 λέγωσιν,
841 559 893 597 ὅτι
912 558 1069 611 καθάπερ
1083 554 1126 597 τὰ
1147 558 1340 611 καθαρτικὰ

309 621 476 670 φάρμακα
511 616 724 669 συνεκκρίνει
762 617 851 668 μετὰ
873 620 940 656 τῶν
971 616 1246 669 περιττωμάτων
1279 617 1337 655 καὶ

307 675 427 726 ἑαυτά,
453 675 509 714 τὸν
528 675 629 714 αὐτὸν
647 675 772 728 τρόπον
794 676 853 714 καὶ
875 679 892 714 ὃ
912 676 1027 714 πάντα
1048 675 1151 720 ἀξιῶν
1173 670 1258 714 εἶναι
1278 675 1339 713 λό-

307 749 364 783 γος
385 735 496 780 ἄδηλα
511 763 521 782 ,
543 733 631 784 μετὰ
657 737 723 772 τῶν
743 734 858 773 ἄλλων
881 738 1026 786 ἀναιρεῖ
1047 734 1107 772 καὶ
1125 734 1261 773 ἑαυτόν.
1290 735 1335 773 Εἰ

310 792 372 843 γὰρ
407 793 505 836 αὐτὸς
540 793 641 831 αὑτὸν
674 792 831 845 ἐλέγχοι,
855 795 992 844 ληροῖεν
1026 791 1066 830 ἂν
1091 794 1121 830 οἱ
1156 792 1335 844 χρώμενοι.

307 852 428 903 τούτῳ.
489 851 628 889 Βέλτιον
650 845 707 889 οῦν
728 851 877 903 ἡσυχίαν
900 851 994 903 ἄγειν
1015 850 1156 898 αὐτούς,
1174 850 1232 889 καὶ
1252 849 1339 900 μηδὲ

306 909 344 946 τὸ
366 910 478 958 στόμα
502 909 658 962 διαίρειν.
718 910 824 949 Ἀλλὰ
863 909 931 960 μὴν
962 909 1032 948 οὒδ’
1050 907 1182 960 ’ὅμοιον
1212 909 1285 960 ἔχει
1306 925 1340 947 τι

306 967 344 1005 τὸ
362 969 569 1019 καθαρτικὸν
587 968 769 1021 φάρμακον
782 999 792 1019 ‚
813 971 871 1007 καὶ
887 972 904 1007 ὃ
918 969 1048 1006 τούτων
1068 967 1180 1018 λόγος.
1200 967 1253 1006 Τὸ
1276 967 1338 1017 μὲν

306 1026 371 1078 γὰρ
408 1026 591 1079 φάρμακον
626 1026 838 1079 ἐκκρίνεται,
876 1029 941 1065 κάν
975 1032 1044 1070 τοῖς
1081 1026 1240 1076 σώμασιν
1276 1028 1339 1077 οὐχ

306 1085 482 1134 ὑπομένει·
503 1085 561 1122 τὸν
583 1082 700 1134 μέντοι
733 1084 832 1136 λόγον
864 1086 897 1123 ἐν
931 1090 1005 1128 ταῖς
1022 1086 1150 1136 ψυχαῖς
1171 1083 1339 1135 ὑπάρχειν

307 1143 358 1181 δεῖ
376 1142 433 1181 τὸν
451 1142 552 1181 αὐτὸν
570 1142 671 1190 ὄντα,
689 1143 749 1181 καὶ
769 1143 1016 1192 πιστευόμενον
1038 1141 1119 1180 αἰεί.
1145 1141 1254 1185 Μόνος
1275 1142 1341 1194 γὰρ

307 1195 404 1245 οὗτος
421 1200 474 1248 εἴη
500 1200 540 1239 ἂν
561 1203 578 1239 ὁ
607 1203 714 1239 ποιῶν
741 1201 1058 1252 ἀσυγκαταθέτως.
1115 1199 1203 1239 “Ort
1232 1201 1262 1239 δ’
1281 1202 1340 1238 οὐκ

307 1263 436 1302 οἴονται
457 1279 513 1301 τον
536 1263 713 1316 ἄνθρωπον
736 1257 977 1308 ἀδόξαστον
947 1267 1058 1309 εἰναι,
1076 1262 1136 1300 καὶ
1155 1262 1218 1300 ὡδὶ
1235 1277 1341 1301 κατα-

308 1323 411 1373 μάθοι
445 1338 494 1366 τις
515 1321 570 1361 ἄν.
644 1321 827 1360 Ἀδύνατον
857 1321 923 1373 γὰρ
946 1321 1002 1359 τὸν
1025 1319 1269 1369 αἰσθανόμενον
1292 1320 1340 1369 μὴ

310 1377 548 1418 αἰσθάνεσθαι.
568 1379 619 1418 Ιὸ
640 1379 675 1417 δὲ
692 1379 912 1417 αἰσθάνεσθαι
933 1380 1107 1430 γνωρίζειν
1124 1394 1156 1415 τι
1180 1382 1231 1425 ἦν.
1248 1377 1336 1417 ςὈτι

315 1438 426 1477 δὲκαὶ
447 1438 600 1476 πιστεύει
634 1440 676 1489 τῇ
705 1438 884 1485 αἷσθησει,
919 1444 1006 1475 πᾶσι
1036 1436 1192 1489 φανερόν.
1223 1436 1337 1489 Ἀκρι-

309 1496 471 1548 ὅέστερον
493 1495 557 1549 γὰρ
577 1497 683 1534 θέλων
707 1498 788 1534 ἰδεῖν
810 1494 968 1547 ἀπέψησε
996 1494 1045 1532 τὼ
1067 1494 1236 1547 ὀφθαλμώ
1251 1524 1260 1542 ,
1281 1494 1341 1533 καὶ

311 1557 505 1606 προσῆλθεν
538 1554 738 1606 ἐγγύτερον,
777 1555 834 1592 καὶ
873 1553 1091 1593 ἐπιλλίσατο.
1161 1553 1231 1592 Καὶ
1265 1553 1333 1602 μὴν

310 1614 468 1663 ἡδόμενοί
495 1629 531 1665 γε
550 1613 608 1652 καὶ
628 1617 806 1656 πονοῦντες
834 1611 947 1665 ἴσμεν.
1004 1611 1096 1651 Οὐδὲ
1117 1610 1183 1663 γὰρ
1206 1606 1274 1650 οἷόν
1300 1627 1338 1649 τε

306 1672 364 1710 τὸν
397 1671 577 1722 καιόμενον
606 1670 628 1717 ἢ
657 1670 864 1721 τεμνόμενον
900 1672 1048 1720 ἀγνοεῖν.
1125 1670 1198 1714 Τὰς
1231 1669 1266 1707 δὲ
1300 1668 1340 1716 δὴ

312 1730 453 1781 μνήμας
479 1730 536 1769 καὶ
560 1729 769 1779 ἀναμνήσεις
788 1730 838 1774 τίς
859 1731 918 1768 οὐκ
938 1728 978 1767 ἂν
1000 1728 1084 1781 φαίη
1110 1731 1185 1777 μεθ’
1206 1728 1335 1774 ὑπολή-

307 1791 396 1840 ψεως
412 1789 608 1840 γίγνεσθαι;
627 1789 715 1841 Περι
733 1790 794 1838 μὲν
808 1787 874 1840 γὰρ
891 1790 959 1826 τῶν
980 1790 1101 1826 κοινῶν
1119 1789 1271 1834 εννοιῶν,
1287 1788 1339 1826 ὅτι

310 1848 348 1885 τὸ
362 1851 513 1885 τοιοῦτον
532 1848 735 1900 ἄνθρωπός
721 1859 827 1895 εστιν,
846 1847 894 1885 ἔτι
911 1848 946 1884 δὲ
957 1846 1036 1899 περὶ
1046 1862 1115 1884 των
1132 1847 1336 1894 ἐπιστημων

307 1906 366 1944 καὶ
389 1908 531 1959 τεχνῶν,
553 1906 585 1944 τί
604 1906 697 1957 λέγοι
714 1921 763 1949 τις
783 1906 845 1953 ἄν;
867 1905 975 1945 Οὐδὲν
993 1905 1060 1956 γὰρ
1090 1904 1129 1942 ἂν
1150 1908 1192 1951 ἠν
1208 1909 1233 1926 ¹¹¹
1259 1903 1337 1941 τού-

310 504 513 551 κρινοῦμεν3

308 2051 392 2082 sario
408 2050 521 2082 saltem
538 2049 618 2081 fides
636 2048 783 2082 habenda
805 2049 867 2089 sit,
887 2049 1043 2090 planeque
1065 2048 1278 2080 statuendum
1298 2047 1343 2080 ita

307 2118 375 2141 rem
395 2118 428 2141 sc
446 2108 577 2140 habere.
622 2107 685 2140 Sed
705 2108 788 2140 enim
811 2117 868 2140 cur
893 2109 1043 2139 naturam
1071 2108 1101 2139 et
1127 2115 1234 2138 mores
1251 2106 1343 2146 sequi

307 2175 365 2197 uos
382 2165 491 2206 potius
523 2166 690 2206 oporteat,
720 2173 819 2205 quam
839 2165 879 2196 ab
907 2164 947 2196 iis
975 2163 1164 2204 discedere,
1194 2164 1251 2205 qui
1277 2173 1335 2196 nec

306 2224 447 2256 sciamus
472 2224 602 2255 omnino
630 2222 832 2264 quidquam,
862 2222 1117 2269 nee-quidquam
1142 2222 1340 2262 habeamus,

308 2291 372 2323 quo
384 2291 436 2315 res
446 2282 654 2324 judicemus?
668 2281 753 2314 Illud
771 2281 856 2314 enim
885 2281 1022 2313 hominis
1042 2281 1219 2313 admodum
1252 2281 1343 2314 stulti

306 2343 372 2380 est,
389 2341 477 2383 quod
497 2340 643 2379 addunt,
661 2339 937 2381 quemadmodum
964 2339 1200 2372 medicamenta
1226 2348 1343 2381 purga-

305 2399 373 2432 tiva
388 2399 485 2431 simul
510 2408 584 2431 cnm
613 2398 827 2431 excrementis
843 2400 1077 2438 excernuntur,
1100 2398 1147 2430 sic
1166 2398 1264 2430 etiam
1284 2407 1340 2430 ra-

306 2458 440 2495 tionem.
457 2467 530 2499 quae
545 2457 651 2489 omnia
668 2457 790 2489 incerta
810 2466 880 2489 esse
896 2456 1032 2495 efficiat,
1052 2465 1145 2497 aeque
1164 2466 1202 2488 ac
1217 2456 1342 2498 reliqua

306 2513 389 2546 tolli.
437 2515 517 2544 Nam
534 2514 561 2545 si
582 2522 615 2544 se
635 2514 704 2554 ipsa
725 2513 916 2552 redarguat,
938 2512 1097 2554 ineptiant
1113 2512 1169 2553 qui
1190 2521 1228 2544 ea
1245 2514 1342 2544 ntun-

304 2572 369 2602 tur.
387 2570 564 2607 Quiescant
592 2569 688 2610 igitur
702 2569 775 2608 isti,
798 2579 836 2601 ac
855 2578 895 2601 ne
915 2570 1043 2601 hiscant
1065 2570 1209 2610 quidem.
1230 2571 1341 2610 Neque

307 2637 384 2660 vero
410 2628 579 2669 purgativo
608 2628 845 2660 medicamento
871 2628 1049 2669 quidquam
1069 2628 1176 2660 simile
1202 2628 1342 2660 istorum

306 2685 388 2716 ratio
401 2685 510 2716 babet.
531 2685 656 2726 Quippe
669 2685 942 2718 medicamentum
965 2686 1011 2718 ita
1029 2687 1234 2725 excernitur,
1253 2689 1292 2719 ut
1308 2686 1342 2719 in

305 2752 439 2784 corpore
466 2743 597 2774 minime
625 2743 765 2776 resideat
792 2745 848 2776 :at
874 2745 943 2777 haec
966 2745 1050 2778 ratio
1078 2741 1191 2778 eadem
1210 2748 1340 2777 maneat

306 2802 493 2841 haereatque
522 2802 553 2832 in
578 2802 685 2833 animo
702 2801 847 2842 fidesque
861 2803 887 2834 ei
908 2812 1033 2844 semper
1058 2804 1255 2845 adjungatur
1278 2813 1340 2836 ne-

305 2869 393 2892 cesse
409 2862 468 2892 est.
515 2859 589 2891 Sota
610 2860 694 2892 enim
710 2860 782 2892 aliis
797 2870 855 2892 nos
868 2862 1019 2894 assentiri
1043 2862 1224 2903 probibeat.
1275 2863 1342 2895 Sed

305 2919 346 2951 ab
373 2918 435 2950 illis
460 2919 605 2950 homines
639 2919 892 2961 haudquaquam
930 2930 988 2962 pro
1016 2921 1096 2953 nibil
1130 2922 1340 2963 opinantibus

306 2977 438 3016 haberi,
463 2976 514 3008 vei
538 2985 579 3008 ex
596 2976 658 3008 hoc
679 2977 850 3018 intelligas.
878 2978 943 3014 Qui
965 2979 1083 3014 sentit,
1112 2978 1199 3011 idem
1217 2982 1254 3012 ut
1277 2989 1341 3012 noa

306 3035 427 3068 sentiat
454 3034 524 3066 fieri
551 3034 640 3066 nullo
665 3035 763 3066 modo
792 3038 899 3076 potest
920 3049 927 3067 :
949 3037 1068 3070 sentire
1090 3039 1201 3070 autem
1227 3047 1341 3079 cogno-

305 3102 395 3126 scere
409 3094 468 3125 est.
502 3095 541 3125 At
557 3092 703 3125 homines
719 3093 829 3125 sensui
852 3093 949 3126 tidem
970 3095 1144 3136 adjungere
1165 3105 1260 3128 nemo
1276 3105 1340 3128 non

303 3152 404 3184 videt.
449 3154 529 3184 Nam
553 3152 591 3183 ut
607 3151 790 3192 diligentius
814 3152 936 3192 aliquid
959 3153 1164 3186 considerare
1191 3154 1337 3195 possint,

306 3220 382 3243 cum
405 3210 589 3251 abslergere
617 3210 728 3242 oculos
743 3235 751 3248 ,
765 3211 837 3241 tum
855 3210 951 3242 ctiam
978 3213 1109 3252 propius
1133 3213 1286 3244 accedere
1303 3222 1341 3244 ac

305 3269 442 3302 subinde
474 3268 628 3300 nictando
654 3267 858 3300 considerare
886 3269 998 3301 solent.
1045 3270 1130 3307 Quin
1156 3271 1252 3303 etiam
1278 3271 1340 3312 ipsi

310 3329 457 3360 nostrum
470 3328 538 3360 tam
555 3326 676 3359 taetitiae
695 3336 794 3368 quam
811 3327 929 3364 doloris
948 3336 1079 3360 sensum
1096 3330 1257 3361 novimus.
1277 3330 1339 3361 Ne-

305 3396 365 3428 que
384 3387 468 3418 enim
483 3386 552 3418 fieri
571 3388 690 3427 potest,
703 3388 742 3418 ut
752 3386 824 3426 quis
839 3386 983 3418 nesciens
1000 3388 1113 3419 uratur
1127 3390 1181 3420 aut
1197 3391 1335 3422 secetur.

307 3445 492 3479 &ternariam
506 3444 711 3478 similiter-‘ac
733 3445 989 3478 recordationem
1006 3445 1079 3485 quis
1096 3455 1159 3479 non
1177 3456 1252 3479 cum
1275 3448 1339 3480 exi-

1385 2275 1387 2278 ’
1402 2282 1469 2323 apti
1496 2290 1644 2314 essemus

1041 237 1330 278 ARISTOCLIS
1361 237 1715 278 PERIPATETICI

1403 341 1489 375 των,
1508 327 1536 363 εἰ
1557 325 1605 375 μὴ
1623 306 1833 376 πεφύκειμεν
1854 321 2128 399 finokoeusseo'tvew.
2147 324 2239 365 Ἀλλ’
2259 325 2371 378 ἔγωγε
2383 324 2435 366 ἐῶ

1398 378 1521 423 τᾶλλα.
1540 386 1622 427 Τοῖς
1647 383 1763 433 μεντοι
1782 381 1988 433 λεγομένοις
2008 385 2074 422 υπο
2096 384 2224 422 τούτων
2244 385 2301 424 ἐάν
2319 400 2355 424 τε
2375 375 2435 423 πι-

1381 443 1588 496 ’στεύωμεη
1606 442 1664 480 ἐάν
1682 458 1718 480 τε
1740 443 1953 490 ἃπιστῶμεν,
1972 442 2209 492 ἀναγκαίως
2190 459 2260 515 εχει
2283 443 2453 489 δοξάζειν

1400 503 1515 549 πάντη
1530 518 1566 541 τε
1585 502 1642 541 καὶ
1663 502 1812 544 πάντως.
1832 499 1917 540 ’Ότι
1934 499 1996 551 μὲν
2016 494 2073 556 ουν
2093 501 2272 553 ἀμήχανόν
2289 504 2362 547 ἐστι
2379 517 2434 542 ωε·-

1399 562 1555 613 λοσοφεῖν
1572 576 1630 599 τον
1643 562 1768 613 ’τρόπον
1783 563 1917 606 τοῦτον,
1935 560 2094 612 φανερόν.
2111 557 2198 603 εὈτι
2211 560 2245 598 δὲ
2265 560 2432 615 και-’ταρὰ

1402 620 1520 671 φύσιν,
1542 635 1602 658 και
1626 618 1721 669 παρὰ
1741 634 1819 662 τους
1841 619 1982 666 νόμους,
2001 618 2065 655 ὡδὶ
2085 617 2283 668 κατίδοιμεν
2304 617 2367 659 ἄν.
2383 620 2431 658 1ῗῖ

1402 677 1463 728 μὲν
1481 678 1550 730 γὰρ
1570 681 1619 729 τῷ
1639 677 1710 716 ὄντι
1728 677 1770 727 τὰ
1788 677 1980 729 πράγματα
2000 680 2143 715 τοιαῦτα
2162 675 2214 723 εἴη
2226 705 2236 725 ,
2252 676 2286 715 τί
2307 676 2429 717 λοιπὸν

1405 736 1481 774 ἀλλ’
1501 737 1522 782 ἢ
1542 737 1698 788 καθάπερ
1728 738 1761 774 ἐν
1783 735 1904 788 ὕπνῳ,
1929 737 1989 781 ζῆν
2004 738 2098 785 ἡμᾶς
2117 732 2272 780 εἷκῆκαὶ
2304 733 2438 781 ἐμπλῆ·

1401 794 1633 842 κτως;”Ώστε
1652 795 1832 846 φλυαροῖεν
1863 794 1901 831 ἂν
1923 796 1952 831 οἱ
1973 792 2176 843 νομοθέται,
2197 790 2257 830 καὶ
2283 799 2416 846 στρατη
2429 816 2436 821 -

1402 853 1456 904 γυί
1466 853 1553 901 ,καὶ
1581 855 1610 891 οἳ
1637 850 1869 897 παιδεύοντες.
1939 852 2031 891 Ἀλλ’
2065 851 2181 902 ἔμοιγε
2216 850 2435 890 &movent-ot

1402 911 1463 961 μὲν
1487 912 1586 950 ἄλλοι
1620 912 1746 954 πάντες
1778 911 1953 963 ἄνθρωποι
1983 912 2044 957 ζῆν
2070 909 2162 952 κατὰ
2182 907 2305 962 φύσιν,
2331 907 2434 960 μόνοι

1402 970 1519 1019 μέντοι
1553 973 1791 1022 τετυφῶσθαι,
1831 971 1962 1019 μᾶλλον
2001 969 2036 1006 δὲ
2077 966 2270 1018 μεμηνέναι
2302 967 2436 1016 μανίαν

1402 1029 1599 1082 ἐῤῥωμένην
1622 1033 1653 1067 οἱ
1670 1032 1780 1066 ταῦτα
1805 1029 2000 1079 ληροῦντες.
2059 1029 2140 1078 Οὐχ
2158 1025 2290 1073 ἥκιστα
2312 1026 2432 1076 μέντοι

1401 1091 1505 1126 τοῦτο
1522 1087 1717 1137 καταμάθοι
1731 1103 1780 1130 τις
1796 1087 1834 1125 ἂν
1853 1087 2023 1125 κάκεῖθεν.
2041 1084 2230 1136 Ἀντίγονος
2240 1084 2307 1137 γὰρ
2323 1087 2342 1124 ὁ
2365 1087 2436 1124 Κα-

1404 1145 1535 1197 ρύστιος
1555 1145 1645 1183 κατὰ
1659 1145 1734 1187 τοὺς
1755 1143 1874 1187 αὐτοὺς
1902 1143 2082 1194 γενόμενος
2100 1142 2254 1195 χρόνους,
2271 1141 2432 1187 zaiba-

1406 1203 1541 1256 γράψας
1561 1204 1672 1240 αὐτῶν
1709 1202 1765 1240 τὸν
1789 1203 1882 1249 Βίον,
1916 1201 1999 1253 φησὶ
2021 1201 2079 1239 τὸν
2114 1199 2291 1253 Πύῤῥωνα
2315 1198 2435 1238 διωκό-

1403 1276 1502 1311 μενον
1525 1260 1590 1298 ὓπὸ
1618 1259 1734 1308 κυνός,
1762 1261 1947 1312 ἀναφυγεῖν
1969 1258 2028 1296 ἐπί
2049 1274 2081 1296 τι
2104 1258 2252 1310 δένδρον·
2268 1257 2431 1297 ’σκωπτό-

1405 1335 1506 1370 μενον
1528 1318 1563 1356 δὲ
1586 1318 1651 1356 ὑπὸ
1670 1321 1737 1356 τῶν
1760 1321 1957 1370 παρόντων,
1986 1319 2093 1355 εἰπεῖν
2118 1318 2164 1360 ὡς
2189 1315 2347 1369 χαλεπὸν
2372 1314 2427 1362 εἴη

1402 1376 1459 1414 τὸν
1488 1376 1667 1429 ἄνθρωπον
1700 1376 1850 1415 ἐκδῦναι.
1921 1374 2092 1423 Φιλίστης
2111 1373 2157 1412 δὲ
2189 1378 2252 1421 τῆς
2283 1375 2434 1427 ἀδελφῆς

1408 1435 1511 1472 αὐτοῦ
1544 1434 1690 1480 θυούσης
1702 1464 1713 1483 ,
1736 1433 1856 1472 ἔπειτα
1872 1437 1939 1472 τῶν
1960 1433 2068 1486 φίλων
2087 1431 2176 1476 τινὸς
2195 1431 2435 1485 ὑποσχομένου

1402 1492 1447 1531 τὰ
1465 1492 1549 1544 πρὸς
1564 1492 1625 1539 τὴν
1648 1492 1766 1531 θυσίαν
1780 1523 1789 1541 ,
1812 1493 1870 1531 καὶ
1901 1492 1948 1542 μὴ
1970 1490 2251 1544 παρασχομένου·
2273 1490 2431 1542 τοῦμέν-

1402 1567 1454 1590 τοι
1475 1550 1661 1605 Πύρρωνος
1681 1550 1872 1601 πριαμένου
1893 1550 1952 1588 καὶ
1976 1553 2247 1602 ἀγανακτοῦντος
2262 1580 2272 1598 ,
2293 1549 2432 1597 τ’πειδῆ-

1402 1626 1467 1662 περ
1488 1613 1505 1648 ὃ
1536 1610 1631 1662 φίλος
1653 1610 1767 1658 ἔλεγεν
1783 1640 1794 1660 ,
1814 1612 1858 1653 ὡς
1889 1612 1926 1648 οὐ
1955 1609 2139 1655 ποιήσαιτο
2171 1609 2433 1662 σύμφωνα-’τοῖς

1402 1668 1516 1719 λόγοις
1530 1697 1539 1715 ,
1562 1668 1631 1706 οὐδ’
1651 1667 1728 1712 ἄξια
1749 1670 1808 1714 τ’ῆς
1831 1667 2010 1709 ἀπαθείας·
2034 1670 2141 1706 εἰπεῖν
2158 1668 2275 1716 αὐτόν,
2298 1669 2433 1719 ἐν·γοῦν

1402 1726 1539 1777 γυναικὶ
1559 1730 1596 1765 οὐ
1619 1728 1670 1764 δεῖ
1692 1731 1754 1774 τὴν
1773 1725 1944 1771 ἀπόδειξιν
1966 1726 2431 1773 αὖτῆςποιεῖσθαι.’Καίτοι

1404 1783 1545 1827 δικαίως
1567 1784 1605 1822 ἂν
1628 1778 1723 1822 εἶπεν
1744 1787 1761 1822 ὃ
1778 1783 1895 1836 φίλος,
1914 1785 1966 1823 ὅτι
1980 1786 2121 1836 ’ματαία
2141 1785 2199 1824 καὶ
2220 1787 2254 1824 ἐν
2274 1785 2437 1837 γυναικί,

1402 1844 1461 1881 καὶ
1491 1843 1588 1890 κυνί,
1611 1843 1669 1880 καὶ
1691 1849 1809 1882 πᾶσιν.
1869 1844 1912 1882 Εἰ
1935 1844 1975 1891 δή
2003 1859 2055 1883 σοι
2074 1846 2140 1883 τῶν
2161 1844 2274 1896 λόγων
2299 1843 2431 1883 τούτων

1406 1902 1498 1940 ἐστὶν
1519 1901 1657 1954 ὅφελος“,
1677 1903 1783 1954 ὀρθῶς
1801 1902 1834 1952 γ’
1854 1900 1928 1953 ἔχει
1954 1906 2096 1952 μαθεῖν,
2116 1902 2177 1940 καὶ
2207 1902 2297 1947 τίνες
2323 1903 2356 1941 οἵ
2378 1905 2438 1950 ζη-

1404 2046 1586 2079 stimatione
1608 2046 1812 2087 conjunctam
1838 2055 1908 2079 esse
1926 2046 2069 2079 dixerit?
2095 2047 2182 2085 Quid
2197 2040 2438 2080 decommuniss

1405 2109 1468 2137 bus
1490 2105 1589 2137 animi
1604 2104 1792 2136 notionibus
1808 2130 1815 2145 ,
1831 2114 1906 2146 quae
1924 2105 2085 2146 ejusmodi
2102 2105 2351 2139 tiomtnemvesse
2374 2106 2439 2139 cla-

1402 2166 1510 2204 mant,
1529 2164 1686 2204 praeterea
1705 2163 1784 2205 quid
1799 2163 1839 2195 de
1853 2164 1970 2196 litteris
1992 2165 2025 2196 et
2043 2164 2172 2196 artibus
2191 2155 2348 2198 dicetur?
2366 2165 2434 2197 Ho-

1402 2231 1475 2254 rum
1494 2223 1580 2255 enirn
1598 2222 1678 2255 nihil
1705 2224 1868 2262 exstaret,
1895 2223 1958 2255 nisi
1984 2223 2025 2255 ad
2047 2222 2299 2256 existimandum
2319 2223 2436 2257 nati-et

1704 2284 1741 2313 At
1761 2281 1856 2314 mitto
1872 2283 1994 2314 caetera
2010 2311 2015 2319 ‚
2044 2283 2123 2314 dum
2142 2282 2204 2314 hoc
2224 2270 2328 2315 uuum
2346 2290 2435 2315 >con·

1402 2340 1487 2380 stet,
1503 2339 1601 2372 fidem
1617 2341 1655 2372 ut
1673 2339 1802 2371 illorum
1821 2339 1925 2371 verbis
1947 2339 2014 2371 sive
2032 2339 2263 2380 adjungamus,
2286 2340 2354 2372 sive
2374 2339 2433 2372 de-

1401 2403 1570 2435 rogemus,
1598 2394 1749 2435 opinaudi
1777 2394 1964 2427 facultatem
1995 2394 2126 2426 omniuo
2145 2395 2177 2426 et
2202 2394 2316 2436 utique
2338 2393 2438 2427 ,nobis

1404 2462 1476 2485 esse
1493 2453 1749 2493 relinquendam.
1793 2452 1922 2485 Nullam
1951 2452 2052 2493 igitur
2084 2451 2270 2492 liujtismodi
2297 2451 2437 2493 pbiloso-

1401 2510 1523 2552 phandi
1552 2510 1711 2542 rationem
1730 2519 1802 2542 esse
1822 2519 1915 2551 posse
1942 2511 2085 2551 apparet.
2131 2511 2211 2547 Quae
2235 2511 2436 2551 quantopere

1401 2569 1499 2601 etiam
1518 2571 1642 2601 naturae
1655 2570 1687 2601 et
1702 2568 1828 2610 legibus
1843 2570 2017 2610 repugnet,
2038 2577 2125 2600 nunc
2140 2567 2322 2600 videamus.
2353 2570 2434 2600 Nam

1402 2628 1430 2660 si
1447 2637 1522 2660 vere
1547 2627 1593 2659 ita
1613 2636 1649 2660 se
1674 2636 1726 2660 res
1741 2626 1896 2664 habeant,
1917 2626 1997 2669 quid
2016 2626 2100 2659 aliud
2133 2629 2304 2668 superest,
2321 2626 2384 2659 nisi
2400 2627 2439 2658 ut

1401 2686 1448 2718 sic
1462 2687 1616 2727 tauquam
1629 2685 1662 2717 in
1676 2694 1790 2717 somno
1803 2676 1923 2717 temere
1934 2687 1960 2717 st
1966 2685 2028 2716 olid
2034 2685 2277 2727 equevivamus
2290 2687 2305 2717 ἓ
2318 2686 2433 2722 Quam·

1401 2744 1511 2776 obrem
1550 2746 1713 2785 nugentur
1743 2743 1978 2783 .legumlatores
1990 2766 2000 2783 ,
2044 2742 2142 2775 duees
2155 2766 2166 2784 ,
2207 2745 2424 2784 praeceptores

1400 2806 1463 2839 Sed
1479 2806 1559 2838 mihi
1578 2805 1731 2839 videntur
1746 2805 1857 2838 caeteri
1872 2813 1985 2837 omnes
1999 2804 2146 2837 homiues
2165 2805 2298 2837 naturae*
2309 2804 2431 2836 couve-

1400 2865 1523 2898 nienter
1550 2865 1659 2898 vivere
1673 2890 1680 2904 ,
1708 2864 1833 2906 solique
1852 2863 2036 2905 philosophi
2056 2863 2102 2895 illi
2122 2863 2177 2904 qni
2196 2866 2266 2895 tam
2291 2863 2434 2896 absurda

1399 2924 1582 2965 loquantur,
1600 2924 1745 2965 desipere
1761 2923 1812 2955 vel
1825 2923 1934 2964 potius
1956 2922 2166 2955 vehementer
2191 2922 2309 2955 furere.
2323 2916 2431 2960 Quod

1399 2983 1506 3023 ipsum
1532 2982 1673 3014 maxime
1693 2982 1745 3014 vel
1775 2990 1815 3014 ex
1834 2981 1896 3013 hoc
1920 2981 2088 3022 intelligas.
2137 2976 2434 3022 Antigonus-enim

1398 3040 1584 3082 carystius,
1605 3039 1661 3081 qui
1690 3038 1806 3071 iisdem
1832 3039 2030 3080 temporibus
2051 3039 2134 3071 vixit
2162 3034 2443 3079 illorumquevb

1398 3100 1465 3131 tam
1492 3098 1640 3140 scripsit,
1674 3098 1873 3138 Pyrrhonem
1902 3097 1967 3138 ait,
2003 3098 2041 3130 ut
2065 3097 2292 3139 insequentem
2319 3105 2433 3129 canem

1399 3157 1573 3199 effugeret,
1591 3156 1624 3189 in
1640 3157 1787 3189 arborem
1805 3156 1978 3196 aliquando
1991 3143 2134 3188 evasisse
2150 3156 2286 3196 3deinde
2300 3163 2377 3188 vero
2385 3155 2432 3188 ab

1397 3214 1439 3248 iis
1454 3215 1511 3256 qui
1528 3215 1662 3247 aderant
1678 3224 1716 3247 ea
1732 3215 1772 3246 de
1799 3223 1897 3246 causa
1913 3214 2055 3247 ludibrio
2082 3215 2250 3255 habitum,
2277 3223 2360 3256 aegre
2375 3213 2433 3245 ho-

1398 3274 1517 3306 minem
1537 3274 1612 3306 exui
1635 3273 1850 3315 respondisse.
1904 3274 2066 3306 Praeterea
2082 3283 2183 3315 quum
2209 3273 2433 3315 Philisterejus

1398 3342 1490 3365 soror
1506 3333 1700 3366 sacrificium
1721 3334 1874 3374 pararet,
1895 3332 2058 3373 quenulam
2083 3342 2123 3365 ex
2152 3332 2264 3365 amicis
2291 3331 2348 3373 qui
2376 3338 2432 3364 res

1399 3391 1440 3423 ad
1459 3391 1758 3423 illud‘necessarias
1781 3391 2060 3432 pollicitus‘erat‚
2081 3391 2248 3433 promissis
2273 3399 2337 3423 non
2361 3391 2428 3422 ste—

1400 3450 1489 3482 usse.
1511 3450 1708 3492 Pyrrhonem
1728 3449 1826 3491 igitur
1844 3451 2069 3483 eosrsumtus,
2084 3440 2203 3483 facere
2218 3450 2368 3483 coactum
2384 3448 2428 3481 in-
