2508 3776
49 441 62 450 .,
130 440 154 467 5⁴
175 449 214 467 a„

53 502 94 532 s*-
124 450 202 531 ἔδῃ
218 475 252 516 οἱ
269 473 327 514 διὰ
341 473 382 515 τὸ
399 474 576 529 χρήσιμον
599 475 766 517 δύνανται
783 476 833 527 μὴ
852 483 1039 518 συνοικεῖν·
1062 477 1187 520 ἐνδεεῖς

120 532 201 588 ψὰρ
218 532 316 580 ὄντες
344 535 511 583 ἀλλήλων
541 536 681 576 δέονται
705 537 872 584 ἀλλήλοις
895 541 1071 592 χρῆσθαι,
1109 535 1186 576 ὃοῦ

621 207 920 250 ETHICORUM
949 206 1216 249 NICOMACH
1223 205 1403 248 EORUM
1437 206 1722 248 PARAPHRA
1730 207 1822 248 SIS.

52 333 56 339 ἱ
128 276 281 351 ·r'⁵3fi³*ffl
291 284 366 350 ⁴iv{815³
383 294 642 348 ἀποδεχόμενοι
659 296 854 348 ἀλλήλους,
874 297 924 349 μὴ
944 298 1115 343 συζῶντες
1134 294 1185 345 δέ,

39 359 61 401 ὃ,
123 341 334 417 ’ἐῇνοίίὲίἶλσιν
354 354 520 403 ἀλλήλοις
539 357 673 406 μᾶλλον
692 357 715 405 ἢ
736 357 844 412 φίλοι.

229 413 360 465 ,Οὐδὲν
383 414 454 469 γὰρ
472 414 581 461 οὕτως
604 416 678 456 ἐστὶ
699 416 808 471 φίλων
824 419 871 463 ὡς
890 417 930 458 τὸ
949 419 1069 467 συζῆν.
1091 414 1186 457 Οὔτε

121 592 280 635 meh»
301 593 382 634 ἄνευ
402 598 463 635 τοῦ
496 601 680 635 συνοικεῖν·
701 595 781 636 οὔτε
810 598 841 635 οἱ
875 597 934 636 διὰ
965 596 1030 645 τὴν
1056 594 1185 644 ἡδονὴν

62 659 63 663 ’
120 654 253 708 ΓΙϊεολλῷ
279 655 428 708 μᾶλλον·
455 654 534 699 οὔτε
555 657 587 695 οἳ
609 655 737 709 κυρίως
757 657 873 710 φίλοι,
896 657 1019 702 οἵτινές
1048 657 1135 696 εἰσιν
1151 656 1184 695 οἱ

130 713 318 768 μακάριοι·
346 713 511 763 ἀλλήλων
532 714 596 766 μὲν
612 715 681 769 γὰρ
711 716 775 754 οὐκ
795 714 882 755 εἰσὶν
904 715 1032 760 ἐνδεεῖς
1045 744 1057 764 ,
1091 713 1187 763 ἡδεῖς

130 773 276 829 &iel-ew
304 774 486 828 ἀλλήλοις.
513 775 586 816 Καὶ
607 776 664 815 διὰ
682 780 782 815 τοῦτο
814 776 864 828 μὴ
883 774 1082 828 συνδιάγειν
1112 772 1182 813 ε’θέ-

56 886 58 890 λ
129 834 226 886 law,
241 835 266 875 ἀ
295 833 443 889 ήχανον·
465 836 505 875 οὗ
519 834 588 890 γὰρ
605 834 648 884 δὴ
674 834 834 887 μονώτας
854 835 951 880 τινὰς
969 834 1048 879 τοὺς
1068 850 1183 886 μακα-

124 892 229 948 ρίους,
248 928 249 931 ,
266 909 345 945 Δναι.
369 892 566 948 προσήκει,
600 894 692 934 ἀλλὰ
731 893 869 947 ἀνάγκη
900 894 976 947 μετ’
1018 892 1183 940 ἀλλήλων

54 972 61 1002 g
129 945 222 994 εἶναι
247 952 327 998 τοῖς,
341 953 459 998 αὐτοῖς
477 952 677 1008 χαίροντας.
711 956 830 994 Τοῦτο
847 953 883 993 δὲ
907 953 948 993 τὸ
963 959 1035 998 τοῖς
1065 954 1182 998 αὐτοῖς

52 1051 65 1058 ,
127 1011 266 1067 χαίρειν
283 1012 346 1053 καὶ
371 1012 436 1061 τὴν
457 1012 637 1067 ἑταιρικὴν
656 1013 776 1066 φιλίαν
797 1016 893 1054 ποιεῖ
911 1013 975 1062 τὴν
995 1017 1065 1053 τῶν
1082 1012 1182 1062 νέων,

48 1094 53 1101 ⁷.
127 1069 213 1112 ὅταν
231 1071 313 1125 περὶ
330 1069 372 1110 τὸ
385 1071 471 1111 αὓτὸ
491 1072 731 1119 σπουδάζωσι,

182 1130 235 1150 ***
255 1131 426 1172 Μάλιστα
445 1131 510 1183 μὲν
526 1126 585 1171 οῦν
604 1134 678 1172 ἐστι
698 1131 798 1184 φιλία
818 1135 841 1181 ἡ
856 1134 925 1172 τῶν
943 1133 1101 1185 ἀγαθῶν,
1116 1148 1182 1172 κα-

129 1191 245 1246 θάπερ
263 1191 437 1236 πολλάκις
464 1190 615 1245 εἴρηται.
639 1193 746 1233 Δοκεῖ
771 1191 839 1245 γὰρ
868 1192 1012 1246 φιλητὸν
1035 1192 1099 1243 μὲν
1123 1192 1183 1231 καὶ

134 1251 271 1306 αἱρετὸν
290 1251 332 1291 τὸ
349 1251 472 1296 ἁπλῶς
487 1251 550 1292 καὶ
571 1251 700 1305 κυρίως
719 1251 865 1304 ἀγαθόν,
893 1251 916 1299 ἢ
942 1250 1023 1300 ἡδύ·
1045 1250 1185 1304 ἑκάστῳ

131 1311 168 1351 δὲ
188 1309 335 1363 φιλητὸν
356 1309 425 1350 καὶ,
443 1311 579 1364 αἱρετὸν
609 1312 650 1352 τὸ
669 1313 765 1365 αὐτῷ
787 1309 932 1363 ἀγαθόν·
952 1313 970 1350 ὁ
986 1309 1023 1349 δὲ
1053 1311 1182 1363 ἀγαθὸς

51 1342 53 1362 ³
120 1368 340 1422 Ι’ϊὸνάγαθὸν
364 1370 459 1423 φιλεῖ
478 1370 523 1409 δι’
550 1369 658 1425 ἄμφω
673 1374 800 1410 ταῦτα·
822 1369 862 1408 τὸ
882 1368 951 1423 γὰρ
973 1369 1104 1421 ἀγαθὸν
1121 1372 1184 1409 αὖ·

27 1446 47 1470 ⁴:
120 1432 197 1471 τοῦ
206 1428 268 1468 καὶ
284 1428 408 1474 ἁπλῶς
435 1428 496 1469 καὶ
516 1430 646 1483 κυρίως
666 1428 796 1483 ἀγαθόν
817 1431 912 1482 ἐστι,
940 1427 1002 1468 καὶ
1018 1431 1070 1482 τῷ
1091 1428 1184 1486 φίλῳ

129 1487 261 1541 ἇγαθόν
282 1490 390 1528 ἔστιν·
411 1487 504 1528 ὥστε
523 1491 542 1528 ὁ
563 1489 692 1541 ἀγαθὸς
719 1488 864 1543 φιλητός
890 1491 983 1539 ἐστι,
1008 1488 1069 1527 καὶ
1100 1489 1185 1528 κατ’

118 1547 350 1603 ’ἀμφοτέρους
366 1547 450 1594 τοὺς
468 1547 630 1602 τρόπους·
651 1549 714 1587 καὶ
743 1548 801 1588 διὰ
820 1553 922 1589 τοῦτο
942 1549 1048 1596 συζῆν
1069 1548 1182 1598 ἀλλή-

125 1607 201 1653 λοις
217 1607 299 1653 τοὺς
316 1606 528 1652 σπουδαίους
544 1613 644 1648 πᾶσα
659 1606 797 1661 ἀνάγκη
822 1607 1021 1662 βούλεσθαι·
1039 1606 1184 1661 χαίρον-

52 1691 62 1699 2
116 1665 377 1715 ’πςάλλήλοις
387 1696 399 1715 ,
421 1666 484 1706 καὶ
496 1669 544 1712 ὡς
557 1667 691 1719 ὁμοίοις
704 1697 714 1717 ,
737 1667 799 1707 καὶ
811 1669 859 1713 ὡς
875 1668 1018 1720 ἀγαθοῖς
1038 1668 1180 1720 ἁπλῶς,

63 1727 66 1730 ’
126 1726 248 1772 καὶῶς
268 1725 437 1775 ἀλλήλοις
458 1727 615 1780 ἀγαθοῖς.

40 1819 59 1841 ‚3
126 1803 130 1806 -
182 1786 347 1843 (Scripsi
368 1801 380 1830 ς
400 1791 417 1811 ⁵
435 1786 658 1842 πρισὸῦται]
679 1788 802 1841 vulgo
820 1786 1032 1844 πρεσὸύται.
1051 1787 1128 1842 -)

573 1909 667 1962 Κεφ.
696 1906 742 1955 ζ’.

328 2022 410 2068 Περὶ
424 2026 480 2063 τῆς
495 2034 532 2057 τε
547 2022 651 2066 φιλίας
666 2022 721 2056 καὶ
737 2026 793 2062 τῆς
814 2021 982 2065 φιλήσεως.

51 2119 55 2123 ’
181 2118 252 2138 '‘¹'‘
267 2119 374 2160 Ἐπεὶ
386 2119 424 2159 δὲ
439 2119 545 2173 ἀρετή
563 2122 656 2160 ἐστιν
671 2123 694 2168 ἡ
716 2119 832 2174 φιλία,
849 2121 883 2159 ἐν
902 2119 1002 2173 πάσῃ
1020 2119 1056 2158 δὲ
1073 2121 1181 2174 ἀρετῇ

58 2207 59 2211 ,
118 2177 235 2234 ἓπάθος
248 2195 298 2218 ,τι
321 2180 505 2232 θεωρεῖται
526 2178 588 2218 καὶ
608 2178 695 2230 ἕξις,
725 2178 894 2227 ζητητέον
914 2178 948 2218 τί
970 2180 1065 2218 ἐστιν
1083 2180 1118 2217 ἐν
1136 2181 1180 2232 τῇ

46 2235 72 2301 ’ς
114 2238 227 2294 Δφιλίᾳ
243 2239 353 2286 πάθος
367 2268 379 2287 ,
401 2237 463 2278 καὶ
477 2238 512 2279 τί
527 2238 607 2284 ἕξις.
629 2236 754 2279 Ἔοικε
773 2238 887 2278 τοίνυν
913 2241 935 2287 ἡ
957 2238 1020 2290 μὲν
1042 2233 1183 2292 φίλησις

47 2302 75 2333 ῗ”
124 2298 254 2354 πάθει,
272 2301 296 2349 ἡ
319 2297 356 2338 δὲ
383 2298 483 2353 φιλία
512 2298 596 2344 ἕξει·
620 2299 730 2344 πάθος
750 2298 815 2350 μὲν
847 2298 916 2352 γάρ
939 2300 1033 2338 ἐστιν
1048 2329 1059 2350 ,
1082 2298 1100 2338 ὃ
1119 2298 1181 2338 καὶ

125 2358 177 2415 μὴ
194 2357 486 2414 προαιρουμένοις
510 2357 698 2410 συμὸαίνει
710 2389 721 2409 ,
739 2358 807 2404 ἕξις
834 2357 892 2408 δέ,
907 2357 926 2396 ὃ
945 2357 1035 2410 μετὰ
1056 2374 1182 2411 προαι-

60 2430 66 2435 ’·
114 2418 252 2474 &ome
273 2418 430 2471 γίνεται,
447 2416 510 2457 καὶ
533 2421 614 2457 καθ’
641 2418 684 2466 ἣν
704 2418 795 2470 μετὰ
824 2417 1062 2471 προαιρέσεως
1085 2419 1179 2472 ἐνερ-

51 2475 73 2516 ⁴2
110 2481 265 2534 προῇμεν·
283 2481 307 2529 ἡ
327 2477 392 2530 μὲν
406 2470 467 2527 οὖν
483 2478 623 2533 φίλησις
644 2477 704 2518 καὶ
724 2481 747 2526 ἡ
768 2477 854 2532 πρὸς
871 2477 915 2516 τὰ
939 2477 1063 2531 ἄψυχά
1085 2480 1177 2518 ἔστιν

66 2584 72 2590 ι
113 2537 270 2594 διχάπη,
294 2537 357 2578 καὶ
372 2536 461 2584 ὅλως
488 2538 564 2578 ὅθεν
592 2539 655 2578 οὐκ
673 2537 767 2578 ἔστιν
796 2539 1066 2592 ἀντιφιλεῖσθαι·
1085 2538 1178 2578 τὸδὲ

75 2627 77 2629 ·
120 2602 278 2640 τοιοῦτον
308 2597 430 2644 πάθος·
463 2601 502 2638 οὔ
533 2598 602 2651 γὰρ
637 2599 816 2652 κρίναντες
848 2599 909 2638 καὶ
948 2597 1178 2650 λογισάμενοι

70 2674 71 2678 ¹
82 2666 94 2717 <¹ss
108 2659 318 2713 -ἇγαπῶμεν
331 2658 411 2698 οὐδὲ
429 2658 718 2714 προαιρούμενοι,
733 2659 813 2697 ἀλλ’
831 2659 962 2697 ἐκεῖθεν
978 2658 1177 2710 κινούμενοι

58 2727 97 2775 f'ss'
115 2716 248 2771 ῥόνον,
267 2718 355 2772 ὅπερ
375 2718 450 2758 ἐστὶ
479 2721 643 2773 καθαρῶς
671 2718 792 2764 πάθος·
814 2721 837 2766 ἡ
856 2719 892 2757 δὲ
920 2718 1020 2773 φιλία
1048 2722 1072 2766 ἡ
1089 2719 1175 2772 πρὸς

104 2777 201 2824 ,τοὺς
216 2780 403 2834 φιλοῦντας
429 2778 551 2832 ἀγάπη
571 2778 657 2827 ἐστί,
677 2778 695 2818 ὃ
712 2780 820 2824 πάθος
841 2779 916 2818 ἐστὶ
936 2778 1027 2830 μετὰ
1045 2794 1172 2832 προαι-

67 2835 83 2881 ,”
110 2837 265 2893 ρέσεως·
282 2838 446 2893 κρίνομεν
460 2837 528 2892 γὰρ
549 2841 595 2884 ὡς
624 2839 676 2878 δεῖ
703 2841 814 2892 φιλεῖν
834 2838 892 2877 τὸν
911 2841 1092 2893 φιλοῦντα,
1115 2839 1177 2879 καὶ

75 2917 84 2922 ·’
112 2899 308 2950 αινούμεθα
333 2899 372 2938 οὗ
394 2899 497 2950 μόνον
517 2897 669 2950 ἔξωθεν,
713 2897 806 2938 ἀλλὰ
833 2897 894 2938 καὶ
922 2898 957 2944 ἐξ
977 2902 1081 2950 ἡμῶν
1112 2900 1175 2939 αὗ-

56 2967 67 2990 1
85 2999 87 3003 ,
113 2961 190 2999 θεῶν
205 2957 343 2999 καὶτοῦ
359 2959 543 3010 λογισμοῦ·
564 2962 587 3007 ἡ
608 2958 644 2998 δὲ
663 2959 753 3011 μετὰ
775 2959 949 3011 λογισμοῦ
968 2958 1029 2998 καὶ
1052 2975 1175 3014 προαι-

95 3017 249 3072 .ᾙι’σεως
275 3017 435 3068 κίνησις,
458 3017 517 3073 ἀφ’
536 3018 654 3065 ἕξεως·
688 3019 782 3059 ἔστιν
809 3018 879 3073 ἄρα
899 3022 920 3068 ἦ
949 3019 1013 3072 μὲν
1034 3019 1174 3075 φίλησις

52 3099 54 3102 ·
113 3071 244 3145 Q«,
264 3080 288 3127 ἡ
305 3077 341 3117 δὲ
357 3076 456 3133 φιλία
473 3078 557 3125 ἕξις.

64 3187 66 3190 Ι
144 3146 153 3194 J
172 3133 264 3155 *m*
281 3136 368 3179 Ἔτι
397 3139 428 3178 οἱ
448 3138 541 3192 φίλοι
573 3139 758 3193 βούλονται
778 3145 848 3185 τοῖς
869 3138 1088 3194 φιλουμένοις
1123 3138 1169 3179 τὰ

67 3213 70 3218 ·
117 3189 250 3250 ῙῘΫαθά,
265 3198 382 3238 αὐτῶν
391 3197 507 3248 ἕνεκα,
525 3201 564 3239 οὗ
581 3201 673 3240 κατὰ
687 3201 817 3252 πάθος,
835 3199 927 3240 ἀλλὰ
941 3202 1020 3239 καθ’
1033 3199 1114 3246 ἕξιν·
1131 3201 1170 3239 οὔ

117 3256 187 3311 γὰρ
203 3255 338 3311 ἀλόγως
353 3257 445 3298 ἀλλὰ
462 3259 683 3312 λογιζόμενοι
706 3260 771 3309 τὴν
787 3259 915 3299 αἰτίαν·
931 3260 971 3300 τὸ
986 3258 1022 3299 δὲ
1052 3260 1167 3312 βούλε·

2224 206 2304 245 499

1290 299 1456 334 Nimirum
1484 300 1543 343 qui
1565 301 1651 334 inter
1684 310 1719 334 se
1748 300 1878 344 probati
1910 298 2103 341 acceptique
2130 299 2221 335 sunt.
2247 306 2308 330 nec

1249 343 1360 375 tamen
1373 343 1539 375 communi
1563 343 1642 376 vitae
1669 343 1907 376 consuetudine
1932 340 2181 382 devinciuntur,
2205 340 2308 374 bene·

1248 384 1316 418 voli
1334 384 1442 426 magis
1463 384 1525 418 sibi
1541 394 1643 427 quam
1666 385 1764 417 amici
1781 387 1870 419 sunt.

1290 425 1381 460 Nihil
1400 426 1489 459 enim
1501 428 1552 460 est
1567 427 1751 459 amicorum
1764 429 1834 461 tam
1851 426 2022 470 proprium
2035 435 2137 472 quam
2155 424 2234 458 vitae
2252 433 2308 459 so—

1249 476 1370 510 cietate
1393 477 1557 520 conjungi.
1580 479 1665 510 Nam
1685 486 1746 510 nec
1763 477 1813 511 illi
1827 477 1887 520 qui
1914 477 2073 511 utilitatis
2091 484 2192 508 causa
2208 476 2308 510 amici

1247 528 1405 563 dicuntur
1421 539 1493 563 esse
1510 539 1575 562 non
1589 539 1655 562 una
1671 529 1784 563 vivere
1804 531 1944 573 possunt
1961 538 1970 558 τ
1991 539 2098 573 quum
2116 527 2204 561 enim
2223 526 2308 559 alter

1248 579 1352 613 altero
1366 582 1480 622 egeat,
1498 580 1583 613 alter
1601 589 1735 623 quoque
1754 580 1859 613 altero
1874 580 1925 613 uti
1938 588 2070 613 necesse
2090 578 2201 617 habet,
2216 576 2308 620 quod

1249 631 1319 664 sine
1337 631 1586 665 consuetudinis
1602 632 1835 674 conjunctione
1860 631 1931 664 fieri
1957 630 2074 674 nequit
2095 639 2103 659 τ
2132 629 2308 671 multoque

1247 683 1359 717 minus
1377 693 1462 726 quos
1495 683 1651 726 voluptas
1676 683 1845 726 conjungit
1869 695 1877 715 ς
1897 681 1956 716 sed
1991 691 2052 715 nec
2083 681 2143 724 qui
2176 679 2308 723 proprie

1247 734 1345 768 amici
1367 737 1463 773 sunt,
1483 734 1546 777 ipsi
1564 734 1721 767 nimirum
1745 733 1860 768 felices
1876 748 1884 768 ε
1900 734 1979 767 licet
1990 733 2078 767 enim
2098 733 2184 766 alter
2201 732 2308 765 altero

1248 795 1311 818 non
1327 788 1440 828 egeat,
1460 786 1547 819 alter
1570 787 1681 818 tamen
1698 785 1796 818 alteri
1819 787 1870 818 est
1898 784 2078 827 jucundus.
2102 786 2213 823 Quare
2237 782 2308 816 lieri

1247 837 1385 879 nequit,
1401 839 1440 870 ut
1459 846 1524 870 una
1537 836 1650 870 vivere
1664 837 1770 870 nolint
1790 849 1798 869 ε
1817 836 2001 870 solitariam
2016 835 2104 869 enim
2123 836 2228 869 vitam
2246 835 2308 868 hos

1247 883 1365 926 degere
1382 893 1447 917 non
1474 884 1644 922 convenit,
1669 893 1754 927 quos
1770 882 1883 917 felices
1906 883 2067 922 dicimus,
2098 883 2158 917 sed
2174 883 2308 916 omnino

1246 941 1380 965 necesse
1399 935 1449 965 est
1472 942 1539 965 una
1559 931 1672 970 vivere
1698 940 1756 964 eos
1779 931 1837 974 qui
1866 931 1985 964 iisdem
2010 931 2112 964 rebus
2135 930 2308 964 delectan-

1247 980 1314 1011 tur.
1333 981 1404 1011 Hoc
1423 981 1552 1016 autem,
1579 981 1617 1011 ut
1638 977 1756 1010 iisdem
1774 979 1873 1011 rebus
1890 978 2116 1011 adolescentes
2129 977 2304 1020 gaudeant,

1246 1035 1362 1059 eorum
1381 1026 1481 1059 etiam
1504 1025 1715 1059 sodalitatem
1736 1026 1927 1067 constituit,
1958 1036 2064 1069 quum
2089 1026 2205 1060 eadem
2230 1027 2307 1059 stu-

1246 1073 1338 1107 diose
1363 1076 1492 1116 petunt.

1288 1122 1434 1155 Maxime
1447 1121 1698 1164 ergo-amIcitia,
1714 1121 2000 1166 quemadmodum
2014 1121 2136 1165 saepius
2147 1121 2304 1160 diximus,

1246 1184 1297 1216 est
1316 1181 1489 1215 bonorum.
1514 1181 1658 1215 Videtur
1677 1181 1766 1215 enim
1787 1181 1929 1215 amabile
1945 1183 1978 1216 et
1993 1181 2217 1225 expetendum
2234 1190 2308 1215 esse

1245 1241 1336 1285 quod
1349 1242 1502 1275 absolute
1518 1243 1551 1275 et
1565 1242 1696 1285 proprie
1715 1242 1841 1275 bonum
1861 1241 2115 1284 autjucundum
2132 1243 2183 1275 est
2202 1251 2210 1272 τ
2231 1250 2308 1274 rur-

1247 1310 1372 1344 susque
1392 1301 1513 1343 singuli
1531 1301 1673 1335 amabile
1689 1300 1842 1343 judicant
1874 1302 1909 1334 et
1937 1300 2182 1344 expetendum,
2216 1299 2308 1343 quod

1246 1361 1327 1404 ipsis
1345 1362 1396 1394 est
1411 1361 1536 1394 bonum
1557 1374 1566 1394 ι
1581 1361 1633 1395 vir
1652 1360 1760 1394 bonus
1776 1363 1891 1395 autem
1914 1360 2025 1394 virum
2042 1361 2167 1394 bonum
2184 1360 2227 1393 oh
2250 1361 2309 1394 ho-

1245 1430 1323 1454 rum
1344 1422 1526 1464 utrumque
1538 1420 1647 1462 diligit
1666 1433 1674 1454 z
1691 1421 1816 1454 bonum
1835 1420 1960 1463 quippe
1973 1420 2080 1463 ipsius
2094 1422 2128 1454 et
2147 1419 2309 1462 simplici-

1246 1483 1297 1514 ter
1315 1480 1512 1523 proprieque
1524 1506 1531 1519 ‚
1547 1482 1581 1513 et
1600 1480 1706 1513 amico
1725 1482 1776 1514 est
1791 1480 1915 1514 bonum
1932 1491 1940 1513 :
1964 1480 2052 1513 unde
2072 1479 2229 1524 sequitur
2246 1480 2307 1513 bo·

1245 1549 1327 1573 num
1345 1539 1457 1573 virum
1475 1541 1619 1582 utraque
1652 1539 1695 1573 de
1715 1549 1816 1573 causa
1845 1549 1919 1574 esse
1938 1539 2116 1573 amabilem
2137 1551 2146 1572 ε
2162 1539 2306 1582 ideoque

1246 1602 1350 1636 bonos
1365 1602 1454 1635 viros
1469 1602 1549 1635 vitae
1571 1601 1730 1635 socletate
1748 1601 1902 1644 conjungi
1923 1601 2008 1634 velle
2022 1601 2157 1634 omnino
2170 1610 2303 1635 necesse

1245 1664 1320 1696 est:
1339 1672 1446 1705 quum
1465 1662 1522 1695 alii
1540 1662 1614 1695 aliis
1627 1661 1847 1700 delectentur,
1874 1663 1948 1694 tum
1965 1664 2003 1694 ut
2022 1661 2187 1694 similibus
2201 1688 2209 1703 ‚
2228 1664 2302 1695 tum

1245 1724 1284 1756 ut
1299 1721 1494 1765 simpliciter
1511 1720 1609 1755 bonis
1621 1746 1630 1764 ,
1648 1722 1723 1755 tum
1749 1723 1789 1754 ut
1818 1720 1882 1755 sibi
1903 1720 2047 1755 invicem
2070 1721 2175 1754 bonis.

1684 1913 1765 1957 Cap.
1797 1914 1874 1948 VII.

1561 2024 1605 2053 De
1623 2023 1756 2054 amicitia
1775 2025 1806 2053 et
1822 2023 1987 2054 amatione.

1285 2122 1398 2159 Quum
1415 2120 1528 2153 autem
1549 2119 1659 2153 virtus
1670 2120 1714 2153 sit
1733 2120 1889 2160 amicitia,
1902 2120 1937 2154 in
1951 2120 2040 2154 omni
2051 2122 2164 2154 autem
2175 2121 2303 2155 virtute

1243 2179 1365 2222 aliquis
1384 2178 1528 2213 affectus
1542 2182 1698 2213 cernatur
1711 2182 1744 2213 et
1759 2180 1906 2220 habitus,
1920 2181 2140 2224 quaerendum
2159 2182 2242 2224 quid
2264 2182 2302 2215 in

1243 2241 1389 2275 amicitia
1407 2241 1550 2275 affectus
1566 2242 1610 2274 sit
1629 2243 1663 2275 et
1679 2242 1761 2284 quid
1778 2242 1925 2276 habitus.
1949 2242 2074 2277 Similis
2089 2252 2167 2285 ergo
2179 2243 2304 2277 amatio

1243 2301 1381 2335 affectui
1403 2304 1472 2344 est,
1493 2302 1641 2335 amicitia
1660 2311 1741 2335 vero
1763 2302 1894 2336 habitui
1915 2316 1923 2336 ε
1944 2302 2090 2337 affectus
2108 2303 2230 2346 quippe
2254 2306 2304 2337 est

1242 2362 1289 2403 id,
1307 2362 1399 2406 quod
1417 2362 1615 2397 inconsultis
1631 2363 1733 2397 etiam
1754 2363 1850 2397 nobis
1863 2362 2007 2405 accidit,
2019 2363 2155 2396 habitus
2173 2366 2299 2407 autem,

1241 2422 1333 2466 quod
1348 2432 1425 2456 cum
1436 2423 1573 2456 consilio
1586 2425 1800 2467 conjunctum
1814 2425 1876 2464 est,
1887 2425 1920 2456 et
1930 2432 1998 2466 quo
2010 2423 2218 2457 considerate
2236 2423 2303 2466 agi-

1241 2492 1318 2516 mus
1335 2483 1481 2525 :amatio
1497 2493 1574 2526 ergo
1591 2483 1693 2517 etiam
1713 2483 1938 2517 inanimorum
1952 2493 2045 2516 amor
2057 2485 2128 2525 est,
2147 2483 2301 2517 omnino-

1240 2553 1307 2586 que
1319 2552 1435 2576 eorum
1460 2553 1479 2577 a
1494 2543 1618 2586 quibus
1634 2543 1799 2577 redamari
1818 2553 2044 2586 nequeamus:
2066 2543 2132 2576 tale
2144 2543 2228 2587 quid
2241 2553 2292 2577 au-

1240 2605 1310 2636 tem
1322 2603 1465 2637 affectus
1481 2606 1531 2636 est
1546 2616 1554 2637 :
1572 2612 1634 2637 nec
1648 2603 1735 2637 enim
1749 2605 1862 2637 nostro
1871 2603 1998 2646 judicio
2011 2605 2045 2642 et
2063 2603 2207 2646 cogitate
2220 2603 2299 2637 talia

1240 2671 1392 2695 amamus
1404 2665 1464 2696 aut
1480 2663 1649 2703 consulto¹
1676 2662 1735 2696 sed
1751 2663 1911 2696 instinctu
1926 2662 2020 2696 illius
2044 2664 2188 2703 tantum,
2207 2664 2300 2707 quod

1241 2724 1435 2767 simpliciter
1451 2727 1502 2758 est
1521 2724 1664 2758 affectus
1682 2738 1690 2758 :
1707 2724 1855 2758 amicitia
1867 2733 1948 2758 vero
1964 2726 2016 2759 est
2031 2734 2125 2758 amor
2140 2735 2208 2769 quo
2220 2726 2300 2759 ami-

1239 2793 1296 2817 cos
1315 2784 1564 2827 prosequimur,
1584 2784 1643 2828 qui
1661 2783 1804 2818 affectus
1824 2787 1876 2818 est
1891 2794 1968 2818 cum
1996 2786 2134 2819 consilio
2165 2787 2299 2830 conjun-

1239 2846 1314 2876 ctus
1333 2854 1340 2876 :
1356 2844 1479 2887 quippe
1495 2844 1685 2887 judicamus
1703 2844 1849 2878 amicum
1859 2845 2065 2888 diligendum
2082 2855 2164 2885 esse,
2187 2856 2297 2889 neque

1239 2904 1348 2936 solum
1362 2905 1588 2945 extrinsecus,
1612 2905 1671 2939 sed
1694 2906 1795 2940 etiam
1825 2909 1941 2949 sponte
1957 2908 2142 2950 nostraque
2170 2907 2297 2941 ratione

1237 2973 1412 2997 movemur
1433 2977 1441 2997 ι
1465 2964 1522 2998 ille
1541 2967 1653 2998 autem
1674 2965 1733 3009 qui
1750 2975 1828 3000 cum
1846 2966 1974 3000 ratione
1991 2969 2025 3000 et
2051 2967 2188 3000 consilio
2216 2977 2297 3000 con-

1234 3024 1373 3067 J'unctus
1392 3026 1444 3058 est
1458 3027 1580 3066 motus,
1604 3025 1647 3060 ab
1667 3026 1783 3060 habitu
1800 3027 2021 3071 proficiscitur
2041 3041 2049 3061 z
2067 3027 2156 3061 unde
2178 3028 2295 3071 sequi-

1236 3086 1294 3118 tur
1311 3085 1512 3119 amationem
1530 3085 1688 3121 affectum
1702 3114 1710 3127 ‚
1730 3087 1912 3121 amicitiam
1936 3097 2017 3122 vero
2040 3097 2113 3122 esse
2128 3088 2291 3121 habitum.

1279 3147 1444 3180 Praeterea
1466 3146 1564 3181 amici
1580 3147 1623 3181 iis
1648 3157 1734 3192 quos
1750 3150 1863 3182 amant
1883 3148 1969 3182 bona
1989 3147 2100 3181 omnia
2117 3150 2289 3191 exoptant,

1235 3204 1337 3248 idque
1354 3205 1489 3240 illorum
1509 3216 1608 3241 causa
1623 3233 1631 3249 ‚
1652 3218 1718 3241 non
1739 3208 1990 3251 perturbatione
2007 3208 2120 3252 aliqua
2140 3207 2266 3240 incitati
2282 3233 2289 3246 ,

1235 3265 1294 3299 sed
1308 3275 1350 3299 ex
1361 3265 1479 3300 habitu
1504 3278 1511 3300 :
1541 3277 1606 3302 non
1629 3269 1717 3302 enim
1731 3271 1876 3308 temere,
1896 3268 1954 3302 sed
1972 3268 2018 3301 ita
2039 3270 2076 3300 ut
2096 3266 2191 3310 prius
2209 3276 2291 3300 cau-

118 3319 202 3361 σθαι
210 3318 508 3372 τοῖςφιλουμένοις
521 3320 566 3359 τὰ
578 3320 694 3373 ἀγαθὰ
703 3320 844 3361 ἐκείνων
854 3319 957 3360 ἕνεκα
971 3321 1006 3360 ἐν
1015 3323 1066 3374 τῷ
1076 3319 1171 3374 λόγῳ
1235 3335 1306 3359 sam
1330 3326 1535 3369 perpendant
1562 3340 1570 3361 :
1586 3330 1744 3372 exoptare
1763 3331 1875 3362 autem
1899 3328 2015 3361 amicis
2033 3327 2119 3361 bona
2139 3327 2289 3370 ipsorum

159 3436 175 3455 '
195 3438 237 3472 Οἱ
259 3439 287 3472 δ’
310 3438 550 3483 ἀποδεχόμενοι
575 3442 644 3474 κτλ.
667 3457 709 3465 -—
739 3441 778 3460 *⁴¹
798 3440 903 3474 Οὐδὲν
932 3441 995 3485 γὰρ
1022 3441 1125 3479 οὕτως
1148 3441 1217 3474 ἐστὶ
1242 3441 1340 3484 φίλων
1358 3443 1428 3475 κτλ.
1448 3459 1491 3467 —·
1510 3443 1568 3463 *¹⁵*
1592 3443 1746 3478 Μάλιστα
1774 3443 1832 3486 μὲν
1858 3443 1914 3477 οὖν
1937 3443 2007 3476 ἐστι
2035 3442 2124 3485 φιλία
2151 3444 2221 3476 κτλ.
2246 3458 2289 3466 -

42 3511 59 3535 ¹..
119 3485 195 3506 ⁴⁶⁴¹*
216 3486 328 3521 Ἔοικε
344 3489 402 3527 δ’ή
418 3489 477 3530 μὲν
498 3489 622 3531 φίλησις
638 3488 732 3522 πάθει
754 3490 823 3522 κτλ.
843 3506 883 3513 -
901 3489 994 3508 *****
1014 3490 1078 3523 Καὶ
1092 3491 1256 3532 φιλοῦντες
1274 3491 1331 3524 τὸν
1356 3490 1446 3533 φίλον
1459 3493 1530 3524 κτλ.
