2508 3776
264 155 346 196 568

262 243 352 282 ἀλλὰ
374 246 536 282 τοσοῦτον
557 242 728 295 ἀπέχουσι
742 249 802 284 τοῦ
823 244 902 297 περὶ
918 243 1050 294 ταύτης
1076 246 1098 285 ἃ
1126 249 1297 301 προσήκει

261 303 427 341 δύνασθαι
443 300 579 352 λέγειν,
601 302 690 341 ὥστε
709 302 788 342 οὐδὲ
807 303 856 347 τίς
875 306 968 343 ἐστιν
985 308 1006 352 ἡ
1025 307 1253 358 νομοθετική,
1278 307 1300 355 ἢ

260 363 357 398 ποῖόν
372 360 405 398 τί
426 362 531 408 ἐστιν,
546 360 663 398 ἴσασι·
682 360 742 399 καὶ
763 359 829 413 γὰρ
851 362 976 401 ταύτὸν
995 363 1019 411 ἢ
1040 371 1156 417 χεῖρον
1176 368 1302 417 ἡγοῦν-

258 435 315 457 ται
335 412 422 457 εἶναι
442 435 503 466 της
530 421 737 479 ῥητορικῆςι
762 413 838 458 εἶτα
855 421 915 459 και
934 420 974 460 τὸ
994 427 1190 474 νομοθετεῖν
1211 424 1301 464 οὕτω

259 476 391 530 ῥοίδιον,
410 479 456 521 ὡς
476 477 605 521 παντὸς
623 471 725 517 εἶναι.
744 480 938 530 Νουίζουσι
953 479 1019 532 γὰρ
1036 481 1076 521 τὸ
1091 486 1299 535 συναγαγεῖν

256 539 380 606 νόμους
399 551 478 580 τους
500 517 807 609 εὐδοκιμωττῢάτους
817 567 828 587 ,
854 553 914 576 και
934 539 1065 578 τούτων
1096 541 1300 586 ἐκλέξασθαι

256 594 331 638 τοὺς
352 593 532 647 ἀρίστους,
549 598 650 633 τοῦτο
677 611 764 634 ειναι
784 595 823 634 τὸ
844 598 1054 647 νομοθετεῖν,
1068 598 1108 637 τὸ
1128 599 1163 638 δὲ
1183 603 1298 651 κρῖναι

255 657 378 703 νόμους
393 654 452 692 καὶ
468 653 526 692 τὸν
539 653 680 706 ἄριστον
695 653 829 703 λαὸεῖν,
847 654 896 705 μὴ
915 657 1006 695 πάνυ
1023 658 1179 709 χαλεπὸν
1197 653 1298 699 εἶναι.

255 714 407 753 Καῖτοιῐ)
429 715 567 765 πρῶτον
589 713 650 765 μὲν
673 715 711 752 οὗ
728 713 843 767 ῥᾴδιον
862 714 921 752 καὶ
941 719 1002 753 τοῦ
1026 717 1238 768 βουλομένου
1259 717 1298 757 τὸ

254 770 556 823 δύνασθαικρίνειν
571 774 679 824 ὀρθως
690 773 770 843 περὶ
789 775 858 811 τῶν
875 775 1112 826 προτεθέντων
1131 776 1294 826 ἑκάστου,

254 828 343 867 ἀλλὰ
374 832 617 881 θαυμαστῆς
598 844 633 869 οε
635 837 648 869 ῖ
671 833 843 875 συνέσεως
864 832 923 871 καὶ
945 833 1096 878 διανοίας
1117 835 1205 889 πρὸς
1234 837 1298 884 τὴν

252 888 415 936 τοιαύτην
437 889 595 940 δύναμιν·
610 892 641 929 οἳ
658 890 725 943 γὰρ
740 891 897 943 ἔμπειροι
912 892 992 945 περι
1012 892 1149 932 ἕκαστα
1163 894 1223 933 καὶ
1237 895 1296 934 δύ-

251 960 371 984 νανται
389 946 515 998 κρίνειν
532 962 610 1000 περι
626 949 740 986 αὐτων
753 948 903 1002 ,ὥσπερ
921 953 938 988 ὃ
954 953 1021 989 τῶν
1039 955 1215 1002 μουσικῶν
1234 952 1294 1005 ἔμ-

250 1021 365 1058 πειρος
378 1005 421 1044 τὰ
431 1007 581 1057 μουσικὰ
593 1006 738 1047 δύναται
752 1010 891 1081 κρίνειν,
906 1026 965 1048 και
980 1013 997 1048 ὁ
1013 1014 1080 1050 τῶν
1092 1028 1294 1088 γραμματι-

250 1066 320 1102 κῶν
335 1066 377 1101 τὰ
389 1065 636 1117 γραμματικά,
651 1067 710 1104 και
725 1067 782 1105 ἐπὶ
794 1071 861 1106 τῶν
879 1068 1028 1107 ἅλλων“
1011 1071 1189 1120 ωσαύτως,
1204 1076 1295 1111 ουτοι

248 1122 316 1196 γὰρ
336 1123 433 1163 ἴσασι
450 1124 492 1162 δι’
513 1128 560 1163 ὧν
581 1128 694 1163 ταῦτα
725 1125 748 1173 ἢ
785 1127 899 1166 ἐκεῖνα
933 1128 1108 1202 γίνονται,
1128 1129 1189 1169 καὶ
1209 1132 1294 1170 ποῖα

248 1182 392 1255 ποίοιςο
411 1184 573 1236 συνᾴδει,
593 1198 652 1223 και
668 1201 741 1230 πως
763 1188 910 1226 ἕκαστον
934 1188 1025 1241 ἔχει·
1047 1191 1078 1228 οἳ
1100 1189 1180 1229 δὲ’
1158 1207 1294 1245 απειροι

247 1241 344 1280 οὐδὲν
368 1242 498 1282 τούτων
518 1243 644 1288 εἰδότες
664 1247 726 1284 οὐκ
753 1247 949 1291 ἐκλέξονται
981 1248 1025 1287 τὰ
1046 1249 1204 1298 καλλίω,
1232 1251 1294 1290 καὶ

247 1301 290 1338 τὰ
311 1300 449 1352 ἄριστα.
473 1303 546 1340 Και
565 1302 632 1355 γὰρ
651 1304 856 1355 ἀγαπητόν,
885 1307 915 1343 εἰ
943 1309 1044 1344 τοῦτο
1066 1307 1169 1357 μόνον
1190 1307 1291 1358 γνώ-

247 1374 364 1397 σονται
379 1360 562 1407 ἁπλῶς,”
543 1377 596 1399 οτι
616 1360 772 1405 καλως
753 1379 775 1408 η
797 1365 913 1406 κακῶς
932 1363 1121 1412 πεποίηται
1135 1364 1175 1403 τὸ
1192 1365 1292 1420 ἔργον

245 1416 363 1469 ὥσπερ
383 1418 442 1457 καὶ
463 1420 521 1457 ἐπὶ
544 1435 604 1467 της
625 1425 797 1475 γραφικῆς
813 1422 870 1473 ἔχε
858 1437 904 1460 ι·
923 1438 984 1460 και
1001 1422 1068 1475 γὰρ
1085 1423 1123 1461 τὸ
1144 1422 1207 1475 μὲν
1228 1423 1292 1471 τὴν

246 1478 390 1528 ἀρίστην
413 1477 528 1516 εἰκόνα
549 1478 754 1529 γινώσκειν,
776 1480 827 1518 ὅτι
859 1481 975 1526 καλῶς
994 1481 1210 1534 γέγραπται,
1231 1483 1292 1521 καὶ

245 1537 313 1572 τῶν
335 1534 382 1584 μὴ
418 1535 609 1588 ζωγράφων
631 1537 673 1575 ἂν
696 1537 748 1586 εἴη
763 1567 773 1585 ,
799 1538 838 1577 τὸ
859 1539 893 1577 δὲ
918 1539 1044 1579 εἰδέναι
1064 1541 1118 1581 ὅτι
1139 1543 1288 1595 ἀρίστη,

244 1595 302 1631 καὶ
327 1595 395 1646 ὅπῃ
408 1601 421 1617 ¹¹
443 1597 511 1632 τῶν
528 1595 644 1635 ἄλλων
661 1597 830 1650 διαφέρει,
850 1598 952 1644 μόνον
970 1599 1043 1638 ἐστὶ
1062 1604 1122 1639 τοῦ
1145 1602 1291 1655 γράφειν

245 1656 370 1697 εἰδότος
383 1684 394 1702 ,
436 1655 455 1699 ἢ
496 1657 680 1707 ἐμπειρίαν
714 1657 792 1696 τινὰ
824 1661 1039 1709 κεκτημένου
1074 1660 1155 1713 περὶ
1191 1662 1289 1702 αὐτό.

244 1715 337 1752 Οὔτε
351 1713 460 1751 τοίνυν
483 1713 522 1751 τὸ
537 1714 759 1768 ζωγράφου”
742 1731 864 1768 εργον,
885 1716 960 1764 ἢτὸ
981 1723 1039 1757 τοῦ
1057 1725 1247 1770 μουσικοῦ,
1267 1720 1289 1769 ἢ

242 1775 301 1811 τοῦ
323 1777 568 1823 γραμματικοῦ
589 1774 697 1826 χωρὶς
715 1791 777 1821 της
801 1777 881 1828 περὶ
904 1777 995 1815 αὐτὰ
1013 1779 1211 1831 ἐπιστήμης
1234 1784 1290 1820 οὐ·

243 1829 311 1873 δεὶς
331 1832 437 1882 ὀρθως
453 1830 596 1869 δύναται
619 1832 765 1884 κρίνειν,
791 1832 870 1873 οὔτε
893 1835 932 1873 τὸ
954 1838 1015 1875 τοῦ
1036 1838 1250 1876 πολιτικοῦ’
1233 1855 1289 1892 ερ-

242 1903 321 1939 γον,
351 1889 431 1928 ἅνευ
451 1893 510 1928 τοῦ
527 1889 589 1937 τὴν
610 1891 830 1938 πολιτικην’
815 1893 1018 1943 επιστήμην
1039 1895 1188 1943 εἰδέναι,
1209 1902 1288 1950 κρῖ-

242 1962 299 1985 ναι
320 1948 478 1987 δυνατόν.
501 1947 629 2008 Ἔργον
653 1950 688 1987 δὲ
717 1954 777 1989 τοῦ
808 1953 988 1992 πολιτικοῦ
1018 1955 1037 1991 ὁ
1062 1953 1166 2004 νόμος
1197 1954 1284 1993 ε’στί.

243 2007 389 2057 Πρωτον
410 2008 473 2057 μὲν
499 2022 558 2045 ουν
590 2008 630 2045 τὸ
657 2015 863 2061 συναγαγεῖν
889 2011 1036 2061 νόμους,
1067 2011 1127 2049 καὶ
1149 2011 1288 2057 ἐκλέξα-

243 2068 323 2102 σθαι
335 2079 412 2108 τους
427 2066 588 2119 ἀρίστους
597 2066 678 2105 ἄνευ
694 2084 757 2114 της
767 2083 846 2120 περι
866 2068 908 2106 τὰ
923 2068 1122 2107 πολιτικὰ’
1106 2070 1289 2121 εμπειρίας

240 2124 280 2160 οὐ
301 2125 443 2162 δυνατόν
460 2125 639 2174 ,ἔπειτα,
671 2127 700 2163 εἰ
722 2142 780 2164 και
811 2131 911 2166 τοῦτο
938 2126 1123 2177 δώσομεν,
1149 2130 1195 2171 ὣς
1216 2127 1285 2180 ἄρα

240 2182 385 2220 δυνατὸν
407 2186 487 2221 ἄνευ
508 2187 567 2222 τοῦ
591 2185 769 2223 πολιτικὸν
790 2189 880 2223 εἶναι
898 2185 1025 2237 νόμους
1043 2186 1170 2238 κρίνειν
1191 2187 1285 2225 εἰδέ-

240 2256 323 2290 ναι,
345 2245 405 2280 καὶ
424 2248 630 2294 συναγαγεῖν
651 2259 727 2287 τους
751 2244 911 2296 ἀρίστους
925 2274 936 2293 ,
957 2244 1035 2283 οὐδὲ
1055 2248 1157 2284 τοῦτο
1179 2246 1283 2298 ἀρκέ-

239 2315 288 2338 σει
310 2302 395 2352 πρὸς
413 2304 451 2339 τὸ
471 2302 631 2352 γενέσθαι
658 2304 835 2342 πολιτικὸν
858 2304 917 2342 καὶ
943 2303 1186 2354 νομοθετικόν,
1211 2305 1285 2344 ἐπεὶ

238 2360 314 2398 οὐδὲ
340 2360 451 2411 ἰατροὶ
468 2362 619 2412 γένοιντο
640 2360 680 2399 ἂν
703 2360 773 2399 ἀπὸ
793 2366 853 2400 τοῦ
868 2362 912 2400 τὰ
934 2362 1078 2414 ἰατρικὰ
1103 2363 1286 2415 συγγράμ-

240 2435 336 2468 ματα
368 2423 574 2472 συναγαγεῖν
595 2420 655 2459 καὶ
686 2423 906 2471 ἀναγνῶναι·
930 2421 1045 2460 καίτοι
1076 2423 1107 2460 οἱ
1137 2425 1284 2462 τοιοῦτοι

237 2481 426 2530 πειρῶνται
445 2479 557 2529 λέγειν
575 2481 613 2518 οὔ
636 2479 739 2529 μόνον
759 2479 803 2517 τὰ
825 2480 1087 2533 θεραπεύματα,
1111 2481 1202 2520 ἀλλὰ
1224 2482 1284 2520 καὶ

238 2538 283 2578 ὡς
301 2537 448 2584 ἱοίθησαν
469 2539 499 2575 οἱ
514 2537 645 2582 τούτοις
664 2539 899 2589 χρησάμενοι,
918 2539 977 2577 καὶ
997 2539 1092 2583 ὅπως
1112 2541 1283 2593 προσήκει

238 2598 306 2633 τῶν
326 2596 534 2646 νοσημάτων
554 2597 699 2635 ἕκαστον
723 2597 922 2649 θεραπεύειν
938 2627 948 2645 ,
974 2599 1035 2637 καὶ
1055 2600 1225 2652 διαιροῦσί
1245 2615 1283 2650 γε

237 2654 299 2697 τὰς
318 2654 402 2698 ἕξεις
421 2656 489 2692 τῶν
506 2655 739 2704 νοσημάτων,
761 2655 838 2694 ἀλλ’
857 2656 952 2707 ὅμως
972 2658 1034 2695 οὔκ
1055 2656 1141 2696 εἰσὶν
1158 2658 1281 2710 ἰατροί·

239 2712 291 2749 δεῖ
322 2713 389 2764 γὰρ
419 2713 478 2750 καὶ
511 2714 693 2765 ἐμπειρίας
717 2715 778 2753 καὶ
812 2716 994 2762 συνηθείας
1027 2716 1137 2760 τινός·
1174 2717 1219 2755 τὰ
1248 2717 1283 2756 δὲ

239 2771 522 2822 συγγράμματα,
546 2771 604 2809 καὶ
626 2773 661 2809 αἱ
690 2776 848 2811 τοιαῦται
869 2774 1009 2826 θεωρίαι
1032 2774 1111 2819 τοὺς
1133 2774 1196 2827 μὲν
1218 2777 1281 2826 ἐμ-

240 2831 378 2880 πείρους
411 2830 575 2873 καλλίους
618 2834 778 2880 ποιοῦσι,
807 2831 884 2876 τοὺς
916 2832 952 2871 δὲ
985 2833 1147 2886 ἀπείρους
1186 2835 1282 2873 οὐδὲν

237 2887 378 2934 ὤνησαν
407 2888 492 2940 πρός
519 2903 558 2938 γε
578 2887 617 2926 τὸ
644 2888 812 2927 δύνασθαι
844 2892 1067 2943 θεραπεύειν·
1099 2893 1158 2931 τὸν
1178 2893 1281 2932 αὐτὸν

240 2945 281 2992 δὴ
303 2946 428 2998 τρόπον
450 2946 509 2984 καὶ
530 2946 587 2984 ἐπὶ
610 2949 678 2985 τῶν
699 2948 813 2998 νόμων
836 2949 878 2987 ἂν
898 2951 991 3002 ἔχοι,
1017 2951 1076 2990 καὶ
1097 2954 1160 2998 τῆς
1178 2953 1281 2991 πολι-

238 3005 343 3048 τείας.
361 3005 412 3044 Τὸ
431 3005 497 3058 γὰρ
519 3012 727 3056 συναγαγεῖν
754 3006 877 3057 νόμους
902 3008 963 3046 καὶ
994 3010 1279 3062 διερευνήσασθαι

239 3063 299 3108 τὰς
314 3067 510 3116 ἑκασταχοῦ
530 3064 727 3114 πολιτείας,
743 3065 820 3108 τοὺς
848 3065 909 3115 μὲν
929 3068 998 3106 ἀπὸ
1019 3071 1081 3114 τῆς
1101 3070 1281 3122 ἐμπειρίας

241 3123 450 3174 δυναμένους
467 3123 599 3162 ἕκαστα
614 3124 730 3166 καλῶς
745 3127 917 3175 θεωρῆσαι
939 3125 998 3164 καὶ
1020 3129 1182 3176 συνιδεῖν,
1206 3129 1229 3167 ἅ
1243 3145 1280 3167 τε

240 3184 347 3233 ὀρθῶς
363 3182 422 3221 καὶ
440 3182 462 3220 ἃ
483 3181 623 3234 φαύλως
638 3182 772 3235 ἔχουσι,
794 3186 854 3221 καὶ
874 3189 957 3222 ποῖα
976 3184 1084 3227 ποίοις
1096 3186 1278 3238 ἁρμόττει,

242 3239 334 3278 πάνυ
352 3241 393 3278 ἂν
412 3240 622 3294 ὠφελήσειε·
637 3241 789 3293 γένοιντο
808 3241 875 3294 γὰρ
900 3241 940 3279 ἂν
959 3244 1089 3281 ἑαυτῶν
1109 3244 1153 3282 τὰ
1176 3247 1279 3283 πολι-

241 3298 322 3336 τικὰ
342 3298 516 3342 καλλίους·
549 3301 619 3343 τοῖς
640 3298 674 3336 δὲ
696 3298 776 3337 ἄνευ
808 3303 869 3346 τῆς
896 3300 1058 3347 τοιαύτης
1086 3301 1186 3346 ἕξεως
1219 3302 1280 3339 καὶ

243 3357 364 3408 πείρας
394 3356 437 3394 τὰ
465 3361 608 3395 τοιαῦτα
642 3356 846 3406 διεξιοῦσιν,
881 3358 1046 3408 ἀνόνητος
1081 3362 1104 3407 ἡ
1143 3360 1276 3407 σπουδὴ

1092 157 1377 201 ANDRONICI
1404 161 1584 203 RHODII

1363 256 1466 294 abest,
1483 258 1521 288 ut
1534 256 1575 288 de
1595 256 1658 289 hac
1670 256 1712 290 ad
1726 266 1838 291 rerum
1851 257 2045 301 dignitatem
2057 261 2132 303 apte
2147 260 2255 294 dicere
2269 264 2404 305 queant,
2414 237 2416 239 >
2428 264 2445 277 ³
2486 255 2487 258 ¹

1363 313 1400 343 ut
1433 321 1474 344 ne
1504 312 1688 354 intelligant
1709 313 1858 356 quidem,
1881 323 1958 357 quae
1983 315 2028 348 sit
2058 314 2268 350 ferendarum
2298 319 2406 360 legum

1363 366 1510 405 scientia,
1531 368 1590 398 aut
1613 367 1723 409 qualis
1750 367 1793 400 sit
1817 380 1826 400 ι
1857 377 1933 402 nam
1956 369 2094 402 eandem
2122 373 2180 404 aut
2208 371 2406 408 deteriorem

1361 429 1462 461 quam
1482 423 1587 453 artem
1603 421 1735 467 dicendi
1753 430 1824 455 esse
1848 424 2000 456 statuunt
2022 437 2030 455 :
2051 423 2170 458 deiude
2197 425 2301 468 legem
2321 426 2408 462 ferre

1361 475 1408 508 ita
1428 475 1522 508 facile
1549 486 1620 510 esse
1650 477 1851 517 existimant,
1882 480 1920 511 ut
1951 479 1994 511 sit
2019 480 2175 513 omnium.
2197 482 2408 519 Arbitrantur

1362 532 1449 564 enim
1477 532 1629 574 colligere
1650 533 1736 574 leges
1754 533 1902 566 omnium
1922 534 2072 576 opinione
2096 537 2334 581 comprobatas,
2353 542 2405 575 at-

1360 596 1425 629 que
1442 595 1483 619 ex
1496 587 1548 619 his
1563 587 1704 628 optimas
1726 587 1856 629 eligere,
1874 588 1937 621 hoc
1953 598 2024 622 esse
2036 591 2127 633 quod
2150 591 2238 635 leges
2253 592 2340 628 ferre
2353 595 2406 631 di-
2445 588 2447 590 ,
2464 587 2470 592 ⁴

1361 642 1477 682 cimus,
1502 644 1536 675 at
1565 652 1643 674 vero
1674 643 1856 686 dijudicare
1883 644 1970 687 leges
1997 647 2030 678 et
2055 647 2214 690 optimam
2241 659 2409 697 quamque

1360 698 1544 741 exquirere,
1565 709 1629 731 non
1651 699 1747 732 valde
1770 699 1904 733 difficile
1922 711 2002 735 esse.
2033 703 2135 747 Atqui
2163 704 2309 748 primum
2329 707 2408 752 qui-

1361 753 1437 786 dem
1459 763 1524 786 non
1552 757 1602 787 est
1621 754 1718 787 facile
1743 756 1776 788 et
1799 756 1946 798 cujusvis
1975 759 2064 791 recte
2094 758 2135 792 de
2165 759 2302 803 singulis
2319 771 2407 806 quae

1359 811 1587 852 proponuntur
1600 810 1748 852 judicare
1762 820 1868 853 posse,
1889 812 1946 845 sed
1969 813 2111 846 mirabili
2141 814 2355 858 intelligentia
2372 820 2408 851 et

1359 867 1479 900 mentis
1509 867 1685 909 agitatione
1716 868 1758 900 ad
1788 869 1872 902 hanc
1893 868 2087 902 facultatem
2107 880 2191 914 opus
2218 874 2270 906 est
2299 884 2307 906 ι
2330 882 2407 908 nam

1359 923 1418 965 qui
1448 922 1651 964 singularum
1670 933 1782 955 rerum
1814 933 1877 957 usu
1906 924 2003 967 periti
2027 916 2116 966 sunt,
2137 926 2284 968 judicare
2307 929 2407 963 etiam

1359 979 1400 1011 de
1421 978 1462 1011 iis
1482 981 1633 1021 possunt,
1654 981 1692 1011 ut
1713 979 1850 1013 musicae
1885 981 2011 1022 peritus
2035 981 2076 1014 de
2095 982 2232 1016 musicis
2257 982 2408 1026 judicare

1357 1036 1478 1076 potest,
1493 1036 1527 1066 et
1540 1034 1768 1080 grammaticae·
1775 1035 1902 1076 peritus
1915 1035 1956 1067 de
1973 1036 2208 1077 grammaticis,
2225 1037 2406 1082 eodemque

1357 1089 1456 1123 modo
1477 1089 1511 1121 in
1527 1089 1673 1128 caeteris,
1692 1090 1725 1121 hi
1744 1090 1832 1121 enim
1855 1090 1963 1122 sciunt
1991 1090 2114 1132 quibus
2131 1091 2231 1125 rebus
2250 1091 2324 1126 hmo
2347 1096 2407 1127 aut

1356 1144 1414 1176 illa
1432 1143 1642 1186 perficiantur
1658 1146 1692 1176 et
1709 1153 1786 1186 quae
1803 1143 1927 1186 quibus
1947 1147 2138 1186 congruant,
2167 1145 2246 1180 item
2266 1155 2344 1191 quoe
2362 1147 2408 1182 sit

1356 1198 1561 1240 singulorum
1580 1200 1700 1231 natura
1731 1211 1740 1230 ι
1773 1199 1917 1241 imperiti
1937 1208 2016 1232 vero
2044 1209 2150 1242 quum
2179 1200 2302 1235 horum
2321 1201 2406 1236 nihil

1357 1253 1473 1292 sciant,
1495 1253 1632 1286 meliora
1657 1255 1690 1286 et
1711 1253 1836 1295 optima
1863 1263 1928 1286 non
1954 1253 2085 1295 eligent.
2109 1254 2239 1288 Etenim
2261 1255 2407 1300 imperiti

1354 1308 1512 1350 praeclare
1532 1317 1646 1340 secum
1666 1308 1717 1350 agi
1738 1310 1868 1351 putant,
1889 1309 1917 1342 si
1938 1309 2001 1341 hoc
2025 1308 2134 1342 solum
2159 1309 2261 1352 probe
2288 1311 2404 1353 sciant,

1356 1364 1438 1397 bene
1458 1366 1517 1397 aut
1541 1364 1629 1398 male
1646 1374 1729 1407 opus
1747 1374 1818 1398 esse
1846 1364 1984 1406 factum,
2005 1364 2288 1408 quemadmodum
2304 1366 2405 1404 etiam

1353 1427 1387 1459 in
1405 1427 1537 1469 pictura
1554 1427 1592 1459 fit
1612 1438 1621 1460 ι
1639 1427 1760 1470 quippe
1781 1428 2088 1470 praestantissimam
2114 1428 2262 1473 aliquam
2285 1429 2406 1473 imagi—

1354 1492 1429 1515 nem
1448 1483 1530 1515 hene
1549 1483 1673 1525 pictam
1693 1492 1764 1516 esse
1789 1482 1980 1525 intelligere,
2001 1484 2102 1529 etiam
2127 1491 2242 1518 eorum
2258 1494 2329 1520 esse
2346 1492 2403 1529 po'·

1354 1539 1421 1570 test
1439 1538 1496 1580 qui
1514 1547 1685 1580 nunquam
1703 1539 1884 1580 attigerunt
1902 1540 2066 1581 picturam
2083 1553 2091 1573 z
2109 1540 2192 1573 scire
2205 1543 2318 1575 autem
2332 1551 2405 1576 eam
2444 1557 2447 1560 ⁴

1354 1602 1425 1625 esse
1446 1593 1765 1634 praestantissimam,
1788 1596 1822 1626 et
1837 1604 1904 1636 qua
1921 1597 2018 1636 parte
2038 1595 2080 1628 ab
2096 1594 2170 1628 aliis
2186 1595 2330 1636 differat,
2351 1607 2406 1631 so-

1353 1650 1418 1682 lius
1443 1653 1494 1682 est
1524 1650 1595 1692 ejus
1619 1650 1676 1692 qui
1701 1650 1834 1692 pingere
1858 1651 1932 1690 scit,
1964 1652 2023 1684 aut
2050 1651 2196 1695 aliquam
2225 1652 2296 1695 ejus
2319 1654 2401 1687 artis

1352 1705 1542 1738 exercendae
1572 1705 1764 1737 facultatem
1782 1708 1978 1739 consecutus
2003 1708 2064 1739 est.
2090 1708 2207 1750 Itaque
2224 1716 2331 1751 neque
2349 1708 2400 1752 pi-

1351 1761 1452 1793 ctoris
1466 1770 1550 1802 opus
1567 1762 1626 1792 aut
1644 1760 1775 1800 musici,
1794 1763 1853 1793 aut
1871 1761 2077 1802 grammatici
2097 1761 2166 1795 sine
2190 1771 2302 1796 rerum
2313 1763 2397 1798 ‘ista-

1350 1827 1425 1850 rum
1446 1817 1564 1849 notitia
1588 1817 1765 1859 quisquam
1787 1819 1877 1850 recte
1894 1815 2043 1859 judicare
2075 1819 2202 1860 potest,
2231 1828 2338 1864 neque
2357 1821 2399 1855 de

1350 1873 1441 1916 regni
1455 1873 1731 1915 publicorumque
1744 1873 1948 1914 negotiorum
1962 1874 2185 1915 procuratoris
2195 1884 2293 1918 opere
2305 1877 2399 1919 quis—

1349 1939 1450 1972 quam
1473 1927 1595 1969 estqui
1617 1927 1686 1959 sine
1704 1927 1794 1959 civili
1811 1927 1948 1960 scientia
1962 1927 2124 1968 judicium
2153 1928 2266 1963 facere
2282 1931 2395 1973 possit.

1350 1986 1407 2016 Est
1424 1984 1535 2015 autem
1552 1981 1607 2013 lex
1629 1991 1739 2013 rerum
1756 1981 1965 2024 publicarum
1981 1982 2120 2015 rectoris
2135 1991 2227 2026 opus.
2247 1985 2396 2020 Primum

1349 2038 1450 2080 igitur
1464 2037 1617 2079 colligere
1633 2037 1720 2079 leges
1747 2040 1847 2080 atque
1866 2048 1908 2071 ex
1922 2038 1976 2071 his
1989 2038 2131 2080 optimas
2147 2039 2265 2082 eligere
2286 2051 2394 2085 nemo,

1347 2093 1407 2136 qui
1433 2093 1570 2126 rationis
1597 2093 1703 2126 civilis
1730 2103 1847 2136 expers
1874 2094 1928 2133 sit,
1958 2096 2078 2136 potest,
2107 2094 2237 2136 deinde,
2266 2097 2396 2133 etiamsi

1348 2150 1413 2182 hoc
1430 2149 1657 2187 concedamus,
1683 2159 1779 2190 posse
1796 2149 1962 2183 hominem
1985 2150 2045 2192 qui
2072 2160 2136 2183 non
2152 2152 2266 2194 praesit
2287 2154 2394 2198 reipu-

1347 2207 1442 2239 blicae
1467 2208 1501 2238 et
1519 2206 1670 2247 judicare
1693 2205 1779 2247 leges
1804 2209 1838 2238 et
1854 2217 1895 2239 ex
1917 2207 1958 2240 iis
1976 2207 2119 2249 optimas
2151 2208 2314 2252 colligere,
2347 2221 2392 2246 ne

1347 2263 1410 2295 hoc
1427 2262 1563 2305 quidem
1577 2262 1619 2294 ad
1631 2261 1820 2303 efficiendos
1835 2263 1925 2296 viros
1942 2263 2086 2297 civitatis
2107 2265 2257 2308 regendae
2270 2267 2395 2310 peritos

1347 2320 1380 2351 et
1405 2318 1448 2350 ad
1476 2318 1562 2360 leges
1586 2317 1738 2351 ferendas
1771 2321 1865 2360 aptos
1891 2319 2048 2359 sufficiet,
2073 2329 2179 2362 quum
2207 2331 2248 2355 ne
2271 2323 2413 2358 medici.

1345 2376 1482 2418 quidem
1504 2375 1650 2408 collectis
1675 2378 1708 2408 et
1729 2376 1948 2417 pervolutatis
1965 2376 2170 2410 medicorum
2202 2377 2297 2412 libris
2324 2390 2391 2414 me·

1346 2431 1411 2464 dici
1431 2431 1574 2464 evadant
1592 2445 1599 2463 ε
1620 2431 1714 2473 atqui
1727 2431 1811 2464 tales
1831 2431 1981 2464 homines
2001 2441 2186 2466 memorare
2202 2435 2236 2466 et
2263 2435 2393 2470 tradere

1346 2491 1506 2521 conantur
1523 2498 1587 2521 non
1609 2488 1715 2521 solum
1738 2488 1946 2521 curationum
1959 2498 2087 2530 genera,
2108 2490 2166 2523 sed
2185 2491 2285 2526 etiam
2303 2502 2389 2536 quo-

1345 2547 1445 2579 modo
1466 2546 1543 2587 aegri
1566 2546 1619 2578 his
1640 2546 1796 2579 remediis
1824 2546 1985 2579 adhibitis
2014 2547 2121 2579 curati
2145 2547 2223 2588 sint,
2247 2551 2281 2583 et
2309 2560 2389 2594 quo-

1345 2604 1443 2636 modo
1466 2602 1584 2644 singuli
1608 2602 1718 2635 morbi
1741 2601 1878 2634 sanandi
1911 2601 2056 2643 fuerint,
2080 2604 2161 2647 quin
2187 2605 2287 2639 etiam
2313 2617 2386 2640 cor-

1345 2669 1463 2702 porum
1487 2658 1629 2690 habitus
1650 2660 1685 2690 ct
1700 2658 1897 2691 morborum
1914 2651 2069 2691 naturam
2085 2659 2305 2702 distinguunt,
2331 2663 2389 2697 sed

1343 2718 1454 2748 tamen
1473 2724 1538 2746 non
1556 2716 1633 2746 sunt
1647 2713 1767 2746 medici
1782 2722 1790 2746 z
1810 2715 1860 2746 est
1878 2715 1965 2747 enim
1981 2715 2182 2757 experientia
2195 2717 2339 2760 quadam
2353 2722 2388 2752 et

1342 2772 1580 2805 consuetudine
1603 2780 1687 2812 opus
1708 2784 1715 2803 :
1734 2771 1855 2813 scripta
1879 2781 1959 2804 vero
1988 2773 2022 2804 et
2043 2772 2205 2814 ejusmodi
2223 2777 2387 2818 praecepta

1342 2829 1465 2871 peritos
1495 2827 1631 2869 quidem
1659 2827 1802 2868 aptiores
1824 2826 1984 2866 efficiunt,
2008 2828 2185 2870 ⁴imperitis
2209 2831 2320 2862 autem
2343 2831 2386 2864 ad

1342 2884 1474 2917 morbos
1496 2882 1658 2916 sanandos
1674 2883 1756 2915 nihil
1770 2885 1909 2925 prosunt
1931 2895 1938 2914 ε
1955 2883 2070 2916 eodem
2086 2892 2163 2916 sane
2179 2884 2278 2917 modo
2291 2883 2326 2918 in
2342 2885 2386 2918 le·

1343 2941 1438 2983 gibus
1451 2950 1585 2983 quoque
1598 2940 1743 2973 ferendis
1761 2942 1862 2983 atque
1884 2940 1919 2972 in
1933 2940 2101 2983 republica
2122 2941 2262 2983 gerenda
2282 2951 2316 2974 se
2332 2951 2386 2976 res

1342 2997 1452 3031 habet.
1471 3000 1554 3030 Nam
1581 2997 1732 3039 colligere
1764 2998 1849 3039 leges
1873 3000 1906 3031 et
1931 2998 2132 3040 perscrutari
2161 2995 2283 3032 omnes’
2308 3008 2384 3042 quae

1342 3053 1464 3094 ubique
1478 3054 1557 3084 sunt
1578 3052 1784 3094 respublicas
1796 3052 1838 3084 iis
1854 3053 1913 3094 qui
1935 3062 1998 3085 usu
2025 3052 2123 3094 periti
2150 3053 2276 3094 singula
2294 3055 2383 3086 recte

1341 3106 1547 3138 considerare
1567 3108 1705 3148 possunt
1730 3108 1831 3148 atque
1852 3106 2045 3148 intelligere,
2065 3116 2142 3149 quae
2162 3116 2215 3139 res
2239 3106 2322 3139 bene
2348 3109 2382 3139 et

1339 3170 1415 3202 quae
1434 3160 1519 3192 male
1543 3170 1577 3192 se
1602 3160 1756 3199 habeant,
1781 3163 1814 3194 et
1835 3170 1912 3202 quae
1935 3161 2058 3203 quibus
2083 3162 2271 3202 congruant,
2293 3161 2382 3193 mul-

1341 3217 1412 3247 tum
1426 3216 1597 3257 profuerit,
1616 3217 1771 3259 quoniam
1793 3227 1831 3249 eo
1847 3217 1945 3249 modo
1967 3218 2071 3250 semet
2086 3217 2174 3258 ipsos
2190 3216 2223 3248 in
2238 3215 2379 3258 pruden-

1340 3269 1387 3300 tia
1408 3269 1497 3301 civili
1514 3271 1714 3312 superabunt
1731 3283 1738 3302 ε
1757 3271 1798 3302 iis
1811 3280 1889 3302 vero
1905 3270 1963 3311 qui
1985 3270 2054 3302 sine
2069 3270 2129 3302 tali
2148 3269 2248 3302 animi
2262 3269 2379 3301 habitu

1340 3322 1372 3352 et
1401 3322 1551 3363 imperite
1587 3322 1659 3355 haec
1682 3322 1845 3365 persecuti
1878 3321 2002 3354 fuerint
2025 3322 2110 3354 nihil
2140 3321 2288 3364 proderit
2316 3321 2380 3352 hoc

1340 3373 1489 3406 studium
1516 3375 1557 3406 ad
1585 3375 1693 3418 legum
1721 3374 1927 3408 ferendarum
1958 3373 2150 3407 facultatem
2177 3382 2379 3416 consequen-
