2528 3788
329 215 406 254 116

327 302 376 351 δ’,
398 302 515 342 ἄνισον
535 303 667 356 πάντῃ·
687 302 726 343 τὸ
743 303 779 343 δέ
792 333 803 351 ,
824 303 874 352 ‘rt->1
897 305 959 354 μὲν
979 307 1075 356 ἴσον,
1099 307 1148 355 πὴ
1164 308 1195 347 δ’
1213 311 1329 349 ἄνισον
1348 341 1357 358 ,

325 360 443 413 ὥσπερ
463 365 482 408 ἡ
505 361 675 412 δαιμόνων
696 363 793 415 φύσις
806 362 934 415 ἔχουσα
954 365 1013 404 καὶ
1036 365 1143 411 πάθος
1159 370 1281 415 θνητοῦ
1300 369 1359 407 καὶ

325 422 399 457 θεοῦ
419 418 576 469 δύναμιν.

377 479 633 528 (Plutarchus
658 481 707 519 de
725 482 869 522 oracul.
891 483 968 521 def.
993 497 1077 536 cap.
1105 487 1166 534 13,
1189 487 1268 527 vol.
1292 487 1358 538 lx,

323 550 361 587 p.
388 538 463 588 319
482 538 543 578 ed.
568 540 751 590 Hutten.)

376 609 421 635 11.
442 597 548 637 Ἀλλὰ
571 598 722 651 φαύλους
741 598 803 650 μὲν
827 599 937 654 (ἔφη)
959 602 1125 652 δαίμονας
1143 605 1206 642 οὔκ
1224 603 1359 654 Ἐμπε-

322 656 446 703 δοκλῆς
473 657 602 709 μόνον,
638 651 667 697 ὦ
700 657 933 711 Ἡρακλέων,
963 661 1151 711 ἀπέλιπεν,
1180 662 1269 701 ἀλλὰ
1300 662 1359 702 καὶ

321 716 475 756 Πλάτων
497 717 555 755 καὶ
577 717 802 771 Ξενοκράτης
820 717 881 757 καὶ
901 720 1119 771 Χρύσιππος.

319 796 322 807 ·
377 776 633 827 (Plutarchus
652 777 700 815 de
720 780 868 818 oracul.
891 780 967 820 def.
991 794 1074 832 cap.
1103 796 1164 829 17,
1187 783 1266 821 vol.
1290 782 1356 830 IX,

320 848 358 885 p.
385 835 458 872 326
479 835 540 876 ed.
568 836 723 875 Hutten.
745 836 806 876 Cf.
823 838 965 878 Euseb.
987 839 1111 889 Praep.
1130 839 1202 880 Ev.
1224 839 1294 877 lib.
1313 839 1356 888 V,

320 907 401 945 cap.
428 909 488 942 17,
511 909 550 946 p.
587 897 678 935 206.
701 896 744 935 Β.
767 896 875 934 Adde
901 896 1050 937 Philos.
1073 898 1196 935 Graec.
1220 897 1355 947 fragm.

318 953 398 991 vol.
420 954 448 1000 1,
468 965 554 1004 pag.
575 953 718 993 XVIII.
737 952 747 1005 )

372 1023 419 1049 12.
441 1010 488 1050 ‘0
503 1012 536 1050 δὲ
556 1010 778 1064 Ξενοκράτης
793 1012 851 1050 καὶ
871 1014 940 1051 τῶν
957 1015 1096 1065 ἡμερῶν
1117 1013 1177 1058 τὰς
1197 1014 1356 1066 ἀποφρά-

318 1070 398 1120 δας,
425 1069 485 1108 καὶ
503 1073 571 1109 τῶν
591 1072 717 1122 ἑορτῶν
740 1069 818 1109 ὅσαι
834 1071 973 1124 πληγάς
993 1088 1108 1123 τινας,
1131 1073 1152 1119 ἢ
1173 1072 1352 1124 κοπετούς,

317 1127 338 1175 ἢ
369 1128 551 1177 νηστείας,
572 1127 594 1176 ἢ
620 1128 836 1183 δυσφημίας,
866 1130 889 1177 ἢ
921 1131 1169 1184 αἰσχρολογίαν
1190 1130 1353 1183 ἔχουσιν,

316 1185 394 1225 οὔτε
425 1189 509 1225 θεῶν
543 1193 681 1238 τιμαῖς,
712 1187 791 1227 οὔτε
821 1189 995 1240 δαιμόνων
1029 1190 1138 1228 οἴεται
1165 1191 1368 1242 προσήκειν

315 1248 502 1297 χρηστῶν,
525 1244 615 1284 ἀλλὰ
635 1239 724 1285 εἶναι
748 1246 867 1299 φύσεις
887 1249 921 1286 ἐν
942 1250 993 1300 τῷ
1018 1247 1217 1301 περιέχοντι
1245 1248 1354 1299 μεγά-

315 1305 379 1348 λας
398 1303 460 1354 μὲν
485 1304 544 1343 καὶ
570 1305 738 1358 ἰσχυράς,
754 1305 965 1358 δυστρόπους
987 1306 1023 1345 δὲ
1042 1306 1102 1344 καὶ
1119 1307 1326 1358 σκυθρωπάς
1340 1336 1351 1355 ,

316 1362 353 1400 αἳ
370 1362 534 1416 χαίρουσι
553 1364 623 1408 τοῖς
643 1362 810 1408 τοιούτοις
828 1363 889 1403 καὶ
908 1364 1141 1417 τυγχάνουσαι
1154 1365 1239 1417 πρὸς
1255 1365 1351 1404 οὐθὲν

315 1422 401 1459 ἄλλο
420 1423 536 1474 χεῖρον
559 1422 757 1474 τρέπονται.

369 1481 622 1532 (Plutarchus
637 1482 684 1520 de
699 1482 801 1522 Iside
814 1491 851 1520 et
864 1482 967 1523 Osir.
987 1496 1070 1534 cap.
1097 1484 1162 1534 26,
1180 1483 1262 1522 voI.
1281 1483 1349 1534 IX,

313 1553 400 1591 pag.
429 1542 500 1579 136
522 1542 584 1581 ed.
609 1541 791 1593 Hutten.)

368 1612 416 1637 13.
441 1598 487 1639 ‘O
513 1599 547 1637 δὲ
570 1599 793 1653 Ξενοκράτης
813 1599 857 1639 τὰ
876 1599 936 1651 μὲν
964 1599 1078 1654 ἄστρα
1096 1601 1156 1639 καὶ
1175 1600 1232 1640 τὸν
1253 1601 1349 1648 ἥλιον

312 1661 351 1699 ἐκ
379 1658 486 1710 πυρός
507 1674 592 1709 φησι
622 1658 682 1698 καὶ
703 1662 764 1697 τοῦ
789 1659 929 1711 πρώτου
961 1665 1092 1699 πυκνοῦ
1126 1661 1347 1711 συγκεῖσθαι,

310 1715 374 1761 τὴν
394 1716 429 1754 δὲ
451 1717 598 1765 σελήνην
620 1718 659 1755 ἐκ
676 1721 736 1755 τοῦ
758 1718 917 1770 δευτέρου
936 1722 1067 1757 πυκνοῦ
1086 1717 1147 1756 καὶ
1171 1721 1231 1756 τοῦ
1261 1718 1349 1757 ἰδίου

311 1773 431 1825 ἀέρος,
451 1775 515 1822 τὴν
533 1775 569 1814 δὲ
586 1779 651 1826 γῆν
677 1776 711 1820 ἐξ
730 1775 853 1820 ὕδατος
871 1777 930 1815 καὶ
953 1777 1061 1830 πυρὸς
1076 1777 1136 1815 καὶ
1154 1781 1214 1815 τοῦ
1231 1777 1349 1829 τρίτου

309 1835 378 1871 τῶν
400 1836 540 1872 πυκνῶν
553 1849 561 1859 ·
580 1835 667 1878 ὅλως
683 1835 719 1873 δὲ
743 1834 833 1884 μήτε
851 1834 891 1874 τὸ
907 1835 1035 1874 πυκνὸν
1050 1836 1135 1874 αὐτὸ
1153 1834 1230 1875 καθ’
1251 1835 1348 1884 αὑτό,

311 1892 401 1941 μήτε
417 1893 458 1930 τὸ
481 1892 607 1942 μανόν,
631 1887 718 1930 εἶναι
739 1894 855 1946 ψυχῆς
870 1893 1044 1934 δεκτικόν.

367 1951 623 2001 (Plutarchus
641 1951 689 1989 de
723 1952 820 1990 facie
839 1953 881 1990 in
907 1953 1005 1991 orbe
1034 1954 1136 1992 Iunae
1162 1966 1247 2004 cap.
1280 1967 1346 2004 29,

308 2010 390 2049 vol.
411 2009 522 2057 XIII,
545 2024 631 2061 pag.
655 2012 703 2060 93
726 2011 785 2049 ed.
808 2011 965 2051 Hutten.
985 2013 996 2063 )

342 2082 410 2108 .14.
432 2069 654 2121 Ξενοκράτης
686 2068 777 2107 κατὰ
799 2070 881 2117 μίαν
909 2066 1109 2124 ἐπιφάνειαν
1140 2070 1249 2110 οἴεται
1275 2071 1348 2109 κεῖ-

310 2130 391 2166 σθαι
411 2127 487 2171 τοὺς
504 2128 673 2181 ἀστέρας·
694 2130 725 2166 οἱ
744 2127 900 2166 δὲ-ἅλλοι
923 2128 1076 2167 Στωϊκοὶ
1092 2128 1159 2181 πρὸ
1182 2131 1250 2167 τῶν
1270 2128 1345 2166 ἑτέ-

309 2202 377 2239 ρων
395 2187 471 2230 τοὺς
485 2186 620 2239 ἑτέρους
637 2188 672 2224 ἐν
694 2186 774 2240 ὕψει
794 2187 854 2225 καὶ
879 2188 989 2239 βάθει.

362 2245 560 2298 (Stobaeus
579 2245 711 2295 Eclog.
735 2246 852 2296 Phys.
875 2246 944 2286 lib.
966 2245 998 2294 l,
1018 2260 1101 2298 cap.
1124 2253 1189 2296 24,
1206 2260 1245 2297 p.
1269 2246 1343 2292 514

307 2317 388 2355 seq.
406 2304 467 2342 ed.
489 2304 762 2355 Heeren;pag.
780 2317 854 2342 200
870 2305 929 2344 ed.
943 2305 1148 2353 Gaisford;
1166 2318 1254 2356 pag.
1272 2310 1340 2349 141

305 2484 429 2515 naturae
447 2481 609 2514 conferret
622 2481 822 2522 triangulum
837 2482 1077 2524 aequilaterum,
1098 2481 1228 2514 mortali
1245 2481 1340 2515 fasti-

304 2542 357 2582 gio
372 2540 536 2573 scalenum
547 2566 555 2581 ,
573 2541 740 2582 geniorum
760 2541 919 2583 prosapiae
935 2541 1172 2583 aequicrurium
1195 2554 1204 2574 ι
1221 2541 1341 2584 quippe

304 2600 445 2640 primum
464 2598 608 2640 undique
624 2599 748 2641 aequale
766 2601 828 2640 est,
849 2600 988 2633 alterum
1006 2600 1169 2642 inaequale
1181 2625 1189 2641 ‚
1205 2599 1343 2632 tertium

305 2657 376 2686 tum
390 2655 519 2695 oequale
535 2655 608 2686 tum
625 2654 798 2696 inaequale,
818 2657 856 2687 ut
870 2656 1038 2697 geniorum
1051 2658 1166 2689 natura
1185 2655 1282 2689 simul
1297 2655 1342 2688 af-

302 2713 497 2746 fectionibus
511 2712 662 2746 humanis
677 2714 772 2747 simul
788 2714 841 2747 dei
855 2715 980 2748 viribus
996 2716 1182 2758 conspicua.

348 2773 396 2805 11.
416 2771 478 2803 sed
492 2771 595 2804 malos
618 2771 759 2813 (inquit)
778 2772 889 2814 genios
911 2782 999 2815 esse,
1019 2783 1083 2806 non
1101 2774 1208 2806 solum
1221 2776 1340 2815 Empe-

303 2829 437 2870 docies,
453 2838 474 2862 o
490 2830 650 2862 Heracleo
662 2855 670 2871 ,
694 2827 853 2872 scriptum
866 2832 1020 2873 reliquit,
1045 2833 1103 2865 sed
1119 2834 1212 2866 Plato
1227 2833 1339 2873 etiam,

303 2888 500 2921 Xenocrates
518 2890 551 2921 et
565 2888 778 2931 Chrysippus.

348 2950 397 2979 12.
427 2948 624 2980 Xenocrates
642 2947 741 2980 etiam
763 2948 833 2981 (lies
848 2949 992 2982 nefastos
1010 2951 1044 2983 et
1073 2951 1195 2993 festos,
1224 2951 1342 2992 quibus

267 3015 270 3017 ’
303 3005 448 3044 verbera,
462 3006 621 3047 planctus,
635 3005 769 3047 jejunIa,
783 3007 861 3039 mali
874 3007 991 3040 ominis
1004 3018 1102 3041 voces
1115 3011 1174 3042 aut
1187 3009 1342 3043 obscoena

305 3064 395 3097 dicta
409 3066 621 3105 usurpantur,
645 3073 752 3105 neque
778 3074 854 3097 cum
877 3065 1013 3099 deorum
1029 3076 1136 3109 neque
1147 3077 1222 3100 cum
1239 3068 1339 3101 bono-

304 3132 375 3155 rum
390 3123 562 3164 geniorum
586 3123 679 3155 cultu
697 3122 870 3155 convenire
887 3125 1018 3164 censct;
1039 3125 1097 3156 sed
1119 3134 1191 3158 esse
1214 3125 1249 3157 in
1267 3134 1343 3158 aere

304 3183 440 3215 naturas
459 3181 621 3225 quasdam
641 3191 775 3224 magnas
792 3184 825 3214 et
843 3181 960 3223 fortes,
978 3183 1173 3224 easdemque
1196 3193 1342 3216 morosas

305 3249 345 3274 ac
365 3240 532 3283 difficiles,
553 3249 628 3282 quae
645 3240 739 3273 istius
756 3240 843 3273 modi
862 3241 961 3273 rebus
980 3241 1202 3283 delectentur,
1220 3251 1343 3283 casque

306 3300 490 3332 consecutae
504 3299 682 3342 injuriosiae
698 3308 772 3332 esse
789 3299 949 3332 desinant.

350 3361 401 3392 13.
432 3360 628 3391 xenocrates
647 3367 726 3391 vero
753 3359 863 3391 stellas
888 3359 923 3391 et
951 3358 1052 3392 solem
1075 3367 1116 3392 ex
1136 3358 1210 3402 igne
1237 3360 1283 3393 ait
1310 3361 1343 3392 et

305 3416 412 3460 primo
429 3417 529 3450 denso
547 3418 696 3450 constare
707 3441 717 3458 ‚
737 3418 849 3450 lunam
870 3426 911 3450 ex
929 3417 1074 3451 secundo
1090 3418 1192 3452 denso
1208 3419 1243 3451 et
1266 3428 1336 3460 pro-

1216 250 1218 253 s
1231 221 1549 265 XENOCRATIS

1421 314 1482 353 ed.
1503 314 1670 355 Meinek.
1696 315 1801 354 Idem
1822 317 1931 355 locus
1950 326 2073 356 exstat
2092 319 2192 370 apud
2213 319 2444 372 Pseudophi-

1421 375 1592 413 tarchum
1614 375 1661 413 de
1683 375 1816 415 placit.
1846 375 1944 426 phil.
1964 376 2034 415 Iib.
2058 377 2111 425 II,
2137 391 2223 429 cap.
2252 379 2296 415 15
2320 387 2360 417 et
2378 378 2454 418 Eu·

1421 431 1568 471 sebium
1582 433 1705 485 Praep.
1725 434 1871 483 Evang.
1888 434 1956 471 lib.
1972 434 2052 483 XV,
2070 449 2152 487 cap.
2171 438 2233 484 46,
2250 450 2336 488 pag.
2358 439 2450 488 846,

1421 491 1496 528 nisi
1518 491 1623 542 quod
1644 492 1699 530 ibi
1719 492 1860 542 legitur
1883 507 1891 530 τ
1921 492 2144 546 Ξενοκράτης
2161 495 2251 534 κατὰ
2272 492 2354 546 μίαν
2372 497 2454 535 ἐπι-

1420 548 1559 600 φάνειαν
1594 549 1702 588 οἴεται
1729 553 1909 590 κινεῖσθαι.
1940 551 2015 590 Sed
2042 555 2223 603 quoniam
2253 554 2300 592 de
2332 555 2454 595 stellis

1420 608 1679 646 inerrantibus
1693 610 1847 647 videtur
1866 611 2076 661 (imputari,
2093 624 2172 648 non
2189 614 2374 659 κινεῖσθαι,
2386 612 2452 650 sed

1419 670 1555 704 κεῖσθαι
1577 667 1642 704 hic
1662 667 1827 716 flagitari
1848 677 2021 718 apparet.
2043 667 2093 706 Ut
2112 677 2237 707 autem
2257 668 2329 708 hac
2351 671 2392 708 in
2410 681 2454 714 re

1420 725 1565 762 certior
1589 734 1722 763 auctor
1749 726 1923 764 Stobaeus
1945 735 2003 764 est
2024 741 2034 764 ε
2069 727 2123 765 ita
2147 727 2341 779 scriptura
2361 727 2452 767 κατὰ

1419 789 1499 832 μιᾶς
1513 783 1730 835 ἐπιφανείας,
1753 797 1867 835 quam
1883 785 1967 835 ejus
1988 785 2139 824 codices
2154 785 2347 837 praebent,
2367 798 2452 824 mu-

1418 840 1533 877 tanda
1549 841 1590 878 in
1610 840 1700 878 κατὰ
1718 840 1800 890 μίαν
1821 843 2036 894 ἐπιφάνειαν.
2058 843 2164 881 Hanc
2184 844 2286 882 enim
2303 843 2452 884 Plutan-
2492 893 2503 901 .

1418 898 1480 935 chi
1501 908 1537 936 et
1563 898 1723 937 Eusebii
1748 902 1983 951 exemplaria
2001 902 2198 942 exhibent.
2222 903 2364 941 Mirum
2393 911 2451 942 est

1417 955 1572 995 haesisse
1593 958 1750 996 criticos
1779 967 1816 996 et
1848 960 2077 1010 interpretes
2097 973 2230 999 omnes
2255 961 2297 999 in
2316 959 2450 1000 verbis

1416 1015 1446 1051 οἱ
1467 1013 1502 1052 δὲ
1524 1014 1621 1053 ἄλλοι
1651 1015 1822 1064 Στωϊκοὶ;
1841 1017 1906 1054 sed
1932 1017 2088 1055 illoru'm
2111 1031 2263 1058 errores
2287 1020 2452 1058 convin-

1416 1085 1500 1109 cere
1520 1074 1764 1124 supersedeo.
1788 1074 1945 1112 Constat
1964 1076 2065 1113 enim
2089 1075 2192 1120 ἄλλος
2217 1089 2319 1129 saepe
2340 1077 2449 1116 salva

1416 1133 1603 1170 sententia
1632 1133 1757 1171 omitti
1787 1147 1921 1184 posse,
1961 1134 2067 1172 velut
2113 1135 2215 1187 apud
2247 1135 2446 1186 Platonem

1416 1189 1538 1239 Gorg.
1561 1205 1599 1241 p.
1619 1193 1710 1238 473.
1734 1191 1776 1230 C.
1795 1193 2112 1243 εὐδαιμονιζόμενος
2125 1192 2193 1231 ὑπὸ
2208 1196 2276 1232 τῶν
2296 1195 2446 1233 πολιτῶν

1416 1247 1475 1284 καὶ
1493 1249 1560 1285 τῶν
1579 1248 1694 1286 ἄλλων
1711 1248 1815 1293 ξένων
1826 1279 1837 1300 ,
1852 1249 1920 1287 ubi
1937 1250 2026 1288 vide
2041 1249 2325 1291 Heindorfium.
2339 1252 2449 1291 Adde

1415 1308 1578 1346 eundem
1601 1309 1649 1347 ad
1666 1310 1796 1349 Phaed.
1826 1323 1916 1361 pag.
1943 1325 2030 1350 110.
2049 1311 2116 1363 E.)

1469 1379 1513 1405 15.
1544 1367 1613 1405 Καὶ
1633 1368 1700 1421 γὰρ
1726 1369 1828 1406 αὐτὸν
1855 1368 1946 1407 οὕτω
1972 1370 2031 1408 τὸν
2051 1369 2179 1422 κόσμον
2208 1373 2248 1410 ἐκ
2273 1373 2342 1410 τῶν
2373 1371 2447 1411 ἅνω

1412 1425 1472 1463 καὶ
1491 1427 1560 1464 τῶν
1580 1425 1676 1464 κάτω
1696 1426 1795 1478 φύσει
1815 1427 2012 1479 φερομένων
2033 1428 2317 1482 συνηρμοσμένον
2332 1430 2446 1478 ἀπηλ-

1412 1482 1541 1535 λάχθαι
1564 1483 1769 1523 παντάπασι
1788 1488 1849 1532 τῆς
1869 1485 1962 1523 κατὰ
1979 1486 2085 1525 τόπον
2106 1487 2287 1533 κινήσεως.
2318 1489 2443 1528 Ταῦτα

1412 1539 1447 1579 δὲ
1467 1542 1525 1580 καὶ
1546 1542 1766 1593 Ξενοκράτης
1782 1542 1891 1581 ἔοικεν
1910 1545 2070 1591 ἐννοῆσαι
2083 1545 2170 1598 γθείῳ
2188 1545 2255 1584 τινὶ
2270 1546 2444 1599 λογισμῷ,

1410 1597 1472 1646 τὴν
1495 1600 1606 1653 ἀρχὴν
1633 1600 1753 1639 λαὸὼν
1774 1601 1874 1655 παρὰ
1897 1602 2100 1648 Πλάτωνος.

1464 1658 1722 1710 (Plutarchus
1752 1661 1799 1698 de
1821 1660 1916 1699 facie
1936 1662 1979 1699 in
2010 1661 2107 1700 orbe
2133 1662 2237 1700 Iunae
2271 1675 2356 1714 cap.
2382 1677 2445 1713 29,

1410 1718 1491 1758 vol.
1511 1717 1619 1766 XIII,
1637 1732 1727 1770 pag.
1750 1721 1800 1770 93
1817 1719 1879 1759 ed.
1903 1718 2083 1772 Hutten.)

1466 1789 1511 1816 lo.
1541 1777 1764 1827 Ξενοκράτης
1787 1777 1911 1829 μέτρον
1940 1780 2008 1816 τῶν
2029 1780 2201 1829 γεννητῶν
2227 1778 2287 1818 καὶ
2310 1778 2444 1828 κίνησιν

1410 1831 1518 1873 ἀίδιον
1539 1835 1622 1885 (τὸν
1642 1834 1766 1887 χρόνον
1784 1835 1915 1887 ἔλεγε).

1465 1894 1475 1943 (
1494 1892 1668 1932 Stobaeus
1699 1893 1832 1944 Eclog.
1867 1895 1986 1945 Phys.
2026 1895 2096 1933 lib.
2131 1895 2166 1943 Ι,
2205 1909 2291 1948 cap.
2324 1898 2363 1944 8,
2392 1901 2442 1940 40

1409 1964 1495 2001 pag.
1531 1952 1608 1989 250
1637 1952 1698 1992 ed.
1740 1953 1910 2001 Heeren3
1942 1966 2028 2005 pag.
2061 1967 2109 2004 91
2141 1954 2203 1993 ed.
2235 1953 2440 2002 Gaisford3

1409 2023 1497 2060 pag.
1517 2002 1570 2047 '63
1589 2011 1648 2049 ed.
1672 2011 1858 2060 treinel..)

1463 2082 1512 2108 17.
1540 2071 1644 2107 Δοκεῖ
1666 2068 1728 2119 μὲν
1753 2068 1838 2121 πρὸς
1856 2069 2080 2122 Ξενοκράτην
2105 2070 2259 2120 μάλιστα
2277 2070 2337 2111 καὶ
2365 2070 2444 2116 τοὺς

1408 2126 1656 2170 Πλατωνικοὺς
1682 2130 1700 2165 ὁ
1729 2127 1830 2177 λόγος
1866 2127 2008 2178 τείνειν,
2035 2127 2122 2168 διότι
2146 2127 2181 2175 ἐξ
2205 2129 2359 2169 ἀτάκτου
2381 2129 2442 2169 xli

1407 2186 1636 2237 πλημμελοῦς
1653 2186 1829 2238 γεγονέναι
1849 2186 1907 2225 τὸν
1928 2186 2061 2239 κόσμον
2079 2186 2186 2241 φασί,
2209 2190 2269 2226 τοῦ
2289 2189 2442 2228 Πλάτωὲ

1407 2259 1461 2288 νος
1481 2245 1633 2289 εἰπόντος
1665 2262 1681 2279 «
1703 2244 1918 2296 παραλαὸὼν
1939 2244 2006 2298 γὰρ
2037 2248 2055 2283 ὃ
2083 2245 2166 2301 θεὸς,
2190 2252 2260 2285 πᾶν
2294 2245 2372 2286 ὅσον
2397 2242 2439 2295 ἧν

1382 2332 1389 2339 .
1407 2303 1530 2356 ὁρατὸν
1544 2304 1611 2355 οὐχ
1625 2302 1777 2355 ἡσυχίαν
1799 2302 1881 2355 ἄγον
1901 2303 1992 2342 ἀλλὰ
2010 2302 2209 2356 κινούμενον
2224 2297 2442 2357 πλημμελῶς

1400 2479 1472 2522 prio
1501 2488 1576 2513 aere
1589 2504 1597 2520 ‚
1626 2481 1748 2512 terram
1776 2489 1818 2513 ex
1862 2489 1949 2522 aqua
1973 2482 2008 2514 et
2036 2481 2110 2523 igne
2139 2483 2173 2515 et
2197 2482 2293 2516 tertio
2320 2482 2437 2523 dense3

1402 2537 1532 2569 omnino
1559 2538 1667 2570 autem
1686 2546 1792 2578 neque
1818 2537 1956 2571 densum
1971 2538 2080 2580 ipsum
2103 2547 2162 2580 per
2186 2548 2234 2580 se,
2252 2548 2358 2581 nequo
2381 2549 2436 2573 ra-

1402 2605 1476 2629 rum
1497 2595 1612 2629 animae
1628 2604 1700 2628 esse
1717 2604 1830 2638 capax.

1445 2657 1493 2688 14.
1514 2655 1712 2688 Xenocrates
1727 2654 1762 2687 in
1777 2664 1842 2688 una
1866 2655 2038 2698 superficie
2052 2656 2176 2699 positas
2192 2658 2288 2700 putat
2299 2658 2409 2692 stellas
2426 2671 2435 2692 ε

1401 2715 1436 2747 at
1452 2713 1550 2747 Stoici
1565 2713 1645 2746 alias
1658 2713 1730 2747 aliis
1747 2713 1846 2747 altius
1857 2715 1909 2748 vel
1925 2715 2092 2751 humilius.
2433 2728 2436 2730 ’

1445 2776 1494 2805 15.
1522 2774 1605 2806 Nam
1631 2772 1739 2814 ipsum
1754 2782 1882 2815 quoque
1898 2774 2058 2808 mundum
2074 2775 2122 2808 ita
2141 2783 2182 2809 ex
2202 2775 2254 2816 iis,
2280 2785 2355 2818 quae
2375 2787 2437 2811 sua

1401 2832 1519 2864 natura
1533 2840 1664 2865 sursum
1689 2832 1724 2864 et
1741 2831 1896 2865 deorsum
1923 2833 2086 2874 feruntur,
2104 2835 2181 2875 apte
2198 2835 2433 2878 compositum,

1400 2889 1541 2922 liberum
1559 2898 1633 2922 esse
1649 2889 1691 2922 ab
1710 2889 1799 2922 omni
1816 2889 1881 2922 loci
1897 2891 2090 2926 mutatione.
2104 2893 2184 2925 Haec
2201 2893 2299 2926 etiam
2323 2895 2434 2928 xeno--

1402 2949 1508 2981 crates
1533 2947 1665 2981 videtur
1679 2947 1834 2981 divinitus
1852 2949 2037 2991 concepisse
2055 2952 2175 2994 mente,
2196 2951 2388 2995 principium
2416 2963 2437 2986 a

1402 2997 1535 3041 Platone
1548 3008 1730 3040 mutuatus.

1447 3069 1496 3100 16.
1514 3067 1711 3100 Xenocrates
1727 3066 1898 3109 (tempus)
1915 3075 2026 3100 rerum
2041 3068 2226 3102 creatarum
2246 3078 2435 3103 mensuram

1402 3126 1594 3167 motumque
1610 3126 1801 3167 perpetuum
1815 3124 1827 3168 (
1841 3125 2025 3167 appellabat
2034 3125 2058 3166 ).

1448 3189 1495 3218 17.
1514 3185 1654 3219 Videtur
1666 3185 1708 3218 ad
1725 3187 1940 3219 xenocratem
1963 3185 2107 3219 maxime
2128 3187 2163 3220 et
2186 3187 2230 3221 ad
2247 3188 2436 3223 Platonicos

1403 3236 1580 3284 disputatio
1597 3242 1782 3285 pertinere,
1807 3243 1884 3284 quia
1908 3252 1946 3276 ex
1963 3242 2147 3277 inordinato
2162 3245 2196 3278 et
2221 3245 2435 3290 incomposito

1403 3302 1562 3335 mundum
1593 3301 1747 3335 effectum
1777 3310 1849 3335 esse
1875 3301 1978 3342 ajunt,
2015 3311 2119 3345 quum
2153 3303 2246 3338 Plato
2277 3305 2397 3339 dixerit
2423 3318 2434 3340 ε

1405 3359 1577 3402 quidquid
1593 3362 1679 3402 erat,
1697 3359 1790 3403 quod
1803 3361 1899 3394 cerm
1912 3363 2047 3403 posset,
2070 3362 2108 3395 id
2121 3362 2186 3396 sibi
2201 3363 2286 3397 deus
2297 3372 2435 3398 assum-

1407 3422 1481 3462 psit
1496 3446 1505 3462 ,
1520 3430 1593 3455 non
1614 3422 1851 3465 tranquillum
1875 3423 1908 3456 et
1941 3424 2110 3464 quietum,
2133 3424 2195 3457 sed
2208 3425 2439 3461 immoderate
