2508 3776
300 172 379 210 562

299 255 445 296 ἐστικαὶ
466 254 557 294 κατὰ
582 257 660 293 νοῦν
684 255 843 307 ἐνεργῶν·
867 253 1130 308 θεοφιλέστατος
1159 255 1251 310 ἄρα·
1279 258 1336 297 τὸν

298 316 399 354 αὐτὸν
419 315 453 353 δὲ
482 314 571 357 εἰκὸς
606 314 666 351 καὶ
699 312 1012 363 εὐδαιμονέστατον
1044 308 1155 354 εἶναι·
1184 315 1245 354 καὶ
1274 316 1332 355 διὰ

296 379 396 413 τοῦτο
419 374 486 425 ἄρα
522 375 540 411 ὁ
563 372 666 425 σοφὸς
685 372 840 422 μάλιστα
863 374 1090 425 εὐδαιμονῶν.
1112 373 1160 414 Ἡ
1181 374 1250 427 ἄρα
1280 391 1336 414 τε-

296 433 372 471 λεία
390 431 592 482 εὐδαιμονία
613 434 647 470 ἐν
668 435 716 484 τῷ
738 435 942 485 θεωρητικῷ
963 433 1166 473 συνίσταται
1182 435 1258 488 βίῳ.

347 492 515 543 (Scripsi
540 505 549 531 :
569 495 584 513 ²¹
614 491 712 544 ἔργον
743 490 863 540 ἐστίν]
895 493 1016 542 vulgo
1041 492 1138 546 ἔργόν
1159 495 1268 534 ἐστιν.
1288 516 1341 523 -

294 551 311 572 ¹²
328 543 377 601 ἦ]
397 550 483 588 cod.
508 544 544 603 ᾗ.
575 550 642 588 Est
661 558 787 588 autem
809 559 942 589 nostra
962 551 1079 590 lectio
1098 552 1340 604 praeferenda

295 609 366 656 illi,
389 623 505 660 quam
529 609 671 648 habent
700 623 834 648 omnes
862 610 941 648 fere
972 611 1194 650 Aristotelis
1224 625 1339 650 mem-

293 668 448 716 branae,
488 669 527 716 ἢ,
560 682 754 720 quamque
794 669 983 721 exprimit
1019 668 1252 709 Lambinus.
1291 671 1338 707 At

292 728 472 766 incodice
482 727 758 774 Laurentiano,
775 741 888 779 quem
907 728 985 766 Bel<
994 729 1109 766 kerus
1127 728 1267 766 litteris
1276 727 1338 766 Kb

296 797 430 826 notare
451 788 568 835 solet,
593 788 667 825 ista
687 788 880 838 particula
904 788 1112 828 omittitur.
1130 809 1183 818 ·-
1202 793 1216 822 9
1239 789 1301 834 ζῆν
1322 792 1334 834 ]

296 847 384 887 cod.
402 849 477 899 ζῇν.
499 868 552 876 ·—-
572 846 589 868 ‘¹
610 848 663 899 ἐφ’
679 845 757 885 ὅσον
774 848 786 894 l
808 847 895 886 cod.
916 847 967 899 ἐφ’
993 846 1099 886 ὅσων.
1115 868 1169 876 -
1184 852 1198 869 ⁰
1224 844 1336 886 ”Ωστ’

293 905 371 958 εἴη]
393 906 479 945 cod.
503 904 571 950 εὨς
589 907 620 943 τ’
643 904 710 952 εἴη.
732 929 785 936 -
805 905 816 927 s
830 905 1058 956 τελειοτάτη]
1088 905 1173 944 cod.
1193 907 1335 944 τελειω-

290 963 391 1012 τάτη.
407 987 459 994 -
473 970 488 992 g
516 963 692 1016 αὐτάρκης
713 967 736 1011 ἡ
765 964 862 1017 φύσις
883 963 967 1018 πρὸς
986 964 1030 1002 τὰ
1058 963 1215 1015 τοιαῦτα]
1242 964 1328 1004 cod.

291 1020 464 1071 αὐτάρκης
485 1024 507 1068 ἡ
528 1021 628 1076 φύσις
650 1021 692 1059 τὰ
713 1025 876 1062 τοιαῦτα.
915 1045 963 1050 -
981 1024 999 1047 ¹²
1019 1021 1190 1075 περιὸολὴ
1213 1022 1227 1073 ]
1247 1036 1334 1060 cum

291 1080 511 1119 Andronici
537 1081 693 1128 codice;
733 1082 841 1132 quod
874 1081 1037 1132 intelligi
1060 1088 1200 1133 potest.
1239 1081 1336 1119 Vide

291 1139 478 1191 Stephani
493 1139 752 1179 Thesaurum.
768 1140 853 1179 Non
866 1141 1085 1192 spernenda
1104 1149 1233 1178 tamen
1248 1139 1335 1178 Sta-

291 1200 418 1249 giritae
453 1199 769 1238 membranarum
804 1202 1001 1251 scriptura
1038 1197 1232 1252 ὑπερὸολὴ.
1259 1221 1311 1229 -

291 1258 540 1311 ἐὐδαίμονας]
560 1258 644 1297 cod.
663 1258 897 1310 εὐδαιμονίας.
918 1259 988 1310 —-)

716 1377 808 1429 Κεφ.
844 1375 903 1416 ια’.

374 1486 448 1519 Ὂτι
466 1487 534 1529 περὶ
545 1489 655 1529 ἀρετῆς
673 1487 732 1528 οὐχ
752 1487 859 1518 ἱκανὸν
873 1487 911 1519 τὸ
936 1486 1062 1527 εἰδέναι,
1085 1484 1153 1518 ἀλλ’
1173 1484 1255 1527 ἔχειν

603 1536 656 1567 καὶ
681 1537 818 1577 χρῆσθαι
848 1535 1025 1578 πειρατέον.

345 1641 365 1661 '⁰‘
382 1639 423 1678 Ἃ
442 1639 504 1689 μὲν
526 1633 583 1678 οὐν
603 1642 759 1691 προσῆκε
775 1639 856 1692 περὶ
874 1643 942 1678 τῶν
966 1641 1098 1692 ἀρετῶν
1122 1641 1167 1682 ὡς
1188 1640 1223 1677 ἐν
1240 1638 1337 1692 τύπῳ

292 1698 486 1746 διαλαὸεῒν,
506 1698 555 1736 ἔτι
575 1715 612 1737 τε
627 1699 757 1751 φιλίας,
781 1700 842 1738 καὶ
864 1701 1000 1746 ἡδονῆς,
1016 1699 1076 1737 καὶ
1093 1701 1155 1745 τῆς
1172 1698 1335 1748 εὐδαιμο·

292 1758 381 1805 νίας,
404 1760 532 1801 ἱκανῶς
560 1757 719 1811 εἴρηται·
743 1757 803 1796 καὶ
820 1758 952 1801 οὐδενὸς
980 1756 1063 1800 ἴσως
1085 1757 1135 1795 ἔτι
1160 1756 1277 1804 δεήσει
1294 1759 1336 1808 τῇ

290 1817 516 1869 πραγματεία
549 1817 633 1869 πρός
665 1833 704 1868 γε
725 1817 782 1855 τὸν
807 1817 884 1869 περὶ
910 1818 1023 1855 αὐτῶν
1051 1816 1167 1867 λόγον.
1191 1816 1239 1855 Τί
1254 1810 1335 1866 οῧν;

289 1877 437 1924 ἤνυσται
452 1877 490 1915 τὸ
513 1876 677 1929 προτεθὲν
693 1880 777 1927 ἡμῖν
797 1877 881 1926 ἤδη,
905 1875 966 1914 καὶ
982 1875 1020 1913 τὸ
1038 1879 1214 1928 προσῆκον
1241 1876 1337 1919 τέλος

290 1935 416 1974 ἔλαὸεν
435 1939 456 1982 ἡ
475 1935 628 1983 σπουδή;
651 1936 709 1974 καὶ
731 1935 799 1986 μὴν
816 1934 994 1988 πρακτική
1011 1935 1061 1979 τίς
1089 1937 1179 1974 ἐστιν
1197 1939 1218 1983 ἡ
1235 1936 1334 1988 φιλο-

292 1994 418 2048 σοφία,
447 1995 506 2034 καὶ
527 1996 579 2033 δεῖ
598 1995 825 2043 καταλλήλου
847 1995 966 2039 τέλους
986 1995 1075 2045 αὐτῇ
1089 2008 1097 2017 ·
1120 1994 1160 2033 τὸ
1186 1996 1221 2034 δὲ
1242 1993 1333 2032 εἶδέ·

291 2070 347 2093 ναι
367 2054 401 2093 τί
423 2055 515 2092 ἐστιν
546 2055 679 2109 ἀρετή,
702 2054 761 2092 καὶ
781 2056 848 2092 τῶν
879 2053 995 2092 ἄλλων
1016 2054 1180 2101 ἕκαστον,
1210 2052 1337 2106 θεωρία

290 2114 343 2158 τίς
369 2117 443 2154 ἐστι
476 2115 594 2166 μόνον.
626 2115 765 2153 Οὐκοῦν
803 2113 962 2165 καθάπερ
997 2114 1047 2165 τῷ
1084 2111 1169 2164 πρὸς
1211 2109 1336 2164 ἀρετὴν

290 2173 511 2227 ἐπειγομένῳ
538 2176 576 2213 οὐ
592 2173 698 2226 μέχρι
717 2172 840 2211 τούτου
857 2174 981 2218 στῆναι
1002 2172 1053 2210 δεῖ
1075 2171 1138 2218 τὴν
1156 2170 1309 2218 σπουδήν
1323 2201 1334 2220 ,

292 2233 439 2284 μαθόντι
456 2232 533 2271 τίνα
556 2233 608 2270 δεῖ
626 2232 818 2286 πράττειν,
852 2231 913 2270 καὶ
931 2230 1034 2269 τίνων
1064 2229 1279 2282 ἀπέχεσθαι,
1304 2230 1337 2268 τί

291 2293 328 2330 τέ
349 2293 440 2330 ἐστιν
458 2295 480 2339 ἡ
504 2292 627 2344 ἀρετή,
650 2290 711 2330 καὶ
731 2290 782 2335 τίς
801 2294 823 2338 ἡ
845 2290 974 2338 κακία,
995 2288 1056 2328 καὶ
1079 2288 1112 2327 τί
1126 2286 1165 2327 τὸ
1185 2291 1255 2327 τῶν
1275 2290 1335 2327 ἀν·

290 2351 470 2404 θρωπίνων
491 2351 640 2404 ἔσχατον
659 2350 766 2398 τέλος,
787 2350 877 2389 ἀλλὰ
893 2349 953 2387 καὶ
969 2348 1128 2402 πράξεων
1149 2347 1334 2395 ἅπτεσθαι,

287 2412 348 2450 καὶ
371 2410 434 2458 τὴν
453 2409 515 2461 μὲν
536 2411 689 2464 φεύγειν,
707 2409 771 2457 τὴν
790 2409 825 2447 δὲ
844 2407 979 2448 διώκειν
993 2439 1004 2456 ,
1026 2408 1114 2461 ὑπὲρ
1143 2407 1178 2445 δὲ
1199 2411 1258 2447 τοῦ
1275 2411 1336 2456 τῆς

290 2470 511 2518 εὐδαιμονίας
527 2471 710 2522 τυγχάνειν
735 2469 851 2508 πάντα
865 2474 975 2508 ποιεῖν
989 2485 996 2494 ·
1018 2469 1075 2508 τὸν
1095 2469 1169 2509 ἴσον
1193 2469 1234 2516 δὴ
1250 2468 1333 2521 τρό-

290 2545 353 2567 πον
374 2529 433 2568 καὶ
454 2530 511 2568 τὸν
529 2532 589 2576 τῆς
620 2531 743 2581 ἀρετῆς
764 2530 931 2577 ἀλείπτην
957 2528 1092 2581 ἀνάγκη
1125 2527 1174 2580 μὴ
1204 2527 1337 2573 τούτοις

291 2590 431 2641 ἀγαπᾷν
453 2583 555 2638 μόνον
577 2591 646 2632 τοῖς
665 2590 800 2641 λόγοις,
826 2587 901 2626 ὅθεν
929 2586 979 2626 ἔνι
1001 2591 1122 2638 μαθεῖν
1145 2588 1280 2627 ἔκαστοι
1301 2587 1337 2625 τί

290 2648 400 2698 ἐστιν,
413 2647 504 2685 ἀλλὰ
520 2648 580 2685 καὶ
596 2646 687 2691 ὅπως
696 2646 736 2686 ἂν
749 2646 883 2699 γένοιτο
900 2650 1143 2699 κατορθῶσαι·
1161 2646 1336 2685 καὶτοῦτο

290 2706 481 2755 διδάσκειν,
521 2706 675 2757 οἰόμενον
698 2705 805 2750 οὕτως
827 2705 868 2744 ἂν
890 2706 1029 2753 ἀληθῶς
1050 2704 1208 2756 γενέσθαι
1237 2702 1333 2742 διδά-

291 2766 418 2803 σκαλον
435 2766 574 2816 ἀρετῆς.
602 2766 695 2818 Πρὸς
723 2765 791 2818 γὰρ
816 2766 880 2812 τὴν
905 2764 1084 2803 τελείωσιν
1108 2768 1169 2803 τοῦ
1202 2768 1336 2815 γυμνα-

291 2824 433 2874 ζομένου
450 2822 508 2861 τὸν
528 2823 718 2871 παιδευτὴν
740 2823 910 2875 προσήκει
934 2824 1070 2862 τάττειν
1082 2821 1161 2866 τοὺς
1187 2821 1308 2873 λόγους
1325 2836 1335 2846 ·

290 2882 467 2925 τελείωσις
490 2880 564 2920 δ’ἂν
584 2882 638 2929 εἴη
654 2886 713 2920 τοῦ
737 2886 797 2929 τῆς
811 2884 936 2935 ἀρετῆς
965 2884 1129 2931 ἀθλητοῦ,
1149 2880 1190 2920 τὸ
1205 2880 1334 2931 ἀγαθὸν

292 2940 394 2979 αὐτὸν
431 2939 591 2991 γενέσθαι
621 2940 682 2979 καὶ
709 2941 898 2993 πρακτικὸν
929 2944 996 2980 τῶν
1022 2942 1160 2980 καλῶν·
1186 2938 1333 2993 φανερὸν

291 2999 418 3046 τοίνυν,
437 3000 482 3042 ὥς
502 2999 570 3051 ἄρα
584 3004 654 3043 τοῖς
675 3000 754 3052 περὶ
776 3002 845 3038 τῶν
864 3002 994 3053 ἀρετῶν
1010 2999 1203 3053 εἰρημένοις
1219 2998 1334 3036 ἐκεῖνα

291 3061 492 3112 προσθεῖναι
528 3059 592 3106 δεῖ,
617 3060 652 3097 τί
675 3063 783 3098 ποιῶν
815 3059 981 3107 ἕκαστος,
1005 3059 1027 3106 ἢ
1049 3061 1124 3103 πῶς
1145 3058 1256 3110 ἔχων,
1276 3057 1334 3094 οἷ-

292 3117 393 3162 κείως
413 3120 461 3161 εἷς
496 3118 623 3171 ἀρετὴν
655 3118 775 3157 καὶτὸ
799 3119 927 3168 ἀγαθὸν
959 3118 1046 3166 ἕξει,
1075 3118 1134 3156 καὶ
1154 3119 1221 3155 τῶν
1254 3116 1333 3167 περὶ

292 3179 398 3224 αὐτῆς
418 3175 528 3224 ἡδέως
548 3172 735 3216 ἀκούσεται
755 3177 867 3229 λόγων
885 3206 894 3224 ,
917 3176 978 3214 καὶ
997 3179 1121 3228 βιῶναι
1149 3174 1334 3222 δυνήσεται

292 3238 370 3276 κατ’
393 3236 517 3283 αὐτήν·
538 3235 628 3275 οὕτω
648 3235 716 3288 γὰρ
735 3235 775 3274 ἂν
796 3238 814 3274 ὁ
834 3236 990 3286 περὶτῆς
1011 3237 1136 3288 ἀρετῆς
1156 3234 1335 3285 αὐτάρκης

291 3295 425 3348 γένοιτο
441 3295 554 3347 λόγος,
576 3295 634 3334 διὰ
653 3295 792 3334 πάντων
808 3294 846 3332 τὸ
866 3295 1067 3346 γιγνόμενον
1088 3293 1219 3338 σώζων.
1241 3293 1331 3331 Πει-

305 3355 2430 3379 Μ

1117 168 1400 210 ANDRONICI
1429 170 1612 213 RHODII

1399 262 1462 296 hus
1483 263 1633 306 fungitur
1650 275 1657 297 :
1677 266 1727 298 est
1751 265 1852 308 igitur
1864 267 1928 302 deo
1940 270 2129 305 carissimus
2146 284 2154 305 :
2171 273 2313 307 eundem
2329 274 2459 308 autem*

1399 322 1628 358 beatissimum
1646 324 1747 358 etiam
1778 335 1849 360 esse
1882 327 2004 362 decet:
2037 340 2076 363 ac
2105 335 2278 374 propterea
2313 333 2442 375 sapiens

1399 382 1543 416 maxima
1575 382 1732 417 felicitate
1761 385 1867 420 floret.
1903 388 2054 423 Perfecta
2086 399 2163 433 ergo
2200 392 2371 426 beatitudo
2408 393 2442 427 in

1401 441 1469 474 vita
1486 444 1741 487 contemplativa
1764 446 1926 482 consistit.

1844 1389 1924 1431 Cap.
1943 1389 1999 1422 XI.

2500 216 2508 239 ἔ

2500 243 2508 262 Q

1398 1495 1460 1523 Non
1477 1494 1552 1523 satis
1571 1501 1637 1522 esse
1664 1494 1738 1523 scire
1763 1502 1797 1523 ea
1817 1502 1883 1530 quae
1902 1496 1939 1523 ad
1956 1495 2100 1525 virtutem
2113 1492 2265 1534 spectani‚‘
2277 1500 2330 1530 sed
2345 1500 2442 1530 niten-

1504 1541 1576 1569 (lum
1592 1541 1684 1568 etiam
1711 1548 1787 1575 esse,
1805 1545 1838 1569 ut
1857 1549 1893 1569 ea
1910 1542 2076 1571 habeamus
2088 1543 2185 1579 iisque
2200 1548 2335 1575 utamur.

1441 1649 1523 1684 Quae
1538 1655 1615 1687 ergo
1634 1647 1730 1689 quasi
1741 1647 1853 1689 pingui
1871 1647 2018 1681 Minerva
2031 1649 2171 1683 dicenda
2189 1660 2262 1686 esse
2274 1652 2317 1686 de
2330 1652 2439 1688 virtu-

1398 1704 1499 1742 tibus,
1529 1702 1608 1735 item
1629 1702 1671 1735 de
1696 1702 1852 1742 amicitia,
1878 1703 2050 1746 voluptate
2072 1706 2106 1738 et
2125 1706 2331 1742 beatitudine
2348 1709 2440 1744 vitle-

1398 1759 1530 1798 bantur,
1551 1757 1632 1789 satis
1648 1757 1718 1799 jam
1735 1757 1826 1790 dicta
1848 1762 1926 1792 sunt
1948 1772 1956 1792 ε
1975 1770 2082 1804 neque
2100 1762 2285 1806 quidquam
2299 1767 2443 1810 amplius

1397 1813 1536 1846 fortasse
1558 1812 1638 1844 huic
1660 1813 1819 1845 tractatui
1841 1813 1883 1846 ad
1909 1816 2038 1856 plenam
2056 1817 2099 1850 de
2117 1817 2159 1851 iis
2183 1816 2440 1862 disputationem

1397 1871 1513 1904 deerit.
1540 1869 1628 1907 Quid
1646 1869 1767 1917 igitur?
1786 1879 1867 1902 num
1886 1873 2072 1914 peregimus
2090 1874 2158 1916 jam
2174 1877 2390 1919 propositum,
2409 1882 2443 1913 et

1397 1934 1579 1968 congruum
1609 1924 1706 1955 tinem
1729 1923 1894 1957 industria
1921 1929 2034 1960 nostra
2061 1932 2214 1964 assecuta
2244 1933 2320 1966 est?
2348 1934 2442 1978 atqui
2470 1931 2479 1959 ⁸-

1397 1983 1507 2016 activa
1524 1980 1596 2012 haec
1615 1978 1821 2021 philosophia
1848 1983 1909 2022 est,
1927 1991 2003 2024 quae
2025 1983 2179 2019 idoneum
2197 1986 2439 2023 finem‘deside-

1396 2042 1447 2074 ret
1462 2052 1471 2072 ι
1489 2039 1524 2070 at
1551 2044 1630 2069 vero
1649 2035 1732 2068 scire
1751 2036 1835 2078 quid
1852 2037 1896 2070 sit
1918 2039 2025 2073 virtus
2042 2043 2077 2074 et
2094 2052 2300 2088 unaquaeque
2314 2048 2442 2081 cetera-

1398 2104 1473 2128 rum
1489 2101 1613 2132 rerum,
1635 2091 1718 2123 nihil
1733 2092 1825 2124 aliud
1841 2102 1943 2135 quam
1959 2097 2113 2138 quaedam
2132 2101 2364 2144 contemplatio
2377 2105 2439 2136 est.

1398 2145 1686 2190 Quemadmodum
1702 2156 1777 2189 ergo
1805 2149 1835 2182 is
1848 2150 1908 2192 qui
1931 2150 1974 2183 ad
1999 2153 2159 2187 virtutem
2178 2155 2358 2195 contendit,
2377 2166 2442 2190 non

1398 2213 1486 2245 hunc
1506 2212 1684 2254 diligentiae
1702 2220 1772 2245 suae
1792 2210 1972 2243 terminum
1988 2211 2146 2243 statuere·
2160 2209 2269 2250 debet,
2288 2213 2326 2244 ut
2345 2212 2440 2251 sciat,
2472 2205 2477 2239 ἰ

1397 2268 1480 2311 quid
1507 2269 1669 2310 agendum
1698 2270 1732 2301 ct
1747 2267 1870 2310 quibus
1897 2266 1996 2300 rebus
2025 2265 2255 2298 abstinendum
2282 2266 2337 2307 sit,
2359 2266 2441 2309 quid

1398 2324 1478 2356 item
1494 2324 1537 2356 sit
1557 2324 1666 2356 virtus
1687 2325 1721 2356 et
1736 2322 1870 2366 vitium,
1887 2322 1963 2364 quis
1986 2321 2128 2363 denique
2143 2323 2313 2354 extremus
2331 2331 2440 2361 rerum

1398 2381 1618 2414 humanarum
1645 2379 1728 2419 finis,
1759 2379 1816 2411 sed
1836 2378 1981 2411 actiones
2008 2377 2109 2410 etiam
2139 2377 2316 2420 suscipere,
2340 2379 2442 2420 atque
2492 2365 2498 2378 ⁵

1399 2437 1488 2470 illam
1506 2438 1627 2479 fugere,
1649 2437 1733 2469 hanc
1755 2433 1861 2476 sequi,
1879 2434 2046 2475 postremo
2062 2431 2146 2464 nihil
2172 2431 2292 2474 reliqui
2320 2430 2438 2471 facere,

1398 2492 1576 2535 quominus
1599 2489 1813 2525 beatitudinis
1829 2487 1993 2530 particeps
2011 2486 2069 2519 fiat
2087 2498 2094 2518 :
2114 2485 2230 2519 eodem
2251 2485 2349 2519 modo
2371 2487 2440 2519 vir-

1398 2547 1481 2580 tutis
1501 2547 1695 2589 magistrum
1724 2552 1856 2578 necesse
1882 2543 1933 2575 est
1961 2550 2026 2574 non
2047 2541 2082 2573 in
2108 2540 2170 2573 hac
2194 2540 2264 2574 sola
2289 2540 2440 2574 doctrina
2490 2557 2505 2561 -κ

1399 2603 1617 2645 acquiescere,
1635 2612 1677 2635 ex
1698 2610 1766 2644 qua
1781 2600 1907 2632 discere
1923 2596 2038 2640 possit,
2055 2594 2138 2638 quid
2155 2603 2363 2638 unaquaeque
2387 2604 2439 2628 rm
2493 2634 2496 2636 ¹

1397 2659 1516 2699 valeat,
1535 2657 1592 2691 sed
1608 2659 1646 2690 ut
1663 2656 1742 2689 fiant
1760 2654 1839 2688 talia
1854 2654 1963 2696 ipsum
1977 2660 2031 2685 res
2049 2651 2132 2684 bene
2154 2658 2267 2692 gerere
2281 2651 2411 2692 oportet
2427 2662 2437 2682 ε

1397 2716 1497 2756 atque
1518 2713 1580 2745 hoc
1604 2713 1713 2754 ipsum
1740 2710 1869 2747 docere,
1894 2710 2006 2741 ratum
2029 2715 2064 2739 se
2085 2705 2148 2738 hac
2173 2704 2299 2737 ratione
2324 2713 2438 2737 revera

1396 2769 1532 2802 virtutis
1547 2770 1783 2811 praeceptorem
1801 2765 1881 2798 fore.
1897 2765 1944 2796 Eo
1959 2762 2046 2796 enim
2060 2760 2256 2803 magistrum
2273 2760 2438 2802 praecepta

1397 2823 1519 2856 referre
1539 2823 1645 2861 decet,
1667 2823 1707 2854 ut
1719 2821 1873 2854 alumnus
1889 2818 1950 2862 qui
1966 2817 2139 2851 exercetur
2157 2814 2191 2847 in
2207 2815 2278 2847 arte
2295 2822 2356 2846 sua
2367 2822 2438 2856 per-

1396 2875 1502 2908 fectus
1527 2875 1646 2908 evadat
1674 2887 1682 2906 :
1703 2874 1760 2906 illa
1791 2874 1903 2906 autem
1923 2870 2089 2903 virtutum
2118 2867 2256 2901 cultoris
2281 2865 2438 2909 perfectio

1396 2928 1469 2967 erit,
1488 2926 1516 2960 si
1532 2927 1638 2959 bonus
1654 2926 1713 2958 fiat
1725 2927 1759 2958 et
1774 2933 1850 2967 quae
1868 2923 2005 2956 honesta
2021 2923 2099 2955 sunt
2114 2921 2190 2967 agat
2211 2918 2310 2952 :hinc
2332 2919 2434 2961 patet,

1394 2980 1537 3014 sermoni
1557 2982 1668 3012 nostro
1692 2979 1733 3012 dc
1754 2977 1938 3011 virtutibus
1953 2975 2067 3009 habito
2081 2973 2165 3007 illud
2179 2972 2281 3005 etiam
2311 2971 2436 3004 adden-

1396 3034 1477 3066 dum
1510 3032 1805 3075 exponendamque
1833 3040 1916 3070 esse,
1946 3029 2069 3073 quibus
2100 3025 2283 3060 actionibus
2303 3024 2435 3066 singuli,

1395 3089 1453 3120 aut
1469 3096 1536 3129 quo
1558 3086 1675 3119 habitu
1696 3084 1940 3118 accommodate
1965 3081 2183 3119 advirtutem
2202 3080 2236 3111 et
2253 3077 2375 3110 bonum
2401 3087 2436 3110 se

1395 3140 1537 3173 habeant
1564 3139 1702 3182 ejusque
1725 3139 1889 3180 praccepta
1910 3136 2049 3169 libenter
2069 3132 2206 3166 audiant
2234 3133 2269 3165 et
2299 3131 2435 3164 honeste

1394 3194 1506 3226 vivere
1523 3191 1650 3235 possint
1674 3203 1683 3224 2
1707 3191 1754 3224 ita
1777 3190 1864 3224 enim
1883 3189 2016 3221 demum
2035 3195 2112 3229 quae
2134 3186 2175 3219 de
2198 3184 2347 3218 moribus
2365 3186 2435 3217 tra-
2482 3184 2484 3187 '
2506 3194 2508 3196 ’

1394 3247 1485 3279 ditur
1500 3245 1646 3288 perfecta
1667 3244 1730 3278 erit
1749 3243 1909 3281 doctrina,
1929 3242 1957 3274 si
1980 3250 2038 3283 per
2056 3240 2166 3272 omnia
2189 3239 2334 3272 actiones
2356 3247 2432 3270 con·

1394 3300 1514 3332 servet.
1538 3296 1717 3331 Nitendum
1740 3295 1853 3337 igitur,
1887 3295 1925 3326 ut
1949 3293 2034 3325 hanc
2057 3301 2191 3335 quoque
2210 3290 2348 3324 docendi
2377 3299 2432 3322 ra-

335 3414 403 3455 Cap
432 3417 463 3447 9.
482 3413 548 3456 Ἆρ’
567 3413 623 3448 οὗν
637 3439 646 3454 ,
667 3414 694 3447 εἰ
714 3413 787 3456 περί
810 3423 845 3445 τε
864 3412 989 3445 τούτων
1015 3412 1070 3444 καὶ
1089 3412 1156 3443 τῶν
1182 3412 1318 3454 ἀρετῶν,
1338 3411 1409 3444 κτλ.

2484 3635 2508 3776 mh„-
2502 3611 2503 3614 „
2490 3596 2492 3598 .
2492 3540 2494 3542 .
