2508 3776
223 286 283 327 καὶ
304 285 396 341 ἀρχὴ
427 285 576 336 ἔξωθεν,
607 289 626 326 ὁ
656 287 792 327 κλύδων
821 288 1005 338 δηλονότι,
1042 288 1118 327 ἔστι
1141 288 1176 326 δὲ

184 346 254 387 ἓν
272 344 343 389 τοῖς
357 349 510 384 ποιοῦσι·
531 345 704 399 κρίνοντες
724 347 792 400 γὰρ
812 346 910 388 αὗτοὶ
929 347 991 386 καὶ
1007 346 1177 400 βουλόμε·

80 402 186 453 ‘eff‘
194 407 313 445 τοῦτο
341 407 499 443 ποιοῦσιν
532 404 590 444 ἐπὶ
617 406 775 460 σωτηρία
803 405 865 446 καὶ
884 407 996 445 αὐτῶν
1018 405 1079 444 καὶ
1111 407 1179 443 τῶν

105 470 182 521 [εἴ-,μ
171 462 386 504 πλεόντων
416 463 451 503 οἵ
456 480 519 524 ’γε
541 469 620 503 νοῦν
650 465 800 519 ἔχοντες·
822 464 914 504 ὥστε
932 464 993 510 τὰς
1019 464 1181 508 τοιαύτας

97 522 100 528 ’
131 521 212 587 vij>
230 535 278 566 ιις
297 521 425 573 μικτὰς
444 525 558 572 εἶναι,
578 523 638 562 καὶ
659 523 817 562 ἑκουσίου
842 523 903 562 καὶ
930 523 1094 562 ἀκουσίου
1115 537 1181 572 με-

107 603 182 658 43
182 594 273 678 'gg
301 582 453 677 Δοκοῦὶσι
476 581 521 678 ὰδὲ
542 583 683 679 μᾶλόλον
696 585 757 620 τοῦ
776 582 934 621 ἑκουσίου
959 581 1131 679 μᾷετδέχειν,
1157 580 1181 677 ῑῆἱ

210 654 612 772 225⁰2922‘22473i'92‘50}
629 639 1128 746 5:31:{⁹2322303:„313‘
1145 656 1183 737 {z

168 756 298 796 κατὰ
316 757 374 795 τὸν
394 758 515 810 καιρὸν
535 760 668 797 ἐκεῖνον
696 763 845 803 σκοπεῖ
874 758 1001 808 ἀγαθόν
1025 759 1099 795 ἐστι
1120 757 1180 795 καὶ

107 805 155 863 5
174 813 292 866 ..ητόν
325 814 431 855 Ἐπεὶ
451 815 511 855 καὶ
529 816 570 855 τὸ
593 816 743 864 ἑκάστης
771 817 928 868 πράξεως
961 815 1058 859 τέλος
1088 814 1180 853 κατὰ

103 867 153 914 ''
211 889 331 927 καιρόν
350 876 458 923 αὐτῆς
485 877 580 923 ἐστι,
607 875 668 915 καὶ
688 874 758 914 ἀπὸ
776 878 838 914 τοῦ
867 873 1029 926 καιροῦῆ
1051 874 1180 946 ἀγαθὸν

122 931 326 986 ’ᾗμπονηρὸν
345 932 490 985 γίνεται·
523 932 615 972 ὥστε
627 933 689 972 καὶ
715 933 755 972 τὸ
771 931 942 978 ἑκούσιον,
967 930 989 978 ἢ
1011 931 1049 969 τὸ
1071 933 1180 970 ἀκού-

59 995 64 1001 ”
83 993 137 1043 ,ξιξ
179 1014 182 1021 2
218 1020 231 1040 ,
245 990 340 1031 κατὰ
360 991 418 1030 τὸν
440 991 560 1044 καιρὸν
580 991 638 1031 ὅτε
658 992 875 1044 πράττεται,
899 991 1081 1038 ζητητέον·
1099 991 1178 1035 κατ’

102 1044 157 1081 ²⁹2*
173 1074 194 1081 ·
233 1072 240 1082 ¹
291 1049 405 1090 τοίνυν
429 1050 486 1090 τὸν
506 1050 628 1104 καιρὸν
647 1050 735 1090 ἑκὼν
758 1050 905 1103 πράττει
927 1049 950 1087 ἃ
970 1048 1130 1102 πράττει,
1150 1050 1180 1087 εἶ

92 1110 194 1152 καὶ
217 1111 255 1149 ἰν
273 1109 371 1163 ἄλλῳ
386 1112 522 1164 καιρῷ,
545 1109 699 1161 γαλήνης
718 1109 844 1157 οὔσης,
876 1111 938 1148 οὐκ
959 1108 1000 1147 ἂν
1023 1108 1148 1155 ποιησε
1133 1124 1179 1146 ιε

97 1157 344 1224 βδυλόμενος
373 1171 498 1208 ταῦτα·
526 1169 588 1208 καὶ
619 1169 688 1221 γὰρ
710 1167 755 1207 τὰ
776 1167 944 1220 ὀργανικὰ
975 1167 1086 1219 μέρη,
1120 1165 1180 1205 καὶ

133 1226 270 1283 χεῖρες,
301 1227 362 1267 καὶ
391 1227 515 1278 πόδες,
538 1228 602 1266 οὔκ
621 1226 743 1272 ἔξωθεν
758 1226 818 1265 ὑπ’
840 1227 948 1273 ἄλλης
978 1228 1090 1278 ἀρχῆς
1119 1240 1181 1263 κι-

62 1330 65 1331 ,
133 1289 294 1335 Mt,
316 1285 395 1326 ἀλλ’
413 1285 480 1325 ὖπὸ
503 1288 565 1334 τῆς
585 1286 620 1324 ἐν
644 1286 741 1339 αὐτῶ
765 1301 816 1338 ‘reg
838 1289 1011 1324 ποιοῦντι·
1035 1284 1058 1322 ἃ
1082 1283 1118 1322 δέ
1128 1300 1180 1328 τις

63 1355 81 1392 ,’
132 1343 303 1401 πὸιεῗῦφ’
323 1346 450 1384 ἑαυτοῦ
468 1343 670 1396 κινούμενος
686 1373 696 1393 ,
723 1343 840 1396 κύριός
873 1346 947 1382 ἐστι
969 1342 1028 1382 καὶ
1049 1348 1180 1392 ποιεῖν,

130 1402 193 1445 παῖ
213 1403 276 1456 μή·
304 1409 449 1444 τοιαῦτα
477 1403 514 1442 δὲ
542 1402 686 1442 ἑκούσια
716 1403 893 1454 λέγονται,
923 1401 1033 1441 Ἔστι
1065 1402 1180 1441 τοίνυν

115 1455 291 1506 ν’·ὃὲοὗσιον
314 1463 377 1515 μὲν
395 1462 483 1509 αὐτὴ
511 1466 535 1511 ἡ
557 1461 706 1515 πρᾶξις,
726 1460 886 1509 δηλονότι
916 1460 1006 1513 μετὰ
1025 1462 1094 1500 τῶν
1112 1477 1178 1501 πε-

128 1523 367 1645 ᾟᾞΪξῖς
373 1520 827 1650 ξεῖᾏλῗζςδὲπεζῗζῖἒῖἑῖἷζ
838 1518 1040 1622 ἷὲἒὲιῖηκέἷ
1065 1519 1180 1618 ἷὲἷῗῖζ

56 1643 71 1685 ⁸³„
129 1638 277 1685 monta
297 1638 424 1679 ποιεῖν.
458 1636 560 1683 Τινὲς
590 1638 626 1676 δὲ
646 1654 716 1678 των
735 1636 901 1676 τοιούτων
922 1636 1082 1690 πράξεων
1119 1637 1180 1675 καὶ

54 1691 94 1746 '25
121 1682 283 1748 ἱκάνων
301 1695 500 1745 ἀξιοῦνται,
521 1695 612 1735 ἔνια
630 1696 666 1735 δὲ
691 1695 753 1735 καὶ
772 1694 901 1768 ψόγων·
921 1694 1075 1734 ἐπαίνων
1092 1694 1179 1745 μέν,

51 1768 81 1810 «χ’
130 1752 217 1864 :35
235 1771 290 1803 τις
316 1754 463 1808 αἰσχρόν
482 1753 559 1801 τιῆ
588 1753 746 1806 λυπηρὸν
779 1751 935 1805 υπομένῃ
965 1752 1040 1792 ἀντι
1061 1754 1179 1791 καλῶν

131 1814 390 1927 ζ’ἶρῗᾞὼῗ
411 1811 529 1910 ww}
548 1810 1023 1923 δέᾷέῗτῗνεῖῗύζῖἔεῗῗαῗ,
1008 1812 1176 1921 αἷῇος

50 1894 59 1907 π
322 1889 344 1912 α
410 1887 490 1912 ιστα
531 1887 558 1910 π
646 1887 674 1909 ω
1005 1887 1034 1909 ω
1150 1893 1176 1900 «-

38 1960 82 1986 ⁴:
130 1927 269 1987 τρίς).ν
252 1887 418 1972 ''Ec-nug}
437 1931 478 1976 ἃς
493 1930 571 1971 οὔτε
591 1929 743 1969 ἐπαίνων
759 1928 836 1968 οὔτε
855 1928 972 1981 ψόγων
991 1929 1178 1980 ἀξιοῦμεν,

19 2023 33 2030 2
53 2006 74 2031 ·,
129 1990 278 2035 καθὼς
299 1990 332 2031 εἶ
333 2006 460 2045 ρηται,
483 1989 576 2028 ἀλλὰ
598 1988 809 2041 συγγνώμης
837 1987 895 2034 ἢ
881 1987 991 2026 ἐλέου·
1012 1986 1097 2027 ὅταν
1126 2003 1178 2031 τις

36 2081 51 2099 r„
129 2048 188 2088 τὶ
190 2048 248 2101 μὴ
264 2049 387 2088 δέοντα
399 2048 554 2101 πράττῃ,
569 2048 588 2070 ¹³
605 2046 675 2085 δέει
696 2046 893 2097 μεγάλων“
874 2048 1008 2096 οεινῶν,
1021 2047 1083 2084 καὶ
1099 2061 1176 2096 μει-

47 2121 63 2160 j
131 2107 237 2154 ζόνων
257 2106 280 2154 ἢ
301 2106 502 2145 δύνασθαιε
490 2110 675 2155 υπομεῑναι
696 2105 797 2157 φύσιν
817 2103 1052 2157 ἀνθρωπίνην.
1069 2102 1178 2144 'Em

131 2165 170 2206 δὲ
183 2165 394 2210 οὖτωςεῖσὶν
415 2164 560 2217 αἰσχρά,
583 2161 675 2202 ὥστε
695 2163 840 2214 οὐδεμία
857 2163 932 2202 ἐστὶ
952 2165 1002 2215 τῷ
1025 2166 1180 2202 ποιοῦντι

131 2224 360 2280 παραίτησις,
372 2224 464 2263 ἀλλὰ
482 2225 536 2263 δεῖ
547 2222 686 2275 φεύγειν
704 2221 767 2270 τὴν
788 2223 912 2275 πρᾶξιν
930 2222 1062 2261 τούτων
1081 2222 1178 2274 πάσῃ

63 2325 66 2327 ,
115 2283 302 2336 ,δυνίμιι
321 2281 388 2322 κᾶν
405 2281 466 2335 δέῃ
488 2285 672 2322 ἀποθανεῖν
694 2281 811 2319 πάντα
829 2281 988 2319 παθόντα
1004 2280 1088 2319 τὰ
1070 2281 1178 2320 οεινό-

56 2338 74 2394 J
129 2357 237 2384 τατα.
253 2341 328 2383 Καὶ
342 2342 412 2395 γὰρ
428 2341 488 2380 τὸν
504 2339 696 2393 Εὐριπίδου
717 2338 942 2390 Ἀλκμαίωνα
956 2342 1075 2412 γελοῖα
1095 2341 1180 2393 φαί-

129 2416 227 2442 νεαι
243 2401 290 2440 τὰ
303 2400 550 2452 ἀναγκάσαντα
569 2401 865 2452 μητροκτονῆσαι.
899 2398 978 2438 F
946 2414 1036 2436 νιοτε
1053 2397 1090 2436 δὲ
1113 2414 1180 2451 χα-

52 2470 73 2502 ss
128 2458 236 2506 λιὴῷ
263 2461 339 2499 ἐστι
367 2460 565 2511 διακρῖναι,
601 2458 703 2496 τίνων
736 2459 857 2496 δεινῶν
885 2456 983 2511 φόὸῳ
1005 2457 1082 2496 τίνα
1110 2460 1178 2496 τῶν

50 2549 58 2566 ,
131 2520 288 2572 αἰιῃρῶν
317 2517 503 2570 ὑπομένειν
536 2516 650 2564 ἄξιον,
674 2516 734 2555 καὶ
759 2516 838 2555 τίνα
858 2517 935 2554 ἀντὶ
952 2515 1053 2553 τίνων
1073 2517 1179 2570 αἱρη-

46 2606 66 2626 -,
137 2576 283 2630 σόρζήα·
314 2575 368 2616 ἔτι
393 2574 641 2628 χαλεπώτερον
672 2575 711 2613 τὸ
744 2574 889 2626 εὑρόντα
918 2574 958 2613 τὸ
979 2577 1176 2627 προσῆκον,

72 2654 75 2658 ’
134 2635 383 2691 wutron}
396 2634 627 2686 δεδογμένοις.
649 2634 719 2674 Καὶ
744 2634 811 2686 γὰρ
824 2637 870 2678 ὡς
886 2633 944 2672 ἐπὶ
960 2634 1000 2672 τὸ
1015 2634 1179 2672 πλεῖστον

70 2690 521 2752 ,Μμὸῂᾷἱκγκαζόμεθα
545 2696 676 2742 ποιεῖν,
704 2694 836 2745 μᾶλλον
866 2693 995 2745 αἰσχρὰ
1017 2692 1038 2739 ἢ
1057 2694 1178 2740 λυπη-

131 2753 292 2810 ώῇδδ
302 2754 565 2806 προσδοκῶντες
585 2757 778 2804 ποιοῦμεν,
796 2753 951 2804 λυπηρά.
983 2751 1051 2791 Διὰ
1076 2766 1179 2790 τουτο

49 2812 290 2875 'almon
325 2813 445 2867 ἀνδρός
489 2815 566 2851 ἔστι
601 2813 871 2863 κατατολμῆσαι
906 2826 974 2849 των
1009 2812 1176 2863 λυπηρῶν

70 2914 71 2918 ,
77 2865 295 2980 ῗςμῖἑπῦρτοῦ
311 2872 421 2944 μηδὲν
447 2870 625 2925 αἰσχρὸν(
613 2871 801 2922 υπομεῗναι
831 2873 992 2917 ποιῆσαι.
1013 2869 1156 2909 ”Οθεν’
1141 2886 1175 2908 εν

76 2934 210 2994 ‘3'ka
225 2930 400 2976 τοιαύταις
418 2930 567 2983 πράξεσι
594 2930 654 2969 καὶ
685 2930 894 2980 ἐπαινοῦμέν
914 2945 1008 2973 τινας
1026 2944 1087 2967 και
1109 2927 1154 2981 ψέ
1155 2951 1177 2958 -

87 2980 242 3045 W
261 2989 392 3038 ἕνίους,
405 2989 467 3028 καὶ
485 2991 662 3042 οὐδέτερον
687 2989 837 3039 τούτων,
856 2987 947 3026 ἀλλὰ
969 2986 1178 3040 συγγνώμης

63 3060 118 3097 ‘jux
128 3047 309 3101 ἆξιοῦμεν.
322 3047 429 3090 Ἔστι
446 3048 559 3088 τοίνυν
581 3049 703 3092 ἅπλῶς
721 3047 783 3099 μὲν
804 3049 977 3097 ἀκούσια,
1001 3045 1129 3085 ὁπόταν
1151 3048 1174 3093 ἡ

92 3110 362 3152 &thuoris-a
381 3111 416 3148 ἐν
438 3114 508 3153 τοῖς
525 3103 676 3152 ἐκτὸς
653 3122 699 3160 ῃ,
728 3121 789 3147 και
817 3111 835 3147 ὁ
866 3107 1030 3160 πράττων
1065 3103 1175 3155 μηδὲν

54 3154 106 3223 'fif
111 3169 376 3226 wll-nrm
393 3166 480 3220 πρὸς
500 3168 565 3216 τὴν
587 3173 678 3242 πρᾶς
663 3167 724 3206 ’·ιν
755 3167 895 3207 ἑκούσια
915 3166 974 3213 δέ,
1002 3164 1131 3204 ὁπόταν
1149 3168 1171 3213 ἠ

62 3241 95 3281 ³7-
130 3228 227 3270 uhtu
245 3229 315 3268 τὸν
335 3225 492 3280 πράξεων
516 3232 614 3265 πᾶσα
635 3243 656 3279 ῃ
678 3228 713 3265 ἐν
740 3228 790 3279 τῷ
813 3229 982 3264 ποιοῦντι.
1005 3222 1045 3263 Α
1071 3223 1147 3262 δὲ
1129 3225 1173 3262 οι*

61 3281 66 3306 1
130 3285 239 3328 hu&
256 3286 320 3339 μὶν
332 3287 427 3326 οὐκ,
413 3286 479 3324 -ἷσὶ
495 3286 639 3334 Θελητᾶ,
663 3286 806 3336 θέλομεν
826 3285 862 3323 δὲ
881 3283 970 3323 αὐτὰ
990 3282 1081 3322 κατά
1095 3299 1172 3323 τινα

133 3346 252 3400 καιρὸν
269 3345 330 3385 καί
341 3361 443 3384 τινων
465 3344 581 3384 ἄλλων
599 3344 702 3383 ἕνεκα
719 3375 730 3396 ,
752 3344 830 3383 καθ’
848 3342 955 3382 ἑαυτὰ
986 3342 1050 3394 μὲν
1070 3342 1174 3381 ἀκού-

130 3405 192 3446 σιά
207 3405 298 3455 εἰσι,
314 3407 374 3444 νῦν
388 3402 424 3443 δὲ
441 3403 500 3442 καὶ
513 3403 590 3443 ἀντὶ
607 3404 714 3442 τῶνδε
731 3403 885 3441 ἑκούσια.
902 3402 1050 3441 Μᾶλλον
1065 3399 1100 3438 δὲ
1115 3401 1170 3438 δο-

622 205 922 247 ETHICORUM
951 204 1396 250 NICOMACHEORUM
1421 209 1801 251 PARAPHRASIS.

2206 210 2288 250 349

1244 289 1475 333 navigantibus
1491 292 1559 325 lieri
1577 293 1682 332 solet,
1712 301 1818 335 quum
1836 301 1935 326 onera
1956 291 2102 334 ejiciunt,
2123 291 2214 334 quod
2228 299 2288 323 ne-

1243 351 1309 385 que
1324 344 1421 386 plane
1438 345 1661 379 voluntarium
1685 346 1810 380 dixeris
1821 371 1830 387 ‚
1843 355 1951 389 neque
1966 355 2031 379 non
2043 345 2266 379 voluntarium
2278 370 2287 385 ,

1244 396 1302 430 sed
1337 399 1519 442 utrumque
1541 400 1698 434 vicissim.
1733 400 1862 442 Quippe
1883 399 1975 432 illius
2003 398 2142 432 actionis
2168 398 2288 441 princi-

1242 447 1335 490 pium
1350 452 1400 483 est
1415 453 1509 484 extra
1520 477 1527 490 ,
1550 454 1729 494 tempestas
1744 452 1899 485 videlicet
1909 478 1916 491 ‚
1937 451 2093 494 idemque
2115 453 2226 484 tamen
2238 453 2290 483 cst

1242 500 1276 533 in
1297 503 1470 544 agentibus
1495 514 1503 537 ι
1523 504 1680 537 nimirum
1708 507 1781 537 tum
1802 504 1928 547 judicio
1953 506 2111 547 certoque
2132 503 2286 542 consilio,

1242 553 1317 586 tum
1335 554 1378 587 ad
1395 564 1432 589 se
1453 556 1601 599 aliosque
1618 556 1677 599 qui
1695 566 1761 589 una
1782 557 1938 598 navigant
1964 556 2204 589 conservandos
2227 556 2289 587 hoc

1244 606 1476 649 sapientissimi
1491 609 1617 652 quique
1635 609 1762 643 faciunt
1778 621 1785 641 ε
1804 618 1843 642 ex
1855 619 1922 651 quo
1937 611 2073 652 apparet
2085 608 2206 641 mixtas
2219 617 2290 641 esse

1242 659 1433 702 hujusmodi
1447 663 1591 696 actiones
1607 672 1646 696 ac
1660 662 1783 706 partim
1799 664 1915 704 sponte
1925 687 1933 703 ‚
1953 662 2074 704 partim
2096 662 2200 695 invite
2221 671 2291 695 sus-

1242 715 1365 755 ceptos.
1402 715 1567 748 Videntur
1588 717 1699 749 tamen
1722 714 1894 748 voluntate
1914 715 2024 756 potius
2049 724 2151 757 quam
2173 717 2287 747 coactu

1242 768 1421 809 susceptam
1438 777 1514 800 nam
1533 778 1600 811 quo
1620 770 1767 810 tempore
1783 769 1885 806 flunt,
1910 768 1972 799 hoc
1989 768 2049 805 est,
2065 766 2143 799 dum
2162 769 2290 808 tempe-

1243 820 1312 851 stas
1330 820 1442 859 saevit‚
1458 820 1650 862 hujusmodi
1668 821 1812 854 actiones
1831 819 1992 862 optabiles
2009 821 2111 861 atque
2132 818 2290 861 eligendas

1243 874 1336 913 sunt3
1354 872 1413 905 sed
1431 875 1465 906 et
1486 874 1561 906 finis
1581 883 1715 913 earum,
1733 874 1761 906 si
1776 874 1852 916 quis
1871 876 2003 915 tempus
2017 872 2102 905 illud
2123 872 2288 915 respiciat,

1242 924 1349 957 bonus
1373 926 1424 957 est
1443 927 1477 958 et
1500 928 1642 967 optatus.
1680 926 1851 968 Siquidem
1876 925 2133 967 uniuscujusque
2154 925 2292 958 actionis

1242 977 1316 1010 linis
1335 978 1413 1011 talis
1433 980 1484 1011 est
1502 987 1563 1021 pro
1578 981 1746 1022 tempore;
1764 981 1797 1011 et
1821 978 1959 1020 tempori
1984 978 2216 1011 convenienter
2229 980 2289 1011 aut

1241 1029 1348 1063 bonus
1367 1029 1407 1062 fit
1428 1031 1487 1063 aut
1504 1030 1614 1063 malus
1633 1041 1642 1063 ι
1660 1030 1876 1073 quamobrem
1896 1029 1932 1062 id
1943 1039 2098 1072 quoque,
2120 1030 2212 1073 quod
2226 1040 2289 1064 vo-

1241 1083 1422 1116 luntarium
1435 1085 1486 1116 est
1507 1085 1643 1116 autnon
1657 1083 1882 1117 voluntarium
1893 1109 1900 1122 ,
1923 1092 1942 1117 e
1961 1086 2109 1126 tempore
2121 1093 2190 1126 quo
2204 1093 2285 1126 per-

1241 1135 1360 1178 agitur,
1381 1135 1524 1178 spectari
1554 1138 1685 1178 oportet
1722 1145 1730 1165 =
1754 1136 1811 1168 illo
1847 1135 1974 1168 scilicet
2002 1138 2150 1178 tempore
2176 1138 2292 1178 sponte

1241 1188 1322 1222 faci-t
1343 1188 1453 1228 homo,
1476 1198 1553 1231 quae
1572 1188 1663 1228 facit,
1680 1188 1756 1221 licet
1776 1187 1841 1221 alio
1857 1190 2016 1230 tempore,
2031 1190 2105 1221 orta
2121 1188 2291 1231 tranquil-

1240 1243 1348 1283 litate,
1365 1244 1482 1285 sponte
1495 1242 1568 1275 hoec
1583 1251 1647 1274 non
1662 1241 1784 1275 fuceret
1799 1254 1807 1274 ε
1826 1251 1968 1284 namque
1985 1241 2050 1274 illae
2067 1243 2195 1284 partes,
2215 1250 2292 1284 quae

1242 1295 1537 1329 instrumentorum
1562 1295 1672 1328 locum
1691 1294 1863 1334 obtinent,
1880 1303 1999 1327 manus
2017 1293 2091 1327 dico
2113 1295 2147 1327 et
2169 1294 2290 1337 pedes,

1241 1357 1306 1380 non
1318 1348 1382 1381 alio
1396 1347 1600 1381 extrinsecus
1615 1348 1795 1380 moventur
1812 1345 1989 1389 principio,
2008 1346 2067 1380 sed
2080 1355 2120 1380 eo
2132 1346 2224 1389 quod
2240 1349 2290 1380 est

1240 1401 1275 1434 in
1291 1403 1407 1443 agente
1429 1412 1439 1433 ι
1457 1410 1534 1444 quae
1551 1410 1630 1435 vero
1641 1409 1703 1434 suo
1722 1402 1816 1432 motu
1831 1399 1976 1442 agitatus
1994 1399 2116 1442 aliquis
2133 1399 2232 1440 facit,
2254 1410 2293 1434 ea

1241 1456 1300 1487 aut
1318 1454 1426 1487 facere
1452 1454 1593 1497 polerit,
1622 1455 1681 1487 aut
1705 1462 1769 1486 non
1796 1451 1904 1486 facere
1930 1465 1939 1485 z
1969 1452 2050 1486 talia
2072 1455 2185 1487 autem
2211 1457 2290 1487 sunt

1241 1518 1318 1552 quae
1345 1510 1461 1550 sponte
1489 1507 1559 1540 lieri
1583 1506 1812 1550 perhibentur.
1846 1507 1906 1539 Est
1930 1505 2034 1548 igitur
2065 1507 2291 1541 voluntarium

1241 1561 1378 1604 quidem
1396 1560 1505 1603 ipsum
1532 1558 1677 1599 factum,
1703 1558 1861 1592 nimirum
1884 1560 2039 1601 respectu
2062 1559 2260 1594 calamitatis
2279 1572 2290 1593 z

1242 1613 1434 1656 simpliciter
1450 1615 1560 1646 autem
1576 1614 1610 1645 et
1630 1621 1688 1655 per
1703 1620 1739 1645 se
1755 1610 2019 1651 consideratum,
2043 1620 2109 1645 non
2135 1612 2292 1646 volunta-

1241 1668 1329 1701 rium
1347 1677 1356 1697 t
1374 1675 1470 1700 nemo
1494 1665 1581 1700 enim
1605 1667 1700 1699 extra
1719 1664 1941 1698 calamitatem
1965 1664 2047 1698 talia
2064 1665 2174 1700 facere
2194 1666 2288 1700 velit.
2331 1691 2337 1696 .

1241 1722 1370 1754 Rursus
1395 1719 1470 1752 aliae
1493 1718 1615 1751 harum
1635 1716 1802 1750 actionum
1828 1716 1928 1749 laude
1954 1716 2062 1760 dignae
2084 1717 2288 1760 judicantur.

1240 1771 1469 1816 objurgatione
1492 1770 1566 1804 aliae
1591 1780 1600 1802 e
1620 1771 1655 1803 et
1680 1769 1865 1813 laudabiles
1883 1769 2021 1811 quidem
2041 1772 2137 1810 sunt,
2159 1771 2291 1813 quoties

1241 1823 1362 1867 aliquis
1382 1825 1480 1865 turpe
1494 1821 1576 1865 quid
1597 1823 1657 1854 aut
1677 1821 1855 1854 molestum
1876 1829 2004 1862 magnae
2021 1823 2054 1854 et
2067 1821 2216 1856 honestas
2241 1823 2291 1856 rei

1241 1887 1341 1911 causa
1359 1876 1524 1910 sustinet:
1539 1874 1775 1917 vituperabiles
1790 1883 1880 1912 vero,
1899 1883 2004 1916 quum
2021 1874 2169 1907 sutilium
2179 1884 2291 1908 rerum

1241 1940 1341 1965 causa
1355 1931 1420 1963 hoc
1441 1929 1489 1962 fit.
1505 1924 1690 1970 ‘Improbus
1708 1926 1797 1960 enim
1818 1928 1885 1966 est,
1901 1926 1961 1967 qui
1980 1926 2173 1968 turpissima
2197 1937 2293 1970 quae-

1241 1994 1309 2029 que
1333 1983 1459 2017 nullius
1490 1982 1639 2014 honestae
1672 1978 1720 2012 rei
1738 1981 1797 2012 aut
1821 1978 1998 2011 mediocris
2022 1979 2127 2020 gratia
2155 1980 2288 2017 suffert.

1241 2040 1325 2071 Sunt
1337 2039 1450 2070 tamen
1465 2037 1499 2068 et
1515 2034 1581 2067 alia
1599 2033 1689 2066 facta
1700 2058 1709 2074 ,
1737 2042 1814 2076 quae
1832 2043 1940 2076 neque
1961 2034 2059 2067 laude
2073 2061 2080 2072 ,
2103 2036 2141 2067 ut
2162 2035 2291 2069 dictum

1241 2093 1292 2125 est
1303 2117 1311 2130 ,
1326 2098 1436 2132 neque
1453 2087 1683 2130 objurgatione
1693 2113 1700 2126 ‚
1718 2087 1775 2120 sed
1794 2088 1890 2120 venia
1903 2088 2014 2130 potius
2030 2090 2064 2121 et
2080 2089 2292 2123 mi5eratione

1241 2145 1340 2188 digna
1374 2142 1607 2176 existimamus
1626 2154 1634 2174 ε
1659 2140 1792 2184 quando
1823 2141 1945 2183 aliquis
1971 2151 2166 2184 magnorum
2190 2143 2292 2176 malo-

1241 2206 1317 2231 rum
1332 2197 1437 2234 metu,
1453 2203 1530 2237 quae
1543 2193 1624 2226 talia
1645 2195 1734 2233 sunt,
1755 2195 1795 2226 ut
1814 2193 1969 2227 humanae
1987 2196 2116 2227 naturae
2132 2195 2291 2228 intolera-

1240 2251 1319 2284 bilia
1335 2250 1521 2290 videantur‚
1539 2249 1693 2282 indecora
1714 2248 1807 2282 facit.
1832 2248 1993 2286 Quaedam
2018 2258 2097 2282 vero
2113 2249 2162 2282 ita
2180 2251 2291 2292 turpia

1241 2305 1335 2343 sunt,
1346 2305 1386 2335 ut
1396 2301 1587 2344 hujusmodi
1597 2301 1759 2343 flagitium
1771 2301 1991 2334 committenti
2001 2302 2092 2334 nulla
2102 2303 2206 2344 possit
2219 2313 2291 2336 esse

1241 2357 1421 2396 excusatio,
1435 2356 1494 2390 sed
1508 2356 1588 2388 talia
1601 2364 1732 2388 summo
1740 2355 1852 2387 studio
1870 2355 1968 2388 vitari
1979 2356 2143 2394 convenit,
2157 2357 2288 2390 etiamsi

1240 2421 1331 2445 mors
1353 2409 1535 2453 oppetenda
1552 2408 1805 2451 gravissimique
1825 2408 1992 2442 cruciatus
2009 2408 2195 2451 perferendi
2210 2411 2286 2445 sint.

1241 2468 1374 2502 Etenim
1397 2465 1536 2499 ridicula
1561 2465 1718 2498 videntur
1732 2491 1740 2504 ,
1767 2473 1844 2506 quae
1863 2464 2083 2498 Alcmaeonem
2100 2466 2288 2508 Euripidi's,

1240 2525 1280 2556 ut
1296 2525 1437 2556 matrem
1458 2521 1667 2561 interficeret,
1692 2522 1881 2563 coegerunt.
1903 2521 2076 2554 Interdum
2098 2531 2177 2555 vero
2195 2522 2289 2556 diffi-

1241 2579 1303 2612 cile
1319 2580 1370 2611 est
1401 2576 1602 2620 dijudicare,
1627 2585 1771 2620 quorum
1795 2576 1960 2609 malorum
1982 2579 2074 2609 metu
2102 2586 2179 2620 quae
2196 2577 2290 2620 nagi-

1241 2634 1325 2666 tiosa
1342 2633 1488 2666 facinora
1510 2632 1619 2665 facere
1634 2641 1694 2665 nos
1716 2631 1832 2664 deceat
1844 2657 1851 2670 ,
1869 2633 1904 2664 et
1917 2641 1993 2674 quae
2010 2632 2133 2674 quibus
2152 2635 2290 2676 antepo-

1240 2688 1346 2722 nenda
1358 2689 1423 2720 sint
1442 2700 1450 2719 :
1465 2686 1633 2719 difficilius
1646 2695 1726 2719 vero
1747 2686 1848 2718 etiam
1863 2688 1925 2725 est,
1947 2689 2125 2729 postquam
2145 2687 2179 2720 id
2193 2688 2286 2730 quod

1240 2746 1335 2779 decet
1348 2743 1523 2781 inveneris,
1546 2742 1581 2775 in
1595 2742 1759 2775 sententia
1774 2751 1834 2775 sua
1857 2751 2060 2784 permanere.
2082 2744 2286 2787 Plerumque

1239 2803 1327 2836 enim
1343 2810 1382 2835 ea
1404 2808 1482 2843 qum
1506 2798 1617 2832 facere
1643 2798 1803 2841 cogimur,
1828 2798 1940 2842 turpia
1965 2800 2071 2843 magis
2094 2809 2197 2843 quam
2218 2810 2288 2834 mo-

1239 2859 1322 2891 lesta
1334 2857 1412 2889 sunt
1428 2865 1436 2887 ι
1451 2864 1527 2898 quae
1539 2863 1618 2888 vero
1631 2863 1708 2888 cum
1722 2854 1965 2897 exspectatione
1981 2853 2133 2895 facimus,
2148 2856 2288 2890 molesta

1239 2916 1327 2947 sunt.
1346 2912 1554 2954 Quapropter
1566 2910 1714 2952 generosi
1727 2910 1792 2943 viri
1805 2911 1866 2949 est,
1883 2919 1923 2943 ea
1936 2919 2013 2953 quae
2029 2913 2170 2945 molesta
2186 2915 2264 2946 sunt
2275 2938 2284 2954 ,

1239 2968 1317 3002 forti
1332 2958 1444 3010 potius
1458 2965 1567 2999 animo
1588 2965 1698 2999 subire
1709 2992 1716 3004 ,
1737 2975 1839 3008 quam
1858 2965 1982 3008 flagitio
2008 2966 2120 3009 aliquo
2138 2976 2174 3000 se
2191 2976 2286 3000 com-

1239 3024 1416 3058 maculare.
1434 3022 1530 3055 Unde
1547 3021 1581 3054 in
1592 3021 1784 3064 hujusmodi
1804 3021 2007 3055 facinoribus
2027 3023 2189 3065 quosdam
2209 3023 2284 3057 lau-

1237 3081 1358 3114 damus
1370 3106 1378 3117 ,
1398 3077 1481 3111 alios
1496 3076 1770 3120 reprehendimus
1779 3103 1788 3118 ,
1802 3077 1885 3110 alios
1897 3077 2042 3121 denique
2060 3087 2171 3121 neque
2184 3079 2280 3112 laude

1236 3145 1344 3180 neque
1356 3134 1583 3177 objurgatione
1594 3160 1601 3173 ,
1615 3134 1673 3168 sed
1686 3134 1782 3168 venia
1801 3134 1916 3175 dignos
1933 3134 2174 3167 existimamus.
2198 3135 2282 3168 Sunt

1237 3201 1313 3233 ergo
1335 3189 1528 3232 simpliciter
1546 3199 1610 3222 non
1628 3188 1832 3228 voluntaria,
1859 3198 1964 3231 quum
1985 3197 2099 3222 eorum
2127 3197 2226 3221 causa
2249 3188 2281 3220 in

1236 3249 1284 3282 eis
1300 3249 1351 3281 est
1367 3255 1445 3290 quae
1460 3248 1539 3280 sunt
1562 3248 1675 3286 extra,
1701 3255 1808 3288 neque
1824 3245 2008 3288 quidquam
2027 3244 2056 3277 is
2079 3245 2137 3287 qui
2159 3243 2226 3281 agit
2239 3243 2281 3275 ad

1235 3301 1395 3335 actionem
1410 3299 1538 3334 confert
1553 3312 1560 3333 z
1575 3298 1763 3333 voluntaria
1779 3301 1891 3332 autem
1904 3324 1912 3339 ,
1932 3307 2037 3341 quum
2053 3297 2160 3330 omnis
2176 3295 2281 3328 actio-

1236 3367 1314 3390 num
1343 3365 1442 3389 causa
1471 3364 1570 3398 penes
1589 3356 1741 3397 agentem
1758 3355 1818 3387 est.
1846 3356 1930 3392 Quae
1956 3354 2066 3385 autem
2095 3353 2229 3393 propter
2244 3358 2279 3382 se

1233 3422 1297 3446 non
1310 3415 1388 3446 sunt
1406 3411 1589 3455 expetenda
1602 3410 1661 3444 sed
1679 3420 1739 3453 pro
1755 3411 1902 3451 tempore
1918 3411 1977 3442 aut
1990 3407 2127 3441 alterius
2139 3406 2280 3447 alicujus
2323 3399 2326 3402 ’
