2528 3788
293 231 371 270 112

292 318 471 368 completi
501 324 642 353 certam
673 314 867 364 quandam
890 314 1103 366 disciplinae
1122 315 1326 354 formulam

291 382 610 428 composuerunt,
633 382 671 411 et
696 386 779 411 eam
798 373 956 423 quidem
971 374 1127 425 plenam
1148 388 1191 412 ac
1208 375 1328 413 refer-

292 443 368 472 tam
391 448 399 471 :
422 434 527 470 illam
560 440 686 470 autem
715 431 948 471 Socraticam
975 433 1255 472 dubitationem
1281 434 1329 472 de

290 491 468 530 omnibus
489 491 606 528 rebus
632 499 692 538 et,
715 491 824 528 nulla
845 491 1105 531 affirmatione
1133 491 1321 538 adhibita,

290 549 606 588 consuetudinem
633 548 846 587 disserendi
866 550 1121 600 reliquerunt.
1150 549 1206 588 Ita
1233 551 1330 588 facta

289 618 368 656 est,
396 608 501 659 quod
522 610 678 646 minime
701 607 876 646 Socrates
903 608 1119 659 probabat,
1142 622 1204 647 ars
1226 623 1327 660 quaa-

289 667 375 704 dam
400 666 648 718 philosophia
668 675 706 704 et
724 679 854 704 rerum
872 666 969 704 ordo
991 674 1030 704 et
1050 666 1256 718 descriptio
1273 667 1330 705 di-

289 727 471 776 sciplinae.
487 743 502 759 »
526 726 620 763 Plus
637 725 887 763 dubitationis
904 725 1088 763 videntur
1102 725 1248 764 habere
1269 739 1330 764 se-

290 787 446 835 quentia
466 799 475 822 :
503 802 519 819 «ι
542 784 633 830 Quae
661 784 815 835 quidem
844 793 926 822 erat
947 787 1074 835 primo
1093 784 1267 832 duobus,
1289 794 1331 823 ut

290 843 394 891 dixi,
416 843 640 882 nominibus
659 857 735 881 una
756 857 767 882 .·
790 844 884 882 nihil
900 846 1002 882 enim
1019 846 1120 882 inter
1134 844 1330 896 Peripate-

289 904 409 953 ticos,
431 910 470 940 et
497 903 604 940 illam
632 912 803 942 veterem
832 903 1079 942 Academiam
1111 903 1326 942 differebat.

290 959 541 998 Abundantia
561 962 730 1012 quadam
752 964 897 1011 ingenii
927 961 1152 1013 praestabat,
1175 970 1217 999 ut
1236 963 1330 1001 mihi

291 1019 461 1068 videtur,
483 1020 713 1059 Aristoteles
735 1021 889 1071 quidem
903 1050 913 1068 ,
934 1021 1000 1059 sed
1020 1021 1121 1058 idem
1144 1021 1230 1063 fons
1250 1030 1331 1060 erat

290 1079 484 1128 utrisque,
503 1087 541 1116 et
562 1079 693 1117 eadem
706 1092 843 1117 -rerum
864 1079 1163 1131 expetendarum
1185 1080 1329 1129 fugien-

290 1136 503 1187 darumque
536 1141 706 1189 partitio.
743 1155 759 1172 »
807 1138 879 1176 Sed
915 1151 1007 1176 eave
1042 1146 1154 1188 putes
1183 1151 1331 1177 errasse

290 1193 514 1233 Ciceronem
527 1225 537 1244 ,
557 1199 626 1246 qui
638 1197 785 1247 judicat
807 1197 1046 1234 Aristotelem
1067 1209 1152 1234 cum
1168 1196 1332 1235 Platone

289 1252 422 1292 verbis
441 1256 580 1305 saepius
597 1267 711 1305 quam
732 1268 774 1293 re
793 1254 991 1293 dissidere.
1007 1254 1160 1305 Quippe
1178 1267 1330 1294 morum

290 1321 481 1363 praecepta
507 1326 628 1363 prope
661 1313 793 1351 eadem
816 1313 991 1359 tradunt,
1016 1326 1059 1350 ac
1079 1312 1127 1350 de
1144 1313 1228 1350 aliis
1249 1313 1329 1364 (93)

291 1383 446 1422 quoque
479 1372 738 1423 philosophiae
774 1372 870 1411 locis
912 1374 1084 1409 similiter
1121 1371 1327 1411 disserunt.

291 1428 482 1467 Praeterea
501 1439 581 1468 tum
598 1431 814 1468 Academici
832 1439 911 1468 tum
935 1431 1200 1480 Peripatetici,
1218 1439 1331 1480 post—

291 1499 406 1536 quam
422 1500 471 1525 ex
486 1488 620 1526 eodem
641 1487 767 1536 fonte,
785 1488 824 1526 id
845 1497 901 1526 est
916 1487 1087 1525 Platonis
1104 1487 1329 1539 disciplina,

290 1544 442 1583 decreta
470 1559 539 1584 sua
556 1546 790 1594 hauserunt3
812 1549 989 1598 quamvis
1021 1547 1190 1585 diversis
1220 1551 1331 1598 quasi

290 1603 492 1642 itineribus
516 1607 557 1642 in
582 1614 728 1643 naturae
748 1606 1071 1657 contemplatione
1088 1605 1137 1643 ad
1153 1606 1330 1644 ultimum

292 1665 495 1711 pervenire
510 1667 712 1711 tentarint,
727 1673 855 1703 tamen
870 1666 912 1702 in
926 1664 1066 1702 morali
1085 1663 1333 1716 philosophia

292 1721 455 1759 eandem
482 1735 611 1760 rerum
643 1724 944 1774 expetendarum
981 1723 1332 1774 fugiendarumque

290 1783 536 1830 partitionem
557 1782 743 1822 fecerunt.

343 1839 389 1877 In
407 1839 632 1878 Xenocratis
646 1841 807 1892 physica
821 1855 908 1879 cum
925 1841 1055 1879 multae
1071 1853 1134 1879 res
1147 1849 1237 1878 sunt
1251 1854 1330 1879 non

293 1900 383 1935 satis
401 1899 619 1949 explicatae,
638 1907 718 1937 tum
735 1900 972 1948 perdifficilis
993 1908 1031 1937 et
1049 1898 1215 1938 obscura
1230 1913 1331 1950 quae—

293 1957 365 1992 stio
382 1955 430 1993 de
448 1958 620 1993 numeris
639 1965 711 1993 est.
735 1955 842 1993 Solet
858 1957 965 1993 enim
991 1957 1032 1992 in
1050 1958 1247 1992 tractanda
1263 1959 1334 1995 hac

293 2016 455 2052 materia
473 2014 672 2052 vocabulis
689 2014 944 2065 Pythagoreis
961 2014 1134 2051 Platonis
1151 2013 1331 2063 dogmata

293 2072 502 2111 obscurare
521 2075 651 2123 potius
665 2086 779 2122 quam
795 2072 1003 2110 illustrare.
1022 2072 1069 2109 In
1085 2074 1222 2122 primis
1238 2086 1334 2111 vero

293 2132 464 2168 numeris
490 2130 539 2167 ad
563 2130 820 2179 designandas
840 2130 1013 2168 Platonis
1033 2130 1137 2167 ideas
1157 2142 1250 2168 usus
1264 2139 1332 2170 est.

293 2188 405 2234 Quod
431 2182 479 2227 ne
507 2191 569 2226 cui
601 2197 744 2227 temere
771 2189 906 2228 fecisse
929 2189 1122 2236 videatur,
1154 2199 1333 2240 reputare

298 2260 368 2285 nos
388 2249 587 2295 convenit,
606 2247 807 2286 Platonem
833 2248 1064 2299 Pythagorae
1085 2247 1245 2299 ejusque
1273 2262 1333 2286 se-

297 2305 508 2344 ctatoribus
523 2306 643 2344 multa
656 2305 834 2344 debuisse
851 2305 944 2358 (94).
963 2305 1098 2357 Itaque
1114 2310 1333 2345 summatim

295 2363 451 2402 alterius
468 2378 672 2412 numeros,
694 2366 850 2403 alterius
879 2365 983 2404 ideas
1008 2367 1264 2415 attingamus,
1292 2375 1335 2404 ut

294 2423 491 2474 quomodo
511 2422 745 2461 Xenocrates
766 2426 805 2461 in
819 2423 894 2461 hoc
910 2432 1138 2473 argumento
1161 2433 1334 2463 versatus

295 2483 366 2528 sit,
385 2480 578 2531 conjicere
605 2481 718 2519 nobis
736 2482 861 2519 liceat.
882 2480 1072 2519 Numeros
1101 2481 1335 2532 Pythagorei

297 2541 468 2576 omnium
489 2551 619 2576 rerum
644 2541 836 2590 principia
850 2548 1043 2578 vocarunt
1071 2538 1168 2591 (95).
1189 2538 1336 2578 Cuncta

295 2598 396 2634 enim
411 2599 582 2635 numeris
597 2607 686 2635 sunt
697 2598 903 2636 assimilata
918 2599 1013 2649 (96),
1028 2600 1132 2649 quia,
1150 2611 1332 2648 quaecun-

296 2667 372 2704 que
389 2657 430 2692 in
448 2657 628 2693 universo
643 2666 805 2703 exstant,
823 2659 1020 2694 numerari
1039 2666 1214 2707 possunt.
1231 2656 1335 2706 Ergo

296 2785 454 2819 heriensis
471 2787 722 2828 Metalogicilih.
741 2789 783 2827 ll,
806 2798 876 2830 cap.
892 2794 922 2821 2.
944 2809 984 2816 -
1003 2792 1066 2830 (93)
1079 2791 1195 2823 Cicero
1209 2792 1334 2829 Quaest.

296 2832 396 2865 Acad.
414 2832 470 2865 lib.
495 2835 521 2873 Ι,
540 2843 611 2875 cap.
632 2838 704 2867 5-8.
722 2834 771 2867 Cf.
790 2836 833 2874 II,
856 2843 927 2876 cap.
948 2839 988 2869 42
1008 2839 1040 2869 et
1063 2840 1121 2877 443
1142 2838 1185 2870 de
1204 2838 1336 2871 Finibus

296 2880 355 2912 li'b.
378 2879 420 2920 11,
438 2889 508 2921 cap.
531 2883 579 2920 11,
605 2881 662 2912 lib.
680 2883 736 2920 IV,
761 2891 833 2922 cap.
866 2885 880 2914 1
900 2884 935 2915 et
953 2886 982 2916 6.
1007 2901 1047 2907 —
1064 2884 1130 2926 (94)
1149 2885 1336 2918 Aitstoteles

296 2926 496 2968 Metaph.lib
527 2929 550 2967 1,
561 2937 631 2968 cap.
649 2932 679 2960 6.
697 2929 901 2969 Porphyrius
914 2929 972 2962 vit.
988 2931 1127 2973 Pythag.
1140 2940 1212 2972 cap.
1230 2935 1281 2965 53.
1295 2951 1337 2959 -

339 2974 408 3014 (95)
442 2975 560 3006 Sextus
586 2974 768 3014 Empiricus
791 2976 904 3016 Pyrrh.
938 2978 1023 3018 Hyp.
1048 2978 1105 3011 lib.
1128 2980 1187 3018 111,
1208 2981 1277 3012 152.
1295 2996 1336 3005 -—

297 3019 364 3061 (96)
385 3021 504 3053 Sextus
524 3021 709 3062 Empiricus
730 3021 804 3053 adv.
825 3022 984 3056 Mathem.
1004 3024 1062 3057 lib.
1083 3026 1141 3065 IV,
1157 3029 1187 3058 2.
1206 3043 1248 3050 --
1269 3026 1334 3068 (97)

298 3067 416 3098 Sextus
434 3067 618 3107 Empiricus
639 3067 715 3100 adv.
741 3068 844 3100 Math.
867 3069 927 3102 lib.
954 3072 994 3110 X,
1019 3074 1091 3104 248.
1124 3090 1161 3096 —
1189 3072 1256 3114 (98)
1284 3073 1332 3105 Id.

297 3112 414 3152 Pyrru.
434 3114 521 3153 Hyp.
548 3114 607 3152 ΙΙΙ,
637 3116 694 3145 153
715 3122 806 3155 seqq.
828 3115 902 3147 adv.
922 3117 1024 3150 Math.
1046 3119 1084 3157 X,
1114 3122 1172 3151 261
1199 3127 1268 3160 seq.
1295 3138 1335 3143 —-

299 3158 366 3199 (99)
386 3159 437 3191 Id.
457 3159 532 3191 adv.
549 3160 649 3191 Math.
672 3159 727 3192 lib.
752 3162 793 3199 X,
811 3164 870 3193 277
893 3162 960 3194 ὅθεν
978 3165 1071 3203 φασὶν
1097 3165 1129 3197 ἐν
1146 3168 1212 3202 ταῖς
1226 3167 1334 3208 ἀρχαῖς

297 3205 424 3243 ταῦταις
440 3206 493 3239 τὸν
523 3206 577 3247 μὲν
592 3210 648 3238 τοῦ
671 3208 802 3248 δρῶντος
822 3208 923 3240 αἰτίου
942 3210 1032 3249 λόγον
1052 3212 1173 3253 ἐπέχειν
1191 3214 1246 3250 τὴν
1272 3224 1332 3254 μο-

296 3251 375 3285 νάδα
385 3261 392 3268 ·
413 3253 465 3285 τὸν
479 3253 511 3285 δὲ
532 3257 586 3291 τῆς
601 3255 785 3294 πασχούσης
801 3255 875 3292 ὕλης
897 3256 951 3293 τὴν
964 3257 1072 3289 δυάδα.
1088 3276 1130 3282 --

341 3297 429 3339 (100)
442 3299 536 3331 Plato
546 3299 629 3331 Tim.
644 3308 677 3340 p.
691 3302 763 3332 517.
778 3303 815 3333 A.
829 3302 867 3332 B.
888 3319 928 3326 —-
945 3302 1034 3342 (101)
1051 3303 1098 3334 Id.
1115 3304 1197 3335 Tim.
1212 3314 1244 3345 p.
1261 3309 1332 3337 528.

297 3343 441 3386 -(1o2)
459 3345 539 3378 ibid.
559 3353 591 3386 p.
613 3348 685 3378 530.
710 3347 748 3379 G.
774 3348 815 3379 D.
832 3366 871 3374 -—
888 3348 977 3389 (103)
995 3349 1071 3381 ibid.
1099 3359 1130 3390 p.
1149 3353 1219 3382 531.
1238 3353 1275 3383 A.
1296 3353 1331 3383 Β.

300 3397 367 3430 seq.
389 3407 431 3414 —
448 3389 536 3432 (104)
555 3390 636 3423 ibid.
652 3401 684 3432 p.
704 3395 762 3424 531
781 3402 850 3435 seq.
866 3414 906 3420 —
923 3395 1010 3435 (105)
1031 3396 1073 3427 cf.
1100 3396 1191 3429 Plato
1207 3397 1332 3431 Phileb.

298 3443 373 3477 pag.
393 3439 442 3470 14.
462 3438 502 3470 D.
516 3439 633 3470 sextus
649 3438 834 3480 Empiricus
850 3441 927 3473 adv.
943 3442 1189 3475 mathematicos
1200 3443 1255 3476 lib.
1277 3446 1332 3485 IX,

1153 227 1220 267 DE
1251 229 1574 269 XENOCRATE.

1390 328 1640 354 numerorum
1659 315 1848 366 principia
1863 324 1993 350 rerum
2011 313 2123 349 etiam
2143 313 2333 363 principia
2346 312 2430 351 esse

1388 373 1530 412 debent
1554 377 1647 427 (97).
1672 373 1806 410 Monas
1826 380 1952 409 autem
1972 378 2010 408 et
2028 370 2145 422 dyas,
2165 370 2206 409 id
2227 379 2284 409 est
2307 381 2429 408 unum

1388 441 1425 469 et
1448 433 1585 483 plura,
1608 441 1698 471 sunt
1727 432 1916 469 elementa
1943 429 2250 481 uniuscujusque
2277 429 2431 468 numeri

1390 490 1473 543 (98)
1486 491 1651 542 ideoque
1663 493 1776 531 etiam
1788 492 1960 528 omnium
1977 501 2119 526 rerum.
2133 488 2221 534 Quo
2237 490 2278 526 in
2291 499 2432 539 genere

1390 562 1524 588 monas
1551 558 1609 588 est
1638 551 1875 600 principium
1908 549 2097 594 activum,
2131 547 2280 596 agentis
2307 557 2433 584 causae

1391 611 1578 647 rationem
1598 622 1608 646 ε
1629 608 1727 659 dyas
1746 610 1944 659 passivum
1960 635 1970 654 ‚
1990 606 2172 658 patientis
2191 605 2363 642 materian
2376 603 2432 642 lo·

1391 681 1478 705 cum
1511 666 1690 705 obtinens
1712 665 1810 719 (99).
1835 666 1924 704 Haec
1954 664 2196 715 Pythagoras
2223 670 2262 700 et
2290 663 2358 713 qui
2385 661 2432 700 ad

1390 725 1475 776 ejus
1495 727 1759 764 auctoritatem
1781 739 1822 764 se
1843 725 2104 764 contulerunt.

1444 785 1587 824 Contra
1606 784 1762 823 Platoni
1782 786 1854 821 tria
1870 783 1997 834 placet
2022 795 2105 821 esse
2127 793 2259 820 rerum
2284 781 2434 832 princi-

1390 845 1452 894 pia
1468 856 1590 895 eaque
1607 852 1748 881 aeterna
1761 871 1773 891 ,
1800 843 1921 880 Deum
1935 872 1945 890 ,
1965 842 2073 879 ideas
2085 871 2096 891 ,
2115 842 2332 879 materiam.
2348 835 2435 878 Ma-

1394 904 1526 941 teriam
1546 916 1647 952 vago
1664 911 1702 940 et
1718 904 1867 940 incerto
1885 909 1992 939 motu
2015 900 2266 938 fluctuantem
2283 897 2380 937 deus
2394 899 2434 935 in

1391 961 1565 1000 ordinem
1587 962 1766 1012 digessit,
1787 961 1835 999 ad
1850 961 2026 999 idearum
2047 959 2268 1011 exemplum
2287 958 2437 998 confor-

1393 1023 1514 1059 mavit
1528 1033 1530 1035 ’
1543 1030 1581 1059 et
1612 1021 1801 1059 mundum
1832 1034 1882 1058 ex
1913 1033 1960 1058 ea
1990 1020 2209 1071 composuit
2241 1033 2251 1056 :
2290 1018 2436 1058 mundo

1392 1082 1562 1118 animam
1588 1079 1754 1132 (ψυχήν)
1776 1082 1990 1130 animaeque
2006 1087 2172 1117 mentem
2195 1078 2316 1130 (νοῦν)
2334 1078 2436 1117 indi-

1391 1140 1450 1178 dit
1470 1138 1590 1191 (100).
1610 1139 1699 1177 Haec
1716 1141 1844 1177 anima
1858 1141 1977 1177 mixta
1992 1147 2050 1177 est
2062 1152 2112 1176 cx
2131 1140 2291 1176 materia
2305 1137 2436 1190 bipar-

1393 1201 1477 1247 tita;
1498 1199 1620 1236 altera
1639 1198 1806 1249 simplici
1825 1207 1864 1236 et
1882 1196 2142 1245 immutabili,
2158 1197 2280 1235 altera
2297 1209 2434 1248 corpo·

1393 1271 1479 1305 rea,
1503 1257 1663 1295 dividua
1683 1265 1721 1294 et
1740 1256 1929 1294 mutabili.
1955 1255 2049 1293 Eam
2067 1268 2162 1294 vero
2178 1257 2347 1293 animam
2363 1259 2437 1307 per

1393 1325 1512 1354 totam
1534 1328 1666 1353 rerum
1691 1323 1866 1352 naturam
1885 1317 2070 1352 intentam
2085 1322 2123 1352 et
2141 1321 2436 1367 commeantem,

1393 1376 1570 1424 quamvis
1589 1387 1611 1412 a
1631 1387 1783 1412 summo
1805 1375 1878 1412 deo
1893 1381 2136 1424 procreatam
2148 1401 2161 1420 ,
2179 1381 2310 1412 tamen
2325 1374 2437 1412 intel-

1393 1432 1574 1482 ligentem
1591 1446 1635 1471 ac
1648 1434 1818 1471 divinam
1832 1442 1869 1471 et
1879 1435 1991 1483 quasi
2005 1432 2218 1471 secundum
2228 1431 2343 1471 deum
2353 1444 2438 1473 esse

1397 1492 1502 1542 (101)
1527 1495 1672 1531 statuit.
1695 1492 1820 1530 Porro
1853 1504 2026 1530 summus
2053 1491 2149 1530 deus
2177 1490 2311 1543 opifex
2343 1491 2436 1530 deos

1394 1551 1567 1588 coelestes
1588 1553 1805 1601 generavit,
1825 1553 1892 1601 qui
1916 1559 2006 1589 sunt
2031 1559 2134 1588 astra
2156 1552 2271 1600 ignea
2287 1549 2395 1602 (ιω)
2424 1565 2435 1590 z

1393 1609 1630 1646 immortales
1642 1638 1653 1657 ,
1677 1622 1756 1646 non
1776 1608 1934 1659 quidem
1951 1621 2021 1647 sua
2034 1617 2196 1658 natura,
2215 1608 2289 1647 sed
2299 1611 2439 1647 summi

1394 1667 1456 1704 dei
1474 1708 1478 1711 Δ
1495 1667 1709 1707 voluntate.
1747 1667 1938 1719 Deinceps
1969 1680 2155 1706 summus·
2180 1668 2277 1707 deus
2311 1667 2440 1706 effecit

1395 1728 1541 1764 animas
1563 1727 1786 1764 animalium
1811 1727 1945 1764 eadem
1964 1729 2135 1775 ratione,
2158 1739 2236 1778 qua
2255 1725 2440 1765 effecerat

1396 1787 1562 1822 animam
1579 1785 1736 1833 mundi,
1758 1798 1837 1823 non
1860 1793 1989 1823 tamen
2007 1787 2061 1823 ita
2079 1785 2272 1837 perfectas
2291 1793 2335 1823 ut
2354 1788 2436 1824 ani·

1394 1856 1497 1881 mam
1517 1844 1652 1882 mundi
1665 1872 1676 1891 ,
1702 1844 1769 1882 sed
1786 1844 2019 1892 deteriores3
2035 1847 2182 1896 quippe
2201 1847 2436 1896 quae·mino-

1395 1914 1477 1939 rem
1500 1911 1649 1953 partem
1671 1901 1859 1940 haberent
1878 1905 2047 1941 materiae
2065 1902 2172 1941 illius
2191 1903 2380 1955 simplicis
2398 1912 2437 1942 et

1393 1960 1644 2000 immutabilis
1676 1961 1798 2012 (103).
1820 1961 1896 1999 Has
1916 1962 2139 2001 animalium
2161 1964 2309 2001 animas
2333 1962 2435 2000 idem

1395 2028 1569 2053 summus
1589 2020 1720 2065 opifex
1741 2019 1836 2051 deus
1856 2021 1958 2055 inter
1977 2020 2071 2059 deos
2090 2020 2267 2059 coelestes
2285 2019 2432 2061 divisit,

1395 2082 1438 2110 ut
1462 2075 1538 2123 ipsi
1562 2073 1638 2110 illis
1664 2084 1830 2122 corpora
1860 2069 2143 2109 fabricarentur
2165 2069 2292 2122 (104),
2310 2071 2436 2121 iisque

1396 2130 1627 2182 corporibus
1655 2130 1742 2168 illas
1761 2128 2016 2169 includerent.
2040 2128 2141 2167 Nolo
2164 2129 2347 2180 persequi
2367 2141 2439 2167 cte-
2479 2129 2481 2131 ’

1395 2198 1478 2227 tera
1493 2202 1578 2239 quae
1597 2191 1637 2226 in
1653 2187 1800 2226 Timaeo
1814 2187 2012 2227 dicuntur.
2028 2187 2075 2225 ld
2091 2195 2240 2226 tantum
2255 2195 2418 2239 apparet
2428 2202 2464 2236 ,w

1395 2247 1500 2285 ideas
1520 2247 1758 2294 Platonicas,
1779 2245 1855 2284 hoc
1875 2254 1952 2294 est,
1981 2247 2129 2297 species
2155 2253 2320 2285 aeternas
2332 2253 2371 2284 et
2388 2245 2437 2284 eb

1396 2308 1503 2344 omni
1535 2306 1783 2344 concretione
1813 2304 1970 2343 mortali
1994 2313 2212 2354 segregatas
2225 2333 2236 2352 ,
2273 2317 2437 2355 quarum

1397 2364 1686 2402 similitudinem
1704 2372 1845 2414 gerunt
1864 2376 1927 2402 res
1944 2371 2080 2401 creatae
2092 2391 2105 2412 ,
2125 2375 2240 2415 posse
2254 2375 2342 2400 cum
2364 2376 2435 2402 nu-

1396 2425 1513 2461 meris
1544 2425 1775 2474 comparari.
1810 2422 1861 2460 Ut
1886 2424 1987 2459 enim
2015 2435 2064 2460 ex
2093 2435 2172 2460 uno
2198 2421 2312 2474 plura
2339 2422 2438 2461 fiunt

1399 2481 1505 2532 (105)
1523 2484 1602 2521 :sic
1615 2495 1664 2519 ex
1679 2483 1841 2519 materia
1860 2480 1908 2518 ad
1922 2480 2094 2519 idearum
2110 2481 2331 2533 exemplum
2351 2495 2440 2520 con-

1398 2538 1560 2576 formata
1585 2541 1721 2588 ingens
1740 2553 1869 2578 rerum
1890 2541 2056 2578 varietas
2083 2549 2222 2578 exorta
2245 2549 2317 2581 est.
2341 2539 2440 2580 Hinc

1396 2606 1512 2648 patet,
1527 2599 1674 2648 optimo
1684 2596 1775 2647 jure
1793 2595 2058 2642 Xenocratem,
2079 2598 2336 2649 philosophiae
2348 2597 2439 2636 Pla-

1395 2658 1531 2694 tonicae
1550 2656 1673 2694 fontes
1695 2657 1951 2707 aperientem,
1974 2658 2139 2694 maxime
2165 2658 2207 2694 in
2235 2670 2437 2696 commen-

1398 2792 1459 2823 364
1477 2793 1540 2822 τῶν
1558 2790 1591 2822 δὲ
1604 2790 1761 2831 ἀσώματα
1778 2790 2025 2830 ὃογματιζόντων
2044 2792 2073 2822 οἱ
2091 2790 2146 2831 μὲν
2161 2793 2232 2832 περὶ
2250 2792 2438 2835 Πυθαγόραν

1397 2838 1468 2874 τοὺς
1483 2837 1630 2879 ἀριθμοὺς
1648 2837 1752 2874 ἔλεξαν
1767 2837 1893 2868 πάντων
1913 2837 2039 2878 ἄρχειν,
2064 2838 2094 2869 οἱ
2109 2837 2142 2868 δὲ
2168 2838 2380 2879 μαθηματικοὶ
2398 2841 2437 2872 τὰ

1397 2886 1516 2926 πέρατα
1531 2888 1594 2917 τῶν
1616 2885 1796 2925 σωμάτων,
1815 2885 1845 2916 οἱ
1861 2884 1895 2915 δὲ
1918 2884 1988 2924 περὶ
2012 2884 2066 2916 τὸν
2087 2884 2246 2916 Πλάτωνα
2265 2886 2321 2923 τὰς
2340 2886 2436 2924 ἰδέας.

1396 2932 1445 2964 Id.
1465 2931 1540 2965 adv,
1569 2930 1817 2964 mathematicos
1835 2930 1897 2962 lib.
1927 2931 1967 2970 X,
1990 2934 2050 2964 258
2074 2930 2144 2963 ἀλλ’
2172 2931 2220 2964 ὅτι
2248 2932 2437 2974 ἀσωμάτους

1396 2978 1475 3011 εἶναι
1492 2979 1539 3010 δεῖ
1550 2978 1606 3015 τὰς
1625 2977 1723 3019 ἀρχὰς
1740 2979 1802 3009 τῶν
1823 2977 1909 3018 ὶόγῳ
1929 2979 2095 3019 θεωρητῶν
2112 2979 2271 3019 σωμάτων
2282 3002 2294 3020 ,
2314 2979 2350 3011 ἐκ
2374 2984 2436 3012 τῶν

1396 3025 1564 3065 εἰρημένων
1581 3024 1752 3066 συμφανίς.
1769 3024 1853 3063 Ἤδη
1883 3024 1917 3056 δὲ
1931 3025 1990 3057 οὐκ.
2007 3025 2034 3057 εἱ
2056 3036 2127 3058 τινα
2143 3026 2358 3066 προϋφέστηκε
2374 3031 2437 3059 τῶν

1397 3071 1556 3113 σωμάτων
1569 3071 1728 3111 ἀσώματα
1739 3095 1748 3111 ,
1761 3071 1848 3103 ταῦτ’
1868 3071 1899 3108 ἐξ
1912 3071 2047 3111 ἀνάγκης
2064 3072 2206 3113 στοιχεῖά.
2221 3073 2287 3104 ἐστι
2308 3075 2369 3104 τῶν
2383 3073 2434 3104 ὄν·

1394 3130 1457 3150 των
1473 3120 1526 3151 καὶ
1542 3119 1664 3160 πρῶταί
1679 3130 1758 3156 τινες
1778 3119 1883 3161 ἀρχαί.
1907 3118 1989 3152 Ἰδοὺ
2002 3120 2067 3160 γὰρ·
2080 3120 2134 3151 καὶ
2153 3121 2185 3151 αἱ
2201 3118 2282 3151 ἰδέαι
2298 3119 2431 3160 ἀσώμα-

1394 3177 1441 3198 τοι
1460 3166 1552 3199 οὖσαι
1572 3167 1654 3198 κατὰ
1678 3166 1732 3199 τὸν
1749 3167 1904 3199 Πλάτωνα
1927 3169 2142 3207 προϋφεστᾶσι
2165 3169 2229 3198 τῶν
2253 3166 2411 3208 σωμάτων
2425 3192 2433 3207 ,

1396 3214 1448 3244 καὶ
1471 3214 1604 3246 ἕκαστον
1631 3215 1694 3245 τῶν
1715 3213 1886 3254 γινομένων
1902 3213 1979 3254 πρὸς
2001 3213 2098 3250 αὐτὰς
2117 3213 2257 3254 γίνεται·
2282 3213 2350 3246 ἀλλ’
2375 3215 2434 3246 οὐκ.

1394 3261 1454 3291 εἰσὶ
1474 3263 1536 3291 τῶν
1558 3260 1656 3292 ὄντων
1672 3259 1789 3302 ἀρχαί,
1814 3259 1939 3301 ἐπείπερ
1959 3259 2078 3298 ἑκάστη
2097 3260 2166 3292 ἰδέα
2181 3261 2253 3293 κατ’
2267 3261 2351 3293 ἰδίαν
2377 3260 2433 3302 μὲν

1394 3307 1611 3347 λαμὸανομένη
1630 3306 1662 3339 ἓν
1682 3307 1761 3338 εἶναι
1787 3306 1927 3347 λέγεται,
1945 3306 2028 3338 κατὰ
2049 3305 2200 3348 σύλληψιν
2226 3308 2259 3340 δὲ
2286 3307 2392 3349 ἑτέροις
2409 3308 2430 3347 ἢ

1393 3353 1493 3385 ἄλλων
1515 3353 1570 3385 δύο
1591 3353 1646 3385 καὶ
1673 3355 1755 3394 τρεῖς
1770 3353 1824 3386 καὶ
1839 3354 1988 3395 τέσσαρες
2000 3378 2009 3393 ,
2033 3354 2117 3387 ὥστε
2132 3354 2211 3386 εἶναί
2229 3366 2258 3386 τι
2277 3354 2430 3388 ἐπαναὸε-

1392 3399 1488 3437 δηκὸς
1501 3400 1604 3433 αὐτῶν
1616 3404 1669 3440 τῆς
1682 3400 1902 3441 ὑποστάσεως,
1918 3402 1973 3433 τὸν
1989 3402 2115 3442 ἀριθμόν
2124 3426 2134 3442 ,
2149 3401 2187 3434 οὗ
2201 3403 2281 3435 κατὰ
2292 3401 2431 3444 μετοχὴν

1391 3445 1427 3477 τὸ
1447 3445 1478 3478 ἓν
1499 3447 1519 3485 ἢ
1537 3447 1578 3479 τὰ
1593 3446 1649 3480 δύο
1663 3447 1685 3486 ἢ
1702 3447 1743 3480 τὰ
1761 3447 1831 3489 τρία
1847 3448 1867 3486 ἢ
1879 3447 1919 3480 τὰ
1941 3447 2060 3481 τούτων
2074 3448 2120 3481 ἔτι
2136 3449 2265 3482 πλείονα
2283 3449 2431 3486 ἐπικατη-
