2508 3776
39 348 70 444 ,ζ
197 377 682 433 ANAPONIKOY
727 379 878 432 ΤΟΥ
923 378 1193 432 pomer

259 515 500 562 ΗΘΙΚΩΝ
533 516 655 562 ΤΩΝ
691 515 1133 562 ΝῚΚΟΜΑΧΕΙΩΝ

498 632 888 695 ῌΑΡΑΦΡΑΣΕΩΣ

442 738 650 773 ΒΙΒΛΙΟΝ
687 738 941 776 ΕΒΔΟΜΟΝ,

606 860 778 876 ἥθ’-

600 1038 693 1090 Κεφ.
725 1036 774 1078 α’.

535 1149 618 1194 Περὶ
634 1148 833 1193 ἐγκρατείας.

212 1233 234 1258 *
251 1234 359 1276 Μετὰ
386 1233 432 1275 τὰ
464 1235 632 1290 εἰρημένα
651 1235 732 1289 περὶ
752 1236 821 1274 τῶν
843 1235 975 1283 ἠθικῶν
997 1235 1129 1290 ἀρετῶν
1150 1235 1210 1276 καὶ

158 1293 386 1344 διανοητικῶν
403 1295 525 1350 ῥητέον
539 1296 619 1350 περὶ
639 1295 843 1350 ἐγκρατείας
856 1295 916 1334 καὶ
937 1299 1000 1344 effic
1014 1293 1101 1349 5²1er
1118 1299 1209 1348 ἡμᾶς

156 1353 304 1408 ἀρετῆς,
325 1355 402 1404 ἥτις
413 1355 552 1408 ἡρωϊκή
567 1356 618 1402 τίς
637 1357 710 1395 ἐστι
728 1355 788 1394 καὶ
809 1356 897 1394 θεία·
915 1354 993 1394 οὔτε
1015 1354 1082 1409 γὰρ
1098 1358 1120 1404 ἡ
1141 1358 1199 1408 ἐγ-

155 1413 304 1467 κράτεια
321 1414 491 1467 ὁμογενής
521 1417 596 1455 ἐστι
627 1418 704 1460 ταῖς
723 1416 924 1469 εἰρημέναις
944 1418 1100 1470 ἀρεταῖς,
1122 1415 1200 1456 οὔτε

156 1477 178 1522 ἡ
202 1473 290 1529 ὗπὲρ
311 1475 491 1530 ἄνθρωπον
511 1476 631 1530 ἀρετή·
649 1475 707 1515 διὰ
732 1480 833 1515 τοῦτο
854 1476 944 1528 μετὰ
972 1476 1017 1515 τὰ
1034 1476 1200 1531 περὶτῶν

154 1535 288 1588 ἀρετῶν
307 1536 476 1590 εἰρημένα
493 1535 573 1589 περὶ
592 1535 724 1576 τούτων
750 1535 844 1581 ἰδίως
867 1536 1054 1588 λέγωμεν,
1090 1536 1200 1585 ἀλλην

154 1593 390 1646 ποιησάμενοι
420 1593 551 1648 ἀρχήν.
574 1593 662 1635 “on
682 1592 719 1633 δὲ
738 1593 901 1647 οὐδετέρα
927 1597 1042 1635 αὐτῶν
1071 1598 1203 1647 ὁμοτα-

151 1651 216 1705 γής
231 1653 308 1693 ἔστι
326 1657 403 1700 ταῖς
432 1653 724 1708 προειρημέναις,
760 1653 865 1700 δῆλον
895 1651 996 1692 ἔσται
1031 1654 1101 1693 ἀπὸ
1129 1656 1199 1693 τῶν

150 1712 232 1766 περὶ
253 1713 368 1752 αὗτῶν
389 1713 663 1768 ῥηθησομένων·
690 1714 761 1752 τῶν
794 1710 837 1759 δὴ
870 1710 981 1766 ψόγου
1010 1711 1114 1758 ἀξίων
1144 1712 1205 1752 καὶ

44 1767 72 1804 st
88 1812 97 1817 ,
151 1774 308 1828 φευκτῶν
322 1773 405 1827 τρία
425 1772 519 1813 ἐστὶν
541 1773 641 1822 εἴδη,
661 1773 787 1822 κακία,
818 1771 972 1826 ἀκρασία
985 1802 995 1821 ,
1024 1773 1199 1826 θηριότης.

204 1831 247 1856 ²¹*
264 1831 322 1874 Τὰ
341 1832 379 1872 δὲ
407 1833 550 1873 ἐναντία
571 1832 704 1877 τούτοις
721 1835 766 1884 τῇ
793 1830 855 1882 μὲν
878 1831 984 1884 κακίᾳ
1002 1834 1024 1880 ἡ
1050 1832 1157 1887 ἀρετὴ
1183 1835 1206 1881 ἡ

149 1891 365 1947 ἠθική,περὶ
378 1888 420 1941 ἧς
439 1891 650 1942 διείληπται·
668 1894 713 1945 τῇ
734 1889 770 1930 δὲ
787 1890 942 1944 ἀκρασίᾳ
962 1894 984 1939 ἡ
1005 1891 1205 1946 ἐγκράτεια·

92 1966 95 1967 ’
149 1951 449 2007 1ι·“ᾑ”δὲθηριο’τητι
480 1955 503 2000 ἠ
525 1952 614 2006 ὑπὲρ
636 1951 820 2004 ἄνθρωπον
850 1949 979 2003 ἀρετή,
1008 1951 1031 2000 ἢ
1066 1949 1203 2005 ἡρωῖκὴ

149 2013 334 2064 καλεῖται,
353 2015 432 2053 καθ’
452 2012 496 2061 ἣν
529 2011 708 2066 ἄνθρωποι
735 2010 892 2063 γίνεσθαι
923 2009 1088 2063 λέγονται
1116 2011 1200 2052 θεῖοί

81 2110 86 2116 ,
119 2101 122 2103 -
148 2086 238 2116 τινες
254 2071 290 2119 ἐξ
311 2071 516 2126 ἀνθρώπων.

201 2131 266 2158 *Ι*
283 2131 431 2186 Ὠσπερ
447 2132 509 2172 καὶ
523 2131 693 2186 “Ομηρος
712 2130 845 2184 εἰσάγει
862 2130 922 2171 τὸν
939 2132 1105 2186 Πρίαμον
1125 2131 1207 2186 περὶ

147 2195 208 2233 τοῦ
226 2192 352 2239 παιδὸς
369 2190 546 2246 Ἕκτορος
561 2192 712 2246 λέγοντα
723 2221 733 2241 ,

298 2304 336 2311 -
357 2303 399 2311 -
417 2287 509 2321 -οὐ
526 2287 590 2331 γὰρ
611 2287 709 2330 ἐῴκει
725 2302 740 2320 ι

215 2332 340 2378 ’Δνδρός
355 2345 394 2377 γε
407 2335 526 2374 θνητοῦ
551 2334 626 2372 πάϊς
644 2334 795 2376 ἔμμεναι,
817 2333 898 2367 ἀλλὰ
911 2334 1014 2374 Θεοῖο,

145 2419 179 2459 δι
197 2418 642 2527 ἐίξᾞὲἒηηξὸἕέἒέστὶν
661 2480 684 2526 ἡ
707 2476 930 2529 ἀντικειμένη
952 2478 996 2531 τῇ
1015 2475 1196 2531 Θηριωδίᾳ.

139 2536 290 2591 ’Ὠσπερ
312 2537 382 2592 γὰρ
402 2540 425 2586 ἡ
447 2536 619 2592 θηριωδία
636 2539 700 2577 οὔκ
720 2537 795 2578 ἔστι
816 2536 925 2577 κακία
942 2567 952 2586 ,
981 2536 1036 2577 οἵα
1065 2537 1157 2576 ἐστὶν
1177 2539 1199 2586 ἡ

144 2596 368 2650 ἀντικειμένη
400 2602 479 2643 ταῖς
509 2598 668 2652 ἀρεταῖς·
699 2598 738 2638 οὗ
760 2597 829 2651 γάρ
861 2599 953 2637 ἔστιν
995 2597 1197 2651 ἀνθρωπίνη

143 2657 275 2710 κακία,
301 2656 390 2704 ὅλως
417 2657 454 2698 δὲ
474 2658 553 2698 οῦδὲ
574 2658 700 2707 κακία,
724 2658 764 2698 οὗ
791 2657 861 2711 γάρ
895 2658 970 2697 ἐστι
991 2658 1112 2709 θηρίου
1133 2674 1198 2697 κα-

32 2698 52 2709 η’
103 2717 123 2735 ‘³
141 2715 204 2758 κία
227 2716 252 2766 ἢ
289 2717 421 2772 ἀρετή,
443 2717 503 2758 διὰ
539 2717 578 2758 τὸ
606 2717 656 2770 μὴ
682 2716 774 2769 μετὰ
806 2716 913 2770 λόγου
931 2716 1080 2765 ποιεῖνῆ
1100 2718 1198 2772 παρὰ

141 2777 201 2817 τὸν
220 2776 323 2830 λόγον
335 2776 466 2823 ὀὕτως
485 2777 564 2817 οὐδὲ
578 2779 601 2825 ἡ
622 2776 697 2816 θεία
717 2775 825 2831 ἀρετὴ
843 2776 903 2816 καὶ
932 2776 1068 2828 ἡρωϊκὴ
1091 2776 1197 2830 ἀρετὴ

142 2835 185 2876 ἂν
202 2835 259 2886 εἴη
282 2837 430 2890 κυρίως·
450 2835 491 2876 τὸ
516 2835 586 2890 γὰρ
614 2835 830 2890 ἀνθρώπινον
852 2835 982 2888 ἀγαθὸν
1003 2835 1110 2890 ἀρετὴ
1140 2836 1195 2876 λε’-

141 2910 263 2948 γεται·
284 2896 326 2936 τὸ
347 2897 384 2936 δὲ
403 2896 494 2936 θεῖόν
515 2895 550 2936 τί
575 2897 668 2935 ἐστιν
681 2911 689 2921 ·
714 2895 778 2936 οὐκ
797 2894 872 2935 ἔστι
889 2894 925 2934 δὲ
953 2898 1033 2935 θεοῦ
1062 2895 1170 2949 ἀρετή
1185 2925 1196 2945 ,

99 2982 102 2987 -
141 2957 242 2997 ἀλλά
260 2972 295 2996 τι
330 2955 538 3010 τιμιώτερον
568 2957 695 3011 ἀρετῆς
734 2955 774 2995 τὸ
796 2955 885 2995 θεῖόν
921 2956 1015 2994 ἔστιν
1049 2954 1193 3007 ἀγαθόν·

141 3016 203 3056 καὶ
231 3014 353 3070 ὥσπερ
385 3015 535 3056 σπάνιόν
564 3018 659 3056 ἐστιν
689 3018 712 3064 ἡ
743 3015 888 3064 τοιαύτη
911 3013 999 3064 ἕξις,
1021 3014 1113 3054 οὕτω
1136 3015 1197 3054 καὶ

141 3078 165 3125 ἡ
182 3077 406 3128 ἀντικειμένη
425 3076 593 3130 θηριωδία
610 3076 774 3117 σπάνιον.
796 3075 903 3115 Ἔστι
924 3074 960 3114 δὲ
983 3075 1140 3126 μάλιστα
1160 3076 1196 3115 ἓν

140 3141 213 3182 τοῖς
243 3135 449 3190 βαρὸοίροις.
485 3136 628 3178 Γίνεται
659 3136 696 3176 δὲ
725 3139 748 3184 ἡ
775 3135 919 3184 τοιαύτη
953 3134 1123 3188 θηριωδία
1154 3136 1194 3175 οὗ

142 3195 248 3247 μόνον
280 3195 339 3236 διὰ
370 3196 614 3251 πονηροτάτην
640 3195 736 3247 ἕξιν,
770 3195 861 3235 ἀλλὰ
896 3194 957 3235 καὶ
990 3195 1048 3235 διὰ
1076 3195 1194 3241 νόσους

141 3253 202 3294 καὶ
218 3254 409 3309 πηρώσεις.

1461 381 1859 448 ANDRONICI
1906 389 2168 452 RHODII

1380 516 1710 577 ETHICORUM
1746 533 2245 587 NICOMACHEORUM

1635 649 1995 695 PARAPHRASIS

1715 758 1842 792 LIBER
1865 760 1936 793 vu.

1726 873 1898 888 ⁴0—-

1741 1039 1819 1083 Gap.
1858 1044 1883 1076 1.

1675 1135 1719 1163 De
1733 1135 1932 1167 continentia.
1988 1178 1995 1186 1

1320 1217 1399 1250 Post
1413 1226 1452 1251 ea
1467 1226 1543 1261 quoe
1570 1218 1611 1252 de
1630 1218 1812 1255 virtutibus
1829 1224 1901 1256 tum
1926 1217 2110 1260 moralibus
2127 1228 2200 1262 tum
2220 1230 2338 1272 positis

1277 1267 1311 1302 in
1331 1269 1530 1311 cogitatione
1546 1269 1694 1305 diximus
1707 1299 1715 1311 ,
1738 1272 1978 1316 disputandum
1996 1277 2092 1312 nobis
2111 1279 2175 1312 erit
2200 1280 2243 1314 de
2259 1291 2339 1315 con-

1279 1319 1417 1353 tinentia
1445 1330 1550 1364 eaque
1568 1332 1646 1366 quae
1672 1333 1771 1368 supra
1792 1326 1961 1361 hominem
1991 1331 2061 1369 est,
2091 1330 2234 1372 virtute,
2262 1343 2339 1376 quae

1279 1371 1412 1405 heroica
1424 1374 1458 1406 et
1474 1373 1587 1408 divina
1609 1378 1750 1410 vocatur
1768 1390 1775 1411 ε
1792 1388 1900 1422 neque
1921 1380 2008 1413 enim
2028 1385 2167 1424 cognata
2184 1384 2335 1428 reliquis,

1277 1424 1319 1458 de
1342 1425 1467 1468 quibus
1498 1427 1642 1469 egimus,
1667 1429 1851 1463 virtutibus
1874 1433 1934 1464 aut
1962 1433 2164 1467 continentia
2180 1437 2250 1475 est,
2279 1439 2338 1470 aut

1277 1485 1316 1509 ea
1337 1486 1414 1520 quae
1442 1478 1627 1512 humanum
1655 1480 1825 1523 fastigium
1856 1483 1986 1517 excedit
2015 1485 2125 1519 virtus
2147 1499 2155 1519 ε
2181 1489 2338 1530 quocirca

1276 1533 1352 1573 post
1373 1541 1412 1565 ea
1429 1540 1506 1575 quae
1529 1532 1571 1566 de
1602 1533 1783 1567 virtutibus
1804 1535 1893 1568 dicta
1912 1538 2006 1575 sunt,
2023 1537 2088 1570 alio
2115 1536 2205 1572 facto
2220 1539 2332 1583 initio,

1276 1584 1317 1618 de
1332 1585 1386 1619 his
1401 1595 1550 1620 seorsum
1570 1595 1785 1630 exponamus.
1815 1589 1976 1633 Neutram
1995 1591 2108 1622 autem
2127 1599 2243 1624 earum
2259 1600 2336 1624 cum

1276 1637 1316 1670 iis
1330 1647 1415 1680 quas
1429 1648 1529 1681 supra
1547 1639 1808 1672 memoravimus
1826 1640 1993 1673 cohaerere
2010 1641 2204 1682 virtutibus,
2222 1642 2277 1676 vel
2295 1652 2336 1676 ex

1276 1688 1328 1721 his
1343 1689 1423 1731 ipsis
1442 1699 1519 1732 quae
1538 1689 1581 1723 de
1596 1689 1663 1723 illis
1681 1690 1839 1723 tradituri
1855 1699 1992 1730 sumus,
2012 1692 2076 1725 erit
2090 1693 2308 1727 manifestum
2325 1707 2333 1727 :

1275 1749 1389 1774 eorum
1415 1750 1493 1774 vero
1517 1750 1595 1784 quae
1618 1741 1889 1784 reprehendenda
1912 1744 1946 1775 et
1978 1741 2137 1785 fugienda
2165 1744 2332 1784 videntur,

1276 1793 1342 1825 tres
1362 1793 1440 1826 sunt
1456 1791 1598 1835 species,
1629 1792 1814 1831 vitiositas,
1844 1792 2101 1833 incontinentia,
2120 1793 2247 1828 feritas.

1314 1844 1376 1877 His
1395 1853 1475 1878 vero
1503 1844 1669 1877 contraria
1691 1843 1868 1883 habentur,
1894 1844 2070 1878 vitiositati
2103 1846 2240 1888 quidem
2263 1847 2334 1880 vir-

1275 1905 1348 1944 tus,
1368 1903 1410 1937 de
1429 1913 1496 1947 qua
1512 1903 1751 1942 disseruimus,
1770 1903 1907 1937 moralis
1925 1916 1932 1937 :
1956 1904 2204 1939 incontinentiae
2222 1907 2329 1940 conti-

1272 1965 1383 1999 nentia
1403 1977 1412 1998 :
1434 1965 1560 2000 feritati
1583 1975 1660 2009 quae
1686 1974 1786 2009 supra
1805 1965 1974 1999 hominem
1999 1967 2050 1999 est
2075 1966 2203 2007 virtus,
2230 1978 2331 2011 quam

1272 2025 1438 2059 heroicam
1468 2026 1659 2066 nominant,
1679 2035 1746 2069 qua
1775 2034 1817 2059 ex
1846 2025 2037 2060 hominibus
2063 2026 2169 2061 divini
2193 2027 2330 2071 quidam

1271 2085 1420 2119 homines
1440 2085 1510 2119 fieri
1531 2085 1700 2119 dicuntur.

1312 2144 1603 2184 Quemadmodum
1615 2147 1649 2179 et
1664 2145 1835 2179 Priamum
1855 2146 2019 2179 Homerus
2040 2145 2082 2179 de
2099 2148 2243 2181 Hectore
2260 2147 2329 2181 tilio

1273 2203 1463 2247 loquentem
1486 2203 1634 2243 inducIt,

1668 2289 1807 2318 namque
1820 2280 1917 2310 illum
1931 2280 2019 2310 haud
2035 2289 2098 2310 εεεε
2113 2285 2240 2319 putam

1343 2330 1474 2360 mortali
1489 2329 1629 2367 yenitore
1645 2331 1766 2364 satum,
1782 2331 1816 2358 at
1841 2337 1941 2366 qenus
1956 2336 2020 2359 csse
2035 2329 2182 2366 deorum,

1269 2422 1403 2465 propter
1418 2407 1556 2454 virtutis
1571 2418 1812 2453 excellentiam.

1310 2484 1372 2518 Hic
1388 2485 1500 2517 autem
1514 2484 1564 2516 est
1583 2482 1643 2525 qui
1663 2480 1863 2515 immanitati
1879 2482 2058 2524 opponitur
2077 2480 2224 2516 habitus.
2243 2485 2326 2518 Nam

1267 2543 1552 2588 quemadmodum
1572 2541 1762 2575 immanitas
1788 2550 1853 2574 non
1873 2543 1924 2574 est
1941 2541 2107 2575 vitiositas
2122 2541 2219 2582 talis,
2241 2552 2327 2586 qua-

1267 2604 1308 2637 lis
1324 2603 1509 2637 virtutibus
1530 2602 1707 2645 opponitur
1725 2615 1733 2635 :
1753 2610 1862 2644 neque
1882 2601 1970 2634 enim
1997 2601 2144 2635 humana
2160 2602 2327 2638 vitiositas

1267 2665 1338 2702 est,
1372 2662 1431 2696 sed
1457 2662 1589 2696 omnino
1620 2670 1662 2695 ne
1689 2660 1855 2695 vitiositas
1879 2660 2032 2704 quidem,
2073 2660 2237 2704 siquidem
2265 2672 2326 2697 nec

1266 2721 1344 2756 ferae
1364 2721 1484 2755 vitium
1510 2723 1570 2755 aut
1589 2721 1699 2755 virtus
1726 2722 1798 2760 est,
1829 2720 1909 2764 quia
1937 2729 1998 2754 nec
2020 2729 2097 2754 cum
2116 2721 2244 2755 ratione
2264 2732 2325 2756 nec

1263 2787 1385 2828 praeter
1408 2793 1481 2818 eam
1507 2783 1575 2827 agit
1604 2794 1611 2816 :
1648 2782 1696 2817 ita
1732 2791 1793 2816 nec
1817 2781 1930 2816 divina
1960 2782 2070 2816 virtus
2097 2792 2159 2817 nec
2189 2784 2322 2819 heroica

1261 2844 1393 2888 proprie
1416 2844 1480 2878 erit
1499 2856 1506 2877 :
1526 2844 1711 2877 humanum
1731 2843 1855 2886 quippe
1878 2843 2003 2876 bonum
2018 2842 2129 2877 virtus
2146 2846 2288 2877 vocatur
2312 2859 2319 2878 :

1261 2903 1324 2937 hoc
1343 2912 1419 2937 vero
1439 2903 1591 2937 divinum
1621 2902 1704 2946 quid
1722 2904 1773 2936 est
1797 2916 1805 2936 ι
1824 2902 1879 2936 dei
1907 2904 2020 2936 autem
2040 2911 2107 2936 non
2129 2905 2180 2936 est
2197 2903 2317 2945 virtus,

1261 2963 1319 2997 sed
1346 2963 1561 3006 praestantius
1589 2963 1672 3006 quid
1696 2962 1822 2996 virtute
1850 2962 2001 2996 divinum
2026 2964 2078 2996 est
2102 2961 2227 2996 bouum
2251 2976 2259 2996 :
2287 2966 2321 2998 et

1259 3022 1346 3055 sicut
1366 3031 1480 3055 rarum
1498 3021 1581 3066 quid
1599 3024 1651 3056 est
1672 3021 1835 3064 ejusmodi
1861 3022 2017 3061 habitus,
2038 3022 2086 3056 ita
2105 3023 2139 3055 et
2156 3031 2234 3065 quae
2258 3032 2318 3066 op·

1259 3082 1402 3126 ponitur,
1433 3091 1548 3116 rarum
1575 3081 1659 3126 quid
1699 3083 1750 3116 est
1797 3081 1999 3120 immanitas,
2032 3081 2208 3124 Reperitur
2238 3091 2317 3116 vero

1259 3142 1404 3176 maxime
1431 3141 1522 3186 apud
1539 3141 1709 3176 barbaros.
1742 3141 1909 3175 Nimirum
1929 3141 2007 3175 talis
2034 3140 2224 3174 immanitas
2251 3150 2315 3174 non

1258 3203 1389 3237 tantum
1401 3211 1421 3236 a
1433 3202 1576 3246 pessimo
1593 3201 1730 3242 habitu,
1754 3201 1812 3236 sed
1833 3202 1935 3236 etiam
1952 3211 1971 3235 a
1988 3200 2114 3235 morbis
2129 3203 2164 3234 et
2178 3200 2314 3234 mutila-

1257 3262 1402 3296 tiontbus
1420 3262 1650 3306 proficiscitur.

113 3369 116 3374 Ι
181 3382 200 3400 *
220 3383 291 3417 Lib.
306 3384 379 3416 Vll.
396 3392 468 3427 cap.
490 3386 518 3417 1.
534 3383 629 3418 Μετὰ
646 3384 682 3417 δὲ
701 3386 806 3417 ταῦτα
822 3383 977 3423 λεκτέον”,
995 3384 1064 3416 κτλ.
1087 3400 1130 3408 -
1143 3383 1180 3402 **
1200 3383 1251 3416 Τὰ
1270 3384 1298 3416 δ’
1317 3383 1449 3418 ἐναντία
1465 3387 1534 3422 τοῖς
1556 3383 1612 3426 μὲν
1628 3383 1702 3417 δυσὶ
1722 3383 1821 3423 δῆλα,
1842 3383 1911 3415 κτλ.
1930 3401 1963 3409 -—
1987 3381 2041 3399 ***
2059 3380 2189 3423 Ὥσπερ
2207 3377 2312 3423 Ὅμη-

139 3441 193 3474 ρος
210 3433 283 3475 περὶ
300 3434 459 3476 Ἕκτορος
482 3433 551 3466 κτλ.
567 3449 610 3458 —-
622 3432 698 3451 *ss*
718 3431 814 3465 Ὥστ’
837 3433 865 3465 εἰ
884 3432 1029 3475 καθάπερ
1047 3433 1144 3474 φασὶν
1160 3433 1230 3465 κτλ.

1180 3493 1259 3533 457
