2528 3788
298 257 374 295 176

295 341 352 379 τὸν
377 343 434 379 τοῦ
461 339 592 389 κόσμου
627 336 832 396 δημιουργον
858 337 890 376 οἱ
920 352 978 375 τον
998 336 1127 388 κόσμον
1157 334 1240 375 ποτὲ
1272 335 1320 387 μὴ

294 403 380 437 εἰναι
411 397 579 448 λέγοντες.
605 397 650 434 Εἰ
680 394 747 450 γὰρ
780 394 876 439 οὗτός
901 397 984 433 ποῖ-ε
1015 396 1078 433 οὐκ
1106 390 1174 446 ην,
1195 394 1322 438 ἐκεῖνός

294 471 376 494 ποτε
409 456 470 493 οὐκ
505 452 626 493 ἐποίει.
645 450 741 504 Ἅμα
777 451 845 504 γὰρ
879 468 918 490 το
955 452 1159 503 ποιούμενον
1191 451 1251 489 καὶ
1283 451 1322 488 τὸ

298 517 424 552 ποιοῦν.
462 513 505 551 Εἰ
543 511 578 549 δέ
612 526 694 549 ποτε
732 512 793 549 οὐκ
823 511 951 559 ἐποίει,
988 511 1132 561 δυνάμει
1173 504 1214 556 ἧν
1246 507 1322 547 τότε

294 575 421 611 ποιοῦν.
444 572 487 609 Εἰ
506 570 540 608 δὲ
561 569 725 619 δυνάμει,
746 568 869 615 ἀτελὴς
885 563 926 615 ἦν
942 568 1002 606 καὶ
1019 568 1160 621 ὕστερον
1180 567 1321 614 τέλειος,

293 629 346 666 ὅτε
366 627 486 667 ἐποίει.
511 630 553 667 Εἰ
568 626 602 664 δὲ
618 626 656 665 τὸ
675 626 838 678 πρότερόν
858 627 933 665 ἐστι
951 626 1010 665 καὶ
1027 625 1066 664 τὸ
1084 626 1225 678 ὕστερον
1244 624 1323 676 περὶ

294 686 405 733 αὐτόν,
417 688 479 733 δῆλ
482 702 531 733 ον,
543 687 590 729 ὡς
602 686 662 723 οὐκ
675 701 715 732 ην
730 687 796 723 τῶν
815 684 961 728 αιωνιως
973 681 1215 736 ἐνεργούντων,
1230 682 1320 721 ἀλλὰ

292 744 380 782 κατὰ
400 744 522 797 χρόνον
541 746 579 783 ἐκ
605 747 663 781 τοῦ
683 742 730 792 μὴ
747 747 856 781 ποιεῖν
874 745 920 786 εἷς
941 742 980 781 τὸ
999 744 1109 780 ποιεῖν
1129 741 1318 792 μεταστάς.

292 801 395 840 Ἀλλὰ
426 801 492 852 μὴν
514 802 612 844 αὐτὸς
640 800 789 853 παράγει
809 799 866 839 τὸν
888 799 1024 852 χρόνον.
1047 801 1129 842 Πῶς
1147 793 1206 838 ουν
1225 798 1322 873 ἐνέρ-

292 876 386 912 γειαν
405 860 492 911 ἔχων
519 859 641 931 χρόνου
674 859 837 910 δεομένην
866 859 923 896 διὰ
943 875 1005 906 της
1027 858 1198 910 ἐνεργείας
1233 857 1321 896 ταύ-

292 933 375 966 της;
413 918 505 957 Πότε
541 918 607 971 γὰρ
642 923 731 956 ποιεῖ
763 917 820 955 τὸν
851 917 991 969 χρόνον,
1029 911 1066 955 ου
1095 918 1224 967 δεῖται,
1256 916 1313 955 ἵνα

291 976 417 1028 ποιήσῃ
443 975 584 1027 χρόνον,
605 975 640 1014 ὃν
657 975 884 1049 παρήγαγεν,
908 977 1022 1014 Τοῦτο
1043 972 1104 1025 μὲν
1125 967 1183 1013 οῧν
1200 975 1261 1012 οὐκ
1282 973 1323 1012 ἂν

297 1036 445 1079 dmum*
428 1051 521 1088 εχοι·
543 1036 631 1086 μετὰ
652 1035 686 1074 δὲ
707 1034 835 1083 ταύτην
852 1034 913 1082 τὴν
937 1033 1035 1079 δόξαν
1055 1033 1323 1087 ἐπισκεψώμεθα

299 1094 478 1147 Σεὸἧρον,
500 1093 534 1137 ὃς
550 1109 650 1146 φησιν
669 1093 786 1136 ἁπλῶς
801 1092 863 1141 μὲν
882 1089 989 1131 ἀίδιον
1005 1095 1091 1130 εἶναι
1108 1091 1167 1130 τὸν
1182 1091 1324 1142 κόσμον,

292 1157 407 1191 τοῦτον
430 1151 464 1190 δὲ
484 1151 541 1190 τὸν
560 1155 620 1189 νῦν
644 1151 726 1189 ὄντα
747 1151 806 1189 καὶ
835 1151 925 1189 οὕτω
950 1149 1148 1201 κινούμενον
1168 1148 1322 1201 γενητόν.

294 1209 557 1256 Ἀνακυκλήσεις
582 1208 648 1260 γὰρ
669 1212 753 1246 εἶναι
777 1208 918 1255 διττάς,
940 1210 985 1251 ὡς
1014 1207 1138 1252 ἔδειξεν
1158 1210 1175 1246 ὁ
1195 1207 1322 1246 Ἐλεά-

295 1285 355 1313 της
373 1268 464 1313 ξένος
496 1269 567 1318 (cf.
590 1269 743 1305 Platon.
766 1268 918 1305 Politic.
944 1281 1032 1318 pag.
1056 1281 1146 1315 270.
1165 1266 1244 1318 Β),
1263 1265 1324 1312 τὴν

294 1327 375 1376 μέν,
393 1328 434 1375 ἣν
454 1327 526 1365 νυνὶ
543 1325 809 1379 περιπορεύεται
826 1326 863 1364 τὸ
880 1332 970 1374 πᾶν,
991 1325 1052 1372 τὴν
1073 1325 1108 1364 δέ
1123 1357 1131 1372 ,
1152 1324 1322 1364 ἐναντίαν.

296 1387 441 1434 Γενητὸς
461 1382 517 1424 οὖν
537 1388 554 1423 ὃ
587 1383 714 1435 κόσμος
735 1384 795 1422 καὶ
816 1385 875 1422 ἀπ’
906 1386 1017 1436 ἀρχῆς
1037 1382 1167 1436 ἤρξατό
1191 1399 1280 1427 τινος
1308 1386 1325 1421 ὁ

292 1445 420 1492 ταύτην
452 1444 513 1492 τὴν
537 1442 770 1490 ἀνακύκλησιν
793 1441 1112 1491 ἀνακυκλούμενος,
1142 1441 1261 1485 ἁπλῶς
1291 1441 1326 1479 δὲ

292 1506 329 1542 οὐ
350 1502 503 1555 γενητός.
528 1502 621 1554 Πρὸς
642 1500 677 1539 δὲ
705 1500 832 1548 ταύτην
855 1499 915 1547 τὴν
938 1498 1100 1549 ἐξήγησιν
1126 1499 1326 1546 ἀπαντησό-

293 1566 379 1612 μεΟα
398 1562 577 1612 λέγοντες,
599 1558 651 1598 ότι
671 1559 714 1597 τὰ
737 1559 865 1610 μυθικὰ
882 1558 1076 1634 ριῖνίγματα
1097 1558 1257 1609 μετάγειν
1280 1559 1326 1603 εἷς

292 1620 510 1675 φυσιολογίαν
540 1621 598 1657 οὐκ
630 1618 712 1659 ἔδει.
748 1620 825 1657 Ποῦ
854 1616 920 1670 γὰρ
960 1619 1154 1668 ἀποκαμεῖν
1183 1617 1325 1657 δυνατὸν

293 1679 353 1726 τὴν
380 1681 539 1717 κινοῦσαν
579 1676 694 1729 ψυχὴν
730 1675 788 1714 καὶ
827 1675 1060 1726 μεταὸάλλειν
1086 1675 1148 1723 τὴν
1177 1673 1324 1729 ἀρχαίαν

293 1736 502 1790 περιφοράν;
527 1738 609 1779 Πῶς
630 1736 664 1773 δὲ
685 1734 814 1774 τέλειον
846 1734 906 1773 καὶ
932 1736 1107 1787 αὔταρκες
1128 1734 1167 1774 τὸ
1185 1740 1275 1782 πᾶν,
1298 1735 1326 1772 εἷ

294 1796 488 1847 μεταὸολῆς
520 1795 677 1848 ἐφίεται,
706 1796 788 1837 Πῶς
808 1793 845 1832 δὲ
871 1794 1076 1847 ἀμφοτέρων
1107 1792 1169 1841 τὴν
1197 1794 1326 1831 οἰκείαν

295 1856 361 1901 ἕξιν
385 1854 640 1902 διασωζόντων,
662 1857 723 1892 τοῦ
753 1868 789 1891 τε
809 1852 1009 1903 κινουμένου
1029 1853 1089 1891 καὶ
1112 1856 1170 1892 τοῦ
1192 1856 1326 1891 κινοῦν-

296 1930 373 1964 τος,
398 1912 471 1965 ἔχει
497 1912 614 1966 χώραν
638 1915 659 1960 ἡ
681 1911 814 1963 ἀμοιῧὴ
835 1914 903 1950 τῶν
935 1912 1225 1960 ἀνακυκλήσεων;
1251 1912 1325 1954 πῶς

295 1973 328 2011 δὲ
351 1974 368 2010 ὃ
389 1971 535 2022 Τίμαιός
559 1987 643 2024 φησι
671 1970 733 2019 τὴν
756 1970 817 2021 μὲν
836 1972 962 2009 ταύτοῦ
982 1970 1170 2023 περιφορὰν
1192 1970 1248 2009 ἐπὶ
1269 1971 1327 2008 δε-

295 2029 350 2074 ξιὰ
370 2033 536 2068 κινεῖσθαι
565 2028 654 2067 κατὰ
686 2029 750 2076 τὴν
783 2029 1033 2082 δημιουργικὴν
1057 2028 1245 2080 βούλησιν,
1263 2025 1326 2073 τὴν

295 2087 329 2126 δὲ
349 2088 492 2140 θατέρου
524 2089 576 2125 ἐπ’
609 2087 792 2141 ἀριστερά;
809 2089 837 2125 εἶ
868 2086 933 2139 γὰρ
956 2087 1006 2124 δεῖ
1031 2085 1142 2136 μένειν
1164 2085 1328 2129 ὡσαύτως

295 2149 353 2187 καὶ
374 2148 427 2187 ἀεὶ
447 2142 534 2186 εἶναι
549 2147 592 2185 τὰ
609 2146 840 2199 δημιουργικὰ
856 2145 940 2199 ἔργα
952 2175 962 2193 ,
981 2147 1032 2184 δεῖ
1047 2145 1106 2183 καὶ
1122 2145 1185 2189 τὰς
1202 2148 1241 2184 ἀν
1249 2161 1329 2184 ακυ-

294 2207 431 2254 κλήσεις
453 2199 541 2245 εἶναι
562 2206 622 2250 τὰς
644 2205 750 2251 αὐτὰς
768 2205 839 2253 ἀεί,
858 2205 917 2244 καὶ
939 2204 1000 2252 τὴν
1028 2206 1154 2245 ταύτοῦ
1172 2205 1327 2257 περίοδον

295 2268 357 2314 τὴν
382 2267 438 2305 ἐπὶ
459 2265 551 2311 δεξιὰ
577 2269 745 2304 κινεῖσθαι
777 2265 927 2312 κίνησιν.
948 2262 1045 2314 Ἅμα
1070 2263 1138 2316 γὰρ
1157 2267 1327 2315 προῆλθεν

297 2326 363 2364 ἀπὸ
381 2329 440 2364 τοῦ
460 2325 671 2376 δημιουργοῦ
690 2324 750 2362 καὶ
766 2322 896 2371 ταύτην
914 2323 1019 2376 ἔλαχε
1037 2322 1100 2370 τὴν
1125 2326 1327 2377 περιφοράν.

296 2383 376 2423 ”Eu
397 2383 433 2421 δὲ
453 2385 526 2426 πῶς
553 2385 615 2422 οὒκ
635 2383 819 2434 ἀναγκαῖον
847 2382 1050 2434 ἀνωμαλίαν
1073 2381 1267 2434 ἐπεισάγειν
1287 2386 1328 2436 τῇ

296 2442 426 2489 κινήσει
445 2445 503 2480 τοῦ
524 2443 666 2494 οὐρανοῦ
686 2455 697 2490 3
717 2448 786 2480 πᾶν
803 2441 869 2493 γὰρ
888 2441 927 2480 τὸ
943 2441 1114 2479 παύεσθαι
1129 2439 1254 2491 μέλλον
1270 2444 1330 2488 τῆς

296 2500 464 2554 προτέρας
494 2501 682 2548 κινήσεως,
714 2502 768 2538 ἐπ’
800 2501 908 2547 ἄλλην
944 2498 1231 2550 δὲμεταὸαίνειν
1267 2500 1330 2547 τὴν

299 2559 475 2609 ἐναντίαν,
502 2558 561 2596 καὶ
581 2558 638 2597 ἐπὶ
658 2558 779 2597 στάσιν
801 2559 973 2610 ἐπείγεται
1002 2557 1061 2596 καὶ
1095 2558 1330 2610 ἀπομαραίνει

298 2620 360 2664 τὴν
391 2616 656 2669 Γπροηγουμένην
689 2616 835 2664 κίνησιν.
873 2616 957 2655 Ἐπὶ
993 2619 1055 2663 τ’ῆς
1085 2617 1191 2664 αὐτῆς
1225 2616 1331 2662 ἑστὼς

301 2677 469 2730 ἐνεργείας
487 2677 594 2726 (lege
614 2675 662 2713 ἔτι
682 2678 743 2722 τῆς
763 2677 867 2721 αὖτ’ῆς
886 2674 1064 2726 ἑστώσης)
1084 2674 1136 2719 τίς
1157 2674 1251 2713 αἰτία
1270 2679 1332 2724 τῆς

303 2734 460 2787 δευτέρας
480 2732 771 2783 ἀνακυκλήσεως,
792 2732 918 2776 ταύτας
949 2734 1010 2784 μὲν
1039 2733 1080 2780 δὴ
1106 2734 1250 2786 φυσικὰς
1270 2737 1332 2774 οὐκ

263 2839 266 2842 p
302 2793 404 2836 οὔσας
431 2791 606 2843 ἐξηγήσεις
634 2792 795 2841 οὐδαμῶς
816 2792 1039 2832 ἀποδεκτέον.
1068 2793 1151 2830 Huc
1170 2795 1334 2844 pertinet

303 2851 413 2888 ctiam
426 2878 435 2895 ‚
458 2848 560 2899 quod
575 2849 741 2886 Severus
757 2849 1023 2888 conversiones
1045 2850 1241 2890 fabulosas
1261 2853 1330 2892 ad-.

305 2908 458 2945 mittens
490 2907 674 2945 mundum
707 2916 744 2944 et
764 2916 985 2957 generatum
1015 2918 1052 2947 et
1079 2923 1157 2947 non
1176 2924 1332 2959 genera·

305 2976 385 3004 tum
405 2967 506 3005 facit.
532 2966 675 3003 Auctor
692 2966 853 3004 Proclus
867 2968 932 3017 qui
953 2967 1000 3006 ad
1018 2968 1085 3005 illa
1103 2969 1275 3008 Platonis
1294 2971 1334 3008 in

304 3025 446 3061 Timaeo
469 3024 587 3061 verba
605 3037 690 3074 pag.
710 3026 772 3067 34.
794 3025 824 3060 A
839 3025 902 3074 (cf.
919 3025 1067 3066 Philos.
1091 3027 1160 3069 Gr,
1182 3027 1330 3077 Fragm.

307 3084 386 3122 vol.
423 3082 476 3129 11,
499 3096 538 3133 p.
566 3082 669 3134 162)
693 3082 744 3119 διὸ
776 3081 816 3128 δὴ
845 3082 936 3121 κατὰ
965 3084 1074 3122 ταύτὰ
1097 3086 1130 3122 ἐν
1163 3087 1213 3137 τῷ
1242 3087 1334 3137 αὐτῷ

307 3140 366 3179 καὶ
398 3140 431 3178 ἓν
454 3142 566 3191 ἑαυτῷ
586 3140 806 3192 περιαγαγὼν
830 3140 912 3177 αὐτὸ
935 3141 1072 3188 ἐποίησε
1092 3142 1208 3195 κύκλῳ
1225 3148 1332 3182 κινεῖ-

309 3203 389 3238 σθαι
412 3198 642 3252 στρεφόμενον
656 3214 663 3222 ·
685 3197 745 3242 τὰς
766 3199 801 3235 δὲ
821 3196 855 3242 ἓξ
875 3197 1012 3242 ἁπάσας
1033 3199 1182 3246 κινήσεις
1201 3203 1336 3251 ἀφεῖλε,

309 3258 366 3296 καὶ
387 3255 537 3301 ἀπλανὲς
558 3256 795 3309 ἀπειργάσατο
811 3256 960 3295 ἐκείνων.
983 3257 1065 3295 Ἐπὶ
1091 3257 1125 3295 δὲ
1144 3259 1207 3305 τὴν
1223 3262 1339 3311 περίο-

310 3318 364 3355 δον
384 3313 510 3363 ταύτην
525 3342 537 3366 ,
556 3315 615 3354 ἅτε
633 3315 726 3353 οὐδὲν
745 3316 859 3353 ποδῶν
879 3314 976 3364 δέον,
997 3316 1138 3358 ἀσκελὲς
1155 3317 1213 3354 καὶ
1231 3318 1336 3356 ἄπουν

312 3375 394 3413 αὐτὸ
422 3374 582 3426 ἐγέννησε
599 3374 698 3412 hanc
718 3383 847 3411 notam
868 3374 1047 3425 apposuit
1065 3388 1154 3425 pag.
1177 3378 1263 3413 168.
1289 3378 1334 3416 l).

313 3442 319 3479 s
338 3446 421 3485 pag.
442 3434 515 3482 398
536 3433 599 3473 ed-
620 3431 866 3484 Schneider.)
888 3431 926 3470 τὸ
944 3431 1004 3482 μὲν
1020 3431 1247 3485 ’παράδειγμα
1278 3437 1337 3482 τ’ἧς

919 250 986 288 DE
1013 248 1213 289 SEVERO
1245 247 1423 287 ATTICO
1453 247 1517 286 ΕΤ
1544 244 1799 287 ΝΠΜΕΝΙΟ.

1379 334 1606 387 κυκλοφορίας
1622 332 1675 371 ὅτι
1694 335 1773 376 νοῦς
1799 332 1872 370 ἔστι
1892 331 1952 370 και
1969 331 2150 385 φρόνησις,
2173 331 2309 385 εἴρηται
2325 327 2411 383 up(-

1379 406 1495 443 τερον·
1518 392 1567 435 τίς
1597 392 1633 428 δέ
1650 392 1742 429 ἐστιν
1763 388 1851 437 αὕτη
1868 388 1932 428 καὶ
1964 391 2037 435 πῶς
2064 390 2288 435 ἀπεικάζεται
2324 386 2411 440 πρὸς

1380 453 1473 497 νοῦν,
1497 451 1530 487 ἐν
1550 448 1681 492 τούτοις
1708 448 1952 501 παραδίδωσιν
1973 451 1991 487 ὁ
2021 447 2139 499 λόγος.
2161 444 2270 488 Εστι
2294 445 2363 501 γὰρ
2384 445 2410 494 ἡ

1379 507 1589 560 κυκλοφορία
1609 507 1740 555 κίνησις
1772 507 1861 546 κατὰ
1876 505 1921 545 τὰ
1946 505 2039 546 αὐτὰ
2059 507 2094 545 ἐν
2112 507 2162 558 τῶ
2179 507 2274 559 αὐτῷ
2293 505 2355 546 καὶ
2376 505 2412 544 ἰν

1380 566 1486 618 ἑαυτῇ
1515 565 1773 618 περιαγομένη,
1802 565 1961 618 καθάπερ
1989 566 2024 603 ἐν
2053 564 2183 609 τούτοις
2202 563 2242 603 τέ
2265 579 2367 617 φησιν
2393 565 2412 602 ὁ

1382 622 1532 672 Τίμαιος
1561 638 1621 660 και
1643 625 1676 661 ἐν
1694 622 1825 674 Νόμοις
1844 625 1861 661 ὁ
1887 622 2066 671 Ἀθηναῖος
2095 622 2203 668 ξένος·
2218 616 2266 660 ων
2285 621 2326 661 τὸ
2346 618 2410 674 μὶν

1382 680 1476 720 κατὰ
1497 681 1608 720 ταύτὰ
1638 681 1763 720 ταύτόν
1780 683 1854 721 ἐστι
1873 683 1923 734 τῷ
1953 681 2029 720 καθ’
2047 679 2107 719 ἕνα
2126 680 2229 732 λόγον
2249 678 2308 720 καὶ
2329 670 2412 730 μίαν

1383 739 1492 784 τάξιν.
1514 738 1562 779 Ἰί
1577 741 1658 792 γάρ,
1677 741 1706 778 εἷ
1723 740 1851 778 κινοῖτο
1871 739 1933 790 μὲν
1952 739 1992 778 τὸ
2010 745 2080 778 πᾶν
2097 740 2287 787 κυκλικῶς,
2306 738 2411 788 μέτοι-

1383 799 1505 837 ὃάλλοι
1526 799 1561 838 δὲ
1580 798 1703 838 ἄλλοτε
1725 799 1837 844 ἄλλως
1856 798 2043 839 ἀνατέλλον
2067 797 2088 846 ἢ
2105 799 2202 838 ὦνον
2215 827 2227 848 ,
2245 796 2293 842 ὥς
2310 797 2414 851 φησιν

1386 859 1403 895 ὁ
1426 860 1460 896 ἐν
1485 859 1535 910 τῷ
1556 858 1732 909 Πολιτικῷ
1750 861 1876 910 μῦθος;
1903 859 1946 896 ἵν’
1965 852 2021 896 οῧν
2043 857 2092 909 μὴ
2114 860 2212 898 τοῦτο
2230 854 2415 897 ὖπολάὸωέ

1386 931 1471 967 μεν,
1489 915 1527 954 τὸ
1546 915 1639 954 κατὰ
1659 915 1771 955 ταύτὰ
1792 916 1973 968 πρόκειται
1993 918 2060 955 τῶν
2078 915 2193 956 ἄλλων
2209 915 2292 971 περὶ
2308 914 2415 963 αὐτῆς

1385 974 1562 1028 ῥημάτων.
1597 975 1673 1014 Οὐκ
1708 974 1775 1027 ἄρα
1809 977 1915 1028 ὀρθῶς
1951 977 1969 1013 ὃ
2003 973 2230 1020 Πλατωνικὸς
2259 972 2415 1026 Σὲὅῆρος
2462 968 2466 973 '

1383 1032 1718 1086 (παῤῥησιασόμεθα
1739 1033 1806 1086 γὰρ
1829 1036 1979 1072 ἐντεῦθεν
1999 1033 2082 1087 πρὸς
2101 1033 2226 1086 αὖτόν)
2247 1031 2308 1076 τὰς
2327 1035 2415 1071 ἀνα-

1383 1091 1564 1139 κυκλήσεις
1585 1092 1645 1136 τὰς
1667 1092 1817 1142 μυθικὰς
1835 1093 2066 1146 προσιέμενος
2086 1092 2147 1132 καὶ
2162 1091 2307 1146 γενητὸν
2325 1090 2415 1131 οὕτω

1383 1152 1489 1189 ποιῶν
1520 1150 1589 1189 καὶ4
1613 1151 1779 1201 ἀγένητον
1807 1151 1866 1190 τὸν
1899 1150 2042 1202 κόσμον.
2062 1151 2264 1191 Interdum
2279 1163 2367 1203 quoe
2392 1163 2415 1189 a

1385 1210 1545 1248 Platone
1562 1210 1744 1249 dicuntur
1765 1225 1840 1249 non
1865 1220 1937 1249 lam
1961 1212 2136 1250 refellere
2162 1210 2412 1261 argumentis,

1386 1282 1501 1318 quam
1521 1270 1747 1307 confirmare
1768 1270 1938 1308 voluisse
1960 1270 2127 1309 videtur.
2149 1269 2258 1308 Patet
2275 1268 2351 1308 hoc
2367 1281 2416 1307 ex

1384 1327 1428 1364 iis
1449 1340 1534 1377 quae
1553 1340 1668 1379 super
1688 1329 1761 1366 hoc
1780 1328 1824 1365 Γ
1816 1341 1913 1366 ιηιεει
1929 1329 2113 1367 Platonici
2131 1329 2215 1367 loco
2235 1339 2326 1380 pag.
2349 1332 2412 1373 [μ.

1385 1386 1414 1422 h
1443 1386 1510 1437 (cf.
1533 1386 1676 1427 Philos.
1706 1387 1776 1427 Gr.
1808 1387 1959 1437 F1agm.
1981 1388 2062 1428 vol.
2086 1387 2142 1439 ll,
2164 1401 2204 1439 p.
2232 1385 2326 1438 169)
2347 1384 2416 1426 θεοὶ

1385 1448 1494 1495 θεῶν,
1518 1449 1564 1483 ὡν
1582 1444 1651 1496 ἐγὼ
1666 1445 1871 1499 δημιουργὸς
1887 1445 2004 1499 πατήρ
2017 1461 2054 1485 τε
2075 1445 2210 1499 ἔργων,
2226 1445 2248 1484 ἃ
2268 1445 2312 1484 δι’
2332 1445 2416 1496 ἐμοῦ

1384 1503 1550 1555 γενόμενα
1571 1504 1680 1543 ἄλυτα
1699 1507 1782 1555 ἐμοῦ
1806 1507 1838 1556 γ’
1858 1504 2047 1549 ἐθέλοντος.
2065 1504 2117 1544 Τὸ
2140 1504 2202 1555 μὲν
2222 1496 2280 1544 ουν
2297 1502 2338 1551 δὴ
2361 1503 2416 1542 δε-

1390 1562 1444 1601 θὲν
1466 1569 1536 1601 πᾶν
1553 1563 1674 1611 λυτόν,
1691 1562 1730 1601 τό
1754 1578 1794 1615 γε
1813 1562 1883 1613 μὴν
1910 1564 2025 1607 καλως
2055 1562 2228 1616 ἇρμοσθὲν
2256 1561 2316 1602 καὶ
2331 1561 2418 1614 ἔχον

1386 1614 1424 1659 εῧ
1453 1620 1544 1659 λύειν
1563 1620 1691 1660 ἐθέλειν
1723 1625 1831 1660 κακοῦ
1851 1621 1990 1659 P10clo
2016 1630 2109 1660 teste
2133 1620 2298 1672 scripsit.
2321 1619 2416 1659 Pro-

1387 1681 1469 1719 clus
1502 1680 1602 1717 enim
1634 1693 1674 1731 p.
1708 1680 1795 1723 304.
1831 1681 1878 1718 A.
1903 1679 1966 1730 (p.
1999 1680 2072 1727 737
2094 1679 2155 1719 ed.
2179 1676 2415 1730 Schneider)

1386 1737 1467 1775 haec
1495 1738 1610 1776 habet
1632 1753 1641 1778 ε
1672 1744 1741 1777 πᾶν
1759 1731 1817 1777 οῧν
1836 1736 1876 1776 τὸ
1907 1738 2000 1777 δεθὲν
2017 1739 2143 1788 λυτόν,
2167 1736 2230 1777 καὶ
2255 1737 2299 1776 τὰ
2331 1735 2416 1789 ἔργα

1386 1797 1444 1832 τοῦ
1460 1794 1601 1847 πατρός.
1618 1794 1760 1834 Δέδεται
1780 1795 1847 1848 γὰρ
1871 1796 1916 1834 τὰ
1933 1795 1995 1846 μὲν
2011 1796 2160 1847 σώματα
2176 1795 2233 1836 διὰ
2257 1798 2318 1843 τῆς
2332 1796 2418 1835 ἄνα·

1384 1855 1520 1908 λογίας·
1542 1857 1639 1907 δεσυ
1631 1872 1665 1901 ος
1683 1857 1750 1910 γὰρ
1774 1859 1887 1896 αὐτῶν
1878 1856 1990 1932 υαῦτη
2007 1853 2210 1903 κάλλιστος·
2228 1857 2272 1897 τὰ
2291 1856 2326 1896 δὲ
2345 1858 2417 1910 ζῷα

1386 1917 1458 1959 τοῖς
1482 1914 1651 1968 ἐμψύχοις
1679 1916 1842 1966 δεσμοῖς,
1871 1914 1990 1969 ὥσπερ
2011 1916 2148 1970 εἴρηται
2173 1916 2356 1970 πρότερον·
2382 1917 2419 1956 αἱ

1387 1973 1423 2012 δὲ
1442 1972 1555 2026 ψυχαὶ
1577 1973 1738 2024 μεριστόν
1759 1990 1791 2013 τι
1811 1973 1955 2026 ἔχουσαι
1975 1974 2036 2013 καὶ
2052 1969 2155 2013 αῧται
2174 1974 2328 2014 δέδενται
2344 1979 2420 2018 ταῖς

1387 2032 1579 2083 μεσότησι·
1615 2032 1760 2084 δεσμοὺς
1785 2031 1852 2085 γὰρ
1882 2032 2042 2078 κάκείνας
2078 2033 2222 2072 ἐκάλεσε
2250 2032 2312 2073 καὶ
2339 2027 2421 2078 τοὺς

1386 2092 1508 2142 λόγους
1539 2091 1695 2143 πάντας,
1727 2091 1761 2137 ἐξ
1793 2086 1839 2131 ῶν
1863 2094 1954 2131 ἐστιν
1983 2095 2002 2140 ἡ
2031 2091 2141 2146 ψυχή·
2174 2091 2262 2144 μόνα
2281 2091 2349 2145 γὰρ
2374 2090 2418 2130 τὰ

1388 2151 1558 2204 ἀμέριστα
1573 2151 1742 2202 δεσμῶν’
1728 2166 1819 2190 εστιν
1836 2145 2028 2205 ἀπροσδεῆ·
2047 2150 2211 2202 δεδεμένα
2227 2150 2263 2190 δὲ
2283 2152 2322 2189 ἐκ
2339 2146 2417 2190 δια·

1388 2208 1603 2262 κεκριμένων
1622 2209 1734 2261 ἐστίν,
1757 2211 1794 2248 οὐ
1810 2213 1901 2249 κατὰ
1924 2209 2047 2262 χρόνον
2064 2209 2330 2262 διακεκριμένων
2344 2209 2420 2249 τού-

1388 2282 1469 2316 των,
1492 2267 1583 2306 ἀλλὰ
1611 2267 1700 2306 κατὰ
1721 2267 1784 2315 τὴν
1812 2270 1847 2307 ἐν
1867 2271 1917 2320 τῷ
1944 2269 2142 2320 δημιουργῷ
2167 2266 2333 2320 περιοχὴν
2359 2281 2430 2314 της.

1388 2327 1455 2365 τῶν
1477 2325 1599 2365 ἁπλῶν
1625 2325 1750 2370 αἰτίας.
1777 2325 1899 2370 Οὕτως
1925 2321 1983 2364 οῧν
2004 2325 2076 2378 ἔχει
2102 2327 2162 2366 καὶ
2179 2326 2217 2365 τὸ
2239 2325 2342 2364 λυτὸν
2369 2327 2416 2369 ὡς

1389 2384 1472 2436 παρ’
1502 2384 1607 2423 ἄλλου
1621 2414 1631 2433 ,
1655 2386 1786 2436 μᾶλλον
1808 2384 1843 2423 δὲ
1865 2386 1910 2428 ὡς
1928 2387 1966 2423 ’ἐν
1993 2384 2110 2437 ἄλλῳ·
2130 2385 2180 2432 πὴ
2200 2378 2280 2433 οὖν,
2301 2383 2420 2428 ἅπλῶς

1390 2442 1424 2481 δὲ
1442 2443 1611 2493 οὐδαμῶς.
1635 2443 1728 2496 Φέρε
1745 2443 1827 2496 γάρ,
1852 2444 1882 2482 εἷ
1899 2445 1981 2496 παρ’
1998 2445 2128 2482 ἑαυτῶν
2150 2443 2212 2494 μὲν
2231 2441 2319 2482 λυτά
2333 2444 2419 2492 ἐστι,

1389 2500 1480 2540 κατὰ
1499 2501 1536 2539 δὲ
1555 2501 1618 2549 τὴν
1644 2501 1805 2553 βούλησιν
1829 2502 1940 2541 ἄλυτα
1958 2506 2016 2541 τοῦ
2041 2502 2191 2555 πατρός,
2212 2501 2330 2554 ὥσπερ
2346 2501 2421 2540 sios·

1390 2562 1469 2597 θασι
1486 2558 1598 2633 λέγειν
1619 2559 1771 2611 Σεὸἧρος
1783 2589 1793 2609 ,
1813 2557 1982 2608 Ἀττικός,
2002 2558 2225 2615 Πλούταρχος
2237 2586 2249 2608 ‚
2264 2559 2350 2613 πρὸς
2366 2557 2421 2603 υἳις

1390 2616 1449 2655 καὶ
1469 2619 1500 2655 οἷ
1527 2617 1595 2656 ἀπὸ
1616 2622 1674 2657 τοῦ
1691 2617 1883 2670 περιπάτου
1901 2617 2014 2657 πολλὰ
2035 2617 2091 2656 διὰ
2106 2619 2245 2657 πολλων
2263 2608 2422 2671 ἀντειρή-

1390 2691 1491 2726 κασι,
1512 2676 1615 2714 πόθεν
1643 2676 1716 2729 ἔχει
1742 2679 1843 2715 τοῦτο
1865 2677 1904 2715 τὸ
1909 2679 2003 2731 παρ’
2023 2678 2156 2715 ἑαυτῶν
2170 2675 2292 2726 λυτόν;
2305 2678 2342 2715 εἰ
2358 2674 2420 2727 μὲν

1391 2733 1458 2788 γὰρ
1473 2734 1564 2773 κατὰ
1582 2733 1680 2788 φύσιν
1701 2737 1814 2779 αὐτοῖς
1832 2739 1852 2783 ἡ
1871 2729 1987 2784 λύσις,
2004 2733 2054 2779 τίς
2068 2736 2086 2772 ὁ
2109 2733 2172 2782 τὴν
2188 2734 2287 2788 φύσιν
2305 2735 2420 2773 δεδω-

1390 2792 1483 2842 κώς;
1504 2794 1542 2831 οὔ
1566 2793 1634 2845 γὰρ
1652 2793 1753 2838 ἄλλος
1777 2788 1860 2842 ἦν
1841 2810 1864 2841 η
1883 2797 1900 2832 ὃ
1929 2792 2154 2845 δημιουργός·
2171 2794 2200 2832 εἶ
2229 2792 2264 2832 δὲ
2296 2793 2424 2837 ἐκεῖνος

1392 2853 1410 2890 ὃ
1426 2854 1486 2898 τῆς
1500 2851 1632 2904 φύσεως
1649 2852 1762 2897 αὐτοῖς
1778 2852 1927 2905 χορηγός
1938 2882 1947 2900 ,
1962 2852 2090 2896 ἐκεῖνος
2109 2851 2167 2890 καὶ
2181 2853 2199 2890 ὁ
2218 2854 2278 2899 τῆς
2292 2850 2424 2896 λύσεως

1393 2909 1512 2954 αἴτιος.
1534 2912 1579 2950 Εἰ
1595 2910 1630 2949 δὲ
1650 2910 1747 2963 παρὰ
1767 2910 1868 2963 φύσιν
1888 2909 1926 2948 τὸ
1944 2909 2068 2961 λυτόν,
2085 2909 2175 2949 κατὰ
2195 2909 2294 2964 φύσιν
2312 2907 2422 2957 δήπου

1392 2967 1431 3006 τὸ
1453 2968 1604 3008 ἐναντίον
1617 3000 1627 3019 ,
1647 2969 1686 3007 τὸ
1706 2968 1842 3008 ἄλυ-τον.
1861 2970 1904 3007 Εἷ
1920 2968 1957 3007 δὲ
1979 2969 2072 3009 κατὰ
2096 2967 2220 3022 φύσιν,
2243 2967 2326 3021 παρ’
2345 2970 2422 3006 ἑαυ-

1393 3030 1460 3066 τῶν
1482 3026 1592 3079 ἔχοιεν
1609 3027 1648 3067 &v
1667 3027 1767 3067 τοῦτό
1789 3043 1854 3066 που
1874 3027 1932 3066 καὶ
1954 3027 2078 3066 ἄλυτον
2100 3029 2197 3081 (leg.
2213 3026 2252 3065 τὸ
2271 3025 2421 3077 ἄλυτον),

1395 3086 1455 3124 καὶ
1494 3086 1576 3125 αὐτὸ
1606 3086 1645 3125 τὸ
1679 3080 1766 3125 εἶναι
1801 3088 1912 3125 αὐτῶν
1942 3085 2039 3125 ἔσται
2074 3089 2225 3125 τοιοῦτον
2239 3115 2250 3136 ,
2283 3085 2417 3124 ἄδεκτον

1397 3144 1512 3191 πάντη
1541 3147 1602 3192 τῆς
1643 3144 1788 3188 λύσεως.
1820 3145 1953 3184 Severi
1981 3142 2214 3194 diagramma
2249 3143 2420 3196 pluribus

1395 3203 1524 3242 ve1b1s
1543 3205 1700 3255 exponit
1720 3203 1883 3242 Produs
1912 3212 2183 3255 comparatque
2209 3216 2296 3242 cum
2327 3199 2418 3241 alio-

1396 3275 1482 3299 1um
1496 3261 1751 3313 philosopher
1755 3275 1818 3299 um
1843 3262 1890 3299 de
1907 3261 2038 3300 eadem
2057 3274 2098 3300 re
2115 3260 2277 3312 placitis.
2299 3261 2336 3299 Is
2358 3273 2424 3298 au·

1398 3328 1472 3356 tem
1492 3320 1539 3357 ad
1559 3319 1661 3358 Tim.
1685 3333 1724 3372 p.
1747 3333 1836 3370 19²·
1861 3322 1906 3359 A.
1929 3320 2011 3358 haec
2031 3319 2260 3359 annotavit:
2282 3319 2346 3357 ὅδ’
2367 3312 2426 3357 ουν

1402 3378 1585 3417 Πλάτων’
1569 3395 1603 3417 εν
1621 3381 1670 3418 τῶ
1690 3378 1836 3432 διατόνῳ
1858 3378 1944 3430 γένει
1961 3384 2109 3417 ποιεῖται
2128 3377 2190 3426 τὴν
2216 3379 2283 3416 τῶν
2302 3393 2427 3431 τετρα-

1400 3435 1533 3489 χόρδων
1550 3437 1714 3490 διαίρεσιν
1726 3437 1784 3476 καὶ
1803 3437 1955 3490 πρόεισιν
1975 3439 2012 3476 οὗ
2033 3440 2133 3490 μέχρ·
2155 3440 2215 3476 τοῦ
2229 3436 2285 3475 διὰ
2304 3437 2427 3476 πασῶν
