2528 3788
280 270 332 310 40

1215 267 1478 310 SALLUSTII

278 357 336 397 τὸν
356 358 457 411 λόγον
474 356 600 411 κρίνειν
619 355 663 396 τὰ
678 354 816 405 δέοντα,
832 355 890 394 τὸν
911 354 947 395 δὲ
968 356 1074 408 θυμὸν
1094 356 1187 410 λόγῳ
1200 358 1319 397 πειθό-
1345 365 1351 387 ·—
1383 373 1465 411 ρων.
1486 380 1539 390 -—
1552 369 1567 390 ⁰
1589 358 1754 412 ἀνδρεία]
1776 358 1962 398 Alcinous
1989 358 2017 400 l.
2041 373 2072 399 c.
2088 363 2110 407 ἡ
2132 358 2167 398 δὲ
2181 358 2323 414 ἀνδρεία
2339 359 2414 400 ἐστὶ

280 423 380 469 μενον
397 419 464 456 τῶν
485 415 677 457 δοκούντων
694 416 812 454 δεινῶν
833 417 1066 470 καταφρονεῖν
1078 446 1088 464 ,
1113 416 1176 465 τὴν
1195 417 1231 456 δὲ
1246 419 1318 456 ἐπι-

1381 416 1551 468 δόγματος
1571 417 1714 469 ἐννόμου
1729 417 1888 470 σωτηρία
1907 417 1987 470 περὶ
2008 418 2116 457 δεινοῦ
2138 434 2178 458 τε
2196 417 2256 458 καὶ
2275 417 2325 470 μὴ
2343 419 2415 459 διε·

280 475 405 526 θυμίαν
431 476 481 525 μὴ
505 475 543 515 τὸ
569 475 774 528 φαινόμενον
794 475 879 523 ἡδύ,
914 475 1004 514 ἀλλὰ
1037 475 1075 515 τὸ
1097 476 1186 528 μετὰ
1216 476 1318 530 λόγου
1379 479 1451 517 νοῦ.
1476 497 1529 506 -
1546 475 1564 499 ⁴¹
1586 476 1820 531 σωφροσύνη]
1851 476 2040 517 Alcinous
2063 477 2093 517 l.
2112 491 2145 518 c,
2165 479 2188 525 ἡ
2218 476 2254 518 δὲ
2280 492 2417 531 σωφρο-

280 533 430 574 διώκειν.
454 533 598 573 Τούτων
622 533 657 573 δὲ
678 532 787 578 οὕτως
807 532 956 586 ἐχόντων
979 535 997 571 ὁ
1021 534 1093 585 βίος
1114 533 1248 587 γίνεται
1269 535 1318 573 δί-

280 608 396 636 καιος·
426 597 448 640 ἦ
478 592 545 645 γὰρ
567 592 647 646 περὶ
681 592 853 645 χρήματα
875 593 1077 641 δικαιοσύνη
1107 594 1118 618 ¹
1138 593 1259 647 μικρόν
1286 610 1319 632 τι

281 651 383 701 μέρος
403 650 494 690 ἐστὶν
517 654 654 704 ἀρετῆς.
675 650 747 691 Καὶ
768 649 826 689 διὰ
843 655 943 691 τοῦτο
962 652 997 689 ἐν
1018 653 1080 701 μὲν
1102 653 1170 697 τοῖς
1190 667 1320 691 πεπαι-

279 709 455 761 δευμένοις
473 709 590 754 πάσας
609 708 702 749 ἔστιν
721 709 808 748 ἰδεῖν
825 724 833 733 ·
851 710 886 748 ἐν
908 708 944 748 δὲ
966 709 1039 754 τοῖς
1058 709 1279 755 ἀπαιδεύτοις
1303 712 1320 748 ὁ

281 769 343 819 μέν
365 770 456 808 ἐστιν
474 769 628 822 ἀνδρεῖος
643 768 703 807 καὶ
724 768 863 818 ἄδικος,
878 770 896 807 ὁ
914 766 950 809 δὲ
973 768 1119 822 σώφρων
1140 768 1200 808 καὶ
1217 768 1321 817 ἀνόη-

281 843 336 872 τος
351 858 362 878 ,
385 831 404 866 ὁ
426 827 462 866 δὲ
483 827 645 881 φρόνιμος
666 827 726 867 καὶ
747 827 959 874 ἀκόλαστος·
981 827 1102 882 ὥσπερ
1135 827 1212 867 οὐδὲ
1235 830 1320 882 ἀρε-

279 889 342 931 τὰς
357 888 528 941 προσήκει
543 889 660 927 καλεῖν
675 888 779 940 λόγου
796 903 834 927 τε
847 888 1095 941 ἔστερημένας,
1114 887 1175 926 καὶ
1190 887 1321 932 ἀτελεῖς

282 947 384 990 οὔσας
393 976 403 995 ,
423 946 482 985 καὶ
502 949 571 986 τῶν
594 947 730 1000 ἀλόγων
755 947 829 986 τισὶ
859 948 1154 1001 παραγινομένας.
1214 948 1261 987 Ἡ
1285 947 1320 987 δὲ

279 1005 387 1044 κακία
410 1007 450 1045 ἐκ
466 1009 535 1045 τῶν
563 1005 727 1046 ἐναντίων
750 1007 966 1060 θεωρείσθω·
986 1007 1091 1059 λόγου
1116 1007 1178 1057 μὲν
1200 1007 1319 1055 ἄνοια,

279 1068 388 1114 θυμοῦ
408 1063 444 1102 δὲ
471 1064 604 1113 δειλία,
626 1065 806 1116 ἐπιθυμίας
827 1065 864 1104 δὲ
887 1065 1059 1105 ἀκολασία
1072 1096 1084 1118 ,
1104 1066 1186 1113 δ’λης
1206 1065 1241 1103 δὲ
1260 1068 1322 1113 τῆς

279 1125 395 1176 ψυχῆς
415 1123 546 1166 ἀδικία.
575 1123 735 1164 Γίνονται
756 1125 793 1164 δὲ
814 1127 850 1164 αἱ
869 1125 930 1176 μὲν
950 1125 1073 1179 ἀρεταὶ
1088 1126 1127 1163 ἐκ
1146 1124 1320 1168 πολιτείας

281 1186 383 1234 Ορθῆς
404 1188 421 1213 ss
441 1183 501 1222 καὶ
520 1187 581 1222 τοῦ
601 1186 776 1236 τραφῆναι
799 1185 916 1228 καλῶς
937 1184 996 1223 καὶ
1015 1185 1263 1233 παιδευθῆναι,
1284 1186 1322 1222 αἱ

280 1241 315 1280 δὲ
332 1242 453 1280 κακίαι
475 1245 514 1281 ἐκ
535 1246 602 1282 τῶν
623 1242 799 1283 ἐναντίων.

331 1304 346 1323 ⁸
362 1302 407 1339 Οἱ
429 1300 463 1339 δὲ
483 1301 562 1354 περὶ
581 1302 705 1354 ἀρετῆς
724 1301 783 1340 καὶ
799 1300 925 1345 κακίας
940 1299 1063 1354 λόγοι]
1086 1301 1180 1339 Vide
1195 1301 1320 1339 Plato-

280 1373 365 1399 nem
391 1360 439 1399 de
459 1361 622 1413 Republ.
642 1361 713 1399 lib.
735 1360 784 1400 IV
804 1374 889 1412 cap.
915 1361 961 1398 16
986 1373 1075 1411 pag.
1101 1365 1173 1405 441
1200 1372 1322 1410 seqq.;

279 1420 461 1458 Proclum
488 1421 642 1459 dissert.
676 1421 723 1458 32
760 1421 800 1458 in
830 1420 929 1457 Plat.
954 1418 1159 1470 Rempubl.
1182 1433 1220 1469 p.
1246 1424 1318 1466 407

283 1492 410 1530 seqq.;
432 1480 640 1517 Alcinoum
661 1492 744 1530 cap.
772 1479 834 1517 28.
853 1483 935 1508 —b
956 1477 1061 1531 ἀρετὴ
1082 1476 1117 1516 δὲ
1136 1477 1239 1528 λόγου
1259 1476 1321 1528 μὲν

278 1537 466 1591 φρόνησις]
490 1538 623 1575 confer
649 1537 816 1576 similem
844 1536 1012 1587 Theagis
1030 1537 1160 1575 locum
1177 1536 1254 1574 vol.
1283 1536 1322 1575 ΙΙ

279 1610 366 1648 pag.
387 1611 451 1636 21.
471 1599 661 1635 Caeterum
682 1597 869 1635 Alcinous
886 1610 967 1648 cap.
985 1597 1033 1635 28
1053 1599 1074 1642 ἡ
1096 1596 1158 1646 μὲν
1179 1593 1221 1642 δὴ
1241 1595 1323 1648 φρό-

279 1657 380 1703 νησίς
400 1657 491 1696 ἔστιν
517 1655 694 1707 ἐπιστήμη
717 1657 856 1708 ἀγαθῶν
885 1655 945 1694 καὶ
965 1657 1079 1694 κακῶν
1099 1655 1159 1694 καὶ
1186 1654 1323 1693 οὐδετέ-

279 1823 363 1855 male
383 1821 503 1853 olentia
519 1820 724 1858 discernant;
742 1829 784 1852 ex
801 1819 953 1851 dentibus
973 1827 1051 1851 vero
1064 1818 1165 1850 medii
1181 1818 1268 1850 acuti
1283 1820 1323 1852 ad

278 1889 371 1913 escas
389 1888 501 1912 morsu
519 1878 710 1912 dividendas
726 1903 734 1918 ‚
754 1877 925 1910 interiores
937 1876 995 1909 lati
1008 1878 1084 1908 sunt
1097 1876 1136 1908 ad
1153 1875 1323 1908 conficien-

278 1939 350 1972 das.
395 1938 448 1970 Sic
472 1941 583 1970 autem
601 1937 711 1969 omnia
737 1936 771 1968 in
790 1935 941 1968 omnibus
964 1935 1083 1967 rationi
1110 1935 1323 1967 consentanea

280 2007 351 2031 esse
369 1997 531 2030 videmus.
578 1998 620 2028 At
638 1995 708 2028 {ieri
722 2004 786 2027 non
805 1996 930 2036 potest,
947 1996 986 2026 ut
1000 2002 1102 2036 quum
1120 1994 1153 2025 in
1168 1993 1322 2025 extremis

279 2056 361 2088 adeo
379 2056 424 2089 sit
444 2057 603 2096 occupata
622 2053 824 2096 providentIa
839 2079 847 2093 ‚
871 2053 904 2085 in
929 2052 1042 2095 primis
1058 2052 1198 2085 deficiat.
1243 2054 1323 2090 Quae

280 2116 438 2157 proeterea
459 2115 493 2146 in
513 2113 636 2147 mundo
659 2112 811 2145 eveniunt
822 2111 1070 2144 vaticinationes
1086 2119 1324 2152 corporumque

280 2174 421 2214 sanatio,
449 2173 584 2206 salutari
611 2172 748 2204 deorum
774 2171 980 2212 providentia
1002 2173 1169 2211 reguntur.
1214 2169 1324 2202 Talem

280 2232 391 2262 autem
411 2229 524 2262 mundi
543 2237 656 2261 curam
675 2237 695 2260 a
709 2228 773 2260 diis
797 2236 903 2268 neque
922 2226 1128 2268 cupientibus
1145 2226 1324 2267 quidquam

282 2297 385 2328 neque
403 2287 624 2320 laborantibus
650 2287 763 2320 haberi
792 2285 1021 2326 statuendum3
1050 2285 1108 2317 sed
1129 2287 1167 2317 ut
1188 2293 1325 2327 corpora

283 2348 424 2381 valentia
449 2347 608 2388 quidquid
640 2348 762 2388 agunt,
790 2354 848 2377 sua
875 2344 1058 2376 substantia
1086 2346 1312 2385 exsequuntur

280 2406 558 2448 quemadmodum
588 2405 636 2438 sol
656 2405 727 2446 ipsa
745 2405 873 2437 tantum
902 2406 1019 2436 natura
1041 2412 1100 2436 sua
1120 2412 1172 2436 res
1188 2405 1325 2436 cunctas

282 2467 472 2498 illustratae
487 2464 640 2506 tepefacit
662 2476 669 2495 :
693 2464 739 2496 sic
751 2463 856 2495 multo
874 2463 978 2505 magis
993 2462 1130 2495 deorum
1147 2462 1324 2504 providen-

281 2526 326 2556 tia
343 2524 431 2556 nullo
450 2533 508 2555 suo
522 2523 631 2556 labore
647 2523 685 2554 iis
702 2530 784 2563 quos
805 2522 893 2554 fovet
912 2521 1069 2554 beneficia
1084 2521 1151 2554 dat.
1198 2523 1325 2560 Quam-

282 2584 395 2616 obrem
414 2582 512 2615 etiam
532 2582 765 2623 Epicureorum
783 2580 979 2621 quaestiones
999 2581 1116 2613 solutae
1140 2582 1216 2613 sunt
1223 2591 1233 2622 ;
1251 2590 1324 2613 nam

283 2651 423 2681 numen,
446 2640 614 2681 inquiunt,
642 2640 790 2672 divinum
818 2648 924 2681 neque
952 2639 1059 2681 ipsum
1088 2639 1187 2672 habet
1206 2639 1325 2681 negotii

283 2700 477 2742 quidquam,
504 2707 610 2740 neque
640 2698 711 2731 aliis
728 2698 866 2731 exhibet.
911 2700 1019 2739 Atque
1043 2691 1232 2740 incorporea
1251 2698 1323 2740 qui—

283 2761 359 2795 dem
387 2761 523 2792 deorum
550 2757 756 2800 providentia
780 2757 867 2789 circa
887 2765 1023 2798 corpora
1041 2759 1075 2789 et
1096 2757 1222 2789 animos
1251 2756 1324 2789 talis

285 2823 352 2859 est,
375 2819 431 2851 sed
451 2827 525 2859 quae
542 2826 583 2850 ex
608 2816 799 2858 corporibus
815 2816 887 2848 orta
905 2817 938 2848 et
957 2815 1146 2857 corporibus
1164 2816 1325 2848 inhaerens

285 2879 326 2910 ab
345 2878 408 2910 hac
419 2877 531 2910 differt
543 2901 550 2915 ‚
567 2875 675 2908 fatalis
689 2875 865 2907 necessitas
884 2876 1031 2915 vocatur,
1051 2876 1221 2916 propterea
1238 2874 1326 2916 quod

284 2937 387 2980 magis
405 2937 438 2969 in
457 2935 647 2977 corporibus
664 2943 838 2966 causarum
859 2934 958 2966 series
978 2936 1147 2975 appareat,
1168 2934 1209 2966 ad
1229 2943 1327 2975 quam

286 2995 495 3030 scrutandam
514 2993 747 3026 mathematica
766 3001 894 3033 quoque
911 2992 1042 3024 inventa
1062 2994 1123 3024 est.
1169 2992 1327 3031 Quocirca

287 3064 350 3088 non
379 3053 486 3087 solum
507 3052 645 3085 deorum
670 3051 820 3092 numine,
843 3049 901 3082 sed
921 3050 1040 3082 divinis
1060 3050 1159 3083 etiam
1179 3051 1326 3093 corpori-

286 3115 349 3147 bus
370 3122 423 3146 res
448 3112 607 3145 humanas
626 3119 703 3142 cum
734 3110 812 3142 alias
840 3108 930 3149 regi,
953 3111 1024 3140 tum
1052 3109 1191 3141 maxime
1210 3118 1324 3151 eorpo-

287 3181 377 3207 roam
405 3173 576 3210 naturam,
610 3169 727 3202 rationi
757 3168 952 3209 veritatique
980 3170 1233 3200 consentaneum
1257 3170 1307 3201 est

288 3232 426 3274 ideoque
439 3230 610 3263 sanitatem
625 3229 658 3261 et
673 3227 824 3261 morbum
834 3252 842 3268 ,
856 3235 909 3259 res
926 3235 1095 3268 prosperas
1110 3228 1142 3259 et
1156 3227 1320 3268 adversas,

289 3301 349 3334 pro
367 3291 524 3333 cujusque
542 3287 700 3330 dignitate
716 3286 791 3319 inde
809 3287 901 3318 nasci
919 3286 1002 3318 ratio
1022 3285 1153 3318 evincit.
1194 3284 1236 3315 At
1256 3295 1328 3319 sce-

290 3350 358 3384 lera
374 3351 407 3383 et
423 3347 637 3382 contumelias
650 3345 834 3388 petulanter
848 3345 948 3377 factas
969 3345 1035 3378 sato
1050 3344 1235 3385 assignare,
1250 3345 1330 3377 nihil

292 3408 381 3443 aliud
399 3409 452 3442 est
471 3416 570 3449 quam
596 3414 657 3438 nos
685 3405 805 3446 bonos,
823 3403 902 3437 deos
925 3405 1037 3436 autem
1060 3402 1163 3435 malos
1180 3402 1327 3444 efficere;

292 3467 356 3500 nisi
375 3466 450 3508 quis
485 3466 568 3499 forte
598 3464 679 3498 illud
707 3463 903 3505 respondere
933 3460 1023 3502 vult,
1042 3460 1075 3493 in
1100 3454 1289 3494 univei'sum
1310 3471 1330 3493 a

293 3526 416 3560 mundo
432 3528 465 3559 et
483 3524 667 3558 hominihus
685 3522 824 3557 naturali
840 3521 944 3556 nitore
964 3520 1195 3555 excellentibus
1214 3521 1335 3554 cuncta

1382 534 1464 582 σύνη
1486 534 1580 580 τάξις
1599 537 1680 588 περὶ
1700 536 1763 580 τὰς
1778 535 1964 587 ἐπιθυμίας
1980 534 2040 574 καὶ
2057 534 2118 580 τὰς
2133 533 2259 589 ὀρέξεις
2275 534 2336 575 καὶ
2351 533 2415 583 τὴν

1381 592 1571 632 εὐπείθειαν
1589 596 1702 634 αὐτῶν
1718 594 1802 648 πρὸς
1821 595 1860 634 τὸ
1876 593 2080 646 ἡγεμονικόν
2092 608 2102 619 ·
2123 593 2284 636 τοῦτοδὲ
2297 593 2351 642 εἴη
2373 592 2417 633 ἂν

1380 651 1419 691 τὸ
1436 653 1646 705 λογιστικόν.
1666 681 1708 688 -
1731 660 1744 676 ⁰
1766 652 1996 709 δικαιοσύνη]
2009 653 2162 705 justitia
2179 652 2339 707 proprie
2356 651 2417 691 di-

1381 714 1482 751 eitur
1514 715 1641 752 virtus
1676 728 1788 753 suum
1823 714 1964 765 cuique
1996 713 2193 762 tribuens,
2220 712 2269 752 ad
2302 724 2419 764 quam

1381 781 1552 823 spectant
1572 773 1694 812 verba
1710 776 1731 821 ἡ
1745 773 1813 827 γὰρ
1826 773 1907 823 περὶ
1919 772 2090 826 χρήματα
2103 771 2303 819 δικαιοσύνη
2322 771 2418 821 att-23

1381 831 1521 870 deinde
1541 841 1615 870 tam
1634 833 1709 871 late
1730 842 1860 885 patere
1878 831 2119 884 perhibetur,
2134 840 2178 870 ut
2193 843 2324 870 omnes
2336 829 2419 868 vir-

1380 899 1478 930 tutes
1499 892 1811 943 comprehendat.
1826 890 2087 937 Quamobrem
2107 890 2227 929 Polus
2240 889 2420 928 Lucanus

1383 950 1486 1002 (vol.
1508 950 1561 998 ll,
1579 964 1620 1002 p.
1643 951 1719 1001 26)
1738 951 1792 989 ait
1813 964 1822 988 :
1840 951 1935 988 δοκεῖ
1952 964 2012 999 μοι
2032 951 2100 988 τῶν
2123 950 2256 1003 ἀνδρῶν
2275 947 2339 988 τὰν
2361 949 2420 988 δι-

1380 1008 1568 1047 καιοσύναν
1599 1008 1734 1062 ματέρα
1756 1025 1794 1048 τε
1814 1009 1875 1048 καὶ
1894 1007 2036 1047 τιθάναν
2066 1013 2130 1047 τᾶν
2156 1007 2269 1048 ἄλλαν
2291 1009 2419 1061 ἀρετᾶν

1380 1068 1564 1121 προσειπέν
1582 1069 1661 1108 κτλ.
1691 1065 1749 1108 Cf.
1780 1068 1966 1106 Alcinous
1987 1067 2012 1106 l.
2034 1081 2068 1107 e.
2089 1087 2142 1097 -
2159 1066 2241 1107 ¹'Cf.
2260 1065 2422 1106 Iambli-

1382 1128 1475 1166 chus
1496 1128 1598 1179 apud
1620 1127 1815 1165 Stobaeum
1832 1127 1936 1165 Flor.
1955 1125 2024 1174 lX,
2049 1126 2190 1178 38-39.
2209 1146 2262 1155 —
2279 1129 2298 1155 ἕ
2315 1125 2420 1165 πολι-

1381 1186 1476 1231 τείας
1491 1187 1619 1238 ὀρθῆς]
1642 1186 1773 1224 Possis
1792 1186 2010 1235 intelligere
2032 1193 2070 1223 et
2089 1192 2232 1224 rectam
2252 1184 2422 1224 civitatis

1382 1245 1642 1295 gubernandae
1658 1245 1820 1283 formam
1834 1253 1872 1282 et
1885 1252 2027 1283 rectam
2045 1243 2204 1283 vivendi
2217 1243 2337 1284 viam.
2349 1243 2421 1286 ⁴Sic

1383 1304 1652 1356 Hippodamus
1687 1304 1699 1354 (
1716 1304 1798 1342 vol.
1832 1303 1871 1340 11
1890 1317 1931 1354 p.
1962 1302 2037 1354 ιο)
2057 1300 2118 1341 καὶ
2138 1305 2250 1341 ταῦτα
2270 1300 2333 1352 μὲν
2353 1299 2422 1353 ἐγώ

1383 1380 1474 1418 φαμι
1493 1357 1582 1414 ἦμεν
1601 1361 1640 1401 τὸ
1661 1360 1915 1412 ὀνομαζόμενον
1931 1359 2141 1411 Ἀμαλθείας
2160 1358 2265 1412 κέρας
2277 1374 2286 1384 ·
2305 1360 2341 1398 ἐν
2357 1359 2420 1398 εὗ-

1383 1422 1489 1474 νομίᾳ
1512 1421 1579 1474 γὰρ
1598 1421 1643 1460 τὰ
1663 1420 1780 1459 πάντα
1807 1419 1898 1458 ἐντί·
1916 1419 1977 1458 καὶ
1999 1418 2080 1458 ἄνευ
2099 1417 2230 1463 ταύτας
2245 1418 2323 1458 οὔτε
2342 1432 2423 1470 γεν-

1385 1486 1486 1518 νᾶται
1517 1479 1556 1517 τὸ
1589 1478 1754 1530 μέγιστον
1785 1484 1848 1522 τᾶς
1876 1477 2095 1530 ἀνθρωπίνας
2120 1477 2242 1532 φύσιος
2268 1475 2420 1528 ἀγαθόν,

1384 1537 1463 1577 οὔτε
1482 1536 1642 1589 γενναθὲν
1668 1536 1730 1576 καὶ
1760 1536 1904 1583 αὔξαθὲν
1927 1536 2068 1575 δύναιτό
2091 1551 2138 1575 κα
2159 1534 2332 1586 διαμένεν.
2365 1535 2425 1576 Si·-

1383 1597 1527 1635 militer
1545 1596 1656 1634 Plato
1673 1595 1776 1635 Tim.
1798 1609 1839 1646 p.
1860 1609 1910 1634 20
1927 1593 2078 1646 Τίμαιός
2094 1610 2132 1634 τε
2152 1593 2219 1647 γὰρ
2239 1592 2319 1646 ὅδε,
2337 1595 2425 1634 εὖνοι

1385 1653 1547 1705 μωτάτης
1568 1651 1616 1692 ὢν
1637 1653 1770 1697 πόλεως
1789 1655 1851 1700 τῆς
1872 1654 1907 1692 ἐν
1937 1652 2073 1706 Ἰταλίᾳ
2102 1653 2294 1705 Λοκρίδος,
2325 1653 2425 1700 obelo}

1382 1815 1463 1849 bene
1480 1817 1570 1858 geri,
1591 1815 1648 1849 sed
1666 1816 1785 1849 malam
1799 1816 2026 1849 educationem
2041 1815 2094 1849 vel
2110 1816 2262 1849 naturam
2276 1815 2428 1849 imbecil-

1382 1874 1496 1908 liorem
1514 1875 1623 1908 satalia
1647 1874 1733 1907 hona
1753 1874 1789 1907 in
1804 1874 1951 1907 deterius
1973 1875 2120 1915 mutare3
2148 1873 2424 1917 quemadmodum

1383 1933 1501 1973 solem,
1523 1933 1600 1966 lieet
1624 1933 1730 1965 bonus
1758 1932 1802 1965 sit
1821 1932 1990 1974 omnibus,
2010 1932 2219 1975 lippientibus
2235 1933 2347 1966 tamen
2373 1932 2426 1965 vel

1383 1991 1645 2024 febricitantibus
1660 1991 1854 2025 damnosum
1869 2000 1941 2025 esse
1957 1993 2095 2025 constat.
2140 1992 2210 2024 Gur
2229 1991 2318 2025 enim
2334 1993 2422 2025 Mas-

1384 2052 1505 2092 sagetae
1522 2052 1673 2092 parentes
1694 2052 1827 2091 vorant,
1850 2050 1981 2084 Hebraei
2002 2050 2291 2092 circumciduntur,
2312 2051 2424 2085 Persae

1386 2109 1590 2142 nobilitatem
1609 2110 1826 2142 conservant?
1843 2109 1909 2147 Qui
1929 2109 1968 2144 fit
1982 2111 2164 2151 praeterea,
2185 2109 2225 2144 ut
2250 2111 2428 2152 Saturnum

1388 2170 1422 2200 et
1448 2167 1604 2206 Martem,
1627 2175 1712 2208 quos
1733 2166 1902 2200 maleficos
1921 2166 2101 2209 appellant,
2128 2174 2244 2200 rursus
2265 2166 2428 2201 beneficos

1381 2225 1547 2266 judicent,
1571 2233 1637 2266 qua
1662 2225 1899 2268 philosophiam
1924 2226 1958 2258 et
1982 2233 2137 2266 regnum,
2165 2233 2232 2266 qua
2264 2233 2426 2265 sumnam

1384 2284 1513 2326 imperii
1540 2284 1681 2325 bellique
1706 2283 1955 2317 administrandi
1982 2285 2017 2317 et
2033 2283 2204 2317 thesauros
2223 2282 2265 2316 iis
2290 2283 2428 2326 permit-

1384 2346 1514 2377 tentes?
1536 2344 1660 2383 Quodsi
1678 2344 1837 2386 triangula
1851 2344 1886 2376 et
1902 2343 2061 2384 quadrata
2081 2345 2354 2386 commemorent,
2366 2343 2429 2376 ab·

1385 2403 1521 2436 surdum
1553 2403 1670 2444 fuerit,
1713 2411 1816 2443 quum
1844 2402 1987 2434 humana
2018 2402 2121 2435 virtus
2149 2401 2270 2443 ubique
2311 2401 2425 2435 eadem

1384 2464 1532 2504 maneat,
1548 2464 1627 2496 deos
1639 2462 1734 2496 sedes
1753 2471 1830 2495 suas
1845 2462 1985 2496 mutare.
2029 2462 2132 2505 Atqui
2143 2462 2302 2506 praedicta
2316 2471 2429 2505 paren-

1386 2525 1457 2554 tum
1477 2521 1628 2555 nobilitas
1653 2523 1710 2554 aut
1730 2521 1914 2564 ignobilitas
1941 2521 2053 2555 stellas
2071 2530 2138 2555 non
2154 2521 2264 2555 omnia
2278 2520 2427 2562 officere,

1385 2581 1443 2613 sed
1465 2580 1620 2613 nonnulla
1638 2582 1767 2612 tantum
1786 2579 1970 2620 significare
1998 2579 2107 2615 docet.
2151 2579 2324 2618 Quomodo
2342 2579 2427 2613 enim

1385 2649 1459 2681 quae
1473 2641 1547 2673 ante
1565 2640 1676 2673 ortum
1693 2638 1825 2671 ruerunt
1843 2647 1885 2671 ex
1899 2638 1971 2680 ipso
1991 2639 2068 2671 ortu
2093 2639 2291 2672 nascantur?
2303 2639 2427 2677 Quem-

1386 2699 1561 2732 admodum
1582 2707 1659 2740 ergo
1684 2697 1888 2741 providentia
1916 2699 1950 2730 et
1977 2697 2083 2731 fatum
2110 2706 2177 2730 non
2207 2696 2310 2739 magis
2340 2697 2427 2730 cirea

1385 2760 1496 2799 gentes
1514 2760 1549 2791 et
1573 2757 1691 2798 urbes,
1717 2765 1818 2799 quam
1837 2756 1923 2789 circa
1943 2756 2089 2798 singulos
2113 2755 2331 2789 homines'est
2353 2768 2362 2789 ι
2381 2756 2427 2789 ita

1387 2819 1420 2850 et
1449 2817 1594 2858 fortuna,
1622 2816 1663 2849 de
1691 2824 1756 2857 qua
1789 2816 1956 2857 superest,
1990 2816 2029 2848 ut
2068 2814 2278 2849 disseramus.
2323 2814 2428 2857 Igitur

1386 2880 1522 2912 deorum
1536 2878 1680 2920 potestas
1693 2901 1702 2918 ,
1720 2885 1795 2919 quae
1816 2875 1945 2909 diversa
1963 2884 2002 2908 ae
2014 2876 2134 2917 praeter
2152 2875 2429 2916 exspectationem

1391 2937 1571 2971 accidentia
1591 2936 1634 2969 ad
1657 2935 1825 2968 hominum
1840 2933 2016 2967 utilitatem
2030 2933 2152 2974 refert,
2172 2933 2303 2967 fortuna
2319 2932 2427 2967 existi-

1387 2997 1507 3036 matur,
1526 2994 1694 3029 etidcirco
1710 2993 1806 3026 urbes
1818 2992 2022 3035 potissimum
2041 3000 2249 3025 communem
2263 2991 2342 3027 huic
2357 2991 2428 3025 deae

1388 3055 1514 3089 cultum
1533 3053 1687 3087 adhibere
1710 3053 1826 3092 decet3
1846 3051 2003 3093 quaelibet
2031 3050 2119 3084 enim
2134 3050 2214 3083 urbs
2232 3059 2275 3083 ex
2290 3049 2428 3083 diversis

1388 3114 1524 3156 negotiis
1536 3114 1673 3146 constat.
1717 3114 1763 3144 Ea
1779 3111 1840 3144 sub
1851 3110 1929 3143 luna
1944 3109 2119 3152 imperium
2135 3108 2262 3141 obtinet
2273 3132 2283 3150 ,
2297 3108 2427 3151 quando

1389 3182 1486 3215 supra
1515 3172 1624 3205 lunam
1653 3170 1733 3203 nihil
1756 3169 1886 3202 omnino
1907 3168 2042 3201 fortuito
2065 3163 2194 3200 accidit.
2237 3166 2292 3201 Sin
2317 3167 2428 3200 autem

1388 3232 1466 3264 mali
1484 3231 1633 3264 homines
1654 3229 1807 3263 felicitate
1830 3228 1964 3268 florent,
1981 3225 2057 3260 boni
2074 3225 2108 3260 in
2129 3227 2273 3268 egestate
2291 3234 2427 3258 versan-

1391 3294 1455 3332 tur,
1474 3300 1538 3323 non
1556 3291 1606 3323 est
1623 3287 1808 3322 mirandum
1839 3299 1848 3320 z
1872 3286 1918 3319 illi
1939 3284 2026 3319 enim
2044 3284 2178 3318 maximi
2198 3283 2323 3317 faciunt
2341 3283 2426 3317 divi-

1389 3349 1451 3382 tias
1464 3374 1471 3390 ‚
1489 3349 1523 3382 hi
1534 3357 1594 3391 pro
1606 3346 1706 3381 nihilo
1720 3347 1847 3388 putant.
1891 3346 1931 3377 Et
1949 3343 2042 3376 malis
2055 3342 2188 3384 quidem
2200 3350 2253 3374 res
2265 3350 2428 3384 prosperae

1391 3409 1589 3450 pravitatem
1615 3416 1679 3442 non
1710 3405 1868 3449 eripiant,
1892 3403 1985 3436 bonis
2006 3403 2115 3436 autem
2141 3400 2210 3438 sola
2225 3400 2332 3437 vintus
2356 3399 2429 3434 sur·

1393 3468 1516 3502 fecerit.
