2508 3776
283 267 361 306 346

330 350 347 368 *
365 353 428 390 Δεῖ
450 349 485 388 δὲ
506 349 555 398 μὴ
578 348 682 399 μόνον
710 354 852 388 σκοπεῖν
881 349 967 402 πρὸς
985 351 1082 389 ποῖον
1103 353 1170 389 τῶν
1194 350 1309 404 ἄκρων

278 408 481 461 πεφύκαμεν
520 409 550 446 οἱ
583 406 775 458 ἄνθρωποι,
811 407 902 446 ἀλλὰ
931 409 990 447 καὶ
1026 408 1128 453 αὐτὸς
1164 408 1310 453 ἕκαστος

277 469 376 517 ἡμῶν
395 466 480 518 πρὸς
499 472 595 505 ποῖον
615 467 747 519 πέφυκε
779 468 958 515 ζητητέον·
984 467 1108 522 (ἄλλοι
1136 467 1204 521 γὰρ
1226 468 1310 520 πρὸς

277 527 366 564 ἄλλα
389 524 616 578 πεφύκαμεν)
648 525 852 577 γνωσόμεθα
872 526 906 564 δὲ
938 530 1062 576 τοῦτο,
1089 525 1309 572 ἐξετάσαντες

275 584 364 623 τίσιν
385 583 539 634 ἡδόμεθα
557 583 618 623 καὶ
639 583 711 622 τίσι
739 584 953 635 λυπούμεθα.
980 584 1149 638 Εὖρόντες
1170 585 1205 623 δὲ
1224 585 1309 638 πρὸς

275 648 371 682 ποῖον
396 646 464 681 τῶν
481 642 596 696 ἄκρων
620 642 825 697 πεφύκαμεν
843 673 853 692 ,
880 643 938 682 ἐπὶ
966 643 1004 682 τὸ
1032 642 1184 682 ἐναντίον
1205 645 1308 682 αὐτοῦ

274 700 330 739 διὰ
362 702 512 749 σπουδῆς
545 704 638 751 ἡμᾶς
666 701 788 746 αὐτοὺς
819 701 1075 754 ἀφελκύσομεν.
1114 700 1309 755 Φεύγοντες

273 760 340 812 γὰρ
365 760 496 814 σφόδρα
526 764 628 799 τοῦτο
659 761 698 799 τὸ
727 760 852 814 ἄκρον,
882 762 929 806 εἷς
956 760 996 800 τὸ
1030 760 1135 811 μέσον
1163 760 1305 812 ἥξομεν.

272 815 412 871 οὨσπερ
432 822 584 857 ποιοῦσιν
605 820 637 858 οἱ
665 817 708 856 τὰ
730 819 991 871 διεστραμμένα
1019 821 1087 857 τῶν
1114 818 1224 863 ξύλων
1244 820 1310 872 ὄρ-

274 881 381 916 θῶσαι
407 877 664 922 σπουδάζοντες*
685 877 839 916 κλίνουσι
859 876 925 930 γὰρ
948 878 996 921 εἷς
1016 876 1227 917 τοῦναντίον.

323 937 356 955 **
376 937 539 976 Μάλιστα
565 936 601 975 δὲ
626 939 694 975 τῶν
725 937 839 975 ἄλλων
866 939 987 975 παθῶν
1013 939 1035 983 ἡ
1065 935 1170 984 ἡδονὴ
1191 935 1308 975 καὶτὸ

276 994 339 1041 ἡδὺ
359 994 486 1048 βίαιον.
509 994 580 1035 Καὶ
597 995 654 1034 διὰ
669 998 770 1035 τοῦτο
783 997 913 1043 πολλῆς
925 995 1026 1048 χρεία
1043 999 1104 1042 τῆς
1117 996 1306 1049 ἀκριὸείας,

274 1054 332 1092 καὶ
352 1053 415 1101 τὴν
444 1054 581 1101 ἀπάτην
602 1053 719 1092 πάντα
743 1053 868 1107 τρόπον
899 1054 1135 1108 φυλάττεσθαι
1160 1056 1233 1103 δεῖ,
1253 1054 1309 1094 ὅτε

274 1111 336 1159 τὴν
363 1112 517 1166 πονηρὰν
537 1116 598 1160 τῆς
616 1115 746 1165 ἀγαθῆς
772 1113 898 1160 ἡδονῆς
929 1113 1088 1163 ἐθέλομεν
1113 1113 1308 1166 διακρίνειν·

271 1172 424 1223 χαλεπὸν
440 1172 506 1223 γὰρ
530 1171 718 1211 ἀδέκαστον
739 1165 829 1211 εἶναι
853 1174 922 1210 τῶν
941 1171 1105 1211 τοιούτων
1131 1171 1254 1226 κριτήν
1275 1173 1304 1210 (¹.

269 1229 386 1282 Ὅπερ
403 1223 459 1269 οὖν
489 1231 519 1268 οἳ
550 1230 826 1282 δημογέροντεςθ
861 1233 928 1268 τῶν
961 1230 1095 1283 Τρώων
1133 1230 1216 1281 πρὸς
1245 1229 1307 1277 τὴν

270 1287 414 1335 Ἑλένην
433 1287 560 1326 ἔπαθον
575 1317 586 1335 ,
606 1288 716 1335 καλὴν
738 1287 801 1338 μὲν
828 1289 982 1333 εἰπόντες
1006 1289 1115 1336 αὐτήν
1129 1319 1138 1337 ,
1160 1288 1218 1326 καὶ
1239 1292 1300 1326 τοῦ

269 1346 416 1389 κάλλους
447 1346 683 1394 θαυμάσαντες
698 1375 708 1391 ,
750 1346 986 1400 ψηφισάμενοι
1025 1346 1061 1384 δὲ
1097 1346 1156 1384 καὶ
1196 1347 1305 1390 οὕτως

269 1404 416 1456 ἔχουσαν
443 1405 651 1457 ἀποπέμψαι
681 1404 765 1457 πρὸς
796 1403 876 1448 τοὺς
906 1401 1100 1451 Ἕλληνας·
1133 1407 1235 1442 τοῦτο
1255 1405 1307 1442 δεῖ

270 1466 390 1500 παθεῖν
411 1461 470 1500 καὶ
500 1465 593 1512 ἡμᾶς
616 1464 699 1514 πρὸς
717 1462 780 1509 τὴν
807 1461 950 1509 ἡδονήν.
981 1461 1086 1500 Οὕτω
1104 1461 1172 1514 γὰρ
1196 1461 1304 1509 αὐτὴν

271 1521 559 1571 ἀποπεμπόμενοι
578 1517 680 1569 ἧττον
702 1520 993 1573 ἁμαρτησόμεθα.
1030 1519 1128 1567 Αὕτη
1156 1520 1248 1559 ἐστὶν
1284 1524 1305 1568 ἡ

277 1579 417 1630 μέθοδος
437 1581 481 1622 ὡς
511 1581 545 1617 ἐν
579 1579 759 1633 κεφαλαίῳ
779 1579 838 1618 καὶ
857 1577 977 1632 τύπῳ,
1007 1578 1050 1617 δι’
1078 1573 1118 1626 ἧς
1152 1578 1306 1629 μάλιστα

274 1639 391 1689 τυχεῖν
415 1637 632 1689 δυνησόμεθα
652 1640 712 1684 τῆς
727 1637 930 1688 μεσότητος.

321 1694 374 1712 ***
394 1695 466 1735 Καὶ
486 1695 575 1734 οὕτω
600 1695 635 1734 δὲ
655 1697 748 1747 ὅμως
764 1696 916 1748 χαλεπόν
946 1696 1038 1743 ε’στι,
1059 1695 1119 1734 καὶ
1152 1696 1304 1746 μάλιστα

271 1754 305 1790 ἐν
326 1754 395 1797 τοῖς
414 1755 578 1805 μερικοῒς.
600 1755 653 1792 Οὔ
669 1753 736 1806 γὰρ
756 1753 933 1807 ὡρισμένη
952 1753 1004 1798 τίς
1023 1756 1116 1792 ἐστιν
1144 1758 1166 1802 ἡ
1196 1754 1307 1806 κρίσις

272 1811 402 1849 τούτων
415 1842 426 1859 ,
446 1811 536 1850 ἀλλὰ
557 1811 681 1850 ἄλλοτε
696 1812 799 1860 ἄλλη·
816 1812 892 1850 ἐπεὶ
908 1811 996 1863 μηδὲ
1016 1811 1104 1850 αὐτὰ
1117 1812 1307 1865 ὡρισμένα,

271 1863 340 1907 οἷον
359 1869 398 1907 τὸ
418 1871 630 1921 ὀργισθῆναι·
651 1871 689 1908 οὗ
708 1870 775 1923 γὰρ
796 1870 909 1924 ῥᾴδιον
940 1869 1113 1922 διορίσαι,
1135 1870 1227 1919 τίσι,
1247 1871 1307 1910 καὶ

272 1929 346 1970 πῶς
358 1957 367 1972 ,
389 1927 449 1965 καὶ
461 1927 546 1966 πότε
562 1928 750 1980 ὀργιστέον·
771 1929 830 1967 καὶ
850 1928 917 1982 γὰρ
937 1931 1038 1979 ἡμεῖς
1062 1929 1132 1967 ἀπὸ
1151 1932 1210 1968 τοῦ
1229 1945 1308 1968 και-

274 1988 331 2036 ροῦ
358 1985 527 2037 κρίνοντες
558 1987 617 2024 καὶ
648 1989 716 2025 τῶν
738 1986 853 2025 ἄλλων
888 1987 1150 2038 περιστάσεων,
1181 1988 1307 2027 ἄλλοτε

274 2043 365 2081 ἄλλα
385 2043 663 2097 ἀποφαινόμεθα·
688 2044 748 2083 καὶ
776 2044 860 2084 ποτὲ
884 2044 946 2096 μὲν
964 2045 975 2068 s
992 2045 1071 2089 τοὺς
1091 2046 1308 2091 ἐλλείποντας

272 2103 497 2153 ἐπαινοῦμεν,
523 2104 583 2143 καὶ
604 2103 736 2156 πράους
755 2105 868 2156 φαμέν
882 2133 891 2151 ,
913 2109 930 2134 Β
950 2103 1032 2142 ποτὲ
1054 2105 1089 2143 δὲ
1108 2104 1186 2150 τοὺς
1200 2108 1306 2159 ὑπερ-

273 2159 462 2205 ὅάλλοντας
484 2163 589 2214 ὀργῇ,
607 2160 667 2199 καὶ
681 2163 856 2212 καλοῦμεν
878 2160 1073 2213 ἀνδρώδεις.
1098 2162 1189 2201 Ἀλλ’
1206 2165 1223 2201 ὃ
1243 2163 1305 2211 μὲν

275 2218 396 2271 μικρὸν
428 2222 489 2266 τῆς
509 2219 698 2269 μεσότητος
732 2219 891 2264 ἐκκλίνας
922 2221 960 2258 οὔ
991 2219 1146 2273 ψέγεται·
1163 2223 1222 2261 καὶ
1238 2223 1305 2276 γὰρ

271 2276 348 2314 οὔτε
369 2277 598 2328 ὓπερὸάλλειν
612 2308 622 2327 ,
651 2276 728 2316 οὔτε
751 2277 923 2317 ἐλλείπειν
945 2278 1050 2316 δοκεῖ·
1071 2279 1213 2332 ψέγεται
1234 2281 1268 2318 δὲ
1288 2285 1306 2320 ὃ

271 2340 431 2375 τοσοῦτον
450 2339 512 2384 τῆς
535 2335 721 2387 μεσότητος
751 2335 990 2388 παρακλίνας,
1008 2336 1086 2375 ὅσον
1107 2337 1155 2388 μὴ
1176 2340 1305 2378 λαθεῖν.

269 2393 319 2432 Τὸ
339 2395 373 2434 δὲ
393 2395 496 2447 μέχρι
514 2395 603 2438 τίνος
623 2395 684 2433 καὶ
702 2394 759 2434 ἐπὶ
775 2395 881 2434 πόσον
901 2399 962 2434 τοῦ
979 2397 1078 2447 ὀρθοῦ
1097 2397 1305 2449 παρεκὸάν-

269 2469 324 2496 τες
357 2453 555 2505 ψεγόμεθα,
588 2455 650 2492 οὐκ
680 2453 771 2492 ἔστιν
806 2454 854 2492 ἑνὶ
886 2456 1059 2506 καθολικῷ
1087 2455 1303 2508 διορίσασθαι

269 2511 376 2563 λόγῳ·
410 2511 484 2549 ἐπεὶ
515 2512 603 2563 μηδὲ
625 2512 710 2550 ἄλλο
742 2512 871 2564 μηδέν,
904 2511 988 2564 ὅπερ
1009 2515 1043 2552 ἐν
1064 2519 1132 2558 τοῖς
1152 2521 1305 2568 μερικοῖς

269 2570 485 2621 εὑρίσκεται,
521 2570 578 2608 καὶ
614 2570 739 2609 ἄλλοτε
768 2571 880 2615 ἄλλως
902 2571 987 2623 ἔχει·
1022 2575 1044 2619 ἡ
1069 2571 1138 2624 γὰρ
1174 2573 1303 2613 τούτων

270 2628 379 2679 κρίσις
399 2630 547 2680 μερικῶς
566 2628 626 2666 καὶ
643 2629 801 2675 αἰσθήσει
819 2629 962 2680 γίνεται.
986 2629 1158 2669 Φαίνεται
1177 2630 1302 2680 τοίνυν,

270 2686 322 2725 ὅτι
344 2687 377 2723 ἐν
398 2690 546 2732 πᾶσινὴ
577 2686 667 2736 μέση
697 2685 761 2731 ἕξις
796 2687 976 2735 ἐπαινετή.
1007 2691 1069 2728 Δεῖ
1099 2689 1159 2740 δέ,
1191 2690 1304 2735 καθὼς

270 2743 426 2795 εἴρηται,
459 2744 654 2784 ἀποκλίνειν
685 2745 768 2783 ποτὲ
798 2745 860 2796 μὲν
904 2745 962 2784 ἐπὶ
991 2745 1053 2793 τὴν
1088 2747 1302 2799 ὖπερὸολήν,

270 2801 353 2840 ποτὲ
378 2799 414 2840 δὲ
439 2802 496 2840 ἐπὶ
528 2801 591 2849 τὴν
621 2802 786 2855 ἔλλειψιν·
810 2803 967 2852 δηλονότι
995 2805 1053 2843 ἐπὶ
1084 2805 1214 2853 ταύτην
1234 2810 1301 2845 τῶν

271 2859 483 2910 ἆκροτήτων,
515 2859 591 2906 ἥτις
610 2859 793 2912 ὁμοιοτέρα
815 2861 890 2900 ἐστὶ
923 2865 966 2915 τῇ
989 2862 1166 2912 μεσότητι.
1193 2863 1298 2903 Οὕτω

269 2918 336 2970 γὰρ
355 2920 466 2971 ῥᾷστα
486 2920 547 2964 τῆς
562 2918 750 2969 μεσότητος
778 2920 966 2970 τευξόμεθα
984 2921 1045 2960 καὶ
1071 2926 1132 2960 τοῦ
1153 2924 1299 2974 ἀγαθοῦ.

326 2977 495 3028 (Scripsi
519 2991 528 3015 ι
549 2983 563 3001 ³
582 2978 834 3031 εὖκινητότερός
855 2981 950 3032 ἐστι]
971 2981 1058 3020 cod.
1083 2980 1298 3020 εὖαινετότε-

272 3034 325 3088 pei<
345 3037 432 3073 ἐστι.
466 3034 553 3065 —b
578 3041 638 3075 τοῦ
671 3036 732 3087 μὲν
768 3041 900 3075 καπνοῦ
930 3039 990 3076 καὶ
1022 3037 1176 3089 κύματος
1204 3040 1300 3084 ἐκτὸς

269 3094 366 3145 ἔεργε
382 3095 486 3144 Νῆα]
516 3107 602 3132 cum
623 3095 738 3134 codd.
765 3096 980 3134 Aristotelis
1013 3105 1050 3134 et
1086 3097 1299 3137 Andronici

271 3151 428 3191 Rhodii.
460 3152 555 3189 Nam
580 3153 682 3203 apud
709 3154 916 3191 Homerum
944 3156 1084 3205 Odyss.
1103 3156 1200 3205 Xll,
1222 3171 1297 3209 219

270 3224 353 3262 seq.
388 3211 528 3260 legitur
555 3210 677 3249 τούτου
709 3211 770 3262 μὲν
791 3216 923 3250 καπνοῦ
943 3213 1002 3251 καὶ
1028 3214 1181 3264 κύματος
1204 3216 1297 3261 ἐκτὸς

270 3270 366 3322 ἔεργε
385 3271 490 3318 Νῆα,
511 3271 612 3322 apud
642 3272 874 3309 Clementem
900 3273 1205 3312 Alexandrinum
1232 3288 1296 3313 au-

271 3335 345 3365 tem
380 3328 544 3368 Admon.
567 3329 615 3366 ad
636 3329 776 3367 Gentes
797 3343 835 3380 p.
862 3330 910 3378 73
930 3329 1192 3380 ed.,sy1bu1-g.
1220 3332 1293 3369 κεί-

1098 262 1378 303 ANDRONICI
1406 262 1586 303 RHODII

1369 365 1482 390 omnes
1501 355 1651 389 homines
1674 356 1792 389 natura
1807 357 1950 390 maxime
1968 357 2140 398 inclinent,
2167 359 2225 393 sed
2249 358 2291 392 ad
2302 368 2403 402 quam

1369 415 1468 448 etiam
1483 414 1710 456 unusquisque
1723 415 1873 448 nostrum
1884 415 2058 457 proclivior
2071 417 2125 456 sit,
2141 410 2377 460 dispiciendum
2390 427 2400 451 ε

1369 474 1450 516 (alii
1480 475 1566 509 enim
1596 474 1639 508 ad
1666 475 1729 508 alia
1758 475 1840 509 vitia
1868 476 2034 518 proniores
2054 480 2190 520 sumus)
2212 478 2276 513 hoc
2292 479 2404 514 autem

1368 531 1605 574 intelligemus,
1628 532 1657 565 si
1676 533 1900 576 inquiramus,
1921 533 2044 576 quibus
2071 534 2173 569 rebus
2203 535 2404 571 delectemur

1369 591 1402 623 et
1421 589 1600 625 doleamus.
1622 591 1802 633 Postquam
1828 592 1940 625 autem
1957 593 2220 634 cognoverimus,
2245 593 2288 628 ad
2303 602 2404 641 quam

1369 649 1611 682 extremitatem
1635 651 1752 683 natura
1780 650 2004 693 propensiores
2023 650 2127 684 simus
2143 676 2151 691 ,
2175 650 2266 686 omni
2287 647 2405 687 dame

1369 707 1479 740 studio
1497 707 1532 740 in
1552 707 1747 741 contrariam
1765 710 1893 750 partem
1914 718 1974 742 nos
1991 708 2231 744 abstrahamus.
2254 707 2406 745 -Sl'eulm

1368 766 1540 809 diligenter
1562 766 1605 801 ab
1617 767 1679 800 hac
1699 768 1906 801 extremitate
1921 768 2140 809 declinemus,
2159 769 2208 802 ita
2219 767 2408 803 demuma

1367 825 1515 858 medium
1540 826 1721 859 veniemus.
1752 826 1844 860 Sicut
1861 826 1910 859 illi
1934 826 2059 859 faciunt
2084 826 2143 869 qui
2165 825 2407 870 lignadistorta

1368 883 1506 925 dirigere
1523 887 1682 918 conantur
1698 895 1705 917 :
1721 884 1756 918 in
1768 884 1968 918 contrarium
1988 885 2076 918 enim
2098 894 2136 918 ea
2147 884 2294 919 flectunt.

1408 945 1482 976 Prae
1501 943 1628 977 caeteris
1647 945 1759 976 autem
1774 953 1849 986 quae
1873 943 2085 977 vehementer
2107 943 2258 976 afficiunt
2278 940 2406 977 violen-

1368 1001 1496 1034 tissima
1522 1003 1599 1035 sunt
1625 1002 1777 1044 voluptas
1799 1003 1832 1035 et
1856 1002 2056 1044 iucunditas.
2088 1001 2248 1041 Quocirca
2277 1010 2406 1035 summa

1369 1059 1556 1093 adhibenda
1580 1062 1630 1093 est
1651 1069 1731 1093 cura
1750 1062 1783 1094 et
1810 1069 2016 1103 summopere
2039 1059 2239 1100 videndum,
2255 1057 2299 1093 lie
2313 1058 2405 1093 deci-

1368 1118 1515 1160 piamur,
1540 1127 1645 1160 quum
1666 1118 1708 1152 ab
1722 1118 1858 1151 honesta
1884 1118 2056 1160 voluptate
2078 1117 2262 1161 improbam
2277 1117 2404 1152 discer-

1369 1184 1446 1209 nere
1463 1176 1618 1209 volumus
1636 1187 1644 1209 :
1671 1178 1721 1210 est
1746 1176 1833 1210 enim
1865 1175 1999 1209 difficile
2014 1201 2022 1215 ,
2044 1176 2271 1218 incorruptum
2286 1175 2405 1209 talium

1368 1243 1480 1267 rerum
1497 1234 1643 1276 judicem
1664 1243 1745 1268 esse.
1774 1233 1871 1274 Quod
1891 1234 1991 1276 igitur
2008 1243 2101 1267 senes
2125 1233 2175 1267 illi
2198 1242 2238 1267 ac
2254 1241 2406 1276 proceres

1368 1292 1581 1335 'trojanorum
1605 1292 1647 1326 de
1678 1293 1800 1326 Helena
1819 1292 2022 1332 sentiebant,
2049 1301 2151 1335 quam
2174 1293 2214 1325 ut
2233 1291 2405 1335 pulchram

1369 1359 1440 1384 esse
1471 1350 1694 1384 concedebant
1728 1351 1866 1394 ejusque
1895 1351 2104 1384 venustatem
2135 1349 2403 1390 admirabantur.

1368 1406 1415 1439 ita
1435 1406 1478 1439 ad
1508 1407 1639 1440 Graecos
1663 1406 1894 1440 dimittendam
1914 1416 1986 1440 esse
2009 1406 2216 1450 iudicabant,
2246 1406 2403 1450 quamvis

1368 1465 1445 1498 tans
1462 1466 1548 1499 esset
1567 1479 1576 1498 ι
1602 1465 1691 1498 idem
1715 1465 1809 1499 nohis
1836 1465 1878 1499 de
1907 1466 2076 1508 voluptate
2108 1464 2314 1515 sentiendum
2339 1466 2402 1499 est.

1368 1524 1452 1556 Nam
1471 1532 1577 1565 quum
1595 1532 1668 1557 eam
1686 1523 1733 1557 ita
1745 1523 1994 1557 amandabimus
2011 1522 2213 1566 missamque
2232 1521 2402 1561 faciemus,

1368 1583 1478 1615 minus
1495 1583 1714 1625 peccabimus.
1735 1585 1815 1616 Haec
1830 1592 1907 1624 ergo
1926 1583 1982 1616 via
1994 1584 2028 1616 et
2053 1582 2138 1615 ratio
2154 1583 2221 1622 est,
2240 1582 2403 1625 quantum

1366 1641 1500 1684 quidem
1513 1641 1702 1675 summatim
1724 1642 1935 1684 breviterque
1951 1640 2041 1675 tradi
2049 1641 2169 1683 potuit,
2182 1649 2249 1684 qua
2261 1639 2405 1674 maxims

1367 1699 1409 1733 ad
1426 1700 1686 1733 mediocritatem
1697 1700 1936 1742 perveniamus.

1408 1760 1475 1792 Nec
1492 1758 1602 1791 minus
1627 1760 1739 1790 tamen
1759 1757 1970 1791 difficultatis
1985 1758 2090 1791 restat
2103 1757 2278 1799 propterea
2294 1756 2404 1790 maxi-

1366 1826 1484 1860 meque
1509 1817 1545 1850 in
1563 1817 1664 1850 rebus
1683 1816 1912 1858 singularibus.
1931 1816 2095 1851 Nimirum
2109 1825 2174 1849 non
2190 1815 2288 1849 facile
2304 1815 2340 1848 in
2356 1815 2400 1848 iis

1367 1878 1419 1910 cst
1435 1877 1563 1909 certum
1578 1875 1659 1918 quid
1672 1875 1823 1915 definire,
1844 1875 1903 1908 sed
1917 1875 1999 1908 alias
2012 1875 2108 1908 aliter
2118 1873 2306 1917 judicamus
2326 1884 2335 1906 ι
2354 1873 2403 1907 si-

1368 1934 1503 1978 quidem
1521 1943 1581 1968 nec
1596 1934 1668 1976 ipsa
1679 1934 1814 1967 definita
1827 1935 1905 1967 sunt
1915 1960 1923 1974 ,
1944 1933 2083 1976 exempli
2095 1933 2200 1976 gratia
2212 1933 2402 1967 iracundia:

1368 2002 1476 2036 neque
1499 1993 1586 2026 enim
1616 1992 1712 2026 facile
1743 1994 1792 2025 est
1808 2018 1814 2031 ,
1843 1992 2060 2035 distinguere,
2093 1992 2235 2035 quibus,
2260 1989 2404 2034 quonam

1367 2051 1466 2085 modo
1487 2052 1521 2084 et
1537 2050 1670 2094 quando
1695 2051 1905 2084 irascendum
1930 2051 1973 2085 sit
1989 2061 1998 2083 z
2018 2050 2141 2084 etenim
2170 2059 2275 2093 quum
2293 2050 2349 2084 vel
2362 2059 2404 2083 ex

1367 2110 1534 2144 occasione
1549 2110 1603 2143 vel
1616 2119 1655 2142 ex
1668 2109 1741 2143 aliis
1755 2109 1855 2143 rebus
1864 2109 2058 2152 judicemus,
2074 2107 2166 2142 aliud
2178 2108 2259 2142 alias
2271 2117 2404 2142 necesse

1366 2171 1417 2203 est
1444 2169 1686 2202 decernamus:
1717 2172 1795 2201 nam
1823 2168 1921 2202 modo
1947 2176 2004 2201 eos
2023 2167 2182 2206 homines,
2209 2166 2268 2210 qui
2285 2173 2403 2209 parum

1365 2229 1562 2267 irascuntur,
1586 2227 1760 2260 laudamus
1779 2228 1812 2259 et
1825 2227 1914 2260 lenes
1929 2226 2148 2269 appellamus,
2165 2225 2262 2259 modo
2277 2234 2333 2258 eos
2343 2224 2403 2268 qui

1367 2287 1512 2329 graviter
1526 2287 1738 2325 succensent,
1770 2285 1945 2327 animoque
1964 2283 2054 2316 virili
2078 2282 2142 2316 hos
2158 2290 2230 2316 esse
2249 2281 2400 2316 dicimus,

1364 2346 1406 2377 At
1433 2345 1492 2387 qui
1505 2344 1654 2387 paullum
1668 2353 1688 2376 a
1705 2341 1935 2376 mediocritate
1960 2340 2123 2379 deflectit,
2145 2349 2211 2373 non
2224 2339 2401 2383 reprelien-

1364 2403 1455 2436 ditur
1470 2413 1478 2434 :
1500 2403 1578 2445 quia
1601 2411 1708 2445 neque
1727 2401 1884 2435 excedere
1898 2398 2035 2432 modum
2054 2397 2196 2437 videtur,
2218 2405 2326 2440 neque
2340 2396 2400 2431 de-

1365 2470 1471 2495 serere
1488 2474 1496 2493 ι
1515 2461 1573 2495 sed
1589 2460 1650 2503 qui
1666 2462 1735 2493 tam
1751 2460 1845 2501 longe
1860 2468 1880 2491 a
1892 2457 2119 2491 mediocritate
2129 2455 2256 2490 recedit
2266 2481 2275 2497 ,
2292 2457 2332 2489 ut
2349 2456 2400 2490 la·
2440 2494 2442 2496 ,

1363 2521 1433 2552 tere
1455 2528 1520 2551 non
1539 2518 1659 2560 possit,
1686 2518 1715 2550 is
1730 2515 1991 2559 reprehenditur.
2016 2516 2059 2548 At
2075 2523 2156 2548 vero
2183 2515 2346 2557 quatenus
2365 2516 2399 2548 et

1365 2587 1466 2620 quam
1476 2577 1570 2619 longe
1579 2586 1598 2610 a
1613 2578 1703 2609 recto
1717 2575 1792 2618 quis
1801 2574 1963 2612 recedere,
1981 2575 2020 2606 ut
2035 2573 2255 2615 vituperetur,
2266 2571 2396 2612 debeat,

1363 2635 1514 2669 universe
1531 2635 1659 2668 definiri
1678 2643 1744 2667 non
1770 2634 1881 2676 potest
1933 2641 2038 2675 quum
2054 2639 2162 2674 neque
2186 2630 2278 2664 aliud
2299 2631 2398 2674 quid-

1362 2704 1479 2738 quam,
1505 2693 1595 2736 quod
1625 2693 1661 2726 in
1689 2692 1790 2726 rebus
1813 2689 2032 2733 sIngularibus
2061 2691 2223 2728 versatur,
2252 2689 2401 2733 aliasque

1362 2753 1458 2786 aliter
1485 2761 1520 2786 se
1546 2752 1667 2793 habet,
1695 2752 1731 2784 in
1749 2750 1942 2784 universum
1962 2747 2105 2782 describi
2123 2749 2226 2791 queat
2252 2757 2261 2780 ι
2280 2755 2401 2791 nempe

1362 2811 1551 2854 hujusmodi
1566 2820 1619 2844 res
1635 2812 1668 2844 et
1686 2810 1849 2853 singulare
1862 2807 2026 2851 judicium
2046 2807 2222 2850 requirunt
2248 2808 2283 2840 et
2299 2815 2397 2840 sensu

1361 2870 1556 2914 judicantur.
1580 2870 1722 2911 Apparet
1740 2868 1851 2911 igitur,
1871 2866 2018 2900 medium
2031 2865 2183 2898 habitum
2199 2865 2235 2898 in
2245 2865 2398 2899 omnibus

1361 2938 1433 2963 esse
1448 2928 1656 2962 laudabilem.
1670 2925 1908 2960 Declinandum
1923 2926 2035 2958 autem
2052 2925 2114 2964 est,
2133 2924 2220 2957 sicut
2236 2923 2394 2967 diximus,

1359 2997 1447 3020 nunc
1463 2987 1506 3020 ad
1527 2987 1684 3025 nimium,
1706 2994 1794 3018 nunc
1808 2984 1852 3018 ad
1871 2983 1907 3017 id
1923 2982 2015 3026 quod
2037 2984 2088 3016 est
2104 2991 2223 3025 parum
2239 2995 2249 3016 ι
2268 2982 2311 3016 ad
2323 2991 2395 3016 eam

1359 3046 1512 3080 videlicet
1529 3056 1548 3079 e
1573 3045 1703 3079 duabus
1721 3042 2007 3081 extremitatibus,
2027 3051 2103 3085 qum
2127 3041 2170 3075 ad
2187 3041 2396 3075 mediocrita-

1358 3107 1426 3139 tem
1447 3105 1582 3147 propius
1599 3104 1735 3138 accedit.
1763 3103 1818 3137 Sic
1833 3102 1920 3136 enim
1936 3104 1970 3135 et
1995 3101 2256 3134 mediocritatem
2279 3101 2312 3134 et
2329 3099 2391 3133 bo-

1358 3174 1437 3197 num
1449 3163 1603 3197 facillime
1618 3170 1863 3204 consequemur.

310 3444 326 3462 *
345 3449 482 3479 Σκοπεῒν
500 3447 534 3480 δὲ
553 3449 603 3480 δεῖ
618 3448 694 3490 πρὸς
723 3448 744 3479 ἃ
775 3448 830 3480 καὶ
850 3449 941 3480 αὐτοὶ
959 3449 1171 3491 εὐκατάφοροί
1187 3450 1284 3492 ἐσμεν
1301 3450 1371 3482 κτλ.
1398 3466 1440 3474 --
1456 3448 1491 3467 **
1516 3447 1570 3480 Ἔν
1588 3447 1685 3480 παντὶ
1701 3445 1735 3478 δὲ
1758 3445 1898 3488 μάλιστα
1914 3443 2089 3486 φυλακτέον
2112 3443 2150 3476 τὸ
2165 3443 2225 3482 ἡδὺ
2241 3443 2309 3475 κτλ.
2347 3457 2387 3465 --

267 3494 321 3515 ***
342 3495 485 3532 Χαλεπὸν
505 3495 539 3527 δὲ
553 3495 630 3532 ἴσως
651 3498 748 3528 τοῦτο
765 3497 833 3528 κτλ.

2504 607 2505 614 ᾼ
2500 553 2505 568 ..2
2497 435 2505 536 502„-
2487 359 2495 380 ‘³

2495 3248 2500 3254 .
2493 3072 2508 3191 ·v..<¹

2467 3439 2474 3460 i
