2508 3776
274 142 353 179 472

329 228 344 243 *
362 225 453 266 Ἀλλ’
470 226 493 272 ἡ
512 224 717 278 σωφροσύνη
733 223 792 263 καὶ
807 224 980 264 ἀκολασία
998 225 1080 280 περὶ
1099 226 1162 272 τὰς
1181 229 1315 281 ἀνθρω-

275 284 379 327 πικὰς
408 283 508 334 μόνον
530 283 608 321 εἰσί.
642 283 705 322 Διὸ
725 283 785 321 καὶ
814 283 859 322 τὰ
884 283 987 335 θηρία
1012 286 1051 323 οὔ
1080 286 1226 337 λέγομεν
1246 288 1316 326 σώ-

275 357 399 395 φρονα,
424 341 500 380 οὐδὲ
531 341 733 392 ἀκόλαστα,
758 343 790 379 εἰ
811 341 861 392 μή
882 357 949 381 που
972 343 1064 383 κατὰ
1095 347 1316 398 μεταφοράν,

274 400 334 437 καὶ
355 401 392 437 οὗ
409 398 545 450 κυρίως·
567 398 626 436 καὶ
648 398 723 438 τότε
744 399 778 438 δὲ
803 400 949 451 λέγομεν
971 400 1133 454 σώφρονα
1147 432 1158 452 ,
1181 404 1203 449 ἢ
1227 405 1314 444 ἀκό-

273 457 386 495 λαστα
415 456 518 507 θηρία
531 487 540 504 ,
563 456 804 509 συγκρίνοντες
822 458 907 510 πρὸς
927 458 1078 507 ἄλληλα·
1109 460 1227 512 ἔχουσι
1248 462 1316 514 γάρ

272 529 348 553 τινα
370 516 535 568 διαφορὰν
555 516 635 568 περὶ
652 517 712 560 τὰς
730 518 934 566 σωματικὰς
949 518 1086 564 ἡδονάς·
1104 519 1165 558 καὶ
1186 520 1230 559 τὰ
1253 520 1316 570 μὲν

273 575 405 624 μᾶλλον
440 575 602 628 χαίρουσι
622 581 693 619 τοῖς
712 576 896 627 τοιούτοις,
920 577 964 615 τὰ
989 577 1024 615 δὲ
1046 572 1171 625 ἧττον,
1192 581 1317 632 κυρίως

273 632 307 671 δὲ
341 635 378 671 οὐ
408 635 569 685 λέγονται
588 633 769 673 ἀκόλαστα
796 634 819 681 ἢ
853 634 1036 688 σώφρονα,
1071 632 1133 674 ὅτι”
1157 639 1318 687 οὐδαμῶς

271 692 391 745 ἔχουσι
421 694 522 744 λόγον
535 723 544 741 ,
566 694 657 731 ἀλλὰ
673 696 790 741 πάντη
807 701 821 718 ⁸
838 698 899 741 τῆς
919 695 1054 747 φύσεως
1081 695 1211 744 ταύτης
1237 699 1316 751 ἀφέ.

272 767 419 800 στηκεν,
440 751 560 805 ὥσπερ
581 755 611 790 οἱ
634 752 836 803 μαινόμενοι
857 755 925 792 τῶν
947 753 1154 806 ἀνθρώπων.

324 810 361 830 **
383 810 449 849 Διὰ
466 815 565 850 τοῦτο
584 811 644 850 καὶ
660 811 801 850 ἔλαττον
825 812 930 852 κακὸν
947 815 969 859 ἡ
993 814 1154 864 θηριότης
1174 817 1236 861 τῆς
1257 816 1317 854 ἀν-

271 874 444 923 θρωπίνης
464 874 614 924 κακίας,
647 871 669 920 ἢ
701 874 762 913 καὶ
794 874 1046 927 φοὸερώτερον.
1085 875 1134 916 Ἡ
1163 875 1225 926 μὲν
1250 877 1316 929 γὰρ

271 932 472 983 ἀνθρωπίνη
504 932 613 970 κακία
635 933 674 970 τὸ
708 933 888 984 βέλτιστον
909 936 977 972 τῶν
1014 936 1049 973 ἐν
1070 938 1120 988 τῷ
1142 935 1318 989 ἀνθρώπῳ

271 989 478 1042 διαφθείρει,
503 990 608 1036 δῆλον
628 990 680 1029 ὅτι
698 998 713 1022 b
735 992 792 1031 τὸν
812 994 935 1044 λόγον,
968 997 989 1041 ἡ
1014 994 1049 1032 δὲ
1072 994 1232 1046 θηριότης
1252 997 1316 1033 οὐ-

271 1047 400 1097 δαμῶς·
419 1051 455 1086 οὐ
473 1048 538 1102 γὰρ
557 1049 630 1102 ἔχει
646 1051 760 1102 λόγον·
779 1050 898 1105 ὥσπερ
920 1053 979 1092 καὶ
997 1053 1036 1092 τὸ
1054 1053 1189 1107 ἄψυχον
1210 1054 1316 1093 κακὸν

270 1104 412 1144 ἔλαττον
445 1111 505 1147 τοῦ
536 1108 696 1161 ἐμψύχου
719 1114 841 1149 κακοῦ·
873 1111 912 1149 τὸ
944 1110 1012 1164 γὰρ
1032 1113 1141 1151 κακὸν
1176 1113 1216 1152 τὸ
1218 1113 1315 1185 ’ἔχον

271 1167 408 1219 ἀρχήν,
431 1167 506 1215 ἥτις
536 1169 620 1207 αὐτὸ
641 1176 750 1217 κινεῖ,
776 1169 1040 1224 βλαὸερώτερον
1063 1177 1122 1211 τοῦ
1146 1172 1196 1223 μὴ
1215 1172 1316 1224 ἔχον-

269 1240 337 1269 τος·
360 1241 399 1264 το
418 1227 486 1279 γὰρ
508 1227 672 1275 ἀκίνητον
694 1229 800 1267 κακὸν
829 1230 1052 1281 ἀνεκτότερον
1076 1234 1135 1275 τοῦ
1154 1231 1315 1280 κινουμέ-

269 1298 327 1322 νου
349 1290 477 1334 κακοῦ,
496 1286 575 1325 καθ’
597 1286 704 1325 ὅσον”
729 1287 872 1326 ἔλαττον
901 1288 1044 1327 δύναται
1079 1290 1176 1341 δρᾶν·
1196 1289 1315 1341 ὥσπερ

270 1346 328 1381 οὖν
350 1344 389 1382 τὸ
423 1344 582 1398 ἔμψυχον
602 1345 709 1384 κακὸν
739 1352 856 1398 χεῖρον
884 1351 944 1385 τοῦ
978 1347 1136 1400 ἀψύχου,
1169 1347 1259 1385 ὅτι”
1240 1363 1315 1402 εχει

271 1401 382 1454 ἀρχὴν
406 1404 440 1440 ἐν
463 1405 557 1455 αὗτῳ
577 1404 640 1451 τὴν
677 1406 813 1457 ψυχήν,
852 1405 930 1452 ἥτις
964 1405 1048 1443 αὐτὸ
1082 1410 1191 1452 κινεῖ,
1224 1405 1315 1443 ούτω

268 1473 327 1496 και
346 1460 383 1497 τὸ
411 1461 571 1511 λογικόν,
594 1461 646 1500 ὅτι
671 1477 730 1501 του
762 1461 890 1514 ἀλόγου
920 1465 1053 1512 μᾶλλον
1086 1462 1198 1515 ἀρχὴν
1215 1462 1308 1515 ἔχει,

270 1517 531 1573 βλαὸερώτερον
551 1520 612 1558 καὶ
640 1521 770 1573 χεῖρον·
802 1521 1045 1574 μυριοπλοίσια
1070 1521 1138 1573 γὰρ
1160 1520 1201 1558 ἂν
1221 1522 1313 1560 κακὰ

268 1577 444 1624 ποιήσειεν
504 1579 683 1631 ἄνθρωπος
703 1580 811 1625 κακὸς
844 1580 979 1632 θηρίου.
1020 1580 1098 1619 Καὶ·
1111 1583 1223 1619 ταῦτα
1249 1580 1311 1632 μὲν

268 1638 314 1680 εἷς
334 1641 506 1677 τοσοῦτον·
528 1638 692 1690 ἐχώμεθα
711 1639 747 1677 δὲ
768 1642 836 1678 τῶν
856 1638 1107 1692 προκειμένων.

319 1696 370 1712 ***
387 1694 492 1736 Ἔστι
509 1695 571 1746 μὲν
586 1692 643 1736 οὖν
660 1699 740 1750 περὶ
755 1697 903 1737 ἕκαστον
913 1698 1007 1750 γένος
1021 1701 1088 1737 τῶν
1102 1700 1312 1752 προειρημέ-

266 1770 331 1792 νων
350 1754 419 1793 ἷδία
441 1772 491 1798 τις
512 1755 591 1800 ἕξις.
618 1757 703 1808 Περὶ
719 1757 754 1795 δὲ
776 1757 838 1801 τὰς
862 1757 1084 1810 ἀνθρωπικὰς
1109 1757 1232 1804 ἡδονὰς
1252 1759 1311 1798 καὶ

264 1812 378 1857 λύπας
398 1812 470 1852 ἐστὶ
492 1815 554 1864 μὲν
577 1818 598 1862 ἡ
615 1815 846 1867 σωφροσύνη,
866 1818 913 1860 ὥς
934 1816 1157 1868 προείρηται,
1181 1816 1254 1855 ἐστὶ
1274 1817 1310 1856 δὲ

266 1874 287 1918 ἡ
321 1872 526 1923 ἐγκράτεια,
555 1873 614 1910 καὶ
642 1876 663 1919 ἡ
693 1875 882 1926 καρτερία,
912 1874 971 1912 καὶ
1003 1877 1039 1913 αἱ
1072 1876 1306 1926 ἀντικείμεναι

267 1928 422 1972 ταύταις·
445 1929 537 1980 ’λέγω
562 1929 597 1968 δὲ
616 1932 841 1983 ἀνθρωπικὰς
860 1931 987 1978 ἡδονὰς
1008 1931 1067 1970 καὶ
1085 1933 1211 1980 λύπας,
1230 1934 1309 1986 περὶ

267 1986 306 2031 ἃς
326 1992 347 2034 ἡ
375 1988 607 2040 σωφροσύνη,
625 1989 705 2029 ὅσαι
735 1990 806 2043 ἁφῇ
839 1990 902 2029 καὶ
933 1989 1050 2043 γεύσει
1078 1992 1306 2044 προσήκουσι.

266 2047 407 2086 Τούτων
430 2047 471 2094 δὴ
487 2049 518 2085 οἱ
542 2048 605 2098 μὲν
628 2051 802 2095 ἡττῶνται
824 2047 995 2099 μᾶλλονῆ
1026 2052 1057 2087 οἱ
1087 2050 1232 2097 πολλοί,
1250 2050 1310 2089 καὶ

267 2106 351 2158 πρὸς
372 2105 477 2150 αὐτὰς
494 2106 676 2159 φέρονται,
696 2110 741 2151 ὡς
771 2108 880 2158 ὀλίγοι
905 2107 1085 2160 μοχθηροί·
1108 2110 1139 2146 οἱ
1165 2108 1201 2146 δὲ
1222 2124 1309 2161 κρα-

266 2168 379 2202 τοῦσιν
399 2167 447 2202 ων
478 2165 508 2202 οἱ
529 2165 650 2203 πολλοὶ
671 2167 861 2212 ἡττῶνται.
898 2165 1003 2204 Ἐπεὶ
1023 2163 1058 2203 δὲ
1083 2165 1190 2204 λῦπαί
1212 2167 1300 2204 sime

266 2223 325 2261 καὶ
355 2224 477 2269 ἡδοναι
509 2226 556 2262 ὡν
579 2227 755 2271 ἡττῶνται
775 2224 835 2262 καὶ
863 2239 1072 2277 κρατουσιν,
1099 2226 1129 2263 οἵ
1153 2224 1215 2275 μὲν
1237 2228 1305 2263 τῶν

267 2282 396 2328 ἡδονῶν
417 2285 623 2334 κρατοῦντες
643 2285 820 2336 ἐγκρατεῖς
843 2283 910 2321 εἶσι
923 2283 959 2331 ,f
982 2283 1042 2322 καὶ
1063 2285 1093 2322 οἳ
1114 2282 1309 2334 ἡττώμενοι

266 2342 427 2392 ἀκρατεῖς
443 2371 453 2390 ,
475 2343 505 2379 οἱ
538 2341 573 2379 δὲ
598 2343 665 2380 τῶν
686 2343 852 2393 λυπηρῶν
882 2345 1104 2394 κρατοῦντες,
1139 2341 1228 2382 ὥστε
1256 2343 1307 2394 μὴ

266 2402 434 2438 κινεῖσθαι
455 2399 515 2438 ὑπ’
542 2402 677 2448 αὐτῶν,
708 2401 931 2454 καρτερικοί,
973 2401 1032 2440 καὶ
1062 2403 1093 2439 οἵ
1115 2401 1308 2452 ἡττώμενοι

267 2457 326 2495 καὶ
361 2458 486 2511 ῥᾳδίως
505 2485 519 2509 g
555 2460 612 2496 ὑπ’
641 2461 754 2498 αὐτῶν
792 2460 1014 2510 κινούμενοι,
1056 2460 1221 2509 μαλακοί·
1264 2460 1307 2498 τὰ

266 2517 414 2554 πλεῖστα
448 2518 483 2556 δὲ
515 2520 547 2556 οἱ
577 2518 751 2570 ἅνθρωποι
787 2518 865 2557 οὔτε
897 2519 1096 2572 καρτερικοί
1123 2520 1210 2557 εἰσιν
1229 2518 1307 2558 οὔτε

268 2576 441 2626 μαλακοί,
465 2576 554 2615 ἀλλὰ
572 2576 725 2626 μεταξύ,
745 2580 774 2616 εἷ
790 2578 849 2616 καὶ
872 2578 957 2631 πρὸς
971 2578 1010 2616 τὸ
1030 2583 1147 2630 χεῖρον
1162 2578 1304 2631 ῥέπουσι

269 2636 413 2684 μᾶλλον·
433 2635 558 2685 ὁμοίως
575 2637 611 2674 δὲ
628 2637 687 2675 καὶ
712 2638 768 2676 ἐπὶ
788 2641 856 2676 τῶν
870 2637 987 2676 ἄλλων
1008 2636 1112 2682 ἕξεων
1133 2636 1217 2690 ἔχει·
1236 2638 1301 2675 ποί-

268 2694 319 2730 λιν
341 2691 377 2730 δὲ
393 2693 577 2745 διοριστέον
597 2695 677 2746 περὶ
700 2697 813 2733 αὐτῶν
829 2696 1090 2748 ἀκριὸέστερον.

321 2751 388 2768 ****
401 2751 503 2790 Ἐπεὶ
517 2752 585 2805 γὰρ
600 2755 633 2791 αἱ
649 2753 711 2803 μὲν
728 2756 794 2792 τῶν
806 2755 937 2800 ἡδονῶν
951 2757 1140 2808 ἀναγκαῖαί
1156 2758 1254 2808 εἶσιν,
1270 2761 1307 2796 αἱ

267 2809 304 2847 δὲ
320 2810 405 2859 οὔκ,
425 2811 438 2833 ¹¹
458 2812 586 2863 ἐρρήθη
607 2812 643 2850 δὲ
665 2812 742 2864 περὶ
763 2814 874 2851 αὐτῶν
891 2814 1055 2866 πρότερον
1074 2815 1162 2860 τίνες
1186 2818 1305 2863 ἡδοναὶ

267 2868 326 2907 καὶ
344 2869 449 2920 μέχρι
469 2870 555 2913 τίνος
574 2871 762 2921 ἀναγκαῖαί
787 2873 883 2910 εἰσιν·
917 2876 952 2911 αἱ
969 2874 1005 2912 δὲ
1031 2874 1222 2927 ὑπερὸολαὶ
1242 2877 1303 2915 οὔκ

268 2927 352 2965 εἰσὶν
369 2930 574 2979 ἀναγκαῖαι,
599 2929 674 2967 οὐδὲ
696 2930 879 2982 ἐλλείψεις,
904 2933 1030 2982 ὁμοίως
1048 2935 1082 2972 δὲ
1104 2935 1164 2973 καὶ
1181 2938 1216 2974 αἱ
1230 2939 1304 2975 ἐπι-

267 2986 387 3037 θυμίαι
413 2986 475 3024 καὶ
503 2991 538 3026 αἱ
571 2989 680 3026 λῦπαι
711 2988 894 3040 ἔχουσιν·ὁ
922 2993 984 3041 μὲν
1018 2993 1081 3036 τὰς
1112 2995 1307 3045 ὑπερὸολὰς

268 3045 401 3083 διώκων
418 3047 486 3084 τῶν
506 3047 659 3096 ἡδονῶν,
683 3048 742 3085 καὶ
759 3048 781 3095 ἢ
798 3050 858 3093 τὰς
876 3051 975 3102 φύσει
995 3053 1149 3102 μεγάλας
1172 3053 1226 3092 ἀεὶ
1246 3056 1306 3102 ζη-

268 3107 335 3142 τῶν
355 3104 500 3153 ἡδονάς,
521 3103 543 3150 ἢ
562 3104 623 3148 τὰς
650 3105 749 3157 φύσει
777 3109 917 3160 μετρίας
942 3111 1226 3162 ὓπερὸαλλόντως
1246 3115 1306 3160 ζη-

267 3165 352 3211 τῶν,
368 3163 434 3215 οὗχ
453 3162 636 3213 ἑλκόμενος
652 3165 772 3215 βιαίως
792 3181 864 3210 πως
880 3169 936 3205 ὑπ’
953 3170 1064 3206 αὐτῶν
1078 3199 1087 3216 ,
1105 3168 1195 3207 ἀλλὰ
1218 3170 1307 3219 μετὰ

1126 138 1408 182 ANDRONICI
1435 141 1620 183 RHODII

1419 237 1461 268 At
1486 236 1520 268 in
1543 236 1698 271 humanis
1724 239 1942 281 temperantia
1958 242 2089 276 tantum
2109 244 2143 276 et
2169 243 2450 288 intemperantia·
2474 220 2475 223 Ἴ

1378 294 1541 325 versatur.
1569 295 1778 336 Quapropter
1801 298 1835 328 et
1862 295 1950 329 feras
1977 307 2038 331 nec
2067 302 2290 342 temperantes
2311 311 2418 346 neque

1377 345 1632 390 intemperantes
1655 349 1815 388 dicimus,
1835 350 1898 384 nisi
1926 351 2012 386 forte
2036 353 2193 396 figurate,
2222 366 2287 389 non
2309 358 2420 391 autem

1377 405 1530 448 proprie
1552 416 1590 439 ac
1606 409 1678 440 tum
1698 407 1786 441 feras
1805 408 1891 442 inter
1919 419 1955 443 se
1971 414 2178 454 comparatas
2198 416 2422 457 temperantes

1378 466 1436 496 aut
1455 464 1710 508 intemperantes
1735 467 1939 510 appellamus
1957 481 1965 501 .'
1988 479 2064 503 nam
2085 473 2120 504 et
2141 472 2228 512 illae,
2256 475 2419 516 quantum

1378 523 1420 556 ad
1435 526 1580 566 corporis
1602 527 1807 569 voluptates,
1829 529 1940 571 aliquo
1962 530 2061 563 modo
2078 530 2164 565 inter
2183 542 2220 566 se
2232 532 2392 568 differunt
2409 545 2419 566 ε

1378 580 1542 623 siquidem
1563 583 1637 616 aliae
1653 585 1776 626 magis,
1792 584 1864 617 aliae
1884 585 1994 619 minus
2017 587 2139 620 talibus
2155 588 2320 630 gaudent,
2337 598 2420 633 pro-

1378 635 1447 677 prie
1461 639 1571 670 autem
1595 647 1701 681 neque
1724 639 1980 682 intemperantes
1999 651 2059 674 nec
2074 645 2300 686 temperantes
2313 644 2421 679 nomi-

1379 698 1510 737 nantur,
1525 698 1603 740 quia
1619 708 1828 743 nequaquam
1850 701 1977 734 ratione
1993 705 2071 735 sunt
2089 703 2255 745 praeditae,
2275 703 2335 739 sed
2345 713 2419 739 om-

1378 755 1455 788 nino
1467 756 1509 789 ab
1526 757 1589 790 hac
1604 761 1721 792 natura
1738 759 1959 801 desciverunt,
1976 762 2062 795 sicut
2076 763 2224 798 homines
2239 764 2356 800 insani.

1420 816 1638 852 Quamobrem
1660 817 1769 850 minus
1786 828 1920 862 quoque
1943 820 2068 852 malum
2098 820 2213 854 feritas
2229 823 2293 862 est.
2315 830 2416 865 quam

1379 868 1542 902 vitiositas
1565 869 1725 911 humana,
1759 872 1905 914 alioquin
1937 873 2037 906 etiam
2072 874 2263 908 terribilius.
2293 874 2422 919 Quippe

1379 922 1522 955 humana
1540 921 1704 956 vitiositas
1727 923 1760 956 id
1777 925 1868 967 quod
1887 925 1920 957 in
1944 926 2076 960 homine
2093 927 2258 969 optimum
2277 929 2330 962 est
2347 937 2421 962 cor-

1378 975 1521 1016 rumpit,
1547 975 1707 1008 rationem
1733 977 1906 1017 videlicet,
1939 977 2053 1012 feritas
2075 989 2155 1013 vero
2176 979 2312 1015 minime
2329 990 2345 1014 τ’
2360 989 2421 1014 nec

1379 1028 1466 1060 enim
1485 1028 1585 1061 habet
1617 1030 1778 1063 rationem
1804 1044 1811 1063 :
1834 1033 1919 1064 sicut
1935 1036 1968 1065 et
1996 1033 2178 1067 inanimum
2203 1034 2330 1069 malum
2348 1035 2421 1068 aui-

1378 1084 1468 1113 mato
1498 1082 1586 1114 malo
1605 1083 1714 1115 minus
1743 1086 1793 1116 est
1820 1085 1945 1118 malum
1977 1097 1986 1118 τ
2016 1096 2160 1130 namque
2187 1087 2317 1121 malurn
2334 1087 2419 1122 illud

1377 1133 1466 1175 quod
1485 1133 1584 1166 habet
1603 1135 1810 1176 principium,
1832 1137 1928 1178 cujus
1940 1138 2038 1179 pulsu
2056 1138 2215 1181 agitatur,
2230 1139 2421 1174 damnosius

1378 1189 1428 1218 est
1442 1196 1480 1218 eo
1495 1187 1583 1228 quod
1607 1187 1766 1230 principio
1783 1192 1872 1221 caret
1892 1202 1901 1221 ι
1922 1190 2085 1232 siquidem
2107 1191 2283 1226 immotum
2296 1191 2421 1226 malum

1378 1242 1468 1272 moto
1481 1240 1568 1271 malo
1581 1241 1675 1272 tanto
1692 1241 1894 1275 tolerabilius
1912 1243 2064 1283 babetur,
2079 1246 2205 1286 quanto
2221 1244 2332 1278 minus
2349 1243 2420 1278 effi·

1377 1301 1450 1325 cere
1463 1294 1570 1334 potest
1601 1305 1610 1324 ι
1628 1293 1904 1333 quemadmodum
1923 1304 2000 1336 ergo
2014 1296 2140 1330 malum
2159 1297 2342 1340 animatum
2354 1297 2421 1332 ina-

1377 1345 1465 1377 nimo
1478 1345 1565 1377 malo
1581 1345 1673 1387 pejus
1699 1349 1770 1387 est,
1797 1347 1874 1389 quia
1901 1348 2098 1391 principium
2119 1350 2154 1383 in
2174 1359 2210 1385 se
2227 1361 2246 1385 a
2264 1361 2419 1396 quomo-

1378 1399 1484 1435 vetur,
1507 1397 1614 1438 ipsum
1630 1406 1747 1440 nempe
1775 1399 1938 1442 animum,
1954 1401 2054 1435 habet
2069 1413 2077 1432 ε
2092 1401 2139 1435 sic
2157 1403 2258 1437 etiam
2277 1402 2313 1438 id
2330 1404 2420 1448 qnod

1378 1449 1502 1482 ratione
1515 1452 1565 1482 est
1581 1450 1757 1492 praeditum
1768 1476 1776 1492 ,
1794 1451 1874 1494 quia
1892 1454 1997 1496 magis
2013 1464 2116 1498 quam
2136 1455 2170 1489 id
2184 1457 2276 1500 quod
2294 1459 2421 1493 ratione

1376 1505 1466 1540 caret
1482 1503 1679 1546 principium
1699 1505 1809 1543 habet,
1832 1505 2024 1541 damnosius
2037 1511 2070 1541 et
2085 1510 2180 1552 pejus
2194 1513 2270 1545 est.
2285 1511 2421 1547 infinitis
2477 1502 2481 1509 ¹

1377 1558 1465 1588 certe
1478 1555 1628 1597 partibus
1641 1557 1735 1598 pluri
1756 1558 1842 1590 mala
1856 1558 2007 1592 intulerit
2024 1560 2123 1594 homo
2139 1561 2310 1605 improbus
2319 1573 2419 1608 quam
2447 1559 2458 1565 ⁷

1377 1606 1456 1640 sera.
1473 1609 1516 1640 Et
1532 1609 1604 1641 haec
1620 1609 1754 1651 quidem
1775 1611 1962 1645 hactenus.
1985 1612 2042 1647 sed
2060 1613 2208 1658 reliqua,
2229 1625 2306 1660 qnoe
2325 1617 2420 1652 nobis

1375 1660 1541 1702 proposita
1557 1663 1651 1697 sunt
1672 1671 1919 1704 persequamur.

1417 1713 1455 1744 ln
1470 1712 1606 1754 singulis
1625 1723 1716 1755 ergo,
1746 1723 1820 1756 quae
1836 1724 1935 1758 supra
1958 1719 2307 1761 commemoravimus,
2326 1731 2419 1766 gene-

1375 1768 1467 1801 ribus
1485 1767 1604 1810 singuli
1617 1778 1749 1811 quoque
1766 1773 1844 1804 sunt
1856 1771 2000 1805 habitus.
2017 1775 2055 1806 In
2070 1774 2295 1817 voluptatibus
2307 1781 2419 1813 autem

1375 1826 1528 1859 humanis
1559 1829 1592 1859 et
1629 1826 1796 1860 doloribus
1825 1830 2065 1871 temperantia,
2083 1834 2123 1864 ut
2147 1831 2307 1878 diximus,
2338 1834 2418 1869 item

1374 1881 1573 1914 continentia
1604 1883 1638 1914 et
1656 1882 1814 1923 patientia
1844 1885 2007 1925 versatur,
2041 1887 2076 1918 et
2093 1895 2170 1928 quae
2189 1887 2244 1921 his
2259 1889 2418 1931 oppositae

1375 1939 1452 1970 sunt
1471 1948 1478 1968 ε
1501 1937 1663 1969 humanas
1685 1946 1764 1970 vero
1791 1937 1979 1980 voluptates
2005 1949 2060 1974 eas
2077 1950 2158 1977 voco
2171 1945 2204 1976 et
2223 1942 2371 1986 dolores,
2383 1946 2419 1979 in

1374 1992 1496 2035 quibus
1509 1993 1724 2035 temperantia
1744 1994 1907 2034 cernitur,
1923 2004 2000 2038 quae
2027 1994 2090 2030 sub
2108 1997 2235 2032 tactum
2253 2002 2290 2034 et
2304 2003 2418 2043 gusta-

1376 2051 1447 2081 tum
1464 2049 1597 2082 eadunt.
1623 2050 1671 2083 Ab
1692 2050 1745 2083 his
1762 2053 1874 2083 autem
1897 2051 1954 2084 alii
1967 2053 2072 2094 magis
2097 2054 2292 2098 vincuntur,
2317 2066 2417 2100 quarn

1375 2104 1512 2147 vulgus,
1548 2107 1582 2138 et
1615 2105 1657 2138 ad
1693 2115 1748 2138 eas
1782 2105 1947 2148 feruntur,
1988 2107 2075 2142 sicut
2106 2111 2203 2152 pauci
2234 2111 2379 2155 improbi
2408 2126 2416 2146 z

1374 2157 1430 2189 alii
1446 2166 1523 2189 vero
1544 2166 1599 2190 eas
1616 2160 1791 2200 superant,
1814 2168 1833 2191 a
1854 2159 1979 2201 quibus
2003 2161 2124 2203 vulgus
2152 2166 2336 2206 superatur.
2353 2165 2418 2200 Sed

1373 2218 1477 2251 quum
1493 2209 1622 2242 dolores
1636 2209 1701 2242 sint
1724 2212 1757 2242 et
1775 2210 1962 2252 voluptates
1984 2222 2004 2244 a
2025 2212 2149 2255 quibus
2166 2218 2365 2257 superantur
2384 2220 2418 2251 et

1373 2270 1457 2303 quas
1471 2263 1642 2304 superant,
1665 2262 1725 2304 qui
1742 2261 1930 2304 voluptates
1945 2267 2100 2306 superant
2119 2266 2336 2310 continentes,
2359 2269 2418 2312 qui

1373 2314 1415 2347 ab
1432 2312 1473 2346 iis
1495 2316 1693 2356 superantur
1705 2341 1712 2353 ,
1737 2314 1975 2348 incontinentes
2001 2319 2078 2350 sunt
2097 2330 2105 2350 ε
2124 2318 2184 2360 qui
2203 2327 2283 2352 vero
2298 2321 2346 2354 ita
2363 2331 2426 2356 res*

1372 2365 1528 2399 molestas
1551 2367 1709 2408 vincunt,
1731 2370 1770 2400 ut
1792 2368 1834 2400 iis
1867 2378 1931 2401 non
1954 2372 2159 2412 moveantur,
2190 2373 2352 2414 patientes
2383 2377 2417 2408 et

1373 2420 1431 2464 qui
1453 2420 1634 2453 vincuntur
1651 2419 1811 2463 facileque
1840 2421 1882 2455 iis
1899 2424 2084 2462 moventur,
2111 2424 2227 2458 molles
2249 2427 2415 2470 appellan-

1372 2476 1454 2507 tur:
1486 2474 1679 2516 plerumque
1708 2476 1818 2507 tamen
1850 2483 1958 2517 neque
1985 2475 2148 2518 patientes
2172 2486 2278 2520 neque
2300 2480 2416 2514 molles

1375 2530 1453 2561 sunt
1469 2527 1634 2567 homines,
1655 2527 1760 2560 sedin
1779 2527 1888 2561 medio
1899 2528 2036 2570 horum,
2051 2530 2205 2573 quamvis
2216 2531 2260 2565 ad
2272 2533 2416 2575 pej0rem

1371 2584 1499 2625 partem
1519 2581 1622 2623 magis
1645 2583 1781 2623 vergant
1802 2594 1810 2614 :
1826 2581 2008 2625 eodemque
2029 2583 2128 2616 modo
2140 2585 2174 2618 et
2186 2584 2222 2617 in
2239 2585 2417 2632 aliishabi-

1372 2634 1462 2667 tibus
1479 2643 1514 2667 se
1532 2642 1586 2666 res
1602 2633 1703 2667 habet
1723 2645 1732 2666 z
1752 2632 1810 2667 sed
1828 2632 1880 2666 de'
1893 2634 1937 2667 iis‘
1950 2644 2068 2668 rursus
2094 2636 2283 2672 accuratius
2299 2637 2416 2682 dispu-

1371 2687 1508 2722 tandum
1526 2687 1598 2719 erit.

1411 2749 1495 2780 Nam
1526 2746 1684 2788 quoniam
1714 2745 1903 2789 voluptates
1919 2747 1992 2780 alioe
2012 2749 2205 2782 necessariae
2225 2751 2322 2790 sunt,
2342 2752 2415 2786 aliae

1370 2823 1434 2846 non
1449 2812 1641 2846 necessariae
1660 2821 1668 2841 =
1693 2813 1705 2852 (
1707 2811 1775 2853 jam
1795 2812 1872 2842 ante
1887 2809 1974 2842 enim
1986 2818 2062 2852 quae
2075 2811 2109 2842 et
2125 2812 2291 2852 quatenus
2306 2821 2416 2846 neces-

1372 2872 1467 2906 sariae
1489 2872 1554 2905 sint
1571 2871 1758 2913 voluptates
1796 2869 1941 2903 diximus
1956 2872 1986 2909 :)
2002 2878 2116 2902 earum
2133 2878 2213 2903 vero
2235 2879 2343 2914 neque
2367 2872 2415 2906 ni-

1369 2932 1473 2964 mium
1494 2941 1599 2973 neque
1633 2940 1751 2973 parum
1775 2932 1853 2963 sunt
1881 2928 2081 2968 necessaria,
2109 2928 2291 2973 eodemque
2316 2929 2414 2964 modo
2433 2935 2436 2938 ⁴

1369 2991 1566 3033 cupiditates
1581 3000 1715 3033 quoque
1734 2992 1767 3023 et
1780 2988 1910 3022 dolores
1930 2997 1966 3021 se
1986 2987 2110 3021 habent
2128 2999 2136 3021 ε
2151 2989 2210 3031 qui
2227 2988 2414 3031 voluptates

1370 3050 1605 3083 immoderatas
1632 3049 1792 3092 sequitur,
1818 3050 1851 3081 et
1876 3049 1934 3080 aut
1958 3055 2014 3079 eas
2038 3056 2116 3090 quae
2147 3049 2266 3080 natura
2284 3057 2412 3089 magnae

1370 3114 1447 3144 sunt
1473 3120 1600 3153 semper
1628 3110 1783 3153 requirit,
1804 3111 1862 3142 aut
1886 3117 1963 3151 quae
1985 3105 2104 3140 natura
2135 3110 2213 3141 sunt
2229 3107 2412 3142 mediocres

1371 3181 1470 3214 supra
1490 3170 1625 3204 modum
1645 3170 1749 3213 petit,
1766 3169 1814 3202 ita
1842 3170 1970 3208 tamen,
2003 3169 2041 3200 ut
2066 3167 2324 3211 haudquaquam
2340 3169 2411 3202 vio-

268 3240 2409 3267 .———.-—fl——-————-—————-———-——---

307 3311 325 3328 *
342 3311 474 3344 Τούτων
494 3312 530 3344 δὲ
547 3312 618 3353 περὶ
634 3312 689 3350 τὰς
708 3314 838 3355 πρώτας
860 3315 1051 3356 σωφροσύνη
1069 3317 1137 3347 κτλ.
1156 3332 1197 3338 —
1213 3316 1247 3333 **
1268 3316 1425 3348 Ἕλαττον
1444 3317 1476 3348 δὲ
1493 3316 1638 3358 θηριότης
1655 3317 1723 3348 κτλ.
1750 3331 1792 3338 -
1810 3314 1863 3333 ***
1883 3314 1960 3356 Cap.
1981 3316 2010 3347 7.
2038 3315 2111 3357 περὶ
2137 3315 2171 3347 δὲ
2193 3314 2249 3351 τὰς
2275 3315 2314 3347 δι’
2331 3315 2409 3356 ἁφῆς

266 3359 320 3389 καὶ
336 3358 476 3398 γεύσεως
496 3360 564 3391 κτλ.

585 3376 626 3382 —
643 3359 714 3376 ****
730 3359 820 3391 Ἐπεὶ
835 3361 862 3392 δ’
881 3360 960 3391 ἔνιαι
980 3364 1042 3391 τῶν
1057 3362 1181 3399 ἡδονῶν
1200 3363 1374 3403 ἀναγκαῖαί
1392 3364 1472 3395 εἰσιν
1492 3364 1559 3395 κτλ.
