<?xml version="1.0" encoding="UTF-8"?>
<!DOCTYPE html PUBLIC "-//W3C//DTD XHTML 1.0 Transitional//EN"
    "http://www.w3.org/TR/xhtml1/DTD/xhtml1-transitional.dtd">
<html xmlns="http://www.w3.org/1999/xhtml" xml:lang="en" lang="en">
 <head>
  <title>
</title>
<meta http-equiv="Content-Type" content="text/html;charset=utf-8" />
  <meta name='ocr-system' content='tesseract 3.04.00' />
  <meta name='ocr-capabilities' content='ocr_page ocr_carea ocr_par ocr_line ocrx_word'/>
</head>
<body>
  <div class='ocr_page' id='page_1' title='image "./fragmentaphiloso03mulluoft/fragmentaphiloso03mulluoft_0026.png"; bbox 0 0 2528 3788; ppageno 0'>
   <div class='ocr_carea' id='block_1_1' title="bbox 226 200 1577 249">
    <p class='ocr_par' dir='ltr' id='par_1_1' title="bbox 226 200 1577 249">
     <span class='ocr_line' id='line_1_1' title="bbox 226 200 1577 249; baseline -0.007 0"><span class='ocrx_word' id='word_1_1' title='bbox 226 211 277 249; x_wconf 73' lang='lat'>10</span> <span class='ocrx_word' id='word_1_2' title='bbox 1019 203 1216 243; x_wconf 85' lang='lat' dir='ltr'><strong>EUSEBH</strong></span> <span class='ocrx_word' id='word_1_3' title='bbox 1246 200 1577 242; x_wconf 83' lang='lat' dir='ltr'><strong>FRAGMENTA.</strong></span> 
     </span>
    </p>
   </div>
   <div class='ocr_carea' id='block_1_2' title="bbox 226 291 1263 699">
    <p class='ocr_par' dir='ltr' id='par_1_2' title="bbox 226 291 1259 463">
     <span class='ocr_line' id='line_1_2' title="bbox 227 291 1258 344; baseline -0.006 -10"><span class='ocrx_word' id='word_1_4' title='bbox 227 295 315 344; x_wconf 70' lang='grc' dir='ltr'>αἰεὶς</span> <span class='ocrx_word' id='word_1_5' title='bbox 332 297 446 336; x_wconf 84' lang='lat' dir='ltr'>codd.</span> <span class='ocrx_word' id='word_1_6' title='bbox 461 296 528 336; x_wconf 76' lang='grc' dir='ltr'>ἀεὶ.</span> <span class='ocrx_word' id='word_1_7' title='bbox 548 317 601 323; x_wconf 89' lang='lat'>——</span> <span class='ocrx_word' id='word_1_8' title='bbox 614 299 628 317; x_wconf 78' lang='lat'>⁰</span> <span class='ocrx_word' id='word_1_9' title='bbox 647 298 705 332; x_wconf 79' lang='grc' dir='ltr'>τοῦ</span> <span class='ocrx_word' id='word_1_10' title='bbox 720 295 884 341; x_wconf 83' lang='grc' dir='ltr'>πλεῦνος;</span> <span class='ocrx_word' id='word_1_11' title='bbox 898 291 1010 331; x_wconf 88' lang='lat' dir='ltr'><strong>codd.</strong></span> <span class='ocrx_word' id='word_1_12' title='bbox 1027 293 1059 335; x_wconf 82' lang='grc' dir='ltr'>ἐς</span> <span class='ocrx_word' id='word_1_13' title='bbox 1073 294 1133 329; x_wconf 79' lang='grc' dir='ltr'>τοῦ</span> <span class='ocrx_word' id='word_1_14' title='bbox 1150 291 1258 329; x_wconf 81' lang='grc' dir='ltr'>πλεῦ-</span> 
     </span>
     <span class='ocr_line' id='line_1_3' title="bbox 226 349 1259 404; baseline -0.005 -12"><span class='ocrx_word' id='word_1_15' title='bbox 226 370 293 398; x_wconf 90' lang='grc' dir='ltr'>νος.</span> <span class='ocrx_word' id='word_1_16' title='bbox 315 378 368 385; x_wconf 93' lang='grc'>-</span> <span class='ocrx_word' id='word_1_17' title='bbox 383 355 396 377; x_wconf 75' lang='lat'><strong><em>¹</em></strong></span> <span class='ocrx_word' id='word_1_18' title='bbox 415 354 619 404; x_wconf 84' lang='grc' dir='ltr'>ἐπιθυμίην;</span> <span class='ocrx_word' id='word_1_19' title='bbox 643 353 740 391; x_wconf 89' lang='lat' dir='ltr'>libri</span> <span class='ocrx_word' id='word_1_20' title='bbox 762 350 964 402; x_wconf 81' lang='grc' dir='ltr'>ἐπιθυμίαν.</span> <span class='ocrx_word' id='word_1_21' title='bbox 987 372 1040 380; x_wconf 89' lang='grc'><strong>-</strong></span> <span class='ocrx_word' id='word_1_22' title='bbox 1054 355 1072 380; x_wconf 76' lang='lat'>⁸</span> <span class='ocrx_word' id='word_1_23' title='bbox 1086 349 1259 402; x_wconf 88' lang='grc' dir='ltr'>μεζόνως;</span> 
     </span>
     <span class='ocr_line' id='line_1_4' title="bbox 227 404 1079 463; baseline -0.006 -11"><span class='ocrx_word' id='word_1_24' title='bbox 227 414 340 452; x_wconf 87' lang='lat' dir='ltr'><strong>codd.</strong></span> <span class='ocrx_word' id='word_1_25' title='bbox 360 412 534 463; x_wconf 83' lang='grc' dir='ltr'>μειζόνως.</span> <span class='ocrx_word' id='word_1_26' title='bbox 556 434 606 442; x_wconf 89' lang='lat'>·-·</span> <span class='ocrx_word' id='word_1_27' title='bbox 622 413 642 437; x_wconf 83' lang='lat'>¹¹</span> <span class='ocrx_word' id='word_1_28' title='bbox 660 404 752 459; x_wconf 73' lang='grc' dir='ltr'>οῗδες</span> <span class='ocrx_word' id='word_1_29' title='bbox 769 411 882 450; x_wconf 89' lang='lat' dir='ltr'>codd.</span> <span class='ocrx_word' id='word_1_30' title='bbox 902 404 1007 450; x_wconf 69' lang='grc' dir='ltr'>οἶδεν.</span> <span class='ocrx_word' id='word_1_31' title='bbox 1026 432 1079 460; x_wconf 49' lang='grc' dir='ltr'>-γ-</span> 
     </span>
    </p>

    <p class='ocr_par' dir='ltr' id='par_1_3' title="bbox 229 465 1262 638">
     <span class='ocr_line' id='line_1_5' title="bbox 281 465 1262 522; baseline -0.007 -11"><span class='ocrx_word' id='word_1_32' title='bbox 281 485 330 511; x_wconf 78' lang='grc'>15.</span> <span class='ocrx_word' id='word_1_33' title='bbox 363 469 660 522; x_wconf 82' lang='grc' dir='ltr'>Φιλοχρημοιτίην</span> <span class='ocrx_word' id='word_1_34' title='bbox 677 469 801 520; x_wconf 86' lang='grc' dir='ltr'>ἄλογον</span> <span class='ocrx_word' id='word_1_35' title='bbox 818 468 863 507; x_wconf 81' lang='grc' dir='ltr'>τὰ</span> <span class='ocrx_word' id='word_1_36' title='bbox 883 468 1046 518; x_wconf 83' lang='grc' dir='ltr'>κτώμενοι</span> <span class='ocrx_word' id='word_1_37' title='bbox 1063 465 1262 506; x_wconf 72' lang='grc' dir='ltr'>ἀποὸαλλό·</span> 
     </span>
     <span class='ocr_line' id='line_1_6' title="bbox 229 524 1261 581; baseline -0.005 -13"><span class='ocrx_word' id='word_1_38' title='bbox 229 546 315 580; x_wconf 88' lang='grc' dir='ltr'>μενα</span> <span class='ocrx_word' id='word_1_39' title='bbox 339 532 470 581; x_wconf 84' lang='grc' dir='ltr'>μᾶλλον</span> <span class='ocrx_word' id='word_1_40' title='bbox 504 529 544 567; x_wconf 81' lang='grc' dir='ltr'>ἂν</span> <span class='ocrx_word' id='word_1_41' title='bbox 572 528 706 568; x_wconf 83' lang='grc' dir='ltr'>ἀνύσειε</span> <span class='ocrx_word' id='word_1_42' title='bbox 730 532 746 551; x_wconf 75' lang='lat'>⁸</span> <span class='ocrx_word' id='word_1_43' title='bbox 771 527 794 575; x_wconf 82' lang='grc' dir='ltr'>ἢ</span> <span class='ocrx_word' id='word_1_44' title='bbox 823 530 840 566; x_wconf 83' lang='grc' dir='ltr'><strong>ὃ</strong></span> <span class='ocrx_word' id='word_1_45' title='bbox 869 529 924 566; x_wconf 82' lang='grc' dir='ltr'>ἐπ’</span> <span class='ocrx_word' id='word_1_46' title='bbox 957 526 1087 579; x_wconf 69' lang='grc' dir='ltr'>ἑκάστῃ</span> <span class='ocrx_word' id='word_1_47' title='bbox 1109 525 1127 550; x_wconf 79' lang='lat'>¹²</span> <span class='ocrx_word' id='word_1_48' title='bbox 1147 524 1261 577; x_wconf 79' lang='grc' dir='ltr'>ἡμέρῃ</span> 
     </span>
     <span class='ocr_line' id='line_1_7' title="bbox 230 586 838 638; baseline -0.003 -10"><span class='ocrx_word' id='word_1_49' title='bbox 230 590 375 633; x_wconf 76' lang='grc' dir='ltr'>πλοῦτος</span> <span class='ocrx_word' id='word_1_50' title='bbox 393 588 538 631; x_wconf 81' lang='grc' dir='ltr'>ἄπλετος</span> <span class='ocrx_word' id='word_1_51' title='bbox 560 586 795 638; x_wconf 78' lang='grc' dir='ltr'>ἐπιγινόμενος</span> <span class='ocrx_word' id='word_1_52' title='bbox 810 591 838 626; x_wconf 79' lang='lat'>⁰.</span> 
     </span>
    </p>

    <p class='ocr_par' dir='ltr' id='par_1_4' title="bbox 282 643 1263 699">
     <span class='ocr_line' id='line_1_8' title="bbox 282 643 1263 699; baseline -0.005 -13"><span class='ocrx_word' id='word_1_53' title='bbox 282 649 481 699; x_wconf 83' lang='lat' dir='ltr'>(Stobaeus</span> <span class='ocrx_word' id='word_1_54' title='bbox 510 648 612 688; x_wconf 88' lang='lat' dir='ltr'>Flor.</span> <span class='ocrx_word' id='word_1_55' title='bbox 636 646 685 694; x_wconf 90' lang='lat' dir='ltr'>X,</span> <span class='ocrx_word' id='word_1_56' title='bbox 706 647 755 683; x_wconf 82' lang='lat'>30</span> <span class='ocrx_word' id='word_1_57' title='bbox 776 648 837 683; x_wconf 80' lang='grc' dir='ltr'>τοῦ</span> <span class='ocrx_word' id='word_1_58' title='bbox 869 645 988 684; x_wconf 81' lang='grc' dir='ltr'>αὐτοῦ.</span> <span class='ocrx_word' id='word_1_59' title='bbox 1019 643 1167 695; x_wconf 87' lang='lat' dir='ltr'><strong>Scripsi</strong></span> <span class='ocrx_word' id='word_1_60' title='bbox 1182 647 1197 666; x_wconf 78' lang='lat'>¹¹</span> <span class='ocrx_word' id='word_1_61' title='bbox 1223 643 1263 681; x_wconf 74' lang='grc' dir='ltr'>ἂν</span> 
     </span>
    </p>
   </div>
   <div class='ocr_carea' id='block_1_3' title="bbox 228 701 1265 877">
    <p class='ocr_par' dir='ltr' id='par_1_5' title="bbox 228 701 1265 877">
     <span class='ocr_line' id='line_1_9' title="bbox 229 701 1262 754; baseline -0.006 -9"><span class='ocrx_word' id='word_1_62' title='bbox 229 708 388 754; x_wconf 84' lang='grc' dir='ltr'>ἀνύσειε;</span> <span class='ocrx_word' id='word_1_63' title='bbox 421 706 573 744; x_wconf 86' lang='lat' dir='ltr'>codices</span> <span class='ocrx_word' id='word_1_64' title='bbox 608 703 780 743; x_wconf 82' lang='grc' dir='ltr'>ἀνύσειεν.</span> <span class='ocrx_word' id='word_1_65' title='bbox 814 729 856 735; x_wconf 88' lang='grc'>-</span> <span class='ocrx_word' id='word_1_66' title='bbox 889 702 906 726; x_wconf 68' lang='lat' dir='ltr'>b</span> <span class='ocrx_word' id='word_1_67' title='bbox 924 702 947 750; x_wconf 82' lang='grc' dir='ltr'><strong>ἢ</strong></span> <span class='ocrx_word' id='word_1_68' title='bbox 968 705 986 741; x_wconf 88' lang='grc' dir='ltr'>ὁ</span> <span class='ocrx_word' id='word_1_69' title='bbox 1019 701 1073 741; x_wconf 80' lang='grc' dir='ltr'>ἐπ’</span> <span class='ocrx_word' id='word_1_70' title='bbox 1108 701 1262 754; x_wconf 52' lang='lat' dir='ltr'>{neiat-qu</span> 
     </span>
     <span class='ocr_line' id='line_1_10' title="bbox 228 760 1265 817; baseline -0.007 -12"><span class='ocrx_word' id='word_1_71' title='bbox 228 766 341 805; x_wconf 87' lang='lat' dir='ltr'><strong>codd.</strong></span> <span class='ocrx_word' id='word_1_72' title='bbox 359 765 381 812; x_wconf 83' lang='grc' dir='ltr'>ἢ</span> <span class='ocrx_word' id='word_1_73' title='bbox 397 767 415 802; x_wconf 81' lang='grc' dir='ltr'>ὁ</span> <span class='ocrx_word' id='word_1_74' title='bbox 432 763 481 817; x_wconf 66' lang='grc' dir='ltr'>ἐφ’</span> <span class='ocrx_word' id='word_1_75' title='bbox 498 764 644 816; x_wconf 82' lang='grc' dir='ltr'>ἑκάστῃ.</span> <span class='ocrx_word' id='word_1_76' title='bbox 662 786 713 791; x_wconf 94' lang='lat'>—-</span> <span class='ocrx_word' id='word_1_77' title='bbox 732 767 746 785; x_wconf 78' lang='lat'>⁰</span> <span class='ocrx_word' id='word_1_78' title='bbox 763 760 1015 813; x_wconf 82' lang='grc' dir='ltr'>ἐπιγινόμενος;</span> <span class='ocrx_word' id='word_1_79' title='bbox 1032 760 1265 816; x_wconf 62' lang='lat' dir='ltr'>membrana)</span> 
     </span>
     <span class='ocr_line' id='line_1_11' title="bbox 230 823 520 877; baseline -0.014 -14"><span class='ocrx_word' id='word_1_80' title='bbox 230 823 520 877; x_wconf 81' lang='grc' dir='ltr'>ἐπιγιγνόμενος.)</span> 
     </span>
    </p>
   </div>
   <div class='ocr_carea' id='block_1_4' title="bbox 229 874 1270 2336">
    <p class='ocr_par' dir='ltr' id='par_1_6' title="bbox 229 874 1266 1109">
     <span class='ocr_line' id='line_1_12' title="bbox 285 874 1266 931; baseline -0.008 -10"><span class='ocrx_word' id='word_1_81' title='bbox 285 895 329 921; x_wconf 84' lang='lat'>16.</span> <span class='ocrx_word' id='word_1_82' title='bbox 350 882 401 922; x_wconf 82' lang='grc' dir='ltr'>Τὸ</span> <span class='ocrx_word' id='word_1_83' title='bbox 422 879 632 929; x_wconf 78' lang='grc' dir='ltr'>οἷκονομέειν</span> <span class='ocrx_word' id='word_1_84' title='bbox 651 879 694 917; x_wconf 82' lang='grc' dir='ltr'>τὰ</span> <span class='ocrx_word' id='word_1_85' title='bbox 710 876 886 931; x_wconf 75' lang='grc' dir='ltr'>παρεόντα</span> <span class='ocrx_word' id='word_1_86' title='bbox 911 877 1030 930; x_wconf 81' lang='grc' dir='ltr'>ἀνδρὸς</span> <span class='ocrx_word' id='word_1_87' title='bbox 1047 875 1206 928; x_wconf 82' lang='grc' dir='ltr'>προνόου·</span> <span class='ocrx_word' id='word_1_88' title='bbox 1227 874 1266 913; x_wconf 85' lang='grc' dir='ltr'>τὸ</span> 
     </span>
     <span class='ocr_line' id='line_1_13' title="bbox 230 935 1263 991; baseline -0.007 -12"><span class='ocrx_word' id='word_1_89' title='bbox 230 941 265 979; x_wconf 86' lang='grc' dir='ltr'>δὲ</span> <span class='ocrx_word' id='word_1_90' title='bbox 295 941 377 991; x_wconf 89' lang='grc' dir='ltr'>μηδ’</span> <span class='ocrx_word' id='word_1_91' title='bbox 403 939 489 982; x_wconf 81' lang='grc' dir='ltr'>ὅλως</span> <span class='ocrx_word' id='word_1_92' title='bbox 509 937 637 976; x_wconf 82' lang='grc' dir='ltr'>ἐθέλειν</span> <span class='ocrx_word' id='word_1_93' title='bbox 665 937 698 981; x_wconf 85' lang='grc' dir='ltr'>ἔς</span> <span class='ocrx_word' id='word_1_94' title='bbox 718 953 749 975; x_wconf 86' lang='grc' dir='ltr'>τι</span> <span class='ocrx_word' id='word_1_95' title='bbox 780 939 847 975; x_wconf 86' lang='grc' dir='ltr'>τῶν</span> <span class='ocrx_word' id='word_1_96' title='bbox 870 936 1014 974; x_wconf 84' lang='grc' dir='ltr'>δεόντων</span> <span class='ocrx_word' id='word_1_97' title='bbox 1037 935 1203 989; x_wconf 86' lang='grc' dir='ltr'>χρέεσθαι</span> <span class='ocrx_word' id='word_1_98' title='bbox 1225 936 1263 972; x_wconf 84' lang='grc' dir='ltr'>οὐ</span> 
     </span>
     <span class='ocr_line' id='line_1_14' title="bbox 231 993 1265 1047; baseline -0.006 -9"><span class='ocrx_word' id='word_1_99' title='bbox 231 999 406 1038; x_wconf 84' lang='grc' dir='ltr'>δεσπότεω</span> <span class='ocrx_word' id='word_1_100' title='bbox 427 1000 493 1036; x_wconf 82' lang='grc' dir='ltr'>τῶν</span> <span class='ocrx_word' id='word_1_101' title='bbox 512 996 704 1044; x_wconf 88' lang='grc' dir='ltr'>κτηθέντων</span> <span class='ocrx_word' id='word_1_102' title='bbox 719 1027 729 1045; x_wconf 85' lang='grc'>.,</span> <span class='ocrx_word' id='word_1_103' title='bbox 748 994 1098 1047; x_wconf 82' lang='grc' dir='ltr'>καταδεδουλωμένου</span> <span class='ocrx_word' id='word_1_104' title='bbox 1118 993 1154 1032; x_wconf 77' lang='grc' dir='ltr'>δὲ</span> <span class='ocrx_word' id='word_1_105' title='bbox 1181 996 1265 1032; x_wconf 81' lang='grc' dir='ltr'>ἑωυ-</span> 
     </span>
     <span class='ocr_line' id='line_1_15' title="bbox 229 1052 884 1109; baseline -0.008 -13"><span class='ocrx_word' id='word_1_106' title='bbox 229 1059 287 1096; x_wconf 81' lang='grc' dir='ltr'>τὸν</span> <span class='ocrx_word' id='word_1_107' title='bbox 309 1060 377 1096; x_wconf 87' lang='grc' dir='ltr'>τῶν</span> <span class='ocrx_word' id='word_1_108' title='bbox 405 1057 598 1109; x_wconf 85' lang='grc' dir='ltr'>χρημάτων</span> <span class='ocrx_word' id='word_1_109' title='bbox 619 1054 693 1092; x_wconf 72' lang='grc' dir='ltr'>ἐστὶ</span> <span class='ocrx_word' id='word_1_110' title='bbox 707 1057 750 1106; x_wconf 83' lang='grc' dir='ltr'>τῇ</span> <span class='ocrx_word' id='word_1_111' title='bbox 769 1052 884 1100; x_wconf 81' lang='grc' dir='ltr'>κτήσι.</span> 
     </span>
    </p>

    <p class='ocr_par' dir='ltr' id='par_1_7' title="bbox 229 1111 1268 1576">
     <span class='ocr_line' id='line_1_16' title="bbox 288 1111 1268 1167; baseline -0.005 -13"><span class='ocrx_word' id='word_1_112' title='bbox 288 1116 486 1167; x_wconf 87' lang='lat' dir='ltr'>(Stobaeus</span> <span class='ocrx_word' id='word_1_113' title='bbox 508 1115 610 1154; x_wconf 88' lang='lat' dir='ltr'>Flor.</span> <span class='ocrx_word' id='word_1_114' title='bbox 633 1114 681 1161; x_wconf 84' lang='lat' dir='ltr'>X,</span> <span class='ocrx_word' id='word_1_115' title='bbox 704 1113 836 1151; x_wconf 80' lang='lat'>31-32.</span> <span class='ocrx_word' id='word_1_116' title='bbox 854 1117 911 1151; x_wconf 78' lang='grc' dir='ltr'>τοῦ</span> <span class='ocrx_word' id='word_1_117' title='bbox 933 1114 1049 1152; x_wconf 79' lang='grc' dir='ltr'>αὐτοῦ.</span> <span class='ocrx_word' id='word_1_118' title='bbox 1071 1111 1268 1162; x_wconf 86' lang='lat' dir='ltr'>Conjunxi</span> 
     </span>
     <span class='ocr_line' id='line_1_17' title="bbox 229 1171 1267 1225; baseline -0.004 -12"><span class='ocrx_word' id='word_1_119' title='bbox 229 1185 437 1225; x_wconf 89' lang='lat' dir='ltr'>utrumque</span> <span class='ocrx_word' id='word_1_120' title='bbox 458 1174 714 1223; x_wconf 80' lang='lat' dir='ltr'>fragmentum</span> <span class='ocrx_word' id='word_1_121' title='bbox 735 1172 900 1223; x_wconf 78' lang='lat' dir='ltr'><strong>receptis</strong></span> <span class='ocrx_word' id='word_1_122' title='bbox 925 1172 1067 1210; x_wconf 83' lang='lat' dir='ltr'>Halmii</span> <span class='ocrx_word' id='word_1_123' title='bbox 1086 1171 1267 1209; x_wconf 85' lang='lat' dir='ltr'>emenda-</span> 
     </span>
     <span class='ocr_line' id='line_1_18' title="bbox 229 1230 1266 1272; baseline -0.004 0"><span class='ocrx_word' id='word_1_124' title='bbox 229 1234 414 1272; x_wconf 86' lang='lat' dir='ltr'>tionibus.</span> <span class='ocrx_word' id='word_1_125' title='bbox 440 1234 563 1270; x_wconf 82' lang='lat' dir='ltr'><strong>Antea</strong></span> <span class='ocrx_word' id='word_1_126' title='bbox 585 1232 688 1270; x_wconf 90' lang='lat' dir='ltr'>enim</span> <span class='ocrx_word' id='word_1_127' title='bbox 708 1231 816 1268; x_wconf 89' lang='lat' dir='ltr'>locus</span> <span class='ocrx_word' id='word_1_128' title='bbox 839 1231 896 1268; x_wconf 89' lang='lat' dir='ltr'>sic</span> <span class='ocrx_word' id='word_1_129' title='bbox 923 1231 1108 1268; x_wconf 85' lang='lat' dir='ltr'><strong>edebatur</strong></span> <span class='ocrx_word' id='word_1_130' title='bbox 1132 1244 1140 1268; x_wconf 91' lang='lat'>:</span> <span class='ocrx_word' id='word_1_131' title='bbox 1163 1230 1203 1268; x_wconf 83' lang='grc' dir='ltr'>τὸ</span> <span class='ocrx_word' id='word_1_132' title='bbox 1218 1231 1266 1268; x_wconf 88' lang='grc' dir='ltr'>οἷ-</span> 
     </span>
     <span class='ocr_line' id='line_1_19' title="bbox 229 1288 1267 1343; baseline -0.005 -12"><span class='ocrx_word' id='word_1_133' title='bbox 229 1292 407 1342; x_wconf 84' lang='grc' dir='ltr'>κονομέειν</span> <span class='ocrx_word' id='word_1_134' title='bbox 430 1291 472 1329; x_wconf 85' lang='grc' dir='ltr'>τὰ</span> <span class='ocrx_word' id='word_1_135' title='bbox 493 1290 665 1343; x_wconf 79' lang='grc' dir='ltr'>παρεόντα</span> <span class='ocrx_word' id='word_1_136' title='bbox 695 1289 815 1341; x_wconf 85' lang='grc' dir='ltr'>ἀνδρὸς</span> <span class='ocrx_word' id='word_1_137' title='bbox 841 1289 1009 1341; x_wconf 86' lang='grc' dir='ltr'>προνόου,</span> <span class='ocrx_word' id='word_1_138' title='bbox 1044 1288 1083 1327; x_wconf 82' lang='grc' dir='ltr'>τὸ</span> <span class='ocrx_word' id='word_1_139' title='bbox 1113 1289 1148 1326; x_wconf 85' lang='grc' dir='ltr'>δὲ</span> <span class='ocrx_word' id='word_1_140' title='bbox 1186 1289 1267 1340; x_wconf 83' lang='grc' dir='ltr'>μηδ’</span> 
     </span>
     <span class='ocr_line' id='line_1_20' title="bbox 229 1347 1267 1399; baseline -0.003 -10"><span class='ocrx_word' id='word_1_141' title='bbox 229 1352 316 1395; x_wconf 78' lang='grc' dir='ltr'>ὅλως</span> <span class='ocrx_word' id='word_1_142' title='bbox 337 1350 463 1388; x_wconf 80' lang='grc' dir='ltr'>ἐθέλειν</span> <span class='ocrx_word' id='word_1_143' title='bbox 483 1349 555 1388; x_wconf 83' lang='grc' dir='ltr'>ἐστὶ</span> <span class='ocrx_word' id='word_1_144' title='bbox 574 1351 640 1386; x_wconf 81' lang='grc' dir='ltr'>τῶν</span> <span class='ocrx_word' id='word_1_145' title='bbox 669 1347 812 1386; x_wconf 81' lang='grc' dir='ltr'>δεόντων</span> <span class='ocrx_word' id='word_1_146' title='bbox 842 1347 1019 1399; x_wconf 83' lang='grc' dir='ltr'>χρέεσθαι.</span> <span class='ocrx_word' id='word_1_147' title='bbox 1090 1347 1267 1386; x_wconf 82' lang='grc' dir='ltr'>Οὐδέποτε</span> 
     </span>
     <span class='ocr_line' id='line_1_21' title="bbox 230 1405 1267 1455; baseline -0.004 -7"><span class='ocrx_word' id='word_1_148' title='bbox 230 1413 298 1448; x_wconf 78' lang='grc' dir='ltr'>τῶν</span> <span class='ocrx_word' id='word_1_149' title='bbox 327 1407 539 1455; x_wconf 84' lang='grc' dir='ltr'>κτηθέντων,</span> <span class='ocrx_word' id='word_1_150' title='bbox 574 1406 926 1455; x_wconf 88' lang='grc' dir='ltr'>καταδεδουλωμένου</span> <span class='ocrx_word' id='word_1_151' title='bbox 957 1406 993 1443; x_wconf 85' lang='grc' dir='ltr'>δὲ</span> <span class='ocrx_word' id='word_1_152' title='bbox 1030 1405 1159 1444; x_wconf 84' lang='grc' dir='ltr'>ἑωυτὸν</span> <span class='ocrx_word' id='word_1_153' title='bbox 1196 1408 1267 1444; x_wconf 79' lang='grc' dir='ltr'>τῶν</span> 
     </span>
     <span class='ocr_line' id='line_1_22' title="bbox 230 1464 1268 1520; baseline -0.001 -16"><span class='ocrx_word' id='word_1_154' title='bbox 230 1467 425 1520; x_wconf 80' lang='grc' dir='ltr'>χρημάτων</span> <span class='ocrx_word' id='word_1_155' title='bbox 454 1469 498 1518; x_wconf 81' lang='grc' dir='ltr'>τῇ</span> <span class='ocrx_word' id='word_1_156' title='bbox 524 1466 657 1512; x_wconf 84' lang='grc' dir='ltr'>κτήσει.</span> <span class='ocrx_word' id='word_1_157' title='bbox 691 1465 882 1502; x_wconf 72' lang='lat' dir='ltr'>Praeterea</span> <span class='ocrx_word' id='word_1_158' title='bbox 907 1478 979 1515; x_wconf 89' lang='lat' dir='ltr'>pro</span> <span class='ocrx_word' id='word_1_159' title='bbox 1005 1464 1125 1511; x_wconf 75' lang='grc' dir='ltr'>κτήσει</span> <span class='ocrx_word' id='word_1_160' title='bbox 1154 1466 1268 1516; x_wconf 87' lang='lat' dir='ltr'>posui</span> 
     </span>
     <span class='ocr_line' id='line_1_23' title="bbox 229 1524 446 1576; baseline -0.005 -12"><span class='ocrx_word' id='word_1_161' title='bbox 229 1526 343 1572; x_wconf 69' lang='grc' dir='ltr'>κτήσι.</span> <span class='ocrx_word' id='word_1_162' title='bbox 368 1524 446 1576; x_wconf 92' lang='lat'><em>—-—)</em></span> 
     </span>
    </p>

    <p class='ocr_par' dir='ltr' id='par_1_8' title="bbox 229 1581 1269 1805">
     <span class='ocr_line' id='line_1_24' title="bbox 284 1581 1269 1635; baseline -0.001 -13"><span class='ocrx_word' id='word_1_163' title='bbox 284 1598 329 1624; x_wconf 88' lang='lat'>17.</span> <span class='ocrx_word' id='word_1_164' title='bbox 364 1586 410 1623; x_wconf 86' lang='grc' dir='ltr'>Οἱ</span> <span class='ocrx_word' id='word_1_165' title='bbox 431 1584 571 1626; x_wconf 78' lang='grc' dir='ltr'>πλεῦνες</span> <span class='ocrx_word' id='word_1_166' title='bbox 589 1583 656 1619; x_wconf 79' lang='grc' dir='ltr'>τῶν</span> <span class='ocrx_word' id='word_1_167' title='bbox 679 1581 867 1634; x_wconf 84' lang='grc' dir='ltr'>ἀνθρώπων</span> <span class='ocrx_word' id='word_1_168' title='bbox 888 1581 988 1634; x_wconf 83' lang='grc' dir='ltr'>παρὰ</span> <span class='ocrx_word' id='word_1_169' title='bbox 1019 1582 1123 1634; x_wconf 88' lang='grc' dir='ltr'>λόγον</span> <span class='ocrx_word' id='word_1_170' title='bbox 1147 1582 1269 1635; x_wconf 82' lang='grc' dir='ltr'>φειδό-</span> 
     </span>
     <span class='ocr_line' id='line_1_25' title="bbox 231 1638 1268 1692; baseline -0.003 -13"><span class='ocrx_word' id='word_1_171' title='bbox 231 1657 326 1692; x_wconf 90' lang='grc' dir='ltr'>μενοι</span> <span class='ocrx_word' id='word_1_172' title='bbox 346 1641 478 1686; x_wconf 77' lang='grc' dir='ltr'>ἀξιεῦσι</span> <span class='ocrx_word' id='word_1_173' title='bbox 496 1639 766 1692; x_wconf 76' lang='grc' dir='ltr'>πολυχρήματοι</span> <span class='ocrx_word' id='word_1_174' title='bbox 780 1638 1047 1689; x_wconf 82' lang='grc' dir='ltr'>πεπιστευμένοι</span> <span class='ocrx_word' id='word_1_175' title='bbox 1065 1639 1192 1684; x_wconf 89' lang='grc' dir='ltr'>ἠλίθιοι</span> <span class='ocrx_word' id='word_1_176' title='bbox 1210 1639 1268 1677; x_wconf 79' lang='grc' dir='ltr'>καὶ</span> 
     </span>
     <span class='ocr_line' id='line_1_26' title="bbox 229 1696 1268 1750; baseline -0.003 -12"><span class='ocrx_word' id='word_1_177' title='bbox 229 1700 344 1738; x_wconf 78' lang='grc' dir='ltr'>σκαιοὶ</span> <span class='ocrx_word' id='word_1_178' title='bbox 376 1699 576 1750; x_wconf 85' lang='grc' dir='ltr'>νομίζεσθαι</span> <span class='ocrx_word' id='word_1_179' title='bbox 602 1697 623 1744; x_wconf 84' lang='grc' dir='ltr'>ἢ</span> <span class='ocrx_word' id='word_1_180' title='bbox 651 1698 731 1750; x_wconf 86' lang='grc' dir='ltr'>περὶ</span> <span class='ocrx_word' id='word_1_181' title='bbox 754 1698 798 1737; x_wconf 84' lang='grc' dir='ltr'>τὰ</span> <span class='ocrx_word' id='word_1_182' title='bbox 828 1700 878 1736; x_wconf 83' lang='grc' dir='ltr'>δεῖ</span> <span class='ocrx_word' id='word_1_183' title='bbox 903 1697 1146 1741; x_wconf 86' lang='grc' dir='ltr'>ἀναλίσκοντες</span> <span class='ocrx_word' id='word_1_184' title='bbox 1166 1696 1268 1741; x_wconf 82' lang='grc' dir='ltr'>δεξιοὶ</span> 
     </span>
     <span class='ocr_line' id='line_1_27' title="bbox 229 1760 432 1805; baseline 0 -8"><span class='ocrx_word' id='word_1_185' title='bbox 229 1760 432 1805; x_wconf 73' lang='grc' dir='ltr'>κεκλῆσθαι.</span> 
     </span>
    </p>

    <p class='ocr_par' dir='ltr' id='par_1_9' title="bbox 231 1815 1269 2042">
     <span class='ocr_line' id='line_1_28' title="bbox 247 1815 1268 1868; baseline -0.001 -13"><span class='ocrx_word' id='word_1_186' title='bbox 247 1840 250 1845; x_wconf 98' lang='grc'>-</span> <span class='ocrx_word' id='word_1_187' title='bbox 285 1818 485 1868; x_wconf 83' lang='lat' dir='ltr'>(Stobaeus</span> <span class='ocrx_word' id='word_1_188' title='bbox 526 1817 631 1854; x_wconf 89' lang='lat' dir='ltr'>Flor.</span> <span class='ocrx_word' id='word_1_189' title='bbox 668 1815 713 1862; x_wconf 90' lang='lat' dir='ltr'>X,</span> <span class='ocrx_word' id='word_1_190' title='bbox 761 1817 824 1855; x_wconf 83' lang='lat'>33.</span> <span class='ocrx_word' id='word_1_191' title='bbox 863 1815 1011 1866; x_wconf 82' lang='lat' dir='ltr'>Scripsi</span> <span class='ocrx_word' id='word_1_192' title='bbox 1055 1815 1268 1868; x_wconf 73' lang='grc' dir='ltr'>φειδόμενοι;</span> 
     </span>
     <span class='ocr_line' id='line_1_29' title="bbox 231 1874 1267 1928; baseline -0.003 -14"><span class='ocrx_word' id='word_1_193' title='bbox 231 1877 351 1925; x_wconf 79' lang='lat' dir='ltr'>vulgo</span> <span class='ocrx_word' id='word_1_194' title='bbox 368 1874 717 1928; x_wconf 71' lang='grc' dir='ltr'>φιλεύμενοι.Νθ(]ιιθ</span> <span class='ocrx_word' id='word_1_195' title='bbox 729 1875 831 1911; x_wconf 87' lang='lat' dir='ltr'>enim</span> <span class='ocrx_word' id='word_1_196' title='bbox 847 1887 932 1911; x_wconf 90' lang='lat' dir='ltr'>cum</span> <span class='ocrx_word' id='word_1_197' title='bbox 949 1874 1203 1912; x_wconf 84' lang='lat' dir='ltr'>Valckenario</span> <span class='ocrx_word' id='word_1_198' title='bbox 1223 1875 1267 1911; x_wconf 90' lang='lat' dir='ltr'>ad</span> 
     </span>
     <span class='ocr_line' id='line_1_30' title="bbox 233 1932 1269 1984; baseline -0.001 -12"><span class='ocrx_word' id='word_1_199' title='bbox 233 1935 418 1974; x_wconf 84' lang='lat' dir='ltr'>Herodot.</span> <span class='ocrx_word' id='word_1_200' title='bbox 439 1932 510 1973; x_wconf 88' lang='lat' dir='ltr'>lib.</span> <span class='ocrx_word' id='word_1_201' title='bbox 532 1932 620 1972; x_wconf 87' lang='lat' dir='ltr'>VIII</span> <span class='ocrx_word' id='word_1_202' title='bbox 642 1946 726 1983; x_wconf 86' lang='lat' dir='ltr'>cap.</span> <span class='ocrx_word' id='word_1_203' title='bbox 765 1947 809 1970; x_wconf 87' lang='lat'>10</span> <span class='ocrx_word' id='word_1_204' title='bbox 840 1934 1104 1984; x_wconf 86' lang='lat' dir='ltr'>reponendum</span> <span class='ocrx_word' id='word_1_205' title='bbox 1133 1933 1269 1983; x_wconf 81' lang='grc' dir='ltr'>φειδεύ-</span> 
     </span>
     <span class='ocr_line' id='line_1_31' title="bbox 233 1990 937 2042; baseline -0.003 -12"><span class='ocrx_word' id='word_1_206' title='bbox 233 2007 343 2042; x_wconf 88' lang='grc' dir='ltr'>μενοι,</span> <span class='ocrx_word' id='word_1_207' title='bbox 367 1991 470 2042; x_wconf 88' lang='lat' dir='ltr'>quod</span> <span class='ocrx_word' id='word_1_208' title='bbox 487 2004 565 2028; x_wconf 93' lang='lat' dir='ltr'>non</span> <span class='ocrx_word' id='word_1_209' title='bbox 585 1998 642 2028; x_wconf 87' lang='lat' dir='ltr'>est</span> <span class='ocrx_word' id='word_1_210' title='bbox 660 1990 846 2028; x_wconf 90' lang='lat' dir='ltr'>ionicum.</span> <span class='ocrx_word' id='word_1_211' title='bbox 863 1991 937 2037; x_wconf 89' lang='lat'>—)</span> 
     </span>
    </p>

    <p class='ocr_par' dir='ltr' id='par_1_10' title="bbox 230 2047 1270 2336">
     <span class='ocr_line' id='line_1_32' title="bbox 288 2047 1269 2101; baseline -0.002 -11"><span class='ocrx_word' id='word_1_212' title='bbox 288 2065 337 2090; x_wconf 83' lang='lat'>18.</span> <span class='ocrx_word' id='word_1_213' title='bbox 369 2050 544 2089; x_wconf 82' lang='grc' dir='ltr'>Πλούσιον</span> <span class='ocrx_word' id='word_1_214' title='bbox 565 2048 633 2100; x_wconf 74' lang='grc' dir='ltr'>χρὴ</span> <span class='ocrx_word' id='word_1_215' title='bbox 661 2050 810 2098; x_wconf 87' lang='grc' dir='ltr'>νομίζειν</span> <span class='ocrx_word' id='word_1_216' title='bbox 831 2048 888 2087; x_wconf 86' lang='grc' dir='ltr'>τὸν</span> <span class='ocrx_word' id='word_1_217' title='bbox 910 2047 1096 2100; x_wconf 83' lang='grc' dir='ltr'>ἡγεόμενον</span> <span class='ocrx_word' id='word_1_218' title='bbox 1114 2048 1205 2101; x_wconf 84' lang='grc' dir='ltr'>ἔχειν</span> <span class='ocrx_word' id='word_1_219' title='bbox 1225 2049 1269 2088; x_wconf 85' lang='grc' dir='ltr'>τὰ</span> 
     </span>
     <span class='ocr_line' id='line_1_33' title="bbox 234 2106 1270 2160; baseline 0.002 -15"><span class='ocrx_word' id='word_1_220' title='bbox 234 2108 414 2160; x_wconf 83' lang='grc' dir='ltr'>ἀρκέοντα·</span> <span class='ocrx_word' id='word_1_221' title='bbox 444 2107 502 2145; x_wconf 79' lang='grc' dir='ltr'>τὸν</span> <span class='ocrx_word' id='word_1_222' title='bbox 523 2107 559 2145; x_wconf 82' lang='grc' dir='ltr'>δὲ</span> <span class='ocrx_word' id='word_1_223' title='bbox 588 2106 656 2144; x_wconf 84' lang='grc' dir='ltr'>αἰεὶ</span> <span class='ocrx_word' id='word_1_224' title='bbox 675 2111 689 2128; x_wconf 72' lang='lat'>‘¹</span> <span class='ocrx_word' id='word_1_225' title='bbox 720 2106 948 2158; x_wconf 76' lang='grc' dir='ltr'>ἐπιθυμέοντα</span> <span class='ocrx_word' id='word_1_226' title='bbox 981 2109 1270 2159; x_wconf 83' lang='grc' dir='ltr'>προσκτήσασθαι</span> 
     </span>
     <span class='ocr_line' id='line_1_34' title="bbox 232 2164 1267 2218; baseline 0.001 -13"><span class='ocrx_word' id='word_1_227' title='bbox 232 2168 291 2205; x_wconf 83' lang='grc' dir='ltr'>καὶ</span> <span class='ocrx_word' id='word_1_228' title='bbox 311 2167 496 2218; x_wconf 81' lang='grc' dir='ltr'>πληθώρην</span> <span class='ocrx_word' id='word_1_229' title='bbox 519 2164 686 2214; x_wconf 87' lang='grc' dir='ltr'>μηδέκοτε</span> <span class='ocrx_word' id='word_1_230' title='bbox 704 2164 721 2188; x_wconf 68' lang='lat' dir='ltr'>b</span> <span class='ocrx_word' id='word_1_231' title='bbox 740 2169 799 2203; x_wconf 77' lang='grc' dir='ltr'>τοῦ</span> <span class='ocrx_word' id='word_1_232' title='bbox 820 2166 967 2205; x_wconf 83' lang='grc' dir='ltr'>πλούτου</span> <span class='ocrx_word' id='word_1_233' title='bbox 985 2171 999 2189; x_wconf 81' lang='lat'><strong>⁰</strong></span> <span class='ocrx_word' id='word_1_234' title='bbox 1023 2167 1267 2218; x_wconf 74' lang='grc' dir='ltr'>λαμὸάνοντα,</span> 
     </span>
     <span class='ocr_line' id='line_1_35' title="bbox 232 2223 1266 2275; baseline 0 -11"><span class='ocrx_word' id='word_1_235' title='bbox 232 2226 289 2264; x_wconf 75' lang='grc' dir='ltr'>καὶ</span> <span class='ocrx_word' id='word_1_236' title='bbox 310 2227 339 2264; x_wconf 89' lang='grc' dir='ltr'>εἷ</span> <span class='ocrx_word' id='word_1_237' title='bbox 361 2226 482 2264; x_wconf 87' lang='grc' dir='ltr'>Μίδεω</span> <span class='ocrx_word' id='word_1_238' title='bbox 502 2223 519 2246; x_wconf 80' lang='lat'>‘¹</span> <span class='ocrx_word' id='word_1_239' title='bbox 540 2225 701 2263; x_wconf 81' lang='grc' dir='ltr'>πλοιιτέοι</span> <span class='ocrx_word' id='word_1_240' title='bbox 727 2226 880 2275; x_wconf 84' lang='grc' dir='ltr'>μᾶλλον,</span> <span class='ocrx_word' id='word_1_241' title='bbox 903 2225 1040 2271; x_wconf 88' lang='grc' dir='ltr'>πένητα</span> <span class='ocrx_word' id='word_1_242' title='bbox 1072 2226 1188 2264; x_wconf 84' lang='grc' dir='ltr'>καλέω</span> <span class='ocrx_word' id='word_1_243' title='bbox 1208 2227 1266 2264; x_wconf 84' lang='grc' dir='ltr'>καὶ</span> 
     </span>
     <span class='ocr_line' id='line_1_36' title="bbox 230 2276 1266 2336; baseline 0 -13"><span class='ocrx_word' id='word_1_244' title='bbox 230 2281 325 2336; x_wconf 83' lang='grc' dir='ltr'>Ἴρου</span> <span class='ocrx_word' id='word_1_245' title='bbox 348 2284 408 2331; x_wconf 86' lang='grc' dir='ltr'>τὴν</span> <span class='ocrx_word' id='word_1_246' title='bbox 424 2290 438 2308; x_wconf 74' lang='lat'>‘³</span> <span class='ocrx_word' id='word_1_247' title='bbox 458 2285 581 2326; x_wconf 83' lang='grc' dir='ltr'>ἐκεῖνος</span> <span class='ocrx_word' id='word_1_248' title='bbox 601 2283 634 2328; x_wconf 82' lang='grc' dir='ltr'>ἐξ</span> <span class='ocrx_word' id='word_1_249' title='bbox 658 2283 810 2334; x_wconf 80' lang='grc' dir='ltr'>ἀνάγκης</span> <span class='ocrx_word' id='word_1_250' title='bbox 830 2276 902 2335; x_wconf 70' lang='grc' dir='ltr'>εἶχε</span> <span class='ocrx_word' id='word_1_251' title='bbox 920 2282 1055 2336; x_wconf 62' lang='grc' dir='ltr'>τύχηνι</span> <span class='ocrx_word' id='word_1_252' title='bbox 1074 2288 1266 2332; x_wconf 75' lang='grc' dir='ltr'>κεκτῆσθαι</span> 
     </span>
    </p>
   </div>
   <div class='ocr_carea' id='block_1_5' title="bbox 231 2342 392 2393">
    <p class='ocr_par' dir='ltr' id='par_1_11' title="bbox 231 2342 392 2393">
     <span class='ocr_line' id='line_1_37' title="bbox 231 2342 392 2393; baseline 0.006 -14"><span class='ocrx_word' id='word_1_253' title='bbox 231 2343 322 2393; x_wconf 86' lang='grc' dir='ltr'>λέγω</span> <span class='ocrx_word' id='word_1_254' title='bbox 337 2349 365 2379; x_wconf 72' lang='lat' dir='ltr'>g.</span> <span class='ocrx_word' id='word_1_255' title='bbox 382 2342 392 2393; x_wconf 84' lang='lat'>)</span> 
     </span>
    </p>
   </div>
   <div class='ocr_carea' id='block_1_6' title="bbox 232 2489 1274 3465">
    <p class='ocr_par' dir='ltr' id='par_1_12' title="bbox 232 2489 1266 2590">
     <span class='ocr_line' id='line_1_38' title="bbox 277 2489 1266 2531; baseline 0.004 -10"><span class='ocrx_word' id='word_1_256' title='bbox 277 2493 323 2522; x_wconf 86' lang='lat'>15.</span> <span class='ocrx_word' id='word_1_257' title='bbox 349 2489 528 2522; x_wconf 78' lang='lat' dir='ltr'>Avaritiam</span> <span class='ocrx_word' id='word_1_258' title='bbox 551 2490 694 2522; x_wconf 77' lang='lat' dir='ltr'>hiantem</span> <span class='ocrx_word' id='word_1_259' title='bbox 725 2490 819 2521; x_wconf 86' lang='lat' dir='ltr'>citius</span> <span class='ocrx_word' id='word_1_260' title='bbox 842 2492 1030 2522; x_wconf 78' lang='lat' dir='ltr'>consument</span> <span class='ocrx_word' id='word_1_261' title='bbox 1054 2490 1189 2531; x_wconf 70' lang='lat' dir='ltr'>abJectzc</span> <span class='ocrx_word' id='word_1_262' title='bbox 1214 2501 1266 2524; x_wconf 88' lang='lat' dir='ltr'>res</span> 
     </span>
     <span class='ocr_line' id='line_1_39' title="bbox 232 2548 1125 2590; baseline 0.001 -9"><span class='ocrx_word' id='word_1_263' title='bbox 232 2551 351 2590; x_wconf 81' lang='lat' dir='ltr'>partae,</span> <span class='ocrx_word' id='word_1_264' title='bbox 368 2557 466 2589; x_wconf 86' lang='lat' dir='ltr'>quam</span> <span class='ocrx_word' id='word_1_265' title='bbox 485 2549 664 2580; x_wconf 79' lang='lat' dir='ltr'><strong>crescentes</strong></span> <span class='ocrx_word' id='word_1_266' title='bbox 683 2548 826 2588; x_wconf 82' lang='lat' dir='ltr'>quotidie</span> <span class='ocrx_word' id='word_1_267' title='bbox 848 2558 924 2590; x_wconf 85' lang='lat' dir='ltr'>opes</span> <span class='ocrx_word' id='word_1_268' title='bbox 948 2549 1125 2582; x_wconf 80' lang='lat' dir='ltr'>immensae.</span> 
     </span>
    </p>

    <p class='ocr_par' dir='ltr' id='par_1_13' title="bbox 235 2606 1269 2816">
     <span class='ocr_line' id='line_1_40' title="bbox 278 2606 1269 2649; baseline 0.002 -10"><span class='ocrx_word' id='word_1_269' title='bbox 278 2609 325 2639; x_wconf 82' lang='lat'>1&#39;6.</span> <span class='ocrx_word' id='word_1_270' title='bbox 356 2606 530 2639; x_wconf 80' lang='lat' dir='ltr'>Praesentia</span> <span class='ocrx_word' id='word_1_271' title='bbox 560 2606 621 2639; x_wconf 87' lang='lat' dir='ltr'>rite</span> <span class='ocrx_word' id='word_1_272' title='bbox 652 2615 844 2647; x_wconf 91' lang='lat' dir='ltr'>componere</span> <span class='ocrx_word' id='word_1_273' title='bbox 872 2606 936 2639; x_wconf 86' lang='lat' dir='ltr'>viri</span> <span class='ocrx_word' id='word_1_274' title='bbox 970 2609 1019 2639; x_wconf 84' lang='lat' dir='ltr'>est</span> <span class='ocrx_word' id='word_1_275' title='bbox 1045 2608 1172 2649; x_wconf 87' lang='lat' dir='ltr'>providi</span> <span class='ocrx_word' id='word_1_276' title='bbox 1202 2622 1210 2641; x_wconf 71' lang='grc' dir='ltr'>ε</span> <span class='ocrx_word' id='word_1_277' title='bbox 1237 2612 1269 2642; x_wconf 83' lang='lat' dir='ltr'>at</span> 
     </span>
     <span class='ocr_line' id='line_1_41' title="bbox 235 2664 1267 2708; baseline 0.001 -10"><span class='ocrx_word' id='word_1_278' title='bbox 235 2675 369 2708; x_wconf 83' lang='lat' dir='ltr'>prorsus</span> <span class='ocrx_word' id='word_1_279' title='bbox 386 2665 470 2698; x_wconf 93' lang='lat' dir='ltr'>nolle</span> <span class='ocrx_word' id='word_1_280' title='bbox 487 2664 526 2696; x_wconf 91' lang='lat' dir='ltr'>iis</span> <span class='ocrx_word' id='word_1_281' title='bbox 550 2665 591 2696; x_wconf 88' lang='lat' dir='ltr'>ad</span> <span class='ocrx_word' id='word_1_282' title='bbox 613 2665 712 2696; x_wconf 87' lang='lat' dir='ltr'>ullam</span> <span class='ocrx_word' id='word_1_283' title='bbox 729 2674 799 2697; x_wconf 91' lang='lat' dir='ltr'>rem</span> <span class='ocrx_word' id='word_1_284' title='bbox 823 2666 1039 2698; x_wconf 86' lang='lat' dir='ltr'>necessariam</span> <span class='ocrx_word' id='word_1_285' title='bbox 1058 2667 1108 2699; x_wconf 88' lang='lat' dir='ltr'>uti</span> <span class='ocrx_word' id='word_1_286' title='bbox 1124 2677 1188 2699; x_wconf 93' lang='lat' dir='ltr'>non</span> <span class='ocrx_word' id='word_1_287' title='bbox 1207 2668 1267 2700; x_wconf 89' lang='lat' dir='ltr'>do-</span> 
     </span>
     <span class='ocr_line' id='line_1_42' title="bbox 235 2723 1266 2767; baseline 0.002 -11"><span class='ocrx_word' id='word_1_288' title='bbox 235 2724 314 2756; x_wconf 90' lang='lat' dir='ltr'>mini</span> <span class='ocrx_word' id='word_1_289' title='bbox 332 2725 382 2756; x_wconf 88' lang='lat' dir='ltr'>est</span> <span class='ocrx_word' id='word_1_290' title='bbox 398 2724 557 2756; x_wconf 91' lang='lat' dir='ltr'>bonorum</span> <span class='ocrx_word' id='word_1_291' title='bbox 576 2723 760 2763; x_wconf 86' lang='lat' dir='ltr'>partorum,</span> <span class='ocrx_word' id='word_1_292' title='bbox 782 2723 840 2754; x_wconf 90' lang='lat' dir='ltr'>sed</span> <span class='ocrx_word' id='word_1_293' title='bbox 858 2724 995 2756; x_wconf 85' lang='lat' dir='ltr'>hominis</span> <span class='ocrx_word' id='word_1_294' title='bbox 1017 2725 1162 2765; x_wconf 83' lang='lat' dir='ltr'>pecuniae</span> <span class='ocrx_word' id='word_1_295' title='bbox 1178 2735 1266 2767; x_wconf 83' lang='lat' dir='ltr'>quae-</span> 
     </span>
     <span class='ocr_line' id='line_1_43' title="bbox 235 2782 575 2816; baseline -0.006 0"><span class='ocrx_word' id='word_1_296' title='bbox 235 2784 301 2816; x_wconf 83' lang='lat' dir='ltr'>stui</span> <span class='ocrx_word' id='word_1_297' title='bbox 318 2784 445 2815; x_wconf 86' lang='lat' dir='ltr'>tantum</span> <span class='ocrx_word' id='word_1_298' title='bbox 463 2782 575 2814; x_wconf 87' lang='lat' dir='ltr'>dediti.</span> 
     </span>
    </p>

    <p class='ocr_par' dir='ltr' id='par_1_14' title="bbox 236 2838 1271 3046">
     <span class='ocr_line' id='line_1_44' title="bbox 281 2838 1270 2882; baseline 0.003 -11"><span class='ocrx_word' id='word_1_299' title='bbox 281 2842 332 2872; x_wconf 87' lang='lat'>17.</span> <span class='ocrx_word' id='word_1_300' title='bbox 360 2839 514 2870; x_wconf 76' lang='lat' dir='ltr'>Homines</span> <span class='ocrx_word' id='word_1_301' title='bbox 538 2838 685 2879; x_wconf 80' lang='lat' dir='ltr'>plerique</span> <span class='ocrx_word' id='word_1_302' title='bbox 717 2840 835 2880; x_wconf 79' lang='lat' dir='ltr'>praeter</span> <span class='ocrx_word' id='word_1_303' title='bbox 864 2839 1021 2871; x_wconf 84' lang='lat' dir='ltr'>rationem</span> <span class='ocrx_word' id='word_1_304' title='bbox 1047 2841 1152 2882; x_wconf 84' lang='lat' dir='ltr'>parci,</span> <span class='ocrx_word' id='word_1_305' title='bbox 1173 2839 1270 2874; x_wconf 89' lang='lat' dir='ltr'>modo</span> 
     </span>
     <span class='ocr_line' id='line_1_45' title="bbox 237 2896 1269 2940; baseline 0.002 -10"><span class='ocrx_word' id='word_1_306' title='bbox 237 2897 401 2940; x_wconf 82' lang='lat' dir='ltr'>pecuniosi</span> <span class='ocrx_word' id='word_1_307' title='bbox 418 2897 610 2936; x_wconf 79' lang='lat' dir='ltr'>habeantur,</span> <span class='ocrx_word' id='word_1_308' title='bbox 632 2896 725 2928; x_wconf 89' lang='lat' dir='ltr'>stulti</span> <span class='ocrx_word' id='word_1_309' title='bbox 744 2906 781 2928; x_wconf 88' lang='lat' dir='ltr'>ac</span> <span class='ocrx_word' id='word_1_310' title='bbox 801 2897 965 2929; x_wconf 79' lang='lat' dir='ltr'>dementes</span> <span class='ocrx_word' id='word_1_311' title='bbox 980 2899 1118 2939; x_wconf 84' lang='lat' dir='ltr'>judicari</span> <span class='ocrx_word' id='word_1_312' title='bbox 1133 2900 1269 2939; x_wconf 83' lang='lat' dir='ltr'>malunt,</span> 
     </span>
     <span class='ocr_line' id='line_1_46' title="bbox 237 2955 1271 2997; baseline 0.003 -10"><span class='ocrx_word' id='word_1_313' title='bbox 237 2966 335 2997; x_wconf 84' lang='lat' dir='ltr'>quam</span> <span class='ocrx_word' id='word_1_314' title='bbox 355 2955 523 2996; x_wconf 84' lang='lat' dir='ltr'>pecuniam</span> <span class='ocrx_word' id='word_1_315' title='bbox 546 2955 577 2986; x_wconf 92' lang='lat' dir='ltr'>in</span> <span class='ocrx_word' id='word_1_316' title='bbox 594 2964 647 2987; x_wconf 85' lang='lat' dir='ltr'>res</span> <span class='ocrx_word' id='word_1_317' title='bbox 672 2955 869 2987; x_wconf 85' lang='lat' dir='ltr'>necessarias</span> <span class='ocrx_word' id='word_1_318' title='bbox 889 2955 1102 2997; x_wconf 69' lang='lat' dir='ltr'>impendendo</span> <span class='ocrx_word' id='word_1_319' title='bbox 1125 2958 1271 2990; x_wconf 84' lang='lat' dir='ltr'>sollertes</span> 
     </span>
     <span class='ocr_line' id='line_1_47' title="bbox 236 3014 404 3046; baseline 0 0"><span class='ocrx_word' id='word_1_320' title='bbox 236 3014 404 3046; x_wconf 83' lang='lat' dir='ltr'>nominari.</span> 
     </span>
    </p>

    <p class='ocr_par' dir='ltr' id='par_1_15' title="bbox 239 3071 1273 3404">
     <span class='ocr_line' id='line_1_48' title="bbox 283 3071 1273 3114; baseline 0.005 -12"><span class='ocrx_word' id='word_1_321' title='bbox 283 3074 331 3103; x_wconf 81' lang='lat'>18.</span> <span class='ocrx_word' id='word_1_322' title='bbox 357 3071 413 3103; x_wconf 83' lang='lat' dir='ltr'>ille</span> <span class='ocrx_word' id='word_1_323' title='bbox 438 3071 529 3103; x_wconf 89' lang='lat' dir='ltr'>dives</span> <span class='ocrx_word' id='word_1_324' title='bbox 559 3071 795 3103; x_wconf 77' lang='lat' dir='ltr'>existimandus</span> <span class='ocrx_word' id='word_1_325' title='bbox 820 3074 887 3112; x_wconf 88' lang='lat' dir='ltr'>est,</span> <span class='ocrx_word' id='word_1_326' title='bbox 913 3073 969 3112; x_wconf 91' lang='lat' dir='ltr'>qui</span> <span class='ocrx_word' id='word_1_327' title='bbox 990 3074 1076 3114; x_wconf 88' lang='lat' dir='ltr'>quod</span> <span class='ocrx_word' id='word_1_328' title='bbox 1110 3074 1188 3106; x_wconf 82' lang='lat' dir='ltr'>satis</span> <span class='ocrx_word' id='word_1_329' title='bbox 1223 3077 1273 3107; x_wconf 92' lang='lat' dir='ltr'>est</span> 
     </span>
     <span class='ocr_line' id='line_1_49' title="bbox 241 3128 1272 3171; baseline 0.003 -11"><span class='ocrx_word' id='word_1_330' title='bbox 241 3128 362 3160; x_wconf 86' lang='lat' dir='ltr'>habere</span> <span class='ocrx_word' id='word_1_331' title='bbox 390 3128 454 3160; x_wconf 86' lang='lat' dir='ltr'>sibi</span> <span class='ocrx_word' id='word_1_332' title='bbox 477 3128 618 3161; x_wconf 90' lang='lat' dir='ltr'>videtur.</span> <span class='ocrx_word' id='word_1_333' title='bbox 662 3130 745 3160; x_wconf 86' lang='lat' dir='ltr'>Eum</span> <span class='ocrx_word' id='word_1_334' title='bbox 772 3138 849 3160; x_wconf 91' lang='lat' dir='ltr'>vero</span> <span class='ocrx_word' id='word_1_335' title='bbox 877 3130 933 3169; x_wconf 89' lang='lat' dir='ltr'>qui</span> <span class='ocrx_word' id='word_1_336' title='bbox 964 3139 1090 3171; x_wconf 86' lang='lat' dir='ltr'>semper</span> <span class='ocrx_word' id='word_1_337' title='bbox 1119 3131 1272 3171; x_wconf 82' lang='lat' dir='ltr'>maJ‘orem</span> 
     </span>
     <span class='ocr_line' id='line_1_50' title="bbox 239 3186 1272 3230; baseline 0.002 -11"><span class='ocrx_word' id='word_1_338' title='bbox 239 3186 409 3228; x_wconf 81' lang='lat' dir='ltr'>pecuniam</span> <span class='ocrx_word' id='word_1_339' title='bbox 437 3186 499 3218; x_wconf 86' lang='lat' dir='ltr'>sibi</span> <span class='ocrx_word' id='word_1_340' title='bbox 522 3187 627 3219; x_wconf 78' lang='lat' dir='ltr'>facere</span> <span class='ocrx_word' id='word_1_341' title='bbox 649 3187 849 3228; x_wconf 84' lang='lat' dir='ltr'>concupiscit</span> <span class='ocrx_word' id='word_1_342' title='bbox 867 3196 971 3228; x_wconf 88' lang='lat' dir='ltr'>neque</span> <span class='ocrx_word' id='word_1_343' title='bbox 994 3197 1138 3229; x_wconf 84' lang='lat' dir='ltr'>unquam</span> <span class='ocrx_word' id='word_1_344' title='bbox 1162 3190 1272 3230; x_wconf 86' lang='lat' dir='ltr'>acqui-</span> 
     </span>
     <span class='ocr_line' id='line_1_51' title="bbox 239 3244 1271 3288; baseline 0.003 -12"><span class='ocrx_word' id='word_1_345' title='bbox 239 3245 332 3277; x_wconf 88' lang='lat' dir='ltr'>rendi</span> <span class='ocrx_word' id='word_1_346' title='bbox 362 3244 545 3277; x_wconf 84' lang='lat' dir='ltr'>satietatem</span> <span class='ocrx_word' id='word_1_347' title='bbox 574 3245 679 3286; x_wconf 75' lang='lat' dir='ltr'>capit,</span> <span class='ocrx_word' id='word_1_348' title='bbox 698 3245 822 3277; x_wconf 83' lang='lat' dir='ltr'>etiamsi</span> <span class='ocrx_word' id='word_1_349' title='bbox 843 3246 928 3277; x_wconf 84' lang='lat' dir='ltr'>Mida</span> <span class='ocrx_word' id='word_1_350' title='bbox 956 3246 1053 3278; x_wconf 85' lang='lat' dir='ltr'>suerit</span> <span class='ocrx_word' id='word_1_351' title='bbox 1080 3247 1271 3288; x_wconf 86' lang='lat' dir='ltr'>opulentior,</span> 
     </span>
     <span class='ocr_line' id='line_1_52' title="bbox 239 3302 1273 3345; baseline 0.001 -9"><span class='ocrx_word' id='word_1_352' title='bbox 239 3312 414 3345; x_wconf 75' lang='lat' dir='ltr'>pauperem</span> <span class='ocrx_word' id='word_1_353' title='bbox 440 3302 514 3335; x_wconf 87' lang='lat' dir='ltr'>dico</span> <span class='ocrx_word' id='word_1_354' title='bbox 542 3305 657 3344; x_wconf 87' lang='lat' dir='ltr'>etqua</span> <span class='ocrx_word' id='word_1_355' title='bbox 686 3306 771 3335; x_wconf 82' lang='lat' dir='ltr'>sorte</span> <span class='ocrx_word' id='word_1_356' title='bbox 800 3304 981 3336; x_wconf 83' lang='lat' dir='ltr'>necessario</span> <span class='ocrx_word' id='word_1_357' title='bbox 1006 3307 1078 3338; x_wconf 88' lang='lat' dir='ltr'>Irus</span> <span class='ocrx_word' id='word_1_358' title='bbox 1105 3307 1273 3337; x_wconf 83' lang='lat' dir='ltr'>contentus</span> 
     </span>
     <span class='ocr_line' id='line_1_53' title="bbox 239 3361 799 3404; baseline 0.002 -10"><span class='ocrx_word' id='word_1_359' title='bbox 239 3361 388 3402; x_wconf 86' lang='lat' dir='ltr'>vivebat,</span> <span class='ocrx_word' id='word_1_360' title='bbox 406 3362 540 3394; x_wconf 89' lang='lat' dir='ltr'>eandem</span> <span class='ocrx_word' id='word_1_361' title='bbox 556 3362 663 3404; x_wconf 87' lang='lat' dir='ltr'>ipsum</span> <span class='ocrx_word' id='word_1_362' title='bbox 678 3365 799 3395; x_wconf 88' lang='lat' dir='ltr'>tenere.</span> 
     </span>
    </p>

    <p class='ocr_par' dir='ltr' id='par_1_16' title="bbox 291 3421 1274 3465">
     <span class='ocr_line' id='line_1_54' title="bbox 291 3421 1274 3465; baseline 0.003 -13"><span class='ocrx_word' id='word_1_363' title='bbox 291 3423 339 3453; x_wconf 82' lang='lat'>19.</span> <span class='ocrx_word' id='word_1_364' title='bbox 361 3422 453 3453; x_wconf 89' lang='lat' dir='ltr'>Mens</span> <span class='ocrx_word' id='word_1_365' title='bbox 467 3421 635 3453; x_wconf 81' lang='lat' dir='ltr'>veritatem</span> <span class='ocrx_word' id='word_1_366' title='bbox 655 3421 874 3462; x_wconf 80' lang='lat' dir='ltr'>amplectitur,</span> <span class='ocrx_word' id='word_1_367' title='bbox 903 3423 935 3454; x_wconf 92' lang='lat' dir='ltr'>et</span> <span class='ocrx_word' id='word_1_368' title='bbox 958 3431 1084 3463; x_wconf 78' lang='lat' dir='ltr'>semper</span> <span class='ocrx_word' id='word_1_369' title='bbox 1105 3432 1178 3454; x_wconf 88' lang='lat' dir='ltr'>cnm</span> <span class='ocrx_word' id='word_1_370' title='bbox 1203 3423 1274 3465; x_wconf 81' lang='lat' dir='ltr'>ipsa</span> 
     </span>
    </p>
   </div>
   <div class='ocr_carea' id='block_1_7' title="bbox 1325 278 2381 1631">
    <p class='ocr_par' dir='ltr' id='par_1_17' title="bbox 1325 278 2381 632">
     <span class='ocr_line' id='line_1_55' title="bbox 1376 278 2381 339; baseline -0.01 -12"><span class='ocrx_word' id='word_1_371' title='bbox 1376 288 1575 339; x_wconf 60' lang='lat' dir='ltr'>(Stobaeua</span> <span class='ocrx_word' id='word_1_372' title='bbox 1595 286 1696 326; x_wconf 79' lang='lat' dir='ltr'>Flor.</span> <span class='ocrx_word' id='word_1_373' title='bbox 1713 284 1761 332; x_wconf 90' lang='lat' dir='ltr'>X,</span> <span class='ocrx_word' id='word_1_374' title='bbox 1777 285 1824 322; x_wconf 86' lang='lat'>36</span> <span class='ocrx_word' id='word_1_375' title='bbox 1842 281 2024 322; x_wconf 73' lang='grc' dir='ltr'>Εὐσεὸίου.</span> <span class='ocrx_word' id='word_1_376' title='bbox 2042 280 2189 331; x_wconf 79' lang='lat' dir='ltr'>Scripsi</span> <span class='ocrx_word' id='word_1_377' title='bbox 2207 293 2216 317; x_wconf 68' lang='grc' dir='ltr'>ι</span> <span class='ocrx_word' id='word_1_378' title='bbox 2232 283 2248 302; x_wconf 76' lang='lat'>¹¹</span> <span class='ocrx_word' id='word_1_379' title='bbox 2265 278 2361 330; x_wconf 64' lang='lat'>«1⁸13,</span> <span class='ocrx_word' id='word_1_380' title='bbox 2380 278 2381 281; x_wconf 71' lang='grc'>’</span> 
     </span>
     <span class='ocr_line' id='line_1_56' title="bbox 1325 336 2361 395; baseline -0.011 -9"><span class='ocrx_word' id='word_1_381' title='bbox 1325 348 1437 387; x_wconf 91' lang='lat' dir='ltr'>codd.</span> <span class='ocrx_word' id='word_1_382' title='bbox 1462 346 1527 385; x_wconf 77' lang='grc' dir='ltr'>ἀεὶ.</span> <span class='ocrx_word' id='word_1_383' title='bbox 1549 369 1599 375; x_wconf 94' lang='lat'>-—</span> <span class='ocrx_word' id='word_1_384' title='bbox 1614 344 1631 367; x_wconf 84' lang='lat'>¹’</span> <span class='ocrx_word' id='word_1_385' title='bbox 1647 344 1838 395; x_wconf 78' lang='grc' dir='ltr'>μηδέκοτε;</span> <span class='ocrx_word' id='word_1_386' title='bbox 1855 341 1968 380; x_wconf 91' lang='lat' dir='ltr'>codd.</span> <span class='ocrx_word' id='word_1_387' title='bbox 1989 338 2177 390; x_wconf 83' lang='grc' dir='ltr'>μηδέποτε.</span> <span class='ocrx_word' id='word_1_388' title='bbox 2198 360 2250 371; x_wconf 84' lang='lat'><em>-</em></span> <span class='ocrx_word' id='word_1_389' title='bbox 2267 343 2283 362; x_wconf 76' lang='lat'><strong>⁰</strong></span> <span class='ocrx_word' id='word_1_390' title='bbox 2299 336 2361 378; x_wconf 65' lang='grc' dir='ltr'>7τοῦ</span> 
     </span>
     <span class='ocr_line' id='line_1_57' title="bbox 1326 393 2359 449; baseline -0.01 -5"><span class='ocrx_word' id='word_1_391' title='bbox 1326 404 1476 444; x_wconf 82' lang='grc' dir='ltr'>πλούτου</span> <span class='ocrx_word' id='word_1_392' title='bbox 1495 417 1581 443; x_wconf 89' lang='lat' dir='ltr'>cum</span> <span class='ocrx_word' id='word_1_393' title='bbox 1611 402 1815 449; x_wconf 86' lang='lat' dir='ltr'>Jacobsio;</span> <span class='ocrx_word' id='word_1_394' title='bbox 1845 400 1965 449; x_wconf 84' lang='lat' dir='ltr'>vulgo</span> <span class='ocrx_word' id='word_1_395' title='bbox 1990 401 2050 437; x_wconf 71' lang='grc' dir='ltr'>τοῦ</span> <span class='ocrx_word' id='word_1_396' title='bbox 2077 397 2244 437; x_wconf 82' lang='grc' dir='ltr'>τοιούτου.</span> <span class='ocrx_word' id='word_1_397' title='bbox 2272 393 2359 428; x_wconf 78' lang='lat'>—‘¹</span> 
     </span>
     <span class='ocr_line' id='line_1_58' title="bbox 1325 454 2361 512; baseline -0.009 -9"><span class='ocrx_word' id='word_1_398' title='bbox 1325 465 1468 512; x_wconf 84' lang='grc' dir='ltr'>Μίδεω;</span> <span class='ocrx_word' id='word_1_399' title='bbox 1489 463 1583 502; x_wconf 87' lang='lat' dir='ltr'>libri</span> <span class='ocrx_word' id='word_1_400' title='bbox 1602 462 1727 503; x_wconf 82' lang='grc' dir='ltr'>Μίδου.</span> <span class='ocrx_word' id='word_1_401' title='bbox 1747 483 1797 490; x_wconf 89' lang='lat'>-—</span> <span class='ocrx_word' id='word_1_402' title='bbox 1816 465 1831 484; x_wconf 61' lang='grc' dir='ltr'>θ</span> <span class='ocrx_word' id='word_1_403' title='bbox 1848 459 1930 507; x_wconf 81' lang='grc' dir='ltr'>τὴν;</span> <span class='ocrx_word' id='word_1_404' title='bbox 1952 457 2063 496; x_wconf 88' lang='lat' dir='ltr'>codd.</span> <span class='ocrx_word' id='word_1_405' title='bbox 2076 457 2133 505; x_wconf 85' lang='grc' dir='ltr'>ἣν.</span> <span class='ocrx_word' id='word_1_406' title='bbox 2149 479 2203 487; x_wconf 90' lang='grc'>--</span> <span class='ocrx_word' id='word_1_407' title='bbox 2218 454 2234 480; x_wconf 71' lang='lat'>¹</span> <span class='ocrx_word' id='word_1_408' title='bbox 2250 454 2361 509; x_wconf 77' lang='grc' dir='ltr'>τύχην</span> 
     </span>
     <span class='ocr_line' id='line_1_59' title="bbox 1325 513 2363 570; baseline -0.012 -6"><span class='ocrx_word' id='word_1_409' title='bbox 1325 538 1411 564; x_wconf 91' lang='lat' dir='ltr'>cum</span> <span class='ocrx_word' id='word_1_410' title='bbox 1428 522 1702 569; x_wconf 80' lang='lat' dir='ltr'>Valckenari03</span> <span class='ocrx_word' id='word_1_411' title='bbox 1725 519 1820 558; x_wconf 87' lang='lat' dir='ltr'>libri</span> <span class='ocrx_word' id='word_1_412' title='bbox 1843 517 1974 570; x_wconf 77' lang='grc' dir='ltr'>ψυχὴν.</span> <span class='ocrx_word' id='word_1_413' title='bbox 2006 520 2090 546; x_wconf 66' lang='grc' dir='ltr'>-Ε</span> <span class='ocrx_word' id='word_1_414' title='bbox 2119 515 2212 567; x_wconf 82' lang='grc' dir='ltr'>λέγω</span> <span class='ocrx_word' id='word_1_415' title='bbox 2230 513 2363 566; x_wconf 75' lang='lat' dir='ltr'>addidi</span> 
     </span>
     <span class='ocr_line' id='line_1_60' title="bbox 1325 574 2359 632; baseline -0.007 -11"><span class='ocrx_word' id='word_1_416' title='bbox 1325 596 1346 621; x_wconf 88' lang='lat' dir='ltr'>e</span> <span class='ocrx_word' id='word_1_417' title='bbox 1365 583 1547 621; x_wconf 73' lang='lat' dir='ltr'>Meinelzii</span> <span class='ocrx_word' id='word_1_418' title='bbox 1567 580 1814 632; x_wconf 83' lang='lat' dir='ltr'>conjectura3</span> <span class='ocrx_word' id='word_1_419' title='bbox 1838 578 1955 626; x_wconf 87' lang='lat' dir='ltr'>vulgo</span> <span class='ocrx_word' id='word_1_420' title='bbox 1976 575 2238 615; x_wconf 81' lang='lat' dir='ltr'>desideratur.</span> <span class='ocrx_word' id='word_1_421' title='bbox 2257 574 2312 606; x_wconf 62' lang='lat'>-2-</span> <span class='ocrx_word' id='word_1_422' title='bbox 2358 623 2359 626; x_wconf 11' lang='grc' dir='ltr'><strong>Ἴ</strong></span> 
     </span>
    </p>

    <p class='ocr_par' dir='ltr' id='par_1_18' title="bbox 1326 631 2370 1279">
     <span class='ocr_line' id='line_1_61' title="bbox 1379 631 2366 688; baseline -0.014 -6"><span class='ocrx_word' id='word_1_423' title='bbox 1379 656 1426 684; x_wconf 77' lang='grc'>19.</span> <span class='ocrx_word' id='word_1_424' title='bbox 1445 640 1629 688; x_wconf 79' lang='grc' dir='ltr'>Ἀληθηΐην</span> <span class='ocrx_word' id='word_1_425' title='bbox 1648 644 1662 662; x_wconf 79' lang='lat'>¹¹</span> <span class='ocrx_word' id='word_1_426' title='bbox 1681 638 1755 681; x_wconf 89' lang='grc' dir='ltr'>νόος</span> <span class='ocrx_word' id='word_1_427' title='bbox 1771 635 1964 680; x_wconf 85' lang='grc' dir='ltr'>ἀσπάζεται</span> <span class='ocrx_word' id='word_1_428' title='bbox 1978 634 2038 672; x_wconf 86' lang='grc' dir='ltr'>καὶ</span> <span class='ocrx_word' id='word_1_429' title='bbox 2057 631 2156 672; x_wconf 49' lang='lat' dir='ltr'>aiei„</span> <span class='ocrx_word' id='word_1_430' title='bbox 2176 632 2267 686; x_wconf 74' lang='grc' dir='ltr'>αὓτῇ</span> <span class='ocrx_word' id='word_1_431' title='bbox 2283 646 2366 671; x_wconf 77' lang='grc' dir='ltr'>συν-</span> 
     </span>
     <span class='ocr_line' id='line_1_62' title="bbox 1326 690 2366 746; baseline -0.012 -6"><span class='ocrx_word' id='word_1_432' title='bbox 1326 700 1446 741; x_wconf 86' lang='grc' dir='ltr'>οικέει·</span> <span class='ocrx_word' id='word_1_433' title='bbox 1471 699 1535 739; x_wconf 83' lang='grc' dir='ltr'>ἐὼν</span> <span class='ocrx_word' id='word_1_434' title='bbox 1560 699 1595 737; x_wconf 86' lang='grc' dir='ltr'>δὲ</span> <span class='ocrx_word' id='word_1_435' title='bbox 1620 701 1654 737; x_wconf 85' lang='grc' dir='ltr'>ἐν</span> <span class='ocrx_word' id='word_1_436' title='bbox 1683 701 1776 736; x_wconf 85' lang='grc' dir='ltr'>τοῖσι</span> <span class='ocrx_word' id='word_1_437' title='bbox 1794 699 1808 718; x_wconf 79' lang='lat'><strong>⁰</strong></span> <span class='ocrx_word' id='word_1_438' title='bbox 1828 696 1958 732; x_wconf 77' lang='grc' dir='ltr'>ἑωυτοῦ</span> <span class='ocrx_word' id='word_1_439' title='bbox 1976 691 2244 746; x_wconf 74' lang='grc' dir='ltr'>ἄψευδέστατος,</span> <span class='ocrx_word' id='word_1_440' title='bbox 2273 690 2366 743; x_wconf 70' lang='grc' dir='ltr'>ὅμως</span> 
     </span>
     <span class='ocr_line' id='line_1_63' title="bbox 1327 747 2368 810; baseline -0.012 -11"><span class='ocrx_word' id='word_1_441' title='bbox 1327 761 1419 798; x_wconf 88' lang='grc' dir='ltr'>ἔστιν</span> <span class='ocrx_word' id='word_1_442' title='bbox 1454 758 1510 797; x_wconf 78' lang='grc' dir='ltr'>ὅτε</span> <span class='ocrx_word' id='word_1_443' title='bbox 1546 756 1606 797; x_wconf 72' lang='grc' dir='ltr'>καὶ</span> <span class='ocrx_word' id='word_1_444' title='bbox 1624 756 1748 810; x_wconf 73' lang='grc' dir='ltr'>ψεῦδος</span> <span class='ocrx_word' id='word_1_445' title='bbox 1773 754 1892 806; x_wconf 82' lang='grc' dir='ltr'>ἀγαθῷ</span> <span class='ocrx_word' id='word_1_446' title='bbox 1912 751 2064 804; x_wconf 85' lang='grc' dir='ltr'>κεράσας</span> <span class='ocrx_word' id='word_1_447' title='bbox 2088 750 2284 804; x_wconf 78' lang='grc' dir='ltr'>παρέχεται</span> <span class='ocrx_word' id='word_1_448' title='bbox 2311 747 2368 788; x_wconf 73' lang='grc' dir='ltr'>ἐπ’</span> 
     </span>
     <span class='ocr_line' id='line_1_64' title="bbox 1327 806 2369 873; baseline -0.012 -15"><span class='ocrx_word' id='word_1_449' title='bbox 1327 818 1459 873; x_wconf 75' lang='grc' dir='ltr'>ὠφελίη</span> <span class='ocrx_word' id='word_1_450' title='bbox 1492 816 1682 869; x_wconf 82' lang='grc' dir='ltr'>ἀνθρώπων</span> <span class='ocrx_word' id='word_1_451' title='bbox 1714 817 1782 853; x_wconf 82' lang='grc' dir='ltr'>τῶν</span> <span class='ocrx_word' id='word_1_452' title='bbox 1802 812 1923 852; x_wconf 86' lang='grc' dir='ltr'>τούτου</span> <span class='ocrx_word' id='word_1_453' title='bbox 1950 809 2164 864; x_wconf 84' lang='grc' dir='ltr'>χρηιζόντων</span> <span class='ocrx_word' id='word_1_454' title='bbox 2187 808 2205 834; x_wconf 81' lang='lat'>‘¹</span> <span class='ocrx_word' id='word_1_455' title='bbox 2222 809 2284 849; x_wconf 81' lang='grc' dir='ltr'>καὶ</span> <span class='ocrx_word' id='word_1_456' title='bbox 2309 806 2369 847; x_wconf 70' lang='grc' dir='ltr'>ἐπὶ</span> 
     </span>
     <span class='ocr_line' id='line_1_65' title="bbox 1327 867 2366 931; baseline -0.012 -14"><span class='ocrx_word' id='word_1_457' title='bbox 1327 881 1472 931; x_wconf 76' lang='grc' dir='ltr'>χρηστῷ</span> <span class='ocrx_word' id='word_1_458' title='bbox 1489 879 1538 929; x_wconf 80' lang='grc' dir='ltr'>τῷ</span> <span class='ocrx_word' id='word_1_459' title='bbox 1558 874 1712 930; x_wconf 82' lang='grc' dir='ltr'>σφετέρῳ</span> <span class='ocrx_word' id='word_1_460' title='bbox 1731 868 2128 924; x_wconf 86' lang='grc' dir='ltr'>παραλογισθησομένων</span> <span class='ocrx_word' id='word_1_461' title='bbox 2146 867 2232 921; x_wconf 78' lang='grc' dir='ltr'>πρὸς</span> <span class='ocrx_word' id='word_1_462' title='bbox 2249 868 2366 907; x_wconf 50' lang='lat' dir='ltr'>aaron.</span> 
     </span>
     <span class='ocr_line' id='line_1_66' title="bbox 1327 922 2367 986; baseline -0.011 -11"><span class='ocrx_word' id='word_1_463' title='bbox 1327 935 1416 975; x_wconf 88' lang='grc' dir='ltr'>Τότε</span> <span class='ocrx_word' id='word_1_464' title='bbox 1436 934 1502 986; x_wconf 82' lang='grc' dir='ltr'>γὰρ</span> <span class='ocrx_word' id='word_1_465' title='bbox 1524 932 1565 979; x_wconf 86' lang='grc' dir='ltr'>δὴ</span> <span class='ocrx_word' id='word_1_466' title='bbox 1603 936 1726 983; x_wconf 79' lang='grc' dir='ltr'>μοῦνον</span> <span class='ocrx_word' id='word_1_467' title='bbox 1755 929 1815 968; x_wconf 79' lang='grc' dir='ltr'>καὶ</span> <span class='ocrx_word' id='word_1_468' title='bbox 1846 926 1966 968; x_wconf 84' lang='grc' dir='ltr'>οὔκοτε</span> <span class='ocrx_word' id='word_1_469' title='bbox 1988 926 2112 965; x_wconf 85' lang='grc' dir='ltr'>ἄλλοτε</span> <span class='ocrx_word' id='word_1_470' title='bbox 2139 926 2230 975; x_wconf 85' lang='grc' dir='ltr'>νόος,</span> <span class='ocrx_word' id='word_1_471' title='bbox 2251 925 2314 965; x_wconf 81' lang='grc' dir='ltr'>καὶ</span> <span class='ocrx_word' id='word_1_472' title='bbox 2331 922 2367 964; x_wconf 73' lang='grc' dir='ltr'>ἓν</span> 
     </span>
     <span class='ocr_line' id='line_1_67' title="bbox 1328 983 2369 1047; baseline -0.012 -14"><span class='ocrx_word' id='word_1_473' title='bbox 1328 995 1440 1047; x_wconf 80' lang='grc' dir='ltr'>καιρῷ</span> <span class='ocrx_word' id='word_1_474' title='bbox 1457 994 1507 1045; x_wconf 79' lang='grc' dir='ltr'>τῷ</span> <span class='ocrx_word' id='word_1_475' title='bbox 1531 990 1633 1035; x_wconf 69' lang='grc' dir='ltr'>αὐτὸς</span> <span class='ocrx_word' id='word_1_476' title='bbox 1658 983 1749 1037; x_wconf 68' lang='grc' dir='ltr'>οἶδε,</span> <span class='ocrx_word' id='word_1_477' title='bbox 1769 987 1888 1026; x_wconf 83' lang='grc' dir='ltr'>πάντα</span> <span class='ocrx_word' id='word_1_478' title='bbox 1912 986 2022 1024; x_wconf 85' lang='grc' dir='ltr'>τᾶλλα</span> <span class='ocrx_word' id='word_1_479' title='bbox 2048 985 2178 1039; x_wconf 79' lang='grc' dir='ltr'>ψεύδεα</span> <span class='ocrx_word' id='word_1_480' title='bbox 2209 984 2369 1022; x_wconf 66' lang='grc' dir='ltr'>ἀπόπτυ-</span> 
     </span>
     <span class='ocr_line' id='line_1_68' title="bbox 1329 1042 2364 1107; baseline -0.011 -17"><span class='ocrx_word' id='word_1_481' title='bbox 1329 1052 1431 1102; x_wconf 82' lang='grc' dir='ltr'>γέων,</span> <span class='ocrx_word' id='word_1_482' title='bbox 1454 1051 1578 1103; x_wconf 84' lang='grc' dir='ltr'>ψεῦδος</span> <span class='ocrx_word' id='word_1_483' title='bbox 1601 1047 1640 1086; x_wconf 80' lang='grc' dir='ltr'>τὸ</span> <span class='ocrx_word' id='word_1_484' title='bbox 1672 1050 1825 1086; x_wconf 82' lang='grc' dir='ltr'>τοιοῦτον</span> <span class='ocrx_word' id='word_1_485' title='bbox 1857 1043 2074 1097; x_wconf 77' lang='grc' dir='ltr'>εἰσφέρεται,</span> <span class='ocrx_word' id='word_1_486' title='bbox 2111 1042 2188 1107; x_wconf 49' lang='grc' dir='ltr'>ἀπο.</span> <span class='ocrx_word' id='word_1_487' title='bbox 2201 1045 2266 1092; x_wconf 77' lang='grc' dir='ltr'>τῆς</span> <span class='ocrx_word' id='word_1_488' title='bbox 2292 1042 2364 1082; x_wconf 79' lang='grc' dir='ltr'>τῶν</span> 
     </span>
     <span class='ocr_line' id='line_1_69' title="bbox 1329 1102 2368 1159; baseline -0.009 -12"><span class='ocrx_word' id='word_1_489' title='bbox 1329 1110 1460 1147; x_wconf 84' lang='grc' dir='ltr'>λοιπῶν</span> <span class='ocrx_word' id='word_1_490' title='bbox 1478 1107 1644 1147; x_wconf 82' lang='grc' dir='ltr'>ἁπάντων</span> <span class='ocrx_word' id='word_1_491' title='bbox 1665 1105 1818 1159; x_wconf 83' lang='grc' dir='ltr'>ψευδέων</span> <span class='ocrx_word' id='word_1_492' title='bbox 1840 1102 1958 1155; x_wconf 79' lang='grc' dir='ltr'>φύσιος</span> <span class='ocrx_word' id='word_1_493' title='bbox 1975 1104 2007 1146; x_wconf 81' lang='grc' dir='ltr'>ἐς</span> <span class='ocrx_word' id='word_1_494' title='bbox 2020 1107 2036 1126; x_wconf 69' lang='lat'>⁹</span> <span class='ocrx_word' id='word_1_495' title='bbox 2053 1102 2140 1143; x_wconf 84' lang='grc' dir='ltr'>ἄλλο</span> <span class='ocrx_word' id='word_1_496' title='bbox 2155 1102 2243 1146; x_wconf 77' lang='grc' dir='ltr'>εἶδος</span> <span class='ocrx_word' id='word_1_497' title='bbox 2259 1115 2368 1152; x_wconf 78' lang='grc' dir='ltr'>μετα-</span> 
     </span>
     <span class='ocr_line' id='line_1_70' title="bbox 1330 1159 2370 1220; baseline -0.011 -12"><span class='ocrx_word' id='word_1_498' title='bbox 1330 1168 1455 1220; x_wconf 83' lang='grc' dir='ltr'>ληφθὲν</span> <span class='ocrx_word' id='word_1_499' title='bbox 1475 1166 1750 1219; x_wconf 82' lang='grc' dir='ltr'>χρησιμώτατον</span> <span class='ocrx_word' id='word_1_500' title='bbox 1770 1163 1876 1215; x_wconf 69' lang='grc' dir='ltr'>τέχνῃ</span> <span class='ocrx_word' id='word_1_501' title='bbox 1891 1160 1951 1199; x_wconf 83' lang='grc' dir='ltr'>καὶ</span> <span class='ocrx_word' id='word_1_502' title='bbox 1973 1161 2075 1215; x_wconf 76' lang='grc' dir='ltr'>σοφίῃ</span> <span class='ocrx_word' id='word_1_503' title='bbox 2095 1162 2274 1201; x_wconf 72' lang='grc' dir='ltr'>αὐτοῦτοῦ</span> <span class='ocrx_word' id='word_1_504' title='bbox 2289 1159 2370 1199; x_wconf 76' lang='grc' dir='ltr'>νόου</span> 
     </span>
     <span class='ocr_line' id='line_1_71' title="bbox 1330 1219 2250 1279; baseline -0.01 -12"><span class='ocrx_word' id='word_1_505' title='bbox 1330 1232 1389 1267; x_wconf 75' lang='grc' dir='ltr'>τοῦ</span> <span class='ocrx_word' id='word_1_506' title='bbox 1409 1227 1541 1279; x_wconf 82' lang='grc' dir='ltr'>φαῦλον</span> <span class='ocrx_word' id='word_1_507' title='bbox 1559 1227 1708 1277; x_wconf 79' lang='grc' dir='ltr'>πρῆγμα</span> <span class='ocrx_word' id='word_1_508' title='bbox 1730 1224 1762 1266; x_wconf 81' lang='grc' dir='ltr'>ἐς</span> <span class='ocrx_word' id='word_1_509' title='bbox 1780 1225 1880 1260; x_wconf 77' lang='grc' dir='ltr'>τοῦτο</span> <span class='ocrx_word' id='word_1_510' title='bbox 1901 1219 2250 1271; x_wconf 83' lang='grc' dir='ltr'>μετακοσμήσαντος.</span> 
     </span>
    </p>

    <p class='ocr_par' dir='ltr' id='par_1_19' title="bbox 1331 1272 2372 1510">
     <span class='ocr_line' id='line_1_72' title="bbox 1409 1272 2368 1329; baseline -0.007 -7"><span class='ocrx_word' id='word_1_511' title='bbox 1409 1284 1585 1322; x_wconf 85' lang='lat' dir='ltr'>Stobaeus</span> <span class='ocrx_word' id='word_1_512' title='bbox 1613 1283 1719 1321; x_wconf 89' lang='lat' dir='ltr'>Flor.</span> <span class='ocrx_word' id='word_1_513' title='bbox 1753 1282 1825 1328; x_wconf 87' lang='lat' dir='ltr'>XI,</span> <span class='ocrx_word' id='word_1_514' title='bbox 1858 1292 1924 1317; x_wconf 82' lang='lat'>21.</span> <span class='ocrx_word' id='word_1_515' title='bbox 1962 1279 2110 1329; x_wconf 81' lang='lat' dir='ltr'>Scripsi</span> <span class='ocrx_word' id='word_1_516' title='bbox 2124 1282 2139 1301; x_wconf 79' lang='lat'><strong>⁰</strong></span> <span class='ocrx_word' id='word_1_517' title='bbox 2170 1272 2368 1327; x_wconf 67' lang='grc' dir='ltr'>ἄληθηΐηνς</span> 
     </span>
     <span class='ocr_line' id='line_1_73' title="bbox 1331 1337 2372 1390; baseline -0.008 -7"><span class='ocrx_word' id='word_1_518' title='bbox 1331 1359 1375 1383; x_wconf 91' lang='lat' dir='ltr'>co</span> <span class='ocrx_word' id='word_1_519' title='bbox 1406 1344 1443 1382; x_wconf 90' lang='lat' dir='ltr'>d.</span> <span class='ocrx_word' id='word_1_520' title='bbox 1488 1341 1668 1390; x_wconf 84' lang='grc' dir='ltr'>ἀληθείην.</span> <span class='ocrx_word' id='word_1_521' title='bbox 1702 1341 1785 1372; x_wconf 59' lang='lat' dir='ltr'>-ub</span> <span class='ocrx_word' id='word_1_522' title='bbox 1814 1338 1902 1388; x_wconf 77' lang='grc' dir='ltr'>αἷεὶ;</span> <span class='ocrx_word' id='word_1_523' title='bbox 1936 1339 2048 1378; x_wconf 92' lang='lat' dir='ltr'>codd.</span> <span class='ocrx_word' id='word_1_524' title='bbox 2075 1337 2201 1376; x_wconf 81' lang='grc' dir='ltr'>ἀεὶ-</span> <span class='ocrx_word' id='word_1_525' title='bbox 2223 1343 2240 1361; x_wconf 81' lang='lat'><strong>⁰</strong></span> <span class='ocrx_word' id='word_1_526' title='bbox 2257 1341 2372 1386; x_wconf 59' lang='lat' dir='ltr'>³0th</span> 
     </span>
     <span class='ocr_line' id='line_1_74' title="bbox 1332 1397 2371 1454; baseline -0.006 -13"><span class='ocrx_word' id='word_1_527' title='bbox 1332 1404 1428 1442; x_wconf 89' lang='lat' dir='ltr'>libri</span> <span class='ocrx_word' id='word_1_528' title='bbox 1444 1408 1527 1446; x_wconf 84' lang='grc' dir='ltr'>τοῖς.</span> <span class='ocrx_word' id='word_1_529' title='bbox 1548 1424 1601 1432; x_wconf 91' lang='grc'>-</span> <span class='ocrx_word' id='word_1_530' title='bbox 1614 1400 1631 1425; x_wconf 80' lang='lat'>‘¹</span> <span class='ocrx_word' id='word_1_531' title='bbox 1646 1400 1888 1454; x_wconf 85' lang='grc' dir='ltr'>χρηιζόντων;</span> <span class='ocrx_word' id='word_1_532' title='bbox 1918 1398 2031 1438; x_wconf 89' lang='lat' dir='ltr'>codd.</span> <span class='ocrx_word' id='word_1_533' title='bbox 2050 1397 2266 1451; x_wconf 82' lang='grc' dir='ltr'>χρηζόντων.</span> <span class='ocrx_word' id='word_1_534' title='bbox 2289 1399 2371 1444; x_wconf 48' lang='lat'>—⁰,</span> 
     </span>
     <span class='ocr_line' id='line_1_75' title="bbox 1331 1461 2356 1510; baseline -0.005 -11"><span class='ocrx_word' id='word_1_535' title='bbox 1331 1463 1388 1510; x_wconf 83' lang='grc' dir='ltr'>ε’ς;</span> <span class='ocrx_word' id='word_1_536' title='bbox 1405 1461 1499 1500; x_wconf 89' lang='lat' dir='ltr'>libri</span> <span class='ocrx_word' id='word_1_537' title='bbox 1515 1462 1573 1503; x_wconf 87' lang='grc' dir='ltr'>εἷς.</span> <span class='ocrx_word' id='word_1_538' title='bbox 1592 1482 1645 1489; x_wconf 96' lang='grc'>-</span> <span class='ocrx_word' id='word_1_539' title='bbox 2354 1492 2356 1494; x_wconf 89' lang='grc'>.</span> 
     </span>
    </p>

    <p class='ocr_par' dir='ltr' id='par_1_20' title="bbox 1334 1508 2374 1631">
     <span class='ocr_line' id='line_1_76' title="bbox 1384 1508 2370 1570; baseline -0.007 -12"><span class='ocrx_word' id='word_1_540' title='bbox 1384 1533 1433 1559; x_wconf 83' lang='lat'>20.</span> <span class='ocrx_word' id='word_1_541' title='bbox 1461 1521 1504 1559; x_wconf 85' lang='grc' dir='ltr'>Ψ</span> <span class='ocrx_word' id='word_1_542' title='bbox 1507 1518 1666 1557; x_wconf 81' lang='grc' dir='ltr'>εύδεσθαι</span> <span class='ocrx_word' id='word_1_543' title='bbox 1701 1518 1735 1556; x_wconf 83' lang='grc' dir='ltr'>ἔν</span> <span class='ocrx_word' id='word_1_544' title='bbox 1769 1517 1849 1557; x_wconf 87' lang='grc' dir='ltr'>πόλι</span> <span class='ocrx_word' id='word_1_545' title='bbox 1862 1523 1877 1541; x_wconf 79' lang='lat'>⁸</span> <span class='ocrx_word' id='word_1_546' title='bbox 1910 1516 1999 1570; x_wconf 82' lang='grc' dir='ltr'>μηδὲ</span> <span class='ocrx_word' id='word_1_547' title='bbox 2029 1508 2076 1560; x_wconf 71' lang='grc' dir='ltr'>εἷς</span> <span class='ocrx_word' id='word_1_548' title='bbox 2098 1514 2201 1566; x_wconf 88' lang='grc' dir='ltr'>νόμος</span> <span class='ocrx_word' id='word_1_549' title='bbox 2235 1513 2370 1567; x_wconf 75' lang='grc' dir='ltr'>ξυγχω-</span> 
     </span>
     <span class='ocr_line' id='line_1_77' title="bbox 1334 1572 2374 1631; baseline -0.006 -15"><span class='ocrx_word' id='word_1_550' title='bbox 1334 1577 1440 1631; x_wconf 86' lang='grc' dir='ltr'>ρεέτω</span> <span class='ocrx_word' id='word_1_551' title='bbox 1461 1576 1606 1629; x_wconf 85' lang='grc' dir='ltr'>μηδενί,</span> <span class='ocrx_word' id='word_1_552' title='bbox 1627 1574 1647 1600; x_wconf 72' lang='lat' dir='ltr'>b</span> <span class='ocrx_word' id='word_1_553' title='bbox 1683 1576 1829 1626; x_wconf 83' lang='grc' dir='ltr'>μηδενὸς</span> <span class='ocrx_word' id='word_1_554' title='bbox 1855 1576 1946 1625; x_wconf 82' lang='grc' dir='ltr'>πλὴν</span> <span class='ocrx_word' id='word_1_555' title='bbox 1977 1578 2037 1614; x_wconf 75' lang='grc' dir='ltr'>τοῦ</span> <span class='ocrx_word' id='word_1_556' title='bbox 2077 1573 2280 1627; x_wconf 73' lang='grc' dir='ltr'>φιλαλήθεος</span> <span class='ocrx_word' id='word_1_557' title='bbox 2313 1572 2374 1611; x_wconf 74' lang='grc' dir='ltr'>καὶ</span> 
     </span>
    </p>
   </div>
   <div class='ocr_carea' id='block_1_8' title="bbox 1332 1630 2417 1687">
    <p class='ocr_par' dir='ltr' id='par_1_21' title="bbox 1332 1630 2417 1687">
     <span class='ocr_line' id='line_1_78' title="bbox 1332 1630 2417 1687; baseline -0.006 -12"><span class='ocrx_word' id='word_1_558' title='bbox 1332 1637 1499 1687; x_wconf 85' lang='grc' dir='ltr'>νοήμονος</span> <span class='ocrx_word' id='word_1_559' title='bbox 1518 1635 1748 1686; x_wconf 83' lang='grc' dir='ltr'>ἐπισταμένου</span> <span class='ocrx_word' id='word_1_560' title='bbox 1762 1651 1800 1674; x_wconf 90' lang='grc' dir='ltr'>τε</span> <span class='ocrx_word' id='word_1_561' title='bbox 1818 1635 1914 1674; x_wconf 85' lang='grc' dir='ltr'>ὁκότε</span> <span class='ocrx_word' id='word_1_562' title='bbox 1929 1635 1988 1674; x_wconf 79' lang='grc' dir='ltr'>καὶ</span> <span class='ocrx_word' id='word_1_563' title='bbox 1999 1632 2088 1678; x_wconf 77' lang='grc' dir='ltr'>ὅκως</span> <span class='ocrx_word' id='word_1_564' title='bbox 2101 1631 2236 1686; x_wconf 74' lang='grc' dir='ltr'>ὠφελίη</span> <span class='ocrx_word' id='word_1_565' title='bbox 2253 1633 2269 1655; x_wconf 74' lang='lat'><strong>⁰</strong></span> <span class='ocrx_word' id='word_1_566' title='bbox 2288 1630 2373 1684; x_wconf 72' lang='grc' dir='ltr'>ψεῦ-</span> <span class='ocrx_word' id='word_1_567' title='bbox 2414 1680 2417 1682; x_wconf 18' lang='lat' dir='ltr'>q</span> 
     </span>
    </p>
   </div>
   <div class='ocr_carea' id='block_1_9' title="bbox 1332 1687 2374 1922">
    <p class='ocr_par' dir='ltr' id='par_1_22' title="bbox 1332 1687 2374 1794">
     <span class='ocr_line' id='line_1_79' title="bbox 1333 1687 2374 1746; baseline -0.007 -12"><span class='ocrx_word' id='word_1_568' title='bbox 1333 1697 1422 1739; x_wconf 88' lang='grc' dir='ltr'>δεος·</span> <span class='ocrx_word' id='word_1_569' title='bbox 1442 1697 1504 1741; x_wconf 67' lang='grc' dir='ltr'>τῆς</span> <span class='ocrx_word' id='word_1_570' title='bbox 1521 1694 1556 1734; x_wconf 73' lang='grc' dir='ltr'>δὲ</span> <span class='ocrx_word' id='word_1_571' title='bbox 1579 1693 1648 1732; x_wconf 83' lang='grc' dir='ltr'>ἀπὸ</span> <span class='ocrx_word' id='word_1_572' title='bbox 1670 1693 1791 1733; x_wconf 83' lang='grc' dir='ltr'>τούτου</span> <span class='ocrx_word' id='word_1_573' title='bbox 1821 1693 2003 1746; x_wconf 81' lang='grc' dir='ltr'>γινομένης</span> <span class='ocrx_word' id='word_1_574' title='bbox 2021 1691 2142 1746; x_wconf 81' lang='grc' dir='ltr'>χρείης</span> <span class='ocrx_word' id='word_1_575' title='bbox 2162 1689 2338 1743; x_wconf 74' lang='grc' dir='ltr'>ἀναγκαίη</span> <span class='ocrx_word' id='word_1_576' title='bbox 2356 1687 2374 1714; x_wconf 81' lang='lat'>‘¹</span> 
     </span>
     <span class='ocr_line' id='line_1_80' title="bbox 1332 1753 2359 1794; baseline -0.008 -1"><span class='ocrx_word' id='word_1_577' title='bbox 1332 1753 1392 1794; x_wconf 71' lang='grc' dir='ltr'>καὶ</span> <span class='ocrx_word' id='word_1_578' title='bbox 1410 1758 1511 1792; x_wconf 83' lang='grc' dir='ltr'>τοῦτο</span> <span class='ocrx_word' id='word_1_579' title='bbox 1531 1753 1676 1794; x_wconf 85' lang='grc' dir='ltr'>ποιέειν.</span> <span class='ocrx_word' id='word_1_580' title='bbox 2356 1784 2359 1785; x_wconf 19' lang='lat'><em>⁷</em></span> 
     </span>
    </p>

    <p class='ocr_par' dir='ltr' id='par_1_23' title="bbox 1332 1805 2374 1922">
     <span class='ocr_line' id='line_1_81' title="bbox 1389 1805 2373 1864; baseline -0.005 -12"><span class='ocrx_word' id='word_1_581' title='bbox 1389 1813 1586 1864; x_wconf 84' lang='lat' dir='ltr'>(Stobaeus</span> <span class='ocrx_word' id='word_1_582' title='bbox 1610 1813 1718 1853; x_wconf 92' lang='lat' dir='ltr'>Flor.</span> <span class='ocrx_word' id='word_1_583' title='bbox 1742 1812 1810 1860; x_wconf 84' lang='lat' dir='ltr'>XI,</span> <span class='ocrx_word' id='word_1_584' title='bbox 1840 1827 1888 1850; x_wconf 83' lang='lat'>22</span> <span class='ocrx_word' id='word_1_585' title='bbox 1912 1816 1970 1851; x_wconf 79' lang='grc' dir='ltr'>τοῦ</span> <span class='ocrx_word' id='word_1_586' title='bbox 2002 1811 2122 1850; x_wconf 78' lang='grc' dir='ltr'>αὐτοῦ.</span> <span class='ocrx_word' id='word_1_587' title='bbox 2151 1805 2336 1860; x_wconf 75' lang='lat' dir='ltr'>Scripsi:</span> <span class='ocrx_word' id='word_1_588' title='bbox 2357 1806 2373 1830; x_wconf 68' lang='lat'><strong><em>⁴</em></strong></span> 
     </span>
     <span class='ocr_line' id='line_1_82' title="bbox 1332 1867 2374 1922; baseline -0.005 -12"><span class='ocrx_word' id='word_1_589' title='bbox 1332 1871 1436 1919; x_wconf 77' lang='grc' dir='ltr'>πόλι;</span> <span class='ocrx_word' id='word_1_590' title='bbox 1459 1872 1572 1912; x_wconf 90' lang='lat' dir='ltr'>codd.</span> <span class='ocrx_word' id='word_1_591' title='bbox 1596 1870 1707 1909; x_wconf 83' lang='grc' dir='ltr'>πόλει.</span> <span class='ocrx_word' id='word_1_592' title='bbox 1723 1884 1796 1909; x_wconf 86' lang='lat' dir='ltr'>-—b</span> <span class='ocrx_word' id='word_1_593' title='bbox 1818 1869 1952 1922; x_wconf 87' lang='grc' dir='ltr'>μηδενί,</span> <span class='ocrx_word' id='word_1_594' title='bbox 1970 1868 2114 1920; x_wconf 82' lang='grc' dir='ltr'>μηδενὸς</span> <span class='ocrx_word' id='word_1_595' title='bbox 2126 1882 2215 1909; x_wconf 91' lang='lat' dir='ltr'>cum</span> <span class='ocrx_word' id='word_1_596' title='bbox 2231 1867 2374 1906; x_wconf 82' lang='lat' dir='ltr'>Jacob-</span> 
     </span>
    </p>
   </div>
   <div class='ocr_carea' id='block_1_10' title="bbox 1333 1923 2421 1982">
    <p class='ocr_par' dir='ltr' id='par_1_24' title="bbox 1333 1923 2421 1982">
     <span class='ocr_line' id='line_1_83' title="bbox 1333 1923 2421 1982; baseline -0.005 -13"><span class='ocrx_word' id='word_1_597' title='bbox 1333 1931 1392 1969; x_wconf 90' lang='lat' dir='ltr'>sio</span> <span class='ocrx_word' id='word_1_598' title='bbox 1412 1931 1454 1968; x_wconf 94' lang='lat' dir='ltr'>in</span> <span class='ocrx_word' id='word_1_599' title='bbox 1471 1930 1592 1969; x_wconf 90' lang='lat' dir='ltr'>Lectt.</span> <span class='ocrx_word' id='word_1_600' title='bbox 1614 1930 1718 1968; x_wconf 87' lang='lat' dir='ltr'>Stob.</span> <span class='ocrx_word' id='word_1_601' title='bbox 1734 1945 1775 1982; x_wconf 91' lang='lat' dir='ltr'>p.</span> <span class='ocrx_word' id='word_1_602' title='bbox 1790 1932 1836 1968; x_wconf 94' lang='lat'>61</span> <span class='ocrx_word' id='word_1_603' title='bbox 1853 1946 1863 1978; x_wconf 90' lang='lat'>;</span> <span class='ocrx_word' id='word_1_604' title='bbox 1885 1930 1980 1968; x_wconf 89' lang='lat' dir='ltr'>libri</span> <span class='ocrx_word' id='word_1_605' title='bbox 2000 1928 2189 1979; x_wconf 80' lang='grc' dir='ltr'>μηδενί-</span> <span class='ocrx_word' id='word_1_606' title='bbox 2206 1935 2223 1953; x_wconf 77' lang='lat'><strong>⁰</strong></span> <span class='ocrx_word' id='word_1_607' title='bbox 2238 1923 2374 1980; x_wconf 74' lang='grc' dir='ltr'>ὠφελίη</span> <span class='ocrx_word' id='word_1_608' title='bbox 2420 1926 2421 1929; x_wconf 65' lang='grc'>’</span> 
     </span>
    </p>
   </div>
   <div class='ocr_carea' id='block_1_11' title="bbox 1333 1986 2373 2159">
    <p class='ocr_par' dir='ltr' id='par_1_25' title="bbox 1333 1986 2373 2159">
     <span class='ocr_line' id='line_1_84' title="bbox 1335 1986 2373 2041; baseline -0.004 -14"><span class='ocrx_word' id='word_1_609' title='bbox 1335 2002 1422 2027; x_wconf 88' lang='lat' dir='ltr'>cum</span> <span class='ocrx_word' id='word_1_610' title='bbox 1445 1988 1656 2036; x_wconf 79' lang='lat' dir='ltr'>Meineki03</span> <span class='ocrx_word' id='word_1_611' title='bbox 1681 1989 1794 2027; x_wconf 89' lang='lat' dir='ltr'>codd.</span> <span class='ocrx_word' id='word_1_612' title='bbox 1814 1989 1852 2027; x_wconf 78' lang='grc' dir='ltr'>οὗ</span> <span class='ocrx_word' id='word_1_613' title='bbox 1873 1987 1981 2041; x_wconf 83' lang='grc' dir='ltr'>φιλίη.</span> <span class='ocrx_word' id='word_1_614' title='bbox 2004 1986 2079 2018; x_wconf 86' lang='lat'>-‘¹</span> <span class='ocrx_word' id='word_1_615' title='bbox 2096 1986 2269 2040; x_wconf 85' lang='grc' dir='ltr'>ἀναγκαίη</span> <span class='ocrx_word' id='word_1_616' title='bbox 2286 1998 2373 2024; x_wconf 89' lang='lat' dir='ltr'>cum</span> 
     </span>
     <span class='ocr_line' id='line_1_85' title="bbox 1333 2044 2047 2099; baseline 0 -15"><span class='ocrx_word' id='word_1_617' title='bbox 1333 2047 1474 2085; x_wconf 87' lang='lat' dir='ltr'>Koenio</span> <span class='ocrx_word' id='word_1_618' title='bbox 1496 2048 1543 2084; x_wconf 89' lang='lat' dir='ltr'>ad</span> <span class='ocrx_word' id='word_1_619' title='bbox 1562 2044 1679 2096; x_wconf 77' lang='lat' dir='ltr'>Greg.</span> <span class='ocrx_word' id='word_1_620' title='bbox 1701 2047 1793 2085; x_wconf 87' lang='lat' dir='ltr'>Cor.</span> <span class='ocrx_word' id='word_1_621' title='bbox 1819 2061 1860 2099; x_wconf 82' lang='lat' dir='ltr'>p.</span> <span class='ocrx_word' id='word_1_622' title='bbox 1882 2048 1973 2097; x_wconf 80' lang='lat'>393.</span> <span class='ocrx_word' id='word_1_623' title='bbox 1996 2069 2047 2075; x_wconf 94' lang='lat'>—</span> 
     </span>
     <span class='ocr_line' id='line_1_86' title="bbox 1386 2102 2372 2159; baseline -0.002 -15"><span class='ocrx_word' id='word_1_624' title='bbox 1386 2119 1434 2145; x_wconf 79' lang='lat'>21.</span> <span class='ocrx_word' id='word_1_625' title='bbox 1459 2105 1648 2159; x_wconf 78' lang='grc' dir='ltr'>Παῤῥησίη</span> <span class='ocrx_word' id='word_1_626' title='bbox 1662 2106 1730 2144; x_wconf 82' lang='grc' dir='ltr'>ἀπὸ</span> <span class='ocrx_word' id='word_1_627' title='bbox 1743 2104 1885 2157; x_wconf 83' lang='grc' dir='ltr'>γνώμης</span> <span class='ocrx_word' id='word_1_628' title='bbox 1904 2106 2084 2158; x_wconf 82' lang='grc' dir='ltr'>ἐλευθέρης</span> <span class='ocrx_word' id='word_1_629' title='bbox 2098 2104 2159 2143; x_wconf 80' lang='grc' dir='ltr'>καὶ</span> <span class='ocrx_word' id='word_1_630' title='bbox 2171 2102 2372 2159; x_wconf 68' lang='grc' dir='ltr'>ἀλῃθηΐην“</span> 
     </span>
    </p>
   </div>
   <div class='ocr_carea' id='block_1_12' title="bbox 1332 2152 2459 2221">
    <p class='ocr_par' dir='ltr' id='par_1_26' title="bbox 1332 2152 2459 2221">
     <span class='ocr_line' id='line_1_87' title="bbox 1332 2152 2459 2221; baseline -0.002 -15"><span class='ocrx_word' id='word_1_631' title='bbox 1332 2168 1576 2218; x_wconf 83' lang='grc' dir='ltr'>ἀσπαζομένης</span> <span class='ocrx_word' id='word_1_632' title='bbox 1601 2167 1825 2221; x_wconf 81' lang='grc' dir='ltr'>προέρχεται·</span> <span class='ocrx_word' id='word_1_633' title='bbox 1850 2168 2018 2220; x_wconf 84' lang='grc' dir='ltr'>παρέξεαι</span> <span class='ocrx_word' id='word_1_634' title='bbox 2038 2166 2074 2205; x_wconf 80' lang='grc' dir='ltr'>δὲ</span> <span class='ocrx_word' id='word_1_635' title='bbox 2094 2163 2202 2214; x_wconf 76' lang='grc' dir='ltr'>αὗτὴν</span> <span class='ocrx_word' id='word_1_636' title='bbox 2215 2165 2373 2218; x_wconf 79' lang='grc' dir='ltr'>ἀμώμη-</span> <span class='ocrx_word' id='word_1_637' title='bbox 2415 2162 2418 2163; x_wconf 36' lang='grc'>’</span> <span class='ocrx_word' id='word_1_638' title='bbox 2456 2152 2459 2155; x_wconf 39' lang='lat'><strong><em>&gt;</em></strong></span> 
     </span>
    </p>
   </div>
   <div class='ocr_carea' id='block_1_13' title="bbox 1330 2225 2380 2339">
    <p class='ocr_par' dir='ltr' id='par_1_27' title="bbox 1330 2225 2380 2339">
     <span class='ocr_line' id='line_1_88' title="bbox 1330 2225 2380 2279; baseline 0.001 -15"><span class='ocrx_word' id='word_1_639' title='bbox 1330 2242 1386 2265; x_wconf 84' lang='grc' dir='ltr'>τον</span> <span class='ocrx_word' id='word_1_640' title='bbox 1409 2228 1446 2264; x_wconf 81' lang='grc' dir='ltr'>οὐ</span> <span class='ocrx_word' id='word_1_641' title='bbox 1463 2228 1514 2279; x_wconf 79' lang='grc' dir='ltr'>τῷ</span> <span class='ocrx_word' id='word_1_642' title='bbox 1534 2231 1622 2264; x_wconf 86' lang='grc' dir='ltr'>πᾶσι</span> <span class='ocrx_word' id='word_1_643' title='bbox 1639 2226 1700 2265; x_wconf 80' lang='grc' dir='ltr'>καὶ</span> <span class='ocrx_word' id='word_1_644' title='bbox 1723 2229 1769 2270; x_wconf 80' lang='grc' dir='ltr'>ὡς</span> <span class='ocrx_word' id='word_1_645' title='bbox 1788 2226 1909 2279; x_wconf 86' lang='grc' dir='ltr'>ἔτυχεν</span> <span class='ocrx_word' id='word_1_646' title='bbox 1936 2228 2099 2277; x_wconf 81' lang='grc' dir='ltr'>ἐπιτιμᾶν</span> <span class='ocrx_word' id='word_1_647' title='bbox 2118 2225 2179 2265; x_wconf 81' lang='grc' dir='ltr'>καὶ</span> <span class='ocrx_word' id='word_1_648' title='bbox 2200 2225 2380 2279; x_wconf 69' lang='grc' dir='ltr'>λοιδορέεέ</span> 
     </span>
     <span class='ocr_line' id='line_1_89' title="bbox 1331 2279 2374 2339; baseline 0.001 -16"><span class='ocrx_word' id='word_1_649' title='bbox 1331 2289 1426 2333; x_wconf 87' lang='grc' dir='ltr'>σθαι,</span> <span class='ocrx_word' id='word_1_650' title='bbox 1443 2285 1593 2336; x_wconf 83' lang='grc' dir='ltr'>νομίζων</span> <span class='ocrx_word' id='word_1_651' title='bbox 1613 2289 1714 2324; x_wconf 78' lang='grc' dir='ltr'>τοῦτο</span> <span class='ocrx_word' id='word_1_652' title='bbox 1735 2279 1824 2324; x_wconf 63' lang='grc' dir='ltr'>εἶναι</span> <span class='ocrx_word' id='word_1_653' title='bbox 1845 2285 1906 2333; x_wconf 79' lang='grc' dir='ltr'>τὴν</span> <span class='ocrx_word' id='word_1_654' title='bbox 1920 2285 2135 2339; x_wconf 81' lang='grc' dir='ltr'>παῤῥησίην·</span> <span class='ocrx_word' id='word_1_655' title='bbox 2152 2286 2229 2323; x_wconf 82' lang='grc' dir='ltr'>ἀλλ’</span> <span class='ocrx_word' id='word_1_656' title='bbox 2240 2287 2270 2324; x_wconf 80' lang='grc' dir='ltr'>εἷ</span> <span class='ocrx_word' id='word_1_657' title='bbox 2287 2285 2374 2338; x_wconf 84' lang='grc' dir='ltr'>πρὸς</span> 
     </span>
    </p>
   </div>
   <div class='ocr_carea' id='block_1_14' title="bbox 1272 2338 2375 2398">
    <p class='ocr_par' dir='ltr' id='par_1_28' title="bbox 1272 2338 2375 2398">
     <span class='ocr_line' id='line_1_90' title="bbox 1272 2338 2375 2398; baseline -0.002 -14"><span class='ocrx_word' id='word_1_658' title='bbox 1272 2378 1278 2384; x_wconf 92' lang='grc'>.</span> <span class='ocrx_word' id='word_1_659' title='bbox 1333 2343 1391 2388; x_wconf 73' lang='grc' dir='ltr'>οὓς</span> <span class='ocrx_word' id='word_1_660' title='bbox 1413 2346 1463 2383; x_wconf 84' lang='grc' dir='ltr'>δεῖ</span> <span class='ocrx_word' id='word_1_661' title='bbox 1491 2346 1553 2384; x_wconf 72' lang='grc' dir='ltr'>καὶ</span> <span class='ocrx_word' id='word_1_662' title='bbox 1572 2345 1660 2398; x_wconf 79' lang='grc' dir='ltr'>ὑπὲρ</span> <span class='ocrx_word' id='word_1_663' title='bbox 1687 2345 1788 2384; x_wconf 85' lang='grc' dir='ltr'>τίνων</span> <span class='ocrx_word' id='word_1_664' title='bbox 1817 2343 1887 2397; x_wconf 81' lang='grc' dir='ltr'>χρὴ</span> <span class='ocrx_word' id='word_1_665' title='bbox 1907 2344 1968 2383; x_wconf 73' lang='grc' dir='ltr'>καὶ</span> <span class='ocrx_word' id='word_1_666' title='bbox 1997 2345 2031 2382; x_wconf 80' lang='grc' dir='ltr'>ἐν</span> <span class='ocrx_word' id='word_1_667' title='bbox 2054 2338 2081 2397; x_wconf 74' lang='grc' dir='ltr'>ᾧ</span> <span class='ocrx_word' id='word_1_668' title='bbox 2108 2342 2178 2397; x_wconf 86' lang='grc' dir='ltr'>χρὴ</span> <span class='ocrx_word' id='word_1_669' title='bbox 2204 2343 2292 2395; x_wconf 78' lang='grc' dir='ltr'>μετὰ</span> <span class='ocrx_word' id='word_1_670' title='bbox 2312 2345 2375 2383; x_wconf 79' lang='grc' dir='ltr'>τοῦ</span> 
     </span>
    </p>
   </div>
   <div class='ocr_carea' id='block_1_15' title="bbox 1334 2490 2375 2770">
    <p class='ocr_par' dir='ltr' id='par_1_29' title="bbox 1334 2490 2375 2770">
     <span class='ocr_line' id='line_1_91' title="bbox 1335 2490 2373 2532; baseline -0.001 -9"><span class='ocrx_word' id='word_1_671' title='bbox 1335 2492 1501 2524; x_wconf 84' lang='lat' dir='ltr'>versatur.</span> <span class='ocrx_word' id='word_1_672' title='bbox 1549 2491 1612 2523; x_wconf 86' lang='lat' dir='ltr'>Sed</span> <span class='ocrx_word' id='word_1_673' title='bbox 1630 2492 1781 2532; x_wconf 88' lang='lat' dir='ltr'>quamvis</span> <span class='ocrx_word' id='word_1_674' title='bbox 1808 2491 1842 2524; x_wconf 89' lang='lat' dir='ltr'>in</span> <span class='ocrx_word' id='word_1_675' title='bbox 1856 2491 1955 2523; x_wconf 89' lang='lat' dir='ltr'>rebus</span> <span class='ocrx_word' id='word_1_676' title='bbox 1974 2490 2041 2523; x_wconf 92' lang='lat' dir='ltr'>suis</span> <span class='ocrx_word' id='word_1_677' title='bbox 2059 2499 2264 2532; x_wconf 77' lang='lat' dir='ltr'>nequaquam</span> <span class='ocrx_word' id='word_1_678' title='bbox 2282 2498 2373 2523; x_wconf 82' lang='lat' dir='ltr'>men-</span> 
     </span>
     <span class='ocr_line' id='line_1_92' title="bbox 1334 2548 2375 2589; baseline 0 -8"><span class='ocrx_word' id='word_1_679' title='bbox 1334 2549 1399 2581; x_wconf 84' lang='lat' dir='ltr'>dax</span> <span class='ocrx_word' id='word_1_680' title='bbox 1427 2549 1486 2589; x_wconf 85' lang='lat' dir='ltr'>sit,</span> <span class='ocrx_word' id='word_1_681' title='bbox 1507 2551 1615 2582; x_wconf 82' lang='lat' dir='ltr'>tamen</span> <span class='ocrx_word' id='word_1_682' title='bbox 1643 2549 1808 2582; x_wconf 85' lang='lat' dir='ltr'>interdum</span> <span class='ocrx_word' id='word_1_683' title='bbox 1829 2550 1914 2582; x_wconf 88' lang='lat' dir='ltr'>bono</span> <span class='ocrx_word' id='word_1_684' title='bbox 1934 2549 2076 2581; x_wconf 87' lang='lat' dir='ltr'>mixtum</span> <span class='ocrx_word' id='word_1_685' title='bbox 2100 2549 2307 2582; x_wconf 81' lang='lat' dir='ltr'>mendacium</span> <span class='ocrx_word' id='word_1_686' title='bbox 2333 2548 2375 2581; x_wconf 83' lang='lat' dir='ltr'>ad</span> 
     </span>
     <span class='ocr_line' id='line_1_93' title="bbox 1334 2607 2374 2650; baseline 0 -10"><span class='ocrx_word' id='word_1_687' title='bbox 1334 2609 1503 2641; x_wconf 88' lang='lat' dir='ltr'>hominum</span> <span class='ocrx_word' id='word_1_688' title='bbox 1521 2618 1559 2641; x_wconf 92' lang='lat' dir='ltr'>eo</span> <span class='ocrx_word' id='word_1_689' title='bbox 1583 2608 1798 2650; x_wconf 85' lang='lat' dir='ltr'>indigentium</span> <span class='ocrx_word' id='word_1_690' title='bbox 1813 2609 1989 2642; x_wconf 85' lang='lat' dir='ltr'>utilitatem</span> <span class='ocrx_word' id='word_1_691' title='bbox 2010 2608 2148 2650; x_wconf 77' lang='lat' dir='ltr'>profert,</span> <span class='ocrx_word' id='word_1_692' title='bbox 2166 2607 2224 2650; x_wconf 89' lang='lat' dir='ltr'>qui</span> <span class='ocrx_word' id='word_1_693' title='bbox 2241 2607 2374 2649; x_wconf 84' lang='lat' dir='ltr'>quidem</span> 
     </span>
     <span class='ocr_line' id='line_1_94' title="bbox 1334 2666 2374 2709; baseline -0.003 -9"><span class='ocrx_word' id='word_1_694' title='bbox 1334 2677 1410 2700; x_wconf 85' lang='lat' dir='ltr'>sane</span> <span class='ocrx_word' id='word_1_695' title='bbox 1437 2667 1491 2699; x_wconf 88' lang='lat' dir='ltr'>sui</span> <span class='ocrx_word' id='word_1_696' title='bbox 1520 2667 1665 2709; x_wconf 91' lang='lat' dir='ltr'>ipsorum</span> <span class='ocrx_word' id='word_1_697' title='bbox 1691 2667 1854 2700; x_wconf 90' lang='lat' dir='ltr'>commodi</span> <span class='ocrx_word' id='word_1_698' title='bbox 1877 2675 1979 2700; x_wconf 80' lang='lat' dir='ltr'>causo.</span> <span class='ocrx_word' id='word_1_699' title='bbox 2004 2666 2174 2699; x_wconf 81' lang='lat' dir='ltr'>mendacio</span> <span class='ocrx_word' id='word_1_700' title='bbox 2191 2666 2256 2699; x_wconf 83' lang='lat' dir='ltr'>isto</span> <span class='ocrx_word' id='word_1_701' title='bbox 2281 2666 2374 2706; x_wconf 64' lang='lat' dir='ltr'>deci-</span> 
     </span>
     <span class='ocr_line' id='line_1_95' title="bbox 1334 2725 2372 2770; baseline 0 -12"><span class='ocrx_word' id='word_1_702' title='bbox 1334 2726 1443 2767; x_wconf 89' lang='lat' dir='ltr'>piendi</span> <span class='ocrx_word' id='word_1_703' title='bbox 1469 2728 1556 2758; x_wconf 91' lang='lat' dir='ltr'>sunt.</span> <span class='ocrx_word' id='word_1_704' title='bbox 1600 2728 1692 2759; x_wconf 87' lang='lat' dir='ltr'>Tunc</span> <span class='ocrx_word' id='word_1_705' title='bbox 1707 2727 1794 2770; x_wconf 83' lang='lat' dir='ltr'>enim</span> <span class='ocrx_word' id='word_1_706' title='bbox 1810 2727 1915 2759; x_wconf 76' lang='lat' dir='ltr'>nolum</span> <span class='ocrx_word' id='word_1_707' title='bbox 1933 2735 1992 2758; x_wconf 89' lang='lat' dir='ltr'>nec</span> <span class='ocrx_word' id='word_1_708' title='bbox 2013 2735 2156 2767; x_wconf 83' lang='lat' dir='ltr'>unquam</span> <span class='ocrx_word' id='word_1_709' title='bbox 2171 2725 2249 2758; x_wconf 76' lang='lat' dir='ltr'>alins</span> <span class='ocrx_word' id='word_1_710' title='bbox 2263 2734 2372 2765; x_wconf 78' lang='lat' dir='ltr'>mens,</span> 
     </span>
    </p>
   </div>
   <div class='ocr_carea' id='block_1_16' title="bbox 1334 2782 2436 2827">
    <p class='ocr_par' dir='ltr' id='par_1_30' title="bbox 1334 2782 2436 2827">
     <span class='ocr_line' id='line_1_96' title="bbox 1334 2782 2436 2827; baseline 0 -11"><span class='ocrx_word' id='word_1_711' title='bbox 1334 2794 1437 2826; x_wconf 92' lang='lat' dir='ltr'>quum</span> <span class='ocrx_word' id='word_1_712' title='bbox 1457 2787 1586 2827; x_wconf 89' lang='lat' dir='ltr'>tempus</span> <span class='ocrx_word' id='word_1_713' title='bbox 1603 2787 1823 2827; x_wconf 88' lang='lat' dir='ltr'>opportunum</span> <span class='ocrx_word' id='word_1_714' title='bbox 1849 2795 1919 2818; x_wconf 90' lang='lat' dir='ltr'>esse</span> <span class='ocrx_word' id='word_1_715' title='bbox 1944 2784 2030 2826; x_wconf 85' lang='lat' dir='ltr'>scit,</span> <span class='ocrx_word' id='word_1_716' title='bbox 2049 2782 2226 2817; x_wconf 86' lang='lat' dir='ltr'>abhorrens</span> <span class='ocrx_word' id='word_1_717' title='bbox 2243 2784 2374 2817; x_wconf 82' lang='lat' dir='ltr'>interim</span> <span class='ocrx_word' id='word_1_718' title='bbox 2404 2795 2412 2798; x_wconf 85' lang='lat'><strong>·</strong></span> <span class='ocrx_word' id='word_1_719' title='bbox 2427 2787 2436 2791; x_wconf 83' lang='grc'><em>“</em></span> 
     </span>
    </p>
   </div>
   <div class='ocr_carea' id='block_1_17' title="bbox 1334 2842 2374 2885">
    <p class='ocr_par' dir='ltr' id='par_1_31' title="bbox 1334 2842 2374 2885">
     <span class='ocr_line' id='line_1_97' title="bbox 1334 2842 2374 2885; baseline 0 -10"><span class='ocrx_word' id='word_1_720' title='bbox 1334 2843 1375 2875; x_wconf 85' lang='lat' dir='ltr'>ab</span> <span class='ocrx_word' id='word_1_721' title='bbox 1402 2844 1552 2876; x_wconf 89' lang='lat' dir='ltr'>omnihus</span> <span class='ocrx_word' id='word_1_722' title='bbox 1571 2844 1642 2877; x_wconf 88' lang='lat' dir='ltr'>aliis</span> <span class='ocrx_word' id='word_1_723' title='bbox 1666 2844 1862 2884; x_wconf 82' lang='lat' dir='ltr'>mendaciis,</span> <span class='ocrx_word' id='word_1_724' title='bbox 1890 2844 1955 2876; x_wconf 85' lang='lat' dir='ltr'>tale</span> <span class='ocrx_word' id='word_1_725' title='bbox 1975 2842 2141 2885; x_wconf 83' lang='lat' dir='ltr'>quoddam</span> <span class='ocrx_word' id='word_1_726' title='bbox 2168 2842 2374 2876; x_wconf 71' lang='lat' dir='ltr'>mendacium</span> 
     </span>
    </p>
   </div>
   <div class='ocr_carea' id='block_1_18' title="bbox 1334 2899 2417 2944">
    <p class='ocr_par' dir='ltr' id='par_1_32' title="bbox 1334 2899 2417 2944">
     <span class='ocr_line' id='line_1_98' title="bbox 1334 2899 2417 2944; baseline 0 -11"><span class='ocrx_word' id='word_1_727' title='bbox 1334 2901 1472 2943; x_wconf 87' lang='lat' dir='ltr'>ingerit,</span> <span class='ocrx_word' id='word_1_728' title='bbox 1495 2911 1514 2935; x_wconf 90' lang='lat' dir='ltr'>e</span> <span class='ocrx_word' id='word_1_729' title='bbox 1539 2902 1739 2944; x_wconf 89' lang='lat' dir='ltr'>reliquorum</span> <span class='ocrx_word' id='word_1_730' title='bbox 1761 2902 1907 2934; x_wconf 87' lang='lat' dir='ltr'>omnium</span> <span class='ocrx_word' id='word_1_731' title='bbox 1933 2900 2179 2934; x_wconf 87' lang='lat' dir='ltr'>mendaciorum</span> <span class='ocrx_word' id='word_1_732' title='bbox 2202 2901 2319 2935; x_wconf 73' lang='lat' dir='ltr'>natura</span> <span class='ocrx_word' id='word_1_733' title='bbox 2339 2899 2386 2933; x_wconf 60' lang='lat' dir='ltr'>inv</span> <span class='ocrx_word' id='word_1_734' title='bbox 2415 2923 2417 2925; x_wconf 80' lang='lat'>.</span> 
     </span>
    </p>
   </div>
   <div class='ocr_carea' id='block_1_19' title="bbox 1334 2957 2375 3001">
    <p class='ocr_par' dir='ltr' id='par_1_33' title="bbox 1334 2957 2375 3001">
     <span class='ocr_line' id='line_1_99' title="bbox 1334 2957 2375 3001; baseline -0.001 -10"><span class='ocrx_word' id='word_1_735' title='bbox 1334 2960 1431 2992; x_wconf 84' lang='lat' dir='ltr'>aliam</span> <span class='ocrx_word' id='word_1_736' title='bbox 1448 2970 1584 3001; x_wconf 85' lang='lat' dir='ltr'>eamque</span> <span class='ocrx_word' id='word_1_737' title='bbox 1600 2961 1806 2993; x_wconf 88' lang='lat' dir='ltr'>utilissimam</span> <span class='ocrx_word' id='word_1_738' title='bbox 1823 2959 1963 3001; x_wconf 82' lang='lat' dir='ltr'>speciem</span> <span class='ocrx_word' id='word_1_739' title='bbox 1981 2959 2146 2991; x_wconf 83' lang='lat' dir='ltr'>mutatum</span> <span class='ocrx_word' id='word_1_740' title='bbox 2160 2959 2230 2991; x_wconf 84' lang='lat' dir='ltr'>arte</span> <span class='ocrx_word' id='word_1_741' title='bbox 2249 2957 2375 3000; x_wconf 79' lang='lat' dir='ltr'>sapien-</span> 
     </span>
    </p>
   </div>
   <div class='ocr_carea' id='block_1_20' title="bbox 1334 3016 2404 3060">
    <p class='ocr_par' dir='ltr' id='par_1_34' title="bbox 1334 3016 2404 3060">
     <span class='ocr_line' id='line_1_100' title="bbox 1334 3016 2404 3060; baseline -0.002 -9"><span class='ocrx_word' id='word_1_742' title='bbox 1334 3018 1443 3059; x_wconf 84' lang='lat' dir='ltr'>tiaque</span> <span class='ocrx_word' id='word_1_743' title='bbox 1462 3019 1565 3060; x_wconf 84' lang='lat' dir='ltr'>ipsius</span> <span class='ocrx_word' id='word_1_744' title='bbox 1578 3045 1586 3060; x_wconf 94' lang='lat'>,</span> <span class='ocrx_word' id='word_1_745' title='bbox 1615 3020 1729 3060; x_wconf 89' lang='lat' dir='ltr'>utpote</span> <span class='ocrx_word' id='word_1_746' title='bbox 1756 3028 1825 3051; x_wconf 87' lang='lat' dir='ltr'>rem</span> <span class='ocrx_word' id='word_1_747' title='bbox 1854 3018 1972 3050; x_wconf 84' lang='lat' dir='ltr'>malam</span> <span class='ocrx_word' id='word_1_748' title='bbox 1992 3018 2026 3049; x_wconf 93' lang='lat' dir='ltr'>in</span> <span class='ocrx_word' id='word_1_749' title='bbox 2042 3027 2115 3050; x_wconf 84' lang='lat' dir='ltr'>eam</span> <span class='ocrx_word' id='word_1_750' title='bbox 2132 3017 2268 3050; x_wconf 82' lang='lat' dir='ltr'>formam</span> <span class='ocrx_word' id='word_1_751' title='bbox 2284 3016 2371 3050; x_wconf 87' lang='lat' dir='ltr'>redi-</span> <span class='ocrx_word' id='word_1_752' title='bbox 2400 3024 2404 3027; x_wconf 63' lang='grc'><em>“</em></span> 
     </span>
    </p>
   </div>
   <div class='ocr_carea' id='block_1_21' title="bbox 1334 3078 2372 3463">
    <p class='ocr_par' dir='ltr' id='par_1_35' title="bbox 1334 3078 1448 3117">
     <span class='ocr_line' id='line_1_101' title="bbox 1334 3078 1448 3117; baseline 0.009 -9"><span class='ocrx_word' id='word_1_753' title='bbox 1334 3078 1448 3117; x_wconf 79' lang='lat' dir='ltr'>gentis.</span> 
     </span>
    </p>

    <p class='ocr_par' dir='ltr' id='par_1_36' title="bbox 1336 3131 2372 3399">
     <span class='ocr_line' id='line_1_102' title="bbox 1378 3131 2371 3173; baseline -0.001 -9"><span class='ocrx_word' id='word_1_754' title='bbox 1378 3137 1426 3165; x_wconf 91' lang='lat'>20.</span> <span class='ocrx_word' id='word_1_755' title='bbox 1452 3135 1487 3166; x_wconf 88' lang='lat' dir='ltr'>In</span> <span class='ocrx_word' id='word_1_756' title='bbox 1508 3134 1640 3166; x_wconf 86' lang='lat' dir='ltr'>civitate</span> <span class='ocrx_word' id='word_1_757' title='bbox 1664 3133 1794 3166; x_wconf 86' lang='lat' dir='ltr'>mentiri</span> <span class='ocrx_word' id='word_1_758' title='bbox 1822 3132 1911 3164; x_wconf 90' lang='lat' dir='ltr'>nulla</span> <span class='ocrx_word' id='word_1_759' title='bbox 1929 3132 1982 3164; x_wconf 84' lang='lat' dir='ltr'>lex</span> <span class='ocrx_word' id='word_1_760' title='bbox 2007 3131 2160 3173; x_wconf 82' lang='lat' dir='ltr'>cuiquam</span> <span class='ocrx_word' id='word_1_761' title='bbox 2184 3131 2371 3173; x_wconf 81' lang='lat' dir='ltr'>permittere</span> 
     </span>
     <span class='ocr_line' id='line_1_103' title="bbox 1336 3189 2372 3233; baseline -0.001 -10"><span class='ocrx_word' id='word_1_762' title='bbox 1336 3191 1431 3223; x_wconf 89' lang='lat' dir='ltr'>debet</span> <span class='ocrx_word' id='word_1_763' title='bbox 1441 3217 1448 3231; x_wconf 88' lang='lat'>,</span> <span class='ocrx_word' id='word_1_764' title='bbox 1466 3202 1569 3233; x_wconf 88' lang='lat' dir='ltr'>quum</span> <span class='ocrx_word' id='word_1_765' title='bbox 1585 3202 1680 3225; x_wconf 89' lang='lat' dir='ltr'>nemo</span> <span class='ocrx_word' id='word_1_766' title='bbox 1699 3191 1761 3224; x_wconf 88' lang='lat' dir='ltr'>nisi</span> <span class='ocrx_word' id='word_1_767' title='bbox 1775 3191 1826 3223; x_wconf 91' lang='lat' dir='ltr'>vir</span> <span class='ocrx_word' id='word_1_768' title='bbox 1840 3190 1987 3223; x_wconf 83' lang='lat' dir='ltr'>veritatis</span> <span class='ocrx_word' id='word_1_769' title='bbox 2002 3190 2168 3222; x_wconf 84' lang='lat' dir='ltr'>studiosus</span> <span class='ocrx_word' id='word_1_770' title='bbox 2186 3192 2220 3222; x_wconf 88' lang='lat' dir='ltr'>et</span> <span class='ocrx_word' id='word_1_771' title='bbox 2231 3189 2372 3231; x_wconf 74' lang='lat' dir='ltr'>prudens</span> 
     </span>
     <span class='ocr_line' id='line_1_104' title="bbox 1336 3247 2370 3292; baseline 0 -12"><span class='ocrx_word' id='word_1_772' title='bbox 1336 3250 1483 3290; x_wconf 91' lang='lat' dir='ltr'>noverit,</span> <span class='ocrx_word' id='word_1_773' title='bbox 1502 3251 1633 3291; x_wconf 84' lang='lat' dir='ltr'>quando</span> <span class='ocrx_word' id='word_1_774' title='bbox 1650 3253 1681 3283; x_wconf 87' lang='lat' dir='ltr'>et</span> <span class='ocrx_word' id='word_1_775' title='bbox 1699 3249 1862 3292; x_wconf 91' lang='lat' dir='ltr'>quomodo</span> <span class='ocrx_word' id='word_1_776' title='bbox 1879 3248 2048 3281; x_wconf 82' lang='lat' dir='ltr'>mendacia</span> <span class='ocrx_word' id='word_1_777' title='bbox 2068 3248 2193 3291; x_wconf 88' lang='lat' dir='ltr'>prosint</span> <span class='ocrx_word' id='word_1_778' title='bbox 2215 3260 2224 3279; x_wconf 75' lang='grc' dir='ltr'>ε</span> <span class='ocrx_word' id='word_1_779' title='bbox 2244 3247 2288 3280; x_wconf 92' lang='lat' dir='ltr'>ob</span> <span class='ocrx_word' id='word_1_780' title='bbox 2304 3247 2370 3280; x_wconf 86' lang='lat' dir='ltr'>uti-</span> 
     </span>
     <span class='ocr_line' id='line_1_105' title="bbox 1336 3306 2368 3350; baseline -0.001 -11"><span class='ocrx_word' id='word_1_781' title='bbox 1336 3307 1460 3339; x_wconf 87' lang='lat' dir='ltr'>litatem</span> <span class='ocrx_word' id='word_1_782' title='bbox 1479 3318 1574 3349; x_wconf 88' lang='lat' dir='ltr'>vero,</span> <span class='ocrx_word' id='word_1_783' title='bbox 1594 3315 1691 3350; x_wconf 87' lang='lat' dir='ltr'>quam</span> <span class='ocrx_word' id='word_1_784' title='bbox 1708 3309 1761 3340; x_wconf 87' lang='lat' dir='ltr'>illa</span> <span class='ocrx_word' id='word_1_785' title='bbox 1777 3317 1829 3340; x_wconf 88' lang='lat' dir='ltr'>res</span> <span class='ocrx_word' id='word_1_786' title='bbox 1850 3307 1990 3349; x_wconf 81' lang='lat' dir='ltr'>praebet,</span> <span class='ocrx_word' id='word_1_787' title='bbox 2011 3306 2081 3339; x_wconf 71' lang='lat' dir='ltr'>fieri</span> <span class='ocrx_word' id='word_1_788' title='bbox 2096 3306 2194 3342; x_wconf 79' lang='lat' dir='ltr'>etiam</span> <span class='ocrx_word' id='word_1_789' title='bbox 2214 3314 2286 3339; x_wconf 85' lang='lat' dir='ltr'>eam</span> <span class='ocrx_word' id='word_1_790' title='bbox 2308 3315 2368 3339; x_wconf 86' lang='lat' dir='ltr'>nc-</span> 
     </span>
     <span class='ocr_line' id='line_1_106' title="bbox 1338 3369 1509 3399; baseline 0.012 -2"><span class='ocrx_word' id='word_1_791' title='bbox 1338 3375 1427 3398; x_wconf 87' lang='lat' dir='ltr'>cesse</span> <span class='ocrx_word' id='word_1_792' title='bbox 1449 3369 1509 3399; x_wconf 87' lang='lat' dir='ltr'>est.</span> 
     </span>
    </p>

    <p class='ocr_par' dir='ltr' id='par_1_37' title="bbox 1382 3419 2370 3463">
     <span class='ocr_line' id='line_1_107' title="bbox 1382 3419 2370 3463; baseline -0.002 -9"><span class='ocrx_word' id='word_1_793' title='bbox 1382 3425 1432 3455; x_wconf 87' lang='lat'>21.</span> <span class='ocrx_word' id='word_1_794' title='bbox 1456 3423 1602 3455; x_wconf 72' lang='lat' dir='ltr'>Liberior</span> <span class='ocrx_word' id='word_1_795' title='bbox 1622 3433 1727 3456; x_wconf 85' lang='lat' dir='ltr'>sermo</span> <span class='ocrx_word' id='word_1_796' title='bbox 1751 3422 1792 3455; x_wconf 86' lang='lat' dir='ltr'>ab</span> <span class='ocrx_word' id='word_1_797' title='bbox 1810 3422 1916 3454; x_wconf 86' lang='lat' dir='ltr'>animo</span> <span class='ocrx_word' id='word_1_798' title='bbox 1932 3421 2071 3463; x_wconf 84' lang='lat' dir='ltr'>ingenuo</span> <span class='ocrx_word' id='word_1_799' title='bbox 2090 3422 2124 3453; x_wconf 82' lang='lat' dir='ltr'>et</span> <span class='ocrx_word' id='word_1_800' title='bbox 2138 3419 2290 3453; x_wconf 77' lang='lat' dir='ltr'>veritatis</span> <span class='ocrx_word' id='word_1_801' title='bbox 2303 3421 2370 3452; x_wconf 84' lang='lat' dir='ltr'>stu-</span> 
     </span>
    </p>
   </div>
   <div class='ocr_carea' id='block_1_22' title="bbox 2437 0 2528 895">
    <p class='ocr_par' dir='ltr' id='par_1_38' title="bbox 2437 0 2528 895">
     <span class='ocr_line' id='line_1_108' title="bbox 2437 0 2528 895; baseline 0 0"><span class='ocrx_word' id='word_1_802' title='bbox 2437 0 2528 895; x_wconf 95' lang='lat' dir='ltr'> </span> 
     </span>
    </p>
   </div>
   <div class='ocr_carea' id='block_1_23' title="bbox 2519 1027 2528 1156">
    <p class='ocr_par' dir='ltr' id='par_1_39' title="bbox 2519 1027 2528 1156">
     <span class='ocr_line' id='line_1_109' title="bbox 2519 1027 2528 1106; baseline 0 0"><span class='ocrx_word' id='word_1_803' title='bbox 2519 1027 2528 1106; x_wconf 72' lang='lat' dir='ltr'>i</span> 
     </span>
     <span class='ocr_line' id='line_1_110' title="bbox 2520 1130 2528 1156; baseline 0 0"><span class='ocrx_word' id='word_1_804' title='bbox 2520 1130 2528 1156; x_wconf 70' lang='grc' dir='ltr'><strong>Ξ</strong></span> 
     </span>
    </p>
   </div>
  </div>
 </body>
</html>
