2528 3788
42 303 43 308 ¹
153 258 157 262 '
213 298 218 304 ¹
244 255 461 308 Cnteroqui
480 256 743 310 Speusippus,
771 258 981 299 Aristotele
1006 269 1125 310 teste,
1149 263 1238 314 plu·
1267 265 1272 331 Ι

107 366 111 367 7
165 350 170 357 ,
189 326 253 355 m
269 323 427 355 naturas
446 314 496 354 ab
516 330 595 355 uno
611 330 726 357 orsus
745 318 969 369 constituit,
988 329 1027 358 et
1042 321 1240 373 principia

186 432 516 484 magnitudinum,
536 434 678 475 deinde
690 435 836 484 animi;
858 445 974 488 atque
989 438 1064 477 hoc
1078 440 1236 491 quidem

1083 172 1152 212 DE
1182 173 1480 217 SPEUSIPPO.
2304 189 2352 227 71

1299 264 1348 302 lis
1371 266 1589 304 exsolutum
1613 268 1891 320 sempiternum
1921 269 2029 323 (125)
2049 271 2131 310 fore
2159 272 2358 317 dixerunt.

1358 323 1559 375 Sequitur,
1589 335 1632 364 ut
1663 327 1710 365 de
1739 329 1891 379 ingenii
1915 332 2178 370 monumentis
2211 332 2355 383 quibus

1299 375 1543 430 Speusippus
1563 392 1705 418 nomen
1732 395 1843 420 suum
1864 384 2032 435 posteris
2052 386 2354 435 commendavit,

1299 435 1474 475 breviter
1496 437 1684 478 dicamus.
1708 440 1918 480 Librorum
1947 442 2033 495 ejus
2053 444 2200 497 duplex
2223 458 2345 495 genus

194 491 313 532 modo
331 493 507 533 extendit
533 503 705 536 naturas,
726 494 887 534 Constat
905 496 1010 535 enim
1037 497 1239 538 Platonem
1301 503 1472 544 notatur,
1506 497 1653 548 dialogi
1691 508 1729 537 et
1763 504 2031 542 commentarii
2068 505 2152 543 sive
2190 506 2351 557 ὑπομνή-

179 372 496 428 ;uniuscujusque
511 384 660 415 naturae
675 404 686 424 ,
706 375 814 415 aliud
836 389 1108 430 numerorum,
1131 381 1239 419 aliud

94 582 103 590 .,
134 542 142 558 “
190 562 348 592 omnem
368 565 500 593 rerum
525 555 753 594 varietatem
783 554 826 593 in
853 555 928 595 tria
959 569 1100 607 genera
1118 559 1241 609 diges.
1283 570 1403 611 7ματα
1423 556 1544 607 (126).
1582 557 1613 594 E
1639 557 1805 609 dialogis
1840 562 1971 600 nescio
1993 576 2040 600 an
2073 563 2352 603 celeberrimus

102 615 115 621 ²
131 628 138 649 χ
188 609 306 659 siue,
335 625 506 664 quorum
536 627 657 653 unum
683 613 817 662 ideas,
849 615 956 654 aliud
990 616 1136 658 formas
1155 631 1242 669 geo·
1302 613 1470 654 fueritis
1489 617 1556 667 qui
1571 616 1794 670 Ἀρίστιππος
1814 619 2118 663 inscribebatur.
2142 623 2350 662 Commen-

83 698 87 699 ν
115 705 118 708 .
187 671 369 712 metricas
402 685 491 712 cum
523 673 726 722 numeris,
765 674 926 713 tertium
963 687 1027 715 res
1059 676 1240 716 sensibus

1301 673 1489 714 tariorum
1510 676 1596 727 ejus
1622 676 1761 727 ingens
1791 677 1865 717 fuit
1896 680 2064 719 varietas
2081 711 2092 731 ‚
2115 683 2262 734 quippe
2282 684 2351 734 qui

1300 746 1404 771 nunc
1413 734 1590 774 Platonis
1601 749 1705 774 nunc
1717 737 1887 776 aliorum
1896 738 2220 791 philosophorum
2235 741 2249 793 (
2262 756 2277 780 1
2285 743 2350 794 27)

185 732 382 788 subjectas
427 735 713 790 complectitur.
759 737 848 777 Haec
899 741 952 779 ita
994 741 1240 793 suspicamur

1299 791 1480 842 dogmata
1496 794 1580 833 sive
1589 795 1901 849 explicata'(128)
1915 798 1999 836 sive
2017 799 2257 851 confutata(1
2267 800 2349 853 29),

182 793 340 838 auxisse
355 795 618 850 Speusippum
631 825 644 846 ,
664 805 709 836 ut
726 811 813 851 quae
831 798 957 838 eidem
984 800 1118 851 generi
1140 801 1239 840 sub-

179 865 267 894 esse
292 857 468 896 voluerat
493 855 633 907 Plato,
667 858 776 897 velut
806 858 949 898 formas
980 859 1233 910 geometricas

186 926 275 954 eum
290 917 492 966 ,numer-is,
517 928 564 955 ea
589 930 670 956 non
688 918 814 956 solum
835 918 950 957 aliter
968 919 1098 958 divisa
1121 922 1237 960 novis

64 952 68 970 Γ
111 979 115 981 ’
132 977 135 980 “
185 972 395 1024 generibus
412 974 625 1014 illustraret
639 984 678 1014 et
692 975 871 1028 partibus
891 977 1158 1027 distribueret,
1174 981 1237 1019 sed

184 1044 296 1072 suum
326 1034 470 1087 cuique
493 1036 626 1085 generi
654 1036 770 1074 etiam
802 1037 1043 1090 principium
1063 1040 1238 1091 assigna-

179 1091 380 1148 ret-(120).

240 1151 286 1192 ln
321 1153 545 1193 definienda
572 1153 671 1194 boni
712 1163 852 1194 natura
875 1157 926 1195 ad
957 1157 1237 1211 Pythagorico-

182 1225 269 1252 rum
285 1212 474 1266 placitum
500 1226 702 1264 regressus
721 1227 744 1252 a
768 1216 1038 1268 Peripateticis
1057 1218 1238 1260 dissentit

184 1271 445 1327 Speusippus.
476 1272 620 1312 Docuit
655 1274 883 1315 Aristoteles
912 1276 1026 1316 deum
1047 1287 1235 1320 aeternum

181 1339 221 1370 et
235 1331 428 1384 optimum
450 1332 570 1385 hujus
585 1333 852 1373 universitatis
875 1348 960 1374 esse
977 1337 1233 1391 principium.

180 1387 270 1436 Quo
303 1393 433 1444 posito
459 1392 711 1445 reprehendit
735 1401 816 1431 tum
847 1393 1128 1446 Pythagoricos
1154 1407 1234 1438 tum

181 1448 444 1503 Speusippum
459 1479 472 1499 ,
509 1451 616 1502 quod
647 1451 863 1491 bonitatem
897 1462 936 1492 et
971 1455 1235 1506 pulchritudi-

179 1520 270 1548 nem
298 1522 322 1548 a
350 1510 554 1565 principio
584 1518 716 1549 rerum
743 1513 1020 1563 segregandam
1042 1524 1079 1554 et
1107 1517 1154 1555 ad
1174 1531 1235 1557 ea-

179 1577 270 1605 rum
309 1565 426 1607 finem
473 1567 781 1607 transferendam
828 1582 912 1608 esse
951 1572 1230 1618 existimarint.

178 1622 327 1678 Nempe
361 1625 423 1665 illi
454 1627 497 1665 in
529 1626 705 1665 fraudem
736 1628 960 1668 inciderunt
989 1631 1231 1682 singularum

178 1694 310 1725 rerum
347 1684 664 1724 consideratione
706 1686 881 1739 decepti,
922 1702 1088 1740 quarum
1117 1693 1233 1734 initia

176 1752 224 1782 ne
240 1743 394 1783 semina
409 1756 547 1783 manca
565 1744 724 1796 quidem
749 1754 867 1797 atque
882 1747 1112 1799 imperfecta
1128 1763 1230 1803 sunt,

16 1812 21 1844 2
64 1812 85 1856 ¹·
126 1847 130 1851 ¹
176 1802 244 1842 sed
283 1802 495 1856 repetenda
525 1811 658 1842 tamen
692 1817 714 1843 e
759 1806 888 1845 causis
917 1810 1231 1852 antecedentibus

171 1859 305 1913 iisque
327 1856 522 1914 perfectis.
561 1862 696 1915 Neque
729 1877 827 1904 vero
859 1877 1072 1920 propterea
1105 1871 1227 1924 Speu-

174 1921 284 1974 sippi
296 1922 494 1962 sententia
508 1925 753 1975 aspernanda
771 1934 830 1965 est
843 1925 968 1980 (121).
984 1927 1092 1967 Idem
1110 1931 1226 1971 deum

174 1987 344 2023 nentem
372 1993 446 2020 nec
463 1983 535 2034 uni
559 1995 634 2021 nec
656 1982 764 2023 bono
795 1986 982 2036 aequalem
998 2018 1009 2039 ,
1035 1989 1103 2027 sed
1134 2004 1230 2043 pro-

175 2038 277 2090 priae
287 2047 434 2079 naturae
451 2053 534 2080 esse
551 2041 678 2080 voluit
693 2041 815 2095 (122).
839 2044 900 2082 Ad
914 2044 991 2083 hoc
1015 2046 1130 2086 deum
1146 2050 1226 2088 vim

174 2097 350 2151 appellat
375 2111 541 2151 eamque
563 2101 790 2151 animalem,
823 2116 902 2154 qua
933 2106 1065 2144 omnia
1089 2120 1228 2158 regan-

171 2163 237 2196 tur
256 2157 379 2211 (123).
404 2158 511 2205 Quid
523 2160 541 2197 ἓ
558 2160 666 2211 quod
696 2161 820 2202 animi
838 2171 1017 2202 naturam
1040 2164 1083 2204 in
1102 2166 1229 2209 forma

170 2215 230 2255 rei
260 2226 562 2271 quoquoversus
595 2233 669 2272 per
709 2220 811 2260 hanc
838 2223 1133 2263 universitatem
1166 2228 1228 2266 in-

169 2282 288 2315 tentae
319 2284 360 2316 et
385 2279 639 2318 commeantis
668 2281 800 2332 posuit
816 2281 937 2335 (124).
972 2283 1158 2323 Animum
1179 2288 1228 2327 de

170 2335 349 2387 magistri
367 2339 558 2377 sententia
571 2339 769 2392 triplicem
786 2340 922 2390 finxit,
946 2341 1058 2394 cujus
1078 2345 1226 2396 princi-

160 2391 317 2448 ¹patum,
329 2397 374 2436 id
389 2406 448 2437 est
460 2399 725 2451 rationem,in
745 2401 885 2452 capite,
902 2411 1085 2453 tanquam
1106 2405 1149 2443 in
1169 2419 1227 2444 ar-

163 2456 238 2505 ce,
252 2459 406 2510 posuit3
427 2466 466 2497 et
483 2457 580 2498 duas
598 2468 729 2512 partes
748 2473 887 2512 parere
902 2463 1047 2512 voluit,
1066 2464 1166 2502 iram
1190 2474 1228 2504 et

169 2516 419 2568 cupiditatem
442 2531 452 2556 ι
475 2531 572 2570 quas
593 2519 693 2558 locis
713 2520 769 2558 ita
786 2519 985 2571 disclusit,
1004 2531 1048 2561 ut
1066 2523 1165 2562 iram
1183 2525 1226 2563 in

165 2585 352 2630 pectore,
373 2577 627 2631 cupiditatem
650 2579 785 2619 subter
811 2582 1031 2633 praecordia
1061 2583 1222 2625 locaret.

168 2635 280 2677 Licet
316 2646 445 2677 autem
470 2637 583 2678 Plato
602 2639 724 2678 animi
745 2649 894 2692 partem
929 2642 1081 2682 ratione
1119 2657 1223 2695 prae-

111 2714 143 2746 ἧι
169 2695 290 2736 ditam
327 2697 449 2737 solam
487 2697 748 2738 immortalem
783 2712 867 2739 esse
900 2700 1079 2751 duceret,
1125 2704 1223 2742 reli-

159 2766 269 2808 quas
300 2755 398 2797 duas
428 2758 546 2797 morti
573 2758 803 2798 addiceret:
830 2760 1070 2813 Speusippus
1095 2770 1222 2801 tamen

167 2822 208 2854 et
231 2817 470 2858 Xenocrates
500 2825 624 2857 totum
655 2819 829 2858 animum
869 2821 1052 2872 corporis
1082 2822 1223 2861 vincu-

80 2926 102 2941 ¹
126 2916 137 2928 ”
159 2931 283 2978 Δαιςιιι.
309 2937 381 2970 19⁶.
397 2952 441 2960 —
458 2935 548 2979 (120)
569 2936 646 2970 vm.
666 2937 783 2980 fragm.
807 2940 877 2972 197.
895 2938 1044 2980 -(121)
1060 2939 1226 2973 Aristote-

166 2979 374 3026 unuetaph.
397 2984 456 3025 xi,
477 2986 496 3017 7
511 2993 586 3027 pag.
609 2987 702 3019 1072.
718 2987 755 3019 B.
778 2986 832 3020 ed.
854 2986 1084 3020 Bekker.v1d.
1107 2987 1224 3029 fragm.

69 3023 105 3079 ᾖ·
170 3029 244 3070 ms.
258 3047 303 3055 —
321 3032 410 3074 (122)
430 3032 581 3066 stobaeus
599 3033 668 3066 Ecl.
696 3034 791 3076 phys.
813 3036 847 3067 et
870 3035 941 3067 eth.
970 3033 1027 3067 lib.
1047 3035 1062 3066 I
1089 3043 1161 3077 cap.
1190 3039 1220 3076 2,

168 3077 211 3113 ΞΒ
226 3082 303 3121 pag.
322 3081 363 3113 58
383 3079 437 3114 ed.
458 3081 597 3115 Heeren.
620 3080 698 3115 Vid.
717 3080 834 3124 fragm.
850 3086 923 3117 200.
940 3100 982 3106 —
999 3082 1089 3123 (123)
1108 3083 1221 3116 Cicero

54 3114 74 3128 '¹
152 3121 211 3159 'Ge
226 3125 294 3158 nat.
317 3124 409 3160 deor.
439 3129 466 3169 1,
495 3130 544 3161 ¹8.
573 3145 619 3153 —
643 3128 732 3171 (124)
755 3129 908 3162 Stobaeus
931 3129 1042 3171 Eclog.
1061 3130 1158 3172 phys.
1187 3133 1220 3163 et

166 3170 238 3206 fl.
251 3170 311 3206 lib.
329 3175 430 3217 leap.
448 3179 490 3209 52
506 3184 578 3219 pag.
598 3179 659 3210 862
676 3176 729 3210 ed.
750 3178 889 3211 Heeren.
913 3176 989 3210 vid.
1013 3177 1127 3219 fragm.
1147 3183 1219 3214 201.

166 3234 212 3250 ιη-
223 3218 315 3262 (125)
330 3221 416 3256 Vide
432 3223 654 3267 olympiodori
674 3224 955 3259 commentarium
975 3224 1062 3258 ined.
1084 3226 1119 3258 in
1133 3226 1217 3260 Plat.

119 3305 122 3308 7
166 3265 324 3302 Mon.
349 3271 438 3313 apud
452 3271 577 3306 Victor.
603 3272 738 3306 cousin.
766 3272 800 3305 in
830 3273 967 3305 Journal
992 3272 1051 3306 des
1082 3275 1221 3307 savants

55 3314 117 3355 ]‘',*'
174 3316 256 3351 1835
270 3323 344 3359 pag.
368 3321 438 3353 ¹45.
454 3336 497 3344 —
518 3320 610 3363 (126)
630 3320 794 3363 Diogenes
810 3321 962 3354 Laertius
978 3323 1035 3361 lv,
1057 3323 1076 3354 4
1089 3323 1219 3355 καταλέ-

77 3361 114 3421 ¹?
169 3365 304 3402 Μηδὲ
319 3367 523 3410 πάμπλειστα
538 3369 755 3411 ὑπομνήματα
775 3370 830 3401 καὶ
847 3369 1028 3410 διαλόγους,
1053 3369 1084 3401 ἐν
1107 3369 1152 3407 οἷς
1165 3372 1218 3403 καὶ

167 3413 372 3456 ’Apte-cmm
394 3414 450 3449 τὸν
478 3417 664 3459 Κυρηναῖον.
693 3435 731 3444 -
757 3415 846 3458 (127)
871 3415 981 3449 Talem
1008 3423 1220 3451 numeramus

1300 863 1404 888 nunc
1425 851 1686 904 philosophiae
1709 853 1913 893 formulam
1946 855 1995 894 ab
2026 857 2112 908 ipso
2132 858 2351 911 Speusippo

1299 911 1554 962 compositam
1571 913 1828 954 continerent.
1844 914 1911 953 Est
1922 924 2048 954 autem
2064 917 2253 956 credibile
2266 918 2351 957 dia-

1298 967 1409 1019 logos
1425 972 1448 1008 a
1463 970 1682 1024 Speusippo
1702 973 1899 1023 eleganter
1914 974 1963 1012 ad
1978 975 2152 1014 Platonis
2172 990 2350 1016 normam

1299 1029 1464 1080 scriptos
1490 1043 1619 1068 rerum
1641 1040 1679 1070 et
1714 1030 1927 1071 verborum
1963 1035 2076 1086 copia
2108 1035 2348 1086 abundasse,

1299 1096 1337 1125 at
1361 1088 1604 1140 ὑπομνήματα
1626 1090 1745 1130 fuisse
1770 1093 1959 1141 opuscula
1987 1094 2160 1132 nondum
2188 1095 2235 1133 ad
2261 1096 2352 1134 edi-

1299 1147 1443 1186 tionem
1480 1150 1666 1201 expolita.
1705 1150 1888 1202 Ejusdem
1927 1153 2081 1202 generis
2109 1166 2193 1192 esse
2229 1154 2354 1206 liquet

1297 1208 1521 1258 volumina,
1555 1222 1642 1260 quae
1666 1211 2044 1250 Commentariorum
2075 1212 2234 1252 ordines
2266 1214 2349 1266 (τά-

1298 1264 1363 1312 ξεις
1395 1268 1676 1320 ὑπομνημάτων)
1708 1279 1746 1308 et
1791 1270 2169 1311 Commentariorum
2205 1273 2353 1326 dialogi

1298 1324 1309 1372 (
1318 1327 1603 1379 ὖπομνηματικοὶ
1625 1328 1805 1381 διάλογοι)
1832 1330 2167 1371 inscribebantur.
2189 1332 2352 1384 Oportet

1296 1385 1401 1424 enim
1421 1386 1590 1438 intelligi
1620 1388 1798 1439 dialogos
1827 1389 1876 1428 ad
1902 1391 2270 1431 commentariorum
2297 1395 2350 1432 si-

1296 1446 1560 1486 militudinem
1582 1448 1827 1498 accedentes,
1849 1449 1996 1501 quibus
2024 1451 2195 1503 scriptor
2221 1461 2350 1492 extre-

1295 1519 1396 1544 mam
1420 1520 1579 1546 manum
1607 1521 1686 1546 non
1712 1509 1901 1560 imposuit
1924 1510 2044 1563 (130).
2077 1511 2229 1551 Scimus
2262 1510 2348 1552 ὓπο-

1295 1565 1464 1616 μνήματα
1489 1567 1625 1605 vocari
1644 1579 1910 1619 saepenumero
1938 1570 2054 1607 etiam
2085 1578 2284 1610 accuratas
2308 1581 2347 1611 et

1294 1625 1497 1664 meditatas
1551 1627 1922 1676 commentationes,
1975 1629 2042 1668 sed
2085 1631 2347 1682 Speusippeos

1298 1683 1386 1722 illos
1409 1685 1587 1736 dialogos
1608 1699 1697 1725 cum
1725 1686 2071 1737 hypomnematum
2091 1689 2207 1728 turba
2225 1691 2347 1730 libros

1292 1755 1341 1781 ex
1366 1751 1542 1795 tempore
1557 1754 1595 1783 et
1624 1746 1868 1796 negligenter
1892 1748 2059 1799 scriptos
2089 1749 2208 1788 fuisse
2231 1750 2347 1790 nobis

1291 1803 1556 1852 persuasimus
1585 1803 1706 1856 (131).
1733 1804 1897 1856 Reliqua
1923 1820 2010 1858 quae
2030 1808 2077 1846 ad
2099 1808 2346 1850 celebrandas

1291 1859 1613 1901 Platonislaudes
1635 1863 1834 1914 pertinent
1854 1867 2021 1917 scripta„
2041 1867 2262 1918 περίδειπνον
2281 1870 2345 1907 vel

1289 1920 1477 1972 ἐγκώμιον,
1499 1922 1592 1960 item
1611 1923 1851 1974 epigramma
1869 1934 1906 1964 et
1922 1927 2106 1978 epistolas
2122 1929 2201 1978 jam
2226 1942 2344 1981 supra

1290 1981 1503 2031 attigimus.
1546 1981 1811 2033 Subjiciamus
1864 1998 1968 2024 nunc
2010 1986 2340 2039 Speusippeorum

1289 2040 1533 2079 voluminum
1567 2043 1903 2082 enumerationem
1931 2057 1954 2083 e
1981 2044 2169 2096 Diogenis
2198 2046 2342 2086 Laertii

1288 2099 1358 2140 lib.
1379 2099 1441 2148 IV,
1465 2101 1535 2145 4-5
1558 2101 1824 2153 depromtam:
2183 2119 2185 2121 ’

1343 2172 1386 2223 (1)
1417 2171 1498 2225 περὶ
1517 2173 1690 2222 πλούτου,
1713 2175 1765 2215 α’.

1343 2229 1387 2284 (a)
1418 2231 1498 2283 περὶ
1514 2233 1640 2280 ἡδονῆς
1654 2264 1665 2282 ,
1685 2232 1731 2275 α’.

1342 2289 1384 2343 (a)
1413 2290 1496 2344 περὶ
1515 2291 1754 2341 δικαιοσύνης,
1779 2294 1827 2332 α’.

1342 2349 1392 2403 (4)
1424 2350 1504 2404 περὶ
1525 2352 1755 2404 φιλοσοφίας,
1778 2352 1822 2392 α’.

1346 2409 1388 2461 (5)
1418 2409 1500 2462 περὶ
1516 2410 1634 2462 φιλίας
1663 2415 1712 2450 α’.

1345 2469 1389 2519 (6)
1417 2468 1499 2522 περὶ
1519 2472 1627 2519 θεῶν,
1653 2470 1702 2511 α’.

1341 2528 1384 2580 (7)
1415 2526 1623 2581 φιλόσοφος,
1646 2528 1688 2572 α’.

1342 2586 1384 2638 (8)
1413 2585 1499 2639 πρὸς
1522 2586 1707 2640 Κέφαλον,
1726 2589 1773 2629 α’.

1340 2646 1386 2696 (9)
1415 2645 1604 2699 Κέφαλος,
1627 2663 1649 2685 α
1667 2678 1677 2687 .

1339 2705 1401 2757 (10)
1432 2705 1679 2760 Κλεινόμαχος
1698 2707 1721 2755 ἢ
1742 2709 1873 2752 Λυσίας
1888 2740 1898 2757 ,
1916 2711 1961 2748 α’.

1338 2765 1396 2818 (11)
1427 2765 1606 2815 Πολίτης,
1628 2766 1676 2808 α’.

1336 2825 1397 2875 (12)
1429 2824 1511 2878 περὶ
1530 2827 1659 2880 ψυχῆς,
1688 2826 1734 2868 α’.

1282 2935 1429 2970 libellum
1462 2939 1529 2980 περὶ
1558 2940 1783 2981 Πυθαγορικῶν
1821 2940 1958 2983 ἀριθμῶν
1986 2942 2021 2975 in
2061 2942 2335 2985 Theologumenis

1283 2983 1508 3022 Arithmeticae
1526 2985 1677 3020 citatum.
1697 2989 1838 3030 —(128)
1864 2989 1973 3022 schol.
1995 2990 2069 3023 cod.
2091 2991 2171 3032 Reg.
2196 2995 2276 3025 1853
2291 2993 2333 3024 ad

1283 3031 1423 3066 Aristot.
1442 3033 1485 3066 de
1498 3033 1584 3066 coelo
1599 3035 1626 3076 Ι,
1645 3038 1683 3068 10
1698 3044 1776 3078 pag.
1799 3038 1873 3070 489.
1896 3046 1926 3070 a.
1951 3038 2005 3070 ed.
2029 3039 2177 3071 Brandis.
2204 3042 2221 3072 ὁ
2241 3041 2335 3073 Ξενο-

1282 3079 1394 3122 κράτης
1410 3081 1465 3113 καὶ
1479 3083 1497 3114 ὀ
1513 3082 1716 3122 Σπεύσιππος
1738 3083 1965 3126 ἐπιχειροῦντες
1996 3087 2152 3127 βοηθῆσαι
2172 3088 2219 3130 τῷ
2248 3086 2333 3120 Πλά-

1280 3139 1355 3160 τωνι
1371 3129 1476 3171 ἔλεγον
1495 3130 1544 3163 ὅτι
1561 3131 1599 3164 οὐ
1612 3132 1742 3172 γενητὸν
1768 3133 1822 3164 τὸν
1840 3133 1961 3174 κόσμον
1984 3136 2001 3167 ὁ
2018 3135 2153 3168 Πλάτων
2172 3135 2309 3172 ἐδόξαζεν
2322 3160 2330 3174 ,

1281 3175 1360 3208 ἀλλὰ
1376 3176 1538 3219 ἀγένητον,
1554 3178 1645 3221 χάριν
1670 3179 1704 3212 δὲ
1723 3179 1927 3218 διδασκαλίας
1947 3182 2000 3214 καὶ
2021 3185 2078 3214 τοῦ
2096 3182 2248 3224 γνωρίσαι
2276 3183 2330 3214 καὶ

1280 3229 1480 3267 παραστῆσαι
1509 3227 1587 3259 αὐτὸ
1617 3227 1835 3268 ἀκριὸέστερον
1867 3228 1954 3268 ἔλεγε
1981 3232 2095 3260 τοῦτον
2126 3228 2264 3268 γενητόν.
2289 3245 2328 3251 -

1279 3271 1372 3316 (129)
1388 3275 1462 3306 Huc
1476 3274 1648 3307 referimus
1664 3275 1820 3308 librorum
1840 3275 1965 3309 indices
1986 3278 2060 3319 πρὸς
2082 3278 2233 3316 Κέφαλον,
2256 3277 2329 3317 πρὸς

1279 3321 1430 3364 Γρύλλον,
1451 3323 1526 3365 πρὸς
1545 3325 1598 3355 τὸν
1613 3323 1811 3366 Ἀμάρτυρον.
1841 3344 1878 3351 --
1903 3324 1991 3366 (130)
2021 3325 2072 3358 cf.
2092 3323 2326 3365 Wytoenbach.

1279 3369 1375 3412 epist.
1398 3369 1441 3402 ad
1459 3371 1644 3404 Heusdium
1662 3371 1697 3403 in
1713 3373 1834 3413 opusc.
1851 3373 1916 3404 vol.
1933 3374 1964 3405 Π
1986 3381 2058 3414 pag.
2077 3375 2116 3404 22
2134 3379 2204 3413 seq.
2224 3387 2265 3397 -

1319 3417 1410 3460 (131)
1425 3418 1510 3451 Vide
1528 3419 1687 3461 Stephani
1709 3419 1867 3451 Thesaur.
1883 3429 1912 3452 s.
1935 3428 1968 3452 v.
1989 3419 2169 3459 ὑπόμνημα.
