2508 3776
270 207 350 246 384

271 291 358 337 ἀξιοῖ
377 289 546 342 φαῦλος”
522 305 592 341 ων,
614 290 672 328 καὶ
693 292 761 334 τοῖς
790 292 944 342 αἰσχροῖς
965 291 1212 342 ἁλισκόμενος,
1229 309 1298 344 γε-

270 349 399 393 λοῖοςιλ
383 364 423 386 αν
442 348 565 392 δόξειεν
594 342 694 386 εἶναι·
728 352 750 395 ἡ
778 347 843 400 γὰρ
869 347 953 398 τιμὴ
985 365 1046 396 της
1066 352 1190 402 ἄρετ’ἧς
1208 354 1299 390 ἔστιν

270 401 392 453 αΟλον,
415 406 563 449 καὶτοῖς
596 407 737 457 ἀγαθοῖς
765 403 978 456 ἀπονέμεται
1004 407 1119 459 μόνοις
1146 410 1298 454 δικαίως.

268 463 382 502 Ὥστε
402 466 420 501 ὁ
441 463 683 516 μεγαλόψυχος
702 463 815 508 πάσας
832 465 1018 504 συλλαὸὼν
1039 468 1111 519 ἔχει
1138 468 1201 513 τὰς
1221 471 1301 520 ἀρε-

270 522 344 565 τάς·
365 521 534 560 καὶέστιν
567 524 588 569 ἡ
624 522 866 575 μεγαλοψυχία
885 527 955 562 οῖον
974 525 1102 576 κόσμος
1125 527 1210 571 ‘reeb
1231 529 1299 565 τῶν

269 581 412 631 ἀρετῶν,
438 579 505 618 Καὶ
527 580 565 618 οὗ
585 579 715 631 γίνεται
734 580 840 628 μὲν”
818 596 897 618 ανευ
923 582 1060 621 ἐκείνων
1075 613 1086 631 ,
1116 584 1248 634 μείζους
1264 584 1300 622 δὲ

267 637 327 675 καὶ
346 636 510 681 καλλίους
530 637 635 682 αὐτὰς
651 645 755 678 ποιεῖ·
778 639 886 691 κρίνει
900 640 965 692 γὰρ
980 640 1086 685 αὐτὰς
1100 641 1196 686 ἀξίας
1214 636 1301 680 εἶναι

267 690 314 735 ων
337 697 421 735 εἶσιν
442 695 548 741 ἄξιαι.
571 695 639 736 Διὰ
655 712 755 736 τουτο
778 697 909 750 σφόδρα
930 699 1084 750 χαλεπὸν
1103 700 1303 761 μεγαλόψυ-

267 755 331 831 χόν
349 771 428 795 τινα
449 754 681 806 γενέσθαι·οὐ
695 756 762 807 γὰρ
785 756 927 794 δυνατὸν
949 758 1193 811 μεγαλόψυχον
1214 762 1301 798 εἶναι

268 817 347 855 ἄνευ
366 815 488 852 πασῶν
504 815 572 851 τῶν
589 814 735 866 ἀρετῶν·
756 814 795 852 τὸ
813 813 848 852 δὲ
868 814 983 859 πάσας
999 815 1219 868 κτήσασθαι,
1241 818 1301 857 καὶ

266 875 395 917 ταύτας
416 874 461 916 εἷς
482 873 586 925 ἄκρον
600 902 611 922 ,
631 873 764 926 σφόδρα
783 873 954 926 χαλεπόν.
982 872 1091 914 Ἔστι
1119 874 1181 926 μὲν
1200 891 1259 915 ουν
1282 880 1300 914 ὁ

267 931 507 984 μεγαλόψυχος
522 930 601 984 περὶ
620 931 725 982 τιμὰς
745 932 803 971 καὶ
826 932 968 983 ἀτιμίας
985 963 994 980 ,
1017 932 1130 978 καθὼς
1150 932 1299 986 εἴρηται.

268 991 340 1031 Καὶ
361 989 419 1029 ἐπὶ
446 989 507 1040 μὲν
529 995 604 1033 ταῖς
633 989 799 1041 μεγάλαις
814 1020 825 1041 ,
847 989 908 1028 καὶ
935 991 1002 1029 ὑπὸ
1034 993 1195 1043 μεγάλων
1217 993 1302 1040 ἥδε-

266 1064 344 1101 ται,
361 1051 406 1092 ὡς
433 1051 500 1087 τῶν
531 1047 664 1086 οἷκείων
681 1048 882 1101 τυγχάνων,
907 1049 966 1087 καὶ
987 1043 1034 1089 ῶν
1065 1050 1175 1098 ἄξιος,
1199 1050 1300 1098 ἢκαὶ

266 1107 459 1148 ἐλαττόνων
476 1108 536 1152 τῆς
555 1105 664 1150 ἀξίας·
688 1109 749 1153 τῆς
779 1107 846 1159 γὰρ
872 1107 1005 1151 τελείας
1032 1109 1158 1160 ἀρετῆς
1175 1110 1239 1147 οὐκ
1259 1110 1299 1148 ἄν

267 1181 352 1206 ποτε
369 1166 500 1217 γένοιτο
514 1166 612 1217 παρὰ
635 1168 702 1205 τῶν
724 1165 913 1217 ἀνθρώπων
938 1166 1016 1212 ἀξία
1035 1167 1134 1217 τιμή.
1153 1170 1210 1206 Οὐ
1233 1167 1301 1217 μὴν

266 1226 345 1264 ἀλλ’
366 1226 396 1262 εἰ
412 1223 472 1263 καὶ
489 1222 632 1271 ἥδεται,
653 1222 710 1261 διὰ
724 1226 823 1261 τοῦτο
842 1223 985 1275 ἥδεται,
1002 1225 1055 1263 ὅτι
1073 1225 1135 1272 τὴν
1154 1226 1302 1272 δυνατὴν
1318 1261 1321 1265 .

266 1283 500 1336 προσάγουσιν
530 1283 623 1334 αὐτῷ
640 1282 768 1333 τιμήν,
790 1282 850 1320 καὶ
866 1287 906 1330 ἧς
924 1285 989 1321 οὐκ
1007 1282 1156 1334 ἔχουσιο
1177 1300 1234 1334 με’.
1227 1285 1298 1329 ζω.

267 1344 343 1390 Τῆς
363 1342 399 1380 δὲ
421 1340 519 1392 παρὰ
546 1343 615 1378 τῶν
632 1341 807 1392 τυχόντων
828 1343 930 1391 τιμῆς
947 1341 1109 1386 καθάπαξ
1132 1343 1302 1394 ὀλιγωρή-

266 1415 330 1440 σει·
348 1398 407 1438 καὶ
421 1401 575 1449 μάλιστα
593 1396 674 1436 ὅταν
695 1398 751 1436 ἐπὶ
767 1404 901 1450 μικροῖς
919 1398 1017 1437 αὐτὸν
1032 1402 1191 1450 τιμῶσιν·
1214 1405 1298 1450 οἷον,

267 1458 298 1497 εἴ
317 1474 369 1502 τις
389 1456 492 1508 ἐτίμα
508 1456 566 1494 τὸν
586 1455 748 1507 Ἀχιλλέα
773 1456 824 1494 ὅτι
847 1458 964 1500 καλῶς
983 1457 1059 1509 ᾔδει
1085 1457 1297 1510 καθαρίζειν·

264 1517 389 1567 ὁμοίως
399 1515 434 1554 δὲ
449 1515 507 1553 καὶ
519 1514 598 1566 περὶ
609 1514 669 1558 τὰς
684 1515 826 1564 ἀτιμίας
839 1515 931 1554 κατὰ
945 1516 983 1554 τὸ
995 1519 1172 1568 προσῆκον
1187 1518 1295 1569 αὐτῷ.

264 1574 373 1615 Ἔστι
392 1573 504 1612 τοίνυν
526 1576 543 1611 ὃ
568 1572 811 1625 μεγαλόψυχος
831 1574 986 1623 μάλιστα
1011 1575 1073 1624 μὲν
1095 1575 1173 1627 περὶ
1195 1578 1299 1626 τιμὰς

266 1633 326 1672 καὶ
343 1631 499 1682 ἀτιμίας,
516 1631 629 1674 καθὼς
645 1630 792 1683 εἴρηται·
806 1631 879 1670 ἔστι
896 1632 931 1670 δὲ
950 1633 1128 1683 ἑπομένως
1141 1633 1200 1672 καὶ
1219 1636 1299 1688 περὶ

265 1694 411 1731 πλοῦτον
424 1689 482 1728 καὶ
499 1689 717 1738 δυναστείαν,
738 1690 798 1727 καὶ
816 1697 932 1728 πᾶσαν
958 1692 1120 1744 εὐτυχίαν
1139 1692 1199 1731 καὶ
1219 1694 1301 1731 ἀτυ-

264 1752 359 1805 χίαν·
382 1749 441 1788 καὶ
462 1749 541 1802 περὶ
559 1749 688 1792 ταύτας
704 1749 770 1801 γὰρ
792 1750 939 1802 μετρίως
956 1749 1022 1796 ἕξει
1041 1751 1101 1789 καὶ
1124 1753 1171 1793 ὡς
1190 1768 1298 1804 προσ·

266 1813 363 1858 ἧκεν·
383 1808 398 1833 ‘¹
419 1807 478 1847 καὶ
509 1807 604 1846 οὐδὲν
626 1808 769 1860 αἰσχρὸν
789 1808 947 1846 πείσεται
973 1809 1055 1862 πρὸς
1073 1809 1136 1856 τὴν
1167 1811 1201 1848 ἐν
1223 1811 1299 1851 τού-

265 1884 335 1912 τοις
357 1865 567 1919 μεταὸολήν·
590 1864 650 1904 καὶ
670 1865 748 1904 οὔτε
769 1869 922 1919 εὐτυχῶν
952 1867 1145 1920 περιχαρὴς
1173 1868 1297 1920 ἔσται,

265 1926 344 1966 οὔτε
365 1927 502 1977 ἀτυχῶν
536 1924 734 1976 περίλυπος·
768 1926 806 1963 οὗ
837 1925 903 1976 γὰρ
936 1926 1097 1977 μέγιστον
1129 1929 1299 1978 ἡγήσεται

265 1985 329 2031 τὴν
346 1983 450 2033 τιμήν
463 2012 473 2032 ,
494 1980 556 2020 καὶ
569 1981 659 2020 οὕτω
678 1981 757 2034 περὶ
778 1982 886 2029 αὐτὴν
914 1982 979 2028 ἕξει
1002 1986 1047 2028 ὡς
1065 1984 1229 2037 μέγιστον.
1243 1986 1296 2028 ὄν.

267 2042 372 2082 Οὕτω
395 2041 430 2078 δὲ
451 2040 539 2091 ἔχων
564 2041 644 2092 περὶ
669 2039 733 2087 τὴν
752 2041 877 2091 τιμήν,
905 2043 1026 2094 πολλῷ
1055 2044 1189 2092 μᾶλλον
1218 2046 1298 2098 περὶ

265 2101 322 2140 τὸν
343 2102 490 2138 πλοῦτον
510 2098 686 2151 ὀλιγώρως
711 2098 778 2143 ἕξει
793 2130 804 2149 ,
833 2100 891 2137 καὶ
911 2100 973 2144 τὰς
1000 2102 1215 2146 δυναστείας·
1238 2106 1298 2143 αἱ-

267 2158 452 2212 ρετώτερον
470 2157 538 2210 γὰρ
566 2160 589 2204 ἡ
613 2156 697 2207 τιμὴ
722 2158 922 2202 δυναστείας
951 2159 1010 2198 καὶ
1042 2160 1210 2199 πλούτου·
1242 2163 1298 2200 διὰ

263 2217 331 2270 γὰρ
352 2216 413 2264 τὴν
431 2217 536 2265 τιμὴν
561 2215 727 2268 ἀγαπητά
747 2217 831 2254 εἶσιν
852 2219 869 2254 ὁ
889 2219 1038 2262 πλοῦτος
1065 2219 1122 2257 καὶ
1141 2222 1162 2266 ἡ
1191 2221 1296 2259 δυνα-

265 2275 377 2316 στεία·
392 2275 450 2313 καὶ
466 2274 533 2327 γὰρ
548 2276 578 2312 οἱ
597 2273 730 2326 ἔχοντες
747 2273 836 2312 αὐτὰ
849 2279 1017 2326 τιμᾶσθαι
1031 2278 1075 2315 δι’
1090 2278 1202 2316 αὐτῶν
1219 2280 1298 2331 βού-

263 2333 396 2372 λονται.
432 2333 477 2371 Ὁ
511 2332 546 2369 δὲ
575 2332 637 2378 τὴν
667 2331 771 2382 τιμὴν
805 2333 927 2384 μικρὸν
958 2334 1144 2385 ἡγούμενος
1178 2338 1298 2375 πολλῶ

266 2393 397 2441 μᾶλλον
417 2390 461 2428 τὰ
480 2390 583 2430 ἄλλα.
600 2390 667 2429 Διὰ
687 2406 786 2429 τουτο
800 2391 860 2430 καὶ
881 2394 911 2430 οἵ
927 2394 1200 2446 μεγαλόψυχοι
1187 2412 1299 2447 υπερ-

265 2449 370 2488 όπται
402 2450 557 2487 δοκοῦσιν
600 2453 707 2497 εἰναι,
743 2449 796 2488 ὅτι
837 2451 933 2489 οὐδὲν
963 2455 1030 2490 τῶν
1075 2454 1298 2506 ἀνθρωπίνων

267 2508 398 2560 σφόδρα
416 2510 574 2555 τιμῶσιν.
604 2508 709 2547 Ἐπεὶ
738 2508 772 2546 δὲ
794 2510 917 2548 καὶτὰ
937 2511 1163 2562 εὐτυχήματα
1193 2517 1298 2563 τιμῆς

266 2567 345 2611 ἄξιοι
363 2567 517 2604 δοκουσιν
546 2562 651 2614 εἶναι,
687 2566 748 2605 καὶ
781 2584 890 2607 ταυτα
921 2570 1163 2608 συντελοῖεν
1146 2588 1187 2609 αν
1214 2572 1299 2625 πρὸς

265 2624 327 2670 τὴν
349 2623 625 2676 μεγαλοψυχίαν.
648 2627 700 2663 Τὸ
719 2625 786 2677 γὰρ
806 2628 975 2680 υπερέχον
995 2629 1028 2665 ἐν
1052 2630 1227 2679 ἀγαθοῖς’
1212 2646 1298 2668 εντι-

267 2681 421 2733 μότερον·
443 2682 602 2733 ὑπερεχει
619 2681 655 2719 δε
675 2684 707 2720 ἐν
729 2686 867 2734 ἀγαθοῖς
881 2688 898 2723 ὁ
920 2685 1077 2738 εὐτυχης·
1104 2687 1157 2725 διὸ
1175 2689 1235 2726 καὶ
1254 2688 1299 2727 τὰ

264 2753 407 2776 τοιαυτα
428 2738 489 2785 τὴν
513 2741 775 2792 μεγαλοψυχίαν
808 2743 1020 2790 συνίστησιν.
1047 2744 1092 2783 ‘O
1110 2744 1178 2797 γὰρ
1197 2747 1300 2785 εὔτυ-

267 2796 333 2848 χὴς
353 2796 444 2841 ἄξιον
469 2797 587 2835 ἑαυτὸν
607 2799 764 2849 μεγάλης
786 2804 888 2850 τιμῆς
905 2806 1042 2852 ἡγεῖται
1064 2802 1120 2840 διὰ
1137 2803 1200 2850 τὴν
1215 2805 1300 2855 ἀγα-

268 2853 329 2900 θὴν
361 2869 486 2906 τυχην·
509 2861 656 2905 τιμᾶται
687 2856 754 2908 γὰρ
785 2860 869 2910 παρ’
901 2859 1012 2898 ἐνίων·
1034 2862 1112 2899 κατ’
1137 2861 1298 2909 ἀληθειαν

268 2911 305 2950 δὲ
326 2911 426 2962 μόνος
445 2915 463 2951 ὁ
482 2913 609 2985 ἀγαθὸς
626 2929 705 2958 τους
725 2915 870 2967 τρόπους
887 2917 1012 2962 ἄξιόςέ
998 2935 1071 2957 εστι
1087 2923 1205 2969 τιμῆς.
1228 2913 1296 2959 ῗΩι

269 2970 348 3009 δὲ
326 2986 430 3024 αμφω
451 2971 616 3024 πρόσεστι
631 2973 690 3010 καὶ
709 2976 730 3020 ἡ
753 2975 858 3026 ἀρετὴ
878 2978 937 3014 καὶ
951 2976 996 3015 τὰ
1016 2977 1139 3022 ἔξωθεν
1159 2979 1273 3031 ἀγαθά
1286 3008 1298 3026 ,

269 3029 403 3080 μᾶλλον
430 3028 585 3074 ἀξιουται
610 3034 712 3081 τιμῆς
732 3035 792 3070 τοῦ
826 3032 887 3079 τὴν
909 3034 1035 3085 ἀρετὴν
1058 3035 1161 3086 μόνον
1194 3035 1298 3088 ἔχον-

268 3098 339 3131 τος·
361 3086 396 3130 ὃς
416 3087 452 3125 δὲ
474 3088 575 3137 μόνον
591 3089 738 3141 εὐτυχής
759 3093 853 3137 ἐστι,
884 3092 943 3129 καὶ
972 3094 1042 3138 τοῖς
1061 3094 1182 3139 ἔξωθεν
1209 3098 1298 3147 ἀγα-

269 3147 337 3189 θοῖς
371 3146 522 3195 εὖθηνει,
553 3147 637 3199 πρὸς
651 3147 698 3186 ’δὲ
728 3148 790 3194 τὴν
811 3150 936 3201 ἀρετὴν
957 3152 1051 3190 οὖδὲν
1072 3153 1181 3191 κοινὸν
1203 3154 1297 3206 ἔχει,

270 3206 288 3242 ὃ
307 3207 460 3249 τοιοῦτος
479 3203 556 3243 οὔτε
574 3206 714 3251 δικαίως
741 3213 904 3258 τιμᾶται,
926 3209 1003 3248 οὔτε
1034 3213 1134 3256 αὐτὸς
1161 3214 1300 3257 δικαίως

269 3262 392 3301 ἑαυτὸν
413 3264 579 3322 μεγάλης
589 3264 678 3310 ἀξιοῖ
695 3269 819 3316 τιμῆς,
841 3265 918 3305 οὔτε
937 3269 1028 3306 κατὰ
1048 3269 1105 3307 τὸν
1122 3270 1220 3322 ὀρθὸν
1239 3272 1300 3309 λό-

271 3335 331 3372 γον
351 3308 595 3375 μεγαλόψυχος
620 3323 771 3375 λέγεται.
803 3324 904 3364 Ἄνευ
929 3326 1037 3377 γὰρ’
1018 3331 1142 3378 αρετῆς
1166 3329 1301 3372 τελείας

270 3377 438 3420 ἀδύνατόν
464 3396 538 3421 τινα
557 3381 800 3436 μεγαλόψυχον
818 3376 924 3433 εἶναι,
940 3382 1052 3429 καθὼς
1071 3385 1216 3438 εἴρηται.
1231 3387 1298 3427 Διὰ

1075 188 1575 248 'ANDRoNics'ii‘uoDn

1360 298 1454 332 bonis
1470 297 1551 330 viris
1581 295 1699 329 morito
1724 295 1894 330 tribuitur.
1929 298 2136 341 Quapropter
2151 305 2266 331 omnes
2291 295 2394 335 5111111
2436 274 2467 322 Υἓ
2496 279 2498 283 ’

1361 357 1502 390 virtutes
1519 355 1554 388 in
1580 363 1616 387 se
1637 353 1865 395 complectitur
1887 356 2112 397 magnanimus
2131 367 2139 389 :
2160 358 2278 397 estque
2295 353 2394 399 quad
2455 365 2467 392 ζ·

1360 415 1523 447 virtutum
1555 413 1701 445 omnium
1729 414 1956 446 ornamentum
1987 414 2154 457 quoddam
2177 414 2278 448 animi
2316 422 2392 447 ma-
2455 409 2457 413 ’
2504 404 2508 451 Ῑ

1361 472 1507 515 gnitudo.
1526 473 1648 513 Nempe
1666 472 1706 504 ut
1718 471 1786 505 sine
1802 471 1869 504 illis
1883 473 2030 505 constare
2043 473 2135 506 nullo
2147 472 2246 506 modo
2260 472 2370 515 potest
2380 496 2392 514 ‚
2455 494 2460 511 ε,

1359 532 1408 564 ita
1425 531 1566 572 majores
1588 539 1644 563 eas
1660 530 1928 572 pulchrioresque
1951 529 2030 563 faeit
2051 531 2152 573 :quia
2168 531 2243 564 illas
2264 530 2308 567 tis
2321 530 2394 574 qui-
2456 519 2463 575 J

1361 590 1424 622 bus
1453 589 1559 631 diguae
1578 589 1655 621 sunt
1682 588 1844 630 dignatur.
1871 587 2031 626 Quocirca
2060 586 2239 620 admodum
2263 585 2397 621 dimutto

1364 649 1433 686 est,
1459 656 1531 679 esse
1558 646 1803 688 magnanimum
1823 656 1831 676 τ
1851 645 1930 688 quia
1958 654 2054 678 nemo
2071 645 2141 678 51110
2162 644 2310 679 omnium
2325 643 2398 680 vir-

1361 708 1473 739 tutum
1500 707 1658 740 comitatu
1682 706 1760 740 talis
1790 714 1862 739 esse
1879 707 2009 748 potestz
2033 713 2146 738 omues
2167 713 2247 738 vero
2273 702 2406 755 habere,
2474 733 2478 738 .
2498 746 2501 750 ἱ

1360 763 1502 797 virtutes
1524 765 1624 806 atque
1653 764 1688 796 in
1705 763 1747 796 iis
1774 764 1950 803 excellere,
1979 763 2158 796 admodum
2181 761 2316 796 difficile
2331 762 2396 796 ost.

1361 823 1399 854 In
1413 822 1535 855 honore
1545 831 1622 864 ergo
1638 824 1671 854 et
1686 821 1820 855 infamia
1829 848 1836 861 ,
1857 821 2138 865 quemadmodum
2149 821 2306 860 diximus,
2322 827 2396 854 cerv-

1360 879 1451 912 nitur
1464 880 1700 922 magnanimus.
1731 881 1778 912 Ac
1794 880 1920 922 magnis
1943 879 2079 922 quidem
2093 877 2271 912 honoribus
2286 877 2321 910 et
2337 868 2398 920 qui

1361 947 1381 970 a
1399 938 1481 971 viris
1522 939 1649 981 magu1s
1670 937 1876 978 deferuntur,
1911 937 2069 971 delectari
2102 937 2203 979 solet,
2238 937 2396 979 tanquam

1361 1006 1438 1030 suos
1451 997 1579 1040 sibique
1598 997 1727 1030 debitos
1740 999 1798 1030 aut
1816 997 1918 1030 etiam
1934 1006 1993 1029 sua
2009 996 2134 1030 virtute
2160 994 2304 1028 minores
2323 1001 2396 1026 conf

1362 1058 1494 1089 secutus
1514 1065 1523 1084 τ
1543 1056 1621 1098 quia
1637 1054 1793 1097 perfectas
1812 1055 1929 1087 virtuti
1952 1055 2108 1087 meritum
2125 1052 2398 1096 praemium-nun-

1361 1122 1462 1156 quam
1474 1114 1515 1147 ab
1528 1113 1714 1146 hominibus
1727 1113 1944 1155 persolvatur.
1998 1112 2174 1145 Enimvero
2196 1110 2225 1144 si
2242 1103 2395 1154 gaudeat,

1360 1171 1414 1204 vel
1428 1172 1513 1204 hanc
1526 1172 1569 1204 ob
1585 1180 1718 1204 causam
1730 1171 1895 1213 gaudebit,
1916 1170 2007 1212 quod
2021 1179 2123 1212 quem
2137 1169 2276 1211 possunt
2289 1167 2398 1202 maxi·-

1360 1239 1453 1262 mum
1480 1231 1538 1262 aut
1557 1239 1623 1272 quo
1640 1230 1798 1271 maj0rem
1822 1238 1888 1261 non
1918 1229 2057 1269 habent,
2073 1227 2136 1269 ipsi
2159 1227 2315 1260 honorem
2340 1225 2399 1259 tri-

1360 1289 1477 1321 buunt.
1505 1290 1592 1321 Eum
1617 1290 1728 1321 autem
1754 1288 1925 1325 honorem,
1955 1286 2014 1329 qui
2032 1296 2052 1319 a
2072 1285 2172 1327 vulgo
2195 1285 2225 1319 01
2242 1284 2395 1326 habetur.
2418 1331 2420 1334 v

1360 1355 1496 1388 prorsus
1517 1346 1657 1388 negliget
1684 1348 1786 1396 atque
1811 1345 2048 1388 aspernabitur,
2067 1343 2209 1377 maxime
2231 1351 2336 1387 quum
2354 1343 2397 1376 oh

1360 1415 1413 1439 res
1425 1414 1544 1448 parvas
1560 1405 1671 1448 ipsum
1689 1406 1874 1438 honorant:
1895 1404 1988 1438 verbi
2005 1413 2104 1437 causa
2115 1428 2126 1444 ‚
2142 1402 2260 1446 siquis
2273 1402 2397 1436 honore

1361 1463 1527 1497 affecisset
1544 1463 1721 1503 Achillem,
1747 1464 1838 1506 quod
1862 1463 2001 1496 scienter
2025 1462 2144 1495 fidibus
2160 1461 2290 1495 caneret
2311 1470 2321 1492 ε
2339 1469 2398 1494 ea-

1328 1543 1334 1550 ·
1360 1522 1502 1565 demque
1524 1522 1668 1555 infamias
1689 1523 1774 1554 ratio
1801 1523 1873 1561 est,
1899 1523 1997 1563 prout
2014 1521 2064 1554 illi
2088 1519 2251 1554 convenit.
2272 1520 2310 1553 111
2334 1518 2398 1552 ho-

1359 1593 1438 1616 nore
1450 1583 1551 1626 igitur
1561 1586 1594 1616 et
1611 1582 1744 1616 infamia
1770 1582 1980 1625 potissimum
1999 1582 2051 1614 vir
2071 1581 2179 1624 magui
2207 1579 2308 1614 animi
2324 1605 2332 1620 ‚
2350 1585 2398 1613 sl-

1360 1644 1416 1674 cut
1431 1642 1557 1674 dictum
1574 1643 1641 1681 est,
1669 1641 1814 1674 cernitur
1840 1654 1848 1673 ε
1878 1640 2019 1682 ideoque
2034 1632 2134 1672 etiam
2157 1639 2192 1672 in
2210 1638 2336 1672 divitiis
2357 1646 2397 1671 ac

1359 1699 1544 1742 principatu
1571 1699 1724 1741 omnique
1756 1698 1898 1732 secunda
1925 1701 1959 1732 et
1975 1698 2115 1731 adversa
2133 1697 2264 1731 fortuna
2282 1705 2397 1730 versa-

1359 1760 1416 1790 tur
1435 1770 1444 1789 2
1470 1760 1570 1800 atque
1585 1757 1619 1790 in
1646 1757 1699 1790 his
1729 1758 1827 1790 rebus
1848 1757 2000 1789 omnibus
2023 1756 2231 1789 moderatum
2250 1764 2287 1789 se
2301 1757 2335 1788 et
2356 1755 2397 1787 ut

1359 1817 1488 1858 oportet
1505 1815 1663 1858 praebebit
1678 1827 1686 1847 ε
1701 1825 1807 1857 neque
1830 1815 1864 1847 in
1884 1824 1997 1848 earum
2019 1814 2202 1848 mutatione
2214 1813 2397 1857 quidquam

1360 1876 1418 1906 aut
1430 1874 1572 1917 turpiter
1586 1873 1684 1906 faciet
1697 1876 1755 1906 aut
1775 1874 1913 1906 moleste
1929 1873 2074 1915 patietur
2088 1883 2096 1902 :
2115 1871 2278 1915 siquidem
2289 1879 2397 1914 neque

1358 1935 1457 1968 rebus
1494 1934 1646 1967 secundis
1677 1934 1854 1973 laetabitur,
1887 1942 1995 1976 neque
2032 1933 2180 1967 adversis
2209 1923 2358 1966 moerehit‘
2385 1945 2394 1966 :

1359 1992 1480 2034 quippe
1508 2001 1549 2025 110
1575 1993 1729 2025 honorem
1751 1992 1886 2034 quidem
1906 2001 2018 2025 rerum
2043 1992 2192 2025 omnium
2217 1991 2396 2025 maximam

1358 2051 1508 2093 putabit,
1528 2061 1635 2094 neque
1652 2051 1743 2084 sicin
1763 2060 1839 2083 011111
1863 2038 2073 2093 tanqu-‘imin
2091 2059 2258 2084 summum
2272 2050 2396 2084 honum
2420 2045 2425 2073 ἶ

1359 2110 1523 2142 animatus
1536 2110 1608 2142 erit.
1627 2111 1730 2142 Porro
1741 2118 1846 2152 quum
1867 2102 1913 2142 s'ic
1925 2118 2001 2151 erga
2014 2109 2172 2142 honorem
2185 2107 2327 2142 affectus
2338 2108 2395 2148 sit,
2416 2118 2419 2128 ¹

1358 2170 1465 2202 multo
1490 2169 1593 2211 magis
1614 2169 1748 2202 divitias
1771 2168 1810 2202 et*
1834 2168 2055 2210 principatum
2083 2168 2270 2201 contemnet
2292 2175 2399 2210 :quo-

1359 2229 1447 2262 niam
1461 2229 1646 2271 principatu
1663 2230 1696 2261 et
1717 2228 1845 2261 divitiis
1870 2226 2045 2270 optabilior
2063 2228 2114 2260 est
2137 2226 2242 2260 honor
2263 2238 2272 2258 z
2290 2225 2414 2278 siqui-5.
2475 2208 2489 2216 ζ

1360 2288 1435 2320 dem
1450 2289 1582 2329 propter
1608 2287 1765 2319 honorem
1785 2285 1912 2319 divitias
1939 2287 1972 2318 et
1988 2284 2191 2327 principatus
2213 2284 2248 2317 in
2269 2283 2396 2318 deliciis
2408 2287 2422 2317 3

1359 2346 1521 2378 habentur
1541 2357 1548 2376 =
1574 2354 1648 2376 nam
1666 2344 1724 2386 qui
1739 2344 1812 2376 haec
1830 2344 1915 2376 bona
1936 2342 2099 2375 consecuti
2129 2343 2226 2381 sunt,
2250 2341 2306 2394 his¹
2315 2341 2396 2384 ipsis

1361 2403 1527 2436 honestari
1557 2404 1684 2436 volunt.
1713 2402 1778 2440 Qui
1801 2410 1881 2434 vero
1911 2401 2069 2434 honorem
2102 2399 2136 2432 111
2167 2400 2266 2434 rebus
2285 2399 2396 2444 parvis

1360 2462 1522 2502 numerat,
1548 2461 1577 2493 is
1602 2460 1708 2492 multo
1721 2459 1845 2502 justius
1863 2459 1962 2492 etiam
1977 2460 2098 2491 caetera
2113 2457 2283 2501 despiciet.
2309 2459 2396 2496 Qua-

1361 2521 1492 2562 propter
1527 2518 1724 2560 magnanimi
1756 2517 1856 2550 etiam
1886 2518 2104 2550 contemtores
2125 2525 2196 2549 esse
2221 2515 2393 2555 videntur.

1361 2578 1438 2620 quia
1455 2577 1537 2610 nihil
1557 2577 1590 2609 in
1607 2577 1706 2609 rebus
1719 2575 1874 2608 humanis
1891 2575 2070 2608 admodum
2093 2574 2203 2616 magni
2217 2574 2392 2608 aestimant.

1361 2641 1472 2677 Quum
1489 2647 1568 2671 vero
1584 2645 1754 2670 successus
1772 2645 1904 2679 quoque
1918 2635 2067 2678 prospexi
2095 2634 2218 2667 honore
2238 2634 2328 2676 digni
2344 2633 2397 2668 vi·-

1358 2697 1498 2729 deantur
1517 2705 1608 2734 esse,
1630 2695 1728 2728 etiam
1748 2694 1795 2727 illi
1819 2694 1862 2727 ad
1878 2693 1977 2726 animi
1995 2691 2252 2735 magnitudinem
2271 2692 2396 2735 aliquid

1359 2751 1538 2785 conferant.
1563 2751 1659 2789 Quod
1675 2750 1761 2783 enim
1781 2750 1911 2783 excellit
1934 2749 1969 2781 in
1991 2748 2100 2787 bonis,
2118 2747 2309 2781 honoratius
2323 2749 2393 2787 est;

1358 2810 1392 2843 in
1404 2810 1499 2843 bonis
1511 2811 1622 2842 autem
1632 2808 1778 2847 excellit,
1797 2808 1855 2850 qui
1869 2806 2002 2840 fortuna
2013 2806 2121 2839 utitur
2141 2815 2149 2835 τ
2168 2814 2272 2848 quare
2285 2807 2319 2839 et
2339 2807 2394 2839 ta-

1358 2868 1403 2901 lia
1418 2869 1518 2901 animi
1535 2867 1792 2910 magnitudinem
1820 2865 1975 2899 efficiunt.
2018 2864 2182 2897 Nimirum
2206 2862 2396 2898 fortunatus

1358 2936 1475 2969 magno
1490 2936 1526 2959 50
1541 2926 1663 2958 honore
1677 2925 1811 2967 dignum
1826 2924 2002 2962 existimat,
2019 2922 2098 2965 quia
2111 2921 2267 2956 felicitate
2279 2922 2393 2956 floret:

1359 2995 1378 3018 a
1395 2985 1559 3018 nonnullis
1571 2984 1724 3017 videlicet
1742 2984 1865 3016 honore
1886 2980 2039 3022 afficitur,
2060 2990 2164 3023 quum
2174 2989 2291 3014 revera
2305 2979 2395 3015 solus
2450 3015 2452 3018 ,
2495 2984 2508 3027 ᾗ

1358 3044 1457 3076 homo
1474 3044 1556 3076 110110
1567 3045 1715 3075 moratus
1735 3042 1857 3074 honore
1872 3040 1990 3082 dignus
2011 3039 2065 3072 sit.
2090 3039 2151 3072 Oui
2167 3048 2248 3072 vero
2261 3041 2411 3074 utrum-.
2461 3033 2508 3084 ,ἕξ

1359 3111 1442 3144 que,
1462 3102 1569 3134 virtus
1590 3100 1714 3133 scilicet
1735 3102 1769 3133 et
1795 3100 1929 3132 externa
1953 3098 2037 3130 bona
2064 3098 2206 3138 adsunt,
2223 3097 2253 3131 is
2273 3097 2395 3131 honore

1362 3159 1488 3202 dignior
1511 3159 1662 3198 habetur,
1686 3167 1787 3200 quam
1811 3156 1870 3199 qui
1896 3156 1965 3189 sola
1986 3156 2112 3189 virtute
2137 3153 2299 3199 praeditus
2315 3156 2392 3189 est:

1359 3221 1394 3252 at
1421 3218 1479 3261 qui
1499 3217 1687 3250 fortunatus
1711 3218 1840 3248 tantum
1860 3217 1909 3248 est
1938 3217 1971 3247 et
2000 3214 2053 3247 cui
2077 3217 2212 3247 externa
2238 3220 2393 3258 prospere

1358 3276 1549 3316 succedunt,
1567 3276 1624 3317 qui
1640 3277 1749 3307 tamen
1762 3273 1844 3306 nihil
1856 3282 1932 3305 cum
1943 3272 2069 3305 virtute
2084 3264 2184 3306 habet
2200 3278 2382 3312 commune,
2443 3282 2446 3287 ·
2464 3259 2486 3319 ³

1358 3334 1387 3367 15
1405 3343 1517 3377 neque.
1545 3333 1662 3366 merito
1689 3333 1812 3365 honore
1833 3331 1874 3364 311
1897 3331 1970 3363 31115
1993 3333 2142 3373 augetur,
2166 3339 2274 3374 neque
2301 3337 2338 3363 se
2362 3328 2394 3362 i-
2444 3319 2487 3364 ξ

1357 3403 1454 3437 psum
1468 3394 1592 3436 magnis
1608 3392 1785 3426 honoribus
1795 3391 1930 3434 dignum
1943 3390 2062 3424 merito
2083 3389 2265 3429 existimat.
2285 3387 2393 3432 neque
2443 3381 2464 3411 ἵ·
