2508 3776
198 255 400 311 (Scripsi:
418 259 433 279 ⁸
453 253 646 308 ἐνέργειαν]
664 255 749 294 cod.
770 254 958 308 ἐνεργείαν.
974 253 1196 306 -ὺταύτῃῖ

56 316 85 369 ,λ
144 314 241 366 und.
252 313 382 365 ταύτη.
400 338 451 344 -
467 321 479 339 ⁰
493 314 517 363 ἥ
539 315 602 368 τε]
623 313 778 366 vulgo'
756 330 831 363 ητε.
848 315 929 367 -)

138 405 202 428 §¹ae
228 415 231 423 ι

62 443 111 505 {3⁸
106 456 188 506 5⁴45*

35 532 71 561 ’γ’
62 527 246 622 {W
238 556 298 589 τοῦ
307 554 459 597 δτιφῦσει
477 553 614 586 διωκτὸν
628 554 649 592 ἡ
663 553 781 592 ἡδονή·
790 552 846 585 καὶ
857 552 904 585 ἔτι
915 553 983 596 περὶ
999 556 1056 586 τοῦ
1068 553 1116 586 ὅτι
1127 554 1200 588 εῖδει

478 600 681 643 διαφέρουσιν
695 602 728 633 αἱ
741 600 865 640 ἡδοναί.

577 442 669 494 Κεφ.
716 439 758 480 ε’.

74 671 162 723 f
168 694 220 732 *
233 705 339 748 ’Eiet
361 705 399 746 δὲ
413 710 533 746 πᾶσαν
565 705 754 758 ἐνέργειαν
764 707 894 745 τελειοῐ
908 707 932 753 ἡ
952 705 1115 757 ἡδονή,’
1099 707 1201 760 ενέρ-

71 763 113 812 ²23⁶
114 751 279 843 τγῖειᾰξὶ
300 765 363 806 καὶ
378 763 421 805 το
438 765 524 813 ζῆν,
549 763 596 805 τὰ
609 765 678 818 ἄρα
703 763 870 818 ἐφιέμενα
895 768 959 804 τοῦ
979 767 1041 812 ζῆν
1063 765 1199 818 ὀρέγον-

143 842 206 869 ται
221 827 285 878 τῆς
301 827 429 887 ἡδονης
439 857 452 877 ,
479 824 534 865 ὅτι
552 826 763 873 τελειότης’
747 840 839 865 εστιν
859 826 978 868 αὐτοῦ.
1010 825 1137 865 Πάντα
1165 826 1201 866 δὲ

62 886 106 910 ²·
145 885 301 946 ἐφίενται
311 901 374 926 του
395 888 484 934 ζ’ἥν·
503 884 597 925 ωστε
618 884 780 931 δόξειεν*
762 902 804 925 αν
824 885 942 924 πάντα
965 885 1121 940 ἐφίεσθαι
1139 889 1202 934 τῆς

50 939 85 984 ἓ
144 942 287 997 ἡδονῆς.
321 946 454 986 Πᾶσαν
482 945 551 999 γὰρ
583 944 759 999 ἐνέργειαν
779 948 802 994 ἡ
830 944 939 995 ἡδονὴ
965 944 1201 999 αἱρετωτέραν

60 1007 114 1057 25⁴5:
133 1021 259 1057 mc·
275 1004 336 1046 καὶ
353 1002 501 1050 ἕκαστος
517 1004 600 1058 περὶ
622 1009 729 1044 τοῦτα
752 1005 812 1044 καὶ
831 1003 970 1050 ταύτοις
985 1005 1119 1059 ἐνεργει
1132 1005 1199 1057 μοί-

55 1064 105 1119 [530'
115 1063 263 1139 ’λἰᾷτα,
287 1057 346 1109 οἷς
373 1063 529 1116 μάλιστα
556 1063 705 1112 ἥδεται·
727 1058 829 1103 οἷον*
815 1078 834 1104 ο
854 1063 1023 1116 μουσικὸς
1052 1067 1095 1116 τῇ
1114 1066 1204 1119 ἀκοῇ

66 1121 79 1150 7
125 1123 227 1179 ’περι
260 1122 308 1164 τὰ
329 1123 438 1177 μέλη,
470 1123 532 1164 καὶ
557 1126 577 1163 ὁ
605 1123 804 1179 φιλομαθὴς
825 1126 869 1175 τῇ
899 1123 1035 1177 διανοία
1049 1123 1136 1200 περὶ
1157 1124 1204 1163 τὰ

144 1182 382 1239 θωρςῇμᾰτα,
402 1181 465 1224 καὶ
484 1185 554 1224 τῶν
572 1184 688 1224 ἄλλων
716 1184 877 1231 ἕκαστος.
903 1184 1010 1224 Ἐπεὶ
1030 1177 1089 1224 ουν
1111 1183 1204 1225 οὕτω

31 1275 42 1296 s
145 1258 240 1285 stom
223 1241 315 1295 ’τὴν
332 1241 510 1298 Ξγέργειαν
530 1245 553 1291 ἡ
572 1243 683 1292 ἡδονὴ
702 1240 840 1282 καλλίω
859 1259 920 1283 και
938 1245 1175 1297 αἱρετωτέραν
1189 1273 1201 1293 ,

132 1291 289 1358 ,lm
320 1301 366 1342 τὰ
385 1301 580 1357 ὀρεγόμενοί
607 1318 701 1348 τινος
740 1302 937 1357 ἐνεργείας,
955 1302 1016 1343 καὶ
1036 1305 1100 1352 τῆς
1125 1306 1204 1343 κατ’

144 1358 256 1413 uin->12
286 1361 469 1416 ὀρέγονται
501 1363 653 1411 ἡδονης·
675 1362 720 1401 τὰ
753 1363 822 1416 ἄρα
856 1366 918 1403 τοῦ
939 1366 1001 1411 ζ’ἤν
1037 1362 1203 1436 ἐφιέμενα

118 1427 119 1430 ’
144 1421 296 1476 εὐλόγως
313 1421 375 1463 καὶ
394 1425 458 1470 τῆς
480 1424 611 1462 ἐκεῖθεν
632 1422 788 1477 ἐφίενται
804 1423 944 1471 ἡδονῆς,
965 1422 1018 1462 ὅτι
1039 1422 1078 1462 τὸ
1105 1424 1202 1476 αἱρε-

63 1480 112 1520 ζ
143 1497 206 1524 τον
226 1482 288 1524 καὶ
315 1482 438 1538 ἐφετὸν
470 1485 588 1528 αὐτοῖς
609 1485 754 1523 τελειοῑ.
778 1483 828 1523 Τὸ
861 1482 898 1522 δὲ
918 1485 1034 1531 ζητεῖν
1064 1482 1122 1522 ἐπὶ
1142 1487 1202 1522 τοῦ

77 1591 82 1594 .
144 1541 330 1598 παρόντος,
348 1541 497 1596 πότερον
513 1541 664 1596 ποτέρου
685 1541 787 1582 ἕνεκα
803 1541 940 1596 αἱρετόν
952 1571 963 1590 ,
981 1545 1003 1590 ἡ
1015 1542 1123 1590 ἡδονὴ
1146 1542 1202 1581 διὰ

66 1599 83 1654 ᾗ
144 1600 187 1642 τὸ
201 1603 281 1650 ζῆν,
296 1599 320 1650 ἢ
333 1600 374 1641 τὸ
393 1603 456 1649 ζῆν
473 1601 531 1641 διὰ
548 1603 612 1650 τὴν
632 1600 774 1650 ἡδονήν,
793 1601 959 1656 ἀφείσθω.
975 1603 1151 1642 Φαίνεται
1168 1601 1203 1640 δὲ

143 1659 200 1700 ὅτι
223 1659 411 1716 ἂδιαίρετά
441 1661 510 1701 εἶσι
545 1663 658 1701 ταῦτα
679 1661 866 1710 ἀλλήλων,
895 1661 956 1700 καὶ
972 1661 1051 1701 οὔτε
1076 1660 1202 1710 ἡδονὴν

55 1716 93 1775 [θ’
137 1750 140 1755 -
144 1719 255 1776 ·“’ωρὶς
273 1718 449 1774 ἐνεργείας
467 1718 546 1760 οὔτε
570 1720 745 1775 ἐνέργειαν
765 1720 875 1774 χωρὶς
894 1722 1018 1769 ἡδονῆς
1039 1720 1132 1774 ευροι
1152 1738 1203 1767 τις

83 1789 86 1791 ’
145 1778 214 1820 ἄν·
203 1779 412 1825 ·τελείωσις
424 1778 494 1833 γὰρ
519 1778 693 1835 ἐνεργείας
709 1782 732 1828 ἡ
750 1780 875 1831 ἡδονή,
894 1780 955 1820 καὶ
969 1779 1027 1819 διὰ
1047 1784 1150 1820 τοῦτο
1164 1782 1202 1820 οὐ

146 1835 292 1880 δύναται
305 1837 415 1895 χωρὶς
434 1832 539 1880 εἶναι.

111 1913 133 1934 1·
165 1895 326 1939 ”Aea
345 1913 460 1938 ταυτα
474 1897 636 1948 φαίνεται
648 1898 708 1938 καὶ
722 1898 775 1938 ὅτι
796 1900 832 1938 αἱ
847 1899 969 1947 ἡδοναὶ
983 1900 1202 1954 διαφέρουσιν

23 1957 66 2013 ff
87 1969 91 2012 J
146 1949 320 2008 ἂλλήλων
327 1960 379 1997 τῶ
393 1957 498 1998 εἴδει·
489 1959 572 1998 wenti
585 1956 654 2012 γὰρ
669 1959 844 2012 διαφόρων
858 1962 909 1998 v&
922 1959 1038 1998 εἴδει
1023 1963 1203 2013 ενεργειῶν

48 2028 96 2071 ᾖξ’
141 2016 363 2074 τελειότητες
382 2011 487 2058 ουσαι
518 2017 580 2056 καὶ
611 2017 716 2056 αὐταὶ
739 2000 900 2071 διάφοροί
931 2019 1030 2057 εἰσιν.
1056 2020 1102 2057 At
1136 2019 1203 2072 γὰρ

107 2082 111 2086 ’
145 2072 363 2126 τιλειότητες
382 2079 451 2117 τῶν
471 2076 649 2140 διαφόρων
674 2078 774 2116 εἰδῶν
796 2094 834 2117 ου
854 2077 1020 2116 δύνανται
1051 2077 1100 2128 μὴ
1122 2079 1204 2118 διά-

99 2162 110 2169 ·
145 2152 277 2212 φοροιη
268 2130 360 2178 εἶναι
385 2141 438 2192 τῷ
465 2137 574 2178 εἴδει·
592 2131 678 2186 οἷον,
699 2140 734 2176 αἱ
755 2141 818 2186 τῆς
854 2137 1008 2180 διανοίας
1031 2139 1202 2191 ἐνέργειαι

43 2226 47 2235 2
73 2194 78 2196 ἡ
140 2214 216 2243 ων
232 2201 296 2247 τῆς
313 2179 549 2246 αἰσθήσεως
530 2196 733 2251 οιαφέρουσι
755 2200 804 2236 τῶ
824 2196 921 2246 εἴδει,
943 2197 1004 2236 καὶ
1025 2196 1076 2235 ἔτι
1098 2201 1202 2237 αὗται

47 2259 104 2308 7³³⁴.
144 2256 332 2306 ἀλλήλων·
341 2256 434 2298 ὥστε
454 2256 515 2297 καὶ
537 2258 574 2296 αἱ
589 2257 726 2304 ἡδοναί,
752 2238 871 2297 Τουτο
903 2256 976 2296 δέ’
961 2273 1034 2296 εστι
1053 2259 1200 2312 φανερὸν

145 2315 380 2370 &eorundem
393 2315 552 2372 ἐνεργείᾳ
576 2316 709 2356 οἰκείαν
740 2316 867 2364 ἡδονὴν
900 2319 1095 2369 προσεῖναι.
1115 2316 1203 2357 e'Ort

44 2368 73 2406 ³-
90 2426 93 2427 ⁷
146 2375 323 2426 statut«,
336 2377 461 2426 mov·
478 2377 538 2416 καὶ
552 2377 620 2430 γὰρ
642 2375 803 2420 συναύξει
833 2376 896 2423 τὴν
918 2376 1093 2429 ἐνέργειαν
1108 2380 1130 2425 ἡ
1150 2380 1202 2417 οἷ-

47 2434 90 2483 ’ζ
144 2435 225 2477 κεία
244 2437 366 2486 ἡδονή.
389 2436 561 2478 Μάλιστα
594 2437 661 2489 γοίρ
695 2452 746 2480 τις
778 2436 914 2476 ἕκαστα
947 2436 1114 2488 γινώσκει,
1144 2437 1204 2476 καὶ

74 2527 88 2540 ε
145 2492 344 2551 ἔξακριὸοῗ,
373 2494 436 2535 καὶ
454 2495 543 2541 ὅλως
573 2496 722 2548 ἐνεργεῖ,
753 2494 837 2535 ὅταν
858 2497 935 2547 μεθ’
955 2496 1082 2543 ἡδονῆς
1102 2500 1204 2535 τοῦτο

145 2557 232 2608 ποιῇ
249 2570 259 2580 “
277 2554 340 2595 καὶ
358 2554 428 2610 γὰρ
447 2554 680 2609 γεωμετρικοὶ
701 2554 856 2607 γίνονται
891 2556 1047 2606 μάλιστα
1065 2557 1096 2594 οἱ
1113 2554 1204 2609 χαί-

82 2610 113 2642 ”·”
148 2629 264 2671 ροντες
285 2617 337 2669 τῷ
361 2620 589 2669 γεωμετρεῖν,
615 2614 676 2654 καὶ
697 2619 927 2654 κατανοοῦσιν
958 2615 1092 2654 ἕκαστα
1114 2617 1203 2666 μᾶλ-

59 2672 93 2723 ᾗ
133 2675 233 2727 ΔΧον,
244 2675 306 2715 καὶ
325 2674 476 2717 ἕκαστον
495 2679 519 2725 ἡ
535 2675 643 2725 ἡδονὴ
665 2675 750 2728 πρὸς
767 2675 806 2714 τὸ
830 2677 955 2715 οἷκειον
976 2676 1077 2729 ἔργον
1093 2678 1203 2715 ἐπιδι-

59 2742 106 2787 ;;;’
130 2732 248 2778 ”,δὸναι
262 2740 371 2776 ποιεῖ.
402 2735 448 2775 Εἰ
479 2734 593 2775 τοίνυν
626 2733 689 2779 τὰς
719 2734 893 2788 ἐνεργείας
922 2733 1147 2779 συναύξουσιν
1166 2736 1202 2774 αἱ

63 2786 110 2841 ‚¹1¹
145 2791 290 2844 ἡδοναί,
318 2792 367 2834 τὰ
394 2793 431 2833 δὲ
460 2793 672 2840 συναύξοντα
701 2796 837 2842 οἰκεῖα,
859 2792 903 2832 τὰ
927 2793 964 2831 δὲ
984 2795 1074 2833 οἰκεῖ
1074 2811 1096 2833 α
1122 2800 1193 2839 τοῖς

65 2845 87 2874 '3'
147 2851 326 2907 διαφόροις
352 2855 406 2907 τῷ
427 2852 511 2894 εἴδει
531 2854 592 2893 καὶ
614 2853 704 2894 αὐτὰ
733 2854 883 2909 διάφορα
904 2855 996 2895 κατὰ
1027 2855 1067 2894 τὸ
1087 2848 1198 2907 εἶδος,

147 2912 313 2968 φανερόν,
327 2911 382 2952 ὅτι
398 2914 436 2952 αἱ
455 2912 580 2961 ἡδοναι
604 2913 720 2967 ἕτεραι
739 2916 789 2953 τῶ
811 2913 894 2954 εἴδει
915 2915 1090 2962 ἀλλήλων.
1122 2915 1168 2954 F
1170 2930 1204 2953 τι

55 2971 113 3030 ἦ(
147 2972 208 3013 καὶ
225 2972 355 3014 ἐκεῖθεν
375 2971 510 3026 γίνεται
530 2974 635 3020 δῆλον
664 2972 726 3018 τὰς
753 2972 878 3020 ἡδονὰς
885 2972 1082 3046 διαφόρους
1113 2977 1202 3013 εἶναι

75 3035 89 3060 ’ἶ
146 3033 200 3086 τῷ
218 3030 328 3072 εἴδει·
347 3030 496 3086 καὶγὰρ
515 3031 770 3086 προσίστανται
790 3038 865 3077 ταῖς
880 3032 1068 3085 ἐνεργείαις
1089 3035 1126 3071 αἱ
1145 3035 1203 3072 ἀλ-

74 3099 79 3120 ῑ
90 3115 98 3119 Δ·
146 3090 290 3147 λότριαι»
305 3091 452 3142 ἡδοναί,
483 3092 643 3146 καθάπερ
661 3094 697 3132 αἱ
711 3093 836 3131 οἷκειαι
850 3092 1066 3145 τελειοτέρας
1082 3097 1203 3132 ποιοῦ-

55 3151 86 3161 ⁵
148 3164 228 3191 σιν·
249 3151 361 3206 ἡγὰρ
377 3155 439 3200 τῆς
459 3153 656 3201 αὐλητικῆς
690 3151 800 3199 ἡδονὴ
824 3151 968 3204 συγχέοι
1003 3150 1045 3190 ἂν
1077 3152 1208 3206 ῥᾳδίως

87 3255 94 3265 ‚.
143 3210 214 3260 ’τὴν
234 3211 271 3251 ἐν
291 3218 363 3256 τοῖς
383 3211 572 3263 μαθήμασι
593 3211 755 3264 θεωρίαν,
771 3210 853 3250 ὅταν
876 3211 925 3261 μὴ
948 3210 1016 3256 ἕξιν
1032 3214 1204 3262 μαθημα-

58 3273 78 3294 >⁵¹
149 3270 286 3319 τικὴνὸ
304 3273 452 3324 ’θεωρῶν
476 3271 541 3325 ἔχῃ
557 3302 568 3322 ,
592 3274 671 3311 ἀλλ’
700 3272 830 3319 ἥδηται
858 3273 992 3323 μᾶλλον
1015 3273 1204 3318 αὐλοῦντος

619 165 927 208 ETHICORUM
955 164 1410 207 NICOMACHEORUM
1442 166 1821 208 PARAPHRASIS.

2229 169 2304 209 551

1710 445 1788 488 Gap.
1812 446 1852 479 V.

1262 558 1455 594 Voluptatem
1465 560 1647 588 naturaliter
1661 560 1913 589 consecrandam:
1928 565 2072 596 praeterea
2083 560 2180 597 specie
2192 568 2312 597 quoque

1625 606 1750 634 differre
1769 608 1948 642 voluptate&

1308 713 1420 750 Quum
1443 721 1522 746 vero
1558 722 1689 746 omnem
1714 715 1827 746 actum
1849 713 1997 756 perficiat
2023 712 2197 755 voluptas,
2220 715 2316 747 actus

1265 769 1378 801 autem
1401 770 1434 801 et
1456 768 1525 801 vita
1545 768 1605 808 sit,
1637 769 1790 812 sequitur
1816 778 1855 803 ea
1882 778 1958 812 quae
1984 769 2063 802 vitoe
2096 768 2214 812 cupida
2239 771 2316 803 sunt

1266 824 1473 867 voluptatem
1510 827 1678 867 appetere,
1708 826 1786 868 quia
1816 826 1886 868 eJus
1922 825 2080 868 perfectio
2104 829 2167 860 est.
2198 827 2317 860 omnia

1266 882 1379 913 autem
1405 879 1485 913 vitae
1510 879 1630 922 cupida
1651 883 1729 912 sunt
1758 891 1766 910 z
1786 880 1833 913 ita
1851 882 1889 914 ut
1913 881 2024 914 omnia
2052 883 2207 924 appetere
2227 882 2318 914 volu-

1266 937 1395 978 ptatem
1410 934 1596 967 videantur.
1618 936 1759 968 Omnem
1777 936 1864 968 enlm
1881 938 1993 969 actum
2013 938 2169 979 voluptas
2185 936 2318 979 optabi-

1266 992 1383 1025 liorem
1413 990 1516 1025 efficit
1535 1004 1559 1032 ε,
1576 993 1678 1034 atque
1697 992 1732 1025 in
1762 993 1803 1041 iis
1833 993 1976 1036 quisque
2007 994 2155 1027 elaborat
2173 994 2318 1027 maxime

1267 1056 1393 1090 suoque
1411 1056 1550 1080 munere
1568 1046 1731 1090 fungitur,
1754 1048 1879 1091 quibus
1890 1050 2035 1083 maxime
2053 1045 2238 1083 delectatur
2256 1062 2264 1082 :
2280 1049 2318 1082 ut

1266 1103 1415 1137 musicus
1448 1102 1567 1136 auditu
1597 1103 1632 1136 in
1673 1104 1765 1137 sonis
1800 1107 1834 1138 et
1866 1105 2037 1147 cantibus,
2070 1106 2318 1148 disciplinarum

1268 1159 1440 1193 studiosus
1457 1158 1636 1200 agitatione
1662 1159 1784 1193 mentis
1808 1160 1842 1192 in
1867 1161 2051 1202 cognitione
2076 1171 2204 1202 rerum,
2221 1163 2255 1194 et
2273 1159 2319 1193 ita

1268 1214 1381 1248 caeteri
1408 1223 1471 1247 suo
1490 1213 1633 1256 quisque
1656 1214 1690 1247 in
1707 1215 1828 1248 studio.
1845 1218 1957 1255 Quum
1979 1225 2057 1259 ergo
2074 1226 2114 1250 eo
2129 1217 2227 1250 modo
2244 1226 2320 1249 mu-

1266 1272 1356 1306 neris
1376 1270 1580 1304 functionem
1601 1271 1757 1314 voluptas
1782 1273 1854 1305 tum
1884 1273 2108 1315 pulchriorem
2126 1275 2198 1306 tum
2220 1276 2319 1316 opta-

1267 1328 1418 1362 biliorem
1443 1326 1553 1366 faciat,
1575 1327 1652 1370 Jure
1676 1337 1714 1361 ea
1743 1337 1819 1371 quae
1844 1331 1957 1362 actum
1981 1330 2127 1373 aliquem
2149 1332 2310 1373 appetunt

1266 1382 1367 1416 simul
1382 1382 1484 1416 etiam
1502 1381 1712 1424 voluptatem
1739 1383 1816 1416 inde
1839 1383 2034 1427 capiendam
2051 1387 2285 1419 consectantur
2307 1397 2316 1418 ι

1266 1438 1422 1482 quocirca
1447 1446 1658 1480 quaecunque
1677 1437 1756 1471 vitae
1782 1439 1902 1481 cupida
1927 1442 2016 1478 sunt,
2037 1441 2157 1473 merito
2185 1450 2319 1483 quoque

1267 1495 1474 1538 voluptatem
1503 1495 1649 1536 captant,
1677 1494 1757 1537 quia
1778 1495 1813 1528 id
1832 1495 1923 1538 quod
1942 1496 2088 1539 optabile
2108 1499 2141 1530 et
2155 1500 2316 1540 expeten-

1266 1553 1348 1586 dum
1375 1550 1444 1584 illis
1483 1550 1618 1584 videtur
1648 1550 1787 1593 perficit.
1812 1551 1873 1584 llla
1900 1560 1980 1585 vero
2014 1553 2174 1595 quaestio,
2202 1555 2319 1586 utrum

1267 1609 1422 1650 voluptas
1434 1606 1514 1640 vitae
1529 1606 1644 1650 ipsimi,
1662 1616 1704 1640 an
1722 1607 1790 1640 vita
1809 1608 1991 1650 voluptatis
2013 1617 2113 1642 causa
2132 1609 2318 1652 expetenda

1268 1665 1322 1704 sit,
1345 1665 1380 1697 in
1398 1663 1574 1706 praesentia
1589 1663 1775 1698 omittatur.
1790 1664 1955 1697 Videntur
1975 1667 2086 1699 autem
2103 1666 2175 1699 haec
2190 1666 2322 1709 insepa-

1267 1723 1384 1756 rabilia
1399 1731 1481 1761 esse,
1500 1721 1665 1764 siquidem
1685 1730 1793 1764 neque
1802 1723 2010 1766 voluptatem
2027 1725 2098 1758 sine
2110 1729 2198 1764 actu,
2214 1734 2322 1768 neque

1269 1782 1383 1813 actum
1400 1779 1470 1812 sine
1501 1778 1674 1820 voluptate
1698 1778 1843 1820 reperias
1872 1793 1880 1812 ι
1901 1778 2060 1822 perfectio
2075 1781 2163 1814 enim
2184 1780 2323 1814 actionis

1267 1840 1318 1871 est
1336 1837 1503 1879 voluptas,
1522 1835 1663 1878 ideoque
1679 1845 1829 1869 seorsum
1846 1837 1888 1870 ab
1905 1846 1943 1870 ea
1956 1839 2035 1880 poni
2050 1848 2115 1872 non
2129 1841 2254 1882 potest.

1310 1897 1395 1931 Hinc
1411 1895 1511 1929 etiam
1522 1897 1669 1937 apparet,
1684 1895 1873 1938 voluptates
1890 1897 1999 1939 specie
2010 1897 2097 1930 inter
2111 1907 2147 1930 se
2163 1897 2319 1931 differre:

1268 1951 1476 1984 diversarum
1506 1948 1594 1981 enim
1623 1948 1729 1991 specie
1761 1950 1929 1982 actionum
1957 1960 2062 1993 quum
2104 1950 2323 1993 perfectiones

1269 2005 1346 2042 sint,
1364 2003 1454 2044 ipsas
1477 2010 1612 2044 quoque
1636 2001 1785 2035 diversas
1805 2012 1876 2036 esse
1892 2006 2036 2046 oportet.
2063 2006 2147 2036 Nam
2166 2004 2318 2037 diversa-

1267 2067 1343 2091 rum
1363 2057 1543 2088 formarum
1563 2054 1782 2097 perfectiones
1800 2066 1864 2089 non
1882 2060 2020 2099 possunt
2045 2067 2111 2090 non
2128 2067 2199 2090 esse
2216 2058 2323 2100 specIe

1269 2109 1431 2143 diversae:
1455 2106 1548 2140 verbi
1567 2108 1672 2148 gratia
1694 2108 1900 2153 cogitationis
1921 2109 2107 2143 functiones
2132 2119 2151 2142 a
2165 2119 2323 2143 sensuum

1272 2161 1500 2196 functionibus
1526 2160 1633 2203 specie
1652 2161 1832 2201 differunt,
1851 2164 1885 2196 et
1905 2163 1985 2205 ipsae
2011 2163 2098 2196 inter
2114 2173 2148 2196 se
2169 2173 2286 2197 rursus
2310 2177 2319 2197 :

1268 2219 1382 2258 itaque
1401 2217 1433 2247 et
1461 2214 1658 2256 voluptates.
1679 2216 1750 2247 Hoc
1764 2218 1877 2250 autem
1900 2226 1942 2250 ex
1964 2226 2003 2250 eo
2019 2217 2234 2251 manifestum
2257 2220 2320 2259 est,

1267 2270 1359 2316 quod
1376 2269 1465 2302 omui
1495 2268 1658 2302 functioni
1686 2271 1820 2313 propria
1838 2272 1925 2306 inest
1952 2273 2118 2315 voluptas.
2150 2273 2323 2314 Propriam

1271 2336 1351 2362 vero
1372 2334 1445 2359 esse
1460 2325 1672 2368 perspicuum
1700 2328 1752 2360 est
1773 2339 1780 2359 :
1801 2328 1922 2361 etenim
1945 2330 2044 2370 auget
2061 2328 2161 2362 simul
2179 2327 2324 2361 functio-

1269 2403 1344 2427 nem
1366 2393 1498 2436 propria
1522 2391 1686 2434 voluptas
1714 2389 1859 2422 Maxime
1878 2387 1966 2420 enim
1989 2386 2118 2428 singula
2142 2388 2176 2419 et
2203 2395 2324 2428 cogno-

1270 2450 1394 2483 scimus
1425 2453 1456 2484 et
1491 2450 1646 2482 accurate
1670 2445 1886 2489 percipimus,
1918 2445 1952 2477 et
1977 2443 2110 2475 omnino
2139 2442 2319 2481 efficimus,

1269 2506 1403 2550 quando
1416 2515 1492 2538 cum
1515 2504 1687 2546 voluptate
1701 2502 1765 2535 hoc
1782 2500 1924 2533 facimus
1938 2510 1944 2530 :
1968 2498 2126 2531 nimirum
2145 2502 2321 2540 geometrae

1271 2561 1353 2592 liunt
1369 2558 1514 2591 maxime
1536 2557 1593 2600 qui
1609 2565 1647 2588 eo
1660 2553 1772 2588 studio
1790 2552 2008 2590 delectantur,
2024 2554 2057 2584 et
2066 2551 2195 2594 singula
2213 2553 2320 2595 magis

1271 2615 1476 2657 intelligunt,
1498 2613 1580 2656 quin
1599 2611 1701 2644 etiam
1733 2609 1887 2651 voluptas
1909 2617 2009 2641 causa
2041 2610 2101 2646 est,
2129 2609 2167 2640 ut
2199 2608 2233 2640 in
2263 2618 2324 2641 suo

1270 2673 1413 2715 quisque
1433 2668 1545 2702 studio
1574 2669 1607 2700 et
1629 2674 1765 2699 munere
1794 2663 1955 2707 proficiat.
1983 2663 2018 2697 Si
2035 2671 2113 2705 ergo
2140 2663 2325 2699 functiones

1270 2730 1433 2771 augentur
1461 2726 1560 2759 simul
1590 2722 1838 2766 voluptatibus,
1864 2730 1941 2764 quae
1970 2729 2050 2754 vero
2082 2720 2183 2754 simul
2202 2724 2323 2763 augent

1269 2784 1394 2827 aliquid
1414 2783 1445 2817 ei
1465 2781 1557 2825 quod
1583 2780 1705 2822 augent
1721 2779 1800 2811 sunt
1834 2776 1976 2820 propria,
2004 2785 2082 2819 quae
2096 2778 2209 2810 autem
2228 2776 2325 2810 disse-

1269 2839 1419 2872 rentibus
1431 2837 1539 2881 specie
1564 2837 1642 2869 sunt
1659 2833 1802 2877 propria,
1823 2832 1924 2865 etiam
1943 2831 2015 2874 ipsa
2029 2831 2136 2874 specie
2149 2830 2321 2869 differunt,

1269 2895 1405 2936 apparet
1422 2893 1612 2935 voluptates
1629 2897 1766 2933 quoque
1782 2888 1871 2931 ipsas
1893 2886 2002 2930 specie
2015 2886 2102 2920 inter
2119 2895 2155 2919 se
2175 2885 2324 2919 differre.

1269 2951 1434 2983 praterea
1456 2951 1489 2982 et
1504 2948 1583 2982 hinc
1601 2946 1718 2990 liquet,
1737 2943 1927 2987 voluptates
1941 2942 2050 2986 specie
2066 2942 2217 2976 diversas
2228 2952 2298 2976 csse
2314 2956 2321 2975 ι

1269 3016 1346 3039 nam
1362 3005 1530 3039 obsistunt
1558 3001 1784 3037 functionibus
1802 3000 1917 3034 alienae
1942 2999 2147 3041 voluptates,
2177 3001 2215 3032 ut
2247 3008 2324 3041 pro-

1271 3063 1352 3106 priae
1381 3072 1437 3096 eas
1462 3062 1637 3106 perficiunt
1659 3074 1668 3094 ε
1697 3061 1819 3104 quippe
1838 3058 1992 3101 voluptas
2007 3066 2026 3090 e
2044 3056 2201 3089 tibiarum
2224 3057 2322 3088 cantu

1269 3120 1364 3162 capta
1389 3117 1491 3152 facile
1516 3117 1766 3160 disciplinarum
1794 3113 2106 3156 contemplationem
2137 3110 2323 3161 confundit,-

1269 3176 1403 3219 quando
1432 3175 1586 3209 habitum
1626 3174 1873 3218 disciplinarum
1908 3170 2018 3204 studio
2052 3168 2220 3211 proprium
2258 3177 2322 3200 non

1267 3230 1406 3272 geritis
1441 3229 1499 3272 qui
1533 3229 1788 3272 contemplatur,
1819 3226 1877 3259 sed
1908 3225 2012 3265 magis
2037 3222 2180 3255 tibicinis
2204 3221 2320 3253 inflatu

1268 3294 1370 3328 quam
1387 3284 1666 3328 contemplatione
1693 3283 1826 3326 gaudet,
1854 3284 1954 3323 atque
1986 3280 2032 3312 ita
2061 3278 2214 3320 voluptas
2234 3286 2252 3309 e
2277 3276 2321 3309 ti-

193 3426 211 3444 *
230 3426 423 3472 Ὀρέγεσθαι
440 3427 473 3460 δὲ
490 3433 545 3468 τῆς
559 3429 678 3467 ἡδονῆς
697 3427 818 3467 οἰηθείη
840 3439 888 3465 τις
905 3427 944 3459 ἂν
966 3427 1037 3461 κτλ.
1057 3446 1098 3452 —-
1115 3428 1151 3447 ²⁶*
1170 3428 1248 3472 Cap.
1268 3432 1298 3461 5.
1319 3427 1418 3462 ’Ὅθεν
1437 3429 1570 3461 δοκοῦσι
1588 3427 1642 3459 καὶ
1661 3429 1707 3469 τῷ
1729 3426 1805 3458 εῖδει
1822 3423 1995 3467 διαφέρειν,
2017 3423 2085 3455 κτλ.
