2528 3788
225 236 304 278 278
877 233 1079 275 EUDEMI
1105 232 1285 274 RHODII
1314 233 1671 274 PERIPATETICI
2217 253 2241 269 0

276 323 411 374 (Plato
428 321 530 360 Tim.
550 335 590 372 p.
616 321 680 359 38.
703 320 740 360 d.
759 320 809 360 cf.
826 319 931 361 Phil.
950 320 1080 372 Graec.
1098 321 1251 372 Fragm-

223 382 301 421 vol.
326 381 362 418 11
382 394 420 431 p.
449 380 533 418 166.
557 379 720 417 Proclus
743 379 785 417 in
805 380 903 420 Tim.
929 394 967 432 p.
989 381 1076 420 258.
1095 395 1128 419 c.
1149 382 1256 434 (pag.

222 441 296 483 624
317 438 378 477 ed.
403 438 627 478 Schneider.
644 436 655 490 )
676 441 693 477 ὃ
717 438 746 475 δ’
767 432 823 477 οὖν
845 439 998 478 Πλάτων
1025 441 1071 484 εἷς
1092 438 1153 488 τὴν
1173 440 1258 477 πολ-

220 498 283 544 λὴν
305 496 484 536 κοινωνίαν
498 496 558 535 καὶ
577 495 639 542 τὴν
660 498 796 550 δμοφὺῆ
815 497 965 549 πάροδον
985 499 1054 537 ἀπὸ
1073 501 1133 545 τῆς
1152 499 1258 545 αὐτῆς

221 557 331 600 αἰτίας
350 555 448 603 ἡλίου
469 555 528 594 καὶ
543 554 687 603 σελήνης
701 554 761 594 καὶ
780 555 842 604 τὴν
864 555 989 607 εἷς-τὸν
1005 556 1135 607 κόσμον
1151 555 1258 609 πρόο-

220 616 275 653 δον
308 616 421 653 αὓτῶν
456 616 500 658 ὡς
530 612 756 664 συνημμένην
784 614 1027 666 παραδέδωκε.
1086 614 1158 654 Καὶ
1180 613 1257 654 οὐδὲ

218 673 347 721 ταύτης
364 668 465 725 ἧρξεν
487 673 585 717 αὐτὸς
600 675 662 719 τῆς
689 672 898 720 ὑποθέσεως,
928 672 1005 712 ἀλλ’
1026 672 1256 724 Ἀναξαγόρας

217 736 318 772 τοῦτο
342 734 477 785 πρῶτος
498 731 688 779 ὑπέλαὸεν,
711 733 756 776 ὡς
776 732 959 785 ἱστόρησεν
982 730 1185 783 Εὔδημος.)

557 844 919 896 ΑΝΑΑΥΤῙΚΑ.

270 971 316 996 ⁰9.
335 955 497 1010 Ἔγραψε
518 956 584 1009 γὰρ
602 956 662 995 καὶ
685 956 910 1010 Θεόφραστος
927 971 986 994 και
1004 954 1165 1006 Εὔδημος
1179 955 1259 1010 περὶ

217 1018 435 1067 κατηγοριῶν
460 1014 551 1053 κατὰ
574 1014 722 1065 μίμησιν
742 1018 802 1054 τοῦ
826 1015 952 1054 οἰκείου
982 1014 1205 1054 διδασκάλου.

273 1074 435 1126 (David.
463 1074 613 1125 proleg.
634 1075 676 1112 in
692 1083 813 1125 categ.
840 1075 882 1112 in
904 1075 1067 1112 Scholiis
1091 1087 1177 1125 pag.
1198 1088 1257 1124 19.

219 1138 265 1174 A.
290 1136 336 1178 34
359 1133 421 1172 ed.
452 1133 630 1171 Brandis.
649 1134 879 1171 Ammonius
902 1133 943 1171 in
966 1134 1123 1171 Aristot.
1152 1141 1259 1170 cate-

219 1207 298 1244 gor.
325 1192 391 1230 fol.
420 1193 478 1230 13.
505 1205 538 1229 a.
558 1191 700 1243 δευτέρα
728 1191 763 1228 δὲ
792 1191 955 1243 (ἀφορμὴ
975 1195 1036 1229 τοῦ
1059 1189 1257 1229 νοθεύεσθαι

218 1255 262 1290 τὰ
279 1249 536 1303 συγγράμματα
552 1254 611 1289 τοῦ
630 1250 906 1303 Ἀριστοτέλους)
931 1254 952 1297 ἡ
981 1252 1048 1288 τῶν
1080 1264 1258 1301 συγγραμ-

219 1311 340 1362 μάτων
354 1309 556 1360 ὁμωνυμία·
577 1312 609 1349 oi
624 1310 692 1361 γὰρ
714 1309 868 1359 μαθηταὶ
890 1310 995 1347 αὐτοῦ
1016 1308 1180 1358 Εὔδημος
1199 1310 1259 1348 καὶ

218 1367 355 1413 Φανίας
373 1367 432 1406 καὶ
461 1367 683 1420 Θεόφραστος
702 1367 792 1405 κατὰ
819 1369 919 1414 ζῆλον
957 1370 1015 1405 τοῦ
1044 1366 1258 1404 διδασκάλου

217 1430 460 1480 γεγραφήκασι
479 1425 689 1477 κατηγορίας
708 1425 769 1464 καὶ
789 1426 868 1478 περὶ
885 1424 1068 1476 ἑρμηνείας
1093 1424 1153 1463 καὶ
1174 1426 1257 1462 ἀνα·

218 1485 375 1532 λυτικήν.
433 1485 490 1524 Cf.
515 1485 614 1523 Rose
637 1486 795 1523 Aristot.
826 1484 1009 1535 Pseudep.
1039 1498 1079 1535 p.
1119 1498 1193 1534 129
1222 1487 1260 1521 et

217 1545 368 1585 Prantl.
392 1545 482 1582 hist.
498 1545 612 1594 logie.
639 1558 677 1595 p.
715 1544 805 1582 350.
831 1543 944 1581 Adde
964 1542 1144 1581 Brandis.
1165 1542 1257 1580 hist.

224 1608 320 1661 phil.
338 1607 453 1645 Tom.
477 1607 549 1647 III.
573 1622 613 1660 p.
635 1608 755 1658 276.)

278 1680 340 1706 100.
370 1665 456 1705 “Ort
488 1665 523 1704 δὲ
553 1665 756 1718 οἰκειότερον
784 1667 834 1718 τῷ
867 1666 1076 1717 διαλεκτικῷ
1105 1664 1144 1703 τὸ
1174 1665 1259 1703 ἀνα-

222 1726 399 1771 σκευάζειν
418 1728 476 1764 τοῦ
495 1724 783 1775 κατασκευάζειν,
807 1725 841 1762 ἓν
871 1726 920 1777 τῷ
946 1723 1074 1777 πρώτῳ
1097 1725 1164 1762 τῶν
1182 1725 1257 1761 ἐπι-

219 1784 447 1838 γραφομένων
466 1783 670 1835 Εὖδημείων
696 1783 927 1822 Ἀναλυτικῶν
950 1783 1201 1835 (ἐπιγράφεται
1221 1784 1256 1821 δὲ

220 1845 304 1882 αὐτὸ
351 1843 410 1882 καὶ
444 1842 610 1892 Εὐδήμου
641 1842 727 1895 ὑπὲρ
760 1845 827 1880 τῶν
871 1842 1125 1893 Ἀναλυτικῶν)
1149 1841 1259 1887 οὔτως

218 1903 371 1955 λέγεται,
393 1902 443 1939 ὅτι
458 1905 474 1940 ὁ
490 1902 705 1945 διαλεκτικὸς
726 1902 747 1939 ἃ
772 1901 834 1950 μὲν
854 1900 1130 1947 κατασκευάζει,
1153 1901 1260 1952 μικρά

220 1965 324 2009 ἔστιν,
339 1962 375 1999 τὸ
397 1961 432 1999 δὲ
453 1961 539 1999 πολὺ
559 1965 620 2009 τῆς
646 1961 823 2012 δυνάμεως
851 1962 954 1999 αὐτοῦ
977 1960 1060 2013 πρὸς
1085 1962 1133 2012 τῷ
1160 1962 1256 2000 ἀναι-

221 2025 290 2074 ρεῒν
306 2020 340 2059 τί
361 2022 467 2059 ἐστιν.

276 2080 522 2130 (Alexander
560 2080 607 2117 ad
630 2081 793 2120 Aristot.
819 2080 957 2132 Topic.
995 2079 1031 2116 ll
1055 2093 1094 2131 p.
1122 2094 1170 2127 70
1201 2080 1260 2119 ed.

220 2139 310 2179 Ald.
335 2138 409 2185 (cs.
434 2138 589 2176 Scholia
615 2139 657 2176 in
690 2140 852 2178 Aristot.
884 2153 925 2190 p.
947 2140 1038 2182 264.
1070 2151 1103 2177 a.
1131 2152 1178 2186 27
1202 2139 1260 2176 ed.

220 2197 409 2249 Brandis.)
437 2197 624 2235 Caeterum
665 2198 838 2236 codicum
869 2198 1073 2236 lectionem
1109 2195 1195 2249 πρὸς
1223 2196 1262 2235 τὸ

222 2258 375 2309 ἀναιρεῖν
395 2257 541 2295 mutavi
562 2258 604 2294 in
623 2257 705 2308 πρὸς
729 2260 779 2310 τῷ
801 2257 992 2310 ἀναιρεῖν).
1131 2256 1136 2264 '

277 2329 341 2354 101.
374 2317 520 2366 Πρῶτον
545 2313 606 2366 μὲν
632 2310 690 2354 οῧν
720 2315 810 2354 ἔστω
848 2314 1035 2368 στερητικὴ
1061 2314 1208 2353 καθόλου
1241 2317 1262 2361 ἡ

221 2377 251 2414 A
276 2377 304 2414 Β
324 2374 501 2425 πρότασις.
561 2376 605 2414 Εἰ
626 2369 684 2412 oliv
705 2375 826 2425 μηδενὶ
846 2377 895 2426 τῷ
921 2377 949 2413 Β
976 2374 1016 2412 τὸ
1035 2376 1063 2413 Α
1096 2374 1263 2426 ὑπάρχει,

222 2433 298 2472 οὐδὲ
315 2435 382 2471 τῶν
401 2433 556 2472 Αοῦδενὶ
575 2433 719 2486 ὑπάρξει
739 2435 777 2473 τὸ
802 2437 843 2474 Β.
868 2437 913 2474 Ei
933 2434 1001 2486 γάρ
1022 2448 1103 2481 τινι,
1125 2426 1194 2472 οἶον
1215 2435 1265 2485 τῷ

221 2494 264 2540 Γ,
287 2494 349 2530 οὐκ
376 2492 498 2539 ἀληθὲς
515 2492 612 2531 ἔσται
629 2492 667 2531 τὸ
686 2493 807 2543 μηδενὶ
825 2496 894 2532 τῶν
911 2495 940 2532 Β
955 2494 994 2532 τὸ
1010 2494 1042 2531 Α
1076 2492 1264 2545 ὑπάρχειν·

224 2623 332 2653 crum,
360 2616 399 2647 ut
421 2614 553 2654 dicitur,
584 2616 698 2649 orbem
727 2617 859 2650 circulis
888 2617 997 2651 affixit
1019 2617 1080 2650 soli
1099 2616 1268 2650 celeritate

228 2673 382 2714 paribus,
404 2674 551 2716 potentia
570 2684 648 2707 vero
669 2675 719 2708 illi
736 2677 916 2709 contrariis.
936 2680 1008 2715 Quo
1022 2677 1075 2715 fit,
1095 2678 1133 2709 ut
1151 2685 1268 2718 appre-

226 2732 372 2765 hendant
400 2742 435 2765 se
460 2733 601 2766 invicem
629 2735 663 2767 et
692 2745 710 2768 a
742 2745 776 2768 se
809 2736 953 2769 vicissim
981 2736 1269 2779 apprehendantur

227 2791 378 2824 similiter
393 2792 465 2824 haec
486 2792 609 2831 sidera,
630 2793 700 2833 Sol,
730 2795 913 2828 Mercurius
933 2798 965 2829 et
980 2795 1120 2830 Lucifer.

626 2913 869 2947 ANALYTIGA.

270 3014 321 3043 99.
344 3011 426 3043 Nam
449 3012 483 3044 et
511 3011 759 3054 Theophrastus
787 3016 820 3046 et
848 3015 1017 3050 Eudemus
1044 3018 1194 3059 magistri
1219 3019 1271 3052 sui

232 3070 380 3112 exemplo
398 3069 440 3102 de
463 3070 635 3112 categoriis
654 3072 863 3113 seripserunt.

210 3167 214 3170 ³
276 3133 345 3163 100.
368 3129 491 3167 Haberi
529 3131 640 3163 autem
667 3131 829 3164 dialectici
853 3134 957 3174 magis
985 3136 1154 3177 proprium
1177 3138 1271 3170 infir-

235 3197 342 3227 mare,
365 3197 467 3231 quam
494 3188 686 3222 confirmare
708 3189 742 3222 in
771 3190 877 3232 primo
901 3193 1167 3234 Analyticorum
1197 3206 1272 3239 quae

234 3248 409 3281 Eudemea
420 3247 646 3280 inscribuntur
664 3248 743 3290 (sed
762 3249 880 3283 titulus
899 3251 929 3283 ei
944 3252 1029 3284 libro
1047 3255 1273 3295 praescribitur

236 3305 334 3338 etiam
355 3305 502 3338 Eudemi
521 3314 584 3346 pro
607 3307 801 3347 Analycz'cis
818 3308 827 3348 )
847 3308 896 3340 ita
918 3309 1039 3341 dieitur
1061 3322 1068 3342 t
1096 3321 1171 3353 quae
1199 3314 1273 3347 dia-

238 3362 371 3398 lecticus
416 3364 603 3404 confirmet,
639 3374 743 3407 pauca
787 3375 875 3407 esse,
908 3368 1044 3410 ejusque
1081 3372 1273 3407 facultatem

238 3431 354 3463 magna
369 3430 409 3454 ex
426 3431 518 3464 parte
542 3422 576 3455 in
596 3432 634 3456 eo
651 3424 790 3466 versari,
811 3427 848 3457 ut
867 3426 991 3468 aliquid
1010 3430 1146 3461 evertat.

1317 320 1358 361 τὸ
1374 320 1442 375 γὰρ
1459 323 1489 361 Γ
1504 323 1572 360 τῶν
1586 323 1616 360 Β
1636 319 1675 359 τί
1692 319 1799 358 ἐστιν.
1857 319 1904 358 Εἴ
1923 318 1960 358 δὲ
1985 319 2090 359 παντὶ
2115 315 2155 358 τὸ
2181 322 2212 360 Α
2229 321 2278 373 τῷ
2296 304 2350 364 Bi,

1317 379 1378 420 καὶ
1407 379 1446 419 τὸ
1462 382 1492 420 Β
1512 379 1577 418 τινὶ
1597 381 1645 430 τῷ
1662 380 1695 416 Α
1715 376 1881 429 ὑπάρχει.
1939 378 1984 416 Ei
2008 376 2076 430 γὰρ
2109 378 2254 431 μηδενί,
2275 351 2354 418 οὐδέ

1318 439 1357 477 τὸ
1372 440 1407 478 Α
1430 437 1540 478 οὐδενὶ
1560 439 1608 489 τῷ
1628 438 1658 476 Β
1673 434 1837 488 ὑπάρξει·
1854 434 1930 474 ἀλλ’
1948 435 2105 476 ὑπέκειτο
2122 435 2227 475 παντί
2241 435 2356 491 ὑπάρ-

1315 513 1406 550 χειν.
1463 496 1618 547 Ὁμοίως
1637 494 1673 533 δὲ
1694 494 1754 534 καὶ
1780 496 1809 534 εἰ
1831 493 1921 532 κατὰ
1946 493 2050 548 μέρος
2071 493 2162 534 ἐστὶν
2182 499 2206 544 ἡ
2225 495 2355 548 πρότα-

1319 573 1387 600 σις.
1446 556 1488 594 Εἰ
1508 554 1578 607 γὰρ
1602 553 1642 593 τὸ
1661 556 1694 593 A
1719 553 1787 592 τινὶ
1806 555 1874 592 τῶν
1899 555 1942 602 Β,
1966 554 2025 592 καὶ
2043 552 2083 592 τὸ
2103 555 2134 593 Β
2154 553 2222 593 τινὶ
2236 555 2306 594 τῶν
2321 557 2357 594 A

1320 616 1452 666 ἀνάγκη
1470 613 1651 666 ὑπάρχειν.
1708 609 1752 652 Εἰ
1778 611 1846 665 γὰρ
1868 611 2004 662 μηδενί,
2031 610 2107 651 οὐδὲ
2126 612 2166 651 τὸ
2182 612 2216 653 Α
2243 612 2356 653 oiim

1317 673 1384 709 τῶν
1401 674 1432 711 Β
1450 672 1606 725 ὑπάρξει.
1663 672 1708 710 Εἰ
1736 671 1773 711 δέ
1785 686 1824 722 γε
1843 671 1882 710 τὸ
1901 672 1936 711 Α
1955 671 2022 710 τινὶ
2042 672 2111 709 τῶν
2131 672 2161 710 Β
2181 668 2230 720 μὴ
2247 668 2320 711 fini

1317 746 1388 783 χει,
1408 732 1469 771 οὐκ
1487 731 1620 783 ἀνάγκη
1638 730 1697 771 καὶ
1720 729 1758 769 τὸ
1779 732 1810 769 Β
1828 730 1894 769 τινὶ
1915 731 1966 783 τῷ
1983 732 2015 769 Α
2035 727 2084 781 μὴ
2101 727 2288 782 ὑπάρχειν,
2307 686 2358 770 οἷ

1319 805 1355 828 ον
1370 792 1398 829 εἰ
1415 791 1454 830 τὸ
1474 789 1536 842 μὲν
1552 793 1582 830 Β
1596 792 1669 829 ἐστι
1686 791 1786 842 ζῷον,
1805 788 1844 827 τὸ
1862 787 1898 827 δὲ
1913 789 1948 828 Α
1967 787 2143 840 ἄνθρωπος
2154 803 2163 812 ·
2179 787 2358 840 ἄνθρωπος

1319 848 1382 900 μὲν
1404 849 1471 903 γὰρ
1490 851 1528 889 οὔ
1548 848 1654 888 παντὶ
1671 848 1762 903 ζῴῳ,
1777 851 1862 902 ζῷον
1884 848 1920 887 δὲ
1940 847 2044 887 παντὶ
2060 846 2229 902 ἀνθρώπῳ
2248 847 2358 901 ὑπάρ-

1318 923 1327 931 ·
1346 922 1389 948 ει.

1319 923 1343 960 A
1374 965 1618 1018 (Aristoteles
1650 966 1806 1017 Analyt.
1842 965 1965 1016 prior.
1987 963 2056 1003 lib.
2077 965 2094 1004 1
2121 977 2206 1016 cap.
2225 977 2248 1003 ο
2267 977 2357 1017 pag.

1321 1024 1387 1064 25.
1407 1037 1443 1063 a.
1470 1030 1516 1068 14
1535 1025 1594 1062 ed.
1611 1024 1773 1064 Bekker.
1806 1022 2021 1062 Alexander
2041 1022 2358 1075 Aphrodisiensis

1321 1083 1386 1122 fol.
1414 1097 1458 1120 12
1490 1082 1557 1132 (cf.
1582 1082 1734 1121 Scholia
1763 1083 1804 1120 in
1834 1082 1991 1121 Aristot.
2011 1096 2051 1134 p.
2073 1082 2145 1126 148
2161 1081 2201 1121 b.
2223 1082 2356 1132 29-ed.

1323 1141 1529 1193 Brandis.)
1553 1140 1774 1194 Θεόφραστος
1795 1139 1857 1192 μὲν
1872 1140 1930 1179 καὶ
1946 1139 2107 1191 Εὔδημος
2124 1139 2359 1193 ἁπλούστερον

1320 1199 1451 1244 ἔδειξαν
1463 1198 1525 1246 τὴν
1542 1198 1688 1238 καθόλου
1702 1198 1918 1252 ἀποφατικὴν
1935 1197 2229 1251 ἀντιστρέφουσαν
2239 1199 2357 1251 ἑαυτῇ.

1320 1259 1395 1305 Τὴν
1415 1258 1481 1312 γὰρ
1496 1257 1642 1296 καθόλου
1663 1256 1883 1310 ἀποφατικὴν
1896 1256 2082 1308 ὠνόμασαν
2104 1255 2253 1296 καθόλου
2274 1270 2359 1296 στε-

1322 1317 1479 1369 ρητικήν,
1493 1315 1556 1363 τὴν
1576 1316 1611 1354 δὲ
1630 1316 1732 1361 δεῖξιν
1746 1316 1852 1360 οὕτως
1872 1320 2063 1355 ποιοῦνται.
2123 1314 2261 1354 Κείσθω
2274 1313 2360 1354 τὺ”α’

1320 1375 1411 1414 κατὰ
1435 1375 1581 1427 μηδενὸς
1603 1379 1662 1414 τοῦ
1685 1374 1731 1427 β’·
1751 1373 1830 1413 εἰδὲ
1847 1374 1938 1413 κατὰ
1958 1373 2117 1425 μηδενός,
2137 1373 2357 1419 ἀπέζευκται.

1324 1435 1394 1474 Καὶ
1415 1434 1454 1473 τὸ
1479 1434 1512 1486 β’
1541 1434 1610 1486 ἄρα
1635 1433 1765 1476 παντὸς
1788 1434 1996 1478 ἀπέζευκται
2033 1436 2092 1471 τοῦ
2135 1431 2194 1473 α’.
2251 1433 2297 1472 Εἰ
2324 1432 2360 1472 δὲ

1321 1497 1436 1541 τοῦτο,
1468 1493 1546 1531 κατ’
1566 1491 1699 1535 οὐδενὸς
1721 1492 1840 1532 αὐτοῦ.
1899 1490 2005 1531 Οὕτω
2032 1490 2095 1543 μὲν
2116 1485 2174 1530 οῧν
2193 1488 2328 1540 ἐκεῖνοι,
2343 1493 2361 1530 ὃ

1322 1551 1357 1589 δὲ
1379 1550 1618 1603 Ἀριστοτέλης
1639 1550 1732 1588 δοκεῖ
1754 1549 2024 1603 προσχρώμενος
2050 1552 2094 1602 τῇ
2128 1551 2174 1594 εἰς
2194 1549 2360 1590 ἀδύνατον

1323 1611 1495 1661 ἀπαγωγῇ
1515 1608 1807 1661 ἀντιστρέφουσαν
1836 1609 1943 1655 αὐτὴν
1980 1608 2167 1648 δεικνύναι.
2223 1607 2360 1647 Philo-

1322 1682 1448 1720 ponus
1477 1669 1544 1706 fol.
1580 1668 1687 1708 Xlll.
1719 1667 1761 1707 b.
1781 1668 1852 1718 (cf.
1891 1667 2047 1706 Scholia
2066 1667 2108 1706 in
2136 1667 2295 1707 Aristot.
2316 1681 2357 1718 p.

1326 1730 1411 1773 148.
1431 1727 1472 1767 b.
1497 1729 1545 1771 46
1577 1727 1636 1765 ed.
1669 1726 1854 1780 Brandis)
1888 1730 1917 1765 οἱ
1947 1727 1981 1766 δὲ
2019 1731 2077 1767 τοῦ
2106 1725 2360 1779 Ἀριστοτέλους

1321 1788 1463 1837 ἑταῖροι,
1487 1787 1517 1823 οἱ
1546 1783 1626 1836 περὶ
1655 1785 1712 1824 τὸν
1734 1785 1960 1839 Θεόφραστον
1984 1785 2045 1824 καὶ
2067 1785 2233 1835 Εὔδημον
2250 1784 2359 1839 σαφέ-

1321 1860 1441 1897 στερον
1460 1844 1520 1882 καὶ
1542 1844 1775 1895 ἁπλούστερον
1802 1848 1904 1883 τοῦτο
1930 1844 2247 1890 κατασκευάζουσι·
2274 1843 2360 1896 φασὶ

1320 1903 1402 1956 γάρ,
1415 1902 1504 1941 ὅτιεί
1526 1902 1565 1941 τὸ
1579 1902 1619 1940 α’
1639 1902 1731 1941 κατὰ
1741 1903 1885 1953 μηδενός
1906 1905 1979 1943 ἐστι
1994 1907 2052 1942 τοῦ
2066 1904 2114 1953 β’,
2135 1903 2277 1942 πάντων
2291 1905 2360 1942 τῶν

1325 1965 1437 2014 μερῶν
1453 1963 1557 2015 αὐτοῦ
1577 1961 1804 2014 κεχώρισται.
1817 1962 1870 2001 Τὸ
1888 1962 1922 2001 δὲ
1942 1962 2199 2016 κεχωρισμένον
2213 1977 2359 2014 κεχωρι-

1322 2020 1450 2071 σμένου
1461 2019 1686 2074 κεχώρισται,
1701 2019 1792 2059 ὥστε
1804 2019 1863 2058 καὶ
1882 2019 1916 2058 τὸ
1933 2019 1963 2073 β’
1977 2019 2089 2059 οὐδενὶ
2099 2022 2147 2073 τῷ
2160 2020 2194 2058 α’
2204 2018 2360 2072 ὑπάρξει.
2411 2062 2413 2064 ,

1323 2080 1374 2119 Τὸ
1392 2079 1460 2132 γὰρ
1477 2078 1734 2131 κεχωρισμένον
1753 2080 1821 2117 τῶν
1841 2078 1925 2131 πρός
1945 2078 1979 2116 τί
1998 2081 2071 2118 ἐστι
2087 2077 2187 2128 (τινὸς
2205 2078 2272 2131 γάρ
2287 2079 2361 2116 ἐστι

1322 2137 1623 2193 κεχωρισμένον),
1655 2137 1700 2177 τὰ
1734 2136 1769 2176 δὲ
1796 2137 1881 2191 πρός
1911 2154 1944 2176 τι
1970 2137 2056 2191 πρὸς
2092 2135 2361 2190 ἀντιστρέφοντα

1323 2197 1461 2248 λέγεται
1474 2213 1482 2222 ·
1504 2196 1643 2240 εἰκότως
1664 2196 1731 2249 ἄρα
1748 2196 1808 2234 καὶ
1828 2195 1868 2235 τὸ
1886 2195 1917 2249 β’
1937 2196 2050 2235 οὐδενὶ
2069 2197 2119 2250 τῷ
2144 2196 2178 2235 α’
2194 2195 2360 2249 ὑπάρχει.

1327 2255 1581 2306 Λαμὸάνονται
1604 2254 1641 2294 δέ
1661 2271 1750 2299 τινες
1778 2259 1840 2303 τῆς
1860 2256 2107 2308 ἀντιστροφῆς,
2137 2257 2183 2299 ὥς
2205 2254 2256 2305 μὴ
2277 2255 2362 2302 ἅλη-

1326 2315 1502 2363 θευούσης,
1522 2314 1580 2353 καὶ
1604 2314 1660 2353 διὰ
1681 2313 1974 2366 παραδειγμάτων
1999 2313 2152 2366 ἐλέγχειν
2174 2315 2362 2366 πειρῶνται

1326 2373 1382 2412 τὸν
1404 2373 1518 2426 λόγον,
1548 2371 1706 2423 λέγοντες
1730 2370 1854 2416 οὕτως·
1879 2371 1986 2416 οὐδεὶς
2005 2377 2121 2424 τοῖχος
2140 2373 2175 2410 ἐν
2195 2371 2364 2424 παττάλῳ

1327 2431 1431 2480 ἐστίν,
1446 2435 1547 2471 τοῦτο
1573 2430 1697 2478 ἀληθές
1723 2432 1830 2470 ἔστιν.
1888 2428 1976 2482 Ἄρα
2006 2424 2079 2481 oliv,
2110 2429 2208 2483 φασί,
2229 2428 2290 2469 καὶ
2306 2431 2366 2468 ἃν-

1329 2490 1575 2544 τιστρέψαντες
1607 2493 1710 2542 ὑγιῶς
1735 2488 2019 2542 ἀποφαινόμεθα·
2046 2488 2156 2533 οὐδεὶς
2185 2488 2366 2533 πάτταλος

1371 2618 1440 2647 101.
1465 2614 1614 2646 Primum
1632 2613 1734 2656 igitur
1751 2613 1930 2656 propositio
1945 2614 1972 2645 A
1990 2615 2017 2646 Β
2033 2612 2086 2652 sit,
2111 2621 2233 2655 negans
2242 2611 2368 2655 aliquid

1328 2673 1491 2706 universe.
1517 2673 1552 2706 Si
1573 2672 1674 2714 igitur
1698 2672 1782 2705 nulli
1806 2673 1832 2704 B
1853 2671 1937 2704 illud
1954 2673 1980 2704 A
1996 2671 2100 2712 inest,
2120 2670 2221 2705 etiam
2237 2670 2322 2704 nulli
2339 2672 2365 2705 A

1333 2733 1396 2765 hoc
1410 2734 1437 2765 Β
1454 2731 1564 2764 inerit.
1586 2733 1669 2764 Nam
1684 2731 1713 2764 si
1734 2731 1832 2763 alicui
1848 2731 1944 2769 insit,
1972 2729 2113 2772 exempli
2131 2738 2230 2763 causa
2248 2729 2304 2763 ist-i
2319 2730 2364 2769 G.

1328 2800 1393 2824 non
1409 2790 1472 2824 erit
1493 2800 1610 2823 verum
1629 2790 1718 2832 quod
1735 2789 1862 2822 dietum
1878 2790 1945 2827 est,
1961 2788 2044 2822 nulli
2057 2790 2083 2821 B
2099 2786 2185 2821 illud
2196 2789 2224 2820 A
2238 2787 2365 2827 inesse,

1330 2849 1410 2891 quia
1438 2849 1530 2882 istud
1550 2850 1578 2883 G
1597 2851 1647 2882 est
1672 2848 1797 2891 aliquid
1817 2849 1936 2880 horum
1954 2849 1990 2880 B.
2012 2848 2055 2880 At
2084 2846 2113 2880 si
2134 2845 2220 2880 ill'ud
2237 2847 2264 2879 A
2282 2846 2369 2880 inest

1330 2907 1419 2940 omni
1436 2909 1479 2945 B,
1508 2907 1607 2940 etiam
1626 2907 1689 2939 hoc
1703 2908 1729 2939 B
1749 2906 1847 2939 inerit
1863 2905 1995 2938 cuidam
2015 2906 2054 2938 Α.
2072 2906 2156 2938 Nam
2171 2905 2200 2938 si
2220 2904 2303 2937 nulli
2317 2903 2370 2937 in-

1331 2965 1390 3003 sit,
1423 2964 1524 2998 etiam
1543 2964 1627 2997 illud
1656 2965 1683 2997 A
1703 2964 1787 2996 nulli
1818 2966 1843 2996 B
1876 2963 1974 2996 inerIt
1989 2974 1997 2995 :
2029 2962 2088 2996 sed
2116 2962 2369 2996 existimabatur

1332 3022 1421 3055 omni
1440 3023 1557 3056 inesse.
1581 3023 1704 3056 Eadem
1725 3022 1773 3055 rei
1793 3021 1877 3054 ratio
1896 3023 1964 3061 est,
1985 3021 2013 3054 si
2030 3021 2208 3064 propositio
2223 3021 2267 3054 sit
2290 3030 2368 3064 par-

1332 3081 1491 3115 ticulari's.
1519 3084 1603 3116 Nam
1630 3082 1658 3115 si
1684 3080 1768 3115 illud
1783 3081 1893 3123 ipsum
1907 3082 1934 3113 A
1953 3080 2038 3113 inest
2054 3080 2153 3113 alicui
2171 3082 2216 3122 B,
2238 3089 2370 3114 necesse

1332 3142 1383 3173 est
1406 3141 1506 3173 etiam
1538 3141 1602 3173 hoc
1617 3141 1727 3183 ipsum
1752 3142 1779 3172 B
1798 3139 1904 3172 inesse
1932 3138 2031 3172 alicui
2060 3140 2103 3178 A,
2127 3139 2207 3182 quia
2237 3139 2267 3173 si
2287 3139 2370 3173 nulli

1332 3199 1428 3240 insit,
1447 3200 1547 3232 etiam
1570 3199 1656 3232 illud
1672 3199 1783 3241 ipsum
1802 3200 1827 3230 A
1842 3197 1926 3230 nulli
1944 3199 1970 3230 B
1994 3197 2103 3231 inerit.
2127 3197 2163 3231 Si
2186 3206 2266 3231 vero
2285 3197 2370 3232 illud

1332 3259 1440 3300 ipsum
1468 3259 1495 3291 A
1514 3258 1614 3290 alicui
1627 3260 1653 3291 B
1673 3267 1738 3290 non
1761 3257 1862 3295 inest,
1880 3265 1946 3289 non
1967 3258 2017 3289 est
2038 3265 2170 3289 neeesse
2186 3257 2287 3290 etiam
2305 3256 2368 3290 hoc

1332 3317 1442 3359 ipsum
1460 3319 1486 3349 B
1505 3316 1604 3354 alicui
1625 3318 1651 3349 A
1663 3325 1727 3349 non
1741 3316 1855 3354 inesse,
1874 3317 1913 3349 ut
1932 3315 1960 3348 si
1974 3315 2038 3348 hoo
2056 3317 2165 3357 ipsum
2184 3317 2212 3348 B
2229 3317 2280 3348 est
2297 3315 2369 3348 ani-

1333 3374 1400 3406 mal
1419 3375 1520 3416 atque
1538 3374 1621 3406 illud
1639 3374 1747 3416 ipsum
1762 3375 1788 3406 A
1805 3376 1855 3406 est
1871 3373 1986 3412 hom0‚
2004 3374 2158 3415 quoniam
2175 3374 2274 3407 homo
2288 3374 2367 3416 qui-

1336 3433 1413 3466 dem
1436 3444 1500 3466 non
1513 3434 1602 3467 omni
1629 3434 1779 3476 animali,
1793 3433 1913 3466 animal
1934 3443 2010 3467 vero
2034 3433 2122 3467 omni
2139 3433 2264 3467 homini
2282 3433 2367 3467 inest

2491 1441 2509 1562 ἑ

2502 1557 2511 1630 ι

2504 1635 2528 1770 232

2520 1279 2528 1308 τὲ

2520 1544 2528 1624 ἔ

2522 1628 2528 1668 ἶ

2525 1709 2528 1719 .
