2528 3788
328 259 408 298 240

385 346 640 399 (Aristoteles
663 347 784 399 Phys.
815 349 886 389 lib.
905 349 960 389 ΠΙ
983 365 1067 404 cap.
1094 354 1116 391 5
1143 368 1184 407 p.
1209 361 1298 400 ποί..

326 420 375 445 20
397 407 456 444 ed.
491 406 650 446 Bekker.
672 407 779 445 Idem
806 408 913 447 locus
930 420 1051 450 exstat
1079 413 1118 450 in
1144 414 1358 466 Metaphys.

325 467 391 504 lib.
416 466 448 504 X
469 479 552 518 cap.
580 479 626 503 10
646 479 684 517 p.
716 468 831 508 1066.
864 467 975 507 b.11
1002 471 1056 509 sic
1070 471 1358 524 interpolatus·

323 525 382 564 καὶ
403 524 455 563 ὅτι
487 526 550 564 οὐκ
571 524 663 563 ἔστιν
695 526 849 580 ἐνεργεία
871 521 958 567 εῖναι
977 529 1016 568 τὸ
1045 530 1213 584 ἄπειρον,
1240 534 1358 579 δῆλον.

323 585 420 624 ἔσται
442 584 509 637 γὰρ
529 587 641 624 ὁτιοῦν
662 586 768 625 αὐτοῦ
790 586 930 640 ἄπειρον
951 588 1052 641 μέρος
1072 590 1112 628 τὸ
1131 591 1357 643 λαμὸανόμε-

320 660 396 684 νον·
418 645 457 684 τὸ
488 644 554 697 γὰρ
576 645 710 698 ἀπείρῳ
730 650 818 685 εἶναι
849 646 908 685 καὶ
935 647 1076 699 ἄπειρον
1101 650 1229 699 ταῦτό,
1261 650 1359 704 εἴπερ

319 705 418 744 οὐσία
447 705 486 743 τὸ
507 705 647 759 ἄπειρον
667 704 727 745 καὶ
756 706 805 758 μὴ
831 706 911 746 καθ’
932 708 1172 760 ὑποκειμένου.
1201 681 1357 759 ”Ξὶστεῆ

319 764 512 827 ἀδιαίρετον
528 764 551 812 ἢ
569 767 615 809 εἷς
633 765 760 817 ἄπειρα
780 767 971 819 διαιρετόν,
994 769 1024 806 εἷ
1039 769 1212 822 μεριστόν.
1233 769 1357 810 Πολλὰ

317 826 347 863 δ’
368 817 514 863 εἶναιτὸ
544 824 627 863 αὐτὸ
655 826 868 866 ἀδύνατον”
845 842 990 869 απειοα·
1022 827 1152 903 “smmp„
1170 828 1237 883 γὰρ
1257 830 1357 882 ἀερος

316 882 383 936 ἀηρ
410 883 535 936 μέρος,
570 883 677 928 οὕτως
707 884 849 938 ἄπειρον
878 887 943 924 ἀπε
931 885 1047 939 ε,ίρου
1071 889 1100 926 εἰ
1133 887 1225 926 ἔστιν
1256 887 1355 927 οὐσία

315 941 374 980 καὶ
398 941 505 995 ἀρχή.
529 941 777 995 Ἀμέριστον”
755 959 823 997 αρα
847 943 907 983 καὶ
930 945 1135 998 ἀδιαίρετον.
1158 946 1252 986 Ἀλλ’
1275 947 1355 986 ἀδύ-

314 1015 416 1039 νατον
449 1001 488 1040 τὸ
522 1002 716 1055 ἐντελεχείᾳ
750 1001 787 1041 ὂν
821 1003 986 1056 ἄπειρον·
1020 1006 1126 1045 ποσὸν
1159 1004 1226 1058 γὰρ
1266 999 1354 1044 εἶναι

313 1058 463 1111 ἀνάγκη.
499 1060 718 1112 Simplicius
743 1062 797 1100 fol
836 1077 924 1113 109.
952 1063 992 1104 b.
1026 1063 1100 1116 (cf.
1130 1065 1277 1105 Scholl.
1311 1066 1352 1104 in

314 1118 431 1158 Arist.
453 1132 543 1170 pag.
570 1120 660 1165 364.
686 1133 719 1160 3.
739 1121 799 1159 ed.
823 1121 1024 1174 Brandis.)
1044 1121 1104 1161 καὶ
1125 1122 1211 1161 ἄλλο
1230 1122 1266 1161 δὲ
1285 1129 1354 1167 τοῖς

310 1179 356 1220 ὡς
390 1177 510 1215 οὐσίαν
537 1178 595 1216 καὶ
623 1177 736 1232 ἀρχὴν
760 1178 1022 1229 ὑποτιθεμένοις
1050 1180 1090 1219 τὸ
1111 1180 1276 1234 ἄπειρον,
1306 1184 1353 1225 ὡς

311 1234 438 1274 ἄτοπον
467 1235 633 1286 ἑπόμενον
654 1240 672 1276 ὁ
694 1236 869 1310 Εὔδημος
898 1238 1039 1290 ἐπάγει’
1062 1257 1077 1274 «
1112 1241 1141 1278 εἷ
1161 1238 1227 1292 γὰρ
1256 1239 1350 1289 ἔστι,

309 1294 417 1344 φησί,
439 1300 608 1346 στοιχεῖον
627 1295 666 1334 τὸ
687 1294 754 1333 ἄπε
760 1310 853 1347 ιρον,
871 1296 932 1334 καὶ
950 1297 1095 1335 κινεῖταί
1112 1313 1146 1336 τι
1166 1298 1200 1342 ἐξ
1221 1299 1346 1342 αὐτοῦ.

309 1352 407 1392 ἔσται
438 1355 472 1392 ἐν
497 1370 547 1406 τῳ
580 1354 748 1407 γινομένῳ
771 1355 1036 1410 πεπερασμένον
1075 1371 1127 1395 τι·
1156 1358 1194 1395 οὗ
1213 1357 1280 1410 γὰρ
1308 1358 1349 1404 δὴ

307 1412 422 1451 πάντα
443 1428 482 1465 γε
501 1412 545 1450 τὰ
565 1412 729 1465 γινόμενα
755 1411 855 1451 ἔσται
876 1414 1018 1475 ἄπειρα.
1043 1414 1273 1465 Συμὸησεται
1290 1421 1348 1454 οὐν

307 1470 346 1509 τὸ
368 1471 512 1522 ἄπειρον
534 1473 567 1510 ἐν
588 1473 637 1521 τῷ
653 1471 910 1524 πεπερασμένῳ
926 1466 1026 1511 εἶναι.
1052 1491 1066 1506 n
1087 1474 1097 1518 l

359 1541 408 1567 32.
440 1529 547 1567 Ἀλλὰ
568 1528 636 1579 μὴν
657 1527 735 1567 οὐδὲ
755 1528 790 1567 ἓν
822 1530 882 1568 καὶ
907 1530 1039 1568 ἁπλοῦν
1062 1523 1150 1568 εἶναι
1169 1531 1348 1585 ἐνδέχετα·

304 1587 344 1626 τὸ
375 1587 516 1640 ἄπειρον
550 1589 678 1638 σῶμα,
702 1587 780 1626 οὔτε
806 1589 878 1639 (ὡς
899 1588 1040 1641 λεγουσι
1055 1591 1165 1642 τινες)
1183 1590 1222 1629 τὸ
1250 1591 1347 1642 παρὰ

305 1646 347 1684 τὰ
368 1652 547 1699 στοιχεῖα,
569 1645 603 1690 ἐξ
624 1649 663 1685 ου
683 1649 794 1685 ταῦτα
811 1650 995 1698 γεννῶσιν,
1019 1646 1087 1686 οὔθ’
1109 1647 1243 1692 ἅπλῶς.
1267 1650 1346 1688 Εἰσὶ

304 1705 372 1757 γάρ
391 1721 480 1749 τινες
500 1704 533 1743 οἳ
551 1708 655 1744 τοῦτο
674 1709 811 1744 ποιοῦσι
831 1705 869 1744 τὸ
891 1706 1057 1760 ἄπειρον,
1082 1706 1159 1744 ἀλλ’
1178 1708 1278 1745 οὐκ
1259 1707 1346 1760 αέρα

305 1762 327 1810 ἢ
332 1763 491 1836 m063‹›p‚‘
473 1779 518 1807 ως
540 1762 588 1814 μὴ
610 1757 722 1802 τᾶλλα
744 1764 953 1818 φθείρηται“
941 1765 1007 1804 υπὸ
1027 1769 1086 1804 τοῦ
1108 1767 1251 1827 ἀπείρου
1279 1768 1342 1804 αὖ-

307 1823 395 1860 τῶν·
416 1822 535 1874 ἔχουσι
561 1820 627 1874 γὰρ
647 1838 731 1874 προς
749 1823 885 1871 ἄλληλα
905 1826 1129 1875 ἐναντίωσιν,
1150 1828 1219 1863 οἷον
1246 1828 1264 1864 ὃ
1281 1842 1345 1877 μεν

306 1880 374 1931 ἀὴρ
393 1880 548 1933 ψυχρός,
569 1879 608 1918 τὸ
627 1882 656 1919 δ’
681 1880 805 1934 ὕδωρ
793 1882 920 1934 υγρόν,
940 1882 978 1921 τὸ
1000 1882 1034 1920 δὲ
1052 1885 1122 1936 πῦρ
1142 1886 1177 1921 θε
1163 1883 1288 1935 ερμόν·
1297 1888 1344 1923 ὧν

303 1941 332 1977 εἷ
351 1955 413 2001 ηνΜ
413 1938 447 1976 ἓν
474 1938 639 1990 ἄπειρον,
664 1939 850 1992 ἔφθαρτο
833 1956 874 1978 αν
894 1940 962 1988 ἤδη
979 1935 1112 1979 τᾶλλα·
1133 1945 1191 1980 νῦν
1212 1944 1242 1981 δ’
1264 1943 1340 1982 ἕτε-

305 2014 361 2052 ρον
381 1991 468 2037 εἶναί
487 2015 591 2050 φασιν
612 1999 645 2043 ἐξ
666 2002 705 2038 οὓ
726 2003 852 2039 ταῦτα
873 1999 1055 2039 Ἀδύνατον
1077 2002 1107 2039 δ’
1127 2005 1214 2040 εἰναι
1233 2008 1344 2043 τοιοῦ-

303 2073 382 2106 τον,
403 2058 469 2110 οὐχ
496 2058 548 2095 ὅτι
569 2057 636 2096 ἄπε
622 2073 711 2110 ειρον
731 2059 835 2110 (περὶ
855 2057 979 2097 τούτου
1008 2059 1070 2108 μὲν
1093 2060 1159 2113 γὰρ
1179 2060 1291 2100 κοινόν
1311 2077 1343 2100 τι

302 2118 440 2155 λεκτέον
463 2116 519 2154 ἐπὶ
545 2117 672 2161 παντὸς
699 2117 847 2167 ὁμοίως,
866 2116 964 2155 καὶ’
946 2116 1046 2169 αέρος
1065 2118 1125 2157 καὶ
1145 2118 1267 2163 ὕδατος
1283 2120 1342 2158 καὶ

301 2176 487 2227 ὁτουοῦν),
506 2176 581 2213 ἀλλ’
603 2174 655 2212 ὅτι
681 2176 744 2213 οὐκ
764 2174 837 2213 ἔστι
865 2179 1037 2224 τοιοῦτον,
1058 2178 1160 2227 σῶμα
1179 2177 1342 2223 αἰσθητὸν

300 2235 397 2287 παρὰ
417 2232 460 2271 τὰ
480 2234 637 2285 στοιχεῖα
658 2232 858 2286 καλούμενα
872 2249 881 2259 ·
903 2233 1043 2274 ἅπαντα
1059 2235 1126 2288 γὰρ
1147 2234 1181 2280 ἐξ
1198 2230 1237 2274 06
1255 2238 1342 2285 ἐστι,

301 2292 360 2331 καὶ
389 2292 566 2331 διαλύεται
598 2294 644 2337 εἷς
676 2298 794 2342 τοῦτο,
826 2292 918 2332 ὥστε
937 2288 979 2341 ἧν
1003 2292 1045 2332 ἂν
1078 2295 1223 2334 ἐνταῦθα
1246 2296 1339 2348 παρὰ

302 2351 387 2403 ἀέρα
406 2351 465 2390 καὶ
497 2355 565 2404 πῦρ
592 2354 651 2392 καὶ
678 2355 742 2404 γ’ἧν
763 2352 823 2392 καὶ
856 2353 966 2406 ὕδωρ·
996 2353 1154 2405 φαίνεται
1178 2354 1206 2392 δ’
1229 2355 1339 2395 σῦδέν.

356 2411 607 2461 (Aristoteles
628 2412 748 2463 Phys.
773 2412 843 2452 lib.
869 2412 926 2450 111
948 2426 1032 2464 cap.
1064 2413 1085 2451 5
1109 2427 1151 2465 p.
1175 2420 1266 2459 204.
1297 2414 1338 2455 1).

302 2484 349 2507 22
380 2471 440 2508 ed.
476 2471 633 2511 Bekker.
667 2471 724 2511 Cf.
758 2472 973 2524 Metaphys.
1008 2472 1077 2510 lib.
1113 2472 1145 2510 X
1172 2486 1259 2525 cap.
1296 2488 1342 2512 1o

301 2544 341 2581 p.
369 2531 484 2570 1066.
508 2532 545 2568 b.
562 2531 639 2569 οὐδὲ
658 2530 693 2569 ἓν
714 2530 749 2569 δὲ
767 2531 974 2570 καὶδιπλοῦν
991 2531 1169 2584 ἐνδέχεται
1187 2531 1225 2571 τὸ
1242 2532 1341 2572 ἄπει-

303 2603 357 2640 ρον
378 2592 465 2626 εἶναι
491 2604 616 2639 σωμα,
636 2588 707 2628 οὔθ’
723 2592 769 2634 ὥς
789 2589 927 2640 λέγουσί
942 2605 1030 2635 τινες
1043 2620 1053 2639 ,
1069 2590 1166 2643 παρὰ
1185 2590 1229 2629 τὰ
1249 2607 1340 2631 στοι-

342 2755 392 2784 32.
417 2755 460 2784 At
487 2762 565 2785 vero
585 2762 625 2785 ne
643 2756 751 2795 potest
766 2755 899 2795 quidem
924 2754 1089 2788 infinitum
1108 2764 1226 2798 corpus
1241 2766 1343 2789 unum

299 2818 338 2842 ac
356 2810 491 2852 simplex
512 2819 601 2851 esse,
625 2820 732 2852 neque
747 2813 809 2852 (ut
827 2811 959 2853 quidam
977 2812 1113 2855 dicunt)
1137 2813 1170 2846 id
1188 2815 1275 2856 quod
1293 2816 1344 2847 est

299 2871 419 2910 praeter
445 2869 622 2909 elementa,
643 2879 681 2902 ex
701 2879 765 2911 quo
781 2871 853 2904 hoec
873 2873 1047 2912 generant,
1074 2881 1180 2915 neque
1192 2873 1344 2914 simplici-

298 2929 359 2961 ter.
376 2929 458 2962 Sunt
473 2928 560 2961 enim
575 2929 632 2970 qui
646 2929 710 2962 hoc
726 2929 846 2962 saciant
866 2929 1049 2972 infinitum,
1070 2931 1129 2964 sed
1144 2941 1210 2964 non
1235 2934 1342 2965 aiirom

299 2988 357 3019 aut
387 2996 525 3028 aquam,
548 2996 590 3020 ne
615 2987 761 3029 ipsorum
787 2987 911 3021 infinito
931 2991 1049 3022 caefera
1076 2992 1340 3032 corrumpantur.

298 3045 447 3085 Pugnant
474 3044 560 3078 enim
578 3044 651 3077 haec
680 3044 765 3077 inter
794 3053 844 3083 se.
864 3045 956 3078 verbi
977 3055 1076 3079 causa
1103 3048 1160 3080 aer
1186 3047 1340 3089 frigidus,

298 3111 383 3144 aqua
403 3103 555 3143 humida,
577 3102 661 3145 ignis
682 3103 826 3143 calidus;
845 3112 987 3145 quorum
1006 3105 1034 3137 si
1053 3114 1156 3138 unum
1169 3106 1254 3140 soret
1270 3106 1343 3138 infi-

299 3162 421 3203 nitum,
448 3165 568 3196 caetera
594 3162 662 3203 jam
681 3164 789 3196 essent
814 3166 980 3206 corrupta.
1005 3166 1098 3198 Nunc
1123 3168 1231 3199 autem
1251 3166 1342 3199 aliud

298 3221 462 3255 infinitum
483 3230 554 3254 esse
570 3222 680 3263 ajunt,
698 3231 736 3255 ex
758 3230 825 3263 quo
846 3222 918 3254 haec
940 3223 1099 3257 oriantur.
1120 3227 1162 3257 At
1187 3225 1257 3258 fieri
1285 3235 1342 3258 ne-

299 3280 387 3323 quit,
409 3282 449 3313 ut
478 3283 522 3313 sit
547 3280 613 3313 tale
633 3280 732 3321 quid,
750 3290 815 3313 non
839 3281 925 3323 quod
943 3281 1104 3315 infinitum
1125 3284 1168 3316 sit
1195 3284 1261 3325 (de
1278 3285 1342 3317 hoc

301 3333 388 3366 enim
410 3342 585 3366 commune
603 3333 761 3375 quiddam
779 3333 952 3366 dicendum
968 3336 1038 3375 est,
1056 3335 1098 3368 de
1116 3336 1204 3368 omni
1222 3337 1339 3370 simili-

299 3393 353 3425 ter
372 3393 407 3425 et
438 3394 513 3425 aere
531 3393 565 3425 et
586 3401 672 3434 aqua
697 3393 730 3425 et
750 3391 867 3433 quovis
889 3392 952 3425 alio
971 3393 1153 3435 simplici),
1181 3396 1239 3428 sed
1253 3397 1339 3437 quod

299 3460 364 3483 non
391 3452 442 3483 est
469 3451 536 3484 tale
559 3460 678 3493 corpus
707 3450 860 3484 sensibile
886 3452 1007 3493 praeter
1030 3460 1068 3484 ea
1088 3461 1164 3493 quae
1183 3454 1342 3487 elementa

298 3509 467 3541 vocantur.
490 3508 617 3551 Quippe
634 3508 741 3541 omnia
769 3518 810 3542 ex
835 3519 902 3552 quo
930 3512 1099 3552 constant,
1120 3511 1155 3543 in
1185 3511 1218 3544 id
1240 3513 1337 3545 etiam

1004 264 1204 307 EUDEMI
1235 266 1411 306 RHODlI
1441 266 1691 307 ΡΕΒΙΡΑΤΓ
1693 268 1725 306 Ἰ
1729 267 1790 306 lCl

2259 360 2298 399 τὸ
2321 359 2459 461 meon&
2464 331 2488 337 ·‘

1420 359 1500 407 χεῖα
1530 353 1563 399 ἐξ
1591 358 1628 394 οὗ
1647 356 1791 406 γεννῶσι
1819 356 1946 393 ταῦτα
1955 356 2032 406 (οὐκ
2058 357 2132 397 ἔστι
2158 359 2232 457 γὰὲ

2234 434 2251 456 ν
2279 415 2457 470 ἔστι,κᾶ

1421 416 1524 465 σῶμα
1539 413 1637 466 παρὰ
1653 413 1697 453 τὰ
1720 419 1894 465 στοιχεῖα·
1913 413 2050 453 ἅπαντα
2066 416 2133 470 γὰρ
2151 417 2186 463 ἐξ

1421 473 1598 513 διαλύεται
1631 474 1676 517 εἷς
1701 474 1902 522 ταῦτα,οὗ
1926 473 2086 526 φαίνεται
2115 475 2151 514 δὲ
2178 480 2279 517 τοῦτο
2303 479 2383 532 περὶ
2409 478 2455 520 τὰ
2520 480 2528 485 ”

1420 530 1519 570 ἁπλᾶ
1542 532 1733 583 σώματα),
1748 531 1826 570 οὐδὲ
1843 535 1911 585 πῦρ
1929 532 2000 572 οὔδ’
2017 533 2103 573 ἄλλο
2129 550 2162 572 τι
2181 551 2247 576 των
2272 537 2454 591 στοιχείων
2518 551 2519 554 ’

1419 589 1529 630 οὐθέν.
1553 591 1771 642 Simplicius
1792 591 1862 631 fol.
1896 605 1965 629 111
1991 591 2065 642 (cf.
2092 593 2236 633 Scholl.
2266 595 2307 633 in
2334 596 2454 636 Arist.

1418 663 1454 701 p.
1476 651 1567 690 365.
1587 664 1622 691 a.
1651 650 1711 689 ed.
1732 650 1906 689 Brandis.
1924 651 1936 702 )
1959 651 2036 690 ἀλλ’
2058 651 2141 696 ἴσως
2160 653 2231 706 ἐρει
2244 669 2294 698 τις
2314 652 2368 694 ὅτι
2394 654 2456 694 καὶ

1418 711 1496 748 κατ’
1518 709 1621 749 αὐτὸν
1638 709 1673 755 ἐξ
1693 709 1775 757 ὕλης
1799 709 1859 749 καὶ
1877 709 1984 754 εἴδους
2010 710 2084 750 ἐστὶ
2104 711 2144 750 τὸ
2161 711 2343 764 σύνθετον,
2361 710 2453 752 ὥστε

1417 767 1476 807 καὶ
1492 768 1555 817 τὴν
1577 768 1741 807 ἀνάλυσιν
1771 771 1818 813 εἰς
1844 772 1957 808 ταῦτα
1975 768 2133 822 γίνεσθαι
2152 773 2213 810 καὶ
2239 769 2333 822 ὅμως
2354 769 2454 810 οὐδέ-

1415 842 1501 866 ποτε
1529 828 1688 881 φαίνεται
1716 830 1862 867 ἐνταῦθα
1891 829 2005 880 γυμνὴ
2039 832 2060 876 ἡ
2095 829 2182 878 ὕλη,
2212 831 2291 869 ἀλλ’
2308 829 2386 869 οὐδὲ
2413 829 2454 870 τὸ

1416 880 1506 930 εἶδος
1527 887 1609 925 καθ’
1633 886 1750 925 ἑαυτό.
1769 883 1820 926 H
1842 886 1964 926 τούτου
1993 887 2101 926 αἴτιον
2117 888 2158 928 τὸ
2189 888 2244 927 ἀεὶ
2270 887 2332 940 μὲν
2361 887 2454 942 ἔχειν

1414 944 1476 991 τὴν
1498 944 1583 993 ὕλην
1600 936 1687 988 εἶδος
1711 946 1778 983 ἐν
1764 948 1870 998 εαυτῇ
1891 945 2016 984 ἄλλοτε
2041 946 2152 995 ἄλλο,
2173 946 2236 994 τὴν
2258 946 2294 986 δὲ
2316 945 2452 1000 γένεσιν

1415 1004 1453 1042 ἐκ
1473 1007 1540 1043 τῶν
1567 1003 1729 1043 ἐναντίων
1750 1005 1849 1043 εἰδῶν
1879 1008 1987 1053 εἰναι,
2007 1004 2069 1043 καὶ
2088 1007 2150 1052 τὴν
2180 1004 2311 1059 φθορὰν
2337 1008 2385 1052 εἷς
2405 1005 2452 1045 τὰ

1414 1063 1554 1102 ἐναντία
1583 1063 1678 1114 ειδη;
1708 1062 1856 1111 Ἐπειδὴ
1885 1056 1942 1101 ουν
1964 1063 2003 1103 τὸ
2025 1064 2142 1103 ἔνυλον
2166 1064 2298 1118 ψυχρὸν
2329 1066 2368 1104 ἐκ
2389 1068 2452 1104 τοῦ

1413 1121 1531 1160 ἐνύλου
1547 1123 1705 1174 θερμοῦ’
1689 1121 1843 1172 εγένετο,
1863 1121 1945 1160 ὅταν
1963 1125 2076 1177 φθαρῇ
2104 1121 2143 1161 τὸ
2159 1122 2277 1162 ἔνυλον
2275 1122 2428 1196 ..ψυχρόν
2440 1152 2451 1171 ,

1412 1181 1458 1224 εἷς
1481 1179 1520 1218 τὸ
1540 1179 1656 1219 ἔνυλον
1677 1180 1803 1232 θερμὸν
1824 1179 1997 1234 φθείρεται
2012 1181 2072 1220 καὶ
2092 1184 2217 1234 ὁρᾶται
2238 1185 2356 1223 τοῦτο.
2373 1181 2450 1223 Κᾶν

1411 1238 1556 1288 λέγηται
1572 1233 1630 1277 οὖν
1651 1238 1686 1284 ἐξ
1703 1239 1787 1286 ὕλης
1802 1239 1862 1277 καὶ
1882 1238 2082 1278 τούναντίου
2103 1239 2212 1284 εἴδους
2226 1240 2381 1291 γίνεσθαι
2407 1240 2450 1279 τὰ

1410 1295 1601 1365 γινόμενα,
1619 1297 1697 1335 ἀλλ’
1714 1298 1754 1335 ἐκ
1780 1297 1844 1347 μὲν
1858 1301 1919 1345 τῆς
1939 1297 2056 1346 ὕλης*
2039 1314 2084 1341 ως
2103 1297 2188 1337 ἇε1’
2173 1297 2449 1352 ενυπαρχούσης,

1411 1353 1450 1389 ἐκ
1477 1352 1513 1390 δὲ
1541 1355 1600 1391 τοῦ
1630 1353 1785 1392 ἐναντίου
1816 1354 1924 1399 εἴδους
1958 1357 2004 1399 ὥς
2031 1355 2309 1406 μεταὸάλλοντος
2337 1357 2387 1401 εἰς
2408 1356 2452 1395 τὸ

1410 1409 1577 1452 ἐναντὶον.
1597 1407 1720 1450 Ἔοικε
1741 1412 1777 1451 δὲ
1807 1412 1867 1451 καὶ
1886 1415 1904 1451 ὁ
1929 1412 2091 1463 Εὔδημος
2119 1416 2165 1458 ὡς
2185 1414 2366 1467 ἀπορήσας
2385 1413 2450 1462 τὴν

1410 1467 1558 1520 ἀπορίαν
1582 1469 1713 1518 ταύτην
1734 1470 1824 1510 οὕτω
1851 1488 1925 1517 πως
1943 1472 2052 1512 λύειν.
2078 1472 2200 1512 Εἰπὼν
2219 1473 2289 1528 γὰρ
2307 1473 2360 1514 ὅτι
2389 1475 2449 1514 ἐν·

1408 1530 1517 1566 ταῦθα
1538 1529 1576 1567 οὔ
1609 1528 1767 1582 φαίνεται
1787 1530 1882 1584 παρὰ
1912 1531 1957 1571 τὰ
1984 1531 2239 1583 Ἐμπεδόκλεια
2260 1532 2383 1572 καὶτὰ
2409 1534 2449 1574 ἐκ

1407 1586 1536 1626 τούτων
1558 1587 1655 1627 οὐδέν
1668 1618 1678 1637 ,
1700 1589 1843 1641 ἐπάγει·
1865 1607 1881 1626 α
1899 1591 1968 1634 τοῖς
1989 1590 2024 1629 δὲ
2045 1590 2084 1630 τὸ
2106 1591 2260 1645 ἄμορφον
2290 1591 2448 1645 λέγουσιν

1407 1645 1602 1698 ἐνδέχεται·
1623 1647 1662 1685 τὸ
1702 1649 1769 1701 γὰρ
1800 1648 1931 1694 τούτοις
1963 1649 2200 1700 ὑποκείμενον.
2242 1668 2256 1684 υ
2285 1647 2448 1690 Eudemi

1408 1705 1513 1742 locus
1542 1719 1621 1743 non
1646 1714 1703 1744 est
1736 1707 1899 1757 integer,
1933 1707 1981 1746 ad
2013 1720 2127 1759 quem
2161 1708 2394 1760 explendum
2419 1708 2450 1746 si

1407 1763 1496 1813 quis
1506 1763 1617 1811 velit,
1635 1764 1827 1816 Simplicii
1835 1765 1969 1805 verbis
1984 1765 2042 1804 uti
2061 1766 2197 1818 possit.
2214 1765 2288 1805 Sed
2303 1766 2450 1805 incerta

1405 1821 1559 1860 videtur
1576 1823 1782 1861 medicina.
1798 1822 1809 1876 )

1458 1894 1508 1921 33.
1539 1880 1675 1926 Ἁπλῶς
1694 1883 1724 1920 δ’
1746 1884 1777 1921 εἰ
1798 1882 1965 1922 ἀδύνατον
1985 1883 2092 1923 τόπον
2115 1883 2257 1937 ἄπειρον
2277 1877 2388 1932 εἶναι,
2410 1885 2447 1923 ἐν

1405 1939 1501 1993 τόπῳ
1519 1939 1554 1978 δὲ
1575 1946 1644 1979 πᾶν
1667 1943 1790 1991 σῶμα,
1811 1941 2021 1981 asomum*
1999 1945 2139 1997 απειρόν
2162 1959 2196 1982 τι
2215 1937 2304 1982 εἶναι
2323 1945 2444 1995 σῶμα.

1405 1997 1508 2037 Ἀλλὰ
1495 1998 1598 2074 Ὑμὴν
1621 1998 1660 2037 τό
1677 2015 1716 2051 γε
1735 1998 1824 2048 πού,
1846 2001 1880 2038 ἐν
1897 2001 2013 2053 τόπῳ·
2033 2002 2092 2040 καὶ
2111 2001 2149 2040 τὸ
2170 2002 2206 2040 ἐν
2225 2002 2344 2056 τόπῳ,
2365 2001 2447 2044 πού.

1409 2058 1450 2096 Εἰ
1477 2051 1536 2096 ουν
1559 2057 1647 2108 μηδὲ
1675 2058 1781 2097 ποσὸν
1815 2052 1885 2097 οῖόν
1912 2058 1943 2097 τ’
1976 2052 2120 2098 εἶναιτὸ
2150 2060 2310 2114 ἄπειρον·
2339 2060 2446 2100 ποσὸν

1404 2116 1471 2168 γάρ
1490 2131 1524 2154 τι
1555 2115 1654 2155 ἔσται
1682 2110 1752 2155 οἷον
1773 2116 1904 2170 δίπηχυ
1923 2117 1946 2164 ἢ
1967 2118 2142 2170 τρίπηχυ·
2161 2122 2271 2158 ταῦτα
2289 2118 2357 2174 γὰρ
2376 2134 2445 2167 ση-

1404 2174 1519 2224 μαίνει
1540 2191 1579 2214 το
1599 2174 1724 2214 ποσόν·
1742 2174 1833 2215 οὕτω
1855 2175 1970 2214 καὶτὸ
1994 2178 2028 2214 ἐν
2045 2176 2142 2230 τόπῳ
2157 2175 2213 2216 ὅτι
2231 2176 2299 2216 πού
2313 2192 2323 2203 ·
2345 2181 2448 2226 τοῦτο

1403 2234 1438 2273 δὲ
1470 2231 1630 2280 ἢᾶνω*
1610 2250 1633 2281 η
1662 2233 1757 2273 κάτω
1777 2234 1801 2282 ἢ
1827 2235 1862 2273 ἐν
1889 2235 1978 2288 ἄλλῃ
2008 2234 2074 2273 τινὶ
2095 2235 2276 2275 διαστάσει
2301 2237 2372 2275 τῶν
2391 2235 2442 2282 ἕξ.

1402 2293 1543 2333 Τούτων
1563 2293 1595 2332 δ’
1613 2292 1760 2333 ἕκαστον
1779 2293 1887 2345 πέρας
1905 2294 1939 2333 τί
1961 2296 2068 2336 ἐστιν.
2449 2322 2452 2325 Δ

1455 2354 1468 2406 (
1483 2354 1708 2392 Aristoteles
1727 2353 1845 2405 Phys.
1870 2354 1940 2393 lib.
1959 2353 2018 2392 111
2038 2367 2123 2406 cap.
2140 2354 2162 2392 5
2183 2367 2273 2406 pag.
2293 2355 2383 2394 205.
2399 2354 2444 2396 b.

1404 2412 1467 2452 35.
1486 2413 1546 2452 ed.
1562 2413 1721 2452 Bekker.
1741 2412 1960 2464 Simplicius
1980 2412 2047 2453 fol.
2071 2418 2145 2458 1114
2161 2414 2275 2464 (conf.
2292 2413 2440 2454 Scholl.

1405 2473 1443 2509 in
1460 2473 1578 2510 Arist.
1595 2486 1635 2523 p.
1655 2472 1746 2511 366.
1768 2485 1803 2511 a.
1824 2472 1887 2512 ed.
1910 2471 2086 2512 Brandis.
2102 2471 2210 2525 )ἀπὸ
2232 2473 2301 2511 τῶν
2326 2472 2444 2526 &upo-

1405 2532 1472 2584 ρῶν
1494 2532 1560 2568 τῶν
1580 2529 1696 2569 τόπων
1725 2528 1836 2575 δείξας
1866 2529 1919 2567 ὅτι
1948 2530 2014 2581 οὐχ
2040 2523 2111 2568 οἷόν
2131 2545 2169 2568 τε
2188 2530 2229 2569 τὸ
2246 2530 2387 2583 ἄπειρον
2407 2531 2443 2569 ἓν

1402 2586 1499 2640 τόπῳ
1519 2581 1626 2639 εἶναι,
1643 2586 1720 2626 οὐδὲ
1738 2587 1779 2627 τὸ
1798 2588 1832 2626 ἐν
1848 2587 1946 2639 τόπῳ
1967 2586 2133 2640 ἄπειρον,
2150 2586 2207 2626 ἵνα
2225 2587 2274 2639 μή
2291 2603 2342 2633 τις
2358 2587 2444 2640 λέγῃ

1406 2756 1590 2791 solvuntur.
1610 2757 1831 2796 Quamobrem
1845 2759 1965 2799 proeter
1981 2758 2109 2797 abirem,
2125 2756 2253 2798 ignem,
2270 2757 2392 2790 terram
2411 2757 2446 2789 et

1403 2825 1524 2857 aquam
1552 2815 1608 2849 hic
1626 2816 1715 2849 aliud
1743 2824 1863 2858 corpus
1888 2814 2001 2858 utique
2019 2816 2119 2850 esset.
2143 2816 2185 2847 At
2213 2814 2340 2848 nullum
2371 2822 2445 2847 esse

1403 2875 1547 2909 videtur.

1446 2935 1496 2966 33.
1519 2933 1645 2972 Quodsi
1667 2932 1856 2976 simpliciter
1871 2932 2015 2975 spatium
2032 2930 2200 2966 infinitum
2213 2940 2288 2966 osse
2301 2940 2367 2964 non
2383 2939 2445 2974 po-

1402 2993 1485 3035 test,
1519 2994 1633 3034 estque
1654 3001 1750 3026 omne
1766 3001 1885 3034 corpus
1912 2991 1946 3024 in
1973 2990 2079 3033 spano
2114 3004 2125 3026 a
2148 2991 2219 3024 fieri
2247 2991 2381 3032 nequit,
2407 2991 2445 3022 ut

1403 3060 1522 3094 corpus
1541 3051 1673 3096 aliquod
1696 3051 1861 3084 infinitum
1879 3050 1932 3084 sit.
1949 3050 1994 3083 At
2012 3058 2093 3083 vero
2118 3049 2207 3091 quod
2225 3048 2346 3083 alicubi
2369 3049 2421 3081 est
2434 3072 2443 3087 ,

1402 3110 1434 3143 in
1461 3111 1566 3152 spatio
1583 3111 1652 3152 est3
1673 3111 1707 3144 et
1723 3110 1814 3153 quod
1829 3109 1863 3142 in
1878 3108 1985 3152 spatio
2000 3109 2051 3142 est
2063 3134 2072 3150 ,
2090 3109 2211 3141 alicubi
2233 3109 2301 3141 est.
2320 3107 2367 3140 Ut
2385 3105 2443 3148 igi—

1402 3171 1458 3202 tur
1477 3169 1642 3203 infinitum
1664 3178 1704 3202 ne
1729 3168 1935 3210 aliquantum
1962 3167 2099 3209 quidem
2117 3175 2190 3200 esse
2214 3166 2325 3208 potest
2345 3174 2356 3198 ε
2378 3164 2443 3197 ali-

1402 3230 1561 3269 quantum
1580 3228 1666 3261 enim
1682 3227 1745 3261 erit
1763 3227 1855 3260 velut
1875 3227 2019 3259 duorum
2033 3227 2094 3258 aut
2116 3225 2219 3258 trium
2234 3223 2442 3264 cubitorum,

1402 3287 1474 3320 haec
1492 3287 1579 3320 enim
1609 3287 1812 3328 aliquantum
1845 3284 2030 3327 significant
2050 3296 2058 3316 :
2093 3283 2141 3316 ita
2166 3283 2268 3317 etiam
2288 3279 2379 3324 quod
2406 3279 2441 3315 in

1402 3345 1506 3387 spatio
1522 3346 1588 3387 est,
1607 3345 1641 3378 id
1663 3344 1782 3377 alicubi
1798 3352 1875 3376 sane
1892 3344 1953 3375 est.
1967 3343 2038 3376 Hoc
2054 3344 2167 3374 autem
2187 3342 2246 3374 aut
2271 3348 2372 3383 supra
2385 3340 2443 3373 aut

1402 3403 1484 3436 intra
1509 3406 1567 3437 aut
1579 3404 1689 3447 aliquo
1714 3411 1773 3436 sex
1786 3401 2034 3435 intervallorum
2050 3400 2253 3443 disiunctum
2271 3397 2441 3441 significat.

1401 3464 1525 3496 Horum
1540 3471 1618 3496 vero
1637 3462 1881 3504 unumquidque
1903 3460 2064 3494 terminus
2078 3459 2215 3503 quidam
2238 3460 2301 3492 est.

2038 3607 2062 3631 ‘jv
