2508 3776
277 253 358 294 308

1108 254 1390 295 ANDRONICI
1420 256 1596 296 RHODII

274 339 426 389 ἀγαθῶν,
443 336 568 381 ὃτέλος
581 336 656 375 ἐστὶ
671 339 733 384 τῆς
750 339 956 388 πολιτικῆς;
972 340 1024 379 Τὸ
1041 340 1105 390 μὲν
1122 336 1180 380 οῧν
1194 341 1305 393 ὄνομα
1371 351 1495 388 rantur,
1521 358 1665 391 quonam
1692 349 1818 382 tendat⁴
1837 350 1911 383 haec
1923 376 1931 389 ‚
1955 352 2111 394 quodque
2130 353 2174 386 sit
2197 362 2312 386 eorum
2327 361 2405 395 qun

273 398 376 433 αὐτοῦ
397 394 434 433 ἓν
455 395 551 447 παρὰ
579 398 646 434 τῶν
676 395 850 434 πλείστων
872 397 933 436 καὶ
961 397 1000 437 τὸ
1029 399 1115 439 αὐτὸ
1145 399 1306 450 λέγεται,

271 454 330 492 καὶ
351 455 385 492 ἐν
413 454 524 507 τούτῳ
544 454 604 492 καὶ
621 456 652 493 οἱ
669 455 795 494 πολλοὶ
822 456 884 495 καὶ
905 458 936 496 οἱ
960 457 1135 509 βέλτιστοι
1156 461 1226 499 τῶν
1248 461 1307 497 ἀν-

271 511 416 565 θρώπων
437 516 698 567 συμφωνοῦσιν.
732 515 966 566 Εὐδαιμονίαν
983 516 1051 569 γὰρ
1077 516 1162 556 αὐτὸ
1178 516 1309 567 ὀνομά-

269 572 363 617 ζουσι
390 572 532 617 πάντες.
556 573 609 611 Τὸ
626 572 662 610 δὲ
684 566 721 612 εὐ
748 575 808 621 ζῆν
840 573 901 612 καὶ
921 569 959 612 εὖ
987 574 1157 627 πράττειν
1177 575 1303 614 ταύτὸν

269 631 558 683 ὖπολαμὸάνουσι
579 634 630 685 τῷ
648 633 880 683 εὐδαιμονεῖν.

318 691 335 707 *
356 690 445 744 Περὶ
466 691 502 729 δὲ
519 694 580 729 τοῦ
598 690 632 729 τί
652 693 745 730 ἐστιν
760 696 782 740 ἡ
799 693 1019 743 εὐδαιμονία,
1034 693 1307 746 ἀμφισὸητοῦσι,

263 750 324 791 καὶ
343 752 410 803 οὐχ
444 750 573 801 ὁμοίως
599 751 671 794 τοῖς
689 752 832 795 πολλοῖς
865 753 897 790 οἳ
927 751 1026 806 σοφοὶ
1049 751 1193 803 λέγουσι
1225 751 1307 805 περὶ

265 811 387 856 αὐτῆς.
446 811 493 849 Οἱ
513 809 637 849 πολλοὶ
664 809 732 863 γὰρ
756 809 791 848 ἕν
826 826 860 848 τι
888 812 957 850 τῶν
988 812 1143 863 ἐναργῶν
1165 811 1225 850 καὶ
1246 811 1307 850 δο-

262 868 415 906 κούντων
436 870 577 920 ἀγαθῶν
597 869 660 915 τὴν
681 869 904 920 εὐδαιμονίαν
926 869 1048 923 φασίν·
1066 865 1135 909 οἶον
1155 870 1304 920 ἡδονήν,

264 927 285 973 ἢ
318 929 468 966 πλοῦτον
486 957 496 975 ,
518 927 541 976 ἢ
562 928 670 978 τιμήν
684 944 692 953 ·
722 928 824 967 ἄλλοι
845 929 879 968 δὲ
901 929 989 968 ἄλλο
1009 933 1176 969 τοιοῦτον.
1234 929 1307 970 Καὶ

262 987 432 1031 πολλάκις
448 986 484 1026 δὲ
506 989 524 1025 ὃ
545 988 646 1031 αὐτὸς
663 989 726 1027 οὐκ
749 988 803 1026 ἀεὶ
824 987 864 1027 τὸ
884 989 969 1027 αὐτὸ
987 988 1209 1040 εὐδαιμονίαν
1230 991 1304 1028 ὀνο·-

263 1046 384 1096 μάζει,
408 1046 499 1084 ἀλλὰ
526 1050 585 1085 νῦν
607 1045 670 1095 μὲν
701 1051 822 1095 τοῦτο,
849 1050 908 1086 νῦν
938 1048 974 1086 δὲ
995 1049 1122 1087 ἐκεῖνο·
1153 1048 1305 1096 νοσήσας

262 1105 324 1154 μὲν
355 1104 438 1157 γάρ,
460 1104 524 1152 τὴν
550 1104 683 1156 ὑγίειαν
699 1136 710 1154 ,
746 1106 935 1157 πενόμενος
964 1107 1020 1156 δέ,
1051 1108 1222 1146 πλοῦτον·
1244 1105 1306 1145 καὶ

259 1161 347 1207 δ’λως
369 1163 422 1201 ἀεὶ
449 1158 487 1202 οῧ
506 1167 566 1202 νῦν
589 1165 753 1215 ἐπιθυμεῖ
770 1180 846 1214 τις,
875 1164 1101 1216 εὐδαιμονίαν
1123 1166 1302 1216 ὀνομάζει.

261 1223 308 1261 Oi
335 1221 370 1260 δὲ
391 1222 514 1277 σοφίας
535 1224 702 1276 ἐρῶντες,
722 1217 770 1262 ῶν
791 1226 926 1269 ἑαυτοῖς
950 1224 1133 1263 συνίσασιν
1156 1227 1308 1275 ἀγνοοῦ-

259 1295 333 1331 σιν,
353 1283 505 1335 ἐφίενται
527 1283 735 1333 μανθάνειν,
755 1283 817 1322 καὶ
845 1283 926 1328 τοὺς
961 1283 1052 1336 μέγα
1072 1300 1106 1322 τι
1127 1284 1188 1322 καὶ
1215 1285 1304 1335 ὑπὲρ

260 1339 387 1385 αὐτοὺς
412 1340 578 1393 λέγοντας
613 1342 865 1393 θαυμάζουσιν.
923 1342 1039 1382 Ἔνιοι
1069 1342 1105 1382 δὲ
1136 1343 1303 1394 ἐνόμισαν

228 1405 231 1409 “
257 1399 356 1452 παρὰ
381 1399 427 1438 τὰ
449 1400 565 1438 πολλὰ
585 1405 697 1439 ταῦτα
732 1401 869 1453 ἀγαθά,
892 1402 979 1441 ἄλλο
998 1417 1034 1439 τι
1061 1401 1190 1452 ἀγαθὸν
1213 1396 1304 1441 εἶναι

257 1458 321 1505 τὴν
338 1458 577 1509 εὐδαιμονίαν,
595 1460 673 1499 καθ’
686 1459 788 1498 ἑαυτὸ
808 1460 968 1512 ὕφεστός,
986 1459 1004 1498 ὃ
1022 1460 1083 1498 καὶ
1096 1466 1166 1505 τοῖς
1184 1461 1303 1507 ἄλλοις

258 1516 368 1555 αἴτιον
399 1508 489 1555 εἶναι
513 1520 575 1564 τῆς
602 1520 832 1568 ἀγαθότητος.
890 1518 1048 1563 Ἁπάσας
1066 1519 1129 1569 μὲν
1151 1514 1209 1558 οὐν
1231 1520 1302 1564 ἐξε-

257 1576 371 1622 τάζειν
391 1576 453 1622 τὰς
475 1577 557 1630 περὶ
576 1579 639 1624 τῆς
656 1578 878 1628 εὐδαιμονίας
898 1577 998 1622 δόξας
1012 1607 1022 1625 ,
1046 1578 1196 1628 μάταιον
1217 1580 1301 1626 ἴσως

258 1636 351 1675 ἐστίν
364 1651 373 1660 ·
394 1635 515 1675 ἱκανὸν
539 1636 576 1674 δέ
597 1637 692 1675 ἐστιν
715 1639 745 1675 εἷ
764 1637 971 1687 ἐξετάσομεν
991 1637 1055 1680 τὰς
1080 1638 1139 1676 ε’πὶ
1158 1638 1197 1677 τὸ
1212 1639 1301 1678 πολὺ

257 1695 318 1733 καὶ
338 1694 406 1733 ὑπὸ
424 1694 596 1734 πλειόνων
613 1696 844 1747 νομιζομένας
864 1696 887 1743 ἢ
917 1695 1087 1740 δοκούσας
1103 1696 1196 1750 ἔχειν
1222 1700 1301 1737 τινὰ

256 1754 373 1806 λόγον.

309 1814 355 1835 *⁴⁸
376 1812 479 1852 Ἐπεὶ
500 1813 536 1851 δὲ
556 1814 640 1866 περὶ
671 1817 785 1867 ἀρχῆς
811 1817 830 1853 ὃ
848 1814 972 1867 λόγος·
995 1814 1118 1868 (ἀρχὴ
1140 1816 1207 1868 γὰρ
1241 1818 1301 1857 καὶ

259 1871 356 1911 αἰτία
384 1872 458 1911 ἐστὶ
475 1872 514 1911 τὸ
540 1873 639 1917 τέλος
666 1875 736 1911 τῶν
765 1873 946 1926 πράξεων·
969 1873 1013 1913 δι’
1032 1875 1145 1913 ἐκεῖνο
1174 1876 1242 1929 γάρ
1268 1893 1302 1916 τι

257 1931 458 1983 πράττομεν
471 1930 505 1983 ,)
531 1930 720 1980 ζητητέον,
737 1935 811 1977 πῶς
828 1933 881 1971 δεῖ
903 1933 1120 1980 ποιήσασθαι
1139 1934 1199 1973 τὸν
1219 1937 1301 1990 περὶ

259 1993 367 2038 αὐτῆς
382 1990 506 2041 λόγον·
524 1989 602 2043 ἔχει
617 1991 686 2044 γὰρ
710 1992 898 2045 διαφοράν.
956 1992 1031 2032 Καὶ
1056 1995 1193 2045 πρῶτον
1220 1997 1301 2049 περὶ

257 2053 327 2090 τῶν
358 2050 478 2090 αἰτίων
501 2051 625 2103 μικρὸν
654 2052 916 2104 διαληψόμεθα.
974 2054 1056 2092 Τῶν
1081 2055 1150 2106 γὰρ
1180 2056 1300 2096 αἰτίων

257 2110 297 2149 τὸ
312 2110 376 2161 μὲν
393 2108 531 2148 τελικόν
546 2111 642 2158 ἔστι,
658 2111 698 2149 τὸ
716 2111 752 2149 δὲ
768 2111 915 2160 εἰδικόν,
937 2111 977 2150 τὸ
994 2112 1030 2150 δὲ
1049 2112 1167 2152 ὑλικόν
1178 2143 1190 2162 ,
1208 2114 1249 2153 τὸ
1264 2116 1300 2155 δὲ

258 2168 454 2216 ποιητικόν.
512 2168 583 2207 Καὶ
599 2169 781 2217 ποιητικὸν
801 2170 861 2220 μέν
873 2173 919 2221 ,ἡ
938 2170 1093 2222 ἐνέργεια
1108 2175 1169 2211 τοῦ
1189 2175 1301 2227 τεχνί-

256 2242 339 2267 του·
365 2226 485 2266 ὓλικὸν
507 2225 569 2276 δέ,
585 2226 630 2266 τὰ
650 2227 737 2273 ξύλα
751 2259 763 2280 ,
781 2229 841 2267 καὶ
861 2230 893 2267 οἱ
909 2229 999 2268 λίθοι
1017 2228 1051 2274 ἐξ
1070 2223 1117 2268 ῶν
1141 2233 1163 2277 ἡ
1185 2232 1277 2271 οἰκία
1290 2249 1300 2258 ·

256 2286 384 2325 εἰδικὸν
407 2286 469 2336 δέ,
499 2285 537 2324 τὸ
565 2281 653 2332 εἶδος
675 2290 738 2335 τῆς
762 2288 895 2333 οἰκίας·
927 2288 1062 2327 τελικὸν
1081 2288 1141 2338 δέ,
1161 2291 1205 2330 δι’
1230 2291 1248 2330 ὃ
1274 2296 1296 2340 ἡ

254 2346 347 2384 οἰκία
367 2344 523 2398 γέγονεν.
584 2345 687 2385 Ἐπεὶ
722 2346 758 2385 δὲ
798 2351 910 2386 ταῦτα
949 2347 1047 2387 αἴτιά
1083 2349 1149 2387 εἰσι
1183 2354 1199 2372 ⁸
1227 2357 1298 2397 τοῖς

255 2404 442 2457 πράγμασι
462 2408 522 2444 τοῦ
545 2399 656 2454 εἶναι,
675 2405 773 2445 αἴτιά
795 2409 862 2445 εἰσι
890 2406 950 2445 καὶ
965 2410 1027 2454 τῆς
1049 2406 1212 2457 γνώσεως
1234 2412 1297 2450 αὖ-

253 2465 323 2501 τῶν
340 2492 351 2512 ,
373 2464 434 2502 καὶ
467 2465 511 2501 δι’
545 2465 660 2503 αὐτῶν
697 2464 862 2504 δύνανται
896 2466 1011 2505 ἐκεῖνα
1044 2466 1292 2517 γινώσκεσθαι.

254 2519 342 2559 Ἐὰν
363 2522 432 2574 γάρ
459 2537 511 2566 τις
539 2523 612 2575 εἰδῇ
636 2523 700 2570 τὴν
720 2523 848 2576 τέχνην
872 2527 933 2563 τοῦ
953 2524 1134 2577 τεχνίτου,
1153 2530 1232 2566 καθ’
1251 2528 1295 2577 ἣν

254 2579 317 2626 τὴν
338 2581 451 2619 οἰκίαν
468 2581 764 2634 ἐδημιούργησεν,
784 2583 917 2622 εἴσεται
934 2582 998 2631 τὴν
1021 2584 1132 2624 οἰκίαν
1151 2585 1173 2633 ἢ
1206 2589 1296 2640 ἀγα-

255 2637 316 2685 θὴν
338 2638 360 2685 ἢ
386 2639 522 2691 φαύλην
536 2655 544 2663 ·
565 2639 644 2678 ὅσον
664 2642 709 2690 τῇ
733 2640 840 2694 τέχνῃ
861 2645 1031 2694 προσῆκε.
1091 2645 1164 2683 Καὶ
1191 2649 1209 2685 ὁ
1228 2647 1292 2693 τὴν

253 2696 340 2745 ὕλην
362 2696 461 2742 εἰδὼς
475 2696 535 2736 καὶ
562 2700 580 2736 ὃ
608 2698 648 2736 τὸ
665 2692 752 2743 εἶδος
779 2700 922 2750 ὁμοίως.
984 2701 1100 2741 Πάλιν
1123 2702 1159 2741 δὲ
1191 2705 1295 2754 γινώ-

253 2770 394 2801 σκοντες
410 2755 443 2794 τί
460 2756 501 2795 τὸ
525 2755 624 2801 τέλος
641 2759 748 2805 αὐτῆς
759 2787 770 2807 ,
792 2758 957 2810 εἰσόμεθα
979 2759 1002 2807 ἢ
1018 2760 1152 2812 ἀγαθὴν
1170 2761 1191 2809 ἢ
1207 2763 1296 2817 φαύ-

252 2816 334 2862 λην.
392 2814 590 2865 Συμὸαίνει
608 2814 645 2853 δὲ
668 2816 728 2855 καὶ
747 2817 787 2855 τὸ
806 2817 982 2857 ἀνάπαλιν
997 2849 1007 2866 ,
1027 2818 1097 2857 ἀπὸ
1119 2823 1181 2858 τοῦ
1202 2822 1294 2860 εἰδέ-

251 2888 311 2911 ναι
326 2872 366 2911 τὸ
386 2871 611 2923 ἀποτέλεσμα
627 2873 689 2917 τὰς
717 2875 831 2919 αἰτίας
846 2876 1028 2926 γινώσκειν
1043 2893 1051 2901 ·
1072 2880 1089 2916 ὁ
1107 2877 1175 2930 γὰρ
1196 2881 1294 2927 εἰδὼς

251 2933 317 2980 τὴν
346 2931 511 2980 αἰτίανῑ),
533 2931 596 2979 τὴν
625 2932 753 2984 τέχνην
780 2934 913 2974 εἴσεται
939 2939 999 2975 τοῦ
1027 2938 1205 2989 τεχνίτου,
1233 2940 1294 2980 καὶ

253 2991 296 3031 τὰ
317 2991 409 3030 ἄλλα
431 2991 573 3042 ὁμοίως.
630 2989 747 3031 ”Ὠστε
774 2993 853 3039 τοὺς
880 2994 1004 3046 λόγους
1024 2998 1129 3049 διχῶς
1155 2999 1291 3050 ἀνάγκη

252 3051 427 3104 γίνεσθαι·
457 3050 479 3097 ἢ
501 3051 570 3090 ἀπὸ
590 3054 658 3090 τῶν
679 3054 973 3103 ἀποτελεσμάτων
989 3056 1050 3100 τὰς
1069 3058 1181 3110 ἀρχὰς
1201 3061 1291 3099 ἀπο-

252 3109 429 3152 δεικνύναι
441 3140 452 3159 ,
468 3110 491 3157 ἢ
508 3111 578 3150 ἀπὸ
598 3113 668 3150 τῶν
687 3113 807 3165 ἀρχῶν
825 3113 870 3152 τὰ
891 3115 1182 3167 ἀποτελέσματα·
1202 3134 1292 3172 χρη-

252 3173 385 3222 σόμεθα
416 3171 451 3210 δὲ
479 3170 628 3223 ἑκατέρᾳ
645 3173 715 3210 τῶν
738 3172 890 3222 μεθόδων
910 3174 1002 3213 κατὰ
1023 3176 1160 3228 καιρόν.
1220 3179 1292 3218 Καὶ

254 3230 325 3269 ἀπὸ
354 3228 417 3281 μὲν
445 3232 514 3268 τῶν
537 3231 657 3282 ἀρχῶν
687 3230 934 3282 ἀποδείξομεν,
954 3233 1038 3272 ὅταν
1058 3235 1160 3274 αὐταὶ
1187 3236 1292 3283 δῆλαι

252 3283 361 3330 ὦσιν·
390 3289 430 3328 τὸ
451 3288 486 3328 δὲ
508 3289 706 3339 ἀνάπαλιν,
723 3288 806 3329 ὅταν
827 3292 870 3329 τὰ
892 3293 1165 3343 ἀποτελέσματα
1186 3311 1288 3348 φανε-

254 3348 389 3401 ρώτερα
420 3342 456 3402 ἶ.
516 3347 584 3388 Διὰ
612 3353 713 3387 τοῦτο
748 3349 808 3388 καὶ
838 3350 991 3390 Πλάτων
1026 3355 1143 3398 καλῶς
1172 3357 1288 3403 ἐζήτει

1368 398 1403 430 in
1421 397 1548 429 actione
1565 399 1740 430 versantur
1757 397 1918 430 bonorum
1937 401 2137 440 extremum,
2158 400 2247 443 quod
2270 401 2407 443 quidem

1368 443 1441 476 {ints
1459 443 1566 476 civilis
1590 443 1774 485 prudentiae
1796 443 1953 486 appellari
1981 446 2094 487 possit.
2138 449 2183 480 Et
2208 447 2309 491 hujus
2334 447 2407 491 qui-

1369 489 1444 522 dem
1460 498 1578 522 nomen
1590 499 1694 522 unum
1712 490 1866 533 idemque
1879 500 1898 523 a
1921 491 2087 534 plerisque
2101 492 2233 533 dicitur,
2250 495 2351 537 atque
2367 502 2407 527 ea

1368 546 1422 569 res
1440 536 1527 569 inter
1553 536 1673 579 vulgus
1692 539 1724 570 et
1747 538 1909 580 optimum
1933 547 2099 581 quemque
2116 540 2279 574 convenit.
2324 540 2408 574 Feli-

1367 580 1502 613 citatem
1520 580 1607 613 enim
1622 581 1658 614 id
1676 584 1795 614 vocant
1819 590 1943 615 omnes.
1987 584 2115 616 Rursus
2141 582 2224 616 bene
2242 583 2355 618 vivere
2373 589 2408 619 et

1371 623 1454 657 bene
1470 633 1540 657 rem
1558 633 1670 666 gerere
1689 625 1777 658 idem
1792 626 1882 668 quod
1906 625 2038 659 felicem
2054 635 2125 659 esse
2145 626 2344 663 existimant.
2370 660 2373 661 ⁷
2390 662 2393 666 ,

1410 681 1576 715 Caeterum
1593 682 1675 724 quid
1689 683 1732 716 sit
1746 683 1888 717 felicitas
1903 683 2091 725 ambigitur,
2109 692 2216 727 neque
2233 683 2354 727 vulgus
2375 685 2410 721 et

1368 742 1530 783 sapientes
1544 743 1694 777 similiter
1711 753 1784 777 eam
1799 744 1977 778 declarant.
2023 745 2151 787 Vulgus
2169 745 2294 779 scilicet
2305 753 2410 794 unum

1367 801 1502 843 aliquod
1523 811 1565 835 ex
1590 802 1775 836 manifestis
1797 803 1864 837 illis
1891 806 1924 837 et
1943 813 2019 847 quae
2042 804 2077 837 in
2101 804 2214 837 oeulos
2236 803 2410 838 incurrunt

1366 859 1478 900 bonis,
1497 860 1690 895 felicitatem
1705 871 1776 896 esse
1792 863 1977 903 existimat,
1998 865 2038 896 ut
2055 863 2262 906 voluptatem
2279 864 2338 896 aut
2356 861 2411 897 di-

1366 919 1465 952 vitias
1491 921 1550 952 aut
1579 920 1753 961 honorem,
1789 922 1912 965 aliique
1940 922 2032 955 aliud
2061 922 2177 956 simile.
2221 921 2275 956 Fit
2306 921 2410 956 etiam

1367 987 1609 1021 saepenumero,
1627 982 1667 1012 ut
1684 980 1774 1014 idem
1791 981 1890 1019 homo
1907 991 1973 1015 non
1997 990 2127 1024 semper
2153 980 2292 1015 eandem
2317 981 2406 1019 rem,

1366 1037 1423 1070 sed
1439 1038 1538 1071 modo
1564 1039 1649 1071 hanc
1665 1039 1763 1072 modo
1779 1040 1870 1072 illam
1882 1066 1890 1079 ,
1909 1040 2101 1074 felicitatem
2125 1040 2272 1075 nominet
2291 1050 2299 1072 :
2329 1048 2406 1073 nam

1365 1096 1394 1128 si
1411 1097 1487 1139 quis
1511 1106 1552 1129 ex
1575 1097 1642 1130 illis
1660 1099 1817 1139 aegrotat,
1839 1098 1958 1131 bonam
1983 1098 2226 1140 valetudinem;
2243 1097 2274 1132 si
2286 1097 2322 1132 in
2339 1106 2409 1143 ege-

1365 1153 1450 1185 state
1468 1154 1630 1191 versatur,
1652 1153 1784 1186 divitias
1805 1167 1812 1186 z
1828 1155 1927 1196 atque
1945 1154 2077 1187 omnino
2092 1153 2183 1197 quod
2196 1153 2231 1188 in
2254 1148 2410 1197 proesenti

1364 1210 1507 1243 maxime
1533 1211 1752 1253 concupiscit,
1782 1211 1950 1245 felleitatis
1965 1213 2096 1246 nomine
2115 1212 2279 1255 appellare
2307 1211 2403 1251 solet.

1363 1265 1491 1298 Rursus
1525 1266 1585 1307 qui
1607 1266 1775 1308 sapientiae
1805 1266 1945 1300 studiosi
1974 1269 2069 1306 sunt,
2094 1276 2133 1300 ea
2159 1276 2238 1310 quae
2258 1267 2409 1310 ignorare

1364 1318 1428 1350 sibi
1447 1319 1611 1358 videntur,
1644 1320 1771 1353 discere
1798 1321 1952 1362 cupiunt,
1986 1322 2201 1365 hominesque
2227 1332 2346 1366 magna
2373 1323 2409 1356 et

1363 1370 1511 1411 ipsorum
1529 1370 1753 1413 intelligentiae
1781 1372 1850 1405 vim
1870 1372 2028 1415 fugientia
2049 1373 2223 1416 loquentes
2241 1373 2409 1409 admiran-

1363 1425 1430 1456 tur.
1474 1425 1630 1458 Nonnulli
1655 1434 1734 1459 vero
1757 1428 1878 1468 praeter
1895 1427 2003 1460 multa
2030 1427 2103 1460 haec
2124 1427 2210 1461 bona
2224 1428 2319 1462 aliud
2336 1438 2409 1464 esse

1362 1476 1502 1515 bonum,
1527 1477 1618 1519 quod
1645 1486 1704 1519 per
1726 1486 1761 1510 se
1787 1478 2002 1518 subsisteret,
2021 1478 2130 1522 iisque
2153 1480 2308 1515 omnibus
2331 1490 2408 1524 quae

1362 1528 1449 1561 bona
1477 1528 1635 1561 dicuntur
1659 1529 1817 1562 bonitatis
1851 1539 1921 1563 suae
1947 1539 2047 1563 causa
2074 1533 2181 1571 esset,
2214 1531 2409 1567 felicitatem

1363 1591 1434 1615 esse
1453 1581 1696 1615 existimarunt.
1741 1583 1963 1621 Quamobrem
1983 1593 2096 1617 omnes
2111 1584 2260 1624 omnium
2277 1585 2320 1619 de
2337 1585 2409 1619 feli-

1362 1634 1463 1667 citate
1493 1634 1660 1676 opiniones
1689 1634 1873 1676 expendere
1904 1644 2027 1668 vanum
2062 1635 2202 1669 forsitan
2229 1638 2264 1670 et
2287 1636 2402 1671 inutile

1361 1687 1480 1728 fuerit3
1499 1687 1580 1719 satis
1596 1689 1706 1719 autem
1721 1687 1801 1726 erit,
1824 1688 1851 1720 si
1867 1696 1923 1720 eas
1942 1696 2018 1730 quae
2040 1688 2184 1721 maxime
2197 1688 2407 1722 celebrantur

1361 1740 1415 1773 vel
1432 1740 1544 1782 aliqua
1559 1740 1686 1773 ratione
1702 1740 1764 1772 niti
1780 1740 1945 1779 videntur,
1966 1740 2002 1773 in
2022 1740 2169 1774 medium
2183 1741 2389 1784 proferamus

1402 1800 1488 1839 Quia
1504 1802 1616 1833 autem
1633 1800 1675 1833 de
1694 1800 1852 1843 principio
1878 1801 2025 1843 agimus;
2046 1801 2193 1843 (etenim
2208 1801 2406 1845 principlum

1361 1861 1396 1891 et
1415 1867 1513 1892 eausa
1528 1860 1599 1901 ipse
1614 1859 1688 1892 finis
1702 1859 1869 1892 actionum
1896 1861 1967 1900 est,
1987 1862 2103 1902 utpote
2123 1861 2218 1904 eujiis
2233 1870 2333 1895 causa
2358 1861 2406 1896 fa-

1360 1918 1487 1951 eiamus
1511 1917 1660 1960 aliquid)
1685 1917 1866 1951 videndum
1895 1921 1962 1958 est,
1992 1919 2158 1962 quomodo
2191 1929 2269 1963 quae
2291 1919 2334 1954 de
2366 1929 2406 1954 eo

1361 1977 1551 2020 suscipitur,
1571 1977 1723 2011 habenda
1751 1977 1795 2011 sit
1812 1977 1994 2020 disputatio
2020 1989 2028 2011 :
2059 1988 2168 2022 neque
2185 1978 2274 2013 enim
2289 1979 2404 2014 eodem

1360 2036 1459 2070 modo
1481 2046 1517 2070 se
1544 2037 1655 2070 habet.
1700 2038 1746 2069 Ae
1760 2037 1906 2079 primum
1930 2038 2066 2080 quidem
2089 2038 2131 2072 de
2157 2048 2256 2074 causa
2279 2039 2405 2083 aliquid

1361 2094 1521 2128 dieamus.
1567 2097 1692 2138 Nempe
1716 2095 1781 2129 alia
1796 2105 1896 2129 causa
1921 2098 1971 2129 est
2000 2095 2124 2136 finalis,
2148 2097 2213 2132 alia
2227 2097 2400 2137 formalis,

1359 2153 1424 2185 alia
1446 2153 1627 2186 materialis
1637 2179 1646 2193 ‚
1662 2153 1727 2187 alia
1744 2153 1900 2187 efficiens.
1944 2153 2099 2188 Efficiens
2110 2180 2119 2194 ,
2138 2157 2176 2188 ut
2192 2157 2287 2190 actus
2298 2156 2404 2190 artili-

1359 2212 1407 2245 cis
1430 2224 1439 2244 ι
1468 2212 1669 2252 materialis,
1696 2214 1736 2246 ut
1759 2213 1847 2256 ligna
1873 2215 1906 2246 et
1930 2213 2072 2256 lapides,
2092 2222 2134 2247 ex
2147 2214 2270 2258 quibus
2285 2214 2404 2249 domus

1359 2272 1487 2304 constat
1505 2283 1514 2303 ε
1538 2271 1704 2311 formalis,
1730 2273 1772 2305 ut
1794 2271 1902 2305 forma
1927 2272 2022 2315 eJus:
2040 2270 2166 2312 finalis,
2193 2273 2290 2317 cuius
2302 2283 2402 2309 causa

1358 2330 1477 2363 domus
1500 2330 1664 2364 aedificata
1690 2332 1751 2364 est.
1807 2332 1869 2364 Hae
1893 2340 1969 2373 ergo
1992 2339 2099 2374 quum
2116 2332 2267 2365 essentiae
2291 2331 2401 2366 unius-

1357 2391 1518 2434 cujusque
1533 2391 1582 2424 rei
1597 2400 1705 2424 causae
1727 2390 1792 2424 sint
1804 2415 1813 2429 ‚
1827 2390 1928 2425 etiam
1943 2390 2136 2433 cognitionis
2161 2400 2276 2426 earum
2291 2400 2400 2427 causae

1357 2451 1436 2483 sunt
1447 2476 1456 2492 ,
1478 2450 1558 2493 quia
1571 2449 1721 2492 cognosci
1732 2459 1792 2492 per
1816 2458 1872 2483 eas
1886 2449 1954 2483 illae
1974 2451 2123 2492 possunt.
2168 2450 2204 2484 Si
2216 2451 2296 2494 quis
2312 2451 2400 2486 enim

1356 2509 1493 2542 artificis
1521 2511 1646 2550 artem,
1673 2518 1741 2551 qua
1768 2508 1905 2541 domum
1932 2508 2128 2550 aedificavit,
2164 2510 2294 2543 noverit
2329 2523 2338 2543 ε
2369 2511 2399 2544 is

1356 2567 1474 2606 etiam,
1509 2567 1592 2601 bene
1630 2567 1674 2600 sit
1707 2566 1827 2600 domus
1841 2592 1850 2609 ,
1878 2576 1922 2600 an
1945 2567 2032 2601 male
2057 2569 2246 2608 exstructa,
2277 2569 2360 2604 sciet
2386 2582 2395 2602 ι

1355 2627 1520 2668 quatenus
1536 2635 1575 2659 ea
1592 2635 1646 2659 res
1663 2625 1706 2659 ad
1726 2627 1831 2659 artem
1860 2625 2056 2668 pertinebat.
2101 2626 2262 2660 Similiter
2287 2631 2321 2662 et
2338 2629 2398 2672 qui

1356 2683 1531 2716 materiam
1555 2685 1588 2717 et
1621 2683 1680 2726 qui
1705 2683 1847 2716 formam
1873 2683 1976 2717 novit.
2020 2685 2150 2718 Rursus
2173 2684 2202 2718 si
2234 2685 2393 2726 sciamus,

1354 2741 1430 2783 quis
1445 2739 1518 2781 ejus
1532 2738 1608 2771 finis
1624 2738 1689 2778 sit,
1714 2740 1830 2771 utrum
1855 2738 1938 2772 bene
1955 2747 1998 2771 an
2024 2738 2111 2772 male
2135 2740 2304 2774 exstructa
2330 2741 2394 2783 sit,

1355 2797 1507 2830 sciemus.
1552 2795 1724 2829 Interdum
1742 2797 1854 2828 tamen
1869 2804 1927 2828 eon
1933 2797 1982 2828 tra
1997 2795 2054 2835 fit,
2074 2796 2113 2828 ut
2128 2797 2303 2839 postquam
2319 2805 2396 2839 per-

1353 2853 1479 2887 fectum
1506 2862 1589 2896 opus
1617 2852 1885 2896 cognoverimus,
1914 2861 2032 2886 causas
2062 2861 2196 2895 quoque
2220 2861 2396 2896 cognosea-

1352 2922 1428 2946 mus
1446 2925 1454 2945 ι
1475 2913 1535 2956 qui
1557 2913 1644 2946 enim
1668 2921 1802 2946 causam
1825 2911 1937 2950 novit,
1968 2912 2075 2944 artem
2100 2920 2234 2955 quoque
2259 2912 2395 2948 artificis

1352 2971 1501 3009 noverit,
1528 2971 1562 3003 ot
1576 2968 1706 3011 reliqua
1731 2967 1846 3001 eodem
1859 2967 1968 3000 modo.
2013 2967 2175 3006 Quocirca
2188 2975 2321 3002 necesse
2341 2970 2393 3002 est

1353 3031 1519 3073 duplicem
1545 3037 1676 3062 omnem
1702 3036 1774 3060 esse
1797 3026 2059 3066 institutionem,
2082 3027 2122 3059 ut
2145 3026 2181 3060 in
2203 3036 2316 3060 rerum
2338 3027 2395 3062 de-

1350 3085 1587 3120 monstratione
1608 3085 1667 3117 aut
1695 3082 1737 3116 ab
1767 3081 1891 3115 effectu
1916 3081 1960 3114 ad
1981 3081 2160 3124 principia,
2178 3082 2238 3122 aut
2258 3090 2279 3115 a
2305 3082 2393 3124 prin-

1352 3143 1445 3186 eipiis
1467 3142 1510 3175 ad
1538 3140 1696 3175 effectum
1722 3138 1990 3182 proficiscamur;
2023 3146 2084 3171 nos
2112 3138 2225 3171 autem
2246 3138 2391 3181 utraque

1350 3199 1407 3232 via
1423 3200 1457 3232 et
1482 3197 1609 3230 ratione
1630 3205 1691 3230 suo
1716 3197 1863 3238 tempore
1889 3193 2142 3236 disputabimus.
2169 3195 2214 3227 Et
2231 3203 2251 3228 a
2273 3194 2391 3237 princi·

1350 3254 1413 3296 piis
1441 3252 1576 3295 quidem
1616 3251 1651 3284 in
1676 3249 1951 3285 ‹lamustratione
1988 3249 2247 3291 proficiscemur,
2284 3257 2389 3291 qumn

1350 3312 1525 3345 manifesta
1549 3311 1606 3344 illa
1634 3311 1730 3343 erunt
1761 3323 1768 3342 ι
1801 3319 1820 3342 e
1841 3311 2005 3341 contrario
2031 3310 2142 3341 autem
2155 3333 2163 3347 ,
2191 3316 2295 3350 quum
2317 3316 2389 3349 per-

1351 3367 1440 3400 fecta
1455 3377 1554 3409 opera
1577 3365 1801 3400 manifestiore
1817 3366 1924 3398 erunt.
1967 3365 2144 3406 Propterea
2168 3363 2267 3396 etiam
2293 3362 2388 3395 Plato

292 3465 311 3484 ⁴⁶
332 3465 414 3510 Περὶ
427 3466 462 3499 δὲ
480 3471 535 3506 τῆς
557 3465 761 3508 εὐδαιμονίας
779 3470 847 3502 κτλ.
867 3486 906 3492 -
919 3469 960 3489 *²⁴¹
978 3471 1030 3510 Μὴ
1047 3472 1227 3504 λανθανέτω
1242 3474 1269 3505 δ’
1286 3476 1370 3515 ἡμᾶς
1387 3475 1456 3508 κτλ.
