2508 3776
280 229 358 267 514

274 315 422 366 κώτερον
439 317 529 350 ποιεῖ
544 311 585 350 τὸ
606 309 836 360 συνάλλαγμα
851 325 860 334 ·
883 308 935 348 διὸ
953 307 1043 361 ’παρ’
1063 308 1162 353 ἐνίοις
1181 308 1311 349 τούτων

274 376 336 411 οὐκ
368 372 432 410 εἶσὶ
470 371 582 418 δίκαι,
620 369 696 408 οὐδὲ
726 369 924 414 δικάζονται
945 368 1108 416 ἀλλήλοις
1141 369 1222 422 περὶ
1244 371 1314 407 τῶν

271 434 382 484 χρεῶν
399 461 409 478 ,
445 430 521 468 ἀλλ’
545 428 675 467 οἴονται
703 429 773 466 δεῖν
805 427 959 479 στέργειν
986 425 1064 470 τοὺς
1086 426 1176 466 κατὰ
1196 427 1312 466 πίστιν

271 488 562 533 συναλλάξαντας.
588 486 633 526 ‘O
653 486 689 524 δὲ
722 484 813 524 κατὰ
833 486 872 524 τὸ
887 484 1006 532 ἠθικὸν
1026 484 1201 537 χρήσιμον
1221 486 1312 538 ὠφε-

269 550 356 596 λῶν,
385 550 448 587 οὐκ
471 548 527 586 ἐπὶ
550 547 683 600 ῥητοῖς,
721 545 799 583 ἀλλ’
815 546 861 589 ὡς
896 545 1007 597 φίλῳ,
1035 544 1197 597 δωρεῖταί
1220 544 1311 592 τι,ἢ

269 607 379 655 ἄλλην
399 607 475 645 τινὰ
495 606 665 660 ὠφέλειαν
686 605 836 658 ὠφελεῖ·
869 602 1070 655 κομίζεσθαι
1100 601 1135 642 δὲ
1165 602 1256 648 ἀξιοῖ
1273 603 1312 642 τὸ

267 665 340 704 ἴσον
361 666 413 713 θῆ
441 666 568 712 πλέον,
599 668 644 709 ὡς
670 666 708 703 οὐ
741 662 916 711 δεδωκώς,
944 661 1036 700 ἀλλὰ
1068 661 1206 714 χρήσας
1226 677 1236 687 ·
1262 662 1310 712 μὴ

267 724 386 763 λαὸὼν
405 725 462 774 δέ,
484 726 550 777 οὐχ
569 723 687 776 ὥσπερ
706 723 841 776 χρήσας
862 722 970 765 οὕτως
1003 721 1145 773 ἐγκαλεῖ
1173 723 1224 774 τῷ
1263 721 1311 772 μὴ

268 784 379 833 δόντι,
405 785 485 823 ἀλλ’
504 786 550 827 ὡς
569 783 673 836 φίλῳ.
693 785 807 823 Ἰοῦτο
827 782 862 820 δὲ
883 780 1069 831 συμὸαίνει
1093 780 1149 818 διὰ
1170 781 1210 819 τὸ
1233 780 1309 832 βού-

266 845 387 882 λεσθαι
425 842 487 893 μὲν
525 842 678 892 πάντας,
717 840 739 888 ἢ
775 856 854 885 τους
894 840 1073 883 πλείστους
1112 837 1156 877 τὰ
1192 838 1305 885 καλά,

267 917 408 955 προαιρε
395 905 506 940 εἷσθαι
529 901 565 939 δὲ
585 899 629 938 τὰ
645 900 820 953 ὠφέλιμα.
842 898 895 938 To
912 896 948 936 δὲ
968 901 1004 936 εὖ
1026 899 1159 944 ποιεῖν,
1183 895 1232 947 μὴ
1253 895 1309 934 ἵνα

267 962 438 1013 ἀντιπάθῃ
453 990 463 1008 ,
484 959 615 999 καλόν·
635 960 810 1013 ὠφέλιμον
831 958 867 997 δὲ
889 957 926 996 τὸ
946 957 1219 1010 εὐεργετεῖσθαι·
1255 955 1312 995 διὰ

265 1024 367 1058 τοῦτο
382 1020 422 1059 τὸ
442 1019 504 1070 μὲν
526 1018 700 1071 ὠφέλιμον
722 1020 880 1065 ζητοῦσι,
898 1014 947 1066 μὴ
976 1014 1136 1067 τυχόντες
1158 1015 1192 1055 δὲ
1221 1015 1306 1068 βού-

265 1080 384 1118 λονται
406 1078 505 1118 καλοὶ
527 1079 652 1116 δοκεῖν.

319 1137 336 1154 *
352 1135 444 1180 'lonc
463 1137 498 1174 δὲ
515 1135 686 1179 τοιούτους
706 1134 841 1195 φίλους,
862 1133 923 1172 καὶ
944 1132 1000 1172 ἵνα
1021 1126 1060 1172 εῧ
1082 1132 1253 1180 πάθωσιν,
1273 1125 1311 1170 εὖ

266 1199 464 1244 ποιοῦντας,
487 1194 584 1246 πάσῃ
605 1195 738 1244 σπουδῇ
753 1196 789 1231 εὖ
809 1207 968 1240 ποιητεον
985 1208 1061 1236 τους
1084 1191 1306 1241 δυναμένους,

266 1255 326 1293 καὶ
346 1254 408 1302 τὴν
432 1253 529 1299 ἀξίαν
554 1252 752 1305 εὐεργεσίαν
789 1251 1077 1290 ἀποδοτέον.οὐ
1098 1250 1165 1302 γὰρ
1195 1250 1308 1288 ἕλκειν

268 1315 317 1352 δεῖ
336 1314 396 1367 βία
413 1313 499 1365 πρὸς
522 1313 584 1361 τὴν
605 1315 718 1359 ἀληθῆ
741 1311 858 1373 φιλίαν
883 1310 931 1361 μὴ
955 1310 1196 1370 βουλομένους,
1219 1307 1310 1346 ἀλλα

266 1373 528 1426 δυσχεραίνειν,
551 1373 604 1410 ὅτι
621 1370 742 1409 ἔλαθον
764 1374 800 1408 εὖ
818 1369 1015 1412 παθόντες
1005 1367 1062 1421 oq?
1081 1371 1119 1406 οὓ
1142 1369 1204 1405 οὐκ
1225 1366 1306 1415 ἔδει,

266 1435 304 1470 οὐ
327 1432 395 1484 γὰρ
427 1431 493 1470 ὑπὸ
514 1431 632 1483 φίλου,
664 1429 724 1468 καὶ
759 1431 872 1477 ζητεῖν
900 1427 991 1471 ὅπως
1014 1427 1147 1470 ἑκόντες
1167 1424 1312 1478 ἀποτρί-

268 1493 402 1544 ψωνται
423 1490 486 1534 τὰς
508 1490 657 1542 αἰσχρὰς
678 1487 894 1541 εὐεργεσίας,
916 1487 954 1531 ἃς
974 1489 1114 1532 ἄκοντες
1135 1484 1308 1531 ἐδέξαντο,

264 1553 315 1600 τῷ
348 1551 483 1602 ἀγνοεῖν
509 1549 567 1587 τὸν
603 1550 865 1601 εὐεργετοῦντα.
901 1547 1168 1599 Ἀποτρίψονται
1205 1545 1261 1591 δέ,
1284 1545 1313 1582 εἷ

267 1609 329 1659 μὲν
373 1609 536 1647 δυνανται
549 1638 560 1657 ,
600 1608 660 1645 καὶ
691 1607 789 1646 αὐτοὶ
822 1607 1030 1656 ἀποδόντες,
1067 1605 1127 1644 καὶ
1154 1604 1312 1657 καθάπερ

267 1668 325 1706 ἐπὶ
347 1668 460 1720 ῥητοῖς
477 1667 572 1711 εὐθὺς
593 1666 832 1715 διαλυθέντες,
851 1668 881 1704 εἷ
901 1667 937 1704 δὲ
956 1666 1004 1715 μὴ
1037 1665 1200 1704 δύνανται
1220 1679 1312 1712 τηνι-

268 1730 401 1774 καῦτα,
421 1725 696 1777 ὁμολογήσαντες
718 1720 950 1773 δύνηθέντεςῆ
973 1724 1041 1776 μὴν
1060 1723 1156 1767 εὐθὺς
1177 1723 1313 1761 ἀποδώ-

268 1796 365 1824 σειν·
398 1788 428 1824 εἶ
459 1785 494 1823 δὲ
525 1786 665 1829 πάντως
694 1785 870 1829 ἀδυνάτως
899 1785 1038 1837 ἔχουσιν
1068 1782 1311 1836 ἀμείψασθαι,

270 1845 347 1885 οὐδὲ
366 1847 398 1884 οἱ
419 1846 530 1889 δόντες
552 1845 803 1892 ἀπαιτήσουσιν
825 1843 921 1882 οὐδὲν
945 1843 1029 1895 παρ’
1051 1844 1164 1881 αὓτῶν
1189 1854 1198 1863 ·
1221 1841 1313 1879 ὥστε

270 1909 300 1945 εἷ
321 1907 502 1953 δύνανται,
525 1904 709 1944 ἀποδοτέον
732 1903 827 1947 εὐθύς
841 1919 849 1928 ·
870 1903 949 1955 πρὶν
971 1902 1006 1941 δὲ
1028 1903 1312 1954 εὖεργετηθῆναι,

271 1965 438 2005 σκεπτέον
469 1965 630 2012 ἕκαστον,
664 1963 730 2002 ὑπὸ
762 1964 851 2007 τίνος
883 1964 1138 2014 εὖεργετεῖται,
1169 1960 1229 1998 καὶ
1259 1960 1316 1997 ἐπὶ

271 2025 356 2070 τίνι,
372 2026 417 2067 ὥς
437 2022 477 2061 ἂν
496 2023 615 2070 εἰδείη,
633 2023 644 2046 f
659 2024 688 2060 εἷ
706 2023 755 2060 δεῖ
774 2021 957 2069 δέξασθαι,
980 2020 1002 2067 ἢ
1024 2020 1087 2071 μή.

328 2082 493 2135 (Scripsi
518 2095 528 2122 :
555 2091 571 2107 ³²
591 2083 621 2121 oi
643 2081 777 2132 ὅμοιοι]
815 2081 900 2120 cod.
933 2079 966 2118 οἳ
987 2080 1114 2130 ὅμοωι.
1134 2081 1219 2108 —-¹’
1248 2077 1315 2128 τῇ]

273 2143 357 2181 cod.
378 2157 435 2194 τῃ,
455 2165 509 2170 --
525 2152 540 2170 0
560 2141 638 2179 οὔτε
656 2141 769 2179 τοίνυν
800 2141 846 2191 ἡ]
866 2140 953 2179 cod.
991 2139 1068 2177 οὔτε
1090 2154 1127 2177 τε
1149 2137 1262 2176 τοίνυν
1281 2141 1315 2183 ἧ.

273 2204 357 2231 --1¹
386 2200 524 2251 πάντη]
562 2200 648 2239 cod.
676 2199 792 2252 πάντῃ
819 2199 883 2237 hic
912 2206 950 2236 et
979 2199 1017 2235 in
1051 2196 1314 2248 sequentibus

274 2284 324 2289 ———
343 2263 359 2282 θ
376 2258 475 2314 ἴσον]
491 2253 569 2298 ἶσον
591 2259 679 2298 cod.
702 2282 753 2287 —
779 2258 790 2280 f
805 2257 932 2308 εἰδείη]
954 2258 1041 2295 cod.
1066 2256 1190 2308 εἷδοίῃ.
1213 2256 1288 2306 -)

708 2373 796 2424 Κεφ.
831 2369 890 2417 ιη’.

277 2488 352 2528 Περὶ
370 2488 482 2529 μέτρου
498 2486 685 2523 ἀποδόσεως
703 2487 735 2518 ἐν
750 2490 787 2527 τῇ
804 2485 972 2527 χρησίμῳ·
990 2486 1045 2517 καὶ
1059 2484 1104 2516 ἔτι
1119 2483 1190 2525 περὶ
1204 2484 1267 2514 τῶν
1288 2481 1318 2512 ἐν

492 2538 530 2575 τῇ
549 2535 618 2566 καθ’
639 2535 795 2576 ὑπεροχὴν
815 2534 902 2577 φιλίᾳ
917 2533 1076 2575 μέμψεων.

331 2646 432 2684 **’Ev
448 2647 484 2684 δὲ
499 2652 572 2690 ταῖς
582 2647 665 2699 πρὸς
681 2647 850 2694 ἀλλήλους
863 2650 929 2685 τῶν
940 2646 1046 2700 φίλων
1064 2644 1224 2696 ἀμοιὸαῖς
1233 2644 1320 2680 ἀπο-

277 2711 334 2758 ρία
356 2706 461 2744 ἐστίν.
483 2705 583 2744 Ἐπεὶ
607 2706 674 2756 γὰρ
695 2707 763 2744 ἀπὸ
786 2706 946 2757 μεγάλων
969 2707 1173 2757 εὐεργεσιῶν
1195 2701 1319 2755 μικραὶ

276 2765 438 2816 ὠφέλειαι
467 2763 619 2814 γίνονται
644 2769 712 2807 τοῖς
735 2764 1045 2815 εὐεργετουμένοις,
1075 2763 1134 2801 καὶ
1166 2761 1236 2800 ἀπὸ
1267 2775 1319 2810 μι-

277 2825 369 2875 κρῶν
391 2822 542 2874 μεγάλαι
564 2823 732 2866 πολλάκις
760 2839 767 2847 ·
795 2823 971 2875 ἐνδέχεται
992 2822 1058 2875 γὰρ
1078 2821 1193 2862 πολλὰ
1214 2819 1319 2867 ποιή-

278 2897 388 2920 σαντα
409 2884 469 2918 καὶ
498 2879 726 2918 ἀναλώσαντα
758 2881 865 2933 μικρὰ
898 2881 956 2919 τὸν
989 2881 1086 2934 φίλον
1119 2881 1316 2933 ὠφελῆσαι,

278 2956 337 2978 και
356 2938 396 2977 τὸ
415 2938 612 2976 ἀνάπαλιν·
630 2938 711 2977 πότε
717 2955 773 2992 ρον
797 2940 1047 2991 ἀμειὸουιένους
1068 2941 1130 2989 τὴν
1149 2939 1317 2994 ὠφέλειαν

278 2999 329 3036 δεῖ
349 3002 509 3044 σκοπεῖν,
528 2995 550 3043 ἢ
571 3012 631 3042 ττς
656 2998 849 3070 εὐεργεσίας
876 2999 915 3037 τὸ
946 3000 1082 3053 μέτρον.
1109 2999 1180 3039 Και
1201 2997 1270 3071 Yet?
1290 2998 1320 3036 οἱ

280 3073 342 3108 μεν
365 3060 401 3094 εὖ
421 3055 586 3099 παθόντες
607 3056 749 3094 τοιαῦτά
773 3072 857 3109 φασι
880 3059 998 3096 λαὸεῖν
1021 3058 1116 3111 παρὰ
1137 3073 1204 3096 των
1223 3058 1318 3109 εὔερ-

278 3131 409 3167 γετων,
438 3114 461 3152 ἃ
482 3113 590 3165 μικρὰ
621 3117 663 3160 ἠν
698 3131 752 3152 ΕΧΞ
758 3114 837 3158 {vote
858 3130 998 3164 ΟΟυναῐ,
1038 3117 1097 3155 καὶ
1133 3116 1211 3162 ἔξην
1237 3114 1322 3167 παρ’

281 3173 406 3225 ἑτέρων
428 3173 576 3233 λαὸεῖνυ,
599 3174 710 3226 τούτῳ
734 3190 1072 3228 κατασμικρυνοντες
1092 3176 1161 3220 τὰς
1183 3177 1320 3227 εὐεργε-

281 3233 378 3276 σίας’
409 3233 441 3271 Οἱ
469 3231 505 3269 δὲ
527 3234 563 3270 Εὐ
585 3232 796 3279 ποῑήσαντες
815 3247 855 3270 TO
886 3234 1079 3280 ἀναπαλῑν,
1104 3235 1147 3271 τὰ
1174 3250 1215 3284 με
1201 3233 1321 3282 ίγῑσῒα

280 3286 326 3330 ὧν
348 3295 443 3344 εἰχον
466 3292 690 3344 εὐεργετησαι
709 3290 876 3342 λέγουσι,
898 3307 956 3330 και
977 3292 999 3330 ἃ
1019 3292 1101 3344 παρ’
1123 3292 1237 3330 ἄλλων
1259 3292 1320 3329 οὐκ

1104 219 1379 260 ANDRONICI
1409 219 1589 259 RHODII

1380 308 1468 341 modi
1485 316 1594 340 causae
1611 315 1675 339 non
1696 306 1843 344 orantur,
1865 313 1974 348 neque
1994 305 2036 339 de
2051 315 2126 340 aere
2153 299 2261 340 alieno
2283 298 2427 340 intel-se

1375 360 1589 399 contendunt,
1615 358 1672 391 sed
1699 357 1856 390 amandos
1872 366 1929 390 eos
1946 357 2056 399 potius
2073 367 2145 392 esse
2169 361 2342 397 statuunt,
2359 357 2427 401 qui·

1375 415 1459 447 hona
1486 413 1549 446 tide
1573 422 1649 444 cum
1676 411 1787 453 aliquo
1808 410 2044 443 contraxerint.
2075 411 2140 449 Qui
2164 420 2244 444 vero
2259 410 2419 444 moralem

1375 466 1553 498 utilitatem
1579 463 1692 502 affert,
1719 472 1784 495 non
1820 462 1922 495 certis
1950 462 2192 496 conditionibus
2222 463 2417 507 propositis,

1375 519 1432 551 sed
1450 521 1607 559 tanquam
1624 516 1730 550 amico
1746 514 1872 557 aliquid
1891 514 2008 553 donat,
2036 517 2095 548 aut
2122 515 2187 548 alia
2201 515 2356 559 quapiam
2381 525 2420 549 re

1375 573 1404 605 ei
1427 571 1579 614 prodest,
1605 570 1651 603 ita
1676 572 1785 602 tamen
1814 570 1852 601 ut
1875 569 2015 602 donator
2035 570 2244 603 tantumdem
2263 569 2420 613 vel.plus

1374 627 1521 668 accipere
1553 624 1652 663 velit,
1685 623 1779 666 quasi
1813 632 1876 654 non
1903 622 2092 663 donaverit,
2139 623 2198 657 sed
2229 622 2419 662 commoda-

1375 679 1459 712 verit
1482 687 1489 706 :
1512 676 1633 720 quodsi
1649 685 1714 708 non
1737 675 1894 717 accipiat,
1922 685 1987 708 non
2023 676 2120 719 quasi
2140 674 2418 714 commodaverit,

1375 734 1447 764 tum
1476 731 1610 764 demum
1639 731 1772 762 accusat
1804 739 1880 763 eum
1909 730 1970 773 qui
2004 740 2070 763 non
2100 730 2231 772 reddit,
2263 731 2302 763 ut
2332 727 2420 763 ami-

1375 793 1451 816 cum
1475 785 1594 816 tamen.
1654 784 1723 815 Hoc
1748 784 1860 816 autem
1892 786 2065 826 propterea
2086 783 2217 823 accidit,
2238 773 2330 827 quod
2355 791 2418 816 vo-

1374 837 1448 869 lunt
1482 835 1617 878 quidem
1655 847 1769 870 omnes
1809 840 1867 870 aut
1902 837 2036 880 plurimi
2070 846 2124 870 res
2158 837 2329 875 honestas,
2363 834 2421 869 sed

1374 889 1524 923 honestis
1541 890 1640 921 utiles
1668 892 1882 933 anteponunt.
1910 893 2094 923 Honestum
2111 899 2192 923 vero
2211 891 2279 927 est,
2299 889 2347 922 ita
2361 887 2421 922 be-

1375 941 1542 982 nefacere,
1574 943 1614 973 ut
1644 942 1726 975 nihil
1761 943 1907 976 vicissim
1945 943 2095 976 beneficii
2125 945 2312 985 exspectes,
2339 939 2422 985 utile

1375 1002 1486 1032 autem
1497 1025 1505 1040 ‚
1524 999 1719 1032 beneficium
1746 999 1894 1040 accipere
1912 1011 1920 1030 ι
1937 996 2076 1040 ideoque
2094 997 2130 1030 id
2155 996 2246 1040 quod
2263 995 2347 1030 utile
2369 996 2421 1028 est

1375 1053 1550 1094 quaerunt.
1571 1051 1661 1093 quod
1681 1060 1786 1093 quum
1808 1059 1875 1083 non
1895 1052 2154 1092 consequuntur,
2172 1048 2303 1082 honesti
2314 1046 2420 1080 videri

1375 1103 1503 1137 volunt.
2299 1112 2309 1125 ⁵

1416 1157 1552 1190 Talibus
1568 1166 1648 1190 vero
1667 1155 1799 1197 amicis,
1829 1154 1946 1197 quales
1963 1156 2002 1187 ut
2018 1153 2215 1187 beneficium
2239 1130 2419 1196 accipiant,

1375 1217 1457 1249 bene
1468 1216 1510 1249 de
1527 1216 1601 1248 aliis
1627 1217 1808 1256 merentur,
1833 1223 1966 1247 summa
1985 1212 2155 1255 diligentia
2170 1212 2254 1246 bene
2275 1210 2421 1252 vicissim

1377 1277 1482 1308 facere
1510 1275 1631 1308 debent
1658 1275 1716 1317 qui
1746 1275 1896 1317 possunt,
1928 1275 2122 1317 quantoque
2152 1271 2243 1314 digni
2262 1272 2341 1304 sunt
2365 1280 2422 1304 eos

1375 1334 1505 1368 afficere
1525 1333 1692 1367 beneficio.
1712 1335 1778 1367 Nec
1804 1333 1893 1366 enim
1913 1333 1946 1366 vi
1966 1332 2009 1366 ad
2028 1341 2142 1366 veram
2165 1330 2422 1366 amiciti-mno-

1375 1395 1480 1427 lentes
1500 1394 1693 1436 pertrahere
1715 1393 1838 1426 debent
1851 1418 1859 1434 ,
1886 1391 1944 1426 sed
1967 1392 2079 1435 potius
2097 1391 2228 1432 dolere,
2255 1389 2350 1434 quod
2377 1389 2420 1426 ab

1375 1453 1440 1487 alio
1455 1456 1557 1496 atque
1574 1453 1746 1495 oportebat
1777 1451 1972 1486 beneficium
1997 1450 2115 1484 furtim
2137 1449 2341 1492 acceperint.
2357 1457 2423 1482 non

1376 1513 1417 1546 ab
1435 1512 1542 1545 amico
1556 1538 1564 1552 ‚
1583 1514 1616 1545 et
1631 1521 1767 1554 operam
1792 1510 1893 1552 dare,
1919 1512 1958 1543 ut
1978 1511 2094 1553 sponte
2113 1508 2202 1542 foeda
2223 1507 2422 1551 dispungant
2467 1514 2470 1520 ·

1374 1575 1548 1615 beneficia,
1570 1583 1647 1617 quae
1662 1573 1758 1606 inviti
1777 1573 1992 1615 acceperunt,
2015 1572 2189 1614 propterea
2203 1568 2295 1613 quod
2308 1576 2422 1602 eorum

1375 1637 1543 1667 auctorem
1560 1634 1759 1675 ignorarent.
1788 1631 1887 1671 Quod
1905 1630 2047 1668 facient,
2066 1628 2247 1663 dummodo
2270 1627 2418 1671 possint,

1375 1694 1403 1727 si
1419 1696 1452 1726 et
1471 1694 1532 1736 ipsi
1550 1692 1757 1726 tantundem·
1776 1690 1932 1729 reddant,
1955 1692 1989 1723 ot
2004 1689 2097 1723 velut
2123 1690 2215 1722 certa
2236 1686 2423 1723 conditione

1375 1755 1542 1798 proposita
1562 1753 1735 1787 confestim
1755 1752 1790 1785 id
1818 1751 1909 1795 quod
1928 1750 2049 1785 debent
2076 1748 2277 1786 dissolvant,
2309 1748 2369 1780 aut
2397 1746 2426 1780 si

1376 1816 1449 1847 tum
1479 1816 1663 1857 nequeant,
1697 1812 1837 1846 simulac
1868 1809 2040 1854 potuerint
2069 1818 2107 1842 se
2137 1807 2328 1842 reddituros
2349 1815 2424 1841 esse

1375 1874 1571 1916 promittant
1591 1882 1599 1902 z
1631 1872 1751 1916 quodsi
1780 1871 1914 1904 omnino
1940 1869 2080 1903 reddere
2106 1867 2294 1910 nequeant,
2314 1875 2355 1899 ne
2375 1865 2424 1900 illi

2504 71 2508 98 -..
2496 0 2508 39 -ἑ

2505 351 2508 353 .
2501 293 2508 328 ³-
2493 125 2508 282 *aL-¹⁵—

1377 1934 1514 1980 quidem
1545 1933 1604 1976 qui
1632 1932 1790 1966 beneficia
1825 1931 2040 1964 contulerunt
2065 1927 2251 1971 quidquam
2277 1926 2319 1960 ab
2340 1925 2429 1969 ipsis
2461 1930 2463 1933 ⁴
2502 1917 2505 1921 ⁸

1380 1994 1511 2035 exigent
1535 2002 1543 2022 ε
1566 1992 1679 2034 ltaque
1696 1992 1723 2025 si
1737 1991 1884 2034 possint,
1909 1989 2024 2022 statim
2039 1987 2179 2021 reddent
2196 1996 2205 2017 ε
2224 1986 2424 2029 priusquam
2479 2003 2484 2005 -

1380 2063 1460 2086 vero
1475 2052 1671 2085 beneficium
1695 2051 1876 2093 accipiant,
1905 2048 2067 2091 dispicere
2093 2046 2217 2080 debent
2243 2043 2384 2097 singull,
2407 2053 2427 2076 a

1381 2122 1449 2154 quo
1466 2114 1498 2144 et
1514 2121 1581 2154 qua
1602 2110 1644 2143 de
1662 2119 1761 2143 causa
1788 2108 1967 2151 accipiant,
1988 2109 2028 2140 ut
2040 2105 2198 2140 nimirum
2215 2105 2422 2147 cognoscant,

1380 2163 1737 2207 utrum'accipiendum
1757 2163 1820 2201 sit,
1845 2171 1905 2195 nec
1922 2170 1968 2195 ne

1813 2377 1891 2417 cap.
1923 2376 2041 2407 xvm.

1385 2483 1426 2509 De
1445 2486 1587 2508 mensura
1600 2477 1760 2506 solutionis
1780 2477 1811 2505 iu
1826 2476 1892 2505 utili
1909 2475 2039 2504 amicitia
2058 2491 2066 2502 .
2086 2475 2233 2510 praeterea
2244 2455 2286 2502 de*
2299 2472 2429 2509 querelis

1405 2533 1471 2563 quae
1482 2526 1516 2554 in
1529 2524 1669 2553 amicitia}
1687 2523 1801 2552 l‘oedere
1814 2523 1854 2550 ob
1869 2520 2078 2551 excellentiam
2093 2519 2176 2549 racto
2195 2517 2408 2558 proferuntur.

1424 2647 1461 2677 In
1481 2645 1586 2687 gratia
1608 2646 1722 2677 autem
1737 2642 1854 2676 amicis
1870 2640 2061 2680 referenda,
2081 2649 2148 2683 qua
2168 2647 2283 2672 eornm
2299 2638 2427 2671 benefi-

1383 2700 1433 2733 cia
1452 2699 1618 2732 beneficiis
1646 2700 1837 2741 pensantur,
1860 2698 1964 2730 restat
1991 2694 2182 2728 difficultas.
2204 2695 2316 2731 Quum
2340 2693 2427 2725 enim

1384 2765 1469 2798 scope
1486 2766 1602 2798 magna
1623 2754 1782 2788 beneficia
1799 2752 2034 2795 accipientibus
2049 2760 2114 2783 non
2125 2749 2271 2783 multum
2287 2747 2426 2790 prosint,

1382 2815 1564 2856 contraque
1583 2822 1686 2855 parva
1714 2810 1898 2853 plurimum
1927 2806 2114 2851 profuerint
2139 2817 2147 2839 :
2167 2805 2239 2839 fieri
2261 2803 2347 2838 enim
2367 2812 2429 2846 po·-

1382 2871 1466 2909 test,
1485 2871 1524 2902 ut
1543 2869 1666 2911 aliquis
1685 2869 1863 2910 postquam
1890 2873 1951 2897 nec
1976 2862 2080 2896 labori
2107 2870 2167 2894 nec
2194 2859 2352 2902 impensae
2374 2867 2430 2900 pe-

1382 2926 1506 2970 percit,
1522 2925 1627 2957 amico
1651 2933 1715 2955 non
1733 2922 1879 2954 multum
1900 2919 2024 2962 prosit
2051 2920 2086 2951 et
2099 2915 2279 2950 vicissim:
2301 2911 2429 2956 quaeri-

2495 2775 2498 2787 *
2492 2599 2508 2756 ;”·;.3Ἲ·,“’-’ὲ“
2498 2558 2502 2570 -
2497 2532 2500 2548 ⁷¹
2498 2496 2503 2515 ν

1382 2984 1448 3020 tur,
1478 2983 1593 3013 utrum
1623 2978 1657 3011 in
1685 2975 1857 3010 referenda
1890 2974 1996 3017 gratia
2032 2972 2178 3009 utilitas,
2206 2978 2250 3002 an
2279 2965 2429 3000 beneficii

1382 3045 1538 3069 mensura
1555 3031 1732 3076 spectanda
1750 3030 1804 3063 sit.
1825 3031 1919 3071 Saepe
1939 3027 2026 3061 enim
2045 3026 2104 3069 qui
2121 3023 2318 3066 acceperunt
2334 3021 2429 3054 bene⁴

1383 3089 1513 3129 ficium,
1532 3087 1611 3120 talia
1626 3094 1661 3118 se
1677 3095 1696 3117 a
1712 3081 1926 3125 largitoribus
1952 3080 2116 3123 accepisse
2141 3078 2252 3120 ajunt,
2284 3083 2428 3117 quorum
2458 3085 2459 3090 ¹

1384 3142 1514 3184 largitio
1537 3149 1639 3182 parva
1659 3138 1725 3171 illis
1743 3138 1850 3174 esset,
1877 3143 2020 3176 quaeque
2034 3133 2076 3165 ab
2095 3131 2169 3164 aliis
2189 3129 2276 3163 sumi
2299 3127 2428 3170 potuis-
2464 3139 2470 3171 ¹.

1383 3198 1476 3234 sent,
1505 3196 1606 3235 atque
1627 3202 1666 3225 eo
1689 3189 1787 3223 modo
1811 3188 1967 3222 beneficia
1996 3187 2204 3220 extenuant.
2225 3185 2340 3216 contra
2357 3181 2426 3213 lar-

1382 3248 1504 3289 gitores
1519 3245 1649 3279 dedisse
1672 3253 1707 3277 se
1726 3252 1767 3276 ex
1785 3241 1854 3274 suis
1872 3239 2033 3277 maxima,
2050 3241 2083 3270 et
2097 3246 2173 3280 quae
2190 3236 2232 3269 ab
2250 3235 2324 3268 aliis
2340 3231 2427 3266 sumi

1383 3310 1447 3332 non
1463 3298 1648 3341 potuissent
1666 3298 1699 3328 et
1722 3295 1755 3327 in
1774 3293 1931 3336 periculis
1955 3294 1989 3324 et
2006 3291 2040 3323 in
2057 3287 2311 3323 necessitatibus
2332 3284 2424 3328 peri-

950 3384 2425 3412 ῌ--θᾷ--ῲ--ῤ-

323 3463 340 3479 *
364 3463 542 3505 Δυναμένῳ
562 3463 600 3502 δὴ
619 3463 863 3496 ἀνταποδοτέον
889 3464 947 3502 τήν
967 3462 1056 3500 ἀξίαν
1071 3463 1140 3494 κτλ.
1159 3478 1201 3485 -
1219 3460 1518 3504 ”Quoto-&rimam
1538 3461 1572 3492 δὲ
1592 3460 1661 3501 ἔχει
1682 3458 1807 3499 πότερα
1824 3457 1875 3488 δεῖ
1893 3456 1961 3487 κτλ.

2478 3716 2481 3727 υ
2484 3611 2487 3626 Α.
2484 3574 2487 3575 ,
2479 3535 2486 3539 ι
2484 3490 2487 3492 ,

2488 3445 2508 3776 Μω·“’-4ηέ;κ;ιῆηι.ζῌ
2506 3394 2508 3412 ,Α
2504 3346 2508 3355 a
