2528 3788
328 267 409 307 218

330 370 402 398 νους
417 357 476 393 τοῦ
497 353 682 406 Πύρῤωνος
698 352 884 403 γενομένου
906 354 1094 406 γνωρίμου.
1119 355 1210 395 Τίνα
1233 358 1274 405 δὴ
1296 362 1354 394 ούν

326 412 386 451 καὶ
415 411 458 449 τὰ
490 411 573 463 πρὸς
603 411 705 452 αιἰτὸν
735 413 964 465 ἀντειρημένα
998 415 1186 467 τυγχάνει,
1225 417 1356 454 θεασώ-

327 472 428 520 μεθα.

379 528 591 585 (Eusebius
600 529 809 580 Praeparat.
823 532 957 582 Evang
991 532 1057 569 lib.
1072 532 1168 580 xw,
1186 547 1271 585 cap.
1291 546 1354 570 σο.

325 590 408 643 πρὸς
426 588 504 631 τοὺς
523 586 602 639 περὶ
624 587 859 640 Μητρόδωρον
883 590 943 627 καὶ
967 590 1206 642 Πρωταγόραν
1229 591 1353 641 μόναις

323 648 392 686 δεῖν
409 646 582 688 πιστεύειν
601 648 676 689 ταῖς
699 647 877 693 αἰσθήσεσι
902 647 1079 699 λέγοντας.
1104 648 1188 688 Ἀπὸ
1206 655 1266 689 τοῦ
1296 651 1354 687 αὖ·

324 707 423 758 τοῦ.)

377 779 405 805 σ.
429 763 575 810 Ἐπειδή
592 765 664 802 ἐστι
681 766 806 816 γνῶσις
825 764 937 812 διττή,
952 768 973 812 ἡ
996 765 1058 816 μὲν
1077 766 1145 804 τῶν
1163 764 1226 811 ἔξω
1241 781 1356 818 πραγ-

325 825 458 874 μάτων,
487 826 509 869 ἡ
537 822 571 861 δὲ
595 826 661 862 τῶν
691 826 772 873 ἡμῖν
795 827 940 876 αἱρετῶν
971 824 1031 863 καὶ
1070 828 1245 877 φευκτῶν,
1274 825 1356 864 ἔνιοί

323 898 408 935 φασι
438 885 498 928 τῆς
520 881 683 934 αἱρέσεως
715 882 774 921 καὶ
802 885 911 935 φυγῆς
947 883 1060 936 ἀρχὴν
1083 887 1143 922 καὶ
1178 883 1355 937 κριτήριον

324 941 417 992 ἔχε·ν
439 943 531 991 ἡμᾶς
545 970 555 987 ,
575 939 636 985 τὴν
664 942 789 988 ἡδονὴν
821 941 881 979 καὶ
907 941 964 979 τὸν
996 942 1115 981 πόνον.
1137 940 1222 982 Ἔτι
1243 942 1283 995 γέ
1303 959 1355 982 τοι

322 1000 381 1037 καὶ
403 1003 461 1038 νύν
490 1003 632 1037 τοιαῦτα
661 998 821 1051 λέγουσιν
855 1002 885 1038 οἳ
920 1000 999 1052 περὶ
1033 1000 1090 1038 τὸν
1125 1000 1350 1053 Ἐπίκουρον.

323 1058 539 1110 Ἄναγκαίως
559 1051 616 1097 οῧν
639 1058 711 1110 ἔχει
729 1059 788 1096 καὶ
807 1058 886 1109 περὶ
912 1059 1030 1097 τούτου
1051 1059 1260 1112 σκέψασθαι.
1282 1061 1351 1098 Το-

322 1118 444 1156 σούτου
476 1117 587 1155 τοίνυν
618 1116 726 1168 ἔγωγε
755 1116 820 1155 δέω
855 1117 988 1169 λέγειν,
1020 1118 1131 1170 ἀρχὴν
1168 1112 1257 1156 εἶναι
1291 1118 1353 1156 καὶ

321 1175 447 1214 κανόνα
475 1178 544 1214 τῶν
574 1178 711 1226 ἀγαθῶν
735 1175 794 1214 καὶ
814 1178 882 1214 τῶν
903 1179 1020 1215 κακῶν
1041 1177 1080 1214 τὸ
1112 1176 1240 1220 πάθος,
1262 1175 1353 1214 ὥστε

323 1250 381 1285 μοι
404 1236 497 1272 δοκεῖ
510 1234 611 1272 τοῦτό
630 1249 668 1284 γε
692 1235 776 1273 αὐτὸ
798 1235 974 1285 κριτηρίου
990 1235 1137 1273 δεῖσθαι.
1170 1234 1267 1273 Διότι
1292 1233 1353 1284 μὲν

320 1295 388 1346 γάρ
410 1295 523 1342 ἐστιν,
545 1293 646 1330 ἑαυτὸ
672 1293 855 1330 δείκνυσιν·
884 1296 999 1331 ,ὁποῖον
1033 1294 1062 1330 δ’
1097 1293 1189 1331 ἐστίν
1205 1322 1214 1338 ,
1238 1293 1352 1344 ἑτέρου

322 1353 375 1390 δεῖ
392 1355 452 1390 τοῦ
470 1350 658 1403 κρίνοντος.
683 1352 727 1389 Εἰ
745 1350 806 1400 μὲν
835 1351 903 1402 γὰρ
925 1352 1047 1389 οἰκεῖον
1068 1349 1090 1397 ἢ
1114 1349 1305 1402 ἀλλότριον,
1330 1354 1351 1397 ἡ

323 1412 483 1458 αἴσθησις
501 1411 604 1460 λέγει·
626 1410 770 1461 πότερον
801 1411 830 1447 δ’
859 1410 994 1462 αἱρετὸν
1017 1409 1038 1455 ἢ
1059 1407 1203 1462 φευκτόν
1217 1440 1226 1458 ,
1255 1412 1272 1447 ὃ
1292 1409 1351 1447 λόν

319 1484 390 1520 γος.
409 1467 517 1507 Αὐτοί
535 1466 574 1518 γε’
589 1466 642 1505 τοί
659 1482 761 1519 φασιν
777 1468 815 1504 οὐ
832 1473 949 1505 πᾶσαν
967 1466 1094 1514 ἡδονὴν
1117 1469 1347 1516 ἀσπάζεσθαι,

319 1527 378 1566 καὶ
398 1527 513 1566 πάντα
543 1526 646 1564 πόνον
670 1525 910 1577 ἐκτρέπεσθαι.
946 1527 1059 1564 Τοῦτο
1082 1525 1118 1563 δὲ
1149 1525 1352 1572 συμὸέὸηκε

319 1585 380 1624 καὶ
408 1585 506 1636 μάλα
533 1584 684 1627 εἰκότως.
712 1583 767 1622 Τὰ
795 1585 858 1634 μὲν
887 1585 953 1635 γὰρ
980 1583 1141 1636 κριτήρια
1163 1584 1223 1622 καὶ
1245 1584 1351 1622 ἑαυτὰ

323 1644 496 1692 δείκνυσι,
512 1643 635 1682 καὶτὰ
664 1643 860 1695 κρινόμενα·
881 1643 920 1681 τὸ
944 1642 1061 1694 μέντοι
1092 1643 1224 1692 πάθος,
1250 1644 1352 1682 ἑαυτὸ

321 1704 437 1754 μόνον.
465 1700 550 1741 εὈτι
576 1702 604 1740 δ’
627 1701 735 1746 οὕτως
750 1702 843 1754 ἔχει,
873 1705 1106 1754 μαρτυροῦσιν
1127 1701 1234 1741 αὐτοί.
1257 1703 1351 1741 Καί-

319 1778 382 1815 περ
410 1761 477 1813 γὰρ
507 1761 678 1805 ἀξιοῦντες
706 1759 847 1798 ἅπασαν
870 1761 996 1808 ἡδονὴν
1028 1761 1154 1811 ἀγαθὸν
1181 1754 1270 1798 εἶναι
1290 1761 1349 1798 καὶ

320 1821 441 1853 πᾶσαν
463 1813 636 1865 ἀλγηδόνα
657 1812 783 1859 κακόν,
804 1812 899 1863 ὅμως
916 1815 976 1851 οὐκ
1001 1813 1056 1851 ἀεί
1069 1828 1153 1864 φασι
1167 1814 1237 1851 δεῖν
1252 1844 1262 1862 ,
1286 1813 1349 1860 τὴν

320 1873 381 1923 μὲν
403 1875 597 1925 αἱρεῖσθαι,
618 1871 682 1918 τὴν
708 1871 741 1909 δὲ
763 1870 911 1924 φεύγειν·
943 1874 1145 1923 μετρεῖσθαι
1172 1871 1240 1922 γὰρ
1260 1871 1350 1909 αὐτὰ

319 2001 708 2044 siphanisquiPyrrhonis
724 2001 903 2042 discipulus
915 2001 1030 2040 suerat,
1051 2001 1232 2033 auditorem
1251 2001 1351 2032 fuisse
1381 2035 1386 2044 ι

1378 2047 1385 2070 ”
1411 2059 1568 2102 quosdam
1599 2061 1727 2093 labores
1759 2059 1889 2100 subire,
1919 2060 1959 2093 ut
1983 2059 2123 2100 majores
2149 2059 2225 2093 inde
2257 2059 2444 2102 voluptates

322 2060 424 2101 ajunt.
469 2062 560 2093 Nunc
579 2069 654 2101 ergo
671 2060 793 2101 quibus
810 2059 872 2093 iste
886 2068 1016 2101 quoque
1029 2059 1211 2092 rationibus
1234 2068 1350 2101 urgea-

321 2122 385 2159 tur,
407 2119 626 2152 attendamus.

360 2184 389 2212 6.
415 2179 572 2216 Quoniam
585 2203 592 2217 ‚
612 2178 719 2219 inquit
741 2177 796 2209 ille
807 2202 816 2217 ‚
834 2177 954 2218 duplex
968 2177 1159 2219 cognitionis
1175 2186 1276 2219 genus
1290 2179 1351 2216 cst,

319 2237 459 2269 alterum
477 2245 586 2268 rerum
606 2238 837 2276 externarum,
864 2235 1004 2268 alterum
1028 2244 1140 2268 earum
1163 2245 1237 2276 quae
1253 2244 1353 2277 expe·

319 2296 425 2328 tentiae
432 2295 527 2328 nobis
537 2304 574 2326 ae
585 2295 743 2337 fugiendae
752 2296 827 2327 sunt
839 2307 846 2326 z
866 2294 1008 2326 nonnulli
1022 2294 1189 2327 electionis
1201 2294 1353 2336 fugaeque

318 2354 510 2396 principium
519 2362 557 2386 ac
566 2362 712 2385 normam
729 2353 850 2387 hahere
869 2362 927 2384 nos
938 2354 1138 2394 voluptatem
1157 2355 1191 2386 et
1208 2353 1351 2386 laborem

318 2413 529 2446 arbitrantur.
545 2412 640 2450 Quod
659 2412 766 2453 ipsum
782 2412 930 2454 Epicurei
944 2411 1105 2453 hodieque
1118 2412 1242 2444 docent.
1260 2415 1351 2450 Quo-

319 2473 404 2503 circa
426 2481 554 2503 necesse
575 2472 636 2512 est,
655 2480 710 2503 nos
734 2479 865 2512 qnoque
883 2470 916 2502 in
933 2470 992 2502 hac
1020 2471 1199 2512 quaestione
1213 2471 1350 2504 versari.

319 2529 474 2571 Equidem
503 2531 631 2562 tantum
656 2529 766 2567 abest.
785 2532 820 2562 ut
838 2530 994 2561 boninum
1012 2529 1212 2561 malorumve
1232 2529 1352 2571 princi-

318 2589 407 2630 pium
415 2589 600 2630 acregulam
618 2588 865 2621 commotionem
884 2597 955 2621 esse
971 2588 1087 2629 dicam,
1098 2590 1136 2620 ut
1149 2588 1237 2621 illam
1246 2588 1352 2629 ipsam

318 2648 419 2680 altera
438 2646 577 2687 «iliadem
588 2647 700 2688 judicii
722 2647 834 2688 regula
850 2655 943 2687 egere
965 2646 1160 2679 existimem.
1177 2648 1250 2688 Ipsa
1266 2647 1351 2679 enim

319 2715 353 2738 se
369 2715 442 2738 esse
459 2705 620 2745 ostendit;
640 2705 695 2738 sed
723 2706 827 2746 qualis
849 2706 912 2746 sit,
934 2706 988 2748 qui
1007 2706 1131 2747 judicet
1145 2731 1152 2745 ,
1182 2706 1280 2738 alium
1299 2705 1352 2738 de-

319 2764 450 2796 siderat.
496 2764 622 2805 Quippe
639 2764 722 2796 sitne
739 2764 793 2797 ilia
816 2765 1011 2803 domestica,
1032 2774 1071 2796 an
1091 2765 1211 2804 aliena,
1234 2773 1353 2797 sensus

317 2822 480 2862 deelarat3
497 2823 607 2855 utrum
630 2823 806 2864 expetenda
820 2850 827 2863 ‚
850 2833 890 2856 an
918 2823 1067 2865 fugienda
1085 2849 1092 2862 ‚
1118 2823 1200 2856 ratio
1223 2824 1351 2856 statuit.

318 2881 401 2913 Sane
422 2880 552 2921 quidem
581 2879 636 2912 isti
661 2889 720 2912 nec
738 2889 867 2913 omnem
899 2890 934 2913 se
951 2881 1101 2922 amplecti
1128 2882 1327 2923 voluptatem
1341 2907 1348 2921 ‚

318 2948 377 2972 nec
395 2948 522 2971 omnem
543 2938 686 2971 laborem
705 2939 814 2979 fugere
834 2939 995 2972 dictitant.
1039 2942 1110 2972 Hoc
1127 2942 1236 2973 autem
1252 2940 1352 2972 etiam

318 2998 440 3040 optimo
465 2997 538 3038 jure
566 2997 634 3030 fieri
671 2997 764 3030 solet.
809 2998 982 3031 ⁸iudicandi
1014 2999 1099 3031 enim
1137 3000 1352 3031 instrumenta

319 3067 392 3090 cum
420 3056 491 3098 ipsa
522 3066 557 3089 se
578 3055 772 3095 ostendunt,
804 3058 873 3089 tum
899 3066 936 3090 ea
964 3058 1004 3090 de
1024 3058 1143 3098 quibus
1170 3057 1352 3099 judicatur,

318 3115 468 3157 aperiunt
487 3126 495 3146 ι
516 3113 690 3147 commotio
715 3123 750 3146 se
778 3115 877 3146 solam
899 3115 1030 3148 indicat.
1077 3117 1127 3148 Ita
1153 3117 1263 3148 autem
1281 3124 1351 3148 rem

318 3183 354 3207 se
369 3173 506 3214 habere,
526 3174 578 3205 vel
598 3173 651 3206 isti
673 3173 899 3206 testificantur.
944 3175 1025 3205 Nam
1061 3176 1098 3206 ut
1126 3183 1258 3207 omnem
1288 3183 1351 3206 vo-

282 3241 294 3247 ·
317 3230 476 3273 luptatem
492 3230 632 3268 bonurn,
649 3230 792 3263 dolorem
817 3240 945 3264 omnem
974 3232 1095 3264 malum
1125 3241 1196 3265 esse
1220 3232 1322 3265 velint
1341 3257 1348 3272 ‚

319 3289 454 3322 alteram
467 3291 576 3322 tamen
596 3298 722 3331 semper
741 3290 953 3331 expetendam
969 3315 975 3331 ‚
1009 3288 1197 3332 fugiendum
1224 3300 1352 3333 semper

319 3350 458 3383 alterum
476 3357 547 3382 esse
562 3350 697 3390 negant,
716 3348 778 3381 rati
791 3351 966 3391 utrumque
982 3374 990 3388 ‚
1011 3349 1039 3380 si
1054 3350 1160 3382 minus
1180 3350 1348 3392 qualitate,

319 3409 354 3441 at
371 3407 554 3450 ‹piantitate
578 3406 778 3440 metiendum
795 3416 876 3439 esse.
923 3406 1026 3448 Hujus
1054 3416 1132 3440 vero
1159 3408 1350 3449 quantitatis

316 3465 462 3512 iudicem
482 3465 563 3502 nihil
580 3465 664 3500 aliud
690 3474 789 3511 quam
810 3466 969 3500 rationem
990 3474 1063 3499 esse
1081 3466 1219 3500 constat.
1270 3468 1348 3499 Hac

1057 267 1348 308 ARISTOCLIS
1379 267 1732 308 PERIPATETICI

1415 372 1464 408 τῳ
1485 371 1603 408 ποσῳ,
1635 365 1665 394 εί
1693 364 1752 394 καὶ
1780 359 1817 395 ού
1852 356 1901 407 τῷ
1924 357 2026 407 ποιῷ.
2054 356 2168 404 Δῆλον
2197 351 2255 395 οὖν
2284 355 2384 400 ὡςτό
2402 370 2442 408 γι

1415 415 1520 454 ποσόν
1534 445 1545 465 ,
1567 414 1663 453 οῦδὲν
1684 414 1756 453 ἀλλ’
1775 413 1797 460 ἢ
1814 416 1832 452 ὁ
1849 413 1948 464 λόγος
1972 413 2090 466 κρίνει.
2112 415 2164 454 Τὸ
2183 414 2277 468 γάρ,
2297 415 2440 465 ἄμεινόν

1416 475 1507 512 ἐστιν
1533 476 1716 524 ὑπομεῖναι
1749 473 1870 510 τούσδε
1889 471 1985 515 τινὰς
2015 470 2092 518 τοὶς
2113 472 2260 521 πόνους,
2287 472 2379 516 ὅπως
2398 476 2444 522 ἡ·

1417 531 1577 582 σθείημεν
1596 532 1719 578 ἡδονὰς
1740 531 1884 581 μείζους·
1910 530 1970 568 καὶ
1989 529 2051 577 τό,
2080 530 2246 583 συμφέρει
2263 532 2370 570 τῶνδε
2391 547 2442 571 τι·

1417 593 1481 629 νῶν
1502 591 1691 643 ἀπέχεσθαι
1707 593 1773 628 τῶν
1794 592 1940 639 ἡδονῶν,
1961 587 2018 627 ἵνα
2041 588 2089 639 μὴ
2110 590 2270 641 ἀλγῶμεν
2293 589 2443 641 ἀλγηδό-

1416 665 1476 693 νας
1494 650 1762 702 χαλεπωτέρας,
1798 649 1856 687 καὶ
1888 648 2004 687 πάντα
2025 648 2070 687 τὰ
2096 651 2260 699 τοιαῦτα,
2292 648 2391 700 λόγος
2421 651 2440 688 ὁ

1416 708 1540 759 κρίνων
1568 707 1676 746 ἐστίν.
1711 707 1764 746 Τὸ
1784 708 1813 745 δ’
1834 706 1935 756 ὅλον,
1958 707 1993 744 αἱ
2023 706 2086 757 μὲν
2112 705 2290 753 αἰσθήσεις
2318 706 2379 745 καὶ
2408 708 2445 745 αἱ

1417 765 1840 818 φαντασίαι,«καθαπερεὶ
1871 764 2049 818 κάτοπτρα
2070 765 2130 804 καὶ
2152 764 2280 809 εἰκόνες
2307 764 2442 805 ἐοίκασι

1415 827 1484 862 τῶν
1500 825 1717 876 πραγμάτων
1741 819 1845 864 εἶναι·
1866 823 1910 863 τὰ
1939 824 2055 874 μέντοι
2082 823 2174 871 πάθη
2189 854 2201 875 ,
2218 823 2278 863 καὶ
2297 826 2334 863 αἱ
2356 825 2446 872 ἡδο-

1416 882 1474 921 ναί
1491 912 1501 934 ,
1521 884 1580 921 καὶ
1600 885 1632 923 οἱ
1659 884 1780 931 πόνοι,
1799 883 1924 933 τροπαὶ
1945 883 2003 921 καὶ
2035 883 2237 928 ἀλλοιώσεις
2264 885 2365 931 ἡμῶν
2381 885 2443 923 αὖ·

1414 944 1496 981 τῶν.
1515 942 1636 989 Ταύτη
1652 942 1713 992 δέ,
1743 941 1984 992 αἰσθανόμενοι
2015 941 2076 992 μὲν
2096 942 2155 981 καὶ
2183 941 2443 996 φαντασιούμε-

1414 1014 1465 1036 νοι
1481 1028 1491 1048 ,
1510 1000 1592 1051 πρὸς
1611 1001 1654 1038 τὰ
1681 1000 1745 1045 ἔξω
1767 1000 1951 1053 βλέπομεν·
1971 1000 2133 1052 ἡδόμενοι
2151 1002 2187 1041 δὲ
2215 1001 2275 1040 καὶ
2298 1003 2442 1051 ἀλγοῦν-

1415 1074 1469 1101 τες
1503 1058 1755 1111 ἐπιστρέφομεν
1790 1059 1846 1098 ἐπὶ
1868 1059 1989 1109 μόνους
2009 1059 2162 1103 ἑαυτούς.
2194 1059 2268 1103 Τὰς
2287 1059 2350 1111 μὲν
2376 1059 2443 1114 γὰρ

1415 1117 1589 1164 αἰσθήσεις
1611 1119 1708 1167 ἡμῶν
1726 1116 1771 1156 τὰ
1793 1116 1856 1162 ἔξω
1877 1123 1980 1156 ποιεῖ·
2004 1118 2064 1156 καὶ
2085 1119 2187 1156 ὁποῖα
2209 1112 2289 1170 ἃνῇ
2310 1120 2439 1165 ἰκεῖνα,

1413 1174 1574 1219 τοιαύτας
1608 1175 1925 1228 ἀπεργάζεταικαὶ
1957 1176 2018 1219 τὰς
2052 1175 2258 1227 φαντασίας.
2320 1175 2378 1215 Τὰ
2406 1175 2442 1214 δὲ

1414 1233 1508 1279 πάθη
1522 1239 1539 1256 ⁸
1557 1233 1641 1271 ποιὰ
1657 1233 1744 1271 ἄττα
1764 1233 1897 1283 γίνεται
1917 1235 1960 1271 δι’
1986 1233 2178 1281 ἡμᾶς,“καῖ
2200 1235 2246 1277 ὥς
2273 1232 2314 1271 ἂν
2342 1236 2444 1283 ἡμεῖς

1413 1289 1565 1342 ἔχωμεν.
1588 1290 1649 1329 Διὸ
1674 1295 1784 1329 ταῦτα
1802 1292 1820 1314 ¹³
1841 1289 1922 1329 ποτὲ
1954 1290 2015 1341 μὲν
2042 1289 2151 1338 ἡδέα,
2185 1288 2270 1329 ποτὲ
2291 1290 2322 1329 δ’
2350 1291 2442 1342 ἀηδῆ

1413 1347 1591 1399 φαίνεται,
1607 1347 1666 1386 καὶ
1693 1348 1760 1387 ἔσθ’
1785 1348 1840 1386 ὅτε
1859 1347 1920 1398 μὲν
1941 1350 2086 1398 μᾶλλον,
2106 1347 2182 1387 ἔσθ’
2197 1347 2252 1386 ὅτε
2271 1347 2308 1386 δὲ
2329 1342 2444 1395 ἧττον.

1412 1400 1478 1445 Ὧν
1501 1405 1606 1449 οὕτως
1628 1406 1775 1451 ἐγόντων
1796 1406 1984 1459 εὑρήσομεν
1999 1436 2009 1456 ,
2028 1409 2058 1444 εἰ
2079 1407 2249 1457 ἐθέλοιμεν
2277 1411 2418 1445 σκοπεῖν
2433 1436 2443 1454 ,

1417 1463 1542 1516 ἄριστα
1558 1463 1618 1508 τὰς
1633 1466 1693 1510 τῆς
1708 1465 1865 1514 γνώσεως
1886 1464 1994 1517 ἀρχὰς
2013 1464 2297 1513 ὑποτιθεμένους,
2320 1463 2440 1503 ὁπόσοι

1413 1521 1473 1558 καὶ
1500 1521 1562 1565 τὰς
1596 1521 1771 1568 αἰσθήσεις
1801 1522 1859 1559 καὶ
1896 1522 1953 1560 τὸν
1987 1525 2065 1560 νοῦν
2087 1520 2438 1574 παραλαμὸάνουσιν.

1411 1579 1532 1619 Ἔοικε
1553 1580 1583 1618 δ’
1612 1583 1633 1627 ἡ
1669 1579 1729 1630 μὲν
1765 1581 1921 1628 αἴσθησις
1943 1582 2019 1624 ταῖς
2049 1580 2174 1633 ἄρκυσι
2201 1581 2260 1620 καὶ
2287 1585 2358 1626 τοῖς
2389 1583 2441 1620 δι·

1413 1639 1546 1686 κτύοις,
1568 1639 1628 1678 καὶ
1646 1647 1714 1683 τοῖς
1735 1639 1849 1684 ἄλλοις
1876 1645 1946 1681 τοῖς
1965 1639 2130 1683 τοιούτοις
2149 1641 2341 1692 θηράτροις·
2371 1643 2390 1680 ὃ
2406 1640 2441 1679 δὲ

1413 1701 1488 1741 νοῦς
1510 1698 1569 1736 καὶ
1589 1700 1607 1736 ὁ
1628 1698 1724 1749 λόγος
1750 1701 1819 1743 τοῖς
1838 1699 1918 1737 κυσὶ
1935 1703 2005 1743 τοῖς
2025 1698 2222 1737 στιῧεύουσι
2242 1698 2301 1738 καὶ
2331 1714 2442 1750 μετα-

1416 1755 1563 1795 θέουσιν.
1607 1758 1726 1795 Αὐτῶν
1760 1756 1822 1807 μὲν
1849 1756 2035 1804 τοιούτων,
2070 1758 2208 1807 ἄμεινον
2242 1758 2440 1810 φιλοσοφεῖν

1414 1813 1546 1853 οἴεσθαι
1562 1814 1655 1867 χρή,
1677 1814 1756 1858 τοὺς
1786 1814 1875 1865 μήτε
1895 1821 1971 1859 ταῖς
2003 1814 2202 1862 αἰσθήσεσιν
2215 1843 2225 1863 ,
2247 1817 2294 1859 ὡς
2313 1814 2439 1868 ἔτυχε,

1412 1872 1629 1924 χρωμένους,
1658 1873 1746 1923 μήτε
1768 1872 1811 1912 τὰ
1829 1874 1923 1920 πάθη
1937 1873 2283 1925 παραλαμὸάνοντας
2299 1874 2357 1912 ἐπὶ
2378 1873 2442 1920 τὴν

1412 2001 1522 2042 enim,
1551 2011 1626 2042 quae
1650 2003 1690 2033 ab
1718 2002 1781 2035 illis
1809 2002 1906 2042 vulgo
1933 2003 2109 2044 jactantur,
2150 2004 2305 2043 praestare
2337 2002 2445 2035 certos

1412 2117 1598 2158 capiamus,
1629 2119 1662 2149 et
1682 2118 1845 2150 certarum
1874 2118 2082 2160 quarundam
2105 2118 2311 2161 voluptatum
2335 2117 2441 2152 absti-

1411 2176 1553 2209 nentiam
1568 2177 1722 2218 prodesse
1737 2201 1746 2217 ‚
1765 2186 1805 2209 ue
1821 2177 2002 2210 acrioribus
2017 2178 2132 2219 postea
2144 2176 2309 2210 doloribus
2326 2184 2442 2219 urgea-

1411 2245 1498 2275 mur,
1523 2238 1709 2276 caeteraque
1733 2235 1764 2268 id
1786 2244 1887 2277 genus
1903 2236 2012 2268 omnia
2038 2225 2174 2269 rationis
2202 2235 2298 2268 unius
2319 2234 2443 2276 judicio

1412 2294 1641 2327 decernuntur.
1685 2294 1822 2326 Omnino
1838 2303 1952 2328 sensus
1972 2295 2005 2327 et
2018 2295 2089 2327 visa
2107 2294 2258 2336 quaedam
2273 2293 2366 2335 quasi
2383 2302 2436 2327 re-

1412 2362 1486 2385 rum
1508 2353 1640 2395 specula
1656 2355 1691 2385 et
1707 2353 1862 2394 imagines
1875 2353 2027 2385 videntur
2044 2362 2053 2383 ε
2070 2352 2303 2385 commotiones
2317 2352 2438 2387 autem,

1411 2410 1598 2451 voluptates
1614 2411 1646 2442 et
1664 2410 1791 2442 labores
1818 2411 1967 2443 nostrum
1996 2411 2141 2452 ipsorum
2166 2410 2393 2442 conversiones
2411 2410 2443 2441 et

1411 2467 1617 2500 imitationes.
1662 2469 1777 2508 ltaque
1797 2467 1876 2499 (turn
1903 2468 2060 2500 sentimus
2079 2465 2200 2508 aliquid
2215 2467 2272 2499 aut
2285 2465 2441 2507 imagina-

1410 2537 1495 2567 mur,
1503 2536 1556 2560 res
1566 2529 1714 2560 externas
1726 2526 1935 2569 respicimus;
1947 2535 2047 2567 quum
2057 2526 2207 2559 laetamur
2214 2525 2436 2565 autctotemus,

1411 2586 1453 2619 ad
1465 2587 1628 2628 nosipsos
1646 2587 1775 2618 tantum
1798 2586 2029 2618 convertimur.
2043 2587 2108 2618 Res
2131 2584 2215 2617 enim
2239 2583 2442 2616 extrinsecus

1410 2646 1554 2685 acceptae
1576 2652 1690 2676 sensus
1723 2644 1851 2676 nostros
1874 2644 2026 2683 movent3
2041 2644 2074 2675 et
2086 2642 2198 2683 quales
2214 2641 2332 2674 fuerint
2353 2640 2440 2682 illae,

1410 2701 1486 2734 talia
1500 2700 1597 2734 etiam
1613 2701 1683 2734 visa
1695 2702 1804 2733 nostra
1814 2700 1966 2733 efficiunt.
1984 2700 2027 2732 At
2044 2708 2123 2732 vero
2133 2699 2211 2731 certi
2224 2698 2357 2740 quidam
2373 2699 2443 2731 ani-

1410 2759 1684 2802 morumirnpetus
1696 2761 1805 2792 nostra
1813 2759 1907 2800 culpa
1918 2759 1951 2791 et
1963 2758 2131 2791 affectione
2138 2756 2359 2798 impelluntur.
2369 2758 2442 2794 Quo

1412 2819 1473 2858 fit,
1490 2819 1530 2851 ut
1559 2818 1791 2851 commotiones
1816 2817 1912 2849 modo
1931 2815 2082 2858 jucundae
2097 2840 2106 2855 ,
2121 2815 2218 2847 modo
2239 2814 2440 2856 injucundus,

1412 2878 1446 2910 et
1473 2876 1607 2918 quidem
1638 2885 1726 2908 nune
1756 2875 1877 2916 magis,
1902 2883 1987 2906 nunc
2011 2873 2117 2907 minus
2137 2873 2319 2906 videantur.
2357 2874 2441 2910 Quae

1410 2947 1509 2979 quum
1532 2938 1578 2970 ita
1597 2937 1685 2977 sint,
1710 2936 1738 2969 si
1765 2935 1937 2977 ‚diligenter
1963 2943 2033 2967 rem
2053 2933 2252 2976 perpendere
2277 2933 2436 2972 velimuS,

1411 3005 1467 3029 eos
1487 2996 1610 3038 optime
1629 2994 1820 3037 cognitionis
1851 2993 2007 3036 principia
2038 2993 2181 3026 statuere
2210 2992 2413 3034 reperiemus
2430 3015 2438 3031 ,

1410 3055 1467 3096 qui
1485 3054 1580 3087 simul
1604 3053 1721 3087 mentis
1736 3062 1775 3085 ac
1794 3060 1946 3085 sensuum
1961 3051 2026 3083 vim
2045 3053 2227 3083 assumunt.
2271 3050 2312 3083 Et
2325 3058 2440 3083 sensus

1410 3114 1542 3155 quidem
1556 3113 1659 3155 plagis
1678 3121 1716 3145 ac
1745 3111 1867 3144 retibus
1892 3110 2084 3151 caeterisque
2104 3108 2292 3151 hujusmodi
2313 3107 2440 3141 instru-

1411 3173 1530 3206 mentis
1550 3171 1726 3206 venatoriis
1738 3184 1747 3211 3
1761 3179 1855 3203 mens
1869 3171 1979 3203 autem
2001 3171 2036 3202 et
2051 3169 2132 3202 ratio
2149 3168 2284 3201 canibus
2299 3167 2441 3209 vestiga-

1411 3232 1536 3265 toribus
1563 3233 1597 3264 et
1625 3230 1870 3272 insequentibus
1887 3229 2010 3261 similes
2043 3228 2132 3261 sunt.
2179 3228 2252 3264 Quo
2276 3226 2310 3258 in
2324 3233 2440 3267 genere

1410 3290 1662 3324 existimandum
1681 3290 1732 3322 est
1750 3298 1804 3321 eos
1823 3287 1938 3320 melius
1968 3285 2207 3329 philosophari,
2236 3284 2290 3326 qui
2307 3292 2368 3316 nec
2386 3284 2439 3317 te-
2474 3277 2478 3280 ’

1410 3359 1497 3383 inere
1517 3349 1666 3382 sensibus
1682 3347 1875 3387 abutantur,
1906 3355 1965 3379 nec
1990 3346 2033 3378 ad
2049 3354 2166 3378 verum
2195 3341 2439 3384 dijudicandum

1409 3408 1666 3450 perturbationes
1695 3405 1877 3438 adhibeant.
1934 3404 2107 3436 Enimvero
2141 3402 2308 3443 indignum
2339 3401 2440 3434 fuerit

1410 3466 1596 3500 hominibus
1611 3490 1619 3506 ,
1638 3463 1807 3507 repudiata
1821 3463 1928 3496 mente
1947 3461 2060 3495 divina
2075 3469 2185 3494 rerum
2203 3459 2438 3502 disceptatum,
2482 3495 2484 3497 ,
