2508 3776
102 289 269 363 ᾗ*
275 299 364 341 ἀπὸ.
371 299 440 353 γὰρ
458 303 521 349 τῆς
539 315 689 355 φυσικης
707 301 868 354 γνώσεως
899 307 960 343 τοῦ
990 307 1049 343 νοῦ
1078 306 1190 343 ταῦτα

83 366 143 414 ἐς
147 404 154 407 ἡ
259 361 483 413 δρμῶνται,
516 360 575 399 καὶ
597 361 679 414 περὶ
705 361 750 399 τὰ
772 361 864 402 αὐτά
894 363 963 401 εἶσι
978 364 1030 416 τῷ
1049 365 1098 416 νῷ
1112 391 1124 411 ,
1148 360 1192 401 τὰ

76 409 195 474 ’ὝὛ
211 414 289 459 *fi-
284 433 369 460 στα
398 419 570 468 δηλονότι
602 420 717 474 Σοφία
739 420 776 460 δὲ
799 421 961 460 οὐκέτιῦ·
997 423 1098 477 φύσει
1123 423 1193 478 γὰρ

34 521 40 523 ξ
89 471 230 535 ..ἑῇ-ζ’
245 478 375 523 οὖδείς
396 480 512 528 ἐστιν,
536 481 590 518 ὅτι
611 481 769 532 μεθόδων
791 482 896 534 χρεία
925 482 986 520 καὶ
1008 483 1192 533 μαθήσεως

228 536 280 579 τὸ
294 536 457 592 γενέσθαι
476 539 595 593 σοφόν,
609 541 671 580 καὶ
687 541 751 589 τὴν
767 540 831 593 μὲν
849 540 1032 596 φρόνησιν,
1052 542 1114 582 καὶ
1129 543 1194 591 τὴν

212 611 306 647 ην,
325 598 387 638 καὶ
409 598 469 638 τὸν
485 603 586 648 νοῦν,
620 599 681 640 καὶ
708 601 772 648 τὴν
796 600 934 640 σύνεσιν
955 601 1101 653 οἰόμεθα
1118 604 1194 648 ταῖς

105 642 205 690 Ἰ)
225 655 295 704 ίαις
309 659 526 698 ἀκολουθεῖν·
548 658 664 712 φαμὲν
677 658 746 712 γὰρ
756 659 860 706 τήνδε
874 659 938 707 τὴν
955 661 1098 708 ἡλικίαν
1113 666 1194 703 νοῦν

93 720 114 750 J
180 730 253 767 σιν,
271 717 333 758 καὶ
351 718 512 771 γνώμην,
532 718 592 758 καὶ
613 718 804 772 φρόνησιν,
823 721 871 764 ὡς
893 735 953 767 της
973 722 1110 774 φύσεως
1139 723 1194 760 αἰ-

93 772 219 822 *πίας
233 775 355 828 οὔσης·
370 778 497 833 σοφίαν
514 778 550 818 δὲ
568 779 608 818 οὔ
621 779 706 832 τῇδε
725 782 770 832 τῇ
790 778 916 833 ἡλικία
931 809 942 828 ,
964 780 986 829 ἢ
1002 782 1087 834 τῇδε
1107 782 1196 821 ἀπο-

88 835 291 889 δίδομεν*
321 837 398 879 καὶ
407 836 476 891 νέῳ
503 836 573 891 γὰρ
609 837 753 877 δυνατὸν
790 838 957 890 γενέσθαι
981 839 1113 893 σοφόν,
1135 840 1196 881 καὶ

87 892 332 955 μειρακίῳ
356 896 420 937 καὶ
444 897 484 941 οὗ
514 896 696 951 πρεσὸύτῃ
727 897 854 948 μόνον,
875 898 1075 951 καθάπερ’
1059 915 1118 938 επι
1135 916 1197 946 της

66 975 70 980 -
90 1006 100 1014 ³
108 995 140 1013 ,Γ
231 968 339 1005 §me
369 954 448 1010 ἔχει
474 955 536 996 καὶ
563 959 633 996 τῶν
653 956 785 998 ἄλλων.
808 957 857 998 Ἥ
879 957 948 1011 γὰρ
969 961 1107 1012 πεῖραιο
1126 976 1196 998 των

93 994 200 1062 ’ἑξ-,Ι
297 1014 385 1070 ὅρων
403 1016 518 1066 ἐστίν,
536 1009 579 1065 ἥς
590 1017 700 1071 χωρὶς
719 1018 757 1057 οὗ
786 1017 929 1057 δυνατὸν
951 1017 1120 1071 φρόνιμον
1138 1034 1198 1069 γε-

229 1101 231 1105 ’
269 1106 283 1126 ,
300 1077 362 1117 καὶ
381 1081 460 1117 νοῦν
477 1075 538 1118 καὶ
558 1076 696 1116 συνεσιν
718 1076 811 1130 ἔχειν
828 1077 887 1116 καὶ
892 1077 1066 1149 γνώμην.

114 1150 118 1151 ’
139 1159 157 1165 -ν
157 1134 423 1188 *Νοῦνλίγω
439 1136 499 1176 τὸν
515 1135 722 1189 πρακτικόν·
733 1139 758 1176 ὁ
772 1135 840 1190 γὰρ
853 1139 944 1184 νοῦς,
961 1136 1076 1181 καθὼς
1094 1135 1198 1190 εἴρη-

93 1171 224 1254 ἔται,
242 1195 307 1236 καὶ
324 1195 532 1251 θεωρητικός
551 1197 628 1236 ἐστι
657 1196 719 1235 καὶ
750 1195 961 1251 πρακτικός,
987 1195 1049 1236 καὶ
1079 1196 1197 1251 ἀρχή,

86 1238 326 1350 1,’ἷ“·καὶ·εε’λος
354 1256 447 1311 ἀρχὴ
470 1255 558 1307 μέν,
576 1257 655 1296 καθ’
682 1255 763 1296 ὅσον
798 1259 868 1296 τῶν
891 1256 1042 1309 πρώτων
1075 1258 1194 1310 ἀρχῶν

95 1308 214 1369 {hm
232 1315 362 1368 γνῶσις
381 1314 444 1355 καὶ,
472 1309 682 1368 θεωρὴτικος
711 1314 868 1368 λέγεται·
899 1315 993 1368 ἀρχὴ
1013 1315 1082 1369 γάρ
1101 1317 1196 1356 ἔστιν

82 1334 359 1422 ᾼΫᾙᾷποδιίξιοκ·
376 1373 474 1418 τέλος
498 1372 558 1421 δέ,
581 1373 660 1414 καθ’
679 1372 759 1414 ὅσον
779 1373 905 1427 γνῶσίς
926 1376 1002 1414 ἐστι
1027 1377 1096 1414 τῶν
1117 1374 1198 1416 καθ’

78 1444 99 1490 fs·
104 1430 272 1477 ’.ἥκιστα
289 1433 351 1474 καὶ
372 1434 408 1473 ἐν
430 1433 616 1485 αἰσθήσει,
635 1434 698 1474 καὶ
719 1435 911 1488 πρακτικὸς
937 1433 1093 1487 λέγεται·
1115 1435 1198 1490 περὶ

81 1499 103 1529 '1
137 1491 272 1534 τούτων
300 1491 371 1546 γὰρ
397 1493 436 1532 αἱ
457 1491 673 1542 ἀποδείξεις,
709 1493 771 1533 καὶ
799 1494 912 1533 ταῦτά
939 1495 1006 1533 εἰσι
1039 1494 1087 1534 τὰ
1110 1494 1197 1535 ἀπό·

139 1550 303 1602 δεικτσρι
317 1551 380 1598 καὶ
400 1553 449 1597 εἰς
467 1557 578 1592 ταῦτα
596 1553 798 1593 τελευταῖον
817 1555 837 1592 δ
859 1553 1064 1599 ἀποδεικνὺς
1094 1553 1197 1608 ἔρχε-

87 1615 109 1645 Γ
134 1622 202 1660 ,ται
217 1609 290 1653 inb
303 1612 374 1652 τῶν
388 1613 468 1651 καθ’
497 1611 582 1651 ὅλου
602 1611 843 1653 καταὸαίνων.

107 1695 167 1727 52.
190 1669 236 1694 η
258 1662 375 1716 Οὗτος
392 1669 430 1710 δὲ
448 1673 559 1716 ὁνοῦς
588 1672 658 1710 ἀπὸ
675 1670 862 1724 ἐμπειρίας
881 1670 1146 1744 περιγινόμενος
1162 1672 1198 1710 ἐν

77 1731 213 1786 m
229 1725 482 1785 πρεσὸυτέροις
502 1730 718 1784 εὑρίσκεται·
742 1731 801 1770 διὰ
820 1733 924 1770 τοῦτο
943 1731 996 1771 δεῖ
1012 1730 1198 1771 πιστεύειν

99 1787 217 1837 ’πἰἲς
244 1790 316 1835 ὧν
350 1789 549 1844 ἕμπείρων,
569 1791 632 1830 καὶ
656 1790 927 1844 πρεσὸυτέρων,
958 1789 982 1839 ἢ
1015 1791 1195 1845 φρονίμων

97 1848 491 1899 ωιάνεποδιίκτοις
503 1850 633 1904 φάσεσι
660 1849 723 1891 καὶ
745 1850 859 1896 δόξαις
872 1880 884 1899 ,
916 1866 955 1890 ου
958 1867 984 1904 A
1000 1845 1108 1900 ἧττον
1127 1852 1198 1890 τῶν

86 1907 360 1956 Μίδεω
380 1909 439 1950 διὰ
466 1909 536 1964 γὰρ
565 1910 647 1950 ἰδ’
629 1926 723 1964 εχειν
744 1913 785 1951 ἐκ
804 1914 868 1959 τῆς
887 1911 1072 1965 ἐμπειρίας
1094 1910 1197 1963 ὄμμα

82 1969 132 2016 ³21³:
158 2019 161 2023 Ἰ
267 1967 332 2015 τὰς
348 1969 463 2024 ἀρχὰς
481 1971 552 2009 τῶν
567 1969 742 2023 πράξεων,
758 1969 804 2009 τὰ
823 1970 901 2009 καθ’
919 1969 1054 2010 ἕκαστα
1071 1970 1194 2018 δηλον-

318 2027 378 2068 τοί·
412 2029 457 2068 δι’
486 2022 536 2068 ὧν
565 2028 611 2068 τὰ
636 2028 861 2083 συμφέροντα
889 2029 1103 2082 γινώσκουσι
1132 2030 1195 2070 καὶ

86 2055 372 2128 ῦὴοτίθενταν
392 2086 454 2126 καὶ
471 2087 607 2132 ἑαυτοῖς
626 2087 688 2126 καὶ
707 2093 779 2132 τοῖς
799 2087 918 2132 ἄλλοις
932 2088 1140 2142 ἀνθρώποις.

96 2144 102 2151 ⁴
183 2144 394 2201 (Scripsi.
381 2151 423 2171 ⁸¹
435 2147 568 2200 τινων]
587 2148 672 2187 cod.
687 2147 803 2189 τίνων.
817 2169 872 2179 -
887 2150 905 2174 ¹²
920 2147 1060 2201 οὐκέτι]
1075 2148 1198 2199 vulgo

96 2202 202 2245 ·οὓὴ
219 2204 285 2245 ἔτι.
311 2212 394 2237 —⁶
416 2206 550 2262 πεῖρα]
586 2206 675 2249 cod.
707 2205 827 2262 πείρα.
855 2228 912 2239 —
925 2206 945 2232 ¹¹
978 2207 1197 2260 ἀπόδεικτα]

94 2261 230 2338 esd.
253 2265 464 2309 mama.
487 2266 562 2320 -)

590 2553 741 2596 βελτίων.

12 2636 15 2639 ⁴
81 2655 89 2667 ”
143 2675 148 2682 ..
192 2650 258 2682 ¹¹⁴*
274 2651 325 2695 Τί
345 2650 410 2704 μὶν
435 2645 494 2693 ουν
515 2653 610 2693 ἐστιν
630 2656 653 2702 ἡ
673 2652 840 2707 φρόνησις
861 2652 922 2692 καὶ
940 2655 962 2701 ἡ
984 2652 1112 2707 σοφία,
1135 2652 1195 2692 καὶ

81 2706 221 2770 ’,Ϊζιὶέὴρὶ
238 2710 321 2752 τίνα
339 2710 434 2752 ἐστὶν
451 2716 467 2736 ⁸
486 2713 660 2767 ἑκατέρα,
694 2712 756 2752 καὶ
777 2710 832 2752 ὅτι
851 2712 960 2752 ἄλλου
990 2729 1052 2760 της
1081 2715 1198 2767 ψυχῆς

69 2763 262 2839 &lou
282 2771 377 2812 ἐστὶν
397 2772 575 2826 ἑκατέρα,
600 2772 751 2826 εἴρηται.

180 2828 282 2855 *⁴²⁴*
293 2830 532 2886 Διαπορήσειε
547 2832 577 2871 δ’
599 2831 641 2872 ἄν
659 2849 711 2877 τις
726 2831 807 2886 περὶ
827 2833 959 2881 αὐτῶν,
975 2832 1011 2872 τί
1026 2831 1199 2887 χρήσιμοί

92 2884 231 2949 {kt
248 2889 311 2930 καὶ
324 2891 412 2944 πρὸς
432 2891 466 2930 τί
486 2891 692 2930 συντελοῦσι
716 2894 788 2936 τοῖς
808 2891 1019 2946 ἀνθρώποις.

95 2935 178 3018 54¹1„
193 2949 307 2974 nu*
326 2949 375 2991 ‘H
402 2949 466 3004 μὲν
485 2950 555 3006 γὰρ
573 2950 678 3005 σοφία
705 2950 802 2991 ουδὲν
823 2956 945 3006 θεωρεῖ
965 2951 1000 2998 ἐξ
1018 2946 1067 2992 ὧν
1101 2953 1195 2992 ἔστιν

79 3010 316 3064 ρδαίμων
335 3013 355 3050 ὃ
374 3010 568 3065 ἄνθρωπος·
589 3013 612 3059 ἡ
631 3011 695 3062 μὲν
714 3011 784 3065 γὰρ
812 3010 1015 3062 εὐδαιμονία
1034 3011 1115 3064 περὶ
1133 3011 1199 3059 τὴν

103 3069 265 3128 ’ξ’ςρᾶξίν
285 3071 402 3123 ἔστιν,
424 3074 448 3120 ἡ
469 3071 506 3110 δὲ
527 3070 632 3124 σοφία
656 3072 819 3122 οὐδεμιᾶς
843 3071 940 3111 αἰτία
959 3071 1138 3125 γενέσεως·
1157 3072 1197 3111 οὐ

102 3128 1097 3245 Ἦ»,

140 3246 183 3293 οδ
195 3249 352 3302 πηκτὸν
373 3249 559 3303 ἀγαθόν,’
539 3267 606 3290 ανα
609 3251 718 3304 γκαία
741 3251 777 3290 δὲ
791 3252 876 3305 πρὸς
898 3252 962 3300 τὴν
982 3267 1113 3301 κτησιν
1132 3255 1196 3300 τῆς

58 3316 74 3369 '3
142 3309 476 3364 ἄριτῆςοῦποίνυ
456 3313 563 3350 οοκεῖ·
588 3316 660 3356 τοῖς
691 3310 755 3363 μὲν
797 3311 867 3366 γὰρ
891 3311 1093 3357 σπουδαίοις
1125 3311 1195 3352 ἀπὸ

626 213 927 257 ETHICORUM
957 215 1415 257 NICOMACHEORUM
1448 214 1831 257 PARAPHRASIS.

183 3461 206 3482 ⁴⁸
225 3463 284 3497 Διὸ
299 3463 356 3497 καὶ
369 3464 451 3509 ἀρχὴ
467 3466 538 3499 κτλ.
552 3482 596 3490 —-
610 3465 648 3484 *⁴*
660 3466 766 3501 Ὥστε
783 3469 835 3501 δεῖ
853 3470 1027 3512 προσέχειν
1048 3469 1116 3502 τῶν
1137 3469 1299 3513 ἐμπείρων
1316 3470 1387 3502 κτλ.
1407 3486 1450 3494 -
1465 3469 1519 3488 *⁴¹*
1533 3468 1573 3503 Τί
1587 3469 1643 3512 μὲν
1662 3469 1719 3503 οὖν
1731 3469 1822 3504 ἐστιν
1837 3471 1857 3508 ἠ
1877 3467 1976 3510 σοφία
1994 3467 2065 3500 κτλ.
2081 3481 2124 3491 -
2146 3465 2198 3509 ,”’

2227 217 2302 255 451

1255 310 1349 347 tum,
1373 306 1433 342 sed
1455 309 1633 351 prudentia
1657 310 1778 352 etiam,
1794 309 2012 352 intelligentia
2027 311 2062 342 et
2077 309 2240 343 sententia
2257 308 2310 342 vi-

1253 369 1376 404 dentur
1387 379 1459 404 esse
1474 372 1641 405 naturalia
1659 385 1668 406 :
1685 382 1705 405 a
1721 372 1866 405 naturali
1883 372 1971 406 enim
1991 372 2113 405 mentis
2129 372 2312 414 cognitione

1255 430 1329 464 hoec
1343 431 1454 465 omnia
1470 432 1738 475 proficiscuntur,
1763 434 1796 465 et
1812 432 1847 465 in
1861 432 1978 466 iisdem
1991 432 2092 466 rebus
2109 441 2186 465 cum
2202 433 2314 465 mente

1256 493 1446 533 versantur,
1465 491 1499 524 in
1514 491 1735 534 singularibus
1764 492 1928 525 videlicet.
1959 492 2129 535 Sapientia
2151 501 2232 525 vero
2248 500 2314 525 non

1256 551 1337 585 item
1357 565 1365 585 :
1380 561 1477 585 nemo
1488 551 1643 586 videlicet
1652 555 1772 586 natura
1795 553 1925 596 sapiens
1946 555 2016 594 est,
2032 552 2112 596 quia
2126 552 2169 586 ad
2183 552 2314 596 sapien-

1258 612 1340 645 tiam
1361 612 1423 646 sibi
1442 613 1625 655 parandam
1643 615 1734 647 certa
1759 613 1899 647 docendi
1928 613 2056 647 ratione
2084 622 2124 647 ac
2142 612 2317 656 disciplina

1259 674 1346 714 eget,
1367 682 1406 706 ac
1423 672 1634 715 prudentiam
1647 698 1655 713 ‚
1683 674 1881 707 sententIam
1892 699 1900 715 ‚
1917 675 2063 707 mentem
2082 675 2116 707 et
2131 673 2318 715 intelligen-

1260 732 1339 764 tiam
1368 733 1525 766 aetatibus
1544 742 1724 775 congruere
1748 736 1906 777 putamus
1927 743 1936 763 ε
1958 732 2103 767 dicimus
2122 732 2210 766 enim
2229 732 2315 766 hanc

1259 794 1318 824 aut
1330 792 1423 825 illam
1439 795 1572 826 aetatem
1600 795 1746 826 mentem
1764 794 1886 827 habere
1908 795 1942 827 et
1962 793 2162 827 sententiam
2181 794 2216 826 et
2234 802 2318 836 pru-

1258 851 1417 890 dentiam,
1436 851 1534 894 quasi
1558 854 1679 886 natura
1701 861 1816 885 earum
1844 862 1957 886 rerum
1973 862 2074 886 causa
2097 852 2141 886 sit
2159 865 2168 886 ε
2189 851 2318 895 sapien·

1259 911 1341 945 tiam
1361 920 1441 944 vero
1460 921 1633 954 nunquam
1653 912 1734 945 huic
1747 914 1806 946 aut
1823 912 1870 945 illi
1884 913 1979 946 aetati
2001 912 2224 946 ascribimus:
2241 921 2319 945 nam

1259 975 1293 1006 et
1306 973 1440 1015 ,iuvenis
1461 975 1496 1007 et
1514 974 1707 1007 adolescens
1731 975 1842 1017 potest
1857 983 1930 1008 esse
1950 974 2083 1016 sapiens
2097 1000 2105 1015 ,
2129 983 2195 1007 non
2214 982 2319 1007 senex

1260 1035 1392 1068 tantum
1406 1059 1415 1076 ,
1433 1042 1511 1077 quae
1529 1036 1563 1067 et
1587 1034 1775 1077 prudentiae
1804 1036 2071 1077 caeterarumque
2101 1043 2215 1068 rerum
2234 1034 2321 1067 ratio

1258 1096 1320 1128 est.

1302 1154 1433 1197 Quippe
1461 1153 1629 1188 seniorum
1651 1155 1703 1187 est
1731 1154 1953 1196 experientia,
1987 1154 2058 1187 sine
2077 1163 2144 1196 qua
2173 1153 2321 1196 prudens

1261 1213 1356 1237 nemo
1375 1212 1447 1236 esse
1464 1204 1597 1246 potest,
1626 1212 1724 1236 nemo
1744 1202 1847 1235 etiam
1872 1202 2082 1236 intellectum
2110 1203 2170 1235 aut
2196 1202 2322 1235 intelli-

1260 1251 1405 1294 gentiam
1422 1251 1545 1284 habere
1562 1252 1622 1283 aut
1647 1249 1858 1283 sententiam.

1303 1300 1449 1332 Mentem
1466 1296 1579 1331 autem
1590 1297 1664 1330 dico
1679 1297 1797 1339 agendi
1813 1297 1847 1329 vi
1865 1296 2059 1346 praeditam3
2081 1306 2206 1346 nempe
2214 1305 2319 1345 mens,

1263 1343 1302 1373 ut
1318 1340 1480 1378 diximus,
1502 1343 1535 1373 ct
1552 1340 1834 1389 contemplativa·
1832 1342 1882 1371 est
1900 1341 1934 1372 et
1950 1339 2083 1379 activa,
2102 1338 2321 1388 principium·-

1263 1392 1329 1432 que
1346 1385 1381 1416 et
1397 1382 1493 1415 finis:
1508 1391 1548 1415 ac
1563 1390 1761 1431 prlnciprum
1777 1380 1926 1423 quidem,
1948 1383 2118 1430 quatenus
2136 1381 2323 1423 primorum

1263 1425 1500 1474 principiorum
1516 1426 1567 1456 est
1581 1423 1745 1472 cognitio,
1769 1426 1803 1455 et
1812 1423 2086 1485 contemplativa
2106 1422 2318 1472 appellatur:

1263 1466 1420 1499 nimirum
1446 1465 1739 1498 demonstrationis
1770 1464 1968 1513 principium
1997 1467 2084 1497 est.
2118 1464 2193 1497 finis
2222 1473 2318 1502 vero,

1262 1511 1429 1551 quatenus
1445 1506 1664 1548 singularium
1686 1509 1737 1540 est
1755 1506 1915 1555 cognitio,
1936 1508 1969 1539 et
1988 1507 2021 1538 in
2041 1515 2140 1539 sensu
2157 1505 2322 1544 consistit,

1262 1553 1365 1593 atque
1383 1549 1493 1582 activa
1513 1548 1667 1582 dicitur·
1686 1548 1728 1581 de
1746 1547 1800 1580 his
1822 1548 1946 1590 quippe
1964 1550 2043 1580 sunt
2063 1547 2320 1581 demonstratio-

1262 1601 1338 1632 ne8‚
1354 1594 1500 1640 suntque
1517 1591 1591 1623 haec
1603 1589 1647 1623 ad
1665 1590 1962 1623 demonstrandum
1982 1589 2108 1628 facilia,
2126 1592 2160 1622 et
2183 1589 2225 1622 ad
2249 1589 2323 1622 haec

1261 1618 1430 1677 post'remo
1444 1632 1503 1676 qui
1521 1632 1763 1666 demonstravit
1783 1632 1825 1664 ab
1846 1631 2096 1665 universalibus
2114 1630 2297 1665 descendit.

1301 1681 1365 1715 Hic
1392 1683 1505 1715 autem
1531 1680 1725 1713 intellectus
1751 1688 1858 1722 quum
1884 1679 2089 1722 experientia
2116 1679 2202 1713 duce
2227 1678 2323 1712 nobis

1259 1742 1448 1786 contingat,
1475 1741 1511 1775 in
1531 1740 1720 1774 senioribus
1743 1740 1936 1774 invenitur:
1955 1739 2098 1782 ideoque
2112 1748 2175 1772 usu
2197 1739 2323 1782 perito-

1258 1813 1336 1837 rum
1348 1804 1383 1836 et
1403 1801 1571 1836 seniorum
1595 1801 1655 1834 aut
1674 1799 1892 1843 prudentium
1911 1799 2064 1833 virorum
2090 1798 2266 1833 sententiis
2287 1800 2322 1832 et

1259 1861 1469 1906 opinionibus
1486 1861 1580 1894 nulla
1604 1859 1889 1894 demonstratione
1909 1859 2060 1902 probatis
2075 1869 2141 1892 non
2156 1859 2264 1892 minor
2281 1859 2323 1892 fi-

1258 1923 1319 1958 des
1330 1932 1433 1966 quam
1449 1930 1566 1955 eorum
1581 1920 1922 1955 demonstrationibus
1934 1919 2142 1962 adjungenda
2156 1922 2226 1953 est:
2243 1919 2323 1962 quia

1260 1984 1348 2018 enim
1369 1981 1576 2026 experientia
1599 1981 1760 2024 magistra
1791 1981 1937 2024 aliquem
1964 1979 2064 2023 quasi
2094 1979 2230 2012 oculum
2260 1979 2323 2012 sibi

1259 2044 1516 2087 compararunt,
1541 2041 1615 2084 ipsa
1633 2041 1804 2074 actionum
1818 2040 1997 2083 principia,
2014 2040 2078 2073 hoc
2094 2041 2161 2081 est,
2175 2039 2232 2072 illa
2246 2048 2322 2082 quae

1260 2105 1323 2138 sub
1340 2105 1505 2137 actionem
1522 2101 1662 2143 cadunt,
1680 2101 1810 2144 singula
1836 2100 1953 2134 vident
1975 2112 1982 2133 ε
2001 2110 2146 2143 quorum
2163 2100 2323 2134 beneficio

1259 2174 1313 2198 res
1330 2166 1402 2197 tum
1415 2162 1479 2197 sibi
1494 2164 1569 2196 tum
1584 2161 1662 2196 aliis
1673 2160 1866 2196 hominibus
1878 2161 1979 2195 utiles
1994 2162 2029 2195 et
2050 2159 2323 2194 animadvertunt

1261 2227 1299 2260 et·
1311 2223 1464 2259 suadent.

1692 2389 1772 2432 Gap.
1796 2388 1887 2423 xm.

1261 2510 1306 2540 De
1323 2507 1485 2546 prudentia
1495 2509 1527 2537 et
1545 2507 1702 2545 sapientia,
1719 2514 1812 2544 <niam
1831 2505 1997 2536 utilitatem
2021 2504 2182 2544 praebeant
2209 2513 2218 2535 ι
2246 2505 2321 2536 item

1667 2556 1739 2584 utra
1752 2554 1792 2584 sit
1805 2553 1924 2584 melior.

1300 2654 1391 2696 Quid
1416 2654 1461 2688 sit
1487 2653 1591 2697 igitur
1609 2653 1787 2697 prudentia
1813 2654 1848 2687 et
1877 2651 2063 2696 sapientia,
2083 2654 2118 2686 et
2141 2652 2175 2686 ln
2197 2653 2322 2696 quibus

1263 2717 1406 2759 utraque
1422 2716 1595 2755 versetur,
1619 2715 1655 2747 et
1675 2716 1857 2756 utramque
1878 2722 1943 2746 non
1959 2721 2033 2746 esse
2051 2712 2201 2756 ejusdem
2220 2713 2322 2746 animi

1260 2776 1366 2820 partis
1378 2802 1386 2815 ,
1409 2775 1539 2808 dictum
1556 2775 1618 2808 est.
2123 2799 2126 2802 Δ

1302 2835 1369 2871 Sed
1381 2837 1511 2879 quaerat
1527 2833 1650 2877 aliquis
1672 2832 1716 2867 de
1742 2833 1800 2874 iis,
1829 2842 1934 2877 quam
1951 2832 2136 2867 utilitatem
2157 2831 2317 2872 afferant,

1260 2898 1294 2931 et
1311 2895 1396 2940 quid
1414 2894 1608 2929 hominibus
1630 2893 1773 2937 prosint.

1299 2955 1468 2999 Sapientia
1481 2954 1569 2988 enim
1583 2953 1667 2988 nihil
1676 2962 1793 2988 eorum
1807 2953 2066 2996 contemplatur,
2081 2953 2205 2997 quibus
2219 2953 2319 2987 homo

1258 3016 1378 3050 beatus
1390 3024 1462 3048 esse
1474 3015 1585 3057 potest
1602 3027 1611 3048 ι
1628 3014 1664 3048 in
1682 3013 1812 3048 actione
1826 3013 1951 3056 quippe
1966 3013 2116 3047 cernitur
2132 3013 2316 3052 beatitudo,

1259 3075 1423 3120 sapientia
1443 3077 1558 3109 autem
1586 3073 1714 3108 nullius
1739 3073 1963 3116 generationis
1989 3082 2090 3107 causa
2110 3075 2160 3106 est
2184 3086 2192 3106 ι
2211 3081 2320 3116 neque

1259 3135 1347 3171 enim
1364 3134 1464 3168 finem
1480 3133 1584 3168 habet
1599 3133 1724 3167 bonum
1741 3133 1835 3178 quod
1849 3133 1912 3167 sub
1924 3133 2087 3166 actionem
2100 3132 2198 3166 cadit.

1298 3194 1482 3230 Prudentia
1505 3195 1620 3229 autem
1636 3203 1737 3228 causa
1755 3194 1894 3236 quidem
1911 3193 2052 3227 actionis
2077 3195 2147 3231 est,
2167 3193 2201 3225 et
2223 3190 2265 3224 ad
2281 3189 2317 3224 id

1257 3255 1349 3299 quod
1370 3255 1434 3289 sub
1446 3254 1612 3289 actionem
1630 3255 1720 3289 cadit
1739 3248 1866 3288 bonum
1882 3253 2042 3287 deducit:
2069 3252 2126 3285 sed
2146 3251 2188 3284 ad
2211 3251 2318 3283 virtu-

1257 3316 1302 3350 tis
1320 3316 1564 3360 possessionem
1578 3325 1646 3350 uon
1658 3315 1842 3350 admodum
1856 3314 1989 3348 videtur
2005 3311 2189 3347 necessaria
2208 3324 2215 3345 ε
2235 3310 2318 3345 viris

2202 3465 2218 3482 *
2233 3464 2313 3506 cap.

146 3509 199 3544 ¹2.
215 3512 436 3556 Διαπορήσειε
452 3515 522 3548 κτλ.
540 3530 580 3537 —
593 3512 666 3533 *¹⁵*
653 3515 691 3536 ἣ*
715 3514 758 3549 Ἦ
772 3515 827 3558 μὲν
845 3516 908 3559 γὰρ
923 3517 1023 3560 σοφία
1038 3518 1109 3551 κτλ.
1133 3532 1176 3541 -
1194 3516 1369 3551 ******'11
1381 3517 1418 3551 δὲ
1436 3517 1590 3562 φρόνησις
1606 3518 1677 3550 κτλ.
