2528 3788
300 200 383 243 236

979 199 1177 241 EUDEMl
1205 201 1384 242 RHODII
1411 202 1767 242 PERIPATETICI

353 302 399 330 2⁶.
431 290 508 328 Οὔκ
527 287 651 327 ἔστιδὲ
672 286 806 334 κίνησις
823 287 921 342 παρὰ
939 287 983 327 τὰ
997 289 1187 341 πράγματα
1199 306 1207 314 ·
1227 306 1333 341 μετοι-
1396 294 1496 329 τοῦτο
1516 290 1668 344 διαφέρει
1687 294 1747 329 τοῦ
1771 289 1839 330 ἀπὸ
1858 291 2008 332 Λυκείου
2036 295 2083 339 εἰς
2102 294 2339 346 Ἀκαδημίαν;
2363 293 2430 340 κᾶν
2448 279 2467 291 ⁷*
2510 305 2518 315 ⁴

298 347 420 385 ὅάλλει
440 346 507 398 γὰρ
527 346 566 384 τὸ
589 345 812 396 μεταὸάλλον
836 346 889 384 ἀεὶ
914 345 936 393 ἢ
961 349 1037 385 κατ’
1059 347 1176 387 οὐσίαν
1196 348 1219 395 ἢ
1241 347 1334 387 κατὰ

296 406 400 443 ποσὸν
421 402 442 450 ἢ
468 404 558 442 κατὰ
577 404 672 442 ποιὸν
692 402 714 450 ἢ
736 404 826 443 κατὰ
845 405 963 445 τόπον.
985 407 1107 445 Κοινὸν
1125 409 1155 445 δ’
1174 408 1230 445 ἐπὶ
1251 406 1333 445 τού-

294 479 360 500 των
387 462 483 500 οὐδὲν
517 462 589 502 ἔστι
617 463 736 501 λαὸεῖν
750 492 760 510 ,
780 461 827 506 ὥς
859 479 972 515 φαμεν
986 493 997 514 ,
1016 463 1035 503 ὃ
1061 463 1138 504 οὔτε
1158 465 1234 503 τόδε
1256 465 1333 505 οὔτε

293 521 398 560 ποσὸν
419 520 496 559 οὔτε
515 521 613 560 ποιὸν
630 521 708 560 οὔτε
728 524 796 560 τῶν
818 521 932 561 ἄλλων
953 525 1253 576 κατηγορημάτων
1272 525 1334 563 οὖ-

293 579 364 619 θέν.
392 578 501 618 Ὤστ’
521 579 599 618 οὐδὲ
620 579 756 628 κίνησις
776 580 855 620 οὐδὲ
877 580 1056 631 μεταὸολὴ
1073 582 1207 626 οὐθενὸς
1236 582 1334 621 ἔσται

292 638 390 691 παρὰ
412 639 455 677 τὰ
485 638 653 691 εἰρημένα
667 669 677 687 ,
710 639 855 690 μηδενός
882 654 922 691 γε
941 642 1036 685 ὄντος
1054 641 1152 692 παρὰ
1170 641 1214 679 τὰ
1242 643 1334 694 εἰρη-

291 697 393 748 μένα.
415 695 595 736 ξἘκαστον
615 697 651 736 δὲ
669 699 773 750 διχῶς
791 698 941 750 ὑπάρχει
960 705 1066 737 πᾶσιν
1087 693 1157 738 οἶον
1178 699 1215 738 τὸ
1233 699 1331 738 τόδε·

290 755 329 794 τὸ
349 755 411 805 μὲν
433 756 499 809 γὰρ
518 757 633 810 μορφὴ
655 758 773 806 αὐτοῦ,
793 756 833 795 τὸ
852 756 887 795 δὲ
905 758 1086 811 στέρησις·
1105 759 1166 797 καὶ
1184 758 1274 797 κατὰ
1293 759 1332 798 τὸ

289 815 386 854 ποιόν
399 830 407 838 ·
439 815 478 854 τὸ
500 815 562 867 μὲν
582 815 649 868 γὰρ
679 815 802 854 λευκὸν
823 815 863 853 τὸ
882 813 918 854 δὲ
949 816 1076 866 μέλαν·
1104 816 1165 855 καὶ
1185 815 1275 855 κατὰ
1293 816 1333 855 τὸ

291 873 398 912 ποσόν
411 889 420 898 ·
441 873 481 912 τὸ
501 874 564 924 μὲν
593 874 661 927 γὰρ
681 874 812 913 τέλειον
825 904 836 922 ,
858 874 897 912 τὸ
914 875 944 912 δ’
966 873 1096 918 ἀτελές.
1115 873 1268 924 Ὁμοίως
1295 874 1331 912 δὲ

289 932 348 969 καὶ
370 932 461 970 κατὰ
482 931 543 979 τὴν
571 931 678 986 φοράν
693 948 701 957 ·
720 932 759 970 τὸ
790 932 853 984 μὲν
872 932 940 985 γὰρ
965 932 1036 971 ἄνω
1052 962 1062 982 ,
1084 933 1124 971 τὸ
1155 932 1191 971 δὲ
1211 932 1309 971 κάτω
1322 949 1330 957 ·

288 988 309 1035 ἢ
333 990 373 1028 τὸ
391 990 454 1041 μὲν
474 994 601 1044 κοῦφον
615 1021 625 1038 ,
644 990 683 1029 τὸ
703 991 740 1029 δὲ
759 991 860 1044 βαρύ.
881 990 991 1030 “Ώστε
1012 991 1176 1038 κινήσεως
1194 992 1253 1031 καὶ
1269 1008 1329 1043 με·

288 1051 439 1098 ταὸολῆς
460 1053 551 1089 ἔστιν
570 1050 645 1098 εἴδη
663 1056 817 1090 τοσαῦτα
837 1051 903 1089 ὅσα
923 1054 982 1090 τοῦ
1001 1050 1114 1095 ὄντος.

343 1110 598 1158 (Aristoteles
626 1111 745 1162 Phys.
779 1111 854 1151 lib.
878 1111 936 1148 ΙΙΙ
969 1125 1054 1163 cap.
1086 1125 1102 1149 1
1125 1125 1212 1162 pag.
1238 1127 1328 1152 200.

288 1170 327 1210 b.
357 1172 404 1208 32
429 1170 491 1208 ed.
520 1170 682 1210 Bekker.
708 1170 855 1221 Scripsi
876 1169 1002 1221 ὁμοίως
1022 1170 1058 1208 δὲ
1078 1170 1137 1208 καὶ
1157 1170 1247 1208 κατὰ
1267 1171 1330 1217 τὴν

287 1229 411 1283 φοράν·
427 1228 466 1267 τὸ
488 1227 549 1278 μὲν
568 1227 636 1279 γὰρ
659 1228 744 1277 ἄνω,
759 1242 878 1278 quum
900 1229 1018 1277 vulgo
1038 1229 1190 1278 legatur
1205 1229 1330 1278 ὁμοίως

287 1289 322 1326 δὲ
344 1287 404 1326 καὶ
423 1286 513 1326 κατὰ
534 1285 596 1333 τὴν
619 1287 725 1339 φοράν
739 1302 747 1309 ·
768 1286 807 1324 τὸ
830 1287 893 1336 μὲν
914 1286 998 1326 ἄνω.
1020 1287 1094 1324 Sed
1115 1286 1182 1338 γὰρ
1205 1288 1328 1338 parti-

287 1347 411 1386 culam
447 1346 722 1384 sententiarum
765 1346 862 1383 ordo
901 1346 1046 1395 flagitat
1060 1374 1071 1392 ,
1115 1347 1328 1395 praesertim

287 1419 405 1457 quum
426 1416 639 1455 praegressa
658 1403 961 1454 comprehensio
991 1403 1084 1441 huic
1104 1404 1243 1442 similis
1266 1405 1327 1444 sit.

287 1465 352 1502 Ait
370 1463 473 1502 enim
495 1463 662 1512 scriptor
685 1476 693 1499 :
717 1462 778 1499 καὶ
798 1460 890 1500 κατὰ
910 1460 950 1499 τὸ
970 1460 1077 1500 ποσόν
1092 1478 1100 1486 ·
1123 1461 1160 1500 τὸ
1182 1463 1244 1512 μὲν
1264 1463 1330 1517 γὰρ

289 1523 420 1560 τέλειον
433 1553 443 1569 ,
466 1520 505 1558 τὸ
527 1519 554 1557 δ’
577 1520 708 1563 ἀτελές.
729 1519 921 1558 Nimirum
940 1521 1022 1558 hoec
1042 1521 1246 1559 verissima
1262 1537 1329 1560 co-

287 1583 383 1619 dicis
406 1580 637 1618 parisiensis
659 1579 776 1617 lectio
798 1579 970 1627 videtur,
993 1580 1186 1631 siquidem
1205 1582 1246 1619 in
1268 1595 1330 1620 ce-

287 1642 378 1681 teris
411 1638 594 1677 omnibus
625 1639 723 1676 nihil
758 1639 865 1676 aliud
902 1653 1017 1689 quam
1045 1639 1084 1678 τὸ
1113 1639 1174 1690 μὲν
1201 1641 1330 1680 τέλειον

287 1709 486 1739 exaratum
516 1706 586 1736 est.
616 1698 839 1748 Simplicius
874 1698 942 1738 fol.
975 1701 1095 1749 93-94
1135 1700 1214 1738 ἀλλ’
1237 1699 1329 1745 ἄξιον

288 1761 419 1807 ζητεῖν,
443 1757 499 1796 διὰ
518 1756 552 1795 τί
586 1761 647 1795 τοῦ
678 1756 821 1807 δυνάμει
852 1756 912 1795 καὶ
935 1758 1130 1810 ἐντελεχείᾳ
1156 1759 1191 1796 ἐν
1223 1766 1330 1799 πᾶσιν

285 1816 382 1860 ὄντος
404 1820 476 1859 τοῖς
508 1815 623 1866 γένεσι
642 1818 702 1853 τοῦ
735 1815 848 1864 ὄντος,
871 1815 929 1854 καὶ
954 1819 1016 1863 τῆς
1040 1816 1208 1864 κινήσεως
1227 1818 1332 1866 οὔσης

287 1874 462 1928 ἐνεργείας
481 1877 540 1913 τοῦ
568 1873 714 1923 δυνάμει
746 1868 771 1926 ᾗ
804 1875 957 1913 τοιοῦτόν
984 1876 1099 1922 ἐστιν,
1125 1878 1158 1914 ἐν
1189 1876 1332 1929 τέτρασι

288 1934 402 1986 μόνοις
422 1931 540 1985 γένεσι
567 1936 629 1970 τοῦ
649 1933 765 1982 ὄντος,
786 1936 829 1986 τῇ
846 1933 967 1987 οὐσίᾳ,
993 1933 1052 1975 καὶ
1071 1937 1122 1986 τῷ
1141 1938 1250 1988 ποιῷ,
1272 1936 1331 1974 καὶ

287 1997 336 2046 τῷ
360 1994 478 2045 ποσῷ,
501 1990 561 2030 καὶ
581 1993 631 2043 τῷ
660 1997 749 2043 ποῦ,
777 1991 868 2030 ἔστιν
891 1995 911 2039 ἡ
945 1991 1099 2040 κίνησις,
1126 1994 1171 2037 ὡς
1203 1994 1263 2033 καὶ
1295 1997 1330 2034 ἐν

286 2053 510 2103 κατηγορίαις
533 2049 730 2098 δέδεικται,
752 2050 813 2089 καὶ
833 2052 868 2088 ἐν
889 2053 938 2103 τῷ
959 2050 1111 2104 πέμπτῳ
1131 2054 1192 2099 τῆς
1212 2069 1328 2106 πραγ-

288 2110 434 2160 ματείας
464 2108 593 2155 ταύτης
621 2109 811 2147 σπουδάσει
834 2109 961 2159 δεῖξαι,
990 2112 1023 2148 ἐν
1054 2109 1090 2147 δὲ
1116 2116 1185 2155 τοῖς
1215 2111 1330 2157 ἄλλοις

286 2167 400 2206 οὐκέτι
417 2165 566 2211 ἀξιώσας
585 2170 602 2205 ὃ
624 2165 865 2218 Ἀριστοτέλης
882 2167 943 2211 τὰς
960 2167 1113 2213 κινήσεις
1132 2167 1193 2206 καὶ
1215 2185 1331 2218 μετα-

286 2225 393 2270 ὅολὰς
413 2227 451 2263 ἐκ
470 2227 537 2263 τῶν
560 2224 724 2263 ἐναντίων
745 2225 900 2275 γίνεσθαι
932 2227 979 2269 εἷς
999 2226 1045 2264 τὰ
1066 2227 1223 2274 ἐναντία,
1243 2227 1265 2274 ἢ
1292 2231 1330 2267 ἐκ

286 2288 353 2323 τῶν
375 2283 504 2334 μεταξὺ
531 2286 599 2322 τῶν
621 2284 785 2322 ἐναντίων
809 2284 911 2336 λόγον
931 2284 1100 2337 ἐχόντων,
1122 2285 1179 2324 διὰ
1203 2290 1328 2334 τοῦτο,

286 2343 393 2397 φησί,
414 2342 492 2381 κατ’
508 2342 628 2381 οὐσίαν
651 2341 714 2392 μὲν
735 2345 796 2382 οὐκ
819 2343 893 2383 ἔστι
913 2343 1067 2394 κίνησις,
1086 2344 1153 2384 διὰ.
1162 2345 1201 2383 τὸ
1222 2347 1329 2396 μηδὲν

288 2395 376 2440 εἶναι
395 2404 463 2439 τῶν
481 2401 588 2440 ὄντων
606 2402 709 2453 οὐσίᾳ
730 2402 897 2442 ἐναντίον.
918 2403 971 2442 Οὔ
994 2402 1112 2453 μέντοι
1130 2403 1205 2441 οὐδὲ
1228 2405 1261 2442 ἐν
1281 2407 1330 2456 τῷ

287 2461 374 2511 πρός
405 2476 458 2508 τι,
478 2461 556 2499 οὐδὲ
589 2459 630 2507 δὴ
666 2461 723 2499 ἐπὶ
743 2464 802 2500 τοῦ
832 2465 1012 2506 ποιοῦντος
1041 2462 1100 2500 καὶ
1134 2462 1330 2514 πάσχοντος

286 2519 362 2556 οὐδὲ
384 2518 511 2561 παντὸς
529 2519 731 2569 κινουμένου
750 2519 810 2557 καὶ
826 2523 1018 2571 κινοῦντος,
1035 2519 1167 2558 τούτων
1189 2515 1246 2559 οὖν
1261 2523 1328 2559 τῶν

286 2579 502 2630 κατηγοριῶν
521 2576 627 2621 οὕτως
644 2577 825 2621 ἀποδιδοὺς
845 2578 922 2622 τοὺς
941 2578 1126 2629 λογισμοὺς
1139 2581 1157 2617 6
1179 2578 1329 2631 Ἀριστο-

285 2635 387 2682 τέλης
416 2636 455 2674 τὸ
475 2639 630 2683 κεῖσθαι,
650 2637 689 2673 τὸ
714 2636 805 2688 ἔχειν
830 2637 889 2675 καὶ
917 2637 980 2683 τὴν
1010 2636 1094 2675 πότε
1116 2637 1327 2690 κατηγορίαν

285 2698 437 2747 παρῆκε.
461 2694 552 2734 Ἀλλ’
574 2696 607 2732 ἐν
625 2698 668 2746 τῇ
688 2694 772 2733 πότε
793 2695 986 2748 κατηγορία
1009 2695 1065 2733 διὰ
1086 2695 1119 2734 τί
1134 2698 1195 2734 οὐκ
1215 2694 1255 2734 ἂν
1276 2696 1328 2745 εἴη

286 2753 420 2801 κίνησις
438 2752 461 2799 ἢ
491 2752 690 2803 μεταδῶ-ἦς
721 2756 767 2798 ὡς
799 2754 866 2806 γὰρ
903 2753 1049 2793 ἀπὸτοῦ
1079 2755 1202 2792 λευκοῦ
1225 2756 1271 2798 εἷς
1291 2755 1329 2793 τὸ

289 2813 395 2865 μέλαν
427 2811 640 2864 μεταὸάλλω
677 2812 736 2850 καὶ
770 2812 839 2851 ἀπὸ
859 2813 966 2852 τόπου
991 2814 1037 2857 εἷς
1062 2812 1187 2861 τόπον,
1223 2813 1330 2856 οὕτως

288 2872 438 2910 ἀπὸτοῦ
465 2871 609 2923 πέρυσιν
639 2873 685 2915 εἷς
716 2870 755 2909 τὸ
783 2874 882 2918 τῆτες
913 2871 974 2910 καὶ
993 2873 1040 2915 εἷς
1065 2869 1191 2911 νέωτα.
1222 2871 1269 2910 Τί
1294 2871 1329 2910 δὲ

1392 350 1459 402 γὰρ
1479 350 1521 388 τὰ
1541 351 1630 402 μέρη
1648 355 1708 389 τοῦ
1727 348 1851 402 χρόνου
1868 349 2070 403 φθείρηται,
2089 353 2185 392 οὐδὲν
2205 354 2300 408 παρὰ
2313 351 2428 397 cova-02

1394 409 1485 448 Οὐδὲ
1503 409 1570 461 γὰρ
1589 412 1619 447 εἰ
1640 409 1677 447 τὸ
1699 408 1845 448 Λύκειον
1863 410 2035 461 ἐφθείρετο
2052 411 2244 463 βαδίζοντος
2262 414 2308 457 εἷς
2327 412 2432 455 Ἄκην

1394 468 1544 519 δημίαν,
1573 468 1640 517 ἤδη
1668 467 1724 507 διὰ
1741 472 1842 506 τοῦτο
1868 468 1930 506 οὐκ
1955 463 1997 516 ἦν
2026 469 2117 507 κατὰ
2148 470 2251 510 τόπον
2281 470 2431 520 κίνησις·

1393 527 1451 565 καὶ
1470 528 1536 580 γὰρ
1557 528 1615 566 καὶ
1634 529 1673 566 τὸ
1691 528 1811 567 λευκὸν
1828 528 2022 580 φθείρεται,
2039 527 2121 567 ὅταν
2140 529 2208 568 ἀπὸ
2227 531 2352 572 λευκοῦ
2370 546 2433 583 με·

1392 587 1559 626 ταὸάλλω
1589 590 1636 631 εἰς
1656 588 1780 638 μέλαν.
1806 589 1850 626 Εἰ
1883 586 1918 625 δὲ
1941 586 2035 638 λέγοι
2055 603 2124 635 τις,
2143 586 2196 626 ὅτι
2215 591 2238 635 ἡ
2259 586 2321 639 μὲν
2341 588 2432 629 κατὰ

1392 646 1497 686 τόπον
1526 647 1659 694 κίνησις
1685 647 1774 700 φορά
1806 646 1857 691 τίς
1877 648 1951 684 ἐστι
1978 645 2035 684 διὰ
2054 645 2160 685 τόπου
2184 644 2244 685 καὶ
2262 645 2430 696 διέξοδος,

1392 704 1449 743 διὰ
1478 704 1514 743 δὲ
1545 709 1603 744 τοῦ
1629 705 1752 758 χρόνου
1789 705 1886 743 οὐδὲν
1920 704 2082 758 φέρεται,
2114 703 2205 742 ἀλλὰ
2233 703 2432 758 φερομένων

1392 762 1676 815 συμπαρέρχεται
1705 762 1766 802 καὶ
1797 765 1815 801 6
1845 762 1984 815 χρόνος·
2004 762 2044 802 τὸ
2072 762 2138 815 γὰρ
2163 766 2268 815 γῆρας
2296 761 2363 802 καὶ
2387 762 2432 802 τὰ

1392 825 1532 860 τοιαῦτα
1550 821 1666 860 πάντα
1685 821 1884 865 ἀλλοιώσεις
1902 821 1970 860 εἰσὶ
1987 821 2045 860 καὶ
2060 821 2154 867 πάθη
2172 823 2239 859 τῶν
2259 820 2432 871 σωμάτων

1390 879 1470 932 περὶ
1489 879 1596 918 ἑαυτὰ
1616 879 1675 918 καὶ
1692 883 1725 919 ἐν
1743 881 1896 927 ἑαυτοῖς,
1915 883 1932 918 ὁ
1950 880 1984 919 δὲ
2006 880 2126 933 χρόνος
2143 879 2258 923 ἄλλως
2274 878 2427 932 συνδιέρ-

1391 953 1509 990 χεται·
1538 938 1636 982 εἴτις
1670 932 1727 976 οῧν
1756 942 1866 976 ταῦτα
1888 937 2004 990 λέγει,
2032 939 2146 991 πολλῇ
2179 938 2272 976 δοκεῖ
2299 953 2359 988 μοι
2385 941 2430 990 τῇ

1392 997 1549 1043 αἰσθήσει
1569 999 1722 1049 χρῆσθαι
1753 996 1809 1034 καὶ
1845 996 1902 1034 διὰ
1933 999 2033 1035 τοῦτο
2066 996 2106 1035 τὸ
2137 995 2342 1048 δραστήριον
2369 998 2430 1034 τοῦ

1390 1055 1515 1107 χρόνου
1536 1056 1584 1105 μὴ
1612 1060 1761 1094 συννοεῖν
1777 1083 1787 1102 ,
1808 1054 1896 1093 ἀλλὰ
1918 1055 1980 1102 τὴν
2003 1054 2064 1103 μὲν
2086 1053 2178 1093 κατὰ
2201 1055 2304 1094 τόπον
2325 1069 2432 1106 μετα-

1391 1114 1496 1160 6ολὴν
1525 1113 1585 1152 ἅτε
1618 1114 1677 1151 ὑπ’
1698 1113 1855 1161 αἴσθησιν
1875 1117 1937 1151 τοῦ
1958 1113 2065 1152 τόπου
2089 1113 2275 1157 πίπτοντος
2300 1114 2431 1164 ὁμολο-

1390 1177 1461 1221 γεῖν
1475 1202 1486 1219 ,
1503 1171 1567 1219 τὴν
1587 1171 1622 1209 δὲ
1643 1171 1733 1210 κατὰ
1751 1171 1874 1223 χρόνον
1897 1170 2124 1222 ἀπαγορεύειν
2145 1173 2190 1215 ὡς
2209 1172 2276 1223 οὐχ
2293 1169 2430 1223 δρωμέ-

1390 1246 1447 1268 νου
1471 1234 1531 1268 τοῧ
1551 1229 1689 1282 χρόνου.
1716 1230 1840 1269 Καίτοι
1858 1232 1946 1281 χρῆν
1977 1233 2119 1278 ἐννοεῖν,
2139 1230 2191 1267 ὅτι
2210 1230 2277 1282 δρᾷ
2295 1244 2329 1268 τι
2348 1228 2430 1268 ἑκά·

1391 1304 1491 1327 στοτε
1519 1290 1565 1332 εἷς
1596 1291 1690 1336 ἡμᾶς
1718 1290 1736 1326 6
1755 1287 1896 1341 χρόνος,
1921 1287 1980 1326 καὶ
2011 1285 2129 1340 ὥσπερ
2151 1287 2221 1326 ἀπὸ
2241 1289 2365 1327 λευκοῦ
2384 1289 2433 1332 εἷς

1392 1347 1499 1397 μέλαν
1516 1346 1799 1397 μεταὸάλλομεν,
1816 1345 1922 1390 οὕτως
1939 1347 2008 1384 ἀπὸ
2021 1349 2080 1384 τοῦ
2097 1349 2281 1398 περυσινοῧ
2299 1346 2431 1392 πάθους

1391 1409 1437 1450 εἷς
1457 1405 1495 1444 τὸ
1515 1405 1672 1454 τητινόν,
1692 1406 1730 1444 οὐ
1752 1404 1837 1444 καθὸ
1857 1405 1926 1444 ἀπὸ
1945 1404 2075 1449 πάθους
2090 1406 2137 1449 εἷς
2155 1405 2263 1449 πάθος
2280 1408 2303 1452 ἡ
2323 1412 2431 1455 μετα-

1394 1464 1481 1511 ὅολὴ
1502 1459 1571 1503 οἷον
1593 1465 1663 1503 ἀπὸ
1681 1463 1838 1511 νεότητος
1859 1466 1906 1507 εἷς
1925 1467 2056 1515 γῆρας,
2075 1462 2168 1501 κατὰ
2189 1462 2252 1510 τὴν
2279 1465 2338 1501 τοῦ
2358 1461 2431 1502 σώ-

1392 1539 1500 1573 ματος
1532 1523 1674 1562 ἀλλοίαν
1705 1523 1854 1561 διάθεσιν
1869 1553 1880 1571 ,
1917 1522 2008 1560 ἀλλὰ
2045 1521 2138 1560 κατὰ
2174 1521 2236 1568 τὴν
2267 1520 2432 1574 χρονικὴν

1391 1581 1606 1634 συνέμφασιν
1627 1586 1686 1620 τοῦ
1707 1586 1890 1633 περυσινοῦ
1910 1580 1970 1620 καὶ
1991 1584 2049 1619 τοῦ
2070 1585 2220 1627 τητινοῦ.
2246 1580 2433 1631 Μαρτυρεῖ

1391 1640 1426 1679 δὲ
1440 1644 1488 1693 τῷ
1509 1641 1600 1693 λόγῳ
1621 1640 1680 1679 καὶ
1699 1639 1859 1691 Εὔδημος
1873 1669 1883 1687 ,
1905 1642 1922 1678 ὃ
1940 1637 2175 1690 γνησιώτατος
2196 1639 2263 1676 τῶν
2281 1637 2432 1690 Ἀριστο-

1389 1697 1507 1744 τέλους
1531 1700 1697 1751 ἑταίρων,
1720 1699 1830 1751 λέγων
1851 1700 1885 1736 ἐν
1917 1700 1966 1751 τῷ
1996 1696 2144 1749 δευτέρῳ
2173 1698 2242 1735 τῶν
2264 1697 2432 1736 Φυσικῶν

1391 1758 1481 1809 μετὰ
1508 1758 1548 1797 τὸ
1567 1759 1674 1796 εἰπεῖν
1695 1757 1755 1802 τὰς
1786 1758 1893 1800 ἄλλας
1919 1756 2087 1810 τέτταρας
2118 1755 2289 1801 κινήσεις·
2317 1771 2333 1788 τι
2369 1754 2431 1793 καὶ

1390 1819 1458 1870 γὰρ
1476 1817 1514 1856 τὸ
1534 1817 1617 1856 πότε
1637 1822 1706 1860 τοῖς
1725 1818 1880 1859 δυνατοῗς
1895 1809 1919 1867 ᾗ
1935 1816 2099 1862 δύναται,
2117 1812 2302 1863 συμὸαίνει
2315 1828 2428 1852 κινου-

1392 1875 1516 1926 μένοις.
1553 1875 1676 1913 Πάντα
1698 1874 1764 1927 γὰρ
1789 1877 1822 1913 ἐν
1842 1873 1956 1927 χρόνῳ
1976 1873 2136 1911 κινεῖται.
2162 1891 2178 1907 »
2209 1867 2255 1911 Εἰ
2283 1870 2333 1921 μὴ
2364 1871 2434 1924 ἄρα

1393 1933 1487 1984 λέγοι
1513 1949 1564 1977 τις
1583 1935 1616 1971 ἐν
1646 1933 1760 1986 χρόνῳ
1787 1928 1876 1970 εἶναι
1890 1962 1902 1979 ,
1928 1932 2018 1971 ἀλλὰ
2039 1931 2088 1982 μὴ
2109 1930 2198 1969 κατὰ
2226 1929 2349 1982 χρόνον
2370 1929 2433 1977 τὴν

1393 1991 1542 2039 κίνησιν.
1567 1994 1720 2042 Σημεῖον
1751 1991 1787 2030 δέ
1819 1990 1904 2044 φασί
1928 2006 2017 2034 τινες
2047 1993 2110 2029 τοῦ
2137 1989 2313 2042 μηδεμίαν
2342 1983 2433 2031 εἶναι

1390 2051 1480 2088 κατὰ
1499 2049 1621 2103 χρόνον
1655 2050 1749 2093 ἰδίως
1768 2048 1903 2097 κίνησιν
1930 2049 1991 2088 καὶ
2027 2047 2213 2099 μηδεμίαν
2233 2041 2321 2087 εἶναι
2341 2046 2434 2085 κατὰ

1391 2110 1513 2161 χρόνον
1531 2109 1699 2162 ἠρεμίαν·
1717 2109 1793 2147 οὐδὲ
1809 2109 1875 2161 γὰρ
1894 2111 1912 2147 6
1930 2107 2050 2160 χρόνος
2069 2107 2177 2151 οὐδεὶς
2197 2105 2309 2145 οὐδενὶ
2326 2108 2344 2144 6
2364 2105 2429 2143 αὖ·

1391 2168 1448 2213 τός
1462 2198 1472 2218 ,
1495 2170 1572 2207 ἀλλ’
1592 2168 1647 2207 ἀεὶ
1666 2171 1684 2207 6
1705 2167 1810 2207 ἐπιὼν
1831 2168 1944 2219 ἕτερος
1958 2195 1969 2214 ,
1988 2166 2080 2205 ὥστε
2102 2167 2164 2205 οὐκ
2183 2164 2337 2204 ἔσταιτὸ
2355 2160 2430 2203 δια-

1392 2226 1491 2276 μένον
1525 2229 1558 2265 ἐν
1581 2229 1631 2280 τῷ
1658 2228 1752 2277 αὐτῷ
1783 2227 1918 2279 χρόνῳ,
1950 2225 1989 2263 τὸ
2009 2225 2045 2263 δὲ
2076 2226 2110 2263 ἐν
2129 2227 2179 2276 τῷ
2210 2225 2305 2276 αὐτῷ
2332 2223 2430 2276 τόπῳ

1392 2285 1464 2324 ἐστὶ
1484 2286 1544 2324 καὶ
1574 2288 1607 2324 ἐν
1628 2289 1671 2338 τῇ
1698 2286 1785 2337 αὐτῇ
1805 2284 1976 2330 ποιότητι.
1998 2283 2096 2321 Ἀλλ’
2115 2281 2340 2331 ἐπισκεπτέον
2361 2281 2431 2331 μή-

1390 2360 1475 2384 ποτε
1495 2348 1597 2384 τοῦτο
1616 2348 1674 2382 τοῦ
1699 2342 1852 2381 ἐναντίου
1882 2342 2026 2391 σημεῖόν
2047 2342 2159 2381 ἐστιν’.
2187 2342 2233 2380 Ei
2254 2339 2321 2393 γὰρ
2339 2339 2428 2393 χρό-

1390 2421 1444 2450 νος
1475 2404 1584 2448 οὐδεὶς
1604 2403 1714 2442 οὐδενὶ
1745 2405 1762 2440 6
1785 2402 1907 2449 αὐτός,
1931 2400 2007 2439 ἀλλ’
2028 2400 2082 2438 ἀεὶ
2107 2402 2125 2438 6
2155 2398 2260 2438 ἐπιὼν
2291 2398 2428 2452 ἕτερος,
2483 2420 2485 2422 -

1392 2465 1494 2510 δῆλον
1528 2462 1581 2501 ὅτι
1602 2464 1619 2500 6
1639 2460 1759 2513 χρόνος
1779 2461 1813 2498 ἐν
1831 2462 1880 2511 τῷ
1907 2459 2063 2511 γίνεσθαι
2086 2457 2146 2496 καὶ
2167 2457 2365 2511 φθείρεσθαι
2389 2456 2430 2495 τὸ

1394 2517 1480 2561 εἶναι
1501 2521 1587 2574 ἔχει.
1613 2522 1695 2563 Πῶς
1715 2513 1771 2557 οῧν
1791 2518 1830 2556 τὸ
1850 2519 1884 2556 ἐν
1904 2520 1954 2569 τῷ
1978 2517 2126 2568 χθεσινῷ
2156 2515 2272 2568 χρόνῳ
2292 2513 2373 2553 ὅταν
2395 2516 2430 2553 ἐν

1393 2583 1443 2633 τῷ
1468 2581 1645 2631 σημερινῷ
1677 2577 1840 2629 γένηται,
1874 2576 1935 2615 οὔκ
1969 2575 2009 2613 ἂν
2037 2574 2174 2625 λέγοιτο
2193 2573 2285 2613 κατὰ
2309 2571 2430 2626 χρόνον

1392 2638 1647 2688 μεταὸάλλειν,
1674 2636 1737 2674 κᾶν
1759 2635 1929 2687 ἔφθαρται
1948 2636 1965 2671 6
1987 2633 2141 2685 χθεσινὸς
2162 2631 2298 2684 χρόνος.
2321 2630 2428 2670 Ἀλλὰ

1390 2696 1431 2743 δὴ
1451 2695 1512 2735 καὶ
1546 2694 1637 2734 κατὰ
1663 2694 1701 2733 τὸ
1732 2697 1888 2742 κεῖσθαι,
1922 2692 2019 2745 εἴπερ
2038 2695 2099 2729 τοῦ
2119 2691 2254 2729 κεῖσθαι
2281 2689 2428 2743 διαφορὰ

1389 2755 1429 2793 τὸ
1463 2754 1582 2793 ὕπτιον
1610 2753 1669 2792 καὶ
1693 2752 1734 2791 τὸ
1752 2751 1897 2805 πρηνές,
1929 2751 1989 2790 καὶ
2012 2753 2126 2788 ταῦτα
2152 2748 2291 2788 ἐναντία
2319 2747 2427 2794 ἀλλή·

1388 2815 1478 2862 λοις,
1495 2812 1552 2852 διὰ
1573 2812 1606 2851 τί
1626 2811 1676 2861 μὴ
1696 2810 1830 2862 λέγοιτο
1849 2809 1890 2848 ἂν
1911 2807 2114 2848 καταθέων
2136 2806 2368 2856 μεταὸάλλειν
2387 2806 2427 2846 τὸ

1390 2871 1425 2917 ἐξ
1456 2872 1579 2911 ὑπτίου
1607 2872 1653 2914 εἷς
1674 2869 1712 2908 τὸ
1743 2868 1871 2922 πρηνὲς
1898 2866 2170 2918 μεθιστάμενον;
2201 2864 2357 2916 Ὁμοίως
2391 2865 2428 2903 δὲ

289 2958 2416 2977 -.-—-.-——-———--—--.-.--.---.-—-————-—-—————--—-

329 3023 383 3051 26.
406 3020 479 3052 Non
507 3020 558 3050 est
579 3019 690 3050 autem
718 3020 828 3050 motus
855 3017 941 3050 ullus
958 3019 1078 3059 praeter
1101 3027 1154 3051 res
1173 3019 1272 3060 ipsas.
1293 3018 1329 3050 ld

287 3077 374 3111 enim
406 3077 493 3118 quod
520 3078 682 3117 mutatur,
704 3085 831 3118 semper
859 3078 917 3109 aut
950 3076 984 3109 in
1011 3077 1194 3110 substantia
1211 3079 1269 3109 aut
1297 3077 1330 3109 in

285 3136 469 3178 quantitate
480 3137 536 3168 aul
552 3137 582 3168 in
597 3135 756 3177 qualitate
768 3136 827 3167 aut
844 3135 877 3167 in
889 3135 960 3168 loeo
978 3137 1136 3168 mutatur.
1154 3136 1330 3169 Commune

287 3198 399 3234 autem
418 3194 453 3227 in
468 3194 521 3228 his
536 3194 617 3226 nihil
632 3203 751 3235 ponere
771 3202 965 3235 possumus,
985 3194 1034 3225 uti
1056 3193 1220 3234 diximus,
1240 3192 1331 3235 quod

289 3253 424 3295 quidem
448 3262 555 3295 neque
573 3252 636 3285 hoc
654 3261 762 3294 neque
786 3251 991 3292 aliquantum
1012 3261 1117 3293 neque
1141 3255 1232 3285 certa
1248 3261 1331 3294 qua-

290 3307 383 3347 litate
403 3313 587 3355 praeditum,
604 3321 712 3353 neque
728 3311 793 3344 ulla
808 3314 1002 3344 caeterarum
1016 3311 1266 3344 attributionum
1278 3310 1330 3344 sit.

291 3375 405 3415 ltaque
421 3382 528 3414 neque
542 3373 652 3405 motus
669 3380 777 3413 neque
790 3370 932 3403 mutatio
949 3370 1146 3411 cuiusquam
1162 3372 1281 3411 praeter
1292 3379 1332 3402 ea

290 3438 366 3477 quoe
388 3431 532 3466 diximus
551 3431 632 3473 erIt,
656 3439 760 3474 quum
785 3428 864 3462 nihil
885 3429 929 3462 sit
954 3429 1072 3471 praeter
1092 3437 1131 3461 ea
1150 3437 1223 3469 quae
1241 3427 1327 3460 dixi-

1390 3028 1474 3051 mus.
1498 3020 1713 3059 Unaquaeque
1738 3016 1851 3048 autem
1879 3013 1930 3047 vis
1954 3013 2116 3046 attributa
2141 3012 2240 3045 rebus
2256 3011 2429 3054 dupliciter

1391 3077 1540 3110 omnibus
1555 3076 1640 3108 inest
1651 3100 1659 3114 ‚
1674 3075 1712 3107 ut
1726 3074 1790 3106 hoc
1809 3085 1817 3104 ι
1838 3072 1926 3105 aliud
1942 3071 2028 3104 enim
2044 3072 2094 3103 est
2108 3071 2179 3112 eJus
2197 3060 2304 3103 forma
2314 3096 2323 3112 ‚
2339 3069 2427 3102 aliud

1390 3135 1538 3177 privatio.
1562 3136 1603 3167 Et
1621 3133 1710 3166 certa
1737 3130 1893 3174 qualitate
1920 3128 2094 3171 praeditum
2115 3141 2124 3161 ε
2152 3126 2243 3160 aliud
2265 3127 2351 3159 enim
2376 3127 2427 3159 est

1391 3194 1522 3233 album,
1546 3191 1635 3225 aliud
1664 3190 1803 3232 nigrum.
1827 3189 1868 3220 Et
1891 3186 2094 3228 aliquantum
2114 3199 2123 3220 ε
2144 3185 2234 3218 aliud
2259 3185 2347 3218 enim
2375 3185 2427 3217 est

1390 3252 1590 3294 perrectum,
1607 3248 1696 3282 aliud
1712 3247 1951 3288 imperfectum.
1971 3244 2125 3277 Similiter
2144 3253 2179 3276 se
2202 3252 2256 3275 res
2277 3234 2378 3295 hehet
2391 3234 2427 3275 in

1390 3312 1485 3352 lapsu
1504 3322 1513 3343 z
1530 3308 1621 3342 aliud
1640 3307 1727 3340 enim
1745 3308 1797 3339 est
1816 3313 1918 3346 supra
1930 3327 1940 3343 ,
1956 3303 2046 3335 aliud
2069 3303 2174 3340 infra;
2191 3302 2249 3334 aut
2266 3300 2355 3334 aliud
2375 3303 2428 3334 est

1390 3370 1483 3410 leve,
1511 3367 1601 3400 aliud
1630 3374 1741 3408 grave.
1768 3362 1989 3403 Quamobrem
2017 3362 2099 3403 quot
2127 3362 2204 3393 sunt
2238 3359 2342 3399 entis,
2376 3360 2427 3392 vot

1393 3427 1491 3462 etiam
1505 3427 1617 3460 motus
1631 3427 1666 3459 et
1681 3422 1870 3458 mutationis
1887 3419 2011 3463 species
2029 3421 2117 3452 sunt.
