2528 3788
236 242 312 280 252

236 328 469 378 κατηγοριῶν.
493 343 507 359 u
529 324 650 364 Ἔοικε
674 323 709 362 δὲ
739 322 798 361 καὶ
819 326 877 362 νῦν
898 322 1033 372 κίνησιν
1054 325 1176 369 κοινῶς
1209 323 1271 371 τὴν

237 384 435 437 μεταὸολὴν
456 382 578 433 λέγειν·
595 382 656 421 καὶ
683 381 749 434 γὰρ
769 384 786 420 ὁ
806 382 947 434 ὁρισμὸς
967 379 1113 435 δ’λέγων
1141 382 1271 423 ἐντελέ-

235 458 333 496 χειαν
357 446 416 480 τοῦ
439 439 584 491 δυνάμει
605 435 628 492 ᾖ
656 439 810 479 τοιοῦτόν
843 441 961 490 ἐστιν,
994 444 1033 480 οὐ
1063 445 1124 489 τ’ῆς
1144 441 1272 494 κυρίως

235 500 400 549 κινήσεώς
428 501 541 546 ἐστιν,
570 499 660 538 ἀλλὰ
690 498 749 537 καὶ
776 499 941 551 γενέσεως
975 501 1035 539 καὶ
1052 505 1181 554 φθορᾶς
1211 501 1272 539 καὶ

235 560 321 603 ὅλως
342 560 456 606 πάσης
491 558 698 609 μεταὸολῆς·
728 557 779 596 διὸ
807 558 867 597 καὶ
897 559 1073 611 προελθὼν
1108 559 1223 612 ὀλίγον
1255 562 1273 598 ὃ

235 618 492 670 (·)30'<ppot0·toc⁷
475 623 588 664 ςητεῖν
606 618 673 655 δεῖν
694 632 779 668 φησι
797 616 878 669 περι
896 620 964 656 τῶν
986 618 1168 667 κινήσεων,
1191 620 1219 657 εἷ
1237 619 1273 657 αἱ

236 677 295 714 υὲν
316 675 466 723 κινήσεις
486 675 601 727 εἰσίν,
622 677 658 714 αἱ
676 673 752 713 83⁰
728 690 848 728 ωσπερ
863 675 1032 728 ἐνέργειαί
1053 691 1154 720 τινες.
1175 677 1271 715 Ἀλλ’

234 734 363 784 ὅτιμὲν
386 734 587 786 μεταὸολὴν
612 735 748 786 ἀνάγκη
775 733 910 778 πάντως
939 739 1027 774 εἰναι
1059 751 1122 774 και
1145 737 1179 774 ἐν
1199 738 1274 780 ταῖς

234 800 411 847 σχετικαῖς
445 794 668 846 κατηγορίαις
716 809 784 832 των
822 793 1060 844 ὑποκειμένων
1089 794 1181 833 κατὰ
1213 794 1273 839 τὰς

235 851 387 903 σχέσεις,
408 853 579 905 πρόδηλον
593 882 602 900 ,
638 851 733 904 εἴπερ
755 850 805 902 μὴ
837 850 942 890 ἀΐδιοί
963 854 1047 891 εἰσιν
1077 854 1111 891 αἱ
1130 855 1199 891 τῶν
1221 855 1274 892 οὗ·

235 914 317 949 σιῶν
338 911 415 950 κατ’
447 911 555 955 αὐτὰς
586 910 648 955 τὰς
678 910 830 962 σχέσεις.
856 912 901 950 Εἰ
929 926 987 949 ουν
1010 911 1273 962 μεταὸάλλουσι

234 971 313 1009 κατ’
334 969 441 1014 αὐτὰς
461 971 496 1008 αἱ
514 969 651 1019 οὐσίαι,
671 969 693 1016 ἢ
715 968 806 1008 κατὰ
830 970 963 1044 γένεσιν
985 970 1044 1008 καὶ
1062 969 1213 1043 φθορὰν...
1213 971 1272 1007 αὐ-

233 1028 293 1072 τὰς
314 1029 448 1102 ἀνάγκη
470 1027 737 1078 μεταὸάλλειν
718 1045 740 1075 η
763 1028 854 1067 κατὰ
874 1028 1023 1076 κίνησιν,
1045 1030 1141 1102 εἴπερ
1171 1032 1272 1067 αὗται

235 1088 396 1141 οιᾳοοραὶ
425 1086 624 1138 μεταόολης
658 1087 728 1125 υπὸ
750 1091 809 1125 τοῦ
831 1087 1086 1139 Ἀριστοτέλους
1116 1090 1154 1127 ἐκ
1189 1089 1275 1127 διαι-

235 1147 359 1196 ρέσεως
371 1146 633 1198 παραδίδονται·
655 1145 745 1185 ἀλλὰ
760 1147 915 1198 γίνεσθαι
931 1146 989 1185 τὸν
1011 1146 1191 1198 ἄνθρωπον
1212 1149 1273 1185 οὐκ

233 1205 275 1244 ἂν
296 1207 475 1257 λέγοιμεν,
496 1206 577 1245 ὅταν
599 1206 784 1246 δακτύλιον
806 1209 993 1258 περιθῆται
1013 1206 1035 1253 ἢ
1057 1209 1136 1244 κατ’
1162 1207 1272 1254 ἄλλην

234 1264 443 1316 μεταὸάλλῃ
464 1264 609 1316 σχέσιν,
631 1264 721 1302 ὥστε
752 1268 920 1302 κινεῖσθαι
940 1264 1074 1314 ἀνάγκη
1095 1263 1185 1302 κατὰ
1204 1265 1266 1309 τὰς

231 1323 392 1367 τοιαύτας
412 1323 607 1372 μεταὸολάς
620 1351 630 1370 ,
653 1324 731 1361 κατ’
760 1322 864 1361 ἄλλον
897 1322 933 1362 δὲ
952 1321 1080 1375 τρόπον
1097 1326 1159 1369 τῆς
1178 1338 1210 1361 κ·
1205 1323 1273 1369 ,νή-

233 1397 319 1425 σεως
339 1385 356 1420 ὁ
378 1381 543 1431 Εὔδημος
558 1384 652 1430 εἰπε,
679 1381 738 1418 καὶ
754 1382 792 1418 οὔ
809 1380 888 1418 κατ’
908 1383 1058 1429 ἐκεῖνον,
1079 1380 1155 1420 καθ’
1176 1380 1213 1419 ὃν
1236 1384 1271 1420 αἱ

231 1440 322 1479 κατὰ
337 1440 486 1478 διάθεσιν
500 1438 692 1488 μεταὸολαὶ
711 1438 876 1490 γίνονται.
887 1438 960 1477 Καὶ
975 1438 1043 1490 γὰρ
1057 1438 1117 1477 καὶ
1138 1439 1240 1483 αὐτὸς
1255 1443 1272 1479 ὃ

232 1499 471 1551 Ἀριστοτέλης
492 1497 621 1568 προϊὼν
641 1497 702 1543 τὴν
722 1497 902 1544 ἀποὸολην
924 1500 965 1549 τῇ
985 1498 1129 1550 λήψῃ’
1115 1497 1271 1536 εναντίαν

231 1552 320 1596 εἷναί
339 1572 448 1610 φησι,
471 1557 530 1594 καὶ
562 1555 762 1607 μεταὸολὰς
784 1555 914 1600 ταύτας
941 1556 1032 1601 ἀξιοῖ
1051 1558 1189 1604 καλεῖν,
1216 1556 1273 1595 λέ-

231 1632 301 1668 γων
322 1617 382 1667 (p.
402 1630 495 1666 229,
515 1617 553 1653 b.
587 1615 666 1665 12)·
688 1614 740 1653 διὸ
766 1614 896 1664 γένεσις
916 1618 1026 1667 φθορᾷ·
1051 1615 1192 1654 ἐναντία
1212 1615 1272 1654 καὶ

233 1674 390 1722 ἀποὸολὴ
415 1675 532 1727 λήψει.
554 1669 667 1712 Αῧται
685 1673 721 1712 δὲ
743 1673 938 1723 μεταὸολαὶ
963 1673 1041 1725 μέν,
1060 1674 1216 1721 κινήσεις
1235 1674 1271 1713 δὲ

232 1733 286 1774 οὔ.
308 1735 352 1773 Εἰ
373 1733 408 1772 δὲ
436 1733 598 1786 βούλεταί
618 1749 668 1778 τις
685 1734 766 1785 μηδ’
797 1731 884 1777 ὅλως
904 1732 1040 1780 κίνησιν
1067 1734 1101 1771 ἐν
1129 1733 1273 1778 ταύταις

233 1797 324 1832 εἶναι
351 1798 428 1837 ταῖς
457 1792 706 1844 κατηγορίαις,
743 1793 868 1842 μηκέτι
901 1791 967 1839 τὴν
994 1791 1194 1842 μεταὸολὴν
1227 1794 1273 1837 εἷς

233 1853 338 1902 μόνας
351 1852 482 1904 γένεσιν
502 1851 562 1890 καὶ
583 1851 730 1912 φθορὰν
731 1851 790 1889 καὶ
807 1850 940 1898 κίνησιν
963 1850 1159 1925 διαιρείτῳ,
1182 1851 1273 1889 ἀλλὰ

231 1911 447 1962 προστιΟέτω
467 1926 500 1948 τι
518 1910 579 1948 καὶ
597 1909 682 1948 ἄλλο
697 1903 784 1953 εἶδος
801 1909 839 1947 τὸ
859 1914 936 1953 ταῖς
956 1910 1047 1947 κατὰ
1067 1910 1186 1962 σχέσιν
1209 1925 1272 1961 με-

230 1969 394 2027 ταὸολαῖς
425 1969 661 2022 ἐφαρμόττον,
699 1967 789 2007 ὥστε
815 1967 877 2015 τὴν
906 1968 968 2019 μὲν
995 1968 1029 2012 ἐξ
1049 1970 1114 2020 οὐχ
1134 1970 1272 2006 υποκει-

234 2028 336 2078 μένου
366 2031 413 2072 εἰς
440 2029 664 2079 ὑποκείμενον
692 2026 892 2078 μεταὸολὴν
913 2027 1044 2079 γένεσιν
1073 2030 1161 2065 εἶναι
1175 2028 1272 2076 ,τὴν

233 2085 268 2124 δὲ
286 2085 348 2131 εξ“
335 2087 562 2137 υποκειμένου
584 2088 631 2131 εἷς
648 2087 714 2139 οὐχ
733 2085 959 2137 ὑποκείμενον
984 2086 1134 2138 φθοράν,
1155 2085 1217 2133 τὴν
1236 2087 1271 2125 83

233 2145 356 2193 λοιπὴν
391 2146 452 2193 τὴν
484 2146 519 2191 ἐξ
542 2145 769 2196 ὑποκειμένου
796 2147 843 2190 εἷς
874 2145 1099 2195 ὑποκείμενον
1129 2146 1273 2197 διαιρεῖ-

234 2211 312 2245 σθαι
331 2206 378 2249 εἴς
395 2221 433 2244 τε
453 2205 515 2252 τὴν
540 2205 629 2244 κατὰ
651 2204 801 2243 διάθεσιν
821 2204 864 2252 ἣν
886 2204 1019 2251 κίνησιν
1046 2203 1134 2249 ἀξιοῖ
1152 2205 1272 2243 καλεῖν

232 2266 249 2301 ὁ
269 2263 506 2314 Ἀριστοτέλης
525 2264 584 2302 καὶ
600 2265 646 2307 εἷς
664 2264 726 2310 τὴν
749 2263 841 2301 κατὰ
858 2262 976 2314 σχέσιν
993 2262 1036 2309 ἣν
1051 2262 1191 2311 κίνησιν
1209 2262 1272 2313 μὲν

236 2322 445 2375 ἀπαγορεύει
479 2324 620 2374 καλεῖν,
646 2324 691 2366 ὡς
723 2321 886 2390 οὐδεμίαν
927 2320 1169 2382 ἐμφαίνουσαν
1212 2337 1272 2359 του

233 2380 461 2434 ὑποκειμένου
481 2381 633 2434 τροπήν,
651 2380 708 2420 διὰ
726 2380 760 2419 83
778 2381 815 2418 τὸ
838 2379 886 2430 μὴ
906 2383 1041 2418 κεῖσθαι
1063 2379 1172 2430 ὄνομα
1188 2379 1273 2418 ιδιον

233 2455 282 2477 τω
297 2455 354 2477 του
385 2439 501 2489 γένους
526 2439 672 2490 ὀνόματι
706 2439 903 2490 μεταὸολην
924 2439 984 2478 καὶ
1015 2438 1126 2486 αὐτην
1157 2441 1270 2480 καλεῖ.

238 2497 309 2535 Καὶ
341 2496 497 2535 τοῦτοδὲ
521 2491 644 2546 ἀληθὲς
678 2493 777 2549 οἶμαι
810 2498 947 2550 λέγειν,
975 2501 1019 2542 ὡς
1042 2500 1070 2536 εἶ
1107 2497 1152 2536 τὰ
1182 2498 1273 2536 κατὰ

237 2556 340 2608 μέρος
357 2556 542 2607 κινούμενα
560 2559 608 2608 μὴ
635 2558 721 2603 ἀξιοῖ
742 2560 820 2596 καθ’
845 2558 933 2597 αὑτὰ
953 2557 1062 2609 λέγειν
1081 2561 1274 2606 κινεῖσθαι,

235 2615 325 2654 ἀλλὰ
344 2621 414 2659 τοῖς
435 2615 525 2653 κατὰ
553 2617 774 2666 συμὸεὸηκὸς
801 2619 1011 2666 κινουμένοις
1043 2616 1172 2659 ταύτας
1193 2632 1274 2655 συν-

235 2674 369 2721 τάττει,
390 2675 508 2726 πολλῷ
531 2676 661 2723 μᾶλλον
676 2676 721 2714 τὰ
741 2677 832 2714 κατὰ
850 2676 968 2728 σχέσιν
987 2676 1076 2727 [γὰρ
1093 2675 1137 2714 τὰ
1157 2675 1271 2714 ἄλλων

234 2734 445 2782 κινουμένων
480 2734 589 2786 αὐτὰ]
629 2735 894 2785 μεταὸάλλοντα
923 2737 984 2774 οὐκ
1010 2736 1048 2774 ἂν
1073 2751 1165 2774 ειποι
1193 2739 1270 2775 καθ’

234 2792 324 2832 αυτὰ
338 2795 517 2831 κινεῖσθαι·
541 2793 622 2845 περὶ
642 2794 678 2831 δὲ
697 2810 765 2833 των
787 2797 863 2833 καθ’
885 2795 974 2833 αὑτὰ
998 2795 1209 2845 κινουμένων
1229 2798 1272 2842 ἠν

233 2857 254 2901 ἡ
275 2852 437 2915 ζήτησις,
460 2850 551 2890 ὥστε
574 2852 641 2891 κᾶν
674 2870 679 2878 ¹
713 2853 940 2905 Θεόφραστος
966 2857 1000 2893 ἐν
1021 2854 1150 2899 πάσαις
1183 2857 1273 2892 εἶναι

275 2986 325 3017 56.
347 2985 379 3015 ls
411 2982 512 3023 igitur
544 2983 674 3022 motus,
703 2982 762 3024 qui
791 2982 825 3014 in
852 2983 1011 3025 qualitate
1041 2986 1113 3025 est,
1136 2985 1274 3017 variatio

233 3042 277 3075 sit
300 3053 308 3074 ε
329 3041 393 3074 hoo
414 3040 501 3073 enim
520 3049 692 3072 eommune
709 3049 827 3072 nomen
853 3041 882 3073 ei
907 3041 1100 3083 impositum
1119 3044 1180 3076 est.
1200 3044 1275 3075 Jam

234 3111 313 3135 vero
332 3100 526 3143 qualitatem
543 3109 607 3132 non
629 3109 703 3133 eam
726 3109 825 3140 voco,
847 3109 923 3142 quae
949 3100 982 3132 in
1008 3100 1192 3134 substantia
1223 3103 1273 3134 est

234 3159 378 3198 (etenim
393 3159 580 3192 differenua
601 3159 744 3201 qualitas
763 3159 852 3199 est),
873 3159 930 3191 sed
953 3168 1025 3191 eam
1042 3168 1117 3201 quae
1136 3162 1186 3193 est
1202 3170 1273 3202 pas-

233 3219 321 3258 siva,
354 3227 421 3261 qua
442 3219 511 3260 pati
542 3218 664 3251 dicitur
689 3218 816 3260 aliquid
844 3218 902 3249 aut
934 3217 1115 3259 impatibile
1138 3229 1217 3252 esse.
1241 3222 1273 3253 Is

233 3279 346 3310 autem
363 3277 421 3319 qui
442 3279 492 3310 est
519 3277 554 3309 in
576 3277 780 3318 quantitate,
800 3275 966 3308 communi
984 3277 1120 3318 quidem
1143 3279 1272 3311 nomine

234 3338 341 3375 earet,
371 3336 431 3369 sed
452 3345 584 3377 earum,
611 3336 646 3369 in
670 3345 754 3378 quas
772 3335 942 3373 dividitur,
973 3335 1118 3376 partium
1140 3338 1272 3370 nomina

235 3398 352 3439 habet3
369 3407 510 3440 quarum
528 3398 631 3431 altera
644 3398 794 3435 acerelio,
813 3397 916 3429 altera
926 3395 1107 3428 deminutio
1127 3399 1272 3439 appella-

206 3503 210 3507 ·
238 3458 309 3499 tur3
324 3467 362 3491 ea
378 3458 526 3501 quidem,
545 3467 612 3502 qua
633 3458 675 3490 ad
692 3457 870 3502 perfectam
889 3453 1056 3491 acceditur
1071 3458 1272 3499 magnitudi-

909 235 1107 278 EUDEMI
1134 235 1311 276 RHODII
1339 235 1689 278 PERIPATETICI

1332 324 1418 377 λέγῃ
1438 330 1515 369 ταῖς
1534 322 1759 377 κατηγορίαις
1781 321 1843 370 τὴν
1869 322 2024 372 κίνησιν,
2048 323 2252 377 ἀδιορίστως
2270 313 2407 376 εἶκρ
2402 344 2425 366 -·,-

1335 383 1442 435 μήπω
1458 383 1547 434 μήτε
1562 383 1624 430 τὴν
1641 381 1777 430 κίνησιν
1797 383 1859 428 τ’ῆς
1874 381 2071 431 μεταὸολῆς
2087 382 2174 435 διορ.
2177 398 2259 430 σοις,
2283 382 2372 431 ,ιητι
2391 387 2413 419 ἰ
2434 388 2445 429 J

1332 443 1372 482 τὸ
1402 444 1478 482 καθ’
1498 442 1582 481 αυτὸ
1609 441 1668 480 καὶ
1688 441 1726 479 τὸ
1757 440 1847 479 κατὰ
1869 439 2106 491 συμὸεὸηκός.
2135 440 2242 480 Ἀλλα
2258 456 2372 481 ταυτα
2422 443 2427 463 ‘

1336 500 1398 552 μὲν
1419 501 1478 540 ἐπὶ
1498 500 1602 540 πλέον
1629 499 1820 550 ζητείσθω,
1850 498 1948 550 εἴπερ
1973 498 2061 544 δόξει
2095 499 2270 547 ζητήσεως
2290 499 2371 547 ἄξια

1334 561 1391 599 διὰ
1410 560 1472 606 τὴν
1494 562 1529 598 ἐν
1550 561 1666 602 αὐτοῖς
1685 561 1752 597 τῶν
1775 557 1950 607 ἐξηγητῶν
1970 558 2216 609 παραδρομήν.
2233 559 2247 611 )

1387 632 1435 659 56.
1468 617 1512 658 ‘H
1537 618 1598 669 μὲν
1627 611 1685 656 οὖν
1707 615 1799 655 κατὰ
1830 616 1869 654 τὸ
1903 615 2000 654 ποιὸν
2025 615 2158 663 κίνησις
2189 616 2373 670 ἄλλοίηρκ

1334 678 1434 717 ἔστω·
1447 681 1548 716 τοῦτο
1568 675 1634 729 γὰρ
1656 676 1858 721 ἐπέζευκται
1876 674 1988 714 κοινὸν
2010 673 2137 724 ὄνομα.
2155 675 2262 727 Λέγω
2278 672 2316 716 δὲ
2332 673 2374 721 εὖ

1334 737 1432 776 ποιὸν
1452 738 1489 774 οὐ
1506 735 1545 775 τὸ
1565 738 1599 774 ἐν
1618 739 1660 787 τῇ
1683 735 1783 788 οὐσίᾳ
1807 734 1886 786 (καὶ
1905 733 1973 787 γὰρ
1993 737 2015 781 ἡ
2043 733 2372 788 διαφορὰποιότῇῷ

1335 797 1425 836 ἀλλὰ
1445 796 1484 835 τὸ
1509 795 1722 843 παθητικόν,
1744 794 1821 833 καθ’
1841 793 1859 832 ὃ
1878 794 2017 846 λέγεται
2033 793 2182 845 πάσχειν
2203 791 2228 840 ἢ
2244 792 2376 840 ἀπαθὲς

1335 849 1435 897 εἶναι.
1497 855 1543 894 Ἤ
1566 853 1602 893 δὲ
1628 853 1718 892 κατὰ
1740 853 1778 892 τὸ
1802 852 1931 903 ποσόν,
1951 851 1990 890 τὸ
2013 851 2075 903 μὲν
2097 851 2209 890 κοινὸν
2237 850 2376 893 α’νάινωι

1336 931 1414 965 μον,
1436 913 1517 953 καθ’
1537 914 1708 965 ,ἑκάτερον
1742 912 1770 951 δ’
1801 911 1942 959 αὔξησις
1972 911 2033 950 καὶ
2054 909 2178 963 φθίσις,
2200 913 2222 958 ἡ
2243 909 2306 961 μὲν
2323 904 2376 956 εἰς

1334 973 1373 1012 τὸ
1401 973 1532 1012 τέλειον
1560 973 1701 1024 μέγεθος
1734 970 1887 1018 αὔξησις,
1923 973 1945 1017 ἡ
1978 970 2009 1008 δ’
2039 971 2078 1008 ἐκ
2105 968 2228 1008 τούτου
2247 967 2372 1021 φθίσις.

1338 1032 1383 1072 Ἦ
1405 1031 1440 1071 δὲ
1462 1030 1554 1070 κατὰ
1584 1032 1688 1070 τόπον
1710 1030 1771 1069 καὶ
1791 1029 1831 1068 τὸ
1851 1029 1964 1068 κοινὸν
1994 1027 2054 1067 καὶ
2074 1027 2114 1067 τὸ
2137 1027 2221 1067 ἴδιον
2244 1026 2374 1067 ἀνώνυ·
2419 1067 2423 1070 ,

1336 1107 1414 1142 μος,
1438 1091 1527 1130 ἔστω
1550 1090 1584 1129 δὲ
1606 1090 1695 1143 φορὰ
1715 1088 1915 1139 καλουμένη
1946 1087 1986 1126 τὸ
2016 1087 2149 1126 κοινόν·
2175 1086 2290 1126 καίτοι
2316 1085 2375 1137 λε’-

1336 1149 1436 1202 γεταί
1471 1166 1510 1200 γε
1539 1153 1651 1188 ταῦτα
1672 1147 1837 1201 φέρεσθαι
1860 1147 1947 1198 μόνα
1981 1146 2126 1200 κυρίως,
2147 1145 2239 1184 ὅταν.
2248 1143 2301 1197 μή
2321 1146 2365 1186 ἐπ

1336 1212 1450 1252 αὐτοῖς
1467 1225 1488 1260 ῃ
1509 1207 1547 1246 το
1571 1210 1694 1254 στῆναι
1717 1211 1787 1250 τοῖς
1809 1205 2070 1255 μεταὸάλλουσι
2089 1203 2146 1242 τὸν
2163 1203 2292 1252 τόπον,
2313 1201 2376 1243 καὶ

1334 1267 1399 1306 ὅσα
1416 1266 1464 1317 μὴ
1487 1265 1577 1304 αὐτὰ
1595 1264 1701 1303 ἑαυτὰ
1722 1264 1810 1303 κινεῖ
1826 1263 1918 1302 κατὰ
1937 1262 2053 1303 τόπον.

1389 1325 1637 1377 (AriStoteles
1660 1324 1779 1374 Phys.
1809 1323 1879 1362 lib
1902 1322 1944 1358 V.
1981 1335 2067 1374 cap.
2090 1335 2112 1360 2
2145 1335 2186 1372 p.
2215 1321 2330 1372 226,

1335 1385 1383 1422 26
1403 1385 1465 1423 ed.
1487 1384 1646 1421 Bekffken.
1668 1382 1887 1433 Simplicius
1910 1381 1978 1419 sol.
1996 1394 2084 1419 202.
2101 1378 2142 1420 b.
2159 1379 2209 1418 cf.
2227 1333 2397 1437 Scholt

1334 1444 1371 1480 in
1394 1443 1552 1481 Aristot.
1588 1456 1629 1494 p.
1661 1443 1750 1491 399.
1776 1440 1813 1478 b.
1842 1440 1904 1480 ed.
1926 1437 2122 1491 Brandis.)
2143 1440 2178 1478 ἐν
2205 1436 2338 1483 τούτοις
2356 1440 2377 1478 ὃ

1334 1500 1497 1552 Εὔδημος
1519 1498 1744 1551 προστίθησιν
1762 1528 1772 1545 ,
1805 1498 1858 1536 ὅτι
1892 1504 2005 1537 πᾶσαι
2029 1500 2065 1537 αἱ
2086 1498 2239 1546 κινήσεις
2259 1499 2377 1540 ndu!

1336 1558 1528 1610 μεταὸολαὶ
1547 1558 1616 1597 ἀπὸ
1634 1561 1693 1596 τοῧ
1714 1559 1761 1601 εἷς
1779 1556 1797 1595 ὃ
1821 1558 1953 1608 μᾶλλον
1972 1556 2134 1609 λέγονται
2147 1586 2158 1606 ,
2175 1557 2198 1604 ἢ
2223 1556 2294 1596 ἀπὸ
2313 1560 2375 1598 τοῦ

1334 1618 1368 1663 ἐξ
1389 1613 1441 1658 οῧ.
1499 1616 1652 1663 Αὔξησις
1672 1615 1732 1666 μὲν
1754 1619 1776 1662 ἦ
1794 1615 1851 1653 ἐπὶ
1872 1615 1910 1654 τὸ
1930 1615 2038 1666 μέγα,
2062 1614 2204 1666 μείωσις
2223 1614 2260 1654 δὲ
2280 1618 2303 1662 ἡ
2316 1614 2375 1655 ἰπὶ

1333 1676 1371 1715 τὸ
1389 1674 1524 1728 μικρόν,
1543 1675 1601 1713 καὶ
1619 1674 1675 1713 ἐπὶ
1698 1673 1915 1718 ἀλλοιώσεως
1943 1675 2108 1725 μάθησις,
2130 1674 2296 1726 ὃγίανσις,
2313 1675 2376 1716 καὶ

1333 1736 1390 1774 ἐπὶ
1409 1737 1476 1773 τῶν
1497 1728 1588 1773 κατὰ
1606 1733 1729 1780 τόπον,
1747 1734 1794 1775 εἷς
1814 1732 1970 1781 Ἀθήνας,
1990 1733 2037 1777 εἷς
2055 1732 2218 1785 Κόρινθον
2239 1734 2376 1785 μᾶλλον

1333 1793 1355 1840 ἢ
1377 1794 1566 1833 ἀνάπαλιν.
1602 1793 1726 1830 Petita
1745 1801 1832 1830 sunt
1852 1792 1932 1830 haec
1954 1805 2001 1830 ex
2019 1792 2144 1832 Arist.
2169 1792 2288 1843 Phys.
2306 1791 2374 1834 lib.

1333 1850 1780 1912 V....cap1p22l0..b
1812 1865 1845 1898 7.

1386 1925 1433 1952 57.
1465 1911 1559 1985 Ἅμα
1578 1910 1640 1983 μὲν
1662 1913 1721 1949 οὖν
1744 1909 1884 1960 λέγεται
1907 1909 2003 1947 ταῦτ’
2026 1902 2115 1947 εἶναι
2141 1909 2235 1949 κατὰ
2256 1909 2377 1958 τόπον,

1334 1971 1435 2010 ὅσα’
1421 1987 1455 2010 εν
1477 1970 1526 2009 ἔνι
1549 1969 1646 2022 τόπῳ
1664 1969 1736 2007 ἐστὶ
1757 1969 1898 2022 πρώτῳ,
1915 1969 2022 2021 χωρὶς
2042 1968 2102 2020 δέ,
2119 1967 2184 2008 ὅσα
2199 1970 2234 2008 ἓν
2253 1969 2376 2023 ἑτέρῳ.
2382 1966 2386 1968 ’

1388 2028 1639 2081 (Aristoteles
1663 2028 1779 2078 Phys.
1806 2027 1879 2066 lib.
1901 2026 1946 2066 V.
1981 2040 2070 2078 cap.
2091 2000 2113 2065 3
2148 2040 2188 2078 p.
2207 2030 2303 2068 226.
2319 2027 2365 2069 b.

1336 2104 1380 2127 21
1404 2089 1463 2126 ed.
1484 2088 1646 2125 Bekker.
1665 2085 1887 2136 Simplicius
1906 2086 1973 2124 fol.
1993 2086 2083 2126 203.
2101 2085 2144 2123 b.
2162 2085 2203 2124 τὸ
2218 2086 2286 2138 γὰρ
2298 2086 2374 2139 ἅμα

1334 2146 1533 2199 συναγωγὸν
1553 2146 1632 2198 ἔχον
1654 2144 1784 2184 ἔννοιαν
1804 2143 1924 2183 καὶτὰ
1959 2143 2203 2198 κεχωρισμένα
2233 2145 2376 2198 συνάγοι

1334 2206 1356 2254 ἢ
1393 2205 1545 2258 ἀκριὸῶς
1575 2204 1598 2251 ἢ
1634 2203 1845 2257 παχύτερον,
1878 2203 2028 2256 ἀκριὸῶς
2063 2204 2147 2253 μέν,
2195 2202 2278 2242 ὅταν
2314 2203 2377 2245 καὶ

1311 2273 1315 2276 “
1335 2266 1419 2305 αὐτὸ
1437 2265 1589 2317 ἀκριὸῶς
1611 2263 1686 2315 ἅμα
1712 2262 1878 2315 λέγηται,
1896 2278 1953 2301 τον
1974 2261 2032 2301 ἕνα
2063 2263 2123 2301 καὶ
2141 2267 2300 2316 προσεχῆ
2317 2264 2374 2304 1.·όό

1333 2344 1396 2366 πον
1409 2325 1560 2378 ἀκριὸῶς
1576 2325 1766 2374 σημαῖνον·
1785 2319 1983 2374 παχύτερον
1995 2321 2043 2369 δέ,
2058 2321 2139 2360 ὅταν
2152 2322 2186 2359 ἐν
2169 2322 2377 2380 διαφόροις

1336 2386 1414 2435 μέν,
1438 2384 1493 2445 oq)
1530 2381 1603 2425 ἐνὸς
1628 2381 1664 2419 δέ
1684 2395 1775 2422 τινος
1799 2377 2071 2431 περιεχομένοις,
2095 2380 2129 2416 ἐν
2163 2381 2193 2431 ᾡ
2214 2379 2375 2430 λέγονται

1336 2444 1410 2493 ἅμα
1431 2446 1538 2489 εἰναι,
1559 2434 1655 2478 οἶον’
1641 2455 1675 2477 εν
1694 2437 1786 2490 οἰκίᾳ
1805 2438 1863 2476 καὶ
1881 2436 2002 2475 πόλει·
2021 2436 2230 2490 κυριώτερον
2245 2436 2282 2476 δὲ
2297 2435 2375 2489 ἅμα

1333 2502 1473 2552 λέγεται
1493 2500 1537 2539 τὰ
1558 2501 1592 2537 ἐν
1614 2498 1776 2536 ἐλάσσονι
1795 2499 1843 2548 τῷ
1860 2499 1977 2549 αὐτῳ·
2000 2495 2045 2535 τὰ
2068 2496 2135 2549 γὰρ
2163 2498 2199 2535 ἐν
2220 2499 2263 2550 τῇ
2286 2498 2375 2549 αὐτῇ
2403 2537 2410 2545 ,

1334 2560 1427 2613 οἰκία
1451 2561 1518 2598 τῶν
1539 2560 1573 2597 ἐν
1589 2559 1631 2609 τῇ
1649 2557 1737 2608 αὐτῇ
1770 2535 1870 2594 πόλει
1889 2556 2099 2608 κυριώτερον
2119 2555 2196 2607 ἅμα
2213 2539 2376 2608 λέγεται,

1334 2617 1394 2656 καὶ
1416 2619 1476 2664 τῆς
1496 2615 1606 2659 οἰκίας
1627 2613 1670 2653 τὰ
1685 2616 1718 2652 ἐν
1733 2616 1782 2666 τῷ
1800 2614 1894 2666 αὐτῷ
1915 2613 2095 2663 οἰκήματι,
2114 2613 2174 2651 καὶ
2193 2616 2253 2652 τοῦ
2269 2616 2376 2654 unvai?

1335 2675 1526 2726 οἰκήματος
1545 2674 1588 2712 τὰ
1610 2675 1644 2713 ἐν
1667 2672 1776 2726 μέρει.
1813 2672 1884 2711 Καὶ
1902 2671 2020 2715 ἅπλῶς
2040 2671 2084 2709 τὰ
2103 2673 2137 2710 ἐν
2156 2672 2270 2726 μέρει.
2302 2673 2377 2712 Καὶ

1335 2735 1456 2779 ἁπλως
1482 2733 1560 2772 τὰ’
1546 2750 1579 2771 εν
1606 2749 1656 2771 τι)
1685 2731 1815 2783 πρώτῳ
1839 2730 1960 2783 ἀτόμῳ
1975 2731 2026 2768 τῶ
2053 2731 2147 2782 αὖτῳ
2166 2733 2216 2768 τῶ
2245 2730 2296 2781 μὴ
2315 2731 2376 2770 καὶ

1339 2793 1430 2832 ἄλλα
1453 2791 1602 2842 σώματα
1625 2789 1747 2843 στερεὰ
1760 2788 1975 2851 περιέχοντι,
1996 2788 2061 2828 κᾶν
2083 2789 2150 2842 ἀῃρ
2175 2804 2226 2834 τις
2256 2785 2280 2843 ᾗ
2297 2806 2375 2842 με-

1335 2851 1430 2900 ταξυ,
1446 2850 1512 2890 κᾶν
1538 2850 1586 2901 μὴ
1608 2852 1738 2902 συνεχῒι
1758 2865 1781 2902 ῃ
1800 2848 1888 2900 μηδὲ
1913 2848 2095 2899 ἁπτόμενα
2114 2852 2226 2888 ταῦτα
2249 2849 2377 2902 κυρίως

1336 2992 1423 3020 nem,
1441 2980 1598 3019 acerelio.
1615 2989 1655 3013 ea
1669 2987 1759 3019 vero,
1770 2987 1837 3021 qua
1853 2978 1896 3010 ab
1913 2977 1976 3010 hae
1987 2977 2161 3016 receditur,
2180 2977 2374 3013 deminutio.

1335 3044 1376 3075 At
1394 3043 1422 3074 is
1444 3041 1503 3084 qui
1521 3043 1572 3074 est
1591 3041 1626 3073 in
1643 3039 1731 3079 loco,
1752 3041 1786 3071 et
1807 3038 1972 3070 communi
1994 3038 2124 3071 nomine
2139 3040 2230 3071 caret
2249 3041 2284 3072 et
2297 3039 2377 3082 proi-

1334 3104 1416 3146 prio,
1436 3103 1527 3135 Latio
1545 3103 1657 3134 autem
1684 3099 1849 3132 communi
1867 3098 1997 3131 nomine
2012 3101 2231 3142 nuncupetur,
2251 3108 2373 3142 quam-

1336 3172 1438 3206 quam
1461 3172 1499 3195 oa
1529 3161 1598 3194 sola
1619 3159 1748 3203 proprie
1767 3158 1847 3192 ferri
1874 3157 2040 3196 dicuntur,
2061 3157 2095 3191 in
2116 3157 2251 3200 quibus,
2269 3167 2374 3202 quum

1332 3224 1464 3255 mutant
1484 3222 1604 3258 locum,
1622 3228 1687 3252 non
1707 3220 1757 3251 est
1772 3217 1873 3250 situm
1892 3219 1928 3249 ut
1944 3216 2143 3257 consistant,
2157 3218 2191 3249 et
2209 3225 2284 3259 quae
2299 3217 2372 3251 low

1332 3291 1367 3315 se
1384 3282 1455 3324 ipsa
1475 3291 1539 3314 non
1558 3281 1702 3313 movent.

1374 3344 1423 3373 57.
1447 3340 1561 3374 Simul
1585 3337 1687 3380 igitur
1718 3346 1756 3370 ea
1782 3336 1855 3369 loco
1874 3345 1945 3369 esse
1969 3335 2137 3376 dicuntur,
2158 3344 2235 3378 quae
2254 3345 2318 3370 uno
2335 3343 2369 3370 m

1330 3400 1401 3432 loco
1432 3403 1509 3433 sunt
1530 3399 1654 3442 primo,
1682 3405 1838 3432 seorsum
1866 3399 1978 3430 autem
2002 3405 2039 3429 ea
2069 3405 2147 3438 quae
2167 3395 2202 3428 in
2231 3394 2370 3430 diversit
2394 3429 2398 3437 ,

1328 3461 1405 3492 sunt
1420 3459 1511 3493 locifl.
