2508 3776
294 253 771 307 ΑΝΔΡΟΝΙΚΟΥ
815 255 964 308 ΤΟΥ
1009 258 1274 313 ΡΟΔΙΟΥ

338 382 695 426 ΦΙΛΟΣΟΦΟΥ
728 383 1226 433 ΠΕΡΙΠΑΤΗΤΙΚΟΥ

607 518 725 558 ΠΕΡΙ
757 520 948 562 ΠΑΘΩΝ.

314 721 431 767 Πάθος
464 721 558 761 ἐστὶν
579 722 701 774 ἄλογος
732 724 847 776 ψυχῆς
883 723 1017 773 κίνησις
1051 726 1095 764 δι’
1130 725 1300 779 ὑπόληψιν

255 786 363 820 κακοῦ
394 781 416 828 ἢ
438 784 570 832 ἀγαθοῦ
587 813 598 834 ,
623 783 682 821 καὶ
702 782 799 834 παρὰ
821 782 922 836 φύσιν
954 788 997 837 τῇ
1033 786 1124 837 ὁρμῇ
1156 785 1300 825 πλεονά-

255 841 380 883 ζουσα·
408 839 430 887 ἢ
454 839 561 885 πάθος
592 840 685 880 ἐστὶν
717 841 839 893 ἄλογος
875 843 992 895 ψυχῆς
1022 843 1157 891 κίνησις
1190 846 1299 896 χωρὶς

253 899 447 970 λογισμοῦᾶ
443 914 496 981 Ι,τε
512 898 571 938 καὶ
586 899 731 951 κρίσεως
748 900 1012 976 ἐπιτελουμένη·
1032 900 1054 949 ἢ
1078 900 1217 946 πάθος’
1202 903 1294 941 εστὶν

253 957 429 1010 ἐπίκαιρος
443 957 596 1012 ι’ψυχῆς
616 957 744 1012 ὄρεξις,
778 960 824 1003 εἷς
844 959 947 999 ποιὰν
969 960 1150 999 διάνοιαν“
1173 960 1276 1006 ἔξωθε
1263 977 1295 999 ιν

253 1018 438 1068 ἐπιθυμίαν
474 1017 725 1067 λαμὸάνουσα,
757 1021 827 1056 οἱον
862 1018 954 1067 λύπη
969 1047 980 1066 ,
1021 1019 1147 1067 ἡδονή,
1177 1019 1298 1073 φόὸος,

253 1076 449 1126 ἐπιθυμία·
469 1077 530 1115 καὶ
553 1075 722 1122 καθόλου,
738 1078 783 1120 ὣς
802 1077 886 1115 αὐτὸ
903 1078 942 1116 τὸ
972 1077 1081 1128 ὄνομα
1099 1078 1252 1127 δηλοῒ,“
1232 1095 1297 1118 οσα

251 1137 434 1187 πάσχομεν
454 1136 545 1174 κατὰ
572 1135 635 1183 τὴν
657 1135 777 1181 ἔξωθεν
806 1137 1074 1187 ἐπισύμπτωσιν
1097 1139 1167 1176 τῶν
1186 1153 1298 1191 πραγ-

252 1195 384 1245 μάτων.
405 1194 459 1234 Τὸ
476 1195 543 1248 γὰρ
561 1194 685 1247 κυρίως
710 1193 817 1239 πάθος
838 1194 960 1240 ἔξωθεν
980 1202 1071 1246 πᾶν,
1092 1195 1151 1234 καὶ
1175 1197 1210 1234 ἐν
1231 1212 1294 1247 με-

251 1253 382 1306 ταὸολῇ
400 1253 415 1277 ‘¹
435 1257 478 1307 τῇ
499 1253 566 1293 ὑπό
583 1269 672 1298 τινος
691 1253 797 1293 ἄλλου
817 1258 989 1299 κινοῦντος
1006 1268 1013 1276 ·
1037 1254 1082 1294 τὰ
1102 1254 1137 1292 δὲ
1156 1255 1296 1305 γενικώ-

250 1327 339 1350 τατα
360 1313 454 1359 πάθη
475 1313 629 1365 τέσσαρα
642 1344 652 1361 ,
673 1312 767 1361 λύπη
782 1341 792 1359 ,
812 1313 914 1365 φόὸος
927 1343 938 1361 ,
970 1313 1152 1364 ἐπιθυμία,
1171 1314 1292 1362 ἡδονή.

304 1371 464 1422 (Scripsi
490 1386 498 1409 :
522 1376 536 1394 ⁸
566 1372 763 1423 λογισμοῦ]
786 1386 873 1410 cum
891 1373 975 1412 cod.
1007 1386 1047 1419 a;
1065 1373 1148 1410 cod.
1168 1372 1206 1411 b.
1230 1374 1294 1411 λο-

247 1432 398 1481 γισμῶν.
421 1430 503 1460 -b
523 1430 723 1484 ἐπίκαιρος]
749 1431 837 1470 cod.
863 1445 898 1470 a.
931 1432 1144 1484 ἐπικαίρου,
1169 1432 1209 1472 b.
1237 1433 1294 1471 ἐπὶ

247 1491 383 1540 καιροῦ.
405 1495 483 1518 —e
503 1488 679 1541 διάνοιαν]
712 1504 799 1528 cum
827 1490 912 1528 cod.
935 1504 984 1538 a;
1009 1491 1096 1529 cod.
1114 1491 1155 1530 b.
1180 1490 1292 1530 διάθε·

247 1561 315 1586 σιν.
337 1548 421 1575 —d
455 1546 660 1600 μεταὸολῆ]
695 1562 784 1585 cum
816 1548 904 1587 cod.
941 1562 982 1596 a;
1007 1549 1113 1587 deest
1133 1550 1171 1587 in
1201 1549 1289 1591 cod.

250 1604 289 1644 b.
310 1605 382 1656 —)

644 1663 754 1717 ’Ὄρος
770 1664 886 1713 λύπης

297 1721 403 1772 Λύπη
435 1722 496 1774 μὲν
518 1727 575 1762 οὖν
594 1725 686 1763 ἐστιν
704 1725 826 1775 ἄλογος
835 1723 1018 1785 nouorum·
1038 1724 1061 1772 ἢ
1083 1724 1163 1770 δόξα
1180 1726 1291 1779 πρόσ-

245 1796 349 1833 φατος
372 1785 481 1821 κακοῦ
506 1782 723 1835 παρουσίας,
750 1782 803 1835 ἐφ’
831 1785 859 1836 ᾡ
874 1777 977 1823 ᾶοῖόν
998 1799 1035 1822 τε
1054 1785 1124 1823 δεῖν
1145 1785 1290 1824 συστέλ-

243 1840 379 1879 λεσθαι.

642 1898 751 1953 (Ὀρος
773 1900 892 1953 adeon.

296 1957 412 2003 Φόὸος
430 1958 566 1997 δ’ἐστὶν
587 1959 710 2012 ἄλογος
734 1958 893 2005 ἔκκλισις
911 1976 919 1985 ·
939 1962 963 2008 ἢ
981 1962 1072 2015 φυγὴ
1091 1961 1160 2001 ἀπὸ
1181 1978 1288 2016 προσ-

244 2017 444 2068 δοκωμένου
464 2019 591 2058 δεινοῦ.

597 2075 706 2129 (Ὀρος
725 2077 923 2128 ἐπιθυμίας.

295 2135 489 2183 Ἐπιθυμία
510 2135 603 2176 ἐστὶν
623 2135 744 2185 ἄλογος
764 2135 892 2185 ὄρεξις·
912 2135 934 2183 ἢ
957 2136 1067 2183 δίωξις
1087 2138 1288 2190 προσδοκω-

242 2194 345 2245 μένου
365 2195 510 2245 ἀγαθοῦ.

630 2251 739 2304 τὈρος
758 2255 894 2300 ἠδονης.

293 2310 426 2357 Ἡδονὴ
442 2309 478 2349 δὲ
503 2310 666 2384 ἄλογος”
648 2327 794 2373 επαρσις
808 2342 818 2359 ,
834 2311 856 2359 ἢ
880 2311 958 2356 δόξα
982 2312 1181 2366 πρόσφατος
1202 2315 1287 2365 ἀγα-

241 2373 300 2408 θοῦ
320 2369 512 2421 παρουσίας
530 2372 582 2424 ἔ’φ
602 2373 631 2420 ᾡ
652 2365 722 2410 οἷόν
737 2387 775 2409 τε
792 2371 861 2409 δεῖν
882 2371 1106 2412 ε’κτείνεσθαι.

611 2429 700 2475 Εἴδη
722 2429 758 2467 δὲ
785 2428 909 2476 λύπης.

292 2486 440 2538 Ἔλεος,
473 2487 621 2541 φθόνος,
660 2490 785 2537 ζῆλος,
823 2488 1039 2541 ζηλοτυπία,
1079 2490 1279 2542 δυσθυμία,

240 2546 399 2599 συμφορά
416 2577 426 2594 ,
454 2549 580 2599 ἄχθος,
615 2547 719 2599 ἄχος,
753 2548 1011 2598 σφακελισμός,
1043 2549 1180 2597 πένθος,
1202 2550 1281 2589 δυσ-

238 2606 421 2657 χέρανσις,
437 2605 602 2657 ὄχλησις,
626 2606 755 2653 ὀδύνη,
775 2606 874 2654 ἀνία,
896 2607 1130 2657 μεταμέλεια,
1152 2608 1280 2661 σύγχυ-

240 2679 311 2712 σις,
338 2664 492 2714 ἀθυμία,
515 2664 605 2713 ἄση,
628 2665 788 2715 νέμεσις,
821 2666 1012 2720 δυσφορία,
1038 2666 1136 2719 γόος,
1170 2670 1281 2721 βαρυ

238 2721 367 2773 θυμία,
385 2723 555 2770 κλαῦσις,
580 2724 737 2775 φροντίς,
761 2727 887 2768 οἶκτος.

291 2779 466 2832 (Scripsi
490 2788 523 2820 :³
542 2783 594 2834 ἐφ’
613 2786 640 2820 ω
655 2783 723 2821 οἱον
744 2799 781 2822 τε
793 2783 806 2836 ]
832 2798 919 2822 cum
942 2787 1031 2825 cod.
1056 2800 1100 2834 a;
1130 2786 1218 2827 cod.
1241 2786 1280 2826 b.

238 2840 290 2891 ἐφ’
312 2834 382 2878 οἷόν
402 2855 450 2879 τε.
467 2839 540 2892 -)

587 2898 693 2951 θὈροι
717 2902 785 2939 τῶν
807 2903 920 2941 εἷδων.

291 2954 417 3000 Ἔλεος
441 2955 503 3007 μὲν
534 2951 591 2995 οῧν
627 2959 698 2996 ἐστι
720 2959 814 3007 λύπη
849 2962 904 2998 ἐπ’
937 2961 1128 3015 ἀλλοτρίοις
1160 2969 1281 3008 κακοῖς

239 3014 385 3060 ἀναξίως
407 3015 603 3069 πάσχοντος
620 3017 763 3057 ἐκείνου.

290 3075 424 3118 Φθόνος
445 3074 480 3114 δὲ
512 3073 607 3123 λύπη
638 3076 691 3114 ἐπ’
722 3077 911 3129 ἀλλοτρίοις
942 3080 1101 3131 ἀγαθοῖς·
1134 3080 1156 3128 ἢ
1186 3081 1278 3130 λύπη

237 3133 295 3173 ἐπι
314 3137 356 3184 τῇ
375 3136 444 3172 τῶν
465 3136 627 3172 ἐπιεικῶν
646 3135 832 3188 εὐπραγίᾳ.

292 3194 405 3239 Ζῆλος
425 3191 460 3232 δὲ
479 3192 575 3240 λύπη
607 3193 664 3232 ἐπὶ
683 3196 734 3246 τῷ
756 3196 913 3247 ἑτέρουςὃ
940 3197 1125 3248 τυγχάνειν
1144 3192 1192 3236 ὧν
1216 3200 1280 3237 αὐ-

1533 280 1929 342 ANDRONIGI
1973 284 2231 346 Rnonu
2292 243 2295 245 ’

1514 408 1847 454 PHILOSOPHI
1884 409 2268 461 PERIPATETICI

1585 524 1653 564 DE
1681 522 2002 566 AFFECTIBUS
2034 526 2199 568 LIBER.

1404 718 1553 752 Affectus
1583 721 1633 752 est
1672 719 1772 751 animi
1801 722 1912 752 motus
1935 730 1956 753 a
1986 723 2077 754 recta
2115 723 2242 757 ratione
2267 732 2405 759 aversus

1362 780 1495 820 propter
1531 777 1697 820 quandam
1729 778 1807 810 mali
1847 782 1905 811 aut
1952 779 2028 812 boni
2074 781 2293 823 suspicionem
2334 783 2404 817 sive

1362 837 1661 879 exspectationem,
1693 839 1724 870 et
1752 839 1873 879 praeter
1914 841 2067 872 naturam
2102 841 2250 883 appetitu
2283 841 2406 876 insole-

1362 904 1456 928 scens
1477 909 1485 928 ι
1513 898 1571 928 aut
1602 895 1742 928 affectus
1769 898 1819 929 est
1851 897 1950 930 animi
1983 901 2093 932 motus
2127 909 2146 932 a
2166 902 2257 934 recta
2279 901 2404 936 ratione

1362 963 1498 987 aversus
1532 954 1770 987 inconsiderate
1801 956 1957 998 nulloque
1984 957 2108 999 judicio
2132 958 2292 992 exsistens
2312 971 2320 992 :
2344 961 2403 992 aut

1362 1012 1503 1046 affectus
1532 1015 1582 1045 est
1611 1014 1829 1055 temporarius
1862 1016 1962 1048 animi
1998 1018 2163 1060 appetitus
2200 1019 2404 1054 extrinsecus

1363 1072 1482 1118 injecta
1507 1074 1606 1105 certae
1638 1074 1810 1115 quusdam
1837 1072 2043 1118 cogitationis
2068 1078 2251 1121 cupiditate
2271 1079 2402 1115 inflam-

1361 1133 1490 1164 matus:
1516 1132 1609 1165 verbi
1631 1143 1740 1174 causa,
1765 1135 1869 1175 dolor,
1890 1137 2052 1179 voluptas,
2070 1140 2190 1177 metus,
2207 1138 2371 1182 cupiditas
2391 1149 2400 1172 :

1361 1194 1394 1225 et
1413 1192 1555 1232 omnino,
1575 1195 1614 1225 ut
1631 1194 1694 1226 hoc
1709 1194 1820 1236 ipsum
1841 1205 1959 1229 nomen
1970 1196 2125 1236 declarat,
2145 1197 2256 1231 omnia
2279 1197 2402 1241 quihus

1360 1250 1523 1284 afficimur
1556 1254 1691 1286 externo
1736 1263 1848 1287 rerum
1897 1258 2109 1298 superventu.
2151 1259 2235 1291 Nam
2269 1257 2400 1301 proprie

1357 1310 1463 1342 omnis
1491 1309 1631 1344 affectus
1662 1311 1868 1346 adventicius
1885 1315 1946 1353 est,
1976 1316 2077 1357 atque
2093 1315 2128 1348 in
2143 1315 2400 1355 commutatione

1358 1370 1463 1402 alieno
1485 1370 1629 1413 impulsu
1658 1370 1776 1405 effecta
1803 1373 1971 1414 oonsistit;
2001 1376 2078 1407 sunt
2115 1376 2227 1408 autem
2258 1364 2400 1409 affectus

1358 1429 1577 1471 vulgatissimi
1620 1433 1793 1473 quattuor,
1835 1433 1939 1472 dolor,
1973 1435 2093 1473 metus¹
2131 1432 2314 1476 cupiditas,
2337 1443 2398 1467 vo-

1357 1489 1477 1532 luptas.

1723 1676 1853 1708 Doloris
1872 1675 2030 1710 definitio.

1396 1732 1496 1765 Dolor
1513 1733 1648 1775 quidem
1668 1737 1718 1767 est
1744 1745 1763 1767 a
1792 1738 1882 1768 recta
1909 1736 2035 1770 ratione
2055 1746 2171 1771 aversa
2188 1738 2289 1772 animi
2315 1748 2395 1772 con-

1353 1791 1471 1824 tractio
1502 1805 1509 1824 :
1530 1794 1589 1825 aut
1618 1802 1704 1826 nova
1726 1793 1768 1826 de
1787 1794 1876 1844 malo
1900 1795 2056 1836 praesenti
2085 1798 2243 1839 concepta
2271 1797 2392 1840 opinio,

1351 1850 1383 1882 in
1401 1860 1468 1893 quo
1486 1851 1556 1884 fieri
1580 1853 1704 1893 potest,
1729 1854 1767 1884 ut
1790 1853 1920 1886 animus
1946 1853 2191 1888 contrahendus
2215 1855 2269 1889 sit.

1721 1911 1875 1944 Definitio
1891 1913 2016 1946 metus.

1394 1970 1504 2002 Metus
1520 1972 1631 2004 autem
1654 1972 1704 2003 est
1733 1980 1753 2003 a
1774 1973 1865 2004 recta
1896 1971 2022 2006 ratione
2050 1981 2166 2007 aversa
2191 1973 2390 2008 declinatio:

1351 2030 1409 2060 aut
1430 2028 1567 2071 periculi
1583 2030 1715 2071 praevisi
1734 2029 1821 2072 fuga.

1677 2091 1833 2124 Definitio
1853 2091 2054 2133 cupiditatis.

1394 2148 1568 2190 Cupiditas
1585 2150 1636 2181 est
1663 2159 1683 2182 a
1711 2151 1802 2182 recta
1824 2150 1951 2183 ratione
1983 2159 2100 2184 aversa
2127 2151 2285 2195 appetitio
2304 2163 2311 2185 :
2332 2154 2390 2186 aut

1351 2209 1427 2241 boni
1460 2208 1640 2250 exspectati
1662 2209 1869 2242 consectatio

1692 2270 1721 2300 V
1722 2268 1879 2310 oluptatis
1893 2268 2049 2301 definitio

1396 2309 1556 2350 Voluptas
1589 2310 1640 2341 est
1671 2319 1689 2340 a
1712 2312 1800 2341 recta
1834 2310 1970 2342 ratione
1994 2319 2111 2343 aversa
2136 2311 2237 2348 animi
2257 2312 2355 2360 elatio
2380 2322 2386 2342 ε

1354 2353 1411 2382 aut
1441 2360 1525 2382 nova
1552 2350 1592 2382 de
1626 2351 1707 2382 lono
1738 2351 1892 2392 praesenti
1919 2354 2074 2399 concepta
2102 2352 2229 2394 opinio,
2259 2353 2294 2386 in
2322 2363 2390 2397 quo

1352 2391 1418 2424 fieri
1447 2394 1570 2434 potest,
1597 2394 1633 2423 ut
1657 2392 1786 2424 animus
1803 2391 1981 2433 eligendus
2005 2393 2057 2426 sit.

1728 2433 1858 2465 Dolonis
1872 2433 1997 2466 formae.

1387 2492 1619 2530 Misericordia,
1643 2492 1777 2531 invidia,
1806 2493 1898 2532 livor,
1916 2493 2124 2532 obtrectatio,
2141 2493 2313 2535 aegritudo,
2331 2503 2386 2528 ca-

1346 2551 1486 2590 lamitas,
1503 2552 1664 2592 molestia,
1686 2561 1820 2590 moeror,
1846 2552 2024 2591 iracundia,
2039 2552 2160 2591 luctus,
2185 2553 2383 2592 stomachus,

1346 2611 1561 2654 perturbatio,
1599 2611 1766 2649 anxietas,
1799 2611 1952 2651 tristitia,
1982 2613 2192 2654 poeniteutia,
2223 2612 2382 2651 confusio,

1345 2671 1445 2703 animi
1471 2670 1626 2712 dejectio,
1656 2670 1827 2708 moestitia,
1863 2671 2061 2713 indignatio,
2084 2672 2300 2714 impatientia,
2331 2672 2383 2704 la-

1344 2729 1520 2770 mentatio,
1546 2729 1730 2767 morositas,
1752 2729 1858 2768 ssetus,
1884 2730 2080 2769 sollicitudo,
2102 2730 2277 2764 miseratio.

1650 2909 1841 2955 Formarum
1861 2908 2072 2941 definitiones.

1384 2967 1608 3000 Misericordia
1640 2967 1773 3010 quidem
1805 2969 1855 3000 est
1876 2967 1969 3000 dolor
1996 2976 2037 3000 ex
2065 2966 2179 3000 alienis
2206 2966 2302 3000 malis
2324 2975 2380 2999 ac-

1342 3029 1468 3069 ceptus,
1495 3036 1598 3069 quum
1624 3027 1706 3059 alter
1729 3026 1858 3068 indigne
1874 3026 2008 3068 patitur.

1382 3086 1509 3119 Invidia
1530 3088 1639 3118 autem
1671 3079 1763 3118 d'olor
1794 3088 1843 3118 est
1877 3095 1917 3118 ex
1945 3084 2059 3118 alienis
2076 3083 2170 3116 bonis
2190 3085 2343 3125 acceptus
2368 3091 2376 3112 ε

1339 3148 1397 3179 aut
1420 3146 1512 3178 dolor
1531 3146 1563 3178 in
1586 3146 1745 3178 bonorum
1765 3145 1936 3178 hominum
1969 3144 2124 3177 felicitate
2147 3145 2272 3185 captus.

1382 3206 1478 3238 Livor
1506 3214 1584 3238 vero
1615 3205 1708 3238 dolor
1733 3207 1782 3237 est
1814 3214 1854 3237 ex
1885 3204 1990 3237 aliena
2020 3203 2180 3236 bonorum
2213 3211 2289 3245 quae
2314 3202 2378 3245 ipsi

238 3252 293 3296 τὸς
314 3253 496 3303 ἐπιθυμεῖ·
524 3252 547 3300 ἢ
570 3252 664 3301 λύπη
683 3253 740 3293 ἐπὶ
763 3256 812 3306 τῷ
841 3253 959 3298 ἄλλοις
991 3256 1173 3309 ὑπάρχειν,
1197 3260 1277 3307 ἡμῖν
1338 3264 1564 3297 desideramus
1597 3265 1768 3307 adeptione
1792 3265 1946 3305 acceptus
1973 3274 1982 3295 ε
2006 3265 2064 3296 aut
2082 3263 2185 3301 dolor,
2214 3262 2302 3304 quod
2321 3261 2377 3294 alii

239 3311 274 3349 δὲ
292 3313 354 3361 μή.

291 3367 397 3411 Ἔστι
430 3369 466 3409 δὲ
496 3371 597 3418 ζῆλος
624 3374 851 3425 μακαρισμοῦ
877 3371 937 3411 καὶ
963 3372 1185 3421 ἀστειότητος
1205 3389 1212 3397 ·
1250 3374 1273 3422 ἢ

1340 3323 1461 3356 habent
1489 3332 1564 3366 quae
1594 3323 1658 3365 ipsi
1680 3332 1744 3354 non
1772 3322 1942 3354 habemus.

1380 3382 1440 3413 Est
1459 3383 1572 3414 autem
1593 3381 1677 3414 livor
1704 3379 1846 3413 hominis
1871 3380 2012 3413 alterum
2036 3379 2171 3413 beatum
2194 3378 2374 3422 praedican-

1259 3447 1338 3487 570
