2508 3776
230 226 310 264 516
817 211 819 213 ’
1086 219 1366 260 ANDRONicl
1394 220 1578 260 Ruoon

226 310 353 362 τιμήν,
376 309 436 348 καὶ
452 308 541 348 κατὰ
561 308 607 347 τὰ
634 307 804 361 χρήματα
820 320 829 330 ·
848 306 940 346 ἀλλὰ
958 306 996 346 τὸ
1023 306 1139 362 ’ἕτερον
1158 308 1268 354 διδοὺς

225 370 264 407 τὸ
283 369 396 418 ἕτερον
417 368 582 422 λήψεται.
619 366 687 407 Διὰ
708 371 807 406 τοῦτο
826 369 876 419 τῷ
906 366 968 418 μὲν
999 367 1080 420 περὶ
1097 368 1270 422 χρήματα

225 426 466 480 ἐλαττουμένῳ
501 426 588 479 ὑπὲρ
612 430 672 465 τοῦ
693 430 806 465 κοινοῦ
822 425 885 473 τὴν
907 425 1011 477 τιμὴν
1030 426 1174 478 νέμουσι
1191 441 1201 452 ·
1220 430 1271 480 τῷ

225 487 260 524 δὲ
283 486 462 539 δωροδόκῳ
483 485 658 539 χρήματα
683 499 692 508 ·
715 486 754 524 τὸ
783 487 861 525 κατ’
889 485 987 530 ἀξίαν
1015 486 1083 539 γὰρ
1112 488 1273 526 ἐπανισοῒ

222 546 281 584 καὶ
301 546 403 591 σώζει
430 545 492 594 τὴν
526 546 643 599 φιλίαν
660 574 672 594 ,
705 545 861 597 καθάπερ
884 545 1034 597 εἴρηται.
1062 547 1193 585 Τοῦτον
1229 545 1270 593 δὴ

222 605 280 643 τὸν
300 605 426 657 τρόπον
448 604 508 643 καὶ
531 611 603 654 τοῖς
628 604 757 648 ἀνίσοις
777 603 886 658 φίλοις
913 604 1119 656 ὃμιλητέον,
1141 604 1199 643 καὶ
1221 609 1271 659 τῷ

223 664 270 707 εἰς
272 663 454 737 χρήματα
474 663 707 717 ὠφελουμένῳ
725 694 736 714 ,
753 661 783 710 ἢ
803 664 849 707 εἷς
867 662 994 715 ἀρετήν
1006 693 1016 711 ,
1039 663 1143 714 τιμὴν
1163 665 1269 703 ἀντα-

220 723 344 761 ποδοτέ
347 739 382 761 ον
395 727 443 777 τῷ
460 726 625 763 τελουντι·
645 722 892 762 ἀνταποδώσει
913 720 950 761 δὲ
968 722 1008 760 τὸ
1027 723 1266 775 ἐνδεχόμενον.

274 782 352 821 *To
368 783 508 821 δυνατὸν
522 783 588 836 γὰρ
604 786 625 830 ἡ
644 783 740 836 φιλία
757 784 923 829 ἐπιζητεῖ,
944 783 982 820 οὗ
999 782 1038 820 τὸ
1056 782 1134 821 κατ’
1156 783 1267 829 ἀξίαν.

222 842 275 880 Οὐ
298 841 365 893 γὰρ
386 841 549 881 δύνανται
571 842 698 885 πάντες
718 839 762 880 τὰ
784 842 862 880 κατ’
887 839 985 885 ἀξίαν
1006 844 1055 879 ὡν
1075 841 1268 893 ὀφείλουσιν

222 900 448 939 ἀποδιδόναι·
465 902 503 940 οὐ
519 901 586 954 γὰρ
603 899 747 939 δυνατὸν
777 899 835 938 ἐπὶ
854 899 994 940 πάντων
1016 899 1056 937 τὸ
1072 899 1149 938 κατ’
1169 900 1268 946 ἀξίαν

221 961 330 1013 εὑρεῖν
342 990 352 1009 ,
368 958 485 1013 ὥσπερ
500 963 534 1000 ἐν
547 966 623 1005 ταῖς
636 960 720 1012 πρὸς
727 959 806 1004 τοὺς
823 958 918 1003 θεοὺς
935 959 994 997 καὶ
1014 958 1136 1010 γονέας
1149 965 1267 1011 τιμαῖς

221 1018 328 1062 οὐδεὶς
348 1018 410 1066 τὴν
429 1019 528 1065 ἀξίαν
556 1020 746 1059 ἀποδοῦναι
781 1018 946 1057 δύναται·
966 1020 983 1055 ὁ
1007 1018 1042 1056 δὲ
1064 1019 1263 1071 θεραπεύων

220 1077 310 1117 κατὰ
329 1077 391 1124 τὴν
413 1079 585 1130 δύναμιν,
617 1079 677 1118 καὶ
704 1079 785 1118 ὅσον
818 1077 969 1125 ἔξεστιν,
995 1077 1149 1125 ἐπιεικὴς
1173 1073 1262 1118 εἶναι

221 1137 327 1177 δοκεῖ.
358 1137 425 1176 Διὰ
453 1142 553 1177 τοῦτο
582 1139 675 1177 δοκεῖ
695 1138 743 1187 μὴ
766 1137 889 1183 ἐξεῖναι
907 1139 970 1190 υἱῷ
994 1137 1131 1191 πατέρα
1153 1139 1259 1177 ἀπεί-

219 1199 370 1241 πασθαι,
389 1196 448 1234 καὶ
482 1197 531 1247 μὴ
561 1199 761 1236 ὕπακοῧσαι
796 1198 875 1250 περὶ
903 1201 1042 1238 ὁτουοῦν
1074 1199 1260 1244 ἀξιοῦντα·

220 1254 274 1293 ἀεὶ
297 1254 364 1307 γὰρ
386 1256 514 1307 ὀφείλει
527 1286 536 1304 ,
555 1257 614 1295 καὶ
635 1256 692 1295 διὰ
706 1262 806 1296 τοῦτο
828 1256 1080 1297 ἀντ-ἀποδοτέον
1098 1259 1152 1298 ἀεί
1172 1272 1180 1282 ·
1203 1261 1260 1299 οὗ·

219 1310 274 1350 δὲν
291 1312 357 1366 γὰρ
375 1314 467 1359 ἄξιον
488 1309 535 1354 ὧν
556 1316 761 1369 εὖεργετήθη
791 1317 935 1368 δέδρακε
967 1318 1051 1370 πρὸς
1074 1317 1130 1356 τὸν
1151 1318 1264 1357 πατέ-

221 1385 277 1422 ρα.
313 1374 377 1425 Τῷ
405 1374 512 1426 πατρὶ
538 1374 574 1413 δὲ
603 1375 819 1414 ἀπείπασθαι
845 1377 902 1414 τὸν
929 1376 1001 1415 υἱόν
1020 1392 1027 1401 ·
1063 1375 1173 1420 ἔξεστι
1200 1378 1267 1431 γὰρ

218 1431 288 1475 τοῖς
308 1432 503 1485 εὐεργέταις
526 1434 605 1478 τοὺς
622 1433 820 1487 ὀφείλοντας
846 1435 1137 1489 ἀποπέμψασθαι.
1158 1433 1264 1481 Ἴσως

219 1489 254 1527 δὲ
276 1492 382 1535 οὐδεὶς
402 1493 519 1542 πατὴρ
541 1493 729 1546 ἀφίσταται
763 1497 823 1532 τοῦ
843 1496 934 1543 υἱοῦ,
957 1498 986 1534 εἷ
1018 1496 1067 1545 μὴ
1085 1495 1268 1548 ὓπερὸαλ-

217 1549 344 1594 λόντως
364 1550 416 1598 εἴη
438 1552 612 1605 μοχθηρός
626 1552 720 1599 ’ἥτε
742 1553 809 1605 γὰρ
831 1554 960 1607 φυσικὴ
984 1554 1080 1608 φιλία
1101 1556 1148 1598 εἷς
1167 1558 1269 1595 τοῦτο

218 1608 367 1659 ἐπείγει,
386 1624 446 1647 και
467 1610 542 1660 ἅμα
565 1611 778 1664 ἀνθρώπινόν
813 1614 886 1650 ἐστι
907 1613 970 1660 τὴν
991 1613 1192 1665 ἐπικουρίαν
1218 1614 1267 1664 μὴ

218 1668 437 1706 διωθεῖσθαι
459 1671 508 1707 τῶ
542 1668 577 1707 δὲ
599 1672 663 1708 υἵῶ
689 1672 899 1725 μοχθηρῶ”
879 1688 950 1711 οντι
976 1672 1147 1724 μισητόν,
1177 1671 1199 1719 ἢ
1232 1674 1270 1711 οὗ

217 1724 293 1763 λίαν
312 1727 545 1772 σπουδάζεται
567 1744 616 1781 τῳ
649 1729 758 1782 πατρὶ
783 1731 977 1782 ἐπαρκεῖν·
999 1732 1030 1769 οἱ
1058 1731 1124 1803 γὰρ
1146 1732 1270 1770 πολλοὶ

217 1787 253 1822 εὖ
274 1786 423 1839 πάσχειν
445 1786 656 1838 βούλονται,-
681 1788 720 1826 τὸ
749 1788 786 1826 δὲ
808 1793 844 1827 εὐ
873 1791 983 1828 ποιεῖν
1013 1789 1195 1843 φεύγουσιν
1224 1794 1271 1835 ὥς

212 1842 431 1889 ἀλυσιτελές.
458 1846 548 1898 Περὶ
578 1847 641 1898 μὲν
673 1851 732 1886 οὖν
770 1847 903 1887 τούτων
935 1848 994 1887 ἐπὶ
1026 1851 1188 1888 τοσοῦτον
1224 1851 1270 1888 εἷ-

219 1903 350 1956 ρήσθω.

271 1963 438 2016 (Scripsi
501 1964 562 2004 καὶ
584 1966 618 2004 ἓν
649 1965 838 2018 κινδύνοις]
871 1968 958 2008 cod.
987 1967 1048 2006 καὶ
1077 1969 1259 2012 κινδύνοις.

218 2045 271 2052 --
327 2024 500 2077 πότερον]
535 2026 620 2064 cod.
657 2026 809 2080 ποτέρῳ,
838 2050 891 2056 »-
915 2045 930 2064 c
962 2027 1113 2080 πορίζων
1131 2030 1144 2079 ]
1179 2029 1266 2067 cod.

218 2082 383 2136 πορίζῳν.
415 2085 498 2114 -d
531 2084 598 2138 γὰρ
635 2084 758 2137 ἔστιν]
793 2086 1029 2125 membranae
1057 2087 1125 2140 γάρ
1160 2089 1265 2126 ἐστιν.

217 2163 271 2172 ⁶—
306 2143 515 2197 δωροδόκῳ]
538 2144 625 2183 cod.
655 2145 851 2198 δωροδοκω.
873 2147 947 2198 -—)

256 2294 275 2312 ¹*
294 2293 339 2325 Τὸ
359 2293 495 2326 δυνατὸν
518 2293 579 2336 γὰρ
597 2296 617 2334 ἡ
637 2294 722 2336 φιλία
741 2295 901 2336 ἐπιζητεῖ,
924 2297 990 2328 κτλ.

1331 315 1441 354 dedit,
1472 314 1615 348 alterum
1646 313 1774 356 accipit.
1795 312 1957 352 Quocirca
1982 313 2013 347 ei
2035 313 2095 357 qui
2117 322 2177 356 pro
2207 312 2375 356 republica

1332 374 1478 417 pecunife
1511 375 1675 416 jacturam
1713 372 1791 406 fecit
1818 373 1976 405 honorem
2002 372 2149 405 habent:
2183 375 2218 405 at
2252 372 2283 406 ei
2317 371 2376 415 qui

1332 434 1524 467 muneribus
1544 434 1673 476 eapitur
1692 433 1866 476 pecuniam
1884 433 1964 466 dant
1981 445 1990 465 ε
2015 432 2185 475 dignitatis
2197 433 2284 466 enim
2303 441 2380 467 con-

1333 493 1475 527 servatio
1492 493 1671 526 amiCItiam
1685 495 1838 535 exaequat
1849 494 1882 525 et
1898 493 2081 529 conservat,
2098 491 2378 535 quemadmodum

1332 552 1488 586 diximus.
1511 555 1581 585 Hoc
1609 552 1709 595 igitur
1726 552 1824 586 modo
1850 552 1951 585 etiam
1979 551 2200 594 inaequalibus
2217 550 2379 585 utendum

1332 614 1382 645 est
1402 612 1531 651 amicis,
1554 613 1587 645 et
1604 612 1634 644 is
1649 612 1707 654 qui
1728 612 1781 645 vel
1805 611 1953 654 pecuniis
1982 611 2036 644 vel
2065 610 2190 643 virtute
2208 610 2250 643 ab
2267 609 2380 653 aliquo

1333 672 1471 713 augetur
1494 673 1528 704 et
1543 673 1691 710 ornatur,
1710 671 1853 704 alterum
1870 680 1889 703 a
1907 679 1974 713 quo
1988 679 2027 703 ea
2043 669 2164 712 accipit
2180 670 2303 703 honore
2324 677 2380 702 re-

1331 731 1497 764 munerari
1513 731 1612 764 debet
1630 744 1637 764 ε
1658 731 1705 763 sic
1720 733 1831 764 autem
1851 731 1968 764 reddet
1984 729 2075 773 quod
2095 725 2215 772 potest.

1374 788 1470 826 Quod
1489 789 1575 821 enim
1593 788 1744 831 praestari
1764 790 1894 831 potest,
1918 798 1982 821 non
2009 797 2076 830 quo
2096 787 2239 830 quisque
2261 785 2382 829 dignus

1333 847 1392 886 sit,
1416 847 1559 880 amicitia
1580 847 1756 881 desiderat.
1790 850 1903 890 Neque
1929 848 2016 881 enim
2041 856 2154 880 omnes
2168 848 2307 889 possunt
2320 854 2382 889 pro

1333 905 1491 948 dignitate
1510 906 1623 940 debita
1647 907 1774 941 solvere
1798 920 1805 939 :
1827 908 1905 950 quia
1931 907 2021 950 quod
2051 906 2085 939 in
2100 906 2254 940 omnibus
2271 905 2381 948 digni-

1334 964 1396 996 tati
1425 965 1526 998 servit
1554 965 1696 1007 reperire
1719 964 1812 998 nefas
1837 967 1910 1006 est,
1927 966 2020 999 velut
2049 966 2084 998 in
2101 965 2238 998 deorum
2265 966 2299 998 et
2321 973 2380 1007 pa·

1334 1024 1464 1055 rentum
1494 1023 1674 1057 honoribus
1702 1033 1798 1067 nemo
1830 1026 1880 1058 est
1903 1025 1964 1067 qui
1990 1025 2146 1057 honorem
2171 1023 2213 1057 iis
2245 1023 2395 1065 dignum*

1332 1081 1476 1115 tribuere
1514 1084 1615 1124 queat
1635 1095 1643 1115 ε
1678 1083 1736 1116 sed
1760 1083 1819 1125 qui
1844 1092 1900 1116 eos
1925 1092 1984 1125 pro
2009 1083 2135 1116 viribus
2160 1083 2194 1115 et
2218 1080 2377 1115 facultate

1335 1141 1437 1181 colat,
1453 1141 1482 1173 is
1494 1142 1618 1183 probus
1632 1143 1665 1174 et
1681 1142 1755 1184 pius
1770 1151 1840 1175 esse
1855 1142 1997 1175 videtur.
2014 1141 2236 1181 Quamobrem
2247 1135 2384 1182 uidetur

1334 1208 1399 1232 non
1415 1193 1514 1232 licere
1532 1200 1598 1232 tilio
1617 1200 1769 1234 abdicare
1788 1203 1938 1243 patrem,
1968 1203 2026 1234 aut
2054 1200 2238 1244 quidquam
2267 1199 2383 1234 eorum

1334 1268 1409 1300 quae
1431 1259 1616 1301 poposcerit
1637 1259 1668 1292 ei
1691 1269 1838 1302 negare:
1866 1270 1995 1303 semper
2027 1260 2114 1294 enim
2135 1258 2252 1299 debet,
2278 1267 2386 1310 quare

1337 1319 1436 1351 etiam
1453 1327 1581 1360 semper
1608 1318 1851 1352 reddendum:
1844 1319 1952 1352 ·nihil
1972 1319 2095 1365 quippe
2114 1327 2262 1362 unquam
2286 1316 2384 1352 besie-

1334 1377 1416 1410 ficiis
1438 1387 1457 1410 a
1480 1379 1574 1419 patre
1605 1378 1747 1420 acceptis
1775 1378 1911 1420 dignum
1944 1378 2111 1421 praestitit.
2155 1378 2275 1411 Contra
2303 1375 2383 1411 vero

1334 1437 1419 1478 patri
1435 1436 1512 1469 lieet
1533 1437 1685 1470 abdicare
1710 1437 1814 1470 filium
1833 1449 1840 1470 ε
1865 1438 1941 1471 licet
1962 1437 2049 1471 enim
2065 1434 2385 1481 beneficiorumanf

1334 1496 1480 1529 ctoribus
1495 1495 1663 1529 debitores
1676 1496 1852 1530 dimittere.
1880 1497 2033 1530 Forsitan
2050 1505 2130 1530 vero
2153 1495 2266 1529 nullus
2286 1496 2384 1538 pater

1333 1554 1480 1588 discedat
1497 1565 1516 1587 a
1540 1555 1607 1587 filio
1623 1581 1630 1593 ‚
1658 1555 1720 1588 nisi
1741 1555 1912 1597 insigniter
1934 1555 2107 1598 improbus
2141 1555 2185 1588 sit
2211 1565 2219 1588 ι
2246 1555 2383 1597 praeter-

1334 1622 1436 1655 quam
1458 1613 1544 1646 enim
1565 1613 1655 1656 quod
1671 1614 1832 1647 naturalis
1855 1614 2000 1647 amicitia
2027 1624 2066 1648 eo
2095 1613 2255 1657 impellit,
2283 1612 2384 1647 simul

1333 1672 1516 1705 humanum
1541 1674 1591 1705 est
1614 1673 1775 1706 auxilium
1793 1683 1858 1706 non
1884 1673 2051 1715 aspernari
2073 1685 2081 1706 ι
2107 1674 2142 1706 at
2159 1672 2267 1713 filius,
2288 1670 2318 1705 si
2338 1671 2383 1705 sit

1334 1730 1505 1773 improbus
1519 1757 1526 1770 ,
1552 1733 1610 1763 aut
1629 1731 1698 1764 odit
1722 1734 1781 1765 aut
1798 1734 1886 1765 certe
1902 1741 1967 1764 non
1987 1731 2166 1765 admodum
2183 1730 2296 1764 studet
2317 1740 2380 1773 pa·-

1333 1789 1377 1821 tri
1402 1788 1488 1822 ferre
1517 1790 1679 1823 auxilium
1711 1803 1719 1823 ε
1754 1791 1905 1833 plerIque
1934 1790 2021 1825 enim
2048 1789 2205 1823 beneficia
2233 1789 2382 1832 accipere

1333 1848 1460 1887 volunt,
1490 1848 1569 1882 dare
1588 1858 1667 1882 vero
1689 1850 1728 1882 ut
1753 1858 1824 1883 rem
1852 1848 2005 1882 inutilem
2033 1846 2177 1890 fugiunt.
2205 1847 2252 1880 Ac
2267 1845 2310 1880 de
2327 1846 2382 1880 his

1333 1907 1470 1949 quidem
1488 1907 1659 1942 hactenus.

2490 635 2502 672 ,ᾖ

2486 678 2502 730 ἐξ
