2508 3776
305 201 383 240 370

296 303 371 329 τους
388 286 525 332 ἄλλους,
553 285 688 325 ὅτανπε
692 289 821 334 ινῶσιν,
837 286 1020 337 ἡδομένους
1033 292 1077 343 τῇ
1101 306 1169 330 των
1189 292 1334 345 βρωμά-

295 361 363 383 των
378 345 485 396 ὀσμῇ,
508 342 617 383 εὈθεν
634 346 760 395 δῆλον,
787 344 840 384 ὅτι
857 347 888 384 οἳ
907 347 985 391 ταῖς
1006 348 1182 394 τοιαύταις
1207 352 1333 399 ὀσμαις

295 403 455 452 ἡδόμενοι
476 402 565 440 κατὰ
583 402 806 454 συμὸεὸηκὸς
820 404 974 452 ἥδονται·
990 406 1079 445 ὅτι’
1060 407 1254 459 ανάμνησις
1269 410 1331 447 αὖ·

292 462 362 505 τοῖς
391 460 524 513 γίνεται
548 478 615 500 των
640 463 835 514 βρωμάτων
857 463 994 512 καὶτῆς
1014 465 1122 514 ἄλλης
1141 467 1331 519 φλυαρίας,

293 525 341 564 οἱς
357 520 499 567 ἥδονται
514 523 544 558 οἱ
569 521 768 560 ἀκόλαστοι.
792 523 908 562 Οὖκὲ
890 538 962 560 εστι
976 522 1091 562 τοίνυν
1106 523 1185 563 οὔτε
1205 527 1253 577 τῷ
1270 527 1332 562 ἀν-

292 579 445 632 Optime-‚2
470 579 548 618 οὔτε
570 581 666 618 ἄλλω
698 579 765 618 τινὶ
792 581 868 633 ζώῳ
885 579 977 619 κατὰ
996 581 1058 626 τὰς
1079 583 1259 633 εἰρημένας
1281 584 1334 620 αἷ-

297 638 435 685 σθήσεις
456 638 586 687 ἡδονή,
609 641 638 677 εἰ
659 638 707 688 μὴ
725 639 817 677 κατὰ
847 639 1080 688 συμὸεὸηκός.
1117 639 1268 685 Ἦδονὰς
1296 641 1332 680 δὲ

290 696 400 749 λέγω,
420 699 500 749 περὶ
521 697 543 735 ἃ
577 701 595 736 ὃ
611 697 801 741 ἀκόλαστός
821 700 912 736 ἐστιν
927 697 950 744 ἢ
964 700 983 736 ὁ
997 698 1156 752 σώφρων.
1179 698 1251 738 Καὶ
1264 698 1331 751 γὰρ

292 757 322 792 οἱ
346 755 461 802 κύνες,
484 757 511 792 εἷ
535 755 594 793 καὶ
613 755 777 808 χαίρουσι
803 762 878 798 ταῖς
907 758 1034 807 ὀσμαῖς
1063 759 1131 796 τῶν
1159 759 1330 810 λαγωῶν,

291 813 367 851 ἀλλ’
388 815 425 852 οὐ
451 815 493 851 δι’
511 813 616 857 αὐτάς
629 843 638 861 ,
655 814 745 852 ἀλλὰ
765 813 821 852 διὰ
835 814 897 861 τὴν
922 817 1067 868 βρῶσιν·
1091 815 1160 854 ἀπὸ
1181 816 1250 869 γὰρ
1270 820 1332 863 τῆς

289 875 403 923 ὀσμῆς
430 872 589 920 αἴσθησιν
623 873 860 923 λαμὸάνοντες
881 877 942 920 τῆς
971 874 1100 927 θήρας,
1134 875 1330 915 διώκουσιν.

286 929 445 982 ςΟμοίως
487 932 522 969 δὲ
557 933 617 970 καὶ
646 935 663 970 ὃ
697 932 785 971 λέων
824 934 889 984 οὐχ
919 931 1040 979 ἥδεται
1074 937 1118 986 τῇ
1151 935 1243 986 ὀσμῇ
1272 939 1331 973 τοῦ

289 989 389 1041 βοός,
413 989 435 1036 ἢ
458 993 500 1041 τῇ
532 1006 649 1043 φωνῃ,
679 990 770 1029 ἀλλὰ
801 994 843 1041 τῇ
877 991 1020 1042 βρώσει·
1056 992 1109 1029 ὅτι
1142 992 1201 1030 καὶ
1232 993 1332 1044 ἐγγύς

287 1048 383 1096 ἐστι,
409 1048 467 1086 διὰ
483 1064 544 1095 της
574 1064 689 1101 φωνης
705 1049 847 1112 ᾔσθετο·
870 1050 977 1088 οὐδὲ
968 1050 1085 1103 χαίρει
1104 1051 1157 1091 ὅτι
1177 1045 1263 1090 εἶδεν
1276 1080 1287 1100 ,
1307 1052 1329 1100 ἢ

286 1109 380 1158 εὗρεν
402 1106 530 1159 ἔλαφον
544 1138 554 1155 ,
577 1107 599 1154 ἢ
621 1106 737 1160 ἄγριον
758 1102 866 1161 αἶγα,
891 1108 943 1147 ὅτι
965 1109 1069 1163 βορὰν
1091 1109 1169 1155 ἕξει.

340 1164 359 1187 *
377 1168 463 1217 Περὶ
479 1166 540 1210 τὰς
566 1167 691 1212 ἡδονὰς
712 1167 839 1215 τοίνυν,
862 1171 911 1205 ὡν
937 1183 1144 1218 κοινωνουμε
1150 1186 1164 1206 ν
1182 1185 1243 1207 και
1262 1175 1350 1216 τοῖς,

285 1223 418 1268 λοιποῖς
432 1224 550 1277 ζῴοις,
571 1227 592 1271 ἡ
622 1225 827 1278 σωφροσύνη
844 1242 902 1264 και
919 1229 940 1273 ἡ
966 1227 1171 1264 ἀκολασία’
1158 1227 1269 1266 εστίν·
1294 1229 1330 1266 αἱ

287 1282 325 1322 δέ
361 1284 447 1322 εἰσιν
477 1283 548 1336 ἁφὴ
582 1284 642 1322 καὶ
672 1288 800 1335 γεύσις.
823 1285 891 1323 Διὰ
915 1300 1015 1323 τουτο
1043 1285 1224 1337 θηριώδεις
1242 1286 1330 1330 τινὲς

286 1343 346 1380 καὶ
381 1342 658 1395 ἀνδραποδώδεις
679 1345 710 1381 οἱ
748 1343 941 1382 ἀκόλαστοι
974 1343 1180 1398 φαίνονται,
1209 1345 1261 1383 ὅτι
1282 1350 1331 1388 οις

284 1401 428 1448 ἥδονται
443 1401 488 1440 τὰ
509 1401 634 1454 θηρία,
656 1402 736 1452 περὶ
757 1403 870 1441 ταυτά
890 1403 974 1441 εἰσιν
994 1404 1170 1455 ἀκρατεῖς.
1185 1403 1330 1443 Ἰούτων

283 1460 319 1498 δὲ
342 1462 475 1511 μᾶλλον
497 1464 540 1513 τῇ
573 1454 646 1514 ἁφῇ
668 1460 832 1509 ἥδονται,
853 1460 875 1507 ἢ
907 1463 949 1512 τῇ
980 1461 1108 1512 γεύσει·
1131 1462 1263 1506 μᾶλλον
1293 1463 1327 1501 δὲ

282 1523 324 1572 τῇ
345 1519 460 1571 γεύσει
483 1520 545 1571 μὲν
565 1522 743 1570 οὐδαμῶς,
767 1519 858 1557 ἀλλὰ
876 1522 918 1571 τῇ
942 1519 1014 1572 ἁφῇ
1039 1519 1157 1570 μόνον.
1182 1519 1295 1561 ’Ὠστε
1314 1528 1327 1546 ⁶

284 1583 472 1620 ἀκόλαστοι
495 1584 532 1620 οὐ
559 1581 661 1632 μόνον
684 1583 718 1620 ἐν
740 1581 816 1625 ταῖς
839 1581 961 1624 ἄλλαις
980 1582 1138 1629 ἡδοναῖς,
1159 1582 1248 1621 ἀλλὰ
1268 1584 1327 1622 καὶ

281 1641 317 1679 ἐν
337 1640 455 1684 σιτίοις
474 1641 533 1679 καὶ
564 1642 598 1678 ἐν
615 1645 744 1684 ποτοῖς.
773 1639 843 1679 Καὶ
857 1639 989 1684 τούτοις
1009 1639 1075 1691 γὰρ
1096 1641 1160 1691 οὐχ
1185 1641 1230 1684 ὡς
1249 1657 1328 1692 γευ-

283 1705 376 1743 στοῖς
394 1692 496 1750 μόνον
512 1696 686 1752 χαίρουσι,
708 1699 873 1751 (γεύσεως
886 1699 952 1752 γάρ
965 1701 1039 1738 ἐστι
1058 1699 1096 1738 τὸ
1114 1701 1229 1750 κρῖναι
1243 1700 1322 1745 τοὺς

282 1759 436 1811 χυμούς,
451 1759 536 1811 ὅπερ
561 1762 712 1797 ποιοῦσιν
726 1760 757 1796 οἱ
775 1757 853 1802 τοὺς
876 1758 985 1801 οἴνους
1005 1758 1251 1807 δοκιμάζοντες
1267 1759 1326 1798 καὶ

284 1822 365 1856 σῖτα
391 1817 461 1870 ὄψα
483 1816 684 1869 ἀρτύοντες,
714 1817 725 1867 )
751 1816 842 1855 ἀλλὰ
868 1817 1002 1865 μᾶλλον
1024 1818 1069 1859 ὡς
1089 1817 1223 1860 ἁπτοῖς.
1259 1818 1326 1857 Διὰ

284 1880 383 1914 τοῦτο
403 1875 463 1913 καί
479 1891 529 1918 τις
547 1875 735 1919 Φιλόξενος
765 1877 783 1912 ὃ
802 1873 998 1926 Ἐρύξιδος,
1020 1873 1034 1896 ‘¹
1055 1874 1228 1927 ὀψοφάγος
1258 1874 1326 1925 ὤν,

280 1933 409 1981 ηὔξατο
437 1934 492 1972 τὸν
515 1934 679 1987 φάρυγγα
711 1935 819 1972 αὑτοῦ
843 1933 1058 1986 μακρότερον
1088 1933 1232 1985 γεράνου
1255 1951 1322 1987 γε-

280 1993 400 2032 νέσθαι
415 2023 426 2041 ,
448 1995 493 2037 ὡς
511 1994 678 2042 ἡδόμενος
699 1994 742 2043 τῇ
765 1993 835 2045 ἁφῇ
858 1995 926 2030 τῶν
947 1992 1056 2045 ὄψων.
1089 1994 1283 2040 Κοινοτοὶτη
1304 1994 1317 2011 ‘³

279 2051 352 2125 γάρ
369 2053 462 2090 ἐστιν
482 2054 505 2099 ἡ
529 2051 599 2104 ἁφὴ
625 2053 659 2090 ἐν
673 2051 802 2095 πάσαις
822 2057 898 2095 ταῖς
925 2051 1137 2098 αἰσθήσεσιν·
1164 2050 1241 2089 ἐπεὶ
1261 2051 1320 2089 καὶ

279 2113 352 2165 ἁφῇ
372 2127 440 2150 τινι
457 2117 571 2150 πᾶσαι
587 2128 622 2151 αι
643 2111 799 2157 αἰσθήσει
803 2127 817 2154 ς
832 2109 1064 2148 αἰσθάνονται.
1083 2108 1172 2162 Περὶ
1192 2109 1320 2158 ταύτην

282 2171 326 2218 δὴ
351 2170 414 2217 τὴν
446 2169 540 2223 ἁφὴν
561 2170 732 2210 ἀκολασία
759 2169 844 2207 ἐστί·
873 2167 931 2207 καὶ
954 2168 1077 2213 δόξειεν
1112 2184 1152 2206 αν
1184 2168 1324 2213 δικαίως

279 2228 510 2272 ἐπονείδιστος
544 2232 652 2278 εἶναι,
678 2226 732 2267 ὅτι
763 2226 949 2277 συμὸαίνει
979 2229 1089 2277 ἡμῖν,
1114 2227 1152 2264 οὗ
1176 2226 1323 2265 καθόσον

277 2288 381 2338 ἐσμὲν
400 2287 600 2340 ἄνθρωποι,
625 2286 716 2325 ἀλλὰ
738 2287 825 2326 καθὸ
849 2289 931 2338 ζῷα·
948 2287 959 2310 f
989 2286 1029 2324 τὸ
1056 2285 1093 2324 δὲ
1122 2291 1191 2328 τοῖς
1210 2286 1321 2324 τοιού-

278 2363 348 2391 τοις
362 2346 496 2399 χαίρειν
517 2345 577 2384 καὶ
595 2345 726 2384 τούτων
750 2346 905 2395 μάλιστα
938 2344 1116 2397 ἐφίεσθαι,
1142 2345 1321 2396 θηριωδες.

282 2405 406 2445 Καίτοι
423 2405 489 2444 εἰσὶ
515 2404 575 2443 καὶ
597 2404 687 2444 κατὰ
711 2405 773 2451 τὴν
799 2403 889 2455 ἁφὴν
911 2402 1097 2455 ἐλευθέριοι
1114 2403 1259 2450 ἡδοναί,
1285 2403 1325 2446 ἃς

279 2468 297 2502 ὃ
323 2464 513 2508 ἀκόλαστος
532 2463 723 2517 ἀφῄρηται·
752 2467 820 2502 οἷον
843 2465 878 2500 αι
900 2463 933 2500 ἐν
953 2468 1024 2504 τοῖς
1044 2461 1246 2513 γυμνασίοις
1266 2461 1324 2501 διὰ

278 2524 425 2578 τρίψεως
441 2539 500 2562 και
521 2523 714 2576 θερμασίας
733 2521 927 2575 γινόμεναι·
950 2522 989 2560 οὗ
1009 2520 1077 2574 γὰρ
1097 2521 1175 2573 περὶ
1195 2527 1264 2559 πᾶν
1285 2521 1323 2560 τὸ

279 2587 404 2635 σῶμα,
423 2582 514 2621 ἀλλὰ
533 2582 616 2635 περί
634 2598 711 2621 τινα
727 2581 829 2635 μέρη.

334 2643 499 2696 (Scripsi
523 2655 531 2681 τ
551 2649 564 2665 ³
580 2642 803 2695 ἀμφότεραι]
825 2641 915 2680 cod.
941 2638 1140 2692 ἀμφότεροι.
1172 2661 1224 2668 -—

279 2703 382 2755 δεσι]
402 2702 524 2740 codex
544 2701 659 2747 ἥδεσι,
676 2723 729 2731 —
746 2707 759 2724 ⁰
779 2699 871 2739 ὥστε
886 2701 902 2751 ]
919 2700 1007 2738 cod.
1027 2699 1132 2750 ὥσγε.
1147 2720 1199 2727 -
1216 2707 1230 2730 d
1249 2700 1322 2737 Φι-

277 2763 439 2807 λόξενοςὸ
454 2761 649 2812 Ἐρύξιδος]
668 2774 715 2798 ex
732 2760 859 2800 Ethic.
878 2759 1041 2798 Eudem.
1057 2758 1131 2806 111,
1148 2772 1187 2805 2,
1205 2770 1320 2808 quam

277 2822 510 2873 scripturam
543 2830 762 2870 agnoscunt
785 2821 900 2857 etiam
927 2819 1132 2856 Athenaeus
1157 2818 1189 2863 I,
1216 2830 1253 2867 p.
1279 2825 1316 2856 6.

280 2881 318 2920 b.
354 2882 396 2918 in
416 2880 550 2918 verbis
585 2878 773 2923 Φιλόξενον
807 2879 864 2917 τὸν
885 2877 1063 2931 Ἐρύξιδος
1099 2885 1136 2914 et
1167 2876 1321 2914 Plutar-

263 2938 375 2978 ¹chus
393 2940 539 2984 Quaest.
564 2938 699 2989 Symp.
722 2937 788 2985 lv,
809 2943 847 2984 4,
868 2951 889 2974 2
909 2934 1089 2988 Φιλοξένῳ
1103 2936 1153 2987 τῷ
1176 2933 1319 2986 Ἐρύξι-

278 2998 350 3046 δος;
372 2998 458 3037 cod.
483 2996 673 3041 Φιλόξενος
696 2997 866 3047 Ἐρύξιος,
889 2998 945 3035 De
971 2997 1047 3034 hoc
1076 2995 1318 3044 Philoxeno,

278 3057 461 3109 Eryxidis
494 3057 595 3102 filio,
617 3056 708 3094 vide
739 3055 932 3093 Mul-etum
961 3056 1003 3092 in
1034 3055 1251 3092 Comment.
1271 3053 1319 3090 ad

279 3117 441 3156 Aristot.
466 3115 592 3153 Ethic.
619 3114 769 3151 Nicmu.
791 3112 858 3152 lib.
885 3112 963 3160 ΙΙΙ,
985 3126 1068 3163 cap.
1093 3125 1139 3149 10
1160 3111 1319 3149 uberius

278 3177 529 3215 disserentem
550 3182 586 3211 et
607 3187 703 3223 quos
722 3173 814 3211 citat
832 3171 1156 3222 Wyttenbachius
1171 3171 1316 3222 Opusc.

277 3235 364 3272 Vol.
403 3237 457 3282 ΙΙ,
476 3247 516 3285 p.
542 3234 619 3270 300
639 3245 721 3283 seq.
742 3252 794 3260 ——
810 3243 823 3260 e
837 3231 1022 3276 κοινοτάτη
1039 3229 1052 3282 ]
1075 3230 1160 3268 cod.
1192 3243 1318 3267 κοινω-

276 3293 382 3342 τάτη.
401 3315 451 3323 —-
471 3290 591 3344 Τζῷα]
612 3292 697 3330 cod.
721 3292 806 3335 ζῶα.
827 3292 909 3339 --)

1240 2639 1324 2686 1245-

320 3449 337 3467 *
357 3444 439 3490 Περὶ
452 3447 508 3483 τὰς
524 3442 674 3481 τοιαύτας
694 3443 727 3475 δὲ
743 3442 861 3482 ἡδονὰς
876 3444 896 3479 ἠ
913 3440 1107 3483 σωφροσύνη
1124 3442 1193 3471 κτλ.

1131 205 1406 247 ANDRONICI
1436 207 1613 248 RHODII

1393 300 1527 341 quidem
1545 301 1596 333 his
1611 301 1754 342 gaudent
1766 302 2028 345 intemperantes,
2050 306 2127 348 quia
2142 306 2183 339 iis
2200 307 2272 340 haec
2287 307 2360 349 ipsa
2373 315 2430 342 ro-

1394 362 1469 385 rum
1490 354 1757 386 desiderabilium
1772 356 1964 389 memoriam
1981 356 2146 393 refricant.
2165 360 2302 393 Cernere
2316 361 2428 394 autem
2484 364 2487 369 '

1393 406 1470 439 licet
1498 407 1598 438 etiam
1623 407 1720 441 alios⁴
1755 417 1859 449 quum
1890 409 2053 450 esuriunt,
2077 421 2119 445 ex
2147 412 2296 446 ciborum
2328 413 2429 447 odore
2486 415 2488 418 ’

1393 468 1508 501 capere
1538 460 1751 502 voluptatem.
1786 461 1878 494 Unde
1909 466 2043 504 apparet
2055 490 2062 502 ,
2098 475 2153 498 eos
2183 466 2243 508 qui
2269 467 2429 509 eiusmodi

1393 512 1548 545 odoribus
1576 513 1737 554 gaudent,
1766 523 1824 556 per
1848 515 1999 548 accidens
2028 516 2185 550 delectari
2214 529 2222 550 ε
2252 518 2426 561 quiaitum

1393 564 1458 596 cibi
1474 567 1507 596 et
1529 564 1667 597 aliarum
1694 565 1816 607 quihus
1844 567 2018 608 capiuntur
2044 568 2240 610 ineptiarum
2262 570 2425 614 intempe-

1394 618 1503 649 rantes
1518 616 1683 649 recordari
1696 618 1811 650 solent.
1851 621 1959 656 Quare
1978 628 2084 661 neque
2106 620 2230 654 homini
2241 615 2347 665 neque
2363 631 2430 668 σω-

1393 668 1472 701 teris
1492 669 1687 702 animalibus
1714 670 1815 702 ullam
1838 679 1953 703 sensus
1977 671 2024 703 illi
2053 681 2137 713 quos
2169 671 2316 707 diximus
2331 674 2428 714 volu-

1392 723 1518 764 ptatem
1536 721 1690 761 asserunt,
1707 723 1769 755 nisi
1781 732 1838 764 per
1851 723 2012 757 accidens.
2030 725 2225 766 Voluptates
2242 727 2354 760 autem
2368 738 2430 762 no-

1393 773 1498 811 mino,
1531 772 1653 814 quibus
1683 774 1742 805 aut
1770 773 1990 815 intemperans
2017 774 2120 807 servit
2150 776 2208 808 aut
2230 772 2426 820 temperans.

1393 820 1520 855 Etenim
1538 831 1650 860 canes,
1669 822 1821 864 quamvis
1845 823 1992 864 leporum
2017 823 2116 856 odore
2132 823 2431 864 delectentur-:hoc

1393 871 1503 902 tamen
1530 880 1595 903 non
1622 870 1732 903 odoris
1755 870 1811 903 sed
1839 871 1903 903 cibi
1932 880 2031 904 causa
2058 872 2122 904 fit:
2149 872 2306 906 nimirum
2324 874 2428 917 quum

1392 919 1473 951 odor
1491 919 1546 953 ille
1575 929 1707 953 sensum
1723 919 1800 952 ferae
1825 920 1866 952 iis
1888 920 2039 962 objiciat,
2069 931 2142 954 eam
2173 926 2426 965 persequuntur.

1393 969 1550 1002 Similiter
1569 969 1667 1002 etiam
1688 969 1738 1002 leo
1753 978 1817 1001 non
1836 969 1930 1002 bovis
1947 969 2045 1002 odore
2061 972 2120 1002 aut
2139 980 2218 1004 voce
2233 971 2425 1013 delectatur,

1392 1017 1449 1050 sed
1465 1020 1562 1059 pastu
1586 1027 1594 1047 τ
1613 1028 1653 1051 ex
1676 1028 1754 1051 voce
1779 1020 1890 1051 autem
1915 1028 1991 1051 eum
2015 1019 2048 1051 in
2066 1020 2250 1063 propinquo
2265 1029 2336 1055 esse
2353 1030 2429 1056 sen-

1391 1069 1432 1101 tit
1450 1081 1458 1101 :
1473 1079 1580 1111 neque
1592 1070 1726 1102 laetatur
1746 1070 1779 1102 in
1805 1070 1869 1102 hoc
1893 1070 1982 1112 quod
1998 1070 2117 1109 viderit
2141 1068 2344 1106 inveneritve
2356 1080 2428 1105 cer-

1390 1128 1480 1158 vum,
1499 1121 1558 1151 aut
1577 1128 1742 1160 capream,
1768 1119 1826 1152 sed
1839 1120 1929 1161 quod
1944 1121 2076 1161 pastum
2091 1121 2267 1155 habiturus
2281 1123 2356 1167 est„

1433 1175 1542 1211 Quare
1558 1173 1592 1206 in
1614 1173 1656 1206 iis
1676 1173 1810 1206 demum
1825 1174 2070 1215 voluptatibus,
2095 1183 2178 1216 quas
2195 1182 2272 1208 eum
2288 1175 2428 1218 romnis

1390 1231 1586 1265 animalibus
1602 1240 1791 1264 communes
1807 1231 1985 1271 habemus,
2004 1233 2219 1274 temperantIa
2233 1233 2380 1267 cernitur
2392 1236 2429 1267 et

1388 1290 1638 1333 intemperantia
1654 1300 1661 1320 τ
1679 1291 1732 1323 hae
1750 1293 1861 1323 autem
1877 1292 1987 1324 tactus
2002 1293 2079 1324 sunt
2092 1293 2126 1324 et
2141 1293 2303 1334 gustatus.
2332 1292 2428 1326 Unde

1390 1350 1490 1382 etiam
1505 1349 1619 1382 bestiis
1636 1349 1758 1383 similes
1772 1351 1806 1383 et
1821 1349 1956 1383 serviles
1972 1350 2214 1393 quodammodo
2225 1357 2298 1385 esse
2307 1351 2428 1398 intem-

1389 1410 1540 1450 perantes
1561 1408 1735 1450 videntur,
1764 1409 1843 1451 quia
1869 1409 1991 1452 quibus
2017 1409 2116 1443 rebus
2143 1409 2428 1445 delectamini-‘he-

1389 1467 1478 1506 stiae,
1497 1476 1611 1500 earum
1637 1467 1851 1510 cupiditatem
1867 1468 1915 1501 illi
1933 1467 2097 1502 refrenare
2114 1478 2180 1502 non
2195 1470 2344 1512 possunt.
2375 1469 2426 1503 Ex
2478 1500 2483 1506 .

1388 1527 1440 1559 h1s
1459 1529 1550 1559 tactu
1568 1527 1671 1569 magis
1689 1537 1788 1569 quam
1810 1529 1942 1569 gustatu
1962 1527 2105 1569 gaudent
2125 1541 2133 1562 ε
2158 1527 2212 1561 vel
2229 1527 2345 1570 potius
2362 1533 2426 1571 gu·-

1388 1588 1477 1619 statu
1487 1596 1695 1629 nequaquam
1707 1613 1714 1625 ,
1733 1587 1790 1620 sed
1801 1589 1893 1619 tactu
1912 1589 2053 1620 tantum.
2074 1588 2296 1626 Quamobrem
2306 1587 2428 1622 intem-

1387 1647 1540 1687 perantes
1568 1655 1632 1678 non
1656 1646 1763 1678 solum
1789 1645 1823 1678 in
1843 1645 1915 1678 aliis
1941 1645 2187 1688 voluptatibus,
2221 1645 2279 1679 sed
2294 1645 2331 1679 in
2353 1646 2428 1680 elbo

1386 1704 1487 1737 etiam
1504 1706 1537 1737 et
1556 1706 1637 1746 potu
1659 1706 1843 1737 versantur.
1882 1704 2012 1737 Etenim
2027 1705 2080 1737 his
2093 1714 2158 1738 non
2167 1706 2206 1737 ut
2223 1707 2324 1748 gustu
2338 1705 2428 1738 dun-

1386 1765 1478 1796 taxat
1507 1763 1715 1805 explorandis
1746 1763 1970 1802 delectantur,
1999 1763 2183 1805 (siquidem
2204 1765 2357 1805 gustatus
2374 1764 2427 1796 est

1386 1822 1516 1864 proprie
1541 1822 1582 1855 de
1598 1822 1770 1864 saporibus
1784 1822 1932 1863 judicare
1943 1848 1950 1861 ,
1977 1822 2069 1864 quod
2086 1820 2214 1855 faciunt
2227 1821 2252 1855 ii
2271 1821 2332 1864 qul
2349 1821 2427 1855 vim

1387 1881 1559 1922 explorant
1576 1882 1610 1913 et
1625 1880 1760 1913 obsonia
1780 1880 1967 1921 condiunt,)
1982 1880 2039 1912 sed
2051 1880 2163 1922 potius
2183 1881 2221 1912 ut
2240 1877 2426 1913 tractabili·-

1386 1940 1459 1972 bus.
1478 1941 1684 1982 Quapropter
1701 1941 1734 1972 et
1749 1939 1949 1972 Philoxenus
1967 1939 2113 1982 quidam,
2133 1938 2313 1980 Euryxidis
2324 1939 2423 1978 iilius,

1386 2000 1594 2033 obsoniorum
1608 2009 1725 2042 gurges
1744 2002 1844 2042 atque
1856 2000 1965 2039 heluo,
1986 2001 2101 2041 guttur
2115 1999 2176 2032 sibi
2194 1999 2322 2041 longius
2336 2000 2428 2041 gruis

1386 2062 1520 2102 gutture
1539 2060 1676 2102 optavit,
1698 2060 1818 2103 quippe
1845 2060 1903 2102 qui
1920 2069 1960 2092 ex
1980 2058 2189 2092 obsoniorum
2203 2060 2296 2091 tactu
2318 2059 2427 2092 maxi-

1386 2130 1474 2152 mam
1496 2122 1626 2162 caperet
1643 2119 1858 2161 voluptatem.
1919 2117 2075 2151 Omnium
2094 2117 2249 2150 videlicet
2271 2121 2426 2150 sensuum
2486 2114 2489 2122 ¹

1382 2178 1529 2211 maxime
1545 2178 1727 2211 communis
1748 2179 1798 2210 est
1816 2178 1951 2218 tactus,
1978 2177 2140 2219 siquidem
2164 2177 2256 2208 tactu
2281 2175 2426 2218 quodam
2487 2181 2490 2192 ¹

1385 2247 1498 2270 omnes
1517 2246 1631 2269 sensus
1644 2238 1829 2269 moventur.
1850 2237 1886 2267 In
1897 2235 1960 2267 hoc
1973 2243 2048 2275 ergo
2066 2235 2159 2265 tactu
2175 2231 2426 2274 intemperantia

1386 2296 1561 2328 cernitur:
1589 2295 1774 2337 meritoque
1800 2293 1907 2335 turpis
1934 2294 1967 2325 et
1984 2291 2140 2334 probrosa
2161 2290 2327 2331 videatur,
2345 2290 2424 2332 quia

1387 2364 1449 2386 non
1461 2363 1527 2395 qua
1537 2354 1702 2392 homines,
1717 2352 1775 2385 sed
1793 2361 1859 2394 qua
1873 2350 2026 2383 animalia
2037 2358 2162 2388 sumus,
2182 2348 2276 2381 nobis
2290 2347 2421 2381 evenit:
2428 2341 2430 2343 ’

1384 2413 1539 2456 quocirca
1557 2412 1680 2445 talibus
1692 2411 1849 2444 delectari
1863 2412 1896 2443 et
1920 2419 1957 2442 ea
1972 2408 2116 2442 maxime
2131 2409 2284 2450 appetere
2297 2406 2424 2439 bellua-

1384 2482 1459 2505 rum
1475 2474 1537 2505 est.
1558 2473 1633 2505 Jam
1650 2480 1730 2505 vero
1746 2472 1779 2503 et
1795 2469 1946 2503 liberales
1960 2467 2114 2511 quaedam
2131 2466 2319 2508 voluptates
2330 2466 2419 2503 sunt,

1384 2541 1459 2574 quae
1477 2532 1511 2564 in
1527 2533 1620 2564 tactu
1640 2531 1842 2566 consistunt.
1862 2528 1920 2562 sed
1933 2527 2054 2570 quibus
2074 2526 2226 2568 privatus
2240 2526 2290 2558 est
2302 2524 2423 2557 intem-
2475 2570 2477 2572 Ι

1383 2601 1500 2634 perans
1515 2604 1522 2624 ε
1540 2590 1633 2624 verbi
1646 2590 1751 2632 gratia
1764 2589 1886 2632 quaein
1902 2587 2079 2630 gymnasiis
2095 2585 2266 2619 fricatione
2284 2586 2318 2617 et
2333 2583 2422 2617 cale-

1384 2650 1522 2683 factione
1541 2649 1719 2691 gignuntur
1748 2662 1755 2681 :
1776 2658 1835 2682 nec
1861 2647 1948 2680 enim
1975 2647 2010 2679 in
2033 2647 2104 2678 toto
2123 2652 2268 2686 corpore,
2301 2641 2363 2697 sed
2384 2641 2417 2673 in

1382 2709 1531 2752 partibus
1550 2707 1748 2750 quibusdam
1763 2708 1874 2740 locum
1891 2705 2048 2739 obtinent.
