2508 3776
296 228 373 267 533ss

285 314 386 362 γειῶν
405 308 610 360 γινομένων,
641 306 700 344 καὶ
718 305 771 344 ὅτι
798 305 832 351 ἐξ
856 299 904 344 ὧν
925 305 1083 357 ἐγένετο,
1104 307 1183 359 περὶ
1204 311 1312 346 ταῦτα

285 367 344 406 καὶ
359 369 506 418 ἐνεργεῖ,
530 364 678 416 εἴρηται.

335 425 352 442 ⁷*
374 423 573 476 Ἀπορήσειε
593 422 622 460 δ’
643 422 683 459 ἄν
699 436 748 465 τις
766 422 840 464 πῶς
855 420 1002 472 λέγομεν
1022 420 1073 460 ὅτι
1089 421 1148 460 τὸν
1172 421 1313 460 θέλοντα

282 483 411 521 δίκαιον
427 482 585 532 γενέσθαι
602 482 654 519 δεῖ
667 479 711 518 τὰ
731 478 851 518 δίκαια
866 484 990 528 ποιεῖν,
1006 478 1066 517 καὶ
1081 478 1137 517 τὸν
1153 477 1314 531 σώφρονα

280 540 323 579 τὰ
356 541 527 594 σώφρονα·
564 541 596 577 οἳ
625 538 692 591 γὰρ
721 536 765 575 τὰ
797 537 926 576 δίκαια·
947 537 1156 589 πράττοντες
1190 537 1315 575 δίκαιοι

280 599 418 642 πάντως
439 597 528 646 εἶσί,
555 596 616 636 καὶ
633 599 663 635 οἵ
683 597 728 636 τὰ
754 595 915 649 σώφρονα
936 594 1125 648 σώφρονεςῖ,
1145 594 1264 648 ὥσπερ
1284 596 1315 632 οἱ

281 658 492 710 πράττοντες
516 656 559 694 τὰ
581 656 729 708 μουσικὰ
749 655 771 703 ἢ
793 654 1042 708 γραμματικά,
1065 653 1224 704 μουσικοί
1244 655 1311 690 εἰσι

280 716 338 754 καὶ
357 714 611 768 γραμματικοί.

334 776 377 797 ²⁵*
401 774 560 825 Λέγομεν
582 773 618 812 δὲ
643 774 729 827 πρὸς
744 776 867 821 τοῦτο,
889 771 941 810 ὅτι
961 770 1120 825 φαίνεταί
1147 786 1199 815 τις
1230 773 1316 809 οὐσα

282 833 428 886 διαφορὰ
458 848 518 871 του
550 832 594 872 τὰ
616 833 733 872 δίκαια
774 835 954 875 ποιοῦντος
979 830 1038 869 καὶ
1071 846 1132 869 του
1160 829 1315 876 δικαίου,

918 889 1121 942 Ἐνδέχεται
1152 889 1219 941 γάρ
1238 904 1316 927 τινα

279 950 523 1004 γραμματικόν
547 966 581 989 τι
611 954 755 998 ποιῆσαι
775 951 797 998 ἢ
819 950 888 988 ἀπὸ
907 949 1036 1001 τύχης,
1056 949 1078 995 ἢ
1102 949 1244 987 ἄλ)ου’
1230 964 1316 987 υπο-

280 1010 450 1061 θεμένου,
476 1009 536 1048 mi
565 1009 614 1059 μὴ
640 1009 885 1063 γραμματικὸν
907 1011 1005 1046 εἶναι·
1024 1007 1121 1045 ἔσται
1137 1006 1173 1045 δὲ
1197 1022 1314 1059 γραμ-

282 1069 450 1119 ματικός,
467 1068 523 1107 ὅτε
533 1068 788 1142 ’,γραμματικόν
822 1082 856 1105 τι
884 1066 1039 1113 ποιήσει,
1063 1067 1122 1103 καὶ
1153 1079 1318 1138 γραμμα-

280 1128 393 1170 τικῶς·
414 1128 508 1164 τουτ’
530 1126 623 1166 ἔστιν
645 1129 839 1165 ἀκολουθῶν
860 1127 910 1163 τῶ
929 1123 1045 1162 κανόνι
1066 1139 1127 1169 της
1152 1126 1186 1162 ἐν
1214 1124 1311 1160 αὐτῶ

280 1188 542 1237 γραμματικῆς.
563 1185 669 1225 Ούτω
685 1186 745 1224 καὶ
764 1184 807 1223 τὰ
827 1184 945 1223 δίκαια
974 1183 1152 1234 ἐνδέχεται
1171 1181 1317 1228 ποιῆσαί

280 1258 356 1282 τινα
369 1273 379 1293 ,
400 1243 459 1281 καὶ
479 1243 528 1293 μὴ
555 1245 686 1283 δίκαιον
706 1237 808 1283 εἶναι.

340 1301 391 1317 ***
414 1303 559 1340 Μᾶλλον
580 1302 616 1341 δὲ
639 1302 763 1352 μείζων
786 1300 878 1338 ἐστὶν
899 1301 933 1337 ἐν
963 1298 1094 1342 τούτοις
1115 1301 1137 1345 ἡ
1169 1298 1317 1351 διαφορὰ

281 1359 338 1398 ἐπὶ
357 1363 418 1407 τῆς
433 1362 556 1412 ἀρετῆς
567 1391 576 1409 ,
598 1360 618 1407 ἢ
638 1359 694 1398 ἐπὶ
710 1361 778 1397 τῶν
794 1360 938 1409 τεχνῶν.
962 1355 1103 1407 Ἀγαθὸν
1118 1355 1184 1408 γὰρ
1201 1357 1236 1393 ἐν
1256 1357 1317 1394 αὖ·

281 1418 356 1461 ταῖς
384 1420 456 1456 ἐστι
482 1424 558 1462 ταῖς
578 1416 759 1470 ἐνεργείαις
780 1418 843 1463 τῆς
864 1415 1002 1467 τέχνης.
1036 1412 1147 1453 ‘'sse-re
1180 1414 1238 1452 ἐάν
1268 1431 1318 1459 τις

282 1476 431 1526 μουσικὰ
461 1479 544 1529 ποιῇ
566 1473 735 1527 μουσικὴν
753 1474 850 1518 εἰδώς
862 1504 873 1525 ,
893 1472 988 1512 οὐδὲν
1010 1472 1135 1511 κωλύει
1153 1474 1317 1521 μουσικὸν

281 1535 383 1573 αὐτὸν
404 1535 600 1585 ὀνομάζειν·
621 1535 694 1573 ἔστι
714 1534 780 1585 γὰρ
802 1531 983 1583 μουσικός,
1005 1531 1065 1569 καὶ
1088 1531 1146 1570 ἐὰν
1163 1531 1212 1582 μὴ
1227 1547 1316 1584 προ-

281 1593 481 1651 αιρούμενος
510 1592 612 1638 αὐτὸς
632 1592 675 1630 τὰ
697 1590 848 1642 μουσικὰ
865 1593 970 1643 ποιῇ,
990 1589 1079 1628 ἀλλὰ
1099 1589 1214 1642 ἑτέρου
1235 1592 1314 1642 βια-

280 1651 434 1700 ζομένου·
453 1651 510 1690 ἐπὶ
539 1651 574 1689 δὲ
594 1654 657 1698 τ’ἧς
682 1652 804 1703 ἀρετῆς
824 1650 890 1701 οὐχ
915 1648 1033 1692 οὕτως.
1083 1648 1154 1687 Καὶ
1169 1648 1239 1701 γὰρ
1259 1649 1317 1687 ἐάν

279 1725 330 1753 τις
353 1710 471 1748 δίκαια
491 1713 572 1762 ποιῇ
585 1739 595 1757 ,
615 1711 677 1748 οὐκ
694 1708 737 1746 ἂν
758 1708 811 1755 εἴη
834 1708 981 1754 δίκαιος,
1004 1708 1062 1745 ἐὰν
1085 1706 1132 1755 μὴ
1148 1707 1231 1758 πρὸς
1249 1707 1318 1751 τοῖς

281 1766 397 1811 ἄλλοις
416 1767 475 1806 καὶ
495 1767 587 1806 πάνυ
608 1767 815 1819 βουλόμενος
838 1769 920 1818 ποιῇ
939 1795 949 1814 ,
968 1767 1029 1804 καὶ
1044 1768 1101 1818 ὑφ’
1125 1768 1247 1805 ἑαυτοῦ
1268 1783 1319 1805 κι-

279 1825 460 1876 νούμενος,
480 1825 540 1864 καὶ
565 1827 630 1877 οὐχ
645 1826 760 1877 ἑτέρου
782 1826 1002 1877 βιαζομένου.
1028 1824 1119 1864 Τότε
1134 1824 1200 1877 γὰρ
1220 1825 1318 1864 ἔσται

281 1885 429 1933 δίκαιος,
446 1887 584 1937 πρῶτον
600 1884 661 1934 μὲν
685 1884 744 1923 ἐὰν
764 1883 902 1936 πράττῃ
922 1883 966 1923 τὰ
987 1883 1120 1931 δίκαια,
1139 1883 1317 1935 γινώσκων

282 1942 304 1980 ἃ
323 1943 482 1994 πράττει·
502 1942 623 1981 ἔπειτα
637 1974 646 1990 ,
672 1942 731 1981 ἐὰν
751 1943 1022 1995 προαιρούμενος
1046 1943 1148 1986 αὐτὸς
1168 1943 1318 1996 πράττῃ·

283 2001 342 2039 καὶ
365 2001 478 2052 τρίτον
493 2030 503 2048 ,
526 2003 555 2039 εἷ
575 2001 722 2053 βεὸαίως
751 2001 811 2040 καὶ
844 2000 1104 2051 ἆμετακινήτως
1136 2000 1208 2053 ἔχει
1233 2003 1318 2054 πρὸς

281 2059 345 2107 τὴν
369 2059 505 2111 πρᾶξιν.
537 2060 608 2098 Καὶ
624 2059 690 2112 γὰρ
714 2061 777 2097 οὐκ
797 2058 839 2097 ἂν
861 2058 913 2106 εἴη
943 2058 1073 2102 δίκαιος
1091 2060 1109 2097 ὃ
1129 2058 1226 2101 εἰδὼς
1254 2058 1316 2109 μὲν

281 2118 327 2156 τὰ
348 2117 467 2156 δίκαια
486 2118 546 2156 καὶ
574 2117 737 2178 πράττων
759 2117 871 2165 ἑκών,
897 2117 1054 2166 οἰόμενος
1075 2116 1110 2156 δὲ
1132 2117 1181 2167 μὴ
1203 2117 1317 2155 πάντα

282 2175 405 2229 χρόνον
427 2174 547 2227 καιρὸν
567 2179 655 2213 εἶναι
679 2174 914 2222 δικαιοσύνης·
944 2176 1066 2213 Ταῦτα
1089 2174 1124 2212 δὲ
1141 2176 1233 2236 πρὸς
1255 2191 1316 2225 μεν

283 2237 322 2274 τὸ
341 2233 460 2272 λαῧεῒν
495 2233 557 2277 τὰς
578 2234 687 2278 ἄλλας
708 2233 833 2285 τέχνας
860 2232 920 2271 καὶ
949 2232 1107 2285 τεχνίτας
1128 2237 1216 2271 εἰναι
1238 2235 1316 2272 κατ’

285 2294 390 2336 αὑτὰς
411 2307 449 2330 ου
469 2294 674 2340 ζητοῦνται,
695 2292 787 2339 πλὴν
808 2307 866 2330 του
887 2291 1022 2329 εἰδέναι
1045 2292 1152 2344 χωρὶς
1172 2291 1240 2344 γὰρ
1259 2295 1318 2330 τοῦ

284 2350 432 2396 εἰδέναι,
454 2352 527 2394 πῶς
554 2350 594 2389 ἄν
613 2366 663 2394 τις
683 2350 735 2399 εἴη
758 2350 940 2402 τεχνίτης;
962 2351 992 2387 εἷ
1014 2350 1049 2388 δὲ
1073 2350 1162 2400 μήτε
1188 2365 1318 2403 προαι-

286 2410 448 2462 ρούμενος
479 2408 542 2455 τὴν
574 2408 700 2460 τέχνην
733 2409 846 2456 ποιεῖ,
904 2407 992 2458 μήτε
1026 2409 1288 2458 ἀμετακινήτως
1303 2415 1320 2432 ¹²

289 2464 381 2517 ἔχων
403 2467 487 2519 πρὸς
506 2466 568 2513 τὴν
585 2467 821 2519 μεταχείρισιν
841 2469 902 2514 τ’ῆς
921 2467 1064 2519 τέχνης,
1085 2468 1123 2506 οὗ
1145 2467 1201 2505 διὰ
1220 2471 1320 2507 τοῦτο

287 2523 457 2562 κωλύεται
477 2524 637 2577 τεχνίτης
658 2520 753 2563 εἶναι·
776 2524 859 2577 πρὸς
882 2524 917 2563 δὲ
937 2525 1000 2572 τὴν
1030 2527 1176 2577 ἀρετήν,
1195 2525 1234 2564 τὸ
1259 2525 1320 2574 μὲν

289 2581 414 2620 εἰδέναι
433 2582 511 2634 περὶ
534 2584 639 2630 αὐτῆς
658 2583 772 2621 πάντα
789 2583 811 2621 ἃ
831 2585 1004 2635 προσῆκεν
1026 2582 1150 2621 εἰδέναι
1164 2612 1174 2631 ,
1199 2584 1321 2636 μικρὸν

288 2637 310 2684 ἢ
334 2639 429 2676 οὐδὲν
451 2642 625 2687 συντελεῖ,
656 2640 742 2692 πρὸς
767 2641 807 2678 τὸ
838 2640 1024 2679 σπουδαῖόν
1054 2656 1131 2678 τινα
1150 2642 1320 2691 γενέσθαι·

289 2695 331 2734 τὰ
357 2696 386 2734 δ’
405 2697 494 2734 ἄλλα
514 2699 550 2734 οὖ
571 2698 716 2750 μικρόν,
740 2697 829 2736 ἀλλὰ
850 2699 889 2736 τὸ
913 2705 982 2738 πᾶν
1002 2698 1156 2737 δύναται·
1176 2699 1236 2737 καὶ
1255 2700 1322 2750 γὰρ

294 2754 469 2806 ἐνδέχεται
494 2755 601 2804 μηδὲν
633 2756 772 2809 ἀκριὸὲς
799 2757 880 2809 περὶ
906 2760 1029 2810 ἀρετῆς
1052 2759 1180 2807 εἰπεῖν,
1209 2759 1323 2797 εἰδότα

292 2814 477 2850 σπουδαῖον
497 2817 597 2852 εἰναι.
623 2814 741 2866 Χωρις
760 2815 795 2852 δὲ
813 2831 871 2854 του
893 2816 1133 2868 προαιρεῖσθαι
1154 2816 1254 2854 καὶ8
1236 2833 1322 2868 αμε-

291 2871 484 2917 τακινήτως
506 2871 596 2923 ἔχειν
614 2873 631 2895 ¹³
648 2873 731 2925 πρὸς
749 2873 902 2924 ἀρετήν,
922 2873 1087 2913 ἀδύνατον
1104 2868 1193 2913 εἶναι
1207 2891 1324 2915 σπου-

294 2930 401 2967 δαῖον·
437 2928 536 2968 ἅτινα
567 2933 605 2970 ἐκ
637 2934 697 2969 τοῦ
728 2933 897 2977 πολλάκις
925 2938 1034 2972 ποιεῖν
1067 2933 1128 2978 τὰς
1155 2935 1325 2988 ἐνεργείας

293 2988 525 3040 περιγίνεται,
542 2988 656 3032 καθὼς
676 2989 822 3041 εἴρηται.

347 3046 426 3067 *⁴⁰⁶*
445 3046 502 3086 Τὰ
521 3048 581 3096 μὲν
606 3041 663 3086 οὖν
688 3047 900 3099 πράγματα,
924 3050 1042 3089 δίκαιοι
1061 3051 1120 3090 καὶ
1141 3052 1320 3105 σώφρονα.

295 3100 415 3143 ὅτανῗ
393 3122 414 3156 ῃ
427 3108 585 3156 τοιαῦτα,
605 3100 698 3145 οἶα*
681 3122 722 3144 αν
742 3109 759 3144 ὁ
777 3107 940 3151 δίκαιος
922 3126 944 3156 η
964 3112 982 3147 ὁ
1002 3126 1146 3162 σωφρων
1167 3109 1325 3162 πράξῃ·

297 3163 428 3207 δίκαιος
439 3163 474 3201 δὲ
483 3163 542 3202 καὶ
551 3164 697 3217 σώφρων
714 3165 821 3214 ἐστίν,
837 3167 901 3217 οὐχ
918 3168 1054 3205 ὁταῦτα
1069 3170 1230 3220 πράττων
1242 3174 1322 3214 πᾶς,

299 3221 387 3260 ἀλλὰ
406 3224 424 3259 ὁ
443 3221 533 3260 οὕτω
554 3223 717 3274 πράττων
733 3222 851 3275 ὥσπερ
870 3225 901 3261 οἱ
920 3224 1044 3262 δίκαιοι
1062 3226 1120 3263 καὶ
1139 3227 1170 3263 οἱ
1192 3225 1325 3278 σώφρο-

280 893 407 944 ὁμοίως
427 891 462 930 δὲ
488 891 583 930 καῖ’
569 893 626 931 επὶ
648 895 716 930 τῶν
736 908 774 931 τε
777 907 885 944 gyon

1113 217 1390 258 ANDRONICI
1419 218 1595 259 RHODH

2381 276 2407 295 s».

1374 315 1392 338 a
1413 306 1535 347 quibus
1550 305 1692 348 denique
1706 305 1807 338 rebus
1822 306 1932 338 ortum
1949 306 2074 346 habuit,
2099 307 2133 340 in
2147 308 2188 341 iis
2199 316 2332 351 quoque
2344 317 2413 350 σω.

1373 373 1507 397 munere
1531 364 1631 406 fungi,
1661 364 1730 405 jam
1759 363 1913 397 diximus.
1942 365 2008 398 Sed
2038 369 2166 408 quaerat
2184 367 2317 410 aliquis,
2346 376 2406 402 cm
2453 395 2459 405 ,

1374 425 1559 455 statuamus
1578 432 1653 456 eum
1672 423 1730 465 qui
1740 423 1852 464 justus
1869 432 1939 456 esse
1955 424 2039 465 vult,
2053 425 2142 466 juste
2158 434 2289 468 quoque
2303 424 2407 460 faeere
2438 432 2443 436 '

1373 485 1522 524 oportere
1533 509 1540 521 ,
1555 485 1587 515 et
1601 485 1821 525 temperanter
1832 483 1891 525 qui
1908 485 2103 526 temperans.
2120 485 2250 518 Etenim
2263 488 2337 520 tum
2347 486 2406 529 qui

1372 541 1460 582 juste
1482 541 1624 581 faciunt,
1640 542 1772 574 omnino
1791 544 1868 575 sunt
1884 543 1983 584 justi,
2003 545 2076 576 tum
2092 544 2150 586 qui
2175 546 2404 586 temperanter.

1375 602 1451 632 sunt
1467 602 1697 642 temperantes,
1718 600 1804 633 sieut
1821 600 1969 633 homines
1989 601 2191 634 musicorum
2212 602 2406 643 grammu-

1375 668 1554 701 corumque
1569 658 1675 692 officia
1689 659 1857 701 explentes
1868 659 1986 692 musici
2003 661 2080 692 sunt
2103 661 2136 692 et
2151 652 2369 702 grammaticiss
2409 688 2416 689 ε

1418 775 1467 808 Ad
1481 775 1544 808 hoc
1568 775 1812 818 respondemus,
1828 776 1933 809 videri
1945 786 2015 810 esse
2026 776 2172 819 aliquam
2190 775 2410 811 differentiam

1377 834 1516 866 hominis
1531 834 1620 876 juste
1643 834 1791 867 facientis
1813 837 1846 867 et
1861 835 1923 867 viri
1941 835 2042 877 justi,
2068 835 2247 878 eodemque
2264 835 2362 870 modo
2375 835 2411 870 in

1377 893 1514 925 artibus.
1532 893 1618 925 Fieri
1635 893 1720 926 enim
1736 895 1855 935 potest,
1876 896 1914 926 ut
1930 894 2050 936 aliquis
2065 895 2315 936 grammaticum
2330 895 2412 938 quid

1378 950 1515 990 efficiet,
1539 952 1593 984 vel
1608 950 1745 983 fortuito
1763 952 1816 985 vel
1842 952 1906 985 alio
1930 955 2109 994 praeeunte,
2140 953 2198 995 qui
2214 955 2325 987 tamen
2345 962 2421 1000 non·

1378 1011 1420 1044 sit
1435 1012 1691 1053 grammaticus:
1713 1013 1742 1044 is
1757 1021 1836 1045 vero
1857 1013 1915 1055 qui
1941 1015 1974 1046 et
1995 1014 2246 1055 grammaticum
2262 1014 2344 1058 quid
2359 1013 2412 1047 fa-

1378 1071 1441 1102 ciet
1458 1072 1491 1103 et
1510 1070 1740 1111 grammatice,
1771 1071 1834 1103 erit
1857 1072 2089 1113 grammaticus
2104 1082 2111 1101 :
2126 1073 2188 1105 hoc
2211 1074 2281 1112 est,
2296 1082 2411 1116 equum

1377 1128 1474 1161 faciet
1486 1129 1610 1171 aliquid
1625 1129 1667 1162 ad
1676 1139 1822 1162 normam
1848 1131 2078 1171 grammaticae,
2098 1140 2164 1173 qua
2177 1130 2336 1174 praeditus
2348 1133 2410 1166 est.

1378 1190 1427 1220 Ita
1448 1188 1547 1220 etiam
1569 1188 1711 1230 cuipiam
1734 1189 1823 1230 juste
1847 1188 1954 1222 facere
1974 1189 2069 1230 licet,
2092 1189 2151 1232 qui
2177 1191 2287 1223 tamen
2302 1189 2414 1233 iustus

1377 1256 1440 1278 non
1461 1247 1514 1279 sit.

1418 1305 1504 1343 Quin
1524 1305 1623 1337 etiam
1647 1305 1753 1347 major
1768 1305 1803 1339 in
1827 1305 1962 1344 virtute,
1990 1315 2091 1348 quam
2110 1306 2144 1339 in
2161 1306 2290 1340 artibus
2311 1306 2415 1350 hujus

1378 1363 1426 1395 rci
1448 1362 1636 1396 differentia
1648 1363 1932 1398 animadvertitur.
1949 1366 2076 1397 Bonum
2096 1364 2226 1398 enimin
2239 1365 2319 1408 ipsis
2332 1365 2416 1399 arus

1377 1419 1532 1460 operibus
1546 1419 1642 1453 inest.
1661 1422 1778 1462 Itaque
1806 1421 1833 1453 si
1846 1422 1922 1463 quis
1949 1423 2084 1455 musicis
2110 1422 2260 1456 eruditus
2275 1432 2315 1457 en
2332 1431 2414 1466 ,quoe

1377 1478 1511 1511 musicae
1528 1479 1658 1520 propria
1677 1481 1754 1512 sunt
1774 1478 1883 1518 faciat,
1904 1481 1987 1513 nihil
2004 1482 2124 1521 obstat,
2153 1482 2330 1525 quominus
2347 1481 2414 1516 dici
2468 1502 2472 1507 ·

1378 1537 1479 1577 possit
1503 1538 1673 1570 musicus:
1690 1540 1741 1571 est
1767 1539 1853 1571 enim
1878 1540 2045 1579 musicus,
2066 1541 2274 1574 etiamsinon
2300 1542 2415 1583 sponte

1378 1598 1482 1628 artem
1500 1596 1660 1629 musicam
1676 1599 1806 1636 tractet,
1838 1598 1895 1630 sed
1919 1599 1960 1631 ab
1979 1599 2043 1631 alio
2061 1602 2194 1632 coactus
2208 1612 2216 1632 ε
2231 1601 2266 1632 nt
2280 1599 2415 1634 virtutis

1377 1664 1441 1686 non
1455 1654 1569 1688 cadem
1582 1658 1632 1688 est
1646 1656 1740 1688 ratio.
1753 1658 1836 1688 Nam
1849 1656 1876 1688 si
1889 1657 1964 1698 quis
1973 1658 2063 1699 Juste
2077 1659 2163 1700 agat,
2180 1667 2246 1691 non
2262 1660 2414 1701 propter-

1377 1722 1415 1745 ea
1439 1715 1489 1746 est
1511 1713 1641 1755 justus,
1670 1714 1733 1746 nisi
1760 1716 1881 1756 praeter
1904 1715 2047 1757 reliqua,
2078 1725 2155 1758 quae
2185 1716 2411 1759 requiruntur,
2455 1718 2460 1722 “
2502 1694 2506 1699 ¹

1377 1770 1507 1802 omnino
1526 1770 1625 1802 etiam
1637 1771 1750 1803 volens
1768 1773 1800 1804 et
1814 1771 1985 1804 ultroneus
2000 1771 2046 1804 ita
2067 1773 2145 1814 agit,
2160 1774 2194 1806 et
2208 1782 2274 1806 non
2287 1773 2329 1806 ab
2349 1773 2414 1806 alio

1377 1830 1519 1861 coactus.
1536 1828 1664 1870 Quippe
1679 1831 1752 1860 tum
1764 1829 1897 1862 demum
1910 1830 2022 1871 justus
2035 1830 2108 1869 erit,
2131 1831 2277 1873 primum
2287 1831 2317 1864 si
2325 1832 2416 1874 iuste

1378 1886 1455 1928 agit,
1473 1887 1578 1920 sciens
1591 1896 1734 1929 quarum
1751 1897 1864 1920 rerum
1877 1890 1992 1920 auctor
2008 1889 2051 1921 sit
2067 1902 2075 1922 :
2097 1889 2215 1922 deinde
2227 1889 2256 1922 si
2270 1889 2341 1932 ipse
2355 1899 2415 1923 sua

1378 1948 1492 1987 sponte¹
1522 1945 1588 1987 agit
1602 1971 1608 1983 ,
1633 1948 1796 1987 postremo
1824 1946 1852 1978 si
1876 1947 1970 1978 firma
1996 1948 2029 1979 et
2057 1947 2218 1980 constanti
2245 1948 2416 1981 voluntate

1377 2004 1455 2045 agit.
1475 2004 1604 2037 Etenim
1629 2004 1688 2046 qui
1714 2005 1806 2037 novit
1822 2005 1912 2046 justa
1929 2005 2110 2048 volensque
2131 2006 2221 2048 juste
2243 2006 2329 2049 agit,
2356 2015 2417 2040 nec

1378 2071 1487 2095 tamen
1501 2065 1595 2104 putat
1611 2072 1707 2095 omne
1725 2066 1857 2105 tempus
1871 2064 2010 2105 justitiae
2037 2073 2108 2098 esse
2128 2065 2282 2098 idoneum
2293 2091 2302 2104 ‚
2333 2074 2417 2098 non-

1378 2121 1579 2162 dumjustus
1590 2123 1650 2153 est.
1670 2121 1735 2154 Sed
1756 2121 1788 2153 in
1804 2121 1877 2154 aliis
1893 2122 2019 2154 artibus
2041 2122 2068 2155 si
2093 2123 2169 2165 quis
2182 2131 2237 2156 eas
2248 2123 2417 2166 percipere

1378 2181 1479 2221 atque
1496 2179 1643 2221 egregius
1664 2179 1763 2221 hujus
1789 2180 1916 2221 generis
1943 2179 2062 2213 artifex
2081 2190 2151 2214 esse
2176 2182 2266 2221 vult,
2297 2181 2416 2214 horum

1379 2237 1460 2270 nihil
1477 2237 1658 2280 requiritur
1673 2241 1793 2280 praeter
1806 2238 1973 2271 scientiam
1988 2252 1996 2280 ;
2011 2248 2088 2272 nam
2101 2240 2129 2272 si
2141 2229 2267 2273 alienus
2281 2250 2302 2273 a
2317 2240 2418 2275 soien-

1379 2296 1426 2328 tia
1442 2296 1496 2335 sit,
1514 2296 1678 2338 quomodo
1696 2296 1771 2338 quis
1792 2296 1913 2328 artifex
1933 2297 2023 2329 erit?
2035 2297 2160 2336 Quodsi
2177 2307 2283 2340 neque
2301 2301 2426 2341 sponte.

1378 2358 1485 2389 artem
1500 2356 1598 2394 colit,
1619 2365 1725 2398 neque
1750 2356 1887 2388 tirmiter
1909 2356 1943 2388 in
1970 2365 2010 2389 ea
2039 2357 2219 2390 exercenda
2246 2358 2412 2400 persistit.

1379 2415 1461 2447 nihil
1479 2416 1648 2457 propterea
1665 2416 1785 2454 obstat,
1810 2414 1986 2456 quominus
2008 2415 2052 2447 sit
2070 2414 2189 2448 artifex
2213 2425 2222 2445 τ
2248 2415 2292 2449 ad
2307 2416 2418 2449 virtu-⁷

1380 2481 1446 2506 tem
1464 2483 1541 2506 vero
1557 2482 1672 2515 parum
1685 2476 1743 2505 aut
1762 2473 1840 2505 nihil
1860 2472 1992 2515 prodest
2011 2482 2125 2506 earum
2140 2474 2288 2508 omnium
2302 2483 2414 2508 rerum

1379 2532 1525 2570 scientia,
1542 2541 1627 2574 quas
1645 2532 1728 2564 scire
1745 2531 1897 2564 convenit
1915 2539 1991 2564 eum
2007 2531 2066 2574 qui
2076 2531 2129 2564 vir
2147 2532 2252 2566 bonus
2269 2532 2340 2566 fleri
2357 2542 2417 2566 ve-

1380 2590 1420 2623 lit
1439 2605 1448 2623 ι
1466 2592 1583 2623 caetera
1598 2600 1673 2623 vero
1695 2600 1759 2623 non
1777 2600 1911 2632 parvam
1932 2590 2001 2623 vim
2017 2590 2150 2630 habent,
2175 2591 2234 2624 sed
2257 2600 2387 2624 omnem
2405 2605 2414 2624 ε

1381 2649 1501 2682 etenim
1523 2649 1593 2682 fieri
1609 2651 1726 2692 potest,
1743 2651 1780 2681 ut
1796 2649 1855 2691 qui
1873 2649 1914 2682 de
1931 2649 2055 2681 virtute
2073 2649 2237 2682 subtiliter
2258 2649 2417 2683 disserere

1381 2710 1538 2750 nequeat,
1568 2710 1678 2741 tamen
1701 2708 1870 2740 virbonus
1892 2708 1946 2740 sit.
1970 2708 2134 2740 Gaeterum
2160 2707 2221 2741 nisi
2241 2711 2355 2750 sponte
2373 2708 2415 2741 ad

1382 2770 1470 2800 recte
1491 2767 1675 2799 faciendum
1692 2767 1870 2805 incumbit,
1901 2769 2001 2808 atque
2028 2766 2062 2798 in
2085 2766 2267 2800 exercenda
2291 2767 2416 2800 virtute

1383 2826 1520 2858 tirmiter
1536 2825 1692 2867 persistit,
1713 2825 1818 2857 bonus
1838 2834 1909 2857 esse
1929 2833 2023 2857 nemo
2038 2827 2146 2866 potest
2164 2837 2173 2858 ε
2188 2834 2264 2868 quoe
2281 2825 2415 2868 quidem

1383 2894 1424 2918 ex
1439 2884 1600 2926 frequenti
1616 2893 1789 2917 munerum
1810 2883 1976 2916 functione
1987 2909 1995 2922 ,
2011 2885 2050 2915 ut
2065 2883 2194 2916 dictum
2211 2885 2272 2924 est,
2287 2884 2414 2918 contin-

1383 2945 1475 2985 gunt.

1426 3058 1488 3089 Res
1508 3055 1609 3097 igitur
1632 3055 1731 3097 justae
1749 3063 1787 3086 ac
1812 3055 2002 3095 temperatoe
2019 3053 2193 3092 dicuntur,
2211 3062 2314 3096 quum
2335 3053 2419 3087 tales

1386 3118 1481 3154 sunt,
1506 3115 1621 3158 quales
1646 3115 1697 3147 vir
1714 3114 1824 3156 justus
1836 3122 1875 3145 ac
1888 3112 2073 3155 temperans
2092 3113 2196 3155 egerit
2213 3114 2346 3156 :Justus
2357 3122 2419 3147 au-

1385 3177 1451 3207 tem
1468 3177 1501 3208 et
1523 3177 1705 3216 temperans
1723 3175 1782 3211 est,
1801 3182 1864 3205 non
1879 3172 2068 3214 quicunque
2084 3171 2144 3205 has
2168 3181 2220 3205 res
2242 3173 2326 3214 gerit
2343 3174 2417 3205 tan-

1386 3236 1468 3270 tum.
1487 3233 1543 3265 sed
1558 3232 1616 3274 qui
1633 3232 1678 3264 ita
1700 3231 1782 3273 gerit
1802 3233 1838 3263 ut
1856 3230 1938 3272 Justi
1963 3239 2001 3262 ac
2017 3232 2236 3272 temperantes
2259 3230 2416 3265 homines.

341 3385 360 3406 ¹*
381 3387 457 3428 Cap.
481 3388 513 3419 4.
530 3387 704 3429 ἀπορήσειε
728 3388 753 3418 δ’
774 3389 811 3419 ἄν
827 3399 888 3427 τις,
906 3390 973 3425 πῶς
988 3390 1122 3431 λέγομεν
1145 3392 1211 3421 m).
1229 3408 1268 3413 -
1288 3391 1323 3410 Η
1341 3391 1382 3422 ἸΙ
1410 3392 1482 3423 οὐδὲ
1502 3392 1552 3422 ἐπὶ
1575 3393 1640 3422 τῶν
1663 3391 1786 3432 τεχνῶν
1802 3390 1902 3426 οὕτως
1923 3390 2008 3431 ἔχεις
2034 3391 2102 3421 κτλ.
2124 3407 2164 3412 -
2178 3391 2238 3411 *³³*
2259 3389 2330 3423 Ἔτι
2347 3389 2420 3422 οὐδὲ
2457 3405 2459 3407 ’

303 3434 411 3475 ὅμοιόν
426 3434 512 3465 ἐστιν
528 3434 623 3465 ἐπίτε
644 3436 710 3466 τῶν
734 3436 857 3476 τεχνῶν
874 3437 943 3466 κτλ.
962 3454 999 3458 —-
1017 3438 1030 3451 ⁴

1041 3438 1096 3455 μ*
1114 3438 1161 3468 Τὰ,
1180 3438 1234 3477 μὲν
1252 3436 1306 3469 οὖν
1324 3439 1498 3479 πράγματα
1518 3439 1626 3470 δίκαια
1642 3439 1709 3469 κτλ.
