2508 3776
51 87 54 90 *
121 77 130 103 ι’

614 129 917 171 ETHICORUM
946 129 1403 172 NICOMACHEORUM
1433 133 1810 177 PARAPHRASIS.

55 218 75 231 ²
138 213 202 256 καὶ
213 214 300 270 πρὸς
314 215 601 270 μεγαλοψυχίαν,
617 217 688 256 ἀπὸ
708 222 771 266 τ’ἥς
789 217 883 258 κατὰ
897 217 938 258 τὸ
951 221 1057 269 σῶμα
1074 217 1188 257 διαθέ-

137 289 227 320 σεως
240 286 251 297 ·
272 273 335 314 καὶ
355 274 446 319 ὅλως
475 275 607 329 σφόδρα
641 276 818 330 ᾠκείωται
835 276 852 301 b
870 283 943 322 τοῖς
978 277 1126 316 πάθεσιν
1164 281 1187 327 ἡ

137 331 246 382 ἠθικὴ
269 333 377 387 ἀρετή
392 363 403 381 ,
426 333 488 373 καὶ
510 334 601 382 αὐτὴ
620 335 656 375 δὲ
689 339 711 384 ἠ
734 335 913 390 φρόνησις.
954 335 1188 382 Συνέζευκται

46 388 82 442 ss-
134 391 265 447 γὰρτῇ
287 396 350 432 τοῦ
379 393 484 442 ἤθους
515 395 644 447 ἀρετῇ,
687 397 733 441 ὡς
764 395 826 434 καὶ
856 395 1032 434 δέδεικται
1062 397 1096 434 ἐν
1117 400 1188 439 τοῖς

59 467 82 490 .···⁶v
132 450 356 506 ἔμπροσθεν,
386 452 464 491 ἐπεὶ
494 452 661 507 φρόνησις
683 453 747 504 μὲν
779 454 840 498 τὰς
868 453 981 508 ἀρχὰς
1013 453 1084 493 ἀπὸ
1118 456 1186 492 τῶν

3 524 6 526 ’
30 511 71 565 ’ἐξ
133 512 269 560 ἠθικῶν
283 512 417 565 ἀρετῶν
438 511 535 565 ἔχει·
556 515 597 552 τὸ
613 513 684 567 γὰρ
707 511 898 567 ὀρθοδοξεῖν
913 512 994 566 περὶ
1011 511 1052 552 τὸ
1065 513 1184 561 τέλος,

55 578 68 583 ’
132 569 281 611 lutense.

51 667 63 686 ·:
186 629 239 671 Ἢ
259 629 296 670 δὲ
321 630 428 680 ἠθικὴ
458 631 588 686 ἀρετή,
621 635 697 678 πῶς
728 633 781 671 δεῖ
810 635 871 670 τοῦ
908 630 1026 676 τέλους
1065 637 1184 685 τυχεῖν

45 733 50 743 ¹
131 689 204 730 ἀπὸ
222 693 286 740 τῆς
301 690 502 746 φρονήσεως
519 691 723 743 λαμὸοίνει,
743 690 862 736 καθὼς
882 693 916 731 ἐν
937 693 988 745 τῷ
1009 690 1054 743 ιγ’
1075 706 1185 745 κεφα-

62 771 63 774 ¹
131 748 224 804 λαίῳ
251 753 316 790 τοῦ
339 750 374 795 ς’
399 749 538 803 βιὸλίου
559 750 777 798 διείληπται.
801 749 909 790 Ἐπεὶ
942 749 1057 789 τοίνυν
1078 753 1100 797 ἡ
1121 749 1184 802 μὲν

130 807 236 858 ἠθικὴ
252 809 360 863 ἃρετὴ
375 809 455 863 περὶ
469 810 514 849 τὰ
523 809 729 863 ἀνθρώπινά
741 811 820 849 ἔστι
835 809 949 860 πάθη,
972 809 1035 848 καὶ
1051 809 1184 855 τούτοις

130 865 206 907 ἐστὶ
215 867 442 920 συνημμένη,
458 867 589 916 ταύτης
604 866 640 906 δὲ
661 867 889 921 ἀχώριστοςὴ
911 867 1078 922 φρόνησις
1094 862 1182 908 εἶναι

129 926 482 981 ἕδείχθη,’φανερόν,
512 926 565 965 ὅτι
583 933 682 967 πᾶσα
704 929 812 980 ἀρετὴ
833 927 1013 982 πρακτικὴ
1029 933 1100 972 τοῖς
1116 927 1183 966 πά-

48 1024 51 1025 .
127 985 222 1027 θεσίν
252 987 329 1026 ἔστι
356 985 583 1037 συνημμένη·
613 986 694 1039 περὶ
727 986 767 1025 τὸ
800 986 960 1026 σύνθετον
991 987 1060 1040 ἄρα
1072 1017 1084 1038 ,
1121 985 1182 1025 καὶ

55 1044 67 1050 ”
126 1043 192 1095 τὴν
210 1044 246 1085 ἐν
265 1043 379 1099 τούτῳ
393 1043 484 1092 ζωήν
497 1058 505 1067 ·
523 1046 560 1083 αἱ
578 1044 615 1083 δὲ
633 1048 693 1083 τοῦ
717 1045 883 1102 συνθέτου
902 1044 1027 1099 ἀρεταὶ
1049 1046 1181 1099 ἀνθρω-

126 1101 232 1144 πικαί
243 1115 254 1126 ·
274 1105 294 1143 ὁ
311 1103 380 1156 γὰρ
397 1108 457 1144 τοῦ
469 1102 654 1156 ἀνθρώπου
671 1104 816 1156 ὁρισμὸς
833 1104 904 1143 ἀπὸ
922 1108 982 1143 τοῦ
1000 1104 1180 1144 συνθέτου·

58 1182 62 1186 ·
126 1161 220 1203 ὥστε
250 1161 313 1203 καὶ
333 1165 353 1202 ὅ
373 1161 470 1219 βίος,
490 1164 509 1201 ὁ
533 1162 627 1202 κατὰ
650 1163 783 1209 ταύτας
807 1164 869 1208 τὰς
901 1164 1096 1217 ἐνεργείας,
1120 1167 1181 1204 ἀν-

35 1218 71 1272 ,4³
96 1247 97 1250 =
126 1221 318 1274 θρωπικός,
351 1227 413 1261 καὶ
434 1225 458 1270 ἡ
492 1223 724 1274 εὐδαιμονία·
749 1227 767 1263 ὃ
801 1225 837 1262 δὲ
874 1223 968 1264 κατὰ
1003 1228 1084 1264 νοῦν
1110 1224 1182 1277 βίος

126 1281 234 1333 μόνος
259 1279 336 1320 led
371 1281 636 1335 κεχωρισμένος
671 1285 739 1323 τῶν
776 1283 1031 1338 ἀνθρωπίνων,
1062 1286 1123 1323 καὶ
1158 1288 1181 1332 ἡ

54 1343 60 1371 ἶ
126 1338 221 1381 *λιτὰ
245 1342 366 1380 τοῦτον
386 1341 608 1391 εὐδαιμονία.
633 1343 718 1385 Πῶς
741 1342 777 1381 δὲ
797 1342 1058 1396 κεχωρισμένος
1085 1343 1179 1393 ἐστί,

124 1397 188 1438 καὶ
202 1400 250 1444 ὧς
270 1398 344 1453 ἔχει
359 1429 370 1447 ,
395 1400 656 1454 διακριὸῶσαι,
681 1402 797 1452 μεῖζόν
823 1403 899 1440 ἔστι
919 1405 979 1440 τοῦ
995 1403 1182 1454 προκειμέ-

22 1457 42 1506 ’,
58 1469 65 1498 ,·
124 1471 200 1511 νου,
214 1457 276 1498 καὶ
286 1460 447 1515 θεολογίᾳ
465 1461 601 1511 μᾶλλον
614 1465 792 1515 προσῆκεν
808 1477 816 1486 ·
838 1465 1002 1500 τοσοῦτον
1026 1461 1062 1500 δὲ
1078 1460 1181 1512 μόνον

35 1522 57 1567 g
125 1518 236 1558 εἰπεῖν
253 1518 394 1572 ἀρκέσει
412 1520 448 1559 ἐν
467 1522 519 1574 τῷ
538 1520 704 1572 παρόντι,
726 1519 780 1559 ὅτι
796 1519 841 1560 τὰ
857 1519 1059 1574 ἀνθρώπινα
1076 1522 1180 1573 ὑπερ-

126 1576 253 1630 βαίνει.

179 1636 203 1661 *
214 1638 332 1679 Τόῧτο
345 1637 382 1677 δὲ
395 1638 457 1677 καὶ
474 1618 602 1678 ἐκεῖθεν
619 1639 755 1691 γίνεται
774 1639 895 1686 δῆλον.
915 1640 970 1679 Οὐ
986 1639 1054 1692 γὰρ
1072 1640 1182 1678 δεῖται

35 1695 37 1699 ⁴
82 1710 86 1716 ·
120 1696 194 1736 τῶν
212 1696 335 1747 invest,
353 1697 414 1736 καὶ
441 1700 505 1744 τῆς
526 1699 656 1737 ἐκεῖθεν
691 1699 863 1752 χορηγίας
885 1701 932 1742 εἷς
952 1699 1015 1746 τὴν
1049 1698 1180 1738 οἰκείαν

43 1795 46 1797 .
99 1747 313 1810 ‘Rip-(now.
334 1758 457 1796 Δεῑται
488 1757 552 1809 μὲν
574 1757 679 1811 γὰρδ
711 1761 871 1811 θεωρῶν,
905 1758 1085 1811 ἄνθρωπος
1113 1757 1178 1805 ὤν,

76 1849 82 1855 .
123 1815 197 1855 τῶν
209 1815 295 1873 πρὸς
309 1815 350 1855 τὸ
363 1817 426 1864 ζῆν
445 1816 664 1869 ἀναγκαίων·
677 1818 729 1861 εές
742 1816 778 1856 δὲ
800 1816 910 1864 αὐτὴν
923 1817 986 1864 τὴν
1007 1817 1181 1871 ἐνέργειαν

51 1887 58 1931 ,ζ
122 1874 285 1920 οὗδινάς·
305 1877 323 1914 ὃ
342 1874 380 1914 δὲ
399 1875 591 1929 πρακτικὸς
611 1876 723 1914 δεῖται
744 1875 807 1927 μὲν
822 1877 882 1916 καὶ
902 1871 950 1916 ὧν
975 1880 993 1916 ὁ
1013 1881 1180 1930 θεωρητι-

124 1933 208 1983 κός,
225 1933 287 1975 καὶ
306 1934 442 1986 μᾶλλον
477 1929 601 1982 οὗτος,
634 1934 706 1989 ὅσῳ
727 1935 787 1974 καὶ
809 1938 944 1988 μᾶλλον
963 1939 1012 1990 τῷ
1040 1937 1182 1990 σώματι

123 1992 212 2048 πρὸς
243 1992 308 2039 τὰς
332 1993 508 2049 ἐνεργείας
528 1998 661 2047 χρῆται
677 2009 686 2018 ·
721 1996 832 2034 δεῖται
857 1996 892 2034 δὲ
927 1996 978 2035 ἔτι
999 1996 1084 2050 πρὸς
1122 1996 1182 2041 τὰς

126 2047 304 2107 ἔνεργείας
331 2051 395 2092 καὶ
419 2055 482 2101 τῆς
503 2052 627 2099 ἔξωθεν
648 2054 831 2107 χορηγίας.
852 2054 894 2094 Ὁ
917 2055 978 2106 μὲν
999 2055 1067 2108 γὰρ
1087 2057 1181 2094 ἐλευ-

63 2118 66 2119 ’
123 2111 236 2168 θὲριος
271 2113 468 2169 χρημάτων
498 2114 586 2166 πρὸς
614 2114 653 2153 τὸ
687 2115 733 2154 τὰ
772 2115 949 2167 ἐλευθέρια
994 2115 1181 2168 πράττειν·

42 2164 80 2203 ³,st
122 2170 196 2225 ὅδὲ
217 2168 370 2223 δίκαιος,
390 2171 450 2212 ἵνα
470 2173 676 2227 ἅνταποδῷ.
711 2174 830 2227 Χωρὶς
860 2174 929 2227 γὰρ
966 2177 1033 2213 τῶν
1060 2174 1182 2219 ἔξωθεν

41 2274 43 2279 ,
122 2229 256 2281 {utitur
274 2231 315 2270 οὗ
329 2230 516 2283 πράξουσιν
546 2231 644 2271 οὐδὲν
663 2234 731 2271 τῶν
752 2233 845 2272 κατὰ
867 2234 931 2280 τὴν
952 2233 1084 2273 οἰκείαν
1101 2237 1181 2287 ἀρε-

58 2338 61 2339 ⁷
123 2289 192 2339 τὴν
205 2288 364 2336 ἕκαστος.
381 2293 445 2331 Δεῖ
458 2291 528 2346 γὰρ
545 2293 597 2345 τῷ
611 2289 675 2343 μὲν
695 2291 844 2346 ἀνδρείῳ
859 2295 982 2345 καιροῦ
1004 2306 1093 2336 τινος
1113 2308 1176 2332 κα·

125 2348 326 2399 ταλλῆλου,
361 2349 422 2390 καὶ
440 2354 504 2400 τῆς
540 2353 576 2391 ἐν
597 2349 741 2404 σώματι
773 2352 970 2403 δυνάμεως,
1002 2351 1077 2391 ὅθεν
1107 2354 1181 2391 ἔπι·

125 2407 275 2455 ὃείξεται
293 2408 359 2457 τὴν
377 2409 536 2462 τόλμαν,
556 2409 619 2449 καὶ
638 2409 704 2458 τὴν
725 2410 932 2465 καρτερίαν·
957 2409 1018 2449 καὶ
1042 2413 1094 2463 τῷ
1111 2411 1181 2450 σώ-

123 2481 226 2523 φρονι
245 2467 504 2528 ἐξουσίαςμιαὶ
524 2474 586 2510 τοῦ
613 2469 805 2522 δύνασθαι,
828 2471 859 2508 εἶ
887 2471 1068 2524 βούλοιτο,
1107 2477 1183 2516 ταῖς

31 2517 66 2574 N'f
123 2529 267 2577 ἡδοναῖς
285 2529 446 2584 ἔφεῑναι·
478 2529 539 2569 καὶ
565 2532 635 2569 τῶν
670 2530 787 2569 ἄλλων
817 2530 955 2582 ἑκάστῳ
987 2530 1091 2584 χρεία
1112 2533 1180 2570 τῶν

40 2624 58 2641 ³
123 2587 377 2639 ιαταλλήλων,
396 2589 432 2627 ἓν
443 2582 493 2633 οἷς
510 2588 657 2629 δύναται
672 2589 806 2643 πρᾶξαι
829 2589 894 2639 τὴν
918 2593 1059 2644 ἀρετήν.
1079 2590 1180 2631 Ἄνευ

35 2644 58 2704 45⁷
122 2645 192 2702 γὰρ
211 2651 273 2689 τοῦ
296 2648 430 2703 πρᾶξαι
451 2647 544 2689 κατὰ
575 2649 640 2698 τὴν
667 2648 739 2699 ἕξιν
759 2652 822 2697 τῆς
846 2653 991 2703 ἀρετῆς,
1025 2650 1181 2700 μάλιστα

62 2707 63 2710 ’
123 2706 190 2758 μὲν
215 2705 344 2756 ἄδηλος
377 2710 400 2756 ἡ
423 2710 604 2760 βούλησις,
635 2707 696 2748 καὶ
738 2711 761 2757 ἡ
783 2708 860 2756 ἕξις.
897 2711 1182 2761 Προσποιοῦνται

58 2779 59 2782 ’
122 2765 296 2821 γὰρ’ἔνιοι
317 2769 368 2819 μὴ
400 2767 529 2808 δίκαιοι
549 2768 645 2814 ὄντες
680 2767 870 2822 βούλεσθαι
892 2770 1179 2823 δικαιοπραγεῖν,

35 2828 40 2841 “
123 2825 185 2867 καὶ
199 2827 381 2879 ἐλευθέρια
403 2826 587 2880 πράττειν,
617 2827 667 2880 μὴ
689 2827 787 2873 ὄντες
812 2828 1012 2882 ἐλευθέριοι.
1027 2828 1180 2869 Ἔπειτα

51 2911 58 2936 ;
122 2884 203 2925 οὖδᾶ
218 2885 338 2925 τελεία
352 2885 450 2936 ἐστὶν
463 2889 487 2935 ἡ
505 2887 614 2940 ἀρετὴ
634 2888 670 2926 ἐν
695 2887 785 2941 μόνῃ
803 2891 848 2941 τῇ
870 2888 1092 2942 προαιρέσει,
1113 2891 1180 2927 ἀλ-

38 2953 57 2986 '21-
122 2941 171 2984 λὰ
200 2944 255 2984 δεῖ
270 2943 333 2984 καὶ
353 2947 417 2994 τῆς
448 2945 608 3000 πράξεως
624 2959 634 2969 ·
671 2948 706 2985 ἐν
729 2949 861 2999 ἀμφοῖν
888 2947 957 3001 γάρ
978 2948 1054 2986 ἐστι
1067 2959 1102 2977 c·
1119 2947 1179 2986 καὶ

124 3001 235 3048 οὕτως
247 3003 284 3042 ἐν
298 3005 429 3057 ἀμφοῖν
450 3006 544 3046 ἔστιν
558 3036 570 3057 ,
591 3004 684 3045 ὥστε
703 3008 860 3054 ζητεῖται
880 3007 915 3045 ἐν
937 3006 1069 3060 ποτέρᾳ
1085 3008 1176 3059 μᾶλ-

48 3063 62 3103 ⁷-2
122 3061 185 3103 λόν
206 3062 302 3102 ἔστιν
317 3065 340 3110 ἦ
365 3062 556 3118 ἄρετῆ,,ἕν
574 3068 616 3118 τῇ
638 3065 859 3118 προαιρέσει,
878 3065 901 3114 ἢ
920 3068 954 3106 ἐν
976 3069 1020 3119 τῇ
1037 3066 1175 3119 πράξει.

35 3111 65 3154 ’γ’-ν
122 3119 178 3162 Τὸ
189 3119 259 3174 γὰρ
278 3121 410 3162 τέλειον
428 3123 553 3173 δῆλον,
572 3126 618 3170 ὥς
638 3126 673 3164 ἐν
699 3126 832 3178 ἀμφοῖν
854 3125 896 3164 ἂν
918 3126 987 3174 εἴη.
1013 3126 1176 3179 Φανερὸν

50 3193 55 3196 “
123 3179 252 3231 τοίνυν,
269 3180 323 3221 ὅτι
340 3185 363 3230 ἡ
375 3184 553 3237 πρακτικὴ
570 3183 679 3238 ἀρετὴ
692 3185 776 3237 πρὸς
794 3184 834 3224 τὸ
847 3186 979 3224 τέλειον
996 3178 1099 3234 εἶναι,
1116 3187 1177 3232 τῆς

126 3237 250 3285 ἔξωθεν
281 3243 453 3295 χορηγίας
486 3244 616 3292 δεῖται,
638 3243 697 3282 καὶ
717 3243 873 3298 τοσούτῳ
910 3243 1082 3290 πλείονος,
1106 3243 1177 3297 ὅσῳ

166 3387 185 3406 *
201 3388 311 3427 Δόξειε
329 3390 357 3422 δ’
375 3390 415 3422 ἂν
430 3391 485 3423 καὶ
505 3395 561 3431 τῆς
577 3392 669 3430 ἐκτὸς
685 3390 840 3434 χορηγίας
859 3391 928 3423 κτλ.

2221 141 2300 181 559

1250 224 1509 271 magnitudinem
1546 227 1615 270 ipsa
1651 229 1799 271 eorporis
1829 229 2064 264 constitutione
2095 231 2262 274 tinguntur
2291 246 2298 266 :

1250 282 1392 326 denique
1418 295 1568 328 magnam
1603 285 1679 320 cui'n
1713 288 1890 322 affectibus
1911 290 2021 323 virtus
2046 291 2182 324 moralis
2200 292 2301 326 habet

1251 341 1539 385 necessitudinem,
1559 345 1646 378 sieut
1669 348 1703 379 et
1731 346 1802 389 ipsa
1822 348 2007 390 prudentia.
2036 350 2199 384 Nimirum
2224 361 2299 383 cum

1249 410 1379 434 morum
1400 403 1523 437 virtute
1544 405 1699 445 cohaeret,
1728 409 1763 439 ut
1782 416 1883 450 supra
1896 408 2111 449 ostendimus,
2143 410 2299 453 quoniam

1249 460 1424 502 prudentia
1441 473 1461 495 a
1475 464 1656 498 virtutibus
1674 466 1856 500 moralibus
1884 468 2043 511 principia
2070 479 2129 502 sua
2146 473 2300 503 mutuata
2364 466 2365 469 ’

1247 521 1320 552 est:
1336 519 1412 554 inde
1433 522 1520 555 enim
1540 522 1709 565 profectus
1731 526 1852 569 aliquis
1871 529 1960 560 recte
1984 527 2026 561 de
2043 528 2106 562 fine
2126 539 2189 562 suo
2212 529 2300 572 judi-

1248 579 1348 612 cabit.

1290 641 1463 677 Quomodo
1491 645 1602 675 autem
1632 644 1730 677 tinem
1757 654 1856 678 suum
1886 647 2018 689 assequi
2037 647 2167 688 debeat,
2192 650 2300 682 virtus

1247 682 1382 729 moralis
1415 693 1434 715 a
1464 685 1641 725 prudentia
1666 686 1777 727 discit,
1809 690 1847 720 ut
1877 688 1911 720 in
1935 689 2036 722 tertio
2064 689 2192 723 decimo
2223 691 2299 724 libri

1247 725 1333 755 sexti
1351 725 1458 766 capite
1488 727 1714 768 exposuimus,

1287 777 1400 814 Quum
1438 786 1515 820 ergo
1550 780 1660 812 virtus
1697 781 1832 814 moralis
1865 782 1900 815 in
1930 782 2085 816 humanis
2123 784 2299 818 affectibus

1246 832 1409 871 versetur,
1439 834 1472 864 et
1497 841 1573 865 eum
1592 833 1634 866 iis
1651 834 1828 873 cohaereat,
1848 835 1890 868 ab
1909 836 1973 869 hac
1991 846 2069 870 vero
2087 838 2297 879 prudentiam

1245 883 1390 923 separari
1418 893 1483 916 non
1510 894 1604 926 posse
1626 887 1695 928 jam
1728 887 1990 929 probaverimus,
2016 891 2151 931 apparet
2166 899 2298 923 omnem

1247 935 1407 969 virtutem
1425 937 1569 971 activam
1590 948 1666 971 cum
1685 939 1860 973 affectibus
1873 951 1944 974 esse
1955 943 2170 984 ‘conjunctam
2187 956 2195 976 ι
2211 945 2298 977 circa

1244 988 1278 1020 id
1299 989 1411 1031 igitur,
1427 992 1517 1032 quod
1530 993 1752 1032 compositum
1771 996 1831 1031 est,
1853 997 1886 1026 et
1906 995 1979 1037 ejus
1996 996 2100 1028 vitam
2123 999 2295 1030 versatur:

1243 1043 1277 1072 at
1295 1041 1367 1082 ejus
1382 1043 1473 1084 quod
1491 1046 1710 1086 compositum
1736 1048 1770 1078 et
1786 1049 1976 1079 concretum
1999 1050 2050 1080 est
2069 1048 2212 1081 virtutes
2232 1049 2298 1082 hu-

1243 1103 1349 1126 manae
1379 1097 1457 1127 sunt
1485 1108 1491 1127 :
1524 1096 1668 1129 hominis
1693 1098 1816 1140 quippe
1834 1098 1984 1131 delinitio
2008 1099 2050 1132 ab
2073 1110 2113 1132 eo
2129 1101 2220 1143 quod
2247 1104 2298 1134 est

1243 1148 1475 1190 compositum,
1518 1150 1663 1182 sumitur
1709 1162 1718 1183 ι
1737 1150 1848 1192 itaque
1885 1154 1918 1183 et
1957 1152 2038 1189 vita,
2071 1163 2148 1195 quae
2184 1154 2218 1186 in
2245 1155 2298 1187 his

1244 1200 1471 1234 functionibus
1505 1203 1667 1241 consistit,
1696 1203 1840 1236 bumana
1869 1206 1929 1242 est,
1968 1208 2002 1237 et
2026 1205 2196 1239 felicitas:
2229 1207 2296 1239 sola

1244 1263 1322 1287 vero
1348 1255 1437 1294 vita,
1459 1265 1537 1298 quae
1558 1256 1661 1289 menti
1689 1257 1920 1289 convenienter
1939 1258 2059 1299 agitur,
2083 1259 2125 1291 ab
2144 1260 2298 1293 omnibus

1244 1308 1398 1341 humanis
1419 1311 1572 1351 separata
1590 1312 1654 1350 est,
1676 1310 1867 1352 pariterque
1890 1310 1962 1352 ejus
1977 1310 2128 1345 felicitas.

1286 1362 1459 1399 Quomodo
1475 1365 1588 1396 autem
1605 1363 1648 1396 sit
1672 1366 1836 1405 separata,
1856 1366 1890 1396 et
1908 1365 2076 1406 quomodo
2102 1375 2136 1398 se
2162 1366 2294 1407 habeat,

1243 1416 1431 1458 explanare,
1450 1417 1586 1459 majoris
1608 1417 1730 1458 negotii
1744 1418 1795 1450 est
1823 1426 1925 1459 quam
1953 1418 1986 1450 id
2013 1419 2103 1460 quod
2117 1419 2212 1452 nobis
2225 1429 2298 1462 pro-

1243 1469 1388 1510 positum
1411 1471 1474 1508 est,
1494 1469 1666 1512 magisque
1691 1469 1863 1512 theologias
1884 1471 2037 1504 convenit
2055 1484 2063 1504 :
2083 1472 2146 1505 hoc
2166 1474 2296 1505 tantum

1243 1523 1277 1555 in
1299 1523 1477 1564 proesentia
1506 1523 1616 1556 dicere
1647 1521 1811 1565 sufficiat,
1840 1533 1913 1556 eam
1931 1524 2086 1558 humanae
2113 1525 2193 1558 vitae
2217 1525 2297 1559 fines

1244 1576 1394 1610 transire.

1286 1636 1384 1674 Quod
1401 1636 1538 1678 quidem
1568 1637 1670 1669 etiam
1689 1637 1780 1670 illinc
1805 1639 1951 1680 apparet.
1982 1639 2096 1681 Neque
2124 1639 2212 1686 enim
2236 1648 2294 1671 ex-

1242 1695 1345 1729 ternis
1382 1695 1477 1728 bonis
1503 1697 1561 1729 aut
1587 1705 1703 1730 eorum
1741 1698 1833 1739 copia
1875 1697 1917 1730 ad
1958 1698 2159 1731 functionem
2204 1708 2296 1732 suam

1242 1759 1325 1799 eget.
1348 1757 1476 1800 Quippe
1500 1767 1612 1790 rerum
1631 1758 1881 1800 contemplator,
1899 1760 1938 1790 ut
1967 1759 2082 1798 homo,
2106 1759 2199 1792 bonis
2220 1770 2296 1803 quae

1243 1816 1285 1849 ad
1311 1816 1492 1850 vivendum
1518 1817 1702 1850 necessaria
1721 1819 1815 1856 sunt,
1838 1817 1964 1860 indiget
1994 1829 2000 1850 :
2024 1818 2067 1851 ad
2096 1819 2199 1862 ipsam
2219 1828 2299 1852 vero

1244 1875 1446 1909 functionem
1462 1875 1586 1909 nullis:
1614 1878 1649 1909 at
1670 1886 1749 1910 vero
1778 1879 1868 1909 actor
1889 1886 2000 1910 rerum
2022 1878 2145 1920 indiget
2163 1888 2298 1921 quoque

1245 1935 1364 1969 iisdem
1382 1935 1508 1978 quibus
1534 1936 1786 1978 contemplator,
1810 1937 1981 1979 magisque
2007 1936 2073 1976 hic,
2104 1947 2171 1979 quo
2196 1938 2301 1980 magis

1243 1997 1286 2030 ad
1311 1997 1474 2040 explenda
1500 2007 1639 2031 munera
1665 2007 1801 2040 corpore
1821 1999 1929 2031 utitur
1956 2010 1964 2030 z
1997 1997 2056 2031 sed
2086 2001 2300 2032 externorum

1243 2057 1344 2090 etiam
1383 2056 1544 2089 bonorum
1579 2057 1671 2100 copia
1711 2057 1754 2090 ad
1786 2056 1974 2090 functiones
2014 2066 2091 2090 suas
2128 2060 2214 2099 eget.
2250 2058 2299 2091 Li·

1244 2115 1347 2148 berali
1377 2115 1464 2148 enim
1495 2115 1634 2157 pecunia
1661 2124 1745 2158 opus
1763 2115 1826 2149 erit
1848 2115 1891 2148 ad
1911 2115 2056 2148 actiones
2077 2115 2241 2157 liberales,
2266 2119 2300 2149 et

1241 2176 1332 2218 iusto
1369 2174 1412 2207 ad
1449 2175 1589 2217 gratiam
1621 2167 1836 2209 referendam.
1855 2178 1938 2209 Nam
1963 2176 2031 2208 sine
2069 2176 2215 2210 externis
2247 2177 2299 2210 his

1242 2235 1336 2269 bonis
1367 2244 1463 2268 nemo
1496 2235 1681 2279 quidquam
1713 2245 1827 2269 eorum
1855 2244 1932 2278 quae
1972 2235 2091 2269 virtuti
2119 2245 2188 2269 suae
2217 2245 2295 2269 con·

1242 2296 1376 2336 gruunt,
1423 2295 1507 2336 aget.
1538 2293 1670 2326 Scilicet
1702 2294 1775 2326 viro
1816 2292 1896 2327 forti
1933 2303 2018 2336 opus
2063 2296 2113 2327 est
2150 2297 2298 2338 tempore

1241 2355 1426 2396 opportuno
1453 2355 1487 2385 et
1516 2351 1663 2394 corporis
1702 2351 1820 2385 robore
1851 2351 1893 2384 ad
1926 2351 2100 2384 audaciam
2138 2361 2232 2385 suam
2264 2354 2298 2385 et

1243 2412 1451 2445 tolerantiam
1475 2411 1707 2444 ostentandam
1728 2424 1737 2444 ι
1777 2413 1810 2444 et
1832 2411 2030 2453 temperanti
2060 2420 2142 2453 opus
2160 2414 2210 2444 est
2235 2421 2295 2454 po-

1243 2475 1374 2513 testate,
1414 2474 1478 2506 hoc
1521 2475 1585 2512 est,
1620 2471 1777 2505 facultate
1808 2471 1971 2505 serviendi
1998 2471 2238 2514 voluptatibus,
2269 2472 2298 2505 si

1242 2533 1322 2566 velit
1358 2546 1365 2565 :
1403 2532 1548 2575 denique
1584 2533 1622 2564 ut
1651 2540 1745 2564 suam
1781 2531 1923 2573 quisque
1953 2531 2109 2564 virtutem
2134 2517 2297 2563 ¹exercere

1241 2594 1355 2637 possit,
1387 2594 1523 2627 idoneas
1553 2591 1716 2636 quasdam
1755 2601 1808 2625 res
1834 2590 1981 2633 requirit.
2014 2592 2098 2624 Nam
2131 2590 2193 2624 nisi
2220 2591 2297 2633 quis

1243 2654 1426 2688 seeundum
1443 2652 1579 2687 virtutis
1608 2651 1761 2685 habitum
1787 2651 1865 2693 agit,
1890 2650 1986 2684 valde
2009 2650 2150 2683 obscura
2173 2651 2245 2692 eJus
2263 2652 2296 2682 et

1241 2717 1396 2749 voluntas
1421 2717 1472 2748 est
1500 2717 1534 2747 et
1566 2713 1712 2747 habitus.
1749 2713 1910 2746 Nimirum
1955 2712 2114 2745 simulant
2146 2703 2294 2745 nonnulli

1240 2774 1300 2818 qui
1322 2773 1405 2816 Justi
1420 2783 1485 2806 non
1505 2774 1593 2811 sunt,
1611 2771 1696 2804 velle
1718 2780 1753 2804 se
1774 2771 1864 2813 juste
1879 2780 1984 2813 agere,
2007 2772 2041 2803 et
2062 2770 2120 2813 qui
2143 2770 2296 2803 liberales

1240 2845 1305 2868 non
1329 2836 1420 2874 sunt,
1436 2832 1521 2866 velle
1544 2841 1579 2866 se
1608 2831 1790 2865 liberaliter
1815 2840 1923 2873 agere.
1944 2830 2072 2864 Deinde
2098 2839 2157 2864 nec
2177 2830 2209 2863 in
2226 2831 2294 2863 solo

1243 2894 1379 2927 consilio
1399 2891 1545 2935 perfecta
1561 2893 1612 2925 est
1636 2891 1757 2930 virtus,
1774 2891 1832 2924 sed
1847 2890 1973 2924 actione
1993 2890 2093 2924 etiam
2113 2900 2197 2932 opus
2215 2893 2264 2922 est
2284 2903 2290 2922 :

1240 2955 1273 2987 in
1304 2955 1450 2996 utroque
1477 2951 1564 2985 enim
1598 2953 1665 2991 est,
1699 2953 1732 2984 et
1759 2951 1807 2983 ita
1828 2950 1966 2994 quidem
2000 2952 2051 2983 est
2079 2949 2113 2982 in
2137 2951 2290 2991 utroque,

1240 3015 1276 3046 ut
1317 3014 1499 3055 quaeratur,
1533 3011 1567 3044 in
1597 3013 1674 3044 utro
1709 3010 1815 3053 magis
1851 3010 1895 3043 sit
1927 3010 2054 3048 virtus,
2089 3010 2123 3042 in
2158 3009 2292 3042 consilio

1237 3082 1278 3106 an
1315 3073 1348 3106 in
1379 3072 1517 3106 actione.
1547 3071 1646 3111 Quod
1677 3071 1765 3104 enim
1802 3068 1986 3112 perfectum
2022 3070 2095 3108 est,
2132 3068 2165 3101 in
2198 3070 2291 3100 utro-

1237 3142 1302 3175 que
1329 3142 1402 3166 esse
1419 3135 1565 3176 apparet.
1592 3134 1651 3165 Est
1677 3131 1778 3173 igitur
1806 3129 2031 3168 manifestum,
2055 3128 2196 3161 activam
2220 3127 2288 3159 vir-

1237 3194 1355 3231 tutem.
1388 3195 1427 3226 ut
1455 3193 1602 3236 perfecta
1634 3192 1690 3231 sit,
1725 3192 1938 3223 externorum
1968 3189 2126 3222 bonorum
2162 3186 2288 3228 copiam

1237 3251 1416 3293 requirere,
1443 3253 1603 3294 tantoque
1634 3250 1805 3291 majorem,
1827 3249 1952 3290 quanto
1972 3247 2076 3288 major
2090 3245 2135 3278 sit
2157 3247 2189 3278 et
2211 3244 2285 3287 pul-
