2528 3788
288 201 340 239 82
1221 203 1475 244 SPEUSIPPl

340 299 402 325 179.
428 285 615 329 Παίδευσις
635 285 791 329 παιδείας
809 286 1011 338 παράδοσις.

340 359 402 383 181».
442 343 658 393 Νομοθετικὴ
696 344 874 396 ἐπιστήμη
905 348 1070 394 ποιητικὴ
1099 348 1233 392 πόλεως
1259 350 1322 388 εὖ-

283 404 408 454 παγής.

338 477 400 502 181.
424 461 637 509 Νουθέτησις
667 463 767 515 λόγος
787 463 1034 515 ἐπιτιμητικὸς
1066 466 1134 505 ἀπὸ
1162 465 1316 518 γνώμης·

281 521 379 572 λόγος
399 521 611 575 ἁμαρτίας
592 525 794 575 αποτροπῆς
815 522 946 565 ἕνεκεν.

335 593 396 620 182.
427 578 576 635 Βοήθεια
597 584 707 618 κακοῦ
724 580 873 626 κώλυσις
893 581 1029 629 ὄντοςῆ
1050 583 1272 658 γιγνομένου.

335 652 401 679 183.
438 632 596 683 Κόλασις
630 641 746 693 ψυχῆς
777 640 945 693 θεραπεία
991 641 1048 679 ἐπὶ
1087 642 1321 695 ἁμαρτήματι

279 698 467 751 γενομένῳ.

341 772 404 798 184.
426 757 582 810 Δυναμις
613 758 810 811 υπεροχὴ’
795 775 829 797 εν
857 759 981 812 πράξει
1010 760 1031 808 ἢ
1067 762 1102 799 ἐν
1121 759 1227 814 λόγῳ·
1255 761 1321 807 ἕξις

279 816 355 855 καθ’
373 816 415 864 ἣν
435 816 475 855 τὸ
499 816 593 869 ἔχον-
608 816 752 855 δυνατόν
778 818 883 857 ἐστιν·
903 818 1002 871 ἰσχὺς
1021 819 1113 859 κατὰ
1134 818 1253 872 φύσιν.

333 889 396 916 185.
425 874 557 921 Σώζειν
574 875 613 914 τὸ
634 881 825 929 περιποιεῖν
846 876 1003 924 ἀὸλαὸῆ.

329 934 604 985 (Definitiones
620 935 680 972 hae
706 934 888 985 leguntur
905 937 946 974 in
969 937 1099 976 decem
1120 937 1321 978 codicibus

277 1007 376 1043 quos
397 993 593 1032 Bekkerus
616 993 668 1031 ad
692 993 866 1036 Platonis
889 996 1099 1035 editionem
1127 998 1320 1037 adornan-

277 1052 363 1090 dam
395 1052 572 1091 contulit.
613 1051 758 1091 Eorum
790 1067 892 1094 unus
920 1054 1236 1096 vindobonensis
1271 1057 1319 1094 32

276 1110 431 1148 titulum
449 1109 558 1148 addit
574 1108 682 1163 ⁴'Opot
702 1111 934 1152 Σπευσίππου
957 1117 1016 1152 τοῦ
1044 1114 1234 1160 Πλάτωνος
1253 1128 1322 1154 re-

276 1170 448 1207 centiore
478 1182 596 1208 manu
624 1170 835 1222 scriptum,
855 1173 923 1222 qui
949 1173 990 1210 in
1011 1173 1175 1224 reliquis
1204 1173 1320 1212 libris

276 1228 534 1267 desideratur.
557 1228 613 1266 De
644 1230 778 1280 paucis
805 1239 951 1269 tantum
972 1232 1068 1270 locis
1094 1245 1217 1282 agam.
1238 1254 1291 1262 —
1305 1236 1320 1254 ⁸

277 1285 428 1336 Fragm.
454 1299 517 1334 11,
537 1286 655 1338 posui
671 1287 731 1324 καὶ
750 1289 771 1333 ἡ
790 1289 829 1327 ἐκ
844 1291 904 1327 τοῦ
927 1288 1122 1339 αὐτομάτου
1142 1303 1229 1328 cum
1243 1290 1322 1341 ple-

277 1345 410 1395 risque
429 1343 691 1394 membranis;
713 1347 833 1396 vulgo
862 1346 923 1385 καὶ
954 1349 992 1386 ἐκ
1024 1351 1086 1386 τοῦ
1107 1347 1318 1398 αὐτομάτου.

274 1402 359 1432 —b
379 1403 532 1454 Fragm.
565 1404 627 1443 28.
646 1405 762 1456 ψυχῆς
791 1406 989 1456 λογιστικῆς
1017 1406 1203 1458 rescripsi
1231 1419 1318 1444 cum

277 1462 473 1513 Stephano
490 1470 528 1500 et
545 1462 656 1502 codd.
682 1465 906 1512 nonnullis3
929 1466 1048 1515 vulgo
1062 1463 1242 1517 λογιστικὴ
1260 1465 1320 1502 vel

275 1521 481 1572 λογιστικῶς
498 1542 552 1549 -
567 1526 580 1543 ⁰
599 1521 751 1572 Fragm.
768 1523 834 1563 38.
856 1522 1007 1576 ὠφέλεια
1025 1523 1198 1576 αὐτάρκης
1215 1525 1319 1570 ζωῆς,

276 1579 380 1630 quod
400 1579 584 1630 exprimit
612 1579 790 1629 Ficinus,
829 1582 989 1632 vulgavi
999 1597 1011 1630 ;
1047 1582 1142 1620 libri
1171 1580 1319 1634 ὠφέλεια

274 1638 451 1690 αὐτάρκης
470 1637 569 1682 ζώου.
602 1662 654 1669 -
678 1638 695 1662 ‘¹
718 1640 868 1691 Fragm.
907 1642 972 1692 39.
997 1641 1093 1693 ὀρθὸν
1115 1640 1229 1679 καὶτὸ
1259 1656 1320 1679 σε·-

276 1697 447 1748 μνότατον
461 1697 566 1735 edidi
581 1715 591 1745 3
614 1698 708 1737 libri
720 1699 817 1750 ὀρθὸν
833 1699 890 1738 τὸν
911 1699 1123 1751 σεμνότατον
1144 1700 1206 1738 vel
1222 1698 1321 1751 ὀρθὸν

275 1755 314 1794 τὸ
335 1754 545 1806 σεμνότατον
560 1757 621 1795 vel
636 1758 732 1810 ὀρθὸν
749 1758 809 1796 καὶ
827 1755 1053 1809 σεμνότατον.
1068 1782 1121 1789 -
1136 1762 1151 1782 ‘³
1166 1759 1316 1809 Fragm.

276 1820 339 1858 4ο.
352 1814 579 1866 στοχαστικός
595 1817 685 1854 ἐστιν
701 1818 735 1854 ἐν
756 1817 894 1870 ἑκάστῳ
909 1818 1038 1869 recepi
1051 1831 1096 1857 ex
1108 1819 1194 1857 cod.
1213 1819 1320 1868 r‘egio

274 1873 472 1911 parisiaco
486 1874 588 1911 3052
603 1890 612 1922 ;
633 1876 751 1924 vulgo
760 1876 987 1928 στοχαστικός
1001 1877 1093 1915 ἐστιν
1108 1876 1258 1928 ἑκάστῳ.
1268 1899 1291 1906 -

274 1930 447 1981 fFragm.
475 1933 536 1975 84.
561 1931 803 1983 λογιζομένου,
826 1935 931 1985 quod
947 1936 1105 1986 passive
1124 1937 1319 1987 accipien-

274 1992 385 2039 dum,
421 1991 576 2042 praetuli
605 1992 716 2030 alteri
747 1993 951 2044 scripturae
986 1992 1189 2045 λεγομένου.
1227 2016 1278 2022 -
1304 2000 1320 2022 g

275 2049 426 2099 Fragm.
450 2050 515 2099 96.
541 2048 630 2099 μετὰ
655 2049 804 2094 πίστεως
829 2050 952 2102 λογική
973 2052 1114 2102 scripsi
1132 2065 1218 2090 cum
1239 2052 1321 2090 Ste—

273 2109 402 2159 phano
426 2117 463 2146 et
478 2107 609 2146 codice
623 2109 733 2158 regio
749 2109 874 2148 Paris.
889 2109 991 2148 3052
1003 2125 1015 2158 ;
1027 2110 1145 2161 vulgo
1154 2125 1318 2160 μεταπει-

273 2166 353 2209 στὸς
367 2165 432 2204 ὑπὸ
447 2165 647 2217 λόγου.-ιι
657 2167 808 2217 Fragm.
832 2181 900 2206 101
911 2198 919 2205 .
933 2167 1009 2206 καθ’
1029 2168 1132 2207 ἑαυτὸ
1142 2182 1230 2207 cum
1240 2169 1318 2207 Ste-

272 2223 401 2273 phano
413 2226 538 2274 recepi
553 2237 602 2261 ex
616 2224 718 2263 libro
731 2225 916 2265 Vaticano
931 2228 1011 2277 679
1024 2241 1035 2275 3
1050 2228 1168 2278 vulgo
1181 2228 1317 2266 ἑαυτοῦ.

272 2282 512 2332 —1Fragm.
538 2284 622 2320 106.
647 2284 1004 2337 προγιγνωσκομένων
1022 2286 1174 2337 scripsi,
1196 2287 1317 2336 vulgo

271 2339 620 2392 προγινωσκομένων.
631 2342 711 2371 —k
725 2342 876 2394 Fragm.
893 2345 1089 2394 124.παρὰ
1098 2346 1198 2392 θεῶν,
1211 2346 1317 2395 quod

271 2399 546 2450 interpretatur
562 2398 736 2448 Ficinus,
749 2401 1046 2453 recepiexlibro
1055 2401 1180 2440 Paris.
1198 2402 1315 2451 30523

273 2458 390 2507 uulgo
411 2457 507 2510 παρὰ
523 2461 609 2502 θεοῖς
631 2459 693 2497 vel
719 2459 817 2514 παρὰ
841 2458 923 2512 θεῷ.
941 2460 1019 2491 -ι
1037 2460 1319 2512 Fragm.159-

278 2517 360 2553 160.
392 2515 489 2560 ὄκνος
522 2516 613 2570 φυγὴ
636 2515 750 2555 πόνων
774 2519 900 2572 ἀρχῆς.
923 2518 1045 2558 Δειλία
1084 2519 1316 2567 ἀντιληπτικὴ

272 2575 382 2624 ὃρμης
406 2573 535 2641 πρώτη
555 2578 614 2614 τοῦ
636 2569 723 2614 εἶναι
745 2576 840 2615 αἰτία
861 2577 1001 2629 scripsi
1022 2578 1234 2616 Bekkerum
1257 2591 1316 2616 se-

274 2641 400 2672 cutus.
424 2633 497 2671 Sed
524 2634 565 2671 in
592 2635 723 2673 codice
743 2635 851 2685 regio
872 2636 1069 2675 Parisiaco
1091 2638 1189 2685 1807
1218 2646 1256 2675 et
1276 2637 1318 2676 in

320 2779 390 2809 179.
412 2777 576 2810 Institutio
596 2779 647 2810 est
660 2778 817 2811 doctrinae
833 2780 976 2812 traditio.

322 2838 391 2868 180.
420 2837 481 2868 Ars
503 2836 712 2869 ferendarum
740 2837 849 2880 legum
871 2827 953 2872 liene
974 2839 1123 2873 ordinata
1146 2839 1318 2883 disciplina

275 2895 326 2927 est
335 2919 345 2935 ,
360 2902 437 2935 quae
451 2895 685 2936 rempublicam
703 2895 882 2930 constituit.

321 2953 394 2985 181.
419 2952 604 2985 Admonitio
627 2954 677 2986 est
699 2962 807 2986 sermo
833 2954 874 2988 de
890 2954 1052 2988 industria
1074 2957 1319 2998 reprehenden-

277 3009 320 3042 tis
340 3023 348 3042 :
370 3019 479 3044 sermo
494 3010 537 3042 ad
550 3018 694 3044 errorem
719 3011 961 3054 deprecandum
977 3015 1255 3048 accommodatus.

322 3072 391 3103 182.
417 3069 583 3104 Auxilium
606 3072 658 3104 est
678 3070 852 3113 prohibitio
878 3072 955 3105 mali
972 3074 1148 3114 praesentis
1166 3077 1226 3108 aut
1254 3082 1317 3107 na-

275 3127 407 3162 scentis,
565 3140 568 3143 ⁴

320 3191 390 3223 183.
421 3188 603 3230 castigatio
636 3189 687 3222 est
716 3189 816 3223 animi
848 3190 976 3225 sanatio
1002 3191 1135 3233 propter
1165 3190 1320 3225 delictum

276 3248 497 3282 commissum.

320 3309 388 3341 184.
408 3307 560 3342 Potentia
583 3309 634 3342 est
651 3308 846 3350 excellentia
863 3308 899 3341 'm
915 3308 1041 3342 actione
1064 3310 1122 3341 aut
1139 3317 1288 3343 sermone
1310 3326 1318 3346 :

276 3365 426 3407 hamus,
442 3375 508 3408 quo
521 3367 612 3408 quod
629 3376 704 3400 eum
717 3367 801 3410 gerit
815 3368 931 3409 potens
948 3370 1021 3401 est:
1039 3367 1186 3400 innatum
1206 3368 1319 3404 robur.

321 3428 390 3457 185.
420 3426 558 3458 servare
581 3427 634 3461 est
655 3425 851 3462 incolumem
876 3425 972 3459 tueri.

1381 291 1566 330 Vaticano
1588 293 1661 342 796
1686 305 1756 343 pro
1774 293 1883 344 ἀρχῆς
1903 293 2044 342 legitur
2063 292 2167 346 ἀρχῆ.
2186 293 2293 332 Adde
2311 293 2416 344 quod

1381 363 1453 400 pro
1493 352 1602 401 ὁρμῆς
1624 349 1723 388 liber
1744 350 1873 399 regius
1909 350 2032 390 Paris.
2066 352 2163 389 1813
2187 351 2301 389 habet
2320 352 2412 402 ὁρμὴ

1381 416 1418 445 et
1444 422 1514 459 pro
1551 408 1644 447 αἰτία
1680 409 1802 448 codex
1845 409 1972 459 regius
2010 411 2106 453 1642
2135 409 2291 448 exhibet
2321 409 2417 447 αἰτία

1382 468 1563 513 συστολῆς.
1602 466 1777 506 Similem
1808 467 2012 506 lectionem
2043 468 2227 519 exprimit
2261 467 2417 508 Ficinus

1381 524 1507 563 locum
1542 526 1595 564 ita
1642 534 1795 564 vertens
1840 540 1848 563 :
1893 526 2060 575 Pigritia
2093 535 2149 564 est
2187 526 2277 576 suga
2310 526 2417 566 labo-

1381 596 1480 621 rum.
1503 583 1746 636 Principium
1769 593 1826 622 est
1838 585 1966 636 prima
1985 597 2114 632 causa,
2132 593 2174 622 ut
2186 583 2338 636 aliquid
2351 586 2414 624 sit.

1381 641 1583 681 Timiditas
1616 652 1672 681 est
1706 642 1858 682 affectio
1902 657 1988 695 quae
2022 642 2188 694 percipit
2217 642 2416 694 impetum.

1381 700 1578 752 Conjicias
1608 702 1730 752 igitur
1749 715 1837 740 eum
1861 703 1902 740 in
1926 709 2077 741 vetusto
2099 700 2312 755 exemplari
2339 700 2420 742 hac

1381 760 1525 811 scripta
1556 773 1624 812 rep
1654 761 1773 800 erisse
1809 775 1817 798 :
1853 760 1981 805 Ὀκνος
2017 762 2109 813 φυγὴ
2140 759 2270 799 πόνων.
2307 757 2417 813 Ἀρχὴ

1379 817 1503 871 πρώτη
1521 821 1582 857 τοῦ
1613 833 1630 857 ε
1647 833 1704 857 ναι
1721 817 1828 858 αἰτία.
1859 817 1981 858 Δειλία
2007 818 2156 863 διάθεσις
2185 815 2419 872 ἀντιληπτικὴ

1381 878 1503 930 ὁρμῆς.
1525 875 1657 928 Neque
1677 886 1803 916 tamen
1819 877 1894 916 hoc
1915 891 1988 929 pro
2010 886 2114 916 certo
2131 876 2335 926 *affirmare
2349 888 2421 917 au-

1381 935 1469 976 sim.
1490 957 1542 966 --
1562 941 1588 958 ¹¹¹
1607 935 1757 985 Fragm.
1786 936 1870 974 182.
1893 935 2098 987 γιγνομένου
2112 936 2294 987 exaravi,
2313 933 2420 988 quod

1381 1002 1438 1033 est
1461 994 1503 1032 in
1530 994 1617 1033 cod.
1640 993 1937 1033 vindobonensi
1970 996 2044 1043 3²3
2074 994 2192 1045 vulgo
2222 992 2416 1046 γινομένου,

1381 1052 1492 1104 cujus
1511 1055 1596 1091 loco
1615 1053 1829 1104 Stephanus
1849 1054 2015 1092 aliorum
2038 1053 2229 1092 librorum
2248 1051 2419 1104 scriptu-

1381 1125 1463 1150 ram
1482 1110 1664 1164 γενομένου
1684 1111 1873 1162 vulgavit.

1435 1184 1500 1210 186.
1523 1172 1636 1220 Σῶμα
1654 1169 1715 1220 μὲν
1733 1170 1770 1208 ἐν
1786 1169 1926 1213 κόλποις
1945 1169 2088 1222 κατέχει
2108 1169 2186 1208 τόδε
2211 1173 2296 1221 γαῖα
2319 1167 2421 1214 Πλά-

2299 1240 2422 1275 τωνος,

1433 1287 1529 1341 ψυχὴ
1547 1288 1576 1326 δ’
1599 1286 1739 1325 ἰσοθέων
1759 1286 1853 1331 τάξιν
1876 1286 1947 1338 ἔχει
1975 1286 2154 1339 μακάρων.

1436 1346 1703 1398 (Epigramma
1720 1345 1795 1383 hoc
1810 1344 1996 1383 tribuitur
2016 1344 2236 1396 Speusippo
2267 1343 2311 1383 in
2337 1343 2420 1387 An·-

1382 1406 1476 1445 thol.
1499 1403 1663 1443 Planud.
1688 1404 1747 1441 31.
1768 1403 1903 1441 Simile
1931 1403 2030 1441 illud
2057 1411 2125 1450 est,
2150 1401 2255 1453 quod
2281 1409 2420 1453 praeter

1383 1465 1461 1502 duo
1476 1464 1553 1502 alia
1571 1462 1742 1500 Platonis
1773 1470 2023 1500 monumento
2053 1460 2285 1512 inscriptum
2305 1458 2423 1502 fuisse

1381 1522 1478 1560 dicit
1493 1521 1688 1570 Diogenes
1708 1519 1885 1558 Laertius
1915 1519 1987 1559 lib.
2010 1519 2090 1568 ΙΙΙ,
2120 1524 2168 1564 44
2186 1520 2279 1558 Γαῖα
2302 1515 2365 1568 μὲν
2386 1519 2420 1556 ἐν

1382 1579 1502 1632 κόλπῳ
1520 1579 1663 1630 κρύπτει
1685 1577 1763 1616 τόδε
1783 1579 1885 1628 σῶμα
1906 1578 2112 1628 Πλάτωνος,
2129 1575 2226 1630 ψυχὴ
2247 1576 2277 1614 δ’
2298 1575 2422 1614 ἀθανά-

1382 1654 1450 1676 των
1470 1637 1565 1682 τάξιν
1585 1636 1660 1688 ἔχει
1680 1635 1868 1688 μακάρων,
1885 1637 1960 1674 υἱοῦ
1977 1634 2202 1687 Ἀρίστωνος,
2224 1633 2282 1673 τόν
2296 1649 2346 1677 τις
2361 1633 2423 1672 καὶ

1383 1697 1504 1746 τηλόθι
1535 1696 1642 1734 ναίων
1677 1700 1764 1747 τιμᾷ
1799 1693 1887 1746 ἀνὴρ
1915 1694 2064 1746 ἀγαθός,
2085 1697 2173 1733 θεῖον
2190 1691 2308 1732 ἰδόντα
2333 1692 2421 1745 βίον.

1383 1757 1489 1795 Idem
1508 1763 1630 1794 exstat
1658 1755 1700 1793 in
1721 1753 1880 1791 Anthol.
1916 1752 2111 1801 Pa1.·vn,
2147 1753 2194 1790 61
2221 1764 2310 1804 pag.
2343 1752 2419 1791 285

1381 1816 1443 1855 ed.
1466 1814 1638 1854 Diihner.
1661 1814 1761 1852 Vide
1777 1812 1983 1862 Bergkium
2006 1812 2055 1851 ad
2070 1811 2180 1852 Poet.
2201 1811 2279 1863 lyr.
2294 1810 2419 1852 Graec.

1382 1887 1418 1924 p.
1440 1873 1514 1911 503
1532 1881 1571 1911 et
1588 1872 1815 1911 Diibnerum
1832 1874 1858 1911 l.
1881 1886 1914 1910 c.
1931 1884 2021 1924 pag.
2044 1872 2134 1917 425.
2177 1877 2181 1881 '

1436 1945 1499 1971 187.
1528 1930 1759 1975 Σπεύσιππος
1790 1930 1980 1984 Φιλίππῳ.

1435 1988 1657 2041 Ἀντίπατρος
1674 1989 1715 2042 (1)
1731 1991 1749 2027 ὁ
1765 1989 1876 2041 φέρων
1895 1988 1958 2036 τὴν
1984 1988 2168 2037 ἐπιστολὴν
2187 1988 2226 2028 τὸ
2245 1987 2308 2041 μὲν
2327 1987 2422 2040 γένος

1382 2047 1455 2087 ἐστι
1483 2047 1651 2097 Μάγνης,
1669 2047 1796 2100 γράφει
1820 2045 1855 2085 δὲ
1874 2046 2038 2098 Ἀθήνῃσι
2056 2046 2169 2085 πάλαι
2198 2046 2261 2091 τὰς
2287 2045 2423 2094 Ἑλλη-

1371 2105 1475 2150 4νικόις
1493 2104 1645 2157 πράξεις·
1668 2105 1861 2144 ἀδικεισθαι
1881 2104 1918 2143 δέ
1941 2120 2044 2158 φησιν
2074 2104 2141 2143 {md
2167 2119 2257 2150 τινος
2284 2107 2320 2147 ἐν
2339 2106 2420 2145 Μα-

1382 2167 1518 2220 γνησία.
1541 2166 1733 2206 Διάκουσον
1753 2157 1811 2205 οὐν
1832 2166 1937 2204 αὐτοῦ
1954 2166 1996 2216 (2)
2016 2165 2056 2203 τὸ
2071 2171 2238 2218 πρᾶγμα,
2257 2163 2317 2203 καὶ
2337 2165 2422 2216 βοή-

1380 2228 1506 2274 θησοκ,
1524 2228 1571 2270 ὣς
1594 2225 1634 2263 ἂν
1655 2224 1757 2277 δύνῃ,
1777 2222 1837 2263 καὶ
1855 2223 2116 2276 προθυμότατα.
2156 2224 2309 2267 Amata<
2329 2224 2360 2262 δ’
2382 2223 2422 2262 ἂν

1381 2286 1476 2336 αὐτῷ
1504 2284 1715 2336 ’βοηθήσειας
1755 2281 1812 2320 διὰ
1843 2282 1978 2330 πολλά,
2004 2283 2064 2321 καὶ
2095 2281 2182 2321 διότι
2218 2281 2301 2334 παρ’
2332 2284 2418 2332 ἡμῖν

1382 2341 1648 2394 διαγνωσθέντος
1679 2344 1714 2381 ἐν
1736 2340 1897 2394 διατριὸῇ
1929 2354 1991 2379 του
2022 2339 2077 2378 σοὶ
2107 2339 2322 2394 πεμφθέντος
2354 2339 2422 2379 ὑπὸ

1380 2400 1602 2454 Ἰσοκράτους
1632 2399 1736 2451 λόγου
1756 2398 1860 2449 τότε,
1897 2397 1960 2445 τὴν
1992 2397 2054 2449 μὲν
2073 2397 2249 2438 ὑπόθεσιν
2257 2397 2423 2450 ἐπῄνεσε,

1379 2459 1418 2498 τὸ
1431 2460 1468 2499 δὲ
1487 2461 1699 2512 παραλιπεῖν
1718 2457 1781 2502 τὰς
1798 2459 1844 2501 εἷς
1864 2455 2101 2504 τὴνἙλλάδα
2125 2453 2314 2508 γενομένας
2326 2456 2424 2509 εὔερ-

1378 2518 1527 2569 γεσίαςς
1514 2533 1610 2568 υμων
1629 2516 1822 2556 ἐνεκάλεσε.
1879 2514 2103 2567 Πειράσομαι
2124 2516 2154 2553 δ’
2177 2514 2291 2553 αὖτῶν
2309 2517 2418 2554 εἰπεῖν

1377 2578 1507 2628 ὀλίγας.
1561 2575 1765 2629 Ἰσοκράτης
1784 2575 1846 2626 μὲν
1866 2573 1932 2627 γὰρ
1951 2573 1997 2626 (a)
2014 2572 2092 2613 οὔτε
2111 2572 2173 2617 τὰς
2191 2574 2239 2619 εἰς
2252 2572 2316 2622 τὴν
2335 2573 2420 2619 Ἑλ-

1377 2634 1467 2675 λάδα
1486 2633 1672 2687 γενομένας
1689 2631 1885 2685 εὐεργεσίας
1901 2631 1968 2670 ὑπὸ
1986 2635 2047 2670 σοῦ
2064 2630 2124 2671 καὶ
2148 2633 2216 2673 τῶν
2236 2632 2308 2670 σῶν
2327 2646 2418 2684 προ-

1422 2782 1492 2814 186.
1508 2781 1636 2821 Corpus
1648 2778 1782 2820 quidem
1799 2777 1863 2809 hoc
1877 2775 2023 2809 Platonis
2034 2778 2124 2809 terra
2141 2775 2220 2809 sinn
2233 2775 2421 2818 complecti-

1376 2842 1441 2873 tur.

1418 2899 1554 2932 Animus
1567 2896 1863 2931 autembeatorum
1881 2894 1944 2936 diis
1958 2894 2137 2936 aequalium
2147 2894 2259 2927 locum
2273 2894 2378 2928 tenet.

1424 2960 1494 2992 187.
1517 2955 1717 3000 Speusippus
1733 2954 1898 2996 Philippo.

1421 3016 1601 3058 Antipater,
1623 3014 1682 3056 qui
1704 3012 1765 3046 tibi
1786 3012 1914 3046 litteras
1931 3011 2042 3052 affert,
2063 3019 2180 3053 genere
2201 3012 2335 3053 ungnes
2348 3011 2418 3052 qui-

1379 3074 1455 3107 dem
1469 3076 1536 3116 est,
1556 3073 1616 3106 sed
1635 3071 1771 3106 Athenis
1784 3070 1854 3111 iam
1871 3069 1999 3104 dudum
2021 3070 2209 3103 Graecorum
2232 3076 2286 3102 res
2308 3068 2418 3110 gestas

1378 3133 1504 3174 scribit,
1517 3132 1628 3174 aitque
1640 3140 1677 3165 se
1691 3140 1712 3164 a
1725 3129 1834 3164 nescio
1849 3135 1916 3171 quo
1936 3129 1972 3162 111
1986 3127 2154 3171 Magnesia
2172 3126 2301 3170 injuriis
2313 3125 2416 3160 affici.

1380 3192 1464 3226 Audi
1479 3201 1555 3234 ergo
1569 3201 1611 3225 ex
1626 3200 1665 3225 eo
1683 3199 1764 3231 rem,
1795 3191 1894 3230 atque
1911 3187 2069 3230 opitulare
2090 3185 2223 3228 homini,
2253 3187 2416 3228 quantum

1378 3251 1413 3285 in
1436 3255 1469 3285 te
1491 3251 1591 3285 situm
1609 3252 1675 3291 est,
1692 3251 1727 3283 et
1741 3246 1968 3291 promtissime.
2011 3247 2095 3280 Nam
2106 3246 2181 3288 jure
2198 3253 2278 3278 eum
2303 3243 2418 3278 mulus

1379 3311 1451 3344 aliis
1469 3309 1652 3343 nominibus
1665 3308 1713 3341 illi
1731 3305 1883 3350 praesidio
1898 3306 1973 3346 eris,
1991 3307 2063 3338 tum
2074 3329 2083 3346 ‚
2101 3303 2189 3346 quod
2211 3311 2313 3345 quum
2328 3301 2417 3344 apud

1379 3378 1440 3403 nos
1457 3369 1491 3402 in
1515 3368 1688 3404 doctorum
1713 3365 1882 3399 hominum
1909 3372 2084 3405 congressu
2111 3362 2215 3396 oratio
2235 3360 2278 3394 ad
2309 3361 2345 3394 te
2373 3360 2415 3393 ab

1382 3427 1525 3460 Isocrate
1536 3426 1636 3459 missa
1650 3424 1902 3463 examinaretur,
1922 3422 2150 3464 argumentum
2163 3419 2297 3475 quidem
2310 3417 2417 3462 operis

2512 200 2514 205 ⁴
2514 91 2528 171 ι-’ὰΛσ
2522 55 2523 58 Α
2523 2 2528 7 .
