<?xml version="1.0" encoding="UTF-8"?>
<!DOCTYPE html PUBLIC "-//W3C//DTD XHTML 1.0 Transitional//EN"
    "http://www.w3.org/TR/xhtml1/DTD/xhtml1-transitional.dtd">
<html xmlns="http://www.w3.org/1999/xhtml" xml:lang="en" lang="en">
 <head>
  <title>
</title>
<meta http-equiv="Content-Type" content="text/html;charset=utf-8" />
  <meta name='ocr-system' content='tesseract 3.04.00' />
  <meta name='ocr-capabilities' content='ocr_page ocr_carea ocr_par ocr_line ocrx_word'/>
</head>
<body>
  <div class='ocr_page' id='page_1' title='image "./fragmentaphiloso03mulluoft/fragmentaphiloso03mulluoft_0569.png"; bbox 0 0 2508 3776; ppageno 0'>
   <div class='ocr_carea' id='block_1_1' title="bbox 89 485 126 560">
    <p class='ocr_par' dir='ltr' id='par_1_1' title="bbox 89 485 126 560">
     <span class='ocr_line' id='line_1_1' title="bbox 89 485 126 560; textangle 90"><span class='ocrx_word' id='word_1_1' title='bbox 91 555 94 560; x_wconf 86' lang='grc'><em>“</em></span> <span class='ocrx_word' id='word_1_2' title='bbox 89 485 126 530; x_wconf 91' lang='lat'><em>5</em></span> 
     </span>
    </p>
   </div>
   <div class='ocr_carea' id='block_1_2' title="bbox 641 168 1852 223">
    <p class='ocr_par' dir='ltr' id='par_1_2' title="bbox 641 168 1852 223">
     <span class='ocr_line' id='line_1_2' title="bbox 641 168 1852 223; baseline 0.012 -15"><span class='ocrx_word' id='word_1_3' title='bbox 641 168 945 211; x_wconf 87' lang='lat' dir='ltr'>ETHICORUM</span> <span class='ocrx_word' id='word_1_4' title='bbox 973 171 1435 217; x_wconf 82' lang='lat' dir='ltr'><strong>NICOMACHEORUM</strong></span> <span class='ocrx_word' id='word_1_5' title='bbox 1464 178 1852 223; x_wconf 79' lang='lat' dir='ltr'>PARAPHRASIS.</span> 
     </span>
    </p>
   </div>
   <div class='ocr_carea' id='block_1_3' title="bbox 150 256 1204 320">
    <p class='ocr_par' dir='ltr' id='par_1_3' title="bbox 150 256 1204 320">
     <span class='ocr_line' id='line_1_3' title="bbox 150 256 1204 320; baseline 0.008 -22.015"><span class='ocrx_word' id='word_1_6' title='bbox 150 257 251 314; x_wconf 48' lang='grc' dir='ltr'>,γαίῃ</span> <span class='ocrx_word' id='word_1_7' title='bbox 269 257 329 312; x_wconf 77' lang='grc' dir='ltr'>Τῇ</span> <span class='ocrx_word' id='word_1_8' title='bbox 350 256 413 310; x_wconf 78' lang='grc' dir='ltr'>μὲν</span> <span class='ocrx_word' id='word_1_9' title='bbox 446 258 556 312; x_wconf 82' lang='grc' dir='ltr'>ὀρέξει</span> <span class='ocrx_word' id='word_1_10' title='bbox 576 259 643 315; x_wconf 82' lang='grc' dir='ltr'>γὰρ</span> <span class='ocrx_word' id='word_1_11' title='bbox 666 264 689 309; x_wconf 87' lang='grc' dir='ltr'>ἡ</span> <span class='ocrx_word' id='word_1_12' title='bbox 717 262 824 310; x_wconf 83' lang='grc' dir='ltr'>ἡδονὴ</span> <span class='ocrx_word' id='word_1_13' title='bbox 847 262 927 303; x_wconf 85' lang='grc' dir='ltr'>οὔτε</span> <span class='ocrx_word' id='word_1_14' title='bbox 956 265 1204 320; x_wconf 83' lang='grc' dir='ltr'>συμπέφυκεν,</span> 
     </span>
    </p>
   </div>
   <div class='ocr_carea' id='block_1_4' title="bbox 75 299 1210 375">
    <p class='ocr_par' dir='ltr' id='par_1_4' title="bbox 59 299 1210 378">
     <span class='ocr_line' id='line_1_4' title="bbox 75 299 1210 375; baseline 0.008 -19.873"><span class='ocrx_word' id='word_1_15' title='bbox 75 299 90 327; x_wconf 60' lang='lat'>1</span> <span class='ocrx_word' id='word_1_16' title='bbox 134 317 237 366; x_wconf 62' lang='lat' dir='ltr'>du</span> <span class='ocrx_word' id='word_1_17' title='bbox 262 316 340 370; x_wconf 70' lang='grc' dir='ltr'>ἅμα</span> <span class='ocrx_word' id='word_1_18' title='bbox 370 317 506 371; x_wconf 83' lang='grc' dir='ltr'>γίνεται</span> <span class='ocrx_word' id='word_1_19' title='bbox 535 320 624 374; x_wconf 76' lang='grc' dir='ltr'>αὐτῇ</span> <span class='ocrx_word' id='word_1_20' title='bbox 644 319 736 360; x_wconf 83' lang='grc' dir='ltr'>κατὰ</span> <span class='ocrx_word' id='word_1_21' title='bbox 762 321 822 360; x_wconf 87' lang='grc' dir='ltr'>τὸν</span> <span class='ocrx_word' id='word_1_22' title='bbox 841 321 992 375; x_wconf 89' lang='grc' dir='ltr'>χρόνον,</span> <span class='ocrx_word' id='word_1_23' title='bbox 1014 324 1108 363; x_wconf 81' lang='grc' dir='ltr'>ἀλλὰ</span> <span class='ocrx_word' id='word_1_24' title='bbox 1141 325 1210 365; x_wconf 79' lang='grc' dir='ltr'>διέ-</span> 
     </span>
    </p>
   </div>
   <div class='ocr_carea' id='block_1_5' title="bbox 79 367 1208 496">
    <p class='ocr_par' dir='ltr' id='par_1_5' title="bbox 61 367 1208 492">
     <span class='ocr_line' id='line_1_5' title="bbox 124 367 1205 437; baseline 0.007 -20.554"><span class='ocrx_word' id='word_1_25' title='bbox 124 367 283 431; x_wconf 52' lang='grc' dir='ltr'>ὦμεν</span> <span class='ocrx_word' id='word_1_26' title='bbox 304 378 429 429; x_wconf 76' lang='grc' dir='ltr'>αὐτῆς,</span> <span class='ocrx_word' id='word_1_27' title='bbox 445 378 507 418; x_wconf 86' lang='grc' dir='ltr'>καὶ</span> <span class='ocrx_word' id='word_1_28' title='bbox 527 381 578 432; x_wconf 86' lang='grc' dir='ltr'>τῷ</span> <span class='ocrx_word' id='word_1_29' title='bbox 598 382 739 435; x_wconf 85' lang='grc' dir='ltr'>χρόνῳ,</span> <span class='ocrx_word' id='word_1_30' title='bbox 759 380 821 420; x_wconf 76' lang='grc' dir='ltr'>καὶ</span> <span class='ocrx_word' id='word_1_31' title='bbox 841 385 884 436; x_wconf 87' lang='grc' dir='ltr'>τῇ</span> <span class='ocrx_word' id='word_1_32' title='bbox 902 382 1018 436; x_wconf 85' lang='grc' dir='ltr'>φύσει.</span> <span class='ocrx_word' id='word_1_33' title='bbox 1036 385 1205 437; x_wconf 83' lang='grc' dir='ltr'>Προηγεῒ·</span> 
     </span>
     <span class='ocr_line' id='line_1_6' title="bbox 79 434 1208 496; baseline 0.007 -21"><span class='ocrx_word' id='word_1_34' title='bbox 79 454 98 476; x_wconf 64' lang='grc' dir='ltr'>,τ</span> <span class='ocrx_word' id='word_1_35' title='bbox 116 434 295 491; x_wconf 51' lang='lat' dir='ltr'>m‘ffi?</span> <span class='ocrx_word' id='word_1_36' title='bbox 311 440 336 486; x_wconf 77' lang='grc' dir='ltr'>ἡ</span> <span class='ocrx_word' id='word_1_37' title='bbox 351 437 460 491; x_wconf 82' lang='grc' dir='ltr'>ὄρεξις</span> <span class='ocrx_word' id='word_1_38' title='bbox 481 441 574 486; x_wconf 73' lang='grc' dir='ltr'>τῆς..</span> <span class='ocrx_word' id='word_1_39' title='bbox 558 439 744 492; x_wconf 83' lang='grc' dir='ltr'>ἐνεργείας,</span> <span class='ocrx_word' id='word_1_40' title='bbox 767 440 828 479; x_wconf 80' lang='grc' dir='ltr'>καὶ</span> <span class='ocrx_word' id='word_1_41' title='bbox 848 443 911 489; x_wconf 75' lang='grc' dir='ltr'>τῆς</span> <span class='ocrx_word' id='word_1_42' title='bbox 930 441 986 481; x_wconf 82' lang='grc' dir='ltr'>ἐπ’</span> <span class='ocrx_word' id='word_1_43' title='bbox 1006 443 1097 496; x_wconf 82' lang='grc' dir='ltr'>αὐτῇ</span> <span class='ocrx_word' id='word_1_44' title='bbox 1118 444 1208 492; x_wconf 87' lang='grc' dir='ltr'>ἡδο-</span> 
     </span>
    </p>
   </div>
   <div class='ocr_carea' id='block_1_6' title="bbox 6 496 1209 554">
    <p class='ocr_par' dir='ltr' id='par_1_6' title="bbox 6 496 1209 554">
     <span class='ocr_line' id='line_1_7' title="bbox 6 496 1209 554; baseline 0.009 -22"><span class='ocrx_word' id='word_1_45' title='bbox 6 519 11 523; x_wconf 93' lang='lat'><em>-</em></span> <span class='ocrx_word' id='word_1_46' title='bbox 37 516 41 518; x_wconf 75' lang='grc'><strong>-</strong></span> <span class='ocrx_word' id='word_1_47' title='bbox 97 498 238 554; x_wconf 48' lang='grc' dir='ltr'>φῆς·</span> <span class='ocrx_word' id='word_1_48' title='bbox 257 499 302 551; x_wconf 81' lang='grc' dir='ltr'>τῇ</span> <span class='ocrx_word' id='word_1_49' title='bbox 323 496 360 536; x_wconf 79' lang='grc' dir='ltr'>δὲ</span> <span class='ocrx_word' id='word_1_50' title='bbox 378 497 537 551; x_wconf 75' lang='grc' dir='ltr'>ἐνεργείᾳ</span> <span class='ocrx_word' id='word_1_51' title='bbox 560 498 653 537; x_wconf 78' lang='grc' dir='ltr'>οὕτω</span> <span class='ocrx_word' id='word_1_52' title='bbox 686 500 918 552; x_wconf 77' lang='grc' dir='ltr'>συμπέφυκεν</span> <span class='ocrx_word' id='word_1_53' title='bbox 943 506 966 550; x_wconf 80' lang='grc' dir='ltr'>ἡ</span> <span class='ocrx_word' id='word_1_54' title='bbox 993 502 1125 550; x_wconf 80' lang='grc' dir='ltr'>ἡδονή,</span> <span class='ocrx_word' id='word_1_55' title='bbox 1148 503 1209 542; x_wconf 81' lang='grc' dir='ltr'>καὶ</span> 
     </span>
    </p>
   </div>
   <div class='ocr_carea' id='block_1_7' title="bbox 51 551 1208 792">
    <p class='ocr_par' dir='ltr' id='par_1_7' title="bbox 54 551 1208 732">
     <span class='ocr_line' id='line_1_8' title="bbox 61 551 1208 613; baseline 0.005 -19"><span class='ocrx_word' id='word_1_56' title='bbox 61 577 115 613; x_wconf 62' lang='lat' dir='ltr'>=··j‘</span> <span class='ocrx_word' id='word_1_57' title='bbox 104 551 263 607; x_wconf 50' lang='grc' dir='ltr'>’,Ἀῦπως</span> <span class='ocrx_word' id='word_1_58' title='bbox 278 555 488 610; x_wconf 80' lang='grc' dir='ltr'>αχωρίστως</span> <span class='ocrx_word' id='word_1_59' title='bbox 515 557 604 610; x_wconf 88' lang='grc' dir='ltr'>ἔχει,</span> <span class='ocrx_word' id='word_1_60' title='bbox 631 557 724 598; x_wconf 80' lang='grc' dir='ltr'>ὥστε</span> <span class='ocrx_word' id='word_1_61' title='bbox 745 559 1017 612; x_wconf 76' lang='grc' dir='ltr'>ἀμφιὸητεῖται,</span> <span class='ocrx_word' id='word_1_62' title='bbox 1035 563 1066 600; x_wconf 87' lang='grc' dir='ltr'>εἷ</span> <span class='ocrx_word' id='word_1_63' title='bbox 1083 562 1208 602; x_wconf 75' lang='grc' dir='ltr'>ταύτόν</span> 
     </span>
     <span class='ocr_line' id='line_1_9' title="bbox 54 614 1208 689; baseline 0.003 -33"><span class='ocrx_word' id='word_1_64' title='bbox 54 626 98 671; x_wconf 45' lang='lat'>5⁴</span> <span class='ocrx_word' id='word_1_65' title='bbox 141 615 229 656; x_wconf 56' lang='grc' dir='ltr'>’ἔστι</span> <span class='ocrx_word' id='word_1_66' title='bbox 244 618 290 670; x_wconf 77' lang='grc' dir='ltr'>τῇ</span> <span class='ocrx_word' id='word_1_67' title='bbox 306 615 503 689; x_wconf 63' lang='grc' dir='ltr'>ἕνεργεία</span> <span class='ocrx_word' id='word_1_68' title='bbox 478 617 494 640; x_wconf 79' lang='lat'>¹²</span> <span class='ocrx_word' id='word_1_69' title='bbox 521 619 547 664; x_wconf 76' lang='grc' dir='ltr'>ἡ</span> <span class='ocrx_word' id='word_1_70' title='bbox 564 617 686 665; x_wconf 83' lang='grc' dir='ltr'>ἡδονή.</span> <span class='ocrx_word' id='word_1_71' title='bbox 707 619 883 659; x_wconf 85' lang='grc' dir='ltr'>Φαίνεται</span> <span class='ocrx_word' id='word_1_72' title='bbox 905 622 969 671; x_wconf 87' lang='grc' dir='ltr'>μὲν</span> <span class='ocrx_word' id='word_1_73' title='bbox 990 614 1064 669; x_wconf 89' lang='grc' dir='ltr'>ουν,</span> <span class='ocrx_word' id='word_1_74' title='bbox 1085 622 1208 671; x_wconf 83' lang='grc' dir='ltr'>ὅτιτη</span> <span class='ocrx_word' id='word_1_75' title='bbox 1164 638 1208 675; x_wconf 82' lang='grc' dir='ltr'>τῃ</span> 
     </span>
     <span class='ocr_line' id='line_1_10' title="bbox 58 667 1206 732; baseline 0.003 -17"><span class='ocrx_word' id='word_1_76' title='bbox 58 676 98 700; x_wconf 63' lang='grc' dir='ltr'>Ῑ“</span> <span class='ocrx_word' id='word_1_77' title='bbox 133 673 309 730; x_wconf 51' lang='lat' dir='ltr'>{bap-futu</span> <span class='ocrx_word' id='word_1_78' title='bbox 326 667 503 726; x_wconf 48' lang='lat' dir='ltr'>pium*</span> <span class='ocrx_word' id='word_1_79' title='bbox 475 675 653 730; x_wconf 84' lang='grc' dir='ltr'>ῳκείωται</span> <span class='ocrx_word' id='word_1_80' title='bbox 663 679 678 699; x_wconf 81' lang='lat'>⁰</span> <span class='ocrx_word' id='word_1_81' title='bbox 696 680 719 725; x_wconf 83' lang='grc' dir='ltr'>ἡ</span> <span class='ocrx_word' id='word_1_82' title='bbox 731 675 890 724; x_wconf 82' lang='grc' dir='ltr'>ἡδονή,</span> <span class='ocrx_word' id='word_1_83' title='bbox 870 694 893 724; x_wconf 91' lang='grc' dir='ltr'>η</span> <span class='ocrx_word' id='word_1_84' title='bbox 914 681 957 730; x_wconf 83' lang='grc' dir='ltr'>τῇ</span> <span class='ocrx_word' id='word_1_85' title='bbox 970 678 1100 732; x_wconf 83' lang='grc' dir='ltr'>ὀρέξει·</span> <span class='ocrx_word' id='word_1_86' title='bbox 1120 681 1206 718; x_wconf 81' lang='grc' dir='ltr'>ταύ-</span> 
     </span>
    </p>

    <p class='ocr_par' dir='ltr' id='par_1_8' title="bbox 51 727 1208 792">
     <span class='ocr_line' id='line_1_11' title="bbox 51 727 1208 792; baseline 0.002 -18"><span class='ocrx_word' id='word_1_87' title='bbox 51 742 54 743; x_wconf 71' lang='grc'>’</span> <span class='ocrx_word' id='word_1_88' title='bbox 73 727 110 768; x_wconf 52' lang='lat'>⁴³2</span> <span class='ocrx_word' id='word_1_89' title='bbox 146 733 215 783; x_wconf 52' lang='grc' dir='ltr'>ὡκ</span> <span class='ocrx_word' id='word_1_90' title='bbox 230 733 269 775; x_wconf 70' lang='grc' dir='ltr'>δὲ</span> <span class='ocrx_word' id='word_1_91' title='bbox 282 735 346 775; x_wconf 76' lang='grc' dir='ltr'>οὐκ</span> <span class='ocrx_word' id='word_1_92' title='bbox 369 733 480 774; x_wconf 74' lang='grc' dir='ltr'>ἔστιν·</span> <span class='ocrx_word' id='word_1_93' title='bbox 509 736 548 774; x_wconf 77' lang='grc' dir='ltr'>οὗ</span> <span class='ocrx_word' id='word_1_94' title='bbox 570 733 638 788; x_wconf 79' lang='grc' dir='ltr'>γὰρ</span> <span class='ocrx_word' id='word_1_95' title='bbox 658 736 786 775; x_wconf 84' lang='grc' dir='ltr'>ταύτὸν</span> <span class='ocrx_word' id='word_1_96' title='bbox 806 736 915 784; x_wconf 85' lang='grc' dir='ltr'>ἡδονὴ</span> <span class='ocrx_word' id='word_1_97' title='bbox 936 737 1096 790; x_wconf 83' lang='grc' dir='ltr'>διανοίᾳ,</span> <span class='ocrx_word' id='word_1_98' title='bbox 1129 738 1208 792; x_wconf 54' lang='grc' dir='ltr'>οὐδε</span> 
     </span>
    </p>
   </div>
   <div class='ocr_carea' id='block_1_8' title="bbox 110 768 1207 851">
    <p class='ocr_par' dir='ltr' id='par_1_9' title="bbox 58 768 1207 851">
     <span class='ocr_line' id='line_1_12' title="bbox 110 768 1207 851; baseline 0.004 -19.774"><span class='ocrx_word' id='word_1_99' title='bbox 110 794 314 845; x_wconf 64' lang='grc' dir='ltr'>αἰσθήσει</span> <span class='ocrx_word' id='word_1_100' title='bbox 332 793 500 848; x_wconf 67' lang='grc' dir='ltr'>οὐδεμία·</span> <span class='ocrx_word' id='word_1_101' title='bbox 522 794 650 834; x_wconf 87' lang='grc' dir='ltr'>ἄτοπον</span> <span class='ocrx_word' id='word_1_102' title='bbox 665 794 733 849; x_wconf 83' lang='grc' dir='ltr'>γὰρ</span> <span class='ocrx_word' id='word_1_103' title='bbox 747 794 856 841; x_wconf 77' lang='grc' dir='ltr'>οὕτως</span> <span class='ocrx_word' id='word_1_104' title='bbox 872 795 1018 837; x_wconf 83' lang='grc' dir='ltr'>οἴεσθαι.</span> <span class='ocrx_word' id='word_1_105' title='bbox 1037 768 1143 836; x_wconf 61' lang='lat' dir='ltr'>&#39;Aua</span> <span class='ocrx_word' id='word_1_106' title='bbox 1157 813 1207 851; x_wconf 90' lang='grc' dir='ltr'>τῳ</span> 
     </span>
    </p>
   </div>
   <div class='ocr_carea' id='block_1_9' title="bbox 0 0 98 3776">
    <p class='ocr_par' dir='ltr' id='par_1_10' title="bbox 0 0 98 3776">
     <span class='ocr_line' id='line_1_13' title="bbox 0 0 98 3776; baseline 0 0"><span class='ocrx_word' id='word_1_107' title='bbox 0 0 98 3776; x_wconf 95' lang='lat' dir='ltr'> </span> 
     </span>
    </p>
   </div>
   <div class='ocr_carea' id='block_1_10' title="bbox 49 1330 87 1368">
    <p class='ocr_par' dir='ltr' id='par_1_11' title="bbox 49 1330 87 1368">
     <span class='ocr_line' id='line_1_14' title="bbox 49 1330 87 1368; baseline -0.053 -19"><span class='ocrx_word' id='word_1_108' title='bbox 49 1346 51 1349; x_wconf 93' lang='grc'>,</span> <span class='ocrx_word' id='word_1_109' title='bbox 61 1330 87 1368; x_wconf 46' lang='grc' dir='ltr'>ἐξ</span> 
     </span>
    </p>
   </div>
   <div class='ocr_carea' id='block_1_11' title="bbox 57 851 1206 967">
    <p class='ocr_par' dir='ltr' id='par_1_12' title="bbox 49 838 1206 967">
     <span class='ocr_line' id='line_1_15' title="bbox 57 851 1206 967; baseline 0.032 -109.744"><span class='ocrx_word' id='word_1_110' title='bbox 57 873 97 911; x_wconf 17' lang='grc' dir='ltr'>’.Ἦ</span> <span class='ocrx_word' id='word_1_111' title='bbox 137 853 363 967; x_wconf 33' lang='lat' dir='ltr'>zap&amp;</span> <span class='ocrx_word' id='word_1_112' title='bbox 404 851 568 901; x_wconf 79' lang='grc' dir='ltr'>ἀλλήλων</span> <span class='ocrx_word' id='word_1_113' title='bbox 604 857 696 907; x_wconf 86' lang='grc' dir='ltr'>ἔχειν</span> <span class='ocrx_word' id='word_1_114' title='bbox 737 854 832 893; x_wconf 84' lang='grc' dir='ltr'>δοκεῖ</span> <span class='ocrx_word' id='word_1_115' title='bbox 874 853 984 907; x_wconf 84' lang='grc' dir='ltr'>μηδὲν</span> <span class='ocrx_word' id='word_1_116' title='bbox 1032 854 1206 910; x_wconf 78' lang='grc' dir='ltr'>διαφέρειν</span> 
     </span>
    </p>
   </div>
   <div class='ocr_carea' id='block_1_12' title="bbox 70 971 1206 1105">
    <p class='ocr_par' dir='ltr' id='par_1_13' title="bbox 57 971 1206 1087">
     <span class='ocr_line' id='line_1_16' title="bbox 70 971 1206 1028; baseline -0.001 -13.01"><span class='ocrx_word' id='word_1_117' title='bbox 70 999 95 1027; x_wconf 36' lang='grc' dir='ltr'><em>μ</em></span> <span class='ocrx_word' id='word_1_118' title='bbox 126 1007 128 1010; x_wconf 52' lang='grc'>,</span> <span class='ocrx_word' id='word_1_119' title='bbox 150 991 152 994; x_wconf 66' lang='grc'>’</span> <span class='ocrx_word' id='word_1_120' title='bbox 202 971 404 1028; x_wconf 60' lang='grc' dir='ltr'>*Διαφοροι</span> <span class='ocrx_word' id='word_1_121' title='bbox 416 971 456 1013; x_wconf 89' lang='grc' dir='ltr'>δε</span> <span class='ocrx_word' id='word_1_122' title='bbox 471 973 540 1012; x_wconf 84' lang='grc' dir='ltr'>εἶσι</span> <span class='ocrx_word' id='word_1_123' title='bbox 554 989 613 1013; x_wconf 91' lang='grc' dir='ltr'>και</span> <span class='ocrx_word' id='word_1_124' title='bbox 628 973 731 1013; x_wconf 81' lang='grc' dir='ltr'>αὐταὶ</span> <span class='ocrx_word' id='word_1_125' title='bbox 751 975 788 1012; x_wconf 85' lang='grc' dir='ltr'>αἱ</span> <span class='ocrx_word' id='word_1_126' title='bbox 800 972 924 1022; x_wconf 85' lang='grc' dir='ltr'>ἡδοναι</span> <span class='ocrx_word' id='word_1_127' title='bbox 938 973 1024 1027; x_wconf 85' lang='grc' dir='ltr'>πρὸς</span> <span class='ocrx_word' id='word_1_128' title='bbox 1037 974 1206 1024; x_wconf 84' lang='grc' dir='ltr'>ἀλλήλας,</span> 
     </span>
     <span class='ocr_line' id='line_1_17' title="bbox 102 1032 1200 1105; baseline -0.001 -32.04"><span class='ocrx_word' id='word_1_129' title='bbox 102 1032 440 1087; x_wconf 63' lang='grc' dir='ltr'>·ῧειαῖὲνέργειαι.</span> <span class='ocrx_word' id='word_1_130' title='bbox 453 1032 625 1105; x_wconf 81' lang='grc' dir='ltr'>Διαφέρει</span> <span class='ocrx_word' id='word_1_131' title='bbox 641 1032 709 1086; x_wconf 87' lang='grc' dir='ltr'>γὰρ</span> <span class='ocrx_word' id='word_1_132' title='bbox 731 1033 807 1087; x_wconf 77' lang='grc' dir='ltr'>ὄψις</span> <span class='ocrx_word' id='word_1_133' title='bbox 832 1032 925 1086; x_wconf 82' lang='grc' dir='ltr'>ἇφης</span> <span class='ocrx_word' id='word_1_134' title='bbox 944 1033 1200 1086; x_wconf 85' lang='grc' dir='ltr'>καθαριότητι,</span> 
     </span>
    </p>
   </div>
   <div class='ocr_carea' id='block_1_13' title="bbox 105 1091 1202 1223">
    <p class='ocr_par' dir='ltr' id='par_1_14' title="bbox 105 1091 1202 1208">
     <span class='ocr_line' id='line_1_18' title="bbox 105 1091 1202 1156; baseline -0.001 -22.96"><span class='ocrx_word' id='word_1_135' title='bbox 105 1093 229 1156; x_wconf 72' lang='grc' dir='ltr'>καθ’</span> <span class='ocrx_word' id='word_1_136' title='bbox 247 1091 329 1133; x_wconf 79' lang='grc' dir='ltr'>ὅσον</span> <span class='ocrx_word' id='word_1_137' title='bbox 347 1095 372 1141; x_wconf 82' lang='grc' dir='ltr'>ἡ</span> <span class='ocrx_word' id='word_1_138' title='bbox 393 1091 458 1144; x_wconf 75' lang='grc' dir='ltr'>μὲν</span> <span class='ocrx_word' id='word_1_139' title='bbox 473 1095 536 1132; x_wconf 77' lang='grc' dir='ltr'>τοῦ</span> <span class='ocrx_word' id='word_1_140' title='bbox 555 1092 666 1137; x_wconf 85' lang='grc' dir='ltr'>εἴδους</span> <span class='ocrx_word' id='word_1_141' title='bbox 698 1091 1000 1144; x_wconf 75' lang='grc' dir='ltr'>ἀντιλαμὸάνεται</span> <span class='ocrx_word' id='word_1_142' title='bbox 1031 1092 1160 1143; x_wconf 86' lang='grc' dir='ltr'>μόνου,</span> <span class='ocrx_word' id='word_1_143' title='bbox 1181 1097 1202 1141; x_wconf 89' lang='grc' dir='ltr'>ἡ</span> 
     </span>
     <span class='ocr_line' id='line_1_19' title="bbox 105 1130 1197 1223; baseline -0.002 -30.922"><span class='ocrx_word' id='word_1_144' title='bbox 105 1130 280 1208; x_wconf 56' lang='lat' dir='ltr'>&#39;amq-&gt;1</span> <span class='ocrx_word' id='word_1_145' title='bbox 295 1168 340 1207; x_wconf 77' lang='grc' dir='ltr'>τῃ</span> <span class='ocrx_word' id='word_1_146' title='bbox 360 1151 429 1205; x_wconf 75' lang='grc' dir='ltr'>ὅλῃ</span> <span class='ocrx_word' id='word_1_147' title='bbox 451 1153 587 1204; x_wconf 77' lang='grc' dir='ltr'>μᾶλλον</span> <span class='ocrx_word' id='word_1_148' title='bbox 624 1151 821 1223; x_wconf 84' lang='grc' dir='ltr'>προσάγει,</span> <span class='ocrx_word' id='word_1_149' title='bbox 846 1151 906 1190; x_wconf 82' lang='grc' dir='ltr'>καὶ</span> <span class='ocrx_word' id='word_1_150' title='bbox 925 1154 948 1199; x_wconf 86' lang='grc' dir='ltr'>ἡ</span> <span class='ocrx_word' id='word_1_151' title='bbox 970 1151 1058 1200; x_wconf 89' lang='grc' dir='ltr'>ἀκοὴ</span> <span class='ocrx_word' id='word_1_152' title='bbox 1086 1152 1197 1206; x_wconf 81' lang='grc' dir='ltr'>ταύτῃ</span> 
     </span>
    </p>
   </div>
   <div class='ocr_carea' id='block_1_14' title="bbox 52 1210 1205 1323">
    <p class='ocr_par' dir='ltr' id='par_1_15' title="bbox 47 1196 1205 1323">
     <span class='ocr_line' id='line_1_20' title="bbox 102 1210 1205 1267; baseline -0.003 -13.19"><span class='ocrx_word' id='word_1_153' title='bbox 102 1243 104 1248; x_wconf 38' lang='lat'><em>⁷</em></span> <span class='ocrx_word' id='word_1_154' title='bbox 147 1214 213 1260; x_wconf 70' lang='grc' dir='ltr'>τῆς</span> <span class='ocrx_word' id='word_1_155' title='bbox 221 1211 436 1267; x_wconf 65' lang='grc' dir='ltr'>ὀσφρήσεως</span> <span class='ocrx_word' id='word_1_156' title='bbox 450 1210 511 1251; x_wconf 74' lang='grc' dir='ltr'>καὶ</span> <span class='ocrx_word' id='word_1_157' title='bbox 527 1227 589 1259; x_wconf 89' lang='grc' dir='ltr'>της</span> <span class='ocrx_word' id='word_1_158' title='bbox 606 1211 759 1264; x_wconf 85' lang='grc' dir='ltr'>γεύσεως</span> <span class='ocrx_word' id='word_1_159' title='bbox 772 1210 947 1265; x_wconf 83' lang='grc' dir='ltr'>διαφέρει,</span> <span class='ocrx_word' id='word_1_160' title='bbox 968 1211 1022 1249; x_wconf 83' lang='grc' dir='ltr'>ὅτι</span> <span class='ocrx_word' id='word_1_161' title='bbox 1044 1215 1105 1259; x_wconf 80' lang='grc' dir='ltr'>τῆς</span> <span class='ocrx_word' id='word_1_162' title='bbox 1123 1214 1205 1261; x_wconf 83' lang='grc' dir='ltr'>ὕλης</span> 
     </span>
     <span class='ocr_line' id='line_1_21' title="bbox 52 1267 1205 1323; baseline -0.002 -10"><span class='ocrx_word' id='word_1_163' title='bbox 52 1267 86 1314; x_wconf 47' lang='grc' dir='ltr'>ἶ</span> <span class='ocrx_word' id='word_1_164' title='bbox 135 1269 321 1312; x_wconf 61' lang='lat' dir='ltr'>lm:</span> <span class='ocrx_word' id='word_1_165' title='bbox 340 1273 494 1323; x_wconf 57' lang='grc' dir='ltr'>μᾶλλον]</span> <span class='ocrx_word' id='word_1_166' title='bbox 515 1269 593 1310; x_wconf 81' lang='grc' dir='ltr'>ὅθεν</span> <span class='ocrx_word' id='word_1_167' title='bbox 625 1287 686 1311; x_wconf 88' lang='grc' dir='ltr'>και</span> <span class='ocrx_word' id='word_1_168' title='bbox 716 1272 754 1310; x_wconf 69' lang='grc' dir='ltr'>αἱ</span> <span class='ocrx_word' id='word_1_169' title='bbox 779 1270 950 1322; x_wconf 83' lang='grc' dir='ltr'>ἑπόμεναι</span> <span class='ocrx_word' id='word_1_170' title='bbox 970 1271 1094 1317; x_wconf 83' lang='grc' dir='ltr'>ἡδοναὶ</span> <span class='ocrx_word' id='word_1_171' title='bbox 1122 1272 1205 1311; x_wconf 89' lang='grc' dir='ltr'>διοί-</span> 
     </span>
    </p>
   </div>
   <div class='ocr_carea' id='block_1_15' title="bbox 135 1329 1203 1382">
    <p class='ocr_par' dir='ltr' id='par_1_16' title="bbox 135 1329 1203 1382">
     <span class='ocr_line' id='line_1_22' title="bbox 135 1329 1203 1382; baseline 0.001 -13"><span class='ocrx_word' id='word_1_172' title='bbox 135 1344 269 1371; x_wconf 60' lang='grc' dir='ltr'>σουσιν</span> <span class='ocrx_word' id='word_1_173' title='bbox 302 1329 487 1382; x_wconf 79' lang='grc' dir='ltr'>ἀλλήλων,</span> <span class='ocrx_word' id='word_1_174' title='bbox 513 1330 573 1370; x_wconf 83' lang='grc' dir='ltr'>καὶ</span> <span class='ocrx_word' id='word_1_175' title='bbox 605 1333 675 1370; x_wconf 83' lang='grc' dir='ltr'>τῶν</span> <span class='ocrx_word' id='word_1_176' title='bbox 706 1333 749 1371; x_wconf 80' lang='grc' dir='ltr'>ἐκ</span> <span class='ocrx_word' id='word_1_177' title='bbox 776 1334 838 1378; x_wconf 75' lang='grc' dir='ltr'>τῆς</span> <span class='ocrx_word' id='word_1_178' title='bbox 861 1330 1017 1374; x_wconf 85' lang='grc' dir='ltr'>διανοίας</span> <span class='ocrx_word' id='word_1_179' title='bbox 1051 1331 1203 1381; x_wconf 80' lang='grc' dir='ltr'>ἡδονῶν,</span> 
     </span>
    </p>
   </div>
   <div class='ocr_carea' id='block_1_16' title="bbox 54 1378 1204 1503">
    <p class='ocr_par' dir='ltr' id='par_1_17' title="bbox 54 1378 1204 1508">
     <span class='ocr_line' id='line_1_23' title="bbox 54 1378 1203 1445; baseline -0.003 -12"><span class='ocrx_word' id='word_1_180' title='bbox 54 1378 70 1435; x_wconf 50' lang='grc' dir='ltr'>’ΣΤ</span> <span class='ocrx_word' id='word_1_181' title='bbox 83 1415 94 1423; x_wconf 93' lang='lat'>··</span> <span class='ocrx_word' id='word_1_182' title='bbox 145 1387 201 1433; x_wconf 67' lang='grc' dir='ltr'>ὅτι</span> <span class='ocrx_word' id='word_1_183' title='bbox 221 1389 380 1445; x_wconf 68' lang='grc' dir='ltr'>διάφοροι</span> <span class='ocrx_word' id='word_1_184' title='bbox 401 1391 439 1429; x_wconf 81' lang='grc' dir='ltr'>αἱ</span> <span class='ocrx_word' id='word_1_185' title='bbox 475 1391 660 1444; x_wconf 84' lang='grc' dir='ltr'>ἐνέργειαι.</span> <span class='ocrx_word' id='word_1_186' title='bbox 687 1391 764 1430; x_wconf 80' lang='grc' dir='ltr'>Καὶ</span> <span class='ocrx_word' id='word_1_187' title='bbox 789 1389 895 1429; x_wconf 78' lang='grc' dir='ltr'>αὐταὶ</span> <span class='ocrx_word' id='word_1_188' title='bbox 916 1390 952 1429; x_wconf 85' lang='grc' dir='ltr'>δὲ</span> <span class='ocrx_word' id='word_1_189' title='bbox 981 1393 1016 1429; x_wconf 80' lang='grc' dir='ltr'>αἱ</span> <span class='ocrx_word' id='word_1_190' title='bbox 1045 1394 1107 1439; x_wconf 75' lang='grc' dir='ltr'>τῆς</span> <span class='ocrx_word' id='word_1_191' title='bbox 1126 1393 1203 1430; x_wconf 85' lang='grc' dir='ltr'>δια-</span> 
     </span>
     <span class='ocr_line' id='line_1_24' title="bbox 145 1448 1204 1503; baseline 0.004 -17.624"><span class='ocrx_word' id='word_1_192' title='bbox 145 1448 240 1494; x_wconf 77' lang='grc' dir='ltr'>νοίας</span> <span class='ocrx_word' id='word_1_193' title='bbox 255 1449 381 1498; x_wconf 82' lang='grc' dir='ltr'>ἡδοναὶ</span> <span class='ocrx_word' id='word_1_194' title='bbox 397 1451 465 1503; x_wconf 80' lang='grc' dir='ltr'>οὐχ</span> <span class='ocrx_word' id='word_1_195' title='bbox 486 1451 522 1488; x_wconf 77' lang='grc' dir='ltr'>αἱ</span> <span class='ocrx_word' id='word_1_196' title='bbox 541 1449 647 1488; x_wconf 80' lang='grc' dir='ltr'>αὐταὶ</span> <span class='ocrx_word' id='word_1_197' title='bbox 669 1449 809 1489; x_wconf 87' lang='grc' dir='ltr'>ἔσονται</span> <span class='ocrx_word' id='word_1_198' title='bbox 829 1449 1019 1499; x_wconf 83' lang='grc' dir='ltr'>ἀλλήλαις,</span> <span class='ocrx_word' id='word_1_199' title='bbox 1052 1451 1105 1490; x_wconf 83' lang='grc' dir='ltr'>ὅτι</span> <span class='ocrx_word' id='word_1_200' title='bbox 1129 1451 1204 1490; x_wconf 85' lang='grc' dir='ltr'>διά-</span> 
     </span>
    </p>
   </div>
   <div class='ocr_carea' id='block_1_17' title="bbox 146 1508 630 1564">
    <p class='ocr_par' dir='ltr' id='par_1_18' title="bbox 146 1508 630 1564">
     <span class='ocr_line' id='line_1_25' title="bbox 146 1508 630 1564; baseline 0 -14"><span class='ocrx_word' id='word_1_201' title='bbox 146 1523 248 1564; x_wconf 78' lang='grc' dir='ltr'>φοροι</span> <span class='ocrx_word' id='word_1_202' title='bbox 268 1509 440 1563; x_wconf 74' lang='grc' dir='ltr'>ἐνέργειαι</span> <span class='ocrx_word' id='word_1_203' title='bbox 462 1508 630 1554; x_wconf 86' lang='grc' dir='ltr'>διανοίας.</span> 
     </span>
    </p>
   </div>
   <div class='ocr_carea' id='block_1_18' title="bbox 199 1568 1202 1623">
    <p class='ocr_par' dir='ltr' id='par_1_19' title="bbox 199 1568 1202 1623">
     <span class='ocr_line' id='line_1_26' title="bbox 199 1568 1202 1623; baseline -0.001 -13"><span class='ocrx_word' id='word_1_204' title='bbox 199 1570 430 1610; x_wconf 59' lang='lat' dir='ltr'>”maiman</span> <span class='ocrx_word' id='word_1_205' title='bbox 446 1570 483 1609; x_wconf 79' lang='grc' dir='ltr'>δὲ</span> <span class='ocrx_word' id='word_1_206' title='bbox 498 1568 552 1608; x_wconf 82' lang='grc' dir='ltr'>ὅτι</span> <span class='ocrx_word' id='word_1_207' title='bbox 559 1570 621 1608; x_wconf 85' lang='grc' dir='ltr'>καὶ</span> <span class='ocrx_word' id='word_1_208' title='bbox 634 1569 776 1623; x_wconf 79' lang='grc' dir='ltr'>ἑκάστῳ</span> <span class='ocrx_word' id='word_1_209' title='bbox 793 1568 897 1622; x_wconf 64' lang='grc' dir='ltr'>ζῴῳθ</span> <span class='ocrx_word' id='word_1_210' title='bbox 914 1569 1025 1609; x_wconf 81' lang='grc' dir='ltr'>οἰκεία</span> <span class='ocrx_word' id='word_1_211' title='bbox 1043 1570 1093 1614; x_wconf 86' lang='grc' dir='ltr'>τίς</span> <span class='ocrx_word' id='word_1_212' title='bbox 1109 1572 1202 1609; x_wconf 85' lang='grc' dir='ltr'>ἐστιν</span> 
     </span>
    </p>
   </div>
   <div class='ocr_carea' id='block_1_19' title="bbox 111 1628 1204 1744">
    <p class='ocr_par' dir='ltr' id='par_1_20' title="bbox 46 1628 1204 1744">
     <span class='ocr_line' id='line_1_27' title="bbox 111 1628 1204 1684; baseline -0.002 -14.112"><span class='ocrx_word' id='word_1_213' title='bbox 111 1655 114 1657; x_wconf 91' lang='grc'>-</span> <span class='ocrx_word' id='word_1_214' title='bbox 145 1629 271 1682; x_wconf 79' lang='grc' dir='ltr'>ἡδονή,</span> <span class='ocrx_word' id='word_1_215' title='bbox 288 1629 450 1683; x_wconf 85' lang='grc' dir='ltr'>καθάπερ</span> <span class='ocrx_word' id='word_1_216' title='bbox 468 1629 528 1668; x_wconf 77' lang='grc' dir='ltr'>καὶ</span> <span class='ocrx_word' id='word_1_217' title='bbox 557 1628 658 1682; x_wconf 85' lang='grc' dir='ltr'>ἔργον</span> <span class='ocrx_word' id='word_1_218' title='bbox 681 1628 774 1668; x_wconf 77' lang='grc' dir='ltr'>ἐστὶν</span> <span class='ocrx_word' id='word_1_219' title='bbox 802 1631 943 1670; x_wconf 87' lang='grc' dir='ltr'>οἰκεῖον.</span> <span class='ocrx_word' id='word_1_220' title='bbox 979 1631 1024 1669; x_wconf 81' lang='grc' dir='ltr'>Εἰ</span> <span class='ocrx_word' id='word_1_221' title='bbox 1045 1629 1114 1684; x_wconf 85' lang='grc' dir='ltr'>γὰρ</span> <span class='ocrx_word' id='word_1_222' title='bbox 1128 1635 1204 1675; x_wconf 82' lang='grc' dir='ltr'>ταῖς</span> 
     </span>
     <span class='ocr_line' id='line_1_28' title="bbox 141 1684 1204 1744; baseline -0.002 -14.145"><span class='ocrx_word' id='word_1_223' title='bbox 141 1689 338 1744; x_wconf 67' lang='grc' dir='ltr'>ἓνεργείαις</span> <span class='ocrx_word' id='word_1_224' title='bbox 353 1690 390 1728; x_wconf 83' lang='grc' dir='ltr'>αἱ</span> <span class='ocrx_word' id='word_1_225' title='bbox 406 1687 529 1736; x_wconf 83' lang='grc' dir='ltr'>ἡδοναὶ</span> <span class='ocrx_word' id='word_1_226' title='bbox 546 1690 793 1728; x_wconf 84' lang='grc' dir='ltr'>ἀκολουθοῦσιν</span> <span class='ocrx_word' id='word_1_227' title='bbox 807 1718 818 1739; x_wconf 89' lang='grc'>,</span> <span class='ocrx_word' id='word_1_228' title='bbox 844 1689 982 1742; x_wconf 79' lang='grc' dir='ltr'>ἑκάστῳ</span> <span class='ocrx_word' id='word_1_229' title='bbox 995 1688 1030 1728; x_wconf 87' lang='grc' dir='ltr'>δὲ</span> <span class='ocrx_word' id='word_1_230' title='bbox 1046 1684 1144 1742; x_wconf 64' lang='grc' dir='ltr'>ζῴῳί</span> <span class='ocrx_word' id='word_1_231' title='bbox 1156 1691 1204 1728; x_wconf 87' lang='grc' dir='ltr'>οἰ-</span> 
     </span>
    </p>
   </div>
   <div class='ocr_carea' id='block_1_20' title="bbox 142 1746 1201 1981">
    <p class='ocr_par' dir='ltr' id='par_1_21' title="bbox 142 1746 1201 1981">
     <span class='ocr_line' id='line_1_29' title="bbox 142 1746 1200 1805; baseline -0.004 -15"><span class='ocrx_word' id='word_1_232' title='bbox 142 1749 224 1790; x_wconf 64' lang='grc' dir='ltr'>κεία</span> <span class='ocrx_word' id='word_1_233' title='bbox 242 1748 295 1795; x_wconf 79' lang='grc' dir='ltr'>τίς</span> <span class='ocrx_word' id='word_1_234' title='bbox 312 1751 406 1789; x_wconf 77' lang='grc' dir='ltr'>ἔστιν</span> <span class='ocrx_word' id='word_1_235' title='bbox 439 1748 594 1805; x_wconf 80' lang='grc' dir='ltr'>ἐνέργεια</span> <span class='ocrx_word' id='word_1_236' title='bbox 619 1749 842 1796; x_wconf 83' lang='grc' dir='ltr'>κατάλληλος</span> <span class='ocrx_word' id='word_1_237' title='bbox 872 1752 916 1802; x_wconf 81' lang='grc' dir='ltr'>τῇ</span> <span class='ocrx_word' id='word_1_238' title='bbox 949 1746 1069 1799; x_wconf 83' lang='grc' dir='ltr'>φύσει,</span> <span class='ocrx_word' id='word_1_239' title='bbox 1093 1749 1153 1787; x_wconf 85' lang='grc' dir='ltr'>καὶ</span> <span class='ocrx_word' id='word_1_240' title='bbox 1178 1752 1200 1797; x_wconf 87' lang='grc' dir='ltr'>ἡ</span> 
     </span>
     <span class='ocr_line' id='line_1_30' title="bbox 143 1806 1200 1858; baseline -0.001 -10"><span class='ocrx_word' id='word_1_241' title='bbox 143 1807 254 1858; x_wconf 74' lang='grc' dir='ltr'>ἡδονὴ</span> <span class='ocrx_word' id='word_1_242' title='bbox 271 1808 314 1848; x_wconf 73' lang='grc' dir='ltr'>ἂν</span> <span class='ocrx_word' id='word_1_243' title='bbox 334 1808 389 1856; x_wconf 82' lang='grc' dir='ltr'>εἴη</span> <span class='ocrx_word' id='word_1_244' title='bbox 419 1806 544 1849; x_wconf 74' lang='grc' dir='ltr'>οἰκεία.</span> <span class='ocrx_word' id='word_1_245' title='bbox 568 1809 602 1848; x_wconf 88' lang='grc' dir='ltr'><strong>Τ</strong></span> <span class='ocrx_word' id='word_1_246' title='bbox 603 1811 685 1847; x_wconf 80' lang='grc' dir='ltr'>οῧτο</span> <span class='ocrx_word' id='word_1_247' title='bbox 705 1807 818 1847; x_wconf 78' lang='grc' dir='ltr'>δὲκαὶ</span> <span class='ocrx_word' id='word_1_248' title='bbox 848 1809 926 1847; x_wconf 85' lang='grc' dir='ltr'>καθ’</span> <span class='ocrx_word' id='word_1_249' title='bbox 940 1807 1088 1846; x_wconf 72' lang='grc' dir='ltr'>ἕκαστον</span> <span class='ocrx_word' id='word_1_250' title='bbox 1117 1812 1200 1847; x_wconf 85' lang='grc' dir='ltr'>θεω-</span> 
     </span>
     <span class='ocr_line' id='line_1_31' title="bbox 145 1866 1201 1924; baseline -0.002 -16"><span class='ocrx_word' id='word_1_251' title='bbox 145 1871 264 1924; x_wconf 61' lang='grc' dir='ltr'>ροῦντι</span> <span class='ocrx_word' id='word_1_252' title='bbox 285 1867 422 1920; x_wconf 80' lang='grc' dir='ltr'>γίνεται</span> <span class='ocrx_word' id='word_1_253' title='bbox 452 1868 572 1915; x_wconf 75' lang='grc' dir='ltr'>δῆλον.</span> <span class='ocrx_word' id='word_1_254' title='bbox 600 1866 732 1921; x_wconf 85' lang='grc' dir='ltr'>Ἑτέρα</span> <span class='ocrx_word' id='word_1_255' title='bbox 760 1867 830 1920; x_wconf 86' lang='grc' dir='ltr'>γὰρ</span> <span class='ocrx_word' id='word_1_256' title='bbox 862 1868 972 1907; x_wconf 77' lang='grc' dir='ltr'>ἵππου</span> <span class='ocrx_word' id='word_1_257' title='bbox 994 1866 1122 1915; x_wconf 87' lang='grc' dir='ltr'>ἡδονή,</span> <span class='ocrx_word' id='word_1_258' title='bbox 1142 1868 1201 1907; x_wconf 82' lang='grc' dir='ltr'>καὶ</span> 
     </span>
     <span class='ocr_line' id='line_1_32' title="bbox 142 1924 1200 1981; baseline -0.002 -13"><span class='ocrx_word' id='word_1_259' title='bbox 142 1926 262 1978; x_wconf 57' lang='grc' dir='ltr'>κυνός,</span> <span class='ocrx_word' id='word_1_260' title='bbox 301 1927 363 1966; x_wconf 79' lang='grc' dir='ltr'>καὶ</span> <span class='ocrx_word' id='word_1_261' title='bbox 390 1924 601 1981; x_wconf 81' lang='grc' dir='ltr'>ἀνθρώπου·</span> <span class='ocrx_word' id='word_1_262' title='bbox 625 1927 788 1980; x_wconf 83' lang='grc' dir='ltr'>καθάπερ</span> <span class='ocrx_word' id='word_1_263' title='bbox 812 1926 1043 1981; x_wconf 84' lang='grc' dir='ltr'>Ἡράκλειτός</span> <span class='ocrx_word' id='word_1_264' title='bbox 1077 1942 1200 1981; x_wconf 84' lang='grc' dir='ltr'>φησιν,</span> 
     </span>
    </p>
   </div>
   <div class='ocr_carea' id='block_1_21' title="bbox 42 1959 1202 2041">
    <p class='ocr_par' dir='ltr' id='par_1_22' title="bbox 42 1959 1202 2041">
     <span class='ocr_line' id='line_1_33' title="bbox 42 1959 1202 2041; baseline -0.004 -12"><span class='ocrx_word' id='word_1_265' title='bbox 42 1959 66 2014; x_wconf 80' lang='grc'>”</span> <span class='ocrx_word' id='word_1_266' title='bbox 142 1985 221 2029; x_wconf 63' lang='grc' dir='ltr'>ὄνον</span> <span class='ocrx_word' id='word_1_267' title='bbox 242 1986 408 2041; x_wconf 74' lang='grc' dir='ltr'>σῦρματα</span> <span class='ocrx_word' id='word_1_268' title='bbox 427 1986 469 2026; x_wconf 74' lang='grc' dir='ltr'>ἂν</span> <span class='ocrx_word' id='word_1_269' title='bbox 491 1985 631 2026; x_wconf 80' lang='grc' dir='ltr'>ἑλέσθαι</span> <span class='ocrx_word' id='word_1_270' title='bbox 665 1988 799 2037; x_wconf 82' lang='grc' dir='ltr'>μᾶλλον</span> <span class='ocrx_word' id='word_1_271' title='bbox 817 2016 827 2035; x_wconf 88' lang='grc'>,</span> <span class='ocrx_word' id='word_1_272' title='bbox 866 1987 889 2034; x_wconf 78' lang='grc' dir='ltr'><strong>ἢ</strong></span> <span class='ocrx_word' id='word_1_273' title='bbox 913 1986 1072 2040; x_wconf 81' lang='grc' dir='ltr'>χρυσόν·</span> <span class='ocrx_word' id='word_1_274' title='bbox 1104 1985 1202 2033; x_wconf 81' lang='grc' dir='ltr'>ἥδιον</span> 
     </span>
    </p>
   </div>
   <div class='ocr_carea' id='block_1_22' title="bbox 141 2039 1205 2578">
    <p class='ocr_par' dir='ltr' id='par_1_23' title="bbox 141 2039 1205 2578">
     <span class='ocr_line' id='line_1_34' title="bbox 142 2039 1204 2102; baseline -0.002 -16"><span class='ocrx_word' id='word_1_275' title='bbox 142 2044 212 2102; x_wconf 66' lang='grc' dir='ltr'>γὰρ</span> <span class='ocrx_word' id='word_1_276' title='bbox 230 2061 366 2102; x_wconf 83' lang='grc' dir='ltr'>χρυσου</span> <span class='ocrx_word' id='word_1_277' title='bbox 394 2043 508 2100; x_wconf 80' lang='grc' dir='ltr'>τροφὴ</span> <span class='ocrx_word' id='word_1_278' title='bbox 540 2045 643 2091; x_wconf 84' lang='grc' dir='ltr'>ὄνοις.</span> <span class='ocrx_word' id='word_1_279' title='bbox 665 2047 714 2086; x_wconf 77' lang='grc' dir='ltr'>Αἱ</span> <span class='ocrx_word' id='word_1_280' title='bbox 742 2045 805 2097; x_wconf 85' lang='grc' dir='ltr'>μὲν</span> <span class='ocrx_word' id='word_1_281' title='bbox 835 2039 894 2084; x_wconf 87' lang='grc' dir='ltr'>ουν</span> <span class='ocrx_word' id='word_1_282' title='bbox 920 2047 1046 2084; x_wconf 79' lang='grc' dir='ltr'>οἰκεῖαι</span> <span class='ocrx_word' id='word_1_283' title='bbox 1081 2046 1204 2092; x_wconf 85' lang='grc' dir='ltr'>ἡδοναι</span> 
     </span>
     <span class='ocr_line' id='line_1_35' title="bbox 141 2104 1203 2159; baseline -0.002 -14"><span class='ocrx_word' id='word_1_284' title='bbox 141 2105 220 2152; x_wconf 80' lang='grc' dir='ltr'>ταῖς</span> <span class='ocrx_word' id='word_1_285' title='bbox 232 2105 408 2159; x_wconf 72' lang='grc' dir='ltr'>διαφόροις</span> <span class='ocrx_word' id='word_1_286' title='bbox 424 2104 612 2159; x_wconf 83' lang='grc' dir='ltr'>ἐνεργείαις</span> <span class='ocrx_word' id='word_1_287' title='bbox 632 2105 692 2144; x_wconf 88' lang='grc' dir='ltr'>καὶ</span> <span class='ocrx_word' id='word_1_288' title='bbox 713 2106 817 2144; x_wconf 85' lang='grc' dir='ltr'>αὐταὶ</span> <span class='ocrx_word' id='word_1_289' title='bbox 841 2105 1000 2158; x_wconf 80' lang='grc' dir='ltr'>διάφοροί</span> <span class='ocrx_word' id='word_1_290' title='bbox 1022 2106 1114 2145; x_wconf 87' lang='grc' dir='ltr'>εἰσι·</span> <span class='ocrx_word' id='word_1_291' title='bbox 1140 2105 1203 2151; x_wconf 85' lang='grc' dir='ltr'>τὰς</span> 
     </span>
     <span class='ocr_line' id='line_1_36' title="bbox 142 2163 1203 2226; baseline -0.002 -20"><span class='ocrx_word' id='word_1_292' title='bbox 142 2163 181 2226; x_wconf 62' lang='grc' dir='ltr'>δὲ</span> <span class='ocrx_word' id='word_1_293' title='bbox 193 2166 263 2206; x_wconf 71' lang='grc' dir='ltr'>τῶν</span> <span class='ocrx_word' id='word_1_294' title='bbox 286 2165 404 2206; x_wconf 77' lang='grc' dir='ltr'>αὐτῶν</span> <span class='ocrx_word' id='word_1_295' title='bbox 420 2167 600 2220; x_wconf 81' lang='grc' dir='ltr'>ἐνεργειῶν</span> <span class='ocrx_word' id='word_1_296' title='bbox 619 2165 682 2210; x_wconf 87' lang='grc' dir='ltr'>τὰς</span> <span class='ocrx_word' id='word_1_297' title='bbox 702 2163 811 2208; x_wconf 80' lang='grc' dir='ltr'>αὐτὰς</span> <span class='ocrx_word' id='word_1_298' title='bbox 831 2164 971 2216; x_wconf 82' lang='grc' dir='ltr'>εὔλογον</span> <span class='ocrx_word' id='word_1_299' title='bbox 1002 2168 1090 2204; x_wconf 83' lang='grc' dir='ltr'>εἶναι</span> <span class='ocrx_word' id='word_1_300' title='bbox 1110 2164 1203 2204; x_wconf 87' lang='grc' dir='ltr'>κατὰ</span> 
     </span>
     <span class='ocr_line' id='line_1_37' title="bbox 142 2219 1199 2276; baseline -0.005 -9"><span class='ocrx_word' id='word_1_301' title='bbox 142 2223 184 2267; x_wconf 79' lang='grc' dir='ltr'>τὸ</span> <span class='ocrx_word' id='word_1_302' title='bbox 201 2219 318 2271; x_wconf 68' lang='grc' dir='ltr'>εἶδος·</span> <span class='ocrx_word' id='word_1_303' title='bbox 342 2224 512 2265; x_wconf 88' lang='grc' dir='ltr'>διοίσουσι</span> <span class='ocrx_word' id='word_1_304' title='bbox 539 2224 576 2264; x_wconf 84' lang='grc' dir='ltr'>δὲ</span> <span class='ocrx_word' id='word_1_305' title='bbox 602 2224 695 2265; x_wconf 79' lang='grc' dir='ltr'>κατὰ</span> <span class='ocrx_word' id='word_1_306' title='bbox 726 2224 766 2263; x_wconf 88' lang='grc' dir='ltr'>τὸ</span> <span class='ocrx_word' id='word_1_307' title='bbox 789 2226 922 2276; x_wconf 80' lang='grc' dir='ltr'>μᾶλλον</span> <span class='ocrx_word' id='word_1_308' title='bbox 942 2225 1001 2262; x_wconf 87' lang='grc' dir='ltr'>καὶ</span> <span class='ocrx_word' id='word_1_309' title='bbox 1020 2225 1062 2264; x_wconf 81' lang='grc' dir='ltr'>τὸ</span> <span class='ocrx_word' id='word_1_310' title='bbox 1082 2219 1199 2272; x_wconf 75' lang='grc' dir='ltr'>ἧττον.</span> 
     </span>
     <span class='ocr_line' id='line_1_38' title="bbox 141 2283 1205 2359; baseline -0.004 -31"><span class='ocrx_word' id='word_1_311' title='bbox 141 2283 231 2328; x_wconf 77' lang='grc' dir='ltr'>Ὅτι</span> <span class='ocrx_word' id='word_1_312' title='bbox 249 2284 319 2340; x_wconf 78' lang='grc' dir='ltr'>γὰρ</span> <span class='ocrx_word' id='word_1_313' title='bbox 334 2289 413 2330; x_wconf 80' lang='grc' dir='ltr'>ταῖς</span> <span class='ocrx_word' id='word_1_314' title='bbox 442 2287 565 2330; x_wconf 77' lang='grc' dir='ltr'>αὐταῖς</span> <span class='ocrx_word' id='word_1_315' title='bbox 597 2284 788 2359; x_wconf 74' lang='grc' dir='ltr'>ἐνεργείαις</span> <span class='ocrx_word' id='word_1_316' title='bbox 807 2299 846 2323; x_wconf 87' lang='grc' dir='ltr'>ου</span> <span class='ocrx_word' id='word_1_317' title='bbox 849 2299 875 2337; x_wconf 43' lang='grc' dir='ltr'>χ.</span> <span class='ocrx_word' id='word_1_318' title='bbox 894 2283 1022 2335; x_wconf 82' lang='grc' dir='ltr'>ὁμοίως</span> <span class='ocrx_word' id='word_1_319' title='bbox 1061 2284 1205 2338; x_wconf 83' lang='grc' dir='ltr'>ἥδονται</span> 
     </span>
     <span class='ocr_line' id='line_1_39' title="bbox 142 2343 1203 2415; baseline -0.003 -29"><span class='ocrx_word' id='word_1_320' title='bbox 142 2345 298 2397; x_wconf 71' lang='grc' dir='ltr'>πάντες,</span> <span class='ocrx_word' id='word_1_321' title='bbox 316 2344 489 2415; x_wconf 66' lang='grc' dir='ltr'>φανερόν·</span> <span class='ocrx_word' id='word_1_322' title='bbox 511 2345 588 2384; x_wconf 82' lang='grc' dir='ltr'>ἐπει</span> <span class='ocrx_word' id='word_1_323' title='bbox 609 2343 668 2384; x_wconf 87' lang='grc' dir='ltr'>καὶ</span> <span class='ocrx_word' id='word_1_324' title='bbox 703 2344 859 2391; x_wconf 86' lang='grc' dir='ltr'>τοσαύτη</span> <span class='ocrx_word' id='word_1_325' title='bbox 883 2343 1016 2396; x_wconf 87' lang='grc' dir='ltr'>γίνεται</span> <span class='ocrx_word' id='word_1_326' title='bbox 1038 2345 1101 2391; x_wconf 87' lang='grc' dir='ltr'>ἡ</span> <span class='ocrx_word' id='word_1_327' title='bbox 1083 2358 1203 2398; x_wconf 82' lang='grc' dir='ltr'>οιαφο-</span> 
     </span>
     <span class='ocr_line' id='line_1_40' title="bbox 143 2402 1202 2461; baseline -0.003 -16"><span class='ocrx_word' id='word_1_328' title='bbox 143 2404 211 2461; x_wconf 77' lang='grc' dir='ltr'>ρά,</span> <span class='ocrx_word' id='word_1_329' title='bbox 229 2403 324 2445; x_wconf 75' lang='grc' dir='ltr'>ὥστε</span> <span class='ocrx_word' id='word_1_330' title='bbox 357 2405 431 2450; x_wconf 78' lang='grc' dir='ltr'>τοῖς</span> <span class='ocrx_word' id='word_1_331' title='bbox 459 2405 578 2450; x_wconf 80' lang='grc' dir='ltr'>αὐτοῖς</span> <span class='ocrx_word' id='word_1_332' title='bbox 598 2403 678 2449; x_wconf 87' lang='grc' dir='ltr'>τους</span> <span class='ocrx_word' id='word_1_333' title='bbox 697 2403 760 2455; x_wconf 86' lang='grc' dir='ltr'>μὲν</span> <span class='ocrx_word' id='word_1_334' title='bbox 786 2403 954 2452; x_wconf 85' lang='grc' dir='ltr'>ἥδεσθαι,</span> <span class='ocrx_word' id='word_1_335' title='bbox 976 2419 1056 2447; x_wconf 79' lang='grc' dir='ltr'>τους</span> <span class='ocrx_word' id='word_1_336' title='bbox 1082 2402 1118 2442; x_wconf 85' lang='grc' dir='ltr'>δὲ</span> <span class='ocrx_word' id='word_1_337' title='bbox 1142 2405 1202 2442; x_wconf 92' lang='grc' dir='ltr'>λυ-</span> 
     </span>
     <span class='ocr_line' id='line_1_41' title="bbox 141 2462 1204 2535; baseline -0.003 -30"><span class='ocrx_word' id='word_1_338' title='bbox 141 2467 310 2505; x_wconf 70' lang='grc' dir='ltr'>πεῖσθαι·</span> <span class='ocrx_word' id='word_1_339' title='bbox 343 2464 406 2504; x_wconf 79' lang='grc' dir='ltr'>καὶ</span> <span class='ocrx_word' id='word_1_340' title='bbox 440 2463 575 2517; x_wconf 85' lang='grc' dir='ltr'>γλυκέα</span> <span class='ocrx_word' id='word_1_341' title='bbox 615 2465 655 2502; x_wconf 81' lang='grc' dir='ltr'>οὗ</span> <span class='ocrx_word' id='word_1_342' title='bbox 688 2468 778 2503; x_wconf 80' lang='grc' dir='ltr'>πᾶσι</span> <span class='ocrx_word' id='word_1_343' title='bbox 797 2462 843 2502; x_wconf 85' lang='grc' dir='ltr'>τὰ</span> <span class='ocrx_word' id='word_1_344' title='bbox 876 2462 986 2511; x_wconf 85' lang='grc' dir='ltr'>αὐτά,</span> <span class='ocrx_word' id='word_1_345' title='bbox 1014 2465 1052 2502; x_wconf 82' lang='grc' dir='ltr'>οὐ</span> <span class='ocrx_word' id='word_1_346' title='bbox 1073 2463 1141 2535; x_wconf 85' lang='grc' dir='ltr'>γὰρ</span> <span class='ocrx_word' id='word_1_347' title='bbox 1160 2463 1204 2502; x_wconf 86' lang='grc' dir='ltr'>τὰ</span> 
     </span>
     <span class='ocr_line' id='line_1_42' title="bbox 143 2521 1200 2578; baseline -0.006 -12"><span class='ocrx_word' id='word_1_348' title='bbox 143 2524 235 2566; x_wconf 68' lang='grc' dir='ltr'>αὗτὰ</span> <span class='ocrx_word' id='word_1_349' title='bbox 252 2525 349 2565; x_wconf 71' lang='grc' dir='ltr'>δοκεῖ</span> <span class='ocrx_word' id='word_1_350' title='bbox 370 2523 503 2578; x_wconf 85' lang='grc' dir='ltr'>γλυκέα</span> <span class='ocrx_word' id='word_1_351' title='bbox 531 2525 582 2578; x_wconf 79' lang='grc' dir='ltr'>τῷ</span> <span class='ocrx_word' id='word_1_352' title='bbox 604 2522 813 2578; x_wconf 84' lang='grc' dir='ltr'>πυρέττοντι</span> <span class='ocrx_word' id='word_1_353' title='bbox 833 2522 894 2562; x_wconf 82' lang='grc' dir='ltr'>καὶ</span> <span class='ocrx_word' id='word_1_354' title='bbox 916 2526 966 2575; x_wconf 83' lang='grc' dir='ltr'>τῷ</span> <span class='ocrx_word' id='word_1_355' title='bbox 992 2521 1200 2573; x_wconf 81' lang='grc' dir='ltr'>ὑγιαίνοντι,</span> 
     </span>
    </p>
   </div>
   <div class='ocr_carea' id='block_1_23' title="bbox 54 2563 1200 2699">
    <p class='ocr_par' dir='ltr' id='par_1_24' title="bbox 51 2563 1200 2699">
     <span class='ocr_line' id='line_1_43' title="bbox 142 2563 1200 2640; baseline -0.005 -14.481"><span class='ocrx_word' id='word_1_356' title='bbox 142 2583 223 2625; x_wconf 70' lang='grc' dir='ltr'>οῦδὲ</span> <span class='ocrx_word' id='word_1_357' title='bbox 253 2585 369 2640; x_wconf 73' lang='grc' dir='ltr'>θερμὰ</span> <span class='ocrx_word' id='word_1_358' title='bbox 399 2584 446 2624; x_wconf 77' lang='grc' dir='ltr'>τὰ</span> <span class='ocrx_word' id='word_1_359' title='bbox 478 2563 570 2624; x_wconf 75' lang='grc' dir='ltr'>αὐτὰΙ</span> <span class='ocrx_word' id='word_1_360' title='bbox 587 2586 639 2623; x_wconf 82' lang='grc' dir='ltr'>τῶ</span> <span class='ocrx_word' id='word_1_361' title='bbox 663 2586 802 2623; x_wconf 83' lang='grc' dir='ltr'>ἀσθενεῖ</span> <span class='ocrx_word' id='word_1_362' title='bbox 832 2582 962 2636; x_wconf 76' lang='grc' dir='ltr'>καὶτῷ</span> <span class='ocrx_word' id='word_1_363' title='bbox 989 2584 1200 2622; x_wconf 85' lang='grc' dir='ltr'>εὐεκτουντι.</span> 
     </span>
     <span class='ocr_line' id='line_1_44' title="bbox 54 2635 831 2699; baseline -0.008 -12"><span class='ocrx_word' id='word_1_364' title='bbox 54 2635 98 2691; x_wconf 63' lang='grc' dir='ltr'>Ϊ’έ;</span> <span class='ocrx_word' id='word_1_365' title='bbox 131 2644 258 2686; x_wconf 67' lang='lat' dir='ltr'>Tauro</span> <span class='ocrx_word' id='word_1_366' title='bbox 275 2643 312 2685; x_wconf 80' lang='grc' dir='ltr'>δὲ</span> <span class='ocrx_word' id='word_1_367' title='bbox 329 2661 390 2684; x_wconf 79' lang='grc' dir='ltr'>και</span> <span class='ocrx_word' id='word_1_368' title='bbox 411 2645 463 2699; x_wconf 78' lang='grc' dir='ltr'>ἐφ’</span> <span class='ocrx_word' id='word_1_369' title='bbox 481 2643 609 2697; x_wconf 78' lang='grc' dir='ltr'>ἑτέρων</span> <span class='ocrx_word' id='word_1_370' title='bbox 629 2642 831 2694; x_wconf 77' lang='grc' dir='ltr'>συμὸαίνει.</span> 
     </span>
    </p>
   </div>
   <div class='ocr_carea' id='block_1_24' title="bbox 130 2700 1204 2818">
    <p class='ocr_par' dir='ltr' id='par_1_25' title="bbox 130 2700 1204 2814">
     <span class='ocr_line' id='line_1_45' title="bbox 130 2700 1204 2758; baseline -0.005 -13"><span class='ocrx_word' id='word_1_371' title='bbox 130 2713 137 2733; x_wconf 78' lang='lat'><em>;</em></span> <span class='ocrx_word' id='word_1_372' title='bbox 195 2702 260 2730; x_wconf 78' lang='lat'>*¹⁸¹*</span> <span class='ocrx_word' id='word_1_373' title='bbox 272 2703 446 2758; x_wconf 82' lang='grc' dir='ltr'>Καθάπερ</span> <span class='ocrx_word' id='word_1_374' title='bbox 472 2704 510 2742; x_wconf 85' lang='grc' dir='ltr'>δὲ</span> <span class='ocrx_word' id='word_1_375' title='bbox 525 2702 586 2742; x_wconf 80' lang='grc' dir='ltr'>ἐπὶ</span> <span class='ocrx_word' id='word_1_376' title='bbox 602 2705 672 2742; x_wconf 84' lang='grc' dir='ltr'>τῶν</span> <span class='ocrx_word' id='word_1_377' title='bbox 689 2701 854 2742; x_wconf 83' lang='grc' dir='ltr'>τοιούτων</span> <span class='ocrx_word' id='word_1_378' title='bbox 863 2701 976 2751; x_wconf 87' lang='grc' dir='ltr'>ἡδέων</span> <span class='ocrx_word' id='word_1_379' title='bbox 1003 2700 1048 2740; x_wconf 84' lang='grc' dir='ltr'>τὰ</span> <span class='ocrx_word' id='word_1_380' title='bbox 1068 2702 1204 2748; x_wconf 82' lang='grc' dir='ltr'>ἀληθῶς</span> 
     </span>
     <span class='ocr_line' id='line_1_46' title="bbox 141 2759 1203 2818; baseline -0.005 -15"><span class='ocrx_word' id='word_1_381' title='bbox 141 2759 231 2818; x_wconf 70' lang='grc' dir='ltr'>ἡδέα</span> <span class='ocrx_word' id='word_1_382' title='bbox 251 2766 321 2803; x_wconf 79' lang='grc' dir='ltr'>τῶν</span> <span class='ocrx_word' id='word_1_383' title='bbox 346 2762 540 2803; x_wconf 79' lang='grc' dir='ltr'>δοκούντων</span> <span class='ocrx_word' id='word_1_384' title='bbox 565 2762 637 2802; x_wconf 81' lang='grc' dir='ltr'>ἀπὸ</span> <span class='ocrx_word' id='word_1_385' title='bbox 658 2763 728 2801; x_wconf 81' lang='grc' dir='ltr'>τῶν</span> <span class='ocrx_word' id='word_1_386' title='bbox 750 2761 978 2814; x_wconf 76' lang='grc' dir='ltr'>ὑγιαινόντων</span> <span class='ocrx_word' id='word_1_387' title='bbox 997 2760 1158 2814; x_wconf 84' lang='grc' dir='ltr'>γνωσόμε</span> <span class='ocrx_word' id='word_1_388' title='bbox 1143 2763 1203 2799; x_wconf 84' lang='grc' dir='ltr'>εθα</span> 
     </span>
    </p>
   </div>
   <div class='ocr_carea' id='block_1_25' title="bbox 54 2813 1204 2937">
    <p class='ocr_par' dir='ltr' id='par_1_26' title="bbox 54 2813 1203 2937">
     <span class='ocr_line' id='line_1_47' title="bbox 54 2813 1203 2875; baseline -0.004 -13"><span class='ocrx_word' id='word_1_389' title='bbox 54 2854 60 2873; x_wconf 61' lang='lat'>⁴.</span> <span class='ocrx_word' id='word_1_390' title='bbox 78 2822 84 2827; x_wconf 46' lang='lat'><strong>⁴</strong></span> <span class='ocrx_word' id='word_1_391' title='bbox 142 2822 290 2862; x_wconf 77' lang='grc' dir='ltr'>διελεῖν·</span> <span class='ocrx_word' id='word_1_392' title='bbox 311 2821 402 2862; x_wconf 73' lang='grc' dir='ltr'>οὕτω</span> <span class='ocrx_word' id='word_1_393' title='bbox 433 2821 495 2861; x_wconf 86' lang='grc' dir='ltr'>καὶ</span> <span class='ocrx_word' id='word_1_394' title='bbox 517 2821 579 2866; x_wconf 81' lang='grc' dir='ltr'>τὰς</span> <span class='ocrx_word' id='word_1_395' title='bbox 598 2823 631 2860; x_wconf 79' lang='grc' dir='ltr'>ἐν</span> <span class='ocrx_word' id='word_1_396' title='bbox 651 2824 702 2875; x_wconf 81' lang='grc' dir='ltr'>τῷ</span> <span class='ocrx_word' id='word_1_397' title='bbox 726 2821 803 2870; x_wconf 87' lang='grc' dir='ltr'>ἤθει</span> <span class='ocrx_word' id='word_1_398' title='bbox 825 2821 951 2869; x_wconf 84' lang='grc' dir='ltr'>ἡδονὰς</span> <span class='ocrx_word' id='word_1_399' title='bbox 972 2820 1042 2859; x_wconf 85' lang='grc' dir='ltr'>ἀπὸ</span> <span class='ocrx_word' id='word_1_400' title='bbox 1069 2822 1138 2859; x_wconf 84' lang='grc' dir='ltr'>τῶν</span> <span class='ocrx_word' id='word_1_401' title='bbox 1165 2813 1203 2858; x_wconf 74' lang='grc' dir='ltr'>εῧ</span> 
     </span>
     <span class='ocr_line' id='line_1_48' title="bbox 61 2876 1204 2937; baseline -0.004 -15.031"><span class='ocrx_word' id='word_1_402' title='bbox 61 2898 74 2918; x_wconf 61' lang='lat'>‘2</span> <span class='ocrx_word' id='word_1_403' title='bbox 142 2879 297 2937; x_wconf 66' lang='grc' dir='ltr'>ἔχόντων</span> <span class='ocrx_word' id='word_1_404' title='bbox 322 2897 404 2935; x_wconf 88' lang='grc' dir='ltr'>περι</span> <span class='ocrx_word' id='word_1_405' title='bbox 423 2882 463 2921; x_wconf 84' lang='grc' dir='ltr'>τὸ</span> <span class='ocrx_word' id='word_1_406' title='bbox 483 2876 576 2931; x_wconf 88' lang='grc' dir='ltr'>ηθος,</span> <span class='ocrx_word' id='word_1_407' title='bbox 605 2882 741 2930; x_wconf 80' lang='grc' dir='ltr'>δηλαδὴ</span> <span class='ocrx_word' id='word_1_408' title='bbox 765 2898 835 2921; x_wconf 85' lang='grc' dir='ltr'>των</span> <span class='ocrx_word' id='word_1_409' title='bbox 859 2881 1078 2929; x_wconf 85' lang='grc' dir='ltr'>σπουδαίων,</span> <span class='ocrx_word' id='word_1_410' title='bbox 1099 2881 1204 2933; x_wconf 87' lang='grc' dir='ltr'>διορι-</span> 
     </span>
    </p>
   </div>
   <div class='ocr_carea' id='block_1_26' title="bbox 143 2938 1201 2994">
    <p class='ocr_par' dir='ltr' id='par_1_27' title="bbox 143 2938 1201 2994">
     <span class='ocr_line' id='line_1_49' title="bbox 143 2938 1201 2994; baseline -0.005 -13"><span class='ocrx_word' id='word_1_411' title='bbox 143 2940 292 2994; x_wconf 76' lang='grc' dir='ltr'>σόμεθα.</span> <span class='ocrx_word' id='word_1_412' title='bbox 315 2942 359 2982; x_wconf 80' lang='grc' dir='ltr'>Εἰ</span> <span class='ocrx_word' id='word_1_413' title='bbox 377 2941 413 2980; x_wconf 83' lang='grc' dir='ltr'>δὲ</span> <span class='ocrx_word' id='word_1_414' title='bbox 431 2944 535 2980; x_wconf 78' lang='grc' dir='ltr'>τοῦτο</span> <span class='ocrx_word' id='word_1_415' title='bbox 555 2942 672 2985; x_wconf 79' lang='grc' dir='ltr'>καλῶς</span> <span class='ocrx_word' id='word_1_416' title='bbox 692 2939 850 2993; x_wconf 81' lang='grc' dir='ltr'>λέγεται,</span> <span class='ocrx_word' id='word_1_417' title='bbox 876 2957 935 2980; x_wconf 90' lang='grc' dir='ltr'>και</span> <span class='ocrx_word' id='word_1_418' title='bbox 961 2939 1108 2979; x_wconf 81' lang='grc' dir='ltr'>ἑκάστου</span> <span class='ocrx_word' id='word_1_419' title='bbox 1137 2938 1201 2989; x_wconf 85' lang='grc' dir='ltr'>μέ-</span> 
     </span>
    </p>
   </div>
   <div class='ocr_carea' id='block_1_27' title="bbox 53 2999 1205 3232">
    <p class='ocr_par' dir='ltr' id='par_1_28' title="bbox 49 2999 1205 3232">
     <span class='ocr_line' id='line_1_50' title="bbox 59 2999 1203 3063; baseline -0.003 -22"><span class='ocrx_word' id='word_1_420' title='bbox 59 3007 87 3055; x_wconf 54' lang='lat' dir='ltr'>{j</span> <span class='ocrx_word' id='word_1_421' title='bbox 106 3003 107 3007; x_wconf 64' lang='grc'>’</span> <span class='ocrx_word' id='word_1_422' title='bbox 141 3015 224 3055; x_wconf 80' lang='grc' dir='ltr'>τρον</span> <span class='ocrx_word' id='word_1_423' title='bbox 242 3001 301 3050; x_wconf 86' lang='grc' dir='ltr'>ἡ’</span> <span class='ocrx_word' id='word_1_424' title='bbox 281 2999 410 3056; x_wconf 80' lang='grc' dir='ltr'>αρετή,</span> <span class='ocrx_word' id='word_1_425' title='bbox 429 3000 489 3040; x_wconf 85' lang='grc' dir='ltr'>καὶ</span> <span class='ocrx_word' id='word_1_426' title='bbox 501 3001 542 3040; x_wconf 86' lang='grc' dir='ltr'>τὸ</span> <span class='ocrx_word' id='word_1_427' title='bbox 557 3001 688 3063; x_wconf 82' lang='grc' dir='ltr'>ἀγαθὸν</span> <span class='ocrx_word' id='word_1_428' title='bbox 703 3005 795 3040; x_wconf 86' lang='grc' dir='ltr'>εἰναι</span> <span class='ocrx_word' id='word_1_429' title='bbox 817 3000 874 3041; x_wconf 79' lang='grc' dir='ltr'>διὰ</span> <span class='ocrx_word' id='word_1_430' title='bbox 885 3001 947 3049; x_wconf 77' lang='grc' dir='ltr'>τὴν</span> <span class='ocrx_word' id='word_1_431' title='bbox 967 2999 1095 3051; x_wconf 78' lang='grc' dir='ltr'>ἀρετήν</span> <span class='ocrx_word' id='word_1_432' title='bbox 1111 3001 1203 3038; x_wconf 84' lang='grc' dir='ltr'>ἐστιν</span> 
     </span>
     <span class='ocr_line' id='line_1_51' title="bbox 64 3054 1203 3115; baseline -0.003 -14.039"><span class='ocrx_word' id='word_1_433' title='bbox 64 3059 76 3068; x_wconf 58' lang='lat'><strong>⁹</strong></span> <span class='ocrx_word' id='word_1_434' title='bbox 142 3060 297 3115; x_wconf 51' lang='lat' dir='ltr'>(adom),</span> <span class='ocrx_word' id='word_1_435' title='bbox 319 3059 380 3100; x_wconf 84' lang='grc' dir='ltr'>καὶ</span> <span class='ocrx_word' id='word_1_436' title='bbox 397 3059 522 3108; x_wconf 79' lang='grc' dir='ltr'>ἡδοναὶ</span> <span class='ocrx_word' id='word_1_437' title='bbox 558 3059 600 3099; x_wconf 73' lang='grc' dir='ltr'>ἂν</span> <span class='ocrx_word' id='word_1_438' title='bbox 616 3054 684 3099; x_wconf 82' lang='grc' dir='ltr'>εἶεν</span> <span class='ocrx_word' id='word_1_439' title='bbox 712 3061 868 3107; x_wconf 77' lang='grc' dir='ltr'>ἀληθῶς,</span> <span class='ocrx_word' id='word_1_440' title='bbox 891 3062 926 3098; x_wconf 78' lang='grc' dir='ltr'>αἱ</span> <span class='ocrx_word' id='word_1_441' title='bbox 956 3076 1006 3098; x_wconf 81' lang='grc' dir='ltr'>τω</span> <span class='ocrx_word' id='word_1_442' title='bbox 1023 3057 1203 3111; x_wconf 88' lang='grc' dir='ltr'>σπουδαίῳ</span> 
     </span>
     <span class='ocr_line' id='line_1_52' title="bbox 77 3112 1205 3174; baseline 0 -19"><span class='ocrx_word' id='word_1_443' title='bbox 77 3146 84 3155; x_wconf 72' lang='grc'>,</span> <span class='ocrx_word' id='word_1_444' title='bbox 143 3117 352 3174; x_wconf 53' lang='grc' dir='ltr'>’μαινόμεναι</span> <span class='ocrx_word' id='word_1_445' title='bbox 389 3118 530 3169; x_wconf 85' lang='grc' dir='ltr'>ἡδοναί,</span> <span class='ocrx_word' id='word_1_446' title='bbox 564 3118 626 3158; x_wconf 83' lang='grc' dir='ltr'>καὶ</span> <span class='ocrx_word' id='word_1_447' title='bbox 648 3119 736 3166; x_wconf 87' lang='grc' dir='ltr'>ἡδέα</span> <span class='ocrx_word' id='word_1_448' title='bbox 756 3113 805 3162; x_wconf 72' lang='grc' dir='ltr'>οἷς</span> <span class='ocrx_word' id='word_1_449' title='bbox 825 3112 925 3163; x_wconf 69' lang='grc' dir='ltr'>οὗτος</span> <span class='ocrx_word' id='word_1_450' title='bbox 953 3117 1093 3171; x_wconf 87' lang='grc' dir='ltr'>χαίρει·</span> <span class='ocrx_word' id='word_1_451' title='bbox 1118 3115 1205 3170; x_wconf 86' lang='grc' dir='ltr'>πρὸς</span> 
     </span>
     <span class='ocr_line' id='line_1_53' title="bbox 53 3172 1203 3232; baseline -0.003 -13"><span class='ocrx_word' id='word_1_452' title='bbox 53 3205 58 3214; x_wconf 89' lang='lat'>-</span> <span class='ocrx_word' id='word_1_453' title='bbox 80 3174 82 3178; x_wconf 98' lang='grc'>’</span> <span class='ocrx_word' id='word_1_454' title='bbox 143 3177 168 3219; x_wconf 65' lang='grc' dir='ltr'><strong><em>ἃ</em></strong></span> <span class='ocrx_word' id='word_1_455' title='bbox 186 3177 224 3219; x_wconf 54' lang='grc' dir='ltr'>δὲ</span> <span class='ocrx_word' id='word_1_456' title='bbox 244 3172 342 3224; x_wconf 65' lang='grc' dir='ltr'>οὗτος</span> <span class='ocrx_word' id='word_1_457' title='bbox 361 3179 522 3227; x_wconf 76' lang='grc' dir='ltr'>ἄηδῶς’</span> <span class='ocrx_word' id='word_1_458' title='bbox 503 3195 596 3232; x_wconf 89' lang='grc' dir='ltr'>εχει,</span> <span class='ocrx_word' id='word_1_459' title='bbox 626 3180 689 3219; x_wconf 83' lang='grc' dir='ltr'>οὐκ</span> <span class='ocrx_word' id='word_1_460' title='bbox 711 3178 750 3217; x_wconf 83' lang='grc' dir='ltr'>ἂν</span> <span class='ocrx_word' id='word_1_461' title='bbox 771 3177 920 3230; x_wconf 86' lang='grc' dir='ltr'>εὐλόγως</span> <span class='ocrx_word' id='word_1_462' title='bbox 940 3176 1029 3225; x_wconf 85' lang='grc' dir='ltr'>ἡδέα</span> <span class='ocrx_word' id='word_1_463' title='bbox 1046 3177 1203 3229; x_wconf 87' lang='grc' dir='ltr'>λέγοιντο</span> 
     </span>
    </p>
   </div>
   <div class='ocr_carea' id='block_1_28' title="bbox 142 3236 1202 3351">
    <p class='ocr_par' dir='ltr' id='par_1_29' title="bbox 142 3236 1202 3351">
     <span class='ocr_line' id='line_1_54' title="bbox 142 3236 1202 3292; baseline -0.003 -14"><span class='ocrx_word' id='word_1_464' title='bbox 142 3236 239 3282; x_wconf 63' lang='grc' dir='ltr'>οὐδὲ</span> <span class='ocrx_word' id='word_1_465' title='bbox 245 3238 380 3287; x_wconf 79' lang='grc' dir='ltr'>ἡδοναί.</span> <span class='ocrx_word' id='word_1_466' title='bbox 425 3241 471 3280; x_wconf 82' lang='grc' dir='ltr'>Εἰ</span> <span class='ocrx_word' id='word_1_467' title='bbox 502 3238 539 3278; x_wconf 83' lang='grc' dir='ltr'>δὲ</span> <span class='ocrx_word' id='word_1_468' title='bbox 574 3244 645 3283; x_wconf 86' lang='grc' dir='ltr'>τοῖς</span> <span class='ocrx_word' id='word_1_469' title='bbox 686 3240 736 3278; x_wconf 83' lang='grc' dir='ltr'>διε</span> <span class='ocrx_word' id='word_1_470' title='bbox 723 3236 949 3292; x_wconf 64' lang='grc' dir='ltr'>ε(ρθαρμένοιις</span> <span class='ocrx_word' id='word_1_471' title='bbox 987 3237 1075 3284; x_wconf 85' lang='grc' dir='ltr'>ἡδέα</span> <span class='ocrx_word' id='word_1_472' title='bbox 1111 3237 1202 3276; x_wconf 88' lang='grc' dir='ltr'>δοκεῖ</span> 
     </span>
     <span class='ocr_line' id='line_1_55' title="bbox 144 3294 1201 3351; baseline -0.005 -13"><span class='ocrx_word' id='word_1_473' title='bbox 144 3301 278 3347; x_wconf 70' lang='grc' dir='ltr'>ταῦτα,</span> <span class='ocrx_word' id='word_1_474' title='bbox 300 3298 399 3338; x_wconf 83' lang='grc' dir='ltr'>οὖδὲν</span> <span class='ocrx_word' id='word_1_475' title='bbox 420 3299 640 3351; x_wconf 85' lang='grc' dir='ltr'>θαυμαστόν.</span> <span class='ocrx_word' id='word_1_476' title='bbox 666 3298 806 3339; x_wconf 87' lang='grc' dir='ltr'>Πολλαι</span> <span class='ocrx_word' id='word_1_477' title='bbox 829 3296 897 3350; x_wconf 81' lang='grc' dir='ltr'>γὰρ</span> <span class='ocrx_word' id='word_1_478' title='bbox 919 3295 1043 3350; x_wconf 81' lang='grc' dir='ltr'>φθοραὶ</span> <span class='ocrx_word' id='word_1_479' title='bbox 1063 3294 1124 3334; x_wconf 83' lang='grc' dir='ltr'>καὶ</span> <span class='ocrx_word' id='word_1_480' title='bbox 1138 3296 1201 3333; x_wconf 82' lang='grc' dir='ltr'>λῦ-</span> 
     </span>
    </p>
   </div>
   <div class='ocr_carea' id='block_1_29' title="bbox 1268 189 2324 959">
    <p class='ocr_par' dir='ltr' id='par_1_30' title="bbox 1268 189 2324 959">
     <span class='ocr_line' id='line_1_56' title="bbox 2240 189 2318 229; baseline 0.013 -1"><span class='ocrx_word' id='word_1_481' title='bbox 2240 189 2318 229; x_wconf 82' lang='grc'>553</span> 
     </span>
     <span class='ocr_line' id='line_1_57' title="bbox 1272 273 2322 328; baseline 0.011 -22"><span class='ocrx_word' id='word_1_482' title='bbox 1272 273 1360 307; x_wconf 88' lang='lat' dir='ltr'>enim</span> <span class='ocrx_word' id='word_1_483' title='bbox 1385 284 1445 308; x_wconf 88' lang='lat' dir='ltr'>nec</span> <span class='ocrx_word' id='word_1_484' title='bbox 1474 278 1634 318; x_wconf 83' lang='lat' dir='ltr'>cohaeret,</span> <span class='ocrx_word' id='word_1_485' title='bbox 1655 289 1763 323; x_wconf 89' lang='lat' dir='ltr'>neque</span> <span class='ocrx_word' id='word_1_486' title='bbox 1783 281 1899 314; x_wconf 87' lang='lat' dir='ltr'>eodem</span> <span class='ocrx_word' id='word_1_487' title='bbox 1924 291 2000 316; x_wconf 88' lang='lat' dir='ltr'>cum</span> <span class='ocrx_word' id='word_1_488' title='bbox 2031 282 2089 316; x_wconf 91' lang='lat' dir='ltr'>illo</span> <span class='ocrx_word' id='word_1_489' title='bbox 2111 285 2259 328; x_wconf 87' lang='lat' dir='ltr'>tempore</span> <span class='ocrx_word' id='word_1_490' title='bbox 2284 286 2322 318; x_wconf 80' lang='lat' dir='ltr'>tit</span> 
     </span>
     <span class='ocr_line' id='line_1_58' title="bbox 1271 334 2322 388; baseline 0.013 -23"><span class='ocrx_word' id='word_1_491' title='bbox 1271 334 1436 376; x_wconf 84' lang='lat' dir='ltr'>voluptas,</span> <span class='ocrx_word' id='word_1_492' title='bbox 1455 337 1513 369; x_wconf 89' lang='lat' dir='ltr'>sed</span> <span class='ocrx_word' id='word_1_493' title='bbox 1535 340 1567 371; x_wconf 87' lang='lat' dir='ltr'>et</span> <span class='ocrx_word' id='word_1_494' title='bbox 1589 341 1736 382; x_wconf 90' lang='lat' dir='ltr'>tempore</span> <span class='ocrx_word' id='word_1_495' title='bbox 1752 343 1786 374; x_wconf 89' lang='lat' dir='ltr'>et</span> <span class='ocrx_word' id='word_1_496' title='bbox 1805 343 1925 374; x_wconf 87' lang='lat' dir='ltr'>natura</span> <span class='ocrx_word' id='word_1_497' title='bbox 1942 341 2057 376; x_wconf 82' lang='lat' dir='ltr'>differt</span> <span class='ocrx_word' id='word_1_498' title='bbox 2070 343 2113 377; x_wconf 87' lang='lat' dir='ltr'>ab</span> <span class='ocrx_word' id='word_1_499' title='bbox 2126 353 2177 378; x_wconf 89' lang='lat' dir='ltr'>eo.</span> <span class='ocrx_word' id='word_1_500' title='bbox 2192 345 2322 388; x_wconf 79' lang='lat' dir='ltr'>Quippe</span> 
     </span>
     <span class='ocr_line' id='line_1_59' title="bbox 1271 393 2322 447; baseline 0.012 -22"><span class='ocrx_word' id='word_1_501' title='bbox 1271 395 1305 426; x_wconf 85' lang='lat' dir='ltr'>et</span> <span class='ocrx_word' id='word_1_502' title='bbox 1326 393 1529 429; x_wconf 88' lang='lat' dir='ltr'>functionem</span> <span class='ocrx_word' id='word_1_503' title='bbox 1553 399 1587 430; x_wconf 87' lang='lat' dir='ltr'>et</span> <span class='ocrx_word' id='word_1_504' title='bbox 1610 398 1818 442; x_wconf 86' lang='lat' dir='ltr'>voluptatem</span> <span class='ocrx_word' id='word_1_505' title='bbox 1840 400 1916 434; x_wconf 90' lang='lat' dir='ltr'>inde</span> <span class='ocrx_word' id='word_1_506' title='bbox 1936 404 2127 445; x_wconf 80' lang='lat' dir='ltr'><strong>perceptam</strong></span> <span class='ocrx_word' id='word_1_507' title='bbox 2153 404 2322 447; x_wconf 88' lang='lat' dir='ltr'>appetitus</span> 
     </span>
     <span class='ocr_line' id='line_1_60' title="bbox 1270 453 2322 506; baseline 0.013 -23"><span class='ocrx_word' id='word_1_508' title='bbox 1270 453 1445 494; x_wconf 82' lang='lat' dir='ltr'>praecedit:</span> <span class='ocrx_word' id='word_1_509' title='bbox 1462 464 1538 487; x_wconf 87' lang='lat' dir='ltr'>cum</span> <span class='ocrx_word' id='word_1_510' title='bbox 1551 455 1718 491; x_wconf 84' lang='lat' dir='ltr'>functione</span> <span class='ocrx_word' id='word_1_511' title='bbox 1732 460 1846 492; x_wconf 89' lang='lat' dir='ltr'>autem</span> <span class='ocrx_word' id='word_1_512' title='bbox 1866 460 1914 493; x_wconf 89' lang='lat' dir='ltr'>ita</span> <span class='ocrx_word' id='word_1_513' title='bbox 1928 461 2073 495; x_wconf 84' lang='lat' dir='ltr'>cobaeret</span> <span class='ocrx_word' id='word_1_514' title='bbox 2102 462 2256 506; x_wconf 83' lang='lat' dir='ltr'>voluptas</span> <span class='ocrx_word' id='word_1_515' title='bbox 2269 465 2322 497; x_wconf 86' lang='lat' dir='ltr'>at-</span> 
     </span>
     <span class='ocr_line' id='line_1_61' title="bbox 1270 509 2322 563; baseline 0.015 -22"><span class='ocrx_word' id='word_1_516' title='bbox 1270 518 1336 551; x_wconf 90' lang='lat' dir='ltr'>que</span> <span class='ocrx_word' id='word_1_517' title='bbox 1352 509 1399 543; x_wconf 88' lang='lat' dir='ltr'>ita</span> <span class='ocrx_word' id='word_1_518' title='bbox 1416 511 1679 555; x_wconf 81' lang='lat' dir='ltr'>inseparabiliter</span> <span class='ocrx_word' id='word_1_519' title='bbox 1701 518 1873 559; x_wconf 85' lang='lat' dir='ltr'>conjuncta</span> <span class='ocrx_word' id='word_1_520' title='bbox 1889 521 1950 558; x_wconf 86' lang='lat' dir='ltr'>est,</span> <span class='ocrx_word' id='word_1_521' title='bbox 1973 522 2011 553; x_wconf 90' lang='lat' dir='ltr'>ut</span> <span class='ocrx_word' id='word_1_522' title='bbox 2034 521 2223 563; x_wconf 83' lang='lat' dir='ltr'>dubitetur,</span> <span class='ocrx_word' id='word_1_523' title='bbox 2241 532 2322 556; x_wconf 89' lang='lat' dir='ltr'>num</span> 
     </span>
     <span class='ocr_line' id='line_1_62' title="bbox 1270 567 2324 624; baseline 0.015 -24"><span class='ocrx_word' id='word_1_524' title='bbox 1270 567 1359 601; x_wconf 89' lang='lat' dir='ltr'>idem</span> <span class='ocrx_word' id='word_1_525' title='bbox 1387 569 1430 602; x_wconf 88' lang='lat' dir='ltr'>sit</span> <span class='ocrx_word' id='word_1_526' title='bbox 1451 580 1527 604; x_wconf 87' lang='lat' dir='ltr'>cum</span> <span class='ocrx_word' id='word_1_527' title='bbox 1555 571 1723 607; x_wconf 88' lang='lat' dir='ltr'>functione</span> <span class='ocrx_word' id='word_1_528' title='bbox 1755 576 1919 619; x_wconf 89' lang='lat' dir='ltr'>voluptas.</span> <span class='ocrx_word' id='word_1_529' title='bbox 1938 579 2081 621; x_wconf 78' lang='lat' dir='ltr'><strong>Apparet</strong></span> <span class='ocrx_word' id='word_1_530' title='bbox 2099 580 2200 623; x_wconf 86' lang='lat' dir='ltr'>igitur</span> <span class='ocrx_word' id='word_1_531' title='bbox 2219 582 2324 624; x_wconf 81' lang='lat' dir='ltr'>magis</span> 
     </span>
     <span class='ocr_line' id='line_1_63' title="bbox 1271 628 2323 682; baseline 0.015 -23"><span class='ocrx_word' id='word_1_532' title='bbox 1271 636 1347 660; x_wconf 90' lang='lat' dir='ltr'>cum</span> <span class='ocrx_word' id='word_1_533' title='bbox 1383 628 1552 664; x_wconf 85' lang='lat' dir='ltr'>functione</span> <span class='ocrx_word' id='word_1_534' title='bbox 1582 642 1685 674; x_wconf 87' lang='lat' dir='ltr'>quam</span> <span class='ocrx_word' id='word_1_535' title='bbox 1710 642 1787 667; x_wconf 91' lang='lat' dir='ltr'>cum</span> <span class='ocrx_word' id='word_1_536' title='bbox 1818 636 1966 679; x_wconf 86' lang='lat' dir='ltr'>appetitu</span> <span class='ocrx_word' id='word_1_537' title='bbox 2004 639 2210 682; x_wconf 90' lang='lat' dir='ltr'>voluptatem</span> <span class='ocrx_word' id='word_1_538' title='bbox 2242 651 2323 675; x_wconf 89' lang='lat' dir='ltr'>con-</span> 
     </span>
     <span class='ocr_line' id='line_1_64' title="bbox 1271 694 2323 742; baseline 0.014 -23"><span class='ocrx_word' id='word_1_539' title='bbox 1271 696 1390 721; x_wconf 82' lang='lat' dir='ltr'>nexam</span> <span class='ocrx_word' id='word_1_540' title='bbox 1415 698 1487 723; x_wconf 85' lang='lat' dir='ltr'>esse</span> <span class='ocrx_word' id='word_1_541' title='bbox 1515 703 1522 722; x_wconf 93' lang='lat'>:</span> <span class='ocrx_word' id='word_1_542' title='bbox 1542 700 1651 734; x_wconf 90' lang='lat' dir='ltr'>neque</span> <span class='ocrx_word' id='word_1_543' title='bbox 1671 694 1782 726; x_wconf 89' lang='lat' dir='ltr'>tamen</span> <span class='ocrx_word' id='word_1_544' title='bbox 1809 694 1897 728; x_wconf 88' lang='lat' dir='ltr'>idem</span> <span class='ocrx_word' id='word_1_545' title='bbox 1928 699 1979 730; x_wconf 84' lang='lat' dir='ltr'>est</span> <span class='ocrx_word' id='word_1_546' title='bbox 2001 710 2008 730; x_wconf 90' lang='lat'><strong>:</strong></span> <span class='ocrx_word' id='word_1_547' title='bbox 2033 708 2140 742; x_wconf 87' lang='lat' dir='ltr'>neque</span> <span class='ocrx_word' id='word_1_548' title='bbox 2157 699 2244 733; x_wconf 89' lang='lat' dir='ltr'>enim</span> <span class='ocrx_word' id='word_1_549' title='bbox 2264 702 2323 734; x_wconf 85' lang='lat' dir='ltr'>aut</span> 
     </span>
     <span class='ocr_line' id='line_1_65' title="bbox 1269 748 2320 802; baseline 0.013 -23"><span class='ocrx_word' id='word_1_550' title='bbox 1269 756 1346 780; x_wconf 87' lang='lat' dir='ltr'>cum</span> <span class='ocrx_word' id='word_1_551' title='bbox 1360 748 1556 791; x_wconf 79' lang='lat' dir='ltr'>cogitatione</span> <span class='ocrx_word' id='word_1_552' title='bbox 1578 753 1637 784; x_wconf 88' lang='lat' dir='ltr'>aut</span> <span class='ocrx_word' id='word_1_553' title='bbox 1659 760 1737 785; x_wconf 91' lang='lat' dir='ltr'>cum</span> <span class='ocrx_word' id='word_1_554' title='bbox 1755 753 1823 786; x_wconf 92' lang='lat' dir='ltr'>ullo</span> <span class='ocrx_word' id='word_1_555' title='bbox 1842 764 1940 788; x_wconf 85' lang='lat' dir='ltr'>sensu</span> <span class='ocrx_word' id='word_1_556' title='bbox 1960 756 2050 790; x_wconf 88' lang='lat' dir='ltr'>idem</span> <span class='ocrx_word' id='word_1_557' title='bbox 2071 760 2123 791; x_wconf 87' lang='lat' dir='ltr'>cst</span> <span class='ocrx_word' id='word_1_558' title='bbox 2143 759 2320 802; x_wconf 87' lang='lat' dir='ltr'>voluptas:</span> 
     </span>
     <span class='ocr_line' id='line_1_66' title="bbox 1269 807 2323 862; baseline 0.013 -23"><span class='ocrx_word' id='word_1_559' title='bbox 1269 807 1453 841; x_wconf 87' lang='lat' dir='ltr'>absurdum</span> <span class='ocrx_word' id='word_1_560' title='bbox 1482 809 1570 842; x_wconf 88' lang='lat' dir='ltr'>enim</span> <span class='ocrx_word' id='word_1_561' title='bbox 1597 813 1665 851; x_wconf 89' lang='lat' dir='ltr'>est,</span> <span class='ocrx_word' id='word_1_562' title='bbox 1682 811 1769 845; x_wconf 87' lang='lat' dir='ltr'>hanc</span> <span class='ocrx_word' id='word_1_563' title='bbox 1798 813 1920 848; x_wconf 83' lang='lat' dir='ltr'>habere</span> <span class='ocrx_word' id='word_1_564' title='bbox 1945 816 2142 858; x_wconf 86' lang='lat' dir='ltr'>opinionem.</span> <span class='ocrx_word' id='word_1_565' title='bbox 2164 819 2228 852; x_wconf 88' lang='lat' dir='ltr'>Sed</span> <span class='ocrx_word' id='word_1_566' title='bbox 2243 819 2323 862; x_wconf 84' lang='lat' dir='ltr'>quia</span> 
     </span>
     <span class='ocr_line' id='line_1_67' title="bbox 1268 865 2324 914; baseline 0.012 -17"><span class='ocrx_word' id='word_1_567' title='bbox 1268 865 1531 908; x_wconf 80' lang='lat' dir='ltr'>inseparabiliter</span> <span class='ocrx_word' id='word_1_568' title='bbox 1557 867 1643 902; x_wconf 91' lang='lat' dir='ltr'>inter</span> <span class='ocrx_word' id='word_1_569' title='bbox 1675 879 1710 903; x_wconf 85' lang='lat' dir='ltr'>sc</span> <span class='ocrx_word' id='word_1_570' title='bbox 1737 871 1916 914; x_wconf 59' lang='lat' dir='ltr'>cohaerent,</span> <span class='ocrx_word' id='word_1_571' title='bbox 1935 874 2017 907; x_wconf 86' lang='lat' dir='ltr'>nihil</span> <span class='ocrx_word' id='word_1_572' title='bbox 2041 875 2177 909; x_wconf 82' lang='lat' dir='ltr'>differre</span> <span class='ocrx_word' id='word_1_573' title='bbox 2205 886 2224 909; x_wconf 87' lang='lat' dir='ltr'>a</span> <span class='ocrx_word' id='word_1_574' title='bbox 2246 875 2324 910; x_wconf 82' lang='lat' dir='ltr'>fun-</span> 
     </span>
     <span class='ocr_line' id='line_1_68' title="bbox 1269 926 1538 959; baseline 0.004 -1"><span class='ocrx_word' id='word_1_575' title='bbox 1269 926 1376 959; x_wconf 88' lang='lat' dir='ltr'>ctione</span> <span class='ocrx_word' id='word_1_576' title='bbox 1396 926 1538 959; x_wconf 91' lang='lat' dir='ltr'>videtur.</span> 
     </span>
    </p>
   </div>
   <div class='ocr_carea' id='block_1_30' title="bbox 1268 984 2324 1080">
    <p class='ocr_par' dir='ltr' id='par_1_31' title="bbox 1268 984 2324 1080">
     <span class='ocr_line' id='line_1_69' title="bbox 1312 984 2321 1036; baseline 0.011 -19"><span class='ocrx_word' id='word_1_577' title='bbox 1312 984 1378 1018; x_wconf 86' lang='lat' dir='ltr'>Sed</span> <span class='ocrx_word' id='word_1_578' title='bbox 1405 988 1439 1018; x_wconf 89' lang='lat' dir='ltr'>et</span> <span class='ocrx_word' id='word_1_579' title='bbox 1469 986 1555 1018; x_wconf 84' lang='lat' dir='ltr'>inter</span> <span class='ocrx_word' id='word_1_580' title='bbox 1584 996 1618 1019; x_wconf 89' lang='lat' dir='ltr'>se</span> <span class='ocrx_word' id='word_1_581' title='bbox 1650 987 1729 1030; x_wconf 82' lang='lat' dir='ltr'>ipsae</span> <span class='ocrx_word' id='word_1_582' title='bbox 1752 999 1886 1032; x_wconf 90' lang='lat' dir='ltr'>quoque</span> <span class='ocrx_word' id='word_1_583' title='bbox 1915 991 2077 1025; x_wconf 82' lang='lat' dir='ltr'>differunt</span> <span class='ocrx_word' id='word_1_584' title='bbox 2116 994 2321 1036; x_wconf 84' lang='lat' dir='ltr'>voluptates,</span> 
     </span>
     <span class='ocr_line' id='line_1_70' title="bbox 1268 1034 2324 1080; baseline 0.012 -13"><span class='ocrx_word' id='word_1_585' title='bbox 1268 1035 1348 1078; x_wconf 88' lang='lat' dir='ltr'>quia</span> <span class='ocrx_word' id='word_1_586' title='bbox 1380 1034 1568 1072; x_wconf 90' lang='lat' dir='ltr'>functiones</span> <span class='ocrx_word' id='word_1_587' title='bbox 1599 1039 1743 1073; x_wconf 84' lang='lat' dir='ltr'>diversae</span> <span class='ocrx_word' id='word_1_588' title='bbox 1780 1044 1868 1075; x_wconf 87' lang='lat' dir='ltr'>sunt.</span> <span class='ocrx_word' id='word_1_589' title='bbox 1907 1043 2028 1076; x_wconf 83' lang='lat' dir='ltr'>Differt</span> <span class='ocrx_word' id='word_1_590' title='bbox 2063 1045 2153 1078; x_wconf 89' lang='lat' dir='ltr'>enim</span> <span class='ocrx_word' id='word_1_591' title='bbox 2185 1047 2277 1080; x_wconf 74' lang='lat' dir='ltr'>visus</span> <span class='ocrx_word' id='word_1_592' title='bbox 2305 1057 2324 1080; x_wconf 90' lang='lat' dir='ltr'>a</span> 
     </span>
    </p>
   </div>
   <div class='ocr_carea' id='block_1_31' title="bbox 1265 1089 2327 3346">
    <p class='ocr_par' dir='ltr' id='par_1_32' title="bbox 1267 1089 2326 1554">
     <span class='ocr_line' id='line_1_71' title="bbox 1269 1089 2324 1142; baseline 0.012 -22"><span class='ocrx_word' id='word_1_593' title='bbox 1269 1090 1361 1121; x_wconf 85' lang='lat' dir='ltr'>tactu</span> <span class='ocrx_word' id='word_1_594' title='bbox 1393 1089 1600 1132; x_wconf 82' lang='lat' dir='ltr'>sinceritate,</span> <span class='ocrx_word' id='word_1_595' title='bbox 1623 1096 1790 1135; x_wconf 81' lang='lat' dir='ltr'>quatenus</span> <span class='ocrx_word' id='word_1_596' title='bbox 1815 1095 1870 1128; x_wconf 88' lang='lat' dir='ltr'>ille</span> <span class='ocrx_word' id='word_1_597' title='bbox 1893 1096 2028 1138; x_wconf 90' lang='lat' dir='ltr'>quidem</span> <span class='ocrx_word' id='word_1_598' title='bbox 2054 1098 2158 1131; x_wconf 88' lang='lat' dir='ltr'>solam</span> <span class='ocrx_word' id='word_1_599' title='bbox 2183 1100 2324 1142; x_wconf 87' lang='lat' dir='ltr'>speciem</span> 
     </span>
     <span class='ocr_line' id='line_1_72' title="bbox 1268 1142 2321 1190; baseline 0.012 -18"><span class='ocrx_word' id='word_1_600' title='bbox 1268 1142 1528 1183; x_wconf 85' lang='lat' dir='ltr'>comprehendit,</span> <span class='ocrx_word' id='word_1_601' title='bbox 1557 1146 1665 1178; x_wconf 86' lang='lat' dir='ltr'>tactus</span> <span class='ocrx_word' id='word_1_602' title='bbox 1681 1156 1760 1179; x_wconf 89' lang='lat' dir='ltr'>vero</span> <span class='ocrx_word' id='word_1_603' title='bbox 1789 1147 1893 1190; x_wconf 86' lang='lat' dir='ltr'>magis</span> <span class='ocrx_word' id='word_1_604' title='bbox 1920 1148 1962 1180; x_wconf 84' lang='lat' dir='ltr'>ad</span> <span class='ocrx_word' id='word_1_605' title='bbox 1980 1150 2155 1182; x_wconf 81' lang='lat' dir='ltr'>materiam</span> <span class='ocrx_word' id='word_1_606' title='bbox 2175 1151 2321 1190; x_wconf 88' lang='lat' dir='ltr'>adducit,</span> 
     </span>
     <span class='ocr_line' id='line_1_73' title="bbox 1267 1193 2323 1245; baseline 0.011 -20"><span class='ocrx_word' id='word_1_607' title='bbox 1267 1193 1458 1237; x_wconf 84' lang='lat' dir='ltr'>pariterque</span> <span class='ocrx_word' id='word_1_608' title='bbox 1481 1196 1618 1229; x_wconf 83' lang='lat' dir='ltr'>auditus</span> <span class='ocrx_word' id='word_1_609' title='bbox 1637 1198 1679 1231; x_wconf 89' lang='lat' dir='ltr'>ab</span> <span class='ocrx_word' id='word_1_610' title='bbox 1705 1198 1828 1232; x_wconf 84' lang='lat' dir='ltr'>olfactu</span> <span class='ocrx_word' id='word_1_611' title='bbox 1849 1202 1882 1232; x_wconf 89' lang='lat' dir='ltr'>et</span> <span class='ocrx_word' id='word_1_612' title='bbox 1909 1203 2011 1242; x_wconf 86' lang='lat' dir='ltr'>gustu</span> <span class='ocrx_word' id='word_1_613' title='bbox 2038 1204 2176 1236; x_wconf 90' lang='lat' dir='ltr'>eatenus</span> <span class='ocrx_word' id='word_1_614' title='bbox 2198 1204 2323 1245; x_wconf 79' lang='lat' dir='ltr'>differt,</span> 
     </span>
     <span class='ocr_line' id='line_1_74' title="bbox 1267 1249 2325 1299; baseline 0.011 -20"><span class='ocrx_word' id='word_1_615' title='bbox 1267 1250 1432 1291; x_wconf 80' lang='lat' dir='ltr'>quatenus</span> <span class='ocrx_word' id='word_1_616' title='bbox 1455 1249 1489 1281; x_wconf 87' lang='lat' dir='ltr'>hi</span> <span class='ocrx_word' id='word_1_617' title='bbox 1518 1252 1693 1287; x_wconf 83' lang='lat' dir='ltr'>materiam</span> <span class='ocrx_word' id='word_1_618' title='bbox 1719 1255 1826 1296; x_wconf 84' lang='lat' dir='ltr'>magis</span> <span class='ocrx_word' id='word_1_619' title='bbox 1852 1257 1992 1297; x_wconf 86' lang='lat' dir='ltr'>tangunt</span> <span class='ocrx_word' id='word_1_620' title='bbox 2017 1269 2024 1288; x_wconf 75' lang='grc' dir='ltr'>ε</span> <span class='ocrx_word' id='word_1_621' title='bbox 2045 1257 2202 1299; x_wconf 81' lang='lat' dir='ltr'>quocirca</span> <span class='ocrx_word' id='word_1_622' title='bbox 2225 1258 2325 1291; x_wconf 87' lang='lat' dir='ltr'>etiam</span> 
     </span>
     <span class='ocr_line' id='line_1_75' title="bbox 1267 1302 2325 1352; baseline 0.01 -19"><span class='ocrx_word' id='word_1_623' title='bbox 1267 1302 1456 1344; x_wconf 86' lang='lat' dir='ltr'>voluptates</span> <span class='ocrx_word' id='word_1_624' title='bbox 1473 1311 1548 1336; x_wconf 90' lang='lat' dir='ltr'>cum</span> <span class='ocrx_word' id='word_1_625' title='bbox 1573 1304 1615 1337; x_wconf 88' lang='lat' dir='ltr'>iis</span> <span class='ocrx_word' id='word_1_626' title='bbox 1631 1306 1816 1348; x_wconf 72' lang='lat' dir='ltr'>conjunctae</span> <span class='ocrx_word' id='word_1_627' title='bbox 1836 1308 1957 1350; x_wconf 88' lang='lat' dir='ltr'>partim</span> <span class='ocrx_word' id='word_1_628' title='bbox 1986 1308 2072 1343; x_wconf 90' lang='lat' dir='ltr'>inter</span> <span class='ocrx_word' id='word_1_629' title='bbox 2089 1319 2124 1342; x_wconf 91' lang='lat' dir='ltr'>se</span> <span class='ocrx_word' id='word_1_630' title='bbox 2140 1311 2262 1352; x_wconf 88' lang='lat' dir='ltr'>partim</span> <span class='ocrx_word' id='word_1_631' title='bbox 2283 1312 2325 1344; x_wconf 91' lang='lat' dir='ltr'>ab</span> 
     </span>
     <span class='ocr_line' id='line_1_76' title="bbox 1267 1355 2326 1407; baseline 0.01 -20"><span class='ocrx_word' id='word_1_632' title='bbox 1267 1355 1308 1388; x_wconf 87' lang='lat' dir='ltr'>iis</span> <span class='ocrx_word' id='word_1_633' title='bbox 1329 1364 1406 1397; x_wconf 82' lang='lat' dir='ltr'>quae</span> <span class='ocrx_word' id='word_1_634' title='bbox 1428 1356 1538 1389; x_wconf 90' lang='lat' dir='ltr'>animo</span> <span class='ocrx_word' id='word_1_635' title='bbox 1553 1358 1782 1401; x_wconf 88' lang='lat' dir='ltr'>percipiuntur</span> <span class='ocrx_word' id='word_1_636' title='bbox 1799 1361 2029 1404; x_wconf 87' lang='lat' dir='ltr'>voluptatibus</span> <span class='ocrx_word' id='word_1_637' title='bbox 2057 1362 2226 1405; x_wconf 84' lang='lat' dir='ltr'>different,</span> <span class='ocrx_word' id='word_1_638' title='bbox 2247 1365 2326 1407; x_wconf 87' lang='lat' dir='ltr'>quia</span> 
     </span>
     <span class='ocr_line' id='line_1_77' title="bbox 1267 1408 2325 1457; baseline 0.009 -17"><span class='ocrx_word' id='word_1_639' title='bbox 1267 1408 1409 1441; x_wconf 83' lang='lat' dir='ltr'>diversae</span> <span class='ocrx_word' id='word_1_640' title='bbox 1430 1411 1508 1441; x_wconf 88' lang='lat' dir='ltr'>sunt</span> <span class='ocrx_word' id='word_1_641' title='bbox 1529 1410 1727 1445; x_wconf 79' lang='lat' dir='ltr'>functiones.</span> <span class='ocrx_word' id='word_1_642' title='bbox 1749 1413 1839 1451; x_wconf 90' lang='lat' dir='ltr'>Quin</span> <span class='ocrx_word' id='word_1_643' title='bbox 1873 1414 1974 1447; x_wconf 86' lang='lat' dir='ltr'>etiam</span> <span class='ocrx_word' id='word_1_644' title='bbox 2004 1415 2086 1457; x_wconf 83' lang='lat' dir='ltr'>ipsae</span> <span class='ocrx_word' id='word_1_645' title='bbox 2105 1417 2205 1450; x_wconf 89' lang='lat' dir='ltr'>animi</span> <span class='ocrx_word' id='word_1_646' title='bbox 2228 1418 2325 1450; x_wconf 90' lang='lat' dir='ltr'>volu-</span> 
     </span>
     <span class='ocr_line' id='line_1_78' title="bbox 1267 1462 2325 1512; baseline 0.009 -18"><span class='ocrx_word' id='word_1_647' title='bbox 1267 1464 1376 1505; x_wconf 85' lang='lat' dir='ltr'>ptates</span> <span class='ocrx_word' id='word_1_648' title='bbox 1391 1470 1458 1495; x_wconf 90' lang='lat' dir='ltr'>non</span> <span class='ocrx_word' id='word_1_649' title='bbox 1476 1462 1602 1496; x_wconf 81' lang='lat' dir='ltr'>caedem</span> <span class='ocrx_word' id='word_1_650' title='bbox 1626 1467 1660 1498; x_wconf 86' lang='lat' dir='ltr'>et</span> <span class='ocrx_word' id='word_1_651' title='bbox 1674 1474 1770 1508; x_wconf 86' lang='lat' dir='ltr'>pares</span> <span class='ocrx_word' id='word_1_652' title='bbox 1787 1466 1874 1500; x_wconf 84' lang='lat' dir='ltr'>inter</span> <span class='ocrx_word' id='word_1_653' title='bbox 1897 1477 1932 1502; x_wconf 85' lang='lat' dir='ltr'>se</span> <span class='ocrx_word' id='word_1_654' title='bbox 1951 1471 2061 1509; x_wconf 83' lang='lat' dir='ltr'>erunt,</span> <span class='ocrx_word' id='word_1_655' title='bbox 2081 1469 2160 1512; x_wconf 87' lang='lat' dir='ltr'>quia</span> <span class='ocrx_word' id='word_1_656' title='bbox 2184 1469 2325 1510; x_wconf 79' lang='lat' dir='ltr'>diversae</span> 
     </span>
     <span class='ocr_line' id='line_1_79' title="bbox 1267 1518 1691 1554; baseline 0.005 -2"><span class='ocrx_word' id='word_1_657' title='bbox 1267 1519 1368 1552; x_wconf 88' lang='lat' dir='ltr'>animi</span> <span class='ocrx_word' id='word_1_658' title='bbox 1389 1521 1467 1552; x_wconf 90' lang='lat' dir='ltr'>sunt</span> <span class='ocrx_word' id='word_1_659' title='bbox 1490 1518 1691 1554; x_wconf 86' lang='lat' dir='ltr'>functiones.</span> 
     </span>
    </p>

    <p class='ocr_par' dir='ltr' id='par_1_33' title="bbox 1267 1574 2327 2687">
     <span class='ocr_line' id='line_1_80' title="bbox 1307 1574 2327 1623; baseline 0.01 -19"><span class='ocrx_word' id='word_1_660' title='bbox 1307 1575 1382 1605; x_wconf 87' lang='lat' dir='ltr'>Jam</span> <span class='ocrx_word' id='word_1_661' title='bbox 1407 1582 1486 1606; x_wconf 89' lang='lat' dir='ltr'>vero</span> <span class='ocrx_word' id='word_1_662' title='bbox 1503 1575 1536 1605; x_wconf 87' lang='lat' dir='ltr'>et</span> <span class='ocrx_word' id='word_1_663' title='bbox 1561 1574 1698 1616; x_wconf 84' lang='lat' dir='ltr'>singulis</span> <span class='ocrx_word' id='word_1_664' title='bbox 1726 1574 1925 1609; x_wconf 84' lang='lat' dir='ltr'>animalibus</span> <span class='ocrx_word' id='word_1_665' title='bbox 1946 1577 2079 1611; x_wconf 85' lang='lat' dir='ltr'>videtur</span> <span class='ocrx_word' id='word_1_666' title='bbox 2101 1589 2173 1613; x_wconf 79' lang='lat' dir='ltr'>esse</span> <span class='ocrx_word' id='word_1_667' title='bbox 2196 1581 2327 1623; x_wconf 86' lang='lat' dir='ltr'>propria</span> 
     </span>
     <span class='ocr_line' id='line_1_81' title="bbox 1267 1629 2323 1676; baseline 0.009 -15"><span class='ocrx_word' id='word_1_668' title='bbox 1267 1629 1422 1674; x_wconf 84' lang='lat' dir='ltr'>quaedam</span> <span class='ocrx_word' id='word_1_669' title='bbox 1436 1629 1601 1672; x_wconf 84' lang='lat' dir='ltr'>voluptas,</span> <span class='ocrx_word' id='word_1_670' title='bbox 1625 1630 1711 1662; x_wconf 88' lang='lat' dir='ltr'>sicut</span> <span class='ocrx_word' id='word_1_671' title='bbox 1726 1631 1897 1673; x_wconf 86' lang='lat' dir='ltr'>proprium</span> <span class='ocrx_word' id='word_1_672' title='bbox 1917 1641 2052 1676; x_wconf 90' lang='lat' dir='ltr'>quoque</span> <span class='ocrx_word' id='word_1_673' title='bbox 2065 1634 2107 1668; x_wconf 90' lang='lat' dir='ltr'>iis</span> <span class='ocrx_word' id='word_1_674' title='bbox 2120 1645 2242 1669; x_wconf 91' lang='lat' dir='ltr'>munus</span> <span class='ocrx_word' id='word_1_675' title='bbox 2261 1639 2323 1670; x_wconf 91' lang='lat' dir='ltr'>est.</span> 
     </span>
     <span class='ocr_line' id='line_1_82' title="bbox 1268 1685 2326 1731; baseline 0.006 -11"><span class='ocrx_word' id='word_1_676' title='bbox 1268 1686 1303 1720; x_wconf 91' lang='lat' dir='ltr'>Si</span> <span class='ocrx_word' id='word_1_677' title='bbox 1327 1686 1415 1720; x_wconf 87' lang='lat' dir='ltr'>enim</span> <span class='ocrx_word' id='word_1_678' title='bbox 1430 1685 1656 1720; x_wconf 87' lang='lat' dir='ltr'>functionibus</span> <span class='ocrx_word' id='word_1_679' title='bbox 1689 1690 1871 1731; x_wconf 88' lang='lat' dir='ltr'>congruant</span> <span class='ocrx_word' id='word_1_680' title='bbox 1896 1689 2103 1731; x_wconf 88' lang='lat' dir='ltr'>voluptates,</span> <span class='ocrx_word' id='word_1_681' title='bbox 2128 1701 2188 1725; x_wconf 89' lang='lat' dir='ltr'>sua</span> <span class='ocrx_word' id='word_1_682' title='bbox 2213 1694 2326 1726; x_wconf 86' lang='lat' dir='ltr'>autem</span> 
     </span>
     <span class='ocr_line' id='line_1_83' title="bbox 1269 1745 2323 1789; baseline 0.001 -10"><span class='ocrx_word' id='word_1_683' title='bbox 1269 1745 1390 1788; x_wconf 84' lang='lat' dir='ltr'>cuique</span> <span class='ocrx_word' id='word_1_684' title='bbox 1407 1746 1541 1779; x_wconf 84' lang='lat' dir='ltr'>animali</span> <span class='ocrx_word' id='word_1_685' title='bbox 1562 1747 1700 1789; x_wconf 84' lang='lat' dir='ltr'>ejusque</span> <span class='ocrx_word' id='word_1_686' title='bbox 1723 1749 1852 1780; x_wconf 81' lang='lat' dir='ltr'>naturae</span> <span class='ocrx_word' id='word_1_687' title='bbox 1879 1749 2098 1780; x_wconf 85' lang='lat' dir='ltr'>consentanea</span> <span class='ocrx_word' id='word_1_688' title='bbox 2118 1747 2162 1780; x_wconf 89' lang='lat' dir='ltr'>sit</span> <span class='ocrx_word' id='word_1_689' title='bbox 2184 1746 2323 1787; x_wconf 84' lang='lat' dir='ltr'>functio,</span> 
     </span>
     <span class='ocr_line' id='line_1_84' title="bbox 1267 1802 2326 1846; baseline -0.001 -10"><span class='ocrx_word' id='word_1_690' title='bbox 1267 1803 1367 1836; x_wconf 88' lang='lat' dir='ltr'>etiam</span> <span class='ocrx_word' id='word_1_691' title='bbox 1396 1803 1550 1846; x_wconf 88' lang='lat' dir='ltr'>voluptas</span> <span class='ocrx_word' id='word_1_692' title='bbox 1581 1803 1645 1836; x_wconf 89' lang='lat' dir='ltr'>erit</span> <span class='ocrx_word' id='word_1_693' title='bbox 1671 1803 1814 1846; x_wconf 88' lang='lat' dir='ltr'>propria.</span> <span class='ocrx_word' id='word_1_694' title='bbox 1840 1802 1938 1842; x_wconf 84' lang='lat' dir='ltr'>Quod</span> <span class='ocrx_word' id='word_1_695' title='bbox 1969 1804 2003 1836; x_wconf 89' lang='lat' dir='ltr'>et</span> <span class='ocrx_word' id='word_1_696' title='bbox 2024 1803 2059 1835; x_wconf 91' lang='lat' dir='ltr'>in</span> <span class='ocrx_word' id='word_1_697' title='bbox 2090 1803 2228 1845; x_wconf 82' lang='lat' dir='ltr'>singulis</span> <span class='ocrx_word' id='word_1_698' title='bbox 2251 1812 2326 1846; x_wconf 84' lang='lat' dir='ltr'>spe-</span> 
     </span>
     <span class='ocr_line' id='line_1_85' title="bbox 1267 1858 2326 1902; baseline 0.001 -11"><span class='ocrx_word' id='word_1_699' title='bbox 1267 1858 1371 1891; x_wconf 91' lang='lat' dir='ltr'>ctanti</span> <span class='ocrx_word' id='word_1_700' title='bbox 1389 1858 1570 1901; x_wconf 86' lang='lat' dir='ltr'>apparebit.</span> <span class='ocrx_word' id='word_1_701' title='bbox 1593 1859 1666 1891; x_wconf 83' lang='lat' dir='ltr'>Alia</span> <span class='ocrx_word' id='word_1_702' title='bbox 1680 1859 1768 1892; x_wconf 91' lang='lat' dir='ltr'>enim</span> <span class='ocrx_word' id='word_1_703' title='bbox 1782 1859 1870 1902; x_wconf 88' lang='lat' dir='ltr'>equi,</span> <span class='ocrx_word' id='word_1_704' title='bbox 1892 1859 1957 1892; x_wconf 86' lang='lat' dir='ltr'>alia</span> <span class='ocrx_word' id='word_1_705' title='bbox 1978 1859 2080 1899; x_wconf 87' lang='lat' dir='ltr'>canis,</span> <span class='ocrx_word' id='word_1_706' title='bbox 2099 1859 2163 1892; x_wconf 89' lang='lat' dir='ltr'>alia</span> <span class='ocrx_word' id='word_1_707' title='bbox 2183 1859 2326 1892; x_wconf 79' lang='lat' dir='ltr'>hominis</span> 
     </span>
     <span class='ocr_line' id='line_1_86' title="bbox 1268 1915 2326 1959; baseline -0.001 -10"><span class='ocrx_word' id='word_1_708' title='bbox 1268 1917 1422 1959; x_wconf 87' lang='lat' dir='ltr'>voluptas</span> <span class='ocrx_word' id='word_1_709' title='bbox 1448 1917 1499 1948; x_wconf 88' lang='lat' dir='ltr'>est</span> <span class='ocrx_word' id='word_1_710' title='bbox 1532 1929 1539 1948; x_wconf 80' lang='lat' dir='ltr'>z</span> <span class='ocrx_word' id='word_1_711' title='bbox 1570 1915 1853 1959; x_wconf 84' lang='lat' dir='ltr'>quemadmodum</span> <span class='ocrx_word' id='word_1_712' title='bbox 1883 1916 2072 1949; x_wconf 82' lang='lat' dir='ltr'>Heraclitus</span> <span class='ocrx_word' id='word_1_713' title='bbox 2101 1916 2164 1955; x_wconf 88' lang='lat' dir='ltr'>ait,</span> <span class='ocrx_word' id='word_1_714' title='bbox 2195 1917 2326 1949; x_wconf 88' lang='lat' dir='ltr'>asinum</span> 
     </span>
     <span class='ocr_line' id='line_1_87' title="bbox 1269 1971 2327 2016; baseline -0.004 -8"><span class='ocrx_word' id='word_1_715' title='bbox 1269 1976 1451 2008; x_wconf 86' lang='lat' dir='ltr'>stramenta</span> <span class='ocrx_word' id='word_1_716' title='bbox 1481 1973 1581 2006; x_wconf 88' lang='lat' dir='ltr'>malle</span> <span class='ocrx_word' id='word_1_717' title='bbox 1615 1983 1718 2016; x_wconf 90' lang='lat' dir='ltr'>quam</span> <span class='ocrx_word' id='word_1_718' title='bbox 1747 1983 1867 2006; x_wconf 88' lang='lat' dir='ltr'>aurum</span> <span class='ocrx_word' id='word_1_719' title='bbox 1894 1984 1901 2005; x_wconf 78' lang='lat'>2</span> <span class='ocrx_word' id='word_1_720' title='bbox 1939 1972 2122 2014; x_wconf 87' lang='lat' dir='ltr'>jucundius</span> <span class='ocrx_word' id='word_1_721' title='bbox 2156 1971 2244 2004; x_wconf 87' lang='lat' dir='ltr'>enim</span> <span class='ocrx_word' id='word_1_722' title='bbox 2276 1974 2327 2005; x_wconf 82' lang='lat' dir='ltr'>est</span> 
     </span>
     <span class='ocr_line' id='line_1_88' title="bbox 1269 2028 2327 2074; baseline -0.004 -10"><span class='ocrx_word' id='word_1_723' title='bbox 1269 2031 1368 2064; x_wconf 84' lang='lat' dir='ltr'>asinis</span> <span class='ocrx_word' id='word_1_724' title='bbox 1391 2030 1550 2074; x_wconf 86' lang='lat' dir='ltr'>pabulum</span> <span class='ocrx_word' id='word_1_725' title='bbox 1579 2040 1680 2074; x_wconf 89' lang='lat' dir='ltr'>quam</span> <span class='ocrx_word' id='word_1_726' title='bbox 1713 2040 1844 2063; x_wconf 91' lang='lat' dir='ltr'>aurum.</span> <span class='ocrx_word' id='word_1_727' title='bbox 1875 2031 1991 2073; x_wconf 88' lang='lat' dir='ltr'>Itaque</span> <span class='ocrx_word' id='word_1_728' title='bbox 2021 2029 2161 2072; x_wconf 83' lang='lat' dir='ltr'>propriae</span> <span class='ocrx_word' id='word_1_729' title='bbox 2184 2028 2327 2061; x_wconf 86' lang='lat' dir='ltr'>diversis</span> 
     </span>
     <span class='ocr_line' id='line_1_89' title="bbox 1270 2078 2322 2132; baseline -0.002 -13"><span class='ocrx_word' id='word_1_730' title='bbox 1270 2086 1498 2121; x_wconf 81' lang='lat' dir='ltr'>functionibus</span> <span class='ocrx_word' id='word_1_731' title='bbox 1535 2087 1723 2132; x_wconf 87' lang='lat' dir='ltr'>voluptates</span> <span class='ocrx_word' id='word_1_732' title='bbox 1752 2087 1833 2129; x_wconf 83' lang='lat' dir='ltr'>ipsae</span> <span class='ocrx_word' id='word_1_733' title='bbox 1870 2095 2002 2128; x_wconf 88' lang='lat' dir='ltr'>quoque</span> <span class='ocrx_word' id='word_1_734' title='bbox 2036 2087 2114 2118; x_wconf 87' lang='lat' dir='ltr'>sunt</span> <span class='ocrx_word' id='word_1_735' title='bbox 2147 2078 2288 2118; x_wconf 78' lang='lat' dir='ltr'>diversae</span> <span class='ocrx_word' id='word_1_736' title='bbox 2315 2098 2322 2118; x_wconf 69' lang='grc' dir='ltr'>ι</span> 
     </span>
     <span class='ocr_line' id='line_1_90' title="bbox 1269 2142 2324 2188; baseline -0.004 -9"><span class='ocrx_word' id='word_1_737' title='bbox 1269 2155 1346 2188; x_wconf 86' lang='lat' dir='ltr'>quae</span> <span class='ocrx_word' id='word_1_738' title='bbox 1378 2155 1457 2179; x_wconf 89' lang='lat' dir='ltr'>vero</span> <span class='ocrx_word' id='word_1_739' title='bbox 1483 2145 1662 2179; x_wconf 88' lang='lat' dir='ltr'>earundem</span> <span class='ocrx_word' id='word_1_740' title='bbox 1679 2146 1755 2177; x_wconf 88' lang='lat' dir='ltr'>sunt</span> <span class='ocrx_word' id='word_1_741' title='bbox 1774 2144 1992 2183; x_wconf 77' lang='lat' dir='ltr'>functionum,</span> <span class='ocrx_word' id='word_1_742' title='bbox 2015 2153 2072 2176; x_wconf 85' lang='lat' dir='ltr'>eas</span> <span class='ocrx_word' id='word_1_743' title='bbox 2092 2143 2193 2176; x_wconf 87' lang='lat' dir='ltr'>etiam</span> <span class='ocrx_word' id='word_1_744' title='bbox 2218 2142 2324 2185; x_wconf 86' lang='lat' dir='ltr'>specie</span> 
     </span>
     <span class='ocr_line' id='line_1_91' title="bbox 1271 2198 2325 2243; baseline -0.003 -9"><span class='ocrx_word' id='word_1_745' title='bbox 1271 2200 1402 2239; x_wconf 80' lang='lat' dir='ltr'>easdem</span> <span class='ocrx_word' id='word_1_746' title='bbox 1427 2210 1498 2234; x_wconf 85' lang='lat' dir='ltr'>esse</span> <span class='ocrx_word' id='word_1_747' title='bbox 1529 2200 1697 2243; x_wconf 87' lang='lat' dir='ltr'>probabile</span> <span class='ocrx_word' id='word_1_748' title='bbox 1721 2202 1772 2233; x_wconf 87' lang='lat' dir='ltr'>est</span> <span class='ocrx_word' id='word_1_749' title='bbox 1795 2211 1802 2231; x_wconf 94' lang='lat'>:</span> <span class='ocrx_word' id='word_1_750' title='bbox 1826 2200 1901 2242; x_wconf 89' lang='lat' dir='ltr'>plus</span> <span class='ocrx_word' id='word_1_751' title='bbox 1923 2202 2033 2231; x_wconf 87' lang='lat' dir='ltr'>tamen</span> <span class='ocrx_word' id='word_1_752' title='bbox 2060 2201 2111 2231; x_wconf 86' lang='lat' dir='ltr'>est</span> <span class='ocrx_word' id='word_1_753' title='bbox 2134 2198 2185 2232; x_wconf 90' lang='lat' dir='ltr'>vel</span> <span class='ocrx_word' id='word_1_754' title='bbox 2215 2198 2325 2231; x_wconf 82' lang='lat' dir='ltr'>minus</span> 
     </span>
     <span class='ocr_line' id='line_1_92' title="bbox 1269 2255 2326 2301; baseline -0.003 -11"><span class='ocrx_word' id='word_1_755' title='bbox 1269 2258 1359 2301; x_wconf 88' lang='lat' dir='ltr'>quod</span> <span class='ocrx_word' id='word_1_756' title='bbox 1376 2258 1463 2290; x_wconf 82' lang='lat' dir='ltr'>inter</span> <span class='ocrx_word' id='word_1_757' title='bbox 1477 2267 1532 2290; x_wconf 80' lang='lat' dir='ltr'>eas</span> <span class='ocrx_word' id='word_1_758' title='bbox 1552 2256 1699 2290; x_wconf 84' lang='lat' dir='ltr'>differat.</span> <span class='ocrx_word' id='word_1_759' title='bbox 1718 2258 1833 2299; x_wconf 85' lang='lat' dir='ltr'>Neque</span> <span class='ocrx_word' id='word_1_760' title='bbox 1854 2256 1942 2289; x_wconf 87' lang='lat' dir='ltr'>enim</span> <span class='ocrx_word' id='word_1_761' title='bbox 1964 2255 2081 2288; x_wconf 83' lang='lat' dir='ltr'>iisdem</span> <span class='ocrx_word' id='word_1_762' title='bbox 2099 2255 2326 2289; x_wconf 84' lang='lat' dir='ltr'>functionibus</span> 
     </span>
     <span class='ocr_line' id='line_1_93' title="bbox 1269 2312 2325 2357; baseline -0.005 -9"><span class='ocrx_word' id='word_1_763' title='bbox 1269 2324 1383 2348; x_wconf 86' lang='lat' dir='ltr'>omnes</span> <span class='ocrx_word' id='word_1_764' title='bbox 1409 2314 1543 2357; x_wconf 85' lang='lat' dir='ltr'>perinde</span> <span class='ocrx_word' id='word_1_765' title='bbox 1581 2313 1739 2347; x_wconf 87' lang='lat' dir='ltr'>delectari</span> <span class='ocrx_word' id='word_1_766' title='bbox 1767 2314 1896 2345; x_wconf 86' lang='lat' dir='ltr'>constat</span> <span class='ocrx_word' id='word_1_767' title='bbox 1928 2325 1935 2345; x_wconf 92' lang='lat'><strong>:</strong></span> <span class='ocrx_word' id='word_1_768' title='bbox 1961 2322 2066 2355; x_wconf 88' lang='lat' dir='ltr'>quum</span> <span class='ocrx_word' id='word_1_769' title='bbox 2099 2312 2199 2344; x_wconf 77' lang='lat' dir='ltr'>etiarn</span> <span class='ocrx_word' id='word_1_770' title='bbox 2233 2314 2325 2344; x_wconf 86' lang='lat' dir='ltr'>tanta</span> 
     </span>
     <span class='ocr_line' id='line_1_94' title="bbox 1270 2367 2324 2409; baseline -0.005 -5"><span class='ocrx_word' id='word_1_771' title='bbox 1270 2371 1448 2404; x_wconf 87' lang='lat' dir='ltr'>diversitas</span> <span class='ocrx_word' id='word_1_772' title='bbox 1477 2371 1536 2409; x_wconf 86' lang='lat' dir='ltr'>sit,</span> <span class='ocrx_word' id='word_1_773' title='bbox 1584 2372 1622 2402; x_wconf 89' lang='lat' dir='ltr'>ut</span> <span class='ocrx_word' id='word_1_774' title='bbox 1651 2368 1769 2402; x_wconf 84' lang='lat' dir='ltr'>iisdem</span> <span class='ocrx_word' id='word_1_775' title='bbox 1791 2368 1891 2401; x_wconf 90' lang='lat' dir='ltr'>rebus</span> <span class='ocrx_word' id='word_1_776' title='bbox 1911 2367 1966 2400; x_wconf 86' lang='lat' dir='ltr'>alii</span> <span class='ocrx_word' id='word_1_777' title='bbox 1991 2368 2166 2406; x_wconf 82' lang='lat' dir='ltr'>laetentur,</span> <span class='ocrx_word' id='word_1_778' title='bbox 2188 2367 2244 2400; x_wconf 88' lang='lat' dir='ltr'>alii</span> <span class='ocrx_word' id='word_1_779' title='bbox 2260 2367 2324 2400; x_wconf 90' lang='lat' dir='ltr'>do-</span> 
     </span>
     <span class='ocr_line' id='line_1_95' title="bbox 1271 2424 2325 2470; baseline -0.004 -9"><span class='ocrx_word' id='word_1_780' title='bbox 1271 2430 1359 2462; x_wconf 84' lang='lat' dir='ltr'>leant</span> <span class='ocrx_word' id='word_1_781' title='bbox 1392 2442 1399 2460; x_wconf 85' lang='lat'>:</span> <span class='ocrx_word' id='word_1_782' title='bbox 1432 2437 1530 2470; x_wconf 91' lang='lat' dir='ltr'>porro</span> <span class='ocrx_word' id='word_1_783' title='bbox 1565 2436 1630 2459; x_wconf 89' lang='lat' dir='ltr'>non</span> <span class='ocrx_word' id='word_1_784' title='bbox 1662 2425 1815 2458; x_wconf 87' lang='lat' dir='ltr'>omnibus</span> <span class='ocrx_word' id='word_1_785' title='bbox 1859 2424 1974 2457; x_wconf 89' lang='lat' dir='ltr'>eadem</span> <span class='ocrx_word' id='word_1_786' title='bbox 2012 2424 2122 2457; x_wconf 88' lang='lat' dir='ltr'>dulcia</span> <span class='ocrx_word' id='word_1_787' title='bbox 2159 2427 2246 2464; x_wconf 90' lang='lat' dir='ltr'>sunt,</span> <span class='ocrx_word' id='word_1_788' title='bbox 2278 2425 2325 2458; x_wconf 92' lang='lat' dir='ltr'>si-</span> 
     </span>
     <span class='ocr_line' id='line_1_96' title="bbox 1270 2480 2324 2528; baseline -0.003 -11"><span class='ocrx_word' id='word_1_789' title='bbox 1270 2484 1406 2528; x_wconf 91' lang='lat' dir='ltr'>quidem</span> <span class='ocrx_word' id='word_1_790' title='bbox 1445 2493 1510 2516; x_wconf 93' lang='lat' dir='ltr'>non</span> <span class='ocrx_word' id='word_1_791' title='bbox 1552 2483 1671 2516; x_wconf 84' lang='lat' dir='ltr'>eadem</span> <span class='ocrx_word' id='word_1_792' title='bbox 1703 2481 1906 2514; x_wconf 88' lang='lat' dir='ltr'>febricitanti</span> <span class='ocrx_word' id='word_1_793' title='bbox 1945 2480 2056 2513; x_wconf 87' lang='lat' dir='ltr'>dulcia</span> <span class='ocrx_word' id='word_1_794' title='bbox 2094 2481 2251 2514; x_wconf 87' lang='lat' dir='ltr'>videntur</span> <span class='ocrx_word' id='word_1_795' title='bbox 2291 2483 2324 2514; x_wconf 89' lang='lat' dir='ltr'>et</span> 
     </span>
     <span class='ocr_line' id='line_1_97' title="bbox 1271 2538 2325 2585; baseline -0.004 -9"><span class='ocrx_word' id='word_1_796' title='bbox 1271 2553 1369 2582; x_wconf 84' lang='lat' dir='ltr'>sano,</span> <span class='ocrx_word' id='word_1_797' title='bbox 1395 2552 1503 2585; x_wconf 90' lang='lat' dir='ltr'>neque</span> <span class='ocrx_word' id='word_1_798' title='bbox 1525 2541 1630 2574; x_wconf 86' lang='lat' dir='ltr'>calida</span> <span class='ocrx_word' id='word_1_799' title='bbox 1655 2540 1772 2573; x_wconf 87' lang='lat' dir='ltr'>eadem</span> <span class='ocrx_word' id='word_1_800' title='bbox 1796 2539 1925 2571; x_wconf 85' lang='lat' dir='ltr'>infirmo</span> <span class='ocrx_word' id='word_1_801' title='bbox 1950 2540 1984 2570; x_wconf 87' lang='lat' dir='ltr'>et</span> <span class='ocrx_word' id='word_1_802' title='bbox 2002 2538 2032 2570; x_wconf 89' lang='lat' dir='ltr'>ei</span> <span class='ocrx_word' id='word_1_803' title='bbox 2054 2538 2109 2571; x_wconf 91' lang='lat' dir='ltr'>cui</span> <span class='ocrx_word' id='word_1_804' title='bbox 2125 2548 2245 2582; x_wconf 88' lang='lat' dir='ltr'>corpus</span> <span class='ocrx_word' id='word_1_805' title='bbox 2266 2540 2325 2572; x_wconf 86' lang='lat' dir='ltr'>tir-</span> 
     </span>
     <span class='ocr_line' id='line_1_98' title="bbox 1270 2594 2323 2632; baseline -0.004 0"><span class='ocrx_word' id='word_1_806' title='bbox 1270 2609 1363 2632; x_wconf 87' lang='lat' dir='ltr'>mum</span> <span class='ocrx_word' id='word_1_807' title='bbox 1386 2601 1419 2631; x_wconf 91' lang='lat' dir='ltr'>et</span> <span class='ocrx_word' id='word_1_808' title='bbox 1432 2598 1515 2631; x_wconf 88' lang='lat' dir='ltr'>bene</span> <span class='ocrx_word' id='word_1_809' title='bbox 1532 2597 1751 2630; x_wconf 87' lang='lat' dir='ltr'>constitutum</span> <span class='ocrx_word' id='word_1_810' title='bbox 1773 2596 1834 2628; x_wconf 84' lang='lat' dir='ltr'>est.</span> <span class='ocrx_word' id='word_1_811' title='bbox 1855 2595 1927 2626; x_wconf 89' lang='lat' dir='ltr'>Hoc</span> <span class='ocrx_word' id='word_1_812' title='bbox 1941 2594 2055 2627; x_wconf 86' lang='lat' dir='ltr'>autem</span> <span class='ocrx_word' id='word_1_813' title='bbox 2072 2595 2172 2628; x_wconf 87' lang='lat' dir='ltr'>etiam</span> <span class='ocrx_word' id='word_1_814' title='bbox 2192 2595 2226 2628; x_wconf 92' lang='lat' dir='ltr'>in</span> <span class='ocrx_word' id='word_1_815' title='bbox 2250 2595 2323 2628; x_wconf 89' lang='lat' dir='ltr'>aliis</span> 
     </span>
     <span class='ocr_line' id='line_1_99' title="bbox 1271 2652 1459 2687; baseline -0.016 0"><span class='ocrx_word' id='word_1_816' title='bbox 1271 2663 1335 2687; x_wconf 78' lang='lat' dir='ltr'>usu</span> <span class='ocrx_word' id='word_1_817' title='bbox 1358 2652 1459 2685; x_wconf 85' lang='lat' dir='ltr'>venit.</span> 
     </span>
    </p>

    <p class='ocr_par' dir='ltr' id='par_1_34' title="bbox 1265 2707 2324 3346">
     <span class='ocr_line' id='line_1_100' title="bbox 1314 2707 2324 2752; baseline -0.005 -7"><span class='ocrx_word' id='word_1_818' title='bbox 1314 2712 1407 2746; x_wconf 89' lang='lat' dir='ltr'>Sicut</span> <span class='ocrx_word' id='word_1_819' title='bbox 1419 2712 1531 2744; x_wconf 88' lang='lat' dir='ltr'>autem</span> <span class='ocrx_word' id='word_1_820' title='bbox 1544 2711 1578 2744; x_wconf 93' lang='lat' dir='ltr'>in</span> <span class='ocrx_word' id='word_1_821' title='bbox 1595 2708 1756 2752; x_wconf 79' lang='lat' dir='ltr'>ejusmodi</span> <span class='ocrx_word' id='word_1_822' title='bbox 1770 2708 1929 2751; x_wconf 84' lang='lat' dir='ltr'>jucundis</span> <span class='ocrx_word' id='word_1_823' title='bbox 1945 2718 1983 2741; x_wconf 85' lang='lat' dir='ltr'>ea</span> <span class='ocrx_word' id='word_1_824' title='bbox 2002 2717 2077 2749; x_wconf 84' lang='lat' dir='ltr'>quae</span> <span class='ocrx_word' id='word_1_825' title='bbox 2089 2717 2166 2740; x_wconf 88' lang='lat' dir='ltr'>vere</span> <span class='ocrx_word' id='word_1_826' title='bbox 2178 2707 2324 2750; x_wconf 88' lang='lat' dir='ltr'>jucunda</span> 
     </span>
     <span class='ocr_line' id='line_1_101' title="bbox 1270 2767 2319 2813; baseline -0.007 -7"><span class='ocrx_word' id='word_1_827' title='bbox 1270 2774 1347 2806; x_wconf 91' lang='lat' dir='ltr'>sunt</span> <span class='ocrx_word' id='word_1_828' title='bbox 1364 2772 1405 2805; x_wconf 88' lang='lat' dir='ltr'>ab</span> <span class='ocrx_word' id='word_1_829' title='bbox 1425 2771 1467 2804; x_wconf 86' lang='lat' dir='ltr'>iis</span> <span class='ocrx_word' id='word_1_830' title='bbox 1484 2779 1561 2813; x_wconf 85' lang='lat' dir='ltr'>quae</span> <span class='ocrx_word' id='word_1_831' title='bbox 1575 2769 1742 2808; x_wconf 75' lang='lat' dir='ltr'>videntur,</span> <span class='ocrx_word' id='word_1_832' title='bbox 1762 2778 1782 2801; x_wconf 89' lang='lat' dir='ltr'>a</span> <span class='ocrx_word' id='word_1_833' title='bbox 1799 2768 1887 2802; x_wconf 85' lang='lat' dir='ltr'>sanis</span> <span class='ocrx_word' id='word_1_834' title='bbox 1907 2768 2075 2801; x_wconf 83' lang='lat' dir='ltr'>discemus</span> <span class='ocrx_word' id='word_1_835' title='bbox 2092 2767 2297 2808; x_wconf 87' lang='lat' dir='ltr'>distinguere</span> <span class='ocrx_word' id='word_1_836' title='bbox 2312 2780 2319 2799; x_wconf 74' lang='grc' dir='ltr'>ε</span> 
     </span>
     <span class='ocr_line' id='line_1_102' title="bbox 1268 2827 2323 2873; baseline -0.006 -8"><span class='ocrx_word' id='word_1_837' title='bbox 1268 2834 1315 2866; x_wconf 84' lang='lat' dir='ltr'>ita</span> <span class='ocrx_word' id='word_1_838' title='bbox 1335 2832 1435 2865; x_wconf 88' lang='lat' dir='ltr'>ctiam</span> <span class='ocrx_word' id='word_1_839' title='bbox 1455 2831 1643 2873; x_wconf 88' lang='lat' dir='ltr'>voluptates</span> <span class='ocrx_word' id='word_1_840' title='bbox 1659 2829 1803 2862; x_wconf 79' lang='lat' dir='ltr'>morales</span> <span class='ocrx_word' id='word_1_841' title='bbox 1826 2838 1846 2861; x_wconf 86' lang='lat' dir='ltr'>a</span> <span class='ocrx_word' id='word_1_842' title='bbox 1861 2828 1944 2861; x_wconf 85' lang='lat' dir='ltr'>viris</span> <span class='ocrx_word' id='word_1_843' title='bbox 1967 2828 2049 2861; x_wconf 90' lang='lat' dir='ltr'>bene</span> <span class='ocrx_word' id='word_1_844' title='bbox 2076 2827 2229 2866; x_wconf 83' lang='lat' dir='ltr'>moratis,</span> <span class='ocrx_word' id='word_1_845' title='bbox 2258 2827 2323 2860; x_wconf 92' lang='lat' dir='ltr'>hoc</span> 
     </span>
     <span class='ocr_line' id='line_1_103' title="bbox 1268 2887 2323 2932; baseline -0.007 -6"><span class='ocrx_word' id='word_1_846' title='bbox 1268 2894 1329 2931; x_wconf 83' lang='lat' dir='ltr'>est,</span> <span class='ocrx_word' id='word_1_847' title='bbox 1358 2891 1516 2929; x_wconf 83' lang='lat' dir='ltr'>honestis,</span> <span class='ocrx_word' id='word_1_848' title='bbox 1546 2891 1748 2932; x_wconf 85' lang='lat' dir='ltr'>distinguere</span> <span class='ocrx_word' id='word_1_849' title='bbox 1778 2889 1956 2922; x_wconf 87' lang='lat' dir='ltr'>discemus.</span> <span class='ocrx_word' id='word_1_850' title='bbox 1989 2887 2117 2926; x_wconf 86' lang='lat' dir='ltr'>Quodsi</span> <span class='ocrx_word' id='word_1_851' title='bbox 2145 2888 2207 2920; x_wconf 88' lang='lat' dir='ltr'>hoc</span> <span class='ocrx_word' id='word_1_852' title='bbox 2234 2889 2323 2920; x_wconf 85' lang='lat' dir='ltr'>recte</span> 
     </span>
     <span class='ocr_line' id='line_1_104' title="bbox 1267 2942 2322 2987; baseline -0.007 -8"><span class='ocrx_word' id='word_1_853' title='bbox 1267 2947 1401 2984; x_wconf 84' lang='lat' dir='ltr'>dicitur.</span> <span class='ocrx_word' id='word_1_854' title='bbox 1427 2948 1462 2979; x_wconf 90' lang='lat' dir='ltr'>et</span> <span class='ocrx_word' id='word_1_855' title='bbox 1490 2945 1752 2987; x_wconf 84' lang='lat' dir='ltr'>uniuscujusque</span> <span class='ocrx_word' id='word_1_856' title='bbox 1781 2943 1828 2976; x_wconf 90' lang='lat' dir='ltr'>rei</span> <span class='ocrx_word' id='word_1_857' title='bbox 1863 2951 2018 2976; x_wconf 91' lang='lat' dir='ltr'>mensura</span> <span class='ocrx_word' id='word_1_858' title='bbox 2052 2942 2162 2974; x_wconf 86' lang='lat' dir='ltr'>virtus</span> <span class='ocrx_word' id='word_1_859' title='bbox 2200 2943 2262 2981; x_wconf 88' lang='lat' dir='ltr'>est,</span> <span class='ocrx_word' id='word_1_860' title='bbox 2289 2942 2322 2972; x_wconf 92' lang='lat' dir='ltr'>et</span> 
     </span>
     <span class='ocr_line' id='line_1_105' title="bbox 1267 2999 2322 3048; baseline -0.007 -9"><span class='ocrx_word' id='word_1_861' title='bbox 1267 3006 1447 3048; x_wconf 87' lang='lat' dir='ltr'>unicuique</span> <span class='ocrx_word' id='word_1_862' title='bbox 1471 3006 1604 3048; x_wconf 89' lang='lat' dir='ltr'>propter</span> <span class='ocrx_word' id='word_1_863' title='bbox 1621 3004 1782 3037; x_wconf 88' lang='lat' dir='ltr'>virtutem</span> <span class='ocrx_word' id='word_1_864' title='bbox 1812 3003 1885 3036; x_wconf 85' lang='lat' dir='ltr'>viro</span> <span class='ocrx_word' id='word_1_865' title='bbox 1905 3002 1990 3035; x_wconf 93' lang='lat' dir='ltr'>bono</span> <span class='ocrx_word' id='word_1_866' title='bbox 2018 3010 2090 3035; x_wconf 89' lang='lat' dir='ltr'>esse</span> <span class='ocrx_word' id='word_1_867' title='bbox 2116 3001 2203 3039; x_wconf 80' lang='lat' dir='ltr'>licet,</span> <span class='ocrx_word' id='word_1_868' title='bbox 2222 2999 2322 3033; x_wconf 86' lang='lat' dir='ltr'>etiam</span> 
     </span>
     <span class='ocr_line' id='line_1_106' title="bbox 1268 3059 2322 3108; baseline -0.008 -9"><span class='ocrx_word' id='word_1_869' title='bbox 1268 3067 1457 3108; x_wconf 84' lang='lat' dir='ltr'>voluptates</span> <span class='ocrx_word' id='word_1_870' title='bbox 1473 3074 1589 3098; x_wconf 79' lang='lat' dir='ltr'>revera</span> <span class='ocrx_word' id='word_1_871' title='bbox 1604 3066 1703 3098; x_wconf 88' lang='lat' dir='ltr'>erunt</span> <span class='ocrx_word' id='word_1_872' title='bbox 1727 3072 1804 3106; x_wconf 79' lang='lat' dir='ltr'>quae</span> <span class='ocrx_word' id='word_1_873' title='bbox 1831 3063 1956 3096; x_wconf 89' lang='lat' dir='ltr'>homini</span> <span class='ocrx_word' id='word_1_874' title='bbox 1974 3062 2076 3105; x_wconf 92' lang='lat' dir='ltr'>probo</span> <span class='ocrx_word' id='word_1_875' title='bbox 2101 3061 2185 3093; x_wconf 84' lang='lat' dir='ltr'>tales</span> <span class='ocrx_word' id='word_1_876' title='bbox 2206 3059 2322 3092; x_wconf 89' lang='lat' dir='ltr'>viden-</span> 
     </span>
     <span class='ocr_line' id='line_1_107' title="bbox 1267 3117 2321 3167; baseline -0.009 -9"><span class='ocrx_word' id='word_1_877' title='bbox 1267 3128 1333 3164; x_wconf 87' lang='lat' dir='ltr'>tur,</span> <span class='ocrx_word' id='word_1_878' title='bbox 1353 3126 1387 3158; x_wconf 89' lang='lat' dir='ltr'>et</span> <span class='ocrx_word' id='word_1_879' title='bbox 1403 3123 1551 3167; x_wconf 83' lang='lat' dir='ltr'>jucunda</span> <span class='ocrx_word' id='word_1_880' title='bbox 1564 3123 1687 3167; x_wconf 88' lang='lat' dir='ltr'>quibus</span> <span class='ocrx_word' id='word_1_881' title='bbox 1702 3123 1759 3156; x_wconf 87' lang='lat' dir='ltr'>hic</span> <span class='ocrx_word' id='word_1_882' title='bbox 1770 3122 1957 3156; x_wconf 88' lang='lat' dir='ltr'>delectatur</span> <span class='ocrx_word' id='word_1_883' title='bbox 1973 3134 1979 3154; x_wconf 92' lang='lat'>:</span> <span class='ocrx_word' id='word_1_884' title='bbox 1997 3131 2015 3153; x_wconf 88' lang='lat' dir='ltr'>a</span> <span class='ocrx_word' id='word_1_885' title='bbox 2036 3120 2159 3163; x_wconf 84' lang='lat' dir='ltr'>quibus</span> <span class='ocrx_word' id='word_1_886' title='bbox 2176 3127 2254 3150; x_wconf 87' lang='lat' dir='ltr'>vero</span> <span class='ocrx_word' id='word_1_887' title='bbox 2267 3117 2321 3150; x_wconf 89' lang='lat' dir='ltr'>hic</span> 
     </span>
     <span class='ocr_line' id='line_1_108' title="bbox 1267 3178 2316 3227; baseline -0.008 -8"><span class='ocrx_word' id='word_1_888' title='bbox 1267 3186 1438 3223; x_wconf 84' lang='lat' dir='ltr'>abhorret,</span> <span class='ocrx_word' id='word_1_889' title='bbox 1447 3183 1704 3227; x_wconf 84' lang='lat' dir='ltr'>nequejucunda</span> <span class='ocrx_word' id='word_1_890' title='bbox 1711 3182 1829 3216; x_wconf 88' lang='lat' dir='ltr'>merito</span> <span class='ocrx_word' id='word_1_891' title='bbox 1841 3182 1994 3215; x_wconf 88' lang='lat' dir='ltr'>dicantur</span> <span class='ocrx_word' id='word_1_892' title='bbox 2004 3189 2111 3222; x_wconf 86' lang='lat' dir='ltr'>neque</span> <span class='ocrx_word' id='word_1_893' title='bbox 2119 3178 2316 3220; x_wconf 81' lang='lat' dir='ltr'>voluptates.</span> 
     </span>
     <span class='ocr_line' id='line_1_109' title="bbox 1265 3238 2319 3288; baseline -0.009 -9"><span class='ocrx_word' id='word_1_894' title='bbox 1265 3247 1378 3288; x_wconf 87' lang='lat' dir='ltr'>Neque</span> <span class='ocrx_word' id='word_1_895' title='bbox 1402 3254 1482 3278; x_wconf 86' lang='lat' dir='ltr'>vero</span> <span class='ocrx_word' id='word_1_896' title='bbox 1500 3244 1624 3278; x_wconf 91' lang='lat' dir='ltr'>mirum</span> <span class='ocrx_word' id='word_1_897' title='bbox 1646 3243 1802 3286; x_wconf 87' lang='lat' dir='ltr'>cuiquam</span> <span class='ocrx_word' id='word_1_898' title='bbox 1819 3252 1890 3275; x_wconf 85' lang='lat' dir='ltr'>esse</span> <span class='ocrx_word' id='word_1_899' title='bbox 1907 3241 2051 3279; x_wconf 86' lang='lat' dir='ltr'>debebit,</span> <span class='ocrx_word' id='word_1_900' title='bbox 2071 3239 2096 3272; x_wconf 87' lang='lat' dir='ltr'>si</span> <span class='ocrx_word' id='word_1_901' title='bbox 2130 3238 2319 3271; x_wconf 85' lang='lat' dir='ltr'>hominibus</span> 
     </span>
     <span class='ocr_line' id='line_1_110' title="bbox 1265 3297 2316 3346; baseline -0.009 -8"><span class='ocrx_word' id='word_1_902' title='bbox 1265 3303 1432 3346; x_wconf 77' lang='lat' dir='ltr'>corruptis</span> <span class='ocrx_word' id='word_1_903' title='bbox 1443 3304 1515 3337; x_wconf 81' lang='lat' dir='ltr'>haec</span> <span class='ocrx_word' id='word_1_904' title='bbox 1541 3302 1690 3345; x_wconf 83' lang='lat' dir='ltr'>jucunda</span> <span class='ocrx_word' id='word_1_905' title='bbox 1716 3302 1903 3335; x_wconf 90' lang='lat' dir='ltr'>videantur.</span> <span class='ocrx_word' id='word_1_906' title='bbox 1927 3300 2041 3333; x_wconf 85' lang='lat' dir='ltr'>Multae</span> <span class='ocrx_word' id='word_1_907' title='bbox 2058 3298 2145 3331; x_wconf 87' lang='lat' dir='ltr'>enim</span> <span class='ocrx_word' id='word_1_908' title='bbox 2162 3297 2316 3330; x_wconf 87' lang='lat' dir='ltr'>exoriun-</span> 
     </span>
    </p>
   </div>
   <div class='ocr_carea' id='block_1_32' title="bbox 51 3363 2307 3390">
    <p class='ocr_par' dir='ltr' id='par_1_35' title="bbox 51 3363 2307 3390">
     <span class='ocr_line' id='line_1_111' title="bbox 51 3363 2307 3390; baseline -0.001 -23"><span class='ocrx_word' id='word_1_909' title='bbox 51 3363 2307 3390; x_wconf 55' lang='lat'>›.—-——.—-.—.-—-———-——-—————-</span> 
     </span>
    </p>
   </div>
   <div class='ocr_carea' id='block_1_33' title="bbox 187 3409 2195 3463">
    <p class='ocr_par' dir='ltr' id='par_1_36' title="bbox 187 3409 2195 3463">
     <span class='ocr_line' id='line_1_112' title="bbox 187 3409 2195 3463; baseline -0.004 -11"><span class='ocrx_word' id='word_1_910' title='bbox 187 3419 205 3438; x_wconf 87' lang='lat'><strong>*</strong></span> <span class='ocrx_word' id='word_1_911' title='bbox 221 3420 371 3463; x_wconf 83' lang='grc' dir='ltr'>Διαφέρει</span> <span class='ocrx_word' id='word_1_912' title='bbox 389 3421 424 3453; x_wconf 87' lang='grc' dir='ltr'>δὲ</span> <span class='ocrx_word' id='word_1_913' title='bbox 443 3421 463 3459; x_wconf 83' lang='grc' dir='ltr'>ἡ</span> <span class='ocrx_word' id='word_1_914' title='bbox 484 3421 555 3463; x_wconf 83' lang='grc' dir='ltr'>ὄψις</span> <span class='ocrx_word' id='word_1_915' title='bbox 577 3421 647 3453; x_wconf 87' lang='grc' dir='ltr'>κτλ.</span> <span class='ocrx_word' id='word_1_916' title='bbox 669 3436 712 3443; x_wconf 94' lang='lat'>--</span> <span class='ocrx_word' id='word_1_917' title='bbox 734 3419 775 3438; x_wconf 67' lang='lat'>⁴¹*</span> <span class='ocrx_word' id='word_1_918' title='bbox 792 3421 890 3451; x_wconf 86' lang='grc' dir='ltr'>Δοκεῖ</span> <span class='ocrx_word' id='word_1_919' title='bbox 906 3416 935 3451; x_wconf 84' lang='grc' dir='ltr'>δ’</span> <span class='ocrx_word' id='word_1_920' title='bbox 959 3418 1041 3450; x_wconf 77' lang='grc' dir='ltr'>εἶναι</span> <span class='ocrx_word' id='word_1_921' title='bbox 1064 3416 1193 3458; x_wconf 79' lang='grc' dir='ltr'>ἑκάστῳ</span> <span class='ocrx_word' id='word_1_922' title='bbox 1212 3418 1285 3459; x_wconf 82' lang='grc' dir='ltr'>ζῳῳ</span> <span class='ocrx_word' id='word_1_923' title='bbox 1298 3415 1368 3448; x_wconf 89' lang='grc' dir='ltr'>κτλ.</span> <span class='ocrx_word' id='word_1_924' title='bbox 1388 3433 1428 3439; x_wconf 94' lang='grc'>-</span> <span class='ocrx_word' id='word_1_925' title='bbox 1446 3414 1507 3435; x_wconf 61' lang='lat'>*⁴*</span> <span class='ocrx_word' id='word_1_926' title='bbox 1527 3416 1626 3447; x_wconf 86' lang='grc' dir='ltr'>Δοκεῖ</span> <span class='ocrx_word' id='word_1_927' title='bbox 1645 3414 1673 3446; x_wconf 83' lang='grc' dir='ltr'>δ’</span> <span class='ocrx_word' id='word_1_928' title='bbox 1691 3413 1724 3447; x_wconf 83' lang='grc' dir='ltr'>ἐν</span> <span class='ocrx_word' id='word_1_929' title='bbox 1741 3413 1844 3445; x_wconf 81' lang='grc' dir='ltr'>ἅπασι</span> <span class='ocrx_word' id='word_1_930' title='bbox 1861 3415 1930 3448; x_wconf 88' lang='grc' dir='ltr'>τοῖς</span> <span class='ocrx_word' id='word_1_931' title='bbox 1947 3409 2106 3447; x_wconf 76' lang='grc' dir='ltr'>τοιούτοις</span> <span class='ocrx_word' id='word_1_932' title='bbox 2123 3412 2195 3444; x_wconf 87' lang='grc' dir='ltr'>κτλ.</span> 
     </span>
    </p>
   </div>
   <div class='ocr_carea' id='block_1_34' title="bbox 84 3459 145 3521">
    <p class='ocr_par' dir='ltr' id='par_1_37' title="bbox 84 3459 145 3521">
     <span class='ocr_line' id='line_1_113' title="bbox 84 3459 145 3521; baseline 0 0"><span class='ocrx_word' id='word_1_933' title='bbox 84 3459 87 3462; x_wconf 54' lang='grc'>’</span> <span class='ocrx_word' id='word_1_934' title='bbox 135 3485 145 3521; x_wconf 79' lang='grc' dir='ltr'>ι</span> 
     </span>
    </p>
   </div>
  </div>
 </body>
</html>
