2528 3788
85 304 157 359 ,ᾗ
172 300 211 343 a
228 302 444 356 πειραοτυιῷ
468 299 660 354 Εὐθύφρων
672 328 683 348 ,
705 298 831 340 Μένων
843 327 855 347 ,
877 293 983 346 ’,Ιων
1004 296 1148 350 Χαρμί-

29 405 39 410 ,
64 373 77 405 j
95 360 196 413 ᾗς,
203 361 255 416 τῷ
268 358 305 400 δὲ
319 362 512 414 μαιευτικῷ
527 358 770 406 Ἀλκιὸιᾶδης,
786 358 836 410 τῶ
851 355 924 395 δὲ’
905 357 1148 410 ανατρεπτικῷ

0 416 1 447 ³
95 426 115 450 ‘v
207 444 211 451 ι
226 435 265 472 ς,
267 417 510 472 Εὐθύδημος·
504 449 515 469 ,
532 416 693 471 Γοργίας.

0 463 2 512 ³
111 478 365 534 (Scripsi.
385 481 402 502 ⁸
418 494 480 519 του
505 476 694 520 Πλάτωνος
712 488 799 514 cum
819 475 904 514 cod.
927 474 981 525 H,
1001 472 1151 514 Πλάτω·

0 567 10 578 ,-
45 573 47 575 .
102 555 159 587 νος
177 535 414 582 ood.1.'.—
432 536 452 564 ¹²
472 540 492 579 ὃ
513 536 683 588 Τίμαιος,
703 536 753 589 τῷ
774 533 810 574 δὲ
828 536 940 587 ἠθικῷ
971 534 1061 574 cod.
1086 534 1148 584 H;

18 615 27 623 ²
42 586 79 639 ,³
101 601 156 655 τῷ
173 597 210 639 δὲ
226 599 352 661 ἠθικιῗιι
369 598 404 637 ὁ
413 597 571 650 Τίμαιος
579 593 749 634 habebat
768 595 855 635 cod.
884 594 929 634 L.
949 601 1037 632 ante
1061 607 1150 633 cor-

102 659 329 700 rectionem.
343 679 398 690 —
392 658 463 705 “ἡ
478 653 668 707 Ἀπολογία
681 654 768 693 cod.
787 654 842 703 H3
859 651 1044 705 Ἀπολογία
1060 653 1146 695 cod.

15 695 46 738 ἲ·
102 721 147 761 L.
155 703 433 760 -ΰΠολιτιία
451 716 539 757 cod.
561 715 607 765 L;
630 715 750 765 vulgo
769 714 888 752 deest.
905 712 972 765 --)

38 779 49 789 ⁶
135 777 205 825 ς’.
234 777 339 818 Ἐπεὶ
361 769 421 817 οὐν
431 774 705 830 τεθεωρήκαμεν
725 773 789 821 τὴν
813 772 980 827 διαφορὰν
1008 773 1124 812 αὐτῶν
1137 805 1148 823 ,

103 839 152 883 ὣς
176 835 312 892 πέφυκε
329 836 531 892 γίγνεσθαι,
549 835 610 875 καὶ
625 833 704 879 τους
722 836 974 888 χαρακτῆρας,
995 833 1052 873 ἐπὶ
1067 834 1150 874 τού-

74 898 78 901 ’
100 911 173 943 ποις
186 895 371 970 λᾶγωμεν,
381 895 458 936 ἀπὸ
472 895 580 936 ποίων
603 893 773 946 διαλόγων
795 894 845 932 δεῖ
865 892 1114 947 ἂρχομένους’
1098 909 1152 932 εν-

18 978 24 1007 ·‘.
102 955 287 1010 τυγχάνειν
305 971 369 996 του
396 954 591 999 Πλάτωνος
616 953 724 1008 λόγῳ.
781 952 951 1007 Διάφοροι
969 951 1037 1006 γὰρ
1058 953 1153 999 δόξαι

10 1022 11 1025 ’
46 1014 74 1062 ᾗ
92 1014 325 1071 'meus
356 1015 404 1056 Oi
422 1014 485 1068 μὲν
512 1012 580 1067 γὰρ
600 1012 671 1052 ἀπὸ
686 1014 756 1051 τῶν
773 1011 1043 1052 Ἐπιστολων”
1019 1028 1152 1066 αρχον-

23 1067 34 1119 *A
51 1082 183 1125 fiam,
204 1076 238 1116 οἱ
259 1074 298 1115 δέ
313 1090 405 1120 τινες
424 1074 495 1116 ἀπὸ
513 1089 574 1115 του
593 1072 765 1126 Θεάγους.
824 1071 906 1112 Εἰσὶ
926 1071 962 1111 δὲ
977 1070 1012 1111 οἳ
1030 1076 1045 1095 ⁸
1062 1072 1153 1111 κατὰ

23 1158 66 1177 s
98 1131 334 1190 τετραλογίαν
347 1133 518 1179 διελόντες
535 1132 660 1178 αὐτους
678 1132 739 1172 καὶ
758 1131 924 1172 τάττουσι
939 1130 1082 1186 πρώτην
1098 1148 1154 1171 τε-

101 1193 290 1248 τραλογίαν
309 1193 541 1248 περιέχουσαν
567 1192 626 1232 τὸν
647 1191 854 1265 Εὐθύφρονα
879 1192 941 1230 καὶ
964 1190 1028 1239 τὴν
1050 1193 1154 1230 Ἀπο-

54 1275 59 1278 -
102 1253 223 1306 λογίαν
241 1253 374 1294 καὶτὸν
398 1252 563 1307 Κρίτωνα
582 1252 643 1292 καὶ
657 1251 716 1291 τὸν
731 1252 924 1292 Φαίδωνα·
940 1251 999 1290 τὸν
1016 1246 1134 1303 μὲνῗ
1095 1267 1154 1291 ουν

33 1342 39 1351 .
102 1310 334 1365 Εὐθύφρονα,
349 1311 426 1352 ἕπει
443 1311 506 1351 καὶ
525 1306 826 1364 ἄπαγγέλλεταιῙ)
845 1313 895 1363 τῷ
917 1310 1136 1363 Σωκράτει’
1121 1327 1156 1349 εν

44 1371 48 1374 ’
102 1370 200 1424 αὐτῷ
218 1373 244 1419 ἡ
266 1369 369 1417 δίκη·
379 1368 458 1417 τὴν
491 1369 528 1408 δὲ
559 1369 789 1421 Ἀπολογίαν,
819 1368 898 1407 ἐπεὶ
926 1374 941 1392 ‘³
965 1371 1156 1420 ἀναγκαῖον

15 1463 18 1467 .
50 1439 67 1460 ἲν
102 1430 200 1484 αὐτῷ
219 1427 530 1480 ἀπολογήσασθαι·
552 1427 610 1466 ἐπὶ
627 1426 763 1472 τούτοις
782 1426 841 1465 τὸν
862 1425 879 1449 ‘¹
901 1426 1087 1480 Κρίτωνα,
1101 1428 1157 1467 διὰ

16 1495 33 1529 s
102 1487 167 1538 τὴν
197 1490 233 1529 ἐν
259 1490 311 1541 τῷ
332 1486 566 1541 δεσμωτηρίῳ
592 1486 794 1540 διατριὸήν·
823 1484 945 1525 ἔπειτα
974 1485 1031 1525 τὸν
1062 1487 1158 1526 Φαί-

27 1581 30 1585 .
51 1543 83 1574 :2-
103 1548 215 1599 δωνα,
233 1547 310 1588 ἔπει
327 1548 366 1587 ἔν
378 1548 474 1602 αὐτῷ
491 1545 588 1591 τέλος
604 1561 665 1585 του
686 1545 761 1599 βίου
777 1545 954 1596 λαμὸάνει
969 1548 988 1585 ὁ
1010 1545 1160 1598 Σωκρά-

19 1651 21 1653 ,
102 1620 197 1662 της.
236 1606 415 1657 'sudwic‘
430 1609 494 1655 τ’ἥς
515 1605 615 1655 δόξης
637 1606 703 1645 εἶσὶ
725 1606 963 1659 Δερκυλλίδης
980 1605 1041 1645 καὶ
1059 1606 1157 1658 Θρά-

105 1652 248 1725 συλλος.
301 1669 454 1708 Δοκοῧσι
486 1667 531 1706 δέ
552 1682 611 1719 μοι
643 1665 844 1720 προσώποις
864 1667 924 1706 καὶ
950 1666 1036 1720 βίων
1060 1681 1159 1719 περι-

105 1720 271 1769 &deserv
292 1726 505 1776 ἠθεληκέναι
525 1726 622 1773 τάξιν
642 1729 834 1767 ἐπιθεῖναι·
855 1724 877 1764 ὅ
896 1727 971 1765 ἐστι
993 1725 1091 1777 μὲν”
1079 1741 1160 1771 ισως

105 1784 281 1843 {W
299 1786 385 1842 πρὸς
402 1785 490 1826 ἄλλο
509 1802 568 1838 τι,
584 1787 624 1826 οὐ
645 1785 715 1837 μὴν
737 1785 823 1839 πρὸς
843 1785 861 1825 ὃ
882 1785 983 1837 ἡμεῖς
998 1801 1058 1824 νυν
1081 1788 1160 1838 βου-

20 1864 57 1903 ‚s
106 1846 261 1900 λήιοθῖα·
282 1843 486 1900 βουλόμεθα
497 1845 613 1894 δὲτὴν
635 1844 649 1870 ¹
668 1844 782 1898 ἀρχὴν
802 1845 862 1884 καὶ
883 1844 1038 1890 διάταξιν
1058 1845 1160 1883 διδα-

20 1903 63 1955 f
105 1905 254 1952 adh:
277 1907 341 1954 τῆς
357 1903 449 1946 κατὰ
479 1905 604 1958 σοφίαν
629 1907 754 1958 εὑρεῖν.

105 1973 213 2011 wo:
245 1963 352 2016 λόγου
388 1963 438 2016 μὴ
468 1958 557 2003 εἶναι
587 1963 671 2015 μίαν
704 1964 764 2003 καὶ
795 1964 993 2017 ὡρισμένην
1027 1963 1160 2016 ἀρχήν,

814 1904 945 1956 Φαμὲν
973 1898 1031 1944 ουν
1054 1903 1158 1943 Πλά-

106 2110 189 2146 nam
209 2098 371 2152 Timaeus,
398 2110 443 2144 ad
468 2110 626 2143 moralem
646 2110 887 2152 philosophiam
920 2110 1093 2152 Apologia,
1120 2109 1162 2142 ad
1188 2091 1195 2106 '

48 2168 50 2170 ’
108 2169 302 2205 manualem
319 2169 468 2212 ‘rheam
478 2194 487 2210 ‚
503 2169 656 2212 cratylus
669 2195 678 2211 ‚
695 2169 788 2211 Lysis
801 2193 809 2209 ‚
829 2169 982 2211 sophista
992 2195 1000 2211 ,
1014 2169 1160 2211 Laches,

109 2229 278 2264 Ponticus.
321 2227 374 2262 Ad
395 2228 614 2272 redarguendi
632 2228 794 2261 rationem
821 2229 972 2271 spectant
988 2229 1161 2262 Parmeni-

58 2305 63 2311 ν
108 2289 170 2323 dn
196 2290 231 2323 et
253 2289 450 2331 Protagoras
479 2300 489 2321 ι
510 2287 624 2322 Criton
650 2297 731 2321 vero
748 2313 756 2329 ,
776 2288 988 2330 Respublica,
1020 2287 1162 2330 Phaedo,

31 2382 34 2386 ,
107 2347 216 2382 Minoa
227 2372 236 2390 ‚
251 2346 447 2382 convivium
459 2372 470 2388 ‚
483 2348 585 2389 Leges
594 2372 603 2388 ‚
621 2346 776 2389 Epistolae
788 2373 796 2387 ‚
815 2346 978 2389 Epinomis
988 2373 995 2387 ,
1009 2348 1163 2380 Menexe-

0 2403 2 2406 ’
18 2402 23 2410 ’
55 2418 59 2453 J
107 2414 192 2448 nus,
220 2397 417 2450 Clitophon,
441 2405 602 2439 Philebus
634 2406 676 2439 ad
704 2406 913 2448 prudentiam
941 2406 1081 2440 civilem.
1126 2407 1166 2440 In

2 2479 3 2482 =
108 2464 289 2500 imatione
309 2465 486 2499 versantur
503 2464 740 2507 Euthyphron‚
765 2467 878 2506 Meno,
897 2467 959 2499 Jon
972 2491 980 2506 ‚
1011 2466 1164 2500 charmi-

10 2512 15 2548 ’ἶ
107 2524 189 2567 ἀοῦς
202 2513 247 2558 ⁴in
259 2523 453 2559 obstetricia
468 2524 564 2567 quasi
583 2523 787 2558 institutione
802 2524 984 2558 Alcibiades
996 2550 1004 2566 ,
1032 2525 1065 2557 in
1082 2534 1164 2557 eon-

0 2555 21 2641 ‘³
108 2570 435 2635 mflone'fflppiaffi
450 2582 679 2625 Euthydemus
690 2590 703 2623 ,¹
717 2582 866 2624 Gorgias.

13 2648 19 2659 ¹
48 2647 59 2661 ·’
120 2636 123 2638 ’
152 2642 214 2677 VI.
233 2643 416 2686 Postquam
431 2641 545 2686 igitur,
565 2641 672 2685 qualis
690 2642 758 2676 fere
778 2642 822 2675 sit
843 2641 1048 2685 dialogorum
1064 2643 1163 2676 disse·

0 2716 21 2747 1
94 2700 217 2739 ruffin
231 2712 375 2747 qumque
395 2703 529 2738 illorum
552 2713 670 2747 genera
689 2703 755 2738 sint
772 2704 807 2737 et
820 2704 956 2744 sormae,
977 2704 1164 2738 considera·

61 2756 222 2796 ms
234 2785 244 2802 ,
267 2760 404 2804 insuper
420 2769 623 2804 exponamus
636 2785 644 2801 ‚
665 2768 684 2793 a
701 2760 824 2802 quibus
845 2760 982 2803 dialogis
1000 2761 1043 2794 ad
1059 2761 1164 2794 Plato-

2 2847 3 2850 ,
59 2810 169 2854 nii
188 2818 366 2854 lectionem
388 2827 583 2853 accessuros
608 2819 739 2853 initium
758 2819 877 2852 ducere
903 2821 1064 2862 oporteat.
1109 2821 1168 2854 Est

49 2867 90 2914 ’ἵζ’
111 2875 200 2913 nim
219 2877 374 2921 quaedam
403 2878 575 2912 homiuum
597 2878 640 2912 de
659 2878 721 2911 hac
746 2887 782 2911 re
808 2877 981 2912 dissensio.
1026 2878 1167 2917 Quidam

0 2927 5 2952 ³
52 2939 74 2981 js
110 2933 266 2972 ffldioet
279 2935 323 2970 ab
339 2936 505 2979 epistolis,
521 2936 668 2970 nonnulli
693 2946 713 2969 a
731 2936 861 2979 Theage
876 2936 1059 2970 ordiuntur.
1085 2939 1168 2972 Sunt

0 2980 2 2987 ¹
17 2999 19 3002 ⁴
113 2991 216 3029 otim
233 2995 292 3038 qni
312 2995 461 3030 Platonis
477 2995 625 3037 dialogos
640 2996 672 3029 in
694 2996 884 3038 tetralogias
899 2996 1082 3039 digerentes
1098 2998 1163 3040 pri—

0 3050 5 3061 '
47 3042 71 3080 -’
114 3058 206 3091 nm
238 3056 364 3098 ponant
394 3055 505 3098 illam,
535 3064 613 3098 quae
644 3055 931 3098 Euthyphronem‚
962 3056 1166 3100 Apologiam,

52 3119 60 3158 ᾗ,
66 3110 85 3155 [1'
113 3112 281 3150 &nonem
295 3116 331 3148 et
343 3114 545 3149 Phaedonem
563 3115 728 3157 eontinet3
739 3115 1008 3158 Euthyphronem
1020 3116 1167 3159 quidem,

60 3168 65 3178 ”
115 3167 195 3219 qd:
220 3174 387 3208 Socratem
402 3174 437 3208 in
450 3174 506 3216 jus
522 3177 679 3209 vocatum
703 3175 876 3218 perhibet;
897 3174 1103 3218 Apologiam,
1126 3177 1169 3210 ob

62 3259 78 3280 4
115 3233 334 3283 neeessariam
353 3235 514 3269 adversus
533 3234 650 3268 allatas
666 3235 909 3268 criminationes
924 3235 1166 3278 defensionem3

6 3300 7 3303 ’
56 3299 79 3330 ,·’
96 3294 277 3342 :preterea
301 3294 469 3328 Critonem
482 3320 491 3335 ‚
524 3295 661 3337 propter
695 3294 953 3338 disputationem
977 3296 1011 3328 in
1040 3305 1169 3331 carcere

4 3363 11 3378 ³*
59 3363 71 3396 j
116 3350 287 3395 habitam3
314 3353 433 3387 deinde
459 3353 679 3395 Phaedonem,
709 3355 787 3397 quia
814 3354 847 3387 in
867 3355 924 3387 illo
953 3356 1103 3389 Socrates
1128 3356 1170 3389 ad

6 3451 7 3454 Ἰ
95 3427 98 3429 >
118 3409 200 3447 vitas
216 3411 340 3446 exitum
354 3414 502 3446 vocatur.
547 3412 655 3455 HuJus
671 3414 804 3456 quidem
822 3414 992 3448 sententiae
1014 3415 1170 3457 Det-cylli-

10 3495 12 3498 >
59 3474 62 3476 ’
119 3454 272 3504 ducunt
296 3471 330 3504 et
350 3469 560 3512 Thrasyllus,
583 3471 640 3512 qui
660 3472 741 3505 mihi
764 3482 918 3515 personas
931 3474 1085 3508 videntur
1107 3486 1168 3509 va-

905 206 1081 248 ALBINI
1108 205 1443 248 FRAGMENTA.

2200 208 2254 248 25

1210 294 1361 336 ἐοικέναι
1381 296 1449 350 γὰρ
1470 296 1574 335 αὐτὸν
1605 298 1736 336 τέλειόν
1757 296 1842 337 ὄντα
1868 296 1990 352 τελείῳ
2011 298 2172 351 σχήματι
2191 298 2258 338 κύ-

1209 358 1309 397 κλου.
1368 355 1513 410 Ὥσπερ
1545 349 1603 395 ουν
1637 356 1766 396 κύκλου
1796 356 1860 408 μία
1893 356 1954 396 καὶ
1985 357 2164 412 ὡρισμένη
2197 359 2259 399 οὐκ

1210 414 1302 454 ἔστιν
1323 414 1439 469 ἀρχή,
1461 413 1569 459 οὕτως
1587 413 1664 454 οὐδὲ
1681 431 1741 455 του
1759 415 1863 468 λόγου
1878 421 1906 456 Β.

1265 476 1428 529 (Scripsi
1449 491 1457 513 z
1475 474 1541 514 ὀἳ
1561 489 1649 514 cum
1666 478 1753 517 cod.
1775 476 1826 524 L;
1844 477 1963 527 vulgo
1983 479 2025 518 οἱ.
2045 477 2164 508 -h
2144 494 2261 532 απαγ-

1211 535 1373 588 γέλλεται
1408 535 1492 573 cod.
1523 534 1576 584 L;
1610 535 1730 586 vulgo
1763 536 2030 589 ἐπαγγέλλεται.
2065 561 2118 568 -
2143 543 2159 563 ⁰
2187 540 2264 579 ἐπεὶ

1212 596 1298 638 cod.
1325 596 1384 646 Η,
1414 593 1535 642 ἐπειδὴ
1568 595 1655 635 cod.
1687 595 1732 633 L.
1755 617 1808 626 —
1835 595 1852 620 ¹¹
1875 597 2184 649 ἀπολογήσασθαι·
2206 601 2264 640 ἐπὶ

1211 655 1344 700 τούτοις
1363 654 1421 694 τὸν
1446 653 1608 707 Κρίτωνα
1638 655 1724 693 cod.
1747 654 1806 704 L;
1828 656 1950 708 vulgo
1976 658 2265 711 ἀπολογήσασθαι

1213 715 1272 754 ἐπὶ
1291 715 1437 760 τούτοις.
1493 714 1566 754 Τὸν
1585 714 1764 767 Κρίτωνα.
1784 737 1837 747 -
1851 720 1867 738 ⁶
1883 715 2014 765 ταύτης
2027 720 2089 766 τῆς
2105 721 2193 759 cod.
2211 720 2262 767 L;

1213 778 1274 823 τῆς
1298 775 1384 815 cod.
1406 775 1452 813 H.
1474 796 1525 803 —-
1542 772 1554 796 ‘
1577 773 1771 826 βουλόμεθα
1799 776 1834 815 δὲ
1856 775 1918 823 τὴν
1938 777 2027 817 cod.
2048 778 2103 827 H3
2121 777 2157 817 δὲ
2177 781 2263 820 cod.

1213 835 1256 874 L.
1271 857 1324 866 —
1337 839 1355 865 8
1370 837 1430 874 τοῦ
1450 832 1554 885 λόγου
1575 833 1661 872 cod.
1677 832 1732 882 L;
1752 833 1810 872 διὰ
1824 838 1884 873 τοῦ
1902 835 2009 888 λόγου
2025 838 2160 889 vulgo.
2183 860 2237 869 —-
2252 840 2266 892 )

1268 894 1313 941 ζ’.
1346 894 1400 934 Οὐ
1422 892 1491 944 μὴν
1514 892 1573 931 διὰ
1597 897 1700 932 τοῦτο
1723 894 1882 933 ὁπωσοῦν
1903 895 1963 934 καὶ
1986 898 2032 941 ὡς
2061 896 2183 950 ἔτυχεν
2205 900 2266 937 ἐν-

1213 953 1404 1005 τευξόμεθα
1435 954 1545 1006 αὐτῶ.
1605 952 1699 991 Οὐδὲ
1719 952 1788 1006 γὰρ
1818 955 1848 992 εἷ
1869 954 1939 993 δέοι
1969 955 2096 995 κύκλον
2123 958 2269 1011 γράφειν

1214 1015 1274 1068 ἀφ’
1295 1015 1527 1053 οὓτινοσοῦν“’
1520 1012 1691 1088 σημείου
1713 1012 1907 1066 ἂρχόμενός
1924 1030 1974 1059 τις
1994 1016 2120 1069 γράφει
2137 1018 2194 1056 τὸν
2212 1019 2270 1057 κύ

1213 1077 1318 1124 κλον,
1330 1075 1409 1112 ἀλλ’
1427 1075 1487 1127 ἀφ
1503 1071 1577 1111 οὗ
1559 1088 1600 1111 αν
1619 1071 1685 1125 ἔχῃ
1704 1073 1942 1126 εὐχερέστατα
1955 1075 2041 1127 πρὸς
2057 1076 2095 1114 τὸ
2110 1078 2268 1132 γράφειν.

1215 1133 1340 1178 Ουτως
1357 1133 1394 1172 οὐ
1415 1131 1506 1172 κατὰ
1523 1131 1667 1184 τύχην“’
1680 1132 1784 1179 ,ἀλλ’
1814 1134 1874 1186 ἀφ’
1890 1133 1963 1180 ἡς
1946 1150 1986 1172 αν
2003 1134 2150 1180 ἕκαστος
2170 1140 2270 1188 ἡμῶν

1217 1193 1372 1246 σχέσεως
1399 1191 1464 1244 ἔχῃ
1485 1190 1572 1244 πρὸς
1591 1192 1648 1229 τὸν
1674 1189 1799 1242 λόγον,
1821 1192 2049 1244 ἁρχόμενοςθ
2079 1195 2273 1241 ἒντεύξεται

1218 1258 1288 1298 τοῖς
1305 1251 1488 1302 διαλόγοις.
1547 1250 1695 1303 Σχέσεις
1715 1249 1752 1290 δὲ
1771 1251 1912 1296 πλείους
1931 1252 1991 1291 καὶ
2009 1253 2168 1307 διάφοροί
2187 1257 2273 1294 εἰσιν

1217 1314 1318 1363 ἡμων
1338 1311 1423 1365 πρὸς
1445 1311 1504 1350 τὸν
1524 1310 1642 1362 λόγον.
1700 1309 1746 1349 Ἡ
1769 1309 1831 1362 μὲν
1862 1311 1930 1365 γάρ
1954 1313 2029 1351 ἐστι
2057 1314 2150 1352 κατὰ
2173 1315 2274 1368 φύσιν

1217 1366 1287 1412 οἷον
1307 1371 1436 1425 εὐφυής
1449 1400 1460 1418 ,
1476 1369 1608 1425 ἀφυης·
1625 1372 1647 1417 ἡ
1668 1368 1704 1408 δὲ
1722 1369 1814 1408 κατὰ
1831 1369 1895 1417 τὴν
1910 1371 2072 1423 ἡλικίαν,
2090 1366 2203 1412 οῖον“’
2178 1391 2273 1428 ωραν

1220 1431 1311 1485 ἔχων
1327 1447 1387 1471 του
1407 1432 1608 1485 φιλοσοφεῖν
1624 1429 1647 1477 ἢ
1662 1429 1918 1482 παρηὸηκώς(1
1927 1434 1974 1480 ·ἡ
1992 1431 2027 1471 δὲ
2048 1432 2140 1473 κατὰ
2155 1435 2277 1488 προαί-

1221 1506 1340 1544 ρεσιν,
1357 1484 1427 1530 οἷον
1450 1489 1655 1543 φιλοσοφίας
1678 1488 1702 1536 ἢ
1722 1488 1913 1542 ιστορίαςθ
1936 1490 2059 1531 ἕνεκα·
2076 1495 2098 1539 ἡ
2128 1492 2163 1531 δὲ
2184 1494 2276 1532 κατὰ

1225 1549 1340 1598 ἕξινῗ,
1357 1543 1428 1588 οἷον
1443 1548 1757 1601 προτετελεσμένος
1771 1546 1793 1594 ἢ
1810 1549 1949 1598 ἅμαθης
1962 1554 1998 1580 8·
2014 1553 2035 1598 ἡ
2052 1550 2087 1589 δὲ
2106 1553 2198 1591 κατὰ
2212 1553 2275 1600 τὴν

1222 1608 1336 1659 ὕλην,
1355 1601 1425 1646 οἷον
1449 1608 1650 1659 ἐνασχολῶν
1671 1606 1860 1661 φιλοσοφίᾳ
1878 1607 1901 1656 ἢ
1922 1609 2224 1663 ’τιεριελκόμενοςι
2210 1612 2278 1651 υπὸ

1220 1670 1290 1706 τῶν
1311 1666 1554 1720 περιστάσεων
1574 1667 1604 1704 ¹¹.

1279 1726 1455 1779 (Scripsi
1491 1740 1499 1763 :
1523 1730 1539 1748 ⁸
1559 1728 1757 1765 οὑτινοσοῦν
1780 1740 1866 1765 cum
1888 1728 1973 1769 cod
1996 1729 2049 1777 L;
2061 1729 2199 1775 οὔτινος
2219 1737 2276 1771 οὐν

1223 1787 1308 1826 cod.
1338 1786 1384 1823 Η.
1413 1807 1467 1814 -
1484 1784 1603 1823 ὓάλλ’
1624 1784 1683 1838 (ἐφ’
1706 1779 1745 1823 ου
1775 1784 1817 1824 αν
1844 1785 1910 1860 ἔχῃ
1933 1788 2171 1841 εὐχερέστατα
2194 1791 2279 1844 πρὸς

1222 1845 1261 1884 τὸ
1280 1844 1444 1899 γράφειν.
1503 1842 1627 1889 Οὕτως
1653 1845 1692 1884 οὐ
1714 1844 1807 1884 κατὰ
1839 1847 1950 1900 τύχην
1971 1848 2129 1897 addidi;
2161 1852 2279 1902 vulgo

1224 1906 1303 1943 haec
1324 1903 1610 1943 desiderantur
1631 1926 1687 1935 -
1707 1908 1722 1928 ⁰
1744 1903 1869 1956 λόγον,
1889 1906 2081 1959 ἀρχόμενος
2102 1880 2187 1950 c'od.
2220 1911 2277 1961 il;

1222 1963 1322 2017 λόγον
1354 1963 1545 2016 ἀρχόμενος
1565 1964 1653 2004 cod.
1686 1963 1731 2004 L.
1760 1987 1814 1994 —
1830 1965 1847 1989 ‘¹
1869 1966 2087 2018 παρηὸηκώς
2107 1970 2190 2009 cod.
2221 1970 2278 2016 L;

1224 2113 1356 2154 riosque
1388 2112 1466 2146 vitae
1489 2117 1628 2146 eventus
1656 2115 1807 2148 ordinare
1825 2115 1989 2157 voluisse,
2013 2118 2104 2160 quod
2129 2121 2172 2154 ad
2191 2121 2279 2154 aliud

1223 2174 1304 2217 quid
1321 2175 1462 2209 fortasse
1476 2176 1629 2218 prodest,
1646 2176 1706 2210 sed
1720 2177 1801 2210 nihil
1819 2178 1899 2212 facit
1918 2179 1960 2212 ad
1985 2180 2048 2214 hoc
2062 2182 2151 2223 quod
2173 2192 2232 2216 nos
2248 2185 2282 2217 in

1223 2237 1378 2279 praesenti
1394 2237 1585 2279 quaerimus.
1630 2240 1725 2272 Nunc
1738 2239 1823 2272 enim
1841 2240 1971 2274 initium
1984 2243 2020 2275 et
2042 2243 2189 2277 ordinem
2209 2246 2280 2279 dis—

1224 2295 1371 2338 ciplinae,
1394 2306 1470 2338 quae
1496 2297 1531 2330 in
1559 2298 1719 2340 sapientia
1738 2301 1901 2342 versatur,
1928 2301 2075 2336 invenire
2094 2305 2280 2343 studemus.

1226 2359 1432 2401 Quapropter
1456 2359 1660 2393 affirmamus
1683 2369 1872 2395 sermonum
1900 2363 2147 2400 Platonicorum
2179 2377 2281 2401 unum

1225 2420 1465 2464 definitumque
1481 2422 1611 2456 initium
1629 2432 1694 2457 non
1710 2433 1783 2458 esse
1794 2449 1802 2465 ,
1820 2425 1880 2459 sed
1891 2425 1981 2468 ipsos
1993 2436 2053 2470 per
2067 2437 2105 2462 se
2120 2431 2282 2471 perfectos

1224 2485 1343 2528 integri
1371 2486 1572 2529 perfectique
1601 2487 1716 2521 circuli
1745 2488 1860 2531 figuras
1890 2499 1963 2524 esse
1996 2492 2191 2528 simillimos
2236 2498 2280 2530 Ut

1225 2548 1324 2591 igitur
1346 2549 1461 2583 circuli
1476 2550 1605 2585 nullum
1623 2553 1751 2586 certum
1768 2561 1808 2585 ac
1819 2552 1992 2588 delinitum
2008 2557 2059 2589 est
2072 2557 2280 2601 principium,

1225 2608 1272 2641 ita
1291 2617 1353 2641 nec
1375 2618 1564 2644 sermonum
1579 2610 1649 2644 sive
1668 2610 1872 2654 dialogorum
1898 2614 2152 2650 Platonicorum.

1270 2674 1344 2706 VII.
1367 2673 1481 2715 Neque
1494 2673 1605 2706 tamen
1630 2675 1805 2718 propterea
1822 2678 1993 2719 utcunque
2010 2687 2048 2711 ac
2066 2681 2188 2713 temere
2210 2682 2282 2714 illo-

1227 2742 1300 2766 rum
1327 2731 1500 2765 lectionem
1534 2733 1790 2776 auspicabimur.
1835 2737 1948 2778 Neque
1977 2738 2064 2770 enim
2093 2739 2282 2781 quisquam,

1228 2794 1257 2828 si
1272 2794 1430 2827 circulum
1444 2793 1542 2828 scribi
1556 2797 1716 2838 oporteat,
1725 2805 1745 2830 a
1757 2797 1906 2839 quolibet
1923 2801 2045 2840 puncto
2061 2809 2156 2834 orsus
2170 2803 2284 2837 orbem

1227 2855 1347 2898 ducat,
1364 2857 1421 2891 sed
1438 2857 1481 2891 ab
1494 2866 1533 2891 eo
1550 2866 1569 2891 a
1590 2867 1657 2900 quo
1675 2859 1716 2892 ad
1734 2859 1923 2893 ducendum
1942 2863 2208 2904 promptissimus
2228 2866 2283 2900 sit.

1228 2918 1280 2951 Sic
1294 2927 1359 2951 non
1374 2918 1458 2952 sorte
1477 2919 1610 2953 fortuna
1627 2919 1707 2962 ,sed
1724 2921 1762 2954 ut
1786 2913 1931 2964 quisque
1951 2921 2054 2956 libros
2068 2923 2168 2959 hosce
2181 2925 2283 2960 lectu-

1228 2991 1286 3016 rus
1300 2982 1439 3016 arrectus
1462 2983 1545 3026 erit,
1567 2984 1613 3017 ita
1635 2984 1678 3017 ad
1703 2984 1786 3018 alios
1804 2994 1937 3028 quoque
1960 2986 2109 3030 dialogos
2128 2989 2284 3030 legendos

1228 3045 1372 3088 primum
1395 3055 1432 3080 se
1453 3045 1613 3090 conseret.
1659 3048 1784 3081 Verum
1814 3049 1854 3082 ad
1889 3049 2094 3092 dialogorum
2124 3053 2282 3087 rationem

1229 3108 1361 3142 habitus
1387 3109 1493 3144 nostri
1515 3111 1627 3153 plures
1652 3112 1730 3144 sunt
1745 3119 1784 3145 ac
1807 3111 1941 3145 diversi.
1987 3112 2153 3148 Differunt
2173 3121 2284 3152 autem

1229 3170 1315 3205 inter
1332 3181 1368 3206 se
1387 3172 1441 3206 alii
1459 3175 1577 3207 natura
1592 3200 1599 3215 ‚
1623 3176 1662 3207 ut
1679 3174 1840 3218 ingeniosi
1858 3177 1892 3210 et
1917 3175 2074 3217 hebetes3
2093 3178 2146 3211 alii
2166 3181 2281 3220 aetate,

1229 3235 1267 3267 ut
1285 3234 1452 3277 sapientiae
1478 3236 1599 3270 studiis
1620 3237 1742 3270 maturi
1763 3239 1822 3271 aut
1843 3238 1973 3281 longius
1990 3241 2088 3274 aetate
2116 3242 2282 3283 provectu

1231 3297 1285 3330 alii
1306 3297 1459 3332 instituto
1472 3324 1480 3339 ‚
1497 3300 1536 3332 ut
1558 3300 1618 3342 qui
1633 3300 1877 3344 philosophiam
1896 3302 2030 3336 discunt
2045 3305 2104 3337 aut
2122 3303 2155 3335 in
2176 3303 2283 3336 histo-

1230 3358 1278 3392 ria
1302 3361 1529 3402 cognoscenda
1545 3364 1738 3403 versantur3
1766 3364 1820 3398 alii
1841 3364 2015 3407 facultate,
2032 3368 2069 3398 ut
2085 3365 2207 3399 eruditi
2225 3368 2281 3399 aut

1233 3417 1408 3460 ineruditi·,
1429 3419 1486 3453 alii
1500 3421 1638 3454 materia
1649 3446 1659 3463 ,
1683 3423 1722 3455 ut
1740 3422 1957 3466 philosophiae
1975 3424 2114 3458 studiosi
2131 3425 2189 3458 aut
2206 3434 2284 3458 cura

1233 3487 1366 3519 rerum,
1388 3488 1463 3522 quae
1480 3480 1653 3523 incidunt,
1674 3481 1825 3517 districti.
