2528 3788
268 747 423 792 tequam
451 739 499 778 ad
528 738 807 791 Peripateticos
833 747 1095 785 transeamus,
1126 736 1192 775 Se-

136 843 137 846 *
165 840 169 841 ⁷
224 797 259 848 ⁸,
281 797 397 836 Attici
429 806 468 837 et
486 797 663 837 Numenii
694 797 910 848 fragmenta
939 796 1138 846 recognita
1158 804 1196 835 et

113 893 114 896 ,
135 866 214 915 fg„
233 887 235 891 ·
258 876 261 879 ⁴
289 869 406 896 versa
430 857 495 896 hic
519 869 740 910 proponere
769 855 1062 895 destinavimus.
1083 858 1195 894 Seve=

241 916 400 970 quando
429 917 574 956 vixerit
588 945 599 964 ,
640 930 720 955 non
746 916 934 965 traditur-3
968 929 1056 954 nam
1090 916 1195 966 quod

234 974 333 1019 nulli
349 975 522 1014 secundo
541 984 629 1027 post
647 973 741 1016 Chr.
765 988 806 1015 n.
840 975 980 1014 saeculo
1002 987 1090 1013 eum
1119 974 1195 1012 flo-

139 1033 278 1085 m
305 1034 600 1083 existimarunt,
637 1048 683 1073 ea
710 1033 835 1073 libera
865 1043 924 1073 est
957 1033 1193 1086 conjectura

103 1130 107 1132 ,
131 1126 135 1127 ⁷
257 1106 352 1135 vero
375 1094 619 1147 Porphyrius
642 1094 727 1146 (1)
717 1108 758 1132 m
776 1094 858 1133 vita
875 1093 1021 1132 Plotini
1042 1107 1126 1145 cap.
1150 1100 1194 1140 14

98 1134 130 1194 ⁴2³}
126 1151 315 1197 matur
332 1153 520 1196 Plotino
510 1167 552 1192 in
574 1154 719 1192 scholis
739 1153 861 1192 lectos
880 1166 965 1192 esse
991 1166 1192 1192 commenae

142 1213 270 1265 ‘iarios
288 1213 442 1260 Severi,
465 1213 618 1263 (ironii,
638 1213 833 1262 Numenii,
851 1212 956 1264 Caji,
980 1213 1095 1251 Attici
1111 1213 1196 1264 phi·

103 1279 104 1282 ’
133 1271 416 1325 Iosophorum
451 1273 743 1312 Platonicorum
771 1287 780 1311 ε
803 1273 894 1311 item
918 1269 1195 1324 Peripatetico-

152 1344 242 1372 rum
262 1331 436 1385 Aspasii,
458 1331 688 1379 Alexandri,
711 1331 866 1370 Adrasti
890 1339 928 1370 et
947 1339 1197 1382 quotcunque

154 1390 256 1431 forte
283 1391 489 1431 inciderint
516 1391 674 1442 scripta.
698 1390 859 1430 Videtur
878 1400 1006 1430 autem
1030 1390 1197 1429 Severus

153 1450 288 1519 plures
333 1450 458 1491 libros
486 1451 710 1490 confecisse.
746 1452 801 1489 Ac
837 1451 1005 1503 primum
1041 1450 1197 1502 quidem

153 1509 255 1549 inter
290 1509 427 1549 Tim³ei
457 1509 648 1549 Platonici
687 1510 918 1562 interpretes
958 1509 1050 1558 fuit,
1085 1509 1198 1561 cujus

153 1571 282 1608 tamen
300 1570 547 1622 prooemium
568 1569 765 1621 explicare
786 1569 1015 1620 dedignatus
1047 1577 1105 1608 est
1125 1568 1194 1621 (2).

153 1624 200 1667 Ιιι
217 1628 460 1680 exponendis
480 1627 614 1667 verbis
636 1627 845 1666 Platonicis
861 1641 949 1680 pag.
970 1642 1036 1677 27.
1061 1629 1109 1667 D.
1129 1628 1196 1680 (cf.

96 1727 115 1740 ,ἱ
107 1684 298 1729 Philas.
319 1687 391 1728 Gr.
427 1687 579 1739 Fragm.
603 1687 685 1726 vol.
714 1687 768 1737 Π,
798 1701 885 1738 pag.
923 1687 1023 1739 157)
1044 1688 1078 1726 τί
1100 1687 1139 1726 τὸ
1161 1687 1198 1726 ὃν

148 1744 227 1798 ἅιί,
246 1749 382 1800 γένεσιν
399 1745 440 1785 δὲ
472 1746 535 1784 οὐκ
555 1743 658 1799 ἔχον,
681 1745 742 1784 καὶ
773 1745 809 1784 τί
839 1745 880 1784 τὸ
901 1745 1106 1798 γιγνόμενον
1135 1745 1198 1797 μὲν

139 1802 230 1855 ,hij
245 1803 284 1844 ὃν
305 1805 342 1845 δὲ
360 1803 548 1854 οὖδὲποτε;
574 1804 666 1856 Jure
695 1804 745 1844 ab
765 1818 812 1844 eo
835 1804 1016 1843 dissentit
1034 1805 1198 1843 Procius

149 1862 193 1907 in
210 1863 401 1904 'rimaeum
419 1877 461 1917 p.
493 1877 556 1913 7⁰·
569 1877 606 1903 a.
627 1863 686 1916 [p.
713 1865 785 1902 163
808 1865 870 1902 ed.
895 1863 1126 1915 Schneider]
1146 1864 1199 1902 ita

146 1923 328 1971 -jcribens
347 1939 357 1963 ι
378 1925 410 1964 οἳ
430 1923 494 1975 μὲν
521 1923 638 1963 πάντα
655 1923 701 1963 τὰ
720 1924 804 1964 ὄντα
824 1926 984 1963 ὁπωσοῦν
998 1953 1008 1972 ,
1032 1923 1101 1963 εἴτε
1122 1939 1198 1962 πα-

79 1979 134 1995 ’ἱ
148 1982 430 2037 ραδιιγματικῶς
449 1982 519 2022 εἴτε
537 1983 735 2031 εἷκονικῶς,
760 1983 888 2036 ἔφαντο
909 1983 966 2022 διὰ
984 1983 1116 2031 ταύτης
1128 1999 1197 2023 πα-

141 2041 445 2096 Ῑραλαμὸάνεσθαι
465 2044 527 2090 τῆς
546 2041 775 2094 διακρίσεως,
797 2044 828 2081 οἱ
849 2041 886 2081 δὲ
918 2043 956 2082 οὐ
977 2042 1091 2082 πάντα
1106 2073 1116 2091 ,
1138 2044 1199 2083 καὶ

74 2096 220 2144 ’ίτῶν
251 2101 428 2155 ὄξηγητῶν
458 2101 655 2154 ἀντιλογίαι
676 2101 765 2155 πρὸς
794 2102 967 2150 ἀλλήλους
987 2103 1051 2141 οὔκ
1082 2102 1199 2156 ὀλίγαι

149 2160 232 2214 περὶ
257 2162 382 2201 τοῖτου
404 2159 613 2214 γεγόνασιν·
644 2161 747 2211 ἡμεῖς
779 2161 815 2200 δὲ
849 2162 912 2200 οὐκ
943 2160 983 2199 ἂν
1014 2161 1197 2213 γνοίημεν,

81 2215 98 2256 f*
151 2219 311 2275 ποτέρως
329 2219 503 2275 προσήκει
521 2219 659 2273 λέγειν,
682 2221 712 2259 εἰ
734 2220 783 2271 μὴ
805 2222 875 2259 τῶν
902 2219 1028 2265 λέξεων
1045 2221 1198 2270 ἑκάστην

80 2287 90 2326 ’ζζ
150 2279 262 2330 αὖτὴν
282 2282 360 2321 καθ’
381 2279 491 2328 αὑτὴν
512 2279 759 2331 ἐξετάσωμεν.
794 2279 890 2334 Φερε
921 2284 1001 2330 οὐν,
1022 2280 1057 2326 ἐξ
1087 2283 1199 2334 ἀρχῆς

150 2338 304 2381 ἕκαστον
337 2342 407 2379 των
429 2339 598 2394 ῥημάτων
622 2340 733 2415 ἐξ
707 2342 832 2379 ἑαυτοῦ
855 2340 932 2380 τίνα
952 2340 1144 2410 δύναμιν”
1125 2357 1198 2393 εχει

138 2398 443 2449 ,ᾈατανοήσωμει
463 2400 613 2452 Πρῶτον
626 2413 686 2439 ουν
703 2398 741 2438 τὸ
760 2398 795 2438 τί
816 2399 979 2452 βούλεται
999 2399 1041 2451 μὲ
1044 2414 1061 2437 ν
1082 2401 1196 2452 ὁρικὸν

83 2452 125 2512 2²·
151 2450 261 2502 εἶναι·
279 2457 320 2499 τὸ
353 2457 423 2512 γὰρ
456 2457 490 2497 τί
523 2458 617 2498 ἐστιν
651 2459 685 2497 ἐν
707 2464 779 2503 τοίς
806 2461 965 2511 ὁρισμοῖς
991 2458 1197 2511 προτάττειν

82 2518 349 2622 ῖιῖὤθαμεν,
370 2517 432 2560 καὶ
450 2517 532 2571 οὖχὶ
565 2517 664 2570 γένος
688 2516 804 2566 ἐστίν,
839 2522 886 2562 ὥς
908 2517 1019 2557 οἴεται
1043 2518 1199 2572 Σεὸηρος

104 2576 169 2623 ’ὅ
186 2576 437 2626 Πλατωνικός,
453 2576 565 2629 λέγων
585 2581 646 2617 τοῦ
668 2576 766 2622 ὄντος
785 2577 846 2616 καὶ
864 2577 1070 2630 γιγνομένου
1097 2582 1198 2618 τοῦτο

226 2651 239 2675 ι
256 2636 352 2691 γένος
373 2635 413 2676 τὸ
431 2636 495 2685 τί,
519 2636 758 2688 σημαίνεσθαι
779 2635 850 2676 δὲε
836 2639 896 2675 υπ’
918 2639 1023 2676 αὐτοῦ
1043 2637 1083 2676 τὸ
1102 2645 1194 2677 πᾶν·

255 2695 327 2752 γὰρ
342 2696 385 2737 ἂν
406 2696 467 2737 καὶ
485 2696 527 2736 τὸ
543 2696 750 2750 γιγνόμενον
769 2695 823 2744 εἴη
842 2702 913 2736 πᾶν
931 2696 993 2736 καὶ
1011 2697 1050 2736 τὸ
1071 2697 1125 2736 ἀεὶ
1144 2697 1191 2737 ὅν·

121 2754 298 2810 νθᾶπορίαν
318 2755 388 2809 μὴν
410 2757 550 2809 ἐμποιεῖ
568 2756 701 2805 ταύτην
714 2787 724 2805 ,
743 2756 788 2805 ἣν
807 2756 868 2796 καὶ
897 2762 968 2801 τοῖς
988 2757 1056 2810 πρὸ
1075 2760 1196 2808 ἡμῶν,

202 2813 247 2864 δή
265 2824 352 2856 ποτε
369 2814 420 2867 μὴ
439 2816 509 2869 πρὸ
527 2819 588 2856 τοῦ
611 2815 645 2855 τί
666 2818 759 2855 ἐστιν
780 2816 835 2856 ὅτι
857 2815 930 2854 ἔστι
952 2815 1194 2868 παραδέδωκε.

194 2886 218 2908 «ἓ
278 2875 350 2930 ’γὰρ
372 2877 475 2924 δῆλον
488 2907 499 2924 ,
517 2875 571 2915 ὅτι
587 2875 662 2916 ἔστι
681 2875 721 2915 τὸ
742 2874 797 2915 ἀεὶ
818 2874 875 2924 ὅν;
898 2877 1015 2914 Τοῦτο
1036 2873 1073 2912 δὲ
1093 2876 1111 2912 6
1127 2877 1196 2914 τῶν

148 2931 404 2977 ἶποδεικτικῶν
427 2935 592 2989 βούλεται
610 2935 742 2987 νόμος,
765 2934 796 2974 τί
814 2937 907 2973 ἐστιν
923 2936 940 2972 6
959 2932 1114 2974 Πλάτων
1126 2962 1137 2982 ,
1160 2935 1194 2972 ἐν

219 2993 260 3034 τὸ
279 2996 310 3034 εἰ
329 2994 432 3044 ἔστι,
453 2995 522 3049 πρὸ
552 3000 613 3036 τοῦ
633 2996 674 3035 τὸ
695 2995 728 3035 τί
748 2997 841 3034 ἔστιν
873 2994 958 3033 αὐτὸ
987 2998 1091 3033 τοῦτο
1113 3009 1196 3033 σκο-

193 3058 231 3095 ‘iv'
261 3055 378 3107 [add.
400 3056 497 3108 δεῖ].
534 3055 682 3104 Ῥητέον
711 3049 796 3107 ουν,
831 3054 884 3094 ὅτι
915 3053 1011 3107 τάγα
1044 3052 1106 3105 μὲν
1134 3055 1197 3094 οὐκ

87 3138 146 3174 *³:52³
205 3115 249 3162 θη
267 3117 368 3154 τοῦτο
386 3115 520 3155 δεῖσθαι
538 3131 599 3163 της
615 3115 699 3169 παρ’
721 3117 845 3154 ἑαυτοῦ
860 3129 1082 3161 κατασκευης
1100 3114 1119 3152 6
1134 3114 1196 3153 Τί-

87 3166 138 3204 ³·ss
148 3185 252 3225 μιος
269 3174 348 3214 κτλ.
372 3174 477 3214 [dem
495 3186 702 3229 perperam
715 3174 912 3227 judicasse
929 3174 1116 3213 Severum
1137 3173 1196 3212 di-

221 3232 271 3274 de
288 3234 364 3274 hoc
382 3233 558 3286 ejusdem
585 3234 790 3288 scriptmis
809 3234 898 3272 loco
929 3247 1017 3286 pag.
1045 3240 1110 3273 28.
1147 3235 1194 3273 A.

2 1243 102 1619 i

129 414 310 530 22:11⁴:
387 416 895 537 SEVERO,
982 412 1419 508 ATTICO
1492 392 1641 507 ET
1713 418 2294 515 NUMENIO.

1257 737 1343 788 (Cf.
1368 737 1515 779 Philus.
1542 738 1613 779 Gr.
1651 739 1801 791 F·.1ag1n
1834 743 1915 780 vol.
1943 742 1988 787 ll,
2027 756 2112 794 pag.
2135 744 2204 792 ¹57
2223 742 2305 796 )τὸ

1257 795 1319 846 μὲν
1351 795 1393 843 δὴ
1420 797 1537 849 νοήσει
1559 798 1648 847 μετὰ
1678 799 1781 852 λόγου
1806 801 2020 854 περιληπτὸν
2044 802 2099 841 ἀει
2130 802 2223 841 κατὰ
2256 803 2301 841 τὰ

1257 854 1344 893 αὐτὰ
1365 855 1424 905 ὄν,
1446 855 1486 894 τὸ
1506 856 1535 894 δ’
1553 861 1597 895 αὐ
1623 856 1702 910 δόξῃ
1725 875 1791 909 μετ
1823 860 2020 908 αἰσθήσεως
2045 860 2174 909 ἀλόγου
2197 861 2301 907 δοξα-

1257 913 1336 952 στὸν
1353 914 1554 982 γιγνόμενον
1574 915 1634 954 καὶ
1664 917 1923 969 ἀπολλύμενον,
1945 919 2050 964 ὄντως
2070 919 2106 958 83.
2136 920 2302 960 οὐδέποτε

1255 971 1304 1011 ὄν.
1321 972 1383 1011 Sic
1403 974 1503 1011 enim
1527 988 1615 1026 pag.
1651 977 1716 1024 78.
1751 979 1781 1015 Α
1806 979 1921 1030 (pag.
1950 980 2022 1017 183
2049 979 2110 1020 ed.
2147 981 2303 1019 Schnei-

1256 1034 1366 1087 der.)
1395 1035 1603 1087 explanato
1632 1035 1806 1075 Platonis
1830 1036 2009 1087 dogmate
2029 1038 2145 1077 istum
2166 1039 2299 1090 philo-

1256 1095 1421 1145 sophum
1441 1094 1638 1144 redarguit
1657 1109 1666 1133 :
1687 1093 1776 1139 ὅλως
1796 1095 1832 1134 δὲ
1853 1095 1934 1149 περὶ
1959 1096 2148 1149 κριτηρίων
2167 1097 2211 1145 ἣν
2229 1097 2304 1150 ἔχει

1257 1151 1357 1197 δόξαν
1379 1156 1396 1192 6
1417 1154 1569 1209 Πλάτων
1582 1182 1593 1202 ,
1614 1153 1683 1192 ἀπὸ
1714 1153 1846 1193 τούτων
1866 1154 2035 1203 ληπτέον.
2067 1154 2203 1195 Ἄλλων
2235 1156 2305 1209 γὰρ

1257 1211 1344 1251 ἄλλο
1362 1212 1401 1252 τὸ
1422 1213 1600 1266 κριτήριον
1618 1213 1772 1264 θεμένων
1784 1244 1795 1264 ,
1817 1216 1885 1253 τῶν
1904 1213 1967 1265 μὲν
1986 1214 2169 1263 αἴσθησιν,
2185 1214 2305 1268 ὥσπερ

1256 1272 1287 1308 οἱ
1310 1271 1575 1324 Πρωταγόρειοί
1597 1288 1702 1326 φασι,
1724 1276 1793 1313 τῶν
1814 1272 1850 1312 δὲ
1872 1273 1996 1324 δόξαν,
2020 1273 2139 1328 ὥσπερ
2158 1276 2176 1312 6
2195 1274 2304 1326 λέγων

1258 1330 1357 1375 δοκὸς
1376 1331 1406 1369 δ’
1435 1330 1492 1370 ἐπὶ
1523 1338 1611 1371 πᾶσι
1640 1332 1829 1382 τέτυκται,
1862 1334 1931 1371 τῶν
1961 1332 1997 1373 δὲ
2027 1333 2152 1385 λόγον,
2181 1336 2249 1372 τῶν
2269 1333 2305 1372 δὲ

1258 1393 1335 1428 νοῦν
1350 1419 1361 1441 ,
1383 1392 1401 1428 6
1422 1390 1576 1430 Πλάτων
1603 1391 1738 1435 οἰκείως
1754 1397 1826 1436 τοῖς
1844 1392 2032 1445 πράγμασι
2048 1392 2111 1440 τὴν
2132 1395 2201 1431 τῶν
2225 1409 2305 1446 κρι-

1258 1447 1386 1502 τηρίων
1406 1450 1531 1489 διεῖλεν
1562 1449 1702 1498 οὐσίαν,
1722 1456 1793 1495 τοῖς
1817 1451 1879 1502 μὲν
1901 1451 2036 1500 νοητοῖς
2056 1455 2133 1492 νοῦν
2163 1453 2303 1492 ἀπονεί-

1260 1523 1347 1556 μας,
1377 1513 1448 1553 τοῖς
1469 1509 1661 1556 διανοητοῖς
1682 1509 1857 1559 διάνοιαν,
1887 1515 1957 1554 τοῖς
1984 1510 2019 1548 δὲ
2041 1510 2219 1556 δοξαστοῖς
2248 1511 2306 1554 δό-

1259 1566 1336 1615 ξαν,
1358 1572 1430 1612 τοῖς
1462 1568 1497 1606 δὲ
1520 1570 1698 1616 αἰσθητοῖς
1726 1567 1901 1616 αἴσθησιν.
1935 1569 2009 1609 Καὶ
2038 1569 2087 1620 μὴ
2120 1569 2177 1608 διὰ
2204 1573 2306 1609 τοῦτο

1259 1628 1379 1680 οἰηθῇς
1401 1626 1642 1679 διεσπασμένα
1662 1627 1706 1667 τὰ
1723 1628 1887 1681 κριτήρια
1903 1629 1983 1667 κατ’
2003 1628 2106 1668 αὐτὸν
2125 1629 2304 1682 ὑπάρχειν.

1272 1686 1304 1726 H
1330 1686 1399 1740 γὰρ
1419 1686 1516 1741 ψυχὴ
1549 1687 1608 1726 καὶ
1629 1687 1665 1726 ἕν
1697 1689 1850 1727 ἐστικαὶ
1879 1688 2022 1736 πλῆθος.
2055 1690 2100 1728 Εἰ
2122 1688 2237 1728 τοίνυν
2265 1690 2306 1728 τὸ

1259 1750 1376 1798 κρῖνον
1407 1742 1503 1800 ψυχή
1526 1746 1707 1800 ἐστιν(οὖ
1735 1747 1804 1801 γάρ
1837 1763 1906 1786 που
1937 1750 2042 1798 σῶμα
2067 1746 2107 1787 τὸ
2137 1748 2306 1802 ἡμέτερον

1259 1804 1420 1857 κριτικὴν
1441 1806 1515 1858 ἔχει
1535 1805 1714 1881 δύναμιν)
1734 1810 1757 1855 ἡ
1779 1805 1815 1844 δὲ
1835 1805 1932 1859 ψυχὴ
1954 1805 1991 1845 ἕν
2022 1807 2095 1846 ἐστι
2127 1807 2188 1846 καὶ
2209 1809 2305 1855 πλῆ-

1259 1868 1336 1914 θος,
1357 1865 1416 1904 καὶ
1437 1865 1477 1904 τὸ
1504 1865 1659 1918 κριτικὸν
1691 1865 1760 1919 ἄρα
1794 1863 1828 1903 ἕν
1859 1867 1953 1904 ἐστιν
1975 1866 2050 1917 ἅμα
2083 1882 2143 1904 και
2173 1867 2306 1914 πολλά,

1259 1923 1319 1963 καὶ
1353 1923 1535 1976 μονοειδὴς
1557 1927 1577 1972 ἡ
1601 1926 1742 1978 κριτικὴ
1769 1923 1913 1975 δύναμις
1933 1925 1994 1964 και
2013 1925 2214 1974 πολυειδής.
2244 1925 2308 1969 Ιίς

1259 1977 1318 2023 ουν
1337 1987 1359 2032 ἡ
1397 1984 1462 2036 μία
1482 1984 1648 2060 δύναμις,
1671 1983 1757 2038 φαίη
1779 1999 1829 2027 τις
1851 1983 1908 2024 ἅν.
1931 1982 1977 2024 Ὅ
1996 1983 2037 2023 λό
2040 1999 2114 2036 (oq,
2134 1984 2304 2038 φήσομεν.

1257 2037 1369 2088 Οὗτος
1389 2043 1451 2095 μὲν
1477 2043 1545 2096 γὰρ
1566 2043 1625 2083 ἐπι
1644 2043 1726 2091 τὴν·
1717 2045 1806 2082 Πτίΐν
1827 2059 1959 2091 νοητων
1980 2042 2061 2082 θέαν
2084 2045 2309 2094 στελλόμενος

1261 2103 1374 2156 ἐαυτῷ
1393 2119 1430 2141 τε
1450 2119 1583 2156 χρηται
1602 2102 1663 2142 καὶ
1682 2105 1725 2155 τῇ
1747 2102 1887 2154 νοήσει,
1916 2102 1982 2155 οὐχ
2001 2101 2054 2141 υτι
2074 2102 2220 2156 ὄργανον
2239 2104 2303 2154 μὲν

1260 2164 1282 2209 ἡ
1308 2162 1450 2210 νόησις,
1473 2162 1512 2201 τὸ
1531 2161 1568 2201 δὲ
1600 2161 1782 2216 χρώμενον
1814 2161 1938 2210 αὐτός,
1958 2163 2004 2206 ὥς
2024 2161 2133 2200 οἴεται
2154 2162 2308 2216 Σεὸἢρος

1259 2223 1277 2260 ὃ
1299 2220 1543 2270 Πλατωνικός,
1563 2222 1672 2275 χείρω
1692 2226 1752 2261 τοῦ
1771 2220 1874 2274 λόγου
1893 2221 1957 2269 τὴν
1979 2222 2095 2269 νόησιν
2115 2221 2188 2261 τιθέ
2172 2238 2234 2272 εεμ-
2236 2237 2306 2274 νος,

1260 2281 1338 2320 ἀλλ’
1359 2280 1410 2320 ὅτι
1440 2283 1512 2334 φῶς
1533 2284 1624 2321 ἐστιν
1644 2284 1665 2328 ἡ
1696 2281 1815 2328 νόησις
1834 2286 1894 2320 τοῦ
1924 2280 2048 2333 λόγου,
2071 2282 2309 2336 τελεσιουργὸς

1259 2334 1345 2380 ουσα
1365 2339 1425 2379 καὶ
1445 2340 1625 2392 ἀναγωγὸς
1642 2342 1746 2379 αὐτοῦ
1763 2339 1824 2378 καὶ
1845 2339 2173 2391 ἀπολαμπρύνουσα
2188 2340 2251 2389 τὴν
2273 2343 2308 2380 ἐν

1260 2401 1356 2452 αὐτῷ
1392 2397 1584 2450 γνωστικὴν
1622 2398 1786 2447 δύναμιν.
1820 2399 1947 2445 Quid?
1980 2400 2087 2452 quod
2119 2401 2308 2440 mundum

1259 2471 1330 2510 per
1350 2471 1391 2498 se
1411 2459 1710 2511 sempiternum,
1733 2458 1837 2497 hunc
1859 2472 1954 2498 vero
1976 2460 2044 2512 qui
2062 2474 2167 2499 nunc
2188 2460 2238 2499 sit
2271 2470 2310 2499 et

1259 2526 1478 2566 moveatur,
1503 2526 1631 2556 ortum
1655 2517 1800 2556 statuit.
1824 2517 1968 2570 Nempe
1995 2518 2231 2558 mirabiliter
2250 2520 2306 2558 in-

1260 2584 1494 2629 terpretatur
1508 2590 1553 2615 ea
1566 2590 1653 2628 quae
1670 2577 1854 2626 leguntur
1871 2575 2191 2629 apud‘Platonem
2207 2579 2307 2618 Tim.

1258 2649 1299 2685 Ρ.
1344 2637 1405 2675 28.
1442 2636 1486 2677 C.
1526 2637 1536 2687 (
1566 2636 1616 2677 cf.
1654 2635 1803 2676 Philos.
1840 2636 1910 2676 Gr.
1945 2637 2095 2688 Fragm.
2133 2639 2214 2679 vol.
2253 2638 2305 2686 ll,

1259 2708 1348 2746 pag.
1378 2696 1477 2748 157)
1506 2695 1645 2749 γέγονεν
1674 2695 1796 2749 ὁρατὸς
1833 2695 1902 2750 γὰρ
1937 2696 2050 2741 ἁπτός
2081 2697 2119 2736 τέ
2147 2698 2222 2737 ἐστι
2246 2697 2306 2737 καὶ

1259 2772 1364 2808 σωμα
1385 2755 1494 2807 ἔχων,
1525 2754 1641 2794 πάντα
1657 2754 1693 2793 δὲ
1713 2754 1758 2793 τὰ
1779 2758 1926 2794 τοιαῦτα
1945 2757 2118 2809 αἰσθητά,
2139 2756 2182 2796 τὰ
2202 2756 2234 2795 δ’
2254 2759 2307 2796 αἷ-

1259 2815 1390 2864 σθητά,
1415 2814 1497 2867 δόξῃ
1534 2815 1737 2869 περιληπτᾶ
1766 2814 1842 2868 μετ’
1872 2816 2087 2865 αἰσθήσεως,
2119 2817 2306 2871 γιγνόμενα

1258 2874 1318 2916 καὶ
1336 2873 1466 2927 γενητὰ
1494 2874 1621 2928 ἐφάνη.
1652 2875 1739 2921 Qua
1759 2875 1808 2913 de
1840 2888 1882 2914 re
1908 2890 2038 2928 operae
2058 2876 2228 2929 pretium
2250 2888 2308 2917 est

1258 2935 1392 2974 audire
1410 2935 1594 2973 Proclum
1613 2935 1661 2973 ad
1682 2934 1785 2974 Tim.
1807 2948 1846 2986 p.
1869 2936 1919 2974 88
1943 2936 1978 2973 D
2002 2937 2114 2988 (pag.
2136 2950 2212 2985 2⁰7
2241 2938 2303 2978 ed.

1258 2993 1500 3046 Schneider)
1526 2994 1885 3047 philosophantem,
1918 2996 1985 3049 qui
2023 2996 2138 3035 simul
2171 2996 2305 3036 Severi

1259 3054 1485 3093 sententiam
1502 3053 1689 3106 explodit.
1710 3055 1750 3093 Is
1767 3053 1885 3104 igitur
1900 3055 1974 3093 ait:
1995 3054 2086 3094 ἀλλὰ
2104 3054 2173 3106 μὴν
2194 3058 2305 3108 ἀναγ-

1260 3118 1359 3153 καῖον
1387 3116 1499 3152 ταῦτα
1537 3118 1754 3167 συγχωρεῖν,
1778 3114 1808 3152 εἷ
1842 3114 1985 3166 γενητὸς
2007 3114 2099 3154 κατὰ
2133 3115 2256 3168 χρόνον
2289 3118 2306 3154 6

1259 3173 1409 3225 κόσμος,
1430 3172 1520 3213 ἀλλὰ
1541 3171 1590 3225 μὴ
1606 3175 1652 3226 τῇ
1684 3173 1831 3226 ἀπειρίᾳ
1849 3176 1911 3212 τοῦ
1927 3172 2053 3228 χρόνου
2074 3175 2304 3228 συνυφεστώς.

1259 3235 1410 3273 Δοκοῦσι
1438 3231 1476 3272 δέ
1496 3248 1556 3284 μοι
1583 3233 1643 3272 καὶ
1665 3232 1711 3277 εἷς
1737 3231 1840 3272 αὐτὸν
1868 3234 2091 3285 πλημμελεῖν
2111 3234 2173 3273 καὶ
2191 3235 2305 3278 ἄλλως

193 3344 239 3388 (ί)
259 3329 458 3390 Porphyrius
473 3345 589 3379 invita
606 3345 729 3379 Plotini
745 3354 816 3388 cap.
838 3348 871 3378 14
892 3345 923 3378 ἐν
937 3345 970 3377 δὲ
991 3347 1057 3382 ταῖς
1077 3355 1194 3378 συιου-

67 3418 70 3422 =
90 3477 105 3480 -.
154 3436 225 3480 uh,
240 3440 304 3473 tlte
319 3440 454 3483 Κρονίου
468 3443 487 3481 ἢ
504 3442 705 3497 Νουμηνίου,
724 3442 744 3481 ἢ
765 3442 881 3484 Γαΐου,
906 3442 927 3480 ἢ
949 3439 1107 3474 Ἀττικοῦ.
1127 3439 1194 3471 Κάν

1257 3346 1424 3388 Ἀδράστου
1443 3356 1477 3378 τε
1493 3346 1547 3378 καὶ
1568 3349 1630 3377 τῶν
1645 3345 1859 3387 ἐμπεσόντων.
1876 3362 1914 3367 --
1940 3343 1986 3387 (2)
2003 3345 2164 3378 Protlus'
2155 3355 2188 3378 ιιι
2215 3345 2300 3377 Tim.

124 3390 235 3430 datr
253 3393 483 3435 ἀνεγινώσκετο
510 3405 566 3435 μεν
593 3395 682 3438 αὐτῷ
703 3395 933 3436 ὑπομνήματα
962 3392 1024 3426 εἴτε
1057 3394 1195 3435 Σεὸήρου
1255 3401 1328 3434 pag
1360 3396 1412 3426 63.
1434 3402 1453 3426 a
1469 3393 1566 3434 (pag
1603 3395 1661 3426 145
1681 3393 1734 3426 cd.
1765 3391 1982 3434 Schneider.)
2009 3394 2100 3434 μέχρι
2120 3394 2158 3431 δὴ
2180 3393 2301 3426 τούτων

91 3482 95 3488 “
1255 3441 1521 3484 συμπεπλήρωται
1537 3441 1574 3472 τὸ
1595 3451 1651 3472 του
1679 3438 1816 3479 Τμαὶου
1843 3439 2030 3481 προοίμιον,
2054 3440 2132 3481 ὅπερ
2164 3439 2299 3481 Σεὸῆρος

77 3484 106 3524 ἶ(
153 3488 219 3525 ”k
247 3486 507 3531 Περιπατητικοῖς
547 3489 585 3522 τά
618 3500 650 3522 τε
677 3488 848 3523 Ἀσπασίου
881 3488 934 3520 καὶ
973 3485 1170 3529 Ἀλεξάνδρου
1183 3511 1193 3528 ,
1255 3488 1312 3529 μὲν
1329 3488 1398 3522 οὐδὲ
1419 3488 1594 3530 ἐξηγήσεως
1613 3487 1729 3528 ἠξίωσε
1747 3487 1783 3520 τὸ
1801 3487 1958 3528 παράπαν.
1977 3504 2012 3510 -

1196 3549 1272 3588 175
