2528 3788
10 1831 27 1922 ψ
9 1683 38 1826 ·1‚wm;⁵s‹-
7 1638 21 1662 -ϊ

111 604 116 611 .
134 574 253 619 τάτοις
270 575 537 628 παραδείγμασι
551 580 698 630 χρῆται.

1029 253 1363 296 FRAGMENTA.
1779 243 1789 254 '
2235 264 2288 302 85

138 337 260 378 οὓτιῖνν
273 338 504 377 δικαιοτάτων
521 339 692 391 γενέσθαι.
711 339 786 380 Καί
797 355 884 394 φησι
899 339 962 391 μὲν
982 342 1018 379 ἐν
1037 341 1114 386 ταῖς
1128 342 1183 381 τέ-

1244 345 1314 382 τῶν
1333 346 1417 394 ὑμῖν
1430 345 1655 397 ὑπαρχόντων
1678 348 1817 400 ἀγαθῶν
1835 348 1898 402 (61)
1916 347 2187 401 παραλέλοιπεν·
2203 350 2290 387 ἀπέ-

136 410 242 451 χναις
257 396 448 450 προσήκειν
462 399 575 439 οἰκεῖα
594 402 654 439 καὶ
667 400 829 452 γνώριμα
847 398 892 438 τὰ
908 399 1182 453 παραδείγματα
1246 402 1375 440 σταλκε
1406 402 1444 440 δέ
1481 417 1535 441 σοι
1573 403 1697 456 λόγον,
1730 405 1769 444 ὃν
1798 406 1838 445 τὸ
1870 407 1933 458 μὲν
1967 409 2109 460 πρῶτον
2140 406 2290 460 ἔγραψεν

138 456 204 510 (ω)
216 455 356 510 φέρειν·
376 457 596 512 ὀλιγωρήσας
617 460 654 498 δὲ
669 462 733 507 τῆς
748 458 893 512 τέχνης,
907 459 1103 512 ἀλλοτρίοις
1123 461 1184 499 καὶ
1246 460 1472 513 Ἀγησιλάῳ,
1502 462 1613 515 μικρὰ
1642 465 1877 511 διασκευάσας
1911 467 2055 519 ὕστερον
2084 466 2211 506 ἐπώλει
2236 470 2287 521 τῷ

139 519 212 560 τοῖς
227 515 425 569 αἰσχίστοις
439 546 450 565 ,
480 518 540 557 καὶ
558 523 630 563 τοῖς
650 518 737 572 πρὸς
755 517 814 557 τὸν
833 517 935 570 λόγον
954 519 1002 563 ὣς
1018 519 1181 558 ἐναντιω-

756 576 885 618 Καίτοι
903 577 1046 616 πάντων
1068 594 1179 617 κατα-

131 631 374 686 γιλαστότατα
402 640 550 676 τοιαῦτα
580 637 722 690 γράφων
753 637 949 691 χαριέντως
982 637 1183 688 ἀμύνασθαί

131 707 220 747 φησι
235 695 305 733 τῶν
325 697 493 744 μαθητῶν
515 694 594 740 τοὺς
619 698 856 748 ἐπιτιμῶντας
885 696 960 749 (51).
982 698 1029 737 Οἱ
1050 697 1085 736 δὲ
1103 714 1182 751 χει-

132 750 298 805 ρωθέντος
329 752 399 792 ὑπὸ
419 755 488 793 τῶν
517 756 616 808 αὐτῷ
647 754 914 803 πλησιαζόντων
944 756 1178 806 ἀκμαζόντων

128 812 192 858 τῆς
222 811 411 866 ῥητορικῆς
431 816 475 866 τῇ
496 813 640 865 δυνάμει
654 813 738 867 (ts-2),
758 815 819 854 καὶ
834 814 933 868 παρὰ
950 818 1063 855 ταῦτα
1083 816 1180 854 οὐδὲν

128 869 267 924 ἔχοντες
292 871 404 911 εἰπεῖν
431 871 539 918 οὕτως
573 873 750 926 ἐπῄνεσαν
780 875 837 914 τὸν
869 874 987 927 λόγον,
1012 873 1103 913 ὥστε
1139 876 1178 915 τὸ

127 930 301 982 πρωτεῖον
321 933 390 970 τῶν
409 931 524 985 λόγων
536 934 588 988 τῷ
606 933 703 988 λόγῳ
722 934 833 988 τούτῳ
851 934 1037 975 δεδώκασι.
1056 937 1178 975 Κατα-

130 990 254 1042 μάθοις
270 991 303 1030 δ’
318 989 360 1030 ἂν
383 993 419 1031 ἐν
440 995 572 1046 βραχεῖ
588 993 653 1041 τὴν
670 993 893 1047 Ἰσοκράτους
909 995 1065 1047 ἱστορίαν
1082 994 1118 1040 ἐξ
1133 989 1180 1034 ὧν

127 1049 348 1103 Κυρηναίους
372 1050 438 1102 μὲν
459 1059 555 1092 ποιεῖ
584 1054 648 1105 (53)
682 1051 763 1099 τοὺς
796 1053 986 1099 ἀκούοντας
1015 1054 1179 1100 ἀποίκους

126 1109 428 1161 Δακεδαιμονίων,
441 1110 502 1150 τὸν
517 1111 554 1150 δὲ
574 1112 749 1151 Ποντικὸν
766 1113 833 1166 (54)
843 1112 1004 1164 μαθητὴν
1019 1112 1179 1159 ἀπέδειξε

125 1170 188 1216 τῆς
206 1171 313 1208 αὐτοῦ
332 1169 454 1224 σοφίας
469 1172 643 1225 διάδοχον,
667 1166 708 1212 οὗ
728 1172 770 1211 σὺ
797 1172 948 1217 πολλοὺς
973 1169 1179 1223 τεθεαμένος

127 1226 292 1282 σοφιστὰς
315 1227 572 1283 βδελυρώτερον
603 1232 670 1284 οὐχ
698 1230 870 1284 ἑώρακας.
895 1232 1127 1284 Πυνθάνομαι
1143 1233 1179 1271 δὲ

126 1287 188 1327 καὶ
200 1287 423 1339 Θεόπομπον
446 1289 510 1343 (55)
532 1290 618 1344 παρ’
631 1292 713 1341 ὑμῖν
735 1290 799 1343 μὲν
817 1283 906 1331 εἶναι
919 1293 1013 1331 πάνυ
1027 1291 1176 1345 ψυχρόν,

126 1346 208 1402 περὶ
227 1345 264 1386 δὲ
285 1346 478 1392 Πλάτωνος
495 1349 718 1402 βλασφημεῖν
753 1348 834 1401 (so),
863 1349 925 1388 καὶ
945 1352 1076 1396 ταῦτα,
1100 1347 1176 1387 ὥσ-

125 1422 193 1460 περ
226 1407 266 1446 οὗ
301 1406 490 1452 Πλάτωνος
529 1407 593 1455 τὴν
625 1409 741 1463 ἀρχὴν
766 1411 828 1456 τῆς
862 1410 974 1462 ἀρχῆς
998 1408 1056 1447 ἐπὶ
1084 1410 1178 1461 Περ-

128 1467 234 1507 δίκκα
253 1466 319 1519 (57)
347 1467 680 1512 κατασκευάσαντος
708 1468 769 1507 καὶ
789 1466 847 1506 διὰ
872 1467 992 1509 τέλους
1007 1468 1176 1519 χαλεπῶς

126 1524 314 1580 φέροντος,
327 1524 363 1565 εἴ
377 1540 412 1564 τι
426 1525 578 1578 γίγνοιτο
606 1526 692 1580 παρ’
708 1528 792 1578 ὑμῖν
816 1525 991 1579 ἀνήμερον
1013 1524 1036 1573 ἢ
1057 1524 1107 1576 μὴ
1123 1541 1177 1579 φι-

125 1583 317 1638 λάδελφον.
381 1582 463 1625 Ἵνα
493 1579 552 1624 οὗν
582 1586 798 1637 Θεόπομπος
828 1585 1009 1634 παύσηται
1041 1585 1173 1637 τραχὺς

123 1641 194 1692 ὤν,
208 1643 376 1684 κέλευσον
403 1643 632 1698 Ἀντίπατρον
649 1646 927 1697 παραναγνῶναι
943 1645 1013 1682 τῶν
1032 1644 1172 1690 ἑλληνι-

123 1704 195 1743 κῶν
215 1701 379 1756 πράξεων
395 1703 513 1755 αὐτῷ,
530 1703 592 1742 καὶ
610 1704 783 1755 γνώσεται
800 1703 1016 1751 Θεόπομπος
1032 1702 1175 1747 δικαίως

124 1761 190 1814 μὲν
205 1762 277 1802 ὑπὸ
290 1762 433 1802 πάντων
459 1760 739 1816 ἐξαλειφόμενος,
767 1763 898 1807 ἀδίκως
917 1762 955 1800 δὲ
985 1761 1084 1814 παρὰ
1113 1766 1175 1801 σοῦ

123 1819 299 1875 χορηγίας
329 1821 528 1874 τυγχάνων.
592 1820 750 1873 Ὁμοίως
786 1822 823 1861 δὲ
857 1821 918 1860 καὶ
948 1820 1174 1872 Ἰσοκράτης,

122 1879 244 1929 ἕπειδὴ
262 1880 336 1926 νέος
357 1879 422 1932 μὲν
439 1878 490 1920 ὧν
512 1882 561 1926 εἷς
576 1881 634 1920 τὸν
658 1882 772 1933 δῆμον
792 1881 886 1933 μετὰ
913 1878 1088 1931 Τιμοθέου
1106 1879 1173 1933 (59)

121 1941 202 1980 καθ’
235 1941 336 1992 ὑμῶν
364 1939 556 1993 ἐπιστολὰς
579 1942 729 1994 αἰσχρὰς
750 1940 904 1994 ἔγραψε,
934 1939 1008 1978 νυνὶ
1029 1938 1066 1977 δὲ
1083 1954 1168 1991 πρε-

121 1998 253 2047 σὸύτης
270 1996 320 2038 ὢν
339 1998 460 2050 ὥσπερ
479 2000 628 2050 ἀγνοῶν,
653 1999 676 2047 ἢ
706 2003 839 2053 φθονῶν
861 2000 927 2050 (60)
953 2000 998 2037 τὰ
1022 1998 1173 2038 πλεῖστα

119 2131 223 2166 simos
234 2132 359 2166 imitari
370 2158 379 2175 ,
394 2135 430 2167 et
441 2134 660 2177 pessimorum
671 2160 679 2175 ,
697 2143 764 2167 non
778 2134 1043 2176 justissimorum
1059 2145 1172 2177 regum

120 2192 354 2226 aemulatorem
371 2202 457 2227 esse.
501 2194 566 2227 Sed
593 2203 794 2235 quamquam
819 2194 891 2236 ipse
910 2195 943 2227 in
964 2194 1173 2228 institutione

121 2251 268 2286 oratoria
287 2252 410 2294 tradit,
443 2254 521 2296 apta
547 2254 692 2295 notaque
718 2254 868 2296 exempla
893 2263 968 2290 esse
991 2254 1171 2296 afferenda,

117 2312 229 2344 tamen
258 2310 381 2344 oblitus
411 2312 493 2345 artis
515 2312 651 2351 alienis,
684 2312 887 2356 turpissimis
917 2314 953 2347 et
980 2315 1173 2356 argumento

118 2378 219 2411 quam
240 2369 385 2403 maxime
415 2370 590 2405 contrariis
607 2371 767 2415 exemplis
784 2370 903 2405 utitur.
948 2374 1075 2406 verum
1096 2382 1173 2405 cum

117 2429 199 2463 alias
214 2437 270 2464 res
292 2429 510 2472 perridiculas
536 2431 673 2471 scribit,
695 2432 768 2464 tum
793 2431 942 2464 omnium
971 2431 1173 2473 lepidissime

117 2488 176 2530 ait,
197 2488 348 2523 ulturum
362 2498 400 2523 se
416 2489 598 2533 discipulos
614 2489 725 2532 ipsum
738 2490 960 2533 objurgantes.
982 2494 1025 2523 At
1043 2491 1089 2523 illi
1105 2491 1170 2524 cir-

113 2548 284 2583 cumve-ati
298 2549 342 2583 ab
362 2549 436 2592 elus
457 2549 718 2583 assectatoribus
734 2549 865 2583 dicendi
880 2550 1036 2583 facultate
1051 2550 1170 2582 ssoren-

117 2608 210 2643 tibus
238 2617 347 2652 quum
387 2608 468 2642 nihil
500 2611 622 2651 praeter
651 2609 726 2643 haec
758 2609 868 2643 dicere
899 2611 1043 2651 possent,
1077 2612 1169 2642 tanto

115 2667 234 2712 plnum
243 2670 441 2711 exceperunt
455 2667 652 2710 orationem,
672 2669 711 2702 ut
730 2677 774 2702 ex
791 2668 945 2702 omnibus
963 2669 1168 2701 orationibus

115 2727 283 2771 &guttans
295 2727 518 2770 principatum
537 2727 615 2760 huic
628 2727 790 2761 dederint.
838 2728 1089 2761 Animadvertes
1106 2738 1165 2761 au—

115 2788 184 2820 tem
203 2786 312 2828 brevi,
328 2795 404 2829 quae
418 2786 461 2820 sit
478 2786 512 2819 in
531 2787 676 2820 Isocrate
695 2796 809 2820 rerum
826 2787 967 2828 cognitio
978 2813 986 2828 ,
1010 2787 1170 2828 siquidem

115 2846 320 2889 Cyrenenses
333 2846 391 2889 qui
405 2848 568 2880 vocantur
584 2846 910 2880 Lacedaemoniorum
922 2847 1056 2879 colonos
1077 2847 1166 2887 facit,

115 2906 151 2940 ot
164 2905 341 2940 Ponticum
366 2906 566 2948 discipulum
587 2915 659 2940 suae
677 2906 849 2948 sapientiae
870 2894 1097 2940 successorem
1118 2908 1169 2940 at-

115 2972 183 3006 que
202 2963 357 2999 medem
375 2965 522 2999 instituit
533 2989 543 3007 ,
561 2974 628 3008 quo
648 2967 704 3006 tu,
724 2965 801 2998 licet
817 2965 940 2997 multos
963 2966 1170 3008 conspexeris

116 3023 295 3066 sophistas,
317 3024 481 3058 neminem
508 3025 722 3066 impuriorem
746 3024 870 3058 vidisti.
918 3024 1051 3066 Accipio
1068 3025 1169 3058 etiam

115 3081 362 3126 'lhoopompum
389 3084 478 3126 apud
504 3093 563 3117 vos
582 3084 834 3124 deversantem,
871 3083 1037 3117 hominem
1075 3084 1170 3118 valde

117 3140 273 3185 trigidum
285 3167 296 3184 ,
313 3142 494 3176 verborum
514 3143 720 3177 contumeliis
735 3144 881 3176 lacerare
902 3143 1071 3176 Platonem
1088 3168 1096 3184 ,
1114 3143 1166 3176 id-

119 3206 186 3244 que
199 3202 296 3244 quasi
328 3211 394 3236 non
412 3212 432 3235 a
463 3203 598 3237 Platone
626 3205 775 3246 tempore
807 3203 972 3236 Perdiccae
1000 3202 1090 3245 regni
1120 3203 1170 3236 tui

117 3259 331 3295 fundamenta
358 3263 447 3304 jacta
482 3262 559 3304 sint,
589 3265 624 3296 et
650 3265 813 3305 perpetuo
844 3263 907 3295 hoc
937 3271 1024 3304 aegre
1058 3262 1172 3296 tulerit

118 3318 230 3363 Plato,
250 3320 280 3354 si
312 3321 392 3363 quid
419 3322 507 3364 apud
532 3331 591 3356 vos
621 3323 732 3355 minus
760 3323 960 3361 humanum,
994 3324 1027 3355 et
1045 3322 1131 3363 quod
1152 3331 1171 3355 a

114 3377 265 3413 auterno
282 3389 395 3414 amore
409 3381 614 3423 abhorreret,
640 3382 839 3424 contigisset.
884 3383 928 3413 Ut
947 3381 1044 3423 igitur
1063 3381 1168 3414 Theo·

121 3445 264 3480 pompus
281 3440 421 3481 agrestis
440 3450 513 3474 esse
537 3441 687 3481 desinat,
712 3441 792 3483 jube
813 3441 1018 3482 Antipatrum
1035 3442 1168 3473 Graeco·

119 3501 196 3530 nm
215 3505 269 3530 res
283 3499 391 3540 gestas
406 3498 462 3532 illo
473 3499 627 3532 audiente
647 3500 677 3532 in
695 3499 971 3541 comparationem
995 3498 1170 3541 diligentiae

1247 518 1411 563 Σικελίας
1429 520 1587 574 τυράννῳ
1613 522 1675 574 (62)
1696 525 1880 578 Διονυσίῳ·
1902 526 1941 564 τὸ
1969 527 2004 565 δὲ
2025 525 2140 579 τρίτον
2159 526 2203 564 τὰ
2225 527 2286 578 μὲν

1245 577 1384 631 ἀφελών
1400 607 1410 626 ,
1429 579 1474 618 τὰ
1498 580 1533 618 δὲ
1557 583 1717 634 προσθεὶς
1751 584 1985 634 ἐμνήστευσεν
2006 585 2219 638 Ἀλεξάνδρῳ
2237 590 2287 642 τῷ

1244 639 1442 691 Θετταλῷ·
1471 639 1510 677 τὸ
1543 638 1581 678 δὲ
1606 641 1802 682 τελευταῖον
1836 646 1896 682 νῦν
1930 644 2016 695 πρὸς
2044 642 2084 680 οὲ
2120 645 2296 698 γλίσχρως

1245 696 1346 736 αὐτὸν
1383 699 1626 745 ἐπηκόντισεν.
1688 702 1884 753 Βουλοίμην
1919 701 1950 741 δ’
1975 702 2016 741 ἂν
2051 706 2216 755 χωρῆσαι
2252 704 2292 743 τὸ

1245 755 1386 809 βυὸλίον
1401 757 1466 807 (63)
1488 760 1690 807 ἀναμνῆσαι
1708 759 1770 803 τὰς
1790 761 1825 798 ἐν
1847 763 1897 812 τῷ
1918 759 2011 814 λόγῳ
2029 762 2115 812 πρὸς
2135 762 2173 800 σὲ
2192 779 2292 814 πεμ-

1243 815 1385 869 φθείσας
1411 817 1470 854 ὑπ’
1492 818 1601 856 αὐτοῦ
1622 818 1828 869 προφάσεις.
1868 818 1956 859 Ἐπὶ
1981 819 2043 870 μὲν
2071 819 2140 872 γὰρ
2167 815 2289 875 ’Ᾰμφι-

1242 874 1376 918 πόλεώς
1396 890 1485 927 φησι
1505 877 1662 915 κωλῦσαι
1686 876 1750 925 τὴν
1766 877 1956 928 γενομένην
1987 879 2128 931 εἰρήνην
2156 880 2292 933 γράψαι

1241 934 1342 987 λόγον
1375 933 1462 986 ὑπὲρ
1495 937 1557 982 τῆς
1586 933 1805 989 Ἡρακλέους
1837 937 2026 980 ἀθανασίας
2044 939 2118 989 (64),
2149 938 2291 991 ὕστερον

1243 994 1279 1032 δὲ
1301 994 1395 1045 αὐτῷ
1416 1008 1470 1031 σοι
1490 994 1648 1047 φράσειν.
1671 993 1786 1046 “Υπὲρ
1808 995 1907 1033 ἐνίων
1924 997 1964 1034 δὲ
1986 995 2043 1034 διὰ
2063 997 2126 1044 τὴν
2146 998 2290 1044 ἠλικίαν

1242 1054 1422 1104 ὁμολογῶν
1438 1051 1501 1105 (65)
1525 1053 1777 1106 μαλακώτερον
1786 1053 1929 1106 γράφειν
1942 1084 1953 1105 ,
1969 1057 2181 1107 συγγνώμης
2201 1058 2291 1102 ἀξιοῖ

1242 1119 1372 1167 τυχεῖν·
1405 1114 1455 1164 μὴ
1491 1113 1681 1165 θαυμάζειν
1716 1114 1778 1164 δέ,
1817 1115 1845 1152 εἰ
1874 1114 1934 1152 καί
1968 1130 2042 1158 πως
2081 1115 2248 1166 ἀναγνοὺς
2274 1121 2292 1155 ὁ

1243 1168 1414 1219 Ποντικὸς
1442 1173 1504 1227 (66)
1527 1172 1749 1226 ἀμὸλύτερον
1769 1172 1830 1211 καὶ
1852 1174 2066 1226 φαυλότερον
2089 1176 2184 1212 ποιεῖ
2198 1174 2291 1226 φαί-

1240 1236 1356 1272 νεσθαι
1375 1234 1433 1272 τὸν
1450 1233 1565 1285 λόγον·
1580 1233 1637 1271 τὸν
1659 1233 1804 1284 Πέρσην
1827 1233 1861 1269 δὲ
1881 1234 1926 1276 ὡς
1941 1233 2290 1286 καταστρατηγήσεις

1242 1292 1345 1331 αὐτὸν
1365 1292 1493 1333 εἰδέναι
1513 1291 1554 1330 σέ
1568 1307 1686 1344 φησιν.
1705 1291 1813 1331 Ἀλλὰ
1834 1290 1900 1343 γὰρ
1916 1291 1977 1336 τὰς
1996 1291 2122 1337 λοιπὰς
2143 1292 2291 1345 σκήψεις

1240 1352 1420 1405 γράψοντα
1443 1353 1508 1404 (67)
1524 1350 1697 1390 ἐπιλείπει
1714 1367 1758 1402 με
1784 1351 1824 1389 τὸ
1844 1350 1999 1403 βυὸλίον·
2030 1354 2092 1403 (68)
2116 1353 2288 1400 τοσαύτην

1242 1412 1327 1462 ἡμῖν
1346 1413 1474 1451 σπάνιν
1498 1409 1651 1463 βυὸλίων
1671 1410 1837 1463 βασιλεὺς
1871 1410 2051 1462 Αἴγυπτον
2083 1411 2204 1451 λαὸὼν
2226 1428 2289 1451 πε·

1241 1469 1400 1516 ποίηκεν.
1475 1467 1666 1523 Ἔῤῥωσο,
1694 1470 1754 1508 καὶ
1793 1469 2027 1522 Ἀντιπάτρου
2058 1469 2115 1508 διὰ
2150 1471 2289 1524 ταχέων

1242 1529 1464 1579 ἐπιμεληθεὶς
1485 1528 1570 1582 πρὸς
1590 1532 1687 1578 ἡμᾶς
1705 1528 1810 1567 αὐτὸν
1832 1528 2053 1567 ἀπόστειλον.

1298 1588 1490 1640 (Epistola
1508 1588 1590 1626 haec
1608 1589 1757 1626 omisso
1771 1589 1944 1627 auctoris
1962 1589 2122 1626 nomine
2139 1590 2294 1641 simpli-

1242 1647 1339 1685 citer
1366 1646 1542 1699 Φιλίππῳ
1574 1647 1789 1699 inscripta,
1826 1661 1912 1699 quae
1944 1648 2046 1686 inter
2076 1649 2292 1688 Socraticas

1242 1706 1443 1755 trigesima
1467 1714 1540 1754 est,
1562 1706 1709 1755 legitur
1734 1706 1837 1757 apud
1857 1706 2054 1744 Orellium
2076 1708 2137 1755 (in
2162 1708 2288 1758 Epist.

1240 1764 1530 1803 Socraticorum
1561 1774 1599 1802 et
1620 1765 1957 1815 Pythagoreorum
1986 1766 2128 1815 Lipsiae
2162 1767 2291 1817 1815)

1238 1838 1329 1874 pag.
1362 1825 1505 1874 35-39.
1528 1823 1621 1862 Eam
1655 1832 1782 1862 autem
1804 1837 1891 1862 cum
1927 1824 2057 1863 Leone
2083 1826 2230 1865 Allatio
2251 1836 2290 1865 et

1237 1883 1326 1921 aliis
1351 1883 1571 1934 Speusippo
1589 1882 1858 1930 vindicamus,
1888 1885 1979 1933 quia
1995 1884 2180 1924 convenit
2200 1899 2286 1923 cum

1240 1941 1415 1992 ejusdem
1448 1940 1679 1993 philosophi
1708 1941 1797 1979 loco
1833 1954 1947 1992 quem
1990 1955 2039 1980 ex
2070 1942 2211 1982 litteris
2242 1945 2291 1983 ad

1240 2000 1467 2052 Philippum
1488 1999 1738 2039 Macedonem
1766 2001 1896 2038 missis
1924 1999 2125 2052 Carystius
2144 2002 2291 2053 Perga-

1202 2142 1209 2153 ·
1234 2135 1360 2175 legere;
1381 2137 1414 2167 et
1434 2135 1667 2177 Theopompus
1685 2135 1760 2177 jure
1783 2135 1918 2176 quidem
1936 2135 1977 2168 ab
1992 2135 2147 2169 omnibus
2174 2137 2288 2179 abjici,

1234 2193 1354 2236 injuria
1375 2202 1455 2226 vero
1477 2202 1498 2226 a
1515 2195 1549 2226 te
1567 2193 1736 2226 beneficiis
1756 2202 1793 2227 se
1811 2193 1920 2226 ornari
1945 2194 2077 2227 sentiet.
2136 2195 2291 2228 Similiter

1233 2254 1268 2287 et
1292 2255 1468 2293 Isocrates,
1485 2255 1660 2294 postquam
1673 2253 1804 2294 Juvenis
1817 2253 1926 2286 adhuc
1938 2262 2005 2286 una
2022 2262 2098 2286 cum
2116 2254 2289 2288 Timotheo

1235 2311 1349 2342 contra
1363 2319 1421 2342 vos
1434 2310 1590 2351 epistolas
1604 2310 1779 2351 probrosas
1798 2311 1841 2343 ad
1861 2310 2024 2352 populum
2041 2312 2184 2354 scripsit,
2202 2322 2290 2346 nunc

1234 2379 1334 2403 senex
1347 2395 1355 2408 ,
1378 2370 1475 2411 quasi
1496 2370 1674 2412 ignoraret,
1708 2373 1766 2403 aut
1795 2371 1981 2413 invideret,
1998 2372 2159 2414 majorem
2178 2373 2284 2407 virtu·

1233 2431 1305 2462 tum
1321 2431 1510 2463 vestrarum
1526 2432 1654 2471 partem
1673 2430 1801 2462 silentio
1815 2431 1984 2472 praeteriit,
2009 2431 2169 2474 misitque
2190 2432 2233 2465 ad
2250 2435 2286 2466 te

1233 2488 1428 2529 orationem,
1449 2498 1550 2530 quam
1569 2489 1713 2530 primum
1741 2490 1889 2530 Agesilao
1910 2490 2133 2532 inscripserat,
2166 2492 2286 2524 deinde

1233 2547 1344 2588 paucis
1362 2547 1498 2579 mutatis
1515 2547 1683 2588 Dionysio,
1702 2548 1821 2580 Siciliae
1838 2551 1987 2589 tyranno,
2009 2550 2160 2583 vendidit
2179 2564 2186 2582 :
2210 2552 2283 2583 tum

1233 2605 1304 2638 aliis
1325 2605 1446 2638 demtis
1462 2605 1537 2638 aliis
1559 2606 1680 2639 additis
1707 2607 1889 2640 Alexandro
1905 2607 2068 2641 Thessalo
2083 2609 2259 2651 despondit
2275 2620 2285 2643 ε

1231 2667 1399 2706 postremo
1417 2674 1504 2697 nunc
1521 2665 1723 2698 illiberaliter
1741 2666 1775 2698 in
1800 2668 1853 2705 te,
1874 2668 1913 2699 ut
1933 2667 1981 2700 ita
2007 2667 2118 2701 dicam
2131 2694 2139 2709 ,
2157 2668 2286 2709 jacula·

1232 2725 1286 2755 tus
1301 2724 1363 2755 est.
1409 2723 1535 2756 Vellem
1555 2725 1666 2756 autem
1696 2725 1810 2757 charta
1827 2725 1998 2759 sufficeret
2018 2726 2061 2759 ad
2084 2735 2282 2760 commemo-

1232 2781 1350 2815 randas
1369 2783 1548 2824 speciosas,
1567 2778 1690 2823 quibus
1705 2783 1739 2815 in
1764 2784 1913 2817 oratione
1929 2784 1972 2817 ad
1995 2786 2029 2817 te
2050 2784 2151 2818 missa
2167 2786 2285 2828 utitur,

1231 2842 1470 2875 excusationes.
1505 2844 1587 2875 Nam
1605 2842 1646 2875 de
1668 2843 1855 2886 Amphipoli
1874 2844 2008 2885 fatetur,
2027 2853 2145 2887 pacem
2165 2846 2285 2878 factam

1231 2901 1400 2935 obstitisse
1413 2925 1422 2943 ,
1448 2911 1490 2935 ne
1513 2902 1696 2936 orationem
1733 2912 1833 2946 super
1859 2904 2012 2938 Herculis
2036 2904 2286 2938 immortalitate

1231 2960 1403 3001 scriberet,
1423 2970 1459 2994 se
1474 2962 1586 2994 tamen
1612 2962 1646 2994 in
1665 2965 1835 3004 posterum
1849 2972 1888 2996 ea
1903 2963 1946 2997 de
1974 2971 2012 2996 re
2026 2963 2086 2997 tihi
2102 2964 2206 2997 verba
2236 2965 2286 2996 sa-

1230 3021 1376 3055 ctutum.
1407 3020 1518 3059 Quum
1533 3029 1612 3054 vero
1628 3022 1782 3054 nonnulla
1796 3024 1931 3064 propter
1950 3025 2085 3056 aetatem
2101 3031 2137 3056 se
2149 3023 2281 3065 langui-

1231 3078 1306 3112 dius
1334 3081 1495 3113 tractasse
1524 3080 1745 3121 confiteatur,
1777 3081 1908 3114 veniam
1939 3081 2004 3114 sibi
2024 3081 2096 3114 dari
2116 3082 2207 3121 vult,
2225 3091 2286 3116 nec

1232 3138 1344 3171 mirari
1357 3140 1402 3177 te,
1425 3139 1453 3171 si
1482 3139 1567 3172 sorte
1591 3139 1727 3172 Pontico
1749 3138 1920 3172 remissius
1943 3138 2102 3172 recitante
2126 3139 2285 3179 abjectior

1224 3197 1331 3230 etiam
1347 3199 1382 3230 et
1397 3198 1552 3232 humilior
1571 3198 1632 3231 tibi
1650 3199 1803 3231 videatur
1825 3198 1949 3239 oratio;
1973 3199 2153 3231 Persarum
2174 3203 2283 3231 autem

1232 3267 1342 3299 regem
1359 3267 1379 3290 a
1398 3259 1432 3290 te
1449 3258 1657 3300 profligatum
1682 3258 1722 3290 iri
1749 3266 1784 3290 se
1800 3257 1885 3290 scire
1913 3257 2068 3290 affirmat.
2113 3258 2175 3290 Sed
2197 3257 2282 3288 enim

1232 3317 1357 3358 reliqua
1374 3326 1450 3359 quae
1470 3317 1644 3359 praetendit
1660 3317 1860 3359 scripturum
1873 3316 1984 3349 deficit
2005 3326 2058 3348 me
2077 3316 2192 3348 charta
2209 3327 2219 3347 ε
2240 3314 2280 3347 ad

1232 3378 1358 3409 tantam
1377 3377 1491 3418 papyri
1507 3376 1651 3418 inopiam
1678 3384 1738 3409 nos
1753 3375 1881 3418 redegit
1904 3384 1962 3408 rex
1982 3376 2121 3415 AEgypto
2139 3373 2275 3415 potitus.

1231 3435 1311 3467 Vale
1335 3436 1370 3468 et
1401 3435 1607 3476 Antipatrum
1627 3435 1777 3467 celeriter
1802 3443 1902 3475 opera
1927 3436 1985 3467 tua
2005 3433 2213 3464 sublevatum
2234 3431 2273 3464 ad

1232 3505 1292 3527 nos
1306 3494 1448 3528 remitte.
