2508 3776
112 337 303 416 {ms
322 361 518 414 λαμὸἄνειν
540 362 631 413 μήτε
653 363 799 404 διδόναι.

133 447 135 450 <
202 419 500 469 Ᾰ“Καλο’ὐ’νταιδὴ
515 416 610 462 οὗτοι
626 422 800 474 φειδωλοί,
821 423 1002 478 γλίσχροι,
1020 425 1199 476 κίμὸικες,

205 478 293 538 τῇ
313 480 406 520 δόσει
425 480 636 521 ἐλλείπουσι
658 481 788 521 τούτων
811 480 846 520 δὲ
874 483 966 522 καὶὸ
987 484 1201 538 κυμινοπρί-

258 596 406 654 ”Ετεροι
426 599 462 638 δὲ
483 603 528 654 τῇ
544 599 651 654 λήψει
671 599 975 653 ὑπερὸάλλουσιν,
997 602 1072 642 ὅσοι
1085 604 1201 644 πάντα

122 647 345 717 ὐμίσχρὰ
362 659 422 698 καὶ
440 663 577 699 ποιοῦσι
599 675 660 698 και
672 659 884 711 πάσχουσιν,
901 659 960 699 ἵνα
978 677 1013 700 τι
1027 662 1196 714 λοίὸωσιν,

102 711 275 768 ’,4.οὒχῶς
300 719 371 769 δεῖ,
395 718 475 758 οὐδὲ
503 718 591 772 παρ’
609 712 658 758 ων
679 719 744 758 δεῖ.
783 721 894 758 Οὗτοι
915 719 951 758 δὲ
975 720 1103 766 πάντες
1121 726 1200 762 αἷσ-

111 776 352 830 Ῑχροκερδεις
380 762 582 816 καλόῧνται·
609 771 674 817 οἶοί
693 779 780 816 εἰσιν
811 779 843 816 οἱ
864 777 1118 832 πορνοὸοσκοί,
1140 782 1201 820 καὶ

110 844 154 876 Ξ.
197 837 389 887 mmai,
416 837 477 876 καὶ
495 839 527 876 οἱ
545 836 738 885 κυδευταί,
762 835 824 876 καὶ
843 838 873 875 οἷ
892 837 1119 889 λωποδύται,
1139 840 1200 879 καὶ

214 894 339 957 ῃσταί
353 899 373 921 ⁰
389 895 517 941 πάντες
534 896 603 948 γὰο
625 895 727 935 ἕνεκα
753 896 895 950 κέρδους
915 896 975 935 καὶ
990 897 1113 937 τούτου
1138 916 1201 951 μι-

208 948 251 1009 ’ζ’
247 955 394 1008 μεγαλα
424 955 654 1007 ὑπομένουσιν
677 955 908 1003 ὀνείδη.οἱ
937 956 1005 1010 γὰρ
1037 958 1198 1010 μεγάλων

226 1029 251 1066 α
271 1015 404 1070 κερδῶν
424 1014 470 1055 τὰ
492 1019 641 1055 τοιαῦτα
658 1015 889 1067 ὑπομένοντες
911 1017 970 1056 καὶ
992 1018 1198 1070 λαμὸάνον-

88 1119 99 1131 ‚‚
119 1125 132 1130 Η
204 1068 293 1122 -Ἐθεν
309 1076 349 1117 οὔ
363 1077 415 1115 δεῖ
428 1104 440 1124 ,
461 1075 579 1116 οὐδὲε
560 1092 609 1122 ως
623 1077 693 1124 δεῖ,
712 1077 775 1115 οὔκ
802 1078 1048 1131 αἰσχροκερδε
1037 1094 1086 1127 ις,
1108 1079 1199 1118 ἀλλὰ

92 1130 135 1190 J
193 1133 293 1189 νηροὶ
311 1136 373 1178 καὶ
398 1135 538 1180 ἀσεὸεἴς
566 1152 627 1176 και
643 1136 758 1175 αδικοι
786 1138 989 1175 καλοῦνται·
1022 1131 1086 1178 οἶοί
1113 1140 1199 1179 εἰσιν

79 1239 115 1245 Α
146 1196 195 1237 οῖ’
191 1197 387 1250 τύραννοι,
405 1196 468 1235 καὶ
493 1197 525 1234 οῖ
545 1195 607 1239 τὰς
639 1195 757 1240 πόλεις
788 1199 1015 1248 πορθοῦντες,
1036 1199 1101 1237 καὶ
1122 1199 1198 1252 ἱερὰ

91 1291 94 1297 ,
147 1256 336 1301 συλῶντες.
360 1254 407 1296 Ὁ
423 1254 492 1309 γὰρ
511 1255 684 1303 κυὸευτὴς
702 1256 880 1308 λαμὸάνει
901 1257 964 1308 μὲν
982 1257 1059 1297 ὅθεν
1078 1260 1116 1298 οὗ
1136 1260 1198 1298 δεῖ·

73 1354 96 1419 ,ἒ
147 1312 266 1369 παρᾶ
260 1316 329 1354 των
350 1314 460 1368 φίλων
482 1316 570 1370 γάρ,
591 1310 647 1358 οἷς
669 1317 721 1355 δεῖ
750 1316 894 1355 διδόναι·
919 1316 1029 1371 μικρὰ
1050 1318 1088 1357 δέ
1103 1348 1114 1364 ,
1139 1335 1199 1358 και

97 1369 218 1433 ·ἃῇᾇ
225 1376 329 1419 ’,τοῦτο
348 1374 619 1427 αἰσχροκερδής·
654 1391 714 1414 και
740 1375 906 1428 ὃληστὴς
936 1376 1109 1428 μεγάλους
1136 1377 1198 1429 μὲν

71 1477 98 1486 ,
214 1433 312 1485 μένει
340 1431 547 1482 κινδύνους,
579 1434 670 1473 ἀλλὰ
704 1439 829 1509 μικροῦ
857 1434 1046 1485 λήμματος
1081 1435 1196 1476 ἕνεκα·

146 1490 276 1543 ὁμοίως
294 1492 355 1531 καὶ
376 1495 396 1532 ὁ
412 1493 639 1542 λωποδύτης,
656 1510 718 1532 και
738 1493 771 1532 εἴ
788 1509 840 1538 τις
860 1494 966 1538 ἄλλος
981 1499 1143 1540 τοιοῦτος.

68 1554 106 1593 3:
166 1570 190 1584 ¹»
202 1550 259 1570 *¹⁵*
281 1550 439 1597 Εἰκότως
459 1546 518 1592 οῧν
541 1557 564 1600 ἡ
585 1552 865 1606 ἀνελευθεριότης
881 1569 924 1607 τῃ
946 1556 1200 1608 ἐλευθεριότητι

106 1611 300 1654 ὣᾶνήἫ
319 1611 478 1664 λέγεται·
499 1612 553 1652 ὅτι
581 1629 620 1651 τε
647 1614 782 1664 μᾶλλον
813 1614 1008 1667 ἀφέστηκεν
1028 1618 1154 1664 αὐτῆς,
1175 1616 1198 1664 ἢ

63 1707 111 1730 2
115 1664 345 1747 ἤίὸσιιπία
371 1671 641 1727 (ἐναντιώτερον
660 1673 728 1725 γάρ
749 1673 842 1712 ἐστιν
866 1673 991 1722 αὗτῆς,
1008 1675 1093 1714 διότι
1116 1677 1198 1726 μεῖ-

104 1719 325 1787 ζρῇκακόν
342 1733 458 1780 ἔστιν,
479 1731 503 1780 ἢ
520 1733 581 1779 ἡ’
561 1731 694 1771 ασωτία
707 1764 716 1781 ,
736 1732 750 1784 )
769 1732 829 1771 καὶ
843 1733 895 1772 ὅτι
915 1734 1008 1782 κατὰ
1030 1735 1197 1782 πλείονας

82 1791 291 1847 τρίπους
320 1790 586 1846 ἁμαρτάνουσιν
607 1793 639 1831 οἳ
671 1791 849 1847 ἄνθρωποι
882 1808 964 1846 περι
995 1793 1152 1847 ταύτην,
1174 1795 1197 1844 ἢ

88 1850 232 1906 mpl'
240 1851 317 1900 τὴν
325 1852 495 1892 ἇσωτίαν.

162 1910 401 1979 ‘“(Scripsi:
422 1911 614 1965 ιιῗοφελεῖ]
636 1912 722 1950 cod.
747 1911 889 1964 ὠφελεὶ.
911 1936 963 1943 —
977 1916 992 1940 ¹>
1007 1915 1090 1966 ζῆν]
1109 1915 1195 1956 cod.

12 1991 37 2003 A
59 1967 70 2003 ζ
140 1960 296 2026 (nv
306 1976 323 1996 θ
338 1969 490 2025 λῃσταί]
511 1970 599 2013 cod.
619 1969 769 2019 λησταί.
777 1970 788 2023 )

247 2073 272 2086 ⁰
585 2085 675 2137 Κεφ.
703 2082 750 2135 γ’.

482 2197 562 2238 Περὶ
577 2195 858 2238 μεγαλοπρεπείας.

164 2298 268 2322 *Μ
282 2297 374 2350 Περὶ
387 2295 451 2349 μὲν
464 2290 523 2336 οὖν
539 2295 817 2349 ἐλευθεριότητος
833 2295 894 2334 καὶ
912 2299 981 2335 τῶν
996 2297 1196 2348 ἀντικειμέ-

148 2357 374 2398 Μ“·άακιῶν
405 2359 561 2395 τοσαῦτα
591 2355 757 2408 εἰρήσθω·
795 2354 981 2393 ἀκόλουθον
1016 2356 1048 2394 δ’
1067 2356 1110 2396 ἂν
1144 2356 1196 2405 εἴη

50 2443 73 2470 3
142 2416 236 2470 ᾣέτὶ
268 2419 383 2455 ταῦτα
417 2414 500 2468 περὶ
535 2413 840 2468 μεγαλοπρεπείας
874 2414 1071 2460 διεξελθεῖν·
1104 2415 1194 2455 ἔοικε

42 2466 86 2511 s
141 2474 255 2530 γὰρὴ
271 2473 567 2528 ’μεγαλοπρέπεια
595 2477 640 2527 τῇ
664 2474 939 2527 ἐλευθεριότητι,
967 2478 1115 2515 καθόσον
1136 2475 1196 2515 καὶ

41 2579 66 2586 υ,
255 2533 336 2589 περὶ
355 2533 527 2588 χρήματά
548 2535 625 2573 ἐστι
659 2534 721 2574 καὶ
755 2533 837 2586 περὶ
874 2534 1034 2580 δαπάνας
1053 2536 1195 2589 χρημά-

55 2611 74 2635 ἐι,
142 2607 229 2635 w·
583 2613 588 2616 ·

162 2657 179 2677 l
196 2652 290 2676 '‘¹⁸³¹'‘
297 2653 465 2707 Διαφέρει
478 2652 530 2705 δέ,
543 2653 597 2693 ὅτι
612 2657 632 2702 ἡ
648 2654 711 2706 μὲν
724 2654 960 2708 ἐλευθεριότης
976 2655 1038 2694 καὶ
1052 2656 1132 2709 περὶ
1144 2656 1197 2696 δό-

100 2708 236 2763 σαῖς,
231 2729 306 2754 και
321 2713 403 2768 περὶ
423 2713 546 2767 λήψεις
562 2743 572 2762 ,
592 2713 653 2753 καὶ
671 2714 828 2759 δαπάνας
851 2714 962 2766 ἐστίν,
981 2719 1003 2763 ἡ
1026 2715 1060 2754 δὲ
1080 2732 1192 2767 μεγα-

94 2772 336 2826 λοπρέπεια
352 2771 433 2826 περὶ
446 2771 606 2817 δαπάνας
626 2772 743 2824 μόνον·
760 2773 857 2812 καὶ
838 2788 861 2821 η
877 2772 940 2824 μὲν
959 2775 1013 2813 ἓελ
1001 2775 1195 2828 ςυθεριότης

82 2831 222 2886 ἢρῖὶ
237 2832 397 2877 δαπάνας
408 2831 537 2884 ὀλίγων
557 2831 753 2886 χρημάτων
770 2832 830 2872 καὶ
851 2848 986 2884 μικρων
1000 2863 1011 2880 ,
1026 2837 1048 2882 ἡ
1075 2833 1111 2873 δὲ
1129 2850 1195 2885 με-

139 2892 383 2945 γὴλοπρέπεια
400 2891 480 2944 περὶ
497 2891 659 2942 μεγάλων
673 2891 734 2931 καὶ
750 2893 903 2931 πολλῶν·
917 2892 1077 2944 καθάπερ
1095 2893 1195 2941 δηλοῖ

43 2943 104 2997 :sz
141 2949 205 2993 θᾶτὶ
227 2951 315 2990 αὗτὸ
333 2950 374 2990 τὸ
392 2950 505 3002 ὄνομα
524 2967 588 2998 της
609 2950 964 3003 μεγαλοπρεπείας·”
946 2967 1019 2990 εστι
1040 2951 1108 3005 γὰρ
1131 2953 1194 2991 δα-

140 3011 237 3060 πάνη
253 3010 597 3063 μεγέθειπρέπουσα.
615 3013 648 3050 Τ
650 3010 668 3050 ὸ
682 3011 717 3050 δὲ
729 3010 874 3084 μέγεθος
891 3012 954 3050 οὔκ
963 3010 1036 3051 ἔστι
1052 3011 1092 3050 τὸ
1108 3012 1193 3052 αὐτὸ

36 3052 72 3097 ᾗ
140 3071 230 3110 fflct
249 3072 311 3117 τῆς
324 3070 493 3117 δαπάνης·
511 3071 550 3109 οὐ
563 3069 673 3122 γὰρ
641 3085 681 3108 το
700 3070 785 3116 αι’ρτὸ
806 3069 950 3121 μέγεθος
959 3070 1193 3123 πᾶσιπροση-

141 3130 211 3180 zeti,
227 3128 317 3168 ἀλλὰ
335 3130 520 3180 ἀνάλογον.
541 3130 594 3169 06
621 3129 689 3181 γὰρ
706 3129 745 3168 τὸ
766 3129 850 3168 αὐτὸ
871 3129 1064 3180 δαπάνημα
1082 3146 1190 3182 προσ·

131 3158 220 3237 ήῦεει
241 3187 446 3242 τριηράρχῳ
464 3188 525 3227 καὶ
549 3191 598 3226 τῶ
618 3187 834 3242 ἄρχιθεώρω·
851 3214 864 3231 a
885 3190 962 3227 ἀλλ’
985 3188 1139 3243 ἑκατέρῳ
1153 3189 1192 3229 τὸ

141 3246 275 3302 πρέπον
290 3250 341 3301 τῷ
362 3248 500 3300 μεγέθει
522 3251 584 3296 τῆς
606 3250 718 3302 ἀρχης
734 3279 745 3300 ,
760 3249 846 3301 ὅπερ
869 3248 1031 3302 ἑκάτερος
1051 3249 1191 3289 ἀναλω-

144 3351 240 3362 ——-·..

636 213 939 256 ETfflcORUM
970 214 1419 260 NICOMAGHEORUM
1451 220 1828 264 PARAPHRASIS.

2236 230 2314 270 379

116 339 127 350 „
150 301 155 304 ”
204 304 206 308 ’
245 304 552 355 Ιὶὶυγκασθῶσιν,
570 303 659 342 διότι
674 303 926 355 λαμὸάνουσιν·
945 307 1127 359 ἀγαπῶσιν
1144 300 1202 346 ουν
1267 314 1399 356 quando
1417 315 1497 348 dare
1528 318 1703 358 cogantur,
1722 318 1801 361 quia
1826 319 2009 362 accipiunt,
2034 329 2145 364 neque
2166 321 2314 365 accipere

1263 382 1371 416 neque
1389 374 1468 407 dare
1484 376 1633 418 cupiunt.

1305 433 1470 466 Dicuntur
1486 443 1565 467 vero
1584 435 1617 468 hi
1639 437 1743 478 parci,
1767 439 1916 476 tenaces,
1946 439 2090 478 sordidi,
2118 440 2177 482 qui
2193 440 2227 472 in
2242 440 2312 473 lar-

1262 491 1381 534 giendo
1396 492 1532 526 modum
1547 494 1706 527 deserunt
1724 508 1732 527 :
1750 495 1836 528 inter
1862 506 1948 540 quos
1967 499 2066 531 estet
2078 498 2313 532 cuminisector

1263 560 1363 594 quem
1377 555 1507 586 vocant.
1549 554 1613 586 Alii
1626 564 1743 587 rursus
1758 555 1948 598 accipiendo
1969 556 2106 590 modum
2125 558 2290 591 excedunt
2304 584 2312 597 ,

1265 609 1344 652 quia
1361 611 1470 643 omnia
1484 612 1594 654 turpia
1611 614 1640 645 et
1662 613 1842 646 admittunt
1863 616 1896 647 et
1917 615 2093 656 patiuntur
2104 641 2113 657 ,
2132 618 2171 649 ut
2187 617 2314 658 aliquid

1263 669 1445 711 accipiant,
1472 670 1573 713 idque
1604 681 1711 714 neque
1745 674 1784 705 ut
1821 675 1969 715 oportet,
2005 683 2114 717 neque
2135 685 2155 707 a
2189 675 2315 717 quihus

1262 730 1404 769 oportet.
1446 729 1490 761 Hi
1515 731 1627 762 autem
1644 739 1758 763 omnes
1778 731 1869 774 turpi
1886 732 1980 764 lucro
1994 732 2100 765 dediti
2124 735 2287 766 vocantur
2305 743 2312 763 ·,

1262 787 1379 828 quales
1392 790 1469 820 sunt
1482 788 1631 830 lenones,
1651 790 1854 823 feneratores
1870 816 1878 830 ‚
1897 791 2076 830 aleatores,
2093 794 2310 833 grassatores,

1262 845 1320 886 qui
1344 845 1460 879 obvios
1477 847 1618 889 spoliant
1631 874 1638 886 ,
1667 850 1700 880 et
1720 848 1884 890 latrones;
1903 859 2048 892 quorum
2068 860 2167 884 nemo
2187 853 2239 884 est
2256 852 2315 894 qui

1262 913 1327 936 non
1345 907 1480 948 propter
1502 908 1689 948 quaestum,
1716 917 1861 951 eumque
1878 909 2052 950 exiguum,
2082 919 2239 953 magnum
2255 910 2315 944 de-

1261 963 1364 996 decus
1379 965 1507 998 subeat.
1526 967 1610 998 Nam
1627 966 1686 1008 qui
1705 967 1817 1010 magni
1829 967 1914 1000 lucri
1928 972 2034 1015 ‚causa
2044 969 2124 1002 talia
2139 971 2313 1009 sustinent,

1261 1023 1388 1065 quique
1406 1033 1466 1057 nec
1486 1025 1591 1064 unde,
1610 1035 1672 1058 nec
1688 1026 1971 1068 quemadmodum
1991 1031 2121 1070 oportet
2134 1029 2314 1072 accipiunt,

1260 1092 1325 1115 non
1348 1083 1437 1126 turpi
1460 1084 1553 1130 lucro
1578 1084 1700 1124 dediti,
1728 1085 1787 1118 sed
1810 1086 1954 1128 improbi
1976 1089 2009 1120 et
2038 1088 2131 1130 impii
2151 1090 2185 1121 et
2200 1089 2317 1131 injusti

1261 1142 1490 1185 appellantur;
1515 1144 1631 1186 quales
1650 1145 1727 1176 sunt
1744 1145 1891 1187 tyranni,
1919 1146 2053 1178 urbium
2072 1156 2242 1180 eversores
2255 1173 2263 1186 ,
2283 1149 2317 1179 et

1263 1203 1320 1245 qui
1333 1202 1472 1236 deorum
1488 1204 1612 1246 templa
1634 1204 1790 1246 expilant.
1816 1206 1899 1238 Nam
1917 1205 2041 1238 aleator
2063 1206 2203 1248 accipit,
2221 1205 2310 1239 unde

1260 1271 1326 1295 non
1355 1264 1486 1304 oportet
1516 1274 1523 1295 :
1560 1262 1718 1296 nimirum
1745 1263 1787 1296 ab
1812 1263 1945 1303 amicis,
1976 1264 2100 1307 quibus
2133 1264 2212 1297 dare
2241 1275 2316 1297 eum

1261 1321 1436 1364 oportebat
1459 1335 1467 1354 ε
1496 1321 1554 1355 sed
1584 1332 1649 1355 non
1676 1332 1834 1365 magnum
1859 1325 2028 1366 quaestum
2048 1323 2146 1363 facit,
2174 1324 2317 1367 ideoque

1261 1381 1403 1423 turpiter
1417 1381 1566 1414 lucratur
1583 1393 1591 1414 ι
1613 1382 1695 1424 quin
1714 1382 1815 1416 ctiam
1835 1392 1952 1425 magna
1967 1383 2115 1425 pericula
2128 1383 2199 1416 adit
2214 1383 2312 1422 latro,

1261 1439 1320 1473 sed
1345 1440 1441 1482 parvi
1459 1441 1545 1473 lucri
1562 1451 1662 1474 causa
1686 1453 1693 1474 ε
1710 1442 1863 1475 similiter
1879 1444 1913 1475 et
1937 1445 2103 1484 grassator
2123 1443 2182 1486 qui
2200 1443 2318 1476 obvios

1262 1499 1398 1542 spoliat,
1415 1502 1447 1533 et
1463 1500 1491 1533 si
1503 1501 1579 1543 quis
1597 1501 1683 1534 alius
1701 1501 1803 1544 hujus
1819 1502 1947 1544 generis
1963 1503 2024 1535 est.

1303 1560 1422 1593 Merito
1437 1569 1515 1602 ergo
1531 1560 1740 1594 illiberalitas
1755 1561 1949 1594 liberalitati
1968 1562 2135 1595 contraria
2156 1562 2280 1595 dicitur
2305 1572 2314 1595 t

1261 1621 1334 1652 tum
1355 1619 1447 1662 quod
1471 1619 1602 1662 longius
1627 1619 1715 1653 absit
1741 1620 1782 1653 ab
1808 1630 1847 1653 ea
1873 1630 1976 1663 quam
1997 1620 2146 1663 profusio
2160 1647 2168 1662 ,
2190 1621 2317 1664 (magis

1261 1679 1351 1712 enim
1383 1678 1434 1711 illi
1455 1680 1505 1712 est
1528 1679 1692 1712 contraria
1706 1706 1713 1718 ,
1746 1679 1826 1722 quia
1851 1680 1960 1722 majus
1985 1680 2111 1713 malum
2138 1683 2188 1714 est
2213 1690 2314 1723 quam

1260 1737 1445 1781 profusio,)
1469 1740 1542 1771 tum
1560 1737 1652 1780 quod
1677 1738 1831 1780 pluribus
1858 1739 1966 1773 modis
1983 1740 2018 1772 in
2039 1740 2121 1779 hac,
2146 1749 2249 1783 quam
2277 1740 2313 1773 in

1260 1797 1450 1841 profusione
1462 1797 1612 1831 homines
1626 1800 1772 1840 peccent.

1705 2108 1782 2150 Gap.
1808 2109 1868 2142 ΙΙΙ.

1636 2223 1680 2250 De
1692 2221 1928 2257 magnificentia.

1300 2309 1347 2341 Ac
1361 2307 1403 2340 de
1419 2307 1621 2342 liberalitate
1645 2309 1783 2351 quidem
1806 2309 1966 2351 vitiisque
1996 2311 2154 2352 oppositis
2185 2311 2312 2345 dictum

1259 2368 1301 2400 sit
1319 2368 1480 2401 hactenus
1498 2378 1506 2398 τ
1525 2370 1694 2410 superest,
1710 2370 1748 2401 ut
1764 2368 1920 2411 deinceps
1933 2369 1975 2402 de
1991 2369 2232 2411 magnificentia
2247 2370 2312 2403 dis-

1259 2436 1407 2460 seramus
1426 2437 1434 2457 :
1456 2427 1579 2470 quippe
1601 2427 1846 2470 magnificentia
1859 2427 1901 2461 ad
1922 2427 2133 2461 liberalitatis
2151 2429 2310 2462 similitu·

1258 2487 1370 2520 dinem
1385 2486 1530 2526 accedit,
1550 2489 1718 2529 quatenus
1730 2490 1764 2521 et
1783 2487 1855 2531 ipsa
1876 2488 1963 2520 circa
1977 2487 2151 2530 pecuniam
2173 2489 2310 2532 ejusque

1258 2546 1478 2588 erogationem
1494 2548 1661 2582 versatur.

1301 2660 1366 2694 Sed
1392 2668 1430 2691 eo
1451 2658 1538 2691 inter
1562 2667 1597 2691 se
1616 2657 1796 2698 differunt,
1826 2659 1918 2702 quod
1944 2659 2127 2694 liberalitas
2142 2661 2176 2693 in
2202 2661 2310 2694 dando

1259 2718 1514 2762 accipiendoque
1533 2720 1567 2752 et
1595 2720 1708 2751 sumtu
1727 2717 1876 2752 faciendo
1889 2746 1898 2760 ‚
1923 2718 2162 2762 magnificentia
2177 2723 2308 2754 tantum

1258 2780 1292 2812 in
1322 2781 1435 2812 sumtu
1459 2777 1609 2811 faciendo
1628 2780 1781 2812 versatur
1813 2792 1821 2812 ι
1843 2778 1962 2812 deinde
1981 2779 2016 2812 in
2039 2780 2154 2822 paucis
2179 2789 2240 2813 nec
2262 2781 2309 2813 ita

1257 2839 1384 2881 magnis
1406 2838 1575 2874 sumtibus
1593 2838 1738 2871 cernitur
1768 2837 1968 2880 liberalitas,
1992 2839 2026 2872 in
2048 2839 2176 2881 magnis
2195 2842 2308 2873 contra

1256 2901 1439 2943 multisque
1457 2899 1698 2942 magnificentia
1713 2926 1719 2939 ‚
1737 2899 2022 2942 ‘quemadmodum
2048 2901 2157 2943 ipsum
2173 2911 2307 2944 quoque

1255 2957 1504 3000 magnificentia>
1523 2967 1642 2990 nomen
1670 2957 1817 2991 declarat
1850 2971 1857 2990 :
1882 2961 1934 2992 est
1957 2959 2045 2992 enim
2071 2962 2203 2993 sumtus
2233 2970 2306 2994 ma-

1255 3017 1427 3059 gnitudine
1451 3019 1624 3059 praestans.
1648 3019 1687 3050 In
1716 3017 1872 3051 omnibus
1897 3020 2011 3051 autem
2032 3029 2097 3051 non
2117 3021 2167 3052 est
2190 3020 2305 3053 eadem

1255 3079 1387 3110 sumtus
1407 3077 1600 3119 magnitudo
1615 3090 1623 3111 :
1639 3077 1719 3120 quia
1731 3087 1796 3110 non
1814 3079 1968 3111 omnibus
1981 3079 2098 3113 eadem
2112 3080 2305 3122 magnitudo

1254 3137 1429 3177 convenit,
1451 3136 1510 3170 sed
1534 3138 1622 3179 apta.
1641 3138 1755 3179 Neque
1777 3138 1865 3170 enim
1895 3137 1984 3171 idem
2010 3140 2141 3171 sumtus
2166 3139 2304 3172 trierar-

1253 3196 1355 3229 chum
1373 3197 1408 3228 ct
1421 3196 1686 3238 spectaculorum
1702 3198 1761 3230 aut
1780 3205 1948 3231 sacrorum
1968 3197 2166 3240 praefectum
2180 3198 2275 3231 ἀοι-ει
2292 3211 2300 3231 :

1255 3254 1314 3288 sed
1328 3254 1388 3298 qui
1406 3254 1537 3298 imperii
1555 3255 1732 3299 utriusque
1751 3256 1971 3298 magnitudini
1987 3259 2224 3290 consentaneus
2239 3259 2299 3295 est,

186 3416 206 3435 ⁶
225 3418 266 3449 ot
297 3416 355 3459 μὲν
378 3417 440 3460 γὰρ
470 3418 504 3450 ἐν
534 3422 605 3456 ταῖς
633 3419 801 3455 τοιαύταις
830 3419 899 3450 m).
922 3435 964 3442 -—·
980 3418 1020 3438 ⁴¹*
1037 3421 1077 3451 Οἱ
1094 3420 1122 3452 δ’
1140 3419 1179 3452 αὖ
1197 3420 1283 3452 κατὰ
1299 3422 1357 3460 τήν
1375 3423 1444 3454 κτλ.
1466 3439 1508 3445 -
1529 3421 1588 3440 ”¹⁴¹
1616 3422 1759 3460 Εἰκότως
1788 3423 1823 3455 δὲ
1854 3427 1893 3465 τῇ
1924 3423 2156 3467 ἐλευθεριότητι
2172 3424 2299 3457 κτλ-

153 3462 230 3484 ”’4
249 3463 328 3506 Gap.
343 3468 372 3497 2.
389 3464 465 3503 Δὸξς
453 3476 497 3498 ειε
510 3466 538 3498 δ’
553 3465 592 3498 ὄιν
607 3466 782 3499 ἀγόὶουθον
805 3466 887 3499 εἶναι
900 3467 970 3499 κτλ.
988 3483 1030 3490 -
1051 3467 1148 3487 *⁸⁰⁸
1167 3468 1263 3511 Οὐχ·
1249 3469 1360 3512 ὠσπερ
1375 3469 1403 3502 δ’
1415 3471 1435 3508 ἡ
1454 3469 1670 3515 ἐλευθεριότης
1686 3471 1917 3505 διατείνεικτὶ..
