2508 3776
257 272 338 311 358

307 357 326 380 '¹‘
336 355 510 407 “Ωσπερ”
491 371 564 408 εχει
578 355 637 394 καὶ
649 355 784 395 ἐπὶτῶν
803 359 990 408 σωμάτων·
1006 362 1078 403 τοῖς
1093 358 1156 410 μὲν
1173 358 1285 411 ὑγιαί-

254 430 351 454 νουσι
368 413 427 453 καὶ
450 430 486 452 ευ
501 413 619 466 ἔχουσι
641 413 685 452 τὰ
701 413 850 466 σώματα
867 416 1035 468 ὑγιεινὰ
1016 423 1108 457 οοκεῖ
1127 417 1173 457 τὰ
1191 417 1285 457 κατὰ

253 473 440 521 ἀλήθειανε
427 472 575 524 υγιεινά,
588 478 657 516 τοῖς
666 473 703 511 δὲ
719 473 890 518 ἐπινόσοις
900 474 1011 528 ἕτερα·
1026 475 1152 526 ὁμοίως
1168 475 1204 515 δὲ
1224 476 1285 516 καὶ

252 531 359 584 πικρὰ
377 531 437 570 καὶ
457 531 588 583 γλυκέα
605 562 614 580 ,
634 532 704 577 τοῖς
720 531 781 583 μὲν
802 532 992 586 ὑγιαίνουσι
1011 533 1055 573 τὰ
1073 533 1156 574 ὄντα
1176 535 1288 588 πικρὰ

250 592 293 640 τῇ
311 589 410 642 φύσει
429 590 488 629 καὶ
507 590 637 642 γλυκέα
653 595 799 630 τοιαῦτα
825 593 929 631 δοκεῖ·
948 592 1077 644 ὁμοίως
1094 594 1153 632 καὶ
1176 593 1288 647 θερμὰ

250 649 308 687 καὶ
344 649 455 701 βαρέα
469 679 479 699 ,
500 649 561 689 καὶ
587 653 656 689 τῶν
681 650 797 690 ἄλλων
816 649 965 690 ἕκαστα·
999 651 1071 695 τοῖς
1090 651 1126 690 83
1149 655 1289 691 νοσοῦσι

250 706 310 751 τὰς
353 707 528 754 αἰσθήσεις
563 708 713 760 ἑτεροῖα.
748 711 853 749 Οὕτω
899 709 1011 748 τοίνυν
1041 708 1102 748 καὶ
1135 710 1193 749 ἐπὶ
1221 712 1288 748 τῶν

251 766 392 816 ἀγαθῶν
419 765 480 803 καὶ
501 767 611 814 ἡδέων
640 766 700 804 καὶ
721 767 854 806 κακῶν.
880 765 926 807 Ὁ
945 767 1008 817 μὲν
1038 767 1224 812 σπουδαῖος
1243 767 1288 807 τὰ

250 822 331 861 ὄντα
349 823 480 873 νομίζει
500 824 560 862 καὶ
580 824 624 863 τὰ
651 826 810 872 ἀληθῆ,ὁ
828 823 862 862 δὲ
878 827 1005 878 φαῦλος
1024 825 1189 864 τάναντία
1205 826 1291 864 πολ-

249 882 362 926 λάκις·
384 884 463 921 καθ’
484 884 636 932 ἑκάστην
652 882 721 936 γὰρ
743 885 812 921 τῶν
833 885 992 936 ψυχικῶν
1007 884 1192 924 διαθέσεων
1213 883 1288 923 ἐστί

249 957 282 980 τι
304 940 319 964 ‘³
339 941 422 981 ἴδιον
444 941 573 994 ἀγαθὸν
605 942 667 981 καὶ
699 941 778 989 ἡδύ.
804 943 876 982 Καὶ
894 942 1006 997 τούτῳ
1031 943 1186 997 διαφέρει
1215 945 1284 984 τῶν

251 1000 393 1053 φαύλων
427 1003 444 1039 ὁ
464 1001 673 1050 σπουδαῖος,
709 999 761 1039 ὅτι
797 1001 965 1055 διακρίνει
993 1002 1034 1041 τὸ
1067 1002 1198 1055 ἀγαθὸν
1229 1007 1289 1042 τοῦ

247 1058 364 1108 ἡδέος,
385 1059 446 1098 καὶ
466 1060 504 1098 τὸ
535 1059 659 1108 ἀληθὲς
691 1061 725 1100 ἐν
744 1066 849 1098 πᾶσιν
875 1063 960 1113 ὁρᾷ,
989 1061 1149 1113 καθάπερ
1169 1060 1286 1101 κανὼν

247 1117 307 1156 καὶ
336 1117 458 1170 μέτρον
492 1119 605 1157 αὐτῶν
625 1119 814 1170 γινόμενος·
842 1120 873 1158 οἳ
894 1119 930 1158 δὲ
949 1121 1095 1171 φαῦλοι,
1117 1119 1165 1169 μὴ
1187 1119 1288 1158 δυνά-

250 1191 346 1226 μενοι
366 1175 406 1214 τὸ
425 1176 549 1223 ἀληθὲς
565 1178 728 1227 συνιδεῖν,
750 1177 817 1216 ὑπὸ
836 1180 896 1224 τῆς
917 1178 1040 1226 ἡδονῆς
1060 1180 1288 1226 ἀπατῶνται,

250 1233 443 1284 νομίζοντες
471 1235 584 1286 ἀγαθὰ
617 1235 662 1274 τὰ
693 1235 797 1285 ἡδέα,
827 1237 890 1274 οὒκ
916 1235 999 1274 ὄντα
1030 1236 1131 1289 φύσει
1161 1233 1288 1288 ἀγαθά·

251 1291 376 1341 ὁμοίως
403 1291 438 1330 δὲ
455 1293 515 1330 καὶ
546 1291 591 1330 τὰ
607 1293 750 1347 λυπηρὰ
767 1292 970 1346 φεύγουσιν,
992 1295 1054 1332 οὐκ
1081 1293 1163 1333 ὄντα
1186 1292 1286 1345 φύσει

249 1350 384 1403 πονηρὰ
406 1350 466 1389 καὶ
486 1352 631 1403 φευκτά.

304 1408 476 1484 (Scripsi
504 1425 512 1448 ε
570 1412 686 1463 ἐστιν]
705 1411 793 1451 cod.
813 1412 899 1451 ἐστι.
919 1432 972 1440 -
988 1407 1102 1463 ι’πὴἸ
1117 1411 1202 1450 cod.
1225 1413 1288 1463 πῇ.

246 1489 299 1497 -—
317 1477 329 1494 ⁰
347 1468 396 1515 πὴ
415 1461 524 1520 ειναι]
538 1469 622 1509 cod.
642 1472 690 1520 πῇ
710 1463 812 1510 εἶναι.
826 1491 878 1500 —-
896 1468 911 1492 ‘¹
928 1468 1151 1509 διαθέσεών’
1135 1468 1210 1508 εστί
1229 1467 1288 1522 τι]

249 1527 334 1565 cod.
356 1526 540 1582 διαθέσεων
565 1526 640 1566 ἐστί
661 1543 708 1567 τι.
731 1528 808 1578 -)

676 1657 769 1708 Κεφ.
797 1654 843 1701 ς’.

411 1762 485 1797 ’Ότι
504 1763 558 1797 καὶ
573 1766 593 1803 ἡ
610 1763 708 1806 ἀρετὴ
729 1764 783 1796 καὶ
803 1766 823 1803 ἡ
839 1763 938 1797 κακία
957 1763 1119 1796 ἑκούσιον.

295 1864 340 1889 **
354 1864 458 1904 Ἐπεὶ
470 1863 505 1903 δὲ
522 1863 565 1902 τὰ
583 1863 646 1915 μὲν
659 1863 743 1911 τέλη
762 1863 929 1916 βουλητα,
939 1862 983 1902 τα
998 1862 1034 1900 δὲ
1051 1862 1134 1915 πρὸς
1152 1861 1197 1902 τὰ
1207 1862 1290 1910 τέλη

252 1923 421 1980 βουλευτὰ
442 1923 501 1962 καὶ
524 1922 734 1975 προαιρετά,
768 1937 914 1997 φανερον
947 1920 999 1960 ὅτι
1033 1923 1068 1960 αἱ
1088 1920 1253 1994 repostaeu
1248 1923 1284 1960 αἱ

248 1983 329 2036 περὶ
351 1982 394 2020 τὰ
416 1981 585 2034 βουλευτὰ
605 1980 663 2019 καὶ
683 1979 874 2033 προαιρετὰ
891 1979 983 2019 κατὰ
1002 1980 1202 2033 προαίρεσιν
1220 1974 1288 2019 εἶεν

249 2044 289 2083 ἂν
311 2057 372 2080 και
393 2040 554 2081 ἑκούσιοι.
582 2041 756 2079 Τοιαυται
778 2038 814 2078 δὲ
832 2040 868 2077 αἱ
889 2041 967 2078 κατ’
988 2038 1114 2092 ἀρετὴν
1131 2037 1285 2091 πράξεις’

248 2101 328 2154 περὶ
356 2099 423 2151 γὰρ
442 2098 487 2137 τὰ
509 2097 679 2151 βουλευτὰ
698 2098 758 2137 καὶ
789 2096 982 2150 προαιρετὰ
1002 2096 1169 2148 γίνονται.
1206 2096 1286 2150 Ἐφ’

247 2163 332 2210 ἡμῖν
354 2157 421 2209 ἄρα
436 2156 527 2196 ἐστὶν
550 2159 571 2203 ἡ
594 2155 699 2208 ἀρετὴ
721 2155 780 2194 καὶ
798 2159 821 2204 ἡ
841 2155 965 2194 κακία·
990 2157 1026 2194 αἱ
1048 2155 1114 2209 γὰρ
1134 2155 1288 2208 πράξεις,

247 2220 290 2257 δι’
312 2211 360 2256 ων
383 2215 535 2266 ἐθίζομεν
558 2213 699 2259 ἑαυτους
718 2216 766 2259 εἷς
800 2213 862 2261 τὴν
902 2213 1050 2266 ἀρετήν,
1084 2214 1288 2268 προαιρεταὶ

247 2292 308 2315 και
328 2275 378 2329 ἐφ’
398 2277 483 2325 ἡμῖν
503 2275 604 2313 εἰσιν.
629 2275 673 2313 Ei
694 2273 731 2313 83
750 2272 791 2312 τὸ
818 2272 987 2326 πράττειν
1025 2288 1064 2311 το
1085 2273 1213 2325 ἀγαθὸν
1235 2274 1286 2327 ἐφ’

247 2339 355 2408 ἡμῖν,
374 2333 435 2374 καὶ
456 2334 496 2372 τὸ
515 2334 564 2385 μὴ
584 2332 750 2386 πράττειν
773 2332 827 2386 ἐφ’
851 2336 936 2384 ἡμῖν
956 2334 1063 2370 ἐστιν·
1098 2334 1131 2371 ἓν
1154 2336 1201 2377 οῑς
1219 2332 1287 2386 γὰρ

247 2395 286 2434 τὸ
307 2394 357 2446 μή
372 2424 384 2446 ,
400 2391 461 2432 καὶ
480 2393 519 2431 τὸ
544 2391 614 2432 ναί.
630 2392 703 2432 Καὶ
725 2394 755 2431 εἷ
785 2391 825 2430 τὸ
842 2390 1009 2444 πράττειν
1030 2389 1070 2428 τὸ
1086 2390 1249 2442 ἀγαθὸν’
1235 2407 1275 2442 εφ

245 2458 331 2504 ἡμῖν
353 2454 464 2500 ἐστιν,
482 2451 645 2501 ἀγαθὸν”
626 2467 663 2490 ον
675 2482 687 2498 ,
710 2450 770 2490 καὶ
788 2450 827 2490 τὸ
841 2450 890 2502 μὴ
910 2448 1075 2502 πράττειν
1098 2448 1201 2498 αὐτό,
1216 2452 1290 2489 αἷσ-

248 2513 332 2565 χρόν
357 2511 414 2561 ὅν,
436 2510 486 2563 ἐφ’
509 2514 593 2561 ἡμῖν
626 2510 737 2550 ἔσται·
758 2509 818 2549 καὶ
852 2508 942 2547 εἰτὸ
972 2507 1021 2558 μὴ
1050 2506 1217 2561 πράττειν
1248 2509 1287 2548 τὸ

247 2570 378 2619 κακόν,
402 2568 527 2620 ἀγαθὸν
549 2569 608 2618 ὅν,
630 2571 681 2622 ἐφ’
704 2571 787 2620 ἡμῖν
810 2569 903 2616 ἐστι,
925 2566 985 2606 καὶ
1003 2567 1042 2604 τὸ
1062 2566 1227 2619 πράττειν
1247 2567 1287 2606 τὸ

249 2629 387 2680 κακόν,
412 2628 556 2680 αἰσχρὸν
588 2627 650 2677 ὄν,
672 2627 722 2680 ἐφ’
752 2630 836 2678 ἡμῖν
870 2629 959 2666 ἔστι.
982 2627 1105 2665 Ταυτα
1126 2625 1162 2664 δὲ
1188 2629 1284 2678 ἡμᾶς

248 2685 433 2747 ἀγαθοὺς
414 2702 438 2732 η
457 2685 587 2730 κακους
607 2688 711 2725 ποιεῖ·
731 2684 822 2724 ὥστε
842 2684 893 2737 ἐφ’
913 2687 996 2735 ἡμῖν
1017 2686 1090 2723 ἐστι
1108 2683 1147 2722 τὸ
1171 2684 1282 2723 ἐπιει-

248 2745 343 2785 κέσιν
362 2738 449 2783 εἶναι
472 2742 493 2790 ἢ
522 2745 698 2796 πονηροῖς.

300 2803 362 2827 *’¹‘*
380 2803 431 2842 Τὸ
448 2802 484 2841 δὲ
504 2802 647 2853 λέγειν(
629 2818 676 2847 ως
691 2803 799 2847 οὐδεὶς
814 2801 902 2841 ἑκὼν
917 2800 1085 2853 πονηρός,
1101 2800 1170 2839 οὔδ’
1193 2800 1287 2840 ἄκων

252 2862 418 2916 μακάριος
434 2893 444 2910 ,
461 2862 501 2900 τὸ
519 2861 579 2911 μὲν
601 2860 725 2910 ἀληθὲς
749 2862 867 2914 δοκεῖ,
885 2860 924 2900 τὸ
942 2861 977 2900 δὲ
998 2861 1134 2914 ψεῦδος.
1149 2860 1203 2899 Τὸ
1224 2860 1287 2911 μὲν

251 2922 340 2974 γάρ,
374 2922 420 2963 ὡς
439 2920 548 2962 οὐδεὶς
577 2919 619 2957 ἂν
645 2920 777 2971 γένοιτο
799 2920 969 2972 μακάριος
1001 2920 1118 2970 ἄκων,
1148 2918 1286 2967 ἀληθές·

250 2980 372 3031 ψεῦδος
389 2976 425 3016 δὲ
443 2977 482 3016 τὸ
499 2979 646 3029 πρῶτον.
667 2977 712 3017 Ἡ
726 2978 793 3030 γὰρ
810 2978 985 3031 μοχθηρία
1005 2979 1164 3030 οὖδαμως
1182 2978 1287 3018 ἀκού-

250 3050 334 3078 σιον·
353 3037 523 3075 δέδεικται
538 3035 604 3088 γὰρ
623 3035 691 3073 ἀπὸ
710 3038 777 3073 τῶν
798 3037 1010 3088 εἰρημένων,
1027 3037 1084 3076 τὸν
1104 3037 1284 3089 ἄνθρωπον

251 3095 363 3148 ἀρχὴν
375 3088 543 3133 εἶναιτῶν
560 3093 652 3132 ἰδίων
667 3093 838 3146 πράξεων
855 3098 901 3133 ὡν
914 3095 949 3133 δὲ
965 3099 1000 3133 αἱ
1020 3095 1129 3148 ἀρχαὶ
1140 3097 1174 3134 ἓν
1184 3098 1283 3146 ἡμῖν,

251 3171 362 3194 ταυτα
376 3153 427 3207 ἐφ’
447 3154 562 3204 ἡμῖν’
548 3169 621 3192 εστι
635 3153 721 3192 καὶ
707 3152 859 3191 εκούσια·
877 3153 968 3193 ὥστε
985 3155 1041 3192 διὰ
1051 3158 1152 3194 τοῦτο
1167 3160 1285 3193 πᾶσαν

253 3213 468 3266 ἀνθρωπίνην
488 3211 646 3265 πρδίξινξ
632 3211 786 3251 εκούσιον
808 3206 908 3250 εἰναι·
923 3213 1047 3263 ὁμοίως
1061 3213 1122 3260 τήν
1138 3229 1176 3252 τε
1196 3216 1285 3265 ἀγα-

254 3270 314 3318 θὴν
338 3270 396 3309 καὶ
415 3270 479 3318 τὴν
498 3269 664 3322 πονηράν.
685 3269 805 3322 Τούτῳ
831 3270 866 3308 δὲ
883 3272 932 3323 τῷ
945 3270 1038 3331 λόγῳ
1058 3271 1119 3310 καὶ
1136 3273 1168 3310 οἱ
1184 3271 1286 3310 ἰδιῶ-

260 3345 311 3367 ται
333 3346 391 3367 και
410 3331 440 3367 οἳ
458 3329 640 3380 νομοθέται
670 3332 909 3382 μαρτυροῦσι,
936 3330 981 3367 δι’
1007 3332 1056 3366 ὡν
1079 3331 1283 3382 πράττουσι·

1084 270 1358 311 ANDRONICI
1387 269 1565 310 RHODII

1389 363 1513 398 Eadem
1540 362 1641 396 etiam
1664 371 1838 405 corporum
1854 363 1939 396 ratio
1954 365 2006 398 est
2026 377 2034 398 ι
2060 366 2183 408 quippe
2198 339 2386 402 valentinus
2498 356 2505 371 ‘

1348 426 1382 456 et
1397 423 1479 457 bene
1492 421 1683 455 constitutis
1695 421 1886 464 corporibus
1902 422 2044 456 salubria
2063 423 2219 458 videntur
2236 433 2314 468 quoe
2327 431 2386 458 re-

1348 490 1426 515 vera
1441 480 1521 514 talia
1538 481 1633 519 sunt,
1651 479 1749 523 aegris
1765 482 1878 513 autem
1903 480 1989 514 alia:
2010 481 2160 515 similiter
2179 484 2254 516 tum
2273 490 2387 517 amm

1349 542 1421 572 tum
1443 539 1570 579 dulcia;
1587 539 1744 572 nimirum
1760 539 1947 573 valentibus
1964 541 2083 574 natura
2103 549 2164 574 sua
2176 549 2254 583 qum
2275 549 2386 577 amare

1349 600 1381 631 et
1400 598 1510 631 dulcia
1539 599 1618 631 sunt
1643 607 1760 642 reapse
1786 599 1865 631 talia
1889 598 2045 631 videntur
2072 607 2143 632 esse
2165 611 2174 632 z
2207 598 2388 643 eodemque

1347 657 1445 690 modo
1467 657 1572 691 calida
1592 659 1625 691 et
1636 657 1751 700 gravia
1765 659 1798 691 et
1823 659 2021 691 caeterorum
2045 657 2300 701 unumquidque
2320 670 2330 692 ε
2346 657 2389 693 iis

1349 725 1442 755 vero,
1472 725 1614 759 quorum
1645 725 1760 750 sensus
1778 716 1925 751 hebetati
1943 718 2031 756 sunt,
2052 716 2126 750 alia.
2159 715 2286 751 Eadem
2311 725 2390 760 ergo

1349 778 1449 810 etiam
1467 777 1643 817 bonorum,
1665 777 1884 820 jucundorum
1901 777 2109 811 etmalorum
2123 777 2209 811 ratio
2223 778 2285 811 eet.
2308 777 2390 812 Eto-

1349 836 1416 869 nim
1437 836 1489 870 vir
1504 837 1611 870 bonus
1634 846 1710 880 quae
1732 846 1846 880 reapse
1864 836 1944 871 talia
1965 838 2042 870 sunt
2060 845 2140 870 vera
2161 843 2296 879 quoque
2317 835 2390 871 'exi-

1350 897 1463 929 stimat
1481 909 1487 929 :
1504 898 1538 929 at
1553 888 1661 929 malus
1676 905 1764 939 saepe
1781 897 1944 929 contraria
1967 905 1976 925 ε
1995 895 2132 938 singulis
2146 895 2272 930 scilicet
2289 894 2390 930 animi

1349 954 1578 989 affectionibus
1590 955 1758 998 peculiare
1777 955 1877 998 quid,
1900 955 1991 998 quod
2015 955 2140 988 bonum
2158 956 2192 989 et
2203 954 2388 997 iucundum

1349 1017 1418 1054 est,
1433 1013 1595 1047 convenit.
1615 1013 1780 1046 caeterum
1797 1012 1850 1046 vir
1865 1013 1987 1055 probus
2005 1012 2046 1046 ab
2059 1011 2219 1055 improbis
2229 1011 2293 1046 hoc
2304 1019 2390 1055 quo-

1349 1082 1416 1116 que
1432 1072 1561 1114 differt,
1586 1072 1676 1115 quod
1687 1072 1810 1105 bonum
1828 1082 1847 1104 a
1857 1071 2006 1114 jucundo
2030 1071 2188 1105 discernit
2199 1097 2208 1111 ,
2235 1071 2337 1114 ame
2353 1070 2390 1104 in

1350 1131 1502 1165 omnibus
1519 1130 1621 1165 rebus
1633 1140 1752 1165 verum
1771 1130 1937 1173 perspicit,
1960 1129 2057 1173 quasi
2071 1139 2186 1164 earum
2209 1138 2326 1165 noma
2346 1129 2392 1163 sit

1350 1199 1388 1223 ac
1414 1198 1568 1222 mensura
1594 1201 1602 1221 ε
1633 1190 1747 1222 contra
1777 1188 1920 1231 improbi
1938 1197 2043 1231 quum
2066 1196 2185 1222 verum
2206 1186 2392 1230 intelligere

1349 1250 1533 1292 nequeant,
1551 1248 1724 1291 voluptate
1744 1248 1964 1290 decipiuntur,
1998 1248 2120 1290 quippe
2136 1247 2197 1291 qui
2216 1246 2303 1281 bona
2319 1255 2392 1282 em

1350 1308 1539 1342 existiment
1554 1317 1631 1351 quae
1643 1307 1791 1350 jucunda
1804 1309 1884 1341 sunt
1893 1334 1900 1347 ,
1923 1306 2079 1351 quamvis
2090 1308 2211 1341 natura
2227 1314 2290 1341 sua
2305 1304 2392 1340 bom

1350 1377 1415 1401 non
1432 1368 1498 1401 sint
1518 1380 1526 1401 ε
1550 1367 1732 1409 eodemque
1753 1367 1853 1400 modo
1873 1367 2014 1400 molesta
2029 1366 2155 1406 vitant,
2177 1365 2309 1400 etiaffl
2327 1373 2389 1399 m-

1350 1429 1426 1460 tura
1442 1436 1502 1460 sua
1526 1436 1587 1461 nec
1602 1427 1691 1460 mala
1713 1427 1779 1460 sint
1803 1435 1864 1460 nec
1876 1426 2021 1459 vitanda.

1784 1677 1862 1719 Gap.
1886 1677 1942 1710 VI.

1423 1781 1612 1817 Utrumque,
1626 1779 1656 1809 et
1673 1779 1820 1808 virtutem
1829 1779 1859 1808 et
1871 1779 1995 1815 vitium,
2006 1778 2223 1808 voluntarium
2233 1785 2308 1808 esec.

1392 1877 1503 1914 Quum
1527 1874 1609 1907 fines
1633 1873 1696 1906 sub
1729 1872 1936 1905 voluntatem
1969 1872 2106 1911 cadant,
2133 1871 2176 1906 de
2204 1872 2248 1906 iis
2275 1875 2388 1909 autem

1351 1931 1426 1965 quae
1447 1921 1490 1955 ad
1509 1921 1590 1954 fines
1614 1920 1779 1962 pertinent
1806 1921 1840 1953 et
1862 1919 2039 1953 consultari
2056 1921 2092 1953 et
2115 1919 2288 1953 eonsilium
2317 1921 2391 1964 capi

1351 1968 1477 2010 possit,
1509 1966 1724 1999 manifestum
1749 1967 1820 2004 est,
1839 1974 1895 1999 eas
1922 1974 2058 2009 quoque
2086 1964 2231 2000 actiones
2259 1975 2336 2009 quae
2356 1967 2392 2001 in

1351 2017 1494 2058 utroque
1521 2014 1696 2046 versantur
1721 2020 1855 2054 genere,
1887 2013 1922 2044 et
1947 2011 2082 2045 consilio
2107 2014 2342 2047 consentaneas
2355 2017 2400 2048 et

1350 2060 1555 2096 voluntarias
1576 2066 1657 2092 esse.
1685 2058 1780 2091 Tales
1804 2059 1916 2090 autem
1941 2057 2086 2091 actiones
2107 2058 2256 2093 honeste
2277 2063 2388 2094 eunt:

1352 2109 1432 2152 quia
1450 2108 1493 2141 ad
1511 2115 1581 2145 res,
1614 2105 1655 2138 de
1680 2105 1802 2147 quibus
1830 2106 1904 2137 tum
1922 2105 2101 2138 consultari
2119 2107 2194 2138 tum
2217 2106 2391 2145 consilium

1352 2156 1424 2199 capi
1438 2156 1564 2198 potest,
1580 2155 1738 2196 spectant.
1774 2154 1891 2194 ltaque
1904 2151 2014 2186 virtus
2031 2152 2067 2185 in
2085 2154 2200 2186 nostra
2220 2155 2272 2187 est
2291 2156 2389 2197 pote-

1351 2205 1436 2237 state
1457 2203 1548 2236 haud
1574 2209 1669 2234 secus
1694 2202 1796 2243 atque
1825 2199 1968 2232 vitium·
1996 2209 2140 2242 namque
2160 2209 2209 2233 eae
2227 2200 2387 2243 actiones,

1351 2251 1473 2293 quibus
1496 2249 1614 2283 virtuti
1640 2247 1870 2286 assuescimus,
1897 2248 2079 2280 arbitrariae
2100 2249 2202 2290 atque
2227 2249 2262 2282 in
2279 2252 2392 2284 nostre

1350 2299 1513 2340 potestate
1533 2298 1620 2329 sunt.
1648 2295 1774 2333 Quodsi
1794 2295 1829 2327 in
1843 2294 1939 2327 nobis
1953 2294 2054 2327 situm
2070 2296 2138 2334 est,
2163 2296 2200 2327 ut
2215 2295 2392 2331 honestum

1350 2343 1431 2385 quid
1445 2351 1590 2385 agamus,
1608 2342 1671 2375 erit
1681 2342 1781 2374 etiam
1799 2341 1834 2374 in
1849 2341 1943 2374 nobis
1961 2337 2084 2378 situni,
2097 2319 2138 2372 ut,
2150 2349 2215 2373 non
2228 2350 2388 2383 agamus,

1351 2399 1427 2422 nam
1444 2397 1543 2431 penes
1558 2396 1642 2430 quos
1652 2390 1702 2420 est
1717 2397 1782 2420 non
1792 2386 1907 2429 agendi
1917 2388 2082 2428 potestas,
2094 2395 2196 2428 penes
2209 2394 2266 2420 eos
2285 2387 2386 2422 etiam

1350 2437 1466 2479 agendi
1487 2435 1559 2469 erit.
1587 2436 1633 2467 Ac
1663 2434 1691 2467 si
1721 2433 1757 2466 in·
1780 2436 1892 2466 nostra
1918 2435 1969 2466 est
1994 2434 2174 2474 potestate,
2203 2433 2382 2467 honestum

1351 2482 1477 2525 aliquid
1494 2490 1604 2523 agere,
1625 2480 1716 2523 quod
1739 2480 1863 2512 bonum
1883 2479 1944 2519 sit,
1966 2479 2065 2512 etiam
2091 2487 2157 2512 non
2181 2488 2283 2522 agere
2301 2480 2388 2514 illud

1349 2529 1439 2571 quod
1466 2530 1562 2569 turpe
1592 2527 1655 2565 sit,
1681 2527 1716 2559 in
1735 2528 1847 2558 nostra
1865 2525 1929 2558 erit
1955 2526 2120 2567 potestate
2143 2527 2333 2568 :praeterea
2359 2527 2390 2560 si

1348 2575 1473 2608 malum
1496 2574 1624 2606 facinus
1649 2573 1772 2611 vitare,
1793 2572 1883 2614 quod
1909 2572 2033 2605 bonum
2049 2573 2112 2613 est,
2138 2572 2174 2605 in
2193 2575 2308 2606 nostra
2334 2576 2386 2607 cst

1348 2623 1529 2666 potestate,
1545 2621 1645 2654 etiam
1662 2619 1749 2653 male
1764 2619 1887 2658 facere,
1906 2619 1996 2662 quod
2011 2621 2109 2661 turpe
2134 2620 2202 2660 est,
2218 2619 2254 2652 in
2276 2622 2389 2654 nostra

1349 2670 1412 2704 erit
1431 2671 1602 2712 potestate.
1621 2670 1701 2701 Haec
1718 2669 1830 2700 autem
1846 2668 1935 2706 sunt,
1953 2675 2030 2708 quae
2042 2666 2146 2699 bonos
2162 2675 2224 2700 nos
2237 2666 2387 2701 efficiunt

1349 2719 1407 2750 aut
1424 2716 1547 2757 malos,
1571 2714 1811 2758 quamobrem·
1801 2723 1837 2747 ιιι
1851 2714 1944 2746 nobis
1969 2713 2070 2746 situm
2084 2714 2144 2751 est,
2159 2713 2200 2746 ut
2216 2713 2312 2756 probi
2327 2717 2387 2748 aut

1348 2763 1489 2806 improbi
1505 2762 1621 2795 simus.

1388 2812 1408 2842 J
1410 2820 1463 2842 am
1484 2817 1564 2842 vero
1579 2807 1708 2846 dicere,
1725 2807 1887 2840 neminem
1906 2807 2022 2849 sponte
2033 2814 2106 2839 esse
2120 2773 2311 2849 improbum
2325 2807 2386 2839 aut

1348 2868 1491 2901 invitum
1509 2866 1638 2900 felicem
1648 2891 1657 2908 ‚
1675 2866 1796 2909 partim
1809 2874 1943 2905 verum,
1958 2865 2082 2908 partim
2098 2864 2223 2899 falsum
2239 2864 2384 2899 videtur.

1338 2928 1431 2960 'Nam
1457 2925 1621 2968 posterius
1645 2924 1745 2963 illud,
1779 2924 1943 2957 neminem
1965 2923 2108 2957 invitum
2138 2923 2209 2957 lieri
2238 2923 2384 2966 felicem,

1348 2994 1465 3019 verum
1497 2987 1567 3024 est,
1591 2984 1714 3018 falsum
1739 2986 1851 3016 autem
1875 2984 1925 3016 est
1947 2982 2052 3025 prius.
2075 2982 2273 3025 Improhitas
2298 2982 2386 3018 enim
2447 2998 2449 3001 >
2505 3031 2508 3044 ¹

1348 3044 1485 3078 minime
1511 3045 1562 3077 est
1586 3043 1691 3077 invita
1711 3055 1719 3075 ε
1745 3041 1867 3076 etenim
1895 3041 2004 3075 verbis
2028 3041 2291 3084 praecedentibus
2303 3041 2386 3076 satis

1348 3103 1578 3146 probavimus,
1605 3102 1772 3136 hominem
1796 3100 1964 3134 actionum
1994 3099 2132 3133 suarum
2159 3109 2231 3135 esse
2262 3099 2386 3144 princi-

1346 3163 1439 3206 pium
1466 3175 1474 3195 :
1494 3171 1638 3205 quorum
1664 3170 1743 3195 vero
1766 3168 1867 3203 penes
1886 3168 1947 3193 nos
1966 3161 2043 3193 sunt
2058 3159 2218 3202 principia
2229 3185 2237 3199 ,
2257 3159 2332 3194 hoec
2350 3159 2387 3194 in

1346 3222 1509 3264 potestate
1524 3222 1636 3254 nostra
1653 3222 1687 3253 et
1700 3218 1886 3252 voluntaria
1895 3220 1975 3252 sunt
1995 3231 2004 3251 ε
2021 3218 2243 3261 quamobrem
2257 3216 2385 3262 facinus

1347 3289 1445 3313 omne
1460 3280 1502 3312 ab
1523 3278 1713 3312 hominibus
1739 3276 1881 3316 factum,
1909 3276 1980 3310 sive
2001 3276 2125 3309 bonum
2150 3276 2221 3310 sive
2236 3275 2379 3315 malum.

1345 3340 1569 3374 voluntarium
1587 3340 1647 3371 est.
1665 3339 1757 3371 Hanc
1770 3339 1884 3370 autem
1912 3337 2109 3370 sententiam
2130 3339 2163 3370 et
2182 3336 2304 3379 privati
2320 3337 2383 3370 ho-

294 3447 311 3464 *
334 3447 459 3489 Ωσπερ
473 3447 555 3479 καὶ’
543 3447 595 3479 επὶ
610 3448 677 3480 τῶν
693 3447 854 3489 σωμάτων
870 3449 938 3480 κτλ.
958 3463 1001 3472 ·-
1016 3446 1058 3468 *⁴²
1079 3447 1157 3489 Gap.
1175 3450 1205 3480 5.
1224 3448 1316 3485 ὄντος
1338 3447 1377 3486 δὴ
1394 3449 1554 3490 βουλητοῦ
1578 3446 1634 3488 μὲν
1653 3448 1712 3479 τοῦ
1728 3444 1837 3484 τέλους
1851 3446 1920 3478 κτλ.
1941 3462 1976 3467 -
1999 3443 2062 3464 *⁴*
2086 3444 2132 3477 Τὸ
2151 3443 2188 3477 δὲ
2213 3442 2315 3485 λέγειν
2339 3444 2383 3479 ὡς

256 3494 355 3531 οὐδεὶς
369 3494 452 3528 ἑκὼν
474 3494 614 3538 πονηρός
631 3497 701 3528 κτλ.
