<?xml version="1.0" encoding="UTF-8"?>
<!DOCTYPE html PUBLIC "-//W3C//DTD XHTML 1.0 Transitional//EN"
    "http://www.w3.org/TR/xhtml1/DTD/xhtml1-transitional.dtd">
<html xmlns="http://www.w3.org/1999/xhtml" xml:lang="en" lang="en">
 <head>
  <title>
</title>
<meta http-equiv="Content-Type" content="text/html;charset=utf-8" />
  <meta name='ocr-system' content='tesseract 3.04.00' />
  <meta name='ocr-capabilities' content='ocr_page ocr_carea ocr_par ocr_line ocrx_word'/>
</head>
<body>
  <div class='ocr_page' id='page_1' title='image "./fragmentaphiloso03mulluoft/fragmentaphiloso03mulluoft_0482.png"; bbox 0 0 2508 3776; ppageno 0'>
   <div class='ocr_carea' id='block_1_1' title="bbox 279 194 360 233">
    <p class='ocr_par' dir='ltr' id='par_1_1' title="bbox 279 194 360 233">
     <span class='ocr_line' id='line_1_1' title="bbox 279 194 360 233; baseline 0 -1"><span class='ocrx_word' id='word_1_1' title='bbox 279 194 360 233; x_wconf 83' lang='lat'><strong>466</strong></span> 
     </span>
    </p>
   </div>
   <div class='ocr_carea' id='block_1_2' title="bbox 278 274 1318 680">
    <p class='ocr_par' dir='ltr' id='par_1_2' title="bbox 278 274 1318 680">
     <span class='ocr_line' id='line_1_2' title="bbox 281 274 1313 329; baseline -0.001 -12"><span class='ocrx_word' id='word_1_2' title='bbox 281 280 343 317; x_wconf 84' lang='grc' dir='ltr'><strong>οὔκ</strong></span> <span class='ocrx_word' id='word_1_3' title='bbox 365 277 538 327; x_wconf 86' lang='grc' dir='ltr'>ἀναγκαῖα</span> <span class='ocrx_word' id='word_1_4' title='bbox 562 275 647 325; x_wconf 86' lang='grc' dir='ltr'>μέν,</span> <span class='ocrx_word' id='word_1_5' title='bbox 681 274 803 329; x_wconf 77' lang='grc' dir='ltr'>αἱρετὰ</span> <span class='ocrx_word' id='word_1_6' title='bbox 830 275 866 314; x_wconf 80' lang='grc' dir='ltr'><strong>δὲ</strong></span> <span class='ocrx_word' id='word_1_7' title='bbox 892 278 972 315; x_wconf 85' lang='grc' dir='ltr'>καθ’</span> <span class='ocrx_word' id='word_1_8' title='bbox 997 276 1102 316; x_wconf 78' lang='grc' dir='ltr'>ἑαυτὰ</span> <span class='ocrx_word' id='word_1_9' title='bbox 1124 279 1184 316; x_wconf 82' lang='grc' dir='ltr'><strong>καὶ</strong></span> <span class='ocrx_word' id='word_1_10' title='bbox 1205 277 1290 326; x_wconf 78' lang='grc' dir='ltr'>ἡδέα</span> <span class='ocrx_word' id='word_1_11' title='bbox 1305 294 1313 303; x_wconf 86' lang='grc'><em>·</em></span> 
     </span>
     <span class='ocr_line' id='line_1_3' title="bbox 282 328 1317 387; baseline 0.001 -14"><span class='ocrx_word' id='word_1_12' title='bbox 282 337 374 387; x_wconf 83' lang='grc' dir='ltr'>λέγω</span> <span class='ocrx_word' id='word_1_13' title='bbox 398 336 432 373; x_wconf 84' lang='grc' dir='ltr'><strong>δὲ</strong></span> <span class='ocrx_word' id='word_1_14' title='bbox 455 338 630 386; x_wconf 79' lang='grc' dir='ltr'>ἀναγκαῖα</span> <span class='ocrx_word' id='word_1_15' title='bbox 652 333 737 381; x_wconf 87' lang='grc' dir='ltr'>μέν,</span> <span class='ocrx_word' id='word_1_16' title='bbox 761 328 808 372; x_wconf 68' lang='grc' dir='ltr'>ὧν</span> <span class='ocrx_word' id='word_1_17' title='bbox 840 334 948 386; x_wconf 79' lang='grc' dir='ltr'>χωρὶς</span> <span class='ocrx_word' id='word_1_18' title='bbox 979 336 1017 373; x_wconf 83' lang='grc' dir='ltr'><strong>οὗ</strong></span> <span class='ocrx_word' id='word_1_19' title='bbox 1039 335 1183 374; x_wconf 89' lang='grc' dir='ltr'>δύναται</span> <span class='ocrx_word' id='word_1_20' title='bbox 1210 352 1317 374; x_wconf 81' lang='grc' dir='ltr'>συνε-</span> 
     </span>
     <span class='ocr_line' id='line_1_4' title="bbox 284 388 1317 449; baseline 0.001 -16"><span class='ocrx_word' id='word_1_21' title='bbox 284 397 406 434; x_wconf 84' lang='grc' dir='ltr'>στάναι</span> <span class='ocrx_word' id='word_1_22' title='bbox 427 395 447 440; x_wconf 86' lang='grc' dir='ltr'>ἢ</span> <span class='ocrx_word' id='word_1_23' title='bbox 471 395 508 431; x_wconf 89' lang='grc' dir='ltr'><strong>τὸ</strong></span> <span class='ocrx_word' id='word_1_24' title='bbox 537 388 624 437; x_wconf 71' lang='grc' dir='ltr'>εἶδος</span> <span class='ocrx_word' id='word_1_25' title='bbox 643 393 721 431; x_wconf 84' lang='grc' dir='ltr'>καθ’</span> <span class='ocrx_word' id='word_1_26' title='bbox 743 394 825 431; x_wconf 79' lang='grc' dir='ltr'>ὅλου</span> <span class='ocrx_word' id='word_1_27' title='bbox 842 403 851 418; x_wconf 71' lang='lat'><em>²</em></span> <span class='ocrx_word' id='word_1_28' title='bbox 875 393 916 431; x_wconf 85' lang='grc' dir='ltr'><strong>τὸ</strong></span> <span class='ocrx_word' id='word_1_29' title='bbox 938 395 1171 447; x_wconf 80' lang='grc' dir='ltr'>ἀνθρώπινον,</span> <span class='ocrx_word' id='word_1_30' title='bbox 1200 395 1317 449; x_wconf 81' lang='grc' dir='ltr'>ὥσπερ</span> 
     </span>
     <span class='ocr_line' id='line_1_5' title="bbox 280 451 1315 506; baseline 0.003 -16"><span class='ocrx_word' id='word_1_31' title='bbox 280 457 297 490; x_wconf 99' lang='lat'>6</span> <span class='ocrx_word' id='word_1_32' title='bbox 318 454 428 503; x_wconf 83' lang='grc' dir='ltr'>γάμος</span> <span class='ocrx_word' id='word_1_33' title='bbox 441 483 452 503; x_wconf 85' lang='grc'>,</span> <span class='ocrx_word' id='word_1_34' title='bbox 471 453 494 498; x_wconf 84' lang='grc' dir='ltr'>ἢ</span> <span class='ocrx_word' id='word_1_35' title='bbox 513 454 551 489; x_wconf 84' lang='grc' dir='ltr'><strong>τὸ</strong></span> <span class='ocrx_word' id='word_1_36' title='bbox 571 453 699 502; x_wconf 83' lang='grc' dir='ltr'>ἄτομον</span> <span class='ocrx_word' id='word_1_37' title='bbox 713 481 723 499; x_wconf 95' lang='grc'>,</span> <span class='ocrx_word' id='word_1_38' title='bbox 744 451 866 504; x_wconf 79' lang='grc' dir='ltr'>ὥσπερ</span> <span class='ocrx_word' id='word_1_39' title='bbox 886 453 1013 506; x_wconf 78' lang='grc' dir='ltr'>τροφή,</span> <span class='ocrx_word' id='word_1_40' title='bbox 1036 454 1148 499; x_wconf 82' lang='grc' dir='ltr'>ἄνεσις</span> <span class='ocrx_word' id='word_1_41' title='bbox 1162 485 1171 501; x_wconf 93' lang='grc'>,</span> <span class='ocrx_word' id='word_1_42' title='bbox 1191 454 1315 502; x_wconf 80' lang='grc' dir='ltr'>ὕπνος,</span> 
     </span>
     <span class='ocr_line' id='line_1_6' title="bbox 279 512 1318 564; baseline 0.003 -15"><span class='ocrx_word' id='word_1_43' title='bbox 279 513 337 549; x_wconf 75' lang='grc' dir='ltr'><strong>καὶ</strong></span> <span class='ocrx_word' id='word_1_44' title='bbox 358 512 401 549; x_wconf 80' lang='grc' dir='ltr'><strong>τὰ</strong></span> <span class='ocrx_word' id='word_1_45' title='bbox 421 515 566 548; x_wconf 82' lang='grc' dir='ltr'>τοιαῦτα</span> <span class='ocrx_word' id='word_1_46' title='bbox 580 526 588 534; x_wconf 92' lang='grc'><em>·</em></span> <span class='ocrx_word' id='word_1_47' title='bbox 610 512 672 548; x_wconf 85' lang='grc' dir='ltr'><strong>οὐκ</strong></span> <span class='ocrx_word' id='word_1_48' title='bbox 707 514 883 559; x_wconf 84' lang='grc' dir='ltr'>ἀναγκαῖα</span> <span class='ocrx_word' id='word_1_49' title='bbox 913 512 977 559; x_wconf 86' lang='grc' dir='ltr'><strong>δέ,</strong></span> <span class='ocrx_word' id='word_1_50' title='bbox 1000 513 1121 564; x_wconf 80' lang='grc' dir='ltr'>αἱρετὰ</span> <span class='ocrx_word' id='word_1_51' title='bbox 1148 515 1206 551; x_wconf 84' lang='grc' dir='ltr'><strong>καὶ</strong></span> <span class='ocrx_word' id='word_1_52' title='bbox 1232 514 1318 560; x_wconf 81' lang='grc' dir='ltr'>ἡδέα</span> 
     </span>
     <span class='ocr_line' id='line_1_7' title="bbox 278 568 1317 622; baseline 0.004 -16"><span class='ocrx_word' id='word_1_53' title='bbox 278 570 322 606; x_wconf 89' lang='grc' dir='ltr'><strong>δι’</strong></span> <span class='ocrx_word' id='word_1_54' title='bbox 338 570 468 618; x_wconf 84' lang='grc' dir='ltr'>ἑαυτά,</span> <span class='ocrx_word' id='word_1_55' title='bbox 498 571 535 607; x_wconf 81' lang='grc' dir='ltr'><strong>οὐ</strong></span> <span class='ocrx_word' id='word_1_56' title='bbox 559 569 614 607; x_wconf 83' lang='grc' dir='ltr'><strong>διὰ</strong></span> <span class='ocrx_word' id='word_1_57' title='bbox 637 569 700 616; x_wconf 77' lang='grc' dir='ltr'><strong>τὴν</strong></span> <span class='ocrx_word' id='word_1_58' title='bbox 722 568 891 608; x_wconf 81' lang='grc' dir='ltr'>σύστασιν</span> <span class='ocrx_word' id='word_1_59' title='bbox 912 573 970 608; x_wconf 75' lang='grc' dir='ltr'><strong>τοῦ</strong></span> <span class='ocrx_word' id='word_1_60' title='bbox 990 570 1171 622; x_wconf 85' lang='grc' dir='ltr'>ἀνθρώπου</span> <span class='ocrx_word' id='word_1_61' title='bbox 1185 603 1195 622; x_wconf 84' lang='grc'>,</span> <span class='ocrx_word' id='word_1_62' title='bbox 1211 575 1317 610; x_wconf 79' lang='grc' dir='ltr'>πλοῦ·</span> 
     </span>
     <span class='ocr_line' id='line_1_8' title="bbox 279 627 1318 680; baseline 0.005 -15"><span class='ocrx_word' id='word_1_63' title='bbox 279 644 355 677; x_wconf 86' lang='grc' dir='ltr'>τος,</span> <span class='ocrx_word' id='word_1_64' title='bbox 378 627 483 678; x_wconf 83' lang='grc' dir='ltr'>τιμή,</span> <span class='ocrx_word' id='word_1_65' title='bbox 504 628 583 675; x_wconf 79' lang='grc' dir='ltr'>νίκη</span> <span class='ocrx_word' id='word_1_66' title='bbox 599 658 608 674; x_wconf 89' lang='grc'>,</span> <span class='ocrx_word' id='word_1_67' title='bbox 634 628 694 666; x_wconf 84' lang='grc' dir='ltr'><strong>καὶ</strong></span> <span class='ocrx_word' id='word_1_68' title='bbox 719 628 764 666; x_wconf 84' lang='grc' dir='ltr'><strong>τὰ</strong></span> <span class='ocrx_word' id='word_1_69' title='bbox 789 635 953 668; x_wconf 78' lang='grc' dir='ltr'>τοιαῦτα·</span> <span class='ocrx_word' id='word_1_70' title='bbox 984 629 1169 680; x_wconf 71' lang='grc' dir='ltr'>συμὸαίνει</span> <span class='ocrx_word' id='word_1_71' title='bbox 1195 633 1254 670; x_wconf 87' lang='grc' dir='ltr'><strong>καὶ</strong></span> <span class='ocrx_word' id='word_1_72' title='bbox 1284 633 1318 670; x_wconf 81' lang='grc' dir='ltr'>ἓν</span> 
     </span>
    </p>
   </div>
   <div class='ocr_carea' id='block_1_3' title="bbox 277 683 1326 743">
    <p class='ocr_par' dir='ltr' id='par_1_3' title="bbox 277 683 1326 743">
     <span class='ocr_line' id='line_1_9' title="bbox 277 683 1326 743; baseline 0.003 -18"><span class='ocrx_word' id='word_1_73' title='bbox 277 688 484 740; x_wconf 74' lang='grc' dir='ltr'>ἀμφοτέροις</span> <span class='ocrx_word' id='word_1_74' title='bbox 505 688 623 735; x_wconf 81' lang='grc' dir='ltr'>ἡδέσιν</span> <span class='ocrx_word' id='word_1_75' title='bbox 639 687 832 740; x_wconf 71' lang='grc' dir='ltr'>ὓπερὸολὰς</span> <span class='ocrx_word' id='word_1_76' title='bbox 849 683 938 727; x_wconf 70' lang='grc' dir='ltr'>εἶναι</span> <span class='ocrx_word' id='word_1_77' title='bbox 952 717 962 737; x_wconf 91' lang='grc'>,</span> <span class='ocrx_word' id='word_1_78' title='bbox 985 688 1044 726; x_wconf 83' lang='grc' dir='ltr'><strong>καὶ</strong></span> <span class='ocrx_word' id='word_1_79' title='bbox 1065 690 1099 727; x_wconf 83' lang='grc' dir='ltr'>ἐν</span> <span class='ocrx_word' id='word_1_80' title='bbox 1121 695 1190 733; x_wconf 85' lang='grc' dir='ltr'>τοῖς</span> <span class='ocrx_word' id='word_1_81' title='bbox 1210 691 1326 743; x_wconf 56' lang='grc' dir='ltr'>ἀναγ-,</span> 
     </span>
    </p>
   </div>
   <div class='ocr_carea' id='block_1_4' title="bbox 274 746 1320 3272">
    <p class='ocr_par' dir='ltr' id='par_1_4' title="bbox 275 746 1316 915">
     <span class='ocr_line' id='line_1_10' title="bbox 275 746 1316 800; baseline 0.004 -17"><span class='ocrx_word' id='word_1_82' title='bbox 275 748 387 789; x_wconf 86' lang='grc' dir='ltr'>καίοις</span> <span class='ocrx_word' id='word_1_83' title='bbox 409 746 469 784; x_wconf 82' lang='grc' dir='ltr'><strong>καὶ</strong></span> <span class='ocrx_word' id='word_1_84' title='bbox 493 747 527 783; x_wconf 83' lang='grc' dir='ltr'>ἐν</span> <span class='ocrx_word' id='word_1_85' title='bbox 549 751 618 790; x_wconf 83' lang='grc' dir='ltr'>τοῖς</span> <span class='ocrx_word' id='word_1_86' title='bbox 640 747 682 784; x_wconf 88' lang='grc' dir='ltr'><strong>δι’</strong></span> <span class='ocrx_word' id='word_1_87' title='bbox 706 746 814 785; x_wconf 84' lang='grc' dir='ltr'>ἑαυτὰ</span> <span class='ocrx_word' id='word_1_88' title='bbox 837 750 1007 800; x_wconf 84' lang='grc' dir='ltr'>αἱρετοῖς,</span> <span class='ocrx_word' id='word_1_89' title='bbox 1023 747 1104 787; x_wconf 75' lang='grc' dir='ltr'>ὅταν</span> <span class='ocrx_word' id='word_1_90' title='bbox 1131 764 1181 793; x_wconf 90' lang='grc' dir='ltr'><strong>τις</strong></span> <span class='ocrx_word' id='word_1_91' title='bbox 1200 749 1316 794; x_wconf 82' lang='grc' dir='ltr'>αὐτοῖς</span> 
     </span>
     <span class='ocr_line' id='line_1_11' title="bbox 276 803 1313 861; baseline 0.006 -20"><span class='ocrx_word' id='word_1_92' title='bbox 276 804 453 857; x_wconf 84' lang='grc' dir='ltr'>χρήσηται</span> <span class='ocrx_word' id='word_1_93' title='bbox 473 804 578 843; x_wconf 85' lang='grc' dir='ltr'>πλέον</span> <span class='ocrx_word' id='word_1_94' title='bbox 599 803 624 851; x_wconf 78' lang='grc' dir='ltr'>ἢ</span> <span class='ocrx_word' id='word_1_95' title='bbox 639 806 716 854; x_wconf 86' lang='grc' dir='ltr'>δεῖ,</span> <span class='ocrx_word' id='word_1_96' title='bbox 737 805 797 845; x_wconf 80' lang='grc' dir='ltr'><strong>καὶ</strong></span> <span class='ocrx_word' id='word_1_97' title='bbox 814 809 834 846; x_wconf 86' lang='lat'>6</span> <span class='ocrx_word' id='word_1_98' title='bbox 852 807 950 859; x_wconf 84' lang='grc' dir='ltr'>ὀρθὸς</span> <span class='ocrx_word' id='word_1_99' title='bbox 969 806 1102 846; x_wconf 82' lang='grc' dir='ltr'>κελεύει</span> <span class='ocrx_word' id='word_1_100' title='bbox 1120 808 1221 861; x_wconf 85' lang='grc' dir='ltr'>λόγος</span> <span class='ocrx_word' id='word_1_101' title='bbox 1251 810 1313 847; x_wconf 85' lang='grc' dir='ltr'><strong>αὖ·</strong></span> 
     </span>
     <span class='ocr_line' id='line_1_12' title="bbox 275 863 581 915; baseline 0.007 -15"><span class='ocrx_word' id='word_1_102' title='bbox 275 863 346 908; x_wconf 86' lang='grc' dir='ltr'>τοῖς</span> <span class='ocrx_word' id='word_1_103' title='bbox 366 863 581 915; x_wconf 82' lang='grc' dir='ltr'>χρήσασθαι.</span> 
     </span>
    </p>

    <p class='ocr_par' dir='ltr' id='par_1_5' title="bbox 274 915 1320 1446">
     <span class='ocr_line' id='line_1_13' title="bbox 329 915 1317 978; baseline 0.005 -18"><span class='ocrx_word' id='word_1_104' title='bbox 329 921 350 944; x_wconf 85' lang='grc'><strong><em>*</em></strong></span> <span class='ocrx_word' id='word_1_105' title='bbox 363 920 407 961; x_wconf 91' lang='lat'><strong>‘0</strong></span> <span class='ocrx_word' id='word_1_106' title='bbox 424 924 486 972; x_wconf 85' lang='grc' dir='ltr'>μὲν</span> <span class='ocrx_word' id='word_1_107' title='bbox 499 915 556 961; x_wconf 72' lang='grc' dir='ltr'><strong>οῧν</strong></span> <span class='ocrx_word' id='word_1_108' title='bbox 573 923 658 976; x_wconf 87' lang='grc' dir='ltr'>πρὸς</span> <span class='ocrx_word' id='word_1_109' title='bbox 671 923 715 963; x_wconf 83' lang='grc' dir='ltr'><strong>τὰ</strong></span> <span class='ocrx_word' id='word_1_110' title='bbox 729 922 814 972; x_wconf 77' lang='grc' dir='ltr'>ἡδέα</span> <span class='ocrx_word' id='word_1_111' title='bbox 832 923 1062 978; x_wconf 76' lang='grc' dir='ltr'>ὓπερὸάλλων</span> <span class='ocrx_word' id='word_1_112' title='bbox 1076 926 1120 965; x_wconf 77' lang='grc' dir='ltr'><strong>τὰ</strong></span> <span class='ocrx_word' id='word_1_113' title='bbox 1141 925 1191 977; x_wconf 82' lang='grc' dir='ltr'><strong>μὴ</strong></span> <span class='ocrx_word' id='word_1_114' title='bbox 1212 927 1317 978; x_wconf 88' lang='grc' dir='ltr'>ἀναγ-</span> 
     </span>
     <span class='ocr_line' id='line_1_14' title="bbox 276 981 1311 1038; baseline 0.005 -20"><span class='ocrx_word' id='word_1_115' title='bbox 276 985 360 1019; x_wconf 85' lang='grc' dir='ltr'>καῖα</span> <span class='ocrx_word' id='word_1_116' title='bbox 389 982 428 1019; x_wconf 84' lang='grc' dir='ltr'><strong>οὗ</strong></span> <span class='ocrx_word' id='word_1_117' title='bbox 456 981 596 1032; x_wconf 87' lang='grc' dir='ltr'>λέγεται</span> <span class='ocrx_word' id='word_1_118' title='bbox 628 982 748 1027; x_wconf 81' lang='grc' dir='ltr'>ἁπλῶς</span> <span class='ocrx_word' id='word_1_119' title='bbox 767 982 873 1035; x_wconf 80' lang='grc' dir='ltr'>χωρὶς</span> <span class='ocrx_word' id='word_1_120' title='bbox 903 984 1103 1036; x_wconf 82' lang='grc' dir='ltr'>προσθήκης</span> <span class='ocrx_word' id='word_1_121' title='bbox 1137 984 1311 1038; x_wconf 83' lang='grc' dir='ltr'>ἀκρατής,</span> 
     </span>
     <span class='ocr_line' id='line_1_15' title="bbox 280 1040 1319 1095; baseline 0.006 -18"><span class='ocrx_word' id='word_1_122' title='bbox 280 1040 370 1078; x_wconf 76' lang='grc' dir='ltr'>ἀλλὰ</span> <span class='ocrx_word' id='word_1_123' title='bbox 393 1040 550 1093; x_wconf 78' lang='grc' dir='ltr'>ἀκρατὴς</span> <span class='ocrx_word' id='word_1_124' title='bbox 571 1041 694 1090; x_wconf 84' lang='grc' dir='ltr'>δόξης,</span> <span class='ocrx_word' id='word_1_125' title='bbox 714 1041 737 1089; x_wconf 79' lang='grc' dir='ltr'>ἢ</span> <span class='ocrx_word' id='word_1_126' title='bbox 762 1042 917 1095; x_wconf 82' lang='grc' dir='ltr'>ἀκρατὴς</span> <span class='ocrx_word' id='word_1_127' title='bbox 937 1043 1108 1090; x_wconf 85' lang='grc' dir='ltr'>πλούτου,</span> <span class='ocrx_word' id='word_1_128' title='bbox 1131 1045 1177 1088; x_wconf 82' lang='grc' dir='ltr'><strong>ὡς</strong></span> <span class='ocrx_word' id='word_1_129' title='bbox 1205 1043 1319 1095; x_wconf 81' lang='grc' dir='ltr'>ἕτερος</span> 
     </span>
     <span class='ocr_line' id='line_1_16' title="bbox 276 1098 1319 1154; baseline 0.005 -18"><span class='ocrx_word' id='word_1_130' title='bbox 276 1098 324 1137; x_wconf 82' lang='grc' dir='ltr'>ὢν</span> <span class='ocrx_word' id='word_1_131' title='bbox 351 1098 480 1139; x_wconf 85' lang='grc' dir='ltr'>ἐκείνου</span> <span class='ocrx_word' id='word_1_132' title='bbox 501 1103 561 1138; x_wconf 77' lang='grc' dir='ltr'><strong>τοῦ</strong></span> <span class='ocrx_word' id='word_1_133' title='bbox 585 1101 710 1154; x_wconf 87' lang='grc' dir='ltr'>κυρίως</span> <span class='ocrx_word' id='word_1_134' title='bbox 734 1100 793 1139; x_wconf 64' lang='grc' dir='ltr'><strong>καὶ</strong></span> <span class='ocrx_word' id='word_1_135' title='bbox 814 1101 933 1146; x_wconf 81' lang='grc' dir='ltr'>ἁπλῶς</span> <span class='ocrx_word' id='word_1_136' title='bbox 960 1103 1155 1154; x_wconf 77' lang='grc' dir='ltr'>ἀκρατοῦς,</span> <span class='ocrx_word' id='word_1_137' title='bbox 1189 1104 1319 1153; x_wconf 81' lang='grc' dir='ltr'>ὄνομα·</span> 
     </span>
     <span class='ocr_line' id='line_1_17' title="bbox 276 1158 1317 1212; baseline 0.002 -17"><span class='ocrx_word' id='word_1_138' title='bbox 276 1158 418 1208; x_wconf 88' lang='grc' dir='ltr'>ζόμενος</span> <span class='ocrx_word' id='word_1_139' title='bbox 437 1159 473 1197; x_wconf 85' lang='grc' dir='ltr'><strong>δὲ</strong></span> <span class='ocrx_word' id='word_1_140' title='bbox 492 1159 647 1211; x_wconf 79' lang='grc' dir='ltr'>ἀκρατὴς</span> <span class='ocrx_word' id='word_1_141' title='bbox 675 1160 731 1199; x_wconf 83' lang='grc' dir='ltr'><strong>διά</strong></span> <span class='ocrx_word' id='word_1_142' title='bbox 753 1175 830 1198; x_wconf 84' lang='grc' dir='ltr'>τινα</span> <span class='ocrx_word' id='word_1_143' title='bbox 857 1160 941 1212; x_wconf 83' lang='grc' dir='ltr'>πρὸς</span> <span class='ocrx_word' id='word_1_144' title='bbox 961 1161 1089 1199; x_wconf 82' lang='grc' dir='ltr'>ἐκεῖνον</span> <span class='ocrx_word' id='word_1_145' title='bbox 1110 1160 1317 1210; x_wconf 81' lang='grc' dir='ltr'>ὁμοιότητα·</span> 
     </span>
     <span class='ocr_line' id='line_1_18' title="bbox 276 1218 1318 1271; baseline 0.004 -17"><span class='ocrx_word' id='word_1_146' title='bbox 276 1218 436 1270; x_wconf 81' lang='grc' dir='ltr'>καθάπερ</span> <span class='ocrx_word' id='word_1_147' title='bbox 458 1219 613 1271; x_wconf 82' lang='grc' dir='ltr'>διαφέρει</span> <span class='ocrx_word' id='word_1_148' title='bbox 644 1221 666 1257; x_wconf 86' lang='lat'>6</span> <span class='ocrx_word' id='word_1_149' title='bbox 680 1219 864 1271; x_wconf 84' lang='grc' dir='ltr'>ἅνθρωπος</span> <span class='ocrx_word' id='word_1_150' title='bbox 881 1222 899 1257; x_wconf 87' lang='grc' dir='ltr'>ὃ</span> <span class='ocrx_word' id='word_1_151' title='bbox 913 1218 957 1258; x_wconf 78' lang='grc' dir='ltr'><strong>τὰ</strong></span> <span class='ocrx_word' id='word_1_152' title='bbox 973 1218 1156 1269; x_wconf 84' lang='grc' dir='ltr'>Ὀλύμπια</span> <span class='ocrx_word' id='word_1_153' title='bbox 1185 1235 1318 1267; x_wconf 85' lang='grc' dir='ltr'>νενικη-</span> 
     </span>
     <span class='ocr_line' id='line_1_19' title="bbox 276 1274 1315 1331; baseline 0.002 -17"><span class='ocrx_word' id='word_1_154' title='bbox 276 1274 346 1320; x_wconf 89' lang='grc' dir='ltr'><strong>κὼς</strong></span> <span class='ocrx_word' id='word_1_155' title='bbox 357 1275 371 1298; x_wconf 77' lang='lat'><strong>¹³</strong></span> <span class='ocrx_word' id='word_1_156' title='bbox 387 1281 446 1315; x_wconf 77' lang='grc' dir='ltr'><strong>τοῦ</strong></span> <span class='ocrx_word' id='word_1_157' title='bbox 461 1277 582 1321; x_wconf 85' lang='grc' dir='ltr'>ἁπλῶς</span> <span class='ocrx_word' id='word_1_158' title='bbox 597 1277 780 1330; x_wconf 87' lang='grc' dir='ltr'>ἀνθρώπου</span> <span class='ocrx_word' id='word_1_159' title='bbox 791 1294 799 1303; x_wconf 96' lang='grc'><em>·</em></span> <span class='ocrx_word' id='word_1_160' title='bbox 813 1278 873 1317; x_wconf 84' lang='grc' dir='ltr'><strong>καὶ</strong></span> <span class='ocrx_word' id='word_1_161' title='bbox 888 1278 955 1330; x_wconf 84' lang='grc' dir='ltr'><strong>γὰρ</strong></span> <span class='ocrx_word' id='word_1_162' title='bbox 973 1280 1004 1316; x_wconf 86' lang='grc' dir='ltr'><strong>εἶ</strong></span> <span class='ocrx_word' id='word_1_163' title='bbox 1024 1279 1084 1317; x_wconf 85' lang='grc' dir='ltr'><strong>καὶ</strong></span> <span class='ocrx_word' id='word_1_164' title='bbox 1104 1278 1226 1331; x_wconf 83' lang='grc' dir='ltr'>μικρόν</span> <span class='ocrx_word' id='word_1_165' title='bbox 1242 1281 1315 1317; x_wconf 84' lang='grc' dir='ltr'>ἐστι</span> 
     </span>
     <span class='ocr_line' id='line_1_20' title="bbox 274 1335 1320 1391; baseline 0.003 -18"><span class='ocrx_word' id='word_1_166' title='bbox 274 1335 315 1374; x_wconf 84' lang='grc' dir='ltr'><strong>τὸ</strong></span> <span class='ocrx_word' id='word_1_167' title='bbox 337 1336 499 1388; x_wconf 73' lang='grc' dir='ltr'>διάφορον</span> <span class='ocrx_word' id='word_1_168' title='bbox 531 1338 644 1375; x_wconf 78' lang='grc' dir='ltr'>αὐτῶν</span> <span class='ocrx_word' id='word_1_169' title='bbox 660 1369 670 1385; x_wconf 89' lang='grc'>,</span> <span class='ocrx_word' id='word_1_170' title='bbox 689 1339 766 1375; x_wconf 86' lang='grc' dir='ltr'>ἀλλ’</span> <span class='ocrx_word' id='word_1_171' title='bbox 788 1337 884 1389; x_wconf 82' lang='grc' dir='ltr'>ὅμως</span> <span class='ocrx_word' id='word_1_172' title='bbox 917 1337 1089 1390; x_wconf 84' lang='grc' dir='ltr'>διαφέρει,</span> <span class='ocrx_word' id='word_1_173' title='bbox 1118 1338 1179 1376; x_wconf 79' lang='grc' dir='ltr'><strong>καὶ</strong></span> <span class='ocrx_word' id='word_1_174' title='bbox 1207 1337 1320 1391; x_wconf 75' lang='grc' dir='ltr'>ἕτερός</span> 
     </span>
     <span class='ocr_line' id='line_1_21' title="bbox 277 1395 746 1446; baseline 0.009 -14"><span class='ocrx_word' id='word_1_175' title='bbox 277 1395 350 1432; x_wconf 80' lang='grc' dir='ltr'>ἔστι</span> <span class='ocrx_word' id='word_1_176' title='bbox 370 1395 426 1433; x_wconf 73' lang='grc' dir='ltr'><strong>διὰ</strong></span> <span class='ocrx_word' id='word_1_177' title='bbox 446 1395 507 1441; x_wconf 78' lang='grc' dir='ltr'><strong>τὴν</strong></span> <span class='ocrx_word' id='word_1_178' title='bbox 532 1395 746 1446; x_wconf 75' lang='grc' dir='ltr'>προσθήκην.</span> 
     </span>
    </p>

    <p class='ocr_par' dir='ltr' id='par_1_6' title="bbox 275 1452 1320 1862">
     <span class='ocr_line' id='line_1_22' title="bbox 330 1452 1320 1507; baseline 0.001 -15"><span class='ocrx_word' id='word_1_179' title='bbox 330 1452 371 1475; x_wconf 73' lang='lat'><strong>*³²</strong></span> <span class='ocrx_word' id='word_1_180' title='bbox 392 1453 476 1492; x_wconf 67' lang='lat' dir='ltr'><strong>“Ort</strong></span> <span class='ocrx_word' id='word_1_181' title='bbox 496 1453 530 1491; x_wconf 81' lang='grc' dir='ltr'><strong>δὲ</strong></span> <span class='ocrx_word' id='word_1_182' title='bbox 553 1455 713 1507; x_wconf 66' lang='grc' dir='ltr'>διάφορός</span> <span class='ocrx_word' id='word_1_183' title='bbox 735 1457 853 1492; x_wconf 60' lang='grc' dir='ltr'>ἐστινθ</span> <span class='ocrx_word' id='word_1_184' title='bbox 871 1457 893 1501; x_wconf 81' lang='grc' dir='ltr'>ἠ</span> <span class='ocrx_word' id='word_1_185' title='bbox 913 1453 993 1507; x_wconf 83' lang='grc' dir='ltr'>περὶ</span> <span class='ocrx_word' id='word_1_186' title='bbox 1012 1452 1055 1492; x_wconf 80' lang='grc' dir='ltr'><strong>τὰ</strong></span> <span class='ocrx_word' id='word_1_187' title='bbox 1075 1454 1124 1504; x_wconf 82' lang='grc' dir='ltr'><strong>μὴ</strong></span> <span class='ocrx_word' id='word_1_188' title='bbox 1147 1455 1320 1507; x_wconf 84' lang='grc' dir='ltr'>ἀναγκαῖα</span> 
     </span>
     <span class='ocr_line' id='line_1_23' title="bbox 279 1511 1319 1564; baseline 0.003 -15"><span class='ocrx_word' id='word_1_189' title='bbox 279 1511 364 1557; x_wconf 85' lang='grc' dir='ltr'>ἡδέα</span> <span class='ocrx_word' id='word_1_190' title='bbox 386 1513 539 1564; x_wconf 84' lang='grc' dir='ltr'>ἀκρασία</span> <span class='ocrx_word' id='word_1_191' title='bbox 559 1515 620 1559; x_wconf 72' lang='grc' dir='ltr'><strong>τῆς</strong></span> <span class='ocrx_word' id='word_1_192' title='bbox 651 1513 841 1562; x_wconf 83' lang='grc' dir='ltr'>ἀκρασίας,</span> <span class='ocrx_word' id='word_1_193' title='bbox 867 1514 969 1559; x_wconf 71' lang='grc' dir='ltr'>δῆλον</span> <span class='ocrx_word' id='word_1_194' title='bbox 993 1513 1054 1551; x_wconf 76' lang='grc' dir='ltr'><strong>καὶ</strong></span> <span class='ocrx_word' id='word_1_195' title='bbox 1085 1514 1153 1551; x_wconf 86' lang='grc' dir='ltr'><strong>ἀπὸ</strong></span> <span class='ocrx_word' id='word_1_196' title='bbox 1176 1518 1236 1552; x_wconf 79' lang='grc' dir='ltr'><strong>τοῦ</strong></span> <span class='ocrx_word' id='word_1_197' title='bbox 1257 1516 1319 1561; x_wconf 82' lang='grc' dir='ltr'><strong>τὴν</strong></span> 
     </span>
     <span class='ocr_line' id='line_1_24' title="bbox 277 1569 1319 1626; baseline 0.004 -19"><span class='ocrx_word' id='word_1_198' title='bbox 277 1569 340 1618; x_wconf 78' lang='grc' dir='ltr'>μὲν</span> <span class='ocrx_word' id='word_1_199' title='bbox 371 1571 544 1622; x_wconf 85' lang='grc' dir='ltr'>ἀκρασίαν</span> <span class='ocrx_word' id='word_1_200' title='bbox 567 1572 686 1615; x_wconf 81' lang='grc' dir='ltr'>ἁπλῶς</span> <span class='ocrx_word' id='word_1_201' title='bbox 704 1572 892 1626; x_wconf 79' lang='grc' dir='ltr'>ψέγεσθαι,</span> <span class='ocrx_word' id='word_1_202' title='bbox 928 1571 989 1610; x_wconf 69' lang='grc' dir='ltr'><strong>καὶ</strong></span> <span class='ocrx_word' id='word_1_203' title='bbox 1012 1572 1124 1610; x_wconf 86' lang='grc' dir='ltr'>δοκεῖν</span> <span class='ocrx_word' id='word_1_204' title='bbox 1146 1574 1183 1610; x_wconf 82' lang='grc' dir='ltr'><strong>οὐ</strong></span> <span class='ocrx_word' id='word_1_205' title='bbox 1216 1572 1319 1622; x_wconf 86' lang='grc' dir='ltr'>μόνον</span> 
     </span>
     <span class='ocr_line' id='line_1_25' title="bbox 277 1630 1320 1683; baseline 0.004 -17"><span class='ocrx_word' id='word_1_206' title='bbox 277 1630 472 1681; x_wconf 78' lang='grc' dir='ltr'>ἁμαρτίαν,</span> <span class='ocrx_word' id='word_1_207' title='bbox 502 1630 593 1668; x_wconf 83' lang='grc' dir='ltr'>ἀλλὰ</span> <span class='ocrx_word' id='word_1_208' title='bbox 625 1631 685 1668; x_wconf 77' lang='grc' dir='ltr'><strong>καὶ</strong></span> <span class='ocrx_word' id='word_1_209' title='bbox 712 1632 840 1669; x_wconf 89' lang='grc' dir='ltr'>κακίαν</span> <span class='ocrx_word' id='word_1_210' title='bbox 855 1662 864 1677; x_wconf 90' lang='grc'>,</span> <span class='ocrx_word' id='word_1_211' title='bbox 887 1630 909 1677; x_wconf 87' lang='grc' dir='ltr'>ἢ</span> <span class='ocrx_word' id='word_1_212' title='bbox 939 1631 1083 1683; x_wconf 84' lang='grc' dir='ltr'>κυρίως,</span> <span class='ocrx_word' id='word_1_213' title='bbox 1105 1630 1127 1677; x_wconf 82' lang='grc' dir='ltr'>ἢ</span> <span class='ocrx_word' id='word_1_214' title='bbox 1149 1631 1240 1669; x_wconf 78' lang='grc' dir='ltr'>κατά</span> <span class='ocrx_word' id='word_1_215' title='bbox 1262 1647 1320 1681; x_wconf 86' lang='grc' dir='ltr'><strong>τι,</strong></span> 
     </span>
     <span class='ocr_line' id='line_1_26' title="bbox 275 1689 1319 1744; baseline 0 -16"><span class='ocrx_word' id='word_1_216' title='bbox 275 1689 338 1736; x_wconf 83' lang='grc' dir='ltr'><strong>τὴν</strong></span> <span class='ocrx_word' id='word_1_217' title='bbox 365 1690 401 1728; x_wconf 81' lang='grc' dir='ltr'><strong>δὲ</strong></span> <span class='ocrx_word' id='word_1_218' title='bbox 425 1690 514 1740; x_wconf 86' lang='grc' dir='ltr'>μετὰ</span> <span class='ocrx_word' id='word_1_219' title='bbox 534 1691 733 1741; x_wconf 71' lang='grc' dir='ltr'>προσθήκης</span> <span class='ocrx_word' id='word_1_220' title='bbox 755 1691 928 1743; x_wconf 82' lang='grc' dir='ltr'>ἀκρασίαν</span> <span class='ocrx_word' id='word_1_221' title='bbox 948 1693 987 1729; x_wconf 83' lang='grc' dir='ltr'><strong>οὗ</strong></span> <span class='ocrx_word' id='word_1_222' title='bbox 1005 1692 1172 1744; x_wconf 81' lang='grc' dir='ltr'>ψέγεσθαι</span> <span class='ocrx_word' id='word_1_223' title='bbox 1190 1694 1236 1735; x_wconf 86' lang='grc' dir='ltr'><strong>ὡς</strong></span> <span class='ocrx_word' id='word_1_224' title='bbox 1259 1707 1319 1730; x_wconf 91' lang='grc' dir='ltr'><strong>κα-</strong></span> 
     </span>
     <span class='ocr_line' id='line_1_27' title="bbox 276 1744 1319 1803; baseline 0.001 -16"><span class='ocrx_word' id='word_1_225' title='bbox 276 1752 371 1788; x_wconf 88' lang='grc' dir='ltr'>κίαν·</span> <span class='ocrx_word' id='word_1_226' title='bbox 399 1751 428 1788; x_wconf 81' lang='grc' dir='ltr'><strong>οἱ</strong></span> <span class='ocrx_word' id='word_1_227' title='bbox 450 1748 513 1797; x_wconf 80' lang='grc' dir='ltr'>μὲν</span> <span class='ocrx_word' id='word_1_228' title='bbox 530 1744 586 1788; x_wconf 66' lang='grc' dir='ltr'><strong>οὖν</strong></span> <span class='ocrx_word' id='word_1_229' title='bbox 603 1750 683 1802; x_wconf 77' lang='grc' dir='ltr'>περὶ</span> <span class='ocrx_word' id='word_1_230' title='bbox 705 1750 749 1789; x_wconf 85' lang='grc' dir='ltr'><strong>τὰ</strong></span> <span class='ocrx_word' id='word_1_231' title='bbox 770 1749 819 1800; x_wconf 84' lang='grc' dir='ltr'><strong>μὴ</strong></span> <span class='ocrx_word' id='word_1_232' title='bbox 839 1751 1012 1802; x_wconf 84' lang='grc' dir='ltr'>ἀναγκαῖα</span> <span class='ocrx_word' id='word_1_233' title='bbox 1031 1750 1118 1796; x_wconf 74' lang='grc' dir='ltr'>ἡδέα</span> <span class='ocrx_word' id='word_1_234' title='bbox 1138 1750 1319 1803; x_wconf 74' lang='grc' dir='ltr'>ὓπερὸάλ-</span> 
     </span>
     <span class='ocr_line' id='line_1_28' title="bbox 278 1809 1104 1862; baseline 0.001 -14"><span class='ocrx_word' id='word_1_235' title='bbox 278 1812 396 1852; x_wconf 86' lang='grc' dir='ltr'>λοντες</span> <span class='ocrx_word' id='word_1_236' title='bbox 417 1812 580 1860; x_wconf 82' lang='grc' dir='ltr'>ἀκρατεῖς</span> <span class='ocrx_word' id='word_1_237' title='bbox 599 1810 760 1859; x_wconf 88' lang='grc' dir='ltr'>λέγονται</span> <span class='ocrx_word' id='word_1_238' title='bbox 781 1809 870 1860; x_wconf 86' lang='grc' dir='ltr'>μετὰ</span> <span class='ocrx_word' id='word_1_239' title='bbox 889 1809 1104 1862; x_wconf 82' lang='grc' dir='ltr'>προσθήκης.</span> 
     </span>
    </p>

    <p class='ocr_par' dir='ltr' id='par_1_7' title="bbox 276 1867 1320 2380">
     <span class='ocr_line' id='line_1_29' title="bbox 328 1867 1320 1919; baseline 0 -13"><span class='ocrx_word' id='word_1_240' title='bbox 328 1867 387 1891; x_wconf 80' lang='lat'>**&#39;¹‘</span> <span class='ocrx_word' id='word_1_241' title='bbox 408 1869 455 1907; x_wconf 77' lang='grc' dir='ltr'><strong>Οἱ</strong></span> <span class='ocrx_word' id='word_1_242' title='bbox 476 1867 511 1906; x_wconf 79' lang='grc' dir='ltr'><strong>δὲ</strong></span> <span class='ocrx_word' id='word_1_243' title='bbox 524 1868 603 1919; x_wconf 74' lang='grc' dir='ltr'>περὶ</span> <span class='ocrx_word' id='word_1_244' title='bbox 620 1867 682 1911; x_wconf 84' lang='grc' dir='ltr'><strong>τὰς</strong></span> <span class='ocrx_word' id='word_1_245' title='bbox 701 1868 893 1919; x_wconf 84' lang='grc' dir='ltr'>ἀναγκαίας</span> <span class='ocrx_word' id='word_1_246' title='bbox 904 1869 964 1907; x_wconf 76' lang='grc' dir='ltr'><strong>καὶ</strong></span> <span class='ocrx_word' id='word_1_247' title='bbox 978 1867 1180 1918; x_wconf 80' lang='grc' dir='ltr'>σωματικὰς</span> <span class='ocrx_word' id='word_1_248' title='bbox 1193 1867 1320 1915; x_wconf 73' lang='grc' dir='ltr'>ἡδονὰς</span> 
     </span>
     <span class='ocr_line' id='line_1_30' title="bbox 277 1926 1320 1980; baseline 0.001 -15"><span class='ocrx_word' id='word_1_249' title='bbox 277 1927 553 1979; x_wconf 74' lang='grc' dir='ltr'>ὓπερὸάλλοντες</span> <span class='ocrx_word' id='word_1_250' title='bbox 566 1957 576 1975; x_wconf 93' lang='grc'>,</span> <span class='ocrx_word' id='word_1_251' title='bbox 596 1927 634 1966; x_wconf 83' lang='grc' dir='ltr'><strong>οὗ</strong></span> <span class='ocrx_word' id='word_1_252' title='bbox 655 1927 828 1980; x_wconf 81' lang='grc' dir='ltr'>κρίνοντος</span> <span class='ocrx_word' id='word_1_253' title='bbox 844 1928 904 1966; x_wconf 75' lang='grc' dir='ltr'><strong>καὶ</strong></span> <span class='ocrx_word' id='word_1_254' title='bbox 924 1926 1169 1977; x_wconf 83' lang='grc' dir='ltr'>συντιθεμένου</span> <span class='ocrx_word' id='word_1_255' title='bbox 1182 1932 1242 1967; x_wconf 79' lang='grc' dir='ltr'><strong>τοῦ</strong></span> <span class='ocrx_word' id='word_1_256' title='bbox 1261 1926 1320 1966; x_wconf 85' lang='grc' dir='ltr'><strong>λό-</strong></span> 
     </span>
     <span class='ocr_line' id='line_1_31' title="bbox 277 1985 1319 2056; baseline -0.002 -30"><span class='ocrx_word' id='word_1_257' title='bbox 277 2002 359 2036; x_wconf 86' lang='grc' dir='ltr'>γου,</span> <span class='ocrx_word' id='word_1_258' title='bbox 390 1986 479 2024; x_wconf 80' lang='grc' dir='ltr'>ἀλλὰ</span> <span class='ocrx_word' id='word_1_259' title='bbox 503 1986 780 2034; x_wconf 86' lang='grc' dir='ltr'>ἀνθισταμένου,</span> <span class='ocrx_word' id='word_1_260' title='bbox 812 1986 871 2024; x_wconf 81' lang='grc' dir='ltr'><strong>καὶ</strong></span> <span class='ocrx_word' id='word_1_261' title='bbox 894 1986 955 2030; x_wconf 81' lang='grc' dir='ltr'><strong>τὰς</strong></span> <span class='ocrx_word' id='word_1_262' title='bbox 978 1985 1040 2037; x_wconf 80' lang='grc' dir='ltr'>μὲν</span> <span class='ocrx_word' id='word_1_263' title='bbox 1062 1986 1188 2034; x_wconf 84' lang='grc' dir='ltr'>ἡδονὰς</span> <span class='ocrx_word' id='word_1_264' title='bbox 1214 1989 1319 2056; x_wconf 80' lang='grc' dir='ltr'>ὑπερ-</span> 
     </span>
     <span class='ocr_line' id='line_1_32' title="bbox 277 2037 1316 2097; baseline -0.001 -15"><span class='ocrx_word' id='word_1_265' title='bbox 277 2043 475 2087; x_wconf 71' lang='grc' dir='ltr'>ὃαλλόντως</span> <span class='ocrx_word' id='word_1_266' title='bbox 505 2043 701 2091; x_wconf 83' lang='grc' dir='ltr'>διώκοντες,</span> <span class='ocrx_word' id='word_1_267' title='bbox 722 2044 803 2097; x_wconf 79' lang='grc' dir='ltr'>περὶ</span> <span class='ocrx_word' id='word_1_268' title='bbox 832 2043 872 2089; x_wconf 81' lang='grc' dir='ltr'><strong>ἃς</strong></span> <span class='ocrx_word' id='word_1_269' title='bbox 903 2043 1034 2097; x_wconf 83' lang='grc' dir='ltr'>ἔφαμεν</span> <span class='ocrx_word' id='word_1_270' title='bbox 1058 2037 1147 2082; x_wconf 80' lang='grc' dir='ltr'>εἶναι</span> <span class='ocrx_word' id='word_1_271' title='bbox 1167 2043 1226 2082; x_wconf 82' lang='grc' dir='ltr'><strong>τὸν</strong></span> <span class='ocrx_word' id='word_1_272' title='bbox 1248 2042 1316 2082; x_wconf 85' lang='grc' dir='ltr'>σώ·</span> 
     </span>
     <span class='ocr_line' id='line_1_33' title="bbox 276 2100 1320 2156; baseline -0.002 -14"><span class='ocrx_word' id='word_1_273' title='bbox 276 2119 384 2156; x_wconf 85' lang='grc' dir='ltr'>φρονα</span> <span class='ocrx_word' id='word_1_274' title='bbox 418 2103 477 2141; x_wconf 84' lang='grc' dir='ltr'><strong>καὶ</strong></span> <span class='ocrx_word' id='word_1_275' title='bbox 507 2102 564 2141; x_wconf 83' lang='grc' dir='ltr'><strong>τὸν</strong></span> <span class='ocrx_word' id='word_1_276' title='bbox 594 2103 806 2150; x_wconf 84' lang='grc' dir='ltr'>ἀκόλαστον,</span> <span class='ocrx_word' id='word_1_277' title='bbox 836 2101 899 2147; x_wconf 83' lang='grc' dir='ltr'><strong>τὰς</strong></span> <span class='ocrx_word' id='word_1_278' title='bbox 927 2102 964 2140; x_wconf 86' lang='grc' dir='ltr'><strong>δὲ</strong></span> <span class='ocrx_word' id='word_1_279' title='bbox 996 2102 1108 2146; x_wconf 81' lang='grc' dir='ltr'>λύπας</span> <span class='ocrx_word' id='word_1_280' title='bbox 1140 2100 1320 2154; x_wconf 82' lang='grc' dir='ltr'>φεύγοντες</span> 
     </span>
     <span class='ocr_line' id='line_1_34' title="bbox 276 2155 1318 2215; baseline -0.001 -15"><span class='ocrx_word' id='word_1_281' title='bbox 276 2163 381 2201; x_wconf 83' lang='grc' dir='ltr'>πλέον</span> <span class='ocrx_word' id='word_1_282' title='bbox 403 2160 426 2207; x_wconf 82' lang='grc' dir='ltr'>ἢ</span> <span class='ocrx_word' id='word_1_283' title='bbox 448 2176 642 2215; x_wconf 86' lang='grc' dir='ltr'>προσηκεν,</span> <span class='ocrx_word' id='word_1_284' title='bbox 675 2155 744 2201; x_wconf 66' lang='grc' dir='ltr'>οἷον</span> <span class='ocrx_word' id='word_1_285' title='bbox 771 2161 917 2212; x_wconf 80' lang='grc' dir='ltr'>πείνης,</span> <span class='ocrx_word' id='word_1_286' title='bbox 947 2162 1071 2214; x_wconf 85' lang='grc' dir='ltr'>δίψης,</span> <span class='ocrx_word' id='word_1_287' title='bbox 1100 2177 1159 2200; x_wconf 90' lang='grc' dir='ltr'><strong>και</strong></span> <span class='ocrx_word' id='word_1_288' title='bbox 1192 2161 1318 2210; x_wconf 85' lang='grc' dir='ltr'>ἀλέας,</span> 
     </span>
     <span class='ocr_line' id='line_1_35' title="bbox 277 2219 1318 2273; baseline 0 -14"><span class='ocrx_word' id='word_1_289' title='bbox 277 2220 336 2259; x_wconf 75' lang='grc' dir='ltr'><strong>καὶ</strong></span> <span class='ocrx_word' id='word_1_290' title='bbox 355 2219 507 2272; x_wconf 77' lang='grc' dir='ltr'>ψύχους,</span> <span class='ocrx_word' id='word_1_291' title='bbox 531 2235 590 2258; x_wconf 90' lang='grc' dir='ltr'><strong>και</strong></span> <span class='ocrx_word' id='word_1_292' title='bbox 611 2220 752 2258; x_wconf 86' lang='grc' dir='ltr'>πάντων</span> <span class='ocrx_word' id='word_1_293' title='bbox 783 2222 850 2259; x_wconf 81' lang='grc' dir='ltr'><strong>τῶν</strong></span> <span class='ocrx_word' id='word_1_294' title='bbox 872 2219 953 2271; x_wconf 81' lang='grc' dir='ltr'>περὶ</span> <span class='ocrx_word' id='word_1_295' title='bbox 980 2220 1072 2273; x_wconf 81' lang='grc' dir='ltr'>ἁφὴν</span> <span class='ocrx_word' id='word_1_296' title='bbox 1092 2221 1152 2259; x_wconf 78' lang='grc' dir='ltr'><strong>καὶ</strong></span> <span class='ocrx_word' id='word_1_297' title='bbox 1175 2236 1318 2273; x_wconf 88' lang='grc' dir='ltr'>γευσιν,</span> 
     </span>
     <span class='ocr_line' id='line_1_36' title="bbox 277 2279 1317 2333; baseline 0.002 -16"><span class='ocrx_word' id='word_1_298' title='bbox 277 2280 309 2318; x_wconf 84' lang='grc' dir='ltr'><strong>οἱ</strong></span> <span class='ocrx_word' id='word_1_299' title='bbox 345 2282 493 2317; x_wconf 80' lang='grc' dir='ltr'>τοιοῦτοι</span> <span class='ocrx_word' id='word_1_300' title='bbox 523 2281 686 2332; x_wconf 85' lang='grc' dir='ltr'>ἀκρατεῖς</span> <span class='ocrx_word' id='word_1_301' title='bbox 711 2279 893 2331; x_wconf 86' lang='grc' dir='ltr'>λέγονται,</span> <span class='ocrx_word' id='word_1_302' title='bbox 915 2281 954 2317; x_wconf 81' lang='grc' dir='ltr'><strong>οὐ</strong></span> <span class='ocrx_word' id='word_1_303' title='bbox 977 2279 1068 2331; x_wconf 83' lang='grc' dir='ltr'>μετὰ</span> <span class='ocrx_word' id='word_1_304' title='bbox 1098 2281 1317 2333; x_wconf 78' lang='grc' dir='ltr'>προσθήκης,</span> 
     </span>
     <span class='ocr_line' id='line_1_37' title="bbox 276 2337 521 2380; baseline 0.008 -5"><span class='ocrx_word' id='word_1_305' title='bbox 276 2337 367 2377; x_wconf 84' lang='grc' dir='ltr'>ἀλλὰ</span> <span class='ocrx_word' id='word_1_306' title='bbox 388 2337 521 2380; x_wconf 80' lang='grc' dir='ltr'>ἅπλῶς.</span> 
     </span>
    </p>

    <p class='ocr_par' dir='ltr' id='par_1_8' title="bbox 276 2394 1320 2565">
     <span class='ocr_line' id='line_1_38' title="bbox 328 2394 1320 2450; baseline 0.003 -17"><span class='ocrx_word' id='word_1_307' title='bbox 328 2394 413 2418; x_wconf 56' lang='lat'><strong>*³¹⁰¹*</strong></span> <span class='ocrx_word' id='word_1_308' title='bbox 427 2397 541 2441; x_wconf 73' lang='grc' dir='ltr'>Δῆλον</span> <span class='ocrx_word' id='word_1_309' title='bbox 559 2394 594 2433; x_wconf 80' lang='grc' dir='ltr'><strong>δὲ</strong></span> <span class='ocrx_word' id='word_1_310' title='bbox 608 2395 667 2434; x_wconf 76' lang='grc' dir='ltr'><strong>καὶ</strong></span> <span class='ocrx_word' id='word_1_311' title='bbox 681 2395 750 2434; x_wconf 80' lang='grc' dir='ltr'><strong>ἀπὸ</strong></span> <span class='ocrx_word' id='word_1_312' title='bbox 766 2400 824 2435; x_wconf 76' lang='grc' dir='ltr'><strong>τοῦ</strong></span> <span class='ocrx_word' id='word_1_313' title='bbox 840 2395 1053 2441; x_wconf 81' lang='grc' dir='ltr'>ἀκολάστους</span> <span class='ocrx_word' id='word_1_314' title='bbox 1067 2396 1229 2450; x_wconf 82' lang='grc' dir='ltr'>λέγεσθαι</span> <span class='ocrx_word' id='word_1_315' title='bbox 1242 2396 1320 2442; x_wconf 74' lang='grc' dir='ltr'>τοὺς</span> 
     </span>
     <span class='ocr_line' id='line_1_39' title="bbox 276 2454 1318 2510; baseline 0.004 -19"><span class='ocrx_word' id='word_1_316' title='bbox 276 2454 357 2505; x_wconf 77' lang='grc' dir='ltr'>περὶ</span> <span class='ocrx_word' id='word_1_317' title='bbox 377 2457 487 2492; x_wconf 72' lang='grc' dir='ltr'>ταῦτα</span> <span class='ocrx_word' id='word_1_318' title='bbox 509 2454 813 2506; x_wconf 67' lang='grc' dir='ltr'>ὓπερίῗοίλλοντας,</span> <span class='ocrx_word' id='word_1_319' title='bbox 831 2454 909 2498; x_wconf 78' lang='grc' dir='ltr'>τοὺς</span> <span class='ocrx_word' id='word_1_320' title='bbox 925 2455 961 2493; x_wconf 81' lang='grc' dir='ltr'><strong>δὲ</strong></span> <span class='ocrx_word' id='word_1_321' title='bbox 982 2456 1062 2510; x_wconf 76' lang='grc' dir='ltr'>περὶ</span> <span class='ocrx_word' id='word_1_322' title='bbox 1079 2455 1124 2495; x_wconf 82' lang='grc' dir='ltr'><strong>τὰ</strong></span> <span class='ocrx_word' id='word_1_323' title='bbox 1145 2456 1194 2506; x_wconf 87' lang='grc' dir='ltr'><strong>μὴ</strong></span> <span class='ocrx_word' id='word_1_324' title='bbox 1215 2459 1318 2507; x_wconf 87' lang='grc' dir='ltr'>ἀναγ-</span> 
     </span>
     <span class='ocr_line' id='line_1_40' title="bbox 278 2513 996 2565; baseline 0.004 -14"><span class='ocrx_word' id='word_1_325' title='bbox 278 2518 363 2551; x_wconf 84' lang='grc' dir='ltr'>καῖα</span> <span class='ocrx_word' id='word_1_326' title='bbox 382 2513 469 2559; x_wconf 76' lang='grc' dir='ltr'>ἡδέα</span> <span class='ocrx_word' id='word_1_327' title='bbox 488 2514 771 2564; x_wconf 74' lang='grc' dir='ltr'>ὖπερὸάλλοντας</span> <span class='ocrx_word' id='word_1_328' title='bbox 785 2542 795 2561; x_wconf 90' lang='grc'>,</span> <span class='ocrx_word' id='word_1_329' title='bbox 823 2515 996 2565; x_wconf 79' lang='grc' dir='ltr'>οὐδαμῶς.</span> 
     </span>
    </p>

    <p class='ocr_par' dir='ltr' id='par_1_9' title="bbox 275 2570 1320 2804">
     <span class='ocr_line' id='line_1_41' title="bbox 329 2570 1320 2625; baseline 0.003 -16"><span class='ocrx_word' id='word_1_330' title='bbox 329 2570 435 2594; x_wconf 71' lang='lat'><strong>*****</strong></span> <span class='ocrx_word' id='word_1_331' title='bbox 459 2570 544 2610; x_wconf 70' lang='lat' dir='ltr'><strong>“Ort</strong></span> <span class='ocrx_word' id='word_1_332' title='bbox 563 2572 629 2624; x_wconf 83' lang='grc' dir='ltr'><strong>γὰρ</strong></span> <span class='ocrx_word' id='word_1_333' title='bbox 650 2572 730 2625; x_wconf 78' lang='grc' dir='ltr'>περὶ</span> <span class='ocrx_word' id='word_1_334' title='bbox 748 2572 811 2617; x_wconf 88' lang='grc' dir='ltr'><strong>τὰς</strong></span> <span class='ocrx_word' id='word_1_335' title='bbox 835 2573 941 2618; x_wconf 76' lang='grc' dir='ltr'>αὐτὰς</span> <span class='ocrx_word' id='word_1_336' title='bbox 969 2573 1175 2624; x_wconf 84' lang='grc' dir='ltr'>σωματικὰς</span> <span class='ocrx_word' id='word_1_337' title='bbox 1195 2573 1320 2621; x_wconf 78' lang='grc' dir='ltr'>ἡδονὰς</span> 
     </span>
     <span class='ocr_line' id='line_1_42' title="bbox 278 2626 1320 2686; baseline 0 -16"><span class='ocrx_word' id='word_1_338' title='bbox 278 2630 463 2682; x_wconf 73' lang='grc' dir='ltr'>συμὸαίνει</span> <span class='ocrx_word' id='word_1_339' title='bbox 483 2626 569 2668; x_wconf 72' lang='grc' dir='ltr'>εἶναι</span> <span class='ocrx_word' id='word_1_340' title='bbox 589 2633 645 2670; x_wconf 79' lang='grc' dir='ltr'><strong>τὸν</strong></span> <span class='ocrx_word' id='word_1_341' title='bbox 665 2632 824 2684; x_wconf 76' lang='grc' dir='ltr'>σώφρονα</span> <span class='ocrx_word' id='word_1_342' title='bbox 851 2633 911 2670; x_wconf 84' lang='grc' dir='ltr'><strong>καὶ</strong></span> <span class='ocrx_word' id='word_1_343' title='bbox 940 2634 1106 2686; x_wconf 75' lang='grc' dir='ltr'>ἐγκρατῆ,</span> <span class='ocrx_word' id='word_1_344' title='bbox 1127 2634 1186 2672; x_wconf 89' lang='grc' dir='ltr'><strong>καὶ</strong></span> <span class='ocrx_word' id='word_1_345' title='bbox 1203 2633 1261 2671; x_wconf 82' lang='grc' dir='ltr'><strong>τὸν</strong></span> <span class='ocrx_word' id='word_1_346' title='bbox 1282 2635 1320 2670; x_wconf 87' lang='grc' dir='ltr'>ἀ-</span> 
     </span>
     <span class='ocr_line' id='line_1_43' title="bbox 276 2688 1316 2746; baseline 0.003 -19"><span class='ocrx_word' id='word_1_347' title='bbox 276 2691 387 2741; x_wconf 79' lang='grc' dir='ltr'>κρατῆ</span> <span class='ocrx_word' id='word_1_348' title='bbox 408 2688 467 2726; x_wconf 81' lang='grc' dir='ltr'><strong>καὶ</strong></span> <span class='ocrx_word' id='word_1_349' title='bbox 488 2690 693 2740; x_wconf 80' lang='grc' dir='ltr'>ἀκόλαστον,</span> <span class='ocrx_word' id='word_1_350' title='bbox 710 2692 755 2733; x_wconf 86' lang='grc' dir='ltr'><strong>εἷς</strong></span> <span class='ocrx_word' id='word_1_351' title='bbox 775 2692 900 2730; x_wconf 79' lang='grc' dir='ltr'>ταύτὸν</span> <span class='ocrx_word' id='word_1_352' title='bbox 918 2691 1056 2743; x_wconf 85' lang='grc' dir='ltr'>τίθεμεν</span> <span class='ocrx_word' id='word_1_353' title='bbox 1077 2692 1134 2731; x_wconf 79' lang='grc' dir='ltr'><strong>τὸν</strong></span> <span class='ocrx_word' id='word_1_354' title='bbox 1155 2692 1316 2746; x_wconf 85' lang='grc' dir='ltr'>σώφρονα</span> 
     </span>
     <span class='ocr_line' id='line_1_44' title="bbox 275 2749 1138 2804; baseline 0.007 -19"><span class='ocrx_word' id='word_1_355' title='bbox 275 2751 326 2801; x_wconf 76' lang='grc' dir='ltr'><strong>τῷ</strong></span> <span class='ocrx_word' id='word_1_356' title='bbox 352 2749 530 2798; x_wconf 82' lang='grc' dir='ltr'>ἐγκρατεῖ,</span> <span class='ocrx_word' id='word_1_357' title='bbox 546 2749 604 2786; x_wconf 78' lang='grc' dir='ltr'><strong>καὶ</strong></span> <span class='ocrx_word' id='word_1_358' title='bbox 624 2750 679 2786; x_wconf 77' lang='grc' dir='ltr'><strong>τὸν</strong></span> <span class='ocrx_word' id='word_1_359' title='bbox 701 2751 894 2788; x_wconf 85' lang='grc' dir='ltr'>ἀκόλαστον</span> <span class='ocrx_word' id='word_1_360' title='bbox 917 2755 965 2804; x_wconf 84' lang='grc' dir='ltr'><strong>τῷ</strong></span> <span class='ocrx_word' id='word_1_361' title='bbox 982 2754 1138 2804; x_wconf 88' lang='grc' dir='ltr'>ἀκρατεῖ.</span> 
     </span>
    </p>

    <p class='ocr_par' dir='ltr' id='par_1_10' title="bbox 277 2806 1320 3272">
     <span class='ocr_line' id='line_1_45' title="bbox 331 2806 1319 2863; baseline 0.005 -19"><span class='ocrx_word' id='word_1_362' title='bbox 331 2806 456 2830; x_wconf 82' lang='lat'>******</span> <span class='ocrx_word' id='word_1_363' title='bbox 480 2809 520 2845; x_wconf 79' lang='grc' dir='ltr'><strong>Εἰ</strong></span> <span class='ocrx_word' id='word_1_364' title='bbox 539 2808 599 2845; x_wconf 76' lang='grc' dir='ltr'><strong>καὶ</strong></span> <span class='ocrx_word' id='word_1_365' title='bbox 620 2809 685 2859; x_wconf 69' lang='grc' dir='ltr'><strong>οὐχ</strong></span> <span class='ocrx_word' id='word_1_366' title='bbox 706 2810 830 2858; x_wconf 82' lang='grc' dir='ltr'>ὁμοίως</span> <span class='ocrx_word' id='word_1_367' title='bbox 859 2810 976 2862; x_wconf 77' lang='grc' dir='ltr'>ἔχουσι</span> <span class='ocrx_word' id='word_1_368' title='bbox 1001 2811 1087 2863; x_wconf 80' lang='grc' dir='ltr'>πρὸς</span> <span class='ocrx_word' id='word_1_369' title='bbox 1105 2810 1233 2855; x_wconf 84' lang='grc' dir='ltr'>ταύτας</span> <span class='ocrx_word' id='word_1_370' title='bbox 1256 2810 1319 2854; x_wconf 81' lang='grc' dir='ltr'><strong>τὰς</strong></span> 
     </span>
     <span class='ocr_line' id='line_1_46' title="bbox 277 2865 1320 2922; baseline 0.003 -18"><span class='ocrx_word' id='word_1_371' title='bbox 277 2865 412 2914; x_wconf 76' lang='grc' dir='ltr'>ἧδονας·</span> <span class='ocrx_word' id='word_1_372' title='bbox 425 2868 442 2903; x_wconf 86' lang='grc' dir='ltr'>ὁ</span> <span class='ocrx_word' id='word_1_373' title='bbox 458 2865 519 2915; x_wconf 83' lang='grc' dir='ltr'>μὲν</span> <span class='ocrx_word' id='word_1_374' title='bbox 533 2866 600 2918; x_wconf 76' lang='grc' dir='ltr'><strong>γὰρ</strong></span> <span class='ocrx_word' id='word_1_375' title='bbox 616 2868 806 2911; x_wconf 87' lang='grc' dir='ltr'>ἀκόλαστος</span> <span class='ocrx_word' id='word_1_376' title='bbox 820 2869 1091 2922; x_wconf 81' lang='grc' dir='ltr'>προαιρούμενος</span> <span class='ocrx_word' id='word_1_377' title='bbox 1106 2870 1162 2909; x_wconf 76' lang='grc' dir='ltr'>ἐπὶ</span> <span class='ocrx_word' id='word_1_378' title='bbox 1175 2870 1237 2918; x_wconf 73' lang='grc' dir='ltr'><strong>τὴν</strong></span> <span class='ocrx_word' id='word_1_379' title='bbox 1249 2871 1320 2908; x_wconf 87' lang='grc' dir='ltr'>ἐπι-</span> 
     </span>
     <span class='ocr_line' id='line_1_47' title="bbox 278 2923 1317 3003; baseline 0.002 -40"><span class='ocrx_word' id='word_1_380' title='bbox 278 2923 405 2974; x_wconf 86' lang='grc' dir='ltr'>θυμίαν</span> <span class='ocrx_word' id='word_1_381' title='bbox 421 2923 575 2976; x_wconf 87' lang='grc' dir='ltr'>φέρεται,</span> <span class='ocrx_word' id='word_1_382' title='bbox 594 2927 611 2962; x_wconf 86' lang='grc' dir='ltr'>ὁ</span> <span class='ocrx_word' id='word_1_383' title='bbox 629 2924 664 2962; x_wconf 82' lang='grc' dir='ltr'><strong>δὲ</strong></span> <span class='ocrx_word' id='word_1_384' title='bbox 685 2927 839 2978; x_wconf 78' lang='grc' dir='ltr'>ἀκρατὴς</span> <span class='ocrx_word' id='word_1_385' title='bbox 859 2928 907 2977; x_wconf 81' lang='grc' dir='ltr'><strong>μὴ</strong></span> <span class='ocrx_word' id='word_1_386' title='bbox 925 2928 1209 3003; x_wconf 80' lang='grc' dir='ltr'>προαιρούμενος,</span> <span class='ocrx_word' id='word_1_387' title='bbox 1227 2927 1317 2967; x_wconf 83' lang='grc' dir='ltr'>ἀλλὰ</span> 
     </span>
     <span class='ocr_line' id='line_1_48' title="bbox 278 2983 1317 3040; baseline 0.004 -18"><span class='ocrx_word' id='word_1_388' title='bbox 278 2987 337 3022; x_wconf 78' lang='grc' dir='ltr'><strong>τοῦ</strong></span> <span class='ocrx_word' id='word_1_389' title='bbox 358 2985 458 3033; x_wconf 81' lang='grc' dir='ltr'>ὄρθου</span> <span class='ocrx_word' id='word_1_390' title='bbox 490 2983 591 3030; x_wconf 92' lang='grc' dir='ltr'>λόγου</span> <span class='ocrx_word' id='word_1_391' title='bbox 623 2984 895 3031; x_wconf 86' lang='grc' dir='ltr'>ἀνθισταμένου·</span> <span class='ocrx_word' id='word_1_392' title='bbox 925 2988 982 3025; x_wconf 83' lang='grc' dir='ltr'><strong>τὸν</strong></span> <span class='ocrx_word' id='word_1_393' title='bbox 1006 2988 1068 3037; x_wconf 88' lang='grc' dir='ltr'>μὲν</span> <span class='ocrx_word' id='word_1_394' title='bbox 1097 2990 1155 3026; x_wconf 80' lang='grc' dir='ltr'><strong>οὖν</strong></span> <span class='ocrx_word' id='word_1_395' title='bbox 1182 2990 1317 3040; x_wconf 85' lang='grc' dir='ltr'>ἀκρατη</span> 
     </span>
     <span class='ocr_line' id='line_1_49' title="bbox 277 3041 1317 3098; baseline 0.005 -18"><span class='ocrx_word' id='word_1_396' title='bbox 277 3043 327 3094; x_wconf 81' lang='grc' dir='ltr'><strong>τῷ</strong></span> <span class='ocrx_word' id='word_1_397' title='bbox 345 3041 531 3094; x_wconf 84' lang='grc' dir='ltr'>ἀκολάστῳ</span> <span class='ocrx_word' id='word_1_398' title='bbox 551 3043 597 3085; x_wconf 86' lang='grc' dir='ltr'><strong>εἷς</strong></span> <span class='ocrx_word' id='word_1_399' title='bbox 619 3041 743 3080; x_wconf 78' lang='grc' dir='ltr'>ταύτὸν</span> <span class='ocrx_word' id='word_1_400' title='bbox 762 3043 921 3092; x_wconf 83' lang='grc' dir='ltr'>τίθεμεν,</span> <span class='ocrx_word' id='word_1_401' title='bbox 941 3046 999 3083; x_wconf 80' lang='grc' dir='ltr'><strong>καὶ</strong></span> <span class='ocrx_word' id='word_1_402' title='bbox 1020 3048 1070 3084; x_wconf 85' lang='grc' dir='ltr'><strong>τῶ</strong></span> <span class='ocrx_word' id='word_1_403' title='bbox 1090 3046 1239 3098; x_wconf 85' lang='grc' dir='ltr'>σώφρονι</span> <span class='ocrx_word' id='word_1_404' title='bbox 1260 3047 1317 3084; x_wconf 86' lang='grc' dir='ltr'><strong>τὸν</strong></span> 
     </span>
     <span class='ocr_line' id='line_1_50' title="bbox 278 3100 1318 3154; baseline 0.008 -18"><span class='ocrx_word' id='word_1_405' title='bbox 278 3102 452 3151; x_wconf 78' lang='grc' dir='ltr'>ἔγκρατη,</span> <span class='ocrx_word' id='word_1_406' title='bbox 469 3115 527 3137; x_wconf 87' lang='grc' dir='ltr'><strong>και</strong></span> <span class='ocrx_word' id='word_1_407' title='bbox 548 3115 592 3138; x_wconf 86' lang='grc' dir='ltr'><strong>πε</strong></span> <span class='ocrx_word' id='word_1_408' title='bbox 579 3115 628 3151; x_wconf 75' lang='grc' dir='ltr'><strong>ερι</strong></span> <span class='ocrx_word' id='word_1_409' title='bbox 648 3100 691 3138; x_wconf 84' lang='grc' dir='ltr'><strong>τὰ</strong></span> <span class='ocrx_word' id='word_1_410' title='bbox 711 3102 799 3138; x_wconf 85' lang='grc' dir='ltr'>αὐτὰ</span> <span class='ocrx_word' id='word_1_411' title='bbox 819 3102 965 3154; x_wconf 86' lang='grc' dir='ltr'>λέγομεν</span> <span class='ocrx_word' id='word_1_412' title='bbox 985 3103 1110 3148; x_wconf 78' lang='grc' dir='ltr'>αὐτοὺς</span> <span class='ocrx_word' id='word_1_413' title='bbox 1132 3109 1241 3153; x_wconf 89' lang='grc' dir='ltr'>εἰναι,</span> <span class='ocrx_word' id='word_1_414' title='bbox 1261 3121 1318 3144; x_wconf 87' lang='grc' dir='ltr'><strong>τον</strong></span> 
     </span>
     <span class='ocr_line' id='line_1_51' title="bbox 279 3158 1313 3215; baseline 0.005 -18"><span class='ocrx_word' id='word_1_415' title='bbox 279 3159 315 3197; x_wconf 82' lang='grc' dir='ltr'><strong>δὲ</strong></span> <span class='ocrx_word' id='word_1_416' title='bbox 337 3173 417 3210; x_wconf 88' lang='grc' dir='ltr'>περι</span> <span class='ocrx_word' id='word_1_417' title='bbox 444 3158 505 3201; x_wconf 91' lang='grc' dir='ltr'><strong>τας</strong></span> <span class='ocrx_word' id='word_1_418' title='bbox 535 3158 642 3201; x_wconf 73' lang='grc' dir='ltr'>ἄλλας</span> <span class='ocrx_word' id='word_1_419' title='bbox 674 3159 798 3206; x_wconf 85' lang='grc' dir='ltr'>ἡδονὰς</span> <span class='ocrx_word' id='word_1_420' title='bbox 819 3160 880 3204; x_wconf 81' lang='grc' dir='ltr'><strong>τὰς</strong></span> <span class='ocrx_word' id='word_1_421' title='bbox 903 3164 950 3210; x_wconf 80' lang='grc' dir='ltr'><strong>μὴ</strong></span> <span class='ocrx_word' id='word_1_422' title='bbox 982 3163 1175 3213; x_wconf 83' lang='grc' dir='ltr'>ἀναγκαίας</span> <span class='ocrx_word' id='word_1_423' title='bbox 1203 3165 1313 3215; x_wconf 89' lang='grc' dir='ltr'>ἀκρα-</span> 
     </span>
     <span class='ocr_line' id='line_1_52' title="bbox 279 3217 1316 3272; baseline 0.005 -16"><span class='ocrx_word' id='word_1_424' title='bbox 279 3219 346 3262; x_wconf 77' lang='grc' dir='ltr'><strong>τῶς</strong></span> <span class='ocrx_word' id='word_1_425' title='bbox 365 3217 510 3269; x_wconf 80' lang='grc' dir='ltr'>ἔχοντα,</span> <span class='ocrx_word' id='word_1_426' title='bbox 531 3217 705 3266; x_wconf 80' lang='grc' dir='ltr'>οὐδαμῶς.</span> <span class='ocrx_word' id='word_1_427' title='bbox 727 3219 769 3256; x_wconf 84' lang='grc' dir='ltr'><strong>Εἰ</strong></span> <span class='ocrx_word' id='word_1_428' title='bbox 794 3218 829 3256; x_wconf 80' lang='grc' dir='ltr'><strong>δὲ</strong></span> <span class='ocrx_word' id='word_1_429' title='bbox 852 3219 912 3257; x_wconf 86' lang='grc' dir='ltr'><strong>καὶ</strong></span> <span class='ocrx_word' id='word_1_430' title='bbox 941 3221 1019 3272; x_wconf 77' lang='grc' dir='ltr'>περὶ</span> <span class='ocrx_word' id='word_1_431' title='bbox 1038 3222 1080 3259; x_wconf 89' lang='grc' dir='ltr'><strong>τὰ</strong></span> <span class='ocrx_word' id='word_1_432' title='bbox 1108 3222 1197 3260; x_wconf 83' lang='grc' dir='ltr'>αὐτά</span> <span class='ocrx_word' id='word_1_433' title='bbox 1225 3225 1316 3261; x_wconf 82' lang='grc' dir='ltr'>ἐστιν</span> 
     </span>
    </p>
   </div>
   <div class='ocr_carea' id='block_1_5' title="bbox 1104 188 1593 230">
    <p class='ocr_par' dir='ltr' id='par_1_11' title="bbox 1104 188 1593 230">
     <span class='ocr_line' id='line_1_53' title="bbox 1104 188 1593 230; baseline -0.002 -1"><span class='ocrx_word' id='word_1_434' title='bbox 1104 188 1385 230; x_wconf 84' lang='lat' dir='ltr'><strong>ANDRONICI</strong></span> <span class='ocrx_word' id='word_1_435' title='bbox 1413 190 1593 230; x_wconf 88' lang='lat' dir='ltr'>RHODII</span> 
     </span>
    </p>
   </div>
   <div class='ocr_carea' id='block_1_6' title="bbox 1378 282 2426 1452">
    <p class='ocr_par' dir='ltr' id='par_1_12' title="bbox 1379 282 2425 921">
     <span class='ocr_line' id='line_1_54' title="bbox 1382 282 2422 331; baseline 0.008 -17"><span class='ocrx_word' id='word_1_436' title='bbox 1382 282 1445 315; x_wconf 88' lang='lat' dir='ltr'><strong>alia</strong></span> <span class='ocrx_word' id='word_1_437' title='bbox 1471 291 1537 315; x_wconf 91' lang='lat' dir='ltr'><strong>non</strong></span> <span class='ocrx_word' id='word_1_438' title='bbox 1558 282 1741 316; x_wconf 84' lang='lat' dir='ltr'><strong>necessaria</strong></span> <span class='ocrx_word' id='word_1_439' title='bbox 1762 283 1848 321; x_wconf 84' lang='lat' dir='ltr'><strong>sint,</strong></span> <span class='ocrx_word' id='word_1_440' title='bbox 1875 282 1933 316; x_wconf 78' lang='lat' dir='ltr'><strong>sed</strong></span> <span class='ocrx_word' id='word_1_441' title='bbox 1956 293 2015 327; x_wconf 87' lang='lat' dir='ltr'><strong>per</strong></span> <span class='ocrx_word' id='word_1_442' title='bbox 2038 294 2074 319; x_wconf 85' lang='lat' dir='ltr'><strong>se</strong></span> <span class='ocrx_word' id='word_1_443' title='bbox 2103 287 2284 330; x_wconf 87' lang='lat' dir='ltr'><strong>expetenda</strong></span> <span class='ocrx_word' id='word_1_444' title='bbox 2306 289 2339 322; x_wconf 80' lang='lat' dir='ltr'><strong>et</strong></span> <span class='ocrx_word' id='word_1_445' title='bbox 2364 287 2422 331; x_wconf 55' lang='lat' dir='ltr'><strong>iud·</strong></span> 
     </span>
     <span class='ocr_line' id='line_1_55' title="bbox 1380 341 2422 390; baseline 0.008 -17"><span class='ocrx_word' id='word_1_446' title='bbox 1380 341 1487 374; x_wconf 79' lang='lat' dir='ltr'><strong>cunda</strong></span> <span class='ocrx_word' id='word_1_447' title='bbox 1515 354 1522 373; x_wconf 94' lang='lat'><strong>:</strong></span> <span class='ocrx_word' id='word_1_448' title='bbox 1550 341 1734 374; x_wconf 84' lang='lat' dir='ltr'><strong>necessaria</strong></span> <span class='ocrx_word' id='word_1_449' title='bbox 1763 343 1874 374; x_wconf 84' lang='lat' dir='ltr'><strong>autem</strong></span> <span class='ocrx_word' id='word_1_450' title='bbox 1901 351 1921 376; x_wconf 84' lang='lat' dir='ltr'><strong>a</strong></span> <span class='ocrx_word' id='word_1_451' title='bbox 1947 351 2001 376; x_wconf 87' lang='lat' dir='ltr'><strong>me</strong></span> <span class='ocrx_word' id='word_1_452' title='bbox 2017 343 2183 386; x_wconf 81' lang='lat' dir='ltr'><strong>dicuntur,</strong></span> <span class='ocrx_word' id='word_1_453' title='bbox 2205 346 2275 380; x_wconf 85' lang='lat' dir='ltr'><strong>sine</strong></span> <span class='ocrx_word' id='word_1_454' title='bbox 2298 346 2422 390; x_wconf 76' lang='lat' dir='ltr'><strong>quibus</strong></span> 
     </span>
     <span class='ocr_line' id='line_1_56' title="bbox 1382 400 2418 450; baseline 0.009 -18"><span class='ocrx_word' id='word_1_455' title='bbox 1382 403 1531 434; x_wconf 77' lang='lat' dir='ltr'><strong>constare</strong></span> <span class='ocrx_word' id='word_1_456' title='bbox 1547 401 1601 434; x_wconf 83' lang='lat' dir='ltr'><strong>vel</strong></span> <span class='ocrx_word' id='word_1_457' title='bbox 1618 400 1750 434; x_wconf 90' lang='lat' dir='ltr'><strong>omnino</strong></span> <span class='ocrx_word' id='word_1_458' title='bbox 1771 401 1895 444; x_wconf 87' lang='lat' dir='ltr'><strong>species</strong></span> <span class='ocrx_word' id='word_1_459' title='bbox 1915 402 2059 436; x_wconf 80' lang='lat' dir='ltr'><strong>humana</strong></span> <span class='ocrx_word' id='word_1_460' title='bbox 2074 406 2204 448; x_wconf 88' lang='lat' dir='ltr'><strong>nequit,</strong></span> <span class='ocrx_word' id='word_1_461' title='bbox 2229 410 2268 440; x_wconf 93' lang='lat' dir='ltr'><strong>ut</strong></span> <span class='ocrx_word' id='word_1_462' title='bbox 2284 406 2418 450; x_wconf 74' lang='lat' dir='ltr'><strong>nuptioe.</strong></span> 
     </span>
     <span class='ocr_line' id='line_1_57' title="bbox 1382 460 2422 503; baseline 0.009 -11"><span class='ocrx_word' id='word_1_463' title='bbox 1382 460 1432 492; x_wconf 91' lang='lat' dir='ltr'><strong>vel</strong></span> <span class='ocrx_word' id='word_1_464' title='bbox 1450 460 1568 503; x_wconf 84' lang='lat' dir='ltr'><strong>singuli</strong></span> <span class='ocrx_word' id='word_1_465' title='bbox 1591 460 1759 500; x_wconf 86' lang='lat' dir='ltr'><strong>homines,</strong></span> <span class='ocrx_word' id='word_1_466' title='bbox 1784 463 1822 493; x_wconf 89' lang='lat' dir='ltr'><strong>ut</strong></span> <span class='ocrx_word' id='word_1_467' title='bbox 1845 461 1952 500; x_wconf 84' lang='lat' dir='ltr'><strong>cibus,</strong></span> <span class='ocrx_word' id='word_1_468' title='bbox 1975 464 2138 503; x_wconf 87' lang='lat' dir='ltr'><strong>remissio,</strong></span> <span class='ocrx_word' id='word_1_469' title='bbox 2157 475 2292 500; x_wconf 81' lang='lat' dir='ltr'>somnus</span> <span class='ocrx_word' id='word_1_470' title='bbox 2303 469 2338 500; x_wconf 83' lang='lat' dir='ltr'><strong>et</strong></span> <span class='ocrx_word' id='word_1_471' title='bbox 2357 465 2422 500; x_wconf 75' lang='lat' dir='ltr'><strong>alia</strong></span> 
     </span>
     <span class='ocr_line' id='line_1_58' title="bbox 1381 519 2423 570; baseline 0.01 -19"><span class='ocrx_word' id='word_1_472' title='bbox 1381 519 1452 561; x_wconf 83' lang='lat' dir='ltr'><strong>ejus</strong></span> <span class='ocrx_word' id='word_1_473' title='bbox 1466 519 1614 562; x_wconf 85' lang='lat' dir='ltr'><strong>generis:</strong></span> <span class='ocrx_word' id='word_1_474' title='bbox 1639 529 1704 553; x_wconf 91' lang='lat' dir='ltr'><strong>non</strong></span> <span class='ocrx_word' id='word_1_475' title='bbox 1728 520 1912 554; x_wconf 85' lang='lat' dir='ltr'><strong>necessaria</strong></span> <span class='ocrx_word' id='word_1_476' title='bbox 1933 524 2063 561; x_wconf 86' lang='lat' dir='ltr'><strong>autem,</strong></span> <span class='ocrx_word' id='word_1_477' title='bbox 2090 532 2166 566; x_wconf 85' lang='lat' dir='ltr'><strong>quae</strong></span> <span class='ocrx_word' id='word_1_478' title='bbox 2190 533 2249 567; x_wconf 88' lang='lat' dir='ltr'><strong>per</strong></span> <span class='ocrx_word' id='word_1_479' title='bbox 2265 535 2302 560; x_wconf 84' lang='lat' dir='ltr'><strong>se</strong></span> <span class='ocrx_word' id='word_1_480' title='bbox 2321 533 2423 570; x_wconf 80' lang='lat' dir='ltr'><strong>expe-</strong></span> 
     </span>
     <span class='ocr_line' id='line_1_59' title="bbox 1383 578 2423 622; baseline 0.008 -11"><span class='ocrx_word' id='word_1_481' title='bbox 1383 578 1480 611; x_wconf 86' lang='lat' dir='ltr'><strong>tenda</strong></span> <span class='ocrx_word' id='word_1_482' title='bbox 1498 581 1575 612; x_wconf 89' lang='lat' dir='ltr'><strong>sunt</strong></span> <span class='ocrx_word' id='word_1_483' title='bbox 1591 582 1624 612; x_wconf 89' lang='lat' dir='ltr'><strong>et</strong></span> <span class='ocrx_word' id='word_1_484' title='bbox 1640 579 1808 622; x_wconf 89' lang='lat' dir='ltr'><strong>jucunda,</strong></span> <span class='ocrx_word' id='word_1_485' title='bbox 1827 590 1891 613; x_wconf 89' lang='lat' dir='ltr'><strong>non</strong></span> <span class='ocrx_word' id='word_1_486' title='bbox 1907 580 1954 613; x_wconf 87' lang='lat' dir='ltr'><strong>ita</strong></span> <span class='ocrx_word' id='word_1_487' title='bbox 1976 583 2105 622; x_wconf 86' lang='lat' dir='ltr'><strong>tamen,</strong></span> <span class='ocrx_word' id='word_1_488' title='bbox 2123 585 2161 615; x_wconf 91' lang='lat' dir='ltr'><strong>ut</strong></span> <span class='ocrx_word' id='word_1_489' title='bbox 2175 582 2247 618; x_wconf 81' lang='lat' dir='ltr'><strong>sine</strong></span> <span class='ocrx_word' id='word_1_490' title='bbox 2261 583 2304 619; x_wconf 70' lang='lat' dir='ltr'><strong>fle</strong></span> <span class='ocrx_word' id='word_1_491' title='bbox 2325 583 2423 619; x_wconf 74' lang='lat' dir='ltr'><strong>homo</strong></span> 
     </span>
     <span class='ocr_line' id='line_1_60' title="bbox 1382 640 2421 686; baseline 0.006 -16"><span class='ocrx_word' id='word_1_492' title='bbox 1382 641 1523 681; x_wconf 77' lang='lat' dir='ltr'><strong>nequeat</strong></span> <span class='ocrx_word' id='word_1_493' title='bbox 1544 642 1714 679; x_wconf 77' lang='lat' dir='ltr'><strong>constare,</strong></span> <span class='ocrx_word' id='word_1_494' title='bbox 1743 640 1889 680; x_wconf 84' lang='lat' dir='ltr'><strong>divitiae,</strong></span> <span class='ocrx_word' id='word_1_495' title='bbox 1908 641 2023 681; x_wconf 86' lang='lat' dir='ltr'><strong>honor,</strong></span> <span class='ocrx_word' id='word_1_496' title='bbox 2043 641 2182 675; x_wconf 84' lang='lat' dir='ltr'><strong>victoria</strong></span> <span class='ocrx_word' id='word_1_497' title='bbox 2199 644 2233 675; x_wconf 88' lang='lat' dir='ltr'><strong>et</strong></span> <span class='ocrx_word' id='word_1_498' title='bbox 2260 642 2421 686; x_wconf 67' lang='lat' dir='ltr'><strong>ejmodl</strong></span> 
     </span>
     <span class='ocr_line' id='line_1_61' title="bbox 1381 697 2424 744; baseline 0.006 -14"><span class='ocrx_word' id='word_1_499' title='bbox 1381 697 1476 731; x_wconf 84' lang='lat' dir='ltr'><strong>alia.</strong></span> <span class='ocrx_word' id='word_1_500' title='bbox 1507 698 1559 737; x_wconf 81' lang='lat' dir='ltr'><strong>fit,</strong></span> <span class='ocrx_word' id='word_1_501' title='bbox 1581 701 1619 731; x_wconf 91' lang='lat' dir='ltr'><strong>ut</strong></span> <span class='ocrx_word' id='word_1_502' title='bbox 1653 699 1687 732; x_wconf 91' lang='lat' dir='ltr'><strong>in</strong></span> <span class='ocrx_word' id='word_1_503' title='bbox 1719 702 1859 742; x_wconf 88' lang='lat' dir='ltr'><strong>utroque</strong></span> <span class='ocrx_word' id='word_1_504' title='bbox 1879 700 2102 742; x_wconf 88' lang='lat' dir='ltr'><strong>jucundorum</strong></span> <span class='ocrx_word' id='word_1_505' title='bbox 2130 709 2247 742; x_wconf 80' lang='lat' dir='ltr'><strong>genere</strong></span> <span class='ocrx_word' id='word_1_506' title='bbox 2270 699 2424 744; x_wconf 59' lang='lat' dir='ltr'><strong>quodum</strong></span> 
     </span>
     <span class='ocr_line' id='line_1_62' title="bbox 1381 757 2425 804; baseline 0.005 -15"><span class='ocrx_word' id='word_1_507' title='bbox 1381 757 1446 790; x_wconf 88' lang='lat' dir='ltr'><strong>sint</strong></span> <span class='ocrx_word' id='word_1_508' title='bbox 1460 757 1581 797; x_wconf 89' lang='lat' dir='ltr'><strong>nimia,</strong></span> <span class='ocrx_word' id='word_1_509' title='bbox 1601 759 1717 792; x_wconf 87' lang='lat' dir='ltr'><strong>tamin</strong></span> <span class='ocrx_word' id='word_1_510' title='bbox 1745 759 1786 792; x_wconf 88' lang='lat' dir='ltr'><strong>iis</strong></span> <span class='ocrx_word' id='word_1_511' title='bbox 1807 769 1884 803; x_wconf 90' lang='lat' dir='ltr'><strong>quae</strong></span> <span class='ocrx_word' id='word_1_512' title='bbox 1909 760 2093 793; x_wconf 86' lang='lat' dir='ltr'><strong>necessaria</strong></span> <span class='ocrx_word' id='word_1_513' title='bbox 2113 762 2207 799; x_wconf 90' lang='lat' dir='ltr'><strong>sunt,</strong></span> <span class='ocrx_word' id='word_1_514' title='bbox 2225 768 2326 803; x_wconf 87' lang='lat' dir='ltr'><strong>quam</strong></span> <span class='ocrx_word' id='word_1_515' title='bbox 2347 768 2425 804; x_wconf 76' lang='lat' dir='ltr'><strong>quoe</strong></span> 
     </span>
     <span class='ocr_line' id='line_1_63' title="bbox 1379 818 2424 862; baseline 0.003 -13"><span class='ocrx_word' id='word_1_516' title='bbox 1379 826 1437 859; x_wconf 88' lang='lat' dir='ltr'><strong>per</strong></span> <span class='ocrx_word' id='word_1_517' title='bbox 1466 826 1501 850; x_wconf 84' lang='lat' dir='ltr'><strong>se</strong></span> <span class='ocrx_word' id='word_1_518' title='bbox 1524 819 1601 850; x_wconf 86' lang='lat' dir='ltr'><strong>sunt</strong></span> <span class='ocrx_word' id='word_1_519' title='bbox 1641 819 1842 862; x_wconf 86' lang='lat' dir='ltr'><strong>expetenda,</strong></span> <span class='ocrx_word' id='word_1_520' title='bbox 1882 819 2015 862; x_wconf 88' lang='lat' dir='ltr'><strong>quando</strong></span> <span class='ocrx_word' id='word_1_521' title='bbox 2047 819 2169 862; x_wconf 88' lang='lat' dir='ltr'><strong>aliquis</strong></span> <span class='ocrx_word' id='word_1_522' title='bbox 2191 818 2296 862; x_wconf 73' lang='lat' dir='ltr'><strong>magis</strong></span> <span class='ocrx_word' id='word_1_523' title='bbox 2322 827 2424 862; x_wconf 79' lang='lat' dir='ltr'><strong>quam</strong></span> 
     </span>
     <span class='ocr_line' id='line_1_64' title="bbox 1380 874 2340 921; baseline 0.002 -11"><span class='ocrx_word' id='word_1_524' title='bbox 1380 874 1529 920; x_wconf 83' lang='lat' dir='ltr'><strong>oportet,</strong></span> <span class='ocrx_word' id='word_1_525' title='bbox 1551 881 1610 911; x_wconf 89' lang='lat' dir='ltr'><strong>aut</strong></span> <span class='ocrx_word' id='word_1_526' title='bbox 1626 888 1727 921; x_wconf 86' lang='lat' dir='ltr'><strong>quam</strong></span> <span class='ocrx_word' id='word_1_527' title='bbox 1754 881 1848 912; x_wconf 82' lang='lat' dir='ltr'><strong>recta</strong></span> <span class='ocrx_word' id='word_1_528' title='bbox 1866 879 1952 912; x_wconf 88' lang='lat' dir='ltr'><strong>ratio</strong></span> <span class='ocrx_word' id='word_1_529' title='bbox 1979 878 2144 921; x_wconf 83' lang='lat' dir='ltr'><strong>praecipit,</strong></span> <span class='ocrx_word' id='word_1_530' title='bbox 2162 878 2205 912; x_wconf 82' lang='lat' dir='ltr'><strong>iis</strong></span> <span class='ocrx_word' id='word_1_531' title='bbox 2221 877 2340 912; x_wconf 82' lang='lat' dir='ltr'><strong>utitur.</strong></span> 
     </span>
    </p>

    <p class='ocr_par' dir='ltr' id='par_1_13' title="bbox 1378 938 2426 1452">
     <span class='ocr_line' id='line_1_65' title="bbox 1421 938 2426 980; baseline 0.002 -11"><span class='ocrx_word' id='word_1_532' title='bbox 1421 938 1486 975; x_wconf 89' lang='lat' dir='ltr'><strong>Qui</strong></span> <span class='ocrx_word' id='word_1_533' title='bbox 1508 947 1585 980; x_wconf 85' lang='lat' dir='ltr'><strong>ergo</strong></span> <span class='ocrx_word' id='word_1_534' title='bbox 1600 938 1634 971; x_wconf 92' lang='lat' dir='ltr'><strong>in</strong></span> <span class='ocrx_word' id='word_1_535' title='bbox 1659 938 1758 972; x_wconf 85' lang='lat' dir='ltr'><strong>rebus</strong></span> <span class='ocrx_word' id='word_1_536' title='bbox 1774 938 1930 980; x_wconf 75' lang='lat' dir='ltr'><strong>Jucundis</strong></span> <span class='ocrx_word' id='word_1_537' title='bbox 1953 947 2066 971; x_wconf 89' lang='lat' dir='ltr'><strong>eorum</strong></span> <span class='ocrx_word' id='word_1_538' title='bbox 2085 947 2163 980; x_wconf 73' lang='lat' dir='ltr'><strong>qum</strong></span> <span class='ocrx_word' id='word_1_539' title='bbox 2184 947 2250 971; x_wconf 89' lang='lat' dir='ltr'><strong>non</strong></span> <span class='ocrx_word' id='word_1_540' title='bbox 2273 945 2426 972; x_wconf 67' lang='lat' dir='ltr'><strong>necessa-</strong></span> 
     </span>
     <span class='ocr_line' id='line_1_66' title="bbox 1380 983 2426 1040; baseline 0.003 -13"><span class='ocrx_word' id='word_1_541' title='bbox 1380 995 1429 1028; x_wconf 83' lang='lat' dir='ltr'><strong>ria</strong></span> <span class='ocrx_word' id='word_1_542' title='bbox 1456 999 1533 1029; x_wconf 90' lang='lat' dir='ltr'><strong>sunt</strong></span> <span class='ocrx_word' id='word_1_543' title='bbox 1559 996 1696 1030; x_wconf 85' lang='lat' dir='ltr'><strong>modum</strong></span> <span class='ocrx_word' id='word_1_544' title='bbox 1720 997 1867 1036; x_wconf 78' lang='lat' dir='ltr'><strong>excedit,</strong></span> <span class='ocrx_word' id='word_1_545' title='bbox 1890 1006 1955 1030; x_wconf 89' lang='lat' dir='ltr'><strong>non</strong></span> <span class='ocrx_word' id='word_1_546' title='bbox 1976 997 2170 1040; x_wconf 87' lang='lat' dir='ltr'><strong>simpliciter</strong></span> <span class='ocrx_word' id='word_1_547' title='bbox 2185 996 2257 1030; x_wconf 83' lang='lat' dir='ltr'><strong>sine</strong></span> <span class='ocrx_word' id='word_1_548' title='bbox 2273 983 2343 1030; x_wconf 78' lang='lat' dir='ltr'><strong>ulla</strong></span> <span class='ocrx_word' id='word_1_549' title='bbox 2364 994 2426 1037; x_wconf 80' lang='lat' dir='ltr'><strong>ad-</strong></span> 
     </span>
     <span class='ocr_line' id='line_1_67' title="bbox 1378 1054 2423 1104; baseline 0.001 -17"><span class='ocrx_word' id='word_1_550' title='bbox 1378 1054 1518 1096; x_wconf 78' lang='lat' dir='ltr'><strong>Jectione</strong></span> <span class='ocrx_word' id='word_1_551' title='bbox 1534 1055 1739 1089; x_wconf 75' lang='lat' dir='ltr'><strong>incontinens</strong></span> <span class='ocrx_word' id='word_1_552' title='bbox 1762 1058 1910 1095; x_wconf 85' lang='lat' dir='ltr'><strong>vocatur,</strong></span> <span class='ocrx_word' id='word_1_553' title='bbox 1933 1056 1991 1090; x_wconf 88' lang='lat' dir='ltr'><strong>sed</strong></span> <span class='ocrx_word' id='word_1_554' title='bbox 2007 1058 2066 1089; x_wconf 87' lang='lat' dir='ltr'><strong>aut</strong></span> <span class='ocrx_word' id='word_1_555' title='bbox 2078 1055 2189 1099; x_wconf 80' lang='lat' dir='ltr'><strong>glorioe</strong></span> <span class='ocrx_word' id='word_1_556' title='bbox 2208 1054 2423 1104; x_wconf 81' lang='lat' dir='ltr'><strong>incontinens,</strong></span> 
     </span>
     <span class='ocr_line' id='line_1_68' title="bbox 1379 1114 2424 1158; baseline 0.002 -12"><span class='ocrx_word' id='word_1_557' title='bbox 1379 1116 1438 1147; x_wconf 88' lang='lat' dir='ltr'><strong>aut</strong></span> <span class='ocrx_word' id='word_1_558' title='bbox 1459 1124 1559 1157; x_wconf 93' lang='lat' dir='ltr'><strong>opum</strong></span> <span class='ocrx_word' id='word_1_559' title='bbox 1574 1141 1581 1154; x_wconf 93' lang='lat'>‚</span> <span class='ocrx_word' id='word_1_560' title='bbox 1601 1118 1759 1158; x_wconf 86' lang='lat' dir='ltr'><strong>tanquam</strong></span> <span class='ocrx_word' id='word_1_561' title='bbox 1786 1115 1941 1148; x_wconf 86' lang='lat' dir='ltr'><strong>diversus</strong></span> <span class='ocrx_word' id='word_1_562' title='bbox 1953 1116 1995 1148; x_wconf 89' lang='lat' dir='ltr'><strong>ab</strong></span> <span class='ocrx_word' id='word_1_563' title='bbox 2018 1124 2058 1148; x_wconf 91' lang='lat' dir='ltr'><strong>eo</strong></span> <span class='ocrx_word' id='word_1_564' title='bbox 2077 1115 2136 1158; x_wconf 90' lang='lat' dir='ltr'><strong>qui</strong></span> <span class='ocrx_word' id='word_1_565' title='bbox 2153 1114 2284 1158; x_wconf 79' lang='lat' dir='ltr'><strong>proprie</strong></span> <span class='ocrx_word' id='word_1_566' title='bbox 2307 1114 2424 1148; x_wconf 73' lang='lat' dir='ltr'><strong>et&#39;ab-</strong></span> 
     </span>
     <span class='ocr_line' id='line_1_69' title="bbox 1381 1172 2425 1216; baseline 0.001 -11"><span class='ocrx_word' id='word_1_567' title='bbox 1381 1173 1487 1207; x_wconf 89' lang='lat' dir='ltr'><strong>solute</strong></span> <span class='ocrx_word' id='word_1_568' title='bbox 1508 1174 1714 1207; x_wconf 82' lang='lat' dir='ltr'><strong>incontinens</strong></span> <span class='ocrx_word' id='word_1_569' title='bbox 1735 1174 1928 1216; x_wconf 88' lang='lat' dir='ltr'><strong>appellatur,</strong></span> <span class='ocrx_word' id='word_1_570' title='bbox 1956 1175 1995 1206; x_wconf 86' lang='lat' dir='ltr'><strong>ut</strong></span> <span class='ocrx_word' id='word_1_571' title='bbox 2019 1173 2078 1216; x_wconf 88' lang='lat' dir='ltr'><strong>qui</strong></span> <span class='ocrx_word' id='word_1_572' title='bbox 2098 1175 2230 1207; x_wconf 85' lang='lat' dir='ltr'><strong>tantum</strong></span> <span class='ocrx_word' id='word_1_573' title='bbox 2256 1172 2300 1207; x_wconf 86' lang='lat' dir='ltr'><strong>ob</strong></span> <span class='ocrx_word' id='word_1_574' title='bbox 2317 1181 2425 1216; x_wconf 78' lang='lat' dir='ltr'><strong>quan-</strong></span> 
     </span>
     <span class='ocr_line' id='line_1_70' title="bbox 1379 1229 2426 1266; baseline -0.001 -1"><span class='ocrx_word' id='word_1_575' title='bbox 1379 1232 1456 1265; x_wconf 85' lang='lat' dir='ltr'><strong>dam</strong></span> <span class='ocrx_word' id='word_1_576' title='bbox 1476 1242 1551 1265; x_wconf 86' lang='lat' dir='ltr'><strong>cum</strong></span> <span class='ocrx_word' id='word_1_577' title='bbox 1579 1242 1617 1266; x_wconf 91' lang='lat' dir='ltr'><strong>eo</strong></span> <span class='ocrx_word' id='word_1_578' title='bbox 1636 1232 1887 1265; x_wconf 88' lang='lat' dir='ltr'><strong>similitudinem</strong></span> <span class='ocrx_word' id='word_1_579' title='bbox 1906 1232 1954 1265; x_wconf 87' lang='lat' dir='ltr'><strong>ita</strong></span> <span class='ocrx_word' id='word_1_580' title='bbox 1970 1232 2160 1265; x_wconf 83' lang='lat' dir='ltr'><strong>nominetur</strong></span> <span class='ocrx_word' id='word_1_581' title='bbox 2182 1231 2294 1265; x_wconf 80' lang='lat' dir='ltr'><strong>:sicut</strong></span> <span class='ocrx_word' id='word_1_582' title='bbox 2313 1229 2426 1265; x_wconf 76' lang='lat' dir='ltr'><strong>differt</strong></span> 
     </span>
     <span class='ocr_line' id='line_1_71' title="bbox 1380 1290 2425 1335; baseline 0.001 -11"><span class='ocrx_word' id='word_1_583' title='bbox 1380 1292 1478 1324; x_wconf 89' lang='lat' dir='ltr'><strong>homo</strong></span> <span class='ocrx_word' id='word_1_584' title='bbox 1500 1292 1728 1334; x_wconf 82' lang='lat' dir='ltr'><strong>Olympiorum</strong></span> <span class='ocrx_word' id='word_1_585' title='bbox 1757 1292 1864 1325; x_wconf 89' lang='lat' dir='ltr'><strong>victor</strong></span> <span class='ocrx_word' id='word_1_586' title='bbox 1890 1292 1931 1325; x_wconf 89' lang='lat' dir='ltr'><strong>ab</strong></span> <span class='ocrx_word' id='word_1_587' title='bbox 1960 1301 1999 1325; x_wconf 92' lang='lat' dir='ltr'><strong>eo</strong></span> <span class='ocrx_word' id='word_1_588' title='bbox 2019 1292 2078 1335; x_wconf 89' lang='lat' dir='ltr'><strong>qui</strong></span> <span class='ocrx_word' id='word_1_589' title='bbox 2105 1291 2300 1335; x_wconf 84' lang='lat' dir='ltr'><strong>simpliciter</strong></span> <span class='ocrx_word' id='word_1_590' title='bbox 2325 1290 2425 1325; x_wconf 85' lang='lat' dir='ltr'><strong>homo</strong></span> 
     </span>
     <span class='ocr_line' id='line_1_72' title="bbox 1380 1347 2425 1393; baseline -0.001 -10"><span class='ocrx_word' id='word_1_591' title='bbox 1380 1352 1431 1383; x_wconf 81' lang='lat' dir='ltr'><strong>est</strong></span> <span class='ocrx_word' id='word_1_592' title='bbox 1451 1364 1459 1383; x_wconf 70' lang='grc' dir='ltr'><strong>ε</strong></span> <span class='ocrx_word' id='word_1_593' title='bbox 1484 1350 1639 1393; x_wconf 86' lang='lat' dir='ltr'><strong>quamvis</strong></span> <span class='ocrx_word' id='word_1_594' title='bbox 1657 1350 1743 1383; x_wconf 91' lang='lat' dir='ltr'><strong>enim</strong></span> <span class='ocrx_word' id='word_1_595' title='bbox 1763 1360 1865 1393; x_wconf 84' lang='lat' dir='ltr'><strong>parva</strong></span> <span class='ocrx_word' id='word_1_596' title='bbox 1885 1351 1928 1383; x_wconf 88' lang='lat' dir='ltr'><strong>sit</strong></span> <span class='ocrx_word' id='word_1_597' title='bbox 1945 1359 2060 1383; x_wconf 89' lang='lat' dir='ltr'><strong>eorum</strong></span> <span class='ocrx_word' id='word_1_598' title='bbox 2087 1349 2294 1389; x_wconf 78' lang='lat' dir='ltr'><strong>differentia,</strong></span> <span class='ocrx_word' id='word_1_599' title='bbox 2312 1347 2425 1383; x_wconf 78' lang='lat' dir='ltr'><strong>differt</strong></span> 
     </span>
     <span class='ocr_line' id='line_1_73' title="bbox 1382 1408 2421 1452; baseline 0 -10"><span class='ocrx_word' id='word_1_600' title='bbox 1382 1412 1491 1443; x_wconf 89' lang='lat' dir='ltr'><strong>tamen</strong></span> <span class='ocrx_word' id='word_1_601' title='bbox 1508 1410 1725 1452; x_wconf 85' lang='lat' dir='ltr'><strong>diversusque</strong></span> <span class='ocrx_word' id='word_1_602' title='bbox 1743 1410 1785 1443; x_wconf 90' lang='lat' dir='ltr'><strong>ab</strong></span> <span class='ocrx_word' id='word_1_603' title='bbox 1806 1419 1844 1443; x_wconf 90' lang='lat' dir='ltr'><strong>eo</strong></span> <span class='ocrx_word' id='word_1_604' title='bbox 1855 1411 1906 1443; x_wconf 89' lang='lat' dir='ltr'><strong>est</strong></span> <span class='ocrx_word' id='word_1_605' title='bbox 1931 1412 2065 1452; x_wconf 90' lang='lat' dir='ltr'><strong>propter</strong></span> <span class='ocrx_word' id='word_1_606' title='bbox 2082 1409 2174 1442; x_wconf 90' lang='lat' dir='ltr'><strong>illam</strong></span> <span class='ocrx_word' id='word_1_607' title='bbox 2197 1408 2421 1452; x_wconf 76' lang='lat' dir='ltr'><strong>adjectionem.</strong></span> 
     </span>
    </p>
   </div>
   <div class='ocr_carea' id='block_1_7' title="bbox 1423 1466 2483 1510">
    <p class='ocr_par' dir='ltr' id='par_1_14' title="bbox 1423 1466 2483 1510">
     <span class='ocr_line' id='line_1_74' title="bbox 1423 1466 2483 1510; baseline 0.001 -10"><span class='ocrx_word' id='word_1_608' title='bbox 1423 1467 1566 1501; x_wconf 84' lang='lat' dir='ltr'><strong>Diflerre</strong></span> <span class='ocrx_word' id='word_1_609' title='bbox 1583 1470 1693 1500; x_wconf 81' lang='lat' dir='ltr'><strong>autem</strong></span> <span class='ocrx_word' id='word_1_610' title='bbox 1708 1467 1976 1501; x_wconf 72' lang='lat' dir='ltr'><strong>incontinentiam</strong></span> <span class='ocrx_word' id='word_1_611' title='bbox 1989 1495 1996 1506; x_wconf 90' lang='lat'><strong>,</strong></span> <span class='ocrx_word' id='word_1_612' title='bbox 2016 1477 2092 1510; x_wconf 82' lang='lat' dir='ltr'><strong>quae</strong></span> <span class='ocrx_word' id='word_1_613' title='bbox 2108 1467 2143 1500; x_wconf 91' lang='lat' dir='ltr'><strong>in</strong></span> <span class='ocrx_word' id='word_1_614' title='bbox 2159 1467 2259 1501; x_wconf 85' lang='lat' dir='ltr'><strong>rebus</strong></span> <span class='ocrx_word' id='word_1_615' title='bbox 2270 1466 2425 1509; x_wconf 83' lang='lat' dir='ltr'><strong>jucundis</strong></span> <span class='ocrx_word' id='word_1_616' title='bbox 2477 1501 2483 1510; x_wconf 53' lang='lat'>‚</span> 
     </span>
    </p>
   </div>
   <div class='ocr_carea' id='block_1_8' title="bbox 1380 1511 2426 1860">
    <p class='ocr_par' dir='ltr' id='par_1_15' title="bbox 1380 1511 2426 1860">
     <span class='ocr_line' id='line_1_75' title="bbox 1382 1511 2422 1550; baseline 0.002 -4"><span class='ocrx_word' id='word_1_617' title='bbox 1382 1516 1415 1546; x_wconf 92' lang='lat' dir='ltr'><strong>et</strong></span> <span class='ocrx_word' id='word_1_618' title='bbox 1434 1523 1495 1546; x_wconf 92' lang='lat' dir='ltr'><strong>non</strong></span> <span class='ocrx_word' id='word_1_619' title='bbox 1516 1513 1709 1546; x_wconf 73' lang='lat' dir='ltr'><strong>necessariis</strong></span> <span class='ocrx_word' id='word_1_620' title='bbox 1727 1513 1882 1550; x_wconf 87' lang='lat' dir='ltr'><strong>cernitur,</strong></span> <span class='ocrx_word' id='word_1_621' title='bbox 1903 1513 1945 1546; x_wconf 85' lang='lat' dir='ltr'><strong>ab</strong></span> <span class='ocrx_word' id='word_1_622' title='bbox 1962 1513 2020 1545; x_wconf 88' lang='lat' dir='ltr'><strong>illa</strong></span> <span class='ocrx_word' id='word_1_623' title='bbox 2046 1512 2151 1545; x_wconf 86' lang='lat' dir='ltr'><strong>altera</strong></span> <span class='ocrx_word' id='word_1_624' title='bbox 2176 1511 2422 1548; x_wconf 76' lang='lat' dir='ltr'><strong>incontinentia.</strong></span> 
     </span>
     <span class='ocr_line' id='line_1_76' title="bbox 1383 1556 2426 1599; baseline 0 -9"><span class='ocrx_word' id='word_1_625' title='bbox 1383 1558 1434 1591; x_wconf 91' lang='lat' dir='ltr'><strong>vel</strong></span> <span class='ocrx_word' id='word_1_626' title='bbox 1460 1567 1500 1590; x_wconf 84' lang='lat' dir='ltr'><strong>ex</strong></span> <span class='ocrx_word' id='word_1_627' title='bbox 1517 1567 1555 1590; x_wconf 89' lang='lat' dir='ltr'><strong>eo</strong></span> <span class='ocrx_word' id='word_1_628' title='bbox 1581 1559 1727 1599; x_wconf 86' lang='lat' dir='ltr'><strong>apparet,</strong></span> <span class='ocrx_word' id='word_1_629' title='bbox 1751 1557 1841 1599; x_wconf 90' lang='lat' dir='ltr'><strong>quod</strong></span> <span class='ocrx_word' id='word_1_630' title='bbox 1864 1566 1940 1599; x_wconf 81' lang='lat' dir='ltr'><strong>quae</strong></span> <span class='ocrx_word' id='word_1_631' title='bbox 1960 1557 2111 1590; x_wconf 85' lang='lat' dir='ltr'><strong>absolute</strong></span> <span class='ocrx_word' id='word_1_632' title='bbox 2139 1557 2262 1590; x_wconf 89' lang='lat' dir='ltr'><strong>dicitur</strong></span> <span class='ocrx_word' id='word_1_633' title='bbox 2283 1556 2426 1590; x_wconf 81' lang='lat' dir='ltr'><strong>inconti-</strong></span> 
     </span>
     <span class='ocr_line' id='line_1_77' title="bbox 1383 1601 2425 1644; baseline 0.002 -11"><span class='ocrx_word' id='word_1_634' title='bbox 1383 1603 1491 1635; x_wconf 76' lang='lat' dir='ltr'><strong>nentia</strong></span> <span class='ocrx_word' id='word_1_635' title='bbox 1510 1603 1726 1644; x_wconf 71' lang='lat' dir='ltr'><strong>vituperatur,</strong></span> <span class='ocrx_word' id='word_1_636' title='bbox 1754 1611 1859 1644; x_wconf 85' lang='lat' dir='ltr'><strong>neque</strong></span> <span class='ocrx_word' id='word_1_637' title='bbox 1891 1605 2061 1644; x_wconf 75' lang='lat' dir='ltr'><strong>peccatum</strong></span> <span class='ocrx_word' id='word_1_638' title='bbox 2088 1602 2216 1640; x_wconf 88' lang='lat' dir='ltr'><strong>solum,</strong></span> <span class='ocrx_word' id='word_1_639' title='bbox 2237 1601 2297 1635; x_wconf 78' lang='lat' dir='ltr'><strong>sed</strong></span> <span class='ocrx_word' id='word_1_640' title='bbox 2323 1601 2425 1635; x_wconf 82' lang='lat' dir='ltr'><strong>etiam</strong></span> 
     </span>
     <span class='ocr_line' id='line_1_78' title="bbox 1382 1646 2423 1689; baseline 0.001 -11"><span class='ocrx_word' id='word_1_641' title='bbox 1382 1648 1500 1680; x_wconf 81' lang='lat' dir='ltr'><strong>vitium</strong></span> <span class='ocrx_word' id='word_1_642' title='bbox 1528 1648 1633 1679; x_wconf 85' lang='lat' dir='ltr'><strong>videri</strong></span> <span class='ocrx_word' id='word_1_643' title='bbox 1652 1648 1749 1685; x_wconf 90' lang='lat' dir='ltr'><strong>solet,</strong></span> <span class='ocrx_word' id='word_1_644' title='bbox 1774 1647 1843 1679; x_wconf 88' lang='lat' dir='ltr'><strong>sive</strong></span> <span class='ocrx_word' id='word_1_645' title='bbox 1865 1646 2013 1688; x_wconf 85' lang='lat' dir='ltr'><strong>proprie,</strong></span> <span class='ocrx_word' id='word_1_646' title='bbox 2037 1646 2107 1679; x_wconf 88' lang='lat' dir='ltr'><strong>sive</strong></span> <span class='ocrx_word' id='word_1_647' title='bbox 2133 1647 2274 1689; x_wconf 75' lang='lat' dir='ltr'><strong>alicuius</strong></span> <span class='ocrx_word' id='word_1_648' title='bbox 2297 1646 2345 1679; x_wconf 90' lang='lat' dir='ltr'><strong>rei</strong></span> <span class='ocrx_word' id='word_1_649' title='bbox 2367 1655 2423 1679; x_wconf 89' lang='lat' dir='ltr'><strong>re-</strong></span> 
     </span>
     <span class='ocr_line' id='line_1_79' title="bbox 1383 1691 2426 1734; baseline 0 -10"><span class='ocrx_word' id='word_1_650' title='bbox 1383 1696 1508 1734; x_wconf 86' lang='lat' dir='ltr'><strong>spectu,</strong></span> <span class='ocrx_word' id='word_1_651' title='bbox 1528 1693 1630 1725; x_wconf 75' lang='lat' dir='ltr'><strong>altera</strong></span> <span class='ocrx_word' id='word_1_652' title='bbox 1659 1701 1748 1726; x_wconf 84' lang='lat' dir='ltr'><strong>vero.</strong></span> <span class='ocrx_word' id='word_1_653' title='bbox 1771 1691 1824 1723; x_wconf 92' lang='lat' dir='ltr'><strong>cui</strong></span> <span class='ocrx_word' id='word_1_654' title='bbox 1842 1692 1970 1734; x_wconf 81' lang='lat' dir='ltr'><strong>aliquid</strong></span> <span class='ocrx_word' id='word_1_655' title='bbox 1985 1691 2155 1734; x_wconf 87' lang='lat' dir='ltr'><strong>adjicitur,</strong></span> <span class='ocrx_word' id='word_1_656' title='bbox 2174 1701 2238 1724; x_wconf 90' lang='lat' dir='ltr'><strong>non</strong></span> <span class='ocrx_word' id='word_1_657' title='bbox 2262 1691 2426 1733; x_wconf 81' lang='lat' dir='ltr'><strong>vitupera-</strong></span> 
     </span>
     <span class='ocr_line' id='line_1_80' title="bbox 1382 1736 2426 1779; baseline 0 -10"><span class='ocrx_word' id='word_1_658' title='bbox 1382 1740 1437 1770; x_wconf 88' lang='lat' dir='ltr'><strong>tur</strong></span> <span class='ocrx_word' id='word_1_659' title='bbox 1463 1741 1500 1770; x_wconf 93' lang='lat' dir='ltr'><strong>ut</strong></span> <span class='ocrx_word' id='word_1_660' title='bbox 1520 1737 1638 1770; x_wconf 90' lang='lat' dir='ltr'><strong>vitium</strong></span> <span class='ocrx_word' id='word_1_661' title='bbox 1660 1737 1739 1779; x_wconf 85' lang='lat' dir='ltr'><strong>:qui</strong></span> <span class='ocrx_word' id='word_1_662' title='bbox 1760 1745 1837 1777; x_wconf 88' lang='lat' dir='ltr'><strong>ergo</strong></span> <span class='ocrx_word' id='word_1_663' title='bbox 1861 1737 1894 1768; x_wconf 92' lang='lat' dir='ltr'><strong>in</strong></span> <span class='ocrx_word' id='word_1_664' title='bbox 1922 1737 2022 1769; x_wconf 88' lang='lat' dir='ltr'><strong>rebus</strong></span> <span class='ocrx_word' id='word_1_665' title='bbox 2044 1737 2143 1770; x_wconf 87' lang='lat' dir='ltr'><strong>simul</strong></span> <span class='ocrx_word' id='word_1_666' title='bbox 2155 1736 2311 1779; x_wconf 81' lang='lat' dir='ltr'><strong>jucundis</strong></span> <span class='ocrx_word' id='word_1_667' title='bbox 2327 1736 2426 1770; x_wconf 82' lang='lat' dir='ltr'><strong>simul</strong></span> 
     </span>
     <span class='ocr_line' id='line_1_81' title="bbox 1381 1780 2424 1820; baseline 0 -5"><span class='ocrx_word' id='word_1_668' title='bbox 1381 1792 1445 1815; x_wconf 91' lang='lat' dir='ltr'><strong>non</strong></span> <span class='ocrx_word' id='word_1_669' title='bbox 1462 1783 1654 1816; x_wconf 84' lang='lat' dir='ltr'><strong>necessariis</strong></span> <span class='ocrx_word' id='word_1_670' title='bbox 1679 1782 1814 1814; x_wconf 90' lang='lat' dir='ltr'><strong>modum</strong></span> <span class='ocrx_word' id='word_1_671' title='bbox 1834 1783 2026 1820; x_wconf 88' lang='lat' dir='ltr'><strong>transeunt,</strong></span> <span class='ocrx_word' id='word_1_672' title='bbox 2053 1781 2166 1815; x_wconf 86' lang='lat' dir='ltr'><strong>addita</strong></span> <span class='ocrx_word' id='word_1_673' title='bbox 2193 1781 2258 1816; x_wconf 85' lang='lat' dir='ltr'><strong>alia</strong></span> <span class='ocrx_word' id='word_1_674' title='bbox 2271 1789 2353 1815; x_wconf 82' lang='lat' dir='ltr'><strong>voce</strong></span> <span class='ocrx_word' id='word_1_675' title='bbox 2369 1780 2424 1815; x_wconf 87' lang='lat' dir='ltr'><strong>in·</strong></span> 
     </span>
     <span class='ocr_line' id='line_1_82' title="bbox 1380 1828 1774 1860; baseline 0 0"><span class='ocrx_word' id='word_1_676' title='bbox 1380 1828 1583 1860; x_wconf 83' lang='lat' dir='ltr'><strong>continentes</strong></span> <span class='ocrx_word' id='word_1_677' title='bbox 1604 1830 1774 1860; x_wconf 86' lang='lat' dir='ltr'><strong>vocantur.</strong></span> 
     </span>
    </p>
   </div>
   <div class='ocr_carea' id='block_1_9' title="bbox 1379 1884 2427 2323">
    <p class='ocr_par' dir='ltr' id='par_1_16' title="bbox 1379 1884 2427 2323">
     <span class='ocr_line' id='line_1_83' title="bbox 1421 1884 2425 1928; baseline 0 -10"><span class='ocrx_word' id='word_1_678' title='bbox 1421 1886 1486 1925; x_wconf 92' lang='lat' dir='ltr'><strong>Qui</strong></span> <span class='ocrx_word' id='word_1_679' title='bbox 1514 1895 1593 1919; x_wconf 89' lang='lat' dir='ltr'><strong>vero</strong></span> <span class='ocrx_word' id='word_1_680' title='bbox 1630 1884 1823 1918; x_wconf 85' lang='lat' dir='ltr'><strong>necessariis</strong></span> <span class='ocrx_word' id='word_1_681' title='bbox 1859 1884 2006 1928; x_wconf 87' lang='lat' dir='ltr'><strong>corporis</strong></span> <span class='ocrx_word' id='word_1_682' title='bbox 2050 1884 2281 1927; x_wconf 84' lang='lat' dir='ltr'><strong>voluptatibus</strong></span> <span class='ocrx_word' id='word_1_683' title='bbox 2324 1893 2425 1928; x_wconf 81' lang='lat' dir='ltr'><strong>supra</strong></span> 
     </span>
     <span class='ocr_line' id='line_1_84' title="bbox 1379 1934 2420 1998; baseline -0.001 -13"><span class='ocrx_word' id='word_1_684' title='bbox 1379 1952 1516 1985; x_wconf 88' lang='lat' dir='ltr'><strong>modum</strong></span> <span class='ocrx_word' id='word_1_685' title='bbox 1543 1961 1578 1985; x_wconf 90' lang='lat' dir='ltr'><strong>se</strong></span> <span class='ocrx_word' id='word_1_686' title='bbox 1594 1952 1739 1991; x_wconf 83' lang='lat' dir='ltr'><strong>dedunt,</strong></span> <span class='ocrx_word' id='word_1_687' title='bbox 1760 1951 1861 1994; x_wconf 86' lang='lat' dir='ltr'><strong>idque</strong></span> <span class='ocrx_word' id='word_1_688' title='bbox 1885 1952 1955 1985; x_wconf 90' lang='lat' dir='ltr'><strong>sine</strong></span> <span class='ocrx_word' id='word_1_689' title='bbox 1975 1951 2119 1998; x_wconf 84' lang='lat' dir='ltr'><strong>judicio,</strong></span> <span class='ocrx_word' id='word_1_690' title='bbox 2141 1953 2231 1985; x_wconf 88' lang='lat' dir='ltr'><strong>certe</strong></span> <span class='ocrx_word' id='word_1_691' title='bbox 2252 1960 2318 1984; x_wconf 86' lang='lat' dir='ltr'><strong>non</strong></span> <span class='ocrx_word' id='word_1_692' title='bbox 2340 1934 2420 1984; x_wconf 74' lang='lat' dir='ltr'><strong>oon-</strong></span> 
     </span>
     <span class='ocr_line' id='line_1_85' title="bbox 1381 2015 2426 2060; baseline -0.002 -10"><span class='ocrx_word' id='word_1_693' title='bbox 1381 2017 1558 2055; x_wconf 87' lang='lat' dir='ltr'><strong>sentiente‚</strong></span> <span class='ocrx_word' id='word_1_694' title='bbox 1579 2016 1637 2050; x_wconf 87' lang='lat' dir='ltr'><strong>sed</strong></span> <span class='ocrx_word' id='word_1_695' title='bbox 1658 2016 1854 2050; x_wconf 84' lang='lat' dir='ltr'><strong>adversante</strong></span> <span class='ocrx_word' id='word_1_696' title='bbox 1870 2016 1996 2050; x_wconf 87' lang='lat' dir='ltr'><strong>ratione</strong></span> <span class='ocrx_word' id='word_1_697' title='bbox 2009 2042 2018 2058; x_wconf 89' lang='lat'><strong>,</strong></span> <span class='ocrx_word' id='word_1_698' title='bbox 2032 2025 2156 2060; x_wconf 85' lang='lat' dir='ltr'><strong>easque</strong></span> <span class='ocrx_word' id='word_1_699' title='bbox 2167 2015 2357 2058; x_wconf 81' lang='lat' dir='ltr'><strong>voluptates</strong></span> <span class='ocrx_word' id='word_1_700' title='bbox 2370 2023 2426 2048; x_wconf 81' lang='lat' dir='ltr'><strong>ve-</strong></span> 
     </span>
     <span class='ocr_line' id='line_1_86' title="bbox 1379 2077 2425 2124; baseline -0.005 -8"><span class='ocrx_word' id='word_1_701' title='bbox 1379 2085 1550 2117; x_wconf 90' lang='lat' dir='ltr'><strong>hementer</strong></span> <span class='ocrx_word' id='word_1_702' title='bbox 1574 2083 1756 2124; x_wconf 87' lang='lat' dir='ltr'><strong>appetunt,</strong></span> <span class='ocrx_word' id='word_1_703' title='bbox 1779 2081 1813 2114; x_wconf 90' lang='lat' dir='ltr'><strong>in</strong></span> <span class='ocrx_word' id='word_1_704' title='bbox 1841 2080 1964 2123; x_wconf 88' lang='lat' dir='ltr'><strong>quibus</strong></span> <span class='ocrx_word' id='word_1_705' title='bbox 1989 2081 2230 2123; x_wconf 80' lang='lat' dir='ltr'><strong>temperantem</strong></span> <span class='ocrx_word' id='word_1_706' title='bbox 2247 2080 2282 2112; x_wconf 87' lang='lat' dir='ltr'><strong>et</strong></span> <span class='ocrx_word' id='word_1_707' title='bbox 2303 2077 2425 2112; x_wconf 66' lang='lat' dir='ltr'><strong>intem·-</strong></span> 
     </span>
     <span class='ocr_line' id='line_1_87' title="bbox 1381 2131 2425 2192; baseline -0.003 -11"><span class='ocrx_word' id='word_1_708' title='bbox 1381 2150 1553 2191; x_wconf 88' lang='lat' dir='ltr'><strong>perantem</strong></span> <span class='ocrx_word' id='word_1_709' title='bbox 1583 2146 1708 2180; x_wconf 90' lang='lat' dir='ltr'><strong>versari</strong></span> <span class='ocrx_word' id='word_1_710' title='bbox 1730 2146 1890 2192; x_wconf 81' lang='lat' dir='ltr'><strong>diximus,</strong></span> <span class='ocrx_word' id='word_1_711' title='bbox 1930 2145 2061 2179; x_wconf 85' lang='lat' dir='ltr'><strong>dolores</strong></span> <span class='ocrx_word' id='word_1_712' title='bbox 2086 2154 2164 2179; x_wconf 85' lang='lat' dir='ltr'><strong>vero</strong></span> <span class='ocrx_word' id='word_1_713' title='bbox 2187 2144 2293 2187; x_wconf 80' lang='lat' dir='ltr'><strong>magis</strong></span> <span class='ocrx_word' id='word_1_714' title='bbox 2318 2131 2425 2179; x_wconf 83' lang='lat' dir='ltr'><strong>vitant</strong></span> 
     </span>
     <span class='ocr_line' id='line_1_88' title="bbox 1380 2210 2427 2256; baseline -0.004 -9"><span class='ocrx_word' id='word_1_715' title='bbox 1380 2223 1482 2256; x_wconf 87' lang='lat' dir='ltr'><strong>quam</strong></span> <span class='ocrx_word' id='word_1_716' title='bbox 1502 2215 1648 2255; x_wconf 84' lang='lat' dir='ltr'><strong>oportet,</strong></span> <span class='ocrx_word' id='word_1_717' title='bbox 1669 2215 1712 2245; x_wconf 81' lang='lat' dir='ltr'><strong>ut</strong></span> <span class='ocrx_word' id='word_1_718' title='bbox 1727 2211 1844 2252; x_wconf 86' lang='lat' dir='ltr'><strong>famis,</strong></span> <span class='ocrx_word' id='word_1_719' title='bbox 1864 2211 1954 2250; x_wconf 83' lang='lat' dir='ltr'><strong>sitis,</strong></span> <span class='ocrx_word' id='word_1_720' title='bbox 1981 2213 2104 2252; x_wconf 78' lang='lat' dir='ltr'><strong>aestus,</strong></span> <span class='ocrx_word' id='word_1_721' title='bbox 2121 2210 2252 2252; x_wconf 80' lang='lat' dir='ltr'><strong>frigoris</strong></span> <span class='ocrx_word' id='word_1_722' title='bbox 2265 2210 2427 2244; x_wconf 82' lang='lat' dir='ltr'><strong>omnium·</strong></span> 
     </span>
     <span class='ocr_line' id='line_1_89' title="bbox 1379 2262 2425 2323; baseline -0.003 -10"><span class='ocrx_word' id='word_1_723' title='bbox 1379 2289 1446 2323; x_wconf 90' lang='lat' dir='ltr'><strong>que</strong></span> <span class='ocrx_word' id='word_1_724' title='bbox 1465 2279 1592 2322; x_wconf 85' lang='lat' dir='ltr'><strong>quaein</strong></span> <span class='ocrx_word' id='word_1_725' title='bbox 1615 2281 1708 2312; x_wconf 88' lang='lat' dir='ltr'><strong>tactu</strong></span> <span class='ocrx_word' id='word_1_726' title='bbox 1728 2280 1762 2311; x_wconf 88' lang='lat' dir='ltr'><strong>et</strong></span> <span class='ocrx_word' id='word_1_727' title='bbox 1786 2279 1886 2320; x_wconf 84' lang='lat' dir='ltr'><strong>gustu</strong></span> <span class='ocrx_word' id='word_1_728' title='bbox 1912 2278 2103 2315; x_wconf 87' lang='lat' dir='ltr'><strong>cernuntur,</strong></span> <span class='ocrx_word' id='word_1_729' title='bbox 2131 2276 2167 2309; x_wconf 88' lang='lat' dir='ltr'><strong>hi</strong></span> <span class='ocrx_word' id='word_1_730' title='bbox 2190 2276 2262 2310; x_wconf 85' lang='lat' dir='ltr'><strong>sine</strong></span> <span class='ocrx_word' id='word_1_731' title='bbox 2278 2275 2348 2309; x_wconf 90' lang='lat' dir='ltr'><strong>ullo</strong></span> <span class='ocrx_word' id='word_1_732' title='bbox 2362 2262 2425 2310; x_wconf 32' lang='lat' dir='ltr'><strong>ad*-</strong></span> 
     </span>
    </p>
   </div>
   <div class='ocr_carea' id='block_1_10' title="bbox 1378 2341 2426 2566">
    <p class='ocr_par' dir='ltr' id='par_1_17' title="bbox 1380 2341 2340 2387">
     <span class='ocr_line' id='line_1_90' title="bbox 1380 2341 2340 2387; baseline -0.004 -9"><span class='ocrx_word' id='word_1_733' title='bbox 1380 2345 1562 2378; x_wconf 86' lang='lat' dir='ltr'><strong>ditamento</strong></span> <span class='ocrx_word' id='word_1_734' title='bbox 1585 2343 1847 2387; x_wconf 85' lang='lat' dir='ltr'><strong>simpliciterque</strong></span> <span class='ocrx_word' id='word_1_735' title='bbox 1864 2342 2104 2375; x_wconf 83' lang='lat' dir='ltr'><strong>incontinentes</strong></span> <span class='ocrx_word' id='word_1_736' title='bbox 2122 2341 2340 2384; x_wconf 81' lang='lat' dir='ltr'><strong>appellantur.</strong></span> 
     </span>
    </p>

    <p class='ocr_par' dir='ltr' id='par_1_18' title="bbox 1378 2399 2426 2566">
     <span class='ocr_line' id='line_1_91' title="bbox 1422 2399 2426 2446; baseline -0.004 -9"><span class='ocrx_word' id='word_1_737' title='bbox 1422 2404 1527 2446; x_wconf 90' lang='lat' dir='ltr'><strong>quue</strong></span> <span class='ocrx_word' id='word_1_738' title='bbox 1548 2404 1601 2437; x_wconf 90' lang='lat' dir='ltr'><strong>vel</strong></span> <span class='ocrx_word' id='word_1_739' title='bbox 1622 2413 1663 2436; x_wconf 83' lang='lat' dir='ltr'><strong>ex</strong></span> <span class='ocrx_word' id='word_1_740' title='bbox 1683 2412 1722 2436; x_wconf 90' lang='lat' dir='ltr'><strong>eo</strong></span> <span class='ocrx_word' id='word_1_741' title='bbox 1746 2401 1952 2443; x_wconf 86' lang='lat' dir='ltr'><strong>intelligitur,</strong></span> <span class='ocrx_word' id='word_1_742' title='bbox 1972 2401 2063 2444; x_wconf 85' lang='lat' dir='ltr'><strong>quod</strong></span> <span class='ocrx_word' id='word_1_743' title='bbox 2083 2400 2192 2443; x_wconf 86' lang='lat' dir='ltr'><strong>quiin</strong></span> <span class='ocrx_word' id='word_1_744' title='bbox 2213 2399 2266 2434; x_wconf 81' lang='lat' dir='ltr'><strong>his</strong></span> <span class='ocrx_word' id='word_1_745' title='bbox 2288 2399 2426 2434; x_wconf 86' lang='lat' dir='ltr'><strong>modum</strong></span> 
     </span>
     <span class='ocr_line' id='line_1_92' title="bbox 1380 2459 2425 2504; baseline -0.004 -8"><span class='ocrx_word' id='word_1_746' title='bbox 1380 2463 1560 2501; x_wconf 86' lang='lat' dir='ltr'><strong>excedunt,</strong></span> <span class='ocrx_word' id='word_1_747' title='bbox 1587 2462 1843 2504; x_wconf 85' lang='lat' dir='ltr'><strong>intemperantes</strong></span> <span class='ocrx_word' id='word_1_748' title='bbox 1859 2460 2081 2501; x_wconf 86' lang='lat' dir='ltr'><strong>nominantur,</strong></span> <span class='ocrx_word' id='word_1_749' title='bbox 2101 2459 2160 2503; x_wconf 91' lang='lat' dir='ltr'><strong>qui</strong></span> <span class='ocrx_word' id='word_1_750' title='bbox 2178 2459 2214 2493; x_wconf 85' lang='lat' dir='ltr'><strong>in</strong></span> <span class='ocrx_word' id='word_1_751' title='bbox 2234 2459 2334 2493; x_wconf 86' lang='lat' dir='ltr'><strong>rebus</strong></span> <span class='ocrx_word' id='word_1_752' title='bbox 2350 2462 2425 2492; x_wconf 90' lang='lat' dir='ltr'><strong>tum</strong></span> 
     </span>
     <span class='ocr_line' id='line_1_93' title="bbox 1378 2519 2093 2566; baseline -0.006 -11"><span class='ocrx_word' id='word_1_753' title='bbox 1378 2522 1531 2566; x_wconf 86' lang='lat' dir='ltr'><strong>jucundis</strong></span> <span class='ocrx_word' id='word_1_754' title='bbox 1550 2524 1623 2554; x_wconf 92' lang='lat' dir='ltr'><strong>tum</strong></span> <span class='ocrx_word' id='word_1_755' title='bbox 1636 2531 1701 2554; x_wconf 91' lang='lat' dir='ltr'><strong>non</strong></span> <span class='ocrx_word' id='word_1_756' title='bbox 1721 2520 1932 2559; x_wconf 88' lang='lat' dir='ltr'><strong>necessariis,</strong></span> <span class='ocrx_word' id='word_1_757' title='bbox 1947 2519 2093 2552; x_wconf 89' lang='lat' dir='ltr'><strong>minime.</strong></span> 
     </span>
    </p>
   </div>
   <div class='ocr_carea' id='block_1_11' title="bbox 1380 2578 2425 2662">
    <p class='ocr_par' dir='ltr' id='par_1_19' title="bbox 1380 2578 2425 2662">
     <span class='ocr_line' id='line_1_94' title="bbox 1422 2578 2425 2629; baseline -0.003 -15"><span class='ocrx_word' id='word_1_758' title='bbox 1422 2582 1505 2619; x_wconf 84' lang='lat' dir='ltr'><strong>Quia</strong></span> <span class='ocrx_word' id='word_1_759' title='bbox 1529 2581 1614 2614; x_wconf 86' lang='lat' dir='ltr'><strong>enim</strong></span> <span class='ocrx_word' id='word_1_760' title='bbox 1637 2580 1669 2613; x_wconf 89' lang='lat' dir='ltr'><strong>in</strong></span> <span class='ocrx_word' id='word_1_761' title='bbox 1696 2580 1811 2613; x_wconf 81' lang='lat' dir='ltr'><strong>iisdem</strong></span> <span class='ocrx_word' id='word_1_762' title='bbox 1830 2578 1976 2629; x_wconf 82' lang='lat' dir='ltr'><strong>corporis</strong></span> <span class='ocrx_word' id='word_1_763' title='bbox 1990 2578 2219 2628; x_wconf 84' lang='lat' dir='ltr'><strong>voluptatibus</strong></span> <span class='ocrx_word' id='word_1_764' title='bbox 2237 2580 2425 2628; x_wconf 78' lang='lat' dir='ltr'><strong>temperan-</strong></span> 
     </span>
     <span class='ocr_line' id='line_1_95' title="bbox 1380 2620 2424 2662; baseline -0.004 -6"><span class='ocrx_word' id='word_1_765' title='bbox 1380 2625 1447 2656; x_wconf 89' lang='lat' dir='ltr'><strong>tem</strong></span> <span class='ocrx_word' id='word_1_766' title='bbox 1468 2626 1501 2656; x_wconf 88' lang='lat' dir='ltr'><strong>et</strong></span> <span class='ocrx_word' id='word_1_767' title='bbox 1527 2623 1767 2660; x_wconf 88' lang='lat' dir='ltr'><strong>continentem,</strong></span> <span class='ocrx_word' id='word_1_768' title='bbox 1802 2622 1881 2655; x_wconf 87' lang='lat' dir='ltr'><strong>item</strong></span> <span class='ocrx_word' id='word_1_769' title='bbox 1914 2621 2172 2654; x_wconf 87' lang='lat' dir='ltr'><strong>incontinentem</strong></span> <span class='ocrx_word' id='word_1_770' title='bbox 2202 2623 2236 2653; x_wconf 91' lang='lat' dir='ltr'><strong>et</strong></span> <span class='ocrx_word' id='word_1_771' title='bbox 2260 2620 2424 2662; x_wconf 86' lang='lat' dir='ltr'><strong>intempe-</strong></span> 
     </span>
    </p>
   </div>
   <div class='ocr_carea' id='block_1_12' title="bbox 1379 2668 2425 2786">
    <p class='ocr_par' dir='ltr' id='par_1_20' title="bbox 1379 2668 2425 2786">
     <span class='ocr_line' id='line_1_96' title="bbox 1379 2668 2425 2716; baseline -0.004 -13"><span class='ocrx_word' id='word_1_772' title='bbox 1379 2673 1507 2703; x_wconf 86' lang='lat' dir='ltr'><strong>rantem</strong></span> <span class='ocrx_word' id='word_1_773' title='bbox 1537 2670 1662 2703; x_wconf 87' lang='lat' dir='ltr'><strong>versari</strong></span> <span class='ocrx_word' id='word_1_774' title='bbox 1691 2669 1860 2708; x_wconf 85' lang='lat' dir='ltr'><strong>convenit,</strong></span> <span class='ocrx_word' id='word_1_775' title='bbox 1892 2668 2006 2702; x_wconf 79' lang='lat' dir='ltr'><strong>eodem</strong></span> <span class='ocrx_word' id='word_1_776' title='bbox 2037 2668 2109 2701; x_wconf 91' lang='lat' dir='ltr'><strong>loco</strong></span> <span class='ocrx_word' id='word_1_777' title='bbox 2135 2668 2374 2716; x_wconf 79' lang='lat' dir='ltr'><strong>temperantem</strong></span> <span class='ocrx_word' id='word_1_778' title='bbox 2390 2668 2425 2700; x_wconf 89' lang='lat' dir='ltr'><strong>et</strong></span> 
     </span>
     <span class='ocr_line' id='line_1_97' title="bbox 1380 2709 2424 2761; baseline -0.002 -17"><span class='ocrx_word' id='word_1_779' title='bbox 1380 2713 1620 2761; x_wconf 79' lang='lat' dir='ltr'><strong>continentem,</strong></span> <span class='ocrx_word' id='word_1_780' title='bbox 1635 2712 1715 2744; x_wconf 89' lang='lat' dir='ltr'><strong>item</strong></span> <span class='ocrx_word' id='word_1_781' title='bbox 1739 2711 2014 2753; x_wconf 83' lang='lat' dir='ltr'><strong>intemperantem</strong></span> <span class='ocrx_word' id='word_1_782' title='bbox 2033 2711 2066 2743; x_wconf 91' lang='lat' dir='ltr'><strong>et</strong></span> <span class='ocrx_word' id='word_1_783' title='bbox 2091 2709 2348 2742; x_wconf 75' lang='lat' dir='ltr'><strong>incontinentem</strong></span> <span class='ocrx_word' id='word_1_784' title='bbox 2361 2716 2424 2750; x_wconf 87' lang='lat' dir='ltr'><strong>po-</strong></span> 
     </span>
     <span class='ocr_line' id='line_1_98' title="bbox 1379 2763 1498 2786; baseline 0 0"><span class='ocrx_word' id='word_1_785' title='bbox 1379 2763 1498 2786; x_wconf 76' lang='lat' dir='ltr'><strong>nimus.</strong></span> 
     </span>
    </p>
   </div>
   <div class='ocr_carea' id='block_1_13' title="bbox 1378 2810 2425 3265">
    <p class='ocr_par' dir='ltr' id='par_1_21' title="bbox 1378 2810 2425 3265">
     <span class='ocr_line' id='line_1_99' title="bbox 1422 2810 2424 2853; baseline -0.003 -7"><span class='ocrx_word' id='word_1_786' title='bbox 1422 2813 1583 2852; x_wconf 83' lang='lat' dir='ltr'><strong>Quamvis</strong></span> <span class='ocrx_word' id='word_1_787' title='bbox 1618 2822 1683 2845; x_wconf 91' lang='lat' dir='ltr'><strong>non</strong></span> <span class='ocrx_word' id='word_1_788' title='bbox 1711 2812 1826 2846; x_wconf 91' lang='lat' dir='ltr'><strong>eodem</strong></span> <span class='ocrx_word' id='word_1_789' title='bbox 1863 2811 1962 2844; x_wconf 88' lang='lat' dir='ltr'><strong>modo</strong></span> <span class='ocrx_word' id='word_1_790' title='bbox 1989 2811 2024 2844; x_wconf 93' lang='lat' dir='ltr'><strong>in</strong></span> <span class='ocrx_word' id='word_1_791' title='bbox 2048 2811 2101 2844; x_wconf 86' lang='lat' dir='ltr'><strong>his</strong></span> <span class='ocrx_word' id='word_1_792' title='bbox 2127 2810 2356 2853; x_wconf 81' lang='lat' dir='ltr'><strong>voluptatibus</strong></span> <span class='ocrx_word' id='word_1_793' title='bbox 2387 2819 2424 2844; x_wconf 84' lang='lat' dir='ltr'><strong>se</strong></span> 
     </span>
     <span class='ocr_line' id='line_1_100' title="bbox 1378 2868 2424 2913; baseline -0.002 -8"><span class='ocrx_word' id='word_1_794' title='bbox 1378 2873 1523 2906; x_wconf 83' lang='lat' dir='ltr'><strong>habeant</strong></span> <span class='ocrx_word' id='word_1_795' title='bbox 1541 2886 1549 2905; x_wconf 71' lang='grc' dir='ltr'><strong>ι</strong></span> <span class='ocrx_word' id='word_1_796' title='bbox 1569 2872 1719 2905; x_wconf 84' lang='lat' dir='ltr'><strong>consulto</strong></span> <span class='ocrx_word' id='word_1_797' title='bbox 1742 2872 1828 2905; x_wconf 89' lang='lat' dir='ltr'><strong>enim</strong></span> <span class='ocrx_word' id='word_1_798' title='bbox 1844 2871 1887 2905; x_wconf 89' lang='lat' dir='ltr'><strong>ad</strong></span> <span class='ocrx_word' id='word_1_799' title='bbox 1914 2870 2127 2913; x_wconf 83' lang='lat' dir='ltr'><strong>cupiditatem</strong></span> <span class='ocrx_word' id='word_1_800' title='bbox 2143 2868 2250 2902; x_wconf 83' lang='lat' dir='ltr'><strong>fertur</strong></span> <span class='ocrx_word' id='word_1_801' title='bbox 2263 2869 2424 2912; x_wconf 84' lang='lat' dir='ltr'><strong>intempe-</strong></span> 
     </span>
     <span class='ocr_line' id='line_1_101' title="bbox 1378 2927 2423 2969; baseline -0.004 -5"><span class='ocrx_word' id='word_1_802' title='bbox 1378 2941 1455 2964; x_wconf 89' lang='lat' dir='ltr'><strong>rans</strong></span> <span class='ocrx_word' id='word_1_803' title='bbox 1469 2957 1476 2969; x_wconf 95' lang='lat'><strong>,</strong></span> <span class='ocrx_word' id='word_1_804' title='bbox 1496 2931 1683 2963; x_wconf 87' lang='lat' dir='ltr'><strong>inconsulto</strong></span> <span class='ocrx_word' id='word_1_805' title='bbox 1709 2932 1839 2968; x_wconf 89' lang='lat' dir='ltr'><strong>autem,</strong></span> <span class='ocrx_word' id='word_1_806' title='bbox 1861 2929 2058 2962; x_wconf 86' lang='lat' dir='ltr'><strong>adversante</strong></span> <span class='ocrx_word' id='word_1_807' title='bbox 2083 2930 2175 2961; x_wconf 87' lang='lat' dir='ltr'><strong>recta</strong></span> <span class='ocrx_word' id='word_1_808' title='bbox 2198 2927 2342 2967; x_wconf 84' lang='lat' dir='ltr'><strong>ratione,</strong></span> <span class='ocrx_word' id='word_1_809' title='bbox 2368 2927 2423 2960; x_wconf 89' lang='lat' dir='ltr'><strong>in·-</strong></span> 
     </span>
     <span class='ocr_line' id='line_1_102' title="bbox 1379 2986 2425 3030; baseline -0.003 -8"><span class='ocrx_word' id='word_1_810' title='bbox 1379 2990 1549 3023; x_wconf 88' lang='lat' dir='ltr'><strong>continens</strong></span> <span class='ocrx_word' id='word_1_811' title='bbox 1566 3003 1574 3022; x_wconf 85' lang='lat'>:</span> <span class='ocrx_word' id='word_1_812' title='bbox 1592 2993 1704 3022; x_wconf 84' lang='lat' dir='ltr'><strong>tamen</strong></span> <span class='ocrx_word' id='word_1_813' title='bbox 1721 2989 1835 3022; x_wconf 85' lang='lat' dir='ltr'><strong>eodem</strong></span> <span class='ocrx_word' id='word_1_814' title='bbox 1857 2989 1929 3021; x_wconf 92' lang='lat' dir='ltr'><strong>loco</strong></span> <span class='ocrx_word' id='word_1_815' title='bbox 1949 2997 2025 3020; x_wconf 92' lang='lat' dir='ltr'><strong>cum</strong></span> <span class='ocrx_word' id='word_1_816' title='bbox 2052 2987 2292 3030; x_wconf 82' lang='lat' dir='ltr'><strong>intemperante</strong></span> <span class='ocrx_word' id='word_1_817' title='bbox 2314 2986 2425 3020; x_wconf 89' lang='lat' dir='ltr'><strong>incon·</strong></span> 
     </span>
     <span class='ocr_line' id='line_1_103' title="bbox 1380 3044 2420 3095; baseline -0.005 -14"><span class='ocrx_word' id='word_1_818' title='bbox 1380 3048 1486 3081; x_wconf 84' lang='lat' dir='ltr'><strong>tinens</strong></span> <span class='ocrx_word' id='word_1_819' title='bbox 1514 3050 1555 3095; x_wconf 40' lang='lat' dir='ltr'><strong>et,</strong></span> <span class='ocrx_word' id='word_1_820' title='bbox 1579 3057 1655 3080; x_wconf 89' lang='lat' dir='ltr'><strong>cum</strong></span> <span class='ocrx_word' id='word_1_821' title='bbox 1686 3049 1889 3090; x_wconf 89' lang='lat' dir='ltr'><strong>temperante</strong></span> <span class='ocrx_word' id='word_1_822' title='bbox 1917 3046 2087 3079; x_wconf 84' lang='lat' dir='ltr'><strong>continens</strong></span> <span class='ocrx_word' id='word_1_823' title='bbox 2114 3055 2133 3077; x_wconf 89' lang='lat' dir='ltr'><strong>a</strong></span> <span class='ocrx_word' id='word_1_824' title='bbox 2156 3044 2251 3077; x_wconf 84' lang='lat' dir='ltr'><strong>nobis</strong></span> <span class='ocrx_word' id='word_1_825' title='bbox 2277 3044 2420 3087; x_wconf 88' lang='lat' dir='ltr'><strong>ponitur,</strong></span> 
     </span>
     <span class='ocr_line' id='line_1_104' title="bbox 1382 3102 2424 3151; baseline -0.007 -9"><span class='ocrx_word' id='word_1_826' title='bbox 1382 3118 1503 3151; x_wconf 89' lang='lat' dir='ltr'><strong>eosque</strong></span> <span class='ocrx_word' id='word_1_827' title='bbox 1518 3107 1646 3141; x_wconf 86' lang='lat' dir='ltr'><strong>versari</strong></span> <span class='ocrx_word' id='word_1_828' title='bbox 1666 3107 1700 3140; x_wconf 93' lang='lat' dir='ltr'><strong>in</strong></span> <span class='ocrx_word' id='word_1_829' title='bbox 1713 3106 1830 3139; x_wconf 88' lang='lat' dir='ltr'><strong>iisdem</strong></span> <span class='ocrx_word' id='word_1_830' title='bbox 1846 3105 1997 3143; x_wconf 86' lang='lat' dir='ltr'><strong>dicimus,</strong></span> <span class='ocrx_word' id='word_1_831' title='bbox 2014 3104 2073 3147; x_wconf 88' lang='lat' dir='ltr'><strong>qui</strong></span> <span class='ocrx_word' id='word_1_832' title='bbox 2091 3103 2217 3137; x_wconf 82' lang='lat' dir='ltr'><strong>veroin</strong></span> <span class='ocrx_word' id='word_1_833' title='bbox 2232 3102 2305 3136; x_wconf 86' lang='lat' dir='ltr'><strong>aliis</strong></span> <span class='ocrx_word' id='word_1_834' title='bbox 2316 3103 2424 3146; x_wconf 84' lang='lat' dir='ltr'><strong>iisque</strong></span> 
     </span>
     <span class='ocr_line' id='line_1_105' title="bbox 1380 3162 2423 3208; baseline -0.006 -7"><span class='ocrx_word' id='word_1_835' title='bbox 1380 3177 1444 3200; x_wconf 92' lang='lat' dir='ltr'><strong>non</strong></span> <span class='ocrx_word' id='word_1_836' title='bbox 1464 3166 1660 3201; x_wconf 84' lang='lat' dir='ltr'><strong>necessariis</strong></span> <span class='ocrx_word' id='word_1_837' title='bbox 1681 3164 1907 3208; x_wconf 87' lang='lat' dir='ltr'><strong>voluptatibus</strong></span> <span class='ocrx_word' id='word_1_838' title='bbox 1926 3163 2166 3196; x_wconf 86' lang='lat' dir='ltr'><strong>incontinenter</strong></span> <span class='ocrx_word' id='word_1_839' title='bbox 2182 3171 2218 3196; x_wconf 86' lang='lat' dir='ltr'><strong>se</strong></span> <span class='ocrx_word' id='word_1_840' title='bbox 2239 3162 2341 3205; x_wconf 87' lang='lat' dir='ltr'><strong>gerit,</strong></span> <span class='ocrx_word' id='word_1_841' title='bbox 2358 3172 2423 3195; x_wconf 86' lang='lat' dir='ltr'><strong>non</strong></span> 
     </span>
     <span class='ocr_line' id='line_1_106' title="bbox 1378 3221 2423 3265; baseline -0.005 -5"><span class='ocrx_word' id='word_1_842' title='bbox 1378 3227 1469 3260; x_wconf 90' lang='lat' dir='ltr'><strong>item.</strong></span> <span class='ocrx_word' id='word_1_843' title='bbox 1493 3227 1567 3260; x_wconf 91' lang='lat' dir='ltr'><strong>Etsi</strong></span> <span class='ocrx_word' id='word_1_844' title='bbox 1584 3228 1698 3260; x_wconf 84' lang='lat' dir='ltr'><strong>autem</strong></span> <span class='ocrx_word' id='word_1_845' title='bbox 1719 3225 1754 3258; x_wconf 91' lang='lat' dir='ltr'><strong>in</strong></span> <span class='ocrx_word' id='word_1_846' title='bbox 1779 3224 1897 3258; x_wconf 85' lang='lat' dir='ltr'><strong>iisdem</strong></span> <span class='ocrx_word' id='word_1_847' title='bbox 1912 3233 1990 3256; x_wconf 83' lang='lat' dir='ltr'><strong>cum</strong></span> <span class='ocrx_word' id='word_1_848' title='bbox 2010 3223 2250 3265; x_wconf 85' lang='lat' dir='ltr'><strong>intemperante</strong></span> <span class='ocrx_word' id='word_1_849' title='bbox 2268 3221 2423 3265; x_wconf 82' lang='lat' dir='ltr'><strong>volupta-</strong></span> 
     </span>
    </p>
   </div>
   <div class='ocr_carea' id='block_1_14' title="bbox 289 3314 2417 3330">
    <p class='ocr_par' dir='ltr' id='par_1_22' title="bbox 289 3314 2417 3330">
     <span class='ocr_line' id='line_1_107' title="bbox 289 3314 2417 3330; baseline 0 446"><span class='ocrx_word' id='word_1_850' title='bbox 289 3314 2417 3330; x_wconf 95' lang='lat' dir='ltr'><strong> </strong></span> 
     </span>
    </p>
   </div>
   <div class='ocr_carea' id='block_1_15' title="bbox 321 3373 2420 3422">
    <p class='ocr_par' dir='ltr' id='par_1_23' title="bbox 321 3373 2420 3422">
     <span class='ocr_line' id='line_1_108' title="bbox 321 3373 2420 3422; baseline -0.001 -13"><span class='ocrx_word' id='word_1_851' title='bbox 321 3375 336 3392; x_wconf 68' lang='lat'>*</span> <span class='ocrx_word' id='word_1_852' title='bbox 361 3377 443 3413; x_wconf 78' lang='grc' dir='ltr'>Τοὺς</span> <span class='ocrx_word' id='word_1_853' title='bbox 461 3376 518 3418; x_wconf 86' lang='grc' dir='ltr'>μὲν</span> <span class='ocrx_word' id='word_1_854' title='bbox 538 3375 594 3409; x_wconf 75' lang='grc' dir='ltr'><strong>οὖν</strong></span> <span class='ocrx_word' id='word_1_855' title='bbox 607 3376 685 3418; x_wconf 86' lang='grc' dir='ltr'>πρὸς</span> <span class='ocrx_word' id='word_1_856' title='bbox 702 3379 807 3408; x_wconf 80' lang='grc' dir='ltr'>ταῦτα</span> <span class='ocrx_word' id='word_1_857' title='bbox 823 3378 891 3408; x_wconf 78' lang='grc' dir='ltr'>κτλ.</span> <span class='ocrx_word' id='word_1_858' title='bbox 916 3394 957 3399; x_wconf 94' lang='grc'>-</span> <span class='ocrx_word' id='word_1_859' title='bbox 982 3378 1018 3394; x_wconf 62' lang='lat'><strong>⁴¹*</strong></span> <span class='ocrx_word' id='word_1_860' title='bbox 1038 3379 1175 3419; x_wconf 85' lang='grc' dir='ltr'>Σημεῖον</span> <span class='ocrx_word' id='word_1_861' title='bbox 1194 3379 1228 3410; x_wconf 86' lang='grc' dir='ltr'>δὲ</span> <span class='ocrx_word' id='word_1_862' title='bbox 1244 3380 1313 3410; x_wconf 77' lang='grc' dir='ltr'>κτλ.</span> <span class='ocrx_word' id='word_1_863' title='bbox 1335 3395 1376 3401; x_wconf 87' lang='grc'>-</span> <span class='ocrx_word' id='word_1_864' title='bbox 1399 3380 1451 3397; x_wconf 67' lang='lat'><strong>***</strong></span> <span class='ocrx_word' id='word_1_865' title='bbox 1466 3380 1539 3411; x_wconf 79' lang='grc' dir='ltr'>Τῶν</span> <span class='ocrx_word' id='word_1_866' title='bbox 1559 3379 1594 3410; x_wconf 80' lang='grc' dir='ltr'>δὲ</span> <span class='ocrx_word' id='word_1_867' title='bbox 1609 3379 1681 3422; x_wconf 84' lang='grc' dir='ltr'>περὶ</span> <span class='ocrx_word' id='word_1_868' title='bbox 1697 3379 1754 3416; x_wconf 82' lang='grc' dir='ltr'><strong>τὰς</strong></span> <span class='ocrx_word' id='word_1_869' title='bbox 1775 3377 1962 3419; x_wconf 80' lang='grc' dir='ltr'>σωματικὰς</span> <span class='ocrx_word' id='word_1_870' title='bbox 1980 3378 2053 3409; x_wconf 85' lang='grc' dir='ltr'>κτλ.</span> <span class='ocrx_word' id='word_1_871' title='bbox 2074 3392 2117 3399; x_wconf 91' lang='grc'>-</span> <span class='ocrx_word' id='word_1_872' title='bbox 2135 3376 2207 3395; x_wconf 77' lang='lat'><strong>****</strong></span> <span class='ocrx_word' id='word_1_873' title='bbox 2225 3376 2366 3416; x_wconf 77' lang='grc' dir='ltr'>Σημιῖον</span> <span class='ocrx_word' id='word_1_874' title='bbox 2382 3373 2420 3406; x_wconf 80' lang='grc' dir='ltr'><strong>δὲ</strong></span> 
     </span>
    </p>
   </div>
   <div class='ocr_carea' id='block_1_16' title="bbox 278 3423 855 3456">
    <p class='ocr_par' dir='ltr' id='par_1_24' title="bbox 278 3423 855 3456">
     <span class='ocr_line' id='line_1_109' title="bbox 278 3423 855 3456; baseline 0.002 -2"><span class='ocrx_word' id='word_1_875' title='bbox 278 3424 348 3456; x_wconf 80' lang='grc' dir='ltr'>κτλ.</span> <span class='ocrx_word' id='word_1_876' title='bbox 360 3439 401 3446; x_wconf 87' lang='lat'><strong>-—</strong></span> <span class='ocrx_word' id='word_1_877' title='bbox 417 3423 506 3441; x_wconf 74' lang='lat'>*****</span> <span class='ocrx_word' id='word_1_878' title='bbox 521 3424 582 3455; x_wconf 86' lang='grc' dir='ltr'><strong>Καὶ</strong></span> <span class='ocrx_word' id='word_1_879' title='bbox 599 3423 652 3455; x_wconf 84' lang='grc' dir='ltr'><strong>διὰ</strong></span> <span class='ocrx_word' id='word_1_880' title='bbox 665 3426 763 3455; x_wconf 79' lang='grc' dir='ltr'>τοῦτο</span> <span class='ocrx_word' id='word_1_881' title='bbox 786 3425 855 3455; x_wconf 83' lang='grc' dir='ltr'>κτλ.</span> 
     </span>
    </p>
   </div>
   <div class='ocr_carea' id='block_1_17' title="bbox 875 3423 1612 3467">
    <p class='ocr_par' dir='ltr' id='par_1_25' title="bbox 875 3423 1612 3467">
     <span class='ocr_line' id='line_1_110' title="bbox 875 3423 1612 3467; baseline 0.003 -12"><span class='ocrx_word' id='word_1_882' title='bbox 875 3440 916 3445; x_wconf 94' lang='grc'>-</span> <span class='ocrx_word' id='word_1_883' title='bbox 934 3423 1045 3441; x_wconf 77' lang='lat'>******</span> <span class='ocrx_word' id='word_1_884' title='bbox 1066 3425 1106 3455; x_wconf 87' lang='grc' dir='ltr'><strong>Οἱ</strong></span> <span class='ocrx_word' id='word_1_885' title='bbox 1124 3425 1151 3455; x_wconf 84' lang='grc' dir='ltr'><strong>δ’</strong></span> <span class='ocrx_word' id='word_1_886' title='bbox 1166 3425 1228 3455; x_wconf 86' lang='grc' dir='ltr'>εἰσὶ</span> <span class='ocrx_word' id='word_1_887' title='bbox 1241 3425 1298 3465; x_wconf 84' lang='grc' dir='ltr'>μὲν</span> <span class='ocrx_word' id='word_1_888' title='bbox 1316 3425 1390 3467; x_wconf 83' lang='grc' dir='ltr'>περὶ</span> <span class='ocrx_word' id='word_1_889' title='bbox 1406 3425 1522 3461; x_wconf 84' lang='grc' dir='ltr'>ταύτά,</span> <span class='ocrx_word' id='word_1_890' title='bbox 1541 3425 1612 3457; x_wconf 83' lang='grc' dir='ltr'>κτλ.</span> 
     </span>
    </p>
   </div>
   <div class='ocr_carea' id='block_1_18' title="bbox 2476 0 2508 403">
    <p class='ocr_par' dir='ltr' id='par_1_26' title="bbox 2476 0 2508 403">
     <span class='ocr_line' id='line_1_111' title="bbox 2476 0 2508 403; baseline 0 3373"><span class='ocrx_word' id='word_1_891' title='bbox 2476 0 2508 403; x_wconf 95' lang='lat' dir='ltr'><strong> </strong></span> 
     </span>
    </p>
   </div>
   <div class='ocr_carea' id='block_1_19' title="bbox 2488 2209 2493 2223">
    <p class='ocr_par' dir='ltr' id='par_1_27' title="bbox 2488 2209 2493 2223">
     <span class='ocr_line' id='line_1_112' title="bbox 2488 2209 2493 2223; baseline 0 0"><span class='ocrx_word' id='word_1_892' title='bbox 2488 2209 2493 2223; x_wconf 86' lang='grc' dir='ltr'><strong>Ι.</strong></span> 
     </span>
    </p>
   </div>
  </div>
 </body>
</html>
