2528 3788
278 201 359 241 234

274 295 334 327 καὶ
354 289 392 327 τὸ
412 287 608 338 αὐτόματον
627 286 721 324 αἴτια
742 287 802 325 καὶ
821 288 933 328 πολλὰ
950 291 1009 329 καὶ
1026 285 1113 330 ε”ἰναι
1137 293 1196 331 καὶ
1211 293 1303 344 γίνε-

275 351 353 385 σθαι
374 345 430 385 διὰ
450 344 561 397 τύχην
585 344 644 383 καὶ
671 346 708 384 τὸ
729 346 925 397 αὐτόματον
938 377 948 394 ,
968 350 1154 391 ἀκόλουθον
1173 356 1214 400 ἠν
1246 355 1309 400 ζη-

273 420 309 442 τε
311 406 363 452 ῒν,
384 406 413 442 εἷ
434 403 507 442 ἔστι
537 403 598 441 καὶ
621 402 655 442 τί
684 405 835 444 ἐστικαὶ
866 406 932 445 ὑπὸ
961 407 994 446 τί
1025 412 1091 448 τῶν
1113 411 1307 462 εἰρημένων

274 461 392 499 αἰτίων
412 461 578 513 ἀνάγεται
598 466 722 502 ταῦτα.
743 465 796 502 Οὐ
824 464 938 515 μάτην
956 466 990 505 83
1008 461 1102 507 εἶπεν
1120 471 1138 507 ὁ
1155 470 1306 522 Αριστο-

271 536 306 558 τε
300 520 372 568 λης
390 519 427 558 λε’
413 524 550 593 ῑγεσθαι
570 524 694 560 ταῦτα.
721 521 790 560 Καὶ
809 521 893 584 γὰρ’.
893 525 922 562 οἳ
944 524 985 575 μὲ
989 542 1005 564 ν
1030 527 1151 565 πολλοι
1171 543 1230 566 και
1247 531 1309 567 αὐ-

271 577 366 616 τόθεν
399 577 528 616 οἴονται
558 579 695 616 πολλῶν
717 579 831 618 αἰτίαν
861 585 949 620 εἰναι
975 583 1037 632 τὴν
1058 584 1166 637 τύχην
1193 602 1253 625 και
1272 587 1311 626 τὸ

271 636 551 688 αὐτόματον,οἳ
575 637 612 676 δὲ
634 638 833 690 φυσιολόγοι
853 639 918 678 καν
946 641 994 692 μὴ
1019 642 1148 694 λέγωσί
1173 659 1206 682 τι
1231 644 1309 696 περὶ

271 696 396 742 αὔτης,
414 698 490 735 ἀλλ’
509 690 566 734 ουν
582 697 628 739 ὡς
645 696 739 758 οὔσῃ
751 700 904 750 χρῶνται
921 700 980 737 καὶ
997 701 1218 751 ὀνομάζουσι.
1238 702 1309 742 Καὶ

269 754 336 808 γὰρ
373 754 654 805 Ἐμπεδοκλης’
639 771 673 793 εν
707 759 756 800 οῖς
787 772 908 808 φησιν·
944 776 960 792 «
991 758 1081 797 οὕτω
1113 760 1178 813 γὰρ
1206 761 1307 799 συνέ-

269 828 374 864 κυρσε
393 816 467 851 θέον
486 813 580 861 τότε,
599 814 750 853 πολλάκι
771 814 799 853 δ’
813 816 926 860 ἄλλως
945 818 1037 867 (leg.
1061 817 1145 856 θέων
1160 848 1170 867 ,
1193 828 1234 858 ut
1254 829 1310 858 est

271 873 372 922 apud
389 873 645 913 Aristotelem.
661 872 726 911 Sic
739 874 842 912 enim
860 885 1026 919 vocatur
1033 876 1100 929 σ’ήρ
1113 878 1175 916 vel
1193 878 1308 931 αἰθήρ.

270 930 327 969 Cf.
345 931 571 982 Simplicius
590 932 656 972 sol.
682 934 757 971 310
786 943 824 972 et
843 934 1070 987 Empedocl.
1094 950 1151 976 vs.
1172 939 1246 976 260
1267 939 1310 976 in

270 988 371 1029 Phil.
388 990 513 1030 Graec.
532 990 683 1041 F1·.agm
705 993 782 1030 vol.
801 993 917 1045 lpag
937 994 1058 1047 7)καὶ
1074 995 1180 1034 πάλιν
1201 1013 1217 1030 «
1241 996 1309 1048 ὅπῃ

271 1047 477 1100 συνέκυρσεν
511 1048 649 1088 ἅπαντα
676 1067 692 1084 ι»
731 1051 802 1100 (cf.
831 1052 990 1104 Emped.
1023 1067 1080 1093 vs
1110 1056 1181 1092 311
1214 1054 1307 1092 ibid.

270 1121 347 1158 p9
363 1106 454 1158 )τὴν
475 1106 585 1159 τύχην
618 1110 793 1147 αἰτιᾶσθαι
814 1110 920 1149 δοκεῖ.
948 1112 1018 1150 Καὶ
1037 1114 1067 1150 οἳ
1089 1113 1161 1151 θεὸν
1181 1112 1204 1159 ἢ
1225 1112 1310 1161 ὕλην

269 1123 347 1208 τὰς-9
339 1165 463 1239 ...ἀρχὰς
490 1165 647 1216 λέγοντες
666 1167 687 1214 ἢ
720 1169 846 1213 ἀγαθὸν
866 1168 888 1214 ἢ
910 1169 1015 1207 κακόν
1030 1199 1039 1216 ,
1066 1170 1127 1215 τὴν
1154 1169 1310 1208 διάτασιν

271 1225 382 1262 αὐτων
405 1240 464 1262 και
486 1225 542 1263 τὸν
565 1241 733 1277 μερισμον
754 1243 822 1264 των
839 1226 950 1264 πόνων
972 1227 1030 1265 καὶ
1049 1227 1092 1264 τὰ
1109 1243 1250 1265 τοιαυτα
1267 1230 1311 1271 ὡς

270 1283 308 1320 ἐκ
330 1282 439 1334 τύχης
459 1282 480 1329 ἢ
511 1299 550 1321 εκ
580 1283 800 1344 ταύτομάτου
834 1285 944 1336 λέγειν
967 1285 1305 1335 ἀναγκασθήσονται.

270 1340 374 1379 Ἀλλὰ
396 1358 454 1379 και
472 1342 724 1393 Δημόκριτος
710 1359 743 1380 εν
765 1346 813 1386 οἱς
831 1358 916 1397 φησι
935 1345 1038 1381 δεῖν’
1019 1343 1088 1381 απὸ
1108 1347 1165 1380 τοῦ
1184 1344 1310 1389 παντὸς

270 1401 517 1452 ἀποκρίνεσθαι
545 1400 718 1438 παντοίων
741 1401 880 1449 εἰδέων,
902 1405 975 1444 πῶς
998 1401 1032 1439 83
1057 1417 1116 1439 και
1138 1401 1203 1439 ὑπὸ
1223 1402 1311 1445 τίνος

269 1458 381 1502 αἰτίας
409 1458 457 1509 μὴ
498 1457 606 1509 λέγων
636 1457 743 1496 ἔοικεν
774 1459 841 1497 ἀπὸ
871 1460 1088 1509 ταύτομάτου
1114 1459 1172 1497 καὶ
1204 1459 1311 1512 τύχης

268 1523 390 1570 γεννᾷν
412 1518 514 1556 αὐτά,
541 1517 611 1555 Καὶ
636 1517 866 1570 Ἀναξαγόρας
887 1518 922 1556 83
943 1517 1000 1556 τὸν
1020 1523 1099 1556 ’νοῦν
1124 1519 1247 1568 ἐάσας,
1266 1519 1311 1562 ὥς

269 1591 373 1626 φησιν
394 1574 572 1625 Εὔδημος,
594 1575 654 1613 καὶ
672 1576 910 1625 αὐτοματίζων
924 1576 967 1615 τὰ
984 1577 1096 1615 πολλὰ
1115 1577 1306 1624 συνίστησι.

271 1634 342 1672 Καὶ
364 1636 430 1671 τῶν
453 1636 605 1679 ποιητῶν
621 1633 655 1671 83
674 1632 755 1671 ἔνιοι
776 1634 890 1673 πάντα
913 1636 1037 1687 σχεδὸν
1058 1638 1105 1679 εἰς
1121 1638 1184 1682 τὴν
1200 1636 1310 1689 τύχην

270 1693 431 1744 ἄγουσιν,
465 1690 555 1730 ὥστε
577 1692 637 1730 καὶ
659 1696 719 1739 τ’ῆς
749 1693 872 1746 τέχνης
900 1694 1031 1732 οἰκείαν
1061 1695 1168 1740 αὐτὴν
1202 1699 1310 1734 ποιεῖν

268 1754 426 1805 λέγοντες
455 1773 469 1788 «
491 1754 596 1807 τέχνη
620 1755 731 1807 τύχην
762 1756 896 1808 ἔστερξε
928 1756 987 1793 καὶ
1008 1756 1095 1808 τύχη
1116 1757 1240 1808 τέχνην
1274 1774 1308 1798 ιι,

267 1814 336 1854 Τὸν
358 1815 566 1866 εὐτυχοῦντα
592 1813 626 1852 83
647 1814 706 1852 καὶ
728 1820 860 1866 φρονεῖν
883 1830 979 1866 φασι,
1000 1815 1216 1854 Aristotelis
1236 1817 1311 1854 fere

269 1873 448 1922 vestigiis
481 1873 680 1921 ingressus
701 1882 757 1910 est
786 1873 1005 1921 Eudemus,
1035 1888 1154 1924 quum
1177 1875 1244 1913 ille
1265 1876 1311 1914 de

268 1932 499 1981 Anaxagora
533 1931 635 1968 idem
662 1931 765 1968 dicat
801 1931 923 1982 Phys.
957 1931 1010 1979 ll,
1047 1934 1069 1968 8
1102 1932 1240 1971 λεκτέον
1270 1934 1309 1979 δν,

267 1992 405 2041 πρῶτον
425 2005 466 2039 με
453 1989 487 2026 ὲν
503 1988 619 2027 διότι
604 2006 623 2033 η
643 1989 738 2041 φύσις
758 2006 824 2028 των
846 1988 945 2027 ἕνεκά
962 2005 1020 2027 του
1042 1989 1176 2040 aha-‚w
1192 1989 1309 2029 ἔπειτα
1340 1963 1344 2027 Ι

269 2048 348 2101 περὶ
370 2052 431 2086 τοῦ
455 2047 667 2098 ἀναγκαίου,
693 2064 766 2091 πως
795 2046 869 2119 ἔχει
900 2051 933 2087 ἐν
966 2051 1035 2091 τοῖς
1063 2054 1238 2099 φυσικοῖς·
1267 2051 1312 2091 εἰς

270 2106 336 2159 γὰρ
367 2107 497 2152 ταύτην
529 2106 585 2151 τὴν
616 2105 730 2143 αἰτίαν
758 2106 922 2155 ἀνάγεουσ
953 2106 1101 2153 πάντες,
1122 2106 1208 2143 ὅτι’
1194 2108 1310 2153 επειδὴ

268 2165 306 2203 τὸ
327 2166 450 2216 θερμὸν
477 2164 601 2203 τοιονδὶ
621 2164 751 2217 πέφυκε
785 2164 843 2202 καὶ
863 2166 901 2202 τὸ
930 2165 1062 2217 ψυχρὸν
1086 2165 1145 2203 καὶ
1168 2165 1311 2204 ἕκαστον

271 2222 311 2270 δὴ
334 2223 400 2262 τῶν
426 2222 612 2272 τοιούτων,
640 2223 718 2260 ταδὶ
741 2224 774 2267 ἐξ
797 2222 948 2274 ἀνάγκης
974 2222 1047 2261 ἐστὶ
1078 2223 1137 2261 καὶ
1162 2223 1312 2275 γίνεται·

269 2282 327 2319 καὶ
341 2281 407 2334 γὰρ
429 2282 485 2321 ἐὰν
507 2282 615 2328 ἄλλην
633 2281 745 2320 αἰτίαν
766 2281 930 2329 εἴπωσιν,
948 2281 1026 2320 ὅσον
1045 2282 1216 2335 ἁψάμενοι
1235 2283 1314 2335 χαί-

271 2357 338 2393 ρειν
368 2343 489 2391 ἐῶσιν,
513 2344 530 2379 ὃ
555 2340 616 2390 μὲν
642 2340 702 2386 τὴν
724 2339 839 2392 φιλίαν
869 2340 927 2378 καὶ
947 2339 986 2378 τὸ
1006 2346 1143 2391 νεῖκος,
1162 2343 1178 2379 ὁ
1199 2339 1235 2379 83
1255 2341 1312 2380 τὸν

270 2402 361 2438 νοῧν.
393 2400 450 2436 Cf.
484 2399 655 2450 Metaph.
688 2402 721 2447 Ι,
754 2405 791 2443 4.
821 2398 1049 2436 Aristoteles
1076 2409 1229 2437 secutus
1257 2408 1314 2437 est

274 2458 469 2495 Platonem
504 2458 687 2495 Phaedon.
729 2471 768 2508 p.
811 2472 858 2507 97
891 2457 960 2495 ubi
988 2457 1073 2497 vid.
1111 2458 1312 2496 Heindorf.

271 2530 312 2567 p.
338 2517 408 2553 183
441 2525 478 2554 et
501 2516 771 2567 Wyttenbach.
802 2529 843 2567 p.
862 2516 953 2565 259.
989 2516 1099 2554 Adde
1120 2517 1313 2554 Brandisii

271 2574 362 2613 hist.
387 2574 479 2625 phil.
501 2575 570 2625 lp.
591 2577 681 2625 269.
702 2573 890 2612 Caeterum
909 2587 1065 2612 versum
1080 2574 1190 2612 illum
1208 2573 1314 2625 τέχνη

273 2631 383 2683 τύχην
413 2632 547 2684 ἔστερξε
575 2632 633 2669 καὶ
668 2631 757 2683 τύχη
792 2632 918 2683 τέχνην
949 2633 1143 2682 Agathoni
1176 2632 1315 2670 tribuit

276 2692 499 2729 Aristoteles
514 2691 638 2731 Ethic.
656 2691 805 2730 Nicom.
827 2691 892 2741 Vl,
914 2697 950 2736 l..
970 2693 981 2743 )
1015 2710 1019 2714 ⁴

329 2763 378 2788 22.
411 2748 517 2788 Ἀλλὰ
547 2749 606 2787 καὶ
640 2753 740 2787 τοῦτο
766 2749 985 2798 θαυμαστόν·
1018 2749 1131 2787 πολλὰ
1159 2749 1225 2801 γὰρ
1257 2749 1314 2787 καὶ

274 2806 405 2859 γίνεται
433 2806 492 2845 καὶ
527 2805 618 2844 ἔστιν
654 2807 721 2846 ἀπὸ
747 2807 854 2859 τύχης
888 2808 946 2845 καὶ
972 2808 1041 2846 ἀπὸ
1072 2807 1313 2858 ταύτομάτου,

1342 2857 1347 2872 Ι

286 2903 1178 2915 ..———-——--.-——--—-———
1185 2908 1200 2912 ..

318 2956 370 2984 22.
395 2952 518 2984 Verum
550 2952 584 2984 et
615 2951 678 2983 hoc
706 2952 853 2984 mirabile
884 2955 935 2985 est
955 2966 963 2985 ε
992 2953 1098 2985 multa
1126 2953 1213 2986 enim
1241 2955 1318 2986 sunt

278 3011 425 3051 fiuntque
444 3010 528 3043 sorte
545 3010 675 3043 fortuna
694 3012 727 3042 et
739 3019 817 3043 casu
830 3036 839 3051 ,
859 3020 933 3052 quae
955 3021 1019 3044 non
1038 3011 1225 3054 ignorantes
1245 3011 1314 3045 sin-

278 3070 373 3112 gula,
396 3069 474 3102 dum
496 3069 602 3110 fiunt,
620 3078 717 3111 posse
738 3069 850 3101 referri
874 3069 916 3102 ad
937 3070 1078 3111 aliquam
1100 3079 1253 3111 causam,
1278 3071 1317 3103 ut

279 3137 386 3162 sermo
408 3128 460 3161 ille
479 3128 632 3169 antiquus
651 3128 754 3168 dixit,
775 3128 831 3169 qui
858 3129 1018 3161 fortunam
1044 3130 1128 3161 tollit
1150 3142 1156 3161 ι
1189 3129 1318 3162 illorum

279 3191 390 3220 tamen
407 3187 470 3220 alia
484 3195 596 3219 omnes
608 3186 692 3219 sorte
708 3187 837 3218 fortuna
851 3187 996 3218 evenisse
1011 3213 1017 3227 ,
1035 3188 1097 3219 alia
1111 3197 1174 3218 non
1193 3188 1317 3220 temere

279 3256 338 3279 nee
353 3255 429 3279 casu
445 3245 600 3279 cecidisse
619 3245 791 3277 affirmant.
809 3247 1012 3286 Quapropter
1026 3248 1058 3277 et
1075 3245 1317 3286 quodammodo

278 3306 334 3338 illa
354 3304 639 3338 commemoranda
657 3303 697 3336 iis
716 3304 797 3336 erat.
818 3306 860 3335 Αῐ
875 3312 955 3336 vero
971 3312 1012 3335 ne
1030 3303 1168 3336 istorum
1185 3303 1317 3346 quidem

278 3362 457 3403 quidquam
480 3361 661 3400 fortunam,
680 3361 771 3393 velut
790 3360 965 3392 amicitiam
989 3363 1046 3392 aut
1065 3361 1234 3392 dissidium
1261 3362 1318 3393 aut

282 3422 426 3455 mentem
442 3423 501 3453 aut
525 3420 630 3463 igne-m
649 3421 706 3452 aut
729 3419 814 3452 aliud
833 3418 911 3461 quid
930 3418 1117 3459 hujusmodi
1143 3428 1213 3451 esse
1233 3418 1318 3451 arbi-

951 203 1147 245 EUDEMI
1176 206 1350 247 RHODII
1379 205 1726 247 PERIPATETICI

1372 293 1394 332 ἃ
1418 295 1479 332 οὐκ
1498 295 1695 346 ἀγνοοῦντες
1722 291 1774 331 ὅτι
1805 292 1896 332 ἔστιν
1917 294 2152 346 ἐπανενεγκεῖν
2179 295 2325 335 ἕκαστον
2343 296 2409 338 M

1371 369 1405 391 τι
1432 352 1540 391 αἴτιον
1569 369 1637 390 των
1668 351 1881 403 γινομένων,
1905 351 2059 405 καθάπερ
2083 355 2102 392 ὃ
2126 354 2274 398 παλαιὸς
2303 354 2404 407 λόγος

1372 405 1465 450 εἶπεν
1484 413 1503 449 ὁ
1524 414 1673 463 ἀναιρῶν
1692 410 1755 458 τὴν
1773 411 1904 463 τύχην,
1921 410 2014 461 ὅμως
2030 410 2158 451 τούτων
2173 412 2216 450 τὰ
2236 413 2297 464 μὲν
2316 407 2404 453 εἶναί

1372 484 1457 542 φασι
1479 469 1606 513 πάντες
1623 469 1692 508 ἀπὸ
1711 468 1840 541 τύχης,
1858 468 1901 506 τὰ
1924 468 1951 507 δ’
1971 471 2035 509 οὐκ
2048 470 2117 509 ἀπὸ
2131 469 2254 522 τύχης·
2272 471 2325 511 διὸ
2342 470 2404 512 καὶ

1372 528 1470 577 ἆμως
1489 527 1528 578 γέ
1554 544 1626 572 πως
1654 545 1695 575 ην
1715 527 1888 600 ποιητέον
1903 527 2018 571 αὐτοῖς
2039 526 2172 578 μνείαν.
2212 528 2314 568 Ἀλλὰ
2322 528 2409 580 μὴν

1373 585 1443 623 οὐδ’
1464 585 1602 624 ἐκείνων
1624 585 1663 637 γέ
1682 601 1716 624 τι
1733 585 1840 637 ὤοντο
1856 589 1942 623 εἰναι
1961 584 2023 632 τὴν
2046 586 2176 638 τύχην,
2199 580 2268 626 οἷον
2288 586 2405 640 φιλίαν

1372 643 1394 691 ἢ
1417 649 1525 688 νεῖκος
1551 644 1573 690 ἢ
1601 649 1677 683 νοῦν
1706 645 1728 690 ἢ
1756 649 1824 696 π’ῠρ
1849 644 1872 692 ἢ
1905 644 1991 683 ἄλλο
2013 644 2052 696 γέ
2073 659 2107 682 τι
2130 646 2199 683 τῶν
2225 644 2404 688 τοιουτου.

1372 701 1517 742 Ἄτοπον
1539 698 1595 742 οῧν
1622 703 1690 743 εἴτε
1719 703 1767 754 μὴ
1791 703 2035 754 ὑπελάμὸανον
2057 697 2143 742 εἶναι
2171 702 2239 742 εἴτε
2258 702 2410 755 οἰόμενοι

1372 761 1601 813 παρέλειπον,
1622 762 1682 801 καὶ
1707 761 1802 800 ταῦτ’
1826 759 1931 800 ἐνίοτε
1958 761 2152 814 χρώμενοι,
2177 761 2295 815 ὥσπερ
2314 762 2406 812 Ἔμ-

1374 822 1545 867 πεδοκλῆς
1585 822 1647 859 οὐκ
1676 821 1729 859 ἀεὶ
1762 820 1818 859 τὸν
1849 821 1932 872 ἀέρα
1964 821 2129 859 ἀνωτάτω
2164 820 2409 874 ἀποκρίνεσθαί

1373 894 1498 932 φησιν,
1521 880 1597 917 ἀλλ’
1617 878 1710 922 ὅπως
1733 878 1773 917 ἂν
1795 879 1898 931 τύχῃ.

1428 938 1681 989 (Aristoteles
1702 938 1819 988 Phys.
1843 938 1912 978 lib.
1932 938 1969 976 11
1989 951 2071 989 cap.
2095 944 2116 984 4
2146 951 2233 990 pag.
2256 939 2344 989 196.
2367 951 2410 976 α.-

1380 1012 1391 1034 ι
1406 1012 1438 1034 1.
1461 996 1521 1035 ed.
1547 997 1706 1034 Bekker.
1725 997 1963 1050 (Simplicius
1986 997 2053 1036 fol.
2084 1003 2130 1045 74
2156 996 2232 1050 (cf.
2260 996 2405 1037 Schon.

1373 1055 1414 1093 in
1430 1055 1549 1094 Arist.
1574 1068 1658 1106 pag.
1676 1054 1764 1093 351.
1781 1068 1816 1092 a.
1842 1055 1904 1093 ed.
1925 1055 2119 1106 Brandzs.)
2137 1054 2176 1094 τὸ
2195 1053 2230 1093 δὲ
2250 1055 2407 1109 καθάπερ

1373 1116 1390 1151 ὃ
1409 1113 1555 1156 παλαιὸς
1573 1112 1672 1163 λόγος
1688 1115 1705 1150 ὁ
1726 1115 1874 1163 ἀναιρῶν
1895 1112 1958 1159 τὴν
1978 1113 2088 1164 τύχην
2118 1112 2202 1164 πρὸς
2221 1112 2407 1166 Δημόκρι-

1373 1187 1429 1209 τον
1451 1171 1558 1209 ἔοικεν
1579 1173 1736 1243 εἰρῆσθαι
1750 1186 1758 1194 ·
1773 1172 1898 1214 ἐκεῖνος
1910 1169 1977 1222 γὰρ
1997 1170 2062 1208 κᾶν
2086 1171 2120 1208 ἐν
2137 1173 2180 1222 τῇ
2198 1171 2408 1224 κοσμοποιίᾳ

1374 1230 1483 1269 ἐδόκει
1510 1233 1551 1282 τῇ
1580 1231 1685 1288 τύχῃ
1700 1232 1875 1280 χρῆσθαι,
1911 1229 1988 1268 ἀλλ’
2015 1230 2050 1266 ἐν
2071 1234 2142 1272 τοῖς
2169 1225 2409 1281 p-eptxw'e‘potc

1374 1286 1504 1330 οὐδενός
1522 1301 1624 1337 φησιν
1653 1290 1741 1324 εἰναι
1773 1287 1835 1333 τὴν
1865 1286 1975 1338 τύχην
1996 1286 2128 1334 αἰτίαν,
2156 1284 2337 1338 ἀναφέρων
2362 1287 2417 1330 εἰς

1375 1345 1481 1388 ἄλλας
1508 1344 1643 1394 αἰτίας,
1665 1338 1733 1382 οἷον
1755 1349 1813 1382 τοῦ
1833 1345 2002 1395 Θησαυρὸν
2022 1345 2132 1397 εὑρεῖν
2156 1344 2192 1383 τὸ
2217 1343 2405 1403 σκάπτειν,

1374 1402 1395 1449 ἢ
1422 1402 1484 1448 τὴν
1509 1401 1649 1454 φυτείαν
1663 1406 1725 1448 τῆς
1745 1402 1861 1446 ἐλαίας
1878 1432 1890 1453 ,
1912 1406 1971 1441 τοῦ
1989 1403 2024 1441 δὲ
2049 1406 2244 1454 καταγῆναι
2261 1407 2321 1443 τοῦ
2341 1418 2407 1457 φα,-

1374 1463 1502 1513 λακροῧ
1533 1461 1571 1498 τὸ
1602 1461 1739 1513 κρανίον
1769 1460 1825 1498 τὸν
1851 1464 1949 1500 ἀετὸν
1980 1461 2127 1514 ῥίψαντα
2147 1461 2211 1508 τὴν
2228 1461 2406 1514 χελώνην,

1374 1519 1467 1561 ὅπως
1484 1520 1523 1558 τὸ
1539 1520 1650 1571 χελών
1658 1534 1705 1556 ιον
1724 1521 1825 1572 ραγῇ.
1845 1518 1967 1564 Οὕτως
1985 1521 2053 1573 γὰρ
2072 1523 2090 1559 ὁ
2118 1520 2281 1571 Εὔδημος
2308 1521 2408 1560 ἱστο-

1379 1584 1440 1630 ρεῖ.
1465 1578 1749 1627 Ἀπολογεῖται
1720 1593 1753 1615 οε
1778 1581 1795 1615 ὁ
1811 1577 2017 1652 Εἰ5ἕ3ῃμοςε
2005 1578 2089 1631 υπὲρ
2108 1581 2174 1618 τῶν
2195 1578 2408 1631 παραλιπόν·

1374 1653 1442 1675 των
1470 1639 1504 1676 ἐν
1536 1637 1605 1680 τοῖς
1642 1635 1761 1679 αἰτίοις
1785 1635 1846 1684 τὴν
1875 1633 2008 1688 τύχην,
2022 1637 2133 1688 λέγων
2156 1655 2171 1671 ιι
2195 1637 2344 1688 εὐλόγως
2372 1637 2408 1676 δὲ

1375 1695 1481 1742 αὐτὴν
1508 1696 1698 1754 παρέλιπον
1731 1695 1820 1732 κατὰ
1848 1694 2068 1744 συμόεὸηκὸς
2105 1699 2228 1734 οὖσαν·
2266 1694 2309 1733 τὰ
2338 1694 2407 1748 γὰρ

1373 1757 1516 1792 τοιαῦτα
1535 1753 1610 1792 οὐδὲ
1633 1756 1719 1790 εἶναι
1742 1754 1836 1790 δοκε”
1806 1769 1856 1799 ει,
1884 1753 1973 1792 ἀλλὰ
1992 1753 2036 1792 τὰ
2059 1754 2135 1790 καθ’
2159 1753 2249 1792 αυτά
2281 1771 2294 1786 ¹³
2328 1753 2405 1792 Lo-

1374 1825 1459 1850 cum
1489 1812 1536 1849 de
1568 1824 1646 1862 quo
1670 1813 1795 1861 agitui
1825 1812 1906 1850 haec
1936 1813 2157 1863 praecedunt
2190 1811 2422 1855 Aristotelis

1375 1869 1496 1908 verba
1513 1882 1523 1907 :
1544 1868 1602 1907 καὶ
1623 1869 1827 1920 ἀπορήσειεν
1847 1869 1888 1907 ἄν
1908 1885 1958 1913 τις
1979 1869 2035 1909 διὰ
2055 1869 2087 1907 τί
2105 1872 2183 1909 ποτ’
2207 1871 2316 1913 οὐδεὶς
2341 1873 2417 1909 τῶν.

1376 1929 1530 1981 ἀρχαίων
1553 1943 1666 1981 σοφων
1696 1927 1739 1966 τὰ
1765 1928 1860 1966 αἴτια
1888 1929 1968 1979 περὶ
1999 1929 2164 1979 γενέσεως
2195 1928 2255 1967 καὶ
2283 1933 2410 1982 φθορᾶς

1373 1986 1483 2038 λέγων
1500 2002 1578 2038 περι
1597 1986 1706 2038 τύχης
1726 1985 1799 2023 οὐδὲ
1805 2002 1819 2023 ν
1823 1986 2018 2059 διώρισεν,
2037 1988 2115 2025 ἀλλ’
2129 1989 2175 2031 ὡς
2195 1986 2326 2035 ἔοικεν,
2345 1990 2407 2029 οὖ,-

1375 2045 1428 2084 δὲν
1450 2044 1557 2097 ᾤοντο
1577 2043 1687 2082 0683=
1673 2060 1725 2082 εεκ
1727 2047 1793 2082 ῒνοι
1813 2048 1899 2083 εἰναι
1922 2045 1990 2082 ἀπὸ
2007 2044 2127 2097 τύχης.
2151 2046 2278 2091 Quare
2292 2050 2314 2087 ὁ
2332 2061 2410 2085 πα-

1373 2104 1473 2148 λαιὸς
1490 2104 1589 2154 λόγος
1610 2116 1689 2140 nou
1714 2103 1845 2140 dissent
1870 2103 1918 2140 ab
1945 2104 1993 2140 iis
2019 2117 2116 2154 quos
2141 2104 2219 2148 τους
2245 2103 2410 2156 ἀρχαίους

1376 2163 1498 2216 σοφοὺς
1532 2162 1763 2214 appellavit,
1794 2161 2155 2213 repudiandumque
2186 2162 2292 2213 quod
2326 2162 2409 2210 ejus

1376 2223 1462 2260 loco
1486 2221 1601 2259 habet
1622 2220 1654 2257 Τ
1659 2220 1859 2258 hemistius
1875 2222 1893 2257 ὃ
1913 2219 2076 2273 πρότερος
2093 2218 2207 2273 λόγος.
2227 2219 2284 2258 Ita
2306 2219 2410 2259 enim

1377 2281 1514 2320 sclibit
1544 2280 1609 2318 fol.
1636 2279 1713 2319 25.
1726 2279 1766 2316 b.
1794 2280 1830 2316 οὐ
1855 2278 2047 2329 παροπτέον
2071 2278 2106 2316 83
2133 2277 2209 2316 οὐδὲ
2236 2279 2313 2322 τοὺς
2332 2294 2408 2317 πα·-

1376 2339 1519 2412 λαιούς,
1551 2337 1624 2376 ὅσοι
1654 2337 1733 2389 περὶ
1767 2337 1886 2375 αἰτίων
1914 2336 2191 2387 ἐφιλοσόφησαν,
2223 2330 2270 2374 ων
2304 2335 2412 2379 οὐδεὶς

1377 2397 1484 2444 αὐτὴν
1506 2400 1538 2435 ἐν
1556 2397 1684 2440 τούτοις
1704 2395 2007 2449 κατηριθμήσατο·
2026 2399 2135 2434 ταῦτα
2151 2394 2214 2444 μὲν
2233 2388 2291 2435 ουν
2305 2394 2413 2435 εἴποι-

1379 2472 1439 2506 μεν
1465 2455 1506 2493 ἂν
1534 2455 1596 2502 τὴν
1624 2454 1734 2507 τύχην
1756 2452 1988 2498 ἐξελαύνοντες
2017 2454 2056 2491 ἐκ
2085 2455 2152 2491 τῶν
2174 2453 2410 2505 πραγμάτων,

1379 2517 1477 2564 ἡμεῖς
1497 2514 1531 2551 83
1552 2513 1607 2552 τὸν
1631 2513 1691 2563 μὲν
1710 2515 1873 2565 πρότερον
1893 2512 1992 2562 λόγον
2010 2511 2123 2564 φαμὲν
2139 2510 2332 2550 τούναντίον
2351 2527 2412 2551 πε-

1379 2572 1503 2625 ραίνειν
1535 2565 1573 2609 06
1607 2570 1777 2621 βούλεται.
1801 2569 1970 2608 Βούλεται
1998 2569 2059 2619 μὲν
2081 2568 2149 2621 γὰρ
2174 2572 2324 2621 ἀναιρεῖν
2348 2569 2412 2609 τὴν

1377 2635 1485 2683 τύχην
1499 2646 1506 2654 ·
1527 2630 1686 2669 λανθάνει
1707 2628 1740 2666 83
1762 2628 1867 2675 αὐτὴν
1889 2629 2019 2678 μᾶλλον
2038 2627 2227 2678 κρατύνων.
2245 2627 2254 2670 ἰ

1432 2703 1480 2728 23.
1512 2691 1592 2727 Τῶν
1613 2687 1648 2726 δὲ
1674 2687 1861 2738 γινομένων
1889 2686 1932 2724 τὰ
1958 2686 2019 2735 μὲν
2049 2685 2150 2724 ἕνεκά
2178 2701 2236 2724 του
2257 2686 2417 2738 γίνεται,-

1379 2749 1420 2786 τὰ
1439 2748 1468 2786 8'
1488 2746 1525 2786 06
1540 2763 1548 2771 ·
1567 2746 1693 2786 τούτων
1715 2745 1750 2783 δὲ
1769 2745 1812 2783 τὰ
1833 2744 1895 2795 μὲν
1912 2745 2001 2783 κατὰ
2023 2743 2224 2796 προαίρεσιν
2239 2775 2250 2795 ,
2267 2745 2310 2784 τὰ
2329 2745 2359 2783 δ’
2375 2747 2413 2783 οὖ

1379 2806 1468 2845 κατὰ
1502 2804 1723 2857 προαίρεσιν,
1745 2803 1850 2858 ἄμφω
1871 2803 1899 2842 δ’
1930 2806 1964 2842 ἐν
1997 2804 2066 2847 τοῖς
2095 2802 2195 2842 ἕνεκά
2220 2819 2300 2854 του,
2321 2803 2412 2842 ὥστε

1379 2952 1558 2984 trahantur.
1585 2950 1773 2984 Absurdum
1801 2949 1900 2991 igitur
1922 2949 1993 2983 est,
2013 2948 2081 2981 sive
2102 2957 2167 2980 non
2188 2956 2260 2981 esse
2279 2949 2412 2990 putave-

1376 3012 1470 3051 runt,
1491 3010 1560 3043 sive
1580 3010 1730 3052 putantes
1746 3017 1818 3042 esse
1831 3006 2028 3047 omiserunt3
2047 3006 2229 3048 praesertim
2244 3013 2346 3048 quum
2365 3003 2412 3038 iii-

1373 3067 1445 3099 terd
1454 3076 1509 3098 um
1527 3066 1683 3107 utantur;
1700 3067 1738 3098 ut
1758 3064 1972 3106 Empedocles
1990 3073 2053 3096 non
2079 3071 2210 3105 semper
2224 3062 2336 3096 alitem
2361 3071 2412 3095 se-

1378 3125 1468 3157 cerni
1484 3134 1581 3166 supra
1602 3123 1790 3163 contendit,
1812 3122 1869 3155 sed
1890 3124 1986 3163 prout
2001 3121 2182 3163 contigerit.

1420 3185 1469 3215 23.
1494 3184 1617 3215 Eorum
1632 3184 1743 3215 autem
1762 3191 1837 3223 quoe
1860 3182 1946 3214 fiunt
1965 3182 2029 3215 alia
2047 3183 2185 3225 aiiquus
2209 3183 2314 3225 gratia
2330 3182 2414 3216 flunt

1378 3241 1440 3274 alia
1461 3250 1523 3273 non
1540 3241 1637 3281 item;
1659 3242 1759 3283 atque
1778 3241 1897 3273 horum
1914 3241 2068 3282 quaedam
2081 3241 2217 3274 consilio
2234 3241 2331 3280 fiunt,
2347 3241 2412 3273 alia

1376 3299 1446 3332 sine
1462 3300 1606 3333 consilio.
1653 3301 1796 3342 Utraque
1822 3309 1900 3332 vero
1923 3300 1956 3331 in
1984 3300 2037 3332 his
2056 3301 2150 3341 sunt,
2179 3309 2252 3342 quae
2271 3300 2411 3341 alicujus

1375 3360 1477 3401 gratia
1496 3360 1587 3392 tiunt.
1610 3361 1748 3401 Apparet
1763 3358 1863 3398 igitur
1884 3359 1983 3391 etiam
1998 3359 2030 3391 in
2045 3359 2097 3391 his
2114 3368 2188 3401 quoe
2209 3369 2274 3392 non
2295 3354 2408 3392 neces·

1376 3418 1460 3451 sario
1472 3427 1577 3459 neque
1596 3419 1788 3460 plerumque
1804 3418 1887 3450 fiunt
1900 3441 1909 3458 ,
1929 3426 2001 3451 esse
2021 3417 2130 3460 aliqua
2146 3418 2232 3451 circa
2253 3427 2329 3460 quae
2345 3427 2406 3460 po-

2511 599 2524 751 γ
