2528 3788
1041 159 1110 199 DE
1141 158 1442 199 SPEUSIPPO.
1874 200 1876 202 ,
2273 160 2329 201 69

164 245 410 299 disciplinam
432 245 618 292 tenuisse,
637 255 873 297 quamquam
891 244 1033 295 partim
1053 243 1172 280 multa
1194 255 1216 280 a

165 303 422 357 Pythagoreis
453 312 652 343 mutuatus
682 312 760 351 est,
794 301 937 354 partim
969 301 1099 339 minus
1118 302 1218 340 bene

153 378 337 415 uon-atus
360 370 448 410 fuit.
472 371 651 422 Namque
677 378 722 409 ut
750 369 854 408 inter
871 367 1137 418 intelligentes
1167 375 1219 404 ta-

161 430 261 472 lium
282 443 414 470 rerum
433 430 720 470 existimatores
743 427 946 475 convenit,
970 425 1110 478 optimi
1131 424 1218 463 Pla-

54 474 94 514 ζ·
163 486 268 532 tonis
284 490 473 544 discipuli
502 489 768 542 Speusippus,
793 485 1028 525 Xenocrates
1066 493 1105 522 et
1129 485 1220 523 Ari-

90 594 99 602 ,
162 549 318 591 stoteles
347 550 520 588 fuerunt.
561 549 620 588 Ex
650 547 714 586 his
752 546 974 586 Aristotelis
1007 545 1219 584 familiares

161 608 414 662 Peripatetici
438 607 535 648 dicti
569 615 680 654 sunt,
703 605 797 659 quia
815 607 858 645 in
884 605 1015 657 Lyceo
1034 603 1220 643 inambu-

162 668 290 708 lantes
323 666 578 721 disputabant
616 681 625 704 ι
662 666 724 705 ἱΙΙί
767 674 894 705 autem
931 665 1000 716 qui
1043 663 1219 703 Platonis

161 726 343 768 instituto
368 727 412 766 in
441 725 673 773 Academia,
710 724 817 776 quod
851 725 925 763 fuit
950 723 1113 762 alterum
1145 736 1221 774 gy-

153 785 379 834 mnasium,
399 793 523 824 coetus
548 793 587 823 et
611 795 811 823 sermones
830 783 972 822 habere
1004 794 1220 821 consueve-

149 850 268 894 rant,
285 857 308 885 e
319 845 400 885 loci
412 843 606 883 vocabulo
623 856 768 882 nomen
786 842 1023 882 habuerunt.
1050 840 1130 880 Nec
1160 850 1220 880 ta-

154 918 254 944 ¹men
279 905 488 957 quisquam
504 904 661 954 negavit
681 902 944 957 Speusippum
964 902 1024 940 vel
1044 901 1220 940 Platonis

157 963 345 1017 exemplo
362 962 427 1003 vel
442 976 514 1003 sua
529 971 668 1015 sponte
688 975 791 1016 saepe
811 961 1075 1000 ambulantem
1097 960 1216 1000 disse-

163 1022 314 1074 ruisse,
354 1031 397 1063 ut
437 1023 508 1077 qui
545 1030 682 1075 postea
710 1021 931 1061 Academici
971 1021 1099 1060 vocati
1132 1030 1222 1059 sunt

161 1203 226 1237 -pra
248 1196 318 1228 not.
341 1196 393 1228 27.
421 1211 463 1218 —
485 1193 576 1237 (110)
604 1193 724 1227 David.
741 1193 869 1234 Proleg.
894 1192 928 1225 in
954 1192 1088 1226 Aristot.
1110 1192 1222 1234 Categ.

165 1243 200 1277 iu
215 1241 338 1277 Scholl.
363 1241 502 1276 Aristot.
528 1249 607 1284 pag.
634 1245 674 1275 23
694 1241 750 1275 ed.
778 1240 928 1274 Brandis.
957 1241 1088 1282 ἔὸδομος
1109 1240 1221 1282 τρόπος

164 1288 324 1323 emm&
339 1288 524 1329 φιλοσοφίαν
545 1289 696 1331 αίρέσεων
711 1290 730 1321 ὁ
749 1288 935 1330 ὀνομασθεὶς
952 1288 1017 1320 ἀπό
1038 1298 1121 1325 τινος
1143 1299 1223 1327 συμ-

166 1334 337 1376 &Budroe
349 1336 402 1373 ‘bc
411 1335 444 1367 οῑ
457 1336 704 1376 Περιπατητικοὶ
724 1335 789 1367 ἀπὸ
803 1336 860 1367 τοῦ
876 1333 1046 1371 Πλάτωνος
1069 1334 1151 1366 κατὰ
1165 1344 1222 1366 πε·

166 1382 298 1426 ρίπατον
311 1383 370 1422 τὴν
388 1381 560 1416 συνουσίαν
582 1383 771 1422 ποιουμένου
797 1382 850 1415 διὰ
874 1383 909 1415 τὸ
926 1382 994 1423 ἅμα
1011 1386 1050 1425 τῇ
1076 1383 1164 1425 ψυχῇ
1188 1383 1224 1415 τὸ

165 1432 262 1472 σῶμα
280 1429 461 1472 γυμνάζειν.
476 1429 542 1463 Καὶ
557 1432 621 1461 τῶν
638 1429 842 1471 ἀνθρωπίνων
862 1430 1126 1471 ἀναχωρήσαντος
1154 1430 1222 1461 δια·

165 1479 289 1522 δέχαται
304 1479 362 1518 τὴν
381 1479 501 1521 σχολὴν
513 1478 612 1511 αὐτοῦ
628 1477 836 1515 Σπεύσιππος
852 1478 870 1510 ὁ
886 1478 952 1515 υίὸς
966 1482 1021 1516 τῆς
1047 1478 1224 1518 Πρωτώνης

164 1525 249 1570 (leg.
273 1526 442 1567 Ποτῶνης)
469 1526 602 1567 ἀδελφῆς
626 1528 683 1558 τοῦ
703 1525 886 1562 Πλάτωνος·
911 1525 970 1559 οὐκ
989 1525 1142 1566 ἐτύγχανε
1165 1526 1225 1566 γὰρ

163 1577 336 1614 τηνικαῦτα
342 1573 452 1616 παρὼν
464 1574 482 1605 ό
494 1572 724 1614 Ἀριστοτέλης·
742 1573 950 1613 μετασταλεὶς
959 1573 1020 1614 γὰρ
1036 1572 1074 1611 ἦν
1092 1572 1154 1605 ὑπὸ
1165 1575 1225 1606 Φι-

164 1620 283 1655 λίππου
295 1620 332 1654 ἐν
340 1618 524 1660 Μακεδονίᾳ
536 1619 588 1652 ἐπὶ
601 1619 639 1651 τὸ
651 1619 819 1652 παιδεῦσαι
831 1619 886 1651 τὸν
895 1619 964 1652 υἱὸν
975 1619 1072 1650 αὐτοῦ
1092 1618 1226 1657 Ἀλέξαν-

165 1668 252 1712 δρον,
267 1666 303 1700 δν
323 1665 515 1710 παραλαδὼν
531 1665 629 1702 οὕτως
647 1665 820 1699 ἐπαίδευσε
834 1665 891 1705 τήν
906 1664 1072 1707 βασιλικὴν
1091 1666 1223 1704 ἐπιστή-

166 1725 231 1758 μην
254 1716 300 1753 ὡς
324 1714 480 1754 ἐπιλέγειν
509 1713 564 1746 τὸν
581 1712 795 1755 Ἀλέξανδρον,
817 1714 910 1752 ἡνίκα
930 1713 1024 1754 μηδὲν
1045 1713 1223 1754 ὠφέλησεν,

102 1795 106 1797 ,
165 1761 216 1796 ὅτι
235 1762 371 1804 σήμερον
389 1761 448 1794 οὐκ
477 1759 684 1802 ἐδασίλευσα,
707 1761 819 1794 οὐδένα
843 1761 905 1803 γὰρ
931 1761 1134 1802 εὐεργέτησα.
1161 1763 1224 1794 Καί

165 1811 307 1843 ποιητοῦ
324 1807 555 1852 Ἀριστοτέλους
573 1807 714 1845 εἰπόντος
727 1808 775 1841 ὅτι
791 1808 915 1851 ἄπειροι
929 1808 1046 1852 κόσμοι
1059 1808 1141 1840 κατὰ
1158 1811 1225 1847 Δη-

163 1856 315 1899 μόκριτον
324 1881 332 1897 ,
344 1855 554 1898 ἐπιδακρῦσαί
561 1867 638 1898 φασι
649 1856 704 1889 τὸν
716 1855 909 1898 Ἀλέξανδρον
915 1854 1044 1888 εἰπόντα
1054 1868 1070 1883 κ
1080 1854 1145 1887 οὐδ’
1158 1854 1225 1890 ἑνὸς

167 1902 243 1949 όλου
257 1902 381 1944 κόσμου
389 1903 543 1942 ἠδυνήθην
554 1903 775 1945 ἐπικρατῆσαι.
787 1916 803 1931 n
821 1904 964 1936 Ἐκεῖθεν
983 1902 1018 1934 δὲ·
1027 1901 1239 1946 ὑποστρέψας

148 1967 151 1969 >
170 1951 190 1984 ὁ
202 1951 414 1993 Ἀριστοτέλης
438 1950 615 1992 διαδέχεται
640 1951 697 1990 τήν
716 1952 836 1993 ,σχολὴν
858 1953 914 1983 τοῦ
939 1949 1149 1983 Σπευσίππου
1167 1949 1224 1981 σὺν

166 1997 379 2040 Εενοκράτει,
393 1999 447 2030 καὶ
466 1997 635 2040 ἀμφότεροι
654 1998 796 2039 ἐλέγοντο
823 1998 1070 2040 Περιπατητικοὶ
1086 2000 1151 2034 τοῖς
1165 1996 1224 2030 τό·-

167 2050 239 2083 ποις
249 2045 454 2088 διαφέροντες·
477 2047 507 2079 οἱ
523 2046 580 2088 μὲν
595 2046 656 2089 γὰρ
672 2046 842 2079 ἐκαλοῦντο
863 2047 993 2079 Αύκειοι
1012 2047 1224 2087 Περιπατητι-

169 2093 219 2126 κοὶ
241 2094 287 2130 ὥς
301 2095 332 2126 οἱ
345 2093 585 2136 Ἀριστοτελικοί
599 2118 608 2132 ,
622 2095 653 2125 οἱ
674 2093 710 2126 δὲ
728 2093 956 2135 Ἀκαδημιακοὶ
976 2094 1223 2134 Περιπατητικοὶ

168 2140 198 2172 οἱ
216 2142 273 2172 τοῦ
288 2139 513 2182 Ξενοκράτους.
537 2141 593 2181 Τῷ
620 2139 724 2182 χρόνῳ
753 2140 809 2180 δέ,
827 2140 880 2172 οἶα
894 2139 1059 2179 συμὸαίνει
1073 2165 1082 2180 ,
1106 2139 1225 2177 ἐξέλιπε

169 2186 225 2229 μὲν
235 2187 274 2220 τὸ
285 2186 386 2228 ὄνομα
400 2189 456 2219 τοῦ
473 2185 574 2220 τόπου
590 2187 645 2219 καὶ
661 2187 835 2220 ἐκαλοῦντο
860 2189 1106 2230 Περιπατητικοὶ
1129 2189 1224 2231 χωρὶς

168 2237 226 2268 τοῦ
237 2233 368 2269 Δύκειοι
384 2236 415 2268 οἱ
431 2233 674 2277 Ἇριστοτελικοί
684 2259 694 2275 ,
719 2238 783 2268 τῶν
802 2236 835 2267 δὲ
853 2235 1092 2278 Ξενοκρατείων
1106 2236 1226 2273 ἐξέλιπε

167 2283 206 2318 τὸ
222 2285 279 2321 τῆς
294 2281 449 2325 ἐνεργείας
465 2282 566 2324 ὄνομα
591 2283 645 2315 καὶ
670 2282 840 2316 ἐκαλοῦντο
867 2283 1108 2324 Ἀκαδημιακοί.
1135 2285 1227 2326 Περι-

168 2330 336 2376 πατητικοὶ
361 2329 418 2362 οὖν
445 2330 618 2363 ἐκαλοῦντο
646 2331 708 2375 οὐχ
735 2331 785 2364 ὅτι
818 2332 902 2364 κατὰ
936 2332 1124 2374 περιπάτους
1157 2333 1224 2371 ἐξη·

168 2377 302 2422 γοῦντο,
319 2375 387 2408 ἀλλ’
406 2376 454 2408 ὅτι
484 2376 658 2414 διεδέξαντο
674 2378 731 2416 τὴν
751 2377 874 2419 σχολὴν
889 2380 947 2409 τοῦ
975 2378 1146 2416 Πλάτωνος
1173 2378 1225 2411 διὰ

169 2423 270 2466 μέσον
288 2423 495 2457 Σπευσίππου
515 2423 602 2456 κατὰ
625 2425 819 2466 περιπάτους
838 2425 1028 2467 ποιουμένου
1047 2426 1103 2463 τὰς
1119 2426 1227 2467 ἐξηγή-

166 2481 247 2511 σοις.
272 2469 477 2513 Philoponus
499 2470 535 2504 in
553 2470 689 2505 Aristot.
713 2473 826 2515 Gateg.
847 2471 921 2506 init.
946 2473 980 2505 in
1000 2473 1121 2507 Scholl.
1153 2473 1227 2506 Ari-

169 2518 340 2561 Siot--pag-
357 2521 399 2552 35
413 2518 467 2553 ed.
487 2518 636 2552 Brandis.
657 2520 765 2559 ἐπειδὴ
787 2521 850 2563 γὰρ
872 2521 890 2553 ὁ
906 2521 1041 2553 Πλάτων
1058 2521 1228 2564 ἐξηγούμε-

169 2578 220 2614 νος
235 2566 372 2610 ἐδάδιζε,
389 2568 485 2601 θέλων
503 2569 540 2601 τὸ
554 2569 667 2602 ἑαυτοῦ
684 2573 780 2610 σῶμα
805 2569 971 2611 γυμνάζειν
998 2572 1042 2608 ὡς
1061 2570 1100 2603 ἂν
1123 2571 1165 2613 μὴ
1193 2572 1226 2603 ἀ·

171 2615 370 2658 σθενέστερον
381 2615 508 2657 γεγονὸς
521 2616 670 2656 ἐμποδὼν
682 2617 803 2658 γένοιτο
812 2620 879 2653 ταῖς
890 2618 1040 2659 ψυχικαῖς
1048 2618 1227 2661 ἐνεργείαις,

171 2665 201 2706 ol
220 2661 434 2704 διαδεξάμενοι
451 2663 549 2696 αὐτὸν
566 2663 797 2704 ὠνομάσθησαν
820 2665 919 2703 οὕτως
930 2690 938 2705 ,
965 2666 995 2697 οἱ
1014 2665 1078 2698 ἀπὸ
1098 2667 1155 2698 τοῦ
1172 2677 1227 2699 πε-

145 2736 151 2748 ,
170 2710 315 2754 ριπάτου.
338 2710 520 2748 Διεδέξαντο
541 2710 575 2743 δὲ
586 2711 606 2744 ὁ
620 2711 819 2752 Ξενοκράτης
837 2713 891 2744 καὶ
906 2714 924 2745 ὁ
940 2712 1167 2754 Ἀριστοτέλης,
1183 2715 1228 2748 ὧν

170 2760 204 2792 έν
223 2758 352 2801 Λυκείῳ
370 2758 426 2800 μὲν
450 2759 635 2792 ἐπαίδευσεν
659 2759 890 2802 Ἀριστοτέλης,
919 2762 937 2793 ὁ
951 2761 984 2793 δὲ
1007 2761 1229 2802 Ξενκοκράτης

172 2806 204 2838 ἐν
220 2804 405 2848 Ἀκαδημίᾳ·
418 2806 552 2848 ὕστερον
564 2806 598 2839 δὲ
613 2810 679 2844 τοῖς
697 2807 753 2848 μὲν
770 2807 787 2839 ὁ
802 2807 899 2844 τόπος
917 2808 1035 2843 ἐξέλιπε
1045 2831 1055 2846 ,
1075 2809 1129 2840 καὶ
1150 2810 1228 2842 ὠνο-

100 2886 103 2890 .
172 2856 341 2896 μάσθησαν
353 2853 487 2896 ἀπδτῆς
503 2854 657 2897 ἐνεργείας
673 2858 730 2887 τοῦ
747 2855 940 2888 διδασκάλου
967 2857 1227 2898 Περιπατητικοί,

171 2904 236 2940 τοῖς
251 2901 327 2941 δὶὴ
344 2901 482 2944 ἐνέργεια
492 2926 502 2943 ,
517 2903 570 2935 καὶ
585 2902 823 2944 ὠνομάσθησαν
837 2903 900 2936 ἀπὸ
914 2906 970 2935 τοῦ
983 2904 1083 2936 τόπου
1095 2903 1226 2945 Ἀκαδη-

119 2992 121 2994 .
172 2949 298 2992 μαικοί.
318 2966 359 2973 -
377 2949 469 2992 (111)
488 2949 539 2982 Cf.
559 2950 653 2983 Plato
672 2949 714 2983 de
735 2950 874 2993 Repuhl.
894 2952 958 2984 VII
978 2960 1051 2994 pag.
1075 2956 1132 2986 521
1152 2962 1226 2997 sqq.

171 2996 326 3031 Plotinae
343 2995 488 3031 Ennead.
513 2996 572 3030 lib.
590 2999 603 3030 1
619 3007 653 3040 p.
672 3001 725 3031 20.
745 2999 781 3030 F.
805 2999 856 3041 (p.
875 3000 916 3031 42
933 2997 986 3031 ed.
1014 2999 1195 3043 cremer.)
1210 3004 1228 3034 ὁ

170 3043 206 3076 δέ
221 3043 388 3085 φιλόσοφος
405 3045 463 3083 τὴν
483 3043 574 3086 φύσιν
593 3045 717 3086 ἕτοιμος
738 3045 829 3083 οὗτος
844 3046 898 3078 καὶ
913 3045 980 3078 οἷον
994 3046 1227 3092 ἐπτερωμένος,

160 3091 286 3127 ’καῖ-οὕ
304 3091 448 3133 δεόμενος
480 3094 684 3135 χωρίζεσθαι,
713 3094 822 3137 ὥσπερ
841 3096 871 3127 οἱ
897 3095 985 3127 ἄλλοι
1005 3092 1115 3136 οὗτοι,
1137 3108 1224 3131 κεκι-

111 3155 121 3159 >
173 3139 303 3182 νην-ίνος
319 3141 397 3183 πρὸς
413 3141 450 3174 τὸ
464 3141 543 3174 ἀνω.
571 3141 708 3184 Ἀπορῶν
724 3143 758 3175 δὲ
777 3146 833 3175 τοῦ
852 3143 1029 3180 δεικνύντος
1045 3145 1143 3177 δεῖται
1164 3145 1223 3187 μό-

173 3196 238 3227 νον.
256 3188 404 3221 Δεικτέον
419 3187 475 3221 οὖν
497 3190 551 3221 καὶ
562 3189 672 3222 λυτέον
689 3191 879 3232 βουλόμενον
896 3192 950 3223 καὶ
967 3191 1062 3224 αὐτὸν
1075 3196 1113 3234 τῇ
1133 3194 1227 3236 φύσει

175 3235 230 3272 καὶ
241 3236 340 3270 πάλαι
353 3238 530 3279 λελυμένον.
545 3238 593 3271 Τὰ
609 3237 664 3279 μὲν
687 3239 725 3277 δὴ
743 3240 913 3282 μαθήματα
926 3239 1033 3272 δοτέον
1048 3241 1125 3282 πρὸς
1141 3253 1228 3276 συνε-

177 3282 290 3326 θισμὸν
315 3285 537 3323 κατανοήσεως
562 3287 616 3318 καὶ
644 3286 780 3324 πίστεως
806 3286 991 3327 ἀσωμάτου.
1007 3288 1070 3320 Καὶ
1089 3289 1148 3331 γὰρ
1167 3290 1226 3334 ῥᾴ-

175 3328 243 3366 διον
260 3330 345 3374 (leg.
359 3331 488 3374 ῥᾳδίως)
511 3333 649 3375 δέξεται,
669 3335 841 3376 φιλομαθὴς
857 3334 901 3367 ὢν
914 3360 922 3376 ,
937 3336 991 3368 καὶ
1015 3336 1104 3377 φύσει
1117 3338 1223 3381 ἐνάρε-

176 3387 230 3410 τον
244 3379 280 3410 τὸ
298 3379 374 3419 πρὸς
398 3380 558 3412 τελείωσιν
580 3381 697 3422 ἀρετῶν
720 3382 843 3415 ἀκτέον.
872 3383 933 3415 Καὶ
960 3382 1038 3424 μετὰ
1056 3384 1098 3417 τὰ
1125 3387 1225 3426 μαθή-

179 3432 263 3464 ματα
282 3425 393 3466 λόγους
429 3427 644 3465 διαλεκτικοὺς
677 3430 785 3462 δοτέον
797 3454 807 3469 ,
839 3430 892 3462 καὶ
924 3430 1002 3468 ὅλως
1030 3432 1225 3468 διαλεκτικὸν

1279 243 1409 294 ipsius
1445 251 1484 280 et
1516 241 1751 283 Xenocratis
1781 242 1979 283 auditores
2013 241 2212 281 communi
2244 255 2331 281 cum

1280 301 1496 341 Aristotelis
1515 303 1771 342 sectatoribus
1792 303 2144 355 Peripateticorum
2171 302 2331 340 nomine

1280 371 1318 401 et
1360 369 1521 414 possent
1550 361 1739 414 appellari
1770 371 1808 401 et
1844 362 2066 414 frequenter
2089 361 2332 414 appellaren-

1281 430 1344 460 tur
1360 420 1396 473 (1
1408 420 1483 472 10)'.

1335 479 1426 518 Erat
1447 478 1668 532 Speusippo
1690 491 1812 530 genus
1843 482 2036 520 orationis
2058 493 2147 519 cum
2173 479 2333 518 lenitate

1282 539 1446 591 quadam
1471 539 1655 591 aequabili
1670 539 1889 591 profluens,
1922 542 2030 591 quod
2059 549 2139 578 tum
2158 539 2334 578 Platonis

1282 600 1464 650 spiritum
1499 608 1536 637 et
1564 599 1742 651 copiam,
1777 608 1856 637 tum
1889 599 2073 638 Isocratis
2105 599 2334 650 elegantiam

1284 671 1546 710 numerosque
1572 658 1821 710 exprimeret.
1851 658 1974 696 Porro
1994 659 2036 696 in
2055 658 2336 697 mathematicis

1282 717 1432 757 artibus
1451 718 1694 770 Speusippus
1713 717 1957 767 versabatur,
1978 717 2084 769 quod
2103 730 2168 757 eas
2188 718 2338 756 caeteris

1285 777 1506 830 disciplinis
1527 778 1643 827 longe
1658 787 1844 829 praestare
1862 776 1895 831 (1
1908 792 1922 815 1
1934 779 1967 828 1)
1990 786 2178 817 censeret.
2200 777 2338 816 Disse-

1283 838 1395 876 rendi
1429 836 1680 875 subtilitatem
1715 851 1802 875 cum
1827 837 2024 888 partiendi
2051 836 2341 887 distinguendi-

1284 911 1360 950 que
1381 897 1547 941 artificio
1580 895 1830 948 conjunctam
1852 906 2047 948 praeeunte
2077 897 2240 937 Platone
2260 905 2341 936 stu-

1283 957 1394 996 diose
1428 955 1650 995 sectabatur
1685 956 1804 1007 (112).
1838 955 2052 995 Contendit
2086 965 2214 995 autem
2253 957 2342 995 fieri

1284 1030 1362 1055 non
1383 1029 1497 1068 posse
1510 1045 1521 1063 ,
1541 1024 1583 1054 ut
1602 1016 1816 1067 quidquam
1837 1014 2069 1055 definiamus
2082 1046 2092 1065 ‚
2109 1016 2189 1054 nisi
2209 1016 2342 1054 omnia

1285 1193 1444 1228 ποιητέον.
1466 1192 1514 1223 De
1543 1189 1665 1222 artium
1692 1188 2006 1221 mathematiearum
2038 1188 2174 1228 studiis,
2202 1196 2278 1230 quae
2311 1189 2345 1222 in

1284 1238 1464 1273 Academia
1493 1238 1686 1280 viguerunt,
1716 1236 1876 1268 tractavit
1909 1236 2066 1278 syrianus
2100 1237 2284 1270 comment.
2312 1237 2344 1269 in

1286 1287 1422 1321 Aristot.
1446 1287 1525 1320 Met.
1544 1285 1603 1318 lib.
1634 1286 1694 1317 ΧΠ
1720 1293 1794 1327 pag.
1824 1289 1864 1318 56
1887 1294 1960 1326 sqq.
1987 1284 2108 1327 interp.
2138 1284 2196 1317 lat.
2224 1287 2342 1318 venet.

1288 1338 1378 1368 1558.
1399 1337 1448 1368 De
1466 1333 1710 1367 mathematicae
1738 1334 1850 1366 autem
1875 1331 2046 1374 principiis
2065 1341 2171 1374 pauca
2196 1342 2215 1366 e
2234 1335 2340 1375 Speu-

1285 1382 1371 1425 sippi
1388 1381 1483 1415 libris
1506 1382 1662 1422 excerpta
1689 1379 1901 1421 reperiuntur
1922 1379 2011 1421 apud
2039 1379 2193 1413 Proclum
2219 1381 2341 1414 Diado-

1286 1430 1388 1463 chmn
1409 1429 1443 1462 in
1462 1429 1558 1471 prim.
1578 1426 1706 1460 Euclid.
1722 1427 1874 1460 element.
1885 1426 1943 1459 lib.
1963 1428 2006 1467 11,
2027 1430 2046 1460 8
2062 1436 2095 1469 p.
2116 1432 2155 1460 22
2170 1428 2223 1461 ed.
2242 1429 2342 1462 Basil.

1289 1481 1382 1518 1533,
1403 1486 1476 1519 pag.
1494 1478 1535 1509 45
1554 1476 1674 1518 interp.
1692 1475 1751 1509 lat.
1770 1476 1887 1507 Patav.
1915 1477 2009 1508 1560.
2027 1475 2104 1507 Vid.
2130 1475 2245 1518 fragm.
2270 1481 2341 1510 229.

1285 1544 1326 1549 —
1344 1526 1431 1566 (112)
1452 1524 1546 1556 Plato
1561 1522 1695 1556 Phaedr.
1710 1531 1784 1565 pag.
1808 1526 1869 1556 266
1887 1522 1921 1555 b.
1939 1522 2058 1555 τούτων
2077 1523 2116 1562 δὴ
2132 1523 2232 1565 ἔγωγε
2250 1525 2344 1562 αὐτός

1285 1584 1318 1605 τε
1337 1572 1490 1614 ἐραστής,
1510 1572 1536 1603 ὦ
1554 1571 1692 1613 Φαῖδρε,
1718 1574 1782 1603 τῶν
1799 1571 1984 1612 διαιρέσεων
2001 1571 2055 1602 καὶ
2072 1575 2288 1612 συναγωγῶν,
2304 1573 2344 1604 ἵν’

1285 1618 1349 1656 οῐός
1361 1630 1396 1651 τε
1415 1619 1442 1650 ὦ
1459 1619 1558 1658 λέγειν
1574 1628 1609 1650 τε
1623 1620 1677 1650 καὶ
1690 1621 1810 1660 φρονεῖν
1824 1619 1892 1650 κτλ.
1912 1617 1965 1650 Id.
1988 1616 2134 1659 Sophist.
2153 1627 2183 1659 p.
2207 1622 2279 1653 253.
2300 1622 2342 1652 D.

1285 1669 1322 1701 τὸ
1339 1667 1422 1700 κατὰ
1439 1665 1513 1707 γένη
1531 1666 1717 1707 διαιρεῖσθαι
1733 1665 1787 1697 καὶ
1810 1665 1888 1706 μήτε
1911 1665 2026 1696 ταύτὸν
2043 1665 2124 1702 εἶδος
2139 1666 2244 1708 ἕτερον
2261 1670 2341 1709 ἡγή-

1286 1715 1424 1754 σασθαι,
1445 1714 1525 1755 μήτε
1544 1713 1649 1754 ἕτερον
1681 1713 1715 1745 δν
1743 1713 1859 1745 ταύτόν
1873 1737 1882 1751 ,
1904 1716 1971 1752 μῶν
2002 1713 2040 1744 οὺ
2067 1717 2121 1751 τῆς
2152 1715 2344 1756 διαλεκτικῆς

1285 1763 1427 1804 φήσομεν
1445 1761 1620 1800 ἐπιστήμης
1637 1761 1739 1800 sivan
1757 1759 1936 1801 Dionysius
1961 1759 2259 1795 Halicarnassensis
2273 1766 2343 1797 Art.

1287 1809 1411 1842 rhetor.
1428 1811 1484 1849 xl,
1504 1811 1522 1841 7
1539 1808 1619 1842 Vol.
1637 1810 1668 1841 V
1680 1817 1756 1850 pag.
1773 1810 1836 1839 407
1858 1808 1909 1839 ed.
1939 1807 2046 1839 Reisk.
2065 1810 2084 1846 ἡ
2106 1809 2163 1850 γὰρ
2182 1811 2274 1852 τέχνη
2292 1816 2346 1850 τῆς

1286 1858 1465 1899 διαιρέσεως
1477 1880 1487 1896 ,
1503 1856 1545 1892 ὥς
1560 1867 1653 1896 φησιν
1671 1856 1689 1887 ὁ
1712 1854 1865 1896 Πλάτων,
1887 1854 2051 1897 διαιρέσεις
2070 1857 2125 1888 καὶ
2143 1859 2344 1899 συναγωγαί,

1286 1906 1379 1942 δεῖξαι
1396 1904 1435 1936 τὰ
1451 1903 1518 1942 εἴδη
1539 1902 1626 1936 πόσα
1648 1903 1716 1935 ἐστὶ
1740 1903 1794 1935 καὶ
1815 1902 1916 1940 πόσας
1940 1902 2007 1944 ἔχει
2027 1902 2146 1944 τομάς,
2168 1906 2222 1937 καὶ
2241 1907 2345 1940 πάντα

1287 1955 1476 1994 συναγαγεῖν
1493 1952 1535 1989 εἷς
1553 1951 1664 1984 ταύτό.
1682 1952 1785 1983 Τοῦτο
1802 1951 1861 1993 γάρ
1886 1950 1954 1983 ἐστι
1972 1950 2150 1992 διαιρέσεως
2169 1953 2278 1994 τέχνης
2289 1980 2296 1994 ,
2315 1957 2345 1988 ἓν

1286 1999 1406 2040 πολλά,
1437 1999 1540 2032 πολλὰ
1567 1998 1610 2031 ἕν.
1643 1997 1830 2031 Alexander
1863 1997 2130 2041 Aphrodisiensis
2154 2001 2285 2043 Polegg.
2314 2003 2347 2036 in

1287 2047 1425 2080 Aristot.
1456 2046 1526 2088 top.
1547 2054 1622 2088 pag.
1655 2048 1675 2078 3
1706 2045 1770 2088 [cf.
1802 2045 1925 2079 Scholl.
1959 2046 2062 2079 Arist.
2093 2056 2169 2089 pag.
2200 2052 2257 2082 251
2292 2051 2345 2084 ed.

1286 2092 1457 2137 Brandis.]
1483 2094 1538 2132 τὴν
1559 2094 1615 2135 μὲν
1634 2093 1782 2135 πρόθεσιν
1799 2095 1856 2133 τὴν
1873 2094 1955 2126 κατὰ
1978 2094 2034 2133 τὴν
2047 2096 2179 2134 τοπικὴν
2199 2108 2345 2140 πραγμα-

1285 2142 1370 2175 τείαν
1383 2166 1391 2181 ,
1409 2141 1463 2173 καὶ
1481 2141 1558 2183 πρὸς
1571 2140 1662 2173 πόσα
1677 2153 1710 2173 τε
1724 2142 1778 2173 καὶ
1791 2142 1861 2174 τίνα
1876 2141 2030 2184 χρήσιμός
2048 2142 2115 2174 ἐστι
2128 2147 2173 2183 τῷ
2186 2146 2346 2188 φιλοσόφῳ

1286 2191 1343 2229 ἥδε
1358 2191 1379 2228 ἡ
1397 2189 1543 2231 μέθοδος,
1558 2189 1613 2220 καὶ
1629 2189 1658 2221 τί
1675 2189 1712 2220 τὸ
1736 2190 1822 2227 τέλος
1838 2189 1933 2228 αὐτῆς
1943 2213 1953 2228 ,
1983 2189 2076 2226 αὐτὸς
2102 2191 2204 2231 λέγει,
2235 2194 2270 2225 τὸ
2292 2196 2347 2234 μὲν

1287 2238 1459 2280 ἀρχόμενος
1487 2236 1575 2272 εὐθὺς
1592 2236 1630 2268 τὸ
1648 2236 1682 2268 δὲ
1705 2236 1810 2275 ὀλίγον
1841 2237 2018 2278 προελθών,
2046 2236 2086 2268 δι’
2113 2237 2158 2270 ὧν
2188 2241 2346 2283 γνώριμον

1287 2288 1425 2318 ποιεῖται
1461 2283 1510 2315 ὅτι
1543 2284 1598 2315 καὶ
1625 2287 1691 2321 τοῖς
1732 2286 1978 2326 προηγουμένως
2016 2285 2240 2327 φιλοσοφοῦσιν
2276 2289 2346 2326 ἀξία

1288 2332 1427 2370 σπουδῆς
1449 2332 1469 2368 ἡ
1487 2331 1668 2370 διαλεκτικὴ
1689 2331 1766 2372 πρὸς
1784 2331 1839 2370 τὴν
1866 2332 1986 2373 εὕρεσιν
2008 2335 2061 2370 τῆς
2086 2332 2230 2371 ἀληθείας
2252 2337 2346 2376 αὐτῆς

1289 2379 1503 2420 συντελοῦσα,
1517 2378 1536 2410 ὃ
1551 2378 1638 2415 τέλος
1655 2379 1722 2411 ἐστὶ
1748 2382 1803 2418 τῆς
1830 2380 2001 2422 φιλοσόφου
2024 2381 2167 2423 θεωρίας.
2191 2384 2294 2425 Ἡμᾶς
2314 2387 2346 2420 δὲ

1288 2429 1392 2465 καλῶς
1411 2428 1476 2468 ἔχει
1491 2426 1664 2467 προειδέναι
1684 2427 1732 2459 ὅτι
1756 2429 1794 2461 τὸ
1809 2431 1864 2468 τῆς
1877 2429 2070 2467 διαλεκτικῆς
2091 2429 2193 2471 ὄνομα
2209 2427 2346 2467 οὐκέπὶ

1288 2475 1401 2508 ταύτὸν
1414 2474 1644 2515 σημαινόμενον
1667 2475 1783 2512 πάντες
1807 2478 1836 2509 οἱ
1859 2476 2022 2518 φιλόσοφοι
2040 2478 2205 2520 φέρουσιν,
2230 2479 2296 2513 ἀλλ’
2316 2484 2346 2514 οἱ

1289 2525 1346 2567 μὲν
1367 2525 1431 2558 ἀπὸ
1458 2528 1512 2563 τῆς
1536 2526 1634 2563 Στοᾶς
1659 2525 1829 2567 ὁριζόμενοι
1857 2527 1913 2566 τήν
1937 2527 2135 2567 διαλεκτικὴν
2166 2529 2342 2574 ἐπιστήμης

1288 2581 1345 2612 τοῦ
1365 2577 1400 2610 εὖ
1428 2577 1529 2616 λέγειν
1548 2576 1725 2619 ὁρίζονται,
1746 2577 1784 2610 τὸ
1813 2577 1847 2609 δὲ
1871 2577 1906 2610 εὗ
1924 2578 2022 2619 λέγειν
2043 2579 2076 2612 ἐν
2100 2582 2146 2620 τῷ
2169 2580 2268 2622 ἀληθῆ
2292 2586 2347 2617 καὶ

1288 2628 1491 2671 προσήκοντα
1508 2626 1610 2666 λέγειν
1635 2626 1716 2659 εἶναι
1734 2627 1904 2669 τιθέμενοι,
1928 2631 2021 2662 τοῦτο
2037 2630 2071 2662 δὲ
2084 2629 2164 2662 ’ίδιον
2180 2633 2347 2674 ἡγούμενοι

1292 2682 1350 2712 τοῦ
1369 2677 1541 2721 φιλοσόφου
1571 2677 1654 2710 κατὰ
1679 2681 1735 2716 τῆς
1773 2678 1962 2718 τελεωτάτης
1994 2681 2182 2725 φιλοσοφίας,
2205 2684 2347 2725 φέρουσιν

1288 2730 1386 2770 αὐτό,
1409 2730 1463 2760 καὶ
1492 2729 1544 2760 διὰ
1566 2731 1660 2761 τοῦτο
1681 2729 1774 2770 μόνος
1794 2730 1812 2761 ὀ
1828 2730 1993 2772 φιλόσοφος
2013 2731 2084 2763 κατ’
2109 2732 2221 2771 αὐτοὺς
2241 2737 2344 2770 διαλε-

1289 2779 1407 2817 κτικός.
1429 2777 1563 2811 Πλάτων
1574 2777 1674 2818 δὲτὴν
1689 2779 1877 2821 διαιρετικὴν
1893 2781 2022 2823 μέθοδον
2036 2782 2177 2820 ἐξυμνῶν
2187 2786 2343 2829 καῖ’θριγ-

1289 2831 1344 2863 κὸν
1364 2830 1459 2868 αὐτὴν
1484 2828 1665 2870 φιλοσοφίας
1693 2830 1805 2872 λέγων,
1826 2832 1941 2871 ταύτης
1958 2832 1991 2865 δὲ
2010 2833 2134 2875 θέμενος
2155 2835 2246 2877 ἔργον
2265 2840 2343 2874 εἶναι

1288 2882 1324 2914 τὸ
1344 2881 1493 2914 δύνασθαι
1507 2879 1545 2912 τό
1565 2891 1600 2912 τε
1618 2880 1652 2913 ἓν
1666 2881 1768 2913 πολλὰ
1782 2886 1884 2915 ποιεῖν
1897 2883 1951 2916 καὶ
1973 2883 2013 2916 τὰ
2031 2885 2134 2919 πολλὰ
2150 2888 2192 2923 εἷς
2208 2888 2240 2920 ἓν
2253 2891 2347 2923 συνά-

1288 2941 1352 2972 γειν
1364 2955 1373 2971 ,
1391 2930 1468 2973 ὅπερ
1483 2930 1523 2962 ἂν
1539 2930 1589 2969 εἴη
1607 2929 1681 2964 ἴσον
1695 2934 1742 2973 τῷ
1761 2932 1801 2964 τὰ
1818 2934 1894 2973 γένη
1908 2933 2059 2967 δύνασθαι
2073 2936 2202 2979 διαιρεῖν
2219 2939 2261 2976 εἰς
2278 2941 2344 2981 εἴδη

1287 2982 1342 3014 καὶ
1357 2982 1400 3019 εἰς
1416 2980 1456 3014 τὰ
1472 2981 1536 3014 ὑπὸ
1549 2984 1650 3014 ταῦτα
1672 2983 1726 3014 καὶ
1745 2983 1837 3015 πάλιν
1860 2984 1901 3016 τὰ
1922 2984 2027 3026 ἄτομα
2050 2989 2223 3021 συντιθέναι
2238 3001 2272 3023 τε
2291 2993 2345 3024 καὶ

1285 3032 1331 3069 εῐς
1349 3032 1380 3064 ἓν
1399 3033 1487 3073 γένος
1506 3030 1631 3073 ἀνάγειν
1657 3043 1691 3065 τε
1718 3034 1772 3065 καὶ
1801 3037 2133 3080 συγκεφαλαιοῦσθαι,
2167 3041 2223 3080 τὴν
2248 3042 2345 3081 αὐτὴν

1286 3082 1400 3122 ταύτην
1419 3085 1472 3116 καὶ
1497 3083 1695 3123 διαλεκτικὴν
1710 3085 1814 3118 καλεῖ.
1839 3086 1887 3119 Io.
1920 3085 2124 3129 Philoponus
2143 3090 2186 3123 ad
2205 3091 2341 3125 Ariston.

1286 3134 1430 3176 Analytt.
1452 3135 1585 3178 postu,
1601 3138 1620 3167 5
1635 3134 1691 3168 sol.
1710 3137 1762 3168 78.
1778 3136 1812 3170 b.
1831 3135 1884 3179 [in
1902 3138 2024 3173 Scholl.
2051 3140 2153 3174 Arist.
2174 3151 2247 3186 pag.
2270 3147 2341 3175 243.

1289 3193 1324 3218 a.
1343 3184 1396 3219 ed.
1413 3184 1564 3228 Brandis]
1579 3187 1696 3229 οἱπερὶ
1714 3188 1875 3221 Πλάτωνα
1897 3189 2068 3231 ἐπειρῶντο
2087 3193 2140 3225 διὰ
2154 3197 2208 3231 τῆς
2229 3194 2343 3234 διαιρε-

1286 3240 1373 3276 τικῆς
1393 3237 1523 3279 μεθόδου
1545 3238 1781 3277 συλλογίζεσθαι
1807 3242 1861 3273 καὶ
1883 3240 2100 3275 ἀποδεικνύειν
2117 3244 2188 3275 τόδε
2208 3244 2342 3284 ὁρισμὸν

1285 3288 1365 3321 εἶναι
1380 3289 1491 3330 τοῦδε,
1508 3289 1651 3329 λέγοντες
1666 3291 1709 3328 ὡς
1727 3291 1754 3322 εὶ
1777 3292 1794 3323 ὁ
1810 3293 1940 3335 ὁρισμὸς
1960 3294 1998 3326 ἐκ
2020 3295 2127 3335 γένους
2144 3295 2197 3325 καὶ
2220 3305 2342 3325 συστα-

1284 3342 1380 3372 τικῶν
1396 3340 1552 3381 διαφορῶν
1565 3340 1748 3382 σύγκειται,
1767 3342 1925 3386 ἐδείξαμεν
1950 3344 2001 3375 διὰ
2020 3348 2071 3382 τῆς
2086 3346 2272 3384 διαιρετικῆς
2288 3346 2340 3376 καὶ

1282 3388 1320 3422 τὸ
1340 3391 1419 3430 ζῷον
1439 3390 1590 3432 ὑπάρχειν
1609 3394 1655 3433 τῷ
1681 3391 1855 3435 ἀνθρώπῳ,
1887 3395 2025 3431 ἑκάστην
2050 3394 2200 3435 διαφοράν
2212 3416 2222 3434 ,
2241 3391 2339 3433 ἤγουν

1283 3438 1319 3471 τὸ
1340 3440 1432 3477 πεζὸν
1450 3441 1553 3473 καὶτὸ
1573 3439 1685 3473 δίπουν
1701 3442 1833 3484 ὁρισμὸν
1848 3443 1926 3475 εἶναι
1953 3448 2008 3476 τοῦ
2021 3445 2195 3485 ἀνθρώπου.
2214 3455 2256 3464 -
