2508 3776
143 395 428 458 &0902va
445 401 542 442 cod.
573 400 634 441 καὶ
666 401 815 453 υγιεινὸν
846 404 916 442 τῶν
949 400 1141 455 ἀνθρώπων
1155 431 1164 449 ,

245 461 357 503 “loco
396 463 578 503 Heinsius
603 461 665 503 καὶ
698 463 855 516 ὑγιεινῶν
883 477 954 502 των
977 460 1170 515 ἀνθρώπων

272 522 468 562 voluerat.
500 545 556 553 ·—
571 522 762 575 ομέντοι]
786 522 873 562 cod.
903 537 946 573 με
937 521 967 560 ’ν
1000 536 1067 560 τοι.
1086 521 1166 551 -s

234 585 303 622 οὔ
320 582 433 635 εἰσιν]
452 581 541 623 cod.
561 586 746 636 πανταχοῦ
768 582 869 623 εἰσὶν.
888 603 943 612 -
957 587 974 613 ⁸
990 579 1072 620 καθ’
1092 578 1175 619 ἕκα-

190 640 318 682 eod
339 640 562 683 καθίκαστα.
583 640 658 695 -)

111 711 166 747 ἶ..ἐ..ι
183 708 242 738 2²²

548 755 644 809 Κεφ.
675 753 736 794 ια’.

103 879 108 886 ’
144 908 159 929 b
287 878 467 921 ’δικαίωμα
479 902 487 918 ,
502 877 558 911 καὶ
577 875 862 920 δικαιοπράγημα,
878 877 934 910 καὶ
948 876 1129 920 ἀδικοπρά-

61 977 66 982 .
122 930 242 971 Ψ·
599 936 701 968 Υημα·

140 993 159 1013 ,Ι

152 1014 154 1021 ³
131 1007 338 1092 ίιιιφίροι
356 1034 394 1076 δὲ
411 1034 592 1110 δικαίωμα
614 1037 676 1074 τοῦ
697 1032 832 1074 δικαίου
853 1032 914 1072 καὶ
939 1032 978 1072 τὸ
1005 1031 1166 1084 ἀδίκημα

110 1067 188 1117 ¹¹³
180 1094 331 1146 ἀβίκου·
354 1094 486 1136 δίκαιον
502 1095 566 1147 μὲν
586 1094 655 1150 γάρ
679 1096 773 1135 ἐστιν
787 1123 798 1143 ,
821 1092 908 1147 ὅπερ
926 1093 1050 1137 ἅπλῶς
1073 1095 1166 1132 θεω-

86 1157 159 1196 υἷ’·
195 1172 232 1196 ι
244 1155 306 1206 καὶ
322 1155 491 1205 καθόλου,
516 1154 540 1203 ἢ
560 1155 704 1207 νομικὸν
726 1154 748 1202 ἢ
767 1153 912 1208 φυσικόν
924 1181 935 1201 ,
957 1145 1028 1192 οἷον
1047 1151 1089 1191 τὸ
1108 1152 1166 1192 τὸν

256 1214 266 1230 '
292 1239 297 1249 ι
342 1214 588 1263 ἀποθνησκειν·
608 1213 692 1254 ὅταν
714 1213 751 1253 δὲ
764 1214 804 1252 τὸ
823 1216 959 1254 τοιοῦτο
976 1211 1148 1252 δίκαιον’
1133 1229 1166 1252 εν

98 1259 275 1329 ‘maguae’
289 1274 453 1316 ἔκαστα“
472 1274 638 1328 γένηται,
656 1273 716 1314 καὶ
736 1274 793 1314 ὅδε
810 1275 828 1312 ὁ
849 1271 1056 1325 ἀνδροφόνος
1069 1271 1168 1311 τόνδε

87 1357 157 1422 ἕ
168 1333 325 1389 τρόπον
340 1333 524 1388 ἀποθάνῃ,
540 1333 619 1374 τότε
639 1333 819 1385 δικαίωμα
840 1334 1018 1372 καλεῖται·
1037 1330 1167 1383 ὁμοίως

91 1386 236 1443 *fimi
250 1391 312 1438 ἰπὶ
323 1407 385 1432 του
406 1391 528 1433 ἀδίκου
551 1391 613 1432 καὶ
633 1392 894 1443 ἀδικήματος”
875 1407 965 1445 εχει.
991 1392 1168 1431 Καλεῖται

135 1451 471 1511 δικαιοπράγημα
491 1451 555 1502 μὲν
574 1459 674 1492 πᾶσα
698 1451 823 1505 πρᾶξις
851 1450 970 1491 δικαία
986 1480 998 1500 ,
1028 1450 1133 1490 κᾶντε
1149 1451 1167 1474 ¹³

86 1507 154 1578 ,ᾗ
200 1526 250 1561 ας
264 1510 394 1558 ἔκτισις
406 1505 446 1566 ᾗ,
463 1510 606 1552 κᾶντε’
586 1528 648 1566 αρε
633 1528 712 1561 ..της
726 1516 740 1535 ⁶
762 1510 1003 1556 ἀνταπόδοσις·
1023 1509 1164 1561 δικαίω-

168 1583 174 1600 '·
197 1569 343 1616 ἰδίως
361 1573 384 1620 ἦ
413 1573 476 1619 τῆς
509 1570 648 1616 ἀδικίας
678 1570 849 1624 τιμωρία.
878 1569 1010 1610 Ὁποῖα
1045 1568 1082 1608 δὲ
1107 1556 1168 1608 καὶ

231 1629 308 1680 εἴδη
333 1628 698 1684 δικαιοπραγημᾶτων
717 1630 779 1669 καὶ
799 1628 1046 1682 δικαιωμάτων
1067 1628 1168 1679 εἷσίν,

78 1710 89 1726 2,
207 1683 230 1702 Τ
276 1688 558 1744 ἕπισκεψόμεθα.

103 1748 279 1798 ...ψῖῌῦν
305 1749 343 1794 δὲ
361 1749 474 1791 ἐκεῖνο
501 1748 674 1803 λέγωμεν.
697 1748 824 1793 Οὕτως
842 1752 901 1788 οὖν
921 1765 936 1787 ε
939 1764 1075 1802 hova-ow
1098 1751 1166 1788 τῶν

57 1808 266 1862 m
267 1809 336 1851 καὶ
353 1825 425 1850 των
447 1810 593 1859 ἀδίκων,
617 1810 666 1854 ὥς
685 1808 839 1863 εἴρηται,
860 1809 974 1848 ἀδικεῖ
991 1810 1055 1860 μὲν
1076 1807 1099 1856 ἢ
1115 1809 1166 1847 δι-

51 1862 434 1924 &up-’scssffroev
446 1867 537 1908 ἑκών
550 1884 602 1913 τις
615 1867 706 1907 αὐτὰ
720 1868 881 1922 πράττῃ,
897 1868 981 1909 ὅταν
1003 1868 1081 1908 δὲ’
1058 1885 1167 1919 ακων,

55 1925 319 1980 *mii
330 1928 410 1970 οὔτε
425 1929 672 1983 δικαιοπραγεῗ
687 1928 703 1952 ‘³
720 1930 798 1969 καθ’
820 1928 939 1976 αὑτόν,
961 1928 1055 1968 ἀλλὰ
1075 1929 1168 1968 κατὰ

33 2001 38 2007 ’
54 1970 351 2041 Μ
386 1990 432 2028 Αἱ
459 1987 529 2042 γὰρ
558 1987 702 2043 πράξεις
732 1990 811 2026 καθ’
837 1987 983 2032 ἑαυτὰς
994 1989 1059 2027 οὐκ
1079 1987 1167 2028 εἰσὶν

58 2042 324 2088 meatu
353 2046 509 2096 δίκαιαι,
528 2049 567 2087 οὖ
595 2047 664 2101 γὰρ
691 2046 886 2102 ἐφαρμόσει
905 2049 1030 2092 αὖταῖς
1049 2050 1068 2086 ὁ
1087 2050 1168 2101 ὁρι-

39 2165 380 2221 1-'mssstfflmoi
402 2166 470 2220 γάρ
489 2168 592 2207 εἰσιν·
617 2165 698 2207 ἀλλ’
723 2165 777 2206 ὅτι
798 2166 1026 2218 συμὸέὸηκεν
1043 2168 1167 2213 αὐταῖς

32 2254 38 2274 1
108 2219 282 2294 {Ul-:⁴45
299 2228 363 2275 της
387 2226 629 2276 δικαιοσύνης,
658 2223 682 2274 ἢ
703 2229 726 2274 ἧ
747 2226 910 2274 ἀνισότης
924 2242 986 2274 της
1004 2225 1164 2279 ἀδικίας,

33 2279 38 2283 ’
47 2275 282 2327 Μτοῧτο
291 2282 446 2333 ’ἅδικοιῆ
461 2283 594 2324 δίκαιαι
606 2285 790 2338 λέγονταιθ
811 2286 904 2325 κατὰ
920 2284 1162 2339 συμὸεὸηκός,

65 2383 69 2390 ,
127 2330 441 2420 ’(’Ϊῇζπρᾶττοντες
454 2343 564 2390 αὗτδις
580 2345 861 2400 ἀδικοπραγεῖνῆ
882 2347 1162 2419 δικαιοπραγεῖν.

65 2399 67 2403 ³
103 2410 109 2433 T·
212 2405 311 2456 αὗτδ
329 2405 393 2454 δι’,
427 2402 511 2445 ὅταν
544 2399 747 2459 ἑκούσιονῆ
778 2407 818 2447 τὸ
846 2406 971 2460 ἔργον,
999 2405 1076 2444 τότε
1104 2406 1166 2445 καὶ

178 2453 197 2479 ι’
243 2462 391 2513 4ιιιέστιιι
410 2463 472 2504 καὶ
491 2464 782 2519 ἀδικοπροίγημα·
800 2466 911 2519 χωρὶς
928 2464 964 2504 δὲ
980 2467 1040 2503 τοῦ
1059 2466 1164 2504 ἑκου-

187 2517 327 2578 ’,ἄδικον
344 2521 410 2576 μὲν
441 2523 542 2564 ἔσται
571 2524 794 2573 πεποιηκώς,
816 2526 839 2572 ἡ
874 2529 967 2577 πρᾶς
952 2523 998 2569 ις
1030 2523 1067 2563 δὲ
1100 2524 1163 2563 οὐκ

42 2579 226 2642 &hyn
232 2572 412 2635 Qua·
435 2582 543 2627 αὐτὸς
569 2581 638 2637 γὰρ
658 2585 720 2623 οὐκ
752 2582 845 2623 ἔστιν
867 2583 1007 2631 ἄδικος,
1039 2584 1069 2622 εἷ
1103 2599 1164 2622 και

39 2638 339 2753 Ἧι
355 2641 510 2695 ῶςγὸιρ’
495 2657 530 2682 εν
547 2647 620 2687 τοῖς
632 2642 898 2696 προειρημένοις
925 2642 1081 2704 ἐδείχθη,
1103 2642 1163 2680 δυ-

62 2698 216 2760 m
281 2710 320 2742 ut
336 2699 444 2741 ἄδικα
460 2701 551 2753 μὲν
539 2707 674 2754 ποιεῖν,
689 2702 808 2742 ἄδικον
827 2701 863 2741 δὲ
884 2701 934 2754 μὴ
951 2705 1054 2742 εἶναι.
1072 2701 1164 2741 Τότε

50 2750 327 2821 *estmoe
354 2762 476 2809 ἐστιν,
499 2760 582 2800 ὅταν
614 2763 637 2809 ἠ
664 2761 788 2814 πρᾶξις
815 2763 870 2800 ἐπ’
906 2762 1002 2814 αὐτῶ
1031 2764 1077 2813 ᾖ,
1101 2761 1162 2800 καὶ

62 2813 91 2856 ξι
79 2814 232 2877 m
244 2819 425 2870 βιάζηται,
434 2820 500 2860 καὶ
509 2820 608 2864 εἰδὼς
622 2819 684 2860 καὶ
704 2819 793 2871 μὴ’
773 2823 907 2874 αγνοῶν
927 2821 972 2860 τὰ
987 2836 1069 2873 περι
1060 2835 1162 2860 ,στα-

62 2868 190 2934 fjssw
203 2879 338 2921 πάντα.
355 2873 460 2932 Οῗον,
475 2878 556 2918 τίνοι
574 2878 710 2928 τύπτει,
726 2880 788 2919 καὶ
802 2878 893 2924 τίνος
912 2878 1026 2919 ἕνεκα·
1048 2883 1159 2919 ταῦτα

62 2936 148 3027 ff&
165 2940 203 2980 lv
232 2941 285 2994 τῷ
310 2940 392 2994 περὶ
422 2939 583 2980 ἑκουσίου
616 2939 678 2979 καὶ
705 2939 869 2980 ἀκουσίου
901 2939 1157 2993 διωρισάμεθα.

179 3021 183 3029 ·
237 3031 239 3033 -
281 2999 318 3039 δὲ
333 2999 394 3040 καὶ
413 2999 473 3040 ἐπὶ
492 3016 562 3039 των
584 2999 704 3040 δίκαια
730 3003 922 3040 ποιούντων
955 2999 1046 3039 ἐστί·
1081 3000 1160 3040 τότε

68 3061 102 3101 ἶ
135 3103 138 3107 ¹
154 3059 162 3067 ⁸
189 3072 242 3104 ’τις
257 3058 389 3106 δίκαιός
399 3060 490 3113 ἔστι,
511 3059 574 3100 καὶ
589 3060 630 3100 τὸ
648 3060 748 3114 ἔργον
765 3059 1060 3113 δικαιοπράγημα
1079 3062 1160 3100 καθ’

62 3113 108 3179 ’Ῠῖζ
163 3104 180 3133 ³
207 3117 305 3160 4ὅταν
315 3119 480 3166 ἑκουσίοις
492 3120 647 3173 γίνηται·
662 3123 680 3160 ὁ
696 3120 835 3173 γὰρτὴν
850 3119 1159 3172 παρακαταθήκην

44 3178 107 3222 ἕεὟ
167 3223 170 3227 ,
216 3224 219 3225 ,
243 3197 261 3234 5
285 3179 345 3222 διὰ
373 3176 481 3236 φοΐον
503 3180 583 3221 οὔτε
612 3181 880 3233 δικαιοπραγεῗ,
912 3178 993 3219 οὔτε
1028 3179 1161 3225 δίκαιός

42 3234 65 3279 ‘rs
109 3238 229 3293 ὑμὴ
245 3240 339 3283 ἇλλδι
355 3240 450 3281 κατὰ
470 3240 696 3294 συμὸεὸηκὸς
719 3241 876 3294 λέγεται.
903 3241 1030 3280 Ταυτα
1051 3237 1128 3279 δὲ’
1107 3254 1160 3279 ετι

45 3323 59 3335 ω
106 3298 296 3355 &opedam
313 3300 577 3357 ἀκριὸέστερον.

615 191 917 233 ETHICORUM
946 190 1397 234 NICOMACHEORUM
1426 193 1802 236 PARAPHRASIS.

298 283 381 322 ·i:
404 285 421 306 ⁸
434 281 579 335 οὗκέτι]
599 282 688 324 cod.
706 283 770 322 οὒκ
786 282 853 323 ἔτι.
879 304 933 313 -
946 287 973 312 b
984 282 1082 335 παρά
1103 283 1172 335 γε]

186 340 390 397 ‘rupti-se.
411 365 465 373 —
484 347 498 365 ⁶
515 340 619 396 ἔστι]
649 343 738 384 cod.
763 343 853 384 ἐστὶ.
873 367 925 374 -
942 342 1076 382 ‘nul‘
1063 357 1174 395 υγιει-

50 2104 203 2159 ’,σμὸς
217 2110 279 2150 τοῦ
297 2106 634 2160 ἀδικοπραγήματος
645 2138 657 2158 ,
675 2105 712 2152 ὃς
725 2106 933 2147 συνίσταται
953 2108 988 2146 ἐν
1004 2108 1057 2160 τῷ
1073 2110 1170 2147 ἑκου·

2209 199 2289 238 419

1683 750 1763 793 Gap.
1782 751 1837 783 XI.

1267 877 1348 914 Quid
1363 878 1401 908 sit
1410 878 1492 914 juste
1507 876 1621 908 factum
1637 881 1668 908 et
1682 879 1764 915 justa
1776 880 1869 915 actio,
1891 887 1948 910 nec
1964 887 2027 910 non
2039 880 2153 917 injusta
2162 882 2253 912 actio.

1270 1034 1394 1069 Differt
1412 1037 1527 1070 autem
1541 1036 1632 1079 iuste
1649 1035 1778 1070 factum
1797 1046 1817 1070 a
1833 1037 1936 1080 Justo,
1953 1040 1993 1071 ut
2011 1038 2135 1081 injusta
2151 1037 2238 1072 actio
2248 1037 2291 1072 ab

1228 1094 1352 1138 injusto
1371 1105 1379 1127 z
1400 1095 1568 1138 siquidem
1584 1096 1715 1139 Justum
1733 1099 1766 1130 et
1777 1106 1913 1140 aequum
1924 1100 1975 1131 est
1992 1097 2085 1137 illud,
2108 1097 2199 1141 quod
2215 1098 2293 1131 sim-

1228 1155 1358 1199 pliciter
1367 1157 1402 1189 et
1417 1155 1571 1189 universe
1593 1155 1832 1196 consideratur,
1850 1157 2008 1199 quoniam
2020 1159 2078 1190 aut
2091 1157 2220 1199 legibus
2233 1158 2293 1190 aut

1227 1217 1357 1249 naturae
1373 1215 1538 1257 convenit,
1559 1215 1654 1250 verbi
1678 1225 1778 1249 causa
1788 1215 1990 1249 homicidam
2010 1216 2095 1249 mori
2123 1228 2131 1249 ε
2159 1215 2293 1258 quando

1228 1284 1308 1309 vero
1316 1275 1509 1318 hujusmodi
1519 1275 1576 1318 jus
1588 1275 1623 1308 in
1635 1274 1773 1318 singulis
1786 1275 1942 1314 cernitur,
1959 1275 2102 1318 exempli
2113 1275 2229 1318 gratia,
2254 1278 2292 1309 ut

1228 1334 1283 1368 hic
1301 1334 1467 1368 homicida
1483 1335 1546 1368 hac
1561 1337 1670 1369 morte
1682 1335 1857 1375 multetur,
1883 1337 1956 1368 tum
1972 1335 2063 1378 Juste
2082 1336 2211 1369 factum
2230 1345 2292 1369 vo-

1229 1397 1324 1428 catur
1345 1408 1354 1428 :
1373 1394 1594 1438 similiterque
1621 1395 1656 1428 in
1683 1395 1809 1438 injusto
1835 1397 1869 1428 et
1894 1395 2016 1438 injuria
2037 1404 2072 1428 se
2103 1405 2158 1429 res
2176 1395 2288 1429 habet.

1228 1454 1425 1487 Nominatur
1444 1455 1558 1487 autem
1585 1454 1676 1496 justa
1704 1447 1792 1487 actio
1811 1463 1909 1487 omne
1928 1456 2018 1487 recte
2040 1454 2168 1488 factum
2181 1482 2189 1494 ,
2221 1455 2292 1488 sive

1229 1513 1360 1555 injuriae
1379 1514 1550 1547 exsecutio
1579 1515 1648 1552 est,
1667 1513 1739 1546 sive
1765 1513 1903 1547 virtutis
1929 1515 2156 1547 remuneratio
2176 1524 2184 1546 ι
2197 1514 2291 1557 ⁴iuste

1229 1572 1357 1606 factum
1375 1583 1456 1607 vero
1470 1574 1602 1617 proprie
1620 1573 1796 1616 iniustitiae
1818 1574 1913 1608 ultio.
1937 1574 2003 1609 Sed
2019 1576 2136 1618 quales
2154 1578 2189 1609 et
2207 1578 2291 1619 quot

1229 1636 1297 1666 tam
1308 1633 1477 1675 justarum
1490 1634 1659 1667 actionum
1668 1643 1771 1677 quam
1781 1635 1871 1677 Juste
1886 1634 2053 1668 factorum
2069 1635 2196 1678 species
2209 1635 2286 1673 sint,

1229 1692 1367 1735 posthac
1382 1692 1581 1727 videbimus.
1607 1693 1703 1727 Nunc
1725 1693 1812 1727 illud
1833 1703 1968 1738 quoque
1991 1694 2153 1728 dicamus.
2177 1696 2290 1734 Quum

1229 1751 1319 1794 justa
1338 1754 1371 1785 et
1384 1752 1508 1795 injusta
1520 1762 1560 1786 eo
1576 1762 1645 1796 quo
1663 1752 1810 1787 diximus
1823 1754 1923 1787 modo
1944 1763 1979 1788 se
1994 1755 2150 1796 habeant,
2168 1754 2291 1798 iniuste

1227 1811 1385 1856 justeque
1398 1812 1520 1856 aliquis
1529 1813 1608 1855 agit,
1624 1813 1760 1856 quando
1772 1822 1811 1847 ea
1824 1816 1940 1857 sponte
1951 1813 2032 1848 facit
2043 1828 2052 1856 3
2066 1815 2200 1858 quando
2210 1825 2290 1849 vero

1229 1874 1365 1914 invitus,
1390 1883 1451 1907 nee
1471 1873 1595 1916 injuste
1612 1884 1673 1908 nec
1692 1875 1783 1917 ⁸iuste
1812 1885 1872 1918 per
1899 1885 1935 1909 se
1961 1875 2060 1914 facit,
2083 1875 2142 1909 sed
2160 1885 2218 1918 per
2235 1885 2292 1909 ac-

1228 1933 1353 1967 cidens.
1364 1932 1497 1966 Etenim
1509 1932 1656 1967 actiones
1673 1943 1734 1976 per
1747 1943 1783 1967 se
1794 1943 1854 1967 nec
1866 1933 2000 1977 injustae
2014 1936 2092 1968 sunt
2104 1943 2165 1968 nec
2176 1935 2287 1977 Justoe‚

1228 1992 1386 2036 quoniam
1395 1992 1431 2025 in
1440 2001 1496 2025 eas
1508 2001 1573 2024 non
1587 1991 1731 2035 quadrat
1744 1993 1876 2036 injustae
1889 1993 2030 2026 actionis
2039 1993 2199 2034 definitio,
2213 2003 2290 2037 quae

1228 2052 1263 2085 in
1278 2062 1314 2086 re
1325 2051 1513 2086 voluntaria
1532 2051 1695 2091 consistit,
1715 2061 1822 2095 quum
1834 2052 1902 2085 illae
1918 2052 2023 2086 invite
2037 2040 2263 2096 suscipiantur
2278 2067 2286 2087 ι

1209 2102 1287 2145 'sed
1305 2111 1386 2154 quia
1398 2111 1452 2145 vel
1469 2111 1612 2154 iustitiae
1625 2111 1768 2154 aequitas
1787 2112 1841 2145 vel
1856 2111 2032 2154 iniustitiae
2058 2112 2218 2155 iniquitas
2244 2113 2286 2146 iis

1227 2171 1348 2204 accidit
1360 2196 1368 2212 ,
1382 2170 1506 2203 idcireo
1524 2170 1659 2213 injustae
1675 2173 1734 2204 aut
1745 2171 1848 2214 justae
1861 2171 2020 2205 dicuntur
2039 2181 2099 2215 per
2122 2172 2286 2212 accidens,

1228 2232 1262 2264 et
1277 2230 1337 2273 qui
1349 2239 1405 2263 eas
1421 2230 1623 2273 suscipiunt,
1639 2230 1675 2263 hi
1690 2230 1814 2273 injuste
1830 2233 1889 2264 aut
1903 2231 1994 2273 iuste
2010 2240 2105 2274 agere
2118 2231 2286 2266 dicuntur.

1227 2291 1270 2323 At
1285 2299 1391 2333 quum
1409 2298 1468 2332 per
1492 2298 1527 2322 se
1552 2289 1783 2329 voluntarium
1810 2290 1874 2323 erit
1897 2289 2048 2330 facinus,
2068 2292 2150 2324 tunc
2166 2291 2289 2333 injuria

1230 2349 1407 2382 vocabitur
1425 2350 1459 2382 et
1477 2348 1601 2391 injusta
1625 2349 1714 2382 actio
1733 2359 1741 2379 τ
1761 2348 1923 2382 nimirum
1935 2350 1964 2382 si
1984 2350 2061 2393 quis
2080 2350 2197 2384 alienae
2213 2352 2288 2384 tan-

1226 2411 1302 2443 tum
1320 2409 1488 2443 voluntati
1517 2418 1645 2443 morem
1666 2410 1824 2452 gesserit,
1859 2409 1984 2452 injuste
2013 2410 2149 2453 quidem
2183 2411 2288 2453 egisse

1225 2469 1365 2508 dicetur,
1389 2468 1447 2503 sed
1472 2468 1559 2502 actio
1583 2478 1650 2503 non
1672 2468 1736 2503 erit
1762 2468 1882 2512 injuria
1901 2478 1910 2498 ε
1934 2468 2007 2512 ipse
2031 2469 2120 2503 enim
2143 2479 2210 2503 non
2236 2472 2288 2503 est

1230 2531 1394 2574 injustus,
1424 2530 1582 2573 quamvis
1614 2530 1737 2572 iniuste
1771 2532 1848 2573 agat
1870 2544 1879 2563 :
1906 2531 2032 2573 quippe
2061 2530 2133 2566 fieri
2158 2532 2284 2573 potest,

1224 2589 1507 2634 quemadmodum
1532 2590 1567 2623 in
1590 2589 1821 2632 superioribus
1848 2589 2075 2629 ostendimus,
2102 2591 2141 2623 ut
2162 2588 2287 2631 injuste

1227 2650 1329 2683 faciat
1352 2649 1494 2692 aliquis,
1511 2658 1571 2682 nec
1584 2651 1696 2683 tamen
1713 2649 1860 2691 iniustus
1876 2649 1933 2682 sit.
1951 2649 2086 2683 EtenIm
2104 2651 2179 2682 tum
2194 2650 2284 2692 inju-

1225 2712 1298 2743 stus
1313 2710 1374 2748 est,
1393 2718 1499 2751 quum
1517 2708 1589 2752 ipse
1605 2708 1724 2752 agendi
1738 2710 1940 2752 potestatem
1955 2708 2069 2751 habet,
2092 2718 2153 2743 neo
2166 2719 2185 2743 a
2197 2719 2284 2752 quo-

1223 2778 1327 2812 quam
1355 2767 1496 2810 cogitur,
1521 2770 1581 2801 aut
1606 2770 1757 2811 tempora
1770 2768 1920 2810 ignorat,
1941 2767 2001 2802 sed
2025 2769 2166 2811 cognitis
2183 2769 2285 2803 rebus

1223 2828 1378 2861 omnibus
1387 2827 1466 2868 agit.
1479 2827 1581 2861 Verbi
1594 2827 1713 2870 gratia,
1732 2836 1835 2871 quem
1850 2827 1950 2861 feriat
1964 2829 2079 2871 etqua
2095 2827 2137 2861 de
2154 2837 2255 2861 causa
2273 2839 2280 2858 :

1223 2887 1296 2921 haec
1317 2889 1430 2921 autem
1460 2887 1494 2921 in
1521 2887 1686 2931 superiori
1713 2887 1756 2922 de
1774 2888 1875 2921 rebus
1892 2890 1967 2921 tum
1987 2888 2184 2922 voluntariis
2208 2890 2282 2922 tum

1223 2956 1289 2981 non
1322 2947 1518 2982 voluntariis
1536 2947 1763 2991 disputatione
1793 2946 2013 2982 definivimus.
2047 2947 2173 2982 Eadem
2202 2957 2284 2981 vero

1221 3007 1323 3040 etiam
1353 3007 1528 3041 hominum
1549 3007 1641 3050 juste
1672 3007 1843 3050 agentium
1874 3007 1961 3041 ratio
1982 3009 2033 3042 est
2058 3021 2068 3040 ι
2094 3011 2168 3042 tum
2190 3008 2282 3042 enim

1218 3067 1332 3109 Justus
1353 3069 1405 3101 est
1425 3066 1548 3111 aliquis
1564 3069 1599 3102 et
1617 3076 1671 3102 res
1689 3076 1768 3111 quae
1789 3067 1900 3110 agitur
1915 3076 1975 3111 per
2000 3077 2036 3101 se
2055 3068 2147 3110 justa
2171 3070 2277 3108 actio,

1220 3125 1354 3169 quando
1367 3128 1482 3170 sponte
1498 3126 1703 3170 suscipitur:
1720 3137 1799 3171 nam
1822 3127 1884 3171 qui
1902 3129 2037 3171 propter
2054 3130 2182 3161 metum
2199 3128 2279 3161 red-

1220 3185 1269 3219 dit
1295 3185 1503 3229 depositum,
1528 3196 1637 3231 neque
1644 3187 1736 3231 juste
1752 3186 1854 3228 facit,
1879 3197 1987 3231 neque
2003 3188 2118 3230 justus
2137 3190 2198 3226 est,
2218 3187 2278 3220 sed

1221 3247 1353 3279 tantum
1376 3255 1436 3289 per
1453 3246 1607 3285 accidens
1627 3247 1678 3281 ita
1692 3249 1841 3281 vocatur.
1871 3248 1998 3281 Verum
2018 3247 2089 3280 haec
2103 3247 2206 3281 etiam
2221 3256 2278 3280 ac-

1222 3305 1372 3340 curatius
1387 3309 1466 3340 sunt
1488 3307 1733 3351 distinguenda.

119 3465 229 3516 'Gap-
249 3475 282 3507 8.
294 3472 399 3508 ὄντων
421 3474 458 3508 δὲ
480 3476 548 3508 τῶν
565 3474 699 3508 δικαίων
717 3475 772 3508 καὶ
796 3474 917 3509 ἀδίκων
933 3476 1001 3510 τῶν
1026 3475 1204 3521 εἰρημένων
1222 3476 1290 3510 κτλ.
