2528 3788
305 228 359 270 80
1251 236 1510 279 SPEUSIPPI

354 328 416 356 114.
446 316 627 357 Ἑκούσιον
647 316 686 356 τὸ
706 319 811 358 αὑτοῦ
831 322 1075 374 προσαγωγόν·
1095 322 1134 361 τὸ
1154 323 1231 362 καθ’
1249 325 1335 363 αὐτὸ

299 374 436 425 αἱρετὸν
465 375 555 414 κατὰ
577 375 733 414 διάνοιαν
756 378 1047 430 ἀποτελούμενον.

353 449 414 472 115.
445 434 650 487 Ἐλεύθερον
673 435 712 474 τὸ
734 436 844 489 ἄρχον
863 439 981 477 αὑτοῦ.

354 507 415 531 110.
445 493 595 545 Μέτριον
627 493 666 532 τὸ
700 494 805 545 μέσον
834 497 1031 550 ὖπερὸολης
1064 499 1123 538 καὶ
1154 500 1340 554 ἐλλείψεως

296 552 355 590 καὶ
373 552 466 591 κατὰ
491 551 619 605 τέχνην
640 555 780 606 ἀρκοῦν.

357 624 419 653 117.
446 610 589 686 Μέτρον
610 611 650 650 τὸ
673 628 716 662 με
708 612 779 651 ’σον
800 613 994 666 ὕπερὸολῆς
1012 615 1072 654 καὶ
1088 617 1283 670 ἐλλείψεως.

352 683 416 710 118.
446 663 610 710 ὟΑθλον’
592 675 718 726 αρετῆς
733 671 836 725 γέρας
855 672 931 712 ’to'
916 679 1041 713 εαυτοῦ
1060 674 1163 715 ἕνεκα
1185 677 1334 751 αἱρετόν.

352 742 412 768 119.
443 729 630 769 Ἀθανασία
649 731 750 770 οὐσία
767 732 924 786 ἔμψυχος
939 734 999 774 καὶ
1019 733 1128 780 ἀιδιος
1153 736 1256 786 μονή.

352 801 417 827 120.
448 785 574 829 υΟσιον
596 791 799 843 θεράπευμα
820 796 896 831 θεοῦ
916 792 1060 846 ἀρεστὸν
1081 796 1156 832 θεῶ.

353 859 415 886 121.
447 846 576 899 Ἑορτὴ
598 849 718 902 χρόνος
738 850 826 902 ἱερὸς
848 850 940 890 κατὰ
960 853 1097 901 νόμους.

354 920 419 946 122.
450 904 654 960 Ἀνθρωπος
672 909 799 962 ζ(’ξ’1ον”
777 926 945 963 απτερον,
964 911 1084 950 δίπουν
1097 939 1107 959 ,
1126 913 1331 951 πλατυώνυ-

298 979 373 1017 χον·
394 964 413 1004 8
444 967 547 1016 μόνον
567 983 636 1006 τ(ον
669 967 778 1007 ὄντων
799 970 997 1021 ἐπιστήμης
1017 987 1081 1018 της
1100 971 1195 1011 κατὰ
1215 973 1337 1025 λόγους

298 1024 453 1064 δεκτικόν
478 1027 567 1066 ἐστι.

351 1097 416 1124 123.
439 1085 558 1124 Θυσία
581 1088 646 1139 θεῶ
665 1086 755 1139 δόμα
777 1087 941 1138 θύματος.

351 1155 414 1182 124.
444 1143 545 1194 Εὐχὴ
567 1143 700 1191 αἴτησις
721 1145 912 1198 ἀνθρώποις
937 1148 1074 1198 ἀγαθῶν
1095 1147 1117 1194 ἢ
1140 1148 1331 1188 δοκούντων

296 1200 394 1252 παρὰ
410 1203 494 1240 θεῶν
515 1201 548 1243 Κ.

351 1272 420 1299 125.
451 1259 624 1304 Βασιλεὺς
653 1261 769 1315 ἄρχων
800 1262 891 1301 κατὰ
926 1263 1062 1314 νόμους·
1092 1265 1330 1308 ἀνυπεύθυνος·

295 1320 478 1365 πολιτικῆς
491 1323 711 1367 κατασκευῆς
734 1322 869 1373 ἄρχων.

350 1389 415 1416 126.
438 1376 546 1429 Ἀρχὴ
567 1378 751 1428 ἐπιμέλεια
770 1383 830 1417 τοῦ
852 1380 993 1424 παντός.

351 1447 414 1472 127.
444 1434 610 1480 Ἐξουσία
631 1437 802 1488 ἐπιτροπὴ
825 1438 942 1488 νόμου.

348 1505 414 1532 128.
448 1494 647 1544 Νομοθέτης
668 1495 815 1542 ποιητὴς
833 1497 946 1546 νόμων
968 1498 1045 1534 καθ’
1068 1496 1123 1540 οὒς
1150 1497 1200 1534 δεῖ
1231 1498 1331 1535 πολι-

293 1549 464 1591 τεύεσθαι.

348 1623 414 1650 129.
450 1610 569 1660 Νόμος
595 1610 710 1663 δόγμα
727 1612 880 1658 πλῆθους
900 1613 1077 1652 πολιτικὸν
1105 1616 1167 1652 οὖκ
1186 1613 1233 1657 εἴς
1254 1629 1330 1652 τινα

292 1669 416 1722 χρόνον
434 1670 690 1722 ἀφωρισμένον.

347 1741 409 1768 130.
439 1728 623 1773 Ὑπόθεσις
654 1728 747 1782 ἀρχὴ
774 1731 1033 1774 ἀναπόδεικτος·
1062 1732 1329 1784 συγκεφαλαίω-

293 1802 345 1831 σις
363 1786 480 1839 λόγου.

338 1918 407 1949 114.
429 1916 543 1949 Virtus
557 1917 738 1950 voluntaria
752 1918 872 1950 blanda
886 1918 938 1951 sui
951 1918 1152 1951 conciliatrix
1169 1921 1220 1952 est
1235 1920 1331 1960 :quod

292 1984 352 2016 per
368 1983 403 2008 se
421 1977 636 2017 expetendum
656 1977 706 2009 est
722 1978 754 2009 et
774 1986 815 2009 ex
837 1977 935 2009 animi
955 1978 1116 2010 sententia
1134 1978 1311 2019 perficitur.

337 2035 407 2066 115.
434 2033 588 2066 Liberum
602 2036 653 2066 est
671 2034 760 2075 quod
776 2034 840 2067 sibi
857 2035 921 2076 ipsi
936 2035 1087 2077 Imperat.

335 2095 405 2124 116.
426 2092 632 2125 Mediocritas
660 2102 712 2125 res
727 2093 836 2126 media
861 2095 913 2127 est
935 2094 1020 2126 inter
1046 2095 1278 2128 abundantiam
1302 2098 1335 2127 et

292 2150 454 2183 defectum
471 2152 505 2183 et
517 2150 662 2183 adhibita
677 2153 748 2184 arte
764 2152 944 2186 sufficiens.

336 2212 406 2243 117.
427 2210 545 2243 Modus
560 2219 614 2244 res
629 2210 738 2243 media
756 2212 808 2244 est
826 2212 911 2244 inter
937 2212 1169 2246 abundantiam
1183 2214 1216 2246 et
1247 2212 1336 2246 defe-

293 2270 399 2303 ctum.

335 2330 403 2360 118.
438 2329 630 2361 certaminis
656 2329 830 2371 praemium
855 2331 906 2362 051
929 2330 1059 2363 virtutis
1082 2339 1217 2370 munus,
1246 2330 1333 2371 quod

290 2387 420 2427 propter
435 2394 470 2418 se
485 2387 701 2427 expetendum
718 2389 778 2419 est.

336 2446 405 2478 119.
441 2445 671 2477 Immortalitas
703 2447 754 2478 est
782 2446 927 2478 animans
958 2448 1076 2478 natura
1109 2448 1142 2478 et
1177 2448 1333 2488 perpetua

292 2502 488 2543 permansio.

335 2563 408 2593 120.
430 2563 492 2593 Res
508 2570 600 2594 sacra
618 2564 669 2595 est
688 2562 797 2594 cultus
810 2562 881 2604 dei,
900 2564 962 2595 deo
981 2566 1105 2604 gratus.

337 2622 406 2652 121.
423 2619 500 2652 Dies
516 2620 619 2652 festus
639 2622 768 2662 tempus
788 2621 913 2663 legibus
933 2631 1063 2654 sacrum
1082 2624 1144 2654 est.

337 2682 405 2714 122,
424 2680 530 2711 Homo
553 2680 603 2711 est
615 2679 760 2711 animans
772 2679 966 2722 involucris,
984 2680 1094 2722 bipes,
1112 2681 1195 2712 latos
1209 2690 1333 2723 ungues

290 2736 414 2769 habens
424 2747 434 2777 ;
452 2736 508 2777 qui
526 2736 617 2769 solus
629 2745 671 2769 ex
682 2737 837 2769 omnibus
850 2737 1068 2770 animantibus
1088 2738 1209 2770 artium
1229 2738 1332 2771 scien-

290 2796 373 2829 tiam
383 2795 541 2836 consequi
557 2796 678 2837 potest.

336 2856 407 2886 123.
428 2852 626 2886 Sacrificium
645 2856 696 2886 est
712 2854 774 2886 deo
790 2854 909 2887 donata
922 2855 1067 2888 victima.

337 2914 404 2946 124.
423 2911 568 2945 Precatio
581 2914 631 2945 est
647 2913 760 2954 petitio
772 2912 934 2945 bonorum
950 2915 1008 2946 aut
1029 2923 1141 2947 eorum
1157 2924 1232 2957 quae
1247 2916 1331 2949 bona

292 2971 444 3006 videntur
462 2971 648 3004 hominibus
667 2981 686 3004 a
702 2971 776 3005 diis.

337 3034 406 3065 125.
437 3032 506 3064 Rex
525 3032 576 3063 051
590 3039 632 3064 ex
656 3031 766 3072 legum
794 3033 986 3073 praescripto
1005 3034 1154 3076 princeps
1172 3047 1179 3066 ι
1208 3035 1333 3077 legibus

293 3088 450 3122 solutus·
473 3089 712 3122 constituendae
737 3090 924 3132 reipublicae
942 3092 1020 3124 dux.

336 3150 407 3180 126.
428 3148 605 3190 Imperium
620 3157 758 3181 summae
771 3149 917 3182 omnium
930 3159 1040 3183 rerum
1056 3156 1134 3184 cura
1152 3154 1213 3186 est.

337 3207 407 3238 127.
430 3207 582 3239 Potestas
600 3208 652 3239 est
670 3207 774 3240 tutela
796 3207 887 3249 legis.

336 3266 406 3297 128.
421 3266 544 3306 Legum
565 3264 649 3298 lator
669 3267 719 3298 est
738 3266 877 3307 scriptor
893 3266 1000 3308 legum
1012 3292 1020 3307 ‚
1035 3276 1073 3300 ex
1092 3268 1230 3309 quibus
1222 3279 1256 3301 m
1275 3278 1330 3302 re-

294 3321 423 3363 publica
437 3322 548 3356 vivere
560 3325 702 3366 oportet.

338 3384 404 3413 129.
427 3382 489 3413 Lex
511 3381 607 3415 civile
620 3382 843 3416 multitudinis
855 3383 988 3425 jussum
1011 3385 1071 3425 est,
1087 3394 1151 3418 non
1171 3385 1331 3426 aliquam-

293 3439 351 3472 diu
362 3464 370 3480 ,
386 3439 445 3473 sed
459 3439 493 3473 in
508 3449 604 3474 omne
621 3443 748 3483 tompus
767 3442 959 3477 faciendum.

1458 340 1519 367 131.
1554 328 1735 380 Ψήφισμα
1772 328 1885 381 δόγμα
1922 330 2099 370 πολιτικὸν
2129 332 2177 377 εἷς
2196 348 2273 371 τινα
2304 332 2434 387 χρόνον

1401 385 1658 438 ἀφωρισμένον.

1456 457 1516 484 132.
1536 445 1762 491 Πολιτικὸς’
1747 447 1950 497 επιστήμων
1970 447 2103 492 πόλεως
2121 453 2355 498 κατασκευῆς.

1454 516 1515 543 133.
1540 503 1648 548 Πόλις
1674 504 1807 553 οἴκησις
1834 506 1986 553 πλήθους
2007 507 2197 557 ἀνθρώπων
2218 514 2343 552 κοινοῖς
2373 507 2438 548 δό-

1398 577 1510 613 γμασι
1523 562 1725 616 χρωμένων·
1739 565 1870 612 πλῆθος
1888 564 2076 618 ἀνθρώπων
2096 566 2162 605 ὑπὸ
2176 566 2278 616 νόμον
2293 566 2353 607 τὸν
2370 567 2435 607 αὖ·

1398 635 1455 658 τον
1474 635 1596 661 οντων.

1453 692 1515 718 134.
1545 680 1689 724 Πόλεως
1708 680 1815 734 ἀρετὴ
1831 681 2046 726 κατάστασις
2064 684 2165 735 ὀρθῆς
2185 681 2375 727 πολιτείας.

1453 751 1515 776 135.
1549 739 1732 789 Πολεμικὴ
1750 740 1918 793 ἐμπειρία
1938 740 2105 790 πολέμου.

1452 809 1515 835 136.
1552 796 1750 849 Συμμαχία
1768 798 1930 836 κοινωνία
1948 799 2116 848 πολέμου.

1453 855 1714 909 137.,Σωτηρία
1736 857 1957 909 περιποίησις
1975 856 2149 904 ἀὸλαὸής.

1453 925 1514 952 135.
1543 913 1718 966 Τύραννος
1738 914 1855 968 ἄρχων
1877 916 2010 960 πόλεως
2024 915 2115 956 κατὰ
2131 914 2195 962 τὴν
2211 918 2334 954 ἑαυτοῦ
2357 913 2433 953 διά-

1399 986 1508 1012 νοιαν.

1451 1044 1513 1070 139.
1545 1032 1720 1084 Σοφιστὴς
1756 1033 1840 1072 νέων
1875 1034 2049 1073 πλουσίων
2092 1033 2233 1078 ενδόξων
2265 1033 2434 1107 ἔμμισθος

1396 1090 1578 1141 θηρευτής.

1450 1162 1514 1190 140.
1546 1151 1700 1194 Πλοῦτος
1720 1154 1841 1198 κτῆσις
1874 1152 2072 1204 σύμμετρος
2097 1152 2181 1205 πρὸς
2201 1152 2434 1204 εὐδαιμονίαν·

1395 1207 1575 1261 περιουσία
1596 1208 1790 1259 χρημάτων
1812 1211 1858 1254 εἷς
1881 1210 2102 1261 εὐδαιμονίαν
2121 1209 2376 1251 συντεινόντων.

1450 1279 1512 1305 141.
1534 1267 1827 1317 Παρακαταθήκῃ
1845 1270 1935 1318 δόμα
1951 1269 2042 1320 μετὰ
2061 1268 2220 1312 πίστεως.

1450 1337 1510 1362 142
1534 1322 1751 1376 Κάθαρσις’
1732 1325 1914 1378 απόκρισις
1928 1326 2128 1379 χειρόνων’
2109 1327 2180 1366 απὸ
2200 1324 2392 1378 βελτιόνων.

1449 1395 1510 1420 143.
1543 1384 1655 1436 Νικᾷν
1677 1389 1817 1434 κρατεῖν
1843 1385 2107 1438 διαφερόμενον.

1449 1453 1513 1479 144.
1543 1441 1686 1492 Ἀγαθὸς
1716 1443 1893 1494 ἅνθρωπος
1929 1445 1947 1481 ὃ
1981 1457 2135 1487 τοιουτος
2162 1437 2230 1487 οἷος
2265 1445 2436 1499 ἀνθρώπῳ

1397 1500 1533 1548 τάγαθὰ
1557 1502 1736 1540 ἐπιτελεῖν.

1450 1571 1510 1596 145.
1542 1558 1698 1611 Σωφρων
1715 1562 1732 1597 ὃ
1750 1560 1893 1611 μετρίας
1913 1560 2131 1611 ἐπιθυμίας”
2112 1576 2218 1613 εχων.

1450 1629 1512 1656 146.
1544 1618 1744 1669 Ἐγκρατὴς
1778 1622 1795 1657 ὁ
1824 1621 1960 1671 κρατῶν
1993 1618 2250 1660 ἀντιτεινόντων
2277 1621 2347 1658 τῶν
2368 1623 2434 1667 *τῆς

1394 1675 1509 1727 ψυχῆς
1530 1674 1658 1727 μορίων
1679 1679 1729 1728 τῷ
1749 1677 1839 1728 ὀρθῷ
1863 1678 2035 1730 λογισμῷ.

1447 1746 1508 1772 147.
1537 1735 1730 1778 Σπουδαῖος
1750 1736 1767 1772 ὁ
1787 1735 1911 1779 τελέως
1932 1735 2072 1786 ἀγαθός·
2091 1739 2109 1774 ὃ
2129 1735 2220 1788 ἔχων
2241 1735 2305 1783 τὴν
2325 1737 2433 1776 αὑτοῦ

1393 1792 1533 1844 ἀρετήν.

1440 1923 1508 1952 130.
1532 1923 1766 1963 Argumentum
1781 1924 1831 1955 est
1847 1922 2040 1964 principium
2059 1932 2123 1955 nou
2147 1921 2434 1956 demonstratum.

1397 1986 1525 2011 summa
1540 1980 1710 2013 sermonis.

1440 2039 1511 2069 131.
1545 2037 1756 2070 Plebiscitum
1789 2041 1841 2071 est
1865 2039 1994 2079 jussum
2026 2038 2120 2072 civile
2149 2039 2192 2072 ad
2217 2009 2435 2072 constitutum

1396 2096 1528 2136 tempus
1547 2097 1708 2136 spectans.

1440 2155 1509 2186 132.
1527 2153 1585 2186 Vir
1603 2153 1709 2187 civilis
1725 2153 1903 2195 disciplinae
1925 2154 2066 2196 publicae
2077 2154 2112 2188 et
2124 2153 2272 2195 regendae
2291 2152 2433 2188 civitatis

1394 2210 1517 2253 peritus
1533 2213 1594 2244 est.

1442 2272 1513 2303 133.
1546 2269 1669 2303 Civitas
1697 2270 1900 2303 domicilium
1929 2270 2148 2304 multitudinis
2186 2270 2357 2304 hominum
2383 2272 2434 2304 051

1395 2329 1579 2361 communia
1597 2331 1759 2371 praecepta
1780 2329 2023 2362 observantium
2045 2338 2052 2357 =
2073 2329 2250 2362 multitudo
2264 2328 2436 2362 hominum

1393 2387 1451 2428 qui
1466 2387 1580 2420 iisdem
1594 2388 1718 2429 legibus
1734 2390 1896 2421 tenentur.

1440 2448 1509 2479 134.
1541 2446 1688 2480 Civitatis
1708 2446 1814 2479 virtus
1826 2450 1876 2479 est
1894 2447 1995 2488 justae
2014 2445 2202 2488 reipublicoe
2225 2445 2431 2478 constitutio.

1438 2507 1508 2538 135.
1528 2506 1589 2537 Ars
1608 2505 1725 2538 bellica
1737 2506 1789 2538 est
1798 2505 1845 2538 rei
1860 2504 2008 2538 militaris
2023 2504 2150 2546 peritia.

1437 2565 1505 2595 136.
1527 2562 1694 2595 Auxilium
1710 2571 1877 2595 armorum
1893 2562 2037 2595 societas
2055 2564 2118 2595 est.

1438 2622 1506 2652 137.
1524 2620 1618 2653 salus
1635 2620 1776 2653 hominis
1794 2620 1966 2654 incolumis
1980 2620 2188 2653 conservatio
2203 2621 2264 2654 est.

1437 2681 1505 2710 138.
1534 2680 1702 2720 Tyrannus
1726 2680 1777 2711 est
1800 2678 1857 2719 qui
1883 2678 2122 2720 rempublicam
2149 2678 2192 2711 ad
2211 2686 2308 2710 suum
2334 2676 2428 2710 arbi-

1392 2737 1493 2770 trium
1512 2737 1605 2778 regit.

1436 2798 1505 2828 139.
1527 2795 1677 2838 sophista
1690 2798 1739 2830 est
1753 2797 1912 2838 juvenum
1923 2795 2066 2828 divitum
2077 2795 2240 2829 nobilium
2260 2801 2431 2827 mercena-

1392 2853 1460 2887 rius
1475 2856 1622 2889 venator.

1440 2915 1509 2945 140.
1536 2913 1667 2947 Divitiae
1685 2915 1762 2946 sunt
1777 2899 1954 2946 'facultates
1970 2912 2013 2945 aa
2041 2913 2229 2946 felicitatem
2244 2917 2434 2949 accommo-

1392 2971 1479 3004 datae
1500 2985 1507 3004 :
1526 2972 1724 3005 abundantia
1740 2979 1838 3013 opum
1860 2971 1903 3004 ad
1921 2971 2108 3004 felicitatem
2123 2968 2367 3012 pertinentium.

1437 3033 1506 3064 141.
1524 3026 1717 3073 'Depositum
1731 3033 1782 3064 est
1796 3030 1919 3063 donum
1936 3030 2072 3072 alicujus
2091 3029 2169 3062 fidei
2180 3028 2386 3070 permissum.

1437 3091 1505 3122 142.
1532 3090 1686 3132 Purgatio
1702 3091 1752 3123 est
1768 3088 1933 3130 separatio
1948 3088 2149 3132 deteriorum
2162 3096 2183 3120 a
2198 3085 2402 3119 melioribus.

1437 3150 1505 3181 143.
1530 3149 1667 3183 Vincere
1689 3150 1740 3183 051
1755 3157 1864 3191 pugna
1879 3147 2079 3190 superiorem
2095 3155 2179 3179 esse.

1436 3209 1505 3242 144.
1526 3210 1632 3242 Homo
1649 3208 1755 3241 bonus
1770 3206 1844 3239 talis
1860 3207 1911 3239 est
1921 3229 1931 3247 ,
1955 3207 1995 3238 ut
2012 3204 2137 3238 homini
2151 3201 2307 3236 beneficia
2318 3201 2385 3234 det.

1435 3272 1504 3302 145.
1521 3267 1690 3302 Modestus
1703 3265 1754 3298 est
1767 3264 1825 3306 qui
1840 3263 2026 3297 moderatas
2043 3261 2240 3304 cupiditates
2256 3258 2370 3292 hahet.

1435 3331 1505 3362 146.
1524 3327 1702 3361 continens
1719 3325 1772 3359 051
1785 3323 1844 3366 qui
1859 3322 1958 3356 animi
1971 3323 2082 3365 partes
2093 3322 2194 3354 rectae
2206 3317 2325 3352 rationi
2335 3325 2429 3359 repu-

1390 3388 1525 3428 gnantes
1537 3386 1675 3420 coercet.
1704 3387 1737 3419 0²

1423 3448 1490 3480 147.
1501 3446 1628 3479 Probus
1641 3445 1691 3478 est
1698 3443 1842 3486 perfecte
1850 3441 1974 3475 bonus.
1983 3438 2041 3481 qui
2052 3404 2307 3472 suamviitutaem
2313 3416 2425 3467 habet.

2455 211 2528 406 l

2520 411 2528 438 l
