2508 3776
251 254 329 292 294

252 340 370 380 tionis
390 339 577 377 elementa
596 346 711 387 atque
727 337 767 375 in
784 337 969 376 discendo
989 338 1158 377 studium
1175 337 1284 377 labo·

251 410 410 448 remque
429 397 681 447 explorasset.
709 395 801 434 Illas
822 408 917 435 vero
943 395 1148 449 ἐξωτερικὰς
1174 397 1286 435 audi-

251 457 374 494 tiones
418 453 720 504 exercitiumque
755 453 911 492 dicendi
951 454 1087 493 eodem
1122 455 1164 492 in
1198 455 1286 493 loco

249 513 400 566 vesperi
427 512 615 562 faciebat,
650 525 793 561 easque
822 513 939 562 vulgo
962 512 1178 564 juvenibus
1204 514 1287 551 sine

251 573 403 611 delectu
424 571 556 619 dabat3
581 579 696 621 atque
722 583 809 608 eum
829 570 973 609 δειλινὸν
995 571 1189 624 περίπατον
1213 585 1287 623 ap-

249 630 439 682 pellabat,
474 629 581 667 illum
610 637 738 666 autem
765 641 885 680 supra
914 629 1053 668 ἑωθινόν
1078 644 1086 667 :
1120 638 1288 681 utroque

247 691 349 728 enim
370 698 544 740 tempore
558 687 761 726 ambulans
779 687 1004 727 disserebat.
1029 687 1169 726 Libros
1190 701 1283 739 quo-

249 761 324 800 que
344 761 456 795 suOS,
474 760 608 785 earum
629 747 805 785 omnium
826 759 954 785 rerum
977 747 1288 796 commentarios,

247 819 422 846 seorsum
454 805 614 854 divisit,
642 813 686 843 ut
715 805 781 844 alii
813 804 1016 858 ἔξωτερικοὶ
1046 805 1286 854 dicerentur,

247 866 389 917 partim
411 863 668 917 ἀκροαματικοί
689 863 754 917 (4).

304 925 411 963 Idem
434 924 694 977 philosophus
725 938 850 963 annos
877 924 933 978 (5)
957 924 1040 976 jam
1070 925 1149 963 fere
1177 933 1289 964 natus

249 984 327 1022 duo
358 992 396 1021 et
428 984 630 1033 sexaginta
661 996 830 1036 corpore
869 997 971 1035 aegro
1000 984 1217 1035 affectoque
1246 997 1290 1022 ac

248 1055 317 1095 spe
337 1042 428 1080 vitae
443 1042 551 1080 tenui
569 1042 654 1081 fuit.
675 1043 787 1082 Tunc
807 1043 935 1082 omnis
954 1042 1041 1094 ejus
1057 1050 1289 1081 sectatorum

247 1102 388 1141 cohors
408 1101 455 1140 ad
478 1114 565 1140 eum
586 1102 753 1150 accedit,
774 1110 926 1141 orantes
944 1102 1287 1152 obsecrantesque,

246 1171 290 1201 ut
310 1162 394 1213 ipse
415 1160 604 1210 deligeret
623 1161 703 1199 loci
723 1161 784 1200 sui
804 1171 841 1200 et
860 1161 1075 1211 magisterii
1098 1173 1292 1199 successo-

248 1233 354 1267 rem,
381 1232 460 1269 quo
487 1227 576 1270 post
603 1232 798 1258 summum
816 1220 902 1271 ejus
929 1220 1031 1258 diem
1057 1218 1222 1271 perinde
1247 1229 1291 1258 ut

246 1279 335 1330 ipso
375 1286 580 1316 uterentur
628 1279 676 1316 ad
713 1278 843 1317 studia
876 1279 1141 1317 doctrinarum
1186 1291 1289 1316 com·

246 1336 392 1389 plenda
429 1336 739 1387 excolendaque,
777 1337 922 1388 quibus
962 1336 1013 1374 ab
1057 1349 1104 1374 eo
1149 1335 1292 1373 imbuti

251 1396 430 1435 fuissent.
460 1394 582 1432 Erant
610 1403 701 1433 tunc
727 1395 770 1433 in
800 1394 887 1446 ejus
917 1394 1010 1432 ludo
1036 1393 1133 1431 boni
1157 1394 1290 1442 multi,

250 1454 317 1493 sed
366 1453 557 1504 praecipui
598 1453 701 1501 duo,
737 1453 1031 1504 Theophrastus
1087 1461 1125 1491 et
1165 1452 1292 1490 Eude-

249 1525 335 1551 mus
368 1513 437 1563 (6).
471 1511 636 1561 Ingenio
668 1511 712 1550 hi
754 1521 869 1562 atque
907 1511 1098 1550 doctrinis
1144 1519 1292 1549 eeteros

249 1570 510 1624 praestabant3
539 1570 634 1608 alter
653 1583 703 1608 ex
733 1569 865 1608 insula
894 1569 1020 1607 Lesbo
1042 1570 1133 1620 fuit,
1160 1569 1292 1607 Eude-

250 1644 337 1669 mus
370 1630 423 1683 (7)
465 1637 591 1667 autem
632 1628 783 1668 Rhodo.
819 1628 1050 1667 Aristoteles
1093 1629 1295 1680 respondit

252 1690 445 1728 facturum
465 1700 548 1725 esse
574 1701 659 1738 quae
685 1687 855 1734 vellent,
883 1700 1004 1737 quum
1028 1686 1070 1725 id
1090 1686 1167 1724 sibi
1195 1686 1295 1724 foret

250 1748 535 1799 tempestivum.
554 1746 696 1784 Postea
715 1745 831 1784 brevi
847 1754 1022 1797 tempore
1037 1758 1157 1794 quum
1175 1745 1293 1783 iidem

247 1807 324 1854 illi,
343 1807 410 1857 qui
433 1806 481 1843 de
507 1805 692 1855 magistro
711 1805 938 1843 destinando
959 1802 1177 1856 petierant,
1193 1818 1292 1856 prae-

251 1874 379 1904 sentes
409 1873 558 1911 essent,
587 1864 723 1902 vinum
751 1864 823 1912 ait,
859 1864 966 1915 quod
1001 1873 1081 1902 tum
1114 1863 1291 1912 biberet,

250 1937 330 1962 non
362 1936 447 1962 esse
478 1923 516 1960 id
547 1936 595 1961 ex
622 1922 847 1960 valetudine
878 1935 968 1971 sua,
988 1922 1056 1960 sed
1088 1920 1292 1960 insalubre

249 1995 333 2020 esse
354 1990 468 2033 atque
486 1994 686 2033 asperum,
707 1994 751 2018 ac
775 1989 984 2032 propterea
1001 1980 1124 2031 quaeri
1151 1979 1294 2018 debere

249 2041 443 2080 exoticam
459 2070 469 2088 ‚
492 2040 556 2079 vel
596 2040 791 2078 Rhodium
823 2042 887 2078 vel
912 2040 1121 2087 Lesbiumj,
1148 2040 1189 2078 id
1217 2039 1294 2078 sibi

250 2173 316 2204 τῶν
334 2171 587 2214 ἀκροαματικῶν
605 2171 709 2212 λόγων
724 2195 732 2210 ,
753 2170 897 2212 οἰόμενος
914 2172 981 2203 δεῖν
997 2170 1111 2208 αὐτοὺς
1129 2170 1296 2212 φυλάττειν

250 2220 283 2251 ἐν
311 2219 516 2261 ἀπορρήτοις.
535 2217 616 2250 Ίσθι
637 2217 692 2249 οὖν
720 2218 834 2254 αὐτοὺς
853 2219 908 2250 καὶ
933 2218 1162 2259 ἐκδεδομένους
1181 2218 1237 2249 καὶ
1254 2218 1296 2258 μὴ

251 2266 495 2307 ἐκδεδομένους·
512 2265 633 2302 ξυνετοὶ
650 2265 711 2307 γάρ
733 2266 794 2296 εἶσι
819 2265 928 2306 μόνοις
953 2267 1021 2300 τοῖς
1039 2265 1132 2305 ἡμῶν
1151 2264 1297 2296 ἀκούσα-

253 2324 316 2345 σιν.
335 2312 497 2355 Ἔῤῥωσο.
523 2313 594 2343 Hoc
613 2320 672 2352 ego
687 2311 828 2344 verbum
843 2313 965 2349 ξυνετοὶ
981 2311 1042 2354 γάρ
1064 2313 1126 2344 εἰσι
1146 2320 1298 2354 quaerens

253 2369 319 2392 uno
337 2359 454 2391 itidem
467 2359 568 2391 verbo
581 2359 690 2390 dicere
702 2385 709 2397 ,
730 2358 821 2391 aliud
836 2368 902 2391 non
920 2358 1067 2401 repperi.
1084 2368 1185 2400 quam
1207 2357 1299 2400 quod

253 2408 303 2439 est
319 2406 479 2447 scriptum
497 2415 517 2437 a
535 2407 579 2438 M.
602 2406 726 2438 Catone
741 2406 775 2438 in
796 2407 896 2439 Sexta
910 2405 1044 2448 Origine
1059 2417 1066 2436 z
1084 2407 1201 2447 ltaque
1217 2414 1276 2446 ego
1288 2431 1295 2443 ,

252 2452 370 2493 inquit,
390 2450 640 2492 cognobiliorem
663 2452 880 2493 cognitionem
902 2460 973 2484 esse
991 2451 1143 2484 arbitror.
1174 2464 1189 2479 »
1219 2453 1299 2483 Haec

254 2498 398 2535 Gellius,
426 2497 485 2538 qui
506 2498 684 2539 utramque
711 2497 885 2540 epistolam
903 2498 1116 2532 subditiciam
1135 2507 1207 2531 esse
1234 2507 1300 2530 non

254 2543 350 2576 vidit.
379 2560 421 2567 -
440 2544 483 2584 (4)
508 2543 620 2576 Cicero
642 2544 683 2577 de
704 2544 824 2578 finibus
851 2547 892 2584 V,
927 2549 945 2578 5
964 2545 1006 2578 de
1037 2554 1166 2578 summo
1187 2546 1300 2578 autem

255 2590 340 2622 bono
350 2616 357 2628 ,
376 2589 455 2631 quia
473 2589 538 2622 duo
553 2599 669 2630 genera
686 2591 847 2624 librorum
862 2594 959 2630 sunt,
979 2602 1083 2624 unum
1096 2593 1300 2635 populariter

256 2637 436 2678 scriptum,
462 2637 553 2678 quod
575 2638 762 2681 ἐξωτερικόν
792 2639 999 2680 appellabant
1016 2665 1022 2677 ‚
1039 2639 1182 2672 alterum
1204 2640 1300 2672 lima-

257 2684 344 2721 tius,
370 2682 461 2724 quod
484 2683 520 2714 in
550 2685 793 2717 commentariis
822 2685 1044 2726 reliquerunt,
1075 2694 1140 2718 non
1171 2695 1300 2728 semper

256 2729 346 2762 idem
361 2728 470 2761 dicere
485 2728 650 2761 videntur.
670 2731 862 2764 Aristoteles
876 2731 1042 2764 Politicor.
1065 2733 1125 2770 ΙΙΙ,
1140 2732 1228 2764 εἶκαὶ
1239 2733 1300 2775 γὰρ

260 2777 293 2808 ἐν
309 2779 378 2813 τοῖς
393 2776 594 2818 ἐξωτερικοῖς
612 2777 717 2818 λόγοις
737 2779 939 2821 διοριζόμεθα
953 2780 1026 2821 περὶ
1052 2780 1160 2812 αὐτῶν
1180 2779 1298 2812 πολλά-

257 2835 315 2860 κις.
335 2821 418 2855 Ibid.
437 2824 462 2860 1,
482 2825 500 2854 3
523 2823 603 2855 ἀλλὰ
622 2827 725 2856 ταῦτα
748 2825 804 2866 μὲν
825 2826 903 2862 ’ίσως
932 2827 1206 2870 ἐξωτερικωτέρας
1231 2827 1300 2859 ἐστὶ

259 2872 417 2913 σκέψεως.
434 2869 634 2902 Plutarchus
649 2871 741 2903 Alex.
765 2881 835 2913 cap.
858 2875 874 2904 7
890 2873 976 2905 ἔοικε
993 2874 1019 2905 δ’
1043 2873 1239 2916 Ἀλέξανδρος
1262 2874 1299 2906 οὐ

258 2918 354 2961 μόνον
382 2917 437 2949 τὸν
463 2917 572 2956 ἠθικὸν
600 2919 656 2950 καὶ
673 2920 839 2951 πολιτικὸν
860 2921 1060 2963 παραλαβεῖν
1079 2919 1174 2962 λόγον
1189 2946 1197 2960 ,
1221 2920 1301 2952 ἀλλὰ

257 2966 313 2998 καὶ
340 2965 405 2996 τῶν
429 2964 622 3006 ἀπορρήτων
648 2965 703 2996 καὶ
729 2967 912 3008 βαρυτέρων
941 2968 1178 3008 διδασκαλιῶν,
1204 2967 1240 3004 ἃς
1270 2968 1301 3000 οῖ

259 3013 371 3055 ἄνδρες
388 3011 475 3048 ἰ’δίως
499 3011 741 3053 ἀκροαματικὰς
768 3014 823 3045 καὶ
842 3014 1017 3052 ἐποπτικὰς
1041 3015 1302 3058 προσαγορεύον-

259 3071 331 3099 τες,
350 3059 410 3091 οὐκ
431 3058 575 3101 ἐξέφερον
596 3060 638 3095 εἰς
657 3060 810 3099 πολλοὺς,
837 3065 1025 3103 μετασχεῖν,
1049 3061 1174 3094 Eodem
1199 3062 1302 3103 perti-

260 3115 337 3139 nere
359 3104 492 3137 videtur
510 3104 628 3137 divisio
645 3105 701 3138 illa
714 3132 722 3144 ,
746 3115 822 3148 quae
838 3117 856 3139 a
877 3107 1043 3149 Simplicio
1065 3108 1100 3140 in
1121 3109 1302 3149 categorias

262 3162 303 3186 ex
319 3150 496 3184 Alexandri
512 3151 772 3192 Aphrodisiensis
792 3154 952 3186 sententia
974 3154 1128 3193 traditur,
1157 3157 1199 3192 εἰς
1221 3157 1302 3188 ὓπο-

264 3198 452 3242 μνηματικὰ
471 3199 525 3231 καὶ
544 3201 806 3241 συνταγματικά,
826 3200 860 3232 in
881 3209 947 3241 quo
967 3201 1077 3232 tamen
1101 3211 1120 3233 a
1146 3201 1300 3235 Cicerone

262 3246 459 3287 discrepant.
479 3244 529 3278 Of.
551 3244 663 3278 Cicero
685 3246 726 3278 ad
755 3247 852 3279 Attic.
872 3248 927 3284 IV,
950 3249 997 3284 16,
1020 3251 1057 3287 23
1081 3248 1169 3286 xm,
1191 3251 1239 3286 19,
1262 3251 1298 3289 4;

264 3292 307 3325 ad
322 3291 437 3324 Famil.
451 3293 478 3330 Ι,
501 3293 532 3329 9,
552 3294 609 3331 23;
633 3292 802 3326 Plutarch.
822 3293 895 3325 adv.
917 3293 1020 3325 Golot.
1050 3301 1119 3334 cap.
1150 3298 1206 3335 143
1225 3297 1303 3327 Am-

264 3349 350 3372 mon.
370 3340 482 3372 Herm.
501 3338 543 3371 ad
562 3339 659 3371 Arist.
680 3340 749 3372 Cat.
765 3341 828 3371 ΑΑ.
847 3340 902 3371 fol.
922 3344 938 3371 2
956 3339 988 3372 b.
1008 3339 1094 3380 Ald.;
1115 3341 1303 3382 Simplicius

264 3388 298 3419 in
324 3387 423 3428 Phys
451 3385 507 3419 fol.
528 3390 556 3419 2.
576 3387 622 3427 b.;
641 3387 804 3419 Lucianus
828 3387 862 3419 in
882 3387 948 3420 Vit.
977 3388 1070 3419 Auct.
1097 3398 1167 3429 cap.
1194 3393 1243 3422 26.
1263 3408 1305 3415 -—

544 250 610 288 DE
638 248 949 289 ARISTOTELE
982 247 1207 298 EJUSQUE
1237 247 1519 289 DISCIPULIS
1547 246 1612 287 ΕΤ
1640 244 2061 287 SUCGESSORIBUS.

2332 311 2350 325 ’ἲ
2369 307 2390 328 -ὶ

1347 346 1555 388 utrumque
1585 344 1628 373 ut
1667 343 1847 373 curarent
1877 335 2029 386 petivit,
2057 348 2297 388 usurumque
2327 348 2391 386 eo,

1348 395 1449 434 dixit
1463 424 1473 443 ,
1492 394 1597 446 quod
1625 405 1708 432 sese
1730 395 1852 443 magis
1869 390 2049 443 juvisset.
2070 393 2194 442 Eunt,
2224 402 2375 443 curant,

1349 453 1573 500 inveniunt,
1605 452 1784 490 afferunt.
1810 450 1910 488 Tum
1938 451 2158 490 Aristoteles
2186 444 2379 503 Rhodium

1349 513 1464 564 petit,
1487 513 1677 561 degustat.
1703 510 1894 557 Firmum,
1916 509 2068 560 inquit,
2097 509 2226 549 hercle
2243 511 2385 559 viuum¹

1350 579 1385 608 et
1399 569 1632 621 jucundum.
2392 612 2394 614 ,

1404 629 1502 666 Petit
1533 642 1625 666 mox
1675 627 1871 667 Lesbium.
1909 627 1994 674 Quo
2033 628 2125 665 item
2156 627 2381 679 degustato,

1350 695 1582 739 utrumque,
1600 688 1749 738 inquit,
1777 687 1923 738 oppido
1950 685 2118 734 bonum,
2147 684 2214 724 sed
2234 679 2386 737 ἡδίωνὸ

1350 745 1512 790 Λέσὸιος.
1535 746 1579 784 Id
1598 747 1666 784 ubi
1685 746 1801 793 dixit,
1820 745 1961 784 nemini
1979 745 2054 783 fuit
2080 743 2243 783 dubium
2257 773 2268 792 ,
2287 743 2386 797 quin

1351 808 1480 858 lepide
1497 805 1609 844 simul
1631 814 1669 843 et
1690 805 1907 844 verecunde
1923 815 2183 842 successorem
2202 803 2270 842 illa
2289 815 2385 848 voce

1352 865 1453 913 sibi,
1485 858 1567 903 non*
1590 864 1751 910 vinum,
1782 862 2001 912 delegisset.
2033 863 2072 900 Is
2104 869 2185 900 erat
2213 873 2235 899 e
2261 859 2388 900 Lesbo

1352 923 1669 976 Theophrastus,
1701 921 1819 959 homo
1855 922 2041 959 suavitate
2073 919 2217 969 insigni
2245 919 2388 970 linguae

1352 984 1502 1035 pariter
1524 990 1638 1032 atque
1663 979 1767 1018 vitae.
1792 979 1925 1030 Itaque
1945 992 2023 1017 non
2039 978 2107 1017 diu
2126 986 2215 1031 post
2234 978 2390 1025 Aristo-

1353 1043 1426 1081 tele
1454 1042 1538 1081 vita
1557 1039 1739 1078 defuncto
1757 1039 1804 1078 ad
1827 1037 2137 1090 Theophrastum
2151 1049 2286 1082 omnes
2301 1049 2389 1083 con-

1354 1108 1567 1140 cesserunt.

1407 1161 1464 1198 De
1487 1158 1707 1198 Aristotelis
1722 1156 1961 1195 bibliotheca
1980 1164 2069 1208 post
2087 1155 2297 1195 doctissimi
2313 1154 2388 1194 ho-

1354 1220 1471 1258 minis
1505 1226 1668 1256 mortem
1698 1216 1817 1256 variis
1850 1215 2006 1254 casibus
2035 1214 2178 1266 jactata
2210 1213 2308 1254 mira
2334 1223 2395 1264 est

1355 1278 1550 1326 narratio,
1574 1289 1661 1328 quae
1680 1276 1822 1325 legitur
1852 1274 1955 1326 apud
1986 1273 2217 1312 Strabonem
2237 1272 2288 1330 (8)
2313 1272 2389 1325 lib.

1352 1337 1446 1375 XIII
1468 1349 1556 1387 pag.
1586 1336 1675 1373 608.
1693 1333 1791 1372 Sunt
1808 1342 1934 1372 autem
1955 1333 2036 1371 haec
2052 1333 2138 1384 ejus
2156 1332 2290 1375 verba.
2311 1332 2391 1378 Tu,-

1354 1395 1401 1434 lit
1428 1394 1585 1446 Scepsis
1614 1393 1834 1431 Socraticos
1862 1392 2043 1430 Erastum
2072 1401 2109 1430 et
2135 1391 2332 1439 Coi-iseum
2356 1400 2396 1430 ct

1354 1453 1536 1501 Neleum,
1560 1452 1709 1491 Corisci
1725 1452 1849 1490 filium
1865 1481 1875 1499 ,
1895 1451 1963 1502 qui
1984 1450 2138 1489 auditor
2154 1450 2227 1489 fuit
2245 1450 2396 1498 Aristo-

1355 1514 1442 1551 telis
1471 1521 1508 1550 et
1527 1511 1811 1561 Theophrasti,
1834 1519 1871 1548 et
1898 1510 2014 1559 liujus
2038 1509 2155 1548 etiam
2183 1508 2397 1558 biblioth-e<

1355 1585 1438 1609 cam
1462 1584 1532 1622 per
1553 1571 1832 1609 successionem
1855 1578 1989 1607 nactus
2014 1577 2096 1617 est,
2122 1568 2166 1608 in
2199 1583 2277 1620 qua
2303 1569 2395 1608 Ari-

1357 1629 1504 1668 stotelis
1524 1642 1678 1679 quoque
1700 1628 1772 1666 fuit
1790 1627 2030 1665 bibliotheca
2043 1643 2054 1675 3
2067 1641 2155 1667 nam
2169 1627 2396 1667 Aristoteles

1357 1687 1754 1738 suam'Theophmsto
1775 1686 1959 1732 tradidit,
1979 1687 2039 1723 cui
2057 1695 2095 1724 et
2111 1687 2278 1725 scholam
2299 1686 2397 1730 reli-2

1357 1747 1456 1797 quit.
1488 1745 1646 1783 Primus
1681 1746 1880 1792 omnium,
1916 1745 1984 1795 qui
2021 1745 2134 1783 nobis
2167 1753 2258 1784 sunt
2290 1744 2396 1796 noti,

1358 1805 1585 1843 Aristoteles
1607 1804 1883 1842 bibliothecam
1903 1803 2063 1841 coemtis
2082 1804 2195 1843 libris
2211 1803 2396 1851 instituit,

1356 1863 1475 1914 idque
1494 1863 1763 1914 AEgyptiorum
1794 1875 1903 1912 reges
1933 1862 2060 1900 facere
2086 1863 2235 1902 docuit.
2266 1861 2395 1902 Theo-

1356 1923 1539 1974 phrastus
1559 1922 1838 1960 bibliothecam
1857 1921 1975 1959 Neleo
1990 1921 2165 1962 tradidit.
2185 1921 2255 1959 Hic
2273 1921 2398 1962 libros

1358 1981 1517 2033 Scepsin
1533 1980 1739 2019 translatos
1759 1979 1928 2032 posteris
1952 1980 2031 2019 suis
2043 2010 2055 2029 ‚
2072 1980 2242 2019 indoctis
2271 1980 2398 2019 homi-

1357 2040 1496 2088 nibus,
1518 2040 1699 2090 reliquit,
1720 2039 1789 2090 qui
1812 2039 2011 2077 incuriose
2031 2041 2223 2091 repositos
2250 2039 2400 2086 clausus

1358 2170 1402 2211 (8)
1418 2170 1537 2203 Strabo
1548 2169 1606 2202 lib.
1619 2171 1707 2208 XIII,
1716 2178 1749 2212 p.
1762 2172 1822 2202 608
1834 2169 1884 2202 ed.
1899 2168 2038 2202 casaub.
2051 2170 2088 2202 ἐκ
2097 2168 2132 2202 δὲ
2143 2173 2199 2209 τῆς
2207 2169 2359 2213 Σκήψως
2368 2169 2400 2204 οἱ

1357 2229 1393 2250 τε
1410 2218 1610 2261 Σωκρατικοὶ
1624 2218 1796 2260 γεγόνασιν
1815 2216 1975 2260 Ἔραστος
1989 2218 2044 2249 καὶ
2061 2216 2222 2260 Κορίσκος
2234 2217 2290 2249 καὶ
2310 2218 2329 2249 ὁ
2340 2220 2399 2250 τοῦ

1357 2265 1521 2307 Κορίσκου
1539 2266 1605 2303 υἱὸς
1623 2266 1763 2304 Νηλεύς,
1776 2265 1853 2306 ἀνὴρ
1873 2264 1928 2296 καὶ
1950 2263 2187 2306 Ἀριστοτέλους
2199 2263 2399 2306 ἠκροαμένος

1358 2312 1414 2344 καὶ
1443 2311 1654 2355 Θεοφράστου
1669 2337 1677 2352 ,
1700 2310 1942 2352 διαδεδεγμένος
1973 2309 2006 2342 δὲ
2034 2310 2091 2348 τὴν
2117 2310 2318 2351 βιβλιοθήκην
2339 2311 2400 2343 τοῦ

1359 2358 1591 2401 Θεοφράστου,
1614 2359 1645 2390 ἐν
1674 2357 1694 2398 ᾔ
1717 2358 1755 2397 ἦν
1776 2357 1830 2389 καὶ
1859 2359 1880 2395 ἡ
1908 2359 1965 2388 τοῦ
1995 2354 2231 2398 Ἀριστοτέλους
2246 2367 2254 2376 ·
2278 2357 2296 2388 ὁ
2321 2359 2399 2398 γοῦν

1364 2405 1582 2448 Ἀριστοτέλης
1611 2406 1668 2443 τήν
1690 2406 1805 2436 ἑαυτοῦ
1837 2402 2036 2446 Θεοφράστῳ
2066 2403 2251 2445 παρέδωκεν
2265 2429 2272 2441 ,
2313 2399 2400 2449 ᾧπερ

1359 2453 1414 2484 καὶ
1430 2453 1486 2490 τὴν
1507 2452 1625 2494 σχολὴν
1647 2451 1783 2483 ἀπέλιπε
1795 2475 1803 2490 ,
1823 2451 1950 2493 πρῶτος
1966 2446 2009 2482 ὧν
2030 2449 2124 2491 ἴσμεν
2143 2449 2332 2492 συναγαγὼν
2351 2452 2401 2493 βι-

1361 2499 1433 2531 6λία
1464 2499 1518 2531 καὶ
1538 2498 1662 2535 διδάξας
1693 2498 1767 2534 τοὺς
1793 2498 1824 2529 ἐν
1851 2497 2003 2538 Αἰγύπτῳ
2024 2497 2172 2538 βασιλέας
2198 2498 2400 2538 βιῧλιοθήκης

1362 2545 1523 2583 σύνταξιν.
1545 2544 1750 2588 Θεόφραστος
1767 2544 1802 2576 δὲ
1827 2544 1927 2581 Νηλεῖ
1945 2544 2130 2586 παρέδωκεν
2144 2554 2151 2562 ·
2176 2545 2193 2576 ὁ
2212 2545 2239 2576 δ’
2259 2545 2301 2582 εἷς
2317 2546 2400 2585 Σκῆ-

1360 2593 1414 2634 ψιν
1429 2591 1567 2633 κομίσας
1584 2594 1652 2627 τοῖς
1672 2592 1741 2632 μετ’
1763 2590 1860 2622 αὐτὸν
1877 2590 2062 2632 παρέδωκεν
2073 2614 2082 2630 ,
2103 2590 2248 2627 ἰδιώταις
2274 2591 2400 2635 ἀνθρώ-

1360 2650 1451 2680 ποις,
1474 2640 1505 2672 οἳ
1525 2638 1745 2671 κατάκλειστα
1763 2637 1850 2679 εἶχον
1874 2637 1915 2668 τὰ
1934 2636 2039 2678 βιὸλία
2064 2637 2129 2668 οὐδ’
2155 2636 2312 2678 ἐπιμελῶς
2332 2638 2401 2672 κεί-

1363 2696 1468 2728 μενα·
1492 2685 1602 2723 ἐπειδὴ
1622 2685 1657 2717 δὲ
1685 2685 1825 2726 ᾔσθοντο
1850 2685 1908 2722 τὴν
1935 2683 2079 2721 σπουδὴν
2106 2684 2173 2715 τῶν
2205 2682 2399 2719 Ἀτταλικῶν

1362 2733 1520 2766 Βασιλέων
1535 2734 1586 2774 ὑφ’
1604 2732 1649 2769 οἷς
1665 2732 1702 2771 ἧν
1717 2734 1736 2770 ἡ
1754 2731 1843 2768 πόλις
1854 2756 1863 2770 ,
1882 2730 2063 2769 ζητούντων
2081 2730 2187 2772 βιὸλία
2207 2731 2250 2767 εἰς
2265 2731 2323 2770 τὴν
2339 2744 2399 2765 κα-

1360 2780 1519 2818 τασκευὴν
1539 2783 1593 2818 τῆς
1609 2779 1642 2811 ἐν
1660 2778 1826 2822 Περγάμῳ
1844 2778 2061 2820 βιὸλιοθήκης,
2078 2776 2165 2809 κατὰ
2182 2781 2240 2818 γῆς
2258 2776 2398 2821 ἔκρυψαν

1362 2839 1394 2859 εν
1415 2827 1547 2868 διώρυγί
1564 2837 1643 2858 τινι·
1663 2826 1725 2858 ὑπὸ
1750 2826 1785 2857 δὲ
1805 2825 1914 2861 νοτίας
1930 2825 1986 2856 καὶ
2009 2824 2118 2862 σητῶν
2137 2824 2327 2869 κακωθέντα>
2340 2825 2400 2868 ὀψέ

1360 2885 1442 2906 ποτε
1462 2874 1621 2906 ἀπέδοντο
1645 2874 1674 2904 οἱ
1701 2872 1765 2904 ἀπὸ
1782 2874 1840 2904 τοῦ
1859 2872 1969 2913 γένους
1987 2870 2212 2904 Ἀπελλικῶντι
2240 2871 2287 2913 τῷ
2309 2873 2399 2915 Τηίῳ

1362 2921 1487 2952 πολλῶν
1509 2919 1670 2962 ἀργυρίων
1688 2919 1729 2951 τά
1739 2930 1775 2950 τε
1795 2917 2033 2960 Ἀριστοτέλους
2048 2918 2103 2949 καὶ
2119 2916 2162 2948 τὰ
2177 2920 2235 2949 τοῦ
2254 2918 2400 2962 Θεοφρά·

1363 2978 1443 2999 στου
1459 2966 1580 3009 βιδλίαζ·
1597 2966 1636 3006 ἦν
1654 2965 1689 2997 δὲ
1707 2965 1724 2996 ὁ
1746 2963 1932 2997 Ἀπελλικῶν
1950 2963 2126 3005 φιλόὸιὸλος
2140 2964 2258 3005 μᾶλλον
2279 2965 2299 3004 ἢ
2313 2965 2400 3006 φιλό·

1363 3025 1461 3055 σοφος
1473 3025 1481 3033 ·
1500 3013 1549 3046 διὸ
1573 3013 1627 3044 καὶ
1649 3014 1749 3050 ζητῶν
1777 3010 1995 3052 ἐπανόρθωσιν
2017 3010 2083 3041 τῶν
2103 3010 2335 3053 διαὸρωμάτων
2355 3011 2399 3048 εἰς

1363 3060 1542 3103 ἀντίγραφα
1554 3058 1651 3092 καινὰ
1668 3058 1841 3100 μετήνεγκε
1856 3057 1913 3095 τήν
1927 3057 2050 3098 γραφὴν
2068 3057 2260 3100 ἀναπληρῶν
2278 3057 2337 3090 οὐκ
2349 3058 2396 3097 εὖ,

1361 3107 1416 3139 καὶ
1430 3107 1580 3144 ἐξέδωκεν
1596 3104 1790 3148 ἁμαρτάδων
1803 3104 1906 3146 πλήρη
1919 3103 1961 3134 τὰ
1974 3102 2090 3145 βιὸλία.
2106 3104 2221 3144 Συνέὸη
2233 3103 2267 3136 δὲ
2280 3107 2349 3141 τοῖς
2362 3105 2399 3137 ἐκ

1362 3159 1426 3187 τῶν
1448 3154 1634 3198 περιπάτων
1649 3157 1717 3190 τοῖς
1733 3152 1789 3193 μὲν
1803 3150 1900 3183 πάλαι
1920 3154 1987 3188 τοῖς
2005 3151 2085 3192 μετὰ
2105 3151 2312 3195 Θεόφραστον
2340 3152 2398 3184 οὐκ

1364 3202 1492 3244 ἔχουσιν
1517 3202 1596 3238 ὅλως
1623 3200 1664 3232 τὰ
1694 3198 1798 3242 βιὸλία
1828 3199 1907 3236 πλὴν
1935 3198 2068 3239 ὀλίγων,
2096 3199 2151 3231 καὶ
2171 3198 2311 3240 μάλιστα
2333 3201 2397 3230 τῶν

1332 3264 1337 3287 5
1364 3250 1572 3292 ἐξωτερικῶν,
1593 3247 1690 3291 μηδὲν
1708 3246 1791 3289 ἔχειν
1809 3245 1993 3287 φιλοσοφεῖν
2013 3246 2244 3288 πραγματικῶς
2261 3244 2340 3277 ἀλλὰ
2350 3245 2400 3278 θέ-

1365 3308 1430 3334 σεις
1446 3296 1621 3335 ληκυθίζειν
1633 3306 1640 3313 ·
1664 3296 1734 3331 τοὶς
1760 3294 1787 3325 δ’
1801 3294 1956 3334 ὕστερον,
1975 3292 2027 3334 ἀφ’
2053 3293 2091 3325 οὗ
2109 3293 2151 3324 τὰ
2167 3291 2273 3334 βιὸλία
2293 3294 2399 3324 ταῦτα

1363 3344 1536 3386 προῆλθεν,
1561 3342 1692 3383 ἄμεινον
1715 3339 1770 3382 μὲν
1787 3339 1917 3371 ἐκείνων
1943 3340 2126 3380 φιλοσοφεῖν
2156 3338 2212 3370 καὶ
2230 3339 2399 3380 ἀριστοτε-

1365 3390 1478 3428 λίζειν“,
1496 3388 1729 3430 ἀναγκάζεσθαι
1744 3387 1854 3428 μέντοι
1873 3385 1914 3416 τὰ
1929 3386 2031 3417 πολλὰ
2045 3385 2155 3416 εἰκότα
2170 3384 2271 3425 λέγειν
2289 3384 2343 3416 διὰ
2360 3383 2398 3417 τὸ

265 3435 311 3475 (5)
329 3433 453 3467 Gellius
479 3435 571 3466 Νθῦῑ-
603 3434 699 3466 Attic-
721 3436 808 3472 ΧΙΠ,
831 3439 859 3468 5-
878 3451 919 3458 ··-
935 3435 980 3475 (6)
994 3434 1185 3476 Eudemus]
1206 3437 1303 3478 vulgo
1364 3439 1479 3476 πλῆθος
1506 3440 1568 3468 τῶν
1600 3437 1776 3478 ἁμαρτιῶν.
1798 3433 1887 3466 Πολὺ
1916 3433 1950 3465 δὲ
1974 3434 2016 3470 εἰς
2036 3435 2132 3465 τοῦτο
2154 3432 2210 3464 καὶ
2237 3434 2257 3470 ἡ
2287 3430 2397 3472 Ῥώμη

267 3482 485 3514 Menedemus.
514 3499 555 3505 —-
574 3485 615 3523 (7)
645 3482 835 3524 Eudemus]
860 3482 952 3516 codd.
983 3482 1205 3516 Menedemus.
1239 3502 1280 3509 -
1331 3489 1338 3512 ⁵
1364 3484 1583 3527 προσελάὸετο
1597 3495 1604 3503 ·
1624 3484 1710 3519 εὐθὺς
1727 3482 1787 3524 γὰρ
1806 3481 1887 3523 μετὰ
1905 3482 1961 3519 τὴν
1985 3479 2230 3515 Ἀπελλικῶντος
2247 3478 2396 3516 τελευτὴν
