2508 3776
293 255 369 293 344

289 339 372 390 πρὸς
405 339 540 384 ἄλληλα
567 338 627 376 καὶ
662 338 746 391 πρὸς
777 338 840 386 τὴν
875 340 1066 391 μεσότητα.
1110 345 1228 397 Τριῶν
1254 347 1321 400 γὰρ

287 396 472 436 διαθέσεων
501 398 638 446 οὐσῶν,
674 401 756 447 μιᾶς
782 396 846 447 μὲν
878 401 1027 451 ἀρετῆς,
1058 401 1134 448 ἥτις
1173 405 1322 454 μεσότης

286 454 380 499 ἔστί,
403 452 462 492 δύο
482 453 516 492 δὲ
539 456 693 502 κακιῶν,
727 457 788 502 τῆς
817 455 880 507 μὲν
914 458 1225 512 ὑπερὸαλλούσης,
1261 465 1322 508 τῆς

284 512 319 550 δὲ
342 514 566 559 ἐλλειπούσης
580 542 591 563 ,
621 514 657 551 ἓν
678 512 807 557 πάσαις
825 514 899 553 ἐστί
926 532 976 559 τις
995 517 1177 562 ἀντίθεσις·
1204 519 1264 558 καὶ
1284 522 1319 559 αἱ

283 571 344 621 μὲν
366 571 470 624 ἄκραι
490 570 652 615 ἐναντίως
665 569 786 622 ἔχουσι
807 573 891 624 πρὸς
919 574 1096 624 ἀλλήλας,
1126 581 1148 625 ἡ
1169 577 1205 616 δὲ
1227 578 1318 630 μέση

282 629 368 680 πρὸς
388 628 556 681 ἑκατέραν
577 631 645 667 τῶν
676 633 807 681 ἄκρων.
829 629 971 684 εὨσπερ
992 633 1061 686 γὰρ
1093 634 1133 673 τὸ
1162 635 1238 674 ἴσον
1258 637 1319 676 καὶ

281 688 366 741 πρὸς
384 687 424 726 τὸ
448 691 562 739 μεῖζον
578 687 815 739 ἀντικείμενόν
835 691 908 728 ἐστι
921 721 932 742 ,
954 691 1013 729 καὶ
1042 692 1126 745 πρὸς
1144 693 1185 733 τὸ
1204 693 1317 733 ἔλατ-

279 760 362 792 τον,
404 746 485 797 (τοῦ
508 746 570 796 μὲν
604 745 671 799 γὰρ
707 746 858 797 μείζονος
892 748 1036 788 ἔλαττόν
1071 753 1165 799 ἐστι,
1194 756 1253 791 τοῦ
1282 752 1316 791 δὲ

278 804 457 848 ἐλάττονος
474 807 624 855 μεῖζον,)
646 804 756 848 οὕτως
777 807 813 843 αἱ
835 805 941 858 μέσαι
959 807 1043 853 ἕξεις
1062 808 1147 862 πρὸς
1172 810 1235 860 μὲν
1255 811 1317 855 τὰς

277 862 445 915 ἐλλείψεις
465 863 655 915 ὑπερὸολαί
670 865 736 901 εἶσι
749 895 760 913 ,
783 864 867 916 πρὸς
899 865 935 903 δὲ
954 866 1017 910 τὰς
1041 868 1235 921 ὑπερὸολὰς
1254 871 1315 909 ἕλ-

273 919 418 972 λείψεις.
437 919 488 960 ‘³0
502 920 561 959 καὶ
581 923 614 960 ἐν
631 921 756 960 πάθεσι
773 922 881 960 καὶέν
901 924 1067 976 πράξεσιν
1081 926 1209 977 ὁμοίως
1229 926 1314 980 ἔχει·

275 980 309 1016 ἐν
321 978 446 1017 πάθεσι
469 979 532 1031 μὲν
548 981 688 1033 ἀνδρεία
700 982 716 1004 ¹³
740 980 901 1031 μεσότης,
912 984 946 1020 ἐν
961 983 1106 1036 πράξεσι
1124 986 1158 1024 δὲ
1180 989 1201 1033 ἡ
1223 986 1314 1025 κατὰ

274 1037 334 1085 τὴν
359 1038 517 1091 ἀνδρείαν
532 1046 545 1063 ⁰
564 1039 698 1092 πρᾶξις·
715 1039 776 1078 καὶ
798 1040 853 1079 διὰ
868 1041 998 1080 τούτων
1021 1045 1039 1081 ὁ
1052 1045 1207 1097 ἀνδρεῖος
1229 1046 1313 1097 πρὸς

273 1092 336 1146 μὲν
355 1096 412 1134 τὸν
433 1096 543 1135 δειλὸν
571 1098 698 1149 θρασὺς
721 1098 902 1152 φαίνεται,
934 1101 1020 1153 πρὸς
1042 1102 1077 1140 δὲ
1098 1103 1156 1142 τὸν
1182 1103 1311 1156 θρασὺν

272 1155 396 1200 δειλός.
450 1155 603 1206 Ὁμοίως
623 1156 658 1195 δὲ
679 1158 738 1195 καὶ
759 1161 776 1196 ὁ
794 1159 939 1213 σώφρων
956 1159 1040 1212 πρὸς
1061 1161 1124 1211 μὲν
1140 1161 1196 1199 τὸν
1219 1162 1313 1201 ἀναί-

272 1218 397 1262 σθητον
414 1214 429 1238 ‘¹
443 1215 648 1265 ἀκόλαστος,
656 1216 740 1268 πρὸς
749 1216 785 1255 δὲ
801 1217 858 1256 τὸν
878 1218 1070 1258 ἀκόλαστον
1086 1221 1304 1270 ἀναίσθητος·

269 1275 288 1310 ὁ
306 1272 342 1311 δὲ
363 1273 551 1327 ἐλευθέριος
568 1274 701 1319 ἄσωτος
721 1277 782 1325 μὲν
801 1277 885 1328 πρὸς
899 1277 956 1316 τὸν
975 1278 1209 1332 ἀνελεύθερον,
1226 1282 1310 1334 πρὸς

271 1330 307 1369 δὲ
329 1332 385 1370 τὸν
408 1332 541 1371 ἄσωτον
565 1334 795 1386 ἀνελεύθερος.
817 1344 830 1360 ⁶
853 1335 925 1374 Καὶ
945 1335 1033 1379 ὅλως
1054 1338 1217 1391 ἑκάτερος
1237 1343 1305 1379 τῶν

271 1389 385 1442 ἄκρων
405 1393 453 1441 τῷ
475 1390 619 1442 ὀνόματι
640 1392 758 1444 ἑτέρου
779 1393 834 1432 τὸν
858 1393 964 1444 μέσον
985 1396 1099 1434 καλεῖ·
1127 1396 1187 1435 καὶ
1204 1400 1222 1436 ὁ
1243 1399 1304 1450 μὲν

267 1447 394 1500 θρασὺς
417 1448 474 1487 τὸν
493 1451 647 1502 ἀνδρεῖον
668 1450 779 1488 δειλὸν
797 1452 917 1500 καλεῖ,
939 1455 958 1492 ὁ
974 1453 1010 1491 δὲ
1028 1454 1137 1498 δειλὸς
1160 1457 1303 1508 θρασύν.

270 1507 340 1545 Καὶ
359 1508 415 1545 ἐπὶ
432 1510 500 1546 τῶν
517 1508 633 1546 ἄλλων
650 1509 793 1559 ὁμοίως.

317 1564 336 1586 *
351 1565 456 1605 Οὕτω
476 1565 511 1604 δὲ
527 1570 594 1605 τῶν
618 1565 732 1619 ἄκρων
752 1566 836 1618 πρὸς
852 1567 890 1606 τὸ
907 1569 1010 1620 μέσον
1032 1572 1279 1624 ἀντικειμένων
1292 1605 1302 1624 ,

265 1623 325 1662 καὶ
357 1624 441 1677 πρὸς
469 1625 628 1674 ἄλληλα,
658 1625 784 1676 μείζων
817 1627 911 1665 ἐστὶν
944 1630 1057 1668 αὐτῶν
1091 1632 1303 1682 ἐναντιότης·

264 1683 473 1736 ποῤῥωτέρω
492 1682 560 1737 γὰρ
578 1685 739 1732 ἀλλήλων
763 1684 856 1724 ἐστὶν
874 1689 894 1733 ἢ
913 1690 974 1725 τοῦ
994 1688 1115 1738 μέσου·
1143 1692 1301 1746 καθάπερ

263 1741 302 1781 τὸ
324 1741 415 1793 μέγα
437 1741 496 1780 καὶ
516 1741 556 1781 τὸ
578 1742 702 1796 μικρὸν
721 1743 825 1782 πλέον
844 1745 1036 1785 ἀντίκειται
1052 1748 1137 1800 πρὸς
1153 1748 1292 1798 ἄλληλα

260 1799 282 1847 ἢ
303 1800 341 1838 τὸ
364 1800 486 1850 μέσον,
509 1800 548 1840 τὸ
567 1801 641 1840 ἴσον
657 1802 831 1848 δηλονότι.
853 1804 923 1843 Καὶ
943 1804 1030 1858 πρὸς
1052 1806 1116 1857 μὲν
1130 1808 1170 1847 τὸ
1190 1809 1297 1859 μέσον

261 1857 336 1897 ἔστι
356 1875 406 1902 τις
426 1859 589 1909 ὁμοιότης
620 1862 654 1899 ἐν
681 1862 836 1915 ἑκατέρῳ
855 1867 924 1902 τῶν
954 1864 1070 1917 ἄκρων
1084 1895 1095 1913 ,
1118 1865 1238 1921 ὥσπερ
1254 1871 1298 1921 τῇ

260 1917 449 1968 θρασύτητι
468 1918 552 1970 πρὸς
576 1919 638 1965 τὴν
668 1920 826 1971 ἀνδρείαν
841 1950 852 1968 ,
873 1921 884 1943 f
904 1922 965 1960 καὶ
985 1926 1028 1973 τῇ
1058 1924 1194 1978 ἀσωτίᾳ
1213 1926 1299 1979 πρὸς

258 1974 321 2022 τὴν
347 1976 622 2028 ἐλευθεριότητα·
656 1979 690 2015 ἐν
719 1979 755 2016 δὲ
782 1980 852 2023 τοῖς
878 1980 993 2033 ἄκροις
1024 1983 1170 2033 οὐδεμία
1202 1985 1297 2025 ἐστὶν

257 2033 438 2085 ὁμοιότης,
463 2035 554 2074 ἀλλὰ
575 2036 738 2076 πλεῖστον
762 2038 924 2085 ἀλλήλων
952 2041 1166 2094 διαφέρουσι·
1191 2043 1236 2082 τὰ
1260 2045 1296 2084 δὲ

257 2095 418 2132 πλεῖστον
441 2094 605 2142 ἀλλήλων
626 2096 804 2149 ἀπέχοντα
827 2098 965 2138 ἐναντία
994 2100 1181 2153 ὁρίζονται·
1205 2101 1295 2143 ὥστε

256 2154 314 2190 καὶ
334 2154 466 2203 μᾶλλον
487 2153 624 2192 ἐναντία
643 2155 688 2193 τὰ
711 2156 844 2206 μᾶλλον
863 2157 1027 2204 ἀλλήλων
1045 2159 1238 2211 ἀπέχοντα.

305 2210 346 2234 **
356 2210 412 2250 Τὰ
424 2210 460 2249 δὲ
475 2209 566 2264 ἄκρα
579 2213 684 2252 πλέον
703 2213 892 2253 ἀντίκειται
908 2214 991 2268 πρὸς
1005 2215 1158 2267 ἄλληλα,
1171 2218 1193 2266 ἢ
1208 2219 1293 2273 πρὸς

250 2269 290 2308 τὸ
305 2269 423 2320 μέσον·
443 2272 505 2308 οὐκ
525 2270 578 2308 ἐπ’
589 2270 666 2319 ἴσης
680 2277 696 2300 ὅ
717 2272 753 2310 δὲ
766 2272 954 2313 ἀντίκειται
970 2274 1085 2328 ἄκρων
1106 2277 1289 2331 ἑκάτερον·

253 2330 329 2367 ἀλλ’
347 2328 405 2368 ἐπί
421 2344 523 2367 τινων
539 2329 600 2379 μὲν
615 2333 636 2378 ἡ
655 2332 808 2385 ἔλλειψις
822 2332 927 2371 πλέον
943 2335 1134 2374 ἀντίκειται
1149 2336 1234 2389 πρὸς
1250 2338 1290 2378 τὸ

252 2387 408 2437 μέσον,ἢ
426 2391 448 2434 ἡ
463 2389 652 2442 ὗπερὸολή·
668 2390 726 2429 ἐπί
741 2407 840 2430 τινων
853 2391 889 2430 δὲ
907 2396 928 2440 ἡ
948 2394 1123 2446 ὑπερὸολὴ
1137 2397 1285 2447 μᾶλλον,

250 2446 272 2492 ἢ
289 2450 311 2493 ἠ
329 2446 489 2499 ἔλλειψις.
507 2448 655 2487 Νεύουσι
673 2450 739 2502 γὰρ
757 2453 791 2489 αἱ
814 2452 1001 2501 μεσότητες
1011 2453 1097 2506 πρὸς
1111 2454 1150 2493 τὸ
1169 2455 1286 2509 ἕτερον

248 2506 316 2543 τῶν
329 2505 442 2556 ἄκρων
457 2506 576 2558 πλέον,
592 2507 615 2554 ἢ
630 2509 713 2560 πρὸς
725 2510 764 2547 τὸ
782 2509 912 2562 ἕτερον,
931 2511 990 2550 καὶ
1004 2512 1203 2565 ὁμοιότεραί
1217 2517 1285 2554 εἰσι

247 2564 330 2602 ποτὲ
343 2564 404 2614 μὲν
422 2562 440 2587 ¹²
455 2565 618 2619 ἐλλείψει,
636 2567 717 2606 ποτὲ
735 2569 768 2607 δὲ
782 2569 973 2623 ὓπερὸολῇ.
994 2566 1258 2625 Οἷονὴἀνδρεία
1273 2573 1284 2599 i

247 2623 380 2672 μᾶλλον
399 2625 578 2672 ὁμοιοῦται
598 2629 639 2676 τῇ
662 2629 869 2677 θρασύτητι,
886 2628 908 2676 ἢ
928 2632 971 2681 τῇ
995 2630 1119 2682 δειλίᾳ·
1145 2631 1206 2671 καὶ
1225 2634 1283 2672 διὰ

249 2685 352 2720 τοῦτο
369 2683 595 2735 ἐναντιωτέρα
612 2684 685 2722 ἐστὶ
701 2689 743 2737 τῇ
765 2686 886 2738 δειλίᾳ,
908 2686 930 2734 ἢ
947 2690 988 2740 τῇ
1011 2688 1216 2740 θρασύτητι.
1235 2691 1282 2732 ‘H

245 2739 281 2779 δὲ
299 2742 504 2793 σωφροσύνη
526 2743 658 2792 μᾶλλον
675 2744 778 2793 ὁμοία
793 2746 865 2784 ἐστὶ
885 2749 928 2799 τῇ
950 2748 1172 2802 ἀναισθησίᾳ,
1194 2749 1216 2797 ἢ
1238 2755 1281 2804 τῇ

247 2799 433 2852 ἀκολασίᾳ·
462 2800 521 2839 καὶ
545 2800 602 2838 διὰ
621 2804 722 2840 τοῦτο
742 2803 970 2858 ἐναντιωτέρα
990 2805 1064 2845 ἐστὶ
1086 2810 1128 2860 τῇ
1150 2809 1280 2848 ἀκολα-

243 2857 324 2911 σίᾳ,
344 2857 367 2905 ἢ
391 2862 434 2911 τῇ
465 2859 686 2912 ἀναισθησίᾳ.
709 2859 815 2900 Ἔστι
838 2862 873 2900 δὲ
905 2866 942 2902 οὗ
966 2864 1067 2915 μόνον
1087 2869 1110 2914 ἡ
1137 2867 1222 2920 πρὸς
1240 2868 1279 2908 τὸ

242 2916 358 2969 ἕτερον
378 2920 446 2956 τῶν
467 2918 581 2971 ἄκρων
603 2919 763 2968 ὁμοιότης
790 2921 884 2959 αἰτία
911 2925 972 2969 τῆς
992 2924 1075 2976 πρὸς
1104 2925 1143 2963 τὸ
1161 2925 1277 2979 ἕτερον

242 2976 503 3024 ἐναντιότητος,
530 2976 621 3015 ἀλλὰ
640 2978 699 3016 καὶ
728 2977 762 3022 ἐξ
783 2982 884 3029 ἡμῶν
912 2982 1024 3020 αὐτῶν
1061 2983 1099 3021 τὸ
1123 2989 1276 3024 τοιοῦτον

244 3035 442 3084 συμὸαίνει.
476 3035 578 3075 Ἐπεὶ
608 3035 675 3087 γὰρ
695 3038 713 3074 ὁ
740 3037 892 3088 πόλεμος
920 3041 970 3092 τῷ
990 3042 1167 3095 σπουδαίῳ
1189 3043 1275 3096 πρὸς

239 3093 283 3132 τὰ
303 3093 394 3146 ἄκρα
414 3093 566 3145 γίνεται,
588 3093 650 3141 τὴν
672 3095 848 3144 μεσότητα
869 3099 1050 3150 ζητοῦντι,
1069 3100 1154 3153 πρὸς
1171 3101 1189 3140 ὃ
1205 3106 1274 3141 τῶν

239 3154 353 3205 ἄκρων
377 3154 504 3202 μείζων
526 3156 546 3200 ἡ
570 3154 670 3205 μάχη
686 3182 696 3200 ,
714 3156 822 3193 ἐκεῖνο
839 3156 1081 3209 ἐναντιώτερον
1108 3161 1157 3211 τῷ
1178 3160 1274 3213 μέσῳ

237 3211 343 3251 δοκεῖ.
364 3210 503 3256 Μείζων
525 3211 561 3249 δὲ
580 3214 602 3259 ἡ
625 3212 724 3264 μάχη
745 3213 831 3265 πρὸς
852 3213 869 3251 ὃ
892 3216 1024 3263 μᾶλλον
1046 3217 1271 3269 πεφύκαμεν,

1109 257 1394 301 ANDRONICI
1422 260 1604 303 RHODIl

1383 362 1438 393 se,
1478 355 1552 388 tum
1582 364 1684 397 quam
1717 356 1760 390 ad
1789 358 2051 397 mediocritatem
2090 364 2231 407 habent,
2274 362 2420 412 agamffi
2507 405 2508 408 ,

1381 410 1492 447 Quum
1513 410 1600 443 enim
1616 412 1685 444 tres
1705 412 1771 445 sint
1793 413 2003 456 affectiones,
2026 427 2092 452 una
2107 421 2243 463 quidem
2265 423 2338 466 ipsa
2355 423 2472 471 vlf-s

1380 466 1454 504 tus,
1475 475 1577 508 quam
1601 466 1862 503 mediocritatem
1888 473 2108 517 appellamus,
2127 476 2204 510 duoe
2221 487 2300 513 vero
2319 479 2421 515 vitle-
2458 507 2459 510 η

1379 530 1464 561 rum,
1486 531 1628 564 quorum
1643 524 1783 558 alterum
1805 526 1942 561 modum
1963 530 2110 571 excedit,
2128 533 2271 568 alterum
2283 535 2418 577 auant.

1379 576 1413 609 in
1433 578 1586 612 omnibus
1609 580 1763 622 quaedam
1786 583 1837 615 est
1854 583 2016 625 oppositio
2031 597 2039 617 =
2052 594 2092 620 ac
2116 587 2261 629 primum
2272 592 2420 625 uum
2477 607 2483 638 χ

1378 631 1464 665 inter
1479 642 1513 667 se
1533 637 1696 676 pugnant,
1717 635 1837 670 deinde
1853 638 2001 673 medium
2017 649 2094 674 cum
2106 643 2421 682 extremutettm-

1377 697 1454 731 que.
1474 690 1519 722 Ut
1533 690 1620 724 enim
1634 691 1697 725 hoc
1717 694 1808 736 quod
1819 695 1948 738 aequale
1970 699 2020 730 est
2031 721 2040 738 ‚
2059 698 2177 741 majori
2195 700 2372 744 opponitur
2384 704 2419 738 et

1377 743 1514 783 minori,
1537 746 1723 789 (siquidem
1755 749 1880 792 majore
1906 750 2016 784 minus
2047 753 2117 792 est.
2149 753 2279 790 minore
2306 758 2419 795 mm

1376 798 1524 841 majus‚)
1543 800 1590 833 ita
1606 802 1706 835 medii
1727 812 1860 847 quoque
1878 803 2015 838 habitus
2027 831 2035 845 ,
2053 805 2082 839 si
2097 815 2175 841 cum
2194 807 2237 843 iis
2255 817 2333 853 qun
2347 818 2418 852 mo·

1375 852 1456 886 dum
1476 853 1631 888 deserunt
1643 859 1882 900 comparentur,
1910 867 2066 895 excessus
2087 863 2184 902 sunt,
2204 861 2234 897 si
2251 871 2331 898 cum
2355 872 2418 898 ex-

1369 908 1540 949 cassibus,
1560 910 1720 946 defectus.
1773 913 1870 951 Quod
1890 914 2027 957 quidem
2044 924 2120 949 cum
2141 916 2415 960 inperturbatu-

1374 963 1491 1003 nibus,
1515 965 1589 997 tum
1605 965 1640 998 in
1657 966 1841 1001 actIonibus
1852 968 1969 1003 eodem
1985 970 2084 1003 modo
2097 979 2133 1005 se
2148 971 2250 1006 habet
2271 972 2327 1007 :in
2338 983 2416 1018 per-

1374 1019 1619 1054 turbationibus
1631 1022 1719 1055 enim
1737 1021 1899 1057 fortitudo
1916 1026 1967 1058 est
1980 1025 2192 1061 mediocritas
2202 1053 2210 1067 ,
2229 1027 2266 1061 in
2281 1028 2416 1064 actioni-

1372 1075 1435 1108 bus
1455 1077 1566 1109 autem
1584 1085 1638 1110 res
1659 1076 1790 1112 fortiter
1805 1080 1898 1120 gesta
1914 1079 2077 1123 :ideoque
2093 1080 2190 1116 fortis
2202 1082 2246 1117 ad
2257 1083 2415 1126 ignavum

1372 1130 1483 1163 audax
1498 1156 1505 1170 ‚
1525 1130 1568 1164 ad
1585 1131 1744 1166 audacem
1759 1133 1899 1175 ignavus
1916 1143 1956 1167 ac
1970 1134 2108 1170 timidus
2123 1137 2275 1175 videtum·
2288 1131 2415 1174 §nnm-

1370 1185 1488 1228 terque
1505 1188 1692 1230 temperans
1709 1189 1833 1231 stupidi
1850 1189 1986 1232 quidem
2007 1193 2160 1233 respectu
2178 1192 2411 1237 intemperans,

1371 1240 1620 1284 intemperantis
1632 1252 1711 1277 vero
1731 1247 1884 1288 respectu
1904 1246 2058 1290 stupidus
2081 1247 2234 1282 habetur.
2251 1247 2412 1283 Iaberalls

1370 1299 1498 1336 autem,
1524 1298 1552 1331 si
1577 1308 1655 1332 cum
1685 1300 1838 1334 illiberali
1868 1301 2066 1343 conferatur,
2089 1304 2264 1347 prodigus,
2287 1304 2318 1339 sl
2336 1313 2414 1339 cum

1368 1353 1514 1395 prodigo,
1538 1353 1708 1389 illiberalis
1727 1357 1946 1392 existimatur.
1968 1359 2122 1403 Denique
2142 1362 2413 1408 uterqueextre-

1368 1414 1497 1438 morum
1514 1406 1651 1441 alterius
1665 1408 1796 1442 nomine
1816 1409 1964 1443 medium
1981 1411 2124 1454 appellat
2143 1424 2153 1445 ε
2169 1412 2410 1464 nimii-mgnu-
2464 1453 2466 1457 ,

1367 1460 1431 1494 dax
1449 1460 1571 1494 fortem
1589 1463 1743 1497 timidum
1763 1466 1916 1507 perhibet
1928 1492 1936 1506 ‚
1959 1466 2098 1501 tImidus
2116 1465 2408 1507 audacmnfvomt,
2466 1475 2467 1478 ’
2487 1477 2491 1485 '

1365 1516 1474 1559 Atque
1494 1517 1542 1550 ita
1564 1519 1664 1552 etiam
1678 1520 1712 1552 in
1731 1520 1881 1564 reliquis.
2121 1560 2126 1563 μ

1407 1577 1478 1609 Hoc
1499 1579 1611 1610 autem
1624 1578 1723 1611 modo
1740 1581 1889 1613 extrema
1910 1589 2015 1622 quum
2038 1582 2072 1614 et
2084 1581 2195 1616 medio
2217 1582 2285 1616 sint
2297 1585 2333 1618 et
2354 1583 2410 1618 in-

1363 1628 1470 1662 vicem
1492 1630 1555 1663 sibi
1572 1632 1737 1673 opposita,
1760 1633 1866 1675 major
1886 1635 2005 1667 mutua
2030 1634 2164 1668 illorum
2188 1637 2405 1671 contrarietas

1363 1684 1413 1715 est
1437 1691 1445 1711 :
1463 1683 1592 1725 longius
1613 1685 1700 1717 enim
1730 1686 1852 1719 absunt
1874 1696 1894 1719 a
1917 1696 1953 1720 se
1967 1688 2085 1720 mutuo
2110 1696 2212 1730 quam
2227 1697 2247 1722 a
2263 1687 2374 1723 medio
2393 1702 2404 1724 ι

1362 1735 1447 1768 sicut
1470 1735 1506 1768 id
1530 1736 1620 1778 quod
1641 1747 1795 1779 magnum
1815 1741 1848 1771 et
1866 1739 1957 1781 quod
1979 1749 2121 1782 parvum
2143 1742 2214 1782 est,
2233 1740 2362 1785 longius
2383 1753 2403 1778 a

1361 1796 1397 1820 se
1417 1788 1538 1821 absunt
1553 1791 1689 1828 mutuo,
1717 1799 1819 1832 quam
1843 1800 1863 1823 a
1883 1791 2009 1830 medio,
2031 1792 2188 1826 nimirum
2211 1793 2254 1828 ab
2271 1795 2406 1838 aequali-

1360 1842 1440 1874 tate.
1467 1843 1571 1874 Porro
1598 1842 1709 1883 aliqua
1735 1842 1835 1875 medii
1857 1843 2038 1877 similitudo
2051 1847 2102 1879 est
2127 1846 2162 1879 in
2187 1849 2332 1890 utroque
2348 1857 2403 1883 ex-

1360 1896 1466 1927 tremo
1481 1919 1490 1934 ,
1510 1895 1596 1927 sicut
1619 1895 1653 1926 in
1681 1895 1818 1928 audacia
1838 1895 2062 1937 fortitudinis,
2087 1900 2121 1931 et
2145 1899 2352 1935 liberalitatis
2368 1901 2405 1936 ln

1360 1945 1588 1988 prodigalitate
1605 1958 1613 1978 ε
1629 1948 1742 1979 contra
1761 1957 1839 1980 vero
1858 1948 1948 1981 nulla
1966 1948 2001 1981 in
2025 1950 2292 1987 extremitatibus
2308 1953 2404 1987 simi-

1358 1997 1464 2030 litudo
1483 1999 1549 2036 est,
1569 1997 1627 2030 sed
1647 1998 1829 2040 plurimum
1851 2000 1937 2034 inter
1958 2010 1993 2034 se
2008 2000 2169 2036 differunt
2190 2012 2200 2035 =
2224 2013 2302 2047 quae
2320 2015 2401 2040 vero

1358 2041 1538 2092 plurimum
1564 2049 1650 2082 intcr
1672 2059 1707 2083 se
1737 2050 1879 2090 distant,
1901 2051 2103 2086 definiuntur
2121 2063 2193 2089 esse
2212 2058 2396 2100 contraria.

1358 2105 1476 2145 Itaque
1497 2102 1597 2135 etiam
1621 2102 1725 2143 magis
1747 2103 1911 2136 contraria
1944 2104 2125 2145 habentur,
2165 2115 2244 2150 ‹111oe
2270 2107 2401 2152 longius

1355 2157 1441 2189 inter
1459 2165 1494 2188 se
1510 2155 1675 2197 disjuncta
1690 2157 1777 2188 sunt.

1394 2215 1536 2257 Longius
1551 2215 1663 2247 autem
1681 2213 1767 2247 inter
1782 2223 1817 2247 se
1839 2214 1963 2248 distant
1989 2217 2235 2258 extremitates,
2255 2228 2357 2263 quam
2377 2231 2399 2256 a
2445 2223 2450 2227 ’

1353 2274 1462 2308 medio
1486 2286 1494 2306 ε
1517 2282 1722 2316 quamquam
1743 2282 1821 2307 sane
1836 2282 1902 2306 non
1917 2275 2038 2317 aequali
2052 2276 2158 2318 spatio
2173 2278 2316 2322 utraque
2341 2279 2396 2315 di..

1352 2335 1419 2367 stat
1439 2332 1631 2366 extremitas
1651 2345 1658 2364 :
1681 2331 1740 2365 sed
1756 2332 1792 2365 in
1817 2332 2020 2374 quibusdam
2043 2334 2194 2370 defectus
2217 2328 2324 2380 magIs
2338 2347 2395 2382 op·
2426 2361 2428 2363 »

1349 2393 1483 2436 ponitur
1499 2391 1629 2433 medio,
1647 2399 1748 2434 quam
1766 2399 1937 2434 excessus3
1958 2393 1993 2426 in
2014 2393 2088 2427 aIiIs
2104 2396 2217 2429 contra
2237 2405 2392 2432 excessus

1347 2452 1463 2494 magis,
1479 2461 1579 2494 quam
1594 2450 1752 2484 defectus.
1767 2453 1917 2494 Namque
1931 2453 2012 2495 ipsae
2023 2453 2269 2489 mediocritates
2286 2455 2329 2490 ad
2338 2457 2390 2491 al-

1346 2512 1458 2544 terum
1477 2510 1582 2552 magis
1598 2510 1756 2543 inclinant
1782 2513 1978 2550 extremum,
1993 2520 2095 2554 quam
2111 2512 2155 2546 ad
2174 2513 2327 2554 alterum,
2352 2517 2389 2549 et

1345 2569 1444 2603 modo
1457 2568 1612 2608 defectui,
1629 2569 1727 2602 modo
1733 2570 1883 2603 excessui
1893 2570 2066 2604 similiores
2076 2573 2163 2605 sunt.
2181 2572 2282 2606 Verbi
2287 2581 2388 2609 causa

1345 2627 1506 2661 fortitudo
1527 2627 1662 2670 propius
1685 2628 1728 2661 ad
1744 2629 1914 2662 audaciam
1932 2629 2074 2669 accedit,
2091 2639 2191 2672 quam
2209 2631 2253 2665 ad
2266 2633 2388 2668 timidi-

1342 2689 1447 2721 tatem
1461 2700 1469 2720 :
1481 2687 1622 2729 ideoque
1634 2687 1734 2720 etiam
1740 2687 1845 2729 magis
1858 2687 2028 2721 timiditati
2040 2689 2203 2722 contraria
2212 2691 2272 2730 est,
2284 2700 2386 2734 quam

1342 2745 1498 2779 audaciae.
1517 2747 1644 2779 Rursus
1662 2746 1880 2789 temperantia
1894 2745 2022 2788 stupori
2036 2745 2174 2779 similior
2192 2748 2260 2786 est,
2282 2756 2383 2790 quam

1340 2804 1621 2847 intemperantiae;
1652 2806 1754 2847 atque
1767 2804 1891 2837 idcirco
1912 2803 2018 2846 magis
2039 2806 2090 2837 est
2118 2803 2380 2848 intemperantia}

1340 2862 1520 2901 contraria,
1542 2871 1643 2904 quam
1661 2863 1798 2905 stupori.
1819 2864 1921 2894 Porro
1937 2871 2003 2895 non
2013 2863 2145 2896 tantum
2160 2871 2200 2896 ea
2211 2872 2288 2906 qnae
2303 2873 2382 2899 (mm

1339 2923 1442 2955 altero
1458 2923 1684 2955 extremorum
1698 2923 1748 2954 est
1765 2920 1963 2962 similitudo,
1990 2921 2063 2963 eJus
2082 2930 2159 2964 quae
2179 2931 2256 2956 cum
2275 2923 2380 2958 altero

1338 2983 1564 3014 extremorum
1582 2982 1633 3013 est
1655 2979 1896 3013 contrarietatis
1920 2988 2021 3013 causa
2033 2980 2188 3023 habetur,
2206 2981 2265 3016 sed
2278 2982 2379 3017 etiam

1336 3042 1449 3073 nostro
1477 3039 1635 3073 beneficio
1665 3039 1732 3072 tale
1761 3038 1844 3082 quid
1865 3038 2036 3081 contingit
2055 3041 2167 3078 Quum
2193 3041 2280 3075 enim
2302 3041 2376 3076 vlro

1335 3099 1436 3139 bono,
1462 3099 1505 3132 ad
1528 3098 1790 3132 mediocritatem
1813 3097 1977 3137 tendenti,
2006 3107 2083 3131 cum
2110 3100 2377 3135 extremitatibus

1335 3168 1464 3203 semper
1484 3159 1528 3192 sit
1548 3157 1777 3202 pugnandum,
1802 3166 1841 3191 ea
1859 3159 1949 3191 certe
1964 3167 2042 3191 cum
2064 3167 2131 3200 qua
2146 3159 2252 3202 magis
2265 3159 2374 3194 1ucta-
2401 3171 2403 3173 ¹

1333 3223 1398 3258 tur,
1416 3219 1520 3261 magis
1549 3219 1650 3252 etiam
1669 3216 1778 3251 medio
1808 3217 1971 3249 contraria
2001 3216 2135 3250 videtur
2162 3218 2368 3254 extremitas.

236 3269 295 3308 καὶ
320 3272 368 3313 εἷς
399 3269 417 3308 ὃ
437 3270 542 3309 πλέον
564 3271 767 3321 κινούμεθα.
800 3271 914 3310 ‘'ste-re
946 3274 991 3316 εἰς
1012 3273 1030 3311 ὃ
1050 3275 1153 3313 πλέον
1175 3277 1271 3315 αὐτοὶ
1332 3278 1436 3320 Major
1449 3280 1560 3311 autem
1578 3277 1716 3310 luctatio
1732 3277 1783 3309 est
1804 3284 1881 3308 cum
1893 3275 1946 3314 iis,
1964 3275 2007 3308 ad
2024 3284 2101 3318 quae
2114 3277 2234 3310 natura
2244 3276 2368 3319 procli-

239 3328 426 3378 κινούμεθα
440 3358 451 3380 ,
472 3330 587 3369 ἐκεῖνο
606 3329 849 3383 ἐναντιώτερόν
871 3333 943 3370 ἔστι
960 3334 1008 3385 τῷ
1027 3331 1136 3386 μέσῳ.
1152 3334 1270 3373 Καθά-
1298 3327 1302 3381 Ι
1331 3336 1439 3371 viores
1466 3345 1592 3377 sumus,
1611 3337 1670 3369 aut
1690 3344 1757 3378 quo
1769 3334 1875 3377 magis
1889 3333 2098 3376 impellimur.
2149 3335 2370 3374 Quamobrem

275 3480 292 3498 *
312 3481 407 3513 Οὕτω
423 3481 451 3514 δ’
469 3482 697 3524 ἀντικειμένων
715 3484 859 3523 ἀλλήλοις
875 3485 1011 3517 τούτων.
1030 3487 1098 3518 κτλ.
1115 3503 1154 3508 -
1175 3485 1209 3503 **
1230 3488 1316 3529 Πρὸς
1333 3487 1367 3520 δὲ
1386 3489 1423 3520 τὸ
1442 3488 1539 3529 μέσον
1559 3487 1735 3519 ἀντίκειται
1751 3486 1821 3520 κτλ.

2502 959 2508 973 0
2493 897 2507 943 21-‘2
2495 788 2507 887 ι-ς-κω

2491 3133 2508 3248 un-2‘fif‘7v·
2499 3067 2501 3072 ⁴
2500 2997 2508 3047 -...s
2503 2968 2508 2975 f.
