2508 3776
242 244 259 277 '.·
306 237 354 279 δι’
365 239 510 312 ἑαυτῆς,
537 239 613 280 ἔστι
636 241 717 281 δὲ”
670 258 812 315 Ἡωσπερ
841 242 1058 296 ὑπάλλαγμα
1075 246 1136 292 τῆς

208 297 305 367 ξδἰδ
331 297 464 339 τούτων
501 299 616 340 τοίνυν
645 304 715 341 τῶν
750 303 887 356 μέτρων
923 301 1137 355 γνωσθείσης

227 359 326 406 τῆς
354 357 454 403 ἀξίας
480 361 549 398 τῶν
582 359 708 414 ἔργων,
740 364 764 410 ἡ
793 362 932 415 ἀλλαγὴ
955 362 1140 418 ἷσόῤῥοπος

283 415 306 455 ὰ
323 415 366 456 τὸ
387 418 573 468 ἀνάλογον.

166 507 194 539 ²2
208 471 282 515 δὲ
309 477 518 530 ἄναλογία”
498 494 599 518 εσται
626 479 936 526 ἄντιπεπονθότως·
957 479 1048 520 ουτω
1070 481 1139 536 γὰρ

265 537 454 585 ἰσασθῆναι
483 538 548 588 τὴν
580 540 754 591 ἀλλαγήν.
789 539 1082 580 Ἀντιπεπονθότα
1102 541 1139 580 δὲ

207 609 249 636 t
266 595 368 650 παρὰ
385 602 457 642 τοῖς
483 601 765 649 μαθηματικοῖς,
797 595 937 639 azau*
913 617 945 672 ῃ1
952 631 963 652 ,
985 603 1032 646 ὡς
1053 601 1093 640 τὸ
1117 617 1138 639 α

159 655 235 703 ’σὺ
252 659 300 710 β,
317 657 359 696 τὸ
379 673 402 709 γ
423 656 570 711 πρὸᾳτὸ
586 658 618 697 8·
637 658 698 696 καὶ
717 660 764 703 ὥς
782 659 822 698 τὸ
843 675 866 697 α
883 660 971 712 πρὸς
985 659 1077 712 τὸγ,
1099 661 1139 700 τὸ

203 714 272 756 ’.νδ
289 718 326 769 β·
348 717 380 756 εἰ
406 732 528 756 τουτον
549 716 662 756 τοίνυν
682 717 742 755 τὸν
761 716 889 770 τρόπον
911 717 1125 769 ἀνάλογον”
1107 735 1139 757 ε-

187 814 207 835 11,
223 776 514 828 ἃλλασσόμενα,
539 776 600 816 καὶ
627 778 661 816 οῖ
687 776 942 827 ἀλλάσσοντες,
963 777 1122 818 δικαία”
1102 794 1140 817 ε-

148 882 160 889 1
181 838 210 899 ἰ11
257 835 411 885 ἀλλαγή.
446 833 572 877 Ἔστω
603 836 671 891 γὰρ
699 836 914 887 σκυτοτόμος
949 838 1001 891 ἐφ’
1027 832 1067 877 ου
1098 853 1135 889 γ,

185 925 200 934 η.
248 925 261 948 ,
281 896 336 950 lq?
355 889 394 935 οὗ
411 912 450 947 α,
471 895 705 946 υποδήματα,
721 896 775 950 ἐφ’
797 899 835 936 οὗ
851 897 880 944 8,
903 902 1008 946 σῖτος,
1022 898 1076 950 ἐφ’
1090 900 1130 935 οὓ

260 953 331 1004 δὴ
357 956 416 995 τὸν
430 955 585 1024 γεωργὸν
608 955 694 1009 πρὸς
719 955 778 995 τὸν
793 955 922 995 σκυτέα
950 955 1135 996 διπλάσιον

166 1007 332 1064 ἔχειν,
352 1007 492 1048 ἔσται
473 1010 515 1057 οὴ
543 1009 604 1048 καὶ
629 1012 648 1048 6
675 1014 768 1054 σῖτος
786 1009 969 1055 διπΛᾶσιος
988 1014 1032 1064 τῇ
1054 1009 1134 1064 ἀξία

122 1067 424 1125 ὓποὸηματων
443 1070 473 1108 εἷ
488 1068 602 1109 τοίνυν
623 1068 721 1108 ἔσται
735 1071 780 1114 ὡς
799 1069 951 1122 γεωργὸς
970 1070 1057 1124 πρὸς
1075 1070 1134 1108 τὸν

99 1173 103 1180 .
139 1128 307 1183 1.,τὰ
317 1128 532 1178 ὅποδήματα
559 1128 645 1181 πρὸς
661 1128 724 1176 τὴν
745 1129 876 1183 τροφὴν
896 1129 919 1177 ἢ
939 1128 998 1168 τὸν
1017 1129 1134 1179 σῖτον,

144 1199 154 1211 ’
191 1202 193 1204 ·
251 1202 295 1228 α
308 1186 409 1227 ἔσται
428 1186 475 1227 τὰ
491 1187 704 1239 ὑποδήματα
719 1192 782 1228 τοῦ
807 1188 926 1237 σίτου,
947 1188 1007 1229 καὶ
1027 1189 1138 1236 οὕτως

183 1272 197 1277 --
243 1245 326 1293 ἄξια
340 1249 403 1288 τοῦ
425 1247 536 1287 σίτου·
563 1249 594 1287 εἷ
615 1247 651 1286 δὲ
669 1247 719 1299 μὴ
742 1247 851 1294 οὕτως
871 1252 893 1296 ἡ
915 1247 1056 1300 ἀλλαγὴ
1074 1249 1138 1301 γέ-

86 1303 105 1320 ’“
185 1306 257 1358 ,οὔ
273 1306 325 1347 δεῖ
338 1307 387 1352 εἷς
404 1309 531 1361 σχῆμα
552 1307 742 1359 ἀναλογίας
761 1306 857 1360 ἄγειν
885 1308 992 1355 αὐτά,
1011 1309 1050 1347 οὔ
1065 1308 1133 1361 γὰρ

200 1389 205 1397 ›
251 1365 451 1413 ἰσασθῆναι.
473 1367 518 1407 Ei
536 1366 604 1418 γὰρ
621 1365 743 1415 ἔσται,
761 1369 808 1412 ὡς
834 1369 853 1406 6
881 1366 1032 1420 γεωργὸς
1050 1367 1134 1422 πρὸς

92 1472 96 1474 1
144 1423 310 1472 muria,
328 1423 370 1464 τὸ
387 1423 488 1478 ἔργον
512 1428 573 1465 τοῦ
587 1441 743 1479 γεωργου
762 1425 782 1465 ὃ
805 1426 980 1477 λαμὸάνει
1007 1428 1026 1466 6
1045 1442 1135 1466 σκυ-

137 1479 296 1538 πρὸς
287 1484 330 1524 τὸ
347 1472 447 1538 ἔργον
468 1499 532 1524 του
551 1486 706 1530 σκυτέως
735 1485 754 1525 ὃ
784 1485 960 1538 λαμὸοίνει
979 1488 998 1525 6
1019 1502 1133 1540 γεωρ-

123 1541 350 1596 οὐκέσται
367 1542 498 1591 ἰσότης,
513 1543 594 1582 ἀλλ’
601 1543 684 1584 ὅταν
700 1546 1030 1591 ἀντιπεπονθότωςῖ
1011 1562 1135 1601 εχωσι,

124 1599 321 1655 ,ὓῂιγὴ
341 1601 469 1655 κυρίως
488 1601 550 1641 καὶ
563 1602 727 1642 κοινωνία
746 1603 895 1656 γίνεται.

106 1642 178 1709 ἔθ’*
170 1657 280 1707 *Ὁτι
295 1660 332 1702 δὲ
351 1663 374 1708 ἡ
387 1660 493 1714 χρεία
509 1659 649 1715 συνέχει
668 1662 731 1707 τὰς
749 1662 949 1712 πολιτείας,
968 1664 1029 1704 καὶ
1046 1681 1136 1712 αυτη

80 1720 345 1812 1,ρῆἑξὲκςοινιιονίοις
359 1735 451 1760 ποιει
435 1720 524 1760 ”aad
538 1719 602 1765 τὰς
619 1722 764 1767 ἑνώσεις
776 1752 787 1771 ,
803 1722 964 1776 καθάπερ
981 1723 1018 1762 ἕν
1033 1739 1067 1762 τι
1081 1723 1135 1776 ὄν,

170 1779 281 1824 ἵζ’καὶ
294 1780 366 1835 γὰρ
385 1780 470 1820 ὅταν
494 1779 545 1833 μὴ
566 1781 689 1835 χρείαν
719 1782 849 1836 ἔχωσιν
873 1783 1053 1834 ἀλλήλων,
1071 1786 1136 1824 οὐκ

86 1837 91 1840 ’
150 1848 155 1850 “
329 1840 442 1890 ,οὐδὲ
457 1844 682 1881 κοινωνοῦσιν
700 1843 866 1891 ἀλλήλοις
886 1842 910 1891 ἢ
936 1845 1019 1884 ὅταν
1034 1848 1052 1885 6
1072 1846 1137 1898 μὲν

39 1950 44 1951 1
64 1896 422 1954 Μιῆθατὲρου,
442 1899 564 1953 ἅτερος
591 1901 628 1941 δὲ
659 1901 804 1977 θατέρου
832 1904 956 1956 χρείαν
975 1906 1037 1944 οὔκ
1055 1906 1132 1959 ἔχῃ,

15 1992 37 2004 rs
51 2005 54 2010 ,
64 1958 266 2011 Qfflt
275 1959 344 2015 γὰρ
373 1961 502 2011 ὁμοίως
528 1961 759 2009 ἀκοινώνητοί
781 1965 886 2001 εἰσιν
908 1963 1031 2016 ὥσπερ
1050 1967 1135 2005 τοῦ-

50 2017 80 2055 ἴ
231 2018 350 2070 ,ὅταν
368 2014 410 2060 οὗ
431 2020 536 2072 μὲν”
516 2036 592 2074 εχει
611 2021 713 2066 αὐτὸς
736 2021 856 2069 δέηταί
876 2038 951 2076 τις,
973 2024 1076 2070 αὐτὸς
1096 2025 1133 2064 δὲ

174 2086 232 2129 η·
247 2073 297 2120 ὃν
315 2081 444 2125 ἐκεῖνος
462 2082 581 2120 δοῦναι
602 2081 760 2125 δυνατός.

46 2162 48 2167 v
108 2137 194 2161 ''⁴⁸'‘
204 2138 310 2180 Ἐπεὶ
321 2137 361 2180 δὲ
372 2139 543 2184 πολλάκις
554 2141 574 2178 6
590 2139 654 2190 μὲν
669 2140 822 2194 γεωργὸς
837 2141 948 2182 δεῖται
959 2158 1019 2182 του
1035 2142 1138 2196 ἔργου

33 2206 48 2231 .·,
82 2201 148 2239 τοῦ
157 2198 333 2248 τέκτονος,
344 2202 364 2239 ὁ
377 2199 415 2239 δὲ
431 2200 562 2240 τέκτων
579 2201 618 2238 οὐ
634 2201 745 2239 δεῖται
760 2218 821 2240 του
841 2207 1053 2255 γεωργικοῦ,
1072 2201 1130 2242 ἵνα

36 2257 66 2316 ’·[1
83 2256 131 2299 ἢ
148 2254 363 2310 mbae-m
386 2257 447 2298 καὶ
472 2259 508 2298 αἱ
526 2258 706 2299 κοινωνίαι
733 2256 937 2313 μήδέποτε’
968 2260 1137 2301 κωλύων-

57 2317 172 2370 m,
185 2317 397 2374 παρελήφθη
416 2317 458 2357 τὸ
475 2317 646 2369 νόμισμα·
667 2319 728 2359 καὶ
745 2325 847 2360 τοῦτο
869 2321 982 2366 διδοὺς
996 2323 1014 2360 ὁ
1029 2337 1138 2376 γεωρ-

51 2381 63 2403 ‘2'
102 2376 221 2441 ,1ῆᾷ
239 2374 376 2416 τίκτονι
395 2376 572 2429 λαμὸοίνει
595 2379 683 2432 παρ’
704 2380 836 2420 ἐκείνου
857 2382 898 2421 τὸ
921 2382 1091 2421 ἐκείνου’
1070 2398 1138 2436 ερ-

135 2432 198 2508 ·181
214 2431 258 2483 δὴ
273 2433 483 2486 τὸνόμισμα
503 2435 664 2489 καθάπερ
683 2438 891 2490 ἐγγυητής’
876 2456 951 2479 εστι
970 2442 1055 2493 πρὸς
1080 2442 1140 2481 τὸν

52 2536 53 2539 ¹
243 2491 332 2544 ,ὅτι
361 2495 504 2534 ἐπειδὰν
527 2498 599 2535 τῶν
632 2500 694 2536 τοῦ
724 2503 918 2552 γεωργικοῦ
947 2501 1075 2555 δεηθῇ,
1097 2502 1140 2541 δι’

43 2582 66 2615 11,
55 2546 210 2594 m
215 2522 372 2608 {ruffe-tut
392 2554 493 2608 παρὰ
525 2571 585 2595 του
610 2572 768 2611 γεωργου
798 2562 847 2598 ὧν
871 2561 908 2599 ἐν
932 2560 1036 2614 χρείᾳ
1075 2577 1136 2601 κα-

63 2611 309 2663 *1314ssss
330 2612 425 2654 οὕτω
451 2617 630 2654 κάνταῦθα
650 2620 668 2646 ⁸
690 2617 749 2656 διὰ
768 2617 832 2666 τὴν
858 2619 1055 2670 μέλλουσαν
1079 2637 1140 2661 του

48 2668 380 2743 Μᾎείαν
392 2676 416 2722 ἡ
432 2674 572 2726 ἀλλαγὴ
592 2675 652 2715 καὶ
671 2679 693 2724 ἡ
715 2678 879 2717 κοινωνία
897 2679 1043 2731 γίνεται.
1067 2680 1139 2720 Καὶ

59 2744 167 2804 ³33
230 2757 235 2764 ·
281 2757 285 2762 ι
333 2733 480 2785 δυνάμει
509 2734 585 2774 ἐστὶ
620 2736 737 2776 πάντα
771 2739 922 2792 σχεδόν,
947 2732 996 2778 ὧν
1027 2741 1139 2780 δεῖται

48 2788 110 2858 ”1--’1
202 2791 407 2834 Mem·
427 2793 489 2833 καὶ
511 2793 672 2842 ἡτούτου
687 2795 791 2849 χρεία
808 2797 966 2847 μάλιστα
985 2798 1093 2848 μένει·
1108 2801 1140 2840 εἰ

102 2850 226 2913 μὴ
244 2851 302 2898 ἀεὶ
319 2853 462 2905 ὁμοίιος.
498 2854 574 2895 Καὶ
598 2854 669 2909 γὰρ
698 2858 732 2895 ἐν
763 2856 828 2908 μὲν
860 2862 936 2901 ταῖς
965 2857 1140 2906 εὖθηνίαις

191 2911 274 2959 τίς
289 2915 383 2954 ἔστιν
395 2916 419 2962 ἡ
432 2914 537 2969 χρεία
558 2931 620 2955 του
640 2916 870 2968 νομίσματος·
887 2918 920 2956 ἕν
939 2915 976 2955 δὲ
995 2922 1071 2961 ταῖς
1087 2930 1141 2953 σι-

96 3007 109 3014 ,
142 2987 146 3008 5
183 2985 234 3017 ἐς
251 2971 379 3013 οὗκίτι·
392 2974 412 3000 ¹¹
431 2975 472 3014 οὖ
491 2972 562 3028 γὰρ
579 2973 621 3013 ἄν
635 2990 686 3020 τις
703 2974 818 3015 ἕλοιτο
839 2975 955 3028 ὀλίγον
972 2975 1142 3028 προέσθαι

53 3035 57 3043 ’
72 3026 127 3111 ‘7¹‘
184 3032 339 3074 πολλῶν
350 3035 594 3086 νομισμάτων.
607 3034 738 3087 Ὅμως
754 3034 791 3074 δὲ
805 3034 851 3074 δι’
865 3035 888 3075 ἃ
901 3035 1037 3088 εἴρηται
1051 3036 1142 3087 μαλ-

107 3089 259 3180 μένοι
273 3091 432 3142 ἡτούτου
447 3093 577 3148 χρεία,
591 3093 615 3142 ἢ
626 3097 649 3142 ἠ
663 3096 731 3133 τῶν
750 3094 879 3133 ἄλλων·
890 3094 944 3134 διὸ
962 3093 1141 3134 διῖποίντα

77 3197 94 3209 11
143 3199 154 3203 11
225 3166 268 3191 ι
257 3150 373 3192 ὀὕτω
385 3151 455 3207 γὰρ
473 3153 621 3193 δυνατὸν
640 3145 731 3192 εἶναι
745 3153 799 3193 ἀεὶ
814 3153 972 3206 ἀλλαγὴν
989 3152 1050 3192 καὶ
1064 3169 1138 3193 κοι-

62 3238 67 3247 .
108 3220 122 3228 ’“
167 3235 179 3240 *-
213 3227 229 3255 ι’
243 3211 331 3253 ’Atti’
349 3211 419 3266 γὰρ
439 3215 501 3253 τοῦ
522 3213 641 3252 παντα
663 3216 866 3267 μετρεῖσθαι
892 3212 954 3252 καὶ
973 3215 1143 3264 τιμᾶσθαι

27 3290 39 3306 .¹
55 3295 65 3302 2
88 3280 205 3303 «ᾌὮΙΗἼ
252 3293 254 3300 ›

52 2487 129 2523 *3⁸⁴⁴

588 152 889 195 ETHICORUM
918 152 1364 195 NICOMACHEORUM
1394 155 1765 196 PARAPHRASIS.

2171 159 2249 198 413

1200 258 1313 283 rerum
1340 259 1515 290 mensura,
1543 251 1602 293 qui
1624 253 1735 285 tamen
1757 260 1816 294 per
1829 260 1864 285 se
1879 260 1945 285 non
1959 251 2178 292 desideratur,
2195 254 2252 286 sed

1199 309 1296 352 quasi
1319 309 1354 342 in
1380 309 1490 343 locum
1515 309 1703 353 indigentiae
1730 310 1890 344 successit
1916 323 1924 343 :
1953 321 2060 355 quum
2090 312 2153 346 hac
2177 323 2254 355 ergo

1200 376 1356 401 mensura
1384 367 1513 411 singula
1535 378 1647 402 rerum
1680 370 1786 412 pretia
1816 371 2083 412 cognoverimus,
2116 374 2256 416 aequalis

1201 437 1262 472 pro
1273 428 1423 471 portione
1435 429 1637 471 permutatio
1652 430 1726 463 erit.

1245 489 1348 521 Porro
1363 487 1530 531 reciproca
1553 491 1586 522 et
1607 490 1703 532 quasi
1719 499 1738 523 e
1761 490 1893 525 talionis
1907 491 1980 534 lege
1996 492 2059 526 erit
2082 493 2155 527 haec
2177 504 2256 538 pro-

1201 547 1310 591 portio
1328 559 1336 580 :
1358 547 1480 591 quippe
1493 548 1539 581 ita
1555 549 1683 591 aequari
1700 550 1822 592 poterit
1843 553 2054 594 permutatio.
2079 554 2256 597 Reciproca

1201 609 1314 640 autem
1341 607 1405 640 hoc
1427 606 1527 640 modo
1547 607 1705 641 dicuntur
1735 609 1824 651 apud
1848 611 2121 653 mathematicos,
2149 623 2256 656 quum

1202 666 1289 700 sicut
1321 668 1347 700 Α
1378 666 1421 700 ad
1446 669 1483 707 B,
1514 667 1562 700 ita
1596 677 1632 701 se
1653 668 1753 702 habet
1779 670 1808 704 G
1825 669 1869 703 ad
1892 672 1952 703 D:
1984 673 2017 705 et
2037 674 2075 705 ut
2104 673 2189 706 Aad
2205 675 2253 713 G,

1202 725 1249 759 ita
1265 727 1295 758 D
1312 725 1355 759 ad
1371 728 1416 759 B:
1438 727 1466 760 si
1486 727 1550 760 hoc
1576 737 1654 770 ergo
1680 729 1779 762 modo
1803 739 1864 772 pro
1886 731 2038 773 portione
2060 733 2258 776 respondent

1202 793 1256 817 res
1273 786 1469 827 permutatae
1494 785 1710 830 hominesque
1728 790 1976 831 permutantes,
1992 790 2083 832 Justa
2096 791 2160 824 erit
2181 801 2258 834 per-

1202 844 1355 877 mutatio.
1370 844 1419 877 Sit
1433 844 1521 877 enim
1542 847 1636 878 sutor
1649 846 1706 879 ubi
1725 848 1765 886 G,
1792 847 1935 890 agricola
1955 849 2013 882 ubi
2030 852 2057 882 Α
2073 853 2136 890 est,
2158 851 2259 885 calcei

1201 903 1259 936 ubi
1282 904 1324 942 D,
1352 902 1558 937 frumentum
1575 905 1632 938 ubi
1652 907 1679 938 B
1704 918 1711 938 :
1730 915 1892 949 ponamus
1921 918 1997 951 ergo
2017 910 2194 952 agricolam
2216 911 2260 944 ad

1202 964 1350 995 sutorem
1371 961 1464 1005 dupli
1494 964 1656 998 rationem
1676 965 1798 1000 habere
1817 993 1824 1006 ,
1842 967 1990 1010 profecto
2007 971 2040 1002 et
2054 969 2259 1004 frumentum

1201 1021 1343 1064 duplicis
1372 1022 1471 1064 pretii
1493 1024 1655 1058 rationem
1690 1025 1734 1059 ad
1757 1026 1884 1060 calceos
1907 1027 2042 1061 habebit
2070 1042 2077 1061 :
2102 1030 2130 1062 si
2159 1030 2261 1072 igitur

1201 1079 1484 1124 quemadmodum
1502 1082 1646 1123 agricola
1668 1083 1711 1116 ad
1723 1086 1891 1123 sutorem,
1907 1085 1955 1118 sic
1971 1086 2071 1119 calcei
2091 1087 2134 1119 ad
2148 1087 2261 1120 cibum

1203 1139 1263 1171 aut
1293 1137 1500 1172 frumentum
1522 1149 1558 1173 se
1590 1141 1774 1182 habebunt,
1811 1153 1944 1178 necesse
1967 1145 2031 1178 erit
2056 1145 2159 1189 duplo
2187 1146 2262 1179 fru-

1201 1200 1352 1232 mentum
1368 1199 1530 1233 excedant
1559 1201 1676 1241 calcei,
1696 1204 1797 1245 atque
1812 1205 1860 1236 ita
1879 1203 2038 1238 frumenti
2054 1205 2199 1247 pretium
2213 1215 2262 1239 ae-

1201 1258 1353 1301 quabunt
1368 1272 1375 1291 z
1393 1258 1486 1301 quod
1510 1258 1575 1292 nisi
1599 1259 1647 1293 ita
1676 1259 1714 1292 fit
1740 1261 1960 1304 permutatio,
1982 1262 2018 1295 in
2041 1263 2261 1305 proportionis

1203 1319 1345 1355 formam
1369 1320 1434 1353 ista
1449 1320 1625 1364 redigenda
1641 1331 1706 1354 non
1725 1323 1838 1360 erunt,
1857 1322 1937 1364 quia
1959 1323 2086 1365 aequari
2101 1332 2166 1355 non
2184 1332 2262 1365 pos-

1204 1383 1293 1415 sunt.
1313 1381 1348 1415 Si
1374 1381 1463 1415 enim
1487 1380 1769 1424 quemadmodum
1798 1381 1942 1422 agricola
1967 1381 2010 1414 ad
2029 1383 2195 1420 sutorem,
2215 1381 2263 1414 sic

1203 1443 1238 1474 et
1262 1450 1346 1484 opus
1363 1441 1514 1484 agricolae
1538 1440 1630 1484 quod
1647 1441 1766 1483 accipit
1793 1443 1899 1480 sutor,
1918 1440 1962 1474 ad
1976 1450 2061 1483 opus
2080 1441 2203 1475 sutoris
2223 1451 2263 1475 se

1203 1501 1304 1536 hahet
1325 1501 1416 1545 quod
1445 1501 1565 1544 accipit
1598 1501 1743 1543 agricola
1757 1526 1766 1541 ‚
1798 1511 1864 1533 non
1889 1500 1953 1534 erit
1980 1501 2171 1544 aequalitas,
2204 1501 2263 1535 sed

1203 1568 1309 1604 quum
1328 1560 1494 1603 reciproca
1519 1559 1647 1594 accedit
1666 1559 1763 1599 talio,
1790 1562 1863 1592 tum
1882 1559 2021 1593 demum
2040 1560 2170 1603 proprie
2186 1569 2262 1603 per-

1202 1622 1345 1655 mutatio
1361 1621 1400 1654 fit
1414 1622 1449 1654 et
1466 1620 1732 1654 communicatio.

1247 1682 1431 1724 indigentia
1442 1683 1555 1714 autem
1569 1679 1729 1714 contineri
1745 1680 1919 1720 civitates,
1936 1690 2077 1723 eamque
2095 1690 2167 1715 esse
2184 1690 2262 1724 quae

1205 1734 1285 1767 vitae
1302 1734 1566 1766 communionem
1584 1732 1705 1766 efficiat
1730 1734 1764 1766 et
1780 1733 1942 1766 unitatem
1955 1759 1962 1771 ,
1981 1734 2139 1775 tanquam
2158 1742 2262 1766 unum

1205 1785 1303 1828 quid,
1322 1783 1536 1817 manifestum
1554 1786 1605 1818 est
1626 1795 1634 1816 ι
1661 1793 1765 1826 quum
1790 1783 1877 1817 enim
1896 1783 1981 1816 alter
2004 1783 2109 1817 altero
2124 1793 2189 1816 non
2210 1783 2262 1816 in-

1204 1833 1310 1876 diget,
1328 1843 1394 1866 non
1415 1834 1607 1875 permutant
1627 1841 1735 1874 neque
1755 1831 2003 1864 communicant
2018 1831 2107 1864 inter
2120 1840 2157 1864 se
2175 1844 2183 1863 :
2202 1832 2262 1863 aut

1205 1894 1312 1928 quum
1336 1893 1424 1916 unus
1441 1883 1576 1926 quidem
1597 1883 1711 1921 altem,
1746 1882 1831 1915 alter
1852 1883 1964 1914 autem
1995 1880 2100 1913 altero
2120 1889 2186 1912 non
2212 1879 2259 1911 in-

1205 1935 1314 1978 diget,
1332 1944 1375 1968 ne
1393 1935 1441 1968 sic
1461 1934 1597 1977 quidem
1619 1934 1772 1968 similiter
1791 1932 2036 1967 communicant
2052 1945 2060 1965 ε
2080 1931 2171 1974 quod
2190 1940 2264 1963 con-

1206 1990 1259 2021 tra
1280 1990 1354 2022 tum
1369 1989 1504 2023 demum
1530 1987 1640 2019 locum
1660 1985 1760 2019 habet
1773 2011 1780 2024 ,
1809 1994 1915 2027 quum
1933 1983 2025 2026 quod
2049 1983 2171 2026 aliquis
2193 1982 2263 2024 ipse

1206 2039 1368 2080 possidet,
1397 2048 1437 2072 eo
1459 2039 1532 2081 eget
1548 2037 1643 2076 alter,
1665 2036 1736 2079 ipse
1753 2037 1866 2069 autem
1887 2044 2005 2068 rursus
2021 2037 2095 2077 eget
2116 2043 2155 2067 eo
2172 2032 2264 2076 quod

1206 2085 1262 2120 ille
1274 2087 1354 2121 dare
1374 2088 1494 2130 potest.

1247 2149 1360 2185 Quum
1375 2156 1456 2180 vero
1470 2154 1698 2189 saepenumero
1722 2144 1867 2186 agricola
1890 2142 1975 2176 fabri
1988 2151 2087 2185 opere
2105 2141 2259 2184 indigeat,

1205 2206 1263 2240 sed
1281 2206 1433 2249 agricolae
1451 2215 1549 2248 opere
1573 2214 1638 2238 non
1655 2204 1800 2247 indigeat
1825 2202 1918 2236 faber
1929 2229 1936 2242 ‚
1955 2211 1997 2235 ne
2016 2211 2164 2244 unquam
2185 2210 2262 2243 per-

1205 2264 1348 2298 mutatio
1365 2266 1398 2298 et
1414 2262 1672 2297 communicatio
1694 2261 1925 2305 impediretur,
1941 2260 2091 2294 adhiberi
2106 2268 2264 2293 nummus

1205 2324 1304 2367 coepit
1319 2337 1326 2357 :
1343 2324 1433 2357 hunc
1450 2332 1556 2366 quum
1579 2322 1674 2355 fabro
1691 2321 1794 2355 tradit
1815 2321 1960 2363 agricola
1977 2347 1985 2360 ,
2012 2320 2158 2354 vicissim
2172 2319 2264 2354 illius

1204 2393 1289 2427 opus
1309 2382 1351 2417 ab
1375 2392 1414 2416 eo
1435 2381 1554 2424 accipit
1580 2396 1588 2415 ε
1617 2381 1677 2424 qui
1699 2381 1836 2424 quidem
1867 2389 2026 2413 nummus
2049 2379 2143 2412 fabro
2166 2377 2262 2421 quasi

1204 2444 1359 2486 spondet,
1387 2444 1445 2477 uhi
1473 2443 1557 2487 quid
1578 2452 1692 2476 eorum
1724 2451 1801 2484 quae
1828 2440 1871 2474 ad
1900 2440 2064 2474 rusticum
2096 2437 2264 2481 pertinent

1204 2504 1391 2543 desideret,
1408 2502 1478 2537 fore
1493 2505 1532 2536 ut
1545 2503 1695 2546 pecuniae
1713 2500 1872 2535 beneficio
1892 2509 1970 2543 quae
1991 2499 2055 2543 ipsi
2078 2497 2263 2534 necessaria

1205 2563 1283 2594 sunt
1301 2561 1344 2594 ab
1365 2561 1508 2603 agricola
1524 2560 1673 2603 accipiat.
1693 2561 1802 2601 Atque
1817 2558 1866 2591 ita
1892 2557 1972 2601 quia
1987 2555 2166 2599 aliquando
2178 2565 2264 2599 quo-

1204 2630 1271 2663 que
1285 2620 1432 2662 indigere
1448 2620 1572 2653 talibus
1594 2619 1688 2652 faber
1705 2607 1853 2661 poterit,
1870 2616 2073 2660 permutatio
2093 2615 2149 2648 hic
2170 2615 2207 2648 fit
2229 2617 2264 2648 et

1205 2680 1468 2714 communicatio.
1486 2679 1576 2718 Quin
1586 2679 1687 2713 etiam
1697 2687 1855 2712 nummus
1868 2677 2017 2721 potentia
2033 2675 2102 2709 fere
2114 2674 2264 2708 omnium

1203 2739 1309 2773 instar
1327 2742 1398 2779 est,
1415 2739 1450 2773 in
1464 2739 1588 2782 quibus
1604 2739 1691 2772 alter
1715 2738 1854 2772 alterius
1880 2746 1979 2780 opera
2008 2736 2134 2778 indiget
2154 2745 2160 2766 ε
2185 2744 2259 2767 ma-

1204 2800 1374 2843 netquein
1396 2799 1514 2843 primis
1539 2799 1642 2842 hujus
1658 2799 1708 2833 rei
1730 2797 1930 2836 necessitas,
1950 2796 2108 2840 quamvis
2130 2805 2196 2828 non
2212 2804 2264 2828 eo-

1204 2859 1282 2893 dem
1298 2868 1428 2902 semper
1452 2859 1563 2892 modo.
1585 2858 1719 2892 Etenim
1748 2858 1784 2892 in
1811 2866 1950 2891 annonae
1971 2856 2100 2890 vilitate
2119 2855 2263 2888 maxime

1204 2919 1410 2952 necessarius
1435 2920 1487 2952 est
1507 2927 1685 2958 nummus,
1703 2918 1738 2952 in
1749 2918 1890 2952 caritate
1910 2918 2047 2956 contra,
2067 2926 2134 2950 non
2149 2916 2231 2949 item
2251 2924 2260 2945 t

1205 2979 1284 3022 quia
1297 2989 1362 3013 non
1372 2978 1468 3013 facile
1478 2981 1551 3012 tum
1568 2979 1756 3023 reperiatur
1771 2979 1830 3023 qui
1840 2988 1959 3022 parum
1972 2978 2132 3012 frumenti
2145 2986 2263 3019 magno

1204 3041 1332 3072 emtum
1349 3039 1424 3072 aliis
1447 3038 1633 3073 condonare
1656 3039 1749 3073 velit.
1779 3038 2003 3073 Nihilominus
2022 3040 2132 3072 tamen
2156 3037 2199 3071 ob
2223 3046 2262 3070 ea

1203 3107 1282 3142 quae
1308 3098 1399 3132 dicta
1418 3100 1496 3132 sunt
1521 3098 1630 3143 magis
1655 3097 1758 3143 hujus
1787 3108 1891 3143 quam
1922 3101 2121 3133 caeterarum
2149 3106 2261 3132 rerum

1203 3161 1316 3192 manet
1337 3159 1517 3192 necessitas
1535 3171 1543 3191 ι
1563 3158 1706 3203 ideoque
1721 3159 1833 3193 omnia
1847 3159 2007 3193 aestimari
2023 3161 2163 3201 oportet,
2182 3157 2261 3200 quia

1205 3217 1254 3251 ita
1274 3218 1411 3252 demum
1440 3228 1571 3263 semper
1598 3219 1803 3263 permutatio
1819 3220 1854 3253 et
1873 3219 2129 3253 communicatio
2150 3218 2260 3251 locum

93 3344 98 3358 ἒ
114 3342 156 3390 ¹⁵3⁸
173 3347 291 3404 'nnat
307 3372 348 3413 δὴ
365 3371 622 3413 ἂντιπεπονθός.
645 3371 725 3405 ὅταν
739 3372 860 3413 ῖσασθῆ
879 3371 948 3406 κτλ·
971 3388 1010 3395 -
1029 3371 1070 3392 *⁴*
1084 3369 1163 3405 Ὅτι
1179 3369 1210 3403 δ’
1226 3373 1246 3410 ἢ
1265 3370 1362 3415 Χρεία
1380 3370 1508 3413 συνέχει
1523 3373 1593 3405 κτλ·
1608 3388 1650 3395 -
1668 3371 1731 3393 *4*
1751 3370 1846 3415 Ὑπὲρ
1868 3372 1904 3405 δὲ
1923 3376 1980 3411 τῆς
2004 3371 2182 3413 μελλούσης
2199 3372 2256 3404 ἀλ·

11 3408 35 3450 ·.‡
89 3411 187 3459 λαγῆς
195 3415 266 3451 κτλ.
