2508 3776
634 172 943 215 ETHICORUM
970 171 1425 216 NICOMACHEORUM
1455 170 1831 213 PARAPHRASIS.

143 258 209 301 καὶ
226 258 319 300 κατὰ
336 259 439 312 λόγον
470 262 594 306 αὐταῖς
623 262 840 316 χρήσασθαι.
872 265 1004 304 Λύεται
1034 265 1071 304 δὲ
1093 265 1136 313 δὴ
1169 268 1192 313 ἡ

144 319 279 374 impio
299 319 420 365 οὕτως·
449 327 525 366 ταῖς
544 323 608 372 μὲν
627 322 842 378 συμμέτροις
862 325 1004 372 ἡδοναῖς
1025 326 1061 364 αἱ
1091 326 1191 364 ἀντι-

146 377 307 432 κσίμοναι
339 380 449 420 λῦπαι
469 382 531 420 οὐκ
552 381 683 435 ἀγαθαί
712 383 813 422 εἰσιν·
841 385 878 423 αἱ
897 383 965 437 γὰρ
998 383 1195 439 σύμμετροι

59 474 85 486 ,ε
143 439 349 492 mutuat
384 440 505 487 ἡδοναὶ
523 441 676 493 ἀγαθαί,
710 445 788 481 καθ’
810 442 892 482 ὅσον
912 443 928 467 ¹’
948 446 987 483 οὗ
1007 444 1127 484 κακαί·
1157 445 1193 483 αἱ

139 497 183 539 ἃ
200 504 278 544 ταῖς
297 500 602 554 ὓπερὸαλλούσαις
618 502 855 554 ἄντικείμεναι
876 503 1036 557 μέτριαι,
1059 503 1120 543 καὶ
1135 505 1193 544 οὗ·

143 555 183 597 δὲ
201 558 330 607 λ’ὔπαι,
346 560 407 599 καὶ
428 559 485 599 διὰ
502 566 603 601 τοῦτο
622 563 660 600 οὗ
694 562 854 615 φευκταί.
885 561 1000 602 (Ὠστε
1016 568 1086 602 πᾶν
1108 565 1196 616 ἀγα-

62 619 85 650 ¹:ss
142 615 203 657 θὸν
219 623 358 672 φευκτῷ
378 621 472 660 ἔστιν
495 620 663 669 ἐναντίον,
685 621 746 660 καὶ
767 624 802 659 αῖ
826 623 959 674 φαῦλαι
976 621 1100 669 ἡδοναὶ
1120 628 1196 667 ταῖς

144 678 293 735 ἅγαθαῖς
321 679 448 726 λύπαις
479 680 566 720 εἰσὶν
591 680 765 729 ἐναντίαι,
799 679 859 719 καὶ
890 682 925 719 αἱ
959 681 1089 733 ἀγαθαὶ
1118 682 1194 725 ταῖς

143 745 322 791 φευκταῖς.

199 800 372 855 (Scripsi
393 814 403 841 :
420 810 437 828 ⁸
452 800 587 853 λῦπαι]
605 801 692 840 cod.
716 801 838 840 λύπαι.
860 801 925 840 Sic
942 802 1056 841 etiam
1080 812 1192 841 caete-

144 861 198 902 ris
219 861 331 902 locis.
346 862 426 891 —1’
444 862 523 906 καθ’
543 859 642 911 ὅσον]
663 860 752 899 cod.
771 859 935 901 καθόσον.
954 862 1033 914 —)

570 976 663 1030 Κεφ.
696 974 766 1028 κγ’.

141 1087 204 1123 Διόι
224 1085 256 1121 τί
271 1089 303 1122 αἱ
318 1087 507 1130 σωματικαὶ
525 1087 642 1126 ἡδοναὶ
655 1087 722 1119 τῶν
737 1087 946 1131 θεωρητικῶν
972 1089 1187 1133 αἱρετώτεραι

596 1136 743 1171 δοκοῦσι.

197 1233 215 1251 *
225 1231 330 1274 Ἐπεὶ
341 1233 378 1273 δὲ
386 1233 425 1273 οὗ
436 1232 540 1284 μόνον
559 1235 610 1273 δεῖ
624 1235 732 1273 εἰπεῖν
748 1234 789 1273 τὸ
807 1233 948 1286 ἀληθές,
964 1235 1057 1274 ἀλλὰ
1068 1235 1128 1275 καὶ
1141 1235 1198 1276 διὰ

143 1291 179 1334 τί
193 1293 290 1347 δοκεῖ
305 1293 346 1332 τὸ
359 1292 512 1334 ἐναντίον
530 1294 654 1348 ψεῦδος
675 1292 812 1341 ἀληθές·
827 1297 930 1334 τοῦτο
944 1294 1012 1348 γὰρ
1037 1295 1199 1346 συμὸάλ-

143 1352 244 1393 λεται
263 1353 350 1406 πρὸς
369 1352 411 1392 τὸ
426 1356 613 1392 πιστεῦσαι
635 1351 698 1400 τὴν
718 1353 897 1401 ἀλήθειαν·
915 1353 999 1393 ὅταν
1015 1355 1084 1408 γὰρ
1106 1358 1198 1409 φανῇ

143 1415 167 1462 ἡ
190 1413 287 1452 αἰτία
299 1444 310 1462 ,
328 1412 371 1452 δι’
389 1412 434 1461 ἣν
461 1411 603 1457 εἰκότως
626 1412 668 1452 τὸ
686 1413 811 1466 ψεῦδος
829 1412 977 1461 ἀλήθεια
1004 1415 1121 1464 δοκεῖ,
1140 1417 1200 1454 καὶ

143 1474 167 1521 ἡ
195 1473 301 1521 αὐτῆς
326 1471 446 1522 ἀπάτη
479 1473 650 1526 ἐλεγχθῇ,
676 1471 852 1511 πιστεύειν
883 1476 979 1512 ποιεῖ
997 1475 1048 1528 τῷ
1076 1476 1200 1522 ἀληθεῖ

144 1533 295 1584 μᾶλλον·
317 1530 408 1571 ὥστε
427 1531 568 1572 λεκτέον
595 1530 655 1570 διὰ
677 1531 711 1570 τί
740 1531 920 1585 φαίνονται
937 1535 974 1572 αἱ
995 1535 1200 1584 σωματικαὶ

143 1589 265 1639 ἡδοναὶ
283 1589 512 1644 αἱρετώτεραι
530 1593 599 1630 τῶν
617 1590 742 1645 κυρίως
764 1593 904 1643 ἀγαθῶν
924 1592 1075 1639 ἡδονῶν.
1096 1595 1201 1647 Πρῶ-

142 1666 203 1692 τον
221 1648 307 1702 μέν,
335 1649 390 1689 ὅτι
420 1650 573 1704 ἷατρεῖαί
593 1652 660 1690 εἶσι
680 1651 758 1695 ταῖς
781 1649 910 1695 λύπαις
938 1655 1016 1697 ταῖς
1037 1659 1197 1700 σωματί·

142 1710 246 1759 xiie,
263 1709 325 1751 καὶ
343 1708 475 1755 ταύτας
492 1710 620 1764 ῥαδίως
641 1710 848 1764 ἔκκρούουσι
880 1711 941 1750 καὶ
969 1713 1126 1765 μεγάλας
1146 1714 1201 1754 οὔ-

144 1785 210 1816 σας
225 1771 262 1810 αἱ
279 1769 567 1823 ὖπερὸάλλουσαι
588 1771 735 1820 ἡδοναί,
766 1770 827 1809 καὶ
848 1771 906 1809 διὰ
927 1776 1029 1812 τοῦτο
1050 1773 1196 1813 διώκον-

143 1845 203 1871 ται
219 1829 319 1883 παρὰ
345 1828 405 1869 τὸν
431 1830 552 1883 καιρὸν
580 1833 644 1877 τῆς
670 1828 786 1877 λύπης
816 1832 880 1877 τῆς
899 1835 1125 1884 σωματικῆς,
1147 1833 1200 1874 δ’τι

144 1891 302 1931 δοκοῦσιν
318 1890 472 1944 ἰατρεῖαι
491 1883 581 1930 εἶναι
601 1889 768 1944 σφοδραί,
789 1890 850 1929 καὶ
868 1891 997 1945 ῥαδίως
1015 1894 1199 1933 ἀπαλλάτ-

140 1965 244 1991 τουσι
267 1952 330 1998 τ’ἤς
355 1949 415 1988 ἐπὶ
443 1953 487 2003 τῇ
515 1950 628 2003 ἐνδείᾳ
657 1953 726 1989 τῶν
757 1949 868 1998 ἡδέων
894 1951 1020 2000 λύπης·
1054 1953 1198 2005 ἔπειτα,

143 2010 231 2052 διότι
250 2009 436 2050 διώκονται
461 2009 561 2063 παρὰ
580 2013 649 2049 τῶν
673 2010 721 2061 μὴ
753 2011 956 2062 δυναμένων
978 2012 1102 2058 ἄλλαις
1120 2016 1200 2063 ἡδο-

142 2074 219 2116 ναῖς
239 2069 393 2124 χαίρειν.
414 2070 550 2110 Πολλοὶ
576 2069 612 2108 δὲ
632 2071 664 2109 οἳ
684 2074 846 2110 τοιοῦτοι·
867 2071 928 2109 καὶ
958 2070 1013 2110 διὰ
1035 2076 1139 2112 τοῦτο
1161 2074 1200 2114 τὸ

144 2129 204 2170 ὑπ’
222 2126 338 2169 αὖτῶν
362 2129 572 2180 ζητούμενον
602 2129 733 2181 ἀγαθόν
761 2146 795 2168 τι
823 2131 917 2169 δοκεῖ
950 2131 1010 2170 καὶ
1050 2134 1198 2186 αἱρετόν·

144 2187 267 2234 οἵτινες
289 2190 327 2229 οὗ
346 2187 410 2234 τὰς
430 2191 470 2229 ἐκ
491 2190 628 2244 φύσεως
653 2189 838 2240 ἐπιθυμίας
851 2191 1072 2241 ἐμπιπλάναι
1093 2193 1199 2244 μόνον

143 2248 421 2298 σπουδάζουσιν,
442 2248 534 2288 ἀλλὰ
553 2248 613 2288 καὶ
629 2249 889 2294 ἐπισκευαστάς
902 2266 1000 2296 τινας
1011 2251 1199 2303 ἐπιθυμίας

143 2310 319 2349 ἐπινοοῦσι
332 2339 343 2359 ,
365 2308 426 2348 καὶ
445 2308 549 2362 δίψας
569 2308 666 2354 τινὰς
687 2309 1015 2364 παρασκευάζουσιν
1038 2313 1195 2362 ἑαυτοῖς,

135 2366 201 2419 ἵνα
232 2367 404 2409 δύνωνται
425 2367 483 2408 διὰ
513 2368 643 2413 παντὸς
672 2368 833 2417 ἥδεσθαι.
857 2371 973 2409 Τοῦτο
993 2370 1048 2420 δέ,
1079 2375 1109 2411 εἰ
1134 2372 1198 2421 μὲν

141 2429 210 2483 οὐχ
227 2426 432 2481 ὓπερὸαίνει
446 2427 504 2467 τὸν
521 2426 624 2481 λόγον
644 2428 705 2467 καὶ
719 2428 759 2468 τὸ
781 2427 919 2482 μέτριον
934 2458 945 2477 ,
963 2429 1041 2470 οὔτε
1066 2432 1198 2484 βλαὸε-

135 2487 203 2542 ρόν
222 2490 329 2528 ἐστιν·
360 2489 398 2527 αἱ
421 2488 490 2541 γὰρ
510 2487 707 2542 σύμμετροι
729 2489 876 2537 ἡδοναὶὲι
906 2491 946 2529 οὗ
967 2491 1197 2541 λυμαίνονται

139 2551 196 2602 τῷ
217 2547 359 2599 σώματι
373 2577 384 2597 ,
407 2547 468 2587 καὶ
489 2547 742 2600 ἄνεπιτίμητόν
771 2549 878 2588 ἐστιν·
903 2549 932 2587 εἷ
962 2549 998 2588 δὲ
1019 2551 1198 2604 ὑπερὸοίλ-

143 2609 244 2648 λουσι
261 2608 324 2649 καὶ
341 2608 514 2664 βλαὸεραί
533 2610 620 2648 εἰσιν
646 2611 684 2648 αἱ
704 2609 916 2660 διωκόμεναι
939 2610 1083 2660 ἡδοναί,
1104 2616 1193 2666 φαῦ-

142 2668 216 2710 λον.
246 2667 512 2721 Ἀνεπιτίμητον
545 2667 581 2708 δέ
615 2671 690 2708 ἐστι
722 2669 763 2708 τὸ
793 2673 950 2722 χρῆσθαι
983 2673 1197 2725 συμμέτροις

117 2725 125 2733 ⁶
141 2729 304 2779 ἡδοναῖς,
321 2729 376 2770 ὅτι
394 2729 533 2782 ἀνάγκη
547 2732 701 2782 χρῆσθαι
724 2729 783 2769 τὸν
803 2731 983 2784 ἄνθρωπον
1005 2739 1077 2778 τοῖς
1097 2735 1196 2782 ἡδέσι

143 2789 202 2828 διὰ
221 2788 286 2839 τὴν
307 2789 408 2843 φύσιν
431 2789 486 2828 ἀεὶ
516 2784 622 2828 οὖσαν
644 2792 679 2829 ἐν
708 2789 805 2844 πόνῳ
829 2789 890 2829 καὶ
921 2792 1088 2844 δεομένην
1109 2795 1198 2841 τινὸς

143 2849 289 2899 ἡδονῆς,
310 2850 431 2902 ὥσπερ
452 2849 698 2894 ἀναπαύσεως·
721 2850 775 2888 ἀεὶ
793 2849 862 2903 γὰρ
880 2858 978 2891 πονεῖ
997 2853 1038 2891 τὸ
1060 2856 1158 2907 ζῷον,
1173 2868 1191 2892 1>

142 2907 264 2962 ὥσπερ
281 2909 343 2950 καὶ
372 2912 404 2949 οἳ
425 2910 564 2963 φυσικοὶ
580 2909 678 2962 λόγοι
706 2915 935 2964 μαρτυροῦσι·
960 2913 1102 2964 λέγουσι
1135 2914 1198 2969 γὰρ

141 2968 184 3011 τὸ
203 2972 289 3025 ὃρᾷν
307 2970 369 3011 καὶ
390 2969 428 3009 τὸ
447 2969 586 3010 ἀκούειν
603 2972 760 3026 λυπηρὸν
786 2966 875 3010 εἶναι
887 3002 898 3020 ,
926 2973 983 3012 διὰ
1005 2975 1041 3014 δὲ
1067 2975 1107 3015 τὸ
1126 2976 1200 3022 ἔθος

142 3031 182 3071 οὗ
205 3034 362 3070 τοιοῦτον
376 3030 502 3069 δοκεῖν·
530 3030 588 3070 διὰ
604 3035 706 3072 τοῦτο
723 3032 827 3086 χρεία
843 3035 895 3085 τῷ
921 3034 1095 3089 ἀνθρώπῳ
1115 3037 1197 3083 ἠδο-

55 3079 77 3137 ’,
139 3092 218 3139 ἰῆς·
255 3085 285 3146 ᾧ
319 3090 356 3130 δὲ
388 3092 452 3130 οὒκ
491 3091 578 3130 εἷσὶν
619 3093 655 3130 αἱ
682 3093 893 3145 θεωρητικαὶ
924 3094 1069 3143 ἡδοναί,
1099 3101 1198 3135 πᾶσα

144 3149 282 3202 ἇνᾶγκη
302 3156 378 3196 ταῖς
405 3156 623 3202 σωματικαῖς
657 3155 823 3205 χρῆσθαι·
844 3154 876 3191 οἱ
908 3147 968 3192 oliv
989 3153 1199 3208 συμμέτρως

143 3208 337 3264 χριιῒμενοι,
357 3209 419 3250 καὶ
432 3210 553 3263 ὥσπερ
569 3214 608 3250 οὐ
625 3212 710 3265 πρὸς
727 3211 765 3250 τὸ
785 3212 1006 3266 διαφθεῖραιο
1026 3213 1065 3252 τὸ
1080 3217 1197 3265 σῶμα,

146 3269 210 3309 οὐκ
241 3271 485 3322 ἐπιτιμῶνται.
521 3271 678 3323 Ὁμοίως
708 3271 744 3310 δὲ
777 3268 964 3311 διώκονται
1009 3275 1045 3312 αἱ
1076 3274 1199 3321 ἡδοναὶ

145 3328 215 3370 ὑπὸ
225 3331 295 3370 τῶν
315 3329 422 3379 νέων,
440 3330 600 3384 καθάπερ
619 3331 686 3371 ὑπὸ
702 3335 770 3371 τῶν
789 3332 1016 3380 ἀκολάστων,
1035 3333 1114 3373 ὅσαι
1132 3333 1199 3373 εἰσὶ

2230 169 2309 209 487

1254 268 1316 301 uti.
1344 267 1493 301 Solvitur
1510 276 1587 309 ergo
1610 267 1673 301 hoc
1690 266 1790 300 modo
1808 265 1951 310 quaestio
1969 264 2122 300 :dolores
2137 263 2311 298 mediocri-

1255 329 1319 362 bus
1347 328 1576 371 voluptatibus
1599 328 1758 361 contrarii
1785 337 1852 361 non
1881 329 1960 361 sunt
1981 326 2058 361 boni
2093 335 2102 359 :
2128 325 2312 359 mediocres

1256 388 1343 422 enim
1363 388 1510 430 corporis
1526 387 1719 431 voluptates
1737 389 1816 420 sunt
1832 387 1946 427 bonae,
1965 388 2133 429 quatenus
2148 395 2215 419 non
2234 386 2313 418 sunt

1255 448 1353 480 malae
1371 459 1377 479 ε
1399 447 1457 490 qui
1477 457 1556 480 vero
1570 447 1682 480 nimiis
1695 449 1773 480 sunt
1785 446 1941 490 oppositi,
1965 448 2044 479 sunt
2054 445 2255 484 mediocres,
2274 453 2314 477 ac

1256 516 1297 539 ne
1314 506 1444 539 dolores
1461 506 1596 549 quidem
1610 533 1617 546 ,
1646 506 1790 550 ideoque
1817 515 1881 538 non
1902 504 2060 547 fugiendi.
2089 504 2314 543 Quamobrem

1256 576 1352 600 omne
1370 567 1493 599 bonum
1506 566 1555 599 illi
1571 566 1661 610 quod
1681 565 1874 608 fugiendum
1892 567 1960 602 est,
1986 564 2174 607 opponitur,
2199 564 2316 597 malae-

1256 636 1322 669 que
1337 627 1526 669 voluptates
1539 626 1633 660 bonis
1645 626 1815 659 doloribus
1828 624 2004 658 contrariae
2015 626 2105 665 suut,
2122 624 2209 657 sicut
2221 624 2316 657 bonae

1257 684 1430 728 fugiendis.

1680 995 1759 1038 cap.
1789 996 1907 1028 xxm.

1259 1096 1320 1126 Cur
1338 1096 1481 1135 corporis
1499 1096 1670 1134 voluptates
1688 1096 1937 1134 contemplativis
1954 1096 2051 1133 magis
2072 1096 2249 1135 expetendae
2271 1097 2322 1127 vi-

1718 1143 1859 1172 deantur.

1303 1250 1469 1290 Quoniam
1489 1251 1603 1283 autem
1621 1259 1687 1282 non
1706 1248 1815 1282 solum
1842 1248 1877 1282 id
1903 1248 1994 1292 quod
2022 1258 2139 1282 verum
2165 1250 2234 1287 est,
2257 1248 2323 1282 dici

1260 1306 1377 1347 debet,
1399 1305 1458 1339 sed
1486 1306 1588 1339 etiam
1616 1315 1678 1339 cur
1693 1304 1728 1338 id
1757 1304 1849 1348 quod
1873 1304 2079 1338 contrarium
2101 1306 2171 1343 est,
2204 1304 2323 1337 falsum

1260 1371 1397 1405 nempe,
1418 1371 1535 1395 verum
1551 1369 1624 1395 esse
1642 1361 1798 1394 videatur
1823 1374 1831 1393 ι
1856 1369 1935 1393 nam
1962 1360 2026 1392 hoc
2053 1359 2096 1393 ad
2121 1359 2221 1393 fidem
2244 1368 2324 1392 vero

1261 1418 1446 1452 faciendam
1460 1418 1549 1451 valet
1567 1427 1575 1446 τ
1603 1427 1709 1461 quum
1723 1417 1811 1450 enim
1827 1426 1928 1450 causa
1940 1417 2152 1460 apparuerit,
2175 1425 2236 1449 cur
2248 1417 2324 1459 jure

1260 1484 1380 1509 verum
1391 1473 1547 1507 videatur
1561 1473 1652 1517 quod
1669 1475 1720 1507 est
1736 1472 1858 1506 falsum
1869 1498 1877 1513 ‚
1892 1473 2030 1516 eiusque
2047 1472 2211 1515 opinionis
2229 1473 2325 1506 vani-

1261 1531 1315 1563 tas
1327 1529 1479 1562 convicta
1489 1527 1591 1561 fuerit
1600 1553 1609 1569 ‚
1623 1527 1785 1570 maj0rem
1800 1536 1880 1560 vero
1893 1526 1993 1560 fidem
2007 1527 2160 1560 conciliat
2181 1526 2324 1561 :idcirco

1261 1585 1491 1628 exponendum
1516 1584 1617 1618 etiam
1635 1584 1719 1624 erit,
1749 1593 1810 1617 cur
1838 1583 1986 1627 corporis
2005 1584 2195 1626 voluptates
2217 1584 2325 1627 magis

1261 1652 1363 1687 quam
1384 1642 1516 1686 proprie
1531 1641 1626 1675 bonae
1645 1641 1838 1684 expetendae
1861 1640 2049 1675 videantur.
2071 1641 2223 1675 Primum
2245 1641 2324 1685 qul—

1261 1700 1357 1740 dem‚
1378 1700 1459 1743 quia
1483 1699 1630 1742 corporis
1652 1698 1806 1732 dolorum
1833 1698 1942 1732 medic
1998 1701 2075 1732 enta
2095 1701 2174 1733 sunt
2200 1707 2324 1743 eosque

1261 1757 1417 1802 quamvis
1432 1756 1543 1798 magni
1562 1756 1627 1789 sint
1645 1755 1873 1789 immoderatae
1895 1708 2085 1798 voffigtates
2102 1755 2198 1790 facile
2210 1756 2325 1790 discu-

1262 1815 1369 1854 tiunt,
1384 1814 1525 1857 ideoque
1544 1814 1616 1856 ipso
1640 1813 1789 1856 corporis
1816 1812 1970 1846 dolorum
1992 1815 2140 1857 tempore
2160 1816 2325 1857 appetun-

1261 1875 1328 1911 tur,
1345 1871 1424 1915 quia
1440 1869 1584 1903 violenta
1599 1878 1671 1903 esse
1694 1868 1841 1903 remedia
1859 1868 2029 1910 videntur,
2061 1869 2224 1914 facileque
2241 1870 2326 1904 libe-

1264 1929 1340 1962 rant
1362 1926 1475 1960 dolore
1499 1935 1518 1959 e
1538 1924 1672 1958 defectu
1695 1924 1904 1967 voluptatum
1923 1927 1998 1958 orto
2024 1935 2032 1954 ε
2052 1926 2172 1959 deinde
2186 1926 2266 1969 quia
2283 1927 2325 1960 ab

1261 1984 1329 2018 illis
1353 1984 1575 2026 appetuntur,
1622 1981 1682 2024 qui
1713 1981 1787 2014 aliis
1815 1980 1974 2015 delectari
2001 1981 2231 2025 voluptatibus
2261 1990 2326 2014 non

1263 2041 1413 2081 possunt.
1444 2038 1540 2072 Multi
1574 2039 1687 2070 autem
1721 2039 1799 2070 sunt
1832 2038 1915 2071 tales
1951 2047 1960 2066 τ
1997 2038 2139 2080 ideoque
2167 2038 2202 2071 id
2234 2037 2326 2081 quod

1263 2094 1390 2128 abillis
1408 2093 1573 2135 quaeritur
1598 2092 1722 2125 bonum
1753 2091 1887 2124 videtur
1917 2101 1988 2125 esse
2017 2094 2051 2124 et
2069 2092 2291 2136 expetendum
2316 2103 2324 2124 ι

1262 2147 1380 2186 multi,
1405 2146 1560 2189 inquam,
1582 2145 1644 2188 qui
1670 2154 1735 2176 non
1764 2146 1894 2177 tantum
1930 2145 2101 2178 naturales
2126 2145 2326 2188 cupiditates

1262 2202 1395 2246 explere
1415 2200 1570 2238 student,
1596 2198 1654 2232 sed
1667 2198 1768 2231 etiam
1791 2198 1986 2232 artificiosas
2010 2199 2173 2242 quasdam
2199 2202 2326 2244 excogi-

1262 2260 1352 2297 tant,
1371 2260 1405 2291 et
1424 2257 1513 2290 sitim
1539 2255 1600 2289 sibi
1626 2257 1783 2298 quaerunt
1801 2258 1902 2299 atque
1919 2259 2110 2295 arcessunt,
2131 2259 2170 2290 ut
2196 2265 2326 2301 semper

1262 2325 1393 2352 summa
1408 2315 1578 2357 voluptate
1594 2311 1721 2356 perfrui
1741 2317 1877 2356 queant.
1900 2314 1998 2353 Quod
2015 2314 2163 2357 quidem,
2180 2315 2207 2348 si
2227 2316 2326 2350 ratio-

1262 2381 1339 2407 nem
1358 2372 1392 2404 et
1411 2369 1549 2403 modum
1566 2378 1631 2402 non
1650 2369 1802 2408 excedit,
1819 2378 1927 2411 neque
1943 2369 2140 2404 damnosum
2158 2374 2232 2405 est:
2253 2382 2326 2406 me-

1265 2429 1395 2463 diocres
1413 2426 1501 2460 enim
1517 2426 1710 2469 voluptates
1730 2436 1795 2459 non
1819 2429 1938 2459 nocent
1964 2428 2113 2470 corpori,
2131 2437 2242 2472 neque
2258 2430 2326 2463 ulla

1263 2485 1490 2529 objurgatione
1511 2484 1648 2526 dignum
1669 2486 1720 2517 est
1748 2496 1757 2517 ;
1780 2483 1831 2517 sin
1856 2484 1994 2517 modum
2025 2485 2187 2520 excedant
2210 2490 2245 2520 et
2265 2497 2326 2521 no-

1265 2545 1360 2575 ceant
1387 2551 1436 2574 eae
1457 2549 1542 2583 quas
1568 2540 1756 2583 appetimus
1773 2540 1979 2583 voluptates,
2007 2541 2134 2574 malum
2158 2542 2193 2576 id
2217 2546 2268 2577 est
2287 2553 2326 2577 ac

1264 2601 1433 2634 vitiosum.
1480 2598 1704 2631 Mediocribus
1734 2598 1857 2641 quippe
1886 2599 2116 2641 voluptatibus
2147 2610 2182 2634 se
2205 2601 2326 2636 dedere

1268 2667 1321 2691 res
1340 2659 1391 2690 est
1423 2655 1559 2688 minime
1591 2654 1871 2697 reprehendenda,
1907 2655 1987 2698 quia
2007 2659 2146 2699 propter
2170 2660 2326 2691 naturam

1263 2722 1357 2747 suam
1386 2721 1461 2755 quae
1497 2709 1640 2743 assiduis
1668 2710 1831 2743 molestiis
1857 2710 2090 2752 conflictatur,
2118 2713 2231 2756 aliqua
2264 2723 2326 2747 vo-

1263 2773 1407 2816 luptate,
1430 2774 1590 2814 tanquam
1620 2769 1733 2813 quiete
1761 2769 1813 2802 uti
1839 2769 1940 2802 homo
1970 2770 2099 2812 cogitur
2129 2784 2137 2804 :
2163 2774 2325 2814 perpetuo

1264 2829 1354 2862 enim
1367 2828 1478 2861 labore
1500 2825 1704 2868 defatigatur
1717 2825 1857 2864 animal,
1884 2827 1922 2858 ut
1935 2825 2037 2858 etiam
2053 2825 2129 2860 libri
2145 2826 2187 2860 de
2206 2829 2325 2861 natura

1265 2885 1404 2920 confecti
1436 2886 1602 2919 testantur
1632 2884 1692 2917 :in
1719 2883 1844 2927 quibus
1873 2883 2036 2926 scriptum
2065 2886 2135 2926 est,
2159 2884 2274 2919 videre
2291 2888 2324 2919 et

1263 2944 1379 2978 audire
1402 2943 1580 2976 molestum
1596 2949 1685 2980 esse,
1704 2940 1762 2974 sed
1782 2940 1976 2984 quotidiana
1988 2941 2227 2976 consuetudine
2239 2942 2321 2984 fieri,

1263 3003 1301 3034 ut
1316 3000 1494 3034 molestum
1512 3008 1576 3032 non
1597 2998 1750 3032 videatur
1766 3010 1772 3030 :
1789 2998 1946 3041 quocirca
1967 2998 2079 3042 aliqua
2097 2999 2223 3032 homini
2241 3009 2323 3043 opus

1263 3059 1314 3091 est
1333 3057 1503 3100 voluptate
1524 3057 1604 3100 :qui
1625 3066 1705 3091 vero
1723 3057 1997 3100 contemplativis
2020 3057 2248 3100 voluptatibus
2262 3067 2321 3091 ca-

1264 3117 1335 3155 ret,
1355 3123 1433 3147 eum
1452 3123 1585 3148 necesse
1600 3116 1651 3148 est
1676 3115 1823 3158 corporis
1849 3115 2079 3159 voluptatibus
2102 3114 2169 3148 frui
2187 3124 2195 3144 =
2217 3125 2321 3157 quare

1263 3171 1321 3214 qui
1349 3171 1478 3204 modice
1505 3171 1547 3205 iis
1571 3174 1727 3213 utuntur,
1755 3175 1860 3216 atque
1882 3173 1929 3206 ita
1959 3175 1997 3205 ut
2015 3172 2142 3215 corpori
2171 3181 2232 3205 suo
2255 3180 2321 3205 non

1262 3230 1398 3261 noceant
1412 3255 1419 3267 .
1440 3238 1505 3262 non
1528 3229 1826 3272 reprehenduntur.
1850 3230 2011 3264 Similiter
2031 3232 2143 3263 autem
2165 3230 2320 3272 volupta-

1261 3286 1314 3317 tes
1331 3283 1372 3317 ab
1384 3283 1650 3319 adolescentibus
1667 3289 1882 3329 appetuntur,
1908 3288 2010 3328 atque
2036 3285 2078 3318 ab
2091 3286 2318 3328 intemperan-

1261 3339 1361 3381 tibus,
1378 3350 1456 3383 quae
1466 3340 1509 3375 ad
1521 3341 1630 3375 alendi
1644 3343 1839 3376 facultatem
1854 3345 2015 3385 spectant,
2034 3341 2113 3384 quia
2129 3343 2248 3374 natura
2261 3351 2318 3375 eos

189 3447 208 3466 *
229 3446 319 3482 Ἐπεὶ
338 3448 366 3483 δ’
379 3449 418 3482 οὗ
433 3450 532 3492 μόνον
547 3451 598 3483 δεῖ
615 3450 745 3490 τάληθὲς
765 3452 868 3485 εἰπεῖν
890 3453 960 3485 κτλ,
