2528 3788
295 265 374 304 246

296 352 452 391 κινεῖται·
481 348 559 388 οὐδὲ
584 347 651 400 γὰρ
672 345 810 398 ἄμείὸει
827 344 885 384 τὸν
907 343 985 385 ὅλον
1009 344 1127 386 τόπον·
1149 346 1236 396 αὕτη
1262 347 1331 402 γὰρ

296 410 425 457 κίνησις
449 411 516 447 τῶν
540 407 629 446 ὅλων
655 405 774 459 ὥσπερ
796 407 864 444 τῶν
891 407 946 445 ἐπ’
965 405 1096 451 εὐθείας
1116 407 1331 460 μεθισταμέ-

295 484 380 517 νων,
400 467 519 520 κύκλῳ
551 465 588 504 δὲ
606 467 763 504 κινεῖται.
793 463 894 511 Αύτη
921 463 956 502 δὲ
977 467 1000 512 ἡ
1025 464 1156 513 κίνησις
1182 468 1250 504 τῶν
1271 482 1332 517 μο-

297 526 376 579 ρίων
397 525 486 564 ἐστὶν
504 523 562 562 καὶ
580 521 711 566 τούτοις
723 521 795 560 ἐστὶ
811 521 926 566 τόπος.
946 521 1106 571 Ἑκάστη
1120 522 1186 576 γὰρ
1204 525 1333 578 σφαῖρα

293 586 362 623 τῶν
382 585 415 621 ἐν
437 583 554 635 κύκλι)
577 580 772 654 φερομένων
804 578 942 630 ἆμείὸει
957 597 1019 627 της
1042 580 1160 634 ἐφεξῆς
1186 582 1334 635 σφαίρας

295 642 427 691 ἐκείνης
449 642 546 690 τὴν’
532 640 748 695 επιφάνειαν.
778 637 921 686 Ἰαύτης
948 632 1005 678 οῦν
1029 639 1088 678 καὶ
1110 639 1214 685 τόπος
1229 641 1334 680 ἐστίν·

296 706 517 755 περιέχονται
531 699 598 752 γὰρ
618 698 676 738 ὑπ’
697 697 873 745 ἀλλήλων.
894 697 1048 749 Ὁμοίως
1070 697 1104 737 δὲ
1125 699 1184 738 καὶ
1202 699 1242 738 τὸ
1262 705 1333 739 πᾶν

295 762 356 801 καὶ
375 760 414 799 τὸ
434 760 512 799 ὅλον
534 758 616 797 αὐτὸ
635 757 697 810 μὲν
717 758 780 797 οὔκ
809 759 843 795 ἓν
869 757 987 810 τόπῳ,
1012 757 1056 797 τὰ
1075 758 1180 811 μόρια
1207 758 1254 797 δέ.
1278 758 1334 799 Τὰ

297 819 360 871 μὲν
377 819 444 874 γὰρ
467 820 580 857 αὑτῶν
595 817 711 869 κύκλῳ
735 821 905 865 κινεῖται,
927 815 971 855 τὰ
988 816 1023 855 δὲ
1044 816 1115 856 ἄνω
1130 816 1189 856 καὶ
1211 817 1332 870 κάτω,

296 879 360 917 ὅσα
392 878 465 930 ἔχει
492 875 666 915 πύκνωσιν
690 874 749 913 καὶ
776 874 945 926 μάνωσιν.
971 877 1094 915 Ταῦτα
1112 875 1147 915 δὲ
1173 875 1334 928 Εὔδημος

295 940 329 978 ἐν
351 940 402 989 τῷ
421 936 526 990 τρίτῳ
554 937 622 974 τῶν
643 936 763 973 ἑαυτοῦ
797 935 966 973 Φυσικῶν
994 934 1204 987 παρίστησι,
1241 934 1335 986 λέγει

295 996 332 1035 δὲ
356 995 476 1039 οὕτως·
507 1013 522 1030 «
544 994 627 1033 αὐτὸ
661 993 697 1031 δὲ
725 992 869 1046 πότερόν
901 995 993 1033 ἐστιν
1022 996 1058 1033 ἐν
1091 994 1191 1048 τόπῳ
1222 994 1244 1041 ἢ
1274 998 1334 1034 οὐκ.

295 1054 424 1102 ἔστινῆ
454 1057 527 1099 πῶς
555 1052 739 1105 ἑκάτερον;
759 1051 838 1091 ὅλον
862 1051 924 1102 μὲν
939 1052 1006 1127 γὰρ
1030 1055 1092 1092 οὔκ
1109 1052 1202 1091 ἔστιν
1225 1054 1259 1091 ἐν
1280 1053 1334 1092 τό-

294 1130 376 1166 πῳ,
395 1116 490 1163 εἰμὴ
516 1111 590 1150 ἔστι
617 1126 650 1149 τι
684 1110 795 1155 ἐκτός·
827 1110 939 1164 τούτῳ
940 1111 1030 1185 ’,γὰρ
1052 1111 1092 1149 ἂν
1111 1111 1330 1186 περιέχοιτο.

296 1144 448 1212 Tov'fflo
431 1172 465 1209 οὲ
495 1169 766 1223 ἐπισκεψόμεθα.
787 1168 844 1209 Τὰ
867 1170 904 1208 δὲ
933 1169 1045 1223 ἄστρα
1064 1186 1124 1208 και
1149 1170 1214 1209 ὅσα
1241 1171 1334 1215 ἐντὸς

295 1235 355 1270 τοῦ
378 1229 546 1276 ἐξωτάτου
564 1228 723 1278 σώματος
745 1231 778 1267 ἓν
801 1230 850 1266 τῶ
870 1229 1001 1268 ἐκείνου
1030 1227 1156 1302 πέρατί
1176 1231 1282 1278 ἔστιν,
1305 1233 1327 1281 ᾗ

296 1305 340 1328 πε
326 1289 458 1341 εριέχον
479 1287 564 1327 ἐστί·
598 1287 641 1325 τὰ
664 1286 700 1325 δὲ
720 1285 828 1331 οὕτως
855 1287 888 1325 ἔν
909 1303 975 1325 τινι
991 1289 1025 1325 ἐν
1044 1286 1142 1338 τόπῳ
1165 1286 1328 1339 λέγεται,

297 1349 332 1387 ἐν
352 1351 380 1400 ὡ
408 1346 443 1387 δὲ
463 1347 505 1386 τὰ
529 1348 654 1398 μόρια,
676 1345 735 1383 καὶ
761 1344 800 1383 τὸ
819 1346 898 1383 ὅλον
926 1346 1072 1396 λέγομεν
1101 1326 1205 1385 είναι.
1228 1346 1334 1385 Οὕτω

296 1405 358 1455 μὲν
375 1399 433 1443 ουν
456 1404 509 1451 εἴη
531 1403 570 1442 ἂν
593 1405 626 1441 ἐν
646 1402 754 1441 τόπω·
771 1402 844 1441 ἔστι
866 1402 900 1440 δὲ
918 1418 977 1441 και
1002 1402 1115 1447 ἄλλως
1133 1418 1214 1443 που.
1272 1403 1313 1442 'E
1316 1418 1333 1441 ν

293 1469 363 1507 τοῖς
385 1462 513 1515 μορίοις
531 1461 597 1514 γάρ
615 1463 688 1499 ἐστι
708 1460 745 1498 τὸ
766 1460 865 1509 ὅλον,
891 1461 1077 1512 πολλαχυς
1101 1460 1137 1499 δὲ
1161 1460 1201 1499 τὸ
1216 1460 1298 1501 πού.
1317 1478 1332 1496 n

295 1524 465 1573 Apparet
483 1520 738 1558 Themistium
758 1520 875 1571 paulo
896 1519 1007 1557 aliter
1027 1532 1071 1557 ac
1093 1519 1333 1571 Simplicium

293 1580 455 1618 Eudemi
480 1579 598 1617 verba
617 1579 824 1629 retulisse.)

346 1653 397 1678 45.
414 1637 615 1690 Μαρτύριον
635 1636 670 1675 δὲ
687 1636 799 1675 καὶτὸ
815 1636 893 1688 περὶ
912 1638 974 1682 τῆς
994 1638 1122 1689 τέφρας
1138 1641 1332 1686 ποιοῦνται,

294 1695 316 1743 ἢ
339 1695 477 1748 δέχεται
494 1694 567 1734 ἴσον
590 1695 694 1748 ὕδωρ,
718 1695 797 1734 ὅσον
814 1695 852 1734 τὸ
870 1697 1004 1747 ἀγγεῖον
1019 1695 1059 1734 τὸ
1077 1695 1187 1736 κενόν.

346 1753 468 1799 Ὄλως
489 1754 524 1793 δὲ
543 1754 563 1792 ὅ
580 1770 617 1793 τε
636 1754 717 1808 περὶ
733 1757 794 1802 τῆς
819 1754 995 1828 αὐξήσεως
1015 1754 1113 1806 λόγος
1135 1754 1194 1793 καὶ
1212 1759 1271 1794 τοῦ
1288 1756 1334 1800 εἷς

293 1813 356 1861 τὴν
375 1815 536 1867 τέφραν
522 1814 728 1866 εγχεομένου
749 1813 873 1858 ὕδατος
893 1813 994 1857 αὐτὸς
1018 1813 1120 1852 αυτὸν
1139 1813 1330 1864 ἐμποδίζει.

292 1873 342 1912 Ἢ
363 1873 430 1925 γὰρ
448 1874 510 1911 οὐκ
529 1872 712 1918 αὐξάνεται
731 1876 870 1919 ὁτιοῦν,
898 1871 921 1919 ἢ
950 1873 987 1910 οὒ
1016 1871 1176 1922 σώματι,
1194 1872 1216 1919 ἢ
1236 1874 1332 1913 ἐνδέ-

292 1948 394 1984 χεται
408 1931 467 1970 δύο
482 1932 630 1982 σώματα
651 1934 685 1970 ἐν
711 1932 827 1984 ταύτῷ
845 1925 944 1970 εἰναι.
1001 1930 1164 1983 Απορίαν
1186 1925 1244 1970 ουν
1259 1946 1332 1971 κοι-

294 1990 354 2038 νὴν
373 1990 503 2035 ἀξιοῦσι
523 1991 615 2029 λύειν
629 2020 640 2041 ,
655 1989 731 2028 ἀλλ’
752 1991 790 2028 οὖ
806 1990 902 2029 κενὸν
918 1989 1131 2029 δεικνύουσιν
1152 1992 1199 2034 ὡς
1220 1990 1330 2033 ἔστιν.

292 2047 343 2089 Ἢ
363 2055 431 2087 π’ἅν
452 2042 538 2088 εἶναι
559 2052 745 2102 ἀναγκαῖον
765 2048 805 2087 τὸ
822 2051 926 2099 σῶμα
945 2047 1044 2087 κενόν
1059 2078 1069 2096 ,
1089 2051 1119 2087 εἰ
1141 2049 1256 2101 πάντῃ
1276 2051 1333 2088 αὖ·

295 2108 431 2154 ξάνεται
457 2108 517 2147 καὶ
540 2107 723 2152 αὐξάνεται
744 2107 800 2145 διὰ
822 2110 935 2146 κενοῦ.
995 2106 1040 2146 Ὃ
1064 2107 1092 2144 δ’
1110 2107 1211 2151 αὐτὸς
1230 2107 1332 2160 λόγος

293 2167 352 2206 καὶ
373 2167 429 2207 ἐπὶ
446 2170 507 2214 τῆς
527 2166 663 2219 τέφρας.

306 2250 313 2257 -
347 2226 598 2279 (Aristoteles
622 2225 741 2276 Phys.
759 2224 826 2264 lib.
843 2224 907 2272 lv,
931 2238 1014 2276 cap.
1040 2226 1062 2262 6
1084 2234 1121 2263 et
1138 2240 1156 2273 7
1173 2239 1214 2276 p.
1238 2227 1312 2263 213

290 2286 332 2325 b.
358 2299 403 2323 21
427 2294 465 2323 et·
487 2290 576 2329 214.
606 2283 647 2323 b.
681 2285 716 2321 3.
746 2284 804 2321 ed.
829 2284 990 2321 Bekker.
1013 2284 1235 2335 Simplicius
1257 2285 1329 2324 fol.

297 2345 385 2385 155.
405 2344 444 2383 b.
462 2344 536 2382 λύει
557 2342 592 2381 δὲ
610 2342 671 2391 τὴν
691 2346 751 2389 τῆς
771 2342 896 2396 τέφρας
914 2341 1063 2394 ἀπορίαν
1085 2342 1282 2394 ὁΕὕδημος
1296 2346 1330 2383 ἐν

291 2405 340 2455 τῷ
357 2402 462 2455 τρίτῳ
475 2404 542 2441 τῶν
560 2403 726 2441 Φυσικῶν
743 2402 852 2452 λέγων
871 2401 923 2440 ὅτι
942 2419 959 2437 «
980 2401 1154 2453 ἐνδέχεται
1170 2402 1230 2441 καὶ
1250 2403 1330 2442 ἄνευ

293 2464 360 2500 τῶν
380 2462 588 2512 κενωμοὶτων
609 2460 812 2511 συμὸαίνειν
837 2461 876 2500 τὸ
897 2460 1092 2513 λεγόμενον·
1122 2461 1244 2514 θερμὸν
1265 2462 1330 2515 γὰρ

292 2522 327 2558 ἐν
346 2523 389 2572 τῇ
409 2520 517 2573 τέφρᾳ
534 2519 855 2574 περιλαμὸάνεσθαί
874 2536 907 2559 τι
923 2521 1038 2571 δοκεῖ,
1059 2521 1216 2574 καθάπερ
1237 2524 1271 2560 ἓν
1286 2525 1329 2570 τῆ

291 2579 434 2632 τιτάνῳ.
459 2581 571 2627 Δῆλον
593 2580 641 2618 δέ·
661 2579 884 2632 ἐπιχεομένου
904 2580 971 2633 γὰρ
998 2580 1119 2624 ὕδατος
1147 2580 1327 2634 ἀμφότερα

291 2641 403 2676 ταῦτα
435 2637 545 2688 καίει,
565 2638 586 2685 ἦ
608 2638 670 2688 μὲν
698 2638 833 2683 τίτανος
852 2639 1002 2690 αὐτή,ἡ
1024 2639 1059 2677 δὲ
1088 2639 1194 2693 τέφρα
1217 2639 1273 2679 διὰ
1292 2641 1331 2680 τὸ

331 2786 382 2817 45.
407 2783 643 2816 Testimonium
659 2785 769 2817 autem
787 2785 888 2827 hujus
907 2786 955 2819 rei
978 2786 1010 2818 id
1036 2786 1137 2820 etiam
1160 2787 1304 2821 afferunt

291 2842 380 2885 quod
405 2841 439 2874 in
457 2841 565 2875 cinere
595 2842 666 2874 fieri
692 2843 795 2884 solet,
825 2843 882 2885 qui
907 2845 1037 2878 tantum
1066 2845 1183 2888 accipit
1211 2855 1306 2888 aquae

290 2902 450 2943 quantum
470 2910 528 2933 vas
546 2910 686 2934 vacuum
701 2901 799 2943 capit.

332 2959 471 2991 Omnino
485 2962 595 2992 autem
611 2960 803 2993 accretionis
831 2963 865 2994 et
882 2970 975 3003 aquae
994 2962 1029 2995 in
1050 2963 1191 2996 cinerem
1209 2964 1328 2997 infusae

288 3018 372 3051 ratio
385 3027 420 3051 se
436 3018 506 3060 ipsa
523 3018 666 3060 impedit.
692 3020 758 3052 Aut
774 3020 859 3052 enim
884 3030 950 3054 non
968 3024 1105 3064 augetur
1126 3023 1307 3065 quidquam

289 3078 348 3110 aut
363 3087 427 3110 non
443 3086 578 3119 corpore
588 3101 597 3118 ,
612 3078 670 3110 aut
683 3077 753 3110 fieri
768 3079 895 3121 potest,
913 3083 951 3112 ut
969 3081 1035 3113 duo
1056 3090 1194 3124 corpora
1214 3081 1250 3115 in
1262 3091 1327 3115 uno

288 3138 365 3172 sint.
390 3136 608 3174 Quaestionem
630 3136 728 3178 igitur
749 3146 955 3171 communem
973 3139 1098 3173 solvere
1116 3141 1245 3182 volunt,
1268 3142 1325 3175 sed

286 3198 420 3231 exstare
446 3205 587 3228 vacuum
606 3205 670 3228 non
687 3197 874 3229 ostendunt.
905 3198 970 3230 Aut
993 3200 1103 3232 totum
1127 3210 1243 3242 corpus
1267 3210 1324 3234 va·

291 3265 390 3291 cuum
404 3264 476 3288 esse
488 3263 625 3288 necesse
645 3256 715 3296 est,
738 3255 767 3288 si
784 3256 874 3288 omni
898 3266 939 3290 ex
957 3259 1047 3298 parte
1064 3261 1201 3299 augetur
1219 3261 1253 3292 et
1269 3269 1326 3302 per

292 3324 430 3349 vacuum
447 3314 611 3347 accrescit.
629 3314 751 3347 Eadem
765 3323 844 3347 vero
864 3316 898 3348 et
911 3316 1027 3348 cineris
1043 3317 1127 3350 ratio
1143 3319 1201 3351 est.

329 3377 381 3407 4⁶.
405 3373 466 3405 Sed
484 3372 639 3415 quidnam
663 3373 704 3405 sit
732 3374 862 3415 tempus
880 3376 914 3407 et
937 3384 1013 3416 quae
1027 3375 1070 3407 sit
1090 3377 1160 3417 ojus
1187 3378 1303 3410 natura

291 3441 383 3473 aeque
399 3432 448 3464 est
463 3430 639 3463 obscurum
654 3439 694 3464 ex
704 3431 743 3463 iis
760 3440 833 3473 quae
846 3441 866 3464 a
882 3432 1058 3475 majoribus
1074 3435 1194 3467 nostris
1208 3436 1326 3468 tradit-a

292 3491 384 3529 suut,
415 3490 447 3521 et
466 3497 505 3521 ex
529 3486 569 3520 iis
597 3497 673 3530 quae
690 3488 782 3531 prius
801 3498 820 3522 a
839 3489 934 3524 nobis
953 3492 1029 3523 sunt
1055 3491 1153 3524 dicta.
1185 3492 1323 3530 Quidam

971 256 1172 299 EUDEMI
1199 258 1379 300 RHODII
1408 256 1768 299 PERlPATETICI

1348 2776 1363 3524 ——1————-—,
1358 2012 1365 2700 —--——-—-———-——

1392 347 1448 388 διὰ
1471 364 1534 396 της
1557 347 1681 401 τέφρας
1702 343 1925 395 διηθούμενον
1948 341 2042 416 ὕδωρ
2066 341 2158 382 καίει
2186 341 2232 382 τὰ
2261 337 2454 399 σώμαᾶ,
2466 363 2471 365 -

1391 406 1513 447 τούτου
1535 405 1571 445 δὲ
1602 403 1850 457 συμὸαίνοντος
1879 401 1982 453 ἀτμις
2011 400 2264 455 ἀποπορεύεται
2292 397 2455 451 noui,
2459 410 2480 427 ¹³

1391 465 1480 505 ὥστε
1499 468 1677 517 μειοῦσθαι
1694 463 1771 507 τους
1789 462 1911 516 ὄγκους
1932 460 1988 499 διὰ
2002 459 2064 508 τὴν
2085 459 2230 511 ἀτμίδα.
2248 477 2264 496 u
2285 456 2432 500 Ἀλλ’ἷιῑ
2483 474 2485 477 ⁴

1392 540 1454 564 και
1478 527 1656 576 μειοῦται,
1684 524 1722 562 οὐ
1748 521 1895 569 δήπουὴ
1915 517 1979 567 ὅλη
2010 522 2072 567 τῆς
2089 517 2234 591 τέφρας
2239 517 2341 558 οὖσία
2364 518 2433 557 ’δα-
2487 515 2498 563 J

1394 590 1559 623 πανᾶται.
1584 581 1736 622 Δυνατὸν
1752 575 1810 620 οὖν
1829 574 1925 631 οἶμαι
1946 577 2004 617 καὶ
2027 580 2096 622 τοῖς
2110 576 2150 616 τὸ
2163 576 2261 616 κενὸν
2271 576 2432 617 ὑποτεθε-

1394 641 1508 693 μένοις
1527 641 1586 681 καὶ
1600 641 1668 684 τοῖς
1683 639 1746 688 τὴν
1758 639 1934 678 πύκνωσιν
1953 639 2105 689 βοηθεῖν,
2117 634 2264 687 λέγοντα
2276 633 2432 690 m

1393 700 1437 739 τὰ
1452 717 1515 748 της
1532 701 1659 754 τέφρας
1678 698 1762 738 κενὰ
1777 697 1870 736 λύειν
1899 696 1939 734 τὸ
1961 694 2186 745 ζητούμενον,
2201 692 2304 733 ἀλλὰ
2309 691 2434 733 καὶτὰ

1393 761 1452 797 τοῦ
1472 759 1594 802 ὕδατος
1631 758 1819 804 συνιζάνειν
1847 755 1912 794 υπὸ
1948 758 2008 793 τοῦ
2042 753 2195 806 πλήρους
2217 755 2293 800 τῆς
2306 753 2434 811 τὶᾲρας

1393 817 1590 868 ὠθούμενα,
1609 815 1698 855 ὥστε
1722 816 1771 867 μὴ
1791 815 1849 853 τὸν
1871 813 1974 852 αὐτὸν
2005 812 2108 865 ὄγκον
2139 811 2253 865 ἴσχειν
2283 807 2434 867 τῷνόὰθ

1394 876 1479 915 αὑτὸ
1498 875 1598 915 ὕδατι
1618 877 1664 920 εἷς
1678 875 1739 922 τὴν
1753 874 1882 927 τέφραν
1903 870 2181 924 ἐμὸαλλόμενον.
2195 870 2206 924 )
2382 883 2401 903 -t

1447 949 1497 974 46.
1531 934 1579 974 Τί
1609 935 1637 973 δ’
1660 933 1753 973 ἐστὶν
1772 936 1791 973 6
1816 932 1939 985 χρόνος
1968 931 2027 970 καὶ
2051 932 2103 975 τίς
2128 932 2232 970 αὐτοῦ
2253 933 2276 979 ἡ
2295 930 2434 983 φύσις,

1397 994 1524 1044 ὁμοίως
1541 994 1579 1033 ἔκ
1600 1009 1638 1032 τε
1651 995 1719 1031 τῶν
1738 990 2028 1045 παραδεδομένων
2046 989 2172 1039 ἄδηλόν
2189 991 2262 1029 ἔστι
2280 989 2438 1044 καὶπερὶ

1397 1047 1445 1092 ὧν
1466 1052 1685 1105 τυγχάνομεν
1711 1050 1947 1099 διεληλυθότες
1973 1048 2157 1104 πρότερον.
2217 1050 2264 1090 Οἱ
2282 1048 2345 1101 μὲν
2364 1049 2434 1102 γὰρ

1395 1111 1457 1159 τὴν
1488 1116 1548 1151 τοῦ
1571 1111 1652 1150 ὅλου
1672 1110 1806 1159 κίνησιν
1830 1105 1918 1148 εἶναί
1940 1124 2045 1163 φασιν
2058 1140 2069 1158 ,
2097 1109 2130 1147 οἱ
2149 1107 2265 1157 δὲτὴν
2282 1114 2434 1162 σφαῖραν

1397 1170 1517 1217 αὐτην.
1542 1170 1669 1210 Καίτοι
1688 1187 1751 1217 της
1773 1173 1963 1222 περιφορᾶς
1981 1183 2042 1206 και
2060 1182 2100 1206 το
2119 1166 2223 1220 μέρος
2238 1168 2362 1222 χρόνος
2380 1167 2433 1212 τίς

1394 1232 1486 1278 ἐστι,
1506 1229 1676 1283 περιφορὰ
1705 1229 1742 1267 δέ
1768 1243 1808 1280 γε
1830 1227 1880 1266 οὔ·
1902 1226 2005 1278 μέρος
2023 1225 2091 1278 γὰρ
2109 1231 2299 1280 περιφορᾶς
2315 1225 2366 1265 τὸ
2371 1225 2438 1274 λη-

1394 1287 1498 1341 φθέν,
1520 1289 1597 1327 ἀλλ’
1619 1288 1656 1326 οὐ
1680 1286 1864 1347 περιφορά.
1919 1281 2003 1325 ’Έτι
2025 1284 2054 1323 δ’
2083 1285 2114 1323 εἰ
2140 1283 2278 1330 πλείους
2295 1278 2393 1334 {mv
2405 1286 2438 1325 οἱ

1393 1345 1553 1398 οὐρανοί,
1573 1345 1736 1397 ὁμοίως
1719 1361 1758 1384 αν
1779 1348 1820 1393 ἠν
1839 1346 1857 1382 6
1870 1343 1993 1418 χρόνος
2012 1345 2034 1390 ἡ
2055 1345 2196 1382 ὁτουοῦν
2213 1343 2328 1382 αὐτῶν
2343 1343 2438 1412 '‘iin-

1395 1419 1470 1454 σις,
1492 1402 1583 1443 ὥστε
1604 1403 1731 1443 πολλοὶ
1751 1402 1871 1456 χρόνοι
1895 1402 1984 1453 ἅμα.
2007 1401 2053 1442 Ἢ
2074 1400 2111 1440 δὲ
2124 1404 2185 1440 τοῦ
2209 1400 2292 1440 ὅλου
2307 1401 2438 1455 σφαῖρα

1393 1462 1485 1508 ἔδοξε
1514 1462 1575 1514 μὲν
1598 1469 1668 1507 τοῖς
1687 1465 1842 1502 εἰποῦσιν
1875 1455 1964 1500 εἶναι
1991 1464 2009 1501 6
2041 1459 2180 1514 χρόνος,
2199 1459 2252 1501 ὅτι
2271 1460 2319 1500 ἔν
2330 1475 2372 1500 τε
2384 1463 2438 1514 ’τῷ

1392 1521 1510 1575 χρόνῳ
1531 1538 1647 1562 παντα
1662 1521 1734 1562 ε’στὶ
1755 1521 1849 1561 xoel'
1834 1537 1868 1560 εν
1889 1524 1932 1573 τῇ
1953 1524 2013 1559 τοῦ
2026 1521 2108 1561 ὅλου
2124 1520 2267 1574 σφαίρα.
2280 1517 2387 1561 ’Eum'
2405 1521 2437 1560 δ’

1393 1581 1641 1635 εὗηθικώτερον
1661 1582 1700 1621 τὸ
1720 1581 1901 1634 εἰρημένον
1917 1580 1942 1627 ἢ
1959 1580 2050 1619 ὥστε
2069 1579 2150 1633 περὶ
2167 1581 2272 1619 αὐτοῦ
2288 1578 2440 1619 26³5&-

1394 1656 1482 1679 νατα
1519 1641 1734 1680 ἐπισκοπεῖν.
1794 1639 1897 1679 Ἐπεὶ
1932 1639 1967 1677 δὲ
2001 1640 2092 1678 δοκεῖ
2128 1638 2283 1690 μάλιστα
2305 1638 2439 1687 κίνησις

1393 1693 1480 1738 εἷναι
1506 1715 1566 1738 και
1589 1699 1767 1750 μεταὸολή
1796 1715 1844 1742 τις
1872 1701 1897 1751 6
1916 1698 2060 1750 χρόνος,
2082 1699 2176 1736 τοῦτ’
2213 1696 2254 1737 ἃν
2273 1696 2328 1745 εἴη
2357 1710 2438 1762 σκε·

1392 1773 1455 1797 πτε
1450 1758 1510 1798 ’.ον
2379 1770 2385 1773 “

1450 1818 1697 1869 (Aristoteles
1718 1817 1831 1867 Phys.
1851 1817 1919 1856 lib.
1945 1816 2014 1864 IV,
2035 1829 2122 1868 cap.
2157 1830 2203 1854 10
2227 1829 2269 1868 p.
2292 1817 2387 1866 218,
2399 1830 2436 1858 a.

1396 1877 1460 1916 31..
1483 1876 1542 1916 ed.
1573 1877 1734 1915 Bekker.
1763 1876 1981 1927 Simplicius
2010 1875 2074 1913 fol.
2109 1875 2199 1914 165.
2223 1874 2352 1923 ἄδηλον
2369 1870 2444 1916 οἶν

1392 1934 1453 1973 καὶ
1472 1934 1511 1973 τὸ
1531 1934 1564 1973 τί
1584 1935 1694 1983 ἐστιν,
1711 1934 1807 1985 εἴπερ
1823 1937 1854 1973 οἳ
1875 1932 1937 1984 μὲν
1955 1933 2018 1981 τὴν
2039 1937 2099 1972 τοῦ
2116 1932 2199 1973 ὅλου
2212 1932 2348 1981 κίνησιν
2374 1933 2436 1974 καὶ

1393 1994 1581 2048 περιφορὰν
1588 1993 1646 2033 τὸν
1659 1993 1781 2047 χρόνον
1794 1986 2005 2047 εἶναίφασιν,
2016 1995 2062 2036 ὡς
2074 1991 2133 2031 τὸν
2150 1991 2327 2033 Πλάτωνα
2334 1993 2434 2045 νομί-

1393 2057 1507 2101 ζουσιν
1527 2052 1548 2091 ὅ
1561 2069 1598 2092 τε
1618 2053 1781 2102 Εὔδημος
1795 2051 1856 2091 καὶ
1878 2055 1895 2090 6
1914 2052 2140 2105 Θεόφραστος
2155 2051 2218 2091 καὶ
2232 2054 2252 2093 6
2269 2050 2431 2099 Ἀλέξαν-

1394 2114 1492 2163 δρος,
1514 2114 1545 2151 οἱ
1564 2110 1599 2150 δὲ
1620 2111 1683 2159 τὴν
1712 2114 1862 2165 σφαῖραν
1896 2110 2004 2158 αὐτὴν
2026 2115 2086 2150 τοῦ
2110 2112 2256 2164 οὐρανοῦ
2283 2112 2332 2156 ὣς
2343 2111 2431 2158 wia<

1394 2170 1653 2224 Πυθαγορικοὺς
1672 2172 1847 2224 ἱστοροῦσι
1866 2170 1978 2222 λέγειν
1999 2171 2030 2208 οἳ
2047 2170 2334 2224 παρακούσαντες
2349 2169 2436 2217 ἴσως

1393 2234 1451 2268 τοῦ
1472 2229 1638 2283 Ἀρχύτου
1660 2228 1821 2282 λέγοντος
1841 2229 1989 2268 καθόλου
2011 2228 2068 2268 τὸν
2096 2229 2221 2282 χρόνον
2257 2229 2437 2282 διάστημα

1391 2291 1453 2335 τ’ἧς
1472 2291 1531 2327 τοῦ
1557 2287 1686 2332 παντὸς
1708 2287 1843 2342 φύσεως
1868 2289 2072 2340 [Archytae
2090 2288 2214 2327 verba
2239 2288 2440 2341 d4.².sct·iptn¹

1394 2361 1416 2386 a
1435 2347 1631 2400 Simplicio
1652 2356 1854 2387 comment.
1884 2348 1926 2385 iu
1954 2348 2072 2387 Arist.
2102 2347 2222 2398 Phys.
2251 2347 2320 2388 sol.
2346 2349 2454 2398 *137³-

1393 2416 1430 2445 et
1448 2409 1537 2447 186.
1556 2420 1591 2445 a.
1614 2407 1759 2445 videm
1779 2407 1877 2446 Phil.
1894 2406 1964 2446 Gr.
1978 2406 2127 2456 Fragm.
2142 2407 2224 2444 vol.
2243 2406 2276 2457 1,
2296 2420 2336 2458 p.
2358 2406 2436 2454 570

1393 2475 1430 2504 et
1445 2465 1525 2506 vol.
1547 2465 1600 2513 11,
1618 2479 1656 2516 p.
1684 2466 1772 2505 118.
1792 2465 2106 2514 Pseudogalenus
2123 2464 2214 2503 hist.
2228 2464 2326 2516 phil.
2333 2464 2432 2505 ut·

1392 2524 1449 2562 τὸν
1482 2522 1605 2576 χρόνον
1643 2517 1730 2562 εἶναι
1761 2523 1969 2575 Πυθαγόρας
1999 2523 2191 2596 ὑπείληφε
2187 2522 2250 2570 τὴν
2281 2529 2432 2576 σφαῖραν

1390 2585 1451 2620 τοῦ
1467 2580 1687 2635 περιέχοντος
1698 2612 1707 2630 ,
1728 2581 1881 2621 Πλάτων
1898 2581 1934 2620 δὲ
1953 2580 2131 2631 διάστημα
2148 2583 2209 2628 τῆς
2222 2583 2285 2620 τοῦ
2299 2580 2434 2633 κόσμου

1391 2641 1579 2690 κινήσεως,
1598 2641 1847 2694 Ἐρατοσθένης
1870 2640 1904 2679 δὲ
1935 2639 1999 2687 τὴν
2029 2643 2090 2679 τοῦ
2113 2640 2246 2691 κόσμου
2270 2637 2429 2695 mpsim}

1390 2787 1476 2820 enim
1495 2787 1640 2820 universi
1659 2788 1805 2828 motum,
1826 2786 1881 2819 alii
1903 2786 2070 2828 sphaeram
2090 2786 2194 2828 ipsam
2206 2787 2340 2829 tempus
2361 2796 2434 2822 esso

1389 2847 1601 2879 affirmarunt.
1631 2846 1732 2888 Atqui
1761 2845 1981 2878 conversionis
2004 2854 2080 2887 pars
2100 2845 2200 2878 etiam
2217 2846 2352 2889 tempus
2379 2849 2432 2880 est

1391 2906 1556 2948 quoddam
1567 2930 1576 2945 ,
1595 2905 1763 2938 conversio
1780 2913 1859 2937 vero
1877 2913 1941 2936 non
1962 2905 2013 2936 est
2029 2916 2036 2936 :
2055 2911 2131 2945 pars
2145 2903 2233 2937 enim
2244 2904 2431 2939 conversio-

1388 2964 1439 2997 nis
1458 2964 1558 2998 estid
1584 2964 1669 3006 quod
1699 2965 1845 2996 sumtum
1867 2964 1936 3003 est,
1966 2971 2030 2994 non
2048 2962 2232 2996 conversio.
2261 2963 2429 2998 Praeterea

1388 3024 1416 3057 si
1437 3023 1547 3065 plures
1573 3023 1685 3056 essent
1715 3022 1809 3063 coeli,
1836 3022 1947 3057 motus
1982 3021 2242 3065 uniuscujusque
2274 3021 2427 3056 similiter

1387 3085 1517 3126 tempus
1532 3085 1640 3123 esset;
1659 3081 1871 3124 quamohrem
1891 3080 1985 3123 plura
2006 3083 2154 3123 tempora
2177 3080 2277 3114 simul
2301 3083 2423 3116 essent.

1387 3142 1555 3184 Sphaeram
1573 3142 1684 3174 autem
1697 3139 1840 3173 universi
1865 3139 1999 3182 quidam
2019 3138 2188 3172 sententiae
2208 3138 2296 3173 illius
2318 3139 2429 3178 defen·

1386 3209 1476 3234 sores
1490 3200 1613 3233 idcirco
1631 3201 1760 3242 tempus
1784 3207 1856 3231 esse
1879 3199 2056 3240 putarunt,
2075 3198 2151 3240 quia
2170 3198 2204 3231 et
2221 3197 2254 3230 in
2277 3197 2458 3241 tempore*

1386 3260 1420 3291 et
1437 3258 1469 3290 in
1486 3257 1626 3291 universi
1652 3257 1779 3299 spbaera
1805 3257 1922 3289 cuncta
1941 3255 2062 3288 insunt.
2089 3257 2147 3288 Est
2169 3257 2280 3290 autem
2295 3256 2425 3291 dictum

1385 3318 1465 3351 illud
1493 3317 1654 3360 ineptum,
1672 3326 1771 3360 quam
1791 3316 1881 3358 quod
1903 3317 1994 3358 egeat
2014 3324 2127 3348 eorum
2144 3324 2219 3358 quae
2241 3315 2317 3349 inde
2334 3316 2423 3350 effici

2512 1230 2528 1415 ἑ

2489 1412 2528 1620 {i

2515 1635 2528 1884 Ξ

2503 1893 2528 2031 l

2515 941 2528 1045 i

2497 1046 2528 1121 τι

2519 1123 2528 1148 l

2503 2310 2507 2311 ⁷
2521 2277 2528 2308 l

2516 3168 2528 3205 'i

1384 3386 1448 3409 non
1463 3378 1599 3418 possunt
1623 3374 1888 3409 consideratione.
1915 3376 2026 3413 Quum
2043 3383 2122 3407 vero
2145 3375 2256 3408 motus
2281 3369 2422 3409 manime
2468 3383 2482 3419 J
2519 3367 2528 3385 i·

1386 3438 1419 3468 e'
1436 3434 1574 3467 mutatio
1592 3435 1747 3477 quaedam
1764 3435 1895 3476 tempus
1911 3442 1983 3467 esse
2001 3433 2165 3475 videatur,
2186 3433 2250 3467 hoc
2266 3416 2422 3467 conside-

1384 3493 1522 3525 randum
1541 3493 1613 3527 erit.
