2528 3788
794 448 968 547 DE
1051 449 1893 556 XENOCRATE.

1171 673 1526 696 *⁴0*—

341 814 566 847 Xenocrates
589 809 644 860 (1)
666 810 830 861 patriam
853 809 988 848 habuit
1009 809 1290 849 Chalcedonem
1307 841 1318 859 ,

282 880 395 918 quam
416 881 603 906 caecorum
624 867 762 906 urbem
784 881 866 906 esse
882 868 1059 920 plerique
1075 869 1169 906 olim
1188 869 1319 907 crede-

281 924 376 964 bant
391 925 446 977 (2)
461 955 471 973 ‚
490 926 594 976 quod
613 925 833 964 conditores
852 927 978 965 locum
1001 927 1129 965 minus
1149 941 1321 966 commo-

282 982 372 1020 dum
393 984 624 1033 elegissent,
648 992 777 1034 spreto
797 984 881 1021 solo
902 984 1034 1022 vicino
1055 998 1180 1036 eoque
1209 986 1320 1023 ferti-

281 1041 378 1078 liore
389 1071 398 1087 ‚
414 1041 484 1079 ubi
501 1050 633 1092 postea
652 1041 881 1092 Byzantium
898 1042 1097 1080 conditum
1117 1052 1187 1082 est.
1209 1043 1321 1082 Nam-

283 1112 357 1148 que
377 1100 460 1150 ejus
483 1100 677 1150 Bithyniae
698 1100 838 1150 partis,
862 1099 929 1138 ubi
947 1101 1062 1138 tertio
1079 1101 1322 1152 Olympiadis

284 1159 332 1200 43
358 1171 459 1195 anno
489 1157 709 1196 Chalcedon
740 1170 762 1194 a
791 1157 1085 1207 Megarensibus
1115 1162 1322 1199 constituta

282 1216 435 1263 floruit,
457 1216 590 1254 sterile
622 1224 703 1253 erat
723 1216 862 1253 solum.
886 1216 948 1254 lbi
979 1216 1233 1256 Xenocratem
1255 1232 1322 1256 na-

282 1285 362 1313 tum
381 1288 463 1312 esse
479 1275 672 1312 memoriae
687 1275 856 1325 produnt
874 1275 1007 1314 Cicero
1028 1276 1096 1327 (3),
1121 1278 1322 1317 Athenaeus

282 1334 334 1386 (4)
348 1333 486 1371 Suidas
501 1333 556 1385 (5)
578 1342 614 1371 et
634 1332 807 1371 Stobaeus
827 1333 902 1383 (6),
925 1347 947 1371 a
964 1348 1129 1384 quorum
1151 1337 1322 1373 auctori-

282 1402 360 1431 tate
390 1392 582 1430 dissident
618 1390 827 1429 Clementis
855 1392 1110 1430 Alexandrini
1133 1393 1192 1444 (7).
1205 1406 1323 1430 mem-

280 1452 414 1490 branae
432 1459 469 1487 et
485 1450 640 1500 quidam
663 1449 802 1487 AEliani
818 1449 870 1500 (8)
894 1464 938 1487 ac
965 1451 1150 1500 Diogenis
1178 1451 1321 1489 Laertii

282 1504 338 1556 (9)
355 1508 506 1545 codices
520 1537 530 1555 ‚
554 1521 641 1545 eum
662 1507 1020 1556 Carthaginiensem
1039 1510 1233 1548 facientes.
1257 1510 1321 1547 Ni-

281 1565 422 1603 mirum
442 1566 598 1604 librarii
620 1568 779 1604 nomina
806 1566 1046 1618 Καρχηδόνιος
1072 1576 1109 1605 et
1129 1567 1319 1615 Χαλκηδό-

282 1638 352 1665 νιος
371 1624 644 1671 confuderunt,
660 1624 763 1675 quod
780 1637 827 1662 eo
845 1624 997 1663 facilius
1018 1635 1120 1674 erat,
1139 1626 1231 1675 quia
1247 1640 1319 1677 pro

281 1681 356 1719 hoc
383 1684 496 1721 etiam
539 1683 776 1735 Καλχηδόνιος
810 1683 1023 1721 dicebatur.
1060 1684 1318 1730 Quamobrem

281 1740 504 1788 Ciceronem
540 1742 738 1794 sequimur
766 1750 961 1780 auctorem
982 1751 1218 1794 caeterosque
1253 1744 1321 1794 qui

280 1797 534 1838 Xenocratem
549 1799 850 1839 Chalcedonium
874 1802 991 1840 fuisse
1018 1802 1202 1848 tradunt,
1224 1815 1323 1853 prae-

283 1859 416 1896 sertim
439 1872 558 1909 quum
582 1861 694 1897 etiam
727 1873 921 1898 marmore
943 1861 1103 1911 antiquo
1126 1860 1204 1912 (ιο)
1232 1861 1321 1899 illo-

283 1929 367 1953 rum
389 1917 610 1954 testimonia
629 1918 921 1956 confirmentur.

337 1975 501 2020 Quando
530 1989 625 2013 vero
647 1985 757 2014 natus
785 1976 856 2020 sit,
877 1988 989 2013 nemo
1009 1985 1185 2021 veterum
1215 1990 1321 2014 com-

283 2042 493 2081 memorat3
515 2043 701 2085 praeterea
731 2034 778 2072 de
810 2047 971 2071 numero
1002 2047 1190 2072 annorum
1225 2047 1324 2084 quos

284 2093 452 2144 explevit
471 2093 571 2130 inter
587 2094 796 2144 scriptores
812 2093 1077 2130 controversia
1092 2101 1159 2130 est.
1182 2094 1230 2130 At
1242 2093 1325 2131 haec

286 2163 444 2201 quoque
462 2163 524 2188 res
548 2163 673 2200 neque
692 2149 858 2187 obscura
877 2150 1046 2195 videtur,
1073 2163 1199 2201 neque
1218 2150 1323 2188 diffi-

285 2210 378 2247 ciIes
391 2208 506 2246 habet
520 2209 747 2259 explicatus,
764 2208 901 2245 Narrat
917 2208 1019 2246 enim
1042 2208 1233 2258 Diogenes
1250 2207 1323 2246 La-

1382 815 1502 854 ertius
1522 818 1556 868 (1
1569 818 1604 869 1)
1627 818 1898 872 Xenocratem,
1915 821 2123 875 Speusippi
2144 838 2416 876 successorem,

1383 873 1524 923 viginti
1549 877 1724 928 quinque
1740 892 1860 918 annos
1877 881 2019 920 scholae
2042 883 2258 934 praefuisse.
2282 884 2416 932 Addit,

1383 944 1470 970 eum
1503 947 1644 974 munus
1673 937 1911 989 auspicatum
1945 953 2028 979 esse
2057 941 2129 980 sub
2150 942 2421 993 Lysimachide

1384 993 1552 1031 secundo
1583 997 1800 1035 centesimae
1826 998 1984 1038 decimae
2019 1000 2263 1053 Olympiadis
2293 1015 2417 1051 anno,

1383 1050 1449 1087 sed
1469 1065 1587 1102 quum
1610 1067 1753 1092 annum
1769 1057 1891 1095 aetatis
1911 1060 2187 1107 octogesimum
2209 1061 2419 1100 secundum

1384 1119 1532 1158 ageret,
1569 1113 1768 1163 repentina
1800 1126 1927 1155 morte
1958 1118 2117 1157 obiisse.
2146 1121 2240 1168 Quae
2270 1119 2303 1158 si
2330 1133 2422 1159 vera

1384 1176 1490 1218 sunt,
1512 1171 1690 1219 sequitur
1710 1172 1988 1225 philosophum
2001 1204 2012 1223 ,
2039 1185 2290 1227 posteaquam
2311 1187 2421 1218 octo-

1384 1226 1492 1274 ginta
1509 1230 1606 1267 duos
1622 1243 1745 1269 annos
1766 1233 2015 1285 confecisset,
2036 1237 2152 1275 tertio
2176 1236 2422 1289 Olympiadis

1383 1287 1599 1325 centesimae
1620 1298 1737 1328 sextae
1756 1291 1915 1331 decimae
1935 1306 2038 1332 anno
2058 1297 2332 1336 mortalitatem
2356 1310 2423 1336 ex-

1379 1347 1572 1404 plevisse,
1611 1359 1821 1402 natumque
1870 1366 1957 1393 esse
1992 1356 2121 1406 primo
2154 1357 2215 1395 vel
2251 1359 2422 1397 secundo

1382 1407 1627 1460 Olympiadis
1659 1415 1919 1464 nonagesimae
1950 1426 2064 1456 sextae
2097 1431 2199 1456 anno
2224 1419 2310 1458 sive
2334 1429 2422 1459 ante

1383 1468 1474 1510 Chr.
1502 1472 1592 1520 396.
1615 1473 1820 1515 Obsistunt
1847 1486 1974 1516 autem
2005 1478 2157 1518 Laertio
2185 1480 2422 1520 Censorinus

1385 1532 1415 1580 (1
1426 1532 1461 1582 2)
1478 1531 1672 1574 Lucianus
1688 1536 1768 1587 (13)
1785 1538 1826 1576 in
1847 1538 2054 1590 Longaevis
2067 1549 2105 1579 et
2117 1541 2285 1592 Scaliger
2298 1542 2343 1581 in
2362 1541 2422 1581 '0-

1383 1591 1589 1641 λυμπιάδων
1609 1601 1795 1651 συναγωγῇ
1820 1600 1916 1653 (14),
1939 1614 2105 1651 quorum
2121 1601 2272 1653 primus
2291 1601 2421 1641 Xeno-

1383 1665 1526 1695 cratem
1537 1659 1584 1696 ad
1593 1673 1734 1699 annum
1745 1665 1867 1703 aetatis
1883 1663 2051 1713 LXXXI,
2068 1665 2165 1703 alter
2175 1666 2223 1704 ad
2234 1665 2423 1705 LXXXIV

1383 1721 1529 1760 vixisse
1561 1732 1737 1777 testatur,
1761 1729 1898 1767 tertius
1917 1728 2004 1780 ejus
2031 1738 2160 1767 ortum
2181 1730 2228 1769 ad
2250 1730 2418 1782 primum

1383 1784 1629 1836 Olympiadis
1661 1792 1919 1841 nonagesimae
1947 1793 2083 1843 primae
2115 1806 2259 1832 annum
2290 1795 2420 1835 refert.

1383 1847 1645 1900 Quapropter,
1662 1865 1780 1902 quum
1803 1854 1960 1893 aliunde
1980 1855 2148 1895 sciamus
2166 1855 2421 1896 Xenocratem

1382 1909 1628 1960 Olympiadis
1650 1926 1666 1949 1
1677 1914 1724 1950 16
1737 1927 1817 1952 non
1832 1915 1948 1954 fuisse
1963 1917 2226 1967 superstitem,
2240 1930 2290 1956 ex
2307 1917 2424 1956 Scali-

1384 1972 1465 2018 geri
1480 1974 1768 2021 computatione
1782 1976 1977 2016 Meursius
1991 1977 2071 2030 (15)
2090 1978 2259 2028 colleg-it,
2274 1991 2362 2017 eum
2376 1979 2423 2017 ad

1384 2039 1528 2064 annum
1551 2029 1644 2068 vitae
1673 2034 1925 2071 centesimum
1949 2035 2160 2072 secundum
2179 2037 2244 2073 vel
2265 2037 2423 2082 tertium

1384 2088 1610 2138 pervenisse
1635 2090 1822 2141 illiusque
1843 2092 2090 2144 Olympiadis
2117 2107 2222 2133 anno
2254 2095 2424 2134 secundo

1386 2157 1452 2186 aut
1473 2151 1586 2186 tertio
1608 2159 1756 2189 naturae
1789 2155 2038 2193 concessisse.
2063 2156 2096 2192 Α
2124 2155 2299 2195 Meursio
2320 2165 2424 2206 quoe

1385 2223 1472 2247 cum
1492 2210 1687 2261 Scaligero
1703 2226 1836 2252 errare
1859 2216 2060 2265 maluerit,
2085 2230 2202 2268 quam
2223 2231 2311 2256 cum
2330 2217 2425 2256 Dio-

328 2320 372 2361 (1)
389 2320 425 2353 cf
453 2319 598 2360 D.0nysii
614 2328 679 2351 van
693 2319 733 2351 de
752 2320 953 2360 wynpersse
968 2319 1010 2350 de
1028 2320 1208 2351 Xenocrate
1226 2319 1325 2352 Chal-

286 2366 420 2398 cedonio
434 2390 441 2405 ,
456 2366 650 2408 philosopho
666 2365 854 2398 academico
866 2390 874 2405 ,
892 2365 1088 2398 dissertatio.
1106 2365 1255 2406 Lugduni
1267 2367 1328 2400 Ba-

284 2415 433 2445 tavorum
456 2416 544 2445 1822.
564 2430 604 2435 —-
622 2412 668 2453 (2)
687 2411 813 2444 Plinius
830 2412 913 2444 Hist.
940 2413 1007 2444 nat.
1040 2409 1098 2444 lib.
1118 2414 1147 2444 V
1174 2421 1246 2453 cap.
1264 2414 1325 2451 323

286 2461 484 2502 Pomponius
504 2460 589 2492 Mela
604 2459 663 2492 lib.
691 2460 705 2491 I
722 2468 781 2501 cap
815 2462 873 2498 193
897 2459 1030 2491 Tacitus
1051 2459 1166 2491 Annal.
1186 2458 1244 2491 lib.
1265 2460 1326 2491 XII

288 2517 359 2548 cap.
378 2511 430 2540 63.
450 2525 491 2530 -
515 2508 561 2549 (3)
584 2507 697 2539 Cicero
723 2506 824 2539 Acad.
844 2506 901 2538 lib.
931 2507 946 2538 1
972 2515 1043 2547 cap.
1069 2508 1089 2537 4
1111 2514 1205 2544 nam,
1222 2514 1326 2546 quum

287 2553 502 2596 Speusippum
516 2580 524 2594 ‚
543 2554 665 2586 sororis
687 2553 790 2585 tilium
801 2578 810 2593 ,
828 2553 923 2585 Plato
935 2552 1148 2594 philosophiae
1165 2552 1261 2594 quasi
1272 2552 1327 2584 he-

287 2601 401 2634 redem
428 2601 634 2642 reliquisset;
663 2600 746 2632 duos
771 2601 882 2632 autem
904 2599 1192 2640 praestantissimos
1219 2598 1328 2631 studio

287 2651 389 2689 atque
408 2648 557 2681 doctrina
571 2673 578 2686 ,
602 2649 816 2680 Xenocratem
836 2646 1090 2680 chalcedonium
1115 2648 1147 2678 et
1165 2646 1326 2678 Aristote-

286 2695 353 2728 lem
367 2695 543 2737 Stagiriten
565 2696 628 2727 etc.
648 2712 686 2719 —
711 2694 755 2735 (4)
776 2694 956 2726 Athenaeus
978 2693 1036 2726 lib.
1066 2694 1126 2725 XII
1146 2702 1177 2734 p.
1197 2695 1268 2726 530.
1286 2694 1326 2726 D.

288 2743 337 2775 διὸ
355 2743 409 2774 καὶ
425 2740 636 2784 Ἀριστοτέλης
659 2739 855 2781 Ξενοκράτην
874 2740 926 2772 τὸν
945 2740 1156 2778 Χαλκηδόνιον
1174 2740 1329 2771 σκώπτων

288 2791 354 2822 κτλ.
376 2809 414 2816 —
432 2788 478 2830 (5)
493 2788 609 2820 Suldas
626 2796 657 2820 v.
677 2788 885 2829 Ξενοκράτης.
908 2803 952 2811 -
976 2787 1021 2829 (6)
1045 2787 1193 2820 Stobaeus
1216 2787 1327 2828 Eclog.

288 2837 382 2878 phys.
404 2835 461 2867 lib.
487 2837 502 2868 l
519 2844 589 2876 cap.
617 2838 646 2873 2,
668 2837 707 2867 29
729 2843 799 2875 pag.
817 2836 857 2865 62
878 2833 929 2865 ed.
953 2835 1091 2866 Heeren.
1111 2834 1304 2876 Ξενοκράτης
1319 2859 1329 2875 ,

289 2883 497 2921 Χαλκηδόνιος
510 2883 578 2914 κτλ.
597 2882 714 2914 Strabo
730 2881 786 2913 lib.
805 2882 875 2919 XII,
894 2890 925 2921 p.
939 2884 1011 2913 566.
1029 2883 1063 2913 B.
1081 2881 1186 2923 ἄνδρες
1204 2880 1230 2914 δ’
1243 2881 1329 2918 ἀξιό-

289 2931 376 2971 λογοι
394 2929 476 2962 κατὰ
494 2928 639 2961 παιδείαν
655 2928 821 2968 γεγόνασιν
837 2928 867 2959 ἐν
884 2931 921 2967 τῇ
939 2928 1065 2969 Βιθυνίᾳ
1084 2928 1278 2970 Ξενοκράτης
1297 2939 1332 2959 ἰε

290 2979 309 3010 ὁ
325 2976 491 3018 φιλόσοφος
517 2976 571 3007 καὶ
601 2975 762 3011 Διονύσιος
782 2975 799 3005 ὁ
817 2974 1018 3011 διαλεκτικός.
1041 2991 1082 2998 -
1109 2974 1155 3015 (7)
1181 2974 1331 3006 Clemens

292 3022 533 3057 Alexandrinus
549 3022 687 3054 Admon.
714 3021 758 3054 ad
776 3023 886 3062 gentes
906 3030 937 3062 p.
964 3023 1015 3053 44.
1038 3023 1075 3053 Α.
1093 3021 1145 3053 ed.
1176 3021 1330 3063 Sylburg.

292 3072 495 3113 Ξενοκράτης,
519 3070 730 3111 Καρχηδόνιος
753 3069 845 3105 οὗτος
871 3069 938 3100 κτλ.
972 3068 1020 3100 Id.
1052 3070 1170 3101 Strom.
1202 3068 1258 3101 lib.
1291 3069 1329 3106 V,

292 3130 324 3161 p.
342 3121 414 3151 604.
439 3119 475 3149 G.
498 3117 692 3157 Ξενοκράτης
718 3118 751 3149 δὲ
771 3118 788 3148 ὁ
808 3115 1029 3153 Χαλκηδόνιος.
1047 3134 1086 3138 -
1111 3116 1157 3157 (8)
1186 3115 1333 3148 AElianus

294 3175 363 3199 var.
380 3165 457 3198 hist.
479 3164 535 3196 lib.
551 3164 594 3203 ΙΙ,
612 3172 683 3205 cap.
702 3166 738 3195 41
758 3164 813 3195 καὶ
830 3163 954 3200 ἐνίκησε
972 3163 1165 3203 Ξενοκράτης
1182 3164 1199 3194 ὁ
1213 3164 1333 3200 Χαλκη-

293 3213 395 3249 δόνιος
407 3212 472 3253 (al.
493 3210 588 3243 codd.
605 3211 818 3252 Καρχηδόνιος
832 3210 843 3250 )
858 3210 891 3241 et
911 3209 965 3241 lib.
987 3210 1072 3250 XIII,
1095 3219 1165 3251 cap.
1184 3211 1220 3242 31
1237 3211 1330 3241 Eevo*

292 3259 407 3301 κράτης
425 3260 442 3290 ὁ
459 3258 674 3299 Καρχηδόνιος
689 3282 698 3297 ,
718 3258 736 3288 ὁ
754 3258 872 3297 ἑταῖρος
892 3255 1069 3292 Πλάτωνος.
1090 3274 1133 3279 -
1149 3255 1193 3298 (9)
1214 3255 1330 3296 Dioge-

293 3315 352 3338 nes
366 3304 516 3338 Laertius
531 3303 586 3336 lib.
613 3304 669 3343 IV,
687 3305 707 3334 6
723 3303 917 3342 Ξενοκράτης
934 3302 1143 3340 Χαλκηδόνιος
1164 3302 1218 3341 (al.
1234 3301 1330 3333 codd.

294 3352 503 3395 Καρχηδόνιος
517 3350 539 3392 ).
560 3368 596 3374 —-
613 3349 679 3390 (1ο)
696 3348 784 3390 apud
799 3348 953 3380 Fulvium
966 3349 1125 3380 Ursinum
1143 3348 1331 3388 Elogiorum

294 3407 368 3443 pag.
398 3403 437 3432 55
462 3401 497 3431 et
512 3400 752 3438 Expressorum
777 3395 941 3428 vultuum
958 3395 1037 3428 Tah.
1062 3398 1111 3431 19,
1131 3394 1185 3426 ubi

293 3444 578 3480 EENOKPATHG
611 3443 891 3477 ArAeANoPoc
933 3442 1242 3475 KAAXAAONIOC.
1280 3440 1329 3473 Cf.

293 3493 499 3547 Sponiumqin
523 3491 616 3524 Misc.
639 3491 738 3522 Erud.
755 3489 862 3530 Antiq.
883 3497 953 3530 pag.
979 3491 1046 3521 136.
1068 3506 1104 3512 —-

1427 2320 1494 2362 (11)
1508 2321 1670 2365 Diogenes
1689 2325 1840 2358 Laertius
1855 2326 1913 2359 lib.
1927 2328 1984 2367 IV,
2009 2330 2044 2360 14
2057 2329 2210 2366 δ.;δέξατο
2222 2329 2256 2362 δὲ
2271 2330 2425 2362 Σπεύσιπ-

1385 2385 1444 2407 πον
1457 2399 1465 2415 ,
1484 2376 1538 2408 καὶ
1557 2377 1742 2419 ἀφηγήσατο
1762 2383 1816 2417 τῆς
1841 2381 1958 2421 σχολῆς
1975 2381 2066 2413 πέντε
2081 2381 2136 2414 καὶ
2152 2381 2255 2414 εἰκοσι
2278 2381 2354 2423 ἔτη,
2374 2382 2425 2414 ἐπὶ

1386 2429 1608 2472 Λυσιμαχίδου
1626 2430 1792 2473 ἀρξάμενος
1816 2434 1898 2466 κατὰ
1916 2434 1952 2466 τὸ
1971 2433 2111 2475 δεύτερον
2127 2434 2195 2471 ἔτος
2219 2437 2274 2472 τῆς
2295 2434 2425 2474 δεκάτης

1385 2482 1440 2513 καὶ
1465 2482 1636 2523 ἑκατοστῆς
1657 2483 1881 2526 Ὀλυμπιάδος.
1910 2486 2078 2520 Ἐτελεύτα
2104 2487 2137 2519 δὲ
2161 2487 2289 2528 νυκτός,
2307 2487 2422 2529 λεκάνῃ

1386 2535 1602 2575 προσπταίσας
1613 2560 1621 2570 .
1641 2537 1708 2574 ἔτος
1734 2538 1794 2577 ἤδη
1810 2540 1946 2579 γεγονὼς
1964 2540 2104 2582 δεύτερον
2128 2541 2183 2573 καὶ
2201 2540 2424 2580 ὀγδοηκοστόν.

1390 2605 1425 2612 -
1447 2588 1516 2630 (12)
1538 2589 1735 2624 Censorinus
1753 2592 1795 2624 de
1822 2591 1875 2624 die
1890 2592 1990 2625 natali
2011 2602 2082 2635 cap.
2109 2596 2147 2626 15
2169 2605 2179 2626 ε
2197 2595 2328 2634 Quare,
2350 2596 2425 2627 san-

1388 2640 1534 2674 ctissime
1549 2643 1687 2683 Gerelli‚
1706 2652 1810 2685 quum
1830 2644 1931 2676 istum
1950 2652 2072 2677 annum
2087 2644 2146 2686 qui
2165 2643 2305 2678 maxime
2319 2644 2427 2677 fuerat

1390 2695 1520 2737 corpori
1548 2695 1783 2730 formidolosus
1810 2696 1879 2730 sino
1905 2696 1974 2730 ullo
2001 2697 2209 2731 incommodo
2238 2696 2426 2738 transieris,

1389 2751 1525 2783 caeteros
1536 2775 1544 2791 ,
1563 2750 1621 2792 qui
1638 2750 1781 2784 leviores
1798 2751 1874 2784 sunt
1886 2776 1894 2791 ‚
1916 2750 2123 2784 climacteras
2141 2750 2251 2783 minus
2265 2750 2324 2783 tibi
2340 2750 2427 2784 exti-

1389 2811 1499 2836 mesco
1510 2827 1518 2843 ,
1540 2804 1720 2845 praesertim
1735 2813 1838 2847 quum
1851 2804 1886 2837 in
1904 2805 1937 2836 te
1955 2804 2055 2836 animi
2077 2804 2188 2847 potius
2201 2813 2301 2846 quam
2316 2813 2428 2847 corpo-

1391 2856 1435 2888 ris
1453 2858 1606 2889 naturam
1622 2857 1724 2890 sciam
1739 2857 1901 2891 dominari
1914 2881 1923 2897 ‚
1943 2866 2067 2898 eosque
2082 2858 2172 2891 viros
2187 2859 2244 2900 qui
2260 2860 2344 2893 tales
2362 2861 2428 2893 rue-

1389 2909 1467 2940 runt
1493 2918 1558 2941 non
1583 2910 1676 2952 prius
1695 2911 1765 2944 vita
1793 2909 1972 2943 excessisse
1996 2919 2095 2953 quam
2118 2911 2161 2943 ad
2192 2914 2313 2945 annum
2336 2913 2428 2946 illum

1390 2962 1630 3004 octogesimum
1648 2966 1683 2997 et
1701 2973 1803 2996 unum
1821 2963 2028 3006 pervenerint
2040 2990 2048 3005 ‚
2073 2964 2106 2997 in
2129 2974 2194 3006 quo
2214 2965 2308 2998 Plato
2333 2965 2428 2999 finem

1391 3015 1470 3048 vitae
1492 3017 1526 3048 et
1540 3015 1721 3058 legitimum
1740 3026 1813 3051 esse
1833 3018 2036 3052 existimavit
2061 3019 2095 3050 et
2110 3017 2238 3051 habuit.
2257 3019 2328 3050 Hoc
2346 3024 2429 3051 anno

1392 3073 1425 3104 et
1441 3072 1617 3115 Dionysius
1635 3074 1844 3108 Heracleotes
1860 3076 1900 3108 ut
1916 3075 1983 3108 vita
2000 3074 2106 3107 abiret
2125 3074 2200 3107 cibo
2219 3073 2377 3107 abstinuit
2396 3077 2429 3107 et

1391 3130 1504 3161 contra
1520 3127 1680 3168 Diogenes
1695 3126 1829 3167 cynicus
1844 3125 1909 3157 cibi
1928 3124 2090 3157 cruditate
2106 3124 2140 3156 in
2153 3123 2320 3156 choleram
2338 3123 2428 3156 solu-

1392 3180 1447 3210 tus
1463 3178 1525 3210 est.
1546 3176 1778 3209 Eratosthenes
1797 3183 1928 3216 quoque
1945 3174 1999 3207 ille
2014 3173 2103 3206 orbis
2120 3175 2282 3206 terrarum
2297 3181 2428 3206 mensor

1392 3229 1424 3258 et
1446 3228 1643 3259 Xenocrates
1663 3224 1849 3258 Platonicus
1871 3223 1994 3258 veteris
2010 3223 2188 3255 academiae
2214 3222 2365 3264 princeps
2387 3222 2426 3254 ad

1391 3283 1533 3317 eundem
1550 3286 1670 3312 annum
1683 3276 1844 3309 vixerunt.
1865 3291 1905 3299 -
1921 3274 1988 3315 (13)
2011 3273 2172 3306 Lucianus
2189 3274 2341 3315 Longaev.
2355 3281 2427 3314 cap.

1393 3340 1431 3370 20
1452 3332 1646 3375 Ξενοκράτης
1662 3330 1694 3362 δὲ
1711 3328 1876 3364 Πλάτωνος
1894 3327 2030 3368 μαθητης
2047 3324 2210 3366 γενόμενος
2222 3326 2363 3366 τέσσαρα
2376 3324 2430 3356 καὶ

1214 3394 1332 3435 legitur
1392 3386 1596 3426 ὀγδοήκοντα.
1619 3399 1655 3404 —
1687 3381 1752 3422 (14)
1777 3378 1920 3420 scaliger
1947 3377 1980 3409 in
2013 3376 2234 3419 Ὀλυμπιάδων
2258 3379 2428 3418 συναγωγῇ

1391 3444 1464 3477 pag.
1481 3438 1541 3467 322
1563 3430 1716 3466 editionis
1735 3427 1938 3461 Eusebianae.
1955 3444 1995 3451 —

1433 3485 1502 3527 (15)
1518 3483 1680 3517 Meursius
1700 3481 1741 3514 de
1760 3479 1980 3514 Archontibus
2011 3477 2129 3511 Athen.
2147 3475 2206 3510 lib.
2232 3477 2370 3519 Ill,cap.
2392 3483 2422 3512 9.

1314 3540 1393 3579 100
