2528 3788
280 239 330 277 22
1197 237 1262 275 DE
1292 235 1492 276 ALBINO.

273 337 376 364 anno
400 337 497 374 1707
521 323 762 373 inseruitque
788 322 1035 360 Bibliothecae
1063 323 1209 361 Graecae
1239 336 1309 361 vo-
1338 335 1344 388 Ι
1369 331 1552 374 quantum
1584 323 1625 360 in
1657 323 1754 374 ipsis
1782 323 1898 361 situm
1930 329 2037 370 erat,
2056 322 2259 374 scriptoris
2278 319 2399 360 verba

275 383 415 422 lumini
435 381 604 421 secundo
625 379 728 431 (14),
751 380 890 418 deinde
910 381 1048 419 iterum
1069 381 1190 420 edidit
1210 384 1243 422 1.
1262 383 1304 422 F.
1370 381 1605 432 castigat-unt
1637 381 1877 431 multumque
1907 379 1943 417 ei
1971 379 2214 431 profuerunt.
2240 379 2314 418 Sed
2341 390 2403 419 re·-

276 441 480 481 Fischerus
494 453 572 479 una
590 453 677 478 cum
699 439 869 478 Platonis
889 439 1186 492 Euthyphrone‚
1209 443 1308 493 Apo-
1370 439 1596 490 quirebatur
1625 439 1840 477 accuratior
1865 437 2059 483 recensio,
2091 451 2167 488 qua
2193 446 2237 476 et.
2256 438 2405 477 lacunae

274 501 377 551 logia
397 499 564 538 Socratis
576 527 587 547 ,
606 498 762 537 Critone
781 507 819 536 et
842 499 1034 537 Phaedone
1048 499 1189 551 Lipsiae
1206 514 1307 538 anno
1369 498 1494 536 libelli
1520 499 1767 550 explerentur
1785 506 1822 536 et
1846 497 1985 535 menda
2003 509 2025 534 a
2042 496 2142 535 viris
2171 496 2294 536 doctis
2323 509 2404 536 non

278 559 374 606 1783
399 557 491 610 (15),
516 565 710 608 postremo
738 557 782 596 C.
804 557 834 595 1.
858 556 951 597 Chr.
973 557 1228 598 Schneiderus
1248 572 1306 598 se-
1369 556 1640 596 animadversa
1659 557 1900 596 tollerentur.
1925 555 2030 593 Hanc
2046 555 2167 604 igitur
2182 554 2335 594 institui
2352 555 2405 594 si-

272 616 439 654 cundum
491 615 661 653 codicem
706 614 1033 654 Lobcovicianum
1071 618 1307 656 emendatam
1371 615 1527 666 mulque
1549 624 1669 654 totum
1691 615 1866 653 libellum
1884 614 2047 652 latinum
2069 613 2151 653 feci.

270 674 486 726 publicavit
499 674 738 712 Vratislaviae
751 687 851 712 anno
870 675 966 712 1852
984 673 1077 728 (16).
1091 676 1138 714 Hi
1158 689 1305 725 omnes,

2501 273 2507 302 l

271 794 336 817 non
366 785 467 817 licuit.
484 803 524 809 —
543 785 610 827 (14)
632 785 763 826 Legitur
792 795 862 827 pag.
894 788 989 819 44-50
1019 795 1093 818 cuin
1125 789 1170 820 10.
1189 790 1305 822 Anton.
1333 793 1339 804 “
1369 790 1436 830 vit,
1455 792 1588 824 tertium
1605 791 1706 824 edidit
1724 792 1858 823 Ioannes
1877 790 1968 822 Frid.
1991 789 2173 821 Fischerus.
2192 787 2310 829 Lipsiae
2327 788 2407 821 1783

273 832 450 865 Winckleri
471 832 732 874 interpretatione
749 832 859 884 latina.
878 852 919 856 -
937 833 1001 873 (15)
1022 834 1165 866 Platonis
1190 835 1308 878 dialogi
1369 839 1455 879 apud
1470 839 1736 871 schwickettum.
1755 856 1795 862 —
1817 837 1880 880 (16)
1898 837 1998 870 Index
2019 836 2204 868 scholarum
2220 835 2255 868 in
2273 838 2408 873 univer-

273 878 318 909 lV
337 877 543 930 Euthyphro,
572 878 742 919 Apologia,
766 879 875 918 Crito,
903 877 1034 911 Phaedo.
1062 880 1179 912 Ace-ed.
1202 882 1308 914 Albini
1371 886 1465 918 sitate
1480 886 1663 918 litterarum
1680 884 1927 918 vratislaviensi
1943 893 2000 926 per
2012 883 2152 916 hiemem
2173 891 2204 916 a.
2222 886 2300 918 1852
2312 885 2408 919 insti-

274 925 404 966 Isagoge
427 933 460 956 ln
481 925 627 966 ejusdem
650 924 794 967 dialogos
813 926 878 958 etc.
900 927 954 959 Gr.
973 926 1014 958 ad
1035 925 1133 959 fidem
1160 928 1309 961 codicum
1370 931 1576 964 tuendarum.
1605 931 1766 964 Praecedit
1793 931 1897 964 Albini
1925 931 2050 964 libellus
2079 939 2099 962 a
2125 930 2198 964 Gar.
2224 932 2300 965 Ern.
2326 932 2404 965 Chr.

275 971 570 1013 manuscriptorum
585 972 721 1013 Tubing.
739 974 874 1014 August.
890 973 1092 1014 aliorumque
1105 975 1139 1006 et
1150 974 1306 1007 librorum
1369 979 1564 1011 Schneidero
1593 977 1773 1011 secundum
1812 978 1959 1011 codicem
1995 976 2270 1010 Lohcovicianum
2295 985 2405 1012 emen-

270 1017 432 1050 editorum
446 1020 597 1051 veterum
613 1020 796 1060 recensuit,
816 1020 1151 1053 animadversionibus
1168 1021 1305 1054 illustra·
1369 1026 1475 1059 datus,

2517 960 2521 989 l
