2508 3776
0 1003 5 1052 ’-;

0 1071 11 1148 i.

583 163 888 206 ETHICORUM
920 159 1381 205 NICOMACHEORUM
1418 158 1797 202 PARAPHRASIS.

108 258 304 315 χαίρουσιν·
326 257 403 299 ὅθεν
425 258 505 298 οὔτε
533 259 670 302 ἑαυτοῖς
697 255 811 308 ὅμοιοί
844 258 931 297 εἰσιν
966 256 1043 304 ἀεί,
1079 254 1159 296 οὔτε

104 319 182 363 ’τοῖξ
198 315 324 371 φίλοις·
350 316 411 356 καὶ
431 317 490 356 διὰ
518 320 623 356 Ιτοῦτο
641 316 758 368 ὀλίγον
785 316 910 370 χρόνον
939 316 1103 368 μένουσιν
1123 317 1159 355 ἐν

108 374 155 431 τῇ
171 376 295 432 φιλίᾳ,
313 376 497 431 χαίροντες
515 379 559 429 τῇ
579 376 742 424 ἀλλήλων
759 379 954 431 μοχθηρίᾳ.
972 379 1020 418 Οἱ
1037 376 1161 431 χρήσι-

38 451 47 459 ·
106 449 173 494 μοι
192 435 231 477 δὲ
249 435 311 477 καὶ
329 438 423 485 ἡδεῖς
443 436 578 488 μᾶλλόν
595 439 683 476 εἰσιν
705 438 742 476 ἐν
766 440 811 489 τῇ
839 438 1034 488 ὁμοιότητι·
1058 452 1160 488 μονι-

105 498 253 550 μητέρα
271 495 340 550 γὰρ
365 500 388 545 ἠ
409 502 469 538 τοῦ
497 498 677 551 χρησίμου
697 496 756 536 καὶ
776 501 838 536 τοῦ
864 498 964 545 ἠδέος
993 497 1158 546 ζήτησις,

106 553 170 598 καὶ
189 554 249 595 διὰ
273 559 376 595 τοῦτο
394 554 508 607 ὅμοιοί
538 557 623 595 εἰσιν
644 558 780 601 ἑαυτοῖς
808 555 869 595 καὶ
898 556 1085 608 ἀλλήλοις,
1109 558 1161 610 τῷ

107 613 149 656 τὸ
166 615 346 670 χρήσιμον
375 616 594 670 ἀμφοτέρους
624 618 766 664 ζητεῖν,
789 614 813 662 ἢ
842 614 882 654 τὸ
914 615 999 664 ἡδύ,
1034 615 1135 660 ἕως
1118 631 1160 653 αν

109 676 299 732 πορίζωσιν
319 675 448 724 ἡδονὰς
466 674 679 731 ἢ-ὠφελείας
697 675 876 723 ἀλλήλοις.
896 675 943 714 Αἱ
962 675 1026 726 μὲν
1047 669 1105 714 ουν
1126 673 1161 721 ἐξ

107 734 314 787 ὁμοιότητος
331 734 445 789 φιλίαι
459 751 633 777 τοιαυται.

126 815 129 817 ·
163 793 187 819 *
201 797 310 835 Δοκεῖ
328 794 438 834 δὲκαὶ
455 794 519 840 ἐξ’
503 794 742 843 εναντιότητος
757 810 930 842 συστηναι
950 794 1107 867 φιλία,“
1084 811 1161 843 ητις

108 852 172 894 καὶ
190 853 249 894 διὰ
267 854 308 894 τὸ
323 853 500 908 χρήσιμόν
523 857 631 894 ἐστιν.
657 848 766 904 Οῗον,
799 854 831 893 εἴ
850 870 901 898 τις
921 854 1029 902 πένης
1051 855 1162 893 πλου-

109 913 178 969 σίῳ
197 913 328 968 γίνοιτο
347 912 463 969 φίλος,
479 915 540 954 καὶ
562 914 700 967 ἀμαθὴς
720 931 749 953 ει
738 913 838 954 ’δότι-
865 908 904 953 οῧ
925 914 994 968 γὰρ
1019 914 1160 968 τυγχά-

108 988 162 1021 νει
181 988 235 1019 τις
247 973 388 1026 tvae-155,
404 974 528 1014 τούτου
549 974 749 1030 ἐφιέμενος,
774 974 1018 1028 ἀντιδωρεῖται
1041 974 1128 1013 ἄλλο
1144 973 1162 1013 ὃ

109 1032 214 1079 αὐτὸς
233 1031 381 1074 δύναται
395 1034 529 1076 δοῦναι,
548 1036 613 1080 Εἷς
636 1035 769 1084 ταύτην
789 1035 826 1075 δὲ
847 1034 911 1083 τὴν
933 1034 1052 1090 φιλίαν
1074 1034 1160 1073 ἀνά·
1179 1048 1183 1053 ’

107 1106 207 1145 γοιτο
218 1091 262 1132 ἂν
279 1092 372 1133 καὶὸ
391 1093 542 1148 ἐραστὴς
557 1094 619 1134 καὶ
637 1095 830 1149 ἐρώμενος,
849 1096 910 1136 καὶ
930 1098 952 1143 ἡ
969 1098 1032 1134 τοῦ
1050 1096 1161 1134 καλοῦ

108 1151 171 1192 καὶ
191 1155 345 1207 uto-7906
362 1153 477 1208 φιλία·
505 1154 563 1194 διὰ
583 1158 686 1194 τοῦτο
715 1156 774 1195 καὶ
799 1157 929 1209 γελοῖοι
948 1157 1108 1195 δοκοῦσιν
1130 1157 1162 1194 οἳ

109 1213 258 1267 ἐρασταὶ
277 1214 469 1264 πολλάκις,
489 1215 662 1262 ἀξιουντες
685 1215 842 1269 ὁμοίωςε
829 1217 899 1257 υπὸ
925 1219 994 1256 τῶν
1021 1214 1138 1270 ἐρωμέ
1140 1239 1164 1246 -

109 1285 180 1312 νων
211 1274 490 1330 ἀντιφιλεῖσθαι,
529 1276 717 1331 αἷσχροὶ”
697 1293 815 1326 οντες,
837 1277 945 1317 ὄντων
975 1278 1105 1317 καλῶν·
1134 1278 1164 1317 εἷ

110 1329 175 1383 μὲν
193 1330 265 1386 γὰρ
285 1333 417 1385 ὁμοίως
433 1334 501 1374 εἶσὶ
522 1334 688 1388 φιλητοί,
712 1335 758 1374 τὰ
780 1337 898 1376 εἰκότα
925 1334 1082 1385 ἀξιοῦσι,
1102 1336 1163 1377 καὶ

109 1389 241 1432 δίκαιοί
257 1393 344 1432 εἰσιν
371 1394 499 1446 ὁμοίως
513 1397 702 1449 φιλεῖσθαι·
724 1397 754 1435 εἷ
775 1396 811 1434 δὲ
838 1395 890 1469 μή
902 1425 913 1444 ,
930 1397 1072 1448 γελοῖοι.
1095 1396 1165 1436 Διὰ

109 1447 224 1490 τάυτα
245 1451 341 1492 δοκεῖ
365 1453 427 1492 καὶ
453 1453 525 1501 ἐξ’
509 1454 675 1494 εναντίων
697 1455 907 1494 συνεστάναι
933 1456 1093 1509 φιλίανθ,
1112 1455 1166 1495 ὅτι

110 1511 143 1550 οἳ
173 1511 317 1566 αἰσχροὶ
349 1515 419 1553 τῶν
451 1516 572 1555 καλῶν
602 1517 734 1569 ἐρῶσι,
765 1515 826 1555 καὶ
857 1517 889 1554 οἳ
916 1516 1064 1563 πένητες
1096 1518 1164 1556 τῶν

109 1571 290 1615 πλουσίων
299 1573 332 1622 ¹²,
355 1564 417 1614 καὶ
436 1577 468 1614 οἱ
489 1576 636 1626 ἀμαθεῖς
655 1578 724 1615 τῶν
752 1575 1013 1627 ἐπιστημόνων.
1036 1575 1110 1615 Καὶ
1130 1577 1166 1615 ἐν

110 1633 156 1684 τῇ
185 1631 288 1705 φύσει
312 1631 360 1672 τὰ
375 1631 464 1687 ξηρὰ
493 1636 564 1673 τῶν
589 1636 704 1687 ὖγρων
737 1634 903 1688 ἐφίενται·
933 1635 1068 1687 γίνεται
1090 1635 1126 1675 δὲ
1142 1639 1164 1684 ἡ

108 1690 255 1739 τοιαύτη
281 1691 381 1746 φιλία
397 1695 466 1732 τῶν
487 1693 654 1733 ἐναντίων
675 1696 713 1733 06
732 1697 812 1733 καθ’
830 1694 940 1743 αὑτό,
963 1695 1056 1734 ἀλλὰ
1074 1696 1166 1734 κατὰ

109 1749 350 1802 συμὸιὸηκός.
372 1753 428 1792 06
447 1753 537 1808 γάρ,
556 1754 644 1794 καθὸ
660 1755 816 1808 φιλοῦσιν
838 1754 1002 1804 ἄλληλα,
1024 1755 1166 1796 ἐναντία

109 1809 229 1860 ἐστίν,
251 1810 345 1850 ἀλλὰ
363 1811 591 1864 συμὸέὸηκεν
618 1814 736 1858 αὗτοῖς
763 1813 929 1858 ἐναντίοις
958 1817 1060 1855 εἰναι.
1094 1815 1165 1854 Καὶ

108 1868 180 1925 γὰρ
206 1872 227 1910 ὁ
254 1870 400 1921 πένης’
383 1878 448 1927 ερᾷ
478 1887 542 1912 του
562 1872 757 1923 πλουσίου,
788 1873 842 1912 ὅτι
866 1873 1043 1928 ὠφέλιμός
1073 1876 1165 1913 ἐστιν

101 1931 221 1987 ἀὐτῷ
233 1931 296 1971 καὶ
326 1931 516 1985 χρήσιμος·
550 1932 727 1986 χρησιμος
759 1932 796 1972 δὲ
824 1933 885 1972 καὶ
914 1933 1091 1986 ὠφέλιμος
1113 1937 1163 1988 τῷ

108 1989 287 2067 χρωμένῳ
305 1992 370 2031 οὐκ
391 1991 524 2032 ἔστιν’
508 1993 662 2037 εναντίος
676 1995 755 2032 καθ’
778 1993 875 2032 αὑτό·
904 1987 928 2042 η
948 1992 1051 2047 γὰρ
1034 2009 1076 2032 αν
1097 2001 1166 2040 πᾶς

108 2051 287 2106 ’ρήσιμος
309 2053 362 2106 τῶ
386 2052 563 2106 χρωμένῳ
590 2056 632 2100 ἠν
660 2051 703 2090 ἃν
729 2051 899 2097 ἐναντίος.
923 2053 1003 2092 Οὐκ
1032 2052 1166 2093 ἔστιδὲ

109 2111 189 2152 οὐδὲ
205 2114 225 2152 ὁ
239 2111 462 2165 στρατιώτης
482 2114 534 2165 τῷ
556 2114 747 2165 στρατηγῶ
770 2111 944 2160 ἐναντίος,
969 2112 1048 2151 οὐδὲ
1072 2115 1090 2151 ὁ
1112 2114 1166 2153 δι-

111 2171 287 2218 δάσκαλος
303 2175 355 2226 τῷ
376 2174 533 2224 μαθητῇ.
550 2171 623 2212 Καὶ
640 2174 659 2210 ὁ
677 2170 825 2225 ἐραστὴς
842 2171 878 2210 δὲ
905 2171 964 2211 τὸν
988 2171 1164 2225 ἐρώμενον

111 2231 231 2286 φιλεῖ,
253 2231 308 2272 δ’τι
331 2230 417 2280 ἡδύς
446 2234 540 2272 ἐστιν
559 2233 669 2286 αὐτῷ·
694 2230 779 2280 ἡδὺς
798 2230 835 2270 δὲ
855 2231 1019 2285 ἡδομένῳ
1038 2234 1101 2271 οὐκ
1125 2232 1165 2271 ἔ·

109 2306 186 2331 στιν
201 2291 374 2341 ἐναντίος,
402 2290 495 2331 ἀλλὰ
516 2292 704 2344 συμὸαίνει
726 2293 843 2336 αὐτοῖς
866 2291 1039 2337 ἐναντίους
1059 2287 1163 2335 εἶναι.

111 2349 230 2390 Φυσει
261 2351 298 2392 δὲ
319 2350 360 2390 τὸ
380 2349 483 2405 ξηρὸν
517 2351 655 2405 ἐφίεται
685 2352 725 2391 οὗ
751 2367 813 2390 του
845 2351 1003 2390 ἐναντίου
1037 2354 1165 2404 ὑγροῦ,

109 2408 204 2450 ἀλλὰ
219 2413 283 2451 τοῦ
297 2410 419 2463 μέσου·
441 2412 464 2458 ἡ
485 2409 555 2465 γὰρ
574 2409 715 2484 ὄρεξις..
700 2427 761 2450 του
782 2412 950 2463 ἀγαθου’
934 2426 1041 2450 εστιν·
1072 2413 1166 2464 ἀγα-

110 2467 171 2509 obv
185 2469 223 2510 δὲ
241 2486 283 2510 το
300 2469 419 2523 μέσον.
440 2471 566 2511 Ταυτα
593 2470 656 2521 μὲν
674 2474 733 2510 οὖν
762 2469 928 2525 ἀφείσθω·
953 2471 1013 2510 καὶ
1031 2469 1102 2524 γὰρ
1123 2473 1162 2511 06

109 2525 206 2568 πάνυ
224 2529 339 2570 οἰκεῖοί
354 2531 422 2570 εἶσι
439 2532 483 2583 τῇ
504 2529 667 2584 παρούσῃ
689 2530 935 2583 πραγματείᾳ.

170 2587 347 2644 (Scripsi
365 2605 374 2630 :
392 2597 410 2614 ⁸
436 2590 534 2630 δοκεῖ
551 2589 613 2631 καὶ
633 2589 704 2635 ἐξ
688 2589 855 2629 εναντίων
879 2589 1091 2630 συνεστάναι
1112 2607 1169 2645 φι-

111 2650 222 2704 λίαν]
250 2664 339 2690 cum
359 2650 462 2699 cod.;
484 2650 542 2689 sic
561 2649 665 2688 enim
685 2658 724 2687 et
743 2650 964 2702 Xenophon
986 2650 1113 2691 Anab.
1137 2650 1168 2700 l,

113 2712 156 2764 5,
181 2725 230 2762 19
250 2709 363 2750 ἐδόκει
380 2712 619 2764 ὑποχωρῆσαι
639 2708 698 2747 τὸν
713 2709 888 2761 ποταμόν.
909 2733 964 2740 ——
980 2709 997 2734 b
1012 2714 1043 2750 οἱ
1062 2710 1170 2759 πένη-

109 2787 168 2818 τες
180 2773 250 2812 τῶν
261 2770 456 2823 πλουσίων]
472 2770 588 2810 codd.
606 2770 638 2808 οἱ
653 2769 813 2809 πλούσιοι
833 2771 902 2808 τῶν
920 2770 1169 2825 πενήτων.->

543 2902 639 2954 Κεφ.
673 2900 733 2956 ιβ’.

407 3015 484 3058 Περὶ
505 3019 561 3056 τῆς
577 3017 742 3055 πολιτικῆς
761 3015 873 3058 φιλίας.

166 3123 207 3146 **
224 3122 350 3166 Ἔοικε
364 3123 421 3175 δέ,
440 3113 557 3169 καθὼς
583 3123 720 3178 εἴρηται
740 3123 929 3178 πρότερον,
950 3125 1004 3163 ὅτι
1025 3125 1106 3178 περὶ
1123 3126 1168 3167 τὰ

115 3181 206 3224 αὐτά
226 3183 320 3223 ἔστιν
341 3181 365 3231 ἥ
385 3199 423 3223 τε
442 3182 541 3237 φιλία
558 3183 618 3223 καὶ
639 3184 679 3223 τὸ
698 3183 847 3224 δίκαιον.
870 3183 942 3223 Καὶ
961 3182 1030 3237 γὰρ
1051 3183 1092 3222 τὸ
1111 3184 1166 3224 δί-

114 3257 215 3282 καιον
235 3242 271 3281 ἐν
291 3242 370 3289 ταῖς
400 3243 486 3298 πρὸς
509 3243 683 3291 ἀλλήλους
713 3245 783 3282 τῶν
818 3242 1013 3296 ἀνθρώπων
1040 3259 1167 3283 κοινω-

113 3299 204 3346 νίαις
222 3301 398 3351 ζητεῖται,
417 3303 453 3342 ἐν
472 3303 616 3349 ταύταις
642 3302 678 3342 δὲ
692 3302 753 3342 καὶ
770 3306 792 3353 ἠ
814 3303 915 3357 φιλία
929 3302 1074 3352 γίνεται.
1094 3303 1167 3344 Καὶ

2194 162 2273 200 505

1221 270 1260 293 eo
1276 261 1354 293 sunt
1367 259 1526 301 improbi,
1558 258 1649 302 quod
1668 268 1732 291 non
1751 257 1870 292 iisdem
1890 267 2021 302 semper
2033 257 2242 292 delectantur
2266 272 2275 292 ι

1220 312 1375 355 quocirca
1387 321 1494 355 neque
1509 311 1571 345 sibi
1588 321 1718 354 semper
1731 321 1838 355 neque
1853 312 1968 346 amicis
1985 314 2063 346 sunt
2074 312 2199 347 similes
2218 326 2226 346 ι
2244 315 2279 346 et

1220 366 1344 399 idcirco
1366 375 1423 409 per
1448 367 1548 399 breve
1566 368 1700 408 tempus
1716 366 1751 399 in
1772 366 1919 399 amicitia
1933 369 2078 406 manent,
2097 367 2176 410 quia
2192 368 2278 401 alte-

1220 419 1291 452 rius
1311 418 1522 462 improbitate
1542 419 1626 451 alter
1642 419 1839 453 delectatur.
1863 419 1966 452 Utiles
1983 429 2065 453 vero
2083 422 2117 452 et
2139 420 2278 463 jucundi

1220 472 1324 514 magis
1348 473 1381 505 in
1403 473 1459 506 illa
1482 472 1698 506 similitudine
1720 473 1903 515 persistunt
1928 484 1935 505 ε
1965 473 2045 516 quia
2073 482 2185 506 rerum
2208 475 2277 507 uti-

1222 527 1303 560 lium
1321 528 1356 559 et
1376 526 1602 568 jucundarum
1633 526 1784 560 stabilior
1811 528 1862 560 est
1880 527 2102 566 consectatio,
2136 527 2280 570 ideoque

1221 578 1283 612 sibi
1303 581 1336 612 et
1354 579 1441 612 inter
1457 588 1492 612 se
1517 579 1644 612 similes
1664 581 1761 618 sunt,
1794 581 1968 622 propterea
1989 580 2080 622 quod
2101 580 2197 613 utilia
2220 583 2279 614 aut

1219 631 1365 675 Jucunda
1389 634 1530 674 uterque
1554 632 1697 674 quaerit,
1723 631 1830 665 donec
1856 632 1941 665 alter
1963 632 2062 665 alteri
2092 633 2278 668 utilitatem

1221 686 1341 720 afferat
1367 689 1426 720 aut
1451 687 1668 729 voluptatem.
1697 689 1740 720 Et
1769 696 1817 720 eae
1842 687 1979 730 quidem
1997 697 2073 730 quae
2091 698 2110 721 a
2128 689 2279 722 similitu-

1221 743 1298 777 dine
1315 743 1469 776 oriuntur
1486 743 1641 777 amicitioe
1655 769 1663 784 ‚
1679 746 1757 776 sunt
1775 744 1868 777 tales.

1264 802 1408 836 Videtur
1424 805 1537 836 autem
1551 813 1594 837 ex
1618 804 1784 836 contrario
1802 813 1841 837 ea
1853 803 2000 837 amicitia
2020 805 2180 844 constare,
2203 813 2282 847 quae

1223 862 1378 895 utilitatis
1393 871 1493 896 eausa
1507 863 1726 896 contrahitur.
1746 862 1849 896 Verbi
1862 862 1968 904 gratia
1986 863 2014 896 si
2028 873 2154 906 pauper
2169 863 2279 902 diviti,

1222 924 1281 954 aut
1310 921 1487 964 imperitus
1514 921 1621 964 perito
1649 921 1687 954 fit
1708 921 1835 954 amicus
1866 932 1874 953 ε
1894 931 1971 955 nam
1996 931 2064 965 qua
2083 922 2228 966 quisque
2246 933 2283 956 re

1222 980 1307 1014 forte
1330 981 1466 1014 fortuna
1486 983 1569 1024 eget,
1592 991 1666 1014 eam
1692 982 1734 1014 ab
1756 981 1862 1014 altero
1885 983 2044 1024 expetens
2059 1008 2067 1023 ,
2084 983 2149 1016 alio
2165 993 2283 1025 genere

1221 1040 1313 1084 quod
1328 1041 1398 1083 ipse
1414 1041 1494 1074 dare
1513 1043 1624 1084 potest
1635 1041 1731 1074 illum
1748 1043 1993 1075 remuneratur.
2012 1042 2063 1075 Ad
2076 1052 2178 1085 quam
2198 1043 2284 1077 ami-

1222 1100 1310 1134 citiae
1332 1100 1475 1143 speciem
1490 1102 1568 1135 ,tum
1583 1102 1713 1134 amator
1726 1109 1861 1143 quoque
1875 1103 1908 1134 et
1925 1101 1954 1133 is
1967 1101 2027 1143 qui
2050 1104 2193 1141 amatur,
2210 1104 2282 1135 tum

1222 1160 1360 1194 formosi
1379 1162 1412 1193 et
1433 1159 1591 1193 deformis
1613 1160 1762 1194 amicitia
1779 1159 1896 1193 referri
1919 1160 2024 1203 possit
2050 1170 2058 1190 ε
2078 1164 2180 1204 atque
2198 1162 2285 1195 hanc

1221 1220 1266 1254 ob
1311 1229 1446 1254 causam
1478 1220 1611 1254 ridiculi
1653 1229 1881 1263 saepenumero
1913 1222 2079 1254 amatores
2113 1222 2282 1263 videntur,

1222 1280 1357 1325 quando
1374 1281 1418 1313 ab
1436 1279 1478 1313 iis
1491 1289 1577 1323 quos
1607 1282 1721 1313 amant
1749 1279 1941 1313 hominibus
1959 1279 2113 1314 formosis
2133 1290 2168 1315 se
2184 1282 2284 1315 reda-

1223 1341 1307 1375 mari
1341 1339 1459 1373 volunt
1487 1339 1652 1379 similiter,
1685 1350 1794 1383 quum
1819 1340 1885 1373 sint
1908 1339 2075 1375 deformes
2100 1352 2109 1374 z
2144 1342 2171 1375 si
2198 1342 2284 1375 enim

1224 1410 1320 1444 aeque
1336 1402 1414 1433 sunt
1441 1399 1617 1439 amabiles,
1638 1409 1704 1433 non
1732 1400 1867 1442 indigna
1900 1402 2040 1443 petunt,
2069 1405 2283 1445 merentque,

1225 1463 1263 1493 ut
1291 1459 1408 1493 eodem
1439 1459 1539 1493 modo
1569 1461 1724 1493 amentur
1749 1470 1756 1490 ε
1787 1460 1838 1493 sin
1874 1461 2006 1500 minus,
2032 1463 2110 1494 sunt
2138 1462 2283 1497 ridiculi.

1225 1520 1450 1559 Quamobrem
1474 1528 1515 1552 ex
1544 1519 1719 1552 contrariis
1744 1520 1847 1553 etiam
1875 1523 2027 1554 constare
2046 1521 2120 1554 haec
2138 1522 2285 1556 amicitia

1225 1579 1370 1619 videtur,
1398 1579 1479 1622 quia
1506 1578 1674 1613 deformes
1703 1578 1887 1620 formosos,
1911 1589 2075 1623 pauperes
2095 1581 2282 1623 opulentos,

1225 1639 1350 1672 indocti
1367 1639 1513 1682 denique
1531 1639 1684 1672 homines
1713 1639 1850 1673 scientia
1869 1639 2028 1682 praeditos
2050 1643 2177 1674 amant.
2197 1642 2285 1680 Quin

1226 1696 1327 1729 etiam
1348 1694 1383 1728 in
1407 1704 1519 1728 rerum
1544 1697 1664 1728 natura
1683 1695 1822 1728 humida
1842 1698 2047 1738 appetuntur
2062 1706 2082 1729 a
2099 1696 2218 1730 siccis:
2238 1700 2286 1733 ta-

1226 1753 1267 1785 lis
1291 1754 1405 1785 autem
1427 1752 1670 1785 contrariorum
1691 1752 1838 1785 amicitia
1851 1762 1916 1786 non
1931 1762 1990 1796 per
2003 1763 2039 1787 se
2055 1752 2115 1793 fit,
2142 1754 2202 1788 sed
2228 1765 2286 1798 per

1225 1809 1387 1843 accidens.
1406 1811 1520 1852 Neque
1533 1808 1621 1842 enim
1633 1835 1640 1847 ,
1659 1811 1828 1852 quatenus
1845 1819 1881 1843 se
1897 1811 2018 1843 mutuo
2037 1810 2191 1853 diligunt,
2208 1812 2286 1845 sunt

1225 1866 1391 1900 contraria
1403 1893 1410 1906 ‚
1431 1866 1490 1899 sed
1505 1865 1627 1899 accidit
1649 1866 1690 1898 fis
1713 1868 1751 1899 ut
1777 1866 1844 1899 sint
1856 1867 2033 1900 contraria.
2052 1868 2187 1901 Etenim
2202 1878 2287 1911 pau—

1225 1933 1285 1967 per
1302 1925 1393 1956 amat
1412 1922 1571 1961 divitem,
1595 1922 1674 1965 quia
1693 1923 1727 1955 et
1746 1922 1883 1965 prodest
1908 1923 1971 1965 ipsi
1996 1925 2030 1956 et
2047 1924 2139 1957 utilis
2156 1926 2208 1958 est
2233 1924 2287 1957 di—

1226 1990 1308 2015 ves:
1323 1980 1382 2024 qui
1399 1989 1478 2014 vero
1495 1980 1590 2013 utilis
1612 1982 1664 2013 est
1679 1982 1713 2013 et
1728 1980 1875 2022 prodest,
1893 1981 2000 2014 utenti
2020 1990 2085 2014 non
2107 1983 2159 2015 est
2177 1991 2236 2024 per
2251 1990 2287 2014 se

1227 2037 1413 2074 contrarius
1442 2049 1452 2069 ι
1476 2035 1625 2079 profecto
1650 2037 1737 2070 enim
1766 2038 1875 2071 omnis
1902 2039 2003 2071 homo
2030 2039 2123 2072 utilis
2150 2040 2287 2073 cuilibet

1226 2094 1335 2128 utenti
1351 2093 1438 2126 foret
1452 2093 1648 2126 contrarius.
1668 2094 1710 2126 At
1723 2103 1830 2136 neque
1849 2094 1946 2128 miles
1965 2094 2043 2128 duci
2063 2120 2071 2135 ,
2088 2105 2198 2139 neque
2214 2106 2288 2130 ma-

1227 2151 1328 2194 gister
1357 2149 1522 2193 discipulo
1548 2151 1599 2182 est
1627 2150 1824 2183 contrarius.
1858 2151 1914 2184 Sic
1942 2154 1976 2184 et
1999 2154 2128 2185 amator
2153 2153 2289 2187 delicias

1227 2215 1305 2242 suas
1321 2207 1411 2238 amat
1426 2231 1434 2245 ‚
1451 2205 1533 2248 quia
1551 2205 1651 2238 homo
1667 2206 1837 2248 jucundus
1855 2206 1917 2248 ipsi
1936 2209 1986 2240 est
2004 2216 2012 2236 τ
2031 2207 2202 2250 jucundus
2226 2218 2288 2242 au-

1227 2266 1295 2297 tem
1315 2262 1346 2295 ei
1364 2261 1425 2304 qui
1442 2261 1514 2303 ipso
1530 2260 1717 2294 delectatur
1729 2271 1795 2294 non
1812 2264 1864 2296 est
1883 2263 2081 2303 contrarius,
2099 2265 2177 2298 licet
2194 2266 2286 2299 acci-

1226 2317 1285 2352 dat
1300 2319 1367 2351 illis
1388 2319 1430 2350 ut
1455 2317 1520 2350 sint
1536 2318 1705 2351 contrarii.
1726 2320 1854 2352 Natura
1871 2329 1951 2353 vero
1978 2321 2105 2354 siccum
2124 2331 2189 2354 non
2205 2331 2287 2357 con-

1227 2376 1368 2410 trarium
1389 2375 1474 2419 petit
1493 2375 1692 2415 humidum,
1726 2376 1785 2409 sed
1816 2377 1965 2410 medium
1995 2391 2003 2424 g
2021 2378 2098 2411 boui
2121 2378 2211 2412 enim
2229 2379 2288 2412 illa

1227 2433 1389 2475 appetitio
1421 2435 1472 2474 est
1498 2444 1507 2464 ε
1539 2433 1665 2466 bonum
1691 2435 1805 2467 autem
1824 2436 1876 2467 est
1901 2425 2062 2469 medi'um.
2086 2437 2197 2479 Atque
2215 2436 2290 2470 haec

1226 2488 1363 2530 quidem
1376 2489 1586 2528 omittantur,
1609 2490 1794 2532 praesertim
1815 2499 1922 2533 quum
1938 2491 1981 2526 ad
1997 2494 2198 2535 praesentem
2222 2497 2289 2526 tra-

1228 2547 1357 2578 ctatum
1380 2554 1446 2579 non
1469 2554 1670 2588 magnopere
1692 2545 1891 2588 pertineant.

1667 2909 1750 2953 Cap.
1773 2910 1846 2944 XII.

1602 3025 1646 3054 De
1657 3024 1791 3055 amicitia
1803 3024 1900 3055 civili.

1273 3129 1436 3163 Videntur
1453 3131 1587 3170 autem,
1607 3131 1890 3172 quemadmodum
1911 3140 2012 3174 supra
2031 3131 2159 3165 dictum
2177 3134 2239 3173 est,
2255 3131 2289 3164 in

1227 3190 1344 3224 iisdem
1361 3192 1435 3224 tum
1448 3190 1598 3224 amicitia
1615 3193 1689 3225 tum
1706 3192 1763 3234 jus
1776 3192 1914 3224 versari.
1935 3192 2064 3234 Quippe
2079 3193 2135 3234 jus
2149 3192 2182 3224 in
2202 3200 2288 3224 com-

1227 3251 1319 3284 muni
1331 3251 1505 3285 hominum
1519 3250 1679 3285 societate
1698 3252 1895 3295 requiritur,
1914 3251 1948 3285 in
1962 3261 2030 3295 qua
2055 3251 2155 3284 etiam
2172 3251 2288 3284 amici-

1227 3310 1284 3344 tiae
1303 3311 1396 3344 locus
1411 3313 1473 3345 est.
1491 3311 1625 3345 Etenim
1641 3311 1701 3354 qui
1715 3321 1781 3345 una
1796 3312 1953 3354 navigant
1967 3313 2001 3343 et
2017 3310 2162 3343 militant
2179 3310 2288 3342 omni-

157 3421 178 3440 *
198 3418 254 3460 Ἐξ
265 3420 423 3455 ἐναντίων
437 3423 472 3456 δε
492 3422 636 3465 μάλιστα
651 3424 721 3456 κτλ.
739 3439 782 3447 -
797 3422 838 3443 *4
856 3422 935 3465 Gap.
961 3425 993 3456 9.
1015 3422 1127 3457 Ἔοικε
1142 3424 1198 3467 δὲ,
1216 3425 1364 3470 καθάπερ
1383 3426 1417 3459 ἐν
1433 3427 1526 3471 ἀρχῇ
1540 3426 1688 3471 εἴρηται,
1702 3427 1773 3461 κτλ.
