2528 3788
260 187 313 228 5ο
514 161 516 163 ’
1166 186 1233 228 on
1262 186 1511 228 PLATONE.

259 289 357 329 quos
381 276 503 315 solere
536 288 614 314 esse
647 276 752 314 cives
784 274 878 327 (15).
916 274 1022 314 Idem
1042 289 1162 328 porro
1183 276 1298 328 jubet

260 344 407 375 tantum
423 334 653 374 contendere
672 334 713 372 in
734 333 956 386 republica,
984 344 1170 386 quantum
1201 350 1297 388 pro-

258 395 351 433 bare
370 394 447 432 tuis
481 391 633 446 civibus
672 392 823 444 possis;
858 393 937 431 vim
970 405 1095 444 neque
1129 395 1297 445 parenti,

260 462 384 502 neque
403 451 535 502 patriae
565 450 695 489 afferri
721 459 914 502 oportere.
938 451 1064 502 Atque
1084 451 1182 490 hanc
1207 452 1297 503 qui-

259 510 343 548 dem
364 510 431 548 ille
450 522 602 549 causam
623 509 700 548 sibi
717 509 770 548 ait
790 523 869 548 non
894 510 1125 559 attingendae
1149 513 1205 550 rei
1226 525 1298 564 pu-

258 569 371 607 blicae
404 568 522 607 fuisse
550 582 559 606 ε
583 568 688 619 quod
712 581 831 620 quum
863 568 1086 608 offendisset
1113 570 1299 622 populum

259 628 531 666 Atheniensem
554 641 679 680 prope
699 627 780 678 jam
805 627 1059 680 desipientem
1080 637 1295 679 senectute,

258 699 451 737 quemque
483 699 554 725 nec
590 686 860 738 persuadendo
893 699 965 725 nec
997 687 1174 738 cogendo
1213 689 1296 739 regi

257 758 370 796 posse
389 746 572 793 vidisset,
599 753 681 784 tum
697 745 922 797 persuaderi
939 758 1053 797 posse
1074 746 1269 786 diffideret
1285 779 1295 798 ,

257 813 337 848 tum
358 805 444 854 cogi
465 804 519 842 fas
538 816 620 842 esse
633 817 712 842 non
729 803 995 842 arbitraretur.
1010 803 1088 856 (16)
1111 803 1296 844 Consiliis

257 872 383 906 tamen
410 863 550 914 juvare
570 876 674 905 nunc
712 863 877 901 Dionem
909 876 1012 902 nunc
1042 863 1140 901 alios
1166 876 1295 902 rerum

255 923 501 973 publicarum
515 931 687 962 rectores
710 935 789 961 non
808 921 1019 962 dubitavit.
1043 921 1173 968 Quid?
1193 924 1298 974 quod

260 982 446 1020 Archelao
469 982 721 1021 Macedonum
751 984 834 1033 regi
854 982 1076 1021 carissimus
1099 982 1184 1034 suit,
1209 984 1299 1022 licet

257 1040 475 1092 inscriptis
492 1054 579 1080 eum
610 1041 913 1092 reprehenderit.
940 1041 1166 1092 Philippum
1198 1056 1298 1093 quo-

257 1111 332 1150 que
351 1099 599 1138 Macedonem
619 1099 815 1138 Perdiccae
834 1101 1003 1151 primum
1027 1101 1297 1140 commendare

257 1171 336 1198 non
353 1158 511 1197 erubuit
524 1188 535 1207 ,
569 1159 637 1210 qui
660 1160 876 1210 provinciae
897 1159 945 1197 ab
975 1159 1050 1196 hoc
1067 1159 1298 1211 praepositus

258 1216 460 1267 copiisque
473 1244 483 1264 ,
505 1229 601 1267 quas
621 1216 792 1266 aluerat,
813 1216 1002 1263 confisus,
1020 1229 1182 1266 regnum
1211 1226 1300 1267 post

255 1275 339 1326 ejus
358 1274 506 1313 obitum
528 1275 731 1326 occupavit
751 1274 844 1327 (17).

307 1335 364 1372 De
373 1334 547 1374 Platonis
559 1334 780 1384 eloquentia
795 1342 831 1371 et
843 1341 979 1371 ornato
993 1332 1148 1371 dicendi
1160 1345 1298 1382 genere

255 1393 362 1433 nulla
379 1394 480 1431 inter
493 1392 701 1443 scriptores
715 1393 979 1430 controversia
992 1400 1062 1439 est,
1076 1393 1166 1441 quia
1185 1405 1297 1429 nemo

255 1453 409 1491 dubitat
427 1452 536 1490 illurn
562 1451 645 1488 sive
664 1451 842 1488 acumine
857 1450 1092 1497 disserendi,
1115 1450 1200 1487 sive
1218 1450 1297 1487 elo·

255 1510 399 1562 quendi
432 1509 613 1548 facultate
653 1508 789 1546 divina
828 1508 993 1559 quadam
1020 1517 1058 1546 et
1095 1508 1299 1547 Homerica
1324 1489 1330 1612 Ι

254 1569 456 1608 excellere.
475 1567 640 1605 Multum
659 1567 761 1605 enim
778 1579 895 1618 supra
907 1579 1064 1618 prosam
1080 1568 1297 1606 orationem

257 1628 409 1677 surgit,
442 1635 484 1664 ut
508 1639 586 1664 non
605 1626 776 1664 hominis
805 1625 983 1675 ingenio,
1019 1625 1085 1662 sed
1107 1625 1297 1676 Delphico
1325 1617 1331 1676 i

254 1773 322 1817 (15)
344 1773 457 1807 Cicero
475 1772 577 1814 Epist.
593 1772 635 1804 ad
657 1773 748 1803 Fam.
771 1773 797 1810 I,
815 1774 859 1809 93
891 1771 983 1803 Plato
1007 1770 1049 1803 de
1063 1771 1146 1813 legg.
1174 1771 1229 1805 lib.
1253 1773 1299 1805 IV

256 1822 361 1863 μηδεὶς
374 1823 454 1861 ὑμᾶς
468 1820 617 1860 πειθέτω,
641 1820 667 1851 ὦ
687 1819 767 1860 φίλοι
779 1843 788 1859 ,
806 1819 899 1856 ἄλλην
919 1820 1028 1851 θᾶττον
1042 1843 1051 1858 ,
1070 1819 1122 1850 καὶ
1139 1820 1213 1860 ῥᾷον
1240 1831 1296 1860 με-
1324 1770 1332 1868 1

252 1869 415 1901 ταὸάλλειν
440 1867 477 1899 ἄν
494 1878 570 1899 ποτε
585 1866 696 1906 πόλιν,
720 1867 773 1898 καὶ
794 1866 864 1904 τοὺς
883 1866 994 1907 νόμους
1017 1866 1037 1904 ἢ
1060 1869 1099 1907 τῇ
1122 1869 1185 1898 τῶν
1202 1867 1288 1899 δυνα-

255 1916 429 1948 στευόντων
443 1913 604 1955 ἡγεμονίᾳ.
623 1930 665 1936 -
684 1911 752 1954 (16)
773 1912 887 1945 Cicero
909 1912 1011 1953 Epist.
1034 1912 1074 1944 ad
1091 1914 1182 1946 Fam.
1204 1915 1233 1954 I,
1251 1915 1294 1954 θ’,

255 1963 348 1996 Plato
363 1961 441 1995 erit.
467 1970 496 1994 c.
518 1964 555 1994 12
573 1963 735 2001 πανταχοῦ
751 1960 896 1997 ποιητέον
912 1960 933 1991 ἃ
953 1959 989 1991 ἂν
1003 1959 1114 2001 κελεύῃ
1128 1963 1147 1999 ἡ
1165 1960 1252 1999 πόλις
1265 1973 1297 1983 ‘-

255 2010 311 2042 καὶ
324 2011 344 2047 ἡ
361 2009 486 2050 πατρίς,
510 2010 530 2046 ἢ
557 2008 672 2040 πείθειν
688 2007 784 2044 αὐτήν
798 2032 806 2046 ,
830 2007 851 2048 ᾗ
876 2006 914 2039 τὸ
937 2007 1056 2039 δίκαιον
1074 2009 1209 2049 πέφυκε,
1225 2009 1297 2050 βιά-

257 2057 360 2093 ζεσθαι
381 2057 413 2088 δὲ
442 2056 502 2096 οὐχ
526 2055 612 2087 ὅσιον
638 2054 709 2086 οὔτε
742 2054 858 2095 μητέρα
889 2053 960 2086 οὔτε
990 2055 1128 2096 πατέρα,
1159 2056 1237 2088 πολὺ
1266 2055 1298 2087 δὲ

256 2103 374 2136 τούτων
399 2103 442 2135 ἔτι
461 2103 553 2142 ἧττον
571 2104 625 2141 τήν
646 2101 791 2142 πατρίδα.
805 2118 848 2125 -

298 2149 365 2192 (17)
379 2150 556 2182 Aillenaeus
572 2150 616 2182 XI
634 2158 665 2190 p.
686 2152 758 2181 506.
779 2148 813 2180 (l.
832 2157 862 2181 e.
880 2148 902 2180 f.
921 2149 975 2180 καὶ
991 2149 1007 2180 ὁ
1025 2149 1145 2190 Κρίτων
1162 2149 1188 2180 δ’
1203 2149 1298 2180 αὐτοῦ

257 2198 446 2238 Σοφοκλέους
464 2197 599 2238 περιέχει
620 2196 831 2236 καταδρομήν.
853 2196 870 2226 ὁ
883 2195 915 2227 δὲ
931 2195 1060 2236 Γοργίας
1081 2196 1118 2228 οὗ
1141 2197 1233 2236 μόνον
1248 2196 1298 2233 ἀφ’

258 2244 294 2276 οὔ
308 2245 344 2277 τὸ
366 2244 568 2285 ἐπίγραμμα,
584 2243 662 2274 ἀλλὰ
687 2243 739 2274 καὶ
758 2241 924 2283 Ἀρχελάου
942 2245 997 2274 τοῦ
1021 2243 1214 2279 Μακεδονίας
1240 2244 1299 2284 βα-

258 2291 381 2327 σιλέως·
397 2291 430 2322 ὃν
451 2291 487 2323 οὗ
506 2290 598 2331 μόνον
621 2289 829 2322 ἐπονείδιστον
856 2289 944 2329 γένος
965 2289 1068 2330 ἔχειν,
1086 2290 1152 2322 ἀλλ’
1179 2290 1226 2321 ὅτι
1245 2291 1300 2323 καὶ

259 2339 418 2371 ἀπέκτεινε
434 2338 487 2370 τὸν
509 2337 675 2380 δεσπότην.
698 2336 799 2374 Οὗτος
825 2336 852 2368 δ’
874 2336 941 2370 ἐστὶ
962 2336 1113 2377 Πλάτων,
1144 2337 1178 2368 ὃν
1199 2337 1300 2369 Σπεύ-

259 2387 375 2422 σιππός
394 2397 470 2426 φησι
493 2385 640 2426 φίλτατον
661 2384 736 2416 ὄντα
757 2383 930 2425 Ἀρχελάῳ,
957 2381 1107 2426 Φιλίππῳ
1128 2389 1182 2422 τῆς
1204 2386 1293 2426 βασιΔ

260 2434 342 2469 λείας
356 2432 453 2464 αίτιον
469 2433 624 2471 γενέσθαι.
641 2431 751 2473 Γράφει
771 2435 844 2472 γοῦν
862 2432 1037 2473 Καρύστιος
1061 2435 1078 2464 ὁ
1096 2433 1300 2474 Περγαμηνὸς

261 2482 292 2513 ἐν
305 2483 368 2516 τοῖς
388 2481 555 2520 ἱστορικοῖς
567 2479 786 2520 ὑπομνήμασιν
800 2479 910 2515 οὕτως’
932 2491 948 2507 (ι
963 2479 1161 2517 Σπεύσιππος
1181 2481 1299 2512 πυνθα-

261 2528 388 2568 νόμενος
404 2526 562 2559 Φίλιππον
583 2527 778 2567 βλασφημεῖν
792 2527 860 2566 περὶ
878 2526 1046 2562 Πλάτωνος
1069 2528 1111 2563 εἷς
1133 2527 1300 2564 ἐπιστολὴν

262 2572 375 2613 ἔγραψέ
400 2583 430 2603 τι
455 2573 615 2610 τοιοῦτον,
648 2571 772 2613 Ὥσπερ
818 2571 1004 2611 ἀγνοοῦντας
1029 2574 1099 2607 τοὺς
1123 2573 1300 2615 ἀνθρώπους

262 2620 309 2651 ὅτι
328 2619 382 2651 καὶ
401 2619 457 2657 τὴν
486 2618 585 2660 ἀρχὴν
614 2623 665 2656 τῆς
695 2617 855 2659 βασιλείας
882 2619 1039 2657 Φίλιππος
1062 2621 1113 2652 διὰ
1134 2620 1300 2658 Πλάτωνος

263 2668 365 2708 ἔσχεν.
383 2666 539 2706 Εὐφραῖον
561 2665 620 2706 γὰρ
636 2665 796 2697 ἀπέστειλε
823 2666 875 2697 τὸν
897 2666 1040 2706 Ὠρείτην
1061 2668 1136 2709 πρὸς
1165 2668 1300 2709 Περδίκ-

263 2726 321 2748 καν
334 2713 486 2753 Πλάτων,
501 2713 534 2750 ὃς
557 2713 679 2745 ἔπεισεν
705 2713 892 2753 ἀπομερίσαι
917 2714 987 2745 τινὰ
1005 2714 1109 2756 χώραν
1137 2717 1298 2758 Φιλίππῳ.

263 2760 441 2803 Διατρέφων
460 2758 487 2791 δ’
509 2759 638 2791 ἐνταῦθα
657 2759 786 2800 δύναμιν
802 2785 809 2799 ,
828 2762 869 2796 ὡς
898 2761 974 2793 ἀπέθ
982 2772 1035 2793 ανε
1055 2762 1250 2804 Περδίκκας,
1273 2766 1302 2801 ἐξ

263 2808 388 2848 ἑτοίμου
422 2806 581 2846 δυνάμεως
609 2807 826 2847 ὑπαρχούσης,
851 2807 984 2840 ἐπέπεσε
1007 2811 1070 2845 τοῖς
1087 2810 1258 2851 πράγμασι.
1286 2824 1300 2838 υ

263 2875 304 2880 --
321 2855 386 2898 (18)
407 2853 627 2892 Quintilianus
642 2856 681 2893 X,
705 2856 733 2894 1,
762 2858 812 2886 81.
836 2874 874 2880 —
895 2855 962 2896 (19)
987 2855 1100 2888 Cicero
1115 2858 1209 2889 Brut.
1230 2865 1298 2898 cap.

265 2906 312 2937 31.
327 2920 368 2927 -
381 2900 449 2943 (20)
459 2901 574 2945 Cicero
586 2900 627 2933 de
635 2902 702 2933 nat.
714 2900 805 2933 deor.
821 2904 864 2941 II,
883 2906 928 2934 12.
945 2902 1062 2944 —-(21)
1073 2902 1190 2934 Cicero
1205 2905 1296 2935 orat.

265 2958 335 2991 cap.
372 2951 402 2982 3.
425 2965 467 2972 —
490 2947 558 2989 (22)
580 2948 739 2989 Diogenes
764 2948 910 2980 Laertius
930 2950 997 2988 III,
1019 2949 1057 2980 37
1082 2950 1154 2988 φησὶ
1171 2949 1198 2980 δ’
1224 2948 1301 2989 Ἀρι-

264 2996 410 3033 στοτέλης
427 2995 484 3033 τὴν
498 2998 560 3027 τῶν
578 2994 681 3036 λόγων
695 2996 779 3027 ἰδέαν
797 2996 893 3026 αὐτοῦ
912 2995 1024 3035 μεταξὺ
1038 2996 1209 3036 ποιήματος
1226 2997 1303 3028 εἶναι

264 3044 317 3076 καὶ
336 3046 429 3080 πεζοῦ
444 3042 552 3081 λόγου.
575 3060 610 3065 —-
626 3042 692 3083 (23)
707 3041 823 3074 Cicero
841 3044 933 3074 orat.
953 3051 1022 3083 cap.
1048 3046 1097 3074 20.
1115 3063 1153 3069 -
1169 3043 1234 3084 (24)
1249 3045 1305 3075 Se-

268 3098 348 3122 neca
365 3089 459 3130 epist.
479 3091 517 3121 58
534 3089 627 3121 Plato
643 3088 685 3120 ad
698 3089 902 3120 senectutem
919 3097 953 3120 se
969 3088 1134 3130 dulgentia
1152 3089 1300 3130 pertulit.

267 3137 344 3168 Erat
355 3135 486 3177 quidem
505 3142 623 3176 corpus
638 3134 785 3166 validum
803 3143 841 3166 ac
858 3134 940 3166 sorte
962 3135 1108 3175 sortitus,
1132 3138 1165 3168 et
1179 3136 1226 3168 illi
1245 3146 1303 3168 no-

269 3191 345 3215 men
363 3182 502 3216 latitudo
522 3181 664 3224 pectoris
682 3181 804 3214 fecerat
823 3193 831 3213 :
863 3181 920 3213 sed
943 3180 1165 3222 navigationes
1188 3190 1226 3213 ac
1247 3191 1304 3222 pe-

273 3230 373 3274 ricula
390 3229 529 3262 multum
548 3229 755 3262 detraxerant
771 3228 893 3260 viribus
912 3237 919 3257 ε
936 3228 1130 3268 parsimonia
1151 3230 1258 3260 tamen
1273 3231 1306 3261 et

276 3283 404 3317 sorum,
418 3285 491 3318 quae
509 3276 696 3309 aviditatem
713 3277 849 3307 evocant
863 3300 869 3315 ,
887 3274 1024 3314 modus,
1051 3277 1085 3307 et
1101 3274 1238 3316 diligens
1255 3276 1304 3307 sui

272 3322 374 3355 tutela
391 3323 543 3364 perduxit
564 3323 655 3355 illum
676 3322 718 3354 ad
737 3323 960 3362 seneclutem,
977 3321 1088 3354 multis
1106 3321 1305 3363 prohibenti-

274 3371 333 3404 bus
359 3371 477 3403 causis.
493 3372 573 3403 Nam
590 3371 652 3402 hoc
676 3369 759 3410 scis,
780 3371 877 3411 puto,
895 3369 1020 3401 Platoni
1045 3368 1220 3410 diligentiae
1236 3378 1303 3401 suae

272 3415 427 3450 beneficio
446 3417 638 3459 contigisse,
660 3416 747 3458 quod
764 3412 862 3449 natali
879 3425 939 3449 suo
956 3415 1115 3455 decessit,
1133 3418 1165 3448 ct
1185 3425 1303 3448 anuum

1360 278 1526 330 quodam
1559 276 1715 315 oraculo
1746 274 1951 314 instinctus
1978 274 2155 312 videatur
2175 273 2270 326 (18).
2301 270 2400 320 Quis

1359 340 1460 376 enim
1485 337 1647 377 uberior
1663 336 1705 374 in
1718 334 1882 373 dicendo
1901 346 2014 384 quam
2033 333 2167 371 Plato?
2187 333 2316 379 Quare
2333 332 2402 372 Jo-

1358 409 1446 435 vem
1464 397 1498 436 si
1524 396 1658 434 Graece
1675 395 1874 446 loquatur,
1900 393 1956 431 sic
1969 393 2079 444 loqui
2094 392 2205 444 ajunt
2221 393 2392 446 philoso-

1361 456 1429 507 phi
1451 455 1546 507 (19).
1563 455 1695 505 Neque
1709 453 1858 505 injuria
1876 452 2011 491 Cicero
2029 451 2134 489 hunc
2148 464 2270 490 unum
2289 451 2399 503 quasi

1359 515 1552 564 quendam
1574 512 1897 566 philosophorum
1927 510 2041 548 deum
2061 508 2138 562 (20)
2159 507 2402 560 eundemque

1361 572 1476 611 simul
1499 571 1743 621 intelligendi
1788 570 1903 609 simul
1937 568 2094 607 dicendi
2127 568 2400 618 gravissimum

1361 639 1555 669 auctorem
1574 638 1611 667 et
1636 629 1863 679 magistrum
1888 628 2064 666 nominat
2082 625 2178 680 (Μ).
2199 626 2316 665 Recte
2335 638 2403 665 au-

1361 698 1435 728 tem
1455 688 1683 728 Aristoteles
1712 688 1817 740 apud
1848 687 2062 737 Diogenem
2094 686 2291 726 Laertium
2319 684 2400 732 111,

1362 749 1410 796 37
1450 747 1603 786 Platoni
1639 746 1738 785 illud
1774 746 1966 785 sermonis
2003 758 2124 795 genus
2161 743 2268 796 quod
2299 743 2404 783 inter

1360 819 1499 858 poema
1514 815 1552 845 et
1575 819 1731 858 prosam
1750 805 1918 844 medium
1932 804 1998 851 sit,
2021 804 2205 853 assignat.
2232 802 2310 853 (aa)
2329 801 2405 840 lta-

1362 878 1437 916 que
1459 865 1637 904 videmus
1663 865 1791 903 visum
1823 877 1906 903 esse
1934 863 2150 915 nonnullis,
2171 861 2345 901 Platonis
2368 870 2406 900 et

1362 923 1575 972 Democriti
1606 924 1842 962 locutionem
1857 951 1868 971 ,
1893 923 1967 961 etsi
2004 921 2107 960 absit
2137 934 2160 959 a
2181 933 2319 967 versu,
2340 929 2405 959 ta-

1361 995 1470 1031 men,
1492 982 1595 1033 quod
1616 981 1816 1020 incitatius
1838 981 1982 1019 feratur
2002 989 2040 1018 et
2062 980 2290 1018 clarissimis
2313 991 2405 1017 ver-

1359 1040 1500 1079 borum
1531 1040 1747 1080 luminibus
1766 1048 1896 1078 utatur
1910 1068 1921 1087 ,
1940 1039 2073 1090 potius
2103 1051 2244 1090 poema
2261 1046 2403 1090 putan-

1361 1099 1466 1148 dum,
1491 1112 1612 1150 quam
1634 1099 1871 1138 comicorum
1890 1107 2091 1150 poetarum
2118 1112 2127 1136 :
2147 1097 2253 1150 apud
2283 1109 2402 1149 quos,

1359 1158 1436 1196 nisi
1468 1159 1574 1209 quod
1593 1159 1777 1197 versiculi
1804 1167 1918 1207 sunt,
1941 1158 2040 1197 nihil
2069 1167 2126 1198 est
2145 1157 2252 1197 aliud
2279 1157 2407 1210 quoti-

1414 1279 1572 1314 Summa
1588 1276 1844 1328 temperantia
1861 1277 1903 1315 in
1922 1277 2031 1315 victu
2043 1276 2086 1315 id
2106 1284 2336 1315 consecutus
2347 1283 2407 1316 est

1359 1335 1470 1372 Plato
1483 1364 1494 1383 ‚
1516 1344 1558 1373 ut
1577 1335 1624 1373 ad
1640 1336 1850 1373 extremam
1872 1343 2106 1374 senectutem
2129 1334 2283 1374 veniret
2311 1332 2404 1386 (24).

1359 1392 1465 1431 Idem
1499 1393 1659 1444 jamjam
1698 1393 1915 1432 moriturus
1948 1393 2105 1443 genium
2137 1405 2251 1432 suuni
2287 1387 2406 1432 fortu-

1359 1464 1525 1502 namque
1555 1451 1751 1499 laudavit,
1789 1453 1962 1503 primum
1992 1451 2098 1503 quod
2129 1451 2246 1490 homo
2273 1451 2406 1504 potius

1359 1523 1475 1561 quam
1494 1513 1653 1551 brutum
1675 1512 1836 1564 animal,
1851 1511 1992 1550 deinde
2012 1511 2117 1562 quod
2137 1510 2310 1558 Graecus,
2327 1522 2405 1548 non

1359 1568 1572 1617 barbarus,
1600 1570 1770 1621 denique
1817 1570 1923 1621 quod
1960 1569 2133 1610 Socratis
2163 1567 2406 1621 temporibus

1360 1636 1472 1666 natus
1491 1637 1590 1666 esset
1610 1628 1703 1680 (25).
1733 1628 1898 1666 Mortem
1922 1627 2023 1665 obiit
2057 1627 2244 1666 archonte
2277 1626 2406 1666 Theo-

1359 1783 1461 1806 unum
1478 1776 1577 1814 atque
1595 1774 1832 1816 octogesimum
1850 1774 2000 1816 implevit
2024 1774 2094 1807 sine
2112 1773 2181 1807 ulla
2196 1773 2403 1809 deductione.

1357 1821 1436 1854 Ideo
1451 1822 1559 1861 magi,
1588 1821 1646 1862 qui
1667 1821 1751 1854 forte
1772 1821 1909 1853 Athenis
1935 1823 2045 1860 erant,
2075 1820 2329 1854 immolaverunt
2343 1821 2403 1854 de-

1358 1868 1490 1908 functo,
1515 1867 1680 1909 amplioris
1700 1867 1800 1900 fuisse
1822 1868 1921 1900 sortis
1931 1876 2030 1908 quam
2048 1867 2201 1900 humanae
2221 1867 2306 1906 rati,
2326 1867 2404 1909 quia

1358 1917 1618 1948 consummasset
1632 1914 1907 1956 perfectissimum
1934 1922 2125 1954 numerum,
2154 1923 2253 1956 quem
2281 1923 2401 1948 novem

1358 1963 1471 1995 novies
1489 1961 1704 2004 multiplicata
1724 1963 1933 2004 componunt.
1949 1978 1991 1985 —

1402 2008 1468 2050 (25)
1487 2007 1686 2041 Plutarchus
1701 2007 1764 2040 vit.
1786 2007 1881 2040 Marii
1896 2017 1966 2049 cap.
1988 2011 2027 2041 46
2047 2008 2120 2040 Vol.
2145 2009 2195 2042 111
2217 2017 2251 2051 p.
2269 2011 2328 2043 129
2349 2010 2401 2043 ed.

1360 2058 1492 2088 Hutten.
1514 2056 1648 2088 Πλάτων
1667 2056 1722 2096 μὲν
1742 2054 1796 2087 οὖν
1813 2055 1873 2093 ἤδη
1892 2056 1967 2096 πρὸς
1986 2058 2032 2096 τῷ
2048 2056 2192 2098 τελευτᾷν
2213 2055 2378 2098 γενόμενος
2390 2082 2398 2098 ,

1359 2104 1447 2144 ὕμνει
1464 2103 1516 2135 τὸν
1533 2104 1629 2134 αὑτοῦ
1640 2102 1773 2143 δαίμονα
1791 2102 1843 2133 καὶ
1865 2102 1921 2139 τὴν
1937 2101 2052 2143 τύχην,
2069 2102 2117 2134 ὅτι
2133 2105 2254 2144 πρῶτον
2271 2102 2326 2144 μὲν
2345 2103 2403 2136 ἄν-

1360 2153 1497 2192 θρωπος,
1526 2150 1593 2181 εἶτα
1610 2149 1724 2186 Ἕλλην
1737 2173 1745 2188 ,
1776 2149 1812 2180 οὐ
1845 2149 2020 2190 βάρὸαρος,
2046 2148 2112 2181 οὐδ’
2133 2147 2246 2191 ἄλογον
2261 2152 2300 2192 τῇ
2315 2150 2404 2189 φύσει

1361 2198 1463 2238 θηρίον
1480 2196 1610 2238 γένοιτο·
1626 2196 1701 2237 πρὸς
1723 2196 1755 2227 δὲ
1772 2195 1910 2235 τούτοις,
1931 2196 1977 2226 ὄτι
1997 2198 2063 2232 τοῖς
2086 2195 2268 2237 Σωκράτους
2282 2195 2404 2237 χρόνοις

1360 2245 1533 2282 ἀπήντησεν
1564 2244 1583 2280 ἠ
1606 2243 1724 2281 γένεσις
1748 2243 1855 2274 αὐτοῦ.
1877 2242 2066 2274 Lactantius
2082 2242 2148 2275 div.
2170 2242 2247 2276 inst.
2271 2242 2328 2276 fib.
2353 2245 2404 2277 111

1359 2300 1435 2332 cap.
1462 2292 1510 2323 19.
1528 2291 1600 2321 Non
1617 2288 1773 2321 dissimile
1788 2289 1933 2321 Platonis
1954 2288 2035 2321 illud
2053 2291 2114 2328 est,
2132 2289 2222 2330 quod
2232 2289 2352 2331 ajebat,
2368 2300 2404 2325 se

1360 2337 1482 2379 gratias
1502 2344 1598 2378 agere
1615 2338 1742 2368 naturae
1760 2345 1768 2363 ι
1790 2335 1935 2377 primum
1948 2359 1957 2373 ,
1974 2335 2060 2376 quod
2079 2334 2178 2367 homo
2204 2337 2301 2368 natus
2316 2339 2404 2370 esset

1362 2385 1469 2426 potius
1484 2393 1585 2424 quain
1600 2384 1730 2415 mutum
1746 2382 1863 2415 animal
1887 2396 1894 2415 :
1916 2382 2056 2422 deinde,
2075 2382 2165 2423 quod
2190 2391 2262 2415 mas
2277 2383 2400 2426 polius,

1360 2440 1458 2472 quam
1475 2429 1591 2462 femina
1607 2443 1614 2462 ι
1629 2429 1718 2470 quod
1734 2431 1884 2468 Graecus,
1904 2438 2002 2469 quam
2021 2429 2204 2462 barbarus:
2223 2431 2401 2472 postremo,

1361 2478 1449 2518 quod
1467 2476 1674 2509 Atheniensis
1686 2501 1694 2516 ‚
1714 2478 1748 2509 et
1764 2476 1855 2517 quod
1872 2476 2072 2517 temporibus
2084 2477 2237 2510 Socratis.
2251 2477 2324 2510 Diei
2338 2487 2403 2511 non

1360 2527 1468 2568 potest
1479 2549 1488 2566 ,
1502 2527 1657 2565 quantam
1674 2525 1838 2557 mentibus
1859 2524 2058 2563 eaecitatem,
2077 2525 2284 2566 quantosque
2295 2525 2402 2567 pariat

1361 2582 1487 2606 errores
1503 2571 1663 2614 ignoratio
1679 2571 1838 2604 veritatis.
1858 2573 1925 2611 Ego
1948 2571 2045 2613 plane
2068 2570 2303 2612 contenderim,
2319 2580 2404 2605 nun·

1360 2629 1458 2661 quam
1480 2618 1659 2660 quidquam
1674 2618 1798 2652 dictum
1814 2627 1886 2652 esse
1903 2619 1937 2651 in
1957 2618 2055 2651 rebus
2069 2618 2220 2651 humanis
2241 2617 2377 2652 delirius
2393 2629 2400 2647 τ

1361 2667 1455 2708 quasi
1471 2674 1551 2699 vero
1571 2666 1600 2698 si
1625 2668 1684 2698 aut
1703 2665 1883 2706 barbarus,
1901 2667 1959 2699 ant
1979 2666 2109 2704 mulier,
2128 2666 2186 2698 aut
2207 2665 2317 2698 asinus
2342 2666 2402 2699 ‹le-

1361 2714 1459 2754 nique
1470 2713 1567 2745 natus
1576 2715 1674 2751 esset,
1695 2713 1784 2745 idem
1800 2713 1871 2754 ipse
1885 2713 1980 2745 Plato
1993 2715 2092 2753 essct,
2107 2721 2145 2745 ac
2159 2720 2225 2744 non
2239 2711 2348 2753 ipsum
2364 2713 2403 2744 il-

1361 2760 1436 2800 lud,
1455 2758 1546 2801 quod
1563 2761 1661 2791 natus
1678 2759 1806 2792 fuisset.
1829 2759 1893 2791 sed
1912 2759 2064 2792 videlicet
2077 2759 2274 2801 Pythagorae
2293 2760 2400 2793 credi-

1363 2808 1430 2847 dit,
1448 2807 1524 2848 qui,
1541 2808 1581 2840 ut
1604 2809 1732 2839 vetaret
1759 2806 1905 2839 homines
1936 2807 2131 2840 animalibus
2159 2802 2270 2848 resci,
2298 2807 2402 2850 dixit,

1363 2856 1486 2888 animas
1518 2854 1559 2886 de
1591 2854 1778 2895 corporibus
1812 2854 1847 2886 in
1883 2854 2022 2887 aliorum
2051 2853 2242 2887 animalium
2267 2863 2404 2896 corpora

1362 2910 1563 2947 commeare,
1584 2901 1672 2943 quod
1689 2904 1722 2934 et
1744 2910 1867 2934 vanum
1888 2902 1921 2933 et
1944 2900 2142 2943 impossibile
2169 2903 2219 2934 est
2238 2914 2246 2935 τ
2267 2911 2400 2943 vanum,

1363 2949 1440 2991 quia
1460 2957 1593 2981 necesse
1621 2957 1685 2981 non
1704 2948 1767 2980 fuit
1791 2949 1920 2980 veteres
1949 2948 2073 2980 animas
2097 2947 2129 2980 in
2158 2956 2244 2980 nova
2268 2957 2404 2991 corpora

1362 2996 1536 3036 inducere,
1559 3005 1662 3037 quum
1683 2995 1772 3030 idem
1791 2994 1905 3028 artifex
1917 3019 1926 3033 ‚
1944 2994 2000 3035 qui
2013 2993 2136 3035 primas
2157 2994 2332 3036 aliquando
2355 2996 2403 3029 fe-

1363 3046 1468 3083 cerat,
1486 3043 1627 3084 potuerit
1647 3050 1775 3083 semper
1791 3050 1892 3074 novas
1919 3041 2028 3073 facere
2051 3050 2059 3069 ι
2083 3041 2302 3083 impossibile,
2322 3043 2401 3084 quia

1363 3093 1461 3122 recta>
1479 3089 1614 3122 rationis
1636 3088 1742 3121 anima
1767 3090 1834 3121 tam
1852 3087 2027 3121 immutare
2049 3090 2202 3119 naturam
2228 3089 2336 3122 status
2351 3089 2402 3121 sui

1363 3146 1426 3169 non
1444 3138 1567 3179 potest,
1587 3144 1685 3177 quam
1700 3135 1783 3178 ignis
1794 3161 1803 3176 ‚
1818 3137 1875 3168 aut
1890 3135 2044 3168 deorsum
2062 3134 2124 3166 niti
2135 3160 2143 3173 ,
2164 3135 2222 3167 aut
2239 3134 2272 3166 in
2293 3137 2402 3167 trans-

1365 3193 1492 3216 versum
1521 3184 1664 3216 fulminis
1682 3183 1780 3215 modo
1802 3182 1967 3215 flammam
1993 3190 2086 3214 suam
2105 3181 2252 3214 fundere.
2273 3182 2398 3215 Existi-

1363 3231 1466 3262 mavit
1476 3231 1576 3272 igitur
1590 3231 1686 3262 homo
1703 3230 1846 3272 sapiens,
1866 3228 2012 3271 potuisse
2028 3227 2098 3260 fieri
2108 3253 2117 3268 ,
2137 3230 2176 3261 ut
2188 3228 2307 3269 anima,
2325 3237 2400 3270 quae

1363 3279 1441 3309 tunc
1459 3279 1528 3310 orat
1545 3278 1579 3310 iu
1597 3277 1750 3317 Platone,
1766 3276 1802 3309 in
1817 3275 1948 3316 aliquod
1969 3276 2097 3307 mutum
2116 3273 2236 3307 animal
2251 3274 2401 3308 include-

1364 3325 1471 3362 retnr3
1487 3326 1636 3365 essetque
1650 3323 1791 3355 humano
1809 3332 1906 3355 seusu
1926 3321 2080 3363 praedita,
2099 3323 2138 3354 ut
2151 3321 2346 3363 intelligeret
2362 3331 2401 3355 ac

1365 3369 1489 3403 doleret
1511 3371 1734 3412 incongruenti
1746 3379 1781 3402 sc
1796 3378 1930 3411 corpore
1946 3371 2123 3401 oneratam.
2141 3370 2272 3406 Quanto
2288 3368 2399 3402 sanius

1365 3417 1503 3458 faceret,
1531 3418 1559 3450 si
1588 3417 1710 3459 gratias
1730 3425 1825 3460 agere
1840 3440 1842 3442 -
1855 3425 1890 3450 se
1916 3415 2059 3457 diceret,
2090 3415 2179 3458 quod
2196 3415 2399 3458 ingeniosus,

2516 547 2518 551 .
2514 501 2518 531 »Α-
2508 423 2517 486 „sem
