2528 3788
209 367 288 400 σος
305 351 372 393 και
390 354 459 392 τῶν
485 354 652 393 Στωϊκῶν
671 352 784 405 λόγων
797 379 810 399 ,
833 349 919 405 πρὸς
943 350 1002 397 οὒς
1024 351 1121 390 καὶ’
1105 367 1180 404 ερι-

166 404 180 415 ¹
206 403 237 426 ⁵
274 411 464 466 ἳστάμενος
477 442 488 461 ,
512 412 569 451 ἐπὶ
592 412 696 452 πλέον
716 410 848 460 ηὐξήθη
858 441 873 462 ,
892 413 953 450 τοῦ
974 409 1182 464 φαινομένου

321 531 432 573 Ὅθεν
461 531 521 572 καὶ
552 531 686 580 πολλὴν
717 529 878 583 παρέσχε
902 529 974 574 τοῖς
1005 531 1180 573 Στωϊκοῖς

167 566 222 622 φ
269 620 281 632 .
346 591 482 646 Γράφει
499 591 531 630 δ’
546 584 605 630 ουν
633 589 693 630 καὶ
710 591 730 629 ὁ
754 587 952 641 Νουμήνιος
974 604 1054 642 περι
1075 590 1182 628 αὐτου

114 689 404 789 Eusebius
432 709 645 763 Pimaeparat
666 707 812 758 Evang.
840 706 915 748 lib.
934 706 1027 748 XIV
1048 721 1134 759 cap.
1159 721 1179 755 7

241 769 332 812 τῶν
349 766 576 821 δηλουμένων
595 770 613 807 ὁ
634 765 719 820 βίος.
749 764 839 819 Περὶ
858 765 1024 806 Λακύδου
1040 768 1103 805 τοῦ
1124 764 1182 804 τὸν

187 853 212 874 s
288 843 352 871 ον
369 827 632 881 θιαδεξαμένου’
653 825 723 867 ἀπὸ
741 829 801 865 τοῦ
814 827 937 868 αὐτοῦ.
959 826 1109 879 Scripsi
1130 832 1147 850 ²
1169 841 1178 864 :

140 885 356 950 Ιωριόθου
370 886 508 940 ταύτὰ]
525 885 638 927 codd.
663 887 703 926 ἐκ
721 886 882 939 περιόδου
909 900 1036 925 ταυτα.
1058 884 1183 925 Caete-

205 945 293 993 ,de
321 946 456 987 eadem
478 959 521 986 re
541 945 597 985 ita
619 945 758 985 scribit
783 946 977 997 Diogenes
996 945 1178 985 Laertius

162 986 293 1080 ἔρῃ,
315 1005 367 1059 59
381 1005 501 1046 τουτόν
522 1020 609 1060 φασι
638 1004 703 1045 καὶ
721 1004 805 1059 περὶ
828 1003 1028 1057 οἰκονομίαν
1047 1002 1182 1058 γλυκύ-

176 1065 432 1120 ἐσχηκέναι
451 1063 620 1106 Ἐπειδὰν
635 1063 705 1118 γάρ
725 1080 760 1104 τι
777 1063 919 1118 προέλοι
932 1069 995 1104 του
1014 1063 1178 1116 ταμείου,

79 1134 211 1203 β),
266 1124 412 1179 άμενος
435 1125 543 1166 πάλιν
563 1124 648 1165 εἴσω
661 1123 719 1164 τὸν
741 1124 926 1164 δακτύλιον
941 1123 999 1164 διὰ
1018 1127 1080 1176 τῆς
1094 1126 1182 1172 ὀπῆς

177 1199 304 1238 mn,
322 1187 371 1232 ὣς
387 1185 568 1240 μηδέποτε
595 1187 700 1226 αὗτου
727 1184 965 1240 περιαιρεθείη
986 1183 1046 1224 καί
1064 1200 1097 1224 τι
1116 1187 1183 1237 βα-

84 1220 299 1302 ωαχθσίη
319 1247 391 1287 τῶν
417 1244 673 1297 ἀποκειμένων.
732 1244 905 1286 Μαθόντα
930 1244 973 1292 δὴ
1004 1260 1108 1285 τουτο
1136 1245 1181 1284 τὰ

73 1314 94 1333 ‘⁵
127 1303 340 1358 δρακόντια
354 1305 614 1360 ἀπεσφράγιζε,
633 1304 694 1344 καὶ
710 1303 776 1344 ὅσα
794 1303 958 1344 ἐδούλετο
977 1303 1182 1350 ἐῧάσταζεν·

56 1375 58 1377 ’
128 1361 254 1405 ἔπειτα
272 1363 333 1405 τὸν
353 1365 537 1405 δακτύλιον
552 1363 610 1404 διὰ
623 1367 685 1413 τῆς
701 1365 790 1412 ὀπῆς
806 1363 889 1402 ἐνίει
912 1363 959 1407 εἷς
972 1362 1037 1412 τὴν
1055 1363 1182 1404 στοάν·

70 1427 74 1431 ’
116 1422 191 1464 -aoei
204 1426 313 1465 τοῦτο
333 1428 502 1465 ποιοῦντα
527 1424 694 1464 οὐδέποτε
726 1423 905 1478 ἐφωράθη.
927 1444 982 1454 -
1005 1424 1024 1447 ²’
1043 1423 1155 1463 οἰκίαν
1166 1426 1181 1462 Ι

74 1485 84 1512 a·
128 1490 219 1525 cum
233 1482 531 1536 wyttenbachio
550 1484 599 1524 ad
618 1483 816 1524 Plutarch.
841 1483 914 1523 lib.
928 1482 977 1523 de
990 1493 1096 1523 recta
1111 1498 1183 1524 au-

85 1538 263 1590 fflendi
293 1544 443 1584 ratione
474 1558 518 1597 p.
550 1545 613 1595 39.
645 1544 693 1584 Α.
714 1542 822 1595 (Vol.
854 1542 904 1582 Vl
932 1557 974 1595 p.
1015 1545 1091 1582 326
1116 1545 1181 1586 ed.

91 1596 257 1654 {2101}
274 1601 304 1656 );
321 1603 440 1644 codd.
461 1601 606 1643 οἰκείαν.
629 1624 683 1633 -
710 1607 724 1626 ⁰
745 1601 806 1641 καὶ
825 1601 916 1642 οὕτω
931 1601 992 1642 καὶ
1010 1602 1144 1657 ἄλλως]
1162 1619 1184 1644 e

98 1669 172 1716 fn?
225 1661 530 1714 conjectura,
551 1660 648 1701 libri
682 1660 743 1700 καὶ
763 1659 856 1700 οὕτω
884 1661 945 1701 καὶ
971 1662 1033 1701 οὔκ
1055 1662 1181 1708 ἄλλως.

99 1714 132 1739 ’³
158 1717 264 1764 *τὺ
281 1736 426 1775 ταμειον
439 1722 608 1776 θεωρῶν]
625 1720 790 1773 eVigeri
809 1720 1070 1795 conJectu1a3
1088 1716 1181 1762 libri

157 1781 444 1843 χ’ψῦγρψματεῗον
473 1782 612 1836 θεωρῶν
643 1803 699 1811 -
717 1786 732 1804 ⁰
763 1781 823 1819 καὶ
859 1779 959 1833 μὴν]
989 1782 1102 1822 codd.
1125 1783 1182 1823 ναὶ

111 1824 156 1891 ἵζ”ι
144 1884 146 1887 ,
161 1844 292 1891 ,44—
234 1839 323 1873 -Ῡ
351 1841 534 1893 συντελεῖ]
555 1839 670 1879 codd.
693 1840 858 1888 συντελῆ.
879 1861 933 1870 -
953 1845 972 1869 ⁸
1002 1841 1032 1880 εἰ
1061 1840 1098 1880 δὲ
1131 1841 1181 1893 μὴ

104 1890 139 1943 33²ss
270 1913 323 1953 οι,
343 1898 462 1940 πάντα
487 1898 530 1940 ἂν
557 1898 752 1954 ἀνατρέψαι
775 1898 899 1945 αὐτοὺς
914 1901 1027 1954 ἑαυτῷ
1049 1902 1181 1955 δοκῶν]

100 1944 202 2011 *5⁸³2
215 1957 411 2053 ’ἀνατρέψαι
428 1958 552 2006 αὐτους
570 1959 840 2016 accipiendum
856 1967 899 1998 ut
918 1939 1020 2011 apud
1039 1960 1183 2000 Demo-

70 2034 74 2037 *
106 2001 228 2078 ἶ
286 2018 371 2059 de
398 2018 492 2060 fals.-
486 2019 581 2071 &leg
606 2033 648 2072 p.
684 2026 776 2072 419.
799 2019 873 2058 ult.
916 2018 1086 2073 ἀνέτρεψε
1122 2020 1183 2059 καὶ

109 2072 157 2132 {'”‘
188 2089 191 2092 “
225 2104 229 2108 -
258 2093 312 2119 σε.
343 2081 551 2120 structura
592 2088 722 2119 autem
754 2080 784 2118 εἰ
825 2078 862 2118 δὲ
899 2077 949 2129 μὴ
983 2078 1180 2133 ἐξελέγχοι,

229 2137 309 2180 ἂν
330 2137 526 2192 ἀνατρέψαι
545 2139 624 2180 κτλ.
643 2138 784 2178 similis
813 2147 872 2177 est
890 2137 1183 2178 Demostheneae

171 2196 229 2240 ι”.Ι
253 2198 285 2248 1,
311 2212 355 2238 11
375 2198 510 2239 δοκεῖτε
530 2198 567 2238 δέ
585 2214 648 2250 μοι
668 2197 757 2238 πολυ
777 2201 815 2251 βε
801 2197 913 2237 έλτιον
935 2196 977 2236 ἂν
1007 2197 1180 2250 περὶτοῦ

99 2197 291 2310 ἶΰολέμοιὶ
307 2257 373 2300 καὶ
388 2258 472 2308 ὅλης
496 2261 560 2307 τῆς
590 2259 818 2315 παρασκευῆς
851 2254 1123 2311 βουλεύσασθαι,
1151 2258 1181 2298 εἷ

99 2317 339 2384 ’τὼτόπον,
358 2309 390 2358 ω
415 2317 539 2373 ἄνδρες
558 2317 750 2368 Ἀθηναῖοι,
775 2320 837 2364 τῆς
869 2316 1006 2371 χώρας,
1026 2317 1112 2371 πρὸς
1138 2318 1182 2366 ἣν

217 2377 316 2430 gasin
330 2406 343 2428 ‚
361 2376 626 2430 ἐνθυμηθείητε.
651 2377 928 2418 Cf.ss1em1um
946 2377 995 2416 ad
1017 2377 1178 2428 Olynth.

122 2438 179 2488 3..
189 2464 205 2489 ,
220 2437 262 2477 6.
276 2436 514 2478 Membranae
539 2436 686 2476 habent
704 2437 844 2490 partim
860 2430 937 2475 εἶτα
958 2435 1008 2488 μὴ
1040 2435 1093 2482 ἐξε
1080 2436 1179 2489 ελέγ-

114 2495 151 2543 ξ,
143 2489 154 2518 ss
169 2506 179 2527 ·”
196 2497 318 2539 πάντα
332 2496 529 2552 ἀνατρέψαι
545 2512 582 2536 τε
597 2497 711 2549 ἑαυτῷ
731 2498 857 2547 δοκῶν,
881 2497 1023 2549 partim
1044 2495 1112 2535 εἴτε
1133 2496 1182 2546 μὴ

164 2562 166 2565 ’
214 2554 225 2568 ’
271 2572 306 2598 οι
317 2555 437 2598 πάντα
456 2555 715 2611 ἀνατρέψεσθαι
732 2558 847 2611 ἑαυτῷ
867 2557 993 2597 δοκῶν,
1012 2556 1098 2595 Νοιι
1118 2570 1184 2596 au-

228 2629 293 2657 us
310 2615 490 2669 vigans,
527 2617 594 2669 qui
607 2617 648 2655 in
674 2616 809 2656 verbis
827 2616 1128 2670 ἠκριὸολογεῖτο
1114 2617 1154 2656 άν
1170 2646 1179 2667 ,

170 2676 418 2719 ὑπεδείκνυε
441 2676 717 2731 particulam
700 2693 742 2715 αν
761 2677 965 2716 delendam
982 2676 1178 2718 censebat.

209 2736 443 2779 Hermann.
457 2737 506 2777 de
518 2745 623 2791 part.
640 2739 682 2776 ἂν
702 2737 769 2777 lib.
786 2736 903 2790 lcap.
927 2751 946 2786 7
969 2737 1012 2776 in
1031 2737 1163 2790 Opusc

14 786 21 816 ,f

175 2920 179 2925 ,
252 2896 255 2910 ·
276 2898 291 2912 ··
321 2883 516 2918 cohiberem
538 2881 629 2917 aliud
647 2892 747 2926 porro
773 2882 940 2916 incertum
964 2891 1060 2920 esse.
1090 2881 1183 2915 aliud

160 2930 202 3008 w*
223 2934 225 2937 ¹
252 2957 275 2972 -··
294 2943 364 2978 ndi
381 2953 446 2978 non
464 2952 582 2987 posse;
611 2945 648 2977 et
667 2941 1017 2985 incomprehensibiles
1045 2942 1183 2985 quidem

181 2999 278 3052 'Tres
299 3012 434 3045 omnes,
451 3012 519 3038 non
534 3013 650 3038 omnes
670 3006 780 3038 tamen
800 3003 945 3037 incertas
970 3011 1056 3037 esse.
1105 3003 1184 3036 Fuit

160 3054 319 3128 §hm
341 3062 526 3097 stoicorum
543 3062 679 3097 rationis
706 3073 771 3096 ιιοιι
796 3063 942 3106 ignarus,
975 3071 1042 3105 qua
1069 3062 1182 3105 impu-

237 3123 380 3166 magis
396 3123 498 3157 eliam
514 3123 679 3165 inclaruit,
702 3123 795 3157 dum
799 3123 835 3156 id
850 3122 959 3166 potius
977 3121 1068 3165 quod
1084 3121 1182 3165 vulgo

295 3183 519 3225 videbatur,
542 3193 643 3226 quam
659 3193 774 3218 verum
793 3185 903 3227 ipsum
920 3184 1060 3226 spectat.
1088 3185 1180 3222 Qua-

165 3231 249 3295 ³4⁸(
288 3241 412 3282 Stoicis
427 3252 560 3287 quoque
587 3243 767 3287 plurimum
799 3243 961 3277 molestiae
987 3241 1181 3276 exhibebat.

123 3304 127 3307 ”
167 3298 245 3340 ’Ἤ
253 3301 379 3346 igitur
394 3304 578 3349 Numenius
598 3304 645 3337 ita
665 3303 790 3337 scribit..

111 3359 194 3408 ἕξ
203 3356 417 3398 ῦσηοωοε
440 3363 582 3398 docendi
609 3367 726 3407 postea
748 3367 884 3397 munere
905 3365 1081 3406 suscepto,
1107 3371 1184 3396 eum

123 3408 193 3463 «ΞΤ
196 3424 201 3425 ’
240 3437 241 3448 ³
287 3429 342 3463 us,
352 3421 448 3465 euius
459 3423 573 3457 omnia
583 3423 736 3466 dogmata
746 3423 798 3457 vel
807 3421 1063 3456 immotaadhue
1075 3422 1129 3455 vel
1140 3422 1184 3456 ab

162 3481 466 3542 Junsollicitata
471 3483 612 3518 retinere
625 3483 779 3525 debebat,
794 3483 988 3525 cunctisque
1001 3481 1044 3526 ad
1057 3482 1185 3515 Arcesi-

206 3563 221 3584 ‚
235 3541 308 3578 slve
322 3541 470 3585 meliora,
481 3543 552 3578 sive
565 3544 730 3579 deteriora
747 3544 869 3587 esseut,
888 3543 1020 3585 relatis,
1040 3550 1183 3585 pugnam

261 3609 347 3637 run.
370 3611 472 3637 cnm.
496 3612 542 3638 ιιι.

109 3515 187 3596 Μξῖι·

1052 257 1389 311 FRAGMENTA.

2188 262 2194 267 ’
2216 275 2287 314 161

1242 352 1384 394 vol.lv
1402 365 1489 405 pag.
1512 367 1677 406 20seqq.
1699 355 1800 394 lllnd
1815 369 1911 395 vero
1925 351 2160 405 mirandum,
2183 358 2290 408 quod

1244 411 1418 463 Lacydes
1436 413 1550 452 toties
1575 428 1597 452 a
1619 417 1744 454 servis
1761 415 1843 454 suis
1861 416 2043 468 deceptus
2071 416 2206 456 fallere
2223 416 2292 468 ju-

1244 471 1348 511 dices
1382 472 1422 510 in
1443 472 1555 511 amici
1590 487 1706 513 causa
1737 488 1855 514 ausus
1887 484 1956 516 est.
1990 475 2076 522 Qua
2107 475 2156 515 de
2176 488 2220 517 re
2239 477 2294 516 sic

1244 530 1474 571 Plutarchus
1504 532 1552 571 de
1583 533 1751 575 discern.
1771 535 1877 574 adul.
1900 537 1948 573 ab
1976 536 2100 575 amico
2128 549 2214 588 cap.
2240 537 2289 574 32

1244 591 1323 631 vol.
1346 591 1417 629 Vll
1435 592 1571 644 p.2205
1595 593 1657 634 ed.
1679 594 1836 635 Hutten.
1858 594 2026 642 Λακύδης
2050 597 2146 647 γοῦν,
2166 597 2185 633 ὁ
2212 594 2290 647 Ἀρ-

1243 651 1407 690 κεσιλάου
1439 651 1635 705 γνώριμος,
1666 654 1728 692 ἀπ’
1757 653 1975 707 εἰσαγγελίας
1996 653 2158 710 φεύγοντι
2192 655 2291 701 δίκην

1245 710 1507 764 Κηφισοκράτει
1537 710 1627 762 μετὰ
1655 714 1723 751 τῶν
1757 713 1872 753 ἄλλων
1907 712 2016 767 φίλων
2047 712 2291 767 παρειστήκει·

1243 773 1303 809 τοῦ
1333 770 1368 810 δὲ
1401 772 1599 824 κατηγόρου
1633 772 1692 812 τὸν
1716 773 1901 812 δακτύλιον
1934 772 2202 826 αἰτήσαντος,δ
2230 774 2294 825 μὲν

1244 830 1364 882 ἡσυχῆ
1383 833 1648 883 παρακαθῆκεν·
1672 831 1874 883 αἰσθόμενος
1892 830 1928 870 δὲ
1953 833 1971 870 ὃ
1995 831 2162 879 Λακύδης
2179 833 2291 880 ἐπέὸη

1243 890 1293 941 τῶ
1313 888 1414 937 ποδί,
1430 889 1492 929 καὶ
1507 890 1715 943 ἐπέκρυψεν·
1737 885 1800 943 (ἠν
1823 890 1859 930 δὲ
1879 893 1897 929 ὃ
1918 890 2096 944 ἔλεγχος’
2081 907 2116 930 εν
2140 891 2287 945 ἐκείνῳ)

1245 947 1335 999 μετὰ
1362 949 1399 987 δὲ
1419 949 1481 997 τὴν
1502 948 1690 1002 ἀπόφευξιν
1710 955 1770 989 τοῦ
1791 950 2092 1024 εΚηφισοκράτους
2115 950 2295 1003 δεξιουμέ-

1243 1022 1302 1046 νου
1322 1006 1401 1052 τους
1421 1007 1623 1055 δικαστάς,
1626 1002 1672 1053 εἷς
1693 1024 1762 1058 τις,
1784 1010 1831 1053 ὣς
1850 1009 1982 1058 ἔοικεν,
2005 1009 2168 1063 ἑωρακὼς
2185 1010 2225 1049 τὸ
2241 1026 2296 1062 γε-

1243 1066 1407 1118 νόμενον,
1426 1068 1587 1107 ἐκέλευσε
1599 1068 1743 1121 Λακύδῃ
1763 1066 1867 1121 χάριν
1887 1068 1998 1121 ἔχειν,
2012 1069 2072 1108 καὶ
2088 1069 2128 1108 τὸ
2146 1076 2296 1123 πρᾶγμα

1244 1127 1460 1178 διηγησατο,
1491 1130 1554 1167 τοῦ
1593 1126 1760 1168 Λακύδου
1790 1126 1876 1180 πρὸς
1908 1125 2043 1178 μηδένα
2081 1127 2293 1180 φράσαντος.

1242 1186 1413 1227 Consule
1431 1186 1775 1239 Wyttenbachium
1803 1186 2008 1227 Animadv.
2038 1186 2077 1224 in
2098 1187 2295 1227 Plutarch.

1242 1244 1327 1284 vol.
1346 1246 1396 1285 VI
1412 1259 1503 1298 pag.
1534 1248 1608 1297 493
1628 1246 1675 1285 ed
1695 1246 1822 1286 Oxon.
1826 1244 1840 1298 >

1297 1319 1327 1347 4.
1341 1306 1549 1361 Καρνεάδης
1564 1306 1599 1345 δὲ
1614 1305 1847 1358 ἐκδεξάμενος
1865 1303 2110 1380 παρήγηΙέσιν
2124 1310 2163 1345 οὔ
2182 1305 2296 1379 χρεων

1244 1366 1394 1419 φυλάξαι
1413 1365 1520 1406 ὅσα’
1501 1366 1651 1414 ακίνητα
1671 1365 1732 1406 καὶ
1751 1364 1817 1406 ὅσα
1847 1363 2060 1415 κεκινημένα
2080 1359 2139 1414 ην,
2169 1365 2295 1404 τούτου

1245 1425 1308 1478 μὲν
1327 1427 1465 1478 ἠμέλει·
1495 1427 1582 1500 εἷς;
1563 1425 1592 1466 ο’
1622 1424 1859 1479 Ἀρκεσίλαον,
1889 1423 1951 1463 εἴτ’
1971 1427 2029 1462 οὐν
2049 1424 2202 1476 ἀμείνω,
2226 1425 2295 1464 εἴτε

1244 1485 1305 1524 καὶ
1321 1478 1567 1538 φαυλότεραγ
1544 1500 1587 1533 ην
1613 1483 1875 1535 ἐπανενεγκών,
1898 1481 1956 1522 διὰ
1962 1499 2114 1545 μακρου
2142 1483 2206 1533 τὴν
2229 1485 2296 1535 μά·

1243 1559 1310 1597 χην
1332 1543 1507 1590 ἀνενέαζε.
1566 1543 1638 1583 Καὶ
1670 1545 1746 1592 ἑξῆς
1761 1542 1939 1596 ἐπιλέγει,
1960 1546 2024 1595 ἠγε
2040 1543 2069 1583 δ’
2089 1539 2146 1584 ουν
2162 1544 2222 1584 καὶ
2239 1548 2297 1583 οὗ·

1244 1621 1300 1649 τος
1316 1603 1413 1644 καὶ’
1398 1603 1564 1658 επέφερεν
1583 1604 1613 1653 ¹²,
1638 1603 1836 1656 ἀντιλογίας
1852 1619 1890 1642 τε
1909 1602 1970 1642 καὶ
1986 1603 2139 1658 στροφὰς
2157 1605 2294 1644 λεπτο-

1243 1662 1367 1716 λόγους
1389 1662 1556 1717 συνέφερε
1582 1665 1625 1716 τῇ
1636 1663 1746 1738 μάχῃ
1768 1662 1978 1711 ποικίλλων,
2001 1661 2223 1716 ἐξαρνητικός
2253 1681 2295 1704 τε

1243 1722 1338 1761 καὶθ
1354 1737 1613 1776 καταφαντικος
1634 1715 1690 1771 ην,
1706 1721 1975 1776 κάμφοτέρωθεν
1998 1722 2292 1774 ἀντιλογικός.Γῖ

1243 1780 1281 1820 δέ
1297 1797 1364 1821 που
1378 1781 1481 1820 ᾱέδει
1502 1797 1536 1820 τι
1549 1781 1611 1820 καὶ
1637 1784 1756 1832 θαυμα
1779 1780 1929 1834 ἐχόντων
1949 1780 2076 1833 λόγων,
2093 1779 2288 1854 ἐξηγείρετο

1243 1840 1394 1894 λάὸρος,
1415 1843 1485 1880 οῖον
1505 1840 1664 1892 ποταμὸς
1685 1839 1840 1894 ῥοώδης,
1861 1840 2018 1893 σφοδρως
2047 1839 2163 1894 ῥέων,
2176 1840 2294 1880 πάντα

1244 1897 1499 1952 καταπιμπλὰς
1526 1898 1571 1938 τὰ
1590 1900 1675 1953 τῇδε
1694 1899 1754 1939 καὶ
1783 1899 1828 1939 τὰ
1853 1901 1965 1949 κεῖθι,
2002 1899 2063 1937 καὶ
2084 1899 2290 1952 εἶσέπιπτε,

1243 1959 1304 1998 καὶ
1335 1958 1503 2012 συνέσυρε
1520 1957 1599 2004 τους
1618 1957 1810 2003 ἀκούοντας
1834 1957 1891 1997 διὰ
1912 1955 2073 2010 θορύὸου.
2097 1959 2294 2012 Τοιγαρουν

1245 2019 1390 2071 ἀπάγων
1411 2018 1489 2064 τοὺς
1509 2018 1655 2067 ἄλλους,
1689 2017 1792 2062 αὐτὸς
1825 2015 1943 2068 ἔμενεν
1969 2015 2252 2066 ἀνεξαπάτητος,
2276 2017 2294 2056 ὃ

1245 2077 1296 2130 μὴ
1325 2081 1459 2134 προσῆν
1485 2080 1535 2134 τῷ
1556 2077 1786 2132 Ἀρκεσιλάῳ.
1844 2076 2000 2122 Ἐκεῖνος
2030 2076 2098 2130 γὰρ
2134 2076 2295 2130 περιεχό-

1244 2151 1345 2189 μενος
1367 2140 1412 2191 τῇ
1443 2137 1621 2192 φαρμάξει
1648 2137 1727 2182 τοὺς
1759 2134 2148 2189 συγκορυὸαντιῶντας,
2169 2135 2292 2175 ἔλαθεν

1243 2197 1367 2238 ἑαυτὸν
1387 2200 1524 2251 πρῶτον
1546 2195 1777 2246 ἐξηπατηκὼς
1797 2195 1845 2248 μὴ
1866 2197 2066 2248 ᾐσθῆσθαι,
2102 2199 2291 2235 πεπεῖσθαι

1245 2259 1274 2297 δ’
1290 2259 1403 2306 ἀληθῆ
1426 2251 1537 2307 εἶναι,
1559 2256 1582 2296 ἃ
1600 2256 1695 2309 λέγει
1715 2255 1773 2295 διὰ
1788 2259 1849 2304 τῆς
1873 2255 2134 2300 ἁπαξαπάντων
2156 2255 2291 2308 ἀναιρέ-

1245 2333 1331 2362 σεως
1349 2316 1561 2372 χρημάτων.
1621 2315 1741 2356 Κακὸν
1764 2310 1839 2355 δὲ
1816 2332 1857 2364 ην
1876 2331 1916 2354 αν
1938 2318 2038 2369 κακῷ
2057 2315 2291 2368 ἐπανακείμε·

1244 2391 1317 2427 νον,
1338 2379 1356 2416 ὁ
1369 2376 1607 2452 Καρνεάδης
1600 2378 1650 2415 τῶ
1666 2375 1893 2429 Ἆρκεσιλάιγ·
1912 2374 1960 2427 μὴ
1978 2354 2140 2428 χάλάσας
2159 2391 2193 2415 τι
2211 2390 2293 2428 σμι-

1244 2435 1348 2490 κρόν,
1367 2438 1424 2489 ὑφ’
1447 2429 1487 2474 οὗ
1506 2436 1568 2474 οὐκ
1585 2434 1760 2488 ἄπρακτοι
1779 2433 1924 2486 ἔμελλον
1940 2433 2093 2486 ἔσεσθαι,
2115 2435 2209 2476 κατὰ
2229 2436 2294 2481 τὰς

1245 2495 1316 2535 ἀπὸ
1346 2499 1407 2535 τοῦ
1439 2498 1588 2535 πιθανου
1625 2493 1816 2547 λεγομένας
1850 2495 1944 2549 αὗτιγ)
1981 2496 2118 2540 θετικάς
2156 2511 2195 2535 τε
2233 2495 2293 2534 καὶ

1245 2553 1433 2618 ἀρνητικὰς
1463 2553 1685 2631 φαντασίας,
1700 2570 1763 2593 του
1782 2546 1872 2594 εἶναι
1891 2533 1969 2593 τόδε
1998 2570 2031 2593 τι
2060 2557 2164 2609 ζῷον,
2186 2553 2209 2603 ἢ
2242 2554 2291 2606 μὴ

1243 2618 1330 2671 ζῷον
1346 2619 1451 2655 εἶναι.
1509 2617 1626 2655 Τουτο
1644 2608 1704 2654 ουν
1723 2613 1886 2664 ὖπανείς,
1907 2612 2028 2668 ὥσπερ
2049 2616 2116 2654 οἷ’
2098 2614 2293 2669 αναχάζον-

1243 2692 1297 2721 τες
1323 2678 1445 2729 θῆρες,
1465 2674 1677 2729 βιαιότερον,
1700 2674 1761 2714 καὶ
1785 2675 1917 2726 μᾶλλον
1946 2674 2087 2720 ἑαυτούς
2115 2676 2216 2718 ἱεῖσιν
2243 2676 2292 2720 εἷς

1242 2735 1304 2777 τὰς
1341 2734 1495 2787 αἰχμάς,
1532 2734 1658 2779 καύτὸς
1698 2733 1814 2779 ἐνδους
1850 2733 2087 2788 δυνατώτερον
2124 2736 2286 2782 ἐπῆλθεν.

1243 2884 1312 2926 ipse
1322 2879 1424 2924 'longo
1439 2883 1572 2922 demum
1589 2884 1762 2918 intervallo
1777 2884 1968 2918 renovabat.
2005 2886 2054 2918 Ac
2069 2884 2294 2927 superioribus

1243 2943 1445 2987 subiungens
1463 2943 1527 2977 alia
1543 2943 1598 2977 hic
1611 2953 1743 2986 quoque
1755 2945 1830 2978 tum
1850 2944 2013 2987 allegabat
2025 2947 2096 2978 tum
2111 2945 2271 2979 afferebat
2284 2969 2295 2988 ‚

1244 3011 1450 3046 pugnamque
1467 3012 1563 3037 suam
1580 3003 1894 3038 contradictionibus
1906 3005 1941 3038 et
1956 3004 2137 3038 subtilibus
2153 3005 2292 3047 quibus-

1243 3062 1320 3096 dam
1330 3062 1466 3105 argutiis
1484 3063 1646 3098 variatam
1660 3063 1862 3105 conserebat,
1879 3063 2032 3106 negandov
2042 3064 2141 3097 simul
2153 3066 2188 3098 et
2203 3066 2291 3098 affir-

1243 3123 1363 3156 mando
1385 3123 1485 3165 atque
1509 3123 1666 3166 oppositis
1682 3123 1852 3166 utrimque
1877 3123 2061 3157 rationibus
2080 3124 2291 3167 disputando.

1244 3181 1369 3220 Quodsi
1379 3182 1552 3226 magnifico
1567 3182 1712 3225 quodam
1724 3182 1854 3217 dicendi
1870 3191 1989 3226 genere
2003 3167 2092 3226 opus
2103 3186 2202 3226 esset,
2220 3185 2292 3217 tum

1246 3241 1431 3276 vehementi
1461 3252 1562 3277 cursu
1580 3243 1758 3285 ferebatur,
1776 3244 1815 3276 ut
1842 3243 1949 3276 amnis
1975 3242 2064 3278 celer
2081 3245 2114 3277 et
2145 3242 2290 3286 rapidus

1243 3302 1353 3336 omnia
1365 3302 1484 3346 passim
1496 3302 1657 3336 inundans
1665 3304 1707 3346 *et
1713 3302 1867 3344 obruens,
1877 3304 1976 3345 atque
1990 3311 2110 3346 urgens
2122 3303 2235 3335 audito
2241 3311 2293 3335 res

1245 3369 1362 3404 magno
1377 3371 1454 3396 cum
1468 3362 1610 3406 strepitu
1626 3371 1736 3396 secum
1753 3362 1914 3405 rapiebat.
1934 3363 2048 3404 ltaque
2065 3362 2145 3394 alios
2158 3362 2191 3394 in
2206 3370 2292 3395 erro-

1246 3432 1315 3457 rem
1335 3422 1493 3457 inducens
1509 3423 1580 3466 ipse
1597 3432 1616 3456 a
1633 3422 1761 3456 nemine
1784 3421 1891 3465 decipi
1909 3423 2059 3464 poterat,
2078 3431 2152 3464 quae
2175 3423 2293 3454 natura

1244 3491 1309 3515 non
1326 3482 1432 3516 inerat
1449 3481 1483 3515 in
1499 3482 1656 3516 Arcesila.
1677 3483 1710 3515 Is
1725 3481 1812 3514 enim
1832 3481 1988 3522 caeteros,
2002 3479 2202 3522 quibuscum
2226 3480 2292 3513 Co-

1245 3541 1419 3584 rybantum
1438 3550 1530 3575 more
1548 3540 1715 3582 insanivit,
1732 3539 1906 3582 praestigiis
1921 3539 1990 3573 suis
2003 3538 2211 3582 complexus,
2229 3548 2292 3571 non

2138 3602 2171 3631 11
