2508 3776
241 140 321 180 448

239 230 307 266 τῶν
327 226 497 281 φερόντων
522 225 568 268 εἷς
586 223 624 261 τὸ
643 222 790 275 ἔσχατον
810 222 925 270 τέλος,
954 220 1017 269 τὴν
1038 222 1116 260 κατ’
1146 221 1274 274 ἀρετὴν

241 284 346 332 ζωήν·
368 287 390 331 ἡ
420 285 454 321 δὲ
489 280 615 334 μερική
629 311 639 330 ,
660 280 736 327 ἥτις
759 283 805 323 εἷς
827 279 968 332 μερικόν
986 295 1019 318 τι
1038 279 1138 324 τέλος
1164 279 1277 333 φέρει,

239 343 256 382 ὂ
288 345 350 382 οὐκ
372 343 445 381 ἔστι
475 340 537 392 μὲν
568 340 608 378 τὸ
629 338 792 392 ἔσχατον,
824 339 920 392 φέρει
941 337 976 377 δὲ
997 340 1043 384 εἷς
1063 339 1103 378 τὸ
1128 339 1279 394 ἔσχατον

239 403 346 445 τέλος.

290 460 311 483 *
330 459 432 498 Ἐπεὶ
454 457 489 497 δὲ
506 460 573 496 τῶν
588 455 761 511 φρονίμων
775 455 849 495 ἐστὶ
863 455 901 494 τὸ
914 450 952 495 εὖ
971 457 1208 509 βουλεύεσθαι,
1230 458 1282 496 δεῖ

242 519 441 572 προσθεῖναι
460 519 510 571 τῷ
536 520 597 564 τῆς
623 515 802 560 εὖὸουλίας
823 518 958 568 ὁρισμῷ
981 516 1040 555 καὶ
1060 516 1124 564 τὴν
1152 516 1281 569 φρόνη-

239 594 304 619 σιν·
325 577 415 616 ὥστε
434 571 520 615 εἶναι
541 576 598 615 τὸν
627 574 769 628 ὁρισμὸν
789 578 851 623 τῆς
879 575 1059 620 εὖὸουλίας
1081 576 1199 620 οὕτως·
1221 577 1279 614 εὐ-

239 637 361 676 δουλία
391 634 483 675 ἐστὶν
504 634 645 686 ὀρθότης
663 637 685 681 ἡ
708 633 799 672 κατὰ
815 635 854 673 τὸ
875 634 1047 687 συμφέρον
1066 634 1152 688 πρός
1171 650 1205 673 τι
1224 633 1279 672 τέ-

237 698 315 743 λος,
338 689 376 734 οῧ
396 697 418 741 ἡ
449 693 611 747 φρόνησις
645 693 776 741 ἀληθὴς
807 693 974 746 ὑπόληψίς
995 695 1081 733 ἐστι·
1117 693 1209 733 κατὰ
1237 693 1279 732 τὸ

238 754 412 807 συμφέρον
436 753 497 800 μέν
511 782 521 800 ,
546 751 603 790 διὰ
620 750 681 798 τὴν
706 750 833 803 βουλὴν
851 750 874 798 ἢ
891 751 975 804 πρὸς
991 750 1089 796 τέλος
1111 750 1172 803 μὲν
1190 753 1276 803 ἀγα·

238 813 294 852 θὸν
315 813 478 866 φέρεται,
513 812 557 850 δι’
587 805 635 849 ὧν
667 811 703 849 δὲ
723 813 899 863 προσῆκεν
931 811 1103 861 οὐδαμῶς·
1124 810 1216 862 λέγω
1239 811 1280 859 δὴ

237 871 394 922 πράξεων
416 871 476 908 καὶ
495 870 621 923 χρόνου
636 869 696 909 καὶ
715 869 858 920 τρόπου·
887 868 927 907 τὸ
948 869 983 908 δὲ
1008 868 1092 921 πρός
1113 885 1146 908 τι
1159 869 1278 921 τέλος,

238 925 276 969 οἷ
299 934 316 978 ἡ
338 929 500 982 φρόνησις
522 929 654 977 ἀληθὴς
679 928 852 981 ὑπόληψίς
883 929 981 978 ἐστι,
1007 927 1065 966 διὰ
1086 928 1149 976 τὴν
1171 944 1281 977 πονη-

239 988 301 1041 ρὰν
324 988 475 1041 βουλήν,
504 986 579 1035 ἥτις
608 987 653 1026 τὰ
674 986 737 1038 μὲν
766 986 858 1026 τέλει
875 985 1098 1039 προσήκοντα
1120 986 1181 1026 καὶ
1201 988 1282 1027 ἀκό-

237 1048 343 1086 λουθα
363 1049 469 1094 ζητεῖ·
500 1047 584 1100 πρὸς
607 1047 703 1090 τέλος
723 1046 759 1085 δὲ
787 1046 930 1099 φέρεται
964 1045 1135 1099 πονηρόν,
1160 1040 1199 1086 οῧ
1220 1048 1282 1087 οὐκ

238 1105 334 1144 ἔστιν
356 1108 379 1152 ἡ
395 1104 558 1158 φρόνησις
581 1104 711 1152 ἀληθὴς
731 1105 916 1158 ὑπόληψις.

294 1164 467 1216 (Scripsi
488 1180 496 1202 :
518 1171 532 1188 ²
551 1164 646 1216 ἔστι]
678 1164 765 1204 cod.
790 1163 899 1203 ἔστιν.
933 1175 1014 1198 -b
1046 1165 1153 1217 βουλή
1174 1165 1224 1209 τίς
1245 1169 1284 1206 ἐ·-

238 1224 326 1274 στιν]
341 1223 429 1261 cod.
446 1222 554 1275 βουλή
569 1238 619 1267 τις
635 1222 738 1262 ἐστίν.
754 1244 807 1252 -
818 1228 831 1245 ⁰
850 1221 993 1270 ζήτησίς
1012 1224 1085 1262 ἐστι
1099 1226 1180 1275 τοῦ]
1199 1225 1284 1263 cod.

239 1281 382 1329 ζήτησίς
403 1283 494 1320 ἐστιν
515 1285 589 1322 τοῦ.
612 1303 666 1311 —
683 1279 700 1303 ‘¹
715 1279 746 1319 εἴ
763 1282 838 1332 τις]
856 1281 943 1319 cod.
964 1279 1060 1325 εἴτις.
1083 1304 1136 1312 -
1149 1290 1162 1306 e
1181 1285 1285 1334 ἀναγ·

238 1339 366 1390 καίαν]
388 1340 476 1380 cod.
499 1341 709 1392 ἀναγκαῖαν.
734 1362 786 1368 -
805 1339 817 1362 s
835 1338 923 1386 αὐτή
946 1341 1063 1391 ἐστιν]
1082 1342 1167 1380 cod.
1194 1341 1284 1388 αὓτή

239 1400 347 1437 ἐστιν.
370 1421 420 1427 -
440 1407 455 1430 ss
474 1400 587 1445 ζητεῖν
615 1399 732 1449 ἐστιν]
766 1398 888 1447 vulgo
916 1398 1033 1444 ζητεῖν
1056 1399 1163 1439 ἐστὶν.
1185 1422 1238 1429 -
1258 1418 1274 1442 11

239 1457 382 1510 ὀρθότης
402 1456 500 1510 ἐστὶ]
523 1457 610 1496 cod.
635 1457 779 1510 ὀρθότης
802 1458 888 1496 ἐστι.
918 1457 996 1487 --¹
1029 1459 1171 1512 ῥᾷστα]
1195 1459 1281 1499 cod.

241 1516 368 1568 ῥάστα.
388 1539 439 1545 —-
455 1516 467 1567 )

675 1630 753 1681 Κεφ
761 1658 768 1668 .
801 1628 861 1667 ια’.

628 1735 708 1777 Περὶ
727 1734 898 1772 συνέσεως.

292 1831 334 1855 **
354 1831 444 1884 Περὶ
463 1829 525 1883 μὲν
539 1830 717 1876 εὖὸουλίας
732 1833 898 1870 τοσαῦτα·
921 1828 1041 1884 ῥητέον
1059 1828 1094 1868 δὲ
1109 1829 1192 1881 περὶ
1203 1845 1285 1868 συν-

239 1891 358 1934 έσεως.

293 1947 399 1988 Ἔστι
415 1947 526 1986 τοίνυν
546 1947 680 1992 σύνεσις
693 1947 753 1987 καὶ
774 1946 953 1993 ἀσυνεσία,
972 1946 1048 1985 καθ’
1077 1945 1117 1991 ἃς
1140 1945 1287 1998 λέγομεν

239 2007 395 2052 συνετοὺς
411 2006 472 2046 καὶ
493 2008 686 2051 ἀσυνέτους.

293 2067 355 2090 ***
379 2067 451 2106 Καὶ
479 2065 558 2105 οὔτε
587 2065 775 2120 ἐπιστήμῃ,
790 2065 915 2105 ταύτόν
939 2067 1030 2104 ἐστιν
1045 2072 1058 2089 ³
1084 2067 1106 2112 ἡ
1129 2065 1262 2110 σύνεσις
1278 2095 1287 2112 ,

239 2124 317 2163 οὔτε
332 2125 426 2177 δόξῃ,
445 2124 523 2164 οὔτε
544 2124 721 2179 φρονήσει·
747 2125 925 2174 ἐπιστήμη
947 2123 1009 2174 μὲν
1029 2124 1096 2175 γὰρ
1111 2125 1172 2162 οὐκ
1188 2124 1281 2164 ἔστιν

239 2185 313 2224 οὐδὲ
335 2184 415 2229 δόξα
437 2187 458 2231 ἡ
476 2184 624 2229 σύνεσις·
652 2182 674 2231 ἢ
702 2183 771 2237 γὰρ
803 2184 843 2222 ἂν
861 2184 990 2228 πάντες
1009 2185 1040 2221 οἱ
1055 2184 1284 2236 ἐπιστήμονες

238 2243 261 2291 ἢ
283 2245 313 2282 οἵ
330 2243 526 2289 δοξάζοντες
545 2242 680 2282 συνετοὶ
699 2238 803 2291 ἦσαν.

292 2302 376 2326 ****
401 2302 493 2342 Ἀλλ’
515 2304 577 2342 οὐκ
598 2303 696 2341 εἰσὶν·
732 2304 809 2340 ἀλλ’
831 2301 909 2341 οὐδὲ
944 2301 1008 2352 μία
1040 2318 1090 2346 τις
1113 2303 1180 2340 τῶν
1210 2303 1284 2341 ἔπι-

242 2366 384 2413 στημῶν
406 2365 498 2401 ἐστιν
515 2366 537 2409 ἡ
567 2362 725 2409 σύνεσις,
742 2356 811 2402 οἷον
833 2361 974 2415 ἰατρικὴ
995 2361 1017 2408 ἢ
1038 2360 1284 2415 γεωμετρία·ἢ

240 2420 307 2472 γὰρ
333 2419 375 2458 ἂν
399 2421 479 2472 περὶ
498 2424 650 2471 ὑγιεινῶν
670 2416 712 2469 ἦν
726 2451 737 2473 ,
757 2420 780 2468 ἢ
800 2421 879 2474 περὶ
899 2423 1069 2471 μεγεθῶν.

292 2478 397 2502 *****
424 2477 556 2523 Ἄλλως
577 2496 613 2518 τε
636 2480 711 2519 οὐδὲ
743 2480 823 2531 περὶ
855 2479 900 2518 τὰ
927 2481 1102 2532 ἀναγκαῖα
1134 2479 1195 2519 καὶ
1230 2479 1284 2518 ἀεὶ

240 2536 406 2582 ὡσαύτως
426 2538 551 2590 ἔχοντά
572 2541 664 2578 ἐστιν
680 2543 704 2588 ἡ
719 2538 867 2584 σύνεσις.

294 2596 400 2620 *****
436 2598 527 2636 Οὐδὲ
561 2599 655 2645 ἰδίως
689 2599 770 2653 περὶ
802 2599 874 2644 ἑνός
893 2615 982 2644 τινος
1010 2603 1078 2639 τῶν
1097 2598 1281 2652 ἐνδεχομέ-

240 2669 307 2693 νων
335 2655 449 2699 ἄλλως
468 2655 575 2708 ἔχειν.

292 2713 438 2763 *ῗ*****
460 2715 618 2754 Καθόλου
639 2716 674 2755 δὲ
693 2715 773 2768 περὶ
792 2710 840 2755 ὧν
862 2717 1071 2770 ἀπορήσειεν
1092 2717 1132 2756 ἄν
1147 2734 1199 2762 τις
1225 2717 1285 2757 καὶ

242 2773 482 2825 βουλεύσαιτο,
499 2775 557 2812 καὶ
570 2774 591 2812 ἃ
604 2775 758 2828 σκέψεως
771 2775 934 2829 ἀνέχεταί
947 2792 1054 2828 τινος,
1068 2776 1128 2815 καὶ
1141 2779 1282 2829 βουλῆς,

240 2831 301 2870 καὶ
318 2831 507 2880 ζητήσεως·
527 2833 583 2872 διὰ
599 2837 699 2873 τοῦτο
713 2834 793 2887 περὶ
808 2836 852 2873 τὰ
871 2835 960 2874 αὐτὰ
978 2836 1039 2887 μέν
1055 2838 1147 2875 ἐστιν
1161 2840 1184 2884 ἡ
1202 2836 1286 2876 σύν·-

241 2908 311 2936 εσις
330 2894 373 2941 τῇ
396 2892 573 2945 φρονήσει·
603 2892 676 2931 ἔστι
708 2894 776 2945 γὰρ
810 2895 889 2947 περὶ
920 2895 964 2933 τὰ
985 2894 1216 2948 ἐνδεχόμενα,
1235 2889 1284 2934 ὧν

239 2952 342 3002 ἔσμεν
362 2950 378 2974 ¹³
397 2950 493 2989 αὐτοὶ
512 2951 621 3003 κύριοι
637 2952 801 3003 πράττειν
824 2955 883 2991 καὶ
902 2953 950 3003 μὴ
965 2954 1144 3007 πράττειν.

293 3008 460 3032 ********
479 3010 556 3047 Οὐκ
573 3010 645 3049 ἔστι
665 3009 700 3048 δὲ
717 3011 832 3062 πάντῃ
854 3013 977 3051 ταύτὸν
1001 3016 1044 3066 τῇ
1064 3013 1238 3066 φρονήσει·
1260 3016 1282 3061 ἡ

242 3068 304 3118 μὲν
323 3066 390 3120 γὰρ
407 3067 571 3119 φρόνησις
588 3068 764 3107 ἐπιτάττει
781 3070 882 3118 μόνον
905 3072 990 3123 πρὸς
1011 3073 1107 3111 ποῖον
1121 3072 1216 3116 τέλος
1233 3073 1285 3110 δεῖ

241 3126 426 3181 φέρεσθαι,
447 3125 508 3164 καὶ
527 3126 605 3166 τίνα
621 3128 672 3166 δεῖ
687 3128 820 3179 ποιεῖν,
838 3127 927 3168 ὥστε
943 3130 1057 3175 τέλους
1074 3138 1205 3184 τυχεῖν·
1222 3131 1283 3170 καὶ

1066 130 1344 171 ANDRONICI
1373 130 1551 171 RHODII

1341 227 1531 268 bonumque
1548 225 1720 258 consilium
1739 225 1780 258 de
1799 226 1840 259 iis
1861 235 1937 269 quoe
1955 227 1998 261 ad
2025 228 2180 262 ultimum
2199 228 2313 268 finem,
2348 227 2384 263 id
2411 254 2414 255 γ
2455 214 2469 248 s

1341 287 1410 324 est,
1432 284 1536 318 vitam
1555 284 1729 317 honestam
1747 283 1918 318 deducunt
1937 298 1944 318 :
1963 286 2026 320 alia
2039 287 2232 330 singularis,
2247 295 2323 331 quae
2341 287 2385 323 ul

1341 343 1538 385 singularem
1559 342 1703 385 aliquem
1726 342 1824 375 finem
1843 343 1928 382 fert,
1947 345 2006 387 qui
2025 346 2160 389 quidem
2175 356 2239 380 non
2262 348 2312 380 est
2331 345 2402 379 ul-*

1342 402 1443 434 timus
1455 428 1463 440 ,
1483 401 1541 434 sed
1560 401 1603 434 ad
1622 401 1778 434 ultimum
1795 401 1893 434 finem
1908 401 2053 437 deducit.

1383 461 1494 498 Quum
1526 462 1639 493 autem
1668 460 1881 503 prudentium
1902 461 2048 495 virorum
2076 462 2119 496 sit
2153 463 2236 498 bene
2258 463 2386 498 delibe-

1341 528 1430 558 rare,
1462 521 1645 553 necessario
1671 520 1765 554 honae
1788 521 2037 555 consultationis
2063 522 2243 557 definitioni
2267 524 2387 568 adjun-

1342 578 1446 621 genda
1468 581 1518 611 est
1542 579 1717 621 prudentia
1745 591 1752 612 z
1777 580 1993 622 quamobrem
2015 580 2110 616 bonae
2137 580 2387 622 consultationis

1342 637 1414 671 haec
1432 638 1494 671 erit
1511 638 1658 671 definitio
1679 651 1686 671 ι
1707 638 1792 672 bona
1809 639 2008 673 consultatio
2027 639 2154 673 consilii
2171 640 2394 682 hollandt,

1342 707 1419 741 quae
1437 698 1480 731 ad
1497 698 1677 731 utilitatem
1698 699 1945 732 accommodate
1964 699 2007 732 ad
2030 699 2174 743 aliquem
2189 699 2287 734 tinem
2310 703 2388 745 spe-

1342 760 1430 797 ctat,
1450 758 1544 800 cujus
1561 768 1640 792 vera
1661 759 1860 792 existimatio
1877 759 2053 802 prudentia
2069 761 2120 793 est
2141 770 2149 792 z
2175 761 2210 793 et
2231 759 2274 794 ad
2293 758 2390 806 utssb

1343 819 1446 851 tatem
1474 817 1609 860 quidem
1630 818 1895 857 accommodate,
1922 818 2002 861 quia
2030 818 2072 852 ad
2097 818 2222 853 bonum
2252 818 2390 862 quidem

1344 877 1442 910 finem
1466 876 1632 910 interdum
1662 877 1768 910 tendit
1786 878 1979 917 consilium,
2003 887 2062 920 per
2084 887 2161 921 quae
2186 887 2276 912 vero>
2291 887 2391 922 opot-

1345 938 1411 974 tet,
1432 937 1625 979 neutiquam
1648 948 1656 968 :
1675 937 1820 970 actiones
1838 937 1912 970 dico
1927 937 1980 970 vel
1998 939 2130 980 tempus
2145 937 2200 971 vel
2222 936 2360 971 modum
2378 949 2388 972 ε

1343 995 1427 1028 illud
1451 1005 1544 1034 vero,
1576 996 1619 1029 ad
1647 997 1744 1030 tinem
1775 996 1939 1039 aliquem,
1962 997 2058 1039 cuius
2077 1006 2157 1031 vera
2188 996 2396 1031 existimatio

1344 1057 1395 1087 est
1415 1055 1588 1097 prudentia
1602 1079 1610 1095 ,
1626 1057 1758 1098 propter
1774 1055 1901 1088 malum
1920 1055 2096 1090 consilium
2107 1082 2115 1094 ,
2137 1055 2228 1099 quod
2242 1055 2303 1091 illa
2313 1064 2391 1100 qum

1345 1115 1401 1146 tini
1429 1114 1629 1148 conveniunt
1654 1116 1688 1147 et
1721 1116 1938 1148 consentanea
1965 1117 2042 1148 sunt
2078 1115 2226 1158 quaerit:
2262 1114 2322 1149 sed
2344 1104 2391 1148 ad

1345 1172 1470 1205 malum
1488 1173 1587 1206 linem
1605 1173 1731 1212 tendit,
1751 1173 1847 1216 quus
1863 1180 1930 1207 non
1948 1174 1998 1205 est
2029 1172 2198 1214 prudentia
2222 1179 2301 1206 vera
2319 1172 2391 1207 exi-

1346 1231 1501 1264 stimatio.

1796 1630 1872 1671 Cap.
1898 1631 1952 1662 XI.

1738 1739 1783 1768 De
1795 1739 2003 1776 intelligentia.

1389 1828 1556 1860 Hactenus
1574 1826 1616 1860 de
1632 1825 1716 1859 bona
1732 1826 1974 1860 consultatione
1992 1838 1999 1859 z
2021 1835 2108 1860 nunc
2130 1835 2210 1860 vero
2226 1827 2328 1861 etiam
2348 1827 2392 1862 de

1346 1903 1562 1944 intelligentia
1581 1902 1757 1936 dicendum
1780 1902 1926 1937 videtur.
1944 1905 2006 1936 Est
2033 1912 2110 1945 ergo
2127 1904 2342 1947 intelligentia
2354 1906 2393 1939 et

1348 1983 1508 2021 stultitia,
1531 1991 1573 2015 ex
1588 1982 1710 2024 quihus
1728 1982 1947 2024 intelligentes
1971 1983 2004 2015 et
2021 1981 2142 2015 stultos
2156 1981 2308 2016 dicimus.

1389 2062 1502 2102 Neque
1523 2068 1602 2092 vero
1626 2059 1714 2092 idem
1744 2058 1961 2101 intelligentia
1985 2060 2036 2092 est
2050 2058 2142 2102 quod
2159 2058 2314 2098 scientia,
2334 2060 2393 2093 aut

1348 2119 1476 2161 opinio,
1494 2121 1552 2151 aut
1576 2117 1753 2160 prudentia
1771 2130 1778 2150 ι
1801 2127 1944 2160 namque
1961 2126 2022 2151 nec
2041 2117 2178 2151 scientia
2193 2126 2300 2161 neque
2320 2117 2394 2162 opi-

1347 2179 1402 2211 nio
1424 2178 1638 2220 intelligentia
1653 2180 1704 2211 est
1721 2191 1729 2210 2
1752 2177 1874 2220 quippe
1893 2178 1956 2210 hac
1974 2177 2100 2210 ratione
2116 2186 2230 2210 omnes
2245 2177 2394 2211 homines

1348 2240 1406 2270 aut
1427 2237 1566 2270 scientes
1583 2238 1642 2269 aut
1661 2236 1832 2278 opinantes
1851 2236 1950 2269 simul
1971 2236 2194 2278 intelligentes
2208 2236 2330 2271 forent.

1388 2298 1430 2329 At
1449 2305 1513 2328 non
1529 2298 1606 2328 sunt
1623 2308 1631 2327 :
1653 2295 1712 2328 sed
1729 2304 1836 2338 neque
1858 2305 1924 2328 una
1949 2295 2059 2337 aliqua
2079 2304 2120 2328 ex
2142 2295 2324 2338 disciplinis
2339 2295 2394 2330 in-

1347 2355 1526 2397 telligentia
1542 2356 1609 2393 est,
1629 2356 1666 2386 ut
1679 2354 1841 2387 medicina
1860 2356 1919 2387 aut
1935 2353 2113 2396 geometria
2129 2366 2138 2386 :
2156 2353 2279 2387 namin
2293 2354 2394 2388 rebus

1347 2413 1535 2447 salubribus
1555 2415 1613 2446 aut
1634 2412 1918 2454 magnitudinibus
1941 2415 2140 2446 versaretur.

1387 2475 1552 2506 Praeterea
1585 2481 1626 2504 ne
1657 2473 1691 2505 in
1726 2472 1767 2504 iis
1801 2473 1955 2514 quidem,
1991 2480 2068 2514 quae
2097 2472 2280 2506 necessaria
2314 2475 2392 2507 sunt

1346 2514 1529 2589 gffllermque
1560 2513 1659 2546 modo
1688 2523 1815 2556 semper
1849 2523 1884 2547 se
1909 2513 2048 2552 habent,
2075 2513 2290 2557 intelligentia
2319 2523 2393 2548 oer-

1388 2618 1502 2658 Neque
1529 2615 1662 2658 proprie
1685 2614 1727 2648 de
1746 2624 1812 2647 uno
1833 2614 1945 2657 aliquo
1971 2623 2084 2647 eorum
2103 2615 2173 2654 est,
2194 2623 2270 2657 quae
2296 2615 2392 2649 aliter

1347 2683 1382 2707 se
1401 2673 1522 2707 habere
1539 2675 1687 2715 possunt.

1389 2733 1530 2767 Omnino
1552 2732 1767 2774 intelligentia
1793 2731 1836 2765 ad
1858 2741 1914 2765 eas
1940 2741 1994 2765 res
2010 2731 2173 2774 pertinet,
2204 2731 2246 2765 de
2270 2732 2392 2775 quibus

1346 2775 1491 2815 dubitari
1517 2779 1550 2810 et
1571 2777 1750 2809 consultari
1778 2778 1903 2818 potest,
1925 2778 1959 2808 et
1985 2777 2027 2809 ad
2049 2785 2105 2809 eas
2122 2784 2199 2818 quae
2217 2775 2391 2810 eonsilium

1347 2824 1381 2854 et
1407 2821 1624 2863 quaestionem
1644 2821 1825 2853 admittunt
1850 2832 1858 2851 ε
1888 2820 2043 2862 quocirca
2067 2820 2102 2852 in
2122 2819 2239 2853 iisdem
2265 2820 2391 2856 intelli-

1346 2867 1455 2907 gentia
1474 2868 1635 2904 versatur,
1656 2866 1689 2897 in
1708 2865 1829 2907 quibus
1842 2864 2020 2906 prudentia
2038 2876 2046 2898 ι
2067 2865 2191 2907 quippe
2206 2864 2241 2898 in
2260 2865 2390 2898 contin-

1346 2911 1499 2952 gentibus
1522 2910 1676 2947 vertitur‚
1713 2918 1789 2951 quae
1821 2909 1874 2942 vel
1900 2908 2008 2942 facere
2042 2908 2094 2942 vel
2127 2917 2193 2942 non
2220 2908 2330 2942 facere
2344 2907 2392 2949 'in

1346 2957 1458 2987 nostra
1473 2956 1524 2987 est
1539 2956 1713 2996 potestate.

1385 3016 1454 3047 Nec
1475 3016 1586 3046 tamen
1620 3021 1755 3055 prorsus
1775 3011 1863 3044 idem
1895 3010 1988 3053 quod
2007 3011 2183 3053 prudentia
2206 3012 2258 3045 est
2276 3021 2287 3044 ι
2311 3020 2390 3045 nam

1344 3073 1520 3116 prudentia
1541 3073 1681 3115 imperat
1700 3073 1830 3104 tantum
1844 3095 1852 3111 ‚
1867 3079 1967 3113 quem
1984 3071 2080 3104 linem
2098 3073 2210 3113 petere
2221 3080 2282 3104 nos
2296 3079 2390 3114 opor-

1345 3136 1432 3173 teat,
1451 3135 1484 3167 et
1500 3142 1576 3176 quae
1589 3133 1684 3166 nobis
1702 3132 1826 3174 agenda
1842 3131 1925 3171 sint,
1945 3133 1984 3164 ut
1996 3131 2039 3164 ad
2052 3131 2148 3165 illum
2163 3132 2263 3165 tinem
2275 3131 2389 3166 venia-

283 3278 301 3295 *
328 3279 365 3311 Et
377 3278 410 3310 δὲ
426 3282 488 3311 τῶν
505 3279 679 3320 φρονίμων,
698 3281 766 3311 κτλ.
781 3295 823 3303 ·-·
840 3280 876 3297 *¹*
895 3281 972 3321 Gap.
1001 3286 1048 3313 10.
1067 3282 1139 3314 Ἔτι
1160 3284 1194 3315 δὲ
1213 3286 1268 3316 καὶ
1284 3287 1303 3323 ἡ
1323 3285 1451 3321 σύνεσις
1472 3285 1540 3316 κτλ.
1563 3301 1604 3307 ·--
1619 3283 1672 3300 *Η
1690 3283 1773 3315 Οὔτε
1792 3283 1871 3319 ὅλως
1895 3283 1932 3315 τὸ
1957 3281 2035 3314 αὐτὸ
2056 3282 2126 3314 κτλ·
2140 3298 2182 3305 -
2206 3281 2281 3301 *⁴⁸*
2296 3280 2383 3315 Οὔτε

241 3336 287 3362 τις
305 3326 363 3367 μία
380 3327 447 3359 κτλ.
464 3343 506 3350 —-
527 3327 630 3346 *⁰⁸*
650 3327 736 3358 Οὔτε
749 3328 811 3369 γὰρ
827 3329 899 3369 περὶ
924 3330 994 3360 κτλ.
1022 3346 1064 3352 -
1082 3330 1199 3349 ******
1223 3333 1309 3363 Οὔτε
1331 3333 1404 3375 περὶ
1423 3335 1486 3364 τῶν
1504 3333 1572 3364 κτλ.
1592 3351 1633 3359 --
1654 3330 1792 3371 **4***†‘
1814 3329 1904 3364 Ἀλλὰ
1918 3331 1990 3372 περὶ
2008 3325 2053 3362 ὦν
2071 3330 2263 3372 ἀπορήσειεν
2280 3329 2318 3361 ἄν
2337 3337 2384 3365 τις

244 3373 314 3403 κτλ.
337 3389 378 3396 -
391 3373 557 3394 *444444*
577 3374 648 3406 Οὐκ
664 3373 735 3406 ἔστι
750 3374 923 3411 δὲ,ταύτὸν
944 3375 1073 3413 σύνεσις
1090 3378 1145 3409 καὶ
1159 3378 1311 3419 φρόνησις
1326 3382 1398 3412 κτλ.
1687 3378 1702 3382 ”
1853 3388 1857 3390 “
2369 3384 2373 3389 “
