2528 3788
264 172 339 213 136

257 272 324 298 nes
337 257 429 311 (56).
443 257 663 296 Damnanda
678 258 795 307 igitur
809 258 887 295 vita
905 259 1040 306 omnis,
1058 260 1200 310 quippe
1215 273 1297 310 quae

258 320 444 357 malorum
464 319 571 367 plena
592 317 653 353 sit.
677 317 826 353 Scilicet
848 317 927 354 haec
955 330 1057 355 mors
1082 327 1154 363 est,
1184 331 1298 368 quarn

258 380 393 426 vulgus
411 379 523 413 vitam
542 383 671 425 putat·,
692 376 754 412 illa
781 376 874 421 vita,
900 389 1014 425 quam
1033 378 1206 426 plerique
1225 390 1297 426 pro

258 445 381 474 morte
411 438 541 472 timent
563 434 660 482 (57).
686 434 816 481 Quare
840 447 918 471 non
937 436 1038 472 nasci
1065 436 1176 484 longe
1196 437 1295 485 opti-

258 509 379 541 mum,
398 507 467 531 nec
486 495 526 529 in
542 494 612 529 hos
641 494 820 541 scopulos
840 493 1011 530 incidere
1037 495 1145 540 vitae;
1162 496 1297 543 proxi-

257 567 360 591 mum
383 561 530 597 autem,
555 553 586 588 si
604 559 713 588 natus
743 552 788 587 sis
802 578 812 597 ‚
841 564 956 600 quam
984 552 1150 601 primum
1170 554 1296 601 mori,

257 620 295 648 et
328 619 506 660 tanquam
534 623 580 648 ex
599 610 777 646 incendio
800 609 965 659 effugere
983 611 1201 648 violentiam
1221 611 1299 647 for-

257 678 355 708 tunae
376 670 472 719 (58),
493 671 583 717 Quae
599 669 779 706 sententia
799 674 841 704 ut
858 667 1014 715 majoris
1033 669 1079 705 sit
1097 670 1299 706 auctorita-

258 731 324 775 tis,
344 730 470 766 Sileno
491 729 709 766 attribuitur
732 726 829 777 (59).
849 727 991 767 Eadem
1006 728 1046 764 in
1063 728 1296 780 Cresphonte

254 801 346 828 usus
362 796 417 826 est
435 787 630 837 Euripides
650 799 659 823 :

309 884 403 921 Nam
428 895 497 919 nos
529 881 709 927 decebat,
729 888 847 919 coetus
872 881 1122 925 celebrantes,
1144 881 1298 920 domum

309 943 458 991 lugere,
477 942 544 977 ubi
563 947 655 976 esset
674 940 807 990 aliquis
823 940 862 975 in
880 940 1003 976 lucem
1024 940 1165 987 editus,

309 1001 482 1037 humanae
502 1001 586 1035 vitae
606 1000 710 1036 varia
731 1006 945 1047 reputantes
964 1000 1063 1037 mala
1086 1012 1095 1036 τ

310 1068 368 1105 at,
389 1061 454 1110 qui
472 1059 620 1096 labores
636 1066 758 1095 morte
776 1057 915 1094 finisset
933 1071 1064 1108 graves
1076 1086 1086 1105 ‚

309 1119 410 1172 hunc
429 1119 533 1156 omni
551 1119 691 1155 amicos
704 1117 815 1155 laude
830 1125 866 1154 et
883 1119 1011 1158 laetitia
1029 1120 1183 1169 exsequi
1202 1117 1296 1174 (βο).

258 1213 441 1250 Caeterum
473 1212 522 1248 ad
554 1213 653 1249 bene
673 1204 859 1261 beateque
878 1212 1081 1248 vivendum
1100 1220 1203 1249 recta
1229 1213 1298 1248 bo-

256 1285 394 1309 norum
408 1301 418 1316 ,
441 1285 524 1320 quae
542 1272 759 1307 hominibus
782 1272 821 1306 in
840 1273 925 1307 vitae
940 1273 1047 1307 malis
1060 1273 1297 1320 contingunt,

249 1330 506 1366 uaestimatione
524 1342 618 1378 opus
637 1336 705 1367 est.
736 1330 883 1365 Bonum
912 1328 994 1379 (61)
1019 1330 1134 1377 igitur
1150 1330 1297 1365 valetu-

258 1389 405 1432 dinem,
418 1400 488 1423 nec
515 1395 640 1423 tamen
659 1386 772 1423 tinem
798 1387 991 1423 bonorum
1011 1387 1087 1423 dici
1104 1389 1295 1424 convenit.

258 1448 410 1495 Quippe
442 1446 597 1494 singulis
631 1446 742 1481 bonis
776 1458 885 1482 suum
915 1446 1087 1482 ordinem
1118 1459 1299 1495 suamque

256 1507 477 1555 dignitatem
514 1505 669 1541 attribui
711 1511 879 1553 opoitet.
915 1505 954 1540 Si
987 1506 1089 1541 enim
1116 1504 1300 1572 fingamus

257 1576 456 1601 commune
474 1563 631 1611 aliquod
653 1563 872 1600 Graecorum
903 1563 1114 1612 theatrum,
1145 1577 1187 1600 ac
1215 1565 1294 1600 sin-

257 1625 345 1676 gula
371 1624 474 1659 bona
501 1623 541 1658 in
572 1635 720 1658 scenam
751 1623 911 1671 prodire
946 1630 982 1658 et
1010 1623 1060 1659 ad
1092 1623 1299 1672 petendum

256 1683 513 1732 principatum
533 1682 683 1720 venire:
702 1683 827 1718 statim
849 1682 962 1718 etiam
978 1682 1170 1718 bonorum
1192 1682 1299 1718 diffe-

255 1741 384 1776 rentiae
412 1740 698 1787 intelligentiam
723 1740 960 1778 habebimus.
989 1741 1157 1776 Primum
1199 1741 1298 1776 enim

259 1798 462 1846 Opulentia
480 1804 741 1846 transgressa:
761 1798 862 1847 Ego,
884 1799 1049 1846 inquiet,
1067 1799 1187 1835 Graeci
1210 1800 1300 1835 uni-

255 1857 376 1901 versi,
403 1856 579 1891 omnibus
614 1856 830 1892 hominibus
865 1863 1039 1892 ornatum
1069 1857 1236 1905 praebens
1264 1864 1300 1893 et

257 1916 479 1951 vestimenta
507 1922 544 1950 et
571 1915 717 1951 calceos
736 1922 773 1950 et
791 1916 940 1964 reliqua
968 1915 1170 1951 commoda
1198 1916 1300 1951 utilis

257 1985 340 2009 sum
357 1979 433 2008 tam
452 1974 558 2021 aegris
577 1985 690 2020 quam
707 1973 823 2016 sanis,
845 1980 959 2022 atque
974 1973 1015 2009 in
1029 1985 1124 2022 pace
1144 1973 1300 2021 quidem

257 2031 408 2079 praebeo
432 2041 488 2066 res
514 2029 723 2076 jucundas,
744 2032 784 2067 in
811 2031 912 2068 bello
939 2038 1065 2067 autem
1088 2044 1170 2067 sum
1193 2033 1300 2068 nervi

257 2096 295 2125 et
321 2095 423 2124 altus
461 2100 589 2124 rerum
617 2089 882 2138 gerendarum.
923 2091 991 2127 His
1028 2090 1128 2126 enim
1167 2090 1297 2126 verbis

256 2149 379 2186 Graeci
404 2148 569 2183 universi
588 2148 726 2184 auditis
746 2161 928 2185 consensu
946 2148 1157 2197 Opulentiae
1175 2149 1298 2197 digni-

257 2209 341 2244 tatis
358 2208 614 2273 principatum
643 2207 724 2243 dari
741 2207 942 2254 jubebunt.
968 2209 1107 2244 Verum
1123 2208 1175 2253 si,
1207 2208 1299 2244 dum

258 2266 362 2302 haec
348 2277 427 2313 Jam
441 2265 627 2314 praeconis
650 2278 746 2302 voce
765 2267 1016 2313 renuntiatur,
1031 2267 1300 2315 superveniens

258 2325 461 2375 Voluptas,

310 2419 380 2456 Cui
394 2418 478 2466 conj
483 2426 617 2455 unctus
625 2432 743 2466 amor,
755 2419 985 2467 desiderium
994 2427 1107 2469 atque
1120 2428 1300 2458 venustus

312 2478 378 2526 qui
390 2478 507 2526 possit
520 2479 692 2526 quamvis
707 2479 911 2527 prudentes
929 2479 1082 2526 fallere,
1099 2491 1221 2516 sermo
1232 2507 1242 2526 ‚

258 2572 378 2616 dicat,
410 2578 615 2620 postquam
646 2573 685 2608 in
713 2573 882 2609 medium
908 2574 1116 2623 processit,
1149 2586 1299 2622 aequum

258 2643 352 2675 esse,
382 2643 492 2666 suum
515 2643 654 2667 nomen
676 2644 742 2680 per
768 2645 983 2681 praeconem
1011 2634 1252 2683 pronuntiari

309 2722 495 2771 Fragiles,
521 2722 695 2770 caducae,
708 2724 772 2759 vix
788 2722 889 2760 diem
901 2725 1049 2761 stabiles
1075 2737 1166 2773 opes

262 2804 266 2809 -
312 2779 452 2817 florent
479 2781 606 2831 brevi,
638 2794 845 2831 rursusque
876 2796 924 2820 ex
954 2783 1095 2820 aedibus
1122 2784 1294 2830 evolant,

258 2880 484 2922 expetuntui
503 2886 594 2910 vero
615 2874 662 2910 ab
689 2874 907 2911 hominibus
937 2888 1013 2911 non
1048 2883 1208 2924 propter
1233 2888 1293 2922 se,

257 2931 324 2967 sed
341 2939 501 2981 propter
517 2932 642 2977 illam,
662 2946 744 2981 quae
762 2946 807 2970 ex
828 2935 872 2970 iis
891 2936 1051 2983 capitur,
1072 2935 1297 2971 delectatio-

255 3002 343 3026 nem
361 2998 398 3026 et
416 2959 681 3040 voluptateni:
702 2993 856 3028 omnino
873 2993 994 3029 Graeci
1017 2994 1184 3029 universi
1213 3006 1293 3028 non

257 3049 370 3086 aliter
398 3062 511 3099 quam
540 3050 592 3087 sic
612 3062 692 3087 rem
712 3062 752 3088 se
769 3052 910 3088 habere
935 3052 1029 3097 rati,
1053 3053 1296 3101 Voluptatem

260 3215 310 3247 12.
323 3232 364 3238 —
383 3215 449 3257 (56)
480 3216 595 3249 Cicero
615 3218 702 3259 apud
725 3220 929 3251 Lactantium
947 3219 1047 3251 divin.
1075 3219 1210 3252 institut.
1236 3219 1290 3251 lib.

256 3262 317 3300 111,
331 3270 400 3304 cap.
418 3266 455 3296 18
474 3262 494 3304 §
514 3266 562 3296 10.
581 3282 623 3288 —
637 3264 702 3306 (57)
719 3266 903 3298 Lactantius
916 3266 1017 3298 divin.
1039 3267 1139 3299 instit.
1153 3267 1207 3299 lib.
1232 3269 1292 3306 ut,

257 3315 329 3348 cap.
359 3309 433 3351 19§
465 3311 514 3343 14.
532 3329 572 3338 -
598 3310 665 3352 (58)
689 3311 802 3344 Cicero
821 3312 908 3353 apud
930 3312 1133 3346 Lactantium
1151 3313 1173 3345 l.
1201 3322 1229 3345 c.
1253 3331 1291 3336 -

257 3355 321 3433 259)
343 3356 461 3389 cicero
479 3358 574 3390 Tusc.
598 3355 655 3392 lib.
679 3359 705 3399 1,
722 3366 793 3400 cap.
817 3359 892 3400 48§
913 3362 983 3393 114.
998 3359 1046 3392 Cf.
1063 3360 1252 3392 Lactantius
1267 3354 1289 3391 l'.

985 169 1054 209 DE
1084 169 1366 210 GRANTORE
1396 168 1698 211 ACADEMICO.

1357 260 1614 298 coronandam
1630 271 1704 297 esse
1722 257 2045 296 vociferabuntur.
2059 256 2133 294 Sed
2147 257 2219 294 hae
2235 269 2390 308 quoque

1358 322 1522 357 victoriae
1539 321 1733 369 praemium
1749 326 1948 366 acceptura
1960 343 1971 362 ‚
1988 316 2055 353 ubi
2070 317 2264 354 intraverit
2285 317 2394 355 Vale-

1358 379 1450 416 tudo
1487 392 1573 416 cum
1618 379 1688 415 diis
1727 376 2028 420 consessoribus,
2060 383 2096 412 et
2126 375 2322 423 docuerit,
2352 387 2392 414 ne

1358 438 1508 474 absente
1539 449 1664 486 neque
1699 437 1942 484 Voluptatem
1983 446 2108 482 neque
2147 433 2392 482 Opulentiam

1358 496 1565 545 quidquam
1585 495 1764 545 prodesse
1784 507 1793 532 ε

1411 596 1511 645 Quid
1528 609 1605 633 non
1624 596 1809 632 valentem
1825 593 1995 630 maximae
2007 591 2141 640 juvant
2158 591 2276 643 opes?

1400 657 1526 698 ,Tenui
1544 663 1676 705 paratu
1697 655 1823 690 vivere
1841 651 2019 702 equidem
2037 650 2216 688 mavelim
2260 678 2262 680 -

1413 726 1526 765 quam
1540 713 1733 765 possidere
1752 711 1910 750 divitum
1927 709 2209 761 aegritudinem,

1360 832 1488 856 rursus
1504 818 1624 855 Graeci
1647 816 1813 854 universi
1830 817 1894 854 tali
1913 828 2009 852 voce
2032 814 2161 852 audita
2183 814 2396 864 intelligen-

1359 886 1432 925 tes,
1456 877 1729 914 beatitudinem
1759 877 1856 912 lecto
1878 874 2027 912 affixam
2045 881 2082 911 et
2104 880 2282 924 aegrotam
2307 871 2398 910 sub-

1358 938 1487 973 sistere
1522 949 1601 973 non
1632 947 1762 986 posse,
1795 934 2058 972 Valetudinem
2092 933 2254 969 victoria
2279 932 2398 982 potiri

1360 995 1611 1033 affirmabunt.
1634 996 1772 1031 verum
1790 992 2013 1030 Valetudine
2031 1003 2187 1040 quoque
2207 991 2287 1038 jam
2308 991 2399 1028 vin-

1360 1061 1491 1099 cente,
1520 1065 1637 1102 quum
1668 1053 1828 1101 ingressa
1861 1051 1975 1086 suerit
2016 1049 2220 1086 Fortitudo
2260 1060 2398 1098 magno

1358 1114 1573 1162 principum
1594 1118 1631 1147 et
1650 1111 1806 1146 heroum
1834 1109 1951 1158 globo
1976 1108 2210 1145 circumdata
2232 1115 2270 1145 ot
2299 1110 2396 1146 con-

1360 1184 1489 1208 scenso
1510 1177 1682 1220 suggestu
1700 1169 1750 1204 ita
1766 1168 1923 1216 coeperit
1941 1180 1951 1204 ε
1971 1179 2030 1203 me
2052 1168 2227 1214 ahsente,
2250 1168 2374 1204 Groeci
2384 1197 2399 1215 ,

1360 1231 1457 1266 bona
1478 1242 1562 1278 quoe
1579 1229 1778 1278 possidetis
1797 1228 2032 1272 alienantur,
2052 1234 2299 1276 eoeoptentque
2312 1224 2400 1274 for·

1358 1292 1459 1325 sitan
1477 1289 1601 1324 hostes
1613 1314 1623 1333 ,
1646 1294 1686 1322 ut
1701 1299 1768 1322 vos
1790 1289 1828 1321 in
1848 1289 2012 1322 omnium
2028 1298 2151 1322 rerum
2166 1286 2403 1325 abundantia

1358 1351 1520 1392 vivatis,
1550 1355 1729 1395 tanquam
1757 1346 1854 1380 bello
1883 1347 2096 1394 superiores
2119 1356 2231 1393 quam
2254 1342 2402 1391 voslu-

1359 1409 1446 1451 turi,
1472 1406 1530 1441 his
1558 1406 1675 1454 igitur
1696 1403 1834 1440 auditis
1862 1403 1982 1440 Graeci
2004 1403 2147 1452 primas
2165 1410 2294 1452 partes
2314 1402 2401 1440 Vir-

1359 1466 1429 1501 tuti
1448 1464 1639 1513 tribuent,
1659 1461 1840 1498 secundas
1861 1462 2100 1509 Valetudini,
2129 1463 2257 1500 tertias
2285 1461 2401 1500 Volu-

1357 1523 1478 1573 ptati,
1496 1524 1667 1559 ultimam
1689 1522 1860 1587 denique.
1870 1521 2110 1569 Opulentiam
2133 1529 2293 1570 ponent.

1411 1584 1433 1618 J
1435 1595 1495 1618 am
1515 1595 1559 1618 ex
1577 1580 1645 1617 filii
1659 1588 1783 1617 morte
1800 1579 1918 1615 animi
1933 1579 2107 1617 dolorem
2120 1580 2404 1630 aegritudinem-

1360 1653 1435 1690 que
1472 1639 1553 1690 (62)
1586 1651 1750 1688 capere,
1784 1651 1844 1675 res
1866 1644 1919 1674 est
1940 1639 2047 1688 talis,
2077 1651 2161 1688 quae
2188 1651 2209 1676 a
2236 1641 2403 1677 naturali

1359 1700 1529 1749 profecta
1554 1699 1767 1748 principio,
1785 1710 1866 1736 non
1894 1698 1942 1734 sit
1977 1698 2019 1733 in
2044 1705 2173 1734 nostra
2199 1706 2404 1747 potestate.

1360 1760 1444 1795 Non
1462 1759 1561 1794 enim
1585 1758 1629 1793 iis
1651 1757 1853 1806 assentior,
1878 1756 1946 1805 qui
1965 1756 2167 1792 immanem
2188 1756 2402 1807 duramque

1361 1816 1611 1852 indolentiam
1624 1814 1801 1861 laudant,
1817 1826 1901 1863 quoe
1918 1826 2041 1862 neque
2055 1815 2278 1865 contingere
2294 1816 2407 1854 nobis

1358 1887 1482 1923 neque
1508 1874 1690 1923 prodesse
1721 1880 1862 1922 potest.
1895 1874 2041 1921 Eripiet
2077 1874 2178 1911 enim
2202 1874 2314 1912 nobis
2335 1875 2405 1912 ista

1356 1935 1462 1973 illam
1484 1947 1597 1983 quam
1617 1933 1834 1970 conservari
1852 1933 2015 1970 maxime
2043 1939 2197 1982 oportet
2219 1945 2241 1970 e
2264 1928 2400 1971 mutuo

1359 2005 1489 2030 amore
1509 2001 1630 2029 ortam
1646 1991 1967 2029 benevolentiam.
1986 1992 2150 2029 Moerore
2163 1999 2290 2029 autem
2302 1993 2405 2031 ultra

1358 2051 1516 2087 modum
1534 2049 1635 2086 affici
1658 2056 1696 2086 et
1712 2050 1825 2085 nimis
1850 2060 1988 2098 augere
2003 2050 2149 2086 luctum
2175 2058 2308 2088 contra
2331 2063 2401 2089 na-

1360 2118 1481 2146 turam
1510 2122 1586 2146 esse
1623 2108 1795 2155 affirmo,
1822 2115 1860 2145 et
1896 2120 1943 2145 ex
1979 2121 2100 2158 prava
2131 2110 2248 2146 animi
2283 2113 2406 2149 nostri

1361 2169 1542 2218 opinione
1559 2168 1671 2204 nasci.
1689 2169 1937 2217 Quapropter
1956 2168 2069 2204 etiam
2083 2168 2159 2205 hoe
2177 2176 2223 2212 ut
2239 2169 2400 2208 damno·

1365 2241 1446 2264 sum
1468 2229 1507 2266 et
1532 2228 1710 2263 vitiosum
1730 2233 1768 2263 et
1793 2227 1898 2263 viros
1925 2227 2072 2276 probos
2088 2228 2246 2265 minime
2267 2229 2406 2268 decens

1357 2287 1578 2330 vitandum,
1607 2286 1851 2323 mediocritas
1877 2298 1971 2322 vero
2002 2285 2204 2322 affectuum
2234 2299 2314 2323 non
2345 2295 2401 2324 est

1358 2346 1614 2395 reprobanda.
1632 2346 1688 2382 Nc
1709 2353 1872 2394 aegrotus
1890 2345 1984 2391 sim,
2005 2344 2070 2381 sed
2087 2345 2118 2381 si
2141 2345 2297 2390 fuerim,
2310 2357 2398 2383 sen-

1359 2419 1419 2443 sus
1439 2405 1574 2453 aliquis
1596 2403 1715 2450 adsit,
1743 2405 1820 2440 sive
1839 2411 1984 2440 secetur
2005 2416 2092 2453 pars
2119 2404 2399 2451 membrorum,

1359 2467 1435 2502 sive
1459 2477 1479 2501 a
1499 2476 1663 2531 corpore
1682 2464 1877 2500 avellatur.
1905 2464 2002 2499 Nam
2017 2463 2087 2499 ista
2103 2462 2250 2500 doloris
2263 2464 2402 2502 vacui-

1361 2531 1414 2561 tas
1447 2536 1526 2560 non
1557 2523 1637 2558 sine
1680 2534 1816 2571 magna
1842 2521 2019 2559 mercede
2045 2522 2194 2558 homini
2222 2523 2400 2573 obtingit.

1360 2583 1509 2631 Quippe
1524 2581 1725 2617 verisimile
1742 2588 1818 2626 est,
1834 2587 1876 2616 ut
1892 2580 1947 2616 ibi
1971 2593 2135 2630 corpus,
2151 2581 2204 2618 ita
2216 2581 2280 2618 liic
2292 2581 2399 2630 ejus·

1358 2641 1463 2677 modi
1479 2640 1644 2676 animum
1664 2651 1740 2676 esse
1759 2638 1970 2677 efferatum.

1415 2700 1503 2735 Haec
1522 2698 1643 2734 omnis
1657 2698 1718 2733 illa
1732 2704 1837 2733 vetus
1853 2697 2094 2745 philosophia
2111 2697 2225 2734 docet
2239 2709 2285 2735 ac
2298 2710 2397 2748 prae-

1359 2758 1450 2806 cipit
1467 2754 1562 2807 (63),
1587 2768 1753 2804 quorum
1771 2756 1802 2791 si
1831 2756 1926 2804 quid
1944 2756 2048 2792 aliud
2068 2769 2147 2793 non
2166 2757 2395 2809 probamus,

1360 2816 1400 2853 id
1416 2816 1544 2852 saltem
1562 2816 1671 2851 nimis
1690 2827 1821 2850 verum
1841 2821 1915 2862 est,
1934 2815 2051 2851 vitam
2072 2823 2241 2853 nostram
2267 2819 2395 2855 multi-

1360 2874 1485 2911 modis
1497 2874 1726 2910 laboriosam
1737 2879 1774 2909 et
1790 2842 1980 2909 difficilem
2000 2885 2092 2913 esse.
2107 2876 2203 2911 Nam
2217 2876 2248 2912 si
2261 2883 2398 2914 natura

1357 2945 1435 2968 non
1458 2939 1512 2968 est
1532 2932 1635 2980 talis,
1657 2937 1788 2966 nostro
1820 2937 1923 2966 certe
1954 2931 2048 2967 vitio
2068 2932 2106 2967 in
2138 2932 2236 2969 hane
2266 2935 2397 2982 perni-

1358 2990 1453 3026 ciem
1471 2990 1661 3026 incur1it:
1681 2996 1717 3025 et
1732 2991 1873 3034 incerta
1888 2989 1959 3025 ista
1975 2988 2126 3027 fortuna
2144 3002 2165 3027 e
2181 2990 2394 3040 longinquo

1357 3062 1428 3086 nos
1447 3061 1490 3086 ac
1510 3048 1590 3097 jam
1607 3047 1696 3085 inde
1716 3048 1763 3085 ab
1784 3048 1892 3084 initio
1914 3054 2077 3097 propter
2093 3060 2152 3085 res
2169 3049 2323 3086 minime
2339 3061 2397 3086 sa-

1397 3217 1463 3258 (00)
1491 3216 1606 3249 Cicero
1633 3217 1730 3248 Tusc.
1757 3214 1813 3248 lib.
1831 3215 1859 3255 Ι,
1878 3223 1947 3256 cap.
1969 3217 2010 3247 48
2032 3214 2137 3257 §115.
2161 3234 2198 3243 —
2225 3216 2292 3259 (61)
2316 3216 2391 3250 Vid.

1356 3264 1469 3351 hafflig)
1477 3266 1551 3342 Vigd.
1563 3281 1686 3350 {ragm
1704 3312 1734 3342 8.
1753 3326 1793 3333 --
1813 3307 1917 3351 (θ3)ᾫ
1895 3307 1970 3342 vid.
1987 3308 2101 3351 fragm.
2120 3312 2150 3342 9.
2165 3327 2207 3334 —
