2528 3788
1069 260 1405 302 FRAGMENTA.

139 349 314 404 moy-(vy)
333 351 425 390 κατὰ
447 354 557 402 μῆκος
584 351 699 404 σχίσει
720 354 782 398 τῆς
803 349 921 393 οὐσίας
943 348 995 403 (ἰ.
1021 361 1055 388 e.
1079 348 1186 386 divi-

74 415 79 447 ἐ
136 409 254 453 tione
263 409 351 463 ejus
369 410 484 450 lineae
502 424 588 461 quae
608 409 727 450 οὐσίαν
747 410 778 448 i.
800 422 834 448 e.
858 418 973 447 totum
994 408 1077 447 sive
1090 420 1185 450 „ma-

77 467 91 522 ‘ae
135 471 557 523 terinmrepraesentat)
574 471 633 509 δύο
646 468 793 520 ποιούσῃ
811 467 989 521 μοίρας,“
970 483 1017 511 ως
1036 467 1076 505 ἐκ
1086 472 1187 518 μιᾶς,

58 531 67 574 J
134 527 368 581 &decepere
397 530 437 567 ἐκ
473 531 579 568 δυεῖν.
613 529 776 567 Videtur
798 535 925 566 autem
950 525 1185 565 Theodorus

31 583 36 588 ⁸
66 599 76 606 ¹*
133 598 203 628 eos
216 590 456 641 vituperare,
477 589 544 640 qui
566 589 708 628 lineam
724 585 958 630 confestim
946 598 990 623 in
1010 593 1185 637 quatuor

30 663 35 702 ᾗ
131 654 267 699 partes
282 647 569 700 partiebantur,
597 659 712 699 quam
727 646 786 684 in
787 645 892 683 duas
911 653 1023 683 antea
1040 644 1185 697 partiri

31 741 34 748 .
55 719 73 757 »j
95 752 100 757 ,Ι
134 705 341 746 debebant.
364 705 516 745 Deinde
534 704 788 745 medietates
777 718 819 743 ιιι
838 704 942 742 linea
972 704 1031 743 sic
1058 703 1188 742 divisa

133 765 326 805 notandas
354 766 440 805 esse
471 764 572 804 dixit
583 765 595 810 ‚⁴
622 763 662 802 id
693 763 799 815 quod
831 764 884 802 ita
914 763 1108 811 instituit,
1144 771 1188 801 ut

133 824 297 864 eandem
317 824 460 864 lineam
481 823 690 876 postmodo
722 823 762 861 in
785 832 860 861 tres
884 831 1017 875 partes
1045 823 1188 862 distri-

136 882 279 923 bueret
303 895 350 924 ac
379 883 430 923 de
450 882 513 922 his
534 895 650 922 unam
682 882 868 921 demeret.
891 882 1005 929 Quod
1028 895 1108 934 quo
1129 883 1187 921 fa-

133 940 250 983 cilius·
263 942 531 993 intelligatur,
553 941 755 981 Theodori
778 941 920 981 lineam
948 941 1186 994 expositioni

130 1010 278 1042 nostro
296 1001 601 1054 subjungamus.
967 1047 970 1052 ,

130 1074 181 1108 A*
474 1083 496 1107 a
646 1073 672 1107 G
819 1073 840 1105 b
1163 1074 1187 1104 B

28 1142 31 1180 ἶ
84 1179 86 1182 v
130 1150 253 1192 linea
271 1151 336 1191 AB
349 1181 360 1200 ‚
378 1166 467 1204 quae
488 1161 612 1192 totum
630 1161 898 1205 repraesentat,
919 1151 1107 1204 bipartita
1122 1161 1181 1191 est

12 3146 34 3190 ἶ»
75 3128 87 3173 .¹
108 3140 346 3199 ”Qum-itur·
355 3159 508 3198 autem,
532 3163 633 3202 quos
669 3162 853 3188 numeros
877 3147 1112 3186 Plutarchus
1144 3147 1186 3185 in

26 3218 34 3250 .'
55 3209 114 3258 5⁴2?
129 3210 344 3262 fragmento
379 3210 456 3249 boc
492 3209 677 3253 ἐπιπέδους
708 3209 790 3247 sive
821 3208 960 3260 planos
992 3206 1183 3258 appellet.

0 3259 1 3297 l
30 3267 33 3273 ⁴
58 3271 82 3325 {J
119 3267 355 3323 ⁴nuncupari
382 3269 509 3308 solent
537 3269 612 3308 hoc
648 3268 844 3308 vocabulo
875 3266 1024 3305 numeri
1058 3266 1126 3317 qui
1165 3279 1187 3305 e

27 1199 43 1255 ῤ’
87 1220 89 1222 ·
131 1211 173 1252 in
195 1221 344 1266 puncto
371 1212 426 1262 C;
453 1213 621 1265 ideoque
655 1212 835 1259 AC-i-css
861 1212 969 1262 (duae
991 1212 1105 1250 lineae
1136 1225 1187 1250 ae-

131 1270 288 1323 quales)
307 1269 503 1311 binarium
523 1271 702 1310 efficiunt
715 1300 726 1320 ,
755 1271 825 1323 qui
845 1271 1014 1323 complet
1043 1271 1186 1310 lineam

131 1331 197 1370 AB
216 1327 302 1382 (τὴν
322 1329 459 1376 οὐσίαν.
475 1330 486 1384 )
507 1331 704 1370 Praeterea
722 1331 827 1370 linea
846 1328 1066 1383 τριπλασίοις
1087 1344 1189 1369 com-

131 1390 276 1443 pletur,
294 1398 334 1435 et
361 1391 537 1442 primum
557 1391 716 1442 quidem
747 1390 921 1429 ternario
947 1390 975 1428 i.
993 1402 1029 1430 e.
1059 1389 1187 1429 tribus

130 1449 249 1490 lineis
269 1450 488 1502 aequalibus
505 1451 580 1499 Aa,
605 1449 671 1500 ab,
693 1450 719 1488 b
741 1450 794 1498 B;
818 1463 982 1501 quarum
1015 1449 1048 1488 si
1068 1463 1186 1489 unam

26 1512 31 1550 ἶ
57 1515 62 1521 ’
130 1509 224 1564 (Aa)
249 1509 464 1558 demseris,
500 1510 746 1561 relinquetur
775 1509 880 1548 linea
913 1509 967 1546 aB
982 1538 992 1556 ,
1029 1519 1190 1560 quatuor

0 1571 1 1574 ’
60 1595 68 1623 3
129 1569 337 1622 particulis
356 1577 555 1618 constans,
576 1568 706 1607 media
725 1568 831 1606 inter
844 1567 922 1615 CB,
946 1580 1033 1618 quae
1054 1570 1186 1619 tribus,

129 1627 269 1682 ²⁸ABv
297 1640 386 1680 quae
411 1641 483 1667 sea·
511 1627 718 1680 particulis
747 1635 912 1667 constat.
941 1625 1036 1672 Qua:
1065 1640 1184 1678 quum

63 1720 70 1743 3
129 1687 186 1727 ita
203 1687 304 1737 sint,
323 1686 426 1726 hanc
443 1685 608 1725 habebis
628 1685 928 1738 proportionem

290 1816 352 1862 Τ
412 1816 478 1862 's’
633 1811 884 1860 ²3⁷²?

272 1889 471 1924 ‚08:¹08
626 1887 881 1922 =AB2Aa

213 1945 452 1983 sivaa'·1
630 1949 861 1982 =622

307 2009 327 2042 3
434 2009 495 2040 4-3
631 2009 879 2041 :6:6-

783 2065 882 2100 .AB
907 2081 943 2087 -
968 2066 1034 2104 Aa3

129 2139 174 2170 ut
197 2129 350 2169 medius
377 2128 489 2168 inter
518 2140 704 2166 numeros
737 2127 1034 2178 quaternarius,
1056 2126 1185 2164 media

129 2188 379 2228 inter-lineas
399 2186 460 2226 Ab
479 2187 544 2227 sit.
562 2186 795 2225 Crantorem
817 2199 936 2234 vero,
960 2194 1004 2224 ut
1027 2185 1185 2224 Plutar-

58 2258 61 2285 2
128 2248 228 2288 rhus
247 2244 427 2297 testatur,
451 2245 603 2298 adjuvit
621 2258 666 2286 ea
691 2259 769 2297 qua
798 2258 893 2284 usus
911 2254 968 2283 est
997 2257 1185 2284 numero·

60 2322 69 2332 ⁴
97 2357 100 2360 Δ
128 2316 227 2347 rum-
237 2306 577 2360 disponendorum
597 2305 699 2344 ratio
720 2319 730 2343 t
754 2318 854 2356 quos
874 2304 932 2343 sic
955 2304 1185 2351 collocavit,

97 2361 102 2375 ’
129 2375 174 2408 ut
186 2368 370 2407 numeris
389 2366 593 2419 quadratis
611 2365 857 2417 quadratos,
890 2363 1042 2403 cubicis
1072 2363 1186 2403 cubi-

30 2422 35 2454 ³=
55 2440 69 2483 a]
118 2425 480 2480 ’Μ’(τετραγώνοις
510 2425 768 2478 τετραγώνους..
792 2422 913 2468 κύὸοις
940 2422 1090 2475 κύὸους)
1113 2437 1181 2475 op-

30 2491 81 2542 ᾗ(
130 2493 325 2540 pmcn-ets
348 2499 428 2526 non
464 2484 556 2525 κατὰ
588 2484 684 2530 τάξιν
729 2486 831 2536 (non
857 2496 904 2522 eo
933 2483 1073 2522 ordine
1106 2496 1186 2534 quo

127 2555 196 2587 co's
214 2547 340 2586 -Plato
371 2544 662 2598 recensuerat),
681 2545 751 2584 sed
783 2552 826 2582 ut
852 2543 1024 2595 primum
1054 2556 1183 2595 pares,

0 2603 1 2606 ¹
127 2606 271 2647 deinde
289 2606 460 2657 impares
479 2613 724 2653 recenseret,
741 2603 949 2657 planorum
969 2603 1087 2642 etiam
1108 2603 1184 2642 ha-

29 2694 32 2700 ·
64 2682 72 2716 ;
125 2664 214 2708 bin
241 2666 412 2706 ratione.
446 2665 696 2718 Caeteroquin
722 2664 765 2703 in
808 2663 1012 2716 probanda
1038 2663 1112 2702 hac
1144 2677 1187 2703 re

67 2747 74 2781 ⁴.
104 2740 106 2742 ’
129 2726 294 2773 fflnuam
325 2725 463 2765 litteras
494 2727 527 2765 Δ
556 2723 765 2772 adhibuit,
803 2732 847 2761 ut
878 2735 927 2761 ex
968 2723 1184 2773 fragmento

30 2789 34 2793 ’
77 2793 80 2835 ζ
127 2775 298 2839 septimo
332 2786 420 2836 cogi
461 2792 632 2837 oportet.
669 2784 734 2823 Sic
779 2783 902 2833 igitur
933 2783 1090 2821 videtur
1119 2796 1186 2822 eos

6 2861 8 2864 ’
75 2866 85 2874 „.
128 2844 401 2900 disposuisse:
918 2859 920 2862 >

259 2950 269 2956 ,
362 2918 378 2949 1
623 2915 695 2949 sive
939 2916 952 2945 1

322 2971 356 3009 ι·
403 2971 436 3008 3⁴
898 2976 915 3004 2
981 2975 999 3004 3

251 3047 259 3058 ·
280 3029 319 3068 2²
446 3029 484 3066 32
856 3034 874 3063 4
1023 3033 1042 3062 9

211 3111 215 3114 -
239 3087 277 3126 ι’
487 3086 524 3124 3³
819 3092 838 3122 8
1068 3089 1118 3120 27.

165 3419 212 3452 7.
224 3418 277 3452 De
293 3427 503 3452 numerorum
520 3418 629 3450 autem
652 3415 773 3449 ordine·
787 3416 958 3459 quaeritur,
974 3417 1090 3447 utrum
1119 3412 1187 3447 uuo

35 3491 65 3513 «r
130 3475 168 3511 iu
186 3484 288 3511 versu
309 3485 423 3511 omnes
451 3477 518 3511 sint
533 3474 745 3519 disponendi,
762 3477 802 3508 ut
818 3474 1013 3508 Theodorus
1033 3472 1118 3514 vult,
1146 3481 1188 3506 an

17 3519 29 3532 ⁴
51 3545 78 3582 ῃ
116 3535 256 3579 ,potius
271 3538 310 3570 ut
326 3535 482 3577 crantor,
500 3535 534 3569 in
553 3538 582 3570 Δ
598 3534 705 3578 figura
718 3559 726 3575 ‚
743 3534 852 3578 primo
871 3534 903 3566 in
923 3533 1047 3566 vertice
1062 3533 1180 3575 posito,

233 3618 238 3625 .
263 3603 389 3629 Pfllmss.
414 3603 518 3629 GRAEC.
542 3603 578 3628 ll!

2219 267 2297 308 145

1246 349 1720 401 duorum.numerorum‚
1758 361 1940 404 tanquam
1973 353 2229 405 longitudinis
2259 364 2298 393 et

1246 407 1472 456 latitudinis,
1487 410 1807 461 multiplicatione
1821 412 2060 452 cfficiuntur.
2071 412 2166 452 Vide
2177 414 2298 452 inter-

1246 476 1375 518 pretes
1403 468 1449 506 ad
1474 468 1647 507 Platonis
1665 469 1812 510 Theaet.
1839 486 1878 523 p.
1904 473 1991 517 148.
2014 486 2050 512 a.
2072 481 2111 510 et
2143 473 2297 512 Astium

1245 525 1295 564 ad
1311 525 1569 577 Theologum.
1594 527 1755 567 Arithm.
1790 544 1831 579 p.
1864 532 1953 577 164.
1984 530 2249 578 Quamobrem
2267 531 2298 569 si

1246 585 1411 625 Crantor
1426 587 1639 638 pugnantia
1653 600 1784 626 secum
1797 589 1990 641 frontibus
2011 591 2182 630 adversis
2197 605 2301 631 com-

1246 647 1400 698 posuit,
1421 648 1516 686 tales
1536 659 1721 686 numeros
1743 648 1907 688 fortasse
1930 651 1971 688 in
2001 650 2104 689 lmnc
2120 640 2123 645 Δ
2141 651 2297 691 modum

1248 706 1445 745 ordinavit
1466 721 1475 744 ε

1365 776 1520 812 minores.
1720 778 1820 811 medii
2033 780 2187 823 maj0res.

1433 840 1452 870 3
1767 840 1788 870 4
2101 844 2121 872 6

1434 899 1454 928 6
1769 901 1788 930 8
2094 902 2130 932 12

1431 957 1452 988 9
1760 959 1796 990 12
2094 961 2130 990 18

1426 1019 1462 1048 12
1759 1020 1796 1050 16
2091 1022 2131 1052 24

1247 1088 1380 1140 Neque
1398 1098 1525 1128 tamen
1540 1089 1615 1128 hoc
1634 1105 1708 1143 pro
1728 1100 1834 1130 certo
1854 1091 1998 1131 habere
2026 1093 2165 1132 ausim.

1300 1162 1330 1188 7.
1363 1148 1454 1202 Περὶ
1487 1148 1524 1188 δὲ
1551 1152 1613 1196 τ’ῆς
1642 1149 1772 1195 τάξεως
1806 1150 2029 1203 (ζητεῖται),
2066 1149 2211 1202 πότερον
2245 1152 2299 1204 ἐφ’

1248 1206 1322 1252 ἑνὸς
1350 1206 1472 1260 στίχου
1494 1207 1628 1253 πάντας
1649 1208 1804 1248 ἐκθετέον
1820 1240 1830 1260 ,
1853 1211 1900 1254 ὡς
1922 1208 2118 1262 Θεόδωρος·
2145 1208 2169 1256 ἢ
2205 1210 2296 1259 μᾶλ-

1248 1268 1329 1316 λον,
1360 1269 1408 1312 ὡς
1429 1267 1628 1321 Κράντωρ,
1651 1269 1686 1307 ἐν
1715 1270 1766 1322 τῷ
1789 1270 1820 1309 Λ
1841 1268 2028 1321 σχήματι,
2062 1271 2126 1307 τοῦ
2159 1267 2301 1320 πρώτου

1248 1324 1341 1365 κατὰ
1358 1326 1516 1381 κορυφὴν
1544 1326 1724 1379 τιθεμένου
1737 1358 1748 1377 ,
1769 1327 1830 1366 καὶ
1858 1327 1968 1381 χωρὶς
1988 1327 2051 1378 μὲν
2073 1328 2143 1365 τῶν
2178 1327 2303 1365 διπλα·

1249 1385 1356 1435 σίων,
1378 1385 1488 1439 χωρὶς
1507 1386 1544 1425 δὲ
1563 1389 1634 1426 τῶν
1663 1387 1880 1440 τριπλασίων
1908 1387 1942 1425 ἐν
1964 1387 2043 1426 δυσὶ
2059 1385 2194 1440 στίχοις
2218 1389 2303 1424 ὓπο-

1249 1446 1490 1496 ταττομένων.

1306 1505 1555 1556 (Plutarchus
1575 1506 1623 1545 de
1639 1507 1758 1548 anim.
1780 1515 1974 1558 procreat.
1991 1507 2031 1545 in
2047 1505 2194 1544 Timaeo
2214 1519 2299 1556 cap.

1250 1578 1301 1615 29
1321 1565 1402 1605 vol.
1425 1565 1533 1613 XHI,
1550 1579 1588 1618 p.
1612 1567 1687 1605 322
1707 1566 1769 1605 ed.
1794 1567 1953 1606 Hutten.
1975 1566 2078 1616 Ergo
2098 1579 2144 1604 ea
2169 1565 2302 1617 dispo-

1249 1624 1466 1662 nendorum
1484 1638 1737 1665 numerorum
1753 1627 1851 1665 ratio
1859 1624 2039 1664 Crantori
2057 1626 2200 1677 arrisit,
2216 1639 2303 1677 quae

1248 1686 1282 1723 Α
1300 1684 1437 1722 litterae
1458 1684 1621 1723 formam
1640 1685 1887 1737 exprimeret.

1769 1776 1783 1805 1

1725 1838 1743 1866 2
1808 1836 1827 1866 3

1683 1895 1703 1924 4
1849 1895 1869 1925 9

1642 1955 1660 1983 8
1893 1953 1944 1984 27.

1250 2022 1356 2060 Hanc
1384 2023 1424 2061 in
1444 2037 1559 2062 usum
1583 2038 1697 2063 suum
1720 2025 1912 2063 convertit
1939 2023 2128 2062 Adrastus
2148 2024 2299 2075 peripa-

1247 2083 1411 2128 teticus,
1447 2083 1495 2120 de
1525 2097 1603 2134 quo
1636 2083 1820 2123 disseruit
1852 2082 2055 2121 Fabricius
2090 2082 2190 2120 Bihl.
2229 2082 2299 2120 Gr.

1247 2139 1333 2180 Vol.
1369 2140 1442 2190 ΙΙΙ,
1475 2155 1514 2191 p.
1540 2142 1618 2187 458
1646 2152 1684 2181 et
1721 2143 1798 2181 653
1828 2142 1888 2181 ed.
1929 2142 2081 2181 Harles.
2117 2141 2304 2179 Memorat

1245 2211 1335 2237 eum
1367 2199 1530 2239 Proclus
1561 2201 1601 2239 in
1618 2202 1719 2242 Tim.
1745 2216 1785 2254 p.
1815 2216 1902 2252 ¹97·
1925 2203 1967 2240 C.
1992 2201 2108 2252 [pag.
2134 2206 2205 2248 471
2239 2201 2300 2240 ed.

1246 2260 1496 2314 Schneidew]
1515 2261 1575 2301 his
1596 2263 1731 2302 verbis
1755 2277 1765 2300 t
1786 2258 1979 2315 Ἄδραστος
1999 2259 2035 2299 δὲ
2062 2262 2297 2314 φιλοτεχνῶν,

1247 2316 1265 2356 ὃ
1299 2317 1356 2358 καὶ
1385 2319 1553 2373 πρότερον
1584 2319 1729 2373 εἴπομεν
1756 2319 1958 2364 λαὸδοειδὲς
1985 2320 2025 2359 τὸ
2055 2322 2181 2373 σχῆμα
2210 2320 2301 2359 ποιεῖ

1248 2376 1306 2416 καὶ
1326 2379 1362 2417 ἐν
1381 2378 1474 2431 τρισὶ
1495 2379 1676 2433 τριγώνοις
1694 2380 1867 2420 ἐκτίθεται
1881 2378 1959 2424 τοὺς
1975 2378 2085 2432 ὅρους.
2105 2379 2165 2419 Cf.
2188 2380 2301 2418 etiam

1246 2452 1287 2490 p.
1310 2440 1383 2489 193
1400 2448 1437 2478 et
1461 2441 1547 2492 198.
1567 2440 1625 2480 Ex
1642 2441 1775 2480 Procli
1803 2441 1920 2491 igitur
1939 2441 1989 2479 de
2009 2440 2176 2478 Adrasto
2202 2440 2302 2478 testi-

1246 2499 1386 2537 moniis
1407 2499 1569 2539 fortasse
1588 2501 1750 2551 intelligi
1785 2509 1935 2553 potest,
1956 2499 2154 2552 quomodo
2184 2499 2303 2538 Cran-

1247 2566 1309 2596 tor
1334 2560 1507 2598 numeris
1539 2560 1753 2600 Platonicis
1780 2560 2000 2601 medietates
2027 2559 2304 2611 interposuerit

1246 2618 1308 2656 vel
1325 2627 1367 2656 ut
1387 2618 1586 2658 Plutarchi
1603 2618 1708 2674 (vid.
1732 2620 1870 2670 fragm.
1887 2617 2039 2671 6·init.)
2061 2617 2194 2657 verbis
2216 2627 2302 2656 utar

1248 2677 1501 2731 παρεντάττειν
1517 2679 1578 2723 τὰς
1600 2679 1796 2729 μεσότητας
1816 2678 2038 2719 tentaverit.
2060 2678 2176 2718 Illum
2198 2678 2301 2716 enim

1247 2737 1378 2776 locum
1411 2751 1434 2776 a
1467 2738 1676 2778 Plutarcho
1709 2739 1803 2777 olim
1830 2747 2068 2779 exornatum
2093 2738 2133 2776 in
2165 2738 2301 2777 mutilo

1247 2796 1320 2835 isto
1350 2795 1474 2849 capit'e
1501 2797 1686 2837 vicesimo
1713 2797 1805 2837 libri
1833 2798 1883 2837 de
1899 2798 2018 2855 anim.
2024 2795 2241 2851 procreat.
2262 2798 2302 2836 in

1246 2857 1387 2895 Timaeo
1407 2856 1660 2897 librariorum
1679 2859 1797 2912 culpa
1816 2872 1921 2898 nunc
1949 2858 2104 2898 desider
2107 2858 2163 2896 ari
2197 2857 2300 2896 arbi-

1246 2925 1345 2957 tror.
1366 2916 1421 2955 P·
1424 2917 1536 2957 oclus
1554 2927 1682 2957 autem
1713 2919 1753 2958 in
1779 2918 1879 2959 Tim.
1913 2933 1955 2971 p.
1988 2933 2074 2970 192
2104 2918 2148 2956 C.
2173 2919 2185 2969 [
2210 2933 2299 2971 pag.

1249 2976 1326 3022 458
1347 2976 1410 3017 ed.
1432 2977 1654 3016 Schneider.
1664 2979 1678 3029 ]
1698 2978 1780 3018 haec
1798 2978 1981 3030 scripsit·
2006 2977 2058 3017 διὸ
2078 2977 2139 3017 καὶ
2159 2977 2303 3018 εἰώθασί

1247 3050 1336 3079 τινες
1353 3033 1432 3088 τρία
1450 3035 1604 3089 τρίγωνα
1626 3042 1740 3076 ποιεῖν
1754 3037 1815 3076 καὶ
1831 3036 1885 3090 ἐφ’
1900 3037 1974 3081 ἑνὸς
1993 3037 2056 3087 μὲν
2078 3037 2222 3092 γράφειν
2240 3041 2302 3077 τοῦ

1246 3091 1435 3145 ἐλαχίστου
1467 3092 1530 3138 τὰς
1562 3094 1653 3135 ἑπτὰ
1685 3094 1828 3148 μοίρας,
1860 3094 2017 3148 κορυφὴν
2039 3098 2218 3141 ποιοῦντες
2236 3097 2299 3144 τὴν

1248 3150 1341 3201 μίαν
1361 3153 1507 3205 μοῖραν,
1539 3155 1812 3207 κατασχίζοντες
1841 3154 1877 3193 δὲ
1903 3154 1965 3198 τὰς
1999 3154 2034 3199 ἓξ
2066 3170 2109 3192 πε
2095 3155 2147 3207 ρι
2168 3170 2300 3201 ταυτην

1247 3210 1308 3248 καὶ
1328 3210 1386 3250 ἐπὶ
1408 3214 1471 3259 τῆς
1493 3212 1550 3252 ἑτέ
1533 3229 1615 3266 ερας
1637 3216 1792 3267 πλευρᾶς
1817 3212 2009 3267 γράφοντες
2028 3212 2085 3251 τὸν
2111 3213 2300 3251 διπλάσιον

1246 3265 1324 3308 ὅλον
1347 3270 1491 3325 στίχον,
1508 3271 1566 3312 ἐπὶ
1585 3272 1622 3313 δὲ
1644 3276 1708 3322 τῆς
1730 3273 1852 3326 ἑτέρας
1869 3272 1927 3312 τὸν
1944 3271 2203 3325 τριπλάσιον,’
2189 3288 2245 3311 επι
2266 3272 2301 3308 ἑὲ

2261 3366 2280 3375 .-

1249 3418 1369 3454 deinde
1396 3421 1518 3464 duplici
1540 3423 1642 3464 serie,
1677 3433 1741 3457 una
1773 3423 1970 3465 duplorum,
1998 3421 2102 3456 altera
2126 3420 2300 3462 triplorum

1249 3476 1410 3518 subjecta.

2125 3585 2175 3622 lo.
