<?xml version="1.0" encoding="UTF-8"?>
<!DOCTYPE html PUBLIC "-//W3C//DTD XHTML 1.0 Transitional//EN"
    "http://www.w3.org/TR/xhtml1/DTD/xhtml1-transitional.dtd">
<html xmlns="http://www.w3.org/1999/xhtml" xml:lang="en" lang="en">
 <head>
  <title>
</title>
<meta http-equiv="Content-Type" content="text/html;charset=utf-8" />
  <meta name='ocr-system' content='tesseract 3.04.00' />
  <meta name='ocr-capabilities' content='ocr_page ocr_carea ocr_par ocr_line ocrx_word'/>
</head>
<body>
  <div class='ocr_page' id='page_1' title='image "./fragmentaphiloso03mulluoft_0078.png"; bbox 0 0 2528 3788; ppageno 0'>
   <div class='ocr_carea' id='block_1_1' title="bbox 313 178 1535 221">
    <p class='ocr_par' dir='ltr' id='par_1_1' title="bbox 313 178 1535 221">
     <span class='ocr_line' id='line_1_1' title="bbox 313 178 1535 221; baseline -0.003 0"><span class='ocrx_word' id='word_1_1' title='bbox 313 183 363 221; x_wconf 74' lang='lat'>62</span> <span class='ocrx_word' id='word_1_2' title='bbox 1195 181 1260 219; x_wconf 90' lang='lat' dir='ltr'>DE</span> <span class='ocrx_word' id='word_1_3' title='bbox 1290 178 1535 218; x_wconf 81' lang='lat' dir='ltr'>PLATONE.</span> 
     </span>
    </p>
   </div>
   <div class='ocr_carea' id='block_1_2' title="bbox 304 265 1348 1781">
    <p class='ocr_par' dir='ltr' id='par_1_2' title="bbox 309 265 1348 830">
     <span class='ocr_line' id='line_1_2' title="bbox 365 265 1343 319; baseline 0 -13"><span class='ocrx_word' id='word_1_4' title='bbox 365 266 644 306; x_wconf 88' lang='lat' dir='ltr'>Interciderunt</span> <span class='ocrx_word' id='word_1_5' title='bbox 679 278 772 304; x_wconf 87' lang='lat' dir='ltr'>vero</span> <span class='ocrx_word' id='word_1_6' title='bbox 804 274 980 317; x_wconf 87' lang='lat' dir='ltr'><strong>poemata</strong></span> <span class='ocrx_word' id='word_1_7' title='bbox 1008 265 1104 319; x_wconf 76' lang='lat'>(41),</span> <span class='ocrx_word' id='word_1_8' title='bbox 1126 280 1211 318; x_wconf 79' lang='lat' dir='ltr'>quae</span> <span class='ocrx_word' id='word_1_9' title='bbox 1234 267 1343 306; x_wconf 90' lang='lat' dir='ltr'>Plato</span> 
     </span>
     <span class='ocr_line' id='line_1_3' title="bbox 313 324 1345 378; baseline -0.001 -14"><span class='ocrx_word' id='word_1_10' title='bbox 313 326 532 364; x_wconf 84' lang='lat' dir='ltr'>adolescens</span> <span class='ocrx_word' id='word_1_11' title='bbox 558 324 761 375; x_wconf 83' lang='lat' dir='ltr'>scripsisse</span> <span class='ocrx_word' id='word_1_12' title='bbox 787 325 953 364; x_wconf 78' lang='lat' dir='ltr'><strong>traditur</strong></span> <span class='ocrx_word' id='word_1_13' title='bbox 985 325 1075 378; x_wconf 80' lang='lat'>(42).</span> <span class='ocrx_word' id='word_1_14' title='bbox 1114 325 1266 374; x_wconf 84' lang='lat' dir='ltr'>Restat,</span> <span class='ocrx_word' id='word_1_15' title='bbox 1302 334 1345 364; x_wconf 92' lang='lat' dir='ltr'>ut</span> 
     </span>
     <span class='ocr_line' id='line_1_4' title="bbox 312 382 1346 436; baseline -0.001 -13"><span class='ocrx_word' id='word_1_16' title='bbox 312 398 435 436; x_wconf 79' lang='lat' dir='ltr'>pauca</span> <span class='ocrx_word' id='word_1_17' title='bbox 461 384 507 422; x_wconf 92' lang='lat' dir='ltr'>de</span> <span class='ocrx_word' id='word_1_18' title='bbox 538 382 668 421; x_wconf 90' lang='lat' dir='ltr'>dubiis</span> <span class='ocrx_word' id='word_1_19' title='bbox 699 383 857 435; x_wconf 88' lang='lat' dir='ltr'>scriptis</span> <span class='ocrx_word' id='word_1_20' title='bbox 890 397 976 436; x_wconf 87' lang='lat' dir='ltr'>quae</span> <span class='ocrx_word' id='word_1_21' title='bbox 999 384 1229 436; x_wconf 84' lang='lat' dir='ltr'>Thrasyllus</span> <span class='ocrx_word' id='word_1_22' title='bbox 1267 398 1346 422; x_wconf 93' lang='lat' dir='ltr'>non</span> 
     </span>
     <span class='ocr_line' id='line_1_5' title="bbox 313 442 1344 484; baseline 0.003 -3"><span class='ocrx_word' id='word_1_23' title='bbox 313 442 627 484; x_wconf 84' lang='lat' dir='ltr'>commemoravit</span> <span class='ocrx_word' id='word_1_24' title='bbox 655 454 699 480; x_wconf 90' lang='lat' dir='ltr'>ac</span> <span class='ocrx_word' id='word_1_25' title='bbox 731 442 779 481; x_wconf 91' lang='lat' dir='ltr'>de</span> <span class='ocrx_word' id='word_1_26' title='bbox 802 442 915 482; x_wconf 89' lang='lat' dir='ltr'>libris</span> <span class='ocrx_word' id='word_1_27' title='bbox 947 444 1169 484; x_wconf 90' lang='lat' dir='ltr'>subditiciis</span> <span class='ocrx_word' id='word_1_28' title='bbox 1202 444 1344 484; x_wconf 86' lang='lat' dir='ltr'>dicam.</span> 
     </span>
     <span class='ocr_line' id='line_1_6' title="bbox 312 500 1346 550; baseline 0.005 -13"><span class='ocrx_word' id='word_1_29' title='bbox 312 500 441 550; x_wconf 90' lang='lat' dir='ltr'><strong>Neque</strong></span> <span class='ocrx_word' id='word_1_30' title='bbox 453 500 556 538; x_wconf 87' lang='lat' dir='ltr'>enim</span> <span class='ocrx_word' id='word_1_31' title='bbox 574 500 710 539; x_wconf 87' lang='lat' dir='ltr'><strong>attinet</strong></span> <span class='ocrx_word' id='word_1_32' title='bbox 726 500 792 540; x_wconf 90' lang='lat' dir='ltr'>hie</span> <span class='ocrx_word' id='word_1_33' title='bbox 808 501 990 542; x_wconf 90' lang='lat' dir='ltr'>subtilius</span> <span class='ocrx_word' id='word_1_34' title='bbox 1003 512 1041 542; x_wconf 91' lang='lat' dir='ltr'>et</span> <span class='ocrx_word' id='word_1_35' title='bbox 1056 502 1215 543; x_wconf 87' lang='lat' dir='ltr'>uberius</span> <span class='ocrx_word' id='word_1_36' title='bbox 1233 503 1281 542; x_wconf 92' lang='lat' dir='ltr'>de</span> <span class='ocrx_word' id='word_1_37' title='bbox 1295 503 1346 543; x_wconf 90' lang='lat' dir='ltr'>iis</span> 
     </span>
     <span class='ocr_line' id='line_1_7' title="bbox 311 556 1343 613; baseline 0.006 -19"><span class='ocrx_word' id='word_1_38' title='bbox 311 556 481 596; x_wconf 85' lang='lat' dir='ltr'>Platonis</span> <span class='ocrx_word' id='word_1_39' title='bbox 500 558 683 609; x_wconf 85' lang='lat' dir='ltr'>dialogis,</span> <span class='ocrx_word' id='word_1_40' title='bbox 707 559 776 610; x_wconf 91' lang='lat' dir='ltr'>qui</span> <span class='ocrx_word' id='word_1_41' title='bbox 798 559 892 599; x_wconf 83' lang='lat' dir='ltr'>falso</span> <span class='ocrx_word' id='word_1_42' title='bbox 908 560 1088 613; x_wconf 88' lang='lat' dir='ltr'>inscripti</span> <span class='ocrx_word' id='word_1_43' title='bbox 1109 570 1145 600; x_wconf 93' lang='lat' dir='ltr'>et</span> <span class='ocrx_word' id='word_1_44' title='bbox 1163 570 1343 613; x_wconf 89' lang='lat' dir='ltr'>tanquam</span> 
     </span>
     <span class='ocr_line' id='line_1_8' title="bbox 310 617 1342 671; baseline 0.006 -17"><span class='ocrx_word' id='word_1_45' title='bbox 310 617 435 667; x_wconf 89' lang='lat' dir='ltr'>spurii</span> <span class='ocrx_word' id='word_1_46' title='bbox 465 618 611 656; x_wconf 88' lang='lat' dir='ltr'>familia</span> <span class='ocrx_word' id='word_1_47' title='bbox 631 617 890 658; x_wconf 87' lang='lat' dir='ltr'>submovendi</span> <span class='ocrx_word' id='word_1_48' title='bbox 910 619 1107 668; x_wconf 86' lang='lat' dir='ltr'>videntur,</span> <span class='ocrx_word' id='word_1_49' title='bbox 1130 620 1342 671; x_wconf 84' lang='lat' dir='ltr'>disputare.</span> 
     </span>
     <span class='ocr_line' id='line_1_9' title="bbox 311 674 1346 728; baseline 0.005 -17"><span class='ocrx_word' id='word_1_50' title='bbox 311 674 469 725; x_wconf 79' lang='lat' dir='ltr'>Antiqui</span> <span class='ocrx_word' id='word_1_51' title='bbox 493 675 568 728; x_wconf 82' lang='grc'>(43)</span> <span class='ocrx_word' id='word_1_52' title='bbox 608 676 728 726; x_wconf 83' lang='lat' dir='ltr'>igitur</span> <span class='ocrx_word' id='word_1_53' title='bbox 764 677 950 728; x_wconf 90' lang='lat' dir='ltr'>quosdam</span> <span class='ocrx_word' id='word_1_54' title='bbox 987 677 1163 728; x_wconf 84' lang='lat' dir='ltr'>dialogos</span> <span class='ocrx_word' id='word_1_55' title='bbox 1190 678 1346 716; x_wconf 89' lang='lat' dir='ltr'>Platoni</span> 
     </span>
     <span class='ocr_line' id='line_1_10' title="bbox 309 734 1348 784; baseline 0.005 -14"><span class='ocrx_word' id='word_1_56' title='bbox 309 734 528 784; x_wconf 91' lang='lat' dir='ltr'>suppositos</span> <span class='ocrx_word' id='word_1_57' title='bbox 565 747 647 775; x_wconf 86' lang='lat' dir='ltr'>esse</span> <span class='ocrx_word' id='word_1_58' title='bbox 682 737 977 775; x_wconf 84' lang='lat' dir='ltr'>contenderunt.</span> <span class='ocrx_word' id='word_1_59' title='bbox 1012 736 1155 775; x_wconf 90' lang='lat' dir='ltr'>Eorum</span> <span class='ocrx_word' id='word_1_60' title='bbox 1189 737 1348 776; x_wconf 90' lang='lat' dir='ltr'>nomina</span> 
     </span>
     <span class='ocr_line' id='line_1_11' title="bbox 309 801 426 830; baseline -0.009 0"><span class='ocrx_word' id='word_1_61' title='bbox 309 801 426 830; x_wconf 90' lang='lat' dir='ltr'>sunt:</span> 
     </span>
    </p>

    <p class='ocr_par' dir='ltr' id='par_1_3' title="bbox 304 851 1345 1781">
     <span class='ocr_line' id='line_1_12' title="bbox 499 851 956 907; baseline 0.007 -15"><span class='ocrx_word' id='word_1_62' title='bbox 499 851 645 900; x_wconf 90' lang='grc' dir='ltr'>Μίδων,</span> <span class='ocrx_word' id='word_1_63' title='bbox 668 852 690 900; x_wconf 84' lang='grc' dir='ltr'>ἢ</span> <span class='ocrx_word' id='word_1_64' title='bbox 713 852 956 907; x_wconf 85' lang='grc' dir='ltr'>Ἱπποτρόφος.</span> 
     </span>
     <span class='ocr_line' id='line_1_13' title="bbox 497 909 1026 967; baseline 0.006 -16"><span class='ocrx_word' id='word_1_65' title='bbox 497 909 676 963; x_wconf 83' lang='grc' dir='ltr'>Ἐρυξίας,</span> <span class='ocrx_word' id='word_1_66' title='bbox 692 912 714 959; x_wconf 80' lang='grc' dir='ltr'>ἢ</span> <span class='ocrx_word' id='word_1_67' title='bbox 736 913 1026 967; x_wconf 86' lang='grc' dir='ltr'>Ἐρασίστρατος.</span> 
     </span>
     <span class='ocr_line' id='line_1_14' title="bbox 496 969 662 1009; baseline 0.006 -1"><span class='ocrx_word' id='word_1_68' title='bbox 496 969 662 1009; x_wconf 83' lang='grc' dir='ltr'>Ἀλκυών.</span> 
     </span>
     <span class='ocr_line' id='line_1_15' title="bbox 492 1027 977 1084; baseline 0.008 -18"><span class='ocrx_word' id='word_1_69' title='bbox 492 1027 700 1080; x_wconf 85' lang='grc' dir='ltr'>Ἀκέφαλος,</span> <span class='ocrx_word' id='word_1_70' title='bbox 721 1029 743 1077; x_wconf 85' lang='grc' dir='ltr'>ἢ</span> <span class='ocrx_word' id='word_1_71' title='bbox 766 1029 930 1084; x_wconf 81' lang='grc' dir='ltr'><strong>Σίσυφος.</strong></span> <span class='ocrx_word' id='word_1_72' title='bbox 955 1028 977 1037; x_wconf 67' lang='grc'><em>“</em></span> 
     </span>
     <span class='ocr_line' id='line_1_16' title="bbox 491 1085 731 1141; baseline 0.021 -18"><span class='ocrx_word' id='word_1_73' title='bbox 491 1085 642 1139; x_wconf 79' lang='grc' dir='ltr'>Ἀξίοχος</span> <span class='ocrx_word' id='word_1_74' title='bbox 657 1089 731 1141; x_wconf 73' lang='lat' dir='ltr'>(u).</span> 
     </span>
     <span class='ocr_line' id='line_1_17' title="bbox 410 1146 658 1190; baseline 0.012 -7"><span class='ocrx_word' id='word_1_75' title='bbox 410 1158 437 1183; x_wconf 88' lang='lat'>6.</span> <span class='ocrx_word' id='word_1_76' title='bbox 484 1146 658 1190; x_wconf 82' lang='grc' dir='ltr'><strong>Φαίακες.</strong></span> 
     </span>
     <span class='ocr_line' id='line_1_18' title="bbox 410 1204 775 1257; baseline 0.011 -17"><span class='ocrx_word' id='word_1_77' title='bbox 410 1216 440 1241; x_wconf 89' lang='grc'>7.</span> <span class='ocrx_word' id='word_1_78' title='bbox 482 1204 682 1254; x_wconf 83' lang='grc' dir='ltr'>Δημόδοκος</span> <span class='ocrx_word' id='word_1_79' title='bbox 703 1205 775 1257; x_wconf 63' lang='grc'>(45).</span> 
     </span>
     <span class='ocr_line' id='line_1_19' title="bbox 412 1261 655 1302; baseline 0.012 -4"><span class='ocrx_word' id='word_1_80' title='bbox 412 1274 442 1298; x_wconf 82' lang='lat' dir='ltr'>s.</span> <span class='ocrx_word' id='word_1_81' title='bbox 483 1261 655 1302; x_wconf 87' lang='grc' dir='ltr'>Χελιδών.</span> 
     </span>
     <span class='ocr_line' id='line_1_20' title="bbox 411 1318 734 1372; baseline 0.006 -15"><span class='ocrx_word' id='word_1_82' title='bbox 411 1332 442 1359; x_wconf 83' lang='lat'>9.</span> <span class='ocrx_word' id='word_1_83' title='bbox 479 1318 638 1370; x_wconf 70' lang='grc' dir='ltr'>Ἑῧδόμη</span> <span class='ocrx_word' id='word_1_84' title='bbox 660 1319 734 1372; x_wconf 75' lang='lat'>(48).</span> 
     </span>
     <span class='ocr_line' id='line_1_21' title="bbox 415 1377 809 1431; baseline 0.01 -17"><span class='ocrx_word' id='word_1_85' title='bbox 415 1391 457 1415; x_wconf 85' lang='grc' dir='ltr'>ιο.</span> <span class='ocrx_word' id='word_1_86' title='bbox 479 1377 708 1428; x_wconf 81' lang='grc' dir='ltr'>Ἐπιμενίδης</span> <span class='ocrx_word' id='word_1_87' title='bbox 727 1379 809 1431; x_wconf 68' lang='grc'>(47).</span> 
     </span>
     <span class='ocr_line' id='line_1_22' title="bbox 306 1434 1343 1476; baseline 0.003 -4"><span class='ocrx_word' id='word_1_88' title='bbox 306 1437 356 1472; x_wconf 80' lang='lat' dir='ltr'>At</span> <span class='ocrx_word' id='word_1_89' title='bbox 376 1434 526 1474; x_wconf 88' lang='lat' dir='ltr'>librarii</span> <span class='ocrx_word' id='word_1_90' title='bbox 553 1437 600 1475; x_wconf 95' lang='lat' dir='ltr'>de</span> <span class='ocrx_word' id='word_1_91' title='bbox 627 1437 760 1476; x_wconf 88' lang='lat' dir='ltr'>talium</span> <span class='ocrx_word' id='word_1_92' title='bbox 793 1437 986 1476; x_wconf 87' lang='lat' dir='ltr'>librorum</span> <span class='ocrx_word' id='word_1_93' title='bbox 1009 1437 1240 1475; x_wconf 86' lang='lat' dir='ltr'>auctoritate</span> <span class='ocrx_word' id='word_1_94' title='bbox 1269 1438 1343 1475; x_wconf 91' lang='lat' dir='ltr'>mi-</span> 
     </span>
     <span class='ocr_line' id='line_1_23' title="bbox 304 1494 1345 1547; baseline 0.002 -15"><span class='ocrx_word' id='word_1_95' title='bbox 304 1495 408 1533; x_wconf 89' lang='lat' dir='ltr'>nime</span> <span class='ocrx_word' id='word_1_96' title='bbox 424 1494 582 1534; x_wconf 89' lang='lat' dir='ltr'>solliciti</span> <span class='ocrx_word' id='word_1_97' title='bbox 601 1509 680 1534; x_wconf 90' lang='lat' dir='ltr'>non</span> <span class='ocrx_word' id='word_1_98' title='bbox 707 1496 822 1534; x_wconf 83' lang='lat' dir='ltr'>modo</span> <span class='ocrx_word' id='word_1_99' title='bbox 849 1510 916 1535; x_wconf 90' lang='lat' dir='ltr'>eos</span> <span class='ocrx_word' id='word_1_100' title='bbox 941 1508 1040 1547; x_wconf 92' lang='lat' dir='ltr'>quos</span> <span class='ocrx_word' id='word_1_101' title='bbox 1059 1495 1144 1534; x_wconf 83' lang='lat' dir='ltr'>dixi</span> <span class='ocrx_word' id='word_1_102' title='bbox 1170 1496 1345 1546; x_wconf 81' lang='lat' dir='ltr'>dialogos</span> 
     </span>
     <span class='ocr_line' id='line_1_24' title="bbox 305 1553 1343 1607; baseline 0.003 -17"><span class='ocrx_word' id='word_1_103' title='bbox 305 1553 525 1604; x_wconf 83' lang='lat' dir='ltr'>frequenter</span> <span class='ocrx_word' id='word_1_104' title='bbox 565 1553 878 1607; x_wconf 88' lang='lat' dir='ltr'>descripserunt,</span> <span class='ocrx_word' id='word_1_105' title='bbox 923 1554 991 1594; x_wconf 87' lang='lat' dir='ltr'>sed</span> <span class='ocrx_word' id='word_1_106' title='bbox 1044 1554 1140 1594; x_wconf 87' lang='lat' dir='ltr'>alios</span> <span class='ocrx_word' id='word_1_107' title='bbox 1187 1567 1343 1606; x_wconf 89' lang='lat' dir='ltr'>quoque</span> 
     </span>
     <span class='ocr_line' id='line_1_25' title="bbox 305 1611 1277 1663; baseline 0.002 -13"><span class='ocrx_word' id='word_1_108' title='bbox 305 1611 457 1651; x_wconf 89' lang='lat' dir='ltr'>Platoni</span> <span class='ocrx_word' id='word_1_109' title='bbox 477 1613 736 1663; x_wconf 86' lang='lat' dir='ltr'>assignarunt.</span> <span class='ocrx_word' id='word_1_110' title='bbox 756 1613 801 1652; x_wconf 88' lang='lat' dir='ltr'>In</span> <span class='ocrx_word' id='word_1_111' title='bbox 824 1614 887 1653; x_wconf 91' lang='lat' dir='ltr'>his</span> <span class='ocrx_word' id='word_1_112' title='bbox 904 1622 995 1653; x_wconf 92' lang='lat' dir='ltr'>sunt</span> <span class='ocrx_word' id='word_1_113' title='bbox 1018 1628 1026 1651; x_wconf 91' lang='lat'>:</span> <span class='ocrx_word' id='word_1_114' title='bbox 1272 1612 1277 1625; x_wconf 75' lang='lat'><strong><em>⁴</em></strong></span> 
     </span>
     <span class='ocr_line' id='line_1_26' title="bbox 412 1671 728 1724; baseline 0.003 -14"><span class='ocrx_word' id='word_1_115' title='bbox 412 1685 458 1710; x_wconf 80' lang='grc' dir='ltr'>Π.</span> <span class='ocrx_word' id='word_1_116' title='bbox 492 1671 571 1723; x_wconf 75' lang='grc' dir='ltr'>περὶ</span> <span class='ocrx_word' id='word_1_117' title='bbox 591 1673 728 1724; x_wconf 74' lang='grc' dir='ltr'>ἀρετῆς.</span> 
     </span>
     <span class='ocr_line' id='line_1_27' title="bbox 412 1729 734 1781; baseline 0.003 -13"><span class='ocrx_word' id='word_1_118' title='bbox 412 1743 457 1768; x_wconf 80' lang='lat'>12.</span> <span class='ocrx_word' id='word_1_119' title='bbox 489 1729 569 1781; x_wconf 82' lang='grc' dir='ltr'>περὶ</span> <span class='ocrx_word' id='word_1_120' title='bbox 588 1730 734 1770; x_wconf 88' lang='grc' dir='ltr'>δικαίου.</span> 
     </span>
    </p>
   </div>
   <div class='ocr_carea' id='block_1_3' title="bbox 411 866 444 1125">
    <p class='ocr_par' dir='ltr' id='par_1_4' title="bbox 411 866 444 1125">
     <span class='ocr_line' id='line_1_28' title="bbox 411 866 444 1125; textangle 90"><span class='ocrx_word' id='word_1_121' title='bbox 411 866 444 1125; x_wconf 47' lang='grc' dir='ltr'>ἕπε-νε».-</span> 
     </span>
    </p>
   </div>
   <div class='ocr_carea' id='block_1_4' title="bbox 305 1788 1345 2192">
    <p class='ocr_par' dir='ltr' id='par_1_5' title="bbox 305 1788 1345 2192">
     <span class='ocr_line' id='line_1_29' title="bbox 411 1788 573 1828; baseline -0.006 -1"><span class='ocrx_word' id='word_1_122' title='bbox 411 1800 459 1828; x_wconf 79' lang='lat'>13.</span> <span class='ocrx_word' id='word_1_123' title='bbox 489 1788 510 1826; x_wconf 82' lang='grc' dir='ltr'>ὅ</span> <span class='ocrx_word' id='word_1_124' title='bbox 531 1805 573 1827; x_wconf 91' lang='grc' dir='ltr'>οι.</span> 
     </span>
     <span class='ocr_line' id='line_1_30' title="bbox 305 1804 1344 1897; baseline -0.004 -12"><span class='ocrx_word' id='word_1_125' title='bbox 305 1846 389 1895; x_wconf 89' lang='lat' dir='ltr'>Quo</span> <span class='ocrx_word' id='word_1_126' title='bbox 427 1804 565 1885; x_wconf 59' lang='lat' dir='ltr'>factuim</span> <span class='ocrx_word' id='word_1_127' title='bbox 590 1856 664 1894; x_wconf 91' lang='lat' dir='ltr'>est,</span> <span class='ocrx_word' id='word_1_128' title='bbox 695 1855 737 1885; x_wconf 92' lang='lat' dir='ltr'>ut</span> <span class='ocrx_word' id='word_1_129' title='bbox 765 1847 880 1884; x_wconf 88' lang='lat' dir='ltr'>etiam</span> <span class='ocrx_word' id='word_1_130' title='bbox 915 1859 1018 1884; x_wconf 89' lang='lat' dir='ltr'>nunc</span> <span class='ocrx_word' id='word_1_131' title='bbox 1056 1858 1146 1897; x_wconf 87' lang='lat' dir='ltr'>pars</span> <span class='ocrx_word' id='word_1_132' title='bbox 1168 1844 1344 1882; x_wconf 90' lang='lat' dir='ltr'>codicum</span> 
     </span>
     <span class='ocr_line' id='line_1_31' title="bbox 307 1903 1343 1956; baseline -0.002 -13"><span class='ocrx_word' id='word_1_133' title='bbox 307 1915 484 1956; x_wconf 84' lang='lat' dir='ltr'>tanquam</span> <span class='ocrx_word' id='word_1_134' title='bbox 502 1906 702 1945; x_wconf 82' lang='lat' dir='ltr'>Platonica</span> <span class='ocrx_word' id='word_1_135' title='bbox 716 1907 856 1956; x_wconf 89' lang='lat' dir='ltr'>scripta</span> <span class='ocrx_word' id='word_1_136' title='bbox 873 1904 1054 1943; x_wconf 83' lang='lat' dir='ltr'>exhibeat</span> <span class='ocrx_word' id='word_1_137' title='bbox 1073 1904 1201 1955; x_wconf 86' lang='lat' dir='ltr'>primo</span> <span class='ocrx_word' id='word_1_138' title='bbox 1222 1903 1343 1941; x_wconf 83' lang='lat' dir='ltr'>Axio-</span> 
     </span>
     <span class='ocr_line' id='line_1_32' title="bbox 307 1962 1337 2014; baseline -0.004 -11"><span class='ocrx_word' id='word_1_139' title='bbox 307 1965 419 2002; x_wconf 84' lang='lat' dir='ltr'>chum</span> <span class='ocrx_word' id='word_1_140' title='bbox 434 1995 445 2013; x_wconf 91' lang='lat'>‚</span> <span class='ocrx_word' id='word_1_141' title='bbox 467 1965 606 2003; x_wconf 86' lang='lat' dir='ltr'>deinde</span> <span class='ocrx_word' id='word_1_142' title='bbox 627 1965 801 2014; x_wconf 82' lang='lat' dir='ltr'>dialogos</span> <span class='ocrx_word' id='word_1_143' title='bbox 826 1964 875 2002; x_wconf 93' lang='lat' dir='ltr'>de</span> <span class='ocrx_word' id='word_1_144' title='bbox 891 1962 997 2014; x_wconf 86' lang='lat' dir='ltr'>justo</span> <span class='ocrx_word' id='word_1_145' title='bbox 1029 1976 1073 2001; x_wconf 91' lang='lat' dir='ltr'>ac</span> <span class='ocrx_word' id='word_1_146' title='bbox 1107 1964 1153 2001; x_wconf 88' lang='lat' dir='ltr'>de</span> <span class='ocrx_word' id='word_1_147' title='bbox 1172 1962 1337 2010; x_wconf 87' lang='lat' dir='ltr'>virtute,</span> 
     </span>
     <span class='ocr_line' id='line_1_33' title="bbox 308 2020 1344 2074; baseline -0.002 -14"><span class='ocrx_word' id='word_1_148' title='bbox 308 2032 387 2062; x_wconf 84' lang='lat' dir='ltr'>tum</span> <span class='ocrx_word' id='word_1_149' title='bbox 410 2024 685 2071; x_wconf 81' lang='lat' dir='ltr'>Demodocum,</span> <span class='ocrx_word' id='word_1_150' title='bbox 709 2023 919 2074; x_wconf 86' lang='lat' dir='ltr'>Sisyphum</span> <span class='ocrx_word' id='word_1_151' title='bbox 942 2030 979 2060; x_wconf 92' lang='lat' dir='ltr'>et</span> <span class='ocrx_word' id='word_1_152' title='bbox 1002 2020 1209 2073; x_wconf 84' lang='lat' dir='ltr'>Eryxiam,</span> <span class='ocrx_word' id='word_1_153' title='bbox 1228 2021 1344 2058; x_wconf 90' lang='lat' dir='ltr'>deni-</span> 
     </span>
     <span class='ocr_line' id='line_1_34' title="bbox 307 2079 1345 2132; baseline -0.005 -11"><span class='ocrx_word' id='word_1_154' title='bbox 307 2095 381 2132; x_wconf 90' lang='lat' dir='ltr'>que</span> <span class='ocrx_word' id='word_1_155' title='bbox 410 2083 666 2121; x_wconf 85' lang='lat' dir='ltr'>definitioues.</span> <span class='ocrx_word' id='word_1_156' title='bbox 700 2082 757 2120; x_wconf 84' lang='lat' dir='ltr'>Ex</span> <span class='ocrx_word' id='word_1_157' title='bbox 803 2082 864 2120; x_wconf 90' lang='lat' dir='ltr'>his</span> <span class='ocrx_word' id='word_1_158' title='bbox 890 2080 1074 2132; x_wconf 85' lang='lat' dir='ltr'>Eryxiam</span> <span class='ocrx_word' id='word_1_159' title='bbox 1104 2080 1187 2118; x_wconf 87' lang='lat' dir='ltr'>sive</span> <span class='ocrx_word' id='word_1_160' title='bbox 1215 2079 1345 2116; x_wconf 88' lang='lat' dir='ltr'>Erasi-</span> 
     </span>
     <span class='ocr_line' id='line_1_35' title="bbox 307 2137 1343 2192; baseline -0.004 -13"><span class='ocrx_word' id='word_1_161' title='bbox 307 2149 463 2179; x_wconf 85' lang='lat' dir='ltr'>stratum</span> <span class='ocrx_word' id='word_1_162' title='bbox 478 2172 488 2192; x_wconf 90' lang='lat'>,</span> <span class='ocrx_word' id='word_1_163' title='bbox 504 2142 710 2192; x_wconf 80' lang='lat' dir='ltr'>Sisyphum</span> <span class='ocrx_word' id='word_1_164' title='bbox 725 2170 734 2188; x_wconf 93' lang='lat'>,</span> <span class='ocrx_word' id='word_1_165' title='bbox 757 2139 972 2179; x_wconf 83' lang='lat' dir='ltr'>Axiochum</span> <span class='ocrx_word' id='word_1_166' title='bbox 984 2168 993 2186; x_wconf 96' lang='lat'>‚</span> <span class='ocrx_word' id='word_1_167' title='bbox 1015 2148 1210 2191; x_wconf 89' lang='lat' dir='ltr'>postremo</span> <span class='ocrx_word' id='word_1_168' title='bbox 1227 2137 1343 2176; x_wconf 91' lang='lat' dir='ltr'>libel-</span> 
     </span>
    </p>
   </div>
   <div class='ocr_carea' id='block_1_5' title="bbox 305 2273 1346 3443">
    <p class='ocr_par' dir='ltr' id='par_1_6' title="bbox 305 2273 1344 2496">
     <span class='ocr_line' id='line_1_36' title="bbox 306 2273 1342 2319; baseline -0.005 -11"><span class='ocrx_word' id='word_1_169' title='bbox 306 2279 365 2319; x_wconf 84' lang='grc' dir='ltr'>ρεῖ,</span> <span class='ocrx_word' id='word_1_170' title='bbox 390 2277 443 2308; x_wconf 88' lang='grc' dir='ltr'>καί</span> <span class='ocrx_word' id='word_1_171' title='bbox 462 2288 554 2313; x_wconf 84' lang='grc' dir='ltr'>τινες.</span> <span class='ocrx_word' id='word_1_172' title='bbox 579 2294 618 2299; x_wconf 96' lang='grc'>-</span> <span class='ocrx_word' id='word_1_173' title='bbox 638 2275 705 2318; x_wconf 82' lang='grc'>(41)</span> <span class='ocrx_word' id='word_1_174' title='bbox 724 2275 885 2316; x_wconf 80' lang='lat' dir='ltr'>Diogenes</span> <span class='ocrx_word' id='word_1_175' title='bbox 908 2274 1059 2308; x_wconf 78' lang='lat' dir='ltr'>Laertius</span> <span class='ocrx_word' id='word_1_176' title='bbox 1085 2274 1141 2306; x_wconf 85' lang='lat' dir='ltr'>lib.</span> <span class='ocrx_word' id='word_1_177' title='bbox 1168 2275 1231 2312; x_wconf 86' lang='lat' dir='ltr'><strong>III,</strong></span> <span class='ocrx_word' id='word_1_178' title='bbox 1253 2275 1272 2304; x_wconf 82' lang='lat'>4</span> <span class='ocrx_word' id='word_1_179' title='bbox 1289 2273 1342 2304; x_wconf 88' lang='grc' dir='ltr'>καὶ</span> 
     </span>
     <span class='ocr_line' id='line_1_37' title="bbox 305 2320 1343 2365; baseline -0.005 -10"><span class='ocrx_word' id='word_1_180' title='bbox 305 2324 465 2365; x_wconf 81' lang='grc' dir='ltr'>ποιήματα</span> <span class='ocrx_word' id='word_1_181' title='bbox 489 2323 626 2365; x_wconf 81' lang='grc' dir='ltr'>γράψαι,</span> <span class='ocrx_word' id='word_1_182' title='bbox 656 2326 779 2365; x_wconf 85' lang='grc' dir='ltr'>πρῶτον</span> <span class='ocrx_word' id='word_1_183' title='bbox 808 2322 862 2363; x_wconf 83' lang='grc' dir='ltr'>μὲν</span> <span class='ocrx_word' id='word_1_184' title='bbox 893 2321 1115 2363; x_wconf 69' lang='grc' dir='ltr'>διθυράμβους,</span> <span class='ocrx_word' id='word_1_185' title='bbox 1144 2320 1254 2352; x_wconf 81' lang='grc' dir='ltr'>ἔπειτα</span> <span class='ocrx_word' id='word_1_186' title='bbox 1287 2320 1343 2351; x_wconf 81' lang='grc' dir='ltr'>καὶ</span> 
     </span>
     <span class='ocr_line' id='line_1_38' title="bbox 308 2367 1344 2412; baseline -0.003 -10"><span class='ocrx_word' id='word_1_187' title='bbox 308 2370 383 2408; x_wconf 73' lang='grc' dir='ltr'>ιιὲλη</span> <span class='ocrx_word' id='word_1_188' title='bbox 400 2372 452 2402; x_wconf 82' lang='grc' dir='ltr'>καὶ</span> <span class='ocrx_word' id='word_1_189' title='bbox 468 2369 779 2412; x_wconf 62' lang='grc' dir='ltr'>τραγῳδίας-(42)</span> <span class='ocrx_word' id='word_1_190' title='bbox 796 2369 998 2402; x_wconf 83' lang='lat' dir='ltr'>Tribuuntur</span> <span class='ocrx_word' id='word_1_191' title='bbox 1013 2369 1123 2402; x_wconf 83' lang='lat' dir='ltr'>tamen</span> <span class='ocrx_word' id='word_1_192' title='bbox 1139 2367 1172 2400; x_wconf 87' lang='lat' dir='ltr'>ei</span> <span class='ocrx_word' id='word_1_193' title='bbox 1185 2367 1344 2409; x_wconf 84' lang='lat' dir='ltr'>epigram-</span> 
     </span>
     <span class='ocr_line' id='line_1_39' title="bbox 306 2415 1343 2459; baseline -0.003 -9"><span class='ocrx_word' id='word_1_194' title='bbox 306 2419 405 2459; x_wconf 79' lang='lat' dir='ltr'>mata,</span> <span class='ocrx_word' id='word_1_195' title='bbox 419 2426 493 2457; x_wconf 82' lang='lat' dir='ltr'>quae</span> <span class='ocrx_word' id='word_1_196' title='bbox 505 2415 634 2457; x_wconf 72' lang='lat' dir='ltr'>collegit</span> <span class='ocrx_word' id='word_1_197' title='bbox 648 2416 707 2449; x_wconf 88' lang='lat' dir='ltr'>Th.</span> <span class='ocrx_word' id='word_1_198' title='bbox 723 2416 880 2457; x_wconf 73' lang='lat' dir='ltr'>Bengkius</span> <span class='ocrx_word' id='word_1_199' title='bbox 893 2417 986 2450; x_wconf 85' lang='lat' dir='ltr'>Poet.</span> <span class='ocrx_word' id='word_1_200' title='bbox 1000 2417 1076 2456; x_wconf 83' lang='lat' dir='ltr'>Lyr.</span> <span class='ocrx_word' id='word_1_201' title='bbox 1096 2416 1201 2449; x_wconf 81' lang='lat' dir='ltr'>Graec.</span> <span class='ocrx_word' id='word_1_202' title='bbox 1218 2424 1249 2456; x_wconf 91' lang='lat' dir='ltr'>p.</span> <span class='ocrx_word' id='word_1_203' title='bbox 1265 2417 1343 2448; x_wconf 81' lang='grc'>489-</span> 
     </span>
     <span class='ocr_line' id='line_1_40' title="bbox 307 2466 441 2496; baseline 0 0"><span class='ocrx_word' id='word_1_204' title='bbox 307 2466 378 2496; x_wconf 76' lang='lat'>496.</span> <span class='ocrx_word' id='word_1_205' title='bbox 399 2481 441 2487; x_wconf 90' lang='lat'>—</span> 
     </span>
    </p>

    <p class='ocr_par' dir='ltr' id='par_1_7' title="bbox 305 2504 1346 3443">
     <span class='ocr_line' id='line_1_41' title="bbox 350 2504 1343 2553; baseline -0.001 -10"><span class='ocrx_word' id='word_1_206' title='bbox 350 2504 417 2553; x_wconf 73' lang='lat'>(43)</span> <span class='ocrx_word' id='word_1_207' title='bbox 433 2509 591 2551; x_wconf 81' lang='lat' dir='ltr'>Diogenes</span> <span class='ocrx_word' id='word_1_208' title='bbox 620 2510 767 2542; x_wconf 84' lang='lat' dir='ltr'>Laertius</span> <span class='ocrx_word' id='word_1_209' title='bbox 798 2510 854 2542; x_wconf 90' lang='lat' dir='ltr'>lib.</span> <span class='ocrx_word' id='word_1_210' title='bbox 876 2513 937 2550; x_wconf 90' lang='lat' dir='ltr'>III,</span> <span class='ocrx_word' id='word_1_211' title='bbox 963 2515 1001 2542; x_wconf 87' lang='grc'>62</span> <span class='ocrx_word' id='word_1_212' title='bbox 1026 2511 1200 2542; x_wconf 77' lang='grc' dir='ltr'>νοθεύονται</span> <span class='ocrx_word' id='word_1_213' title='bbox 1229 2510 1262 2542; x_wconf 87' lang='grc' dir='ltr'>δὲ</span> <span class='ocrx_word' id='word_1_214' title='bbox 1281 2514 1343 2542; x_wconf 86' lang='grc' dir='ltr'>τῶν</span> 
     </span>
     <span class='ocr_line' id='line_1_42' title="bbox 307 2556 1344 2598; baseline 0 -9"><span class='ocrx_word' id='word_1_215' title='bbox 307 2556 457 2598; x_wconf 83' lang='grc' dir='ltr'>διαλόγων</span> <span class='ocrx_word' id='word_1_216' title='bbox 474 2557 745 2598; x_wconf 78' lang='grc' dir='ltr'>ὁμολογουμένως,</span> <span class='ocrx_word' id='word_1_217' title='bbox 762 2557 870 2589; x_wconf 87' lang='grc' dir='ltr'>Μίδων</span> <span class='ocrx_word' id='word_1_218' title='bbox 884 2582 893 2598; x_wconf 89' lang='grc'>,</span> <span class='ocrx_word' id='word_1_219' title='bbox 919 2559 938 2595; x_wconf 88' lang='grc' dir='ltr'>ἢ</span> <span class='ocrx_word' id='word_1_220' title='bbox 963 2557 1166 2598; x_wconf 82' lang='grc' dir='ltr'>Ἱπποτρόφος</span> <span class='ocrx_word' id='word_1_221' title='bbox 1179 2582 1187 2597; x_wconf 89' lang='grc'><strong><em>,</em></strong></span> <span class='ocrx_word' id='word_1_222' title='bbox 1206 2557 1344 2598; x_wconf 80' lang='grc' dir='ltr'>Ἐρυξίας</span> 
     </span>
     <span class='ocr_line' id='line_1_43' title="bbox 307 2603 1343 2647; baseline 0.002 -12"><span class='ocrx_word' id='word_1_223' title='bbox 307 2603 598 2647; x_wconf 64' lang='grc' dir='ltr'>ἢζΕρασίστρατος,</span> <span class='ocrx_word' id='word_1_224' title='bbox 619 2603 755 2636; x_wconf 79' lang='grc' dir='ltr'>Ἀλκυών</span> <span class='ocrx_word' id='word_1_225' title='bbox 765 2627 775 2643; x_wconf 90' lang='grc'><strong><em>,</em></strong></span> <span class='ocrx_word' id='word_1_226' title='bbox 790 2605 956 2642; x_wconf 85' lang='grc' dir='ltr'>Ἀκέφαλος</span> <span class='ocrx_word' id='word_1_227' title='bbox 971 2605 990 2642; x_wconf 89' lang='grc' dir='ltr'><strong>ἢ</strong></span> <span class='ocrx_word' id='word_1_228' title='bbox 1013 2604 1163 2645; x_wconf 79' lang='grc' dir='ltr'>Σίσυφος,</span> <span class='ocrx_word' id='word_1_229' title='bbox 1192 2603 1343 2646; x_wconf 77' lang='grc' dir='ltr'>Ἀξίοχος,</span> 
     </span>
     <span class='ocr_line' id='line_1_44' title="bbox 308 2650 1345 2693; baseline 0 -9"><span class='ocrx_word' id='word_1_230' title='bbox 308 2650 447 2688; x_wconf 77' lang='grc' dir='ltr'>Φαίακες</span> <span class='ocrx_word' id='word_1_231' title='bbox 460 2674 469 2689; x_wconf 91' lang='grc'><em>,</em></span> <span class='ocrx_word' id='word_1_232' title='bbox 491 2650 694 2692; x_wconf 78' lang='grc' dir='ltr'>Δημόδοκος,</span> <span class='ocrx_word' id='word_1_233' title='bbox 713 2650 852 2683; x_wconf 80' lang='grc' dir='ltr'>Χελιδών</span> <span class='ocrx_word' id='word_1_234' title='bbox 865 2675 873 2691; x_wconf 89' lang='grc'>,</span> <span class='ocrx_word' id='word_1_235' title='bbox 899 2651 1056 2693; x_wconf 79' lang='grc' dir='ltr'>Ἑὸδὸμη,</span> <span class='ocrx_word' id='word_1_236' title='bbox 1077 2651 1282 2693; x_wconf 69' lang='grc' dir='ltr'>Ἐπιμενίδης</span> <span class='ocrx_word' id='word_1_237' title='bbox 1302 2653 1345 2685; x_wconf 87' lang='grc' dir='ltr'>ὧν</span> 
     </span>
     <span class='ocr_line' id='line_1_45' title="bbox 309 2696 1346 2742; baseline 0.002 -11"><span class='ocrx_word' id='word_1_238' title='bbox 309 2699 329 2736; x_wconf 80' lang='grc' dir='ltr'>ἡ</span> <span class='ocrx_word' id='word_1_239' title='bbox 348 2696 485 2732; x_wconf 79' lang='grc' dir='ltr'>’Δλκυὼν</span> <span class='ocrx_word' id='word_1_240' title='bbox 497 2696 632 2733; x_wconf 83' lang='grc' dir='ltr'>Λέοντός</span> <span class='ocrx_word' id='word_1_241' title='bbox 645 2707 727 2733; x_wconf 88' lang='grc' dir='ltr'>τινος</span> <span class='ocrx_word' id='word_1_242' title='bbox 743 2697 821 2729; x_wconf 85' lang='grc' dir='ltr'>εἶναι</span> <span class='ocrx_word' id='word_1_243' title='bbox 839 2698 944 2738; x_wconf 81' lang='grc' dir='ltr'>δοκεῖ,</span> <span class='ocrx_word' id='word_1_244' title='bbox 966 2699 1050 2731; x_wconf 82' lang='grc' dir='ltr'>καθά</span> <span class='ocrx_word' id='word_1_245' title='bbox 1067 2710 1144 2740; x_wconf 87' lang='grc' dir='ltr'>φησι</span> <span class='ocrx_word' id='word_1_246' title='bbox 1160 2700 1346 2742; x_wconf 77' lang='grc' dir='ltr'>Φαὸωρῖνος</span> 
     </span>
     <span class='ocr_line' id='line_1_46' title="bbox 309 2742 1345 2785; baseline 0.004 -9"><span class='ocrx_word' id='word_1_247' title='bbox 309 2746 341 2777; x_wconf 83' lang='grc' dir='ltr'>ἐν</span> <span class='ocrx_word' id='word_1_248' title='bbox 359 2747 404 2785; x_wconf 88' lang='grc' dir='ltr'>τῷ</span> <span class='ocrx_word' id='word_1_249' title='bbox 417 2744 548 2785; x_wconf 84' lang='grc' dir='ltr'>πέμπτῳ</span> <span class='ocrx_word' id='word_1_250' title='bbox 569 2746 632 2776; x_wconf 86' lang='grc' dir='ltr'>τῶν</span> <span class='ocrx_word' id='word_1_251' title='bbox 653 2742 1008 2784; x_wconf 70' lang='grc' dir='ltr'>Ἀπομνημονευμάτων.</span> <span class='ocrx_word' id='word_1_252' title='bbox 1033 2746 1209 2779; x_wconf 77' lang='lat' dir='ltr'>Athenaeus</span> <span class='ocrx_word' id='word_1_253' title='bbox 1226 2745 1282 2779; x_wconf 87' lang='lat' dir='ltr'>lib.</span> <span class='ocrx_word' id='word_1_254' title='bbox 1302 2748 1345 2780; x_wconf 86' lang='lat' dir='ltr'>XI</span> 
     </span>
     <span class='ocr_line' id='line_1_47' title="bbox 309 2790 1346 2834; baseline 0.002 -10"><span class='ocrx_word' id='word_1_255' title='bbox 309 2801 340 2833; x_wconf 90' lang='lat' dir='ltr'>p.</span> <span class='ocrx_word' id='word_1_256' title='bbox 361 2795 431 2823; x_wconf 79' lang='lat'>506.</span> <span class='ocrx_word' id='word_1_257' title='bbox 450 2799 480 2822; x_wconf 85' lang='lat' dir='ltr'>c.</span> <span class='ocrx_word' id='word_1_258' title='bbox 499 2792 542 2827; x_wconf 83' lang='grc' dir='ltr'>ὡς</span> <span class='ocrx_word' id='word_1_259' title='bbox 557 2791 609 2822; x_wconf 90' lang='grc' dir='ltr'>καὶ</span> <span class='ocrx_word' id='word_1_260' title='bbox 626 2792 646 2828; x_wconf 89' lang='grc' dir='ltr'>ἡ</span> <span class='ocrx_word' id='word_1_261' title='bbox 660 2790 801 2823; x_wconf 88' lang='grc' dir='ltr'>Ἀλκυὼν</span> <span class='ocrx_word' id='word_1_262' title='bbox 818 2791 948 2827; x_wconf 83' lang='grc' dir='ltr'>Λέοντος</span> <span class='ocrx_word' id='word_1_263' title='bbox 972 2794 1028 2824; x_wconf 82' lang='grc' dir='ltr'>τοῦ</span> <span class='ocrx_word' id='word_1_264' title='bbox 1043 2790 1286 2834; x_wconf 78' lang='grc' dir='ltr'>Ἀκαδημαϊκοῦ,</span> <span class='ocrx_word' id='word_1_265' title='bbox 1303 2794 1346 2832; x_wconf 82' lang='grc' dir='ltr'>ὥς</span> 
     </span>
     <span class='ocr_line' id='line_1_48' title="bbox 309 2835 1342 2881; baseline 0.002 -10"><span class='ocrx_word' id='word_1_266' title='bbox 309 2850 384 2879; x_wconf 83' lang='grc' dir='ltr'>φησι</span> <span class='ocrx_word' id='word_1_267' title='bbox 401 2838 510 2874; x_wconf 87' lang='grc' dir='ltr'>Νικίας</span> <span class='ocrx_word' id='word_1_268' title='bbox 538 2838 556 2868; x_wconf 82' lang='grc' dir='ltr'>ὁ</span> <span class='ocrx_word' id='word_1_269' title='bbox 582 2837 718 2874; x_wconf 77' lang='grc' dir='ltr'>Νικαεὺς</span> <span class='ocrx_word' id='word_1_270' title='bbox 742 2835 838 2879; x_wconf 78' lang='grc' dir='ltr'>[εἶναι</span> <span class='ocrx_word' id='word_1_271' title='bbox 868 2837 1018 2879; x_wconf 87' lang='grc' dir='ltr'>λέγεται].</span> <span class='ocrx_word' id='word_1_272' title='bbox 1038 2858 1073 2862; x_wconf 88' lang='grc'>-</span> <span class='ocrx_word' id='word_1_273' title='bbox 1101 2838 1167 2881; x_wconf 83' lang='grc'>(44)</span> <span class='ocrx_word' id='word_1_274' title='bbox 1190 2840 1240 2872; x_wconf 80' lang='lat' dir='ltr'>Cf.</span> <span class='ocrx_word' id='word_1_275' title='bbox 1260 2840 1342 2875; x_wconf 84' lang='lat' dir='ltr'>Phil.</span> 
     </span>
     <span class='ocr_line' id='line_1_49' title="bbox 311 2884 1346 2927; baseline 0.004 -9"><span class='ocrx_word' id='word_1_276' title='bbox 311 2888 414 2918; x_wconf 81' lang='lat' dir='ltr'>Graec.</span> <span class='ocrx_word' id='word_1_277' title='bbox 437 2887 568 2926; x_wconf 75' lang='lat' dir='ltr'>Fragm.</span> <span class='ocrx_word' id='word_1_278' title='bbox 594 2884 667 2916; x_wconf 89' lang='lat' dir='ltr'>Vol.</span> <span class='ocrx_word' id='word_1_279' title='bbox 699 2886 733 2917; x_wconf 94' lang='grc' dir='ltr'><em>Π</em></span> <span class='ocrx_word' id='word_1_280' title='bbox 760 2894 834 2926; x_wconf 84' lang='lat' dir='ltr'>pag.</span> <span class='ocrx_word' id='word_1_281' title='bbox 866 2887 1014 2918; x_wconf 82' lang='lat'>139-142.</span> <span class='ocrx_word' id='word_1_282' title='bbox 1036 2904 1076 2909; x_wconf 94' lang='lat'><strong>—</strong></span> <span class='ocrx_word' id='word_1_283' title='bbox 1102 2887 1168 2927; x_wconf 78' lang='lat'>(45)</span> <span class='ocrx_word' id='word_1_284' title='bbox 1197 2887 1346 2922; x_wconf 80' lang='lat' dir='ltr'>Clemens</span> 
     </span>
     <span class='ocr_line' id='line_1_50' title="bbox 311 2931 1345 2977; baseline 0.003 -12"><span class='ocrx_word' id='word_1_285' title='bbox 311 2931 545 2965; x_wconf 69' lang='lat' dir='ltr'>Alexandrinus</span> <span class='ocrx_word' id='word_1_286' title='bbox 565 2932 684 2964; x_wconf 83' lang='lat' dir='ltr'>Strom.</span> <span class='ocrx_word' id='word_1_287' title='bbox 714 2931 769 2964; x_wconf 88' lang='lat' dir='ltr'>lib.</span> <span class='ocrx_word' id='word_1_288' title='bbox 790 2934 806 2964; x_wconf 94' lang='grc' dir='ltr'><strong>Ι</strong></span> <span class='ocrx_word' id='word_1_289' title='bbox 831 2940 904 2973; x_wconf 87' lang='lat' dir='ltr'>pag.</span> <span class='ocrx_word' id='word_1_290' title='bbox 930 2934 990 2965; x_wconf 82' lang='lat'>315</span> <span class='ocrx_word' id='word_1_291' title='bbox 1009 2932 1062 2966; x_wconf 89' lang='lat' dir='ltr'>ed.</span> <span class='ocrx_word' id='word_1_292' title='bbox 1085 2933 1173 2975; x_wconf 82' lang='lat' dir='ltr'>sylb.</span> <span class='ocrx_word' id='word_1_293' title='bbox 1207 2936 1266 2968; x_wconf 81' lang='grc' dir='ltr'>εἰσὶ</span> <span class='ocrx_word' id='word_1_294' title='bbox 1286 2937 1345 2977; x_wconf 86' lang='grc' dir='ltr'>γὰρ</span> 
     </span>
     <span class='ocr_line' id='line_1_51' title="bbox 309 2976 1343 3021; baseline 0.007 -14"><span class='ocrx_word' id='word_1_295' title='bbox 309 2976 357 3015; x_wconf 82' lang='grc' dir='ltr'>δή,</span> <span class='ocrx_word' id='word_1_296' title='bbox 370 2978 412 3014; x_wconf 88' lang='grc' dir='ltr'>ὥς</span> <span class='ocrx_word' id='word_1_297' title='bbox 428 2989 517 3018; x_wconf 82' lang='grc' dir='ltr'>φασι,</span> <span class='ocrx_word' id='word_1_298' title='bbox 532 2981 604 3021; x_wconf 89' lang='grc' dir='ltr'>περὶ</span> <span class='ocrx_word' id='word_1_299' title='bbox 616 2980 673 3017; x_wconf 83' lang='grc' dir='ltr'>τὰς</span> <span class='ocrx_word' id='word_1_300' title='bbox 682 2979 807 3017; x_wconf 82' lang='grc' dir='ltr'>τελετὰς</span> <span class='ocrx_word' id='word_1_301' title='bbox 820 2979 1042 3020; x_wconf 81' lang='grc' dir='ltr'>ναρθηκοφόροι</span> <span class='ocrx_word' id='word_1_302' title='bbox 1058 2979 1113 3019; x_wconf 83' lang='grc' dir='ltr'>μὲν</span> <span class='ocrx_word' id='word_1_303' title='bbox 1126 2981 1246 3018; x_wconf 82' lang='grc' dir='ltr'>πολλοί,</span> <span class='ocrx_word' id='word_1_304' title='bbox 1260 2982 1343 3014; x_wconf 85' lang='grc' dir='ltr'><strong>Βάκ·</strong></span> 
     </span>
     <span class='ocr_line' id='line_1_52' title="bbox 309 3025 1345 3068; baseline 0.006 -13"><span class='ocrx_word' id='word_1_305' title='bbox 309 3034 361 3061; x_wconf 72' lang='grc' dir='ltr'>χοι</span> <span class='ocrx_word' id='word_1_306' title='bbox 389 3025 421 3056; x_wconf 86' lang='grc' dir='ltr'>δέ</span> <span class='ocrx_word' id='word_1_307' title='bbox 436 3036 471 3058; x_wconf 84' lang='grc' dir='ltr'>τε</span> <span class='ocrx_word' id='word_1_308' title='bbox 498 3030 632 3064; x_wconf 82' lang='grc' dir='ltr'>παῦοοι.</span> <span class='ocrx_word' id='word_1_309' title='bbox 660 3027 794 3063; x_wconf 78' lang='grc' dir='ltr'>πολλοὺς</span> <span class='ocrx_word' id='word_1_310' title='bbox 821 3026 876 3064; x_wconf 83' lang='grc' dir='ltr'>μὲν</span> <span class='ocrx_word' id='word_1_311' title='bbox 905 3026 976 3062; x_wconf 82' lang='grc' dir='ltr'>τοὺς</span> <span class='ocrx_word' id='word_1_312' title='bbox 995 3026 1143 3067; x_wconf 76' lang='grc' dir='ltr'>κλητούς,</span> <span class='ocrx_word' id='word_1_313' title='bbox 1162 3027 1286 3068; x_wconf 82' lang='grc' dir='ltr'>ὀλίγους</span> <span class='ocrx_word' id='word_1_314' title='bbox 1310 3029 1345 3061; x_wconf 81' lang='grc' dir='ltr'>δὲ</span> 
     </span>
     <span class='ocr_line' id='line_1_53' title="bbox 309 3069 1345 3114; baseline 0.003 -12"><span class='ocrx_word' id='word_1_315' title='bbox 309 3069 382 3106; x_wconf 80' lang='grc' dir='ltr'>τοὺς</span> <span class='ocrx_word' id='word_1_316' title='bbox 402 3070 562 3105; x_wconf 75' lang='grc' dir='ltr'>ἐκλεκτοὺς</span> <span class='ocrx_word' id='word_1_317' title='bbox 581 3069 800 3110; x_wconf 81' lang='grc' dir='ltr'>αἰνιττόμενος.</span> <span class='ocrx_word' id='word_1_318' title='bbox 821 3071 974 3112; x_wconf 85' lang='grc' dir='ltr'>Ἑπιφέρει</span> <span class='ocrx_word' id='word_1_319' title='bbox 992 3074 1065 3111; x_wconf 84' lang='grc' dir='ltr'>γοῦν</span> <span class='ocrx_word' id='word_1_320' title='bbox 1081 3076 1197 3114; x_wconf 81' lang='grc' dir='ltr'>σαφῶς·</span> <span class='ocrx_word' id='word_1_321' title='bbox 1215 3075 1299 3109; x_wconf 71' lang='grc' dir='ltr'>οὗτοι</span> <span class='ocrx_word' id='word_1_322' title='bbox 1313 3080 1345 3110; x_wconf 74' lang='grc' dir='ltr'>δε</span> 
     </span>
     <span class='ocr_line' id='line_1_54' title="bbox 307 3115 1344 3164; baseline 0.009 -16"><span class='ocrx_word' id='word_1_323' title='bbox 307 3118 367 3148; x_wconf 87' lang='grc' dir='ltr'>εἰσι</span> <span class='ocrx_word' id='word_1_324' title='bbox 379 3140 386 3154; x_wconf 86' lang='grc'>,</span> <span class='ocrx_word' id='word_1_325' title='bbox 403 3115 485 3147; x_wconf 84' lang='grc' dir='ltr'>κατὰ</span> <span class='ocrx_word' id='word_1_326' title='bbox 499 3117 554 3154; x_wconf 80' lang='grc' dir='ltr'>τὴν</span> <span class='ocrx_word' id='word_1_327' title='bbox 574 3115 650 3154; x_wconf 81' lang='grc' dir='ltr'>ἐμὴν</span> <span class='ocrx_word' id='word_1_328' title='bbox 670 3116 772 3156; x_wconf 82' lang='grc' dir='ltr'>δόξαν,</span> <span class='ocrx_word' id='word_1_329' title='bbox 792 3116 849 3148; x_wconf 82' lang='grc' dir='ltr'>οὐκ</span> <span class='ocrx_word' id='word_1_330' title='bbox 866 3116 953 3150; x_wconf 80' lang='grc' dir='ltr'>ἄλλοι</span> <span class='ocrx_word' id='word_1_331' title='bbox 977 3119 996 3157; x_wconf 86' lang='grc' dir='ltr'>ἢ</span> <span class='ocrx_word' id='word_1_332' title='bbox 1020 3120 1049 3151; x_wconf 86' lang='grc' dir='ltr'>οἱ</span> <span class='ocrx_word' id='word_1_333' title='bbox 1068 3121 1344 3164; x_wconf 74' lang='grc' dir='ltr'>πεφιλοσοφηκότες</span> 
     </span>
     <span class='ocr_line' id='line_1_55' title="bbox 308 3163 1344 3205; baseline 0.007 -12"><span class='ocrx_word' id='word_1_334' title='bbox 308 3164 415 3205; x_wconf 82' lang='grc' dir='ltr'>ὀρθῶς·</span> <span class='ocrx_word' id='word_1_335' title='bbox 437 3163 480 3194; x_wconf 88' lang='grc' dir='ltr'>ὧν</span> <span class='ocrx_word' id='word_1_336' title='bbox 495 3164 532 3201; x_wconf 87' lang='grc' dir='ltr'>δὴ</span> <span class='ocrx_word' id='word_1_337' title='bbox 549 3163 658 3202; x_wconf 83' lang='grc' dir='ltr'>κάγώ,</span> <span class='ocrx_word' id='word_1_338' title='bbox 676 3163 757 3195; x_wconf 87' lang='grc' dir='ltr'>κατά</span> <span class='ocrx_word' id='word_1_339' title='bbox 773 3174 809 3204; x_wconf 87' lang='grc' dir='ltr'>γε</span> <span class='ocrx_word' id='word_1_340' title='bbox 826 3164 861 3195; x_wconf 87' lang='grc' dir='ltr'>τὸ</span> <span class='ocrx_word' id='word_1_341' title='bbox 877 3164 1021 3205; x_wconf 85' lang='grc' dir='ltr'>δυνατόν,</span> <span class='ocrx_word' id='word_1_342' title='bbox 1043 3165 1129 3198; x_wconf 81' lang='grc' dir='ltr'>οὐδὲν</span> <span class='ocrx_word' id='word_1_343' title='bbox 1149 3168 1297 3203; x_wconf 80' lang='grc' dir='ltr'>ἀπέλιπον</span> <span class='ocrx_word' id='word_1_344' title='bbox 1314 3173 1344 3204; x_wconf 70' lang='grc' dir='ltr'>ἐν</span> 
     </span>
     <span class='ocr_line' id='line_1_56' title="bbox 305 3209 1343 3259; baseline 0.009 -18"><span class='ocrx_word' id='word_1_345' title='bbox 305 3213 351 3251; x_wconf 84' lang='grc' dir='ltr'>τῷ</span> <span class='ocrx_word' id='word_1_346' title='bbox 371 3209 449 3251; x_wconf 80' lang='grc' dir='ltr'>βίῳ,</span> <span class='ocrx_word' id='word_1_347' title='bbox 466 3209 544 3242; x_wconf 79' lang='grc' dir='ltr'>ἀλλὰ</span> <span class='ocrx_word' id='word_1_348' title='bbox 557 3209 647 3241; x_wconf 84' lang='grc' dir='ltr'>παντὶ</span> <span class='ocrx_word' id='word_1_349' title='bbox 664 3209 768 3251; x_wconf 85' lang='grc' dir='ltr'>τρόπῳ</span> <span class='ocrx_word' id='word_1_350' title='bbox 783 3211 1000 3253; x_wconf 83' lang='grc' dir='ltr'>προύθυμήθην</span> <span class='ocrx_word' id='word_1_351' title='bbox 1016 3214 1168 3252; x_wconf 82' lang='grc' dir='ltr'>γενέσθαι.</span> <span class='ocrx_word' id='word_1_352' title='bbox 1191 3217 1227 3248; x_wconf 83' lang='grc' dir='ltr'>Εἰ</span> <span class='ocrx_word' id='word_1_353' title='bbox 1246 3217 1278 3249; x_wconf 85' lang='grc' dir='ltr'>δὲ</span> <span class='ocrx_word' id='word_1_354' title='bbox 1291 3218 1343 3259; x_wconf 89' lang='grc' dir='ltr'>ὀρ-</span> 
     </span>
     <span class='ocr_line' id='line_1_57' title="bbox 307 3257 1343 3306; baseline 0.009 -18"><span class='ocrx_word' id='word_1_355' title='bbox 307 3258 366 3292; x_wconf 85' lang='grc' dir='ltr'>θῶς</span> <span class='ocrx_word' id='word_1_356' title='bbox 389 3257 604 3298; x_wconf 73' lang='grc' dir='ltr'>προῦθυμήθην</span> <span class='ocrx_word' id='word_1_357' title='bbox 624 3257 677 3289; x_wconf 82' lang='grc' dir='ltr'>καὶ</span> <span class='ocrx_word' id='word_1_358' title='bbox 696 3257 725 3288; x_wconf 90' lang='grc' dir='ltr'>τί</span> <span class='ocrx_word' id='word_1_359' title='bbox 740 3257 915 3299; x_wconf 77' lang='grc' dir='ltr'>ἠνύσαμεν,</span> <span class='ocrx_word' id='word_1_360' title='bbox 933 3260 1035 3293; x_wconf 82' lang='grc' dir='ltr'>ἐκεῖσε</span> <span class='ocrx_word' id='word_1_361' title='bbox 1051 3260 1185 3298; x_wconf 80' lang='grc' dir='ltr'>ἐλθόντες</span> <span class='ocrx_word' id='word_1_362' title='bbox 1201 3264 1235 3295; x_wconf 84' lang='grc' dir='ltr'>τὸ</span> <span class='ocrx_word' id='word_1_363' title='bbox 1252 3266 1343 3306; x_wconf 81' lang='grc' dir='ltr'>σαφὲς</span> 
     </span>
     <span class='ocr_line' id='line_1_58' title="bbox 307 3303 1342 3349; baseline 0.009 -14"><span class='ocrx_word' id='word_1_364' title='bbox 307 3303 470 3345; x_wconf 78' lang='grc' dir='ltr'>εἰσόμεθα,</span> <span class='ocrx_word' id='word_1_365' title='bbox 486 3303 541 3336; x_wconf 84' lang='grc' dir='ltr'>ἐὰν</span> <span class='ocrx_word' id='word_1_366' title='bbox 561 3305 626 3341; x_wconf 83' lang='grc' dir='ltr'>θεὸς</span> <span class='ocrx_word' id='word_1_367' title='bbox 645 3304 715 3345; x_wconf 82' lang='grc' dir='ltr'>θέλῃ</span> <span class='ocrx_word' id='word_1_368' title='bbox 728 3329 736 3344; x_wconf 91' lang='grc'>,</span> <span class='ocrx_word' id='word_1_369' title='bbox 757 3304 858 3345; x_wconf 84' lang='grc' dir='ltr'>ὀλίγον</span> <span class='ocrx_word' id='word_1_370' title='bbox 874 3306 1013 3349; x_wconf 78' lang='grc' dir='ltr'>ὕστερον.</span> <span class='ocrx_word' id='word_1_371' title='bbox 1037 3306 1101 3349; x_wconf 75' lang='grc' dir='ltr'>Ἆρ’</span> <span class='ocrx_word' id='word_1_372' title='bbox 1123 3308 1160 3341; x_wconf 78' lang='grc' dir='ltr'>οὗ</span> <span class='ocrx_word' id='word_1_373' title='bbox 1181 3310 1266 3343; x_wconf 81' lang='grc' dir='ltr'>δοκεῖ</span> <span class='ocrx_word' id='word_1_374' title='bbox 1293 3323 1342 3345; x_wconf 86' lang='grc' dir='ltr'>σοι</span> 
     </span>
     <span class='ocr_line' id='line_1_59' title="bbox 307 3351 1342 3394; baseline 0.008 -11"><span class='ocrx_word' id='word_1_375' title='bbox 307 3351 441 3388; x_wconf 86' lang='grc' dir='ltr'>πίστεως</span> <span class='ocrx_word' id='word_1_376' title='bbox 465 3351 502 3384; x_wconf 80' lang='grc' dir='ltr'>ἐκ</span> <span class='ocrx_word' id='word_1_377' title='bbox 518 3354 580 3384; x_wconf 79' lang='grc' dir='ltr'>τῶν</span> <span class='ocrx_word' id='word_1_378' title='bbox 596 3351 749 3394; x_wconf 75' lang='grc' dir='ltr'>ἑὸραῑκῶν</span> <span class='ocrx_word' id='word_1_379' title='bbox 768 3356 892 3394; x_wconf 77' lang='grc' dir='ltr'>γραφῶν</span> <span class='ocrx_word' id='word_1_380' title='bbox 911 3354 966 3392; x_wconf 83' lang='grc' dir='ltr'>τὴν</span> <span class='ocrx_word' id='word_1_381' title='bbox 985 3355 1062 3394; x_wconf 84' lang='grc' dir='ltr'>μετὰ</span> <span class='ocrx_word' id='word_1_382' title='bbox 1088 3355 1216 3389; x_wconf 82' lang='grc' dir='ltr'>θάνατον</span> <span class='ocrx_word' id='word_1_383' title='bbox 1236 3358 1342 3391; x_wconf 82' lang='grc' dir='ltr'>ἐλπίδα</span> 
     </span>
     <span class='ocr_line' id='line_1_60' title="bbox 309 3397 1339 3443; baseline 0.009 -16"><span class='ocrx_word' id='word_1_384' title='bbox 309 3400 363 3428; x_wconf 85' lang='grc' dir='ltr'>τοῦ</span> <span class='ocrx_word' id='word_1_385' title='bbox 382 3397 502 3431; x_wconf 81' lang='grc' dir='ltr'>δικαίου</span> <span class='ocrx_word' id='word_1_386' title='bbox 521 3399 711 3439; x_wconf 83' lang='grc' dir='ltr'>σαφηνίζειν;</span> <span class='ocrx_word' id='word_1_387' title='bbox 733 3400 798 3432; x_wconf 82' lang='grc' dir='ltr'>Κάν</span> <span class='ocrx_word' id='word_1_388' title='bbox 812 3403 856 3441; x_wconf 84' lang='grc' dir='ltr'>τῷ</span> <span class='ocrx_word' id='word_1_389' title='bbox 881 3400 1073 3443; x_wconf 76' lang='grc' dir='ltr'>Δημοδόκῳ,</span> <span class='ocrx_word' id='word_1_390' title='bbox 1089 3403 1115 3434; x_wconf 80' lang='grc' dir='ltr'>εἰ</span> <span class='ocrx_word' id='word_1_391' title='bbox 1129 3403 1166 3441; x_wconf 80' lang='grc' dir='ltr'>δὴ</span> <span class='ocrx_word' id='word_1_392' title='bbox 1186 3408 1240 3435; x_wconf 74' lang='grc' dir='ltr'>τοῦ</span> <span class='ocrx_word' id='word_1_393' title='bbox 1256 3407 1339 3437; x_wconf 75' lang='grc' dir='ltr'>Πλά-</span> 
     </span>
    </p>
   </div>
   <div class='ocr_carea' id='block_1_6' title="bbox 1405 255 2492 376">
    <p class='ocr_par' dir='ltr' id='par_1_8' title="bbox 1405 255 2492 376">
     <span class='ocr_line' id='line_1_61' title="bbox 1407 255 2453 310; baseline -0.002 -6"><span class='ocrx_word' id='word_1_394' title='bbox 1407 267 1487 305; x_wconf 87' lang='lat' dir='ltr'>lum</span> <span class='ocrx_word' id='word_1_395' title='bbox 1498 266 1544 304; x_wconf 88' lang='lat' dir='ltr'>de</span> <span class='ocrx_word' id='word_1_396' title='bbox 1554 266 1695 304; x_wconf 89' lang='lat' dir='ltr'>virtute</span> <span class='ocrx_word' id='word_1_397' title='bbox 1709 265 1875 304; x_wconf 85' lang='lat' dir='ltr'>AEschini</span> <span class='ocrx_word' id='word_1_398' title='bbox 1885 265 2081 304; x_wconf 88' lang='lat' dir='ltr'>Socratico</span> <span class='ocrx_word' id='word_1_399' title='bbox 2100 265 2271 308; x_wconf 86' lang='lat' dir='ltr'>vindicat</span> <span class='ocrx_word' id='word_1_400' title='bbox 2286 255 2453 310; x_wconf 46' lang='lat' dir='ltr'>Suidas.</span> 
     </span>
     <span class='ocr_line' id='line_1_62' title="bbox 1405 322 2492 376; baseline 0 -12"><span class='ocrx_word' id='word_1_401' title='bbox 1405 326 1548 364; x_wconf 86' lang='lat' dir='ltr'>Contra</span> <span class='ocrx_word' id='word_1_402' title='bbox 1554 325 1704 376; x_wconf 85' lang='lat' dir='ltr'>Alcyon</span> <span class='ocrx_word' id='word_1_403' title='bbox 1718 323 1854 363; x_wconf 87' lang='lat' dir='ltr'>Leonti</span> <span class='ocrx_word' id='word_1_404' title='bbox 1864 324 2094 363; x_wconf 83' lang='lat' dir='ltr'>Academico</span> <span class='ocrx_word' id='word_1_405' title='bbox 2107 324 2317 364; x_wconf 85' lang='lat' dir='ltr'>ascribitur</span> <span class='ocrx_word' id='word_1_406' title='bbox 2329 337 2354 364; x_wconf 78' lang='lat' dir='ltr'>a</span> <span class='ocrx_word' id='word_1_407' title='bbox 2366 322 2444 366; x_wconf 72' lang='lat' dir='ltr'>Ni·</span> <span class='ocrx_word' id='word_1_408' title='bbox 2485 366 2492 375; x_wconf 75' lang='lat'>.</span> 
     </span>
    </p>
   </div>
   <div class='ocr_carea' id='block_1_7' title="bbox 1407 382 2528 435">
    <p class='ocr_par' dir='ltr' id='par_1_9' title="bbox 1407 382 2528 435">
     <span class='ocr_line' id='line_1_63' title="bbox 1407 382 2528 435; baseline -0.001 -13"><span class='ocrx_word' id='word_1_409' title='bbox 1407 384 1466 422; x_wconf 91' lang='lat' dir='ltr'>cia</span> <span class='ocrx_word' id='word_1_410' title='bbox 1479 384 1667 423; x_wconf 88' lang='lat' dir='ltr'>Nicaeensi</span> <span class='ocrx_word' id='word_1_411' title='bbox 1681 383 1783 435; x_wconf 87' lang='lat' dir='ltr'>apud</span> <span class='ocrx_word' id='word_1_412' title='bbox 1795 383 2023 422; x_wconf 90' lang='lat' dir='ltr'>Athenaeum</span> <span class='ocrx_word' id='word_1_413' title='bbox 2041 382 2113 422; x_wconf 89' lang='lat' dir='ltr'>lib.</span> <span class='ocrx_word' id='word_1_414' title='bbox 2125 382 2179 421; x_wconf 85' lang='lat' dir='ltr'>xl</span> <span class='ocrx_word' id='word_1_415' title='bbox 2195 396 2236 435; x_wconf 90' lang='lat' dir='ltr'>p.</span> <span class='ocrx_word' id='word_1_416' title='bbox 2250 383 2340 431; x_wconf 67' lang='lat'>506„</span> <span class='ocrx_word' id='word_1_417' title='bbox 2356 395 2391 425; x_wconf 80' lang='lat' dir='ltr'>e.</span> <span class='ocrx_word' id='word_1_418' title='bbox 2407 389 2447 421; x_wconf 82' lang='lat' dir='ltr'>et</span> <span class='ocrx_word' id='word_1_419' title='bbox 2495 385 2501 421; x_wconf 76' lang='lat' dir='ltr'>J·</span> <span class='ocrx_word' id='word_1_420' title='bbox 2524 399 2528 425; x_wconf 70' lang='grc' dir='ltr'>ς</span> 
     </span>
    </p>
   </div>
   <div class='ocr_carea' id='block_1_8' title="bbox 1404 439 2448 731">
    <p class='ocr_par' dir='ltr' id='par_1_10' title="bbox 1404 439 2448 731">
     <span class='ocr_line' id='line_1_64' title="bbox 1407 439 2442 495; baseline -0.002 -13"><span class='ocrx_word' id='word_1_421' title='bbox 1407 443 1599 482; x_wconf 85' lang='lat' dir='ltr'>Favorino</span> <span class='ocrx_word' id='word_1_422' title='bbox 1618 442 1722 495; x_wconf 88' lang='lat' dir='ltr'>apud</span> <span class='ocrx_word' id='word_1_423' title='bbox 1739 441 1952 492; x_wconf 84' lang='lat' dir='ltr'>Diogenem</span> <span class='ocrx_word' id='word_1_424' title='bbox 1971 441 2167 480; x_wconf 87' lang='lat' dir='ltr'>Laertium</span> <span class='ocrx_word' id='word_1_425' title='bbox 2186 440 2258 480; x_wconf 90' lang='lat' dir='ltr'>lib.</span> <span class='ocrx_word' id='word_1_426' title='bbox 2281 439 2356 489; x_wconf 84' lang='lat' dir='ltr'>lu,</span> <span class='ocrx_word' id='word_1_427' title='bbox 2376 440 2442 482; x_wconf 71' lang='lat'>62.</span> 
     </span>
     <span class='ocr_line' id='line_1_65' title="bbox 1407 498 2448 554; baseline 0 -13"><span class='ocrx_word' id='word_1_428' title='bbox 1407 502 1705 554; x_wconf 50' lang='lat' dir='ltr'>Videtur-autem</span> <span class='ocrx_word' id='word_1_429' title='bbox 1719 502 1821 541; x_wconf 88' lang='lat' dir='ltr'>idem</span> <span class='ocrx_word' id='word_1_430' title='bbox 1835 514 1916 540; x_wconf 89' lang='lat' dir='ltr'>esse</span> <span class='ocrx_word' id='word_1_431' title='bbox 1932 500 2110 551; x_wconf 80' lang='lat' dir='ltr'>dialogus</span> <span class='ocrx_word' id='word_1_432' title='bbox 2123 500 2192 551; x_wconf 89' lang='lat' dir='ltr'>qui</span> <span class='ocrx_word' id='word_1_433' title='bbox 2208 498 2326 539; x_wconf 87' lang='lat' dir='ltr'>hodie</span> <span class='ocrx_word' id='word_1_434' title='bbox 2344 498 2448 547; x_wconf 71' lang='lat' dir='ltr'>inter</span> 
     </span>
     <span class='ocr_line' id='line_1_66' title="bbox 1408 555 2444 613; baseline -0.004 -14"><span class='ocrx_word' id='word_1_435' title='bbox 1408 561 1571 601; x_wconf 91' lang='lat' dir='ltr'>Luciani</span> <span class='ocrx_word' id='word_1_436' title='bbox 1590 574 1709 613; x_wconf 87' lang='lat' dir='ltr'>opera</span> <span class='ocrx_word' id='word_1_437' title='bbox 1727 561 1790 600; x_wconf 90' lang='lat' dir='ltr'>edi</span> <span class='ocrx_word' id='word_1_438' title='bbox 1810 561 1919 601; x_wconf 91' lang='lat' dir='ltr'>solet.</span> <span class='ocrx_word' id='word_1_439' title='bbox 1939 560 2064 599; x_wconf 86' lang='lat' dir='ltr'>Porro</span> <span class='ocrx_word' id='word_1_440' title='bbox 2090 556 2368 612; x_wconf 72' lang='lat' dir='ltr'>disputationis</span> <span class='ocrx_word' id='word_1_441' title='bbox 2394 555 2444 597; x_wconf 83' lang='lat' dir='ltr'>de</span> 
     </span>
     <span class='ocr_line' id='line_1_67' title="bbox 1404 615 2445 671; baseline 0 -12"><span class='ocrx_word' id='word_1_442' title='bbox 1404 619 1510 671; x_wconf 86' lang='lat' dir='ltr'>justo</span> <span class='ocrx_word' id='word_1_443' title='bbox 1535 620 1712 659; x_wconf 87' lang='lat' dir='ltr'>meminit</span> <span class='ocrx_word' id='word_1_444' title='bbox 1736 618 1911 659; x_wconf 77' lang='lat' dir='ltr'>Isidorus</span> <span class='ocrx_word' id='word_1_445' title='bbox 1940 619 2139 658; x_wconf 86' lang='lat' dir='ltr'>Pelusiota</span> <span class='ocrx_word' id='word_1_446' title='bbox 2163 617 2235 656; x_wconf 91' lang='lat' dir='ltr'>lib.</span> <span class='ocrx_word' id='word_1_447' title='bbox 2255 615 2312 659; x_wconf 83' lang='lat' dir='ltr'>lv.</span> <span class='ocrx_word' id='word_1_448' title='bbox 2330 615 2445 669; x_wconf 64' lang='lat' dir='ltr'>epist.</span> 
     </span>
     <span class='ocr_line' id='line_1_68' title="bbox 1408 674 2447 731; baseline -0.003 -13"><span class='ocrx_word' id='word_1_449' title='bbox 1408 693 1452 729; x_wconf 89' lang='lat'>9¹</span> <span class='ocrx_word' id='word_1_450' title='bbox 1471 709 1480 726; x_wconf 83' lang='lat'>‚</span> <span class='ocrx_word' id='word_1_451' title='bbox 1519 680 1652 731; x_wconf 87' lang='lat' dir='ltr'>plures</span> <span class='ocrx_word' id='word_1_452' title='bbox 1676 679 1868 729; x_wconf 85' lang='lat' dir='ltr'>ejusmodi</span> <span class='ocrx_word' id='word_1_453' title='bbox 1900 679 2198 717; x_wconf 81' lang='lat' dir='ltr'>commentarios</span> <span class='ocrx_word' id='word_1_454' title='bbox 2231 689 2255 716; x_wconf 82' lang='lat' dir='ltr'>a</span> <span class='ocrx_word' id='word_1_455' title='bbox 2283 674 2447 723; x_wconf 67' lang='lat' dir='ltr'>Platone</span> 
     </span>
    </p>
   </div>
   <div class='ocr_carea' id='block_1_9' title="bbox 1407 734 2520 848">
    <p class='ocr_par' dir='ltr' id='par_1_11' title="bbox 1407 734 2520 848">
     <span class='ocr_line' id='line_1_69' title="bbox 1407 734 2520 787; baseline 0.002 -11"><span class='ocrx_word' id='word_1_456' title='bbox 1407 739 1600 777; x_wconf 88' lang='lat' dir='ltr'>confectos</span> <span class='ocrx_word' id='word_1_457' title='bbox 1624 751 1707 777; x_wconf 91' lang='lat' dir='ltr'>esse</span> <span class='ocrx_word' id='word_1_458' title='bbox 1730 739 1940 777; x_wconf 81' lang='lat' dir='ltr'>affirmans.</span> <span class='ocrx_word' id='word_1_459' title='bbox 1969 736 2044 775; x_wconf 92' lang='lat' dir='ltr'>Sed</span> <span class='ocrx_word' id='word_1_460' title='bbox 2074 749 2145 775; x_wconf 90' lang='lat' dir='ltr'>nos</span> <span class='ocrx_word' id='word_1_461' title='bbox 2174 743 2218 775; x_wconf 91' lang='lat' dir='ltr'>ut</span> <span class='ocrx_word' id='word_1_462' title='bbox 2236 734 2448 787; x_wconf 50' lang='lat' dir='ltr'>‘dialogum</span> <span class='ocrx_word' id='word_1_463' title='bbox 2514 747 2520 762; x_wconf 73' lang='lat'>²</span> 
     </span>
     <span class='ocr_line' id='line_1_70' title="bbox 1407 794 2516 848; baseline 0.003 -14"><span class='ocrx_word' id='word_1_464' title='bbox 1407 797 1461 835; x_wconf 89' lang='lat' dir='ltr'>ita</span> <span class='ocrx_word' id='word_1_465' title='bbox 1476 797 1706 848; x_wconf 89' lang='lat' dir='ltr'>inscriptum</span> <span class='ocrx_word' id='word_1_466' title='bbox 1727 796 1900 835; x_wconf 87' lang='lat' dir='ltr'>Platonis</span> <span class='ocrx_word' id='word_1_467' title='bbox 1919 808 2002 835; x_wconf 89' lang='lat' dir='ltr'>esse</span> <span class='ocrx_word' id='word_1_468' title='bbox 2018 808 2204 846; x_wconf 83' lang='lat' dir='ltr'>negamus</span> <span class='ocrx_word' id='word_1_469' title='bbox 2226 810 2234 833; x_wconf 90' lang='lat'>:</span> <span class='ocrx_word' id='word_1_470' title='bbox 2257 795 2314 836; x_wconf 75' lang='lat' dir='ltr'>ita</span> <span class='ocrx_word' id='word_1_471' title='bbox 2329 794 2448 837; x_wconf 70' lang='lat' dir='ltr'>etiam</span> <span class='ocrx_word' id='word_1_472' title='bbox 2511 827 2516 830; x_wconf 89' lang='lat'>-</span> 
     </span>
    </p>
   </div>
   <div class='ocr_carea' id='block_1_10' title="bbox 1405 852 2451 1492">
    <p class='ocr_par' dir='ltr' id='par_1_12' title="bbox 1405 852 2451 1492">
     <span class='ocr_line' id='line_1_71' title="bbox 1408 852 2451 907; baseline -0.002 -13"><span class='ocrx_word' id='word_1_473' title='bbox 1408 855 1664 894; x_wconf 88' lang='lat' dir='ltr'>Definitiones</span> <span class='ocrx_word' id='word_1_474' title='bbox 1684 869 1762 894; x_wconf 90' lang='lat' dir='ltr'>non</span> <span class='ocrx_word' id='word_1_475' title='bbox 1788 855 1966 904; x_wconf 86' lang='lat' dir='ltr'>Platoni,</span> <span class='ocrx_word' id='word_1_476' title='bbox 1982 856 2050 895; x_wconf 88' lang='lat' dir='ltr'>sed</span> <span class='ocrx_word' id='word_1_477' title='bbox 2071 853 2291 907; x_wconf 76' lang='lat' dir='ltr'>Speusippo</span> <span class='ocrx_word' id='word_1_478' title='bbox 2308 852 2451 895; x_wconf 80' lang='lat' dir='ltr'>tribui-</span> 
     </span>
     <span class='ocr_line' id='line_1_72' title="bbox 1409 913 2340 964; baseline 0.003 -13"><span class='ocrx_word' id='word_1_479' title='bbox 1409 927 1505 954; x_wconf 86' lang='lat' dir='ltr'>mus.</span> <span class='ocrx_word' id='word_1_480' title='bbox 1533 914 1590 952; x_wconf 90' lang='lat' dir='ltr'>De</span> <span class='ocrx_word' id='word_1_481' title='bbox 1607 914 1682 952; x_wconf 89' lang='lat' dir='ltr'>hoc</span> <span class='ocrx_word' id='word_1_482' title='bbox 1709 914 1829 964; x_wconf 89' lang='lat' dir='ltr'>igitur</span> <span class='ocrx_word' id='word_1_483' title='bbox 1850 928 1954 953; x_wconf 91' lang='lat' dir='ltr'>nunc</span> <span class='ocrx_word' id='word_1_484' title='bbox 1974 913 2340 955; x_wconf 77' lang='lat' dir='ltr'>commentabimur.</span> 
     </span>
     <span class='ocr_line' id='line_1_73' title="bbox 1460 972 2448 1026; baseline 0 -16"><span class='ocrx_word' id='word_1_485' title='bbox 1460 975 1687 1023; x_wconf 80' lang='lat' dir='ltr'>Speusippus</span> <span class='ocrx_word' id='word_1_486' title='bbox 1713 972 1806 1026; x_wconf 88' lang='grc'>(48),</span> <span class='ocrx_word' id='word_1_487' title='bbox 1827 974 2074 1012; x_wconf 84' lang='lat' dir='ltr'>Atheniensis</span> <span class='ocrx_word' id='word_1_488' title='bbox 2093 973 2191 1025; x_wconf 85' lang='grc'>(49),</span> <span class='ocrx_word' id='word_1_489' title='bbox 2219 986 2318 1025; x_wconf 87' lang='lat' dir='ltr'>pago</span> <span class='ocrx_word' id='word_1_490' title='bbox 2338 972 2448 1023; x_wconf 78' lang='lat' dir='ltr'>Myr-</span> 
     </span>
     <span class='ocr_line' id='line_1_74' title="bbox 1407 1030 2451 1084; baseline 0.002 -16"><span class='ocrx_word' id='word_1_491' title='bbox 1407 1031 1607 1069; x_wconf 88' lang='lat' dir='ltr'>rhinusius</span> <span class='ocrx_word' id='word_1_492' title='bbox 1634 1031 1729 1082; x_wconf 84' lang='lat'>(50),</span> <span class='ocrx_word' id='word_1_493' title='bbox 1752 1041 1906 1083; x_wconf 79' lang='lat' dir='ltr'>quarto,</span> <span class='ocrx_word' id='word_1_494' title='bbox 1943 1041 1987 1072; x_wconf 90' lang='lat' dir='ltr'>ut</span> <span class='ocrx_word' id='word_1_495' title='bbox 2016 1033 2177 1084; x_wconf 84' lang='lat' dir='ltr'>opinor,</span> <span class='ocrx_word' id='word_1_496' title='bbox 2206 1030 2451 1084; x_wconf 82' lang='lat' dir='ltr'>Olympiadis</span> 
     </span>
     <span class='ocr_line' id='line_1_75' title="bbox 1407 1086 2450 1143; baseline 0.002 -17"><span class='ocrx_word' id='word_1_497' title='bbox 1407 1090 1456 1138; x_wconf 88' lang='lat'>96</span> <span class='ocrx_word' id='word_1_498' title='bbox 1475 1102 1577 1127; x_wconf 90' lang='lat' dir='ltr'>anno</span> <span class='ocrx_word' id='word_1_499' title='bbox 1602 1089 1665 1128; x_wconf 85' lang='lat' dir='ltr'>vel</span> <span class='ocrx_word' id='word_1_500' title='bbox 1683 1097 1771 1128; x_wconf 90' lang='lat' dir='ltr'>ante</span> <span class='ocrx_word' id='word_1_501' title='bbox 1785 1089 1878 1130; x_wconf 85' lang='lat' dir='ltr'>Chr.</span> <span class='ocrx_word' id='word_1_502' title='bbox 1899 1091 1974 1141; x_wconf 79' lang='lat'>393</span> <span class='ocrx_word' id='word_1_503' title='bbox 1995 1099 2131 1141; x_wconf 87' lang='lat' dir='ltr'>natus,</span> <span class='ocrx_word' id='word_1_504' title='bbox 2151 1098 2304 1143; x_wconf 76' lang='lat' dir='ltr'>patrem</span> <span class='ocrx_word' id='word_1_505' title='bbox 2321 1086 2450 1140; x_wconf 79' lang='lat' dir='ltr'>Eury·—</span> 
     </span>
     <span class='ocr_line' id='line_1_76' title="bbox 1408 1148 2448 1197; baseline 0.001 -12"><span class='ocrx_word' id='word_1_506' title='bbox 1408 1148 1625 1186; x_wconf 90' lang='lat' dir='ltr'>medontem</span> <span class='ocrx_word' id='word_1_507' title='bbox 1637 1177 1648 1196; x_wconf 90' lang='lat'>,</span> <span class='ocrx_word' id='word_1_508' title='bbox 1681 1156 1844 1187; x_wconf 88' lang='lat' dir='ltr'>matrem</span> <span class='ocrx_word' id='word_1_509' title='bbox 1875 1157 2001 1187; x_wconf 90' lang='lat' dir='ltr'>autem</span> <span class='ocrx_word' id='word_1_510' title='bbox 2033 1149 2210 1188; x_wconf 87' lang='lat' dir='ltr'>Potonen</span> <span class='ocrx_word' id='word_1_511' title='bbox 2224 1177 2234 1197; x_wconf 90' lang='lat'>‚</span> <span class='ocrx_word' id='word_1_512' title='bbox 2273 1148 2448 1188; x_wconf 82' lang='lat' dir='ltr'>Platonis</span> 
     </span>
     <span class='ocr_line' id='line_1_77' title="bbox 1408 1205 2450 1258; baseline 0 -14"><span class='ocrx_word' id='word_1_513' title='bbox 1408 1218 1580 1244; x_wconf 87' lang='lat' dir='ltr'>sororem</span> <span class='ocrx_word' id='word_1_514' title='bbox 1594 1205 1744 1245; x_wconf 89' lang='lat' dir='ltr'>habuit.</span> <span class='ocrx_word' id='word_1_515' title='bbox 1758 1206 1816 1245; x_wconf 89' lang='lat' dir='ltr'>De</span> <span class='ocrx_word' id='word_1_516' title='bbox 1829 1205 1941 1258; x_wconf 87' lang='lat' dir='ltr'>cujus</span> <span class='ocrx_word' id='word_1_517' title='bbox 1963 1207 2182 1246; x_wconf 90' lang='lat' dir='ltr'>studiorum</span> <span class='ocrx_word' id='word_1_518' title='bbox 2203 1206 2329 1246; x_wconf 80' lang='lat' dir='ltr'>initiis</span> <span class='ocrx_word' id='word_1_519' title='bbox 2350 1205 2450 1247; x_wconf 77' lang='lat' dir='ltr'>nihil</span> 
     </span>
     <span class='ocr_line' id='line_1_78' title="bbox 1406 1264 2450 1317; baseline 0.002 -16"><span class='ocrx_word' id='word_1_520' title='bbox 1406 1264 1589 1303; x_wconf 83' lang='lat' dir='ltr'>traditum</span> <span class='ocrx_word' id='word_1_521' title='bbox 1616 1273 1683 1313; x_wconf 89' lang='lat' dir='ltr'>est,</span> <span class='ocrx_word' id='word_1_522' title='bbox 1700 1264 1894 1315; x_wconf 88' lang='lat' dir='ltr'>siquidem</span> <span class='ocrx_word' id='word_1_523' title='bbox 1912 1278 1934 1303; x_wconf 84' lang='lat' dir='ltr'>a</span> <span class='ocrx_word' id='word_1_524' title='bbox 1949 1278 2028 1315; x_wconf 89' lang='lat' dir='ltr'>quo</span> <span class='ocrx_word' id='word_1_525' title='bbox 2054 1273 2292 1317; x_wconf 75' lang='lat' dir='ltr'>praeceptore</span> <span class='ocrx_word' id='word_1_526' title='bbox 2307 1264 2450 1317; x_wconf 80' lang='lat' dir='ltr'>primis</span> 
     </span>
     <span class='ocr_line' id='line_1_79' title="bbox 1407 1321 2450 1373; baseline 0.002 -14"><span class='ocrx_word' id='word_1_527' title='bbox 1407 1321 1547 1360; x_wconf 89' lang='lat' dir='ltr'>litteris</span> <span class='ocrx_word' id='word_1_528' title='bbox 1562 1321 1737 1360; x_wconf 89' lang='lat' dir='ltr'>imbutus</span> <span class='ocrx_word' id='word_1_529' title='bbox 1756 1321 1826 1368; x_wconf 91' lang='lat' dir='ltr'>sit,</span> <span class='ocrx_word' id='word_1_530' title='bbox 1848 1322 2090 1372; x_wconf 85' lang='lat' dir='ltr'>ignoramus.</span> <span class='ocrx_word' id='word_1_531' title='bbox 2118 1322 2196 1362; x_wconf 85' lang='lat' dir='ltr'>Sed</span> <span class='ocrx_word' id='word_1_532' title='bbox 2222 1323 2387 1373; x_wconf 81' lang='lat' dir='ltr'>contigit</span> <span class='ocrx_word' id='word_1_533' title='bbox 2411 1322 2450 1361; x_wconf 84' lang='lat' dir='ltr'>ei</span> 
     </span>
     <span class='ocr_line' id='line_1_80' title="bbox 1405 1381 2450 1431; baseline 0.004 -14"><span class='ocrx_word' id='word_1_534' title='bbox 1405 1388 1556 1431; x_wconf 87' lang='lat' dir='ltr'>postea,</span> <span class='ocrx_word' id='word_1_535' title='bbox 1585 1389 1628 1419; x_wconf 90' lang='lat' dir='ltr'>ut</span> <span class='ocrx_word' id='word_1_536' title='bbox 1647 1394 1670 1418; x_wconf 90' lang='lat' dir='ltr'>a</span> <span class='ocrx_word' id='word_1_537' title='bbox 1695 1381 1858 1419; x_wconf 89' lang='lat' dir='ltr'>Platone</span> <span class='ocrx_word' id='word_1_538' title='bbox 1876 1394 1924 1419; x_wconf 90' lang='lat' dir='ltr'>ex</span> <span class='ocrx_word' id='word_1_539' title='bbox 1945 1381 2156 1421; x_wconf 88' lang='lat' dir='ltr'>itineribus</span> <span class='ocrx_word' id='word_1_540' title='bbox 2176 1394 2337 1423; x_wconf 77' lang='lat' dir='ltr'>reverso</span> <span class='ocrx_word' id='word_1_541' title='bbox 2359 1381 2450 1421; x_wconf 74' lang='lat' dir='ltr'>edu-</span> 
     </span>
     <span class='ocr_line' id='line_1_81' title="bbox 1407 1438 2448 1492; baseline 0.003 -16"><span class='ocrx_word' id='word_1_542' title='bbox 1407 1446 1572 1477; x_wconf 88' lang='lat' dir='ltr'>caretur.</span> <span class='ocrx_word' id='word_1_543' title='bbox 1607 1438 1763 1490; x_wconf 89' lang='lat' dir='ltr'>Quippe</span> <span class='ocrx_word' id='word_1_544' title='bbox 1783 1440 2004 1480; x_wconf 82' lang='lat' dir='ltr'>avunculus</span> <span class='ocrx_word' id='word_1_545' title='bbox 2023 1440 2281 1483; x_wconf 75' lang='lat' dir='ltr'>adolescentis</span> <span class='ocrx_word' id='word_1_546' title='bbox 2307 1439 2448 1492; x_wconf 76' lang='lat' dir='ltr'>partim</span> 
     </span>
    </p>
   </div>
   <div class='ocr_carea' id='block_1_11' title="bbox 1406 1497 2445 1550">
    <p class='ocr_par' dir='ltr' id='par_1_13' title="bbox 1406 1496 2514 1550">
     <span class='ocr_line' id='line_1_82' title="bbox 1406 1497 2445 1550; baseline 0.005 -16"><span class='ocrx_word' id='word_1_547' title='bbox 1406 1497 1535 1546; x_wconf 87' lang='lat' dir='ltr'>segnis</span> <span class='ocrx_word' id='word_1_548' title='bbox 1554 1499 1693 1548; x_wconf 87' lang='lat' dir='ltr'>partim</span> <span class='ocrx_word' id='word_1_549' title='bbox 1718 1499 2011 1550; x_wconf 89' lang='lat' dir='ltr'>intemperantis</span> <span class='ocrx_word' id='word_1_550' title='bbox 2049 1512 2178 1539; x_wconf 88' lang='lat' dir='ltr'>mores</span> <span class='ocrx_word' id='word_1_551' title='bbox 2211 1498 2445 1540; x_wconf 73' lang='lat' dir='ltr'>emendavit.</span> 
     </span>
    </p>
   </div>
   <div class='ocr_carea' id='block_1_12' title="bbox 1405 1555 2450 2191">
    <p class='ocr_par' dir='ltr' id='par_1_14' title="bbox 1405 1555 2450 2191">
     <span class='ocr_line' id='line_1_83' title="bbox 1405 1555 2447 1600; baseline 0.004 -7"><span class='ocrx_word' id='word_1_552' title='bbox 1405 1555 1490 1600; x_wconf 91' lang='lat' dir='ltr'>Qua</span> <span class='ocrx_word' id='word_1_553' title='bbox 1510 1556 1551 1593; x_wconf 91' lang='lat' dir='ltr'>in</span> <span class='ocrx_word' id='word_1_554' title='bbox 1571 1569 1612 1594; x_wconf 89' lang='lat' dir='ltr'>re</span> <span class='ocrx_word' id='word_1_555' title='bbox 1635 1556 1744 1595; x_wconf 90' lang='lat' dir='ltr'>nullo</span> <span class='ocrx_word' id='word_1_556' title='bbox 1764 1569 1836 1594; x_wconf 90' lang='lat' dir='ltr'>nec</span> <span class='ocrx_word' id='word_1_557' title='bbox 1858 1557 1963 1595; x_wconf 90' lang='lat' dir='ltr'>dicto</span> <span class='ocrx_word' id='word_1_558' title='bbox 1982 1569 2052 1596; x_wconf 90' lang='lat' dir='ltr'>nec</span> <span class='ocrx_word' id='word_1_559' title='bbox 2079 1557 2178 1597; x_wconf 79' lang='lat' dir='ltr'>sacto</span> <span class='ocrx_word' id='word_1_560' title='bbox 2201 1558 2238 1597; x_wconf 92' lang='lat' dir='ltr'>ei</span> <span class='ocrx_word' id='word_1_561' title='bbox 2261 1557 2447 1597; x_wconf 73' lang='lat' dir='ltr'>motostus</span> 
     </span>
     <span class='ocr_line' id='line_1_84' title="bbox 1406 1614 2450 1668; baseline 0.004 -17"><span class='ocrx_word' id='word_1_562' title='bbox 1406 1614 1492 1662; x_wconf 89' lang='lat' dir='ltr'>fuit,</span> <span class='ocrx_word' id='word_1_563' title='bbox 1502 1614 1569 1653; x_wconf 87' lang='lat' dir='ltr'>sed</span> <span class='ocrx_word' id='word_1_564' title='bbox 1579 1614 1741 1664; x_wconf 87' lang='lat' dir='ltr'>fugienti</span> <span class='ocrx_word' id='word_1_565' title='bbox 1755 1627 1907 1667; x_wconf 86' lang='lat' dir='ltr'>semper</span> <span class='ocrx_word' id='word_1_566' title='bbox 1913 1624 2119 1666; x_wconf 89' lang='lat' dir='ltr'>parentum</span> <span class='ocrx_word' id='word_1_567' title='bbox 2130 1616 2352 1657; x_wconf 72' lang='lat' dir='ltr'>conviciaet</span> <span class='ocrx_word' id='word_1_568' title='bbox 2362 1629 2450 1668; x_wconf 86' lang='lat' dir='ltr'>pro-</span> 
     </span>
     <span class='ocr_line' id='line_1_85' title="bbox 1405 1670 2448 1727; baseline 0.005 -18"><span class='ocrx_word' id='word_1_569' title='bbox 1405 1670 1478 1709; x_wconf 86' lang='lat' dir='ltr'>bra</span> <span class='ocrx_word' id='word_1_570' title='bbox 1495 1671 1687 1722; x_wconf 89' lang='lat' dir='ltr'>placidum</span> <span class='ocrx_word' id='word_1_571' title='bbox 1703 1684 1743 1711; x_wconf 89' lang='lat' dir='ltr'>se</span> <span class='ocrx_word' id='word_1_572' title='bbox 1757 1673 1994 1724; x_wconf 88' lang='lat' dir='ltr'>minimeque</span> <span class='ocrx_word' id='word_1_573' title='bbox 2018 1674 2159 1713; x_wconf 86' lang='lat' dir='ltr'>iratum</span> <span class='ocrx_word' id='word_1_574' title='bbox 2171 1674 2353 1727; x_wconf 74' lang='lat' dir='ltr'>praelmit‚</span> <span class='ocrx_word' id='word_1_575' title='bbox 2366 1687 2448 1713; x_wconf 82' lang='lat' dir='ltr'>ma-</span> 
     </span>
     <span class='ocr_line' id='line_1_86' title="bbox 1407 1729 2447 1784; baseline 0.004 -18"><span class='ocrx_word' id='word_1_576' title='bbox 1407 1741 1603 1780; x_wconf 83' lang='lat' dir='ltr'>gnumque</span> <span class='ocrx_word' id='word_1_577' title='bbox 1614 1729 1766 1768; x_wconf 89' lang='lat' dir='ltr'>homini</span> <span class='ocrx_word' id='word_1_578' title='bbox 1779 1730 1965 1781; x_wconf 88' lang='lat' dir='ltr'>pudorem</span> <span class='ocrx_word' id='word_1_579' title='bbox 1984 1731 2124 1782; x_wconf 84' lang='lat' dir='ltr'>suique</span> <span class='ocrx_word' id='word_1_580' title='bbox 2135 1739 2174 1770; x_wconf 88' lang='lat' dir='ltr'>et</span> <span class='ocrx_word' id='word_1_581' title='bbox 2187 1731 2447 1784; x_wconf 68' lang='lat' dir='ltr'>plailosophiae</span> 
     </span>
     <span class='ocr_line' id='line_1_87' title="bbox 1405 1787 2450 1840; baseline 0.005 -17"><span class='ocrx_word' id='word_1_582' title='bbox 1405 1787 1700 1826; x_wconf 87' lang='lat' dir='ltr'>admirationem</span> <span class='ocrx_word' id='word_1_583' title='bbox 1731 1788 1904 1828; x_wconf 91' lang='lat' dir='ltr'>incussit.</span> <span class='ocrx_word' id='word_1_584' title='bbox 1943 1790 2071 1835; x_wconf 85' lang='lat' dir='ltr'>Quum</span> <span class='ocrx_word' id='word_1_585' title='bbox 2106 1790 2228 1840; x_wconf 88' lang='lat' dir='ltr'>igitur</span> <span class='ocrx_word' id='word_1_586' title='bbox 2257 1803 2282 1831; x_wconf 80' lang='lat' dir='ltr'>a</span> <span class='ocrx_word' id='word_1_587' title='bbox 2318 1790 2450 1830; x_wconf 77' lang='lat' dir='ltr'>multis</span> 
     </span>
     <span class='ocr_line' id='line_1_88' title="bbox 1405 1845 2447 1902; baseline 0.005 -20"><span class='ocrx_word' id='word_1_588' title='bbox 1405 1845 1618 1883; x_wconf 88' lang='lat' dir='ltr'>amicorum</span> <span class='ocrx_word' id='word_1_589' title='bbox 1653 1847 2000 1898; x_wconf 85' lang='lat' dir='ltr'>reprehenderetur</span> <span class='ocrx_word' id='word_1_590' title='bbox 2032 1848 2311 1900; x_wconf 81' lang='lat' dir='ltr'>philosophus,</span> <span class='ocrx_word' id='word_1_591' title='bbox 2340 1848 2447 1902; x_wconf 81' lang='lat' dir='ltr'>quod</span> 
     </span>
     <span class='ocr_line' id='line_1_89' title="bbox 1406 1905 2444 1959; baseline 0.003 -16"><span class='ocrx_word' id='word_1_592' title='bbox 1406 1917 1485 1943; x_wconf 91' lang='lat' dir='ltr'>non</span> <span class='ocrx_word' id='word_1_593' title='bbox 1501 1905 1702 1954; x_wconf 85' lang='lat' dir='ltr'>castigaret</span> <span class='ocrx_word' id='word_1_594' title='bbox 1721 1905 2002 1945; x_wconf 89' lang='lat' dir='ltr'>adolescentem</span> <span class='ocrx_word' id='word_1_595' title='bbox 2023 1920 2032 1944; x_wconf 75' lang='grc' dir='ltr'>ι</span> <span class='ocrx_word' id='word_1_596' title='bbox 2058 1908 2142 1957; x_wconf 85' lang='lat' dir='ltr'>Ego</span> <span class='ocrx_word' id='word_1_597' title='bbox 2163 1919 2277 1956; x_wconf 81' lang='lat' dir='ltr'>vero,</span> <span class='ocrx_word' id='word_1_598' title='bbox 2298 1907 2444 1959; x_wconf 81' lang='lat' dir='ltr'>inquit,</span> 
     </span>
     <span class='ocr_line' id='line_1_90' title="bbox 1407 1963 2447 2018; baseline 0.005 -19"><span class='ocrx_word' id='word_1_599' title='bbox 1407 1963 1573 2013; x_wconf 83' lang='lat' dir='ltr'>castigo,</span> <span class='ocrx_word' id='word_1_600' title='bbox 1601 1964 1690 2001; x_wconf 85' lang='lat' dir='ltr'>vitae</span> <span class='ocrx_word' id='word_1_601' title='bbox 1716 1976 1809 2001; x_wconf 88' lang='lat' dir='ltr'>meae</span> <span class='ocrx_word' id='word_1_602' title='bbox 1838 1965 1988 2004; x_wconf 81' lang='lat' dir='ltr'>ratione</span> <span class='ocrx_word' id='word_1_603' title='bbox 2021 1973 2059 2004; x_wconf 92' lang='lat' dir='ltr'>et</span> <span class='ocrx_word' id='word_1_604' title='bbox 2089 1965 2337 2007; x_wconf 79' lang='lat' dir='ltr'>institutione</span> <span class='ocrx_word' id='word_1_605' title='bbox 2368 1965 2447 2018; x_wconf 87' lang='lat' dir='ltr'>ipsi</span> 
     </span>
     <span class='ocr_line' id='line_1_91' title="bbox 1407 2019 2445 2075; baseline 0.005 -19"><span class='ocrx_word' id='word_1_606' title='bbox 1407 2019 1697 2067; x_wconf 80' lang='lat' dir='ltr'>demonstrans,</span> <span class='ocrx_word' id='word_1_607' title='bbox 1728 2021 1835 2071; x_wconf 90' lang='lat' dir='ltr'>quod</span> <span class='ocrx_word' id='word_1_608' title='bbox 1859 2023 1910 2060; x_wconf 91' lang='lat' dir='ltr'>sit</span> <span class='ocrx_word' id='word_1_609' title='bbox 1936 2022 2188 2062; x_wconf 85' lang='lat' dir='ltr'>honestorum</span> <span class='ocrx_word' id='word_1_610' title='bbox 2212 2032 2250 2069; x_wconf 76' lang='lat' dir='ltr'>et</span> <span class='ocrx_word' id='word_1_611' title='bbox 2269 2023 2445 2075; x_wconf 77' lang='lat' dir='ltr'>turpium</span> 
     </span>
     <span class='ocr_line' id='line_1_92' title="bbox 1406 2077 2448 2131; baseline 0.006 -17"><span class='ocrx_word' id='word_1_612' title='bbox 1406 2077 1615 2116; x_wconf 86' lang='lat' dir='ltr'>discrimen</span> <span class='ocrx_word' id='word_1_613' title='bbox 1648 2077 1743 2130; x_wconf 84' lang='lat'>(51).</span> <span class='ocrx_word' id='word_1_614' title='bbox 1767 2079 1927 2119; x_wconf 87' lang='lat' dir='ltr'>Pietatis</span> <span class='ocrx_word' id='word_1_615' title='bbox 1957 2093 2048 2131; x_wconf 84' lang='lat' dir='ltr'>erga</span> <span class='ocrx_word' id='word_1_616' title='bbox 2080 2081 2282 2121; x_wconf 79' lang='lat' dir='ltr'>Platonem</span> <span class='ocrx_word' id='word_1_617' title='bbox 2314 2081 2448 2122; x_wconf 83' lang='lat' dir='ltr'>multis</span> 
     </span>
     <span class='ocr_line' id='line_1_93' title="bbox 1409 2135 2447 2191; baseline 0.007 -18"><span class='ocrx_word' id='word_1_618' title='bbox 1409 2136 1520 2174; x_wconf 89' lang='lat' dir='ltr'>annis</span> <span class='ocrx_word' id='word_1_619' title='bbox 1551 2135 1764 2187; x_wconf 88' lang='lat' dir='ltr'>interjectis</span> <span class='ocrx_word' id='word_1_620' title='bbox 1789 2136 2030 2191; x_wconf 89' lang='lat' dir='ltr'>Speusippus</span> <span class='ocrx_word' id='word_1_621' title='bbox 2062 2140 2178 2191; x_wconf 81' lang='lat' dir='ltr'>plura</span> <span class='ocrx_word' id='word_1_622' title='bbox 2195 2140 2304 2180; x_wconf 86' lang='lat' dir='ltr'>dedit</span> <span class='ocrx_word' id='word_1_623' title='bbox 2321 2140 2447 2180; x_wconf 86' lang='lat' dir='ltr'>docu-</span> 
     </span>
    </p>
   </div>
   <div class='ocr_carea' id='block_1_13' title="bbox 1402 2272 2449 2788">
    <p class='ocr_par' dir='ltr' id='par_1_15' title="bbox 1402 2272 2449 2452">
     <span class='ocr_line' id='line_1_94' title="bbox 1402 2272 2449 2316; baseline 0.002 -13"><span class='ocrx_word' id='word_1_624' title='bbox 1402 2282 1498 2308; x_wconf 85' lang='grc' dir='ltr'>τωνος</span> <span class='ocrx_word' id='word_1_625' title='bbox 1515 2273 1549 2304; x_wconf 90' lang='grc' dir='ltr'>τὸ</span> <span class='ocrx_word' id='word_1_626' title='bbox 1571 2272 1761 2314; x_wconf 74' lang='grc' dir='ltr'>σύγγραμμα</span> <span class='ocrx_word' id='word_1_627' title='bbox 1777 2275 1844 2305; x_wconf 89' lang='grc' dir='ltr'>κτλ.</span> <span class='ocrx_word' id='word_1_628' title='bbox 1863 2293 1904 2300; x_wconf 94' lang='grc'>-</span> <span class='ocrx_word' id='word_1_629' title='bbox 1928 2274 1994 2316; x_wconf 88' lang='grc'>(46)</span> <span class='ocrx_word' id='word_1_630' title='bbox 2014 2275 2130 2315; x_wconf 73' lang='grc' dir='ltr'>ἐὸδόμη</span> <span class='ocrx_word' id='word_1_631' title='bbox 2150 2273 2396 2316; x_wconf 66' lang='lat' dir='ltr'>intelligendum</span> <span class='ocrx_word' id='word_1_632' title='bbox 2410 2275 2449 2306; x_wconf 82' lang='lat' dir='ltr'>ut</span> 
     </span>
     <span class='ocr_line' id='line_1_95' title="bbox 1402 2318 2448 2362; baseline 0.003 -11"><span class='ocrx_word' id='word_1_633' title='bbox 1402 2318 1492 2360; x_wconf 88' lang='lat' dir='ltr'>apud</span> <span class='ocrx_word' id='word_1_634' title='bbox 1507 2319 1711 2352; x_wconf 86' lang='lat' dir='ltr'>Herodotum</span> <span class='ocrx_word' id='word_1_635' title='bbox 1738 2319 1794 2353; x_wconf 90' lang='lat' dir='ltr'>lib.</span> <span class='ocrx_word' id='word_1_636' title='bbox 1815 2321 1875 2360; x_wconf 85' lang='lat' dir='ltr'>VI,</span> <span class='ocrx_word' id='word_1_637' title='bbox 1899 2323 1949 2353; x_wconf 89' lang='lat'>57.</span> <span class='ocrx_word' id='word_1_638' title='bbox 1966 2341 2007 2349; x_wconf 88' lang='lat'>—</span> <span class='ocrx_word' id='word_1_639' title='bbox 2031 2321 2097 2362; x_wconf 80' lang='lat'>(47)</span> <span class='ocrx_word' id='word_1_640' title='bbox 2117 2320 2325 2355; x_wconf 78' lang='lat' dir='ltr'>Platonicum</span> <span class='ocrx_word' id='word_1_641' title='bbox 2347 2320 2448 2354; x_wconf 73' lang='lat' dir='ltr'>eiiam</span> 
     </span>
     <span class='ocr_line' id='line_1_96' title="bbox 1402 2363 2447 2408; baseline 0.004 -13"><span class='ocrx_word' id='word_1_642' title='bbox 1402 2363 1523 2396; x_wconf 84' lang='lat' dir='ltr'>librum</span> <span class='ocrx_word' id='word_1_643' title='bbox 1536 2363 1761 2405; x_wconf 80' lang='lat' dir='ltr'>Epimenidem</span> <span class='ocrx_word' id='word_1_644' title='bbox 1782 2373 1854 2398; x_wconf 86' lang='lat' dir='ltr'>esse</span> <span class='ocrx_word' id='word_1_645' title='bbox 1869 2365 1940 2398; x_wconf 81' lang='lat' dir='ltr'>vult</span> <span class='ocrx_word' id='word_1_646' title='bbox 1963 2365 2122 2399; x_wconf 77' lang='lat' dir='ltr'>Eusebius</span> <span class='ocrx_word' id='word_1_647' title='bbox 2141 2367 2319 2408; x_wconf 70' lang='lat' dir='ltr'>Praeparat.</span> <span class='ocrx_word' id='word_1_648' title='bbox 2333 2373 2447 2408; x_wconf 76' lang='lat' dir='ltr'>evang.</span> 
     </span>
     <span class='ocr_line' id='line_1_97' title="bbox 1405 2410 1842 2452; baseline 0.005 -10"><span class='ocrx_word' id='word_1_649' title='bbox 1405 2410 1462 2443; x_wconf 88' lang='lat' dir='ltr'>lib.</span> <span class='ocrx_word' id='word_1_650' title='bbox 1484 2411 1512 2442; x_wconf 87' lang='lat' dir='ltr'>X</span> <span class='ocrx_word' id='word_1_651' title='bbox 1531 2419 1602 2452; x_wconf 85' lang='lat' dir='ltr'>cap.</span> <span class='ocrx_word' id='word_1_652' title='bbox 1618 2412 1639 2442; x_wconf 84' lang='lat'>4·</span> <span class='ocrx_word' id='word_1_653' title='bbox 1654 2418 1688 2452; x_wconf 87' lang='lat' dir='ltr'>p.</span> <span class='ocrx_word' id='word_1_654' title='bbox 1707 2412 1781 2444; x_wconf 87' lang='lat'>471.</span> <span class='ocrx_word' id='word_1_655' title='bbox 1800 2429 1842 2435; x_wconf 99' lang='lat'><strong>—</strong></span> 
     </span>
    </p>

    <p class='ocr_par' dir='ltr' id='par_1_16' title="bbox 1403 2463 2448 2788">
     <span class='ocr_line' id='line_1_98' title="bbox 1446 2463 2444 2508; baseline 0.002 -12"><span class='ocrx_word' id='word_1_656' title='bbox 1446 2463 1514 2506; x_wconf 86' lang='lat'>(48)</span> <span class='ocrx_word' id='word_1_657' title='bbox 1529 2464 1576 2497; x_wconf 80' lang='lat' dir='ltr'>Gf.</span> <span class='ocrx_word' id='word_1_658' title='bbox 1588 2463 1798 2498; x_wconf 74' lang='lat' dir='ltr'>maximiliani</span> <span class='ocrx_word' id='word_1_659' title='bbox 1809 2464 1944 2498; x_wconf 82' lang='lat' dir='ltr'>Achiuis</span> <span class='ocrx_word' id='word_1_660' title='bbox 1955 2464 2100 2499; x_wconf 79' lang='lat' dir='ltr'>Fischeri</span> <span class='ocrx_word' id='word_1_661' title='bbox 2111 2465 2152 2498; x_wconf 89' lang='lat' dir='ltr'>de</span> <span class='ocrx_word' id='word_1_662' title='bbox 2162 2464 2334 2508; x_wconf 63' lang='lat' dir='ltr'>Speusippi</span> <span class='ocrx_word' id='word_1_663' title='bbox 2343 2466 2444 2498; x_wconf 77' lang='lat' dir='ltr'>Athe-</span> 
     </span>
     <span class='ocr_line' id='line_1_99' title="bbox 1404 2510 2445 2555; baseline 0.004 -13"><span class='ocrx_word' id='word_1_664' title='bbox 1404 2510 1526 2543; x_wconf 82' lang='lat' dir='ltr'>niensis</span> <span class='ocrx_word' id='word_1_665' title='bbox 1544 2510 1612 2543; x_wconf 82' lang='lat' dir='ltr'>vita</span> <span class='ocrx_word' id='word_1_666' title='bbox 1638 2511 1836 2545; x_wconf 79' lang='lat' dir='ltr'>dissertatio,</span> <span class='ocrx_word' id='word_1_667' title='bbox 1859 2512 2007 2546; x_wconf 77' lang='lat' dir='ltr'>Rastadii</span> <span class='ocrx_word' id='word_1_668' title='bbox 2029 2514 2120 2546; x_wconf 79' lang='grc'>1843.</span> <span class='ocrx_word' id='word_1_669' title='bbox 2140 2530 2182 2536; x_wconf 91' lang='grc'><strong>-</strong></span> <span class='ocrx_word' id='word_1_670' title='bbox 2200 2511 2268 2555; x_wconf 79' lang='lat'>(49)</span> <span class='ocrx_word' id='word_1_671' title='bbox 2285 2512 2445 2555; x_wconf 61' lang='lat' dir='ltr'>Diogenes</span> 
     </span>
     <span class='ocr_line' id='line_1_100' title="bbox 1405 2556 2447 2600; baseline 0.001 -11"><span class='ocrx_word' id='word_1_672' title='bbox 1405 2556 1553 2590; x_wconf 81' lang='lat' dir='ltr'>Laertius</span> <span class='ocrx_word' id='word_1_673' title='bbox 1569 2557 1628 2598; x_wconf 86' lang='lat' dir='ltr'>IV,</span> <span class='ocrx_word' id='word_1_674' title='bbox 1657 2559 1671 2589; x_wconf 91' lang='lat'>1</span> <span class='ocrx_word' id='word_1_675' title='bbox 1693 2558 1891 2595; x_wconf 79' lang='grc' dir='ltr'>Σπεύσιππος</span> <span class='ocrx_word' id='word_1_676' title='bbox 1911 2558 2163 2600; x_wconf 74' lang='grc' dir='ltr'>Εὐρυμέδοντος,</span> <span class='ocrx_word' id='word_1_677' title='bbox 2185 2559 2352 2597; x_wconf 77' lang='grc' dir='ltr'>Ἀθηναῖος.</span> <span class='ocrx_word' id='word_1_678' title='bbox 2382 2558 2447 2592; x_wconf 81' lang='grc' dir='ltr'>Τὸν</span> 
     </span>
     <span class='ocr_line' id='line_1_101' title="bbox 1403 2604 2444 2647; baseline 0.003 -11"><span class='ocrx_word' id='word_1_679' title='bbox 1403 2605 1436 2637; x_wconf 84' lang='grc' dir='ltr'>δὲ</span> <span class='ocrx_word' id='word_1_680' title='bbox 1456 2605 1552 2645; x_wconf 90' lang='grc' dir='ltr'>δῆμον</span> <span class='ocrx_word' id='word_1_681' title='bbox 1572 2604 1798 2646; x_wconf 72' lang='grc' dir='ltr'>Μυρρινούσιος</span> <span class='ocrx_word' id='word_1_682' title='bbox 1823 2605 1873 2645; x_wconf 81' lang='grc' dir='ltr'>ἦν·</span> <span class='ocrx_word' id='word_1_683' title='bbox 1901 2605 1934 2638; x_wconf 80' lang='grc' dir='ltr'>ὃς</span> <span class='ocrx_word' id='word_1_684' title='bbox 1960 2605 1998 2645; x_wconf 84' lang='grc' dir='ltr'>ἢν</span> <span class='ocrx_word' id='word_1_685' title='bbox 2025 2606 2091 2643; x_wconf 85' lang='grc' dir='ltr'>υἱὸς</span> <span class='ocrx_word' id='word_1_686' title='bbox 2111 2609 2166 2645; x_wconf 84' lang='grc' dir='ltr'>τῆς</span> <span class='ocrx_word' id='word_1_687' title='bbox 2191 2605 2325 2647; x_wconf 70' lang='grc' dir='ltr'>ἀδελφῆς</span> <span class='ocrx_word' id='word_1_688' title='bbox 2347 2605 2444 2639; x_wconf 71' lang='grc' dir='ltr'>αὐτοῦ</span> 
     </span>
     <span class='ocr_line' id='line_1_102' title="bbox 1406 2651 2448 2695; baseline 0.002 -11"><span class='ocrx_word' id='word_1_689' title='bbox 1406 2652 1563 2689; x_wconf 84' lang='grc' dir='ltr'>Ποτώνης.</span> <span class='ocrx_word' id='word_1_690' title='bbox 1587 2651 1706 2684; x_wconf 84' lang='lat' dir='ltr'>Suidas</span> <span class='ocrx_word' id='word_1_691' title='bbox 1728 2661 1736 2680; x_wconf 77' lang='lat' dir='ltr'>t</span> <span class='ocrx_word' id='word_1_692' title='bbox 1761 2652 1983 2693; x_wconf 73' lang='grc' dir='ltr'>Σπεὺσιππος,</span> <span class='ocrx_word' id='word_1_693' title='bbox 2003 2653 2247 2695; x_wconf 71' lang='grc' dir='ltr'>Εὐρυμέδοντος,</span> <span class='ocrx_word' id='word_1_694' title='bbox 2271 2653 2448 2694; x_wconf 72' lang='grc' dir='ltr'>ἀδελφιδοῦς</span> 
     </span>
     <span class='ocr_line' id='line_1_103' title="bbox 1405 2697 2445 2741; baseline 0.003 -11"><span class='ocrx_word' id='word_1_695' title='bbox 1405 2697 1573 2734; x_wconf 83' lang='grc' dir='ltr'>Πλάτωνος</span> <span class='ocrx_word' id='word_1_696' title='bbox 1592 2702 1647 2730; x_wconf 89' lang='grc' dir='ltr'>τοῦ</span> <span class='ocrx_word' id='word_1_697' title='bbox 1669 2699 1855 2739; x_wconf 83' lang='grc' dir='ltr'>φιλοσόφου,</span> <span class='ocrx_word' id='word_1_698' title='bbox 1876 2699 1938 2732; x_wconf 75' lang='grc' dir='ltr'>ἀπὸ</span> <span class='ocrx_word' id='word_1_699' title='bbox 1957 2700 2107 2738; x_wconf 85' lang='grc' dir='ltr'>Ποτώνης</span> <span class='ocrx_word' id='word_1_700' title='bbox 2121 2702 2174 2739; x_wconf 83' lang='grc' dir='ltr'>τῆς</span> <span class='ocrx_word' id='word_1_701' title='bbox 2189 2699 2286 2733; x_wconf 73' lang='grc' dir='ltr'>αὐτοῦ</span> <span class='ocrx_word' id='word_1_702' title='bbox 2303 2699 2445 2741; x_wconf 66' lang='grc' dir='ltr'>ἀδελφῆς,</span> 
     </span>
     <span class='ocr_line' id='line_1_104' title="bbox 1404 2744 2447 2788; baseline 0.002 -12"><span class='ocrx_word' id='word_1_703' title='bbox 1404 2744 1558 2783; x_wconf 82' lang='grc' dir='ltr'>ἀκουστὴς</span> <span class='ocrx_word' id='word_1_704' title='bbox 1574 2745 1670 2778; x_wconf 85' lang='grc' dir='ltr'>αὐτοῦ</span> <span class='ocrx_word' id='word_1_705' title='bbox 1687 2746 1856 2784; x_wconf 85' lang='grc' dir='ltr'>Πλάτωνος</span> <span class='ocrx_word' id='word_1_706' title='bbox 1871 2747 1925 2779; x_wconf 84' lang='grc' dir='ltr'>καὶ</span> <span class='ocrx_word' id='word_1_707' title='bbox 1940 2746 2086 2788; x_wconf 83' lang='grc' dir='ltr'>διάδοχος</span> <span class='ocrx_word' id='word_1_708' title='bbox 2102 2746 2265 2787; x_wconf 70' lang='grc' dir='ltr'>γενόμενος</span> <span class='ocrx_word' id='word_1_709' title='bbox 2289 2750 2344 2785; x_wconf 81' lang='grc' dir='ltr'>τῆς</span> <span class='ocrx_word' id='word_1_710' title='bbox 2361 2746 2447 2778; x_wconf 77' lang='grc' dir='ltr'>ἀκα-</span> 
     </span>
    </p>
   </div>
   <div class='ocr_carea' id='block_1_14' title="bbox 1377 2786 2446 2854">
    <p class='ocr_par' dir='ltr' id='par_1_17' title="bbox 1377 2786 2446 2854">
     <span class='ocr_line' id='line_1_105' title="bbox 1377 2786 2446 2854; baseline 0.002 -31"><span class='ocrx_word' id='word_1_711' title='bbox 1377 2786 1382 2854; x_wconf 77' lang='grc' dir='ltr'>Ι</span> <span class='ocrx_word' id='word_1_712' title='bbox 1405 2791 1526 2832; x_wconf 86' lang='grc' dir='ltr'>δημίας.</span> <span class='ocrx_word' id='word_1_713' title='bbox 1543 2792 1733 2826; x_wconf 84' lang='lat' dir='ltr'>Ammonius</span> <span class='ocrx_word' id='word_1_714' title='bbox 1749 2793 1784 2826; x_wconf 91' lang='lat' dir='ltr'>in</span> <span class='ocrx_word' id='word_1_715' title='bbox 1800 2792 1870 2826; x_wconf 81' lang='lat' dir='ltr'>vita</span> <span class='ocrx_word' id='word_1_716' title='bbox 1893 2792 2079 2827; x_wconf 71' lang='lat' dir='ltr'>Aristotelis</span> <span class='ocrx_word' id='word_1_717' title='bbox 2097 2801 2107 2824; x_wconf 72' lang='grc' dir='ltr'>ε</span> <span class='ocrx_word' id='word_1_718' title='bbox 2131 2792 2210 2834; x_wconf 77' lang='grc' dir='ltr'>μετὰ</span> <span class='ocrx_word' id='word_1_719' title='bbox 2230 2792 2264 2826; x_wconf 66' lang='grc' dir='ltr'>δὲ</span> <span class='ocrx_word' id='word_1_720' title='bbox 2286 2795 2341 2826; x_wconf 76' lang='grc' dir='ltr'>τοῦ</span> <span class='ocrx_word' id='word_1_721' title='bbox 2356 2791 2446 2826; x_wconf 70' lang='grc' dir='ltr'>Πλά-</span> 
     </span>
    </p>
   </div>
   <div class='ocr_carea' id='block_1_15' title="bbox 1403 2838 2448 3264">
    <p class='ocr_par' dir='ltr' id='par_1_18' title="bbox 1403 2838 2448 3264">
     <span class='ocr_line' id='line_1_106' title="bbox 1403 2838 2443 2882; baseline 0.002 -12"><span class='ocrx_word' id='word_1_722' title='bbox 1403 2849 1499 2876; x_wconf 85' lang='grc' dir='ltr'>τωνος</span> <span class='ocrx_word' id='word_1_723' title='bbox 1514 2840 1656 2879; x_wconf 82' lang='grc' dir='ltr'>τελευτὴν</span> <span class='ocrx_word' id='word_1_724' title='bbox 1672 2841 1846 2882; x_wconf 80' lang='grc' dir='ltr'>διαδέχεται</span> <span class='ocrx_word' id='word_1_725' title='bbox 1865 2840 1920 2879; x_wconf 82' lang='grc' dir='ltr'>τὴν</span> <span class='ocrx_word' id='word_1_726' title='bbox 1945 2841 2057 2873; x_wconf 78' lang='grc' dir='ltr'>τούτου</span> <span class='ocrx_word' id='word_1_727' title='bbox 2081 2838 2200 2881; x_wconf 77' lang='grc' dir='ltr'>σχολὴν</span> <span class='ocrx_word' id='word_1_728' title='bbox 2220 2840 2421 2877; x_wconf 74' lang='grc' dir='ltr'>Σπεύσιππος</span> <span class='ocrx_word' id='word_1_729' title='bbox 2433 2863 2443 2879; x_wconf 77' lang='lat'>‚</span> 
     </span>
     <span class='ocr_line' id='line_1_107' title="bbox 1403 2885 2446 2928; baseline 0.001 -11"><span class='ocrx_word' id='word_1_730' title='bbox 1403 2886 1422 2918; x_wconf 80' lang='grc' dir='ltr'><strong>ὁ</strong></span> <span class='ocrx_word' id='word_1_731' title='bbox 1434 2885 1609 2925; x_wconf 80' lang='grc' dir='ltr'>ἀδελφιδοῦς</span> <span class='ocrx_word' id='word_1_732' title='bbox 1621 2886 1728 2919; x_wconf 80' lang='grc' dir='ltr'>αὐτοῦ·</span> <span class='ocrx_word' id='word_1_733' title='bbox 1745 2888 1810 2924; x_wconf 77' lang='grc' dir='ltr'>υἱὸς</span> <span class='ocrx_word' id='word_1_734' title='bbox 1829 2886 1888 2928; x_wconf 86' lang='grc' dir='ltr'>γὰρ</span> <span class='ocrx_word' id='word_1_735' title='bbox 1909 2886 1946 2926; x_wconf 82' lang='grc' dir='ltr'>ἣν</span> <span class='ocrx_word' id='word_1_736' title='bbox 1968 2886 2058 2925; x_wconf 83' lang='grc' dir='ltr'>οὗτος</span> <span class='ocrx_word' id='word_1_737' title='bbox 2076 2887 2223 2924; x_wconf 59' lang='lat' dir='ltr'>novam:</span> <span class='ocrx_word' id='word_1_738' title='bbox 2234 2909 2244 2928; x_wconf 88' lang='lat'>‚</span> <span class='ocrx_word' id='word_1_739' title='bbox 2261 2890 2316 2925; x_wconf 82' lang='grc' dir='ltr'>τῆς</span> <span class='ocrx_word' id='word_1_740' title='bbox 2333 2887 2446 2920; x_wconf 70' lang='grc' dir='ltr'>τούτου</span> 
     </span>
     <span class='ocr_line' id='line_1_108' title="bbox 1403 2933 2443 2977; baseline 0.002 -13"><span class='ocrx_word' id='word_1_741' title='bbox 1403 2933 1543 2973; x_wconf 76' lang='grc' dir='ltr'>ἀδελφῆς.</span> <span class='ocrx_word' id='word_1_742' title='bbox 1563 2933 1678 2967; x_wconf 80' lang='lat' dir='ltr'>Cicero</span> <span class='ocrx_word' id='word_1_743' title='bbox 1692 2933 1792 2966; x_wconf 81' lang='lat' dir='ltr'>Acad.</span> <span class='ocrx_word' id='word_1_744' title='bbox 1808 2935 1836 2974; x_wconf 90' lang='grc' dir='ltr'>Ι,</span> <span class='ocrx_word' id='word_1_745' title='bbox 1857 2935 1878 2967; x_wconf 83' lang='grc'>4</span> <span class='ocrx_word' id='word_1_746' title='bbox 1894 2934 1978 2966; x_wconf 81' lang='lat' dir='ltr'>Nam</span> <span class='ocrx_word' id='word_1_747' title='bbox 2005 2942 2111 2974; x_wconf 82' lang='lat' dir='ltr'>quum</span> <span class='ocrx_word' id='word_1_748' title='bbox 2128 2933 2366 2977; x_wconf 80' lang='lat' dir='ltr'>Speusippum,</span> <span class='ocrx_word' id='word_1_749' title='bbox 2386 2941 2443 2966; x_wconf 80' lang='lat' dir='ltr'>so-</span> 
     </span>
     <span class='ocr_line' id='line_1_109' title="bbox 1403 2978 2442 3023; baseline 0.002 -12"><span class='ocrx_word' id='word_1_750' title='bbox 1403 2978 1485 3011; x_wconf 83' lang='lat' dir='ltr'>roris</span> <span class='ocrx_word' id='word_1_751' title='bbox 1502 2978 1625 3020; x_wconf 87' lang='lat' dir='ltr'>filium,</span> <span class='ocrx_word' id='word_1_752' title='bbox 1643 2981 1737 3014; x_wconf 80' lang='lat' dir='ltr'>Plato</span> <span class='ocrx_word' id='word_1_753' title='bbox 1758 2980 1973 3023; x_wconf 70' lang='lat' dir='ltr'>philosophiae</span> <span class='ocrx_word' id='word_1_754' title='bbox 1998 2981 2096 3023; x_wconf 78' lang='lat' dir='ltr'>quasi</span> <span class='ocrx_word' id='word_1_755' title='bbox 2115 2979 2272 3014; x_wconf 74' lang='lat' dir='ltr'>heredem</span> <span class='ocrx_word' id='word_1_756' title='bbox 2287 2979 2442 3022; x_wconf 73' lang='lat' dir='ltr'>reliquis·</span> 
     </span>
     <span class='ocr_line' id='line_1_110' title="bbox 1403 3028 2446 3073; baseline 0.001 -12"><span class='ocrx_word' id='word_1_757' title='bbox 1403 3029 1464 3062; x_wconf 78' lang='lat' dir='ltr'>set.</span> <span class='ocrx_word' id='word_1_758' title='bbox 1479 3029 1658 3063; x_wconf 74' lang='lat' dir='ltr'>Athenaeus</span> <span class='ocrx_word' id='word_1_759' title='bbox 1676 3028 1733 3064; x_wconf 85' lang='lat' dir='ltr'>lib.</span> <span class='ocrx_word' id='word_1_760' title='bbox 1751 3030 1814 3064; x_wconf 85' lang='lat' dir='ltr'>vn</span> <span class='ocrx_word' id='word_1_761' title='bbox 1834 3038 1909 3072; x_wconf 85' lang='lat' dir='ltr'>pag.</span> <span class='ocrx_word' id='word_1_762' title='bbox 1928 3033 1998 3063; x_wconf 84' lang='lat'>279.</span> <span class='ocrx_word' id='word_1_763' title='bbox 2025 3038 2054 3063; x_wconf 86' lang='lat' dir='ltr'>e.</span> <span class='ocrx_word' id='word_1_764' title='bbox 2074 3031 2111 3063; x_wconf 84' lang='grc' dir='ltr'>οὐ</span> <span class='ocrx_word' id='word_1_765' title='bbox 2136 3032 2258 3073; x_wconf 74' lang='grc' dir='ltr'>μακρὰν</span> <span class='ocrx_word' id='word_1_766' title='bbox 2278 3031 2311 3064; x_wconf 77' lang='grc' dir='ltr'>δὲ</span> <span class='ocrx_word' id='word_1_767' title='bbox 2328 3030 2446 3063; x_wconf 83' lang='grc' dir='ltr'>τούτων</span> 
     </span>
     <span class='ocr_line' id='line_1_111' title="bbox 1408 3077 2443 3118; baseline 0.002 -10"><span class='ocrx_word' id='word_1_768' title='bbox 1408 3077 1445 3116; x_wconf 82' lang='grc' dir='ltr'>ἦν</span> <span class='ocrx_word' id='word_1_769' title='bbox 1459 3077 1512 3109; x_wconf 85' lang='grc' dir='ltr'>καὶ</span> <span class='ocrx_word' id='word_1_770' title='bbox 1532 3078 1779 3118; x_wconf 75' lang='grc' dir='ltr'>Σπεύσιππος,ὀ</span> <span class='ocrx_word' id='word_1_771' title='bbox 1802 3077 1969 3115; x_wconf 80' lang='grc' dir='ltr'>Πλάτωνος</span> <span class='ocrx_word' id='word_1_772' title='bbox 1983 3077 2139 3116; x_wconf 77' lang='grc' dir='ltr'>ἀκουστὴς</span> <span class='ocrx_word' id='word_1_773' title='bbox 2154 3079 2206 3110; x_wconf 80' lang='grc' dir='ltr'>καὶ</span> <span class='ocrx_word' id='word_1_774' title='bbox 2225 3078 2386 3118; x_wconf 82' lang='grc' dir='ltr'>συγγενής.</span> <span class='ocrx_word' id='word_1_775' title='bbox 2404 3094 2443 3100; x_wconf 93' lang='grc'><strong>-</strong></span> 
     </span>
     <span class='ocr_line' id='line_1_112' title="bbox 1410 3121 2448 3166; baseline 0.001 -11"><span class='ocrx_word' id='word_1_776' title='bbox 1410 3123 1476 3164; x_wconf 83' lang='grc'>(50)</span> <span class='ocrx_word' id='word_1_777' title='bbox 1501 3123 1684 3165; x_wconf 85' lang='lat' dir='ltr'>Stephanus</span> <span class='ocrx_word' id='word_1_778' title='bbox 1699 3125 1874 3166; x_wconf 79' lang='lat' dir='ltr'>Byzantius</span> <span class='ocrx_word' id='word_1_779' title='bbox 1889 3131 1962 3166; x_wconf 84' lang='lat' dir='ltr'>pag.</span> <span class='ocrx_word' id='word_1_780' title='bbox 1986 3126 2049 3157; x_wconf 85' lang='lat'>464</span> <span class='ocrx_word' id='word_1_781' title='bbox 2067 3121 2119 3157; x_wconf 80' lang='lat' dir='ltr'>ed.</span> <span class='ocrx_word' id='word_1_782' title='bbox 2138 3123 2286 3158; x_wconf 85' lang='lat' dir='ltr'>Meineke</span> <span class='ocrx_word' id='word_1_783' title='bbox 2307 3132 2316 3154; x_wconf 76' lang='grc' dir='ltr'>ι</span> <span class='ocrx_word' id='word_1_784' title='bbox 2331 3122 2448 3166; x_wconf 75' lang='grc' dir='ltr'>Μυῤῥι-</span> 
     </span>
     <span class='ocr_line' id='line_1_113' title="bbox 1408 3172 2447 3218; baseline 0.002 -14"><span class='ocrx_word' id='word_1_785' title='bbox 1408 3176 1494 3213; x_wconf 82' lang='grc' dir='ltr'>νοῦς,</span> <span class='ocrx_word' id='word_1_786' title='bbox 1514 3175 1609 3215; x_wconf 78' lang='grc' dir='ltr'>δῆμος</span> <span class='ocrx_word' id='word_1_787' title='bbox 1627 3179 1681 3215; x_wconf 85' lang='grc' dir='ltr'>τῆς</span> <span class='ocrx_word' id='word_1_788' title='bbox 1709 3174 1912 3212; x_wconf 84' lang='grc' dir='ltr'>Πανδιονίδος</span> <span class='ocrx_word' id='word_1_789' title='bbox 1941 3174 2047 3216; x_wconf 84' lang='grc' dir='ltr'>φυλῆς·</span> <span class='ocrx_word' id='word_1_790' title='bbox 2074 3175 2092 3207; x_wconf 84' lang='grc' dir='ltr'>ό</span> <span class='ocrx_word' id='word_1_791' title='bbox 2111 3175 2246 3215; x_wconf 82' lang='grc' dir='ltr'>δημότης</span> <span class='ocrx_word' id='word_1_792' title='bbox 2273 3172 2447 3218; x_wconf 65' lang='grc' dir='ltr'>Μυρρινού-</span> 
     </span>
     <span class='ocr_line' id='line_1_114' title="bbox 1406 3221 2440 3264; baseline -0.003 -7"><span class='ocrx_word' id='word_1_793' title='bbox 1406 3231 1483 3257; x_wconf 75' lang='grc' dir='ltr'>σιος.</span> <span class='ocrx_word' id='word_1_794' title='bbox 1505 3238 1546 3245; x_wconf 91' lang='lat'>-—</span> <span class='ocrx_word' id='word_1_795' title='bbox 1558 3221 1624 3263; x_wconf 75' lang='lat'>(51)</span> <span class='ocrx_word' id='word_1_796' title='bbox 1642 3222 1838 3256; x_wconf 80' lang='lat' dir='ltr'>Plutarchus</span> <span class='ocrx_word' id='word_1_797' title='bbox 1855 3222 1897 3256; x_wconf 87' lang='lat' dir='ltr'>de</span> <span class='ocrx_word' id='word_1_798' title='bbox 1915 3222 2057 3255; x_wconf 79' lang='lat' dir='ltr'>fraterno</span> <span class='ocrx_word' id='word_1_799' title='bbox 2077 3228 2190 3255; x_wconf 86' lang='lat' dir='ltr'>amore</span> <span class='ocrx_word' id='word_1_800' title='bbox 2207 3229 2280 3264; x_wconf 76' lang='lat' dir='ltr'>cap.</span> <span class='ocrx_word' id='word_1_801' title='bbox 2302 3223 2340 3254; x_wconf 82' lang='lat'>21</span> <span class='ocrx_word' id='word_1_802' title='bbox 2364 3221 2440 3254; x_wconf 68' lang='lat' dir='ltr'>Vol.</span> 
     </span>
    </p>
   </div>
   <div class='ocr_carea' id='block_1_16' title="bbox 1377 3268 2446 3312">
    <p class='ocr_par' dir='ltr' id='par_1_19' title="bbox 1377 3268 2446 3312">
     <span class='ocr_line' id='line_1_115' title="bbox 1377 3268 2446 3312; baseline 0.003 -13"><span class='ocrx_word' id='word_1_803' title='bbox 1377 3288 1381 3299; x_wconf 83' lang='lat'>.</span> <span class='ocrx_word' id='word_1_804' title='bbox 1404 3268 1432 3299; x_wconf 91' lang='grc' dir='ltr'>Χ</span> <span class='ocrx_word' id='word_1_805' title='bbox 1454 3276 1526 3309; x_wconf 84' lang='lat' dir='ltr'>pag.</span> <span class='ocrx_word' id='word_1_806' title='bbox 1543 3271 1581 3302; x_wconf 87' lang='grc'>67</span> <span class='ocrx_word' id='word_1_807' title='bbox 1603 3278 1671 3312; x_wconf 88' lang='lat' dir='ltr'>seq.</span> <span class='ocrx_word' id='word_1_808' title='bbox 1690 3270 1742 3305; x_wconf 83' lang='lat' dir='ltr'>ed.</span> <span class='ocrx_word' id='word_1_809' title='bbox 1764 3271 1904 3304; x_wconf 76' lang='lat' dir='ltr'>nutten.</span> <span class='ocrx_word' id='word_1_810' title='bbox 1922 3270 2017 3303; x_wconf 80' lang='grc' dir='ltr'>Οὕτω</span> <span class='ocrx_word' id='word_1_811' title='bbox 2033 3269 2086 3303; x_wconf 87' lang='grc' dir='ltr'>καὶ</span> <span class='ocrx_word' id='word_1_812' title='bbox 2106 3269 2238 3303; x_wconf 83' lang='grc' dir='ltr'>Πλάτων</span> <span class='ocrx_word' id='word_1_813' title='bbox 2267 3268 2446 3312; x_wconf 64' lang='grc' dir='ltr'>ἀδελφιδοῦν</span> 
     </span>
    </p>
   </div>
   <div class='ocr_carea' id='block_1_17' title="bbox 1402 3313 2446 3454">
    <p class='ocr_par' dir='ltr' id='par_1_20' title="bbox 1402 3313 2446 3454">
     <span class='ocr_line' id='line_1_116' title="bbox 1402 3313 2446 3359; baseline 0.006 -15"><span class='ocrx_word' id='word_1_814' title='bbox 1402 3313 1476 3346; x_wconf 83' lang='grc' dir='ltr'>ὄντα</span> <span class='ocrx_word' id='word_1_815' title='bbox 1495 3315 1693 3350; x_wconf 84' lang='grc' dir='ltr'>Σπεύσιππον</span> <span class='ocrx_word' id='word_1_816' title='bbox 1714 3318 1750 3350; x_wconf 86' lang='grc' dir='ltr'>ἐκ</span> <span class='ocrx_word' id='word_1_817' title='bbox 1765 3318 1879 3357; x_wconf 83' lang='grc' dir='ltr'>πολλῆς</span> <span class='ocrx_word' id='word_1_818' title='bbox 1894 3317 2027 3355; x_wconf 81' lang='grc' dir='ltr'>ἀνέσεως</span> <span class='ocrx_word' id='word_1_819' title='bbox 2042 3318 2096 3350; x_wconf 85' lang='grc' dir='ltr'>καὶ</span> <span class='ocrx_word' id='word_1_820' title='bbox 2116 3317 2286 3354; x_wconf 81' lang='grc' dir='ltr'>ἀκολασίας</span> <span class='ocrx_word' id='word_1_821' title='bbox 2300 3315 2446 3359; x_wconf 58' lang='lat' dir='ltr'>ntoru-</span> 
     </span>
     <span class='ocr_line' id='line_1_117' title="bbox 1405 3361 2442 3407; baseline -0.004 -7"><span class='ocrx_word' id='word_1_822' title='bbox 1405 3362 1479 3400; x_wconf 64' lang='grc' dir='ltr'>ψῑν,</span> <span class='ocrx_word' id='word_1_823' title='bbox 1503 3361 1589 3395; x_wconf 77' lang='grc' dir='ltr'>οὐδὲν</span> <span class='ocrx_word' id='word_1_824' title='bbox 1607 3364 1671 3397; x_wconf 82' lang='grc' dir='ltr'>οὔτ’</span> <span class='ocrx_word' id='word_1_825' title='bbox 1696 3365 1792 3399; x_wconf 74' lang='grc' dir='ltr'>εἰπὼν</span> <span class='ocrx_word' id='word_1_826' title='bbox 1816 3364 1962 3407; x_wconf 80' lang='grc' dir='ltr'>ἀνιαρόν,</span> <span class='ocrx_word' id='word_1_827' title='bbox 1979 3365 2050 3398; x_wconf 77' lang='grc' dir='ltr'>οὔτε</span> <span class='ocrx_word' id='word_1_828' title='bbox 2077 3365 2212 3403; x_wconf 82' lang='grc' dir='ltr'>ποιήσας</span> <span class='ocrx_word' id='word_1_829' title='bbox 2234 3365 2310 3406; x_wconf 81' lang='grc' dir='ltr'>πρὸς</span> <span class='ocrx_word' id='word_1_830' title='bbox 2330 3362 2442 3404; x_wconf 71' lang='grc' dir='ltr'>αὐτόν,</span> 
     </span>
     <span class='ocr_line' id='line_1_118' title="bbox 1405 3405 2444 3454; baseline -0.004 -8"><span class='ocrx_word' id='word_1_831' title='bbox 1405 3405 1480 3437; x_wconf 68' lang='grc' dir='ltr'>ἀλλὰ</span> <span class='ocrx_word' id='word_1_832' title='bbox 1494 3408 1633 3452; x_wconf 65' lang='grc' dir='ltr'>φεύγοντι</span> <span class='ocrx_word' id='word_1_833' title='bbox 1646 3412 1716 3449; x_wconf 78' lang='grc' dir='ltr'>τοὺς</span> <span class='ocrx_word' id='word_1_834' title='bbox 1732 3414 1828 3453; x_wconf 80' lang='grc' dir='ltr'>γονεῖς</span> <span class='ocrx_word' id='word_1_835' title='bbox 1839 3411 2024 3454; x_wconf 79' lang='grc' dir='ltr'>ἐλέγχοντας</span> <span class='ocrx_word' id='word_1_836' title='bbox 2037 3412 2131 3445; x_wconf 83' lang='grc' dir='ltr'>αὐτὸν</span> <span class='ocrx_word' id='word_1_837' title='bbox 2142 3411 2189 3444; x_wconf 78' lang='grc' dir='ltr'>ἀεὶ</span> <span class='ocrx_word' id='word_1_838' title='bbox 2202 3412 2263 3444; x_wconf 76' lang='grc' dir='ltr'>κᾶν</span> <span class='ocrx_word' id='word_1_839' title='bbox 2275 3411 2444 3452; x_wconf 68' lang='grc' dir='ltr'>λοιδοροῦνν</span> 
     </span>
    </p>
   </div>
   <div class='ocr_carea' id='block_1_18' title="bbox 2483 45 2528 936">
    <p class='ocr_par' dir='ltr' id='par_1_21' title="bbox 2483 45 2528 936">
     <span class='ocr_line' id='line_1_119' title="bbox 2483 45 2528 936; baseline 0 0"><span class='ocrx_word' id='word_1_840' title='bbox 2483 45 2528 936; x_wconf 95' lang='lat' dir='ltr'> </span> 
     </span>
    </p>
   </div>
  </div>
 </body>
</html>
