2508 3776
269 249 346 287 364
536 234 540 238 ’
1083 241 1359 282 ANDRONJCI
1386 242 1564 283 anona

267 337 316 374 τῶ
345 332 467 384 δικαίῳ
493 333 511 369 6
542 332 603 375 τῆς
636 328 870 378 δικαιοσύνης·
903 330 963 369 καὶ
997 331 1055 370 ἐπὶ
1085 333 1154 370 τῶν
1175 331 1289 370 ἄλλων

266 391 403 440 ὁμοίως.
425 391 539 429 Τοῦτο
565 387 631 440 γάρ
661 390 753 426 ἐστιν
778 390 797 426 6
824 386 924 440 λόγος
949 390 1017 427 τῶν
1040 388 1220 441 πράξεων,
1254 388 1292 427 τὸ

265 448 355 487 κατὰ
370 447 431 494 τὴν
451 446 517 491 ἕξιν
537 446 706 519 γίνεσθαι·
725 445 800 498 ὅρος
817 445 884 499 γάρ
910 447 1002 484 ἐστιν
1022 446 1158 499 ἑκάστῳ
1179 447 1216 485 τὸ
1237 445 1292 484 τέ-

269 508 326 550 λος
345 508 461 544 αὐτοῦ·
483 506 500 541 6
523 503 585 554 μὲν
607 497 665 542 ουν
698 505 859 556 ἀνδρεῖος
885 505 920 542 ἐν
951 506 1000 557 τῷ
1022 504 1131 543 δέοντι
1163 503 1223 543 καὶ
1243 506 1292 555 τῷ

264 563 473 616 προσήκοντι
495 561 634 609 ἔστηκε.

317 620 334 638 *
354 623 435 660 Τῶν
463 620 497 659 δὲ
520 618 806 672 ὖπερὸαλλόντων
828 622 846 657 6
868 618 929 669 μὲν
955 621 1005 672 τῷ
1025 619 1074 670 μὴ
1107 620 1287 673 φοὸεῖσθαι

262 680 490 731 ὖπερὸάλλων
504 707 514 726 ,
539 678 727 729 ἀνώνυμος·
751 677 885 730 εἴρηται
902 679 931 715 δ’
961 681 1045 728 ἡμῖν
1067 679 1100 716 ἐν
1122 679 1190 722 τοῖς
1211 678 1295 730 πρό-

261 753 378 790 τερον,
414 737 467 776 ὅτι
497 735 611 775 πολλά
635 737 727 774 ἐστιν
765 736 946 787 ἀνώνυμα·
981 738 1124 775 καλοῖτο
1155 736 1183 775 δ’
1213 735 1254 774 ἂν
1276 739 1293 774 6

260 801 410 840 τοιοῦτος
430 795 657 847 μαινόμενος,
678 794 698 842 ἢ
717 794 931 847 ἀνάλγητος,
957 795 988 835 εἰ
1016 794 1123 845 μηδὲν
1141 795 1292 848 φοὸοῒτο,

260 856 347 907 μήτε
370 854 510 905 σεισμὸν
532 854 622 903 μήτε
638 853 777 904 κύματα
792 884 802 904 ,
824 853 978 906 καθάπερ
996 853 1080 908 φασὶ
1100 853 1176 898 τοὺς
1203 856 1290 893 Κελ·

259 913 352 956 τούς·
375 917 393 952 6
425 912 461 950 δὲ
481 913 531 964 τῷ
551 913 687 964 θαρρεῖν
718 911 946 963 saepedum
967 910 1048 964 περὶ
1073 911 1117 950 τὰ
1136 912 1290 965 φοὸεροί,

259 971 396 1023 θρασύς.
415 971 521 1009 Δοκεῖ
536 970 570 1009 δὲ
587 969 647 1009 καὶ
662 970 796 1015 ἀλαζὼν
816 974 902 1008 εἶναι
922 973 940 1008 6
958 970 1082 1023 θρασὺς
1102 970 1164 1010 καὶ
1184 987 1291 1024 προσ-

257 1030 433 1078 ποιητικὸς
452 1022 541 1067 εἶναι
569 1028 738 1081 ἀνδρείας·
757 1028 1011 1081 χρηματίζεται
1042 1028 1109 1082 γὰρ
1137 1030 1291 1081 ἀνδρεῖος

259 1094 358 1128 εἰναι·
378 1091 424 1133 ὡς
442 1087 546 1140 γὰρ’
531 1088 660 1131 εκεῖνος
687 1086 767 1139 περὶ
798 1087 841 1126 τὰ
862 1086 1039 1148 φοὸερὰ”
1019 1103 1112 1140 εχει,
1149 1087 1255 1133 οὕτως
1274 1092 1291 1127 6

258 1148 384 1201 θρασυς
406 1148 567 1200 βούλεται
593 1146 788 1198 φαίνεσθαι.
815 1145 877 1186 Ἐν
899 1149 949 1190 οἱς
972 1139 1031 1185 οῧν
1062 1146 1205 1185 δύναται
1231 1164 1290 1198 μι-

259 1210 390 1259 μεῒται·
410 1206 462 1245 διὸ
481 1204 542 1244 καί
564 1205 649 1243 εἰσιν
678 1204 710 1242 οἱ
731 1203 853 1242 πολλοὶ
876 1205 989 1241 αὐτῶν
1009 1203 1236 1257 θρασύδειλοι·
1256 1206 1290 1242 ἐν

256 1265 389 1309 τούτοις
407 1263 474 1316 γὰρ
492 1261 764 1316 θρασυνόμενοι,
786 1261 829 1300 τὰ
852 1260 983 1314 φοὸερὰ
1005 1262 1070 1312 οὐχ
1095 1261 1289 1312 ὑπομένου-

257 1337 326 1361 σιν.
352 1321 398 1361 Ὁ
426 1320 461 1360 δὲ
486 1322 537 1373 τῷ
567 1320 746 1372 φοὸεἴσθαι
766 1319 1016 1371 ὑπερὸάλλων,
1038 1318 1162 1363 δειλός·
1186 1320 1241 1357 ὅτι
1267 1319 1290 1358 ἃ

256 1380 304 1432 μὴ
327 1382 377 1420 δεῖ
396 1379 553 1433 φοὸεῖται
567 1408 577 1426 ,
611 1377 671 1417 καὶ
688 1380 752 1430 οὐχ
781 1380 827 1421 ὥς
848 1378 921 1415 δεῖ·
940 1376 1091 1415 ἐλλείπει
1109 1375 1144 1414 δὲ
1161 1374 1220 1414 καὶ
1238 1379 1289 1429 τῷ

254 1441 410 1494 θαῤῥεῑν,
430 1437 641 1490 ὓπερὸάλλει
659 1436 694 1475 δὲ
714 1438 747 1474 ἐν
763 1441 842 1479 ταῖς
859 1435 1010 1483 λύπαις,
1032 1434 1094 1474 καὶ
1125 1434 1287 1480 δύσελπίς

252 1501 302 1545 τίς
321 1502 412 1538 ἐστιν
430 1501 448 1537 6
469 1498 592 1542 δειλός·
616 1497 731 1536 ποίντα
751 1496 816 1549 γὰρ
834 1496 1005 1549 φοδεῖται.

305 1555 341 1574 **
351 1557 396 1596 ‘O
415 1556 450 1596 δὲ
467 1557 631 1609 ἀνδρεῖος,
646 1554 806 1598 ἐναντίος·
827 1553 962 1597 εὔελπις
978 1553 1044 1606 γάρ
1065 1553 1148 1592 ἐστι·
1162 1552 1203 1592 τὸ
1219 1553 1286 1606 γὰρ

253 1618 400 1691 θαρρεῖν
412 1615 480 1653 ἀπὸ
496 1618 555 1653 τοῦ
571 1614 618 1652 τὰ
640 1611 778 1665 χρηστὰ
794 1611 946 1659 ἐλπίζειν
963 1611 1110 1663 γίνεται.
1131 1610 1221 1665 Περὶ
1241 1612 1285 1651 τὰ

253 1674 341 1714 αὐτὰ
362 1673 423 1726 μὲν
444 1666 501 1713 ουν
522 1670 582 1712 καὶ
598 1674 616 1711 6
630 1669 761 1722 δειλός,
778 1669 839 1710 καὶ
865 1674 883 1709 6
903 1670 1030 1723 θρασύς
1057 1672 1149 1719 ἐστι,
1181 1670 1243 1710 καὶ
1268 1674 1286 1710 6

255 1734 417 1786 ἀνδρεῖος·
449 1730 516 1770 εἶσὶ
549 1731 615 1784 γὰρ
645 1729 726 1782 περὶ
761 1732 805 1768 τὰ
830 1730 962 1783 φοὸερὰ
999 1727 1061 1768 καὶ
1094 1729 1246 1783 θαῤῥαλέ
1249 1745 1282 1767 α·

252 1792 328 1831 ἀλλ’
354 1793 421 1843 οὐχ
439 1789 589 1841 ὁμοίως,
622 1788 791 1842 διαφόρως
824 1789 891 1841 γὰρ
923 1787 1039 1840 ἔχουσι
1067 1789 1151 1841 πρὸς
1179 1788 1281 1827 αὐτά·

252 1853 283 1890 οἱ
305 1850 366 1902 μὲν
386 1849 453 1900 γὰρ
479 1847 733 1899 ὖπερὸάλλουσι
765 1846 824 1885 καὶ
855 1849 1084 1885 ἐλλείπουσιν·
1110 1849 1128 1884 6
1154 1845 1190 1884 δὲ
1220 1846 1285 1896 μέ-

252 1925 321 1953 σως
347 1908 442 1960 ἔχει,
469 1907 528 1945 καὶ
549 1908 605 1945 ἐπὶ
637 1910 695 1944 τοῦ
724 1905 857 1950 δέοντος
879 1904 1034 1944 ἵσταται.
1064 1905 1136 1944 Καὶ
1156 1906 1186 1943 οἱ
1218 1905 1284 1955 μὲν

252 1970 390 2019 θρασεῖς
409 1969 594 2017 προπετεῖς
607 1993 616 2011 ,
643 1962 703 2001 καὶ
723 1962 791 2015 πρὸ
810 1965 878 2001 τῶν
910 1962 1072 2001 κινδύνων
1097 1965 1284 2014 ὁρμῶντες,

251 2023 311 2062 καὶ
326 2022 455 2077 σφόδρα
478 2021 679 2074 βουλόμενοι
698 2021 741 2059 τὰ
764 2020 880 2068 δεινοί,
902 2021 937 2058 ἐν
958 2021 1072 2064 αὐτοῖς
1093 2021 1127 2059 δὲ
1143 2020 1286 2072 γενόμε-

251 2096 301 2118 νοι
333 2081 570 2126 ἀποπηδῶσιν·
592 2095 622 2116 οι
644 2079 679 2116 δὲ
700 2079 848 2130 ἀνδρεῖοι
873 2078 1095 2129 τούναντίον,
1117 2080 1151 2116 ἐν
1172 2081 1284 2124 αὐτοῖς

251 2139 312 2190 μὲν
330 2144 399 2183 τοῖς
413 2139 528 2199 εργοις
544 2138 639 2187 ὀξεῖς,
656 2136 820 2189 πρότερον
838 2137 874 2176 δὲ
889 2138 1072 2190 ἡσυχίαν”
1051 2153 1185 2189 αγουσι.
1209 2140 1283 2177 Κα-

251 2198 361 2249 θάπερ
395 2200 453 2235 οὖν
479 2196 630 2248 εἴρηται,
650 2198 672 2242 ἡ
694 2196 834 2248 ἀνδρεία
863 2202 881 2219 ¹¹
916 2195 1064 2246 μεσότης
1097 2200 1172 2236 ἐστὶ
1204 2198 1284 2251 περὶ

251 2256 400 2309 θαῤῥαλὲ
403 2271 424 2293 α
444 2255 503 2293 καὶ
524 2253 678 2306 φοὸερά,
700 2253 813 2298 καθὼς
834 2255 896 2293 δεῖ·
914 2254 975 2293 καὶ
1001 2255 1053 2294 ὅτι
1073 2255 1201 2304 καλόν,
1225 2258 1284 2295 αἳ-

251 2318 358 2367 ρεῖται
379 2331 438 2353 και
454 2314 637 2365 ὑπομένει,
657 2313 716 2351 καὶ
739 2312 791 2351 ὅτι
813 2313 861 2363 μὴ
885 2315 1054 2367 αἱρεῖσθαι
1074 2314 1133 2352 και
1150 2314 1284 2365 ὑπομέ-

248 2387 339 2420 νειν,
362 2371 520 2424 αἰσχρόν.

303 2430 356 2448 ***
372 2431 424 2470 T6
442 2430 477 2468 δὲ
497 2429 726 2476 ἀποθνήσκειν
747 2431 955 2481 βουληθῆναι
970 2430 1024 2467 διὰ
1038 2429 1206 2479 πενίαν,ἢ
1228 2431 1283 2469 διὰ

250 2490 387 2542 ἔρωτα,
414 2490 476 2527 οὐκ
495 2487 587 2527 ἔστιν
610 2487 789 2540 ἀνδρείας,
812 2487 902 2526 ἀλλὰ
923 2490 1054 2538 μᾶλλον
1084 2489 1223 2532 δειλίας·
1245 2490 1283 2528 τὸ

250 2548 316 2600 γὰρ
330 2546 467 2600 φεύγειν
483 2547 527 2585 τὰ
541 2546 704 2596 ἐπίπονα,
721 2545 894 2597 μαλακίας
910 2547 969 2584 καὶ
985 2545 1210 2599 χαυνότητος.
1228 2550 1281 2588 Οὐ

250 2606 316 2658 γὰρ
335 2605 483 2656 αἳρεῖταί
505 2621 555 2648 τις
568 2605 628 2643 τὸν
650 2619 804 2643 τοιουτον
820 2605 965 2643 θάνατον
986 2603 1040 2642 ὅτι
1060 2603 1181 2655 καλός,
1204 2606 1282 2644 ἀλλ’

249 2664 300 2702 ὅτι
320 2662 505 2714 ἀπαλλαγή
528 2665 600 2701 ἐστι
619 2666 749 2710 κακοῦ,
775 2661 794 2701 ὃ
814 2663 927 2736 φέρειν
948 2663 986 2700 06
1008 2662 1167 2700 δύναται·
1185 2663 1225 2701 τὸ
1245 2663 1280 2702 δὲ

248 2722 354 2765 οὕτως
376 2722 488 2773 ἔχειν,
513 2721 654 2765 δειλίας.
675 2721 722 2759 Ἡ
740 2720 802 2771 μὲν
819 2714 876 2758 ουν
900 2721 1040 2773 ἀνδρεία
1059 2719 1212 2760 τοιουτόν
1227 2737 1279 2764 τι.

303 2780 546 2831 (801·1ρ51;“
574 2778 750 2831 ἀνδρείας]
781 2792 829 2816 ex
851 2779 1079 2826 Aristotele3
1102 2779 1189 2818 cod.
1214 2783 1279 2818 ἀν-

248 2838 356 2890 δρίας.
377 2836 578 2887 -ὓκύριοί
593 2835 715 2890 ἐσμεν]
734 2838 853 2887 vulgo
864 2837 973 2890 κύριοι
985 2837 1102 2887 ἐσμὲν.
1120 2859 1174 2866 -
1192 2843 1205 2861 ⁰
1219 2838 1279 2875 06-

247 2895 347 2947 κέτι]
364 2896 451 2936 cod.
467 2896 527 2933 οὐκ
538 2896 601 2935 ἔτι.
623 2916 674 2924 —
688 2893 703 2915 ‘³
721 2895 898 2946 ἀνδρείας]
921 2897 1006 2933 cod.
1028 2895 1179 2947 ἀνδρίας.
1198 2899 1279 2924 —e

250 2952 443 3005 ὁριζόμενοί
470 2953 601 3006 φασιν]
624 2953 740 3002 vulgo
769 2952 956 3004 ὁριζόμενοι
977 2953 1096 3006 φασὶν.
1119 2975 1171 2983 -
1191 2953 1203 2976 f
1218 2954 1280 2992 οὖκ

247 3011 358 3063 εἰσὶν]
380 3012 499 3061 vulgo
530 3013 591 3049 οὔκ
611 3012 707 3050 εἶσιν.
738 3033 790 3040 --
806 3016 823 3041 Ε
851 3011 987 3064 οὐκέτι]
1021 3012 1110 3052 cod.
1132 3013 1194 3050 οὗκ
1209 3012 1276 3054 ἔτι.

246 3092 300 3102 -
315 3073 334 3096 ¹²
352 3069 488 3122 οὐκέτι]
507 3069 626 3119 vulgo
646 3070 708 3107 οὐκ
728 3069 792 3109 ἔτι.
815 3090 868 3099 ·—
886 3069 898 3093 i
917 3072 1062 3122 χώραν]
1084 3071 1179 3109 cod.
1224 3072 1272 3108 ῶ-

249 3143 326 3182 ραν.
348 3150 399 3157 --
417 3126 435 3150 k
464 3125 641 3179 ἀνδρείας]
675 3126 763 3165 ood.
803 3127 953 3179 ἀνδρίας.
987 3127 1066 3157 —¹
1090 3128 1277 3179 ἀνδρείαν]

260 3188 347 3227 cod.
372 3186 514 3237 ἀνδρίαν
545 3190 635 3215 —m
653 3184 843 3237 ἀνδρείας]
875 3186 992 3234 vulgo
1016 3186 1164 3237 ἀνδρίας.
1188 3207 1241 3215 -
1261 3192 1277 3209 ¹¹

248 3245 408 3297 ἀνδρεία]
428 3246 515 3283 cod.
541 3242 680 3295 ἀνδρία.
702 3242 778 3294 ->

254 3324 292 3333 ,ν-

287 3363 304 3379 *
324 3363 396 3397 Τῶν
413 3361 448 3394 δὲ
461 3361 723 3407 ὑπερὸαλλὸττων
740 3359 814 3391 κτλ.
836 3376 878 3384 ·-—
896 3360 932 3379 **
955 3359 995 3394 ‘0
1012 3360 1048 3393 δὲ
1060 3361 1218 3406 ἀνδρεῖος,
1244 3361 1380 3401 ἐναννίος
1396 3363 1464 3396 κτλ,
1488 3376 1529 3384 ·—
1550 3360 1605 3378 ***

1351 335 1429 369 forti
1446 335 1648 370 fortitudinis
1675 336 1779 376 ratio,
1808 337 1894 371 sicut
1910 338 2001 381 iusto
2012 339 2177 382 iustitiae:
2204 343 2237 374 et
2258 341 2292 374 in
2309 339 2383 375 aliis

1352 394 1511 429 similiter.
1532 397 1611 429 Haec
1631 395 1718 428 enim
1735 398 1786 430 est
1813 397 1979 430 actionum
2007 398 2108 438 ratio,
2135 402 2172 432 ut
2198 399 2379 432 secundum

1351 453 1502 486 habitum
1516 453 1614 495 liant,
1631 454 1786 496 quoniam
1798 455 1959 489 terminus
1973 456 2074 490 etiam
2085 466 2165 490 suus
2179 458 2298 501 cuique
2307 457 2382 492 finis

1353 513 1403 544 est
1418 525 1426 545 z
1447 511 1543 546 fortis
1559 512 1659 555 igitur
1673 513 1709 546 in
1725 522 1763 547 eo
1778 514 1868 556 quod
1883 522 2017 556 aequum
2033 516 2083 548 est
2106 517 2206 557 atque
2222 515 2258 549 in
2271 514 2381 549 officio

1352 570 1511 604 consistit.

1393 629 1443 660 Ex
1462 627 1502 661 iis
1523 630 1633 662 autem
1649 621 1708 671 qui
1735 629 1871 662 modum
1895 629 2077 671 excedunt,
2103 630 2132 663 is
2147 630 2205 673 qul
2227 638 2292 664 non
2314 636 2377 664 me*

1352 677 1474 710 tuendo
1491 679 1631 718 excedit,
1654 681 1743 712 caret
1756 679 1913 712 nomine:
1932 688 2004 713 esse
2028 688 2108 712 vero
2123 679 2238 718 multa,
2259 680 2382 723 quibus

1352 725 1504 768 imposita
1522 729 1652 768 nomina
1678 738 1743 762 non
1762 730 1870 762 essent
1894 737 1993 771 supra
2008 728 2181 762 diximus.
2171 727 2258 761 ·sed
2271 728 2384 772 appel-

1353 774 1412 808 lari
1436 778 1555 819 poterit
1576 779 1652 812 talis
1666 779 1719 812 vel
1743 779 1879 813 insanus
1896 779 1949 812 vel
1968 779 2091 812 doloris
2109 787 2236 821 expers,
2255 778 2286 814 sl
2298 778 2384 822 nihil

1352 828 1489 868 metuat,
1510 838 1615 871 neque
1635 831 1732 863 terras
1744 832 1872 862 motum
1885 838 1990 871 neque
2002 830 2142 869 fluetus,
2159 829 2273 872 quales
2293 828 2384 870 nsunt

1352 883 1422 910 esse
1435 878 1569 912 Gallos.
1561 880 1618 912 ·at
1632 879 1690 921 qui
1705 879 1739 912 in
1757 888 1795 913 eo
1809 879 1945 912 modum
1963 879 2110 918 excedit,
2127 878 2242 922 quod
2231 888 2266 912 m
2283 878 2383 912 rebus

1351 928 1568 963 formidolosis
1595 928 1762 970 praefidat,
1789 929 1898 962 audax
1918 930 1979 962 est.
2010 930 2119 971 Atque
2141 928 2251 962 audax
2282 928 2382 963 etiam

1351 988 1502 1021 arrogans
1520 987 1618 1011 esse
1614 978 1738 1019 ibique
1766 979 1968 1011 fortitudinis
1992 979 2123 1012 laudem
2143 978 2308 1012 vindicare
2325 977 2381 1011 vi-

1351 1028 1468 1060 detur:
1484 1026 1604 1068 quippe
1624 1027 1676 1059 vir
1691 1025 1787 1058 fortis
1803 1026 1958 1068 appellari
1979 1027 2080 1059 vult·
2098 1025 2206 1069 qualis
2225 1026 2313 1071 enim
2323 1024 2390 1058 lilev

1350 1074 1384 1106 in
1400 1073 1500 1105 rebus
1523 1071 1745 1104 formidolosis
1768 1074 1829 1112 est,
1855 1073 1933 1105 talis
1946 1072 2100 1106 videlicet
2125 1072 2234 1106 audax
2248 1081 2382 1117 quoque

1350 1119 1453 1153 videri
1471 1119 1570 1160 cupit.
1598 1119 1856 1161 Quibuscunque
1870 1128 1946 1161 ergo
1961 1119 2062 1152 rebus
2078 1122 2198 1162 potest,
2212 1129 2289 1156 eum
2300 1119 2380 1153 imi-

1349 1169 1461 1200 tatur:
1476 1166 1627 1208 quocirca
1648 1176 1762 1199 eorum
1777 1166 1924 1208 plerique
1937 1166 2036 1199 simul
2052 1167 2192 1200 audaces
2217 1175 2256 1200 ac
2267 1165 2379 1200 timidi

1349 1216 1426 1246 sunt
1443 1222 1606 1254 :namque
1621 1213 1699 1246 licet
1714 1213 1749 1245 in
1761 1213 1814 1245 his
1831 1222 1866 1245 se
1878 1213 2002 1255 iactent
2019 1212 2257 1256 audaciamque
2272 1220 2382 1250 osten-

1348 1262 1435 1298 tent,
1459 1269 1512 1293 res
1532 1259 1758 1293 formidolosas
1769 1261 1880 1292 tamen
1894 1269 1958 1291 non
1978 1259 2157 1301 perferunt.
2175 1261 2218 1293 At
2237 1259 2296 1302 qui
2311 1267 2382 1295 me—

1348 1305 1471 1338 tuendo
1484 1305 1621 1337 modum
1635 1305 1776 1344 excedit,
1797 1306 1826 1338 is
1849 1305 1988 1347 ignavus
2008 1305 2213 1349 timidusque
2232 1305 2383 1339 nomina-

1348 1355 1404 1386 tur
1427 1367 1435 1386 2
1461 1354 1539 1394 quia
1563 1363 1639 1396 quae
1667 1364 1732 1387 non
1753 1357 1882 1397 oportet
1908 1357 2056 1388 metuere
2081 1355 2220 1396 metuit,
2252 1363 2314 1391 noe
2341 1354 2383 1388 ut

1347 1405 1498 1444 oportet:
1516 1404 1596 1445 quin
1612 1403 1712 1436 etiam
1728 1403 1917 1438 confidendo
1931 1404 2068 1438 modum
2082 1404 2204 1439 deserit
2213 1430 2222 1444 ,
2237 1404 2272 1438 ln
2283 1403 2380 1438 dolo-

1347 1452 1439 1486 ribus
1452 1462 1528 1486 vero
1543 1462 1582 1486 ac
1593 1454 1752 1487 molestiis
1769 1455 1906 1488 modum
1924 1454 2055 1488 excedit
2066 1479 2075 1494 .
2087 1462 2148 1488 nec
2165 1453 2263 1488 facile
2278 1453 2379 1499 quid-
2399 1489 2403 1492 ,
2464 1497 2473 1508 γ

1346 1512 1447 1546 quam
1468 1505 1576 1545 sperat
1595 1503 1733 1537 timidus
1749 1513 1757 1533 ε
1775 1506 1891 1546 utpote
1905 1504 1965 1547 qui
1986 1503 2096 1537 omnia
2113 1503 2336 1546 pertimescat.

1388 1556 1430 1587 At
1446 1555 1499 1588 vir
1522 1554 1618 1589 fortis
1643 1556 1722 1589 huic
1747 1557 1932 1590 contrarius
1950 1558 2001 1590 est
2027 1569 2037 1590 ι
2060 1556 2183 1600 quippe
2211 1555 2272 1600 qui
2297 1555 2383 1591 bene

1347 1613 1455 1654 speret
1477 1624 1485 1643 :
1503 1619 1646 1654 namque
1664 1620 1706 1644 ex
1722 1620 1760 1643 eo
1777 1611 1867 1653 ipso,
1884 1611 1974 1653 quod
1998 1611 2080 1645 bene
2101 1612 2232 1654 sperat,
2256 1609 2379 1644 fiducia

1346 1667 1403 1700 illa
1423 1667 1579 1699 nascitur.
1604 1667 1642 1698 In
1655 1666 1772 1699 iisdem
1790 1666 1889 1707 igitur
1915 1666 2015 1699 rebus
2041 1665 2196 1704 timidus,
2213 1665 2324 1699 audax
2340 1665 2376 1698 et

1345 1720 1440 1754 fortis
1458 1723 1630 1754 versantur
1646 1729 1655 1749 =
1674 1721 1837 1763 siquidem
1858 1721 1944 1753 circa
1958 1719 2170 1754 formidolosa
2181 1722 2215 1754 et
2228 1719 2380 1754 audenda

1344 1776 1519 1808 versantur
1537 1787 1544 1807 :
1562 1783 1623 1806 nec
1637 1774 1748 1806 tamen
1764 1774 1926 1813 similiter,
1937 1774 2017 1816 quia
2028 1783 2093 1807 non
2106 1783 2172 1806 uno
2190 1773 2288 1807 modo
2300 1782 2379 1816 erga

1345 1838 1400 1863 eas
1420 1838 1473 1862 res
1486 1827 1598 1862 affecti
1611 1830 1712 1861 sunt:
1733 1828 1782 1861 illi
1802 1829 1888 1861 enim
1903 1828 2039 1861 modum
2056 1829 2219 1862 excedunt
2243 1830 2301 1861 aut
2322 1828 2377 1862 de-

1345 1885 1458 1917 serunt
1476 1891 1484 1912 ι
1501 1883 1555 1916 hic
1573 1891 1653 1916 vero
1664 1882 1925 1915 mediocritatem
1939 1885 2060 1922 servat,
2074 1885 2109 1916 et
2119 1883 2178 1916 ubi
2189 1883 2289 1917 debet
2298 1891 2378 1917 oon-

1344 1938 1443 1972 sistit.
1459 1940 1567 1981 Atque
1587 1937 1727 1971 audaces
1740 1947 1817 1971 sane
1829 1939 2028 1980 praeproperi
2042 1947 2081 1971 ac
2087 1938 2272 1981 praecipites
2286 1940 2376 1980 sunt,

1343 1995 1592 2038 periculumque
1610 1995 1787 2036 antequam
1805 1993 1840 2026 in
1864 2003 1903 2026 eo
1929 1996 2103 2027 versentur
2123 1994 2214 2027 adire
2238 1994 2372 2033 volunt,

1342 2051 1518 2091 postquam
1532 2050 1644 2081 autem
1660 2048 1839 2090 periclitari
1861 2049 2048 2090 coeperunt,
2068 2047 2219 2082 resiliunt
2237 2059 2246 2081 ε
2264 2049 2376 2083 contra

1344 2106 1408 2140 viri
1434 2105 1536 2139 fortes
1564 2106 1599 2138 in
1628 2105 1726 2138 factis
1743 2105 1824 2147 ipsis
1853 2114 1945 2138 acres
1977 2107 2054 2138 sunt
2073 2107 2108 2139 et
2137 2105 2275 2146 celeres,
2299 2107 2375 2139 ante

1342 2164 1430 2198 facta
1453 2164 1558 2206 quieti
1575 2165 1608 2196 et
1633 2163 1750 2196 sedati.
1781 2161 2066 2202 Quemadmodum
2093 2163 2195 2205 igitur
2215 2162 2373 2203 diximus,

1342 2219 1502 2252 fortitudo
1520 2218 1730 2251 mediocritas
1745 2219 1811 2256 est,
1827 2226 1904 2260 quae
1923 2219 2076 2250 versatur
2093 2226 2170 2250 cum
2186 2217 2221 2250 in
2239 2217 2282 2251 iis
2297 2225 2372 2260 quoe
2402 2260 2403 2263 Ἰ
2486 2261 2491 2264 ⁴

1343 2274 1464 2307 fiducia
1487 2273 1650 2314 complent
1673 2272 1809 2313 animos,
1829 2273 1901 2305 tum
1921 2271 1956 2304 in
1970 2271 2210 2311 formidolosis,
2225 2273 2264 2306 ut
2279 2282 2372 2316 opon-

1342 2329 1391 2360 tet
1408 2341 1417 2360 ι
1435 2335 1511 2369 quae
1523 2328 1558 2359 et
1573 2326 1652 2368 quia
1666 2326 1843 2358 honestum
1859 2326 1910 2358 est
1926 2324 2016 2366 eligit
2033 2333 2072 2357 ac
2083 2323 2207 2366 perfert
2218 2351 2226 2364 ,
2247 2327 2281 2358 et
2292 2327 2373 2370 quia
2412 2334 2414 2337 ·

1341 2390 1407 2414 non
1422 2380 1540 2422 eligere
1560 2389 1599 2412 ac
1610 2377 1753 2421 perferre
1768 2380 1865 2420 turpe
1885 2379 1946 2410 est.

1386 2439 1406 2470 J
1408 2447 1460 2470 am
1475 2446 1554 2470 vero
1573 2435 1777 2478 paupertatis
1791 2436 1849 2467 aut
1865 2433 1986 2467 amoris
2000 2443 2100 2468 causa
2113 2434 2197 2469 mori
2209 2435 2295 2470 velle
2310 2446 2376 2471 non

1343 2498 1394 2529 est
1418 2494 1639 2533 fortitudinis,
1658 2493 1717 2527 sed
1739 2493 1848 2535 potius
1868 2492 2082 2526 timiditatis:
2108 2502 2186 2526 nam
2200 2501 2278 2536 quae
2300 2503 2374 2528 mo-

1342 2557 1425 2590 lesta
1439 2557 1517 2589 sunt
1530 2556 1652 2594 vitare,
1670 2553 1820 2586 mollitiae
1834 2552 2004 2595 proprium
2024 2554 2075 2586 est
2087 2554 2120 2586 et
2130 2553 2288 2598 levitatis..
2306 2556 2373 2588 Ne-

1341 2625 1408 2658 que
1435 2614 1522 2648 enim
1547 2613 1724 2656 quisquam
1751 2613 1925 2655 propterea
1948 2611 2110 2654 eiusmodi
2138 2614 2278 2645 mortem
2309 2613 2373 2646 sibi

1341 2673 1532 2712 consciscit,
1549 2672 1639 2716 quod
1653 2672 1791 2705 honesta
1807 2670 1869 2709 sit,
1892 2670 1950 2703 sed
1968 2671 2007 2702 ut
2020 2669 2062 2702 iis
2087 2669 2286 2712 defungatur
2303 2681 2372 2705 ma-

1340 2733 1401 2772 lis,
1421 2741 1497 2775 quae
1516 2730 1603 2764 ferre
1625 2730 1765 2772 amplius
1775 2738 1840 2761 non
1855 2729 1968 2770 potest
1983 2737 1991 2756 ε
2010 2728 2058 2760 ita
2070 2737 2147 2761 vero
2163 2727 2264 2768 affici,
2279 2727 2372 2771 igna-

1339 2791 1403 2825 viae
1419 2792 1480 2824 est.
1496 2789 1583 2823 Talis
1597 2798 1673 2830 ergo
1682 2787 1751 2822 fere
1764 2789 1815 2821 est
1825 2785 1997 2820 fortitudo.

1623 3361 1666 3395 T6
1681 3360 1715 3392 δὲ
1731 3359 1943 3398 ἀποθνήσκειν
1955 3383 1964 3400 ,
1979 3359 2138 3402 φεύγοντα
2154 3360 2265 3393 πενίαν
2284 3361 2352 3394 κτλ.

2465 3760 2468 3763 ,
2464 3443 2469 3451 Α.
2463 3416 2472 3434 ,,
2468 3406 2475 3412 ν
2473 3384 2475 3402 .„„

2473 3313 2508 3776 Qt...„-ssssa.2xaffl
2483 3212 2508 3309 mesu-2⁹³1
2494 3195 2508 3207 =
2480 3035 2508 3186 2:22-‘ss'2‘31
2491 2963 2508 3031 sua-a„
2499 2938 2508 2956 ς.
2494 2895 2508 2931 ..·.,
2495 2846 2508 2890 μη
