2528 3788
278 242 330 284 32

276 331 316 373 in,
332 329 509 380 Hymetto
531 328 724 380 posuisse,
745 327 821 365 diis
842 328 1033 365 montanis
1046 327 1158 375 Pani,
1183 327 1303 378 Nym-

276 390 362 441 phis
375 397 411 426 et
428 388 600 438 Apollini
629 386 814 437 pastorali
839 399 920 436 pro.
938 399 984 424 eo
1002 399 1109 424 sacra
1130 387 1306 425 facturos.

276 445 334 483 lbi
359 458 479 496 puero
510 444 647 482 infanti
675 457 766 495 apes
796 444 838 482 in
873 442 1026 483 labellis
1055 446 1309 483 consederunt

270 516 390 554 eaque
411 504 507 540 favis
528 503 809 554 impleverunt,
829 512 872 540 ut
905 503 1015 541 facile
1041 504 1230 554 suspicari
1257 504 1307 541 li-

271 564 374 598 ceret
414 559 599 608 singulari
644 560 755 598 illum
791 561 975 599 orationis
1008 562 1198 600 suavitate
1236 562 1309 600 ali-

271 618 425 667 quando
457 617 539 656 fore
574 617 675 656 haud
716 618 930 657 absimilem
967 618 1156 667 Nestoris,
1199 618 1309 669 cujus

271 677 384 713 etiam
405 688 454 713 ex
472 676 606 726 lingua
624 677 738 714 melle
756 677 906 715 dulcior
926 677 1069 715 fluebat
1091 677 1215 716 oratio
1236 676 1304 729 (6).

271 735 383 772 Hunc
397 743 545 783 autem,
572 733 642 772 ubi
662 734 858 782 adolevit,
887 734 1069 774 omnibus
1098 735 1305 782 doctrinis,

271 792 413 842 quibus
455 794 616 844 puerilis
650 802 738 831 aetas
770 794 962 843 impertiri
990 793 1130 845 debet,
1172 795 1309 845 optimi

269 933 323 963 τὸν
344 931 517 973 Πλάτωνα,
543 934 612 966 τότε
629 934 706 976 αὐτῇ
732 935 749 965 ὁ
773 935 849 976 ἀνὴρ
876 935 1065 975 συνεγένετο.
1085 934 1201 967 suidas
1223 943 1251 968 s,
1274 943 1306 967 v.

270 979 402 1010 Πλάτων
433 992 441 1011 :
463 981 622 1020 ἱστόρηται
639 981 689 1021 δέ,
710 983 752 1017 ὡς
775 981 810 1012 ἐκ
827 992 908 1016 τινος
935 981 1015 1018 θείας
1039 981 1143 1022 ὄψεως
1169 983 1189 1019 ἡ
1210 982 1310 1021 μήτηρ

268 1026 440 1063 Πλάτωνος
462 1024 571 1068 ἔγκυος
590 1027 726 1067 ἐγένετο,
749 1027 944 1066 ἐπιφανέντος
967 1028 1046 1067 αὐτῇ
1069 1030 1125 1059 τοῦ
1147 1026 1307 1060 Ἀπόλλω-

270 1082 330 1109 νος·
351 1075 404 1105 καὶ
418 1074 511 1110 ἡνίκα
524 1074 612 1105 ἔτεκε
620 1075 673 1106 τὸν
691 1074 841 1106 mats-›vo‹
854 1098 862 1112 ‚
876 1073 947 1106 τότε
964 1074 1041 1115 αὐτῇ
1052 1075 1069 1105 ὁ
1087 1074 1162 1114 ἀνὴρ
1182 1075 1310 1115 συνεγέ-

269 1130 350 1152 νετο.
365 1119 616 1161 Olympiodorus
633 1120 690 1152 vit.
706 1120 787 1152 Plat.
801 1121 891 1161 φασὶν
906 1120 958 1152 οὖν
973 1120 1019 1152 ὅτι
1031 1121 1139 1161 φάσμα
1153 1120 1308 1154 Ἀπολλω-

270 1165 355 1196 νικὸν
369 1166 550 1205 συνεγένετο
571 1170 609 1207 τῇ
626 1167 713 1207 μητρὶ
728 1167 822 1198 αὐτοῦ
835 1170 874 1208 τῇ
885 1166 1070 1207 Περικτιόνη
1087 1190 1095 1204 ,
1109 1165 1161 1196 καὶ
1176 1165 1206 1196 ἐν
1225 1166 1310 1197 νυκτὶ

269 1212 359 1251 φανὲν
373 1215 416 1252 τῷ
426 1213 580 1253 Ἀρίστωνι
596 1214 755 1246 ἐκέλευσεν
766 1214 849 1254 αὐτῷ
862 1214 903 1254 μή
916 1214 1057 1254 μιγνύναι
1067 1216 1104 1253 τῇ
1121 1212 1304 1252 Περικτιόνη

271 1258 361 1298 μέχρι
381 1263 436 1290 τοῦ
458 1260 571 1300 χρόνου
592 1263 645 1297 τῆς
662 1259 841 1295 ἀποτάξεως
858 1260 936 1300 (leg.
956 1260 1127 1295 ἀποτέξεως
1139 1259 1162 1298 ).
1179 1257 1307 1289 Plutar-

270 1304 352 1335 chus
368 1305 541 1337 Convivat.
560 1306 689 1346 Disput.
708 1305 763 1337 lib.
783 1307 869 1338 VIII.
893 1307 1020 1342 Quaest.
1039 1307 1055 1337 1
1078 1313 1148 1345 cap.
1165 1307 1217 1336 2-3
1236 1304 1308 1336 Vol.

269 1351 315 1383 XI
333 1359 363 1392 p.
381 1353 442 1385 342
461 1352 513 1385 od.
534 1353 670 1384 Hutten.
696 1353 744 1384 διὸ
767 1352 838 1389 τοὺς
863 1351 1036 1384 Ἀπόλλωνι
1063 1352 1118 1389 τὴν
1145 1351 1310 1387 Πλάτωνος

270 1397 420 1431 τέκνωσιν
439 1401 634 1435 ἀνατιθέντας
653 1400 711 1431 οὐκ
725 1400 762 1431 ἂν
777 1399 866 1438 οἶμαί
882 1410 950 1430 τινα
973 1400 1065 1439 φάναι
1085 1398 1310 1439 καταισχύνειν

269 1450 322 1480 τὸν
336 1447 404 1479 θεόν
417 1472 425 1487 ,
445 1448 496 1479 ἐπὶ
524 1448 648 1488 μείζονα
672 1446 755 1484 πάθη
772 1448 824 1478 καὶ
849 1448 1015 1487 νοσήματα
1034 1449 1145 1477 τοῦτον
1165 1447 1240 1486 ἡμῖν
1259 1446 1310 1476 διὰ

269 1494 452 1534 Σωκράτους
469 1493 572 1534 ἰατρόν
583 1517 591 1532 ,
609 1493 716 1533 ὥσπερ
739 1493 847 1534 ἑτέρου
864 1492 1036 1533 Χείρωνος,
1050 1492 1307 1531 ἀπειργασμένον,

270 1541 336 1581 ἅμα
343 1541 376 1572 δὲ
388 1543 439 1578 τῆς
447 1541 611 1580 λεγομένης
627 1539 798 1580 Ἀρίστωνι,
812 1542 857 1580 τῷ
875 1539 1041 1575 Πλάτωνος
1051 1538 1156 1578 πατρί,
1170 1539 1311 1579 γενέσθαι

268 1587 337 1618 καθ’
350 1586 445 1618 ὕπνον
460 1586 561 1627 ὄψεως
577 1587 630 1618 καὶ
646 1589 747 1628 φωνῆς
760 1586 1027 1627 ἀπαγορευούσης,
1047 1585 1089 1625 μὴ
1109 1586 1310 1624 συγγενέσθαι

270 1638 308 1675 τῇ
318 1634 454 1674 γυναικί,
474 1634 549 1674 μηδὲ
563 1634 702 1674 ἅψασθαι
719 1632 795 1664 δέκα
814 1636 919 1673 μηνῶν
932 1656 941 1669 ,
956 1631 1197 1673 ἐμνημόνευσεν.
1217 1632 1310 1664 Ὑπο-

269 1681 374 1712 λαὸὼν
392 1681 424 1711 δὲ
441 1680 595 1720 Τυνδάρης
618 1681 634 1711 ὁ
655 1680 917 1727 Λακεδαιμόνιος,
936 1678 1036 1714 Ἀξιον
1055 1679 1109 1719 μέν
1126 1679 1222 1718 ἐστιν,
1241 1678 1310 1719 ἔφη,

269 1728 339 1768 περὶ
362 1727 526 1763 Πλάτωνος
546 1727 629 1767 ᾄδειν
649 1727 702 1758 καὶ
720 1727 817 1765 λέγειν
841 1726 889 1758 τό·
923 1741 965 1749 -
987 1725 1057 1756 οὐδὲ
1077 1725 1170 1765 ἐῴκει
1190 1724 1312 1766 Ἀνδρός

268 1786 304 1814 γε
321 1775 431 1810 θνητοῦ
449 1776 520 1808 παῖς
546 1773 692 1812 ἔμμεναι,
710 1772 788 1803 ἀλλὰ
812 1772 905 1803 θεοῖο.
930 1771 1085 1812 Origenes
1103 1774 1217 1804 contra
1237 1773 1310 1805 cel-

270 1832 343 1855 sum
360 1823 442 1855 libro
460 1824 477 1854 Ι
492 1822 577 1853 οὐδὲν
604 1821 628 1853 δ’
650 1822 765 1854 ἄτοπον
790 1823 866 1862 πρὸς
885 1821 1039 1858 ’Έλληνας
1064 1823 1118 1854 καὶ
1136 1823 1311 1860 ἑλληνικαῖς

270 1870 418 1911 ἱστορίαις
437 1868 632 1909 χρήσασθαι,
652 1868 704 1900 ἵνα
729 1869 771 1908 μὴ
799 1868 940 1908 δοκῶμεν
970 1868 1057 1908 μόνοι
1084 1871 1121 1909 τῇ
1149 1868 1312 1910 παραδόξῳ

271 1917 393 1959 ἱστορίᾳ
423 1915 520 1956 ταύτῃ
550 1916 720 1955 κεχρῆσθαι
757 1914 864 1951 Ἔδοξε
892 1915 953 1955 γάρ
980 1926 1079 1953 τισιν,
1105 1915 1142 1946 οὐ
1161 1915 1229 1956 περὶ
1256 1916 1312 1957 ἀρ-

271 1964 370 2006 χαίων
390 1966 481 1994 τινῶν
501 1964 649 2003 ἱστοριῶν
669 1963 723 1994 καὶ
749 1963 914 2002 ἡρωϊκῶν,
941 1961 1019 1993 ἀλλὰ
1041 1962 1093 1992 καὶ
1126 1962 1195 2002 περί
1219 1973 1313 1993 τινων

271 2011 341 2051 χθὲς
367 2010 420 2042 καὶ
449 2011 555 2051 πρώην
591 2010 804 2050 γεγενημένων
836 2009 1014 2049 ἀναγράψαι
1041 2009 1083 2044 ὡς
1112 2008 1240 2040 δυνατὸν
1265 2009 1311 2040 ὅτι

271 2059 324 2090 καὶ
343 2058 474 2090 Πλάτων
502 2058 565 2089 ἀπὸ
588 2061 641 2093 τῆς
665 2055 878 2096 Ἀμφικτιόνης
912 2054 991 2095 (leg.
1026 2054 1245 2096 Περικτιόνης)
1265 2057 1314 2094 γέ-

271 2115 342 2144 γονε
352 2128 362 2144 ,
380 2103 571 2139 κωλυθέντος
595 2104 649 2133 τοῦ
667 2100 850 2142 Ἀρίστωνος
872 2101 950 2142 αὐτῇ
970 2102 1142 2140 συνελθεῖν,
1158 2102 1219 2138 ἕως
1236 2103 1312 2135 ἀπο·

274 2152 383 2188 κυήσει
407 2151 459 2182 τὸν
477 2150 506 2186 ἐξ
538 2149 728 2185 ’Λπόλλωνος
748 2149 915 2189 σπαρέντα.
934 2147 1025 2181 Ἀλλὰ
1041 2151 1140 2179 ταῦτα
1162 2147 1216 2187 μὲν
1238 2148 1310 2187 ἀλη-

275 2198 333 2232 θῶς
347 2197 436 2236 μῦθοι
451 2220 460 2235 ,
477 2196 656 2239 κινήσαντες
673 2195 715 2230 εἰς
733 2194 768 2226 τὸ
785 2193 960 2226 ἀναπλάσαι
975 2194 1099 2226 τοιοῦτό
1120 2205 1149 2225 τι
1171 2195 1238 2235 περὶ
1256 2195 1309 2226 ἀν-

273 2242 354 2283 δρός,
363 2243 398 2274 ὃν
412 2242 548 2281 ἐνόμιζον
565 2241 687 2282 μείζονα
700 2244 762 2272 τῶν
777 2241 899 2273 πολλῶν
911 2240 1024 2281 ἔχοντα
1037 2240 1147 2281 σοφίαν
1161 2241 1214 2271 καὶ
1225 2241 1313 2273 δύνα-

273 2300 324 2328 μιν
334 2313 341 2327 ,
352 2289 403 2319 καὶ
426 2287 488 2319 ἀπὸ
499 2287 680 2329 κρειττόνων
696 2288 749 2318 καὶ
765 2287 924 2327 θειοτέρων
937 2285 1123 2328 σπερμάτων
1140 2287 1195 2324 τήν
1215 2287 1313 2329 ἀρχὴν

270 2337 326 2373 »τῆς
347 2334 529 2370 συστάσεως
539 2337 594 2365 τοῦ
603 2334 748 2374 σώματος
765 2334 917 2375 εἰληφέναι
928 2357 936 2372 ,
955 2335 996 2370 ὡς
1005 2333 1088 2364 τοῦθ’
1100 2334 1232 2374 ἁρμόζον
1247 2339 1310 2372 τοῖς

274 2381 410 2422 μείζοσιν
419 2382 438 2419 ἢ
450 2381 531 2411 κατὰ
541 2380 711 2421 ἄνθρωπον.
719 2380 812 2413 Idem
821 2380 904 2412 libro
911 2381 960 2413 VI
972 2381 1027 2412 καὶ
1037 2381 1110 2421 πρὸς
1117 2381 1215 2412 ταῦτά
1224 2393 1314 2425 φημι7

273 2429 320 2460 ὅτι
332 2427 401 2468 περὶ
419 2426 472 2467 μὲν
480 2426 645 2463 Πλάτωνος
662 2426 880 2468 Ἀρίστανδρος,
893 2427 993 2466 οἶμαι,
1009 2426 1191 2468 ἀνέγραψεν,
1206 2429 1247 2463 ὡς
1257 2428 1314 2459 οὐκ

275 2473 455 2515 Ἀρίστωνος
467 2474 535 2504 υἱοῦ
545 2496 553 2510 ,
570 2473 646 2504 ἀλλὰ
669 2474 828 2514 φάσματος
844 2474 875 2505 ἐν
895 2472 1085 2509 Ἀπόλλωνος
1101 2473 1172 2504 εἴδει
1182 2474 1314 2514 προσελ·

276 2521 379 2555 θόντος
392 2522 429 2560 τῇ
440 2519 634 2559 Ἀμφικτιόνῃ
646 2519 718 2560 (leg.
735 2520 943 2560 Περικτιόνη).
959 2520 1020 2551 Καὶ
1031 2519 1116 2550 ἄλλοι
1130 2519 1162 2551 δὲ
1179 2519 1314 2556 πλείονες

273 2570 335 2598 τῶν
349 2566 557 2598 Πλατωνικῶν
571 2566 600 2596 ἐν
613 2569 649 2606 τῇ
666 2565 829 2602 Πλάτωνος
845 2567 934 2606 βιοτῇ
950 2565 1037 2597 ταῦτ’
1054 2565 1210 2606 εἰρήκασι.
1230 2568 1316 2607 Apu·-

274 2612 357 2653 lejus
370 2612 473 2645 doctr.
488 2611 571 2642 Plat.
587 2611 656 2643 init.
671 2612 753 2643 Sunt
771 2612 828 2653 qui
846 2612 1014 2644 Platonem
1030 2611 1219 2651 augustiore
1232 2621 1313 2644 con-

276 2660 374 2699 ceptu
392 2658 559 2698 prosatum
577 2656 686 2688 dicant
698 2682 705 2696 ‚
726 2667 828 2698 quum
848 2658 999 2698 quaedam
1018 2657 1175 2699 Apollinis
1193 2658 1313 2699 figura-

276 2705 324 2737 tio
344 2703 537 2736 Perictionae
570 2712 604 2735 se
629 2703 823 2736 miscuisset.
856 2706 967 2736 Mense
997 2705 1096 2736 etiam
1109 2728 1117 2742 ‚
1139 2704 1197 2745 qui
1229 2706 1315 2746 apud

281 2751 402 2785 Atticos
419 2749 611 2791 Thargelion
630 2750 760 2790 dicitur,
784 2754 879 2783 natus
893 2754 961 2790 est,
985 2751 1037 2783 die
1053 2760 1118 2791 qua
1143 2751 1231 2792 apud
1248 2754 1313 2785 De-

277 2797 331 2831 lon
348 2800 470 2830 Latona
482 2797 584 2828 fertur
601 2797 782 2838 Apollinem
794 2798 995 2838 Dianamque
1007 2799 1179 2839 peperisse.
1196 2799 1315 2831 Hiero-

277 2853 395 2885 nymus
412 2843 488 2875 adv.
509 2842 669 2875 Jovinian.
692 2843 749 2876 lib.
769 2846 785 2876 I
806 2852 812 2871 =
833 2844 1190 2885 speusippus‚.sororis
1208 2846 1315 2878 Plato-

279 2892 328 2923 nis
346 2891 431 2921 tilius
441 2915 448 2929 ,
463 2891 496 2922 et
511 2889 687 2922 Clearchus
703 2892 736 2922 et
748 2890 933 2922 Anaxilides
950 2890 1164 2931 perictionem
1178 2893 1315 2924 matrem

279 2937 420 2969 Platonis
436 2960 444 2975 ,
473 2936 697 2977 phantasmate
733 2937 887 2978 Apollinis
916 2946 1103 2978 oppressam
1131 2939 1236 2970 ferunt
1250 2964 1258 2978 ‚
1283 2941 1316 2971 et

279 2983 445 3025 sapientiae
465 2983 642 3023 principem
670 2991 734 3014 non
758 2983 852 3016 aliter
866 2983 1065 3015 arbitrantur
1081 2984 1141 3016 nisi
1164 2984 1205 3017 de
1221 2988 1317 3026 partu

280 3029 413 3071 virginis
428 3029 562 3061 editum.
583 3046 624 3053 —
638 3029 685 3071 (6)
700 3030 952 3071 olympiodorus
965 3031 1023 3063 vit.
1037 3030 1121 3063 Plat.
1140 3032 1203 3063 Καὶ
1214 3043 1316 3071 γεννη-

281 3079 371 3109 θέντα
379 3076 430 3108 τὸν
441 3075 597 3108 Πλάτωνα
606 3077 748 3113 λαὸόντες
761 3077 789 3108 οἱ
799 3081 897 3117 γονεῖς
907 3101 915 3116 ,
931 3078 1037 3118 βρέφος
1050 3076 1135 3118 ὄντα,
1145 3078 1316 3111 τεθείκασιν

280 3124 311 3155 ἐν
321 3126 366 3163 τῷ
378 3123 533 3163 Ὑμηττῷ,
547 3123 726 3162 βουλόμενοι
736 3123 812 3164 ὑπὲρ
823 3124 917 3155 αὑτοῦ
927 3128 990 3160 τοῖς
1004 3125 1163 3164 ἐκεῖθεοῖς,
1172 3126 1253 3157 Πανὶ
1263 3127 1316 3158 καὶ

283 3171 424 3210 Νύμφαις
436 3171 488 3200 καὶ
503 3170 668 3201 Ἀπόλλωνι
683 3170 792 3211 Νομίῳ
808 3172 908 3202 θῦσαι·
928 3172 981 3202 καὶ
995 3172 1137 3212 κειμένου
1150 3171 1255 3211 αὐτοῦ,
1266 3174 1317 3212 μέ-

285 3216 383 3246 λιτται
401 3216 626 3257 προσελθοῦσαι
647 3216 885 3256 πεπληρώκασιν
912 3216 1006 3248 αὐτοῦ
1023 3218 1057 3248 τὸ
1084 3217 1185 3256 στόμα
1203 3219 1316 3258 κηρίων

284 3263 403 3302 μέλιτος
412 3261 464 3294 ἶνα
480 3261 587 3300 ἀληθὲς
605 3262 674 3302 περὶ
696 3263 790 3294 αὐτοῦ
803 3264 938 3302 γένηται·
956 3267 1011 3295 τοῦ
1026 3264 1079 3294 καὶ
1095 3263 1157 3295 ἀπὸ
1173 3264 1316 3304 γλώσσης

286 3310 406 3348 μέλιτος
424 3309 558 3348 γλυκίων
574 3310 639 3351 ῥέεν
656 3309 745 3347 αὐδή.
762 3311 861 3341 Καλεῖ
873 3311 904 3341 δὲ
923 3311 1015 3342 αὑτὸν
1032 3309 1178 3341 πάντοθεν
1192 3311 1317 3347 καὶτοῖς

283 3356 405 3392 κύκνοις
418 3356 599 3396 ὁμόδουλον,
610 3359 651 3393 ὡς
662 3357 691 3393 ἐξ
701 3356 885 3393 Ἀπόλλωνος
898 3358 1064 3398 προελθών·
1077 3358 1317 3390 Ἀπολλωνιακὸν

284 3402 343 3443 γὰρ
355 3403 391 3435 τὸ
406 3402 520 3443 ὄρνεον.
538 3403 683 3435 AElianus
696 3412 765 3435 var.
782 3402 858 3435 hist.
878 3404 915 3442 Χ,
943 3407 976 3436 21
998 3404 1044 3436 ὅτι
1066 3404 1118 3435 τὸν
1133 3403 1285 3435 Πλάτωνα
1297 3406 1317 3443 ἡ

285 3450 467 3489 Περικτιόνη
481 3449 581 3491 ἔφερεν
599 3450 631 3482 έν
650 3453 716 3486 ταῖς
736 3450 893 3490 ἀγκάλαις.
912 3450 1023 3483 Θύοντι
1045 3452 1077 3483 δὲ
1089 3453 1134 3490 τῷ
1148 3450 1302 3491 Ἀρίστωνι

1175 240 1243 280 ΒΕ
1275 237 1512 280 PLATONE

1369 328 1543 377 magistri
1586 326 1849 365 erudiverunt.
1891 325 2039 364 Etenim
2073 325 2218 366 litteras
2265 326 2403 365 didicit

1370 386 1471 437 apud
1499 386 1729 437 Dionysium
1756 385 2046 435 grammaticum
2078 384 2145 436 (7),
2170 384 2218 423 de
2250 398 2328 436 quo
2361 386 2403 423 in

1370 444 1570 488 Rivalibus
1595 445 1824 483 mentionem
1849 443 1963 491 facit,
1993 452 2031 481 et
2049 443 2094 481 ad
2111 456 2252 495 corpus
2271 443 2404 482 labore

1370 517 1414 541 ac
1446 503 1638 554 gymnicis
1677 502 1952 541 certaminibus
1990 501 2222 542 firmandum
2253 502 2406 542 Aristo-

1369 575 1456 600 nem
1486 563 1674 612 Argivum
1710 562 1955 613 palaestritam
1986 560 2184 599 doctorem
2212 559 2404 601 adhibuit.

1370 621 1444 659 Nec
1473 620 1676 659 defuerunt
1705 621 1773 671 qui
1792 633 1878 658 eum
1909 620 2072 671 pictura„-
2101 631 2257 670 quoque
2289 618 2406 658 fuisse

1369 679 1582 717 studiosum
1595 692 1639 717 ac
1657 687 1834 730 poemata
1857 678 2059 729 scripsisse
2087 676 2281 715 memoriae
2302 689 2406 728 pro-

1368 737 1521 785 derent,
1541 737 1670 787 primo
1698 735 2005 787 dithyrambica,
2036 735 2176 774 deinde
2198 734 2339 785 *melica
2363 746 2408 773 ac

1374 795 1527 844 tragica.
1547 794 1608 833 Ad
1629 794 1909 833 conficiendum
1926 803 2051 832 autem
2068 793 2253 832 doctrinae
2268 791 2406 831 orbem

1367 939 1398 971 ἐν
1411 940 1553 981 Ὑμηττῷ
1580 943 1647 976 ταῖς
1665 941 1806 977 Μούσαις
1832 942 1851 979 ἢ
1869 943 1934 977 ταῖς
1956 941 2101 981 Νύμφαις
2125 941 2155 971 οἱ
2175 938 2231 980 μὲν
2253 937 2329 980 πρὸς
2350 938 2407 976 τὴν

1370 981 1540 1023 ἱερουργίαν
1564 981 1659 1020 ἦσαν,
1679 983 1699 1019 ἡ
1720 982 1753 1013 δὲ
1774 983 1934 1014 κατέκλινε
1956 981 2111 1014 Πλάτωνα
2129 980 2163 1013 ἐν
2181 982 2249 1018 ταῖς
2274 979 2407 1018 πλησίον

1371 1026 1544 1069 μυρῤίναις,
1567 1027 1705 1065 δασείαις
1730 1027 1837 1064 οὔσαις
1860 1029 1914 1060 καὶ
1938 1031 2081 1064 πυκναῖς.
2099 1027 2288 1060 Καθεῦδοντι
2313 1026 2347 1060 δὲ
2375 1025 2408 1058 ἐ·

1373 1074 1451 1114 σμὸς
1464 1075 1620 1115 μελισσῶν
1636 1076 1803 1116 Ὑμηττίου
1819 1076 1937 1116 μέλιτος
1951 1076 1983 1107 ἐν
1998 1078 2061 1112 τοῖς
2071 1074 2203 1117 χείλεσιν
2217 1074 2312 1106 αὐτοῦ
2321 1071 2407 1106 καθί-

1370 1133 1467 1154 σασαι
1484 1123 1614 1164 ὑπῄδον,
1632 1123 1688 1161 τὴν
1706 1126 1761 1155 τοῦ
1791 1122 1956 1158 Πλάτωνος
1972 1121 2160 1163 εὐγλωττίαν
2183 1120 2405 1163 μαντευόμεναι

1370 1169 1516 1201 ἐντεῦθεν.
1561 1187 1587 1192 -
1613 1171 1653 1208 (7)
1682 1169 1842 1209 Diogenes
1861 1169 2008 1202 Laertius
2032 1171 2101 1209 111,
2120 1170 2140 1201 4
2165 1169 2219 1202 καὶ
2243 1167 2406 1205 ἐπαιδεύθη

1370 1215 1424 1256 μὲν
1442 1216 1608 1256 γράμματα
1632 1217 1716 1257 παρὰ,
1730 1217 1909 1257 Διονυσίῳ,
1932 1216 1970 1248 οὗ
1993 1216 2049 1248 καὶ
2074 1215 2257 1256 μνημονεύει
2281 1215 2314 1247 ἐν
2341 1217 2406 1251 τοῖς

1371 1264 1592 1303 Ἀντερασταῖς·
1621 1262 1816 1303 ἐγυμνάσατο
1838 1263 1871 1294 δὲ
1894 1263 1980 1304 παρὰ
2011 1261 2169 1302 Ἀρίστωνι
2189 1264 2236 1302 τῷ
2258 1259 2406 1304 Ἀργείῳ,

1369 1308 1533 1349 παλαιστῇ·
1554 1306 1605 1349 ἀφ’
1625 1307 1662 1338 οὗ
1675 1308 1729 1340 καὶ
1741 1308 1874 1340 Πλάτων
1893 1308 1944 1339 διὰ
1961 1308 2016 1345 τήν
2035 1307 2150 1343 εὐεξίαν
2170 1305 2407 1348 μετωνομάσθη,

1369 1353 1512 1395 πρότερον
1538 1352 1733 1395 Ἀριστοκλῆς
1752 1354 1815 1385 ἀπὸ
1848 1356 1904 1384 τοῦ
1925 1351 2056 1384 πάππου
2078 1352 2266 1393 καλούμενος
2286 1350 2407 1394 ὄνομα,

1369 1399 1448 1430 καθά
1468 1409 1562 1441 φησιν
1583 1397 1778 1439 Ἀλέξανδρος
1792 1399 1823 1430 ἐν
1842 1398 2015 1439 διαδοχαῖς.
2032 1398 2132 1431 Ἔνιοι
2145 1398 2178 1430 δὲ
2190 1398 2242 1430 διὰ
2255 1398 2311 1436 τὴν
2333 1398 2408 1431 nla-

1369 1446 1484 1482 τῠτητα
1496 1447 1551 1482 τῆς
1571 1444 1731 1485 ἑρμηνείας
1751 1444 1849 1480 οὕτως
1871 1443 2103 1484 ὀνομασθῆναι,
2127 1445 2148 1483 ἢ
2168 1445 2216 1477 ὅτι
2233 1444 2352 1482 πλατὺς
2369 1449 2409 1484 ἦν

1369 1493 1405 1523 τὸ
1427 1491 1592 1532 μέτωπον,
1608 1491 1650 1527 ὥς
1664 1502 1739 1532 φησι
1755 1491 1903 1528 Νεάνθης.
1921 1491 1993 1522 Εἰσὶ
2010 1491 2037 1522 δ’
2054 1491 2082 1523 οἳ
2100 1492 2155 1524 καὶ
2178 1490 2334 1525 παλαῖσαί
2350 1501 2404 1533 φα,

1370 1550 1419 1570 σιν
1447 1538 1539 1569 αὐτὸν
1567 1538 1710 1578 Ἰσθμοῖ,
1741 1538 1822 1570 καθὰ
1849 1540 1902 1571 καὶ
1928 1538 2116 1579 Δικαίαρχος
2143 1538 2177 1571 ἐν
2200 1538 2316 1580 πρώτῳ
2338 1539 2409 1581 περὶ

1371 1584 1461 1626 βίων,
1483 1584 1538 1616 καὶ
1565 1588 1712 1626 γραφικῆς
1742 1585 1978 1626 ἐπιμεληθῆναι,
2003 1585 2058 1617 καὶ
2088 1585 2248 1625 ποιήματα
2272 1585 2409 1627 γράψαι,

1370 1635 1492 1673 πρῶτον
1514 1631 1568 1671 μὲν
1584 1630 1786 1673 διθυράμὸους
1799 1655 1809 1670 ,
1834 1632 1943 1664 ἔπειτα
1967 1631 2022 1663 καὶ
2048 1631 2124 1672 μέλη
2143 1632 2197 1663 καὶ
2221 1631 2408 1673 τραγῳδίας.

1370 1677 1462 1710 Plato
1480 1678 1573 1710 initio
1587 1676 1704 1718 dialogi
1726 1677 1783 1718 qui
1806 1677 1994 1710 inscribitur
2009 1678 2160 1719 Ἐρασταί
2181 1677 2227 1710 ait
2246 1690 2254 1710 ε
2273 1679 2316 1715 εἰς
2333 1680 2408 1710 Διο-

1370 1726 1477 1758 νυσίου
1513 1729 1569 1757 τοῦ
1601 1728 1817 1766 γραμματικοῦ
1854 1724 1918 1766 (al.
1958 1723 2219 1765 γραμματιστοῦ)
2253 1725 2407 1764 εἰσῆλθον.

1371 1771 1623 1813 Olympiodorus
1640 1770 1700 1803 vit.
1718 1770 1801 1803 Plat.
1817 1771 1849 1803 ἐν
1866 1770 1973 1812 ἡλικίᾳ
1988 1770 2021 1802 δὲ
2035 1770 2197 1812 γενόμενος
2212 1774 2335 1812 πρῶτον
2352 1771 2409 1814 μὲν

1376 1818 1521 1859 ἐφοίτησε
1542 1816 1698 1858 Διονυσίῳ
1720 1820 1765 1857 τῷ
1794 1819 2012 1859 γραμματιστῇ
2033 1816 2110 1858 πρὸς
2136 1815 2269 1858 μάθησιν
2294 1821 2407 1852 κοινῶν

1371 1864 1581 1906 γραμμάτων,
1600 1862 1637 1895 οὗ
1653 1864 1707 1895 καὶ
1722 1864 1754 1895 ἐν
1773 1863 1940 1905 Ἐρασταῖς
1962 1864 2135 1905 μέμνηται,
2158 1863 2209 1895 ἵνα
2226 1864 2307 1906 μήτε
2323 1863 2408 1906 (leg.

1372 1908 1467 1952 μηδὲ)
1481 1910 1654 1950 Διονύσιος,
1669 1911 1686 1942 ὁ
1699 1910 1893 1950 διδάσκαλος,
1904 1911 2030 1952 ἄμοιρος
2041 1910 2089 1948 είη
2099 1913 2152 1948 τῆς
2170 1911 2254 1952 παρὰ
2263 1911 2410 1944 Πλάτωνι

1373 1958 1503 1998 μνήμης.
1521 1957 1599 1990 Εἶτα
1611 1955 1675 1997 μετ’
1688 1956 1802 1988 ἐκεῖνον
1815 1960 1976 1998 γυμναστῇ
1996 1956 2050 1996 μὲν
2063 1956 2220 1998 ἐχρήσατο
2232 1957 2410 2000 διδασκάλῳ

1377 2005 1535 2047 Ἀρίστωνι
1553 2007 1599 2045 τῷ
1615 2003 1756 2046 Ἀργείῳ,
1778 2004 1828 2043 ὑφ’
1844 2003 1881 2035 οὗ
1897 2004 1953 2036 καὶ
1966 2004 2120 2042 Πλάτων,
2135 2004 2176 2039 ὥς
2197 2014 2286 2045 φασι,
2307 2015 2409 2046 μετω-

1371 2052 1530 2094 νομάσθη,
1550 2051 1695 2092 πρότερον
1724 2051 1924 2092 Ἀριστοκλῆς
1947 2051 2110 2094 λεγόμενος
2131 2051 2178 2093 τῷ
2194 2054 2252 2083 τοῦ
2276 2052 2410 2085 πάππου

1372 2099 1513 2139 ὀνόματι.
1533 2098 1666 2137 Ἐκλήθη
1685 2097 1713 2129 δ’
1735 2098 1832 2134 οὕτως
1860 2097 1912 2129 διὰ
1926 2098 1963 2129 τὸ
1993 2097 2048 2129 δύο
2076 2097 2169 2139 μόρια
2189 2100 2246 2130 τοῦ
2265 2098 2411 2140 σώματος

1373 2147 1456 2188 ἔχειν
1483 2144 1682 2184 πλατύτατα,
1702 2144 1738 2175 τό
1755 2155 1791 2176 τε
1817 2145 1943 2186 στέρνον
1961 2145 2016 2176 καὶ
2033 2145 2070 2177 τὸ
2090 2143 2234 2185 μέτωπον
2246 2168 2256 2184 ,
2282 2146 2328 2182 ὡς
2354 2146 2411 2184 δη-

1374 2195 1464 2225 λοῦσι
1482 2194 1644 2232 πανταχοῦ
1664 2192 1695 2222 αἱ
1714 2191 1912 2232 ἀνακείμεναι
1928 2191 2025 2222 αὐτοῦ
2047 2191 2182 2231 εἰκόνες,
2203 2191 2288 2224 οὕτω
2306 2191 2411 2232 φαινό-

1373 2251 1472 2281 μεναι.
1494 2238 1598 2272 1Ἀλλοι
1615 2238 1649 2269 δέ
1666 2249 1741 2279 φασι
1762 2238 1805 2278 μὴ
1827 2238 1878 2269 διὰ
1894 2241 1987 2269 τοῦτο
2004 2238 2272 2278 μετονομασθῆναι
2295 2238 2406 2278 αὐτόν,

1373 2287 1452 2319 ἀλλὰ
1468 2285 1519 2317 διὰ
1536 2286 1573 2317 τὸ
1591 2283 1690 2315 πλατύ
1701 2307 1709 2323 ,
1728 2284 1783 2315 καὶ
1797 2283 1966 2325 κεχυμένον
1978 2307 1989 2322 ,
2007 2283 2062 2314 καὶ
2082 2283 2342 2324 ἀναπεπταμένον
2353 2287 2410 2316 τοῦ

1372 2333 1575 2373 ἀνακειμένου
1606 2334 1807 2371 χαρακτῆρος·
1842 2330 1982 2371 καθάπερ
2006 2330 2083 2368 φασὶ
2118 2330 2172 2362 καὶ
2211 2329 2409 2372 Θεόφραστον

1373 2381 1456 2412 οὕτω
1479 2378 1744 2419 μετονομασθῆναι
1768 2377 1819 2408 διὰ
1843 2378 1878 2409 τὸ
1898 2378 1980 2408 θεῖον
1998 2380 2050 2415 τῆς
2077 2376 2243 2417 φράσεως,
2262 2377 2410 2420 πρότερον

1373 2426 1534 2468 Τύρταμον
1565 2424 1744 2464 λεγόμενον.
1777 2423 1931 2464 Apulejus
1964 2422 2069 2454 doctr.
2106 2422 2186 2455 Plat.
2217 2422 2289 2456 init.
2328 2424 2411 2457 Nam

1372 2471 1570 2514 Speusippus
1593 2469 1782 2502 domesticis
1799 2469 1980 2502 instructus
2003 2468 2208 2502 documentis
2224 2469 2319 2511 pueri
2336 2470 2408 2512 eJus

1373 2526 1447 2551 acre
1464 2518 1498 2550 in
1517 2516 1724 2559 percipiendo
1742 2515 1906 2557 ingenium
1932 2518 1966 2549 et
1985 2516 2186 2550 admirandae
2203 2517 2410 2551 verecundiae

1372 2565 1513 2598 indolem
1539 2563 1670 2603 laudat,
1696 2564 1730 2595 et
1757 2563 1964 2604 pubescentis
1993 2563 2154 2604 primitias
2174 2563 2285 2597 labore
2311 2566 2410 2606 atquo

1372 2620 1483 2644 amore
1500 2609 1653 2643 studendi
1677 2609 1822 2642 imbutas
1837 2610 1947 2649 refert,
1967 2609 2053 2642 etin
2070 2610 2142 2642 viro
2156 2609 2275 2643 harum
2300 2610 2407 2645 iucre-

1372 2661 1482 2691 menta
1500 2658 1661 2689 virtutum
1686 2657 1721 2688 et
1742 2657 1924 2688 ceterarum
1961 2655 2148 2689 convenisse
2173 2659 2324 2691 testatur,
2341 2659 2410 2691 Do-

1372 2708 1495 2738 ctorem
1507 2702 1621 2735 habuit
1630 2702 1663 2735 in
1680 2701 1783 2742 prima
1798 2702 1982 2735 litteratura
2000 2702 2202 2744 Dionysium,
2215 2705 2251 2736 at
2265 2703 2300 2736 in
2313 2705 2410 2746 palte<

1373 2753 1441 2783 stra
1466 2749 1667 2788 Aristonem,
1685 2748 1777 2789 Argis
1806 2748 1992 2781 oriundum.
2015 2751 2200 2792 ‘tantosque
2219 2758 2409 2792 progressus

1373 2797 1562 2831 exercitatio
1578 2795 1716 2828 contulit
1731 2794 1777 2834 ei,
1796 2796 1834 2827 ut
1851 2795 1968 2836 Pythia
1979 2797 2014 2828 et
2024 2795 2162 2828 Isthmia
2177 2795 2219 2829 de
2234 2797 2323 2830 lucta
2335 2806 2406 2831 cer-

1373 2845 1502 2878 taverit.
1527 2843 1667 2876 Picturae
1684 2851 1748 2874 non
1773 2844 1965 2883 aspernatus
1993 2844 2095 2875 artem
2122 2843 2291 2885 tragoediis
2308 2847 2342 2877 et
2356 2845 2409 2879 di·-

1374 2891 1552 2934 thyrambis
1581 2899 1616 2923 se
1630 2889 1744 2922 utilem
1760 2889 1863 2921 finxit.
1883 2891 2023 2931 Jamque
2042 2891 2223 2923 carminum
2246 2891 2409 2925 confiden-
2448 2928 2450 2930 ,

1373 2940 1419 2971 tia
1435 2939 1539 2971 elatus
1553 2938 1748 2970 certatorem
1766 2944 1801 2968 se
1816 2934 1962 2977 profiteri
1984 2936 2149 2978 cupiebat,
2174 2937 2236 2969 nisi
2260 2938 2409 2972 socrates
2452 2934 2455 2938 ”

1374 2985 1591 3017 humilitatem
1603 2982 1762 3025 cupidinis
1770 2991 1811 3015 ex
1823 2982 1891 3023 ejus
1905 2982 2069 3015 mentibus
2081 2983 2314 3025 expulisset,et
2320 2993 2408 3018 verae

1374 3032 1479 3064 laudis
1496 3031 1672 3073 gloriamin
1691 3029 1761 3072 eJus
1778 3029 1923 3062 animum
1936 3029 2079 3062 inserere
2090 3032 2246 3064 curasset.
2263 3031 2408 3067 Δι’-Πᾶσαι

1374 3088 1444 3112 var.
1455 3079 1537 3113 [hist.
1558 3077 1615 3110 lib.
1633 3077 1666 3110 Π
1684 3085 1754 3118 cap.
1778 3078 1817 3109 30
1835 3075 1968 3109 Πλάτων
1989 3078 2007 3109 ὁ
2031 3076 2213 3119 Ἀρίστωνος
2241 3077 2281 3110 τὰ
2296 3081 2407 3120 πρῶτα

1376 3126 1426 3157 ἐπὶ
1442 3125 1605 3163 ποιητικὴν
1619 3124 1746 3164 ὥρμησε
1759 3124 1814 3155 καὶ
1831 3122 1954 3164 ἡρωῖκὰ
1976 3123 2088 3164 ἔγραφε
2111 3124 2219 3165 μέτρα·
2235 3124 2303 3156 εἶτα
2326 3125 2406 3157 αὐτὰ

1375 3173 1565 3213 κατέπρησεν
1577 3197 1585 3212 ,
1608 3171 1759 3214 ὑπεριδὼν
1776 3170 1876 3202 αὐτῶν
1885 3193 1895 3209 ,
1913 3170 1980 3202 ἐπεὶ
2002 3174 2065 3207 τοῖς
2079 3171 2218 3212 Ὁμήρου
2231 3171 2312 3204 αὐτὰ
2324 3170 2405 3203 ἀντι-

1376 3220 1484 3261 κρίνων
1497 3220 1579 3260 ἑώρα
1594 3218 1676 3251 κατὰ
1695 3218 1773 3250 πολὺ
1789 3217 1966 3259 ἡττώμενα.
1986 3216 2133 3250 Ἐπέθε-το
2151 3217 2206 3249 οὗν
2222 3217 2384 3259 τραγῳδίᾳ
2395 3241 2404 3256 ,

1375 3269 1427 3299 καὶ
1452 3268 1488 3304 δὴ
1515 3267 1569 3298 καὶ
1597 3265 1792 3306 τετραλογίαν
1812 3263 1998 3305 εἰργάσατο,
2026 3264 2081 3296 καὶ
2106 3263 2230 3304 ἔμελλεν
2259 3264 2407 3305 ἀγωνιεῖ-

1375 3316 1458 3353 σθαι,
1473 3314 1542 3349 δοὺς
1559 3314 1619 3351 ἤδη
1634 3315 1698 3348 τοῖς
1715 3313 1896 3352 ὑποκριταῖς
1914 3311 1954 3343 τὰ
1970 3311 2141 3351 ποιήματα.
2162 3311 2229 3352 Πρὸ
2249 3314 2312 3343 τῶν
2331 3313 2405 3344 Διο-

1374 3361 1487 3392 νυσίων
1505 3361 1539 3392 δὲ
1554 3359 1712 3401 παρελθὼν
1730 3358 1848 3396 ἤκουσε
1874 3358 2055 3400 Σωκράτους
2067 3383 2075 3397 ,
2094 3358 2149 3390 καὶ
2173 3358 2260 3396 ἅπαξ
2278 3358 2406 3399 αἱρεθεὶς

1374 3407 1435 3438 ὑπὸ
1450 3410 1503 3445 τῆς
1519 3406 1638 3439 ἐκείνου
1652 3407 1804 3447 Σειρῆνος,
1819 3407 1875 3437 τοῦ
1890 3404 2106 3446 ἀγωνίσματος
2119 3405 2159 3446 οὐ
2175 3405 2269 3446 μόνον
2284 3404 2406 3440 ἀπέστη

1373 3452 1442 3485 τότε
1455 3478 1463 3492 ,
1484 3454 1564 3485 ἀλλὰ
1578 3454 1631 3486 καὶ
1645 3453 1756 3490 τελέως
1771 3454 1807 3485 τὸ
1827 3453 1952 3495 γράφειν
1969 3452 2145 3494 τραγῳδίαν
2166 3452 2338 3496 ἀπέρριψε,
2351 3451 2405 3485 καὶ
