2508 3776
260 173 343 213 474

258 258 458 312 ἐγκρατείας
477 257 536 296 καὶ
565 253 735 309 ἀκρασίας
754 252 860 295 ἐστίν.
887 253 971 294 Εἰσὶ
997 253 1064 308 γὰρ
1083 255 1206 304 ἡδοναὶ
1225 256 1285 295 καὶ

257 322 363 359 λῦπαι
380 318 396 342 ¹³
414 318 503 356 οὕτω
526 315 675 366 μεγάλαι
704 313 763 352 καὶ
787 313 959 367 σφοδραί,
989 313 1080 354 ὥστε
1099 315 1157 353 τὸν
1177 315 1293 363 ἡττώ-

258 393 358 429 μενον
380 378 491 414 αὐτῶν
509 373 714 425 συγγνώμης
735 372 824 416 τινὸς
842 372 1030 418 ἀξιοῦσθαι·
1050 373 1090 412 τὸ
1105 373 1172 426 γὰρ
1186 373 1296 413 τοιού-

254 452 321 474 των
343 437 512 482 ἡττᾶσθαι
540 432 638 472 οὐδὲν
665 431 882 482 θαυμαστόν·
906 431 1024 485 ὥσπερ
1047 433 1294 482 Φιλοκτήτης,

253 495 290 534 ὃν
318 494 501 545 εἰσήγαγεν
522 496 556 533 ἐν
591 497 661 535 τοῖς
683 490 860 541 ποιήμασι
891 490 1092 538 Θεοδέκτης
1112 494 1130 530 6
1149 491 1295 540 ποιητὴς

252 554 496 605 πεπληγμένον
517 551 584 591 ὑπὸ
603 551 729 604 ὄφεως,
766 550 825 589 καὶ
848 550 956 603 μέχρι
987 550 1078 595 τινὸς
1097 554 1295 603 κρατοῦντα

252 617 312 661 τῆς
332 611 470 663 λύπης,
494 616 568 650 εἶτα
600 610 860 658 ἀναὸοήσαντα
882 611 905 658 ἢ
926 610 963 648 ὃν
995 609 1127 661 εἰσάγει
1159 612 1295 663 Καρκῖ-

252 691 331 719 νοςο
356 676 373 712 6
396 673 541 720 ποιητὴς
565 671 783 723 Κερκύονα’
769 670 825 709 επὶ
849 686 893 721 τῃ
921 663 1020 723 ὕὸρει
1040 672 1101 717 τῆς
1128 670 1296 723 θυγατρὸς

251 733 400 781 Ἀλόπης
432 734 669 784 καρτεροῦντα
702 730 806 783 μέχρι
835 728 948 777 τινός,
984 721 1060 768 εἶτα
1097 729 1293 777 ἡττηθέντα

250 795 311 839 τῆς
343 790 541 844 ἀλγηδόνος·
573 789 694 841 ὥσπερ
726 790 758 828 οἱ
790 787 953 841 κατέχειν
988 787 1213 842 πειρώμενοι
1237 789 1295 828 τὸν

250 852 386 901 γέλωτα
420 850 542 903 ἀθρόον
574 849 871 901 ἐκκαγχάζουσιν,
901 847 986 901 ὅπερ
1027 851 1044 886 6
1076 849 1295 901 Ξενόφαντος

251 912 424 959 ἐποίησεν·
447 911 485 950 οὗ
510 914 611 948 τοῦτο
632 908 746 948 τοίνυν
767 907 841 948 ἐστὶ
863 908 1063 958 θαυμαστὸν
1084 908 1123 947 τὸ
1142 910 1296 955 ἡττηθῆ-

249 986 304 1010 ναι
321 971 409 1010 οῧτω
427 968 669 1023 σφοδροτάτων
684 970 820 1007 παθῶν·
842 968 918 1006 ἀλλ’
934 968 967 1006 εἴ
977 984 1027 1012 τις
1045 971 1195 1015 ἡττᾶται
1211 967 1295 1020 πρὸς

250 1031 289 1075 ἃς
311 1033 341 1069 οἳ
363 1029 485 1069 πολλοὶ
502 1029 666 1067 δύνανται
688 1027 846 1081 ἀντέχειν
867 1026 992 1075 ἡδονὰς
1012 1026 1072 1066 καὶ
1089 1026 1214 1074 λύπας,
1232 1027 1293 1067 καὶ

250 1090 298 1141 μὴ
319 1089 456 1129 δύναιτο
477 1088 692 1138 ἀντιτείνειν,
719 1086 768 1137 μὴ
784 1086 840 1125 διὰ
857 1086 959 1140 φύσιν
976 1085 1054 1125 τινὰ
1076 1090 1133 1125 τοῦ
1149 1086 1266 1137 γένους
1278 1117 1288 1134 ,

248 1149 366 1200 ὥσπερ
383 1150 414 1187 οἳ
430 1150 574 1188 Σκυθῶν
589 1149 744 1199 βασιλεῖς
757 1145 855 1199 φύσει
877 1146 942 1184 εἶσὶ
957 1145 1123 1197 μαλακοί,
1138 1145 1161 1193 ἢ
1174 1146 1292 1198 ὥσπερ

248 1209 287 1246 τὸ
309 1209 394 1255 θῆλυ
422 1206 521 1258 φύσει
540 1206 614 1245 ἐστὶ
647 1210 706 1244 τοῦ
730 1206 869 1280 ἄρρενος
902 1205 1167 1257 μαλακώτερον,
1191 1204 1213 1251 ἢ
1233 1204 1290 1242 διὰ

249 1266 358 1314 νόσον,
377 1265 453 1304 ἀλλ’
472 1268 489 1304 6
508 1265 564 1303 διὰ
578 1266 733 1318 πονηραν
751 1264 819 1310 ἕξιν
835 1281 894 1303 και
912 1266 1126 1337 μοχθηρίαν,
1149 1267 1288 1302 ὃτοιοῦ-

248 1342 303 1369 τος
320 1325 574 1376 ἀσύγγνωστος.
607 1323 713 1362 Ἐστι
744 1323 780 1361 δὲ
809 1324 867 1361 καὶ
900 1325 918 1361 6
952 1325 1084 1376 σφόδρα
1114 1337 1291 1383 χρωμενος

247 1391 323 1429 ταῖς
343 1384 497 1427 παιδιαῖς
518 1383 694 1433 μαλακός,
722 1385 751 1421 εἷ
773 1382 832 1421 καὶ
854 1383 950 1420 δοκεῖ
971 1381 1164 1425 ἀκόλαστος
1183 1384 1287 1419 εἶναι·

247 1445 279 1482 οἱ
299 1443 367 1496 γὰρ
383 1442 445 1489 τὴν
468 1442 583 1480 ἄνεσιν
605 1442 737 1495 σφόδρα
758 1438 939 1488 ζητοῦντές
964 1443 1049 1479 εἷσιν
1068 1442 1100 1479 οἱ
1116 1440 1284 1491 μαλακοί·

246 1506 268 1549 ἡ
291 1502 325 1540 δὲ
342 1500 466 1540 παιδιὰ
487 1500 601 1544 ἄνεσίς
622 1516 673 1543 τις
693 1499 753 1538 καὶ
776 1499 971 1543 ἀνάπαυσίς
989 1501 1077 1537 ἐστι·
1097 1499 1157 1537 καὶ
1178 1502 1196 1538 6
1214 1497 1294 1551 σφό-

249 1563 314 1612 δρα
336 1559 516 1612 χρώμενος
534 1558 690 1601 παιδιαῖς
711 1557 924 1610 ὖπερὸοίλλει
950 1557 1042 1596 κατά
1061 1572 1138 1596 τινα
1162 1557 1290 1606 ἄνεσιν,

251 1619 309 1657 καὶ
330 1617 522 1666 παιδιώδης
542 1619 715 1656 καλεῖται.

301 1677 469 1729 (ScrIpsi
491 1690 500 1714 z
530 1680 544 1699 ¹³
568 1674 603 1719 ὃς
623 1669 709 1728 οὖν]
745 1675 831 1715 cod.
868 1673 904 1719 ὃς
940 1675 1016 1728 οὐχ.
1039 1698 1091 1705 -
1110 1673 1128 1698 ¹³
1159 1676 1290 1727 λῦπαι]

249 1735 334 1775 cod.
366 1735 489 1774 λύπαι.
511 1755 565 1765 —-
585 1740 598 1758 ⁰
626 1735 821 1787 Καρκῖνος]
845 1748 933 1772 cum
957 1734 1070 1774 codd.
1094 1735 1142 1773 cf.
1171 1735 1291 1773 Hero-

248 1795 353 1833 diani
378 1793 528 1843 ἐπιτομὴ
563 1795 623 1840 τῆς
652 1795 841 1839 καθολικῆς
874 1792 1074 1846 προσῳδίας
1102 1806 1190 1845 pag.
1226 1800 1289 1842 74,

253 1868 300 1904 ¹9
320 1853 382 1893 ed.
403 1852 602 1900 Schmidt3
623 1866 694 1890 nec
711 1861 841 1890 tamen
861 1852 1080 1890 damnanda
1104 1853 1295 1903 scriptura

251 1912 446 1965 Καρκίνος,
472 1912 565 1964 quia
594 1912 809 1963 penultima
826 1911 869 1949 in
900 1911 1142 1950 carminibus
1169 1912 1293 1950 corri-

252 1973 399 2028 pitur.)

675 2086 768 2138 Κεφ.
801 2084 861 2137 ιγ’.

249 2216 326 2258 Περὶ
340 2216 404 2248 τῶν
428 2214 522 2247 εἰδῶν
538 2217 592 2251 τῆς
606 2213 775 2256 ἀκρασίας·
798 2213 853 2245 καὶ
872 2213 920 2245 ὅτι
931 2215 1042 2255 χεῖρον
1067 2212 1168 2246 κακὸν
1183 2215 1203 2252 ἡ
1216 2213 1295 2245 ἀκο-

586 2261 685 2293 λασία
708 2265 763 2301 τῆς
780 2260 949 2303 ἀκρασίας.

311 2378 326 2392 *
348 2378 423 2422 Τῆς
446 2375 481 2414 δὲ
505 2374 674 2427 ἀκρασίας
699 2374 759 2412 δύο
779 2374 864 2412 εἷσὶν
883 2373 970 2422 εἴδη“
989 2373 1048 2413 καὶ
1068 2373 1108 2413 τὸ
1126 2374 1188 2425 μὲν
1211 2390 1295 2427 προ-

251 2435 371 2473 πέτεια
388 2465 397 2483 ,
430 2436 467 2473 τὸ
501 2434 535 2472 δὲ
558 2433 719 2472 ἀσθένεια
740 2434 993 2474 καλεῖται.οἱ
1016 2432 1058 2483 μὲ
1044 2449 1076 2471 ν
1099 2433 1169 2494 γὰρ
1208 2448 1294 2486 προ-

203 2524 206 2525 ?
253 2492 521 2542 ὅουλευσάμενοι
541 2492 590 2543 μὴ
612 2495 842 2545 συγχωρῆσαι
870 2495 919 2545 τῷ
940 2492 1063 2540 πάθει,
1087 2495 1160 2530 εἶτα
1182 2495 1292 2540 ἡττη-

254 2552 365 2595 θέντες
400 2553 532 2598 αὐτοῦ,
553 2550 615 2597 τὴν
640 2553 763 2598 ἀσθενῆ
795 2552 967 2604 ἀκρασίαν
999 2552 1084 2590 εἰσὶν
1112 2553 1284 2602 ἀκρατεῖς·

253 2612 283 2648 οἵ
307 2610 343 2648 δὲ
365 2609 413 2660 μὴ
449 2609 815 2662 προδουλευσάμενοι,
848 2610 923 2648 ἀλλ’
943 2610 1041 2654 εὐθὺς
1067 2610 1292 2662 προσὸαλόν-

253 2684 308 2712 τος
324 2674 338 2692 ³
359 2668 584 2716 ἡττηθέντες,
616 2669 680 2716 τὴν
700 2672 859 2720 προπετῆ
892 2670 1062 2722 ἀκρασίαν
1082 2671 1166 2709 εἷσὶν
1187 2672 1292 2721 ἀκρα-

256 2728 337 2772 τεῖς·
373 2726 455 2766 ἔνιοι
486 2727 554 2779 γὰρ
574 2727 861 2780 προαισθόμενοι,
895 2728 955 2766 καὶ
983 2728 1201 2780 προϊδόντες,
1227 2729 1286 2767 καὶ

253 2785 515 2839 προεγείραντες
529 2786 683 2833 ἑαυτούς,
698 2785 758 2824 καὶ
774 2785 830 2823 τὸν
845 2786 1029 2838 λογισμόν,
1040 2790 1104 2839 οὐχ
1116 2789 1290 2834 ἡττῶνται

254 2845 322 2884 ὑπὸ
343 2847 402 2882 τοῧ
425 2844 570 2895 πάθους,
592 2843 710 2897 ὥσπερ
731 2845 775 2882 τὰ
792 2845 1021 2896 προτριὸέντα
1043 2845 1103 2884 καὶ
1124 2861 1281 2898 προγαρ-

253 2902 461 2956 γαλισθέντα
494 2903 580 2953 μέλη
611 2904 649 2941 οὗ
679 2903 957 2956 γαργαλίζονται.
998 2907 1164 2944 Μάλιστα
1202 2904 1237 2943 δὲ
1263 2906 1293 2944 οἳ

206 3002 209 3004 ,
255 2963 340 3008 ὀξεῖς
360 2962 422 3001 καὶ
443 2963 690 3015 μελαγχολικοὶ
721 2962 783 3008 τὴν
826 2967 982 3015 προπετῆ
1015 2964 1186 3017 ἀκρασίαν
1208 2964 1292 3003 εἰσὶν

256 3024 429 3076 ἀκρατεῖς·
447 3023 478 3060 οἳ
505 3021 566 3096 μὲν
596 3021 631 3060 δ’)
618 3026 686 3066 εἷς
723 3021 777 3059 διὰ
803 3022 865 3068 τὴν
886 3027 1067 3074 ταχυτῆτα
1082 3024 1098 3048 b
1120 3026 1181 3063 οὐκ
1203 3026 1295 3061 ἀνα-

258 3082 397 3133 μένουσι
416 3081 515 3127 'dlv'
497 3096 565 3119 απο
586 3084 644 3119 τοῧ
664 3080 766 3131 λόγου
784 3080 907 3142 κρίσιν
926 3084 957 3120 οἳ
978 3083 1013 3121 δὲ
1033 3082 1293 3136 μελαγχολικοί,

259 3140 316 3180 διὰ
347 3141 386 3180 τὸ
416 3140 547 3194 σφόδρα
569 3139 794 3194 φανταστικοὶ
823 3143 911 3178 εἰναι
953 3156 1013 3178 και
1035 3143 1231 3181 ἀκολουθεῖν
1252 3145 1294 3193 τῇ

259 3199 443 3253 φαντασίᾳ·
471 3199 522 3237 διὸ
554 3198 790 3252 σφοδροτέρως
820 3202 995 3238 κινοῦνται
1024 3200 1072 3251 μὴ
1095 3201 1296 3255 ἐπιστρεφό-

260 3275 356 3310 μενοι
372 3257 457 3311 πρὸς
476 3259 533 3298 τὸν
554 3258 669 3310 λόγον.

1084 166 1361 208 ANDRONICI
1391 166 1572 208 RHODII

1355 261 1467 295 nentia
1492 263 1537 294 et
1542 259 1777 293 incontinentia
1803 260 2012 296 sentiendum
2035 263 2097 297 est.
2122 263 2206 298 Sunt
2226 264 2312 297 enim
2337 268 2407 296 iro-¹
2441 268 2461 280 ³

1356 321 1501 363 luptates
1516 322 1549 352 et
1573 319 1703 352 dolores
1727 321 1797 352 tam
1815 320 1924 362 magni
1943 322 2079 364 tamque
2104 323 2334 364 vehementes,
2360 325 2399 356 ut

1357 379 1417 421 qui
1428 378 1469 411 iis
1484 380 1668 420 superetur,
1697 377 1792 410 venia
1808 377 1927 419 dignus
1940 379 2115 412 videatur:
2137 381 2258 424 quippe
2277 381 2400 415 talibus
2436 414 2441 417 ,

1357 439 1501 481 aliquem
1521 437 1628 476 vinci,
1648 447 1712 470 non
1730 440 1780 471 est
1796 438 1985 471 mirandum
2008 451 2016 471 ι
2033 441 2143 482 qualis
2167 445 2219 475 est
2234 441 2401 475 Philocte-

1356 499 1423 538 tes,
1452 506 1551 540 quem
1569 497 1772 531 Theodectes
1799 500 1896 541 poeta
1921 497 1955 530 in
1974 499 2174 534 carminibus
2199 510 2220 534 a
2249 501 2401 544 serpente

1356 566 1549 600 percussum
1576 556 1728 596 induxit,
1752 556 1811 600 qui
1839 567 1944 600 quum
1973 558 2176 601 aliquamdiu
2208 559 2314 593 dolori
2341 568 2402 593 suo

1357 616 1565 659 imperasset,
1583 619 1698 659 postea
1717 616 1897 649 clamorem
1917 617 2051 650 sustulit
2067 631 2076 650 ι
2098 620 2157 651 aut
2171 617 2227 652 ille
2243 618 2398 660 cercyna,

1356 685 1455 719 quem
1477 675 1636 709 carcinus
1652 678 1749 718 poeta
1764 676 1798 708 in
1821 675 1896 709 filiae
1919 676 2037 719 Alopes
2056 677 2179 720 injuria
2197 675 2402 720 aliquadeu

1355 739 1538 775 tacentem,
1559 736 1677 770 deinde
1696 736 1807 770 dolore
1825 737 1953 770 victum
1975 737 2104 770 inducit
2126 750 2134 770 ε
2158 739 2196 770 ut
2212 738 2270 781 qui
2297 737 2401 771 risum

1356 795 1570 838 comprimere
1595 798 1750 829 conantes
1779 796 1975 829 cachinnum
2000 796 2139 834 tollunt,
2171 795 2263 840 quod
2293 797 2402 830 Xeno-

1355 854 1479 897 phanto
1494 854 1613 887 accidit
1629 864 1636 884 =
1651 854 1804 897 quocirca
1817 864 1881 887 non
1901 855 1965 888 hoc
1985 858 2036 888 est
2051 854 2240 889 mirandum
2254 880 2262 895 ‚
2287 854 2317 889 si
2333 842 2403 889 tam

1356 915 1606 948 vehementibus
1639 914 1815 948 affectibus
1842 918 2049 959 superentur,
2086 916 2145 949 sed
2177 915 2205 949 si
2241 915 2318 959 quis
2335 915 2403 950 iuis

1355 974 1479 1018 quihus
1493 975 1641 1018 plerique
1660 977 1799 1018 possunt
1816 976 1968 1009 resistere
1993 978 2028 1008 et
2044 974 2274 1018 voluptatibus
2291 976 2326 1008 et
2341 974 2403 1008 do-

1357 1034 1481 1068 loribus
1497 1034 1665 1073 vincatur,
1682 1044 1789 1077 neque
1808 1035 1911 1078 possit
1929 1036 2044 1068 contra
2063 1035 2140 1074 niti,
2156 1044 2221 1068 non
2239 1034 2282 1068 ob
2301 1043 2413 1077 gene-

1357 1094 1403 1126 ris
1418 1096 1571 1127 naturam
1589 1093 1771 1137 quandam,
1790 1093 2073 1137 quemadmodum
2093 1094 2292 1136 Scytharum
2310 1100 2403 1136 reges

1356 1155 1475 1186 natura
1500 1155 1578 1186 sunt
1607 1152 1742 1194 molles,
1778 1155 1837 1186 aut
1849 1140 1906 1185 ’ut
1936 1151 2066 1186 feminae
2092 1155 2213 1186 natura
2237 1152 2404 1187 molliores

1357 1214 1434 1244 sunt
1449 1211 1616 1251 maribus,
1636 1214 1694 1244 aut
1716 1211 1758 1244 ob
1778 1210 1949 1250 morbum,
1970 1210 2029 1245 sed
2042 1213 2177 1254 propter
2197 1211 2324 1245 malum
2341 1210 2404 1245 ha-

1358 1269 1464 1302 bitum
1481 1272 1515 1303 et
1534 1269 1781 1312 improbitatem
1795 1295 1804 1310 ‚
1825 1269 1901 1303 talis
1914 1269 2009 1303 venia
2033 1269 2187 1312 indignus
2207 1271 2268 1304 est.
2292 1271 2403 1314 Atque

1358 1328 1459 1362 etiam
1477 1329 1507 1362 is
1525 1330 1585 1373 qui
1602 1329 1681 1363 ludo
1710 1332 1745 1362 et
1759 1329 1834 1373 ,ioco
1860 1339 2055 1373 magnopere
2079 1329 2277 1372 oblectatur,
2293 1329 2404 1364 mollis

1355 1391 1417 1429 est,
1436 1389 1590 1432 quamvis
1604 1388 1825 1431 intemperans
1846 1398 1919 1423 esse
1931 1389 2086 1423 videatur
2106 1389 2188 1433 :qui
2203 1389 2290 1423 enim
2302 1388 2403 1423 animi

1356 1446 1581 1480 remissionem
1598 1447 1737 1481 nimium
1756 1450 1953 1491 sequuntur,
1975 1450 2052 1481 sunt
2066 1447 2183 1491 molles
2197 1461 2206 1481 ι
2223 1449 2275 1482 est
2291 1449 2403 1481 autem

1357 1506 1456 1540 ludus
1477 1507 1627 1540 remissio
1656 1506 1811 1550 quaedam
1836 1506 2022 1539 animorum
2043 1508 2078 1539 et
2104 1506 2236 1549 requies
2258 1516 2266 1537 :
2293 1506 2404 1548 etqui

1356 1565 1496 1599 nimium
1522 1565 1601 1599 ludo
1625 1565 1794 1608 indulget,
1825 1566 2026 1599 remissionis
2060 1565 2230 1608 quendam
2265 1563 2402 1599 modum

1356 1623 1503 1665 excedit,
1521 1626 1554 1657 et
1570 1623 1773 1665 ludibundus
1797 1626 1945 1657 vocatur.

1784 2085 1862 2127 Gap.
1888 2085 1975 2117 x111.

1359 2216 1400 2242 De
1411 2212 1639 2242 incontinentiae
1650 2209 1754 2241 formis
1770 2220 1778 2239 ι
1792 2211 1890 2248 majus
1909 2211 1981 2241 item
1997 2211 2110 2240 malum
2120 2215 2183 2241 esse
2195 2210 2398 2248 intemperan-

1659 2260 1731 2288 tiam
1745 2266 1834 2296 quam
1847 2258 2111 2288 incontInentiam.

1397 2365 1647 2399 Incontinentiae
1662 2368 1774 2398 autem
1792 2365 1868 2398 duae
1885 2366 1962 2398 sunt
1980 2363 2114 2407 species,
2133 2373 2277 2407 quarum
2295 2363 2400 2398 altera
2424 2368 2438 2374 “

1357 2419 1541 2456 temeritas,
1577 2418 1680 2450 altera
1704 2417 1913 2450 imbecillitas
1935 2420 2084 2450 vocatur.
2119 2417 2184 2455 Qui
2206 2417 2295 2450 enim
2321 2419 2399 2451 ante

1357 2473 1445 2516 apud
1463 2473 1609 2505 animum
1632 2480 1729 2504 suum
1750 2473 1946 2509 statuerant,
1971 2480 2037 2503 non
2059 2470 2175 2504 cedere
2192 2469 2347 2509 affectui,
2365 2471 2400 2503 et

1357 2530 1466 2560 tamen
1484 2528 1596 2567 postea
1622 2534 1660 2557 eo
1676 2527 1883 2566 superantur,
1907 2524 1949 2556 iis
1970 2533 2069 2556 causa
2090 2523 2335 2557 incontinentiae
2351 2525 2403 2557 est

1358 2579 1566 2613 imbecillitas
1597 2590 1605 2609 z
1639 2578 1698 2619 qui
1721 2587 1799 2610 vero
1827 2587 1867 2611 ne
1887 2578 1979 2620 prius
1999 2578 2135 2620 quidem
2168 2577 2294 2610 ratione
2319 2577 2403 2611 bene

1358 2632 1521 2665 subducta
1533 2630 1639 2672 primo
1652 2629 1763 2662 statim
1780 2630 1881 2662 animi
1897 2630 2024 2672 impetu
2037 2631 2245 2672 superantur,
2264 2632 2402 2662 temera-

1357 2685 1405 2717 ria
1420 2682 1654 2716 incontinentia
1676 2682 1826 2715 laborant
1845 2694 1852 2714 ε
1873 2684 1953 2715 nani
1967 2681 2115 2714 nonnulli
2137 2691 2241 2724 quum
2254 2690 2401 2724 praesen-

1358 2738 1472 2770 serunt
1497 2744 1535 2768 ac
1570 2733 1799 2776 providerunt,
1832 2743 1935 2777 seque
1963 2734 2052 2777 ipsos
2081 2735 2115 2767 et
2147 2733 2308 2766 rationem
2342 2733 2401 2766 diu

1357 2792 1433 2823 ante
1467 2786 1771 2830 expergefecerunt,
1817 2795 1882 2819 non
1909 2788 2106 2828 superantur
2138 2783 2281 2823 affectu,
2313 2784 2400 2826 sicut

1357 2841 1501 2884 corporis
1513 2839 1661 2872 membra
1675 2865 1681 2877 ‚
1698 2848 1773 2881 quae
1799 2847 1904 2880 quum
1923 2841 1999 2871 ante
2015 2837 2187 2871 fricuimus
2197 2845 2237 2870 ac
2252 2836 2403 2870 titillavi-

1357 2904 1446 2933 mus,
1473 2896 1587 2936 postea
1604 2901 1667 2924 non
1684 2891 1826 2933 amplius
1843 2890 2031 2924 titillantur.
2053 2890 2195 2923 Maxime
2218 2891 2330 2922 autem
2344 2889 2403 2932 qui

1358 2948 1393 2980 in
1407 2947 1491 2979 iram
1513 2944 1697 2989 praecipites
1713 2946 1746 2976 et
1774 2942 2000 2976 melancholici
2033 2944 2130 2980 sunt¹
2146 2941 2320 2974 temeraria
2346 2940 2400 2973 in-

1358 3004 1556 3037 continentia
1567 3003 1743 3036 laborant:
1760 3003 1792 3034 et
1806 3001 1840 3032 in
1866 2999 1948 3031 iram
1962 2996 2094 3039 quidem
2112 2994 2305 3037 praecipites,
2323 2994 2402 3036 quia

1358 3058 1491 3097 'propter
1508 3055 1749 3088 festinationem
1769 3050 1902 3085 rationis
1914 3048 2075 3100 judicium
2100 3056 2165 3079 non
2188 3047 2397 3088 exspectant,

1357 3108 1584 3141 melancholici
1610 3116 1705 3144 vero,
1732 3104 1810 3147 quia
1836 3103 1879 3136 ad
1901 3101 2056 3141 imagines
2081 3098 2308 3141 concipiendas
2327 3107 2402 3140 per.

1358 3172 1458 3204 quam
1483 3162 1549 3204 apti
1578 3163 1654 3194 sunt
1674 3162 1707 3192 et
1730 3156 1993 3199 imaginationem
2023 3155 2239 3195 sequuntur:
2258 3151 2400 3195 ideoque

1359 3215 1585 3248 vehementius
1618 3213 1718 3247 etiam
1746 3212 1942 3247 moventur,
1971 3205 2127 3251 quoniam
2151 3205 2311 3239 rationem
2337 3214 2402 3238 non

1357 3267 1545 3309 respiciunt.

301 3413 318 3431 *
341 3412 508 3461 Ἀκρασίας
524 3413 557 3446 δὲ
575 3414 612 3446 τὸ
633 3414 689 3456 μὲν
707 3415 893 3457 προπέτεια,
917 3415 954 3452 τὸ
975 3415 1009 3447 δὲ
1032 3415 1182 3449 ἀσθένεια
1198 3417 1266 3453 κτλ.
