<?xml version="1.0" encoding="UTF-8"?>
<!DOCTYPE html PUBLIC "-//W3C//DTD XHTML 1.0 Transitional//EN"
    "http://www.w3.org/TR/xhtml1/DTD/xhtml1-transitional.dtd">
<html xmlns="http://www.w3.org/1999/xhtml" xml:lang="en" lang="en">
 <head>
  <title>
</title>
<meta http-equiv="Content-Type" content="text/html;charset=utf-8" />
  <meta name='ocr-system' content='tesseract 3.04.00' />
  <meta name='ocr-capabilities' content='ocr_page ocr_carea ocr_par ocr_line ocrx_word'/>
</head>
<body>
  <div class='ocr_page' id='page_1' title='image "./fragmentaphiloso03mulluoft/fragmentaphiloso03mulluoft_0064.png"; bbox 0 0 2528 3788; ppageno 0'>
   <div class='ocr_carea' id='block_1_1' title="bbox 335 192 386 227">
    <p class='ocr_par' dir='ltr' id='par_1_1' title="bbox 335 192 386 227">
     <span class='ocr_line' id='line_1_1' title="bbox 335 192 386 227; baseline -0.02 0"><span class='ocrx_word' id='word_1_1' title='bbox 335 192 386 227; x_wconf 83' lang='grc'>48</span> 
     </span>
    </p>
   </div>
   <div class='ocr_carea' id='block_1_2' title="bbox 310 271 1362 2481">
    <p class='ocr_par' dir='ltr' id='par_1_2' title="bbox 330 271 1361 371">
     <span class='ocr_line' id='line_1_2' title="bbox 330 271 1361 325; baseline 0.011 -16"><span class='ocrx_word' id='word_1_2' title='bbox 330 271 546 324; x_wconf 76' lang='grc' dir='ltr'>τιμήσαντας</span> <span class='ocrx_word' id='word_1_3' title='bbox 565 272 633 311; x_wconf 87' lang='grc' dir='ltr'>ἔδει</span> <span class='ocrx_word' id='word_1_4' title='bbox 649 282 666 307; x_wconf 68' lang='lat'><em>8</em></span> <span class='ocrx_word' id='word_1_5' title='bbox 685 271 747 319; x_wconf 81' lang='grc' dir='ltr'>τὴν</span> <span class='ocrx_word' id='word_1_6' title='bbox 770 272 868 321; x_wconf 89' lang='grc' dir='ltr'>δίκην</span> <span class='ocrx_word' id='word_1_7' title='bbox 888 275 1001 314; x_wconf 82' lang='grc' dir='ltr'>αὐτῶν</span> <span class='ocrx_word' id='word_1_8' title='bbox 1021 279 1165 325; x_wconf 75' lang='grc' dir='ltr'>ποιῆσαι</span> <span class='ocrx_word' id='word_1_9' title='bbox 1186 282 1255 319; x_wconf 84' lang='grc' dir='ltr'>τῶν</span> <span class='ocrx_word' id='word_1_10' title='bbox 1276 283 1361 320; x_wconf 84' lang='grc' dir='ltr'>θεῶν</span> 
     </span>
     <span class='ocr_line' id='line_1_3' title="bbox 331 334 501 371; baseline 0.006 -1"><span class='ocrx_word' id='word_1_11' title='bbox 331 334 501 371; x_wconf 78' lang='grc' dir='ltr'>ἕκπεσεῖν.</span> 
     </span>
    </p>

    <p class='ocr_par' dir='ltr' id='par_1_3' title="bbox 321 390 1362 915">
     <span class='ocr_line' id='line_1_4' title="bbox 382 390 1362 447; baseline 0.008 -17"><span class='ocrx_word' id='word_1_12' title='bbox 382 396 397 414; x_wconf 83' lang='lat'>&#39;¹</span> <span class='ocrx_word' id='word_1_13' title='bbox 416 391 491 430; x_wconf 86' lang='grc' dir='ltr'>Καὶ</span> <span class='ocrx_word' id='word_1_14' title='bbox 509 390 577 441; x_wconf 82' lang='grc' dir='ltr'>μὴν</span> <span class='ocrx_word' id='word_1_15' title='bbox 598 391 703 442; x_wconf 80' lang='grc' dir='ltr'>οὐδὲ]</span> <span class='ocrx_word' id='word_1_16' title='bbox 719 392 880 444; x_wconf 84' lang='lat' dir='ltr'>scripsi3</span> <span class='ocrx_word' id='word_1_17' title='bbox 899 394 1011 434; x_wconf 89' lang='lat' dir='ltr'><strong>codd.</strong></span> <span class='ocrx_word' id='word_1_18' title='bbox 1034 394 1095 433; x_wconf 78' lang='grc' dir='ltr'>καὶ</span> <span class='ocrx_word' id='word_1_19' title='bbox 1111 395 1173 447; x_wconf 84' lang='grc' dir='ltr'>μὲν</span> <span class='ocrx_word' id='word_1_20' title='bbox 1195 396 1287 438; x_wconf 77' lang='grc' dir='ltr'>οὐδέ.</span> <span class='ocrx_word' id='word_1_21' title='bbox 1310 420 1362 427; x_wconf 83' lang='grc'><strong>-</strong></span> 
     </span>
     <span class='ocr_line' id='line_1_5' title="bbox 334 448 1362 502; baseline 0.007 -14"><span class='ocrx_word' id='word_1_22' title='bbox 334 450 351 475; x_wconf 77' lang='lat'>¹³</span> <span class='ocrx_word' id='word_1_23' title='bbox 373 448 474 489; x_wconf 77' lang='grc' dir='ltr'>ἀθεία</span> <span class='ocrx_word' id='word_1_24' title='bbox 496 459 553 488; x_wconf 87' lang='lat' dir='ltr'>est</span> <span class='ocrx_word' id='word_1_25' title='bbox 571 450 750 501; x_wconf 84' lang='lat' dir='ltr'>impietas</span> <span class='ocrx_word' id='word_1_26' title='bbox 763 480 774 499; x_wconf 92' lang='lat'>,</span> <span class='ocrx_word' id='word_1_27' title='bbox 793 465 870 502; x_wconf 88' lang='lat' dir='ltr'>qua</span> <span class='ocrx_word' id='word_1_28' title='bbox 885 453 974 490; x_wconf 90' lang='lat' dir='ltr'>deos</span> <span class='ocrx_word' id='word_1_29' title='bbox 995 463 1059 492; x_wconf 92' lang='lat' dir='ltr'>aut</span> <span class='ocrx_word' id='word_1_30' title='bbox 1079 468 1157 492; x_wconf 88' lang='lat' dir='ltr'>non</span> <span class='ocrx_word' id='word_1_31' title='bbox 1178 468 1260 494; x_wconf 88' lang='lat' dir='ltr'>esse</span> <span class='ocrx_word' id='word_1_32' title='bbox 1281 470 1362 494; x_wconf 91' lang='lat' dir='ltr'>cre—</span> 
     </span>
     <span class='ocr_line' id='line_1_6' title="bbox 327 509 1360 565; baseline 0.007 -19"><span class='ocrx_word' id='word_1_33' title='bbox 327 509 472 556; x_wconf 88' lang='lat' dir='ltr'>dimus,</span> <span class='ocrx_word' id='word_1_34' title='bbox 493 517 558 547; x_wconf 85' lang='lat' dir='ltr'>aut</span> <span class='ocrx_word' id='word_1_35' title='bbox 573 538 584 557; x_wconf 87' lang='lat'>‚</span> <span class='ocrx_word' id='word_1_36' title='bbox 603 510 634 547; x_wconf 85' lang='lat' dir='ltr'>si</span> <span class='ocrx_word' id='word_1_37' title='bbox 654 511 876 558; x_wconf 79' lang='lat' dir='ltr'>credamus,</span> <span class='ocrx_word' id='word_1_38' title='bbox 896 525 974 549; x_wconf 90' lang='lat' dir='ltr'>non</span> <span class='ocrx_word' id='word_1_39' title='bbox 991 513 1166 553; x_wconf 89' lang='lat' dir='ltr'>colimus.</span> <span class='ocrx_word' id='word_1_40' title='bbox 1183 515 1281 553; x_wconf 88' lang='lat' dir='ltr'>Sunt</span> <span class='ocrx_word' id='word_1_41' title='bbox 1294 515 1360 565; x_wconf 90' lang='lat' dir='ltr'>qui</span> 
     </span>
     <span class='ocr_line' id='line_1_7' title="bbox 324 567 1358 624; baseline 0.008 -19"><span class='ocrx_word' id='word_1_42' title='bbox 324 580 370 605; x_wconf 88' lang='lat' dir='ltr'>eo</span> <span class='ocrx_word' id='word_1_43' title='bbox 391 568 548 605; x_wconf 86' lang='lat' dir='ltr'>nomine</span> <span class='ocrx_word' id='word_1_44' title='bbox 579 567 793 607; x_wconf 78' lang='lat' dir='ltr'>doctrinam</span> <span class='ocrx_word' id='word_1_45' title='bbox 825 569 1072 610; x_wconf 82' lang='lat' dir='ltr'>christianam</span> <span class='ocrx_word' id='word_1_46' title='bbox 1106 587 1220 624; x_wconf 89' lang='lat' dir='ltr'>quam</span> <span class='ocrx_word' id='word_1_47' title='bbox 1250 575 1358 614; x_wconf 87' lang='lat' dir='ltr'>multi</span> 
     </span>
     <span class='ocr_line' id='line_1_8' title="bbox 325 626 1360 677; baseline 0.009 -13"><span class='ocrx_word' id='word_1_48' title='bbox 325 635 403 664; x_wconf 84' lang='lat' dir='ltr'>tum</span> <span class='ocrx_word' id='word_1_49' title='bbox 424 626 707 677; x_wconf 84' lang='lat' dir='ltr'>profitebantur</span> <span class='ocrx_word' id='word_1_50' title='bbox 730 641 751 665; x_wconf 90' lang='lat' dir='ltr'>a</span> <span class='ocrx_word' id='word_1_51' title='bbox 768 627 951 667; x_wconf 82' lang='lat' dir='ltr'>Sallustio</span> <span class='ocrx_word' id='word_1_52' title='bbox 973 639 1141 669; x_wconf 88' lang='lat' dir='ltr'>notatam</span> <span class='ocrx_word' id='word_1_53' title='bbox 1165 646 1249 672; x_wconf 87' lang='lat' dir='ltr'>esse</span> <span class='ocrx_word' id='word_1_54' title='bbox 1266 648 1360 672; x_wconf 93' lang='lat' dir='ltr'>cen-</span> 
     </span>
     <span class='ocr_line' id='line_1_9' title="bbox 323 684 1358 730; baseline 0.008 -8"><span class='ocrx_word' id='word_1_55' title='bbox 323 694 445 723; x_wconf 88' lang='lat' dir='ltr'>seant.</span> <span class='ocrx_word' id='word_1_56' title='bbox 464 684 560 722; x_wconf 85' lang='lat' dir='ltr'>Vide</span> <span class='ocrx_word' id='word_1_57' title='bbox 581 685 737 723; x_wconf 87' lang='lat' dir='ltr'>Heraldi</span> <span class='ocrx_word' id='word_1_58' title='bbox 752 687 1037 725; x_wconf 80' lang='lat' dir='ltr'>annotationem</span> <span class='ocrx_word' id='word_1_59' title='bbox 1059 691 1107 727; x_wconf 89' lang='lat' dir='ltr'>ad</span> <span class='ocrx_word' id='word_1_60' title='bbox 1121 690 1178 728; x_wconf 83' lang='lat' dir='ltr'>A1</span> <span class='ocrx_word' id='word_1_61' title='bbox 1181 690 1273 730; x_wconf 91' lang='lat' dir='ltr'>nob</span> <span class='ocrx_word' id='word_1_62' title='bbox 1292 692 1358 730; x_wconf 91' lang='lat' dir='ltr'>lib.</span> 
     </span>
     <span class='ocr_line' id='line_1_10' title="bbox 323 743 1359 803; baseline 0.008 -22"><span class='ocrx_word' id='word_1_63' title='bbox 323 743 340 781; x_wconf 92' lang='lat'>1</span> <span class='ocrx_word' id='word_1_64' title='bbox 358 758 441 795; x_wconf 88' lang='lat' dir='ltr'>cap</span> <span class='ocrx_word' id='word_1_65' title='bbox 458 743 584 781; x_wconf 86' lang='lat' dir='ltr'><strong>XXIX</strong></span> <span class='ocrx_word' id='word_1_66' title='bbox 602 754 694 784; x_wconf 88' lang='lat' dir='ltr'>tom.</span> <span class='ocrx_word' id='word_1_67' title='bbox 715 744 733 782; x_wconf 94' lang='lat' dir='ltr'>I</span> <span class='ocrx_word' id='word_1_68' title='bbox 754 759 795 796; x_wconf 90' lang='lat' dir='ltr'>p.</span> <span class='ocrx_word' id='word_1_69' title='bbox 817 746 892 783; x_wconf 81' lang='lat'>310</span> <span class='ocrx_word' id='word_1_70' title='bbox 912 746 972 786; x_wconf 90' lang='lat' dir='ltr'>ed.</span> <span class='ocrx_word' id='word_1_71' title='bbox 990 747 1124 788; x_wconf 86' lang='lat' dir='ltr'>Orelli.</span> <span class='ocrx_word' id='word_1_72' title='bbox 1143 755 1224 778; x_wconf 71' lang='lat'>—0</span> <span class='ocrx_word' id='word_1_73' title='bbox 1241 748 1359 803; x_wconf 82' lang='grc' dir='ltr'>ὥσπερ</span> 
     </span>
     <span class='ocr_line' id='line_1_11' title="bbox 322 802 1358 873; baseline 0.007 -33"><span class='ocrx_word' id='word_1_74' title='bbox 322 802 396 840; x_wconf 77' lang='grc' dir='ltr'>οὐδὲ</span> <span class='ocrx_word' id='word_1_75' title='bbox 415 804 450 841; x_wconf 80' lang='grc' dir='ltr'>αἱ</span> <span class='ocrx_word' id='word_1_76' title='bbox 464 818 566 854; x_wconf 87' lang='grc' dir='ltr'>τιμαι</span> <span class='ocrx_word' id='word_1_77' title='bbox 582 803 730 848; x_wconf 82' lang='grc' dir='ltr'>ἐκείνους</span> <span class='ocrx_word' id='word_1_78' title='bbox 746 805 944 856; x_wconf 79' lang='grc' dir='ltr'>ὠφελοῦσαι</span> <span class='ocrx_word' id='word_1_79' title='bbox 962 805 1164 873; x_wconf 80' lang='grc' dir='ltr'>ἐφάνησαν]</span> <span class='ocrx_word' id='word_1_80' title='bbox 1186 807 1271 846; x_wconf 89' lang='lat' dir='ltr'>Vid.</span> <span class='ocrx_word' id='word_1_81' title='bbox 1293 822 1358 847; x_wconf 86' lang='lat' dir='ltr'>su-</span> 
     </span>
     <span class='ocr_line' id='line_1_12' title="bbox 321 861 1358 915; baseline 0.006 -16"><span class='ocrx_word' id='word_1_82' title='bbox 321 875 392 912; x_wconf 89' lang='lat' dir='ltr'>pra</span> <span class='ocrx_word' id='word_1_83' title='bbox 411 875 496 913; x_wconf 91' lang='lat' dir='ltr'>cap.</span> <span class='ocrx_word' id='word_1_84' title='bbox 520 861 687 899; x_wconf 89' lang='lat' dir='ltr'>XVI.·—</span> <span class='ocrx_word' id='word_1_85' title='bbox 705 861 721 885; x_wconf 81' lang='lat'>‘¹</span> <span class='ocrx_word' id='word_1_86' title='bbox 741 862 818 901; x_wconf 73' lang='grc' dir='ltr'>ὅλον</span> <span class='ocrx_word' id='word_1_87' title='bbox 834 863 849 914; x_wconf 87' lang='lat'><em>]</em></span> <span class='ocrx_word' id='word_1_88' title='bbox 864 865 1045 915; x_wconf 90' lang='lat' dir='ltr'>reposui;</span> <span class='ocrx_word' id='word_1_89' title='bbox 1067 866 1177 903; x_wconf 89' lang='lat' dir='ltr'>codd.</span> <span class='ocrx_word' id='word_1_90' title='bbox 1195 867 1358 906; x_wconf 79' lang='grc' dir='ltr'>ὅλων.-</span> 
     </span>
    </p>

    <p class='ocr_par' dir='ltr' id='par_1_4' title="bbox 319 919 1357 979">
     <span class='ocr_line' id='line_1_13' title="bbox 319 919 1357 979; baseline 0.008 -22"><span class='ocrx_word' id='word_1_91' title='bbox 319 925 333 942; x_wconf 69' lang='lat'><strong>0</strong></span> <span class='ocrx_word' id='word_1_92' title='bbox 355 919 582 972; x_wconf 79' lang='grc' dir='ltr'>ἀποφράδας]</span> <span class='ocrx_word' id='word_1_93' title='bbox 604 921 763 960; x_wconf 87' lang='lat' dir='ltr'>Lucian</span> <span class='ocrx_word' id='word_1_94' title='bbox 786 921 1141 972; x_wconf 81' lang='lat' dir='ltr'>Pseudolog.c.12</span> <span class='ocrx_word' id='word_1_95' title='bbox 1163 926 1357 979; x_wconf 80' lang='grc' dir='ltr'>ἀποφράδες</span> 
     </span>
    </p>

    <p class='ocr_par' dir='ltr' id='par_1_5' title="bbox 310 977 1356 2481">
     <span class='ocr_line' id='line_1_14' title="bbox 318 977 1354 1054; baseline 0.006 -39.163"><span class='ocrx_word' id='word_1_96' title='bbox 318 977 470 1030; x_wconf 81' lang='grc' dir='ltr'>ἡμεραι,</span> <span class='ocrx_word' id='word_1_97' title='bbox 485 978 568 1016; x_wconf 78' lang='grc' dir='ltr'>ὅταν</span> <span class='ocrx_word' id='word_1_98' title='bbox 591 978 679 1029; x_wconf 82' lang='grc' dir='ltr'>μήτε</span> <span class='ocrx_word' id='word_1_99' title='bbox 702 981 737 1016; x_wconf 77' lang='grc' dir='ltr'>αῖ</span> <span class='ocrx_word' id='word_1_100' title='bbox 760 979 1149 1054; x_wconf 81' lang='grc' dir='ltr'>ἀρχαὶ-χρηματίζωσι,</span> <span class='ocrx_word' id='word_1_101' title='bbox 1173 982 1260 1033; x_wconf 84' lang='grc' dir='ltr'>μήτε</span> <span class='ocrx_word' id='word_1_102' title='bbox 1284 986 1354 1022; x_wconf 79' lang='grc' dir='ltr'>εἶσ-</span> 
     </span>
     <span class='ocr_line' id='line_1_15' title="bbox 319 1036 1356 1093; baseline 0.007 -20"><span class='ocrx_word' id='word_1_103' title='bbox 319 1036 490 1088; x_wconf 69' lang='grc' dir='ltr'>αγώγιμοι</span> <span class='ocrx_word' id='word_1_104' title='bbox 519 1037 555 1074; x_wconf 81' lang='grc' dir='ltr'>αἴ</span> <span class='ocrx_word' id='word_1_105' title='bbox 587 1036 681 1075; x_wconf 84' lang='grc' dir='ltr'>δίκαι</span> <span class='ocrx_word' id='word_1_106' title='bbox 704 1039 790 1086; x_wconf 89' lang='grc' dir='ltr'>ὠσι,</span> <span class='ocrx_word' id='word_1_107' title='bbox 817 1037 906 1087; x_wconf 85' lang='grc' dir='ltr'>μήτε</span> <span class='ocrx_word' id='word_1_108' title='bbox 927 1038 970 1075; x_wconf 87' lang='grc' dir='ltr'>τὰ</span> <span class='ocrx_word' id='word_1_109' title='bbox 1004 1039 1082 1091; x_wconf 80' lang='grc' dir='ltr'>ἱερὰ</span> <span class='ocrx_word' id='word_1_110' title='bbox 1116 1041 1356 1093; x_wconf 79' lang='grc' dir='ltr'>ἱερουργῆται,</span> 
     </span>
     <span class='ocr_line' id='line_1_16' title="bbox 319 1094 1355 1148; baseline 0.008 -17"><span class='ocrx_word' id='word_1_111' title='bbox 319 1094 400 1142; x_wconf 82' lang='grc' dir='ltr'>μήθ’</span> <span class='ocrx_word' id='word_1_112' title='bbox 425 1095 511 1138; x_wconf 76' lang='grc' dir='ltr'>ὅλως</span> <span class='ocrx_word' id='word_1_113' title='bbox 533 1110 567 1133; x_wconf 90' lang='grc' dir='ltr'>τι</span> <span class='ocrx_word' id='word_1_114' title='bbox 601 1098 669 1133; x_wconf 89' lang='grc' dir='ltr'>τῶν</span> <span class='ocrx_word' id='word_1_115' title='bbox 702 1095 823 1135; x_wconf 84' lang='grc' dir='ltr'>αἰσίων</span> <span class='ocrx_word' id='word_1_116' title='bbox 858 1098 1013 1144; x_wconf 75' lang='grc' dir='ltr'>τελῆται.</span> <span class='ocrx_word' id='word_1_117' title='bbox 1048 1099 1286 1148; x_wconf 82' lang='lat' dir='ltr'>Augustinus</span> <span class='ocrx_word' id='word_1_118' title='bbox 1313 1101 1355 1138; x_wconf 85' lang='lat' dir='ltr'>in</span> 
     </span>
     <span class='ocr_line' id='line_1_17' title="bbox 316 1150 1354 1207; baseline 0.007 -18"><span class='ocrx_word' id='word_1_119' title='bbox 316 1150 568 1202; x_wconf 86' lang='lat' dir='ltr'>Expositione</span> <span class='ocrx_word' id='word_1_120' title='bbox 589 1152 709 1202; x_wconf 90' lang='lat' dir='ltr'>Epist.</span> <span class='ocrx_word' id='word_1_121' title='bbox 736 1154 783 1192; x_wconf 87' lang='lat' dir='ltr'>ad</span> <span class='ocrx_word' id='word_1_122' title='bbox 804 1154 928 1193; x_wconf 85' lang='lat' dir='ltr'>Galat.</span> <span class='ocrx_word' id='word_1_123' title='bbox 952 1170 1037 1207; x_wconf 92' lang='lat' dir='ltr'>cap.</span> <span class='ocrx_word' id='word_1_124' title='bbox 1055 1156 1103 1193; x_wconf 94' lang='lat' dir='ltr'>lV</span> <span class='ocrx_word' id='word_1_125' title='bbox 1133 1170 1142 1195; x_wconf 91' lang='lat'><strong>:</strong></span> <span class='ocrx_word' id='word_1_126' title='bbox 1163 1157 1354 1207; x_wconf 86' lang='lat' dir='ltr'>Vulgatis-</span> 
     </span>
     <span class='ocr_line' id='line_1_18' title="bbox 316 1210 1355 1266; baseline 0.008 -19"><span class='ocrx_word' id='word_1_127' title='bbox 316 1210 437 1248; x_wconf 86' lang='lat' dir='ltr'>simus</span> <span class='ocrx_word' id='word_1_128' title='bbox 459 1219 516 1248; x_wconf 89' lang='lat' dir='ltr'>est</span> <span class='ocrx_word' id='word_1_129' title='bbox 547 1224 658 1249; x_wconf 89' lang='lat' dir='ltr'>error</span> <span class='ocrx_word' id='word_1_130' title='bbox 678 1212 881 1261; x_wconf 83' lang='lat' dir='ltr'>gentilium</span> <span class='ocrx_word' id='word_1_131' title='bbox 902 1214 997 1262; x_wconf 86' lang='lat' dir='ltr'>iste,</span> <span class='ocrx_word' id='word_1_132' title='bbox 1022 1223 1064 1252; x_wconf 93' lang='lat' dir='ltr'>ut</span> <span class='ocrx_word' id='word_1_133' title='bbox 1085 1215 1145 1253; x_wconf 88' lang='lat' dir='ltr'>vel</span> <span class='ocrx_word' id='word_1_134' title='bbox 1178 1216 1218 1253; x_wconf 90' lang='lat' dir='ltr'>in</span> <span class='ocrx_word' id='word_1_135' title='bbox 1239 1230 1355 1266; x_wconf 87' lang='lat' dir='ltr'>agen-</span> 
     </span>
     <span class='ocr_line' id='line_1_19' title="bbox 316 1269 1356 1322; baseline 0.007 -16"><span class='ocrx_word' id='word_1_136' title='bbox 316 1269 376 1307; x_wconf 88' lang='lat' dir='ltr'>dis</span> <span class='ocrx_word' id='word_1_137' title='bbox 399 1269 514 1308; x_wconf 86' lang='lat' dir='ltr'>rebus</span> <span class='ocrx_word' id='word_1_138' title='bbox 529 1299 539 1317; x_wconf 95' lang='lat'>,</span> <span class='ocrx_word' id='word_1_139' title='bbox 555 1271 617 1308; x_wconf 88' lang='lat' dir='ltr'>vel</span> <span class='ocrx_word' id='word_1_140' title='bbox 635 1271 676 1308; x_wconf 88' lang='lat' dir='ltr'>in</span> <span class='ocrx_word' id='word_1_141' title='bbox 696 1272 966 1322; x_wconf 75' lang='lat' dir='ltr'>exspectandis</span> <span class='ocrx_word' id='word_1_142' title='bbox 983 1273 1186 1312; x_wconf 88' lang='lat' dir='ltr'>eventibus</span> <span class='ocrx_word' id='word_1_143' title='bbox 1207 1275 1295 1313; x_wconf 82' lang='lat' dir='ltr'>vitae</span> <span class='ocrx_word' id='word_1_144' title='bbox 1311 1289 1356 1314; x_wconf 89' lang='lat' dir='ltr'>ac</span> 
     </span>
     <span class='ocr_line' id='line_1_20' title="bbox 316 1329 1354 1381; baseline 0.006 -16"><span class='ocrx_word' id='word_1_145' title='bbox 316 1329 560 1377; x_wconf 87' lang='lat' dir='ltr'>negotiorum</span> <span class='ocrx_word' id='word_1_146' title='bbox 587 1342 745 1367; x_wconf 89' lang='lat' dir='ltr'>suorum</span> <span class='ocrx_word' id='word_1_147' title='bbox 777 1329 826 1367; x_wconf 89' lang='lat' dir='ltr'>ab</span> <span class='ocrx_word' id='word_1_148' title='bbox 860 1331 1067 1381; x_wconf 89' lang='lat' dir='ltr'>astrologis</span> <span class='ocrx_word' id='word_1_149' title='bbox 1097 1341 1134 1369; x_wconf 91' lang='lat' dir='ltr'>et</span> <span class='ocrx_word' id='word_1_150' title='bbox 1166 1332 1354 1372; x_wconf 76' lang='lat' dir='ltr'>Chaldaeis</span> 
     </span>
     <span class='ocr_line' id='line_1_21' title="bbox 315 1388 1355 1440; baseline 0.005 -16"><span class='ocrx_word' id='word_1_151' title='bbox 315 1395 462 1424; x_wconf 86' lang='lat' dir='ltr'>notatos</span> <span class='ocrx_word' id='word_1_152' title='bbox 481 1388 563 1424; x_wconf 90' lang='lat' dir='ltr'>dies</span> <span class='ocrx_word' id='word_1_153' title='bbox 593 1395 630 1424; x_wconf 90' lang='lat' dir='ltr'>et</span> <span class='ocrx_word' id='word_1_154' title='bbox 659 1401 808 1426; x_wconf 87' lang='lat' dir='ltr'>menses</span> <span class='ocrx_word' id='word_1_155' title='bbox 830 1397 866 1426; x_wconf 91' lang='lat' dir='ltr'>et</span> <span class='ocrx_word' id='word_1_156' title='bbox 894 1402 1016 1428; x_wconf 90' lang='lat' dir='ltr'>annos</span> <span class='ocrx_word' id='word_1_157' title='bbox 1035 1399 1072 1427; x_wconf 91' lang='lat' dir='ltr'>et</span> <span class='ocrx_word' id='word_1_158' title='bbox 1091 1398 1265 1440; x_wconf 87' lang='lat' dir='ltr'>tempora</span> <span class='ocrx_word' id='word_1_159' title='bbox 1283 1391 1355 1429; x_wconf 90' lang='lat' dir='ltr'>ob-</span> 
     </span>
     <span class='ocr_line' id='line_1_22' title="bbox 315 1446 1354 1499; baseline 0.003 -15"><span class='ocrx_word' id='word_1_160' title='bbox 315 1455 482 1484; x_wconf 85' lang='lat' dir='ltr'>servent.</span> <span class='ocrx_word' id='word_1_161' title='bbox 508 1446 682 1485; x_wconf 84' lang='lat' dir='ltr'>Marinus</span> <span class='ocrx_word' id='word_1_162' title='bbox 704 1447 745 1484; x_wconf 89' lang='lat' dir='ltr'>in</span> <span class='ocrx_word' id='word_1_163' title='bbox 767 1448 848 1485; x_wconf 89' lang='lat' dir='ltr'>vita</span> <span class='ocrx_word' id='word_1_164' title='bbox 881 1448 1011 1485; x_wconf 89' lang='lat' dir='ltr'>Procli</span> <span class='ocrx_word' id='word_1_165' title='bbox 1034 1461 1123 1499; x_wconf 85' lang='lat' dir='ltr'>pag.</span> <span class='ocrx_word' id='word_1_166' title='bbox 1146 1449 1193 1493; x_wconf 77' lang='lat'>45</span> <span class='ocrx_word' id='word_1_167' title='bbox 1208 1448 1275 1486; x_wconf 72' lang='grc' dir='ltr'>«καὶ</span> <span class='ocrx_word' id='word_1_168' title='bbox 1293 1449 1354 1493; x_wconf 81' lang='grc' dir='ltr'>τὰς</span> 
     </span>
     <span class='ocr_line' id='line_1_23' title="bbox 313 1503 1354 1557; baseline 0.004 -16"><span class='ocrx_word' id='word_1_169' title='bbox 313 1506 399 1556; x_wconf 88' lang='grc' dir='ltr'>παρ’</span> <span class='ocrx_word' id='word_1_170' title='bbox 424 1503 628 1554; x_wconf 84' lang='grc' dir='ltr'>Αἰγυπτίοις</span> <span class='ocrx_word' id='word_1_171' title='bbox 650 1503 686 1541; x_wconf 86' lang='grc' dir='ltr'>δὲ</span> <span class='ocrx_word' id='word_1_172' title='bbox 701 1505 904 1557; x_wconf 81' lang='grc' dir='ltr'>ἀποφράδας</span> <span class='ocrx_word' id='word_1_173' title='bbox 922 1504 1090 1557; x_wconf 79' lang='grc' dir='ltr'>ἐφύλαττε</span> <span class='ocrx_word' id='word_1_174' title='bbox 1106 1507 1238 1555; x_wconf 82' lang='grc' dir='ltr'>μᾶλλον</span> <span class='ocrx_word' id='word_1_175' title='bbox 1254 1506 1275 1553; x_wconf 84' lang='grc' dir='ltr'>ἢ</span> <span class='ocrx_word' id='word_1_176' title='bbox 1297 1509 1354 1545; x_wconf 80' lang='grc' dir='ltr'>αὔ-</span> 
     </span>
     <span class='ocr_line' id='line_1_24' title="bbox 312 1561 1350 1610; baseline 0.005 -11"><span class='ocrx_word' id='word_1_177' title='bbox 312 1562 365 1599; x_wconf 85' lang='grc' dir='ltr'>τοὶ</span> <span class='ocrx_word' id='word_1_178' title='bbox 383 1563 531 1610; x_wconf 81' lang='grc' dir='ltr'>ἐκεῖνοι,</span> <span class='ocrx_word' id='word_1_179' title='bbox 555 1561 624 1600; x_wconf 87' lang='lat' dir='ltr'>ubi</span> <span class='ocrx_word' id='word_1_180' title='bbox 645 1564 804 1601; x_wconf 90' lang='lat' dir='ltr'>consule</span> <span class='ocrx_word' id='word_1_181' title='bbox 829 1563 1052 1601; x_wconf 81' lang='lat' dir='ltr'>Fabricium</span> <span class='ocrx_word' id='word_1_182' title='bbox 1079 1573 1116 1602; x_wconf 90' lang='lat' dir='ltr'>et</span> <span class='ocrx_word' id='word_1_183' title='bbox 1145 1565 1350 1604; x_wconf 86' lang='lat' dir='ltr'>Boissona-</span> 
     </span>
     <span class='ocr_line' id='line_1_25' title="bbox 311 1619 1350 1675; baseline 0.004 -17"><span class='ocrx_word' id='word_1_184' title='bbox 311 1621 417 1658; x_wconf 92' lang='lat' dir='ltr'>dium</span> <span class='ocrx_word' id='word_1_185' title='bbox 443 1634 482 1672; x_wconf 90' lang='lat' dir='ltr'>p.</span> <span class='ocrx_word' id='word_1_186' title='bbox 510 1621 682 1658; x_wconf 71' lang='lat'>106.--¹</span> <span class='ocrx_word' id='word_1_187' title='bbox 700 1620 874 1673; x_wconf 80' lang='grc' dir='ltr'>ἀφῄρουν,</span> <span class='ocrx_word' id='word_1_188' title='bbox 891 1619 952 1667; x_wconf 84' lang='grc' dir='ltr'>τὴν</span> <span class='ocrx_word' id='word_1_189' title='bbox 973 1621 1166 1674; x_wconf 85' lang='grc' dir='ltr'>ἀσθένειαν]</span> <span class='ocrx_word' id='word_1_190' title='bbox 1186 1624 1350 1675; x_wconf 86' lang='lat' dir='ltr'>scripsi;</span> 
     </span>
     <span class='ocr_line' id='line_1_26' title="bbox 312 1678 1349 1732; baseline 0.003 -15"><span class='ocrx_word' id='word_1_191' title='bbox 312 1680 422 1717; x_wconf 86' lang='lat' dir='ltr'>codd.</span> <span class='ocrx_word' id='word_1_192' title='bbox 440 1679 593 1731; x_wconf 76' lang='grc' dir='ltr'>ἀφῄρουν</span> <span class='ocrx_word' id='word_1_193' title='bbox 609 1710 616 1724; x_wconf 89' lang='lat'>,</span> <span class='ocrx_word' id='word_1_194' title='bbox 638 1678 725 1730; x_wconf 84' lang='grc' dir='ltr'>πρὸς</span> <span class='ocrx_word' id='word_1_195' title='bbox 744 1678 807 1726; x_wconf 83' lang='grc' dir='ltr'>τὴν</span> <span class='ocrx_word' id='word_1_196' title='bbox 831 1678 1030 1719; x_wconf 82' lang='grc' dir='ltr'>ἀσθένειαν.</span> <span class='ocrx_word' id='word_1_197' title='bbox 1047 1703 1101 1710; x_wconf 94' lang='grc'><strong>-</strong></span> <span class='ocrx_word' id='word_1_198' title='bbox 1114 1685 1132 1710; x_wconf 69' lang='grc' dir='ltr'>Β</span> <span class='ocrx_word' id='word_1_199' title='bbox 1146 1681 1241 1732; x_wconf 84' lang='grc' dir='ltr'>ἔδει]</span> <span class='ocrx_word' id='word_1_200' title='bbox 1263 1682 1291 1721; x_wconf 90' lang='lat' dir='ltr'>i.</span> <span class='ocrx_word' id='word_1_201' title='bbox 1315 1696 1349 1721; x_wconf 91' lang='lat' dir='ltr'>e.</span> 
     </span>
     <span class='ocr_line' id='line_1_27' title="bbox 314 1737 1348 1790; baseline 0.002 -15"><span class='ocrx_word' id='word_1_202' title='bbox 314 1738 348 1775; x_wconf 78' lang='grc' dir='ltr'>δε</span> <span class='ocrx_word' id='word_1_203' title='bbox 366 1764 374 1772; x_wconf 92' lang='grc'>.</span> <span class='ocrx_word' id='word_1_204' title='bbox 394 1737 490 1775; x_wconf 89' lang='lat' dir='ltr'>Vide</span> <span class='ocrx_word' id='word_1_205' title='bbox 522 1737 725 1776; x_wconf 77' lang='lat' dir='ltr'>Heindorf.</span> <span class='ocrx_word' id='word_1_206' title='bbox 748 1737 795 1774; x_wconf 88' lang='lat' dir='ltr'>ad</span> <span class='ocrx_word' id='word_1_207' title='bbox 828 1737 927 1775; x_wconf 90' lang='lat' dir='ltr'>Plat.</span> <span class='ocrx_word' id='word_1_208' title='bbox 951 1738 1148 1776; x_wconf 85' lang='lat' dir='ltr'>Charmid.</span> <span class='ocrx_word' id='word_1_209' title='bbox 1182 1753 1222 1790; x_wconf 92' lang='lat' dir='ltr'>p.</span> <span class='ocrx_word' id='word_1_210' title='bbox 1261 1741 1348 1781; x_wconf 85' lang='lat'>158.</span> 
     </span>
     <span class='ocr_line' id='line_1_28' title="bbox 311 1795 1353 1847; baseline 0.004 -14"><span class='ocrx_word' id='word_1_211' title='bbox 311 1796 355 1834; x_wconf 87' lang='lat' dir='ltr'>B.</span> <span class='ocrx_word' id='word_1_212' title='bbox 386 1805 424 1833; x_wconf 88' lang='lat' dir='ltr'>et</span> <span class='ocrx_word' id='word_1_213' title='bbox 454 1796 624 1834; x_wconf 84' lang='lat' dir='ltr'>Dorvill.</span> <span class='ocrx_word' id='word_1_214' title='bbox 648 1795 696 1833; x_wconf 89' lang='lat' dir='ltr'>ad</span> <span class='ocrx_word' id='word_1_215' title='bbox 726 1795 871 1834; x_wconf 83' lang='lat' dir='ltr'>Charit.</span> <span class='ocrx_word' id='word_1_216' title='bbox 898 1810 937 1847; x_wconf 93' lang='lat' dir='ltr'>p.</span> <span class='ocrx_word' id='word_1_217' title='bbox 973 1798 1065 1845; x_wconf 83' lang='lat'>670.</span> <span class='ocrx_word' id='word_1_218' title='bbox 1093 1797 1281 1836; x_wconf 84' lang='lat' dir='ltr'>Caeterum</span> <span class='ocrx_word' id='word_1_219' title='bbox 1304 1812 1353 1837; x_wconf 90' lang='lat' dir='ltr'>ne</span> 
     </span>
     <span class='ocr_line' id='line_1_29' title="bbox 312 1853 1350 1908; baseline 0.003 -16"><span class='ocrx_word' id='word_1_220' title='bbox 312 1855 400 1904; x_wconf 84' lang='lat' dir='ltr'>quis</span> <span class='ocrx_word' id='word_1_221' title='bbox 436 1854 557 1892; x_wconf 85' lang='lat' dir='ltr'>verba</span> <span class='ocrx_word' id='word_1_222' title='bbox 584 1856 650 1891; x_wconf 82' lang='grc' dir='ltr'>τῶν</span> <span class='ocrx_word' id='word_1_223' title='bbox 685 1853 720 1891; x_wconf 80' lang='grc' dir='ltr'>δὲ</span> <span class='ocrx_word' id='word_1_224' title='bbox 743 1853 803 1892; x_wconf 83' lang='grc' dir='ltr'>καὶ</span> <span class='ocrx_word' id='word_1_225' title='bbox 836 1853 894 1892; x_wconf 84' lang='grc' dir='ltr'>τὸν</span> <span class='ocrx_word' id='word_1_226' title='bbox 929 1854 1058 1906; x_wconf 88' lang='grc' dir='ltr'>κόσμον</span> <span class='ocrx_word' id='word_1_227' title='bbox 1094 1855 1265 1908; x_wconf 80' lang='grc' dir='ltr'>ἀφῄρουν,</span> <span class='ocrx_word' id='word_1_228' title='bbox 1289 1861 1350 1903; x_wconf 84' lang='grc' dir='ltr'>τὴν</span> 
     </span>
     <span class='ocr_line' id='line_1_30' title="bbox 313 1911 1351 1967; baseline 0.004 -18"><span class='ocrx_word' id='word_1_229' title='bbox 313 1911 489 1950; x_wconf 83' lang='grc' dir='ltr'>ἀσθένειαν</span> <span class='ocrx_word' id='word_1_230' title='bbox 514 1915 576 1959; x_wconf 73' lang='grc' dir='ltr'>τῆς</span> <span class='ocrx_word' id='word_1_231' title='bbox 597 1912 771 1965; x_wconf 79' lang='grc' dir='ltr'>ἡμετέρας</span> <span class='ocrx_word' id='word_1_232' title='bbox 793 1912 1038 1965; x_wconf 75' lang='grc' dir='ltr'>ἀφοσιούμενοι</span> <span class='ocrx_word' id='word_1_233' title='bbox 1059 1913 1192 1966; x_wconf 83' lang='grc' dir='ltr'>φύσεως</span> <span class='ocrx_word' id='word_1_234' title='bbox 1211 1924 1248 1952; x_wconf 87' lang='lat' dir='ltr'>ct</span> <span class='ocrx_word' id='word_1_235' title='bbox 1269 1929 1351 1967; x_wconf 86' lang='lat' dir='ltr'>quae</span> 
     </span>
     <span class='ocr_line' id='line_1_31' title="bbox 311 1972 1352 2023; baseline 0.003 -14"><span class='ocrx_word' id='word_1_236' title='bbox 311 1980 523 2022; x_wconf 87' lang='lat' dir='ltr'>sequuntur</span> <span class='ocrx_word' id='word_1_237' title='bbox 543 1972 642 2009; x_wconf 88' lang='lat' dir='ltr'>male</span> <span class='ocrx_word' id='word_1_238' title='bbox 662 1972 844 2023; x_wconf 87' lang='lat' dir='ltr'>accipiat,</span> <span class='ocrx_word' id='word_1_239' title='bbox 867 1972 940 2009; x_wconf 89' lang='lat' dir='ltr'>hoc</span> <span class='ocrx_word' id='word_1_240' title='bbox 957 1972 1050 2010; x_wconf 87' lang='lat' dir='ltr'>dicit</span> <span class='ocrx_word' id='word_1_241' title='bbox 1067 1973 1284 2013; x_wconf 84' lang='lat' dir='ltr'>Sallustius.</span> <span class='ocrx_word' id='word_1_242' title='bbox 1304 1974 1352 2012; x_wconf 85' lang='lat' dir='ltr'>Ut</span> 
     </span>
     <span class='ocr_line' id='line_1_32' title="bbox 310 2030 1348 2081; baseline 0.003 -13"><span class='ocrx_word' id='word_1_243' title='bbox 310 2030 437 2080; x_wconf 82' lang='lat' dir='ltr'>legum</span> <span class='ocrx_word' id='word_1_244' title='bbox 459 2030 685 2069; x_wconf 77' lang='lat' dir='ltr'>inventores</span> <span class='ocrx_word' id='word_1_245' title='bbox 713 2031 808 2068; x_wconf 91' lang='lat' dir='ltr'>olim</span> <span class='ocrx_word' id='word_1_246' title='bbox 836 2044 916 2069; x_wconf 87' lang='lat' dir='ltr'>non</span> <span class='ocrx_word' id='word_1_247' title='bbox 942 2031 1069 2069; x_wconf 91' lang='lat' dir='ltr'>solum</span> <span class='ocrx_word' id='word_1_248' title='bbox 1092 2032 1175 2070; x_wconf 89' lang='lat' dir='ltr'>dies</span> <span class='ocrx_word' id='word_1_249' title='bbox 1210 2033 1348 2081; x_wconf 86' lang='lat' dir='ltr'>festos,</span> 
     </span>
     <span class='ocr_line' id='line_1_33' title="bbox 313 2089 1351 2143; baseline 0.003 -17"><span class='ocrx_word' id='word_1_250' title='bbox 313 2089 379 2127; x_wconf 92' lang='lat' dir='ltr'>sed</span> <span class='ocrx_word' id='word_1_251' title='bbox 405 2089 519 2126; x_wconf 90' lang='lat' dir='ltr'>etiam</span> <span class='ocrx_word' id='word_1_252' title='bbox 549 2089 719 2128; x_wconf 86' lang='lat' dir='ltr'>nefastos</span> <span class='ocrx_word' id='word_1_253' title='bbox 753 2089 1028 2143; x_wconf 83' lang='lat' dir='ltr'>instituerunt,</span> <span class='ocrx_word' id='word_1_254' title='bbox 1053 2104 1131 2140; x_wconf 93' lang='lat' dir='ltr'>quo</span> <span class='ocrx_word' id='word_1_255' title='bbox 1157 2091 1351 2129; x_wconf 80' lang='lat' dir='ltr'>ardentius</span> 
     </span>
     <span class='ocr_line' id='line_1_34' title="bbox 310 2147 1350 2199; baseline 0.003 -15"><span class='ocrx_word' id='word_1_256' title='bbox 310 2147 486 2185; x_wconf 83' lang='lat' dir='ltr'>homines</span> <span class='ocrx_word' id='word_1_257' title='bbox 506 2148 646 2186; x_wconf 88' lang='lat' dir='ltr'>clausis</span> <span class='ocrx_word' id='word_1_258' title='bbox 667 2148 820 2199; x_wconf 88' lang='lat' dir='ltr'>templis</span> <span class='ocrx_word' id='word_1_259' title='bbox 839 2156 877 2185; x_wconf 89' lang='lat' dir='ltr'>et</span> <span class='ocrx_word' id='word_1_260' title='bbox 896 2148 1116 2187; x_wconf 90' lang='lat' dir='ltr'>intermissa</span> <span class='ocrx_word' id='word_1_261' title='bbox 1137 2149 1350 2188; x_wconf 83' lang='lat' dir='ltr'>sacrificio-</span> 
     </span>
     <span class='ocr_line' id='line_1_35' title="bbox 310 2208 1352 2260; baseline 0.004 -16"><span class='ocrx_word' id='word_1_262' title='bbox 310 2220 395 2245; x_wconf 88' lang='lat' dir='ltr'>rum</span> <span class='ocrx_word' id='word_1_263' title='bbox 415 2220 507 2244; x_wconf 87' lang='lat' dir='ltr'>cura</span> <span class='ocrx_word' id='word_1_264' title='bbox 526 2208 639 2245; x_wconf 87' lang='lat' dir='ltr'>ludos</span> <span class='ocrx_word' id='word_1_265' title='bbox 655 2208 847 2246; x_wconf 87' lang='lat' dir='ltr'>solemnes</span> <span class='ocrx_word' id='word_1_266' title='bbox 866 2208 1058 2259; x_wconf 87' lang='lat' dir='ltr'>festosque</span> <span class='ocrx_word' id='word_1_267' title='bbox 1070 2208 1153 2247; x_wconf 87' lang='lat' dir='ltr'>dies</span> <span class='ocrx_word' id='word_1_268' title='bbox 1169 2218 1352 2260; x_wconf 91' lang='lat' dir='ltr'>cuperent</span> 
     </span>
     <span class='ocr_line' id='line_1_36' title="bbox 310 2265 1351 2317; baseline 0.003 -14"><span class='ocrx_word' id='word_1_269' title='bbox 310 2278 353 2303; x_wconf 87' lang='lat' dir='ltr'>ac.</span> <span class='ocrx_word' id='word_1_270' title='bbox 375 2265 579 2315; x_wconf 84' lang='lat' dir='ltr'>diligerent</span> <span class='ocrx_word' id='word_1_271' title='bbox 602 2279 610 2303; x_wconf 91' lang='lat'><strong>:</strong></span> <span class='ocrx_word' id='word_1_272' title='bbox 645 2266 702 2304; x_wconf 91' lang='lat' dir='ltr'>sic</span> <span class='ocrx_word' id='word_1_273' title='bbox 732 2266 787 2303; x_wconf 86' lang='lat' dir='ltr'>dii</span> <span class='ocrx_word' id='word_1_274' title='bbox 807 2279 1086 2317; x_wconf 88' lang='lat' dir='ltr'>nonnunquam</span> <span class='ocrx_word' id='word_1_275' title='bbox 1114 2267 1351 2317; x_wconf 89' lang='lat' dir='ltr'>impietatem</span> 
     </span>
     <span class='ocr_line' id='line_1_37' title="bbox 311 2324 1349 2377; baseline 0.003 -16"><span class='ocrx_word' id='word_1_276' title='bbox 311 2332 493 2374; x_wconf 87' lang='lat' dir='ltr'>tanquam</span> <span class='ocrx_word' id='word_1_277' title='bbox 515 2324 659 2362; x_wconf 87' lang='lat' dir='ltr'>malum</span> <span class='ocrx_word' id='word_1_278' title='bbox 680 2324 929 2362; x_wconf 87' lang='lat' dir='ltr'>disseminari</span> <span class='ocrx_word' id='word_1_279' title='bbox 956 2325 1169 2376; x_wconf 87' lang='lat' dir='ltr'>patiuntur,</span> <span class='ocrx_word' id='word_1_280' title='bbox 1192 2339 1269 2377; x_wconf 89' lang='lat' dir='ltr'>quo</span> <span class='ocrx_word' id='word_1_281' title='bbox 1291 2327 1349 2364; x_wconf 91' lang='lat' dir='ltr'>ci—</span> 
     </span>
     <span class='ocr_line' id='line_1_38' title="bbox 311 2384 1351 2424; baseline 0.002 -3"><span class='ocrx_word' id='word_1_282' title='bbox 311 2384 388 2421; x_wconf 88' lang='lat' dir='ltr'>tius</span> <span class='ocrx_word' id='word_1_283' title='bbox 407 2384 590 2422; x_wconf 86' lang='lat' dir='ltr'>mortales</span> <span class='ocrx_word' id='word_1_284' title='bbox 616 2397 703 2422; x_wconf 88' lang='lat' dir='ltr'>cum</span> <span class='ocrx_word' id='word_1_285' title='bbox 727 2384 868 2421; x_wconf 89' lang='lat' dir='ltr'>damno</span> <span class='ocrx_word' id='word_1_286' title='bbox 897 2397 965 2421; x_wconf 92' lang='lat' dir='ltr'>suo</span> <span class='ocrx_word' id='word_1_287' title='bbox 988 2384 1181 2422; x_wconf 86' lang='lat' dir='ltr'>sacrificia</span> <span class='ocrx_word' id='word_1_288' title='bbox 1200 2385 1351 2424; x_wconf 86' lang='lat' dir='ltr'>instau-</span> 
     </span>
     <span class='ocr_line' id='line_1_39' title="bbox 311 2442 778 2481; baseline 0.002 -1"><span class='ocrx_word' id='word_1_289' title='bbox 311 2443 430 2480; x_wconf 89' lang='lat' dir='ltr'>randa</span> <span class='ocrx_word' id='word_1_290' title='bbox 445 2455 527 2481; x_wconf 86' lang='lat' dir='ltr'>esse</span> <span class='ocrx_word' id='word_1_291' title='bbox 547 2442 707 2481; x_wconf 90' lang='lat' dir='ltr'>discant.</span> <span class='ocrx_word' id='word_1_292' title='bbox 727 2464 778 2472; x_wconf 90' lang='lat'><strong>—</strong></span> 
     </span>
    </p>
   </div>
   <div class='ocr_carea' id='block_1_3' title="bbox 738 2557 923 2610">
    <p class='ocr_par' dir='ltr' id='par_1_6' title="bbox 738 2557 923 2610">
     <span class='ocr_line' id='line_1_40' title="bbox 738 2557 923 2610; baseline -0.011 -14"><span class='ocrx_word' id='word_1_293' title='bbox 738 2559 829 2610; x_wconf 87' lang='grc' dir='ltr'>Κεφ.</span> <span class='ocrx_word' id='word_1_294' title='bbox 872 2557 923 2595; x_wconf 90' lang='grc' dir='ltr'>ιθ’.</span> 
     </span>
    </p>
   </div>
   <div class='ocr_carea' id='block_1_4' title="bbox 414 2666 1245 2708">
    <p class='ocr_par' dir='ltr' id='par_1_7' title="bbox 414 2666 1245 2708">
     <span class='ocr_line' id='line_1_41' title="bbox 414 2666 1245 2708; baseline 0.004 -10"><span class='ocrx_word' id='word_1_295' title='bbox 414 2667 474 2699; x_wconf 85' lang='grc' dir='ltr'>Διὰ</span> <span class='ocrx_word' id='word_1_296' title='bbox 485 2666 515 2698; x_wconf 89' lang='grc' dir='ltr'>τί</span> <span class='ocrx_word' id='word_1_297' title='bbox 532 2668 561 2698; x_wconf 84' lang='grc' dir='ltr'>οῖ</span> <span class='ocrx_word' id='word_1_298' title='bbox 574 2667 799 2708; x_wconf 83' lang='grc' dir='ltr'>ἁμαρτάνοντες</span> <span class='ocrx_word' id='word_1_299' title='bbox 809 2674 824 2692; x_wconf 73' lang='lat' dir='ltr'>a</span> <span class='ocrx_word' id='word_1_300' title='bbox 846 2668 904 2700; x_wconf 83' lang='grc' dir='ltr'>οὐκ</span> <span class='ocrx_word' id='word_1_301' title='bbox 920 2668 1032 2705; x_wconf 72' lang='grc' dir='ltr'>εὐθέως</span> <span class='ocrx_word' id='word_1_302' title='bbox 1049 2668 1245 2705; x_wconf 83' lang='grc' dir='ltr'>κολάζονται.</span> 
     </span>
    </p>
   </div>
   <div class='ocr_carea' id='block_1_5' title="bbox 364 2748 1351 2804">
    <p class='ocr_par' dir='ltr' id='par_1_8' title="bbox 364 2748 1351 2804">
     <span class='ocr_line' id='line_1_42' title="bbox 364 2748 1351 2804; baseline 0.001 -15"><span class='ocrx_word' id='word_1_303' title='bbox 364 2751 410 2790; x_wconf 74' lang='lat' dir='ltr'>Ei</span> <span class='ocrx_word' id='word_1_304' title='bbox 430 2749 466 2788; x_wconf 77' lang='grc' dir='ltr'>δὲ</span> <span class='ocrx_word' id='word_1_305' title='bbox 496 2748 585 2799; x_wconf 79' lang='grc' dir='ltr'>μηδὲ</span> <span class='ocrx_word' id='word_1_306' title='bbox 605 2748 758 2797; x_wconf 82' lang='grc' dir='ltr'>τούτων,</span> <span class='ocrx_word' id='word_1_307' title='bbox 789 2750 876 2799; x_wconf 67' lang='grc' dir='ltr'>μηδὲ</span> <span class='ocrx_word' id='word_1_308' title='bbox 905 2753 973 2788; x_wconf 84' lang='grc' dir='ltr'>τῶν</span> <span class='ocrx_word' id='word_1_309' title='bbox 994 2750 1109 2790; x_wconf 85' lang='grc' dir='ltr'>ἄλλων</span> <span class='ocrx_word' id='word_1_310' title='bbox 1135 2750 1351 2804; x_wconf 83' lang='grc' dir='ltr'>ἁμαρτημά-</span> 
     </span>
    </p>
   </div>
   <div class='ocr_carea' id='block_1_6' title="bbox 523 2921 1136 3050">
    <p class='ocr_par' dir='ltr' id='par_1_9' title="bbox 523 2921 1136 3050">
     <span class='ocr_line' id='line_1_43' title="bbox 739 2921 924 2962; baseline 0.016 -10"><span class='ocrx_word' id='word_1_311' title='bbox 739 2921 817 2962; x_wconf 87' lang='lat' dir='ltr'>Cap.</span> <span class='ocrx_word' id='word_1_312' title='bbox 841 2922 924 2956; x_wconf 90' lang='lat' dir='ltr'>XIX.</span> 
     </span>
     <span class='ocr_line' id='line_1_44' title="bbox 523 3014 1136 3050; baseline 0.005 -9"><span class='ocrx_word' id='word_1_313' title='bbox 523 3014 583 3041; x_wconf 88' lang='lat' dir='ltr'>Cur</span> <span class='ocrx_word' id='word_1_314' title='bbox 598 3014 755 3049; x_wconf 81' lang='lat' dir='ltr'>peccantes</span> <span class='ocrx_word' id='word_1_315' title='bbox 773 3020 837 3042; x_wconf 91' lang='lat' dir='ltr'>non</span> <span class='ocrx_word' id='word_1_316' title='bbox 851 3014 950 3042; x_wconf 86' lang='lat' dir='ltr'>statim</span> <span class='ocrx_word' id='word_1_317' title='bbox 963 3014 1136 3050; x_wconf 81' lang='lat' dir='ltr'>puniantur.</span> 
     </span>
    </p>
   </div>
   <div class='ocr_carea' id='block_1_7' title="bbox 313 3101 1352 3440">
    <p class='ocr_par' dir='ltr' id='par_1_10' title="bbox 313 3101 1352 3440">
     <span class='ocr_line' id='line_1_45' title="bbox 354 3101 1352 3147; baseline 0.005 -14"><span class='ocrx_word' id='word_1_318' title='bbox 354 3102 387 3133; x_wconf 89' lang='lat' dir='ltr'>Si</span> <span class='ocrx_word' id='word_1_319' title='bbox 406 3110 484 3134; x_wconf 80' lang='lat' dir='ltr'>vero</span> <span class='ocrx_word' id='word_1_320' title='bbox 500 3110 607 3142; x_wconf 88' lang='lat' dir='ltr'>neque</span> <span class='ocrx_word' id='word_1_321' title='bbox 623 3101 742 3133; x_wconf 89' lang='lat' dir='ltr'>horum</span> <span class='ocrx_word' id='word_1_322' title='bbox 756 3110 816 3134; x_wconf 92' lang='lat' dir='ltr'>nec</span> <span class='ocrx_word' id='word_1_323' title='bbox 834 3104 1027 3134; x_wconf 80' lang='lat' dir='ltr'>caeterorum</span> <span class='ocrx_word' id='word_1_324' title='bbox 1047 3102 1238 3137; x_wconf 83' lang='lat' dir='ltr'>delictorum</span> <span class='ocrx_word' id='word_1_325' title='bbox 1256 3114 1352 3147; x_wconf 85' lang='lat' dir='ltr'>poena</span> 
     </span>
     <span class='ocr_line' id='line_1_46' title="bbox 313 3159 1352 3205; baseline 0.004 -13"><span class='ocrx_word' id='word_1_326' title='bbox 313 3162 423 3193; x_wconf 84' lang='lat' dir='ltr'>sontes</span> <span class='ocrx_word' id='word_1_327' title='bbox 447 3159 621 3192; x_wconf 81' lang='lat' dir='ltr'>confestim</span> <span class='ocrx_word' id='word_1_328' title='bbox 636 3160 796 3200; x_wconf 87' lang='lat' dir='ltr'>tenentur,</span> <span class='ocrx_word' id='word_1_329' title='bbox 811 3169 876 3192; x_wconf 90' lang='lat' dir='ltr'>non</span> <span class='ocrx_word' id='word_1_330' title='bbox 892 3162 944 3193; x_wconf 86' lang='lat' dir='ltr'>est</span> <span class='ocrx_word' id='word_1_331' title='bbox 968 3161 1057 3202; x_wconf 89' lang='lat' dir='ltr'>quod</span> <span class='ocrx_word' id='word_1_332' title='bbox 1087 3162 1258 3202; x_wconf 82' lang='lat' dir='ltr'>miremur3</span> <span class='ocrx_word' id='word_1_333' title='bbox 1277 3164 1352 3205; x_wconf 87' lang='lat' dir='ltr'>qnia</span> 
     </span>
     <span class='ocr_line' id='line_1_47' title="bbox 313 3218 1352 3263; baseline 0.004 -12"><span class='ocrx_word' id='word_1_334' title='bbox 313 3227 378 3251; x_wconf 91' lang='lat' dir='ltr'>non</span> <span class='ocrx_word' id='word_1_335' title='bbox 407 3218 506 3251; x_wconf 88' lang='lat' dir='ltr'>modo</span> <span class='ocrx_word' id='word_1_336' title='bbox 532 3218 696 3250; x_wconf 83' lang='lat' dir='ltr'>daemones</span> <span class='ocrx_word' id='word_1_337' title='bbox 714 3218 852 3259; x_wconf 85' lang='lat' dir='ltr'>puniunt</span> <span class='ocrx_word' id='word_1_338' title='bbox 871 3219 1015 3260; x_wconf 86' lang='lat' dir='ltr'>animas,</span> <span class='ocrx_word' id='word_1_339' title='bbox 1038 3219 1095 3252; x_wconf 88' lang='lat' dir='ltr'>sed</span> <span class='ocrx_word' id='word_1_340' title='bbox 1122 3220 1202 3262; x_wconf 83' lang='lat' dir='ltr'>ipsae</span> <span class='ocrx_word' id='word_1_341' title='bbox 1222 3231 1352 3263; x_wconf 88' lang='lat' dir='ltr'>quoque</span> 
     </span>
     <span class='ocr_line' id='line_1_48' title="bbox 314 3276 1351 3319; baseline 0.004 -8"><span class='ocrx_word' id='word_1_342' title='bbox 314 3279 417 3311; x_wconf 77' lang='lat' dir='ltr'>semet</span> <span class='ocrx_word' id='word_1_343' title='bbox 448 3277 535 3318; x_wconf 86' lang='lat' dir='ltr'>ipsas</span> <span class='ocrx_word' id='word_1_344' title='bbox 565 3277 741 3316; x_wconf 79' lang='lat' dir='ltr'>accusant,</span> <span class='ocrx_word' id='word_1_345' title='bbox 766 3277 799 3309; x_wconf 86' lang='lat' dir='ltr'>et</span> <span class='ocrx_word' id='word_1_346' title='bbox 824 3276 900 3318; x_wconf 88' lang='lat' dir='ltr'>quia</span> <span class='ocrx_word' id='word_1_347' title='bbox 922 3279 1079 3319; x_wconf 85' lang='lat' dir='ltr'>perpetuo</span> <span class='ocrx_word' id='word_1_348' title='bbox 1098 3282 1266 3313; x_wconf 88' lang='lat' dir='ltr'>manentes</span> <span class='ocrx_word' id='word_1_349' title='bbox 1287 3291 1351 3314; x_wconf 89' lang='lat' dir='ltr'>non</span> 
     </span>
     <span class='ocr_line' id='line_1_49' title="bbox 314 3334 1351 3381; baseline 0.004 -12"><span class='ocrx_word' id='word_1_350' title='bbox 314 3335 451 3369; x_wconf 80' lang='lat' dir='ltr'>decebat</span> <span class='ocrx_word' id='word_1_351' title='bbox 466 3334 557 3368; x_wconf 82' lang='lat' dir='ltr'>brevi</span> <span class='ocrx_word' id='word_1_352' title='bbox 572 3336 716 3376; x_wconf 80' lang='lat' dir='ltr'>tempore</span> <span class='ocrx_word' id='word_1_353' title='bbox 734 3335 843 3368; x_wconf 83' lang='lat' dir='ltr'>omnia</span> <span class='ocrx_word' id='word_1_354' title='bbox 858 3335 1018 3375; x_wconf 79' lang='lat' dir='ltr'>nancisci3</span> <span class='ocrx_word' id='word_1_355' title='bbox 1037 3336 1134 3370; x_wconf 89' lang='lat' dir='ltr'>simul</span> <span class='ocrx_word' id='word_1_356' title='bbox 1148 3338 1246 3371; x_wconf 84' lang='lat' dir='ltr'>etiam</span> <span class='ocrx_word' id='word_1_357' title='bbox 1264 3341 1351 3381; x_wconf 89' lang='lat' dir='ltr'>quod</span> 
     </span>
     <span class='ocr_line' id='line_1_50' title="bbox 314 3393 1349 3440; baseline 0.004 -12"><span class='ocrx_word' id='word_1_358' title='bbox 314 3395 490 3428; x_wconf 84' lang='lat' dir='ltr'>humanam</span> <span class='ocrx_word' id='word_1_359' title='bbox 505 3393 659 3427; x_wconf 85' lang='lat' dir='ltr'>virtutem</span> <span class='ocrx_word' id='word_1_360' title='bbox 676 3402 747 3426; x_wconf 82' lang='lat' dir='ltr'>esse</span> <span class='ocrx_word' id='word_1_361' title='bbox 765 3395 901 3435; x_wconf 86' lang='lat' dir='ltr'>oportet.</span> <span class='ocrx_word' id='word_1_362' title='bbox 946 3394 980 3427; x_wconf 90' lang='lat' dir='ltr'>Si</span> <span class='ocrx_word' id='word_1_363' title='bbox 993 3395 1079 3428; x_wconf 88' lang='lat' dir='ltr'>enim</span> <span class='ocrx_word' id='word_1_364' title='bbox 1091 3399 1260 3437; x_wconf 84' lang='lat' dir='ltr'>peccantes</span> <span class='ocrx_word' id='word_1_365' title='bbox 1278 3408 1349 3440; x_wconf 86' lang='lat' dir='ltr'>pro-</span> 
     </span>
    </p>
   </div>
   <div class='ocr_carea' id='block_1_8' title="bbox 1257 191 1516 234">
    <p class='ocr_par' dir='ltr' id='par_1_11' title="bbox 1257 191 1516 234">
     <span class='ocr_line' id='line_1_51' title="bbox 1257 191 1516 234; baseline 0.008 -3"><span class='ocrx_word' id='word_1_366' title='bbox 1257 191 1516 234; x_wconf 84' lang='lat' dir='ltr'>SALLUSTII</span> 
     </span>
    </p>
   </div>
   <div class='ocr_carea' id='block_1_9' title="bbox 1424 279 2456 334">
    <p class='ocr_par' dir='ltr' id='par_1_12' title="bbox 1424 279 2456 334">
     <span class='ocr_line' id='line_1_52' title="bbox 1424 279 2456 334; baseline 0 -14"><span class='ocrx_word' id='word_1_367' title='bbox 1424 297 1492 320; x_wconf 89' lang='grc' dir='ltr'>των</span> <span class='ocrx_word' id='word_1_368' title='bbox 1513 280 1611 326; x_wconf 79' lang='grc' dir='ltr'>εὐθὺς</span> <span class='ocrx_word' id='word_1_369' title='bbox 1627 282 1663 320; x_wconf 79' lang='grc' dir='ltr'>αἱ</span> <span class='ocrx_word' id='word_1_370' title='bbox 1679 281 1774 320; x_wconf 87' lang='grc' dir='ltr'>δίκαι</span> <span class='ocrx_word' id='word_1_371' title='bbox 1792 286 1861 324; x_wconf 84' lang='grc' dir='ltr'>τοῖς</span> <span class='ocrx_word' id='word_1_372' title='bbox 1879 279 2124 332; x_wconf 71' lang='grc' dir='ltr'>ἁμαρτήσασιν</span> <span class='ocrx_word' id='word_1_373' title='bbox 2143 279 2305 331; x_wconf 77' lang='grc' dir='ltr'>ἕπονται,</span> <span class='ocrx_word' id='word_1_374' title='bbox 2321 280 2456 334; x_wconf 77' lang='grc' dir='ltr'>θαυμά·</span> 
     </span>
    </p>
   </div>
   <div class='ocr_carea' id='block_1_10' title="bbox 1424 339 2510 390">
    <p class='ocr_par' dir='ltr' id='par_1_13' title="bbox 1424 339 2510 390">
     <span class='ocr_line' id='line_1_53' title="bbox 1424 339 2510 390; baseline 0.002 -11"><span class='ocrx_word' id='word_1_375' title='bbox 1424 342 1491 385; x_wconf 92' lang='grc' dir='ltr'>ζειν</span> <span class='ocrx_word' id='word_1_376' title='bbox 1512 341 1550 380; x_wconf 82' lang='grc' dir='ltr'>οὗ</span> <span class='ocrx_word' id='word_1_377' title='bbox 1572 340 1644 379; x_wconf 85' lang='grc' dir='ltr'>δεῖ·</span> <span class='ocrx_word' id='word_1_378' title='bbox 1663 340 1716 379; x_wconf 77' lang='grc' dir='ltr'>ὅτι</span> <span class='ocrx_word' id='word_1_379' title='bbox 1738 340 1776 378; x_wconf 82' lang='grc' dir='ltr'>οὗ</span> <span class='ocrx_word' id='word_1_380' title='bbox 1796 339 1954 390; x_wconf 83' lang='grc' dir='ltr'>δαίμονές</span> <span class='ocrx_word' id='word_1_381' title='bbox 1971 341 2037 378; x_wconf 85' lang='grc' dir='ltr'>εἷσι</span> <span class='ocrx_word' id='word_1_382' title='bbox 2052 339 2153 390; x_wconf 90' lang='grc' dir='ltr'>μόνον</span> <span class='ocrx_word' id='word_1_383' title='bbox 2168 339 2186 364; x_wconf 65' lang='lat'>¹&gt;</span> <span class='ocrx_word' id='word_1_384' title='bbox 2205 342 2236 380; x_wconf 76' lang='grc' dir='ltr'>οἵ</span> <span class='ocrx_word' id='word_1_385' title='bbox 2257 340 2457 387; x_wconf 72' lang='grc' dir='ltr'>κολάζοντας</span> <span class='ocrx_word' id='word_1_386' title='bbox 2505 356 2510 377; x_wconf 49' lang='grc' dir='ltr'>ι</span> 
     </span>
    </p>
   </div>
   <div class='ocr_carea' id='block_1_11' title="bbox 1419 397 2460 745">
    <p class='ocr_par' dir='ltr' id='par_1_14' title="bbox 1419 397 2460 745">
     <span class='ocr_line' id='line_1_54' title="bbox 1422 397 2457 452; baseline 0.001 -15"><span class='ocrx_word' id='word_1_387' title='bbox 1422 399 1643 451; x_wconf 67' lang='grc' dir='ltr'>τὰςψυχάς,</span> <span class='ocrx_word' id='word_1_388' title='bbox 1668 398 1759 437; x_wconf 86' lang='grc' dir='ltr'>ἀλλὰ</span> <span class='ocrx_word' id='word_1_389' title='bbox 1787 397 1847 436; x_wconf 75' lang='grc' dir='ltr'>καὶ</span> <span class='ocrx_word' id='word_1_390' title='bbox 1873 397 1961 444; x_wconf 83' lang='grc' dir='ltr'>αὗτὴ</span> <span class='ocrx_word' id='word_1_391' title='bbox 1991 397 2116 445; x_wconf 83' lang='grc' dir='ltr'>ἑαυτὴν</span> <span class='ocrx_word' id='word_1_392' title='bbox 2139 398 2265 449; x_wconf 77' lang='grc' dir='ltr'>ὑπάγει</span> <span class='ocrx_word' id='word_1_393' title='bbox 2291 400 2334 451; x_wconf 81' lang='grc' dir='ltr'>τῇ</span> <span class='ocrx_word' id='word_1_394' title='bbox 2355 397 2457 452; x_wconf 76' lang='grc' dir='ltr'>δίκῃ,</span> 
     </span>
     <span class='ocr_line' id='line_1_55' title="bbox 1423 455 2457 510; baseline -0.002 -14"><span class='ocrx_word' id='word_1_395' title='bbox 1423 458 1482 496; x_wconf 86' lang='grc' dir='ltr'>καὶ</span> <span class='ocrx_word' id='word_1_396' title='bbox 1504 455 1558 496; x_wconf 79' lang='grc' dir='ltr'>ὅτι</span> <span class='ocrx_word' id='word_1_397' title='bbox 1590 457 1732 508; x_wconf 83' lang='grc' dir='ltr'>μένουσι</span> <span class='ocrx_word' id='word_1_398' title='bbox 1766 456 1822 495; x_wconf 82' lang='grc' dir='ltr'>τὸν</span> <span class='ocrx_word' id='word_1_399' title='bbox 1856 455 1996 494; x_wconf 82' lang='grc' dir='ltr'>ἅπαντα</span> <span class='ocrx_word' id='word_1_400' title='bbox 2017 455 2163 508; x_wconf 88' lang='grc' dir='ltr'>χρόνον,</span> <span class='ocrx_word' id='word_1_401' title='bbox 2194 457 2257 495; x_wconf 79' lang='grc' dir='ltr'>οὔκ</span> <span class='ocrx_word' id='word_1_402' title='bbox 2288 458 2394 510; x_wconf 79' lang='grc' dir='ltr'>ἐχρῆν</span> <span class='ocrx_word' id='word_1_403' title='bbox 2421 458 2457 494; x_wconf 85' lang='grc' dir='ltr'>ἐν</span> 
     </span>
     <span class='ocr_line' id='line_1_56' title="bbox 1425 513 2455 568; baseline -0.003 -13"><span class='ocrx_word' id='word_1_404' title='bbox 1425 514 1533 568; x_wconf 77' lang='grc' dir='ltr'>ὀλίγῳ</span> <span class='ocrx_word' id='word_1_405' title='bbox 1552 524 1568 542; x_wconf 77' lang='lat'>‘³</span> <span class='ocrx_word' id='word_1_406' title='bbox 1598 515 1737 555; x_wconf 84' lang='grc' dir='ltr'>πάντων</span> <span class='ocrx_word' id='word_1_407' title='bbox 1760 521 1895 568; x_wconf 87' lang='grc' dir='ltr'>τυχεῖν·</span> <span class='ocrx_word' id='word_1_408' title='bbox 1919 513 1978 553; x_wconf 82' lang='grc' dir='ltr'>καὶ</span> <span class='ocrx_word' id='word_1_409' title='bbox 2007 515 2064 552; x_wconf 89' lang='grc' dir='ltr'>διὰ</span> <span class='ocrx_word' id='word_1_410' title='bbox 2085 514 2124 553; x_wconf 82' lang='grc' dir='ltr'>τὸ</span> <span class='ocrx_word' id='word_1_411' title='bbox 2144 516 2214 553; x_wconf 83' lang='grc' dir='ltr'>δεῖν</span> <span class='ocrx_word' id='word_1_412' title='bbox 2236 514 2455 568; x_wconf 80' lang='grc' dir='ltr'>ἀνθρωπίνην</span> 
     </span>
     <span class='ocr_line' id='line_1_57' title="bbox 1423 568 2457 627; baseline -0.001 -14"><span class='ocrx_word' id='word_1_413' title='bbox 1423 574 1548 627; x_wconf 80' lang='grc' dir='ltr'>ἀρετὴν</span> <span class='ocrx_word' id='word_1_414' title='bbox 1569 568 1672 614; x_wconf 68' lang='grc' dir='ltr'>εἶναι.</span> <span class='ocrx_word' id='word_1_415' title='bbox 1694 577 1739 615; x_wconf 85' lang='grc' dir='ltr'>Εἰ</span> <span class='ocrx_word' id='word_1_416' title='bbox 1755 575 1822 627; x_wconf 82' lang='grc' dir='ltr'>γὰρ</span> <span class='ocrx_word' id='word_1_417' title='bbox 1837 577 1907 618; x_wconf 86' lang='grc' dir='ltr'>τοῖς</span> <span class='ocrx_word' id='word_1_418' title='bbox 1928 574 2174 626; x_wconf 78' lang='grc' dir='ltr'>ἁμαρτήσασιν</span> <span class='ocrx_word' id='word_1_419' title='bbox 2193 573 2286 619; x_wconf 78' lang='grc' dir='ltr'>εὐθυς</span> <span class='ocrx_word' id='word_1_420' title='bbox 2306 573 2457 622; x_wconf 81' lang='grc' dir='ltr'>ἠκολου-</span> 
     </span>
     <span class='ocr_line' id='line_1_58' title="bbox 1422 632 2457 688; baseline -0.001 -15"><span class='ocrx_word' id='word_1_421' title='bbox 1422 637 1500 673; x_wconf 90' lang='grc' dir='ltr'>θουν</span> <span class='ocrx_word' id='word_1_422' title='bbox 1522 635 1558 672; x_wconf 81' lang='grc' dir='ltr'>αἱ</span> <span class='ocrx_word' id='word_1_423' title='bbox 1579 633 1696 686; x_wconf 74' lang='grc' dir='ltr'>δίκαι,</span> <span class='ocrx_word' id='word_1_424' title='bbox 1712 633 1810 688; x_wconf 75' lang='grc' dir='ltr'>φόὸω</span> <span class='ocrx_word' id='word_1_425' title='bbox 1829 635 2157 686; x_wconf 83' lang='grc' dir='ltr'>δικαιοπραγοῦντες</span> <span class='ocrx_word' id='word_1_426' title='bbox 2177 632 2352 686; x_wconf 81' lang='grc' dir='ltr'>ἄνθρωποι</span> <span class='ocrx_word' id='word_1_427' title='bbox 2372 634 2457 686; x_wconf 78' lang='grc' dir='ltr'>ἀρε-</span> 
     </span>
     <span class='ocr_line' id='line_1_59' title="bbox 1419 687 2460 745; baseline 0.001 -15"><span class='ocrx_word' id='word_1_428' title='bbox 1419 691 1482 739; x_wconf 84' lang='grc' dir='ltr'>τὴν</span> <span class='ocrx_word' id='word_1_429' title='bbox 1503 693 1565 731; x_wconf 83' lang='grc' dir='ltr'>οὒκ</span> <span class='ocrx_word' id='word_1_430' title='bbox 1587 691 1628 731; x_wconf 76' lang='grc' dir='ltr'>ἂν</span> <span class='ocrx_word' id='word_1_431' title='bbox 1657 687 1763 745; x_wconf 73' lang='grc' dir='ltr'>εἶχον.</span> <span class='ocrx_word' id='word_1_432' title='bbox 1790 692 2005 737; x_wconf 84' lang='grc' dir='ltr'>Κολάζονται</span> <span class='ocrx_word' id='word_1_433' title='bbox 2025 690 2060 730; x_wconf 81' lang='grc' dir='ltr'>δὲ</span> <span class='ocrx_word' id='word_1_434' title='bbox 2090 707 2150 732; x_wconf 89' lang='grc' dir='ltr'>του</span> <span class='ocrx_word' id='word_1_435' title='bbox 2179 692 2341 743; x_wconf 87' lang='grc' dir='ltr'>σώματος</span> <span class='ocrx_word' id='word_1_436' title='bbox 2369 690 2460 737; x_wconf 74' lang='grc' dir='ltr'>ἐξελ-</span> 
     </span>
    </p>
   </div>
   <div class='ocr_carea' id='block_1_12' title="bbox 1420 749 2512 802">
    <p class='ocr_par' dir='ltr' id='par_1_15' title="bbox 1420 749 2512 802">
     <span class='ocr_line' id='line_1_60' title="bbox 1420 749 2512 802; baseline -0.002 -13"><span class='ocrx_word' id='word_1_437' title='bbox 1420 754 1560 790; x_wconf 81' lang='grc' dir='ltr'>θοῦσαι·</span> <span class='ocrx_word' id='word_1_438' title='bbox 1580 752 1616 789; x_wconf 78' lang='grc' dir='ltr'>αἱ</span> <span class='ocrx_word' id='word_1_439' title='bbox 1642 751 1704 802; x_wconf 84' lang='grc' dir='ltr'>μὲν</span> <span class='ocrx_word' id='word_1_440' title='bbox 1728 753 1877 790; x_wconf 85' lang='grc' dir='ltr'>ἐνταυθα</span> <span class='ocrx_word' id='word_1_441' title='bbox 1904 750 2155 802; x_wconf 87' lang='grc' dir='ltr'>πλανώμεναι,</span> <span class='ocrx_word' id='word_1_442' title='bbox 2179 752 2216 790; x_wconf 80' lang='grc' dir='ltr'>αἱ</span> <span class='ocrx_word' id='word_1_443' title='bbox 2237 750 2273 790; x_wconf 82' lang='grc' dir='ltr'>δὲ</span> <span class='ocrx_word' id='word_1_444' title='bbox 2294 749 2342 795; x_wconf 77' lang='grc' dir='ltr'>εἷς</span> <span class='ocrx_word' id='word_1_445' title='bbox 2364 765 2460 794; x_wconf 86' lang='grc' dir='ltr'>τινας</span> <span class='ocrx_word' id='word_1_446' title='bbox 2510 783 2512 787; x_wconf 20' lang='grc' dir='ltr'><em>Α</em></span> 
     </span>
    </p>
   </div>
   <div class='ocr_carea' id='block_1_13' title="bbox 1417 809 2471 864">
    <p class='ocr_par' dir='ltr' id='par_1_16' title="bbox 1417 809 2471 864">
     <span class='ocr_line' id='line_1_61' title="bbox 1417 809 2471 864; baseline 0 -16"><span class='ocrx_word' id='word_1_447' title='bbox 1417 810 1543 852; x_wconf 82' lang='grc' dir='ltr'>τόπους</span> <span class='ocrx_word' id='word_1_448' title='bbox 1563 813 1623 856; x_wconf 78' lang='grc' dir='ltr'>τῆς</span> <span class='ocrx_word' id='word_1_449' title='bbox 1639 812 1701 861; x_wconf 83' lang='grc' dir='ltr'>γ’ἧς</span> <span class='ocrx_word' id='word_1_450' title='bbox 1718 809 1885 862; x_wconf 84' lang='grc' dir='ltr'>θερμούς,</span> <span class='ocrx_word' id='word_1_451' title='bbox 1902 809 1924 856; x_wconf 80' lang='grc' dir='ltr'>ἢ</span> <span class='ocrx_word' id='word_1_452' title='bbox 1942 809 2116 864; x_wconf 81' lang='grc' dir='ltr'>ψυχρούς,</span> <span class='ocrx_word' id='word_1_453' title='bbox 2135 812 2171 849; x_wconf 79' lang='grc' dir='ltr'>αἱ</span> <span class='ocrx_word' id='word_1_454' title='bbox 2188 810 2223 849; x_wconf 84' lang='grc' dir='ltr'>δὲ</span> <span class='ocrx_word' id='word_1_455' title='bbox 2244 809 2310 850; x_wconf 76' lang='grc' dir='ltr'>ὑπὸ</span> <span class='ocrx_word' id='word_1_456' title='bbox 2334 809 2471 860; x_wconf 82' lang='grc' dir='ltr'>δαιμό-.</span> 
     </span>
    </p>
   </div>
   <div class='ocr_carea' id='block_1_14' title="bbox 1418 866 2456 979">
    <p class='ocr_par' dir='ltr' id='par_1_17' title="bbox 1418 866 2456 979">
     <span class='ocr_line' id='line_1_62' title="bbox 1418 866 2455 921; baseline 0.001 -15"><span class='ocrx_word' id='word_1_457' title='bbox 1418 883 1483 906; x_wconf 87' lang='grc' dir='ltr'>νων</span> <span class='ocrx_word' id='word_1_458' title='bbox 1505 866 1774 920; x_wconf 81' lang='grc' dir='ltr'>ταραττόμεναι.</span> <span class='ocrx_word' id='word_1_459' title='bbox 1799 867 1945 911; x_wconf 85' lang='grc' dir='ltr'>Πάντως</span> <span class='ocrx_word' id='word_1_460' title='bbox 1966 866 2002 906; x_wconf 80' lang='grc' dir='ltr'>δὲ</span> <span class='ocrx_word' id='word_1_461' title='bbox 2023 868 2114 919; x_wconf 78' lang='grc' dir='ltr'>μετὰ</span> <span class='ocrx_word' id='word_1_462' title='bbox 2140 871 2202 916; x_wconf 78' lang='grc' dir='ltr'>τῆς</span> <span class='ocrx_word' id='word_1_463' title='bbox 2221 867 2347 921; x_wconf 78' lang='grc' dir='ltr'>ἀλόγου</span> <span class='ocrx_word' id='word_1_464' title='bbox 2366 869 2455 907; x_wconf 79' lang='grc' dir='ltr'>ὑπο-</span> 
     </span>
     <span class='ocr_line' id='line_1_63' title="bbox 1419 921 2456 979; baseline 0.001 -15"><span class='ocrx_word' id='word_1_465' title='bbox 1419 925 1580 978; x_wconf 80' lang='grc' dir='ltr'>μένουσι,</span> <span class='ocrx_word' id='word_1_466' title='bbox 1597 927 1672 977; x_wconf 87' lang='grc' dir='ltr'>μεθ’</span> <span class='ocrx_word' id='word_1_467' title='bbox 1690 921 1801 979; x_wconf 73' lang='grc' dir='ltr'>ἧσπερ</span> <span class='ocrx_word' id='word_1_468' title='bbox 1821 927 1880 965; x_wconf 75' lang='grc' dir='ltr'>καὶ</span> <span class='ocrx_word' id='word_1_469' title='bbox 1901 927 2055 979; x_wconf 80' lang='grc' dir='ltr'>ἥμαρτον</span> <span class='ocrx_word' id='word_1_470' title='bbox 2069 942 2078 951; x_wconf 87' lang='grc'>·</span> <span class='ocrx_word' id='word_1_471' title='bbox 2097 926 2140 965; x_wconf 88' lang='grc' dir='ltr'>δι’</span> <span class='ocrx_word' id='word_1_472' title='bbox 2152 926 2195 975; x_wconf 82' lang='grc' dir='ltr'>ἣν</span> <span class='ocrx_word' id='word_1_473' title='bbox 2209 926 2321 967; x_wconf 70' lang='grc' dir='ltr'>καὶτὸ</span> <span class='ocrx_word' id='word_1_474' title='bbox 2333 941 2456 967; x_wconf 85' lang='grc' dir='ltr'>σκιοει·</span> 
     </span>
    </p>
   </div>
   <div class='ocr_carea' id='block_1_15' title="bbox 1418 983 2514 1039">
    <p class='ocr_par' dir='ltr' id='par_1_18' title="bbox 1418 983 2514 1039">
     <span class='ocr_line' id='line_1_64' title="bbox 1418 983 2514 1039; baseline 0.003 -17"><span class='ocrx_word' id='word_1_475' title='bbox 1418 984 1469 1028; x_wconf 86' lang='grc' dir='ltr'>δὲς</span> <span class='ocrx_word' id='word_1_476' title='bbox 1496 987 1599 1035; x_wconf 83' lang='grc' dir='ltr'>σῶμα</span> <span class='ocrx_word' id='word_1_477' title='bbox 1621 984 1814 1037; x_wconf 76' lang='grc' dir='ltr'>ὑφίσταται</span> <span class='ocrx_word' id='word_1_478' title='bbox 1835 983 1870 1033; x_wconf 72' lang='lat' dir='ltr'>d,</span> <span class='ocrx_word' id='word_1_479' title='bbox 1899 984 1917 1023; x_wconf 87' lang='grc' dir='ltr'>ὃ</span> <span class='ocrx_word' id='word_1_480' title='bbox 1939 985 2019 1037; x_wconf 86' lang='grc' dir='ltr'>περὶ</span> <span class='ocrx_word' id='word_1_481' title='bbox 2039 984 2119 1030; x_wconf 77' lang='grc' dir='ltr'>τοὺς</span> <span class='ocrx_word' id='word_1_482' title='bbox 2137 985 2266 1039; x_wconf 83' lang='grc' dir='ltr'>τάφους</span> <span class='ocrx_word' id='word_1_483' title='bbox 2293 985 2354 1025; x_wconf 76' lang='grc' dir='ltr'>καὶ</span> <span class='ocrx_word' id='word_1_484' title='bbox 2381 986 2457 1037; x_wconf 86' lang='grc' dir='ltr'>μά-</span> <span class='ocrx_word' id='word_1_485' title='bbox 2511 1006 2514 1007; x_wconf 53' lang='grc'>’</span> 
     </span>
    </p>
   </div>
   <div class='ocr_carea' id='block_1_16' title="bbox 1414 1043 2456 1328">
    <p class='ocr_par' dir='ltr' id='par_1_19' title="bbox 1416 1043 2112 1093">
     <span class='ocr_line' id='line_1_65' title="bbox 1416 1043 2112 1093; baseline 0.003 -13"><span class='ocrx_word' id='word_1_486' title='bbox 1416 1043 1520 1080; x_wconf 86' lang='grc' dir='ltr'>λιστα</span> <span class='ocrx_word' id='word_1_487' title='bbox 1546 1044 1614 1079; x_wconf 89' lang='grc' dir='ltr'>τῶν</span> <span class='ocrx_word' id='word_1_488' title='bbox 1637 1044 1753 1086; x_wconf 86' lang='grc' dir='ltr'>κακῶς</span> <span class='ocrx_word' id='word_1_489' title='bbox 1774 1043 1955 1090; x_wconf 82' lang='grc' dir='ltr'>ζησάντων</span> <span class='ocrx_word' id='word_1_490' title='bbox 1977 1045 2112 1093; x_wconf 82' lang='grc' dir='ltr'>ὁρᾶται.</span> 
     </span>
    </p>

    <p class='ocr_par' dir='ltr' id='par_1_20' title="bbox 1414 1099 2456 1328">
     <span class='ocr_line' id='line_1_66' title="bbox 1469 1099 2455 1153; baseline 0.004 -16"><span class='ocrx_word' id='word_1_491' title='bbox 1469 1104 1484 1122; x_wconf 73' lang='lat'><strong>⁸</strong></span> <span class='ocrx_word' id='word_1_492' title='bbox 1499 1099 1567 1138; x_wconf 84' lang='grc' dir='ltr'>Διὰ</span> <span class='ocrx_word' id='word_1_493' title='bbox 1585 1100 1619 1138; x_wconf 87' lang='grc' dir='ltr'>τί</span> <span class='ocrx_word' id='word_1_494' title='bbox 1637 1101 1667 1138; x_wconf 82' lang='grc' dir='ltr'>οἵ</span> <span class='ocrx_word' id='word_1_495' title='bbox 1681 1100 1965 1153; x_wconf 83' lang='grc' dir='ltr'>ἁμαρτάνοντες]</span> <span class='ocrx_word' id='word_1_496' title='bbox 1984 1101 2080 1140; x_wconf 83' lang='lat' dir='ltr'>Vide</span> <span class='ocrx_word' id='word_1_497' title='bbox 2099 1101 2297 1141; x_wconf 81' lang='lat' dir='ltr'>Plutarchi</span> <span class='ocrx_word' id='word_1_498' title='bbox 2309 1101 2455 1141; x_wconf 84' lang='lat' dir='ltr'>librum</span> 
     </span>
     <span class='ocr_line' id='line_1_67' title="bbox 1416 1158 2454 1212; baseline 0.004 -17"><span class='ocrx_word' id='word_1_499' title='bbox 1416 1158 1463 1196; x_wconf 93' lang='lat' dir='ltr'>de</span> <span class='ocrx_word' id='word_1_500' title='bbox 1484 1171 1568 1196; x_wconf 86' lang='lat' dir='ltr'>sera</span> <span class='ocrx_word' id='word_1_501' title='bbox 1591 1159 1762 1197; x_wconf 90' lang='lat' dir='ltr'>numinis</span> <span class='ocrx_word' id='word_1_502' title='bbox 1783 1159 1958 1197; x_wconf 87' lang='lat' dir='ltr'>vindicta</span> <span class='ocrx_word' id='word_1_503' title='bbox 1983 1169 2021 1198; x_wconf 89' lang='lat' dir='ltr'>et</span> <span class='ocrx_word' id='word_1_504' title='bbox 2040 1160 2225 1198; x_wconf 78' lang='lat' dir='ltr'>Proetum</span> <span class='ocrx_word' id='word_1_505' title='bbox 2250 1173 2369 1212; x_wconf 81' lang='lat' dir='ltr'>super</span> <span class='ocrx_word' id='word_1_506' title='bbox 2388 1159 2454 1198; x_wconf 87' lang='lat' dir='ltr'>de-</span> 
     </span>
     <span class='ocr_line' id='line_1_68' title="bbox 1417 1217 2453 1271; baseline 0.003 -15"><span class='ocrx_word' id='word_1_507' title='bbox 1417 1232 1497 1256; x_wconf 89' lang='lat' dir='ltr'>cem</span> <span class='ocrx_word' id='word_1_508' title='bbox 1533 1217 1750 1256; x_wconf 87' lang='lat' dir='ltr'>rationibus</span> <span class='ocrx_word' id='word_1_509' title='bbox 1779 1217 1828 1255; x_wconf 90' lang='lat' dir='ltr'>de</span> <span class='ocrx_word' id='word_1_510' title='bbox 1856 1218 2109 1268; x_wconf 87' lang='lat' dir='ltr'>providentia</span> <span class='ocrx_word' id='word_1_511' title='bbox 2130 1218 2341 1257; x_wconf 87' lang='lat' dir='ltr'>dubitandi</span> <span class='ocrx_word' id='word_1_512' title='bbox 2369 1232 2453 1271; x_wconf 84' lang='lat' dir='ltr'>cap.</span> 
     </span>
     <span class='ocr_line' id='line_1_69' title="bbox 1414 1275 2456 1328; baseline 0.003 -15"><span class='ocrx_word' id='word_1_513' title='bbox 1414 1276 1504 1314; x_wconf 89' lang='lat' dir='ltr'>Vlll</span> <span class='ocrx_word' id='word_1_514' title='bbox 1525 1290 1564 1327; x_wconf 89' lang='lat' dir='ltr'>p.</span> <span class='ocrx_word' id='word_1_515' title='bbox 1588 1276 1659 1313; x_wconf 77' lang='lat'>153</span> <span class='ocrx_word' id='word_1_516' title='bbox 1683 1288 1790 1326; x_wconf 89' lang='lat' dir='ltr'>seqq.</span> <span class='ocrx_word' id='word_1_517' title='bbox 1813 1275 1875 1315; x_wconf 81' lang='lat' dir='ltr'>ed.</span> <span class='ocrx_word' id='word_1_518' title='bbox 1896 1276 2055 1316; x_wconf 83' lang='lat' dir='ltr'>Cousin.</span> <span class='ocrx_word' id='word_1_519' title='bbox 2077 1298 2130 1307; x_wconf 96' lang='lat'><strong>—</strong></span> <span class='ocrx_word' id='word_1_520' title='bbox 2158 1278 2174 1301; x_wconf 76' lang='lat'>¹³</span> <span class='ocrx_word' id='word_1_521' title='bbox 2198 1276 2252 1315; x_wconf 80' lang='grc' dir='ltr'>ὅτι</span> <span class='ocrx_word' id='word_1_522' title='bbox 2271 1278 2310 1316; x_wconf 84' lang='grc' dir='ltr'>οὗ</span> <span class='ocrx_word' id='word_1_523' title='bbox 2333 1276 2456 1328; x_wconf 84' lang='grc' dir='ltr'>δαίμο-</span> 
     </span>
    </p>
   </div>
   <div class='ocr_carea' id='block_1_17' title="bbox 1414 1332 2516 1434">
    <p class='ocr_par' dir='ltr' id='par_1_21' title="bbox 1414 1332 2516 1434">
     <span class='ocr_line' id='line_1_70' title="bbox 1414 1332 2516 1389; baseline 0.001 -16"><span class='ocrx_word' id='word_1_524' title='bbox 1414 1334 1468 1378; x_wconf 85' lang='grc' dir='ltr'>νές</span> <span class='ocrx_word' id='word_1_525' title='bbox 1491 1335 1559 1371; x_wconf 87' lang='grc' dir='ltr'>εἰσι</span> <span class='ocrx_word' id='word_1_526' title='bbox 1581 1332 1683 1383; x_wconf 87' lang='grc' dir='ltr'>μόνον</span> <span class='ocrx_word' id='word_1_527' title='bbox 1700 1333 1731 1371; x_wconf 77' lang='grc' dir='ltr'>οἳ</span> <span class='ocrx_word' id='word_1_528' title='bbox 1751 1333 1952 1378; x_wconf 86' lang='grc' dir='ltr'>κολάζοντες</span> <span class='ocrx_word' id='word_1_529' title='bbox 1970 1332 2033 1377; x_wconf 88' lang='grc' dir='ltr'>τὰς</span> <span class='ocrx_word' id='word_1_530' title='bbox 2046 1333 2161 1386; x_wconf 81' lang='grc' dir='ltr'>ψυχάς</span> <span class='ocrx_word' id='word_1_531' title='bbox 2172 1333 2288 1388; x_wconf 79' lang='lat' dir='ltr'>]‚Hos</span> <span class='ocrx_word' id='word_1_532' title='bbox 2309 1333 2455 1374; x_wconf 80' lang='lat' dir='ltr'>ultores</span> <span class='ocrx_word' id='word_1_533' title='bbox 2508 1375 2516 1389; x_wconf 25' lang='grc' dir='ltr'>γ,</span> 
     </span>
     <span class='ocr_line' id='line_1_71' title="bbox 1415 1391 2502 1434; baseline 0.002 -3"><span class='ocrx_word' id='word_1_534' title='bbox 1415 1394 1609 1431; x_wconf 83' lang='lat' dir='ltr'>daemones</span> <span class='ocrx_word' id='word_1_535' title='bbox 1630 1400 1820 1429; x_wconf 90' lang='lat' dir='ltr'>memorat</span> <span class='ocrx_word' id='word_1_536' title='bbox 1844 1391 2076 1431; x_wconf 88' lang='lat' dir='ltr'>Plutarchus</span> <span class='ocrx_word' id='word_1_537' title='bbox 2103 1391 2209 1431; x_wconf 91' lang='lat' dir='ltr'>libro</span> <span class='ocrx_word' id='word_1_538' title='bbox 2234 1393 2351 1432; x_wconf 85' lang='lat' dir='ltr'>citato</span> <span class='ocrx_word' id='word_1_539' title='bbox 2369 1395 2451 1434; x_wconf 87' lang='lat' dir='ltr'>vol.</span> <span class='ocrx_word' id='word_1_540' title='bbox 2500 1411 2502 1413; x_wconf 48' lang='lat'>&gt;</span> 
     </span>
    </p>
   </div>
   <div class='ocr_carea' id='block_1_18' title="bbox 1413 1443 2457 1850">
    <p class='ocr_par' dir='ltr' id='par_1_22' title="bbox 1413 1443 2454 1565">
     <span class='ocr_line' id='line_1_72' title="bbox 1413 1443 2454 1504; baseline 0.002 -15"><span class='ocrx_word' id='word_1_541' title='bbox 1413 1451 1447 1489; x_wconf 90' lang='lat' dir='ltr'><strong>X</strong></span> <span class='ocrx_word' id='word_1_542' title='bbox 1470 1465 1509 1502; x_wconf 90' lang='lat' dir='ltr'>p.</span> <span class='ocrx_word' id='word_1_543' title='bbox 1530 1455 1605 1498; x_wconf 75' lang='lat'>274</span> <span class='ocrx_word' id='word_1_544' title='bbox 1630 1450 1689 1488; x_wconf 91' lang='lat' dir='ltr'>ed.</span> <span class='ocrx_word' id='word_1_545' title='bbox 1713 1450 1869 1490; x_wconf 89' lang='lat' dir='ltr'>Hutten.</span> <span class='ocrx_word' id='word_1_546' title='bbox 1892 1443 1980 1488; x_wconf 66' lang='grc' dir='ltr'>εἶναι</span> <span class='ocrx_word' id='word_1_547' title='bbox 2000 1448 2038 1489; x_wconf 78' lang='grc' dir='ltr'>δὲ</span> <span class='ocrx_word' id='word_1_548' title='bbox 2055 1449 2182 1502; x_wconf 81' lang='grc' dir='ltr'>λίμνας</span> <span class='ocrx_word' id='word_1_549' title='bbox 2199 1448 2454 1504; x_wconf 80' lang='grc' dir='ltr'>παραλλῄλας,</span> 
     </span>
     <span class='ocr_line' id='line_1_73' title="bbox 1414 1508 2452 1565; baseline 0.004 -18"><span class='ocrx_word' id='word_1_550' title='bbox 1414 1509 1475 1556; x_wconf 83' lang='grc' dir='ltr'>τὴν</span> <span class='ocrx_word' id='word_1_551' title='bbox 1499 1509 1560 1559; x_wconf 82' lang='grc' dir='ltr'>μὲν</span> <span class='ocrx_word' id='word_1_552' title='bbox 1577 1524 1708 1560; x_wconf 87' lang='grc' dir='ltr'>χρυσου</span> <span class='ocrx_word' id='word_1_553' title='bbox 1724 1508 1960 1561; x_wconf 84' lang='grc' dir='ltr'>περιζέοντος,</span> <span class='ocrx_word' id='word_1_554' title='bbox 1984 1509 2047 1556; x_wconf 83' lang='grc' dir='ltr'>τὴν</span> <span class='ocrx_word' id='word_1_555' title='bbox 2072 1508 2108 1547; x_wconf 80' lang='grc' dir='ltr'>δὲ</span> <span class='ocrx_word' id='word_1_556' title='bbox 2129 1509 2304 1560; x_wconf 75' lang='grc' dir='ltr'>μολυὸδου</span> <span class='ocrx_word' id='word_1_557' title='bbox 2319 1513 2452 1565; x_wconf 80' lang='grc' dir='ltr'>ψυχρο-</span> 
     </span>
    </p>

    <p class='ocr_par' dir='ltr' id='par_1_23' title="bbox 1413 1565 2456 1623">
     <span class='ocr_line' id='line_1_74' title="bbox 1413 1565 2456 1623; baseline 0.003 -18"><span class='ocrx_word' id='word_1_558' title='bbox 1413 1569 1543 1616; x_wconf 83' lang='grc' dir='ltr'>τάτην,</span> <span class='ocrx_word' id='word_1_559' title='bbox 1571 1566 1680 1614; x_wconf 84' lang='grc' dir='ltr'>ἄλλην</span> <span class='ocrx_word' id='word_1_560' title='bbox 1711 1565 1747 1604; x_wconf 86' lang='grc' dir='ltr'>δὲ</span> <span class='ocrx_word' id='word_1_561' title='bbox 1776 1567 1964 1619; x_wconf 85' lang='grc' dir='ltr'>τραχεῖαν,</span> <span class='ocrx_word' id='word_1_562' title='bbox 1986 1567 2148 1620; x_wconf 82' lang='grc' dir='ltr'>σιδήρου·</span> <span class='ocrx_word' id='word_1_563' title='bbox 2174 1567 2234 1608; x_wconf 86' lang='grc' dir='ltr'>καί</span> <span class='ocrx_word' id='word_1_564' title='bbox 2255 1584 2349 1614; x_wconf 85' lang='grc' dir='ltr'>τινας</span> <span class='ocrx_word' id='word_1_565' title='bbox 2372 1572 2456 1623; x_wconf 77' lang='grc' dir='ltr'>ἐφε-</span> 
     </span>
    </p>

    <p class='ocr_par' dir='ltr' id='par_1_24' title="bbox 1413 1622 2457 1850">
     <span class='ocr_line' id='line_1_75' title="bbox 1413 1622 2457 1679; baseline 0.003 -15"><span class='ocrx_word' id='word_1_566' title='bbox 1413 1626 1537 1664; x_wconf 85' lang='grc' dir='ltr'>στάναι</span> <span class='ocrx_word' id='word_1_567' title='bbox 1559 1624 1749 1675; x_wconf 87' lang='grc' dir='ltr'>δαίμονας,</span> <span class='ocrx_word' id='word_1_568' title='bbox 1769 1622 1887 1677; x_wconf 82' lang='grc' dir='ltr'>ὥσπερ</span> <span class='ocrx_word' id='word_1_569' title='bbox 1909 1627 1939 1663; x_wconf 86' lang='grc' dir='ltr'>οἱ</span> <span class='ocrx_word' id='word_1_570' title='bbox 1961 1627 2104 1678; x_wconf 82' lang='grc' dir='ltr'>χαλκεῖς</span> <span class='ocrx_word' id='word_1_571' title='bbox 2123 1625 2280 1679; x_wconf 84' lang='grc' dir='ltr'>ὀργάνοις</span> <span class='ocrx_word' id='word_1_572' title='bbox 2300 1628 2457 1679; x_wconf 79' lang='grc' dir='ltr'>ἀναλαμ-</span> 
     </span>
     <span class='ocr_line' id='line_1_76' title="bbox 1415 1682 2452 1738; baseline 0.002 -15"><span class='ocrx_word' id='word_1_573' title='bbox 1415 1684 1584 1728; x_wconf 73' lang='grc' dir='ltr'>ὅάνοντας</span> <span class='ocrx_word' id='word_1_574' title='bbox 1605 1683 1665 1721; x_wconf 81' lang='grc' dir='ltr'>καὶ</span> <span class='ocrx_word' id='word_1_575' title='bbox 1692 1682 1873 1727; x_wconf 85' lang='grc' dir='ltr'>καθιέντας</span> <span class='ocrx_word' id='word_1_576' title='bbox 1901 1684 1936 1721; x_wconf 79' lang='grc' dir='ltr'>ἐν</span> <span class='ocrx_word' id='word_1_577' title='bbox 1965 1683 2063 1736; x_wconf 81' lang='grc' dir='ltr'>μέρει</span> <span class='ocrx_word' id='word_1_578' title='bbox 2083 1683 2147 1728; x_wconf 81' lang='grc' dir='ltr'>τὰς</span> <span class='ocrx_word' id='word_1_579' title='bbox 2175 1684 2290 1738; x_wconf 82' lang='grc' dir='ltr'>ψυχὰς</span> <span class='ocrx_word' id='word_1_580' title='bbox 2317 1687 2386 1725; x_wconf 86' lang='grc' dir='ltr'>τῶν</span> <span class='ocrx_word' id='word_1_581' title='bbox 2409 1686 2452 1725; x_wconf 89' lang='grc' dir='ltr'>δι’</span> 
     </span>
     <span class='ocr_line' id='line_1_77' title="bbox 1414 1741 2455 1798; baseline 0.004 -16"><span class='ocrx_word' id='word_1_582' title='bbox 1414 1742 1610 1790; x_wconf 70' lang='grc' dir='ltr'>ἀπληστίαν</span> <span class='ocrx_word' id='word_1_583' title='bbox 1637 1741 1698 1780; x_wconf 83' lang='grc' dir='ltr'>καὶ</span> <span class='ocrx_word' id='word_1_584' title='bbox 1735 1741 1936 1787; x_wconf 84' lang='grc' dir='ltr'>πλεονεξίαν</span> <span class='ocrx_word' id='word_1_585' title='bbox 1965 1743 2187 1796; x_wconf 75' lang='grc' dir='ltr'>πονηρῶν,εῑ</span> <span class='ocrx_word' id='word_1_586' title='bbox 2211 1743 2455 1798; x_wconf 78' lang='lat' dir='ltr'>Chrysippus</span> 
     </span>
     <span class='ocr_line' id='line_1_78' title="bbox 1413 1800 2450 1850; baseline 0.003 -11"><span class='ocrx_word' id='word_1_587' title='bbox 1413 1801 1515 1850; x_wconf 86' lang='lat' dir='ltr'>apud</span> <span class='ocrx_word' id='word_1_588' title='bbox 1547 1800 1710 1838; x_wconf 90' lang='lat' dir='ltr'>eundem</span> <span class='ocrx_word' id='word_1_589' title='bbox 1733 1800 1984 1838; x_wconf 87' lang='lat' dir='ltr'>Plutarchum</span> <span class='ocrx_word' id='word_1_590' title='bbox 2009 1801 2058 1839; x_wconf 90' lang='lat' dir='ltr'>de</span> <span class='ocrx_word' id='word_1_591' title='bbox 2078 1814 2180 1839; x_wconf 90' lang='lat' dir='ltr'>orac.</span> <span class='ocrx_word' id='word_1_592' title='bbox 2200 1801 2450 1846; x_wconf 50' lang='lat' dir='ltr'>defectsvol.</span> 
     </span>
    </p>
   </div>
   <div class='ocr_carea' id='block_1_19' title="bbox 1412 1852 2516 1914">
    <p class='ocr_par' dir='ltr' id='par_1_25' title="bbox 1412 1852 2516 1914">
     <span class='ocr_line' id='line_1_79' title="bbox 1412 1852 2516 1914; baseline 0.005 -18"><span class='ocrx_word' id='word_1_593' title='bbox 1412 1859 1466 1896; x_wconf 84' lang='lat' dir='ltr'>lx</span> <span class='ocrx_word' id='word_1_594' title='bbox 1481 1858 1544 1898; x_wconf 87' lang='lat' dir='ltr'>ed.</span> <span class='ocrx_word' id='word_1_595' title='bbox 1565 1858 1722 1896; x_wconf 87' lang='lat' dir='ltr'>Hutten.</span> <span class='ocrx_word' id='word_1_596' title='bbox 1739 1856 1886 1909; x_wconf 80' lang='grc' dir='ltr'>τιμωροὶ</span> <span class='ocrx_word' id='word_1_597' title='bbox 1909 1857 2089 1909; x_wconf 88' lang='grc' dir='ltr'>δαίμονες,</span> <span class='ocrx_word' id='word_1_598' title='bbox 2111 1852 2161 1903; x_wconf 71' lang='grc' dir='ltr'>οἷς</span> <span class='ocrx_word' id='word_1_599' title='bbox 2177 1858 2208 1896; x_wconf 72' lang='grc' dir='ltr'>οἱ</span> <span class='ocrx_word' id='word_1_600' title='bbox 2227 1859 2297 1899; x_wconf 73' lang='grc' dir='ltr'>θεοὶ</span> <span class='ocrx_word' id='word_1_601' title='bbox 2318 1861 2454 1914; x_wconf 85' lang='grc' dir='ltr'>δημίοις</span> <span class='ocrx_word' id='word_1_602' title='bbox 2514 1872 2516 1874; x_wconf 80' lang='grc'>’</span> 
     </span>
    </p>
   </div>
   <div class='ocr_carea' id='block_1_20' title="bbox 1411 1914 2458 2499">
    <p class='ocr_par' dir='ltr' id='par_1_26' title="bbox 1411 1914 2458 2497">
     <span class='ocr_line' id='line_1_80' title="bbox 1411 1914 2458 1969; baseline 0.005 -15"><span class='ocrx_word' id='word_1_603' title='bbox 1411 1919 1567 1969; x_wconf 82' lang='grc' dir='ltr'>χρῶνται</span> <span class='ocrx_word' id='word_1_604' title='bbox 1599 1917 1818 1959; x_wconf 88' lang='grc' dir='ltr'>κολαστικοῖς</span> <span class='ocrx_word' id='word_1_605' title='bbox 1846 1914 1904 1954; x_wconf 76' lang='grc' dir='ltr'>ἐπὶ</span> <span class='ocrx_word' id='word_1_606' title='bbox 1933 1915 2011 1960; x_wconf 80' lang='grc' dir='ltr'>τοὺς</span> <span class='ocrx_word' id='word_1_607' title='bbox 2041 1917 2198 1962; x_wconf 82' lang='grc' dir='ltr'>ἀνοσίους</span> <span class='ocrx_word' id='word_1_608' title='bbox 2227 1917 2287 1956; x_wconf 75' lang='grc' dir='ltr'>καὶ</span> <span class='ocrx_word' id='word_1_609' title='bbox 2316 1918 2458 1964; x_wconf 70' lang='grc' dir='ltr'>ἀδίκους</span> 
     </span>
     <span class='ocr_line' id='line_1_81' title="bbox 1412 1973 2452 2030; baseline 0.003 -16"><span class='ocrx_word' id='word_1_610' title='bbox 1412 1975 1625 2027; x_wconf 85' lang='grc' dir='ltr'>ἀνθρώπους.</span> <span class='ocrx_word' id='word_1_611' title='bbox 1643 1997 1695 2004; x_wconf 91' lang='grc'>--</span> <span class='ocrx_word' id='word_1_612' title='bbox 1711 1979 1726 1998; x_wconf 78' lang='lat'><strong>⁰</strong></span> <span class='ocrx_word' id='word_1_613' title='bbox 1740 1975 1774 2011; x_wconf 82' lang='grc' dir='ltr'>ἐν</span> <span class='ocrx_word' id='word_1_614' title='bbox 1797 1973 1929 2026; x_wconf 86' lang='grc' dir='ltr'>ὀλίγω]</span> <span class='ocrx_word' id='word_1_615' title='bbox 1945 1984 1986 2013; x_wconf 90' lang='lat' dir='ltr'>ut</span> <span class='ocrx_word' id='word_1_616' title='bbox 1999 1977 2100 2027; x_wconf 87' lang='lat' dir='ltr'>apud</span> <span class='ocrx_word' id='word_1_617' title='bbox 2119 1976 2318 2016; x_wconf 85' lang='lat' dir='ltr'>Platonem</span> <span class='ocrx_word' id='word_1_618' title='bbox 2335 1979 2452 2030; x_wconf 82' lang='lat' dir='ltr'>Apol.</span> 
     </span>
     <span class='ocr_line' id='line_1_82' title="bbox 1411 2031 2453 2088; baseline 0.005 -16.005"><span class='ocrx_word' id='word_1_619' title='bbox 1411 2035 1520 2073; x_wconf 81' lang='lat' dir='ltr'>Socr.</span> <span class='ocrx_word' id='word_1_620' title='bbox 1539 2048 1580 2085; x_wconf 91' lang='lat' dir='ltr'>p.</span> <span class='ocrx_word' id='word_1_621' title='bbox 1608 2047 1673 2073; x_wconf 92' lang='grc'>22.</span> <span class='ocrx_word' id='word_1_622' title='bbox 1695 2034 1739 2071; x_wconf 94' lang='grc' dir='ltr'>Β.</span> <span class='ocrx_word' id='word_1_623' title='bbox 1761 2055 1814 2062; x_wconf 89' lang='grc'>-</span> <span class='ocrx_word' id='word_1_624' title='bbox 1834 2031 1851 2055; x_wconf 76' lang='lat'>‘¹</span> <span class='ocrx_word' id='word_1_625' title='bbox 1871 2032 1913 2071; x_wconf 88' lang='grc' dir='ltr'>δι’</span> <span class='ocrx_word' id='word_1_626' title='bbox 1933 2033 1975 2080; x_wconf 77' lang='grc' dir='ltr'>ἣν</span> <span class='ocrx_word' id='word_1_627' title='bbox 2002 2033 2061 2072; x_wconf 79' lang='grc' dir='ltr'>καὶ</span> <span class='ocrx_word' id='word_1_628' title='bbox 2090 2034 2130 2072; x_wconf 85' lang='grc' dir='ltr'>τὸ</span> <span class='ocrx_word' id='word_1_629' title='bbox 2158 2037 2322 2080; x_wconf 85' lang='grc' dir='ltr'>σκιοειδὲς</span> <span class='ocrx_word' id='word_1_630' title='bbox 2349 2041 2453 2088; x_wconf 88' lang='grc' dir='ltr'>σῶμα</span> 
     </span>
     <span class='ocr_line' id='line_1_83' title="bbox 1412 2090 2454 2144; baseline 0.006 -15"><span class='ocrx_word' id='word_1_631' title='bbox 1412 2091 1620 2143; x_wconf 81' lang='grc' dir='ltr'>ὑφίσταται,</span> <span class='ocrx_word' id='word_1_632' title='bbox 1642 2090 1660 2129; x_wconf 83' lang='grc' dir='ltr'>ὃ</span> <span class='ocrx_word' id='word_1_633' title='bbox 1680 2091 1760 2142; x_wconf 87' lang='grc' dir='ltr'>περι</span> <span class='ocrx_word' id='word_1_634' title='bbox 1779 2090 1857 2134; x_wconf 86' lang='grc' dir='ltr'>τους</span> <span class='ocrx_word' id='word_1_635' title='bbox 1876 2090 2005 2143; x_wconf 87' lang='grc' dir='ltr'>τάφους</span> <span class='ocrx_word' id='word_1_636' title='bbox 2022 2093 2101 2131; x_wconf 86' lang='grc' dir='ltr'>κτλ.</span> <span class='ocrx_word' id='word_1_637' title='bbox 2118 2093 2134 2144; x_wconf 89' lang='grc'>]</span> <span class='ocrx_word' id='word_1_638' title='bbox 2151 2092 2290 2132; x_wconf 81' lang='lat' dir='ltr'>Plato</span> <span class='ocrx_word' id='word_1_639' title='bbox 2278 2108 2323 2133; x_wconf 84' lang='lat'>111</span> <span class='ocrx_word' id='word_1_640' title='bbox 2342 2095 2454 2134; x_wconf 83' lang='lat' dir='ltr'>Phae-</span> 
     </span>
     <span class='ocr_line' id='line_1_84' title="bbox 1411 2148 2453 2204; baseline 0.006 -17"><span class='ocrx_word' id='word_1_641' title='bbox 1411 2150 1511 2188; x_wconf 92' lang='lat' dir='ltr'>done</span> <span class='ocrx_word' id='word_1_642' title='bbox 1530 2164 1570 2201; x_wconf 90' lang='lat' dir='ltr'>p.</span> <span class='ocrx_word' id='word_1_643' title='bbox 1596 2150 1661 2187; x_wconf 90' lang='lat'>81.</span> <span class='ocrx_word' id='word_1_644' title='bbox 1693 2150 1737 2188; x_wconf 91' lang='lat' dir='ltr'>B.</span> <span class='ocrx_word' id='word_1_645' title='bbox 1766 2149 1807 2187; x_wconf 89' lang='lat' dir='ltr'>C.</span> <span class='ocrx_word' id='word_1_646' title='bbox 1837 2148 2045 2201; x_wconf 73' lang='grc' dir='ltr'>ἔμὸριθὲς</span> <span class='ocrx_word' id='word_1_647' title='bbox 2027 2149 2064 2189; x_wconf 80' lang='grc' dir='ltr'>σε’</span> <span class='ocrx_word' id='word_1_648' title='bbox 2084 2165 2148 2200; x_wconf 90' lang='grc' dir='ltr'>γε,</span> <span class='ocrx_word' id='word_1_649' title='bbox 2171 2167 2201 2190; x_wconf 90' lang='grc' dir='ltr'>ω</span> <span class='ocrx_word' id='word_1_650' title='bbox 2228 2152 2328 2204; x_wconf 84' lang='grc' dir='ltr'>φίλε,</span> <span class='ocrx_word' id='word_1_651' title='bbox 2354 2157 2453 2193; x_wconf 78' lang='grc' dir='ltr'>τοῦτο</span> 
     </span>
     <span class='ocr_line' id='line_1_85' title="bbox 1411 2201 2453 2264; baseline 0.002 -17"><span class='ocrx_word' id='word_1_652' title='bbox 1411 2208 1544 2247; x_wconf 86' lang='grc' dir='ltr'>οἴεσθαι</span> <span class='ocrx_word' id='word_1_653' title='bbox 1562 2207 1632 2261; x_wconf 86' lang='grc' dir='ltr'>χρὴ</span> <span class='ocrx_word' id='word_1_654' title='bbox 1655 2201 1746 2246; x_wconf 80' lang='grc' dir='ltr'>εἶναι</span> <span class='ocrx_word' id='word_1_655' title='bbox 1765 2223 1827 2247; x_wconf 90' lang='grc' dir='ltr'>και</span> <span class='ocrx_word' id='word_1_656' title='bbox 1849 2206 1939 2259; x_wconf 85' lang='grc' dir='ltr'>βαρυ</span> <span class='ocrx_word' id='word_1_657' title='bbox 1958 2207 2018 2246; x_wconf 87' lang='grc' dir='ltr'>καὶ</span> <span class='ocrx_word' id='word_1_658' title='bbox 2041 2208 2167 2259; x_wconf 81' lang='grc' dir='ltr'>γεῶδες</span> <span class='ocrx_word' id='word_1_659' title='bbox 2185 2209 2246 2248; x_wconf 74' lang='grc' dir='ltr'>καὶ</span> <span class='ocrx_word' id='word_1_660' title='bbox 2265 2211 2407 2264; x_wconf 84' lang='grc' dir='ltr'>ὁρατόν·</span> <span class='ocrx_word' id='word_1_661' title='bbox 2434 2212 2453 2251; x_wconf 84' lang='grc' dir='ltr'>ὃ</span> 
     </span>
     <span class='ocr_line' id='line_1_86' title="bbox 1411 2265 2452 2336; baseline 0.004 -31"><span class='ocrx_word' id='word_1_662' title='bbox 1411 2266 1453 2314; x_wconf 83' lang='grc' dir='ltr'>δὴ</span> <span class='ocrx_word' id='word_1_663' title='bbox 1469 2265 1564 2306; x_wconf 54' lang='lat' dir='ltr'>ml*</span> <span class='ocrx_word' id='word_1_664' title='bbox 1544 2282 1675 2319; x_wconf 87' lang='grc' dir='ltr'>εχουσα</span> <span class='ocrx_word' id='word_1_665' title='bbox 1692 2270 1714 2314; x_wconf 81' lang='grc' dir='ltr'>ἡ</span> <span class='ocrx_word' id='word_1_666' title='bbox 1734 2266 1881 2313; x_wconf 88' lang='grc' dir='ltr'>τοιαύτη</span> <span class='ocrx_word' id='word_1_667' title='bbox 1901 2265 1998 2336; x_wconf 83' lang='grc' dir='ltr'>ψυχὴ</span> <span class='ocrx_word' id='word_1_668' title='bbox 2021 2266 2206 2318; x_wconf 86' lang='grc' dir='ltr'>βαρύνεταί</span> <span class='ocrx_word' id='word_1_669' title='bbox 2224 2283 2262 2306; x_wconf 77' lang='grc' dir='ltr'>τε</span> <span class='ocrx_word' id='word_1_670' title='bbox 2278 2268 2339 2308; x_wconf 82' lang='grc' dir='ltr'>καὶ</span> <span class='ocrx_word' id='word_1_671' title='bbox 2355 2268 2452 2309; x_wconf 60' lang='grc' dir='ltr'>ἕλκε-</span> 
     </span>
     <span class='ocr_line' id='line_1_87' title="bbox 1411 2323 2451 2377; baseline 0.002 -13"><span class='ocrx_word' id='word_1_672' title='bbox 1411 2341 1469 2364; x_wconf 87' lang='grc' dir='ltr'>ται</span> <span class='ocrx_word' id='word_1_673' title='bbox 1490 2325 1595 2364; x_wconf 87' lang='grc' dir='ltr'>πάλιν</span> <span class='ocrx_word' id='word_1_674' title='bbox 1617 2326 1663 2368; x_wconf 83' lang='grc' dir='ltr'>εἷς</span> <span class='ocrx_word' id='word_1_675' title='bbox 1683 2324 1740 2362; x_wconf 86' lang='grc' dir='ltr'>τὸν</span> <span class='ocrx_word' id='word_1_676' title='bbox 1759 2324 1883 2376; x_wconf 84' lang='grc' dir='ltr'>ὁρατὸν</span> <span class='ocrx_word' id='word_1_677' title='bbox 1903 2323 2010 2362; x_wconf 87' lang='grc' dir='ltr'>τόπον</span> <span class='ocrx_word' id='word_1_678' title='bbox 2023 2351 2035 2371; x_wconf 88' lang='grc'>,</span> <span class='ocrx_word' id='word_1_679' title='bbox 2057 2323 2155 2377; x_wconf 78' lang='grc' dir='ltr'>φόὸῳ</span> <span class='ocrx_word' id='word_1_680' title='bbox 2175 2340 2235 2363; x_wconf 85' lang='grc' dir='ltr'>του</span> <span class='ocrx_word' id='word_1_681' title='bbox 2255 2327 2389 2372; x_wconf 81' lang='grc' dir='ltr'>ἀειδοῦς</span> <span class='ocrx_word' id='word_1_682' title='bbox 2413 2343 2451 2366; x_wconf 86' lang='grc' dir='ltr'>τε</span> 
     </span>
     <span class='ocr_line' id='line_1_88' title="bbox 1412 2380 2452 2434; baseline 0 -11"><span class='ocrx_word' id='word_1_683' title='bbox 1412 2383 1472 2423; x_wconf 76' lang='grc' dir='ltr'>καὶ</span> <span class='ocrx_word' id='word_1_684' title='bbox 1494 2382 1634 2431; x_wconf 76' lang='grc' dir='ltr'>Ἅιδου,</span> <span class='ocrx_word' id='word_1_685' title='bbox 1658 2381 1777 2434; x_wconf 83' lang='grc' dir='ltr'>ὥσπερ</span> <span class='ocrx_word' id='word_1_686' title='bbox 1798 2381 1960 2433; x_wconf 85' lang='grc' dir='ltr'>λέγεται,</span> <span class='ocrx_word' id='word_1_687' title='bbox 1982 2381 2062 2433; x_wconf 89' lang='grc' dir='ltr'>περὶ</span> <span class='ocrx_word' id='word_1_688' title='bbox 2082 2380 2127 2419; x_wconf 85' lang='grc' dir='ltr'>τὰ</span> <span class='ocrx_word' id='word_1_689' title='bbox 2145 2381 2314 2434; x_wconf 83' lang='grc' dir='ltr'>μνήματά</span> <span class='ocrx_word' id='word_1_690' title='bbox 2335 2399 2372 2422; x_wconf 82' lang='grc' dir='ltr'>τε</span> <span class='ocrx_word' id='word_1_691' title='bbox 2392 2385 2452 2423; x_wconf 79' lang='grc' dir='ltr'>καὶ</span> 
     </span>
     <span class='ocr_line' id='line_1_89' title="bbox 1413 2438 2451 2499; baseline 0.002 -19"><span class='ocrx_word' id='word_1_692' title='bbox 1413 2443 1538 2496; x_wconf 88' lang='grc' dir='ltr'>τάφους</span> <span class='ocrx_word' id='word_1_693' title='bbox 1556 2439 1806 2490; x_wconf 84' lang='grc' dir='ltr'>κυλινδουμένη</span> <span class='ocrx_word' id='word_1_694' title='bbox 1818 2469 1828 2488; x_wconf 93' lang='grc'>,</span> <span class='ocrx_word' id='word_1_695' title='bbox 1845 2439 1925 2499; x_wconf 78' lang='grc' dir='ltr'>περὶ</span> <span class='ocrx_word' id='word_1_696' title='bbox 1941 2439 1964 2478; x_wconf 83' lang='grc' dir='ltr'>ἃ</span> <span class='ocrx_word' id='word_1_697' title='bbox 1977 2438 2020 2486; x_wconf 85' lang='grc' dir='ltr'>δὴ</span> <span class='ocrx_word' id='word_1_698' title='bbox 2037 2440 2097 2479; x_wconf 83' lang='grc' dir='ltr'>και</span> <span class='ocrx_word' id='word_1_699' title='bbox 2111 2439 2208 2493; x_wconf 82' lang='grc' dir='ltr'>ὤφθη</span> <span class='ocrx_word' id='word_1_700' title='bbox 2225 2439 2312 2480; x_wconf 84' lang='grc' dir='ltr'>ἄττα</span> <span class='ocrx_word' id='word_1_701' title='bbox 2329 2442 2451 2497; x_wconf 85' lang='grc' dir='ltr'>ψυχῶν</span> 
     </span>
    </p>
   </div>
   <div class='ocr_carea' id='block_1_21' title="bbox 1415 2497 2519 2560">
    <p class='ocr_par' dir='ltr' id='par_1_27' title="bbox 1415 2497 2519 2560">
     <span class='ocr_line' id='line_1_90' title="bbox 1415 2497 2519 2560; baseline 0.003 -22"><span class='ocrx_word' id='word_1_702' title='bbox 1415 2500 1566 2546; x_wconf 82' lang='grc' dir='ltr'>σκιοειδῆ</span> <span class='ocrx_word' id='word_1_703' title='bbox 1600 2500 1858 2551; x_wconf 87' lang='grc' dir='ltr'>φαντάσματα,</span> <span class='ocrx_word' id='word_1_704' title='bbox 1889 2500 1947 2535; x_wconf 81' lang='grc' dir='ltr'>οἷα</span> <span class='ocrx_word' id='word_1_705' title='bbox 1979 2497 2194 2550; x_wconf 84' lang='grc' dir='ltr'>παρέχονται</span> <span class='ocrx_word' id='word_1_706' title='bbox 2225 2500 2261 2538; x_wconf 82' lang='grc' dir='ltr'>αἱ</span> <span class='ocrx_word' id='word_1_707' title='bbox 2294 2515 2452 2540; x_wconf 83' lang='grc' dir='ltr'>τοιαυται</span> <span class='ocrx_word' id='word_1_708' title='bbox 2514 2527 2519 2560; x_wconf 58' lang='lat'>3</span> 
     </span>
    </p>
   </div>
   <div class='ocr_carea' id='block_1_22' title="bbox 1414 2561 2450 2732">
    <p class='ocr_par' dir='ltr' id='par_1_28' title="bbox 1414 2561 2450 2732">
     <span class='ocr_line' id='line_1_91' title="bbox 1415 2561 2447 2617; baseline 0.004 -16"><span class='ocrx_word' id='word_1_709' title='bbox 1415 2564 1526 2617; x_wconf 78' lang='grc' dir='ltr'>ψυχαι</span> <span class='ocrx_word' id='word_1_710' title='bbox 1545 2563 1694 2612; x_wconf 86' lang='grc' dir='ltr'>εἴδωλα,</span> <span class='ocrx_word' id='word_1_711' title='bbox 1710 2563 1746 2600; x_wconf 81' lang='grc' dir='ltr'>αἱ</span> <span class='ocrx_word' id='word_1_712' title='bbox 1765 2561 1814 2613; x_wconf 82' lang='grc' dir='ltr'>μὴ</span> <span class='ocrx_word' id='word_1_713' title='bbox 1832 2563 1992 2615; x_wconf 80' lang='grc' dir='ltr'>καθαρῶς</span> <span class='ocrx_word' id='word_1_714' title='bbox 2016 2563 2265 2613; x_wconf 81' lang='grc' dir='ltr'>ἀπολυθεῖσαι,</span> <span class='ocrx_word' id='word_1_715' title='bbox 2281 2563 2372 2604; x_wconf 76' lang='grc' dir='ltr'>ἀλλὰ</span> <span class='ocrx_word' id='word_1_716' title='bbox 2387 2569 2447 2605; x_wconf 75' lang='grc' dir='ltr'>τοῦ</span> 
     </span>
     <span class='ocr_line' id='line_1_92' title="bbox 1416 2619 2450 2676; baseline 0.001 -15"><span class='ocrx_word' id='word_1_717' title='bbox 1416 2625 1539 2676; x_wconf 80' lang='grc' dir='ltr'>ὁρατοῦ</span> <span class='ocrx_word' id='word_1_718' title='bbox 1574 2621 1807 2674; x_wconf 85' lang='grc' dir='ltr'>μετέχουσαι,</span> <span class='ocrx_word' id='word_1_719' title='bbox 1825 2619 1876 2659; x_wconf 81' lang='grc' dir='ltr'>διὸ</span> <span class='ocrx_word' id='word_1_720' title='bbox 1905 2620 1965 2658; x_wconf 83' lang='grc' dir='ltr'>καὶ</span> <span class='ocrx_word' id='word_1_721' title='bbox 1987 2623 2149 2673; x_wconf 85' lang='grc' dir='ltr'>ὁρῶνται.</span> <span class='ocrx_word' id='word_1_722' title='bbox 2172 2622 2294 2669; x_wconf 87' lang='lat' dir='ltr'>Quem</span> <span class='ocrx_word' id='word_1_723' title='bbox 2322 2624 2450 2663; x_wconf 87' lang='lat' dir='ltr'>locum</span> 
     </span>
     <span class='ocr_line' id='line_1_93' title="bbox 1414 2679 2448 2732; baseline 0.001 -12"><span class='ocrx_word' id='word_1_724' title='bbox 1414 2681 1733 2732; x_wconf 83' lang='lat' dir='ltr'>wyttenbachius</span> <span class='ocrx_word' id='word_1_725' title='bbox 1757 2689 1795 2718; x_wconf 91' lang='lat' dir='ltr'>et</span> <span class='ocrx_word' id='word_1_726' title='bbox 1818 2679 2067 2719; x_wconf 83' lang='lat' dir='ltr'>Heindorfius</span> <span class='ocrx_word' id='word_1_727' title='bbox 2094 2681 2351 2727; x_wconf 80' lang='lat' dir='ltr'>illustrarunt.</span> <span class='ocrx_word' id='word_1_728' title='bbox 2373 2683 2448 2732; x_wconf 92' lang='lat'>—)</span> 
     </span>
    </p>
   </div>
   <div class='ocr_carea' id='block_1_23' title="bbox 1410 2894 2451 3407">
    <p class='ocr_par' dir='ltr' id='par_1_29' title="bbox 1410 2894 2451 3407">
     <span class='ocr_line' id='line_1_94' title="bbox 1410 2894 2451 2937; baseline 0.004 -10"><span class='ocrx_word' id='word_1_729' title='bbox 1410 2895 1497 2928; x_wconf 87' lang='lat' dir='ltr'>tinus</span> <span class='ocrx_word' id='word_1_730' title='bbox 1532 2904 1660 2937; x_wconf 87' lang='lat' dir='ltr'>poenam</span> <span class='ocrx_word' id='word_1_731' title='bbox 1687 2894 1847 2935; x_wconf 81' lang='lat' dir='ltr'>subirent,</span> <span class='ocrx_word' id='word_1_732' title='bbox 1871 2896 2002 2937; x_wconf 85' lang='lat' dir='ltr'>propter</span> <span class='ocrx_word' id='word_1_733' title='bbox 2029 2896 2155 2928; x_wconf 85' lang='lat' dir='ltr'>metum</span> <span class='ocrx_word' id='word_1_734' title='bbox 2179 2899 2268 2930; x_wconf 82' lang='lat' dir='ltr'>recte</span> <span class='ocrx_word' id='word_1_735' title='bbox 2297 2897 2451 2932; x_wconf 78' lang='lat' dir='ltr'>facientes</span> 
     </span>
     <span class='ocr_line' id='line_1_95' title="bbox 1411 2952 2448 2997; baseline 0.001 -10"><span class='ocrx_word' id='word_1_736' title='bbox 1411 2953 1559 2987; x_wconf 87' lang='lat' dir='ltr'>homines</span> <span class='ocrx_word' id='word_1_737' title='bbox 1573 2953 1725 2986; x_wconf 86' lang='lat' dir='ltr'>virtutem</span> <span class='ocrx_word' id='word_1_738' title='bbox 1738 2961 1802 2986; x_wconf 90' lang='lat' dir='ltr'>non</span> <span class='ocrx_word' id='word_1_739' title='bbox 1816 2952 1983 2986; x_wconf 84' lang='lat' dir='ltr'>haberent.</span> <span class='ocrx_word' id='word_1_740' title='bbox 2002 2952 2187 2987; x_wconf 80' lang='lat' dir='ltr'>puniuntur</span> <span class='ocrx_word' id='word_1_741' title='bbox 2197 2955 2308 2988; x_wconf 77' lang='lat' dir='ltr'>autem</span> <span class='ocrx_word' id='word_1_742' title='bbox 2318 2955 2448 2997; x_wconf 83' lang='lat' dir='ltr'>animae,</span> 
     </span>
     <span class='ocr_line' id='line_1_96' title="bbox 1413 3011 2448 3055; baseline 0.002 -9"><span class='ocrx_word' id='word_1_743' title='bbox 1413 3015 1582 3055; x_wconf 85' lang='lat' dir='ltr'>postquam</span> <span class='ocrx_word' id='word_1_744' title='bbox 1598 3021 1640 3045; x_wconf 83' lang='lat' dir='ltr'>ex</span> <span class='ocrx_word' id='word_1_745' title='bbox 1655 3021 1825 3054; x_wconf 88' lang='lat' dir='ltr'>corporum</span> <span class='ocrx_word' id='word_1_746' title='bbox 1840 3011 1980 3044; x_wconf 86' lang='lat' dir='ltr'>vinculis</span> <span class='ocrx_word' id='word_1_747' title='bbox 1994 3011 2164 3046; x_wconf 81' lang='lat' dir='ltr'>evolarunt</span> <span class='ocrx_word' id='word_1_748' title='bbox 2179 3026 2187 3045; x_wconf 92' lang='lat'><strong>:</strong></span> <span class='ocrx_word' id='word_1_749' title='bbox 2201 3012 2363 3055; x_wconf 80' lang='lat' dir='ltr'>siquidem</span> <span class='ocrx_word' id='word_1_750' title='bbox 2376 3014 2448 3048; x_wconf 70' lang='lat' dir='ltr'>alim</span> 
     </span>
     <span class='ocr_line' id='line_1_97' title="bbox 1411 3069 2448 3113; baseline 0.004 -11"><span class='ocrx_word' id='word_1_751' title='bbox 1411 3071 1465 3104; x_wconf 89' lang='lat' dir='ltr'>hic</span> <span class='ocrx_word' id='word_1_752' title='bbox 1483 3073 1652 3113; x_wconf 83' lang='lat' dir='ltr'>vagantur,</span> <span class='ocrx_word' id='word_1_753' title='bbox 1671 3070 1742 3103; x_wconf 84' lang='lat' dir='ltr'>aliae</span> <span class='ocrx_word' id='word_1_754' title='bbox 1761 3070 1795 3102; x_wconf 92' lang='lat' dir='ltr'>in</span> <span class='ocrx_word' id='word_1_755' title='bbox 1817 3069 1898 3103; x_wconf 90' lang='lat' dir='ltr'>locis</span> <span class='ocrx_word' id='word_1_756' title='bbox 1916 3070 2112 3111; x_wconf 81' lang='lat' dir='ltr'>quibusdam</span> <span class='ocrx_word' id='word_1_757' title='bbox 2135 3073 2232 3104; x_wconf 74' lang='lat' dir='ltr'>terrae</span> <span class='ocrx_word' id='word_1_758' title='bbox 2257 3071 2371 3106; x_wconf 83' lang='lat' dir='ltr'>calidis</span> <span class='ocrx_word' id='word_1_759' title='bbox 2391 3075 2448 3106; x_wconf 83' lang='lat' dir='ltr'>aut</span> 
     </span>
     <span class='ocr_line' id='line_1_98' title="bbox 1415 3127 2446 3172; baseline -0.001 -11"><span class='ocrx_word' id='word_1_760' title='bbox 1415 3130 1550 3172; x_wconf 82' lang='lat' dir='ltr'>frigidis,</span> <span class='ocrx_word' id='word_1_761' title='bbox 1565 3129 1637 3162; x_wconf 81' lang='lat' dir='ltr'>aliae</span> <span class='ocrx_word' id='word_1_762' title='bbox 1652 3128 1792 3171; x_wconf 87' lang='lat' dir='ltr'>denique</span> <span class='ocrx_word' id='word_1_763' title='bbox 1805 3137 1824 3161; x_wconf 85' lang='lat' dir='ltr'>a</span> <span class='ocrx_word' id='word_1_764' title='bbox 1839 3127 2041 3162; x_wconf 80' lang='lat' dir='ltr'>daemonihus</span> <span class='ocrx_word' id='word_1_765' title='bbox 2055 3131 2286 3171; x_wconf 83' lang='lat' dir='ltr'>perterrentur.</span> <span class='ocrx_word' id='word_1_766' title='bbox 2332 3131 2446 3164; x_wconf 64' lang='lat' dir='ltr'>Omni-</span> 
     </span>
     <span class='ocr_line' id='line_1_99' title="bbox 1413 3187 2446 3230; baseline 0.001 -9"><span class='ocrx_word' id='word_1_767' title='bbox 1413 3198 1454 3221; x_wconf 94' lang='lat' dir='ltr'>no</span> <span class='ocrx_word' id='word_1_768' title='bbox 1482 3192 1560 3221; x_wconf 80' lang='lat' dir='ltr'>vero</span> <span class='ocrx_word' id='word_1_769' title='bbox 1589 3197 1664 3221; x_wconf 91' lang='lat' dir='ltr'>cum</span> <span class='ocrx_word' id='word_1_770' title='bbox 1681 3187 1860 3220; x_wconf 83' lang='lat' dir='ltr'>irrationali</span> <span class='ocrx_word' id='word_1_771' title='bbox 1887 3190 2014 3220; x_wconf 83' lang='lat' dir='ltr'>naturae</span> <span class='ocrx_word' id='word_1_772' title='bbox 2040 3196 2109 3221; x_wconf 81' lang='lat' dir='ltr'>suae</span> <span class='ocrx_word' id='word_1_773' title='bbox 2135 3190 2227 3230; x_wconf 88' lang='lat' dir='ltr'>parte</span> <span class='ocrx_word' id='word_1_774' title='bbox 2247 3188 2446 3230; x_wconf 85' lang='lat' dir='ltr'>plectuntur,</span> 
     </span>
     <span class='ocr_line' id='line_1_100' title="bbox 1413 3246 2445 3289; baseline 0 -9"><span class='ocrx_word' id='word_1_775' title='bbox 1413 3257 1487 3280; x_wconf 89' lang='lat' dir='ltr'>cum</span> <span class='ocrx_word' id='word_1_776' title='bbox 1508 3257 1574 3289; x_wconf 87' lang='lat' dir='ltr'>qua</span> <span class='ocrx_word' id='word_1_777' title='bbox 1590 3248 1624 3280; x_wconf 87' lang='lat' dir='ltr'>ct</span> <span class='ocrx_word' id='word_1_778' title='bbox 1644 3246 1867 3288; x_wconf 76' lang='lat' dir='ltr'>deliquerunt3</span> <span class='ocrx_word' id='word_1_779' title='bbox 1887 3248 2018 3288; x_wconf 87' lang='lat' dir='ltr'>propter</span> <span class='ocrx_word' id='word_1_780' title='bbox 2033 3255 2132 3288; x_wconf 86' lang='lat' dir='ltr'>quam</span> <span class='ocrx_word' id='word_1_781' title='bbox 2147 3246 2247 3280; x_wconf 85' lang='lat' dir='ltr'>etiam</span> <span class='ocrx_word' id='word_1_782' title='bbox 2260 3247 2445 3280; x_wconf 76' lang='lat' dir='ltr'>tenebrico-</span> 
     </span>
     <span class='ocr_line' id='line_1_101' title="bbox 1411 3305 2445 3350; baseline 0.003 -13"><span class='ocrx_word' id='word_1_783' title='bbox 1411 3314 1486 3339; x_wconf 91' lang='lat' dir='ltr'>sum</span> <span class='ocrx_word' id='word_1_784' title='bbox 1500 3314 1619 3348; x_wconf 85' lang='lat' dir='ltr'>eorpus</span> <span class='ocrx_word' id='word_1_785' title='bbox 1639 3305 1805 3346; x_wconf 82' lang='lat' dir='ltr'>subsistit,</span> <span class='ocrx_word' id='word_1_786' title='bbox 1821 3305 1912 3346; x_wconf 82' lang='lat' dir='ltr'>quod</span> <span class='ocrx_word' id='word_1_787' title='bbox 1928 3305 2013 3338; x_wconf 84' lang='lat' dir='ltr'>circa</span> <span class='ocrx_word' id='word_1_788' title='bbox 2027 3305 2176 3347; x_wconf 80' lang='lat' dir='ltr'>sepulcra</span> <span class='ocrx_word' id='word_1_789' title='bbox 2191 3312 2304 3338; x_wconf 89' lang='lat' dir='ltr'>eorum</span> <span class='ocrx_word' id='word_1_790' title='bbox 2313 3305 2445 3350; x_wconf 79' lang='lat' dir='ltr'>potissi-</span> 
     </span>
     <span class='ocr_line' id='line_1_102' title="bbox 1411 3363 2157 3407; baseline 0.003 -11"><span class='ocrx_word' id='word_1_791' title='bbox 1411 3372 1501 3397; x_wconf 87' lang='lat' dir='ltr'>mum</span> <span class='ocrx_word' id='word_1_792' title='bbox 1523 3364 1578 3407; x_wconf 87' lang='lat' dir='ltr'>qui</span> <span class='ocrx_word' id='word_1_793' title='bbox 1598 3364 1752 3407; x_wconf 81' lang='lat' dir='ltr'>flagitiose</span> <span class='ocrx_word' id='word_1_794' title='bbox 1768 3363 1934 3404; x_wconf 85' lang='lat' dir='ltr'>vixerunt,</span> <span class='ocrx_word' id='word_1_795' title='bbox 1953 3363 2157 3406; x_wconf 88' lang='lat' dir='ltr'>conspicitur.</span> 
     </span>
    </p>
   </div>
   <div class='ocr_carea' id='block_1_24' title="bbox 2510 3489 2528 3623">
    <p class='ocr_par' dir='ltr' id='par_1_30' title="bbox 2510 3489 2528 3623">
     <span class='ocr_line' id='line_1_103' title="bbox 2510 3489 2528 3623; textangle 90"><span class='ocrx_word' id='word_1_796' title='bbox 2510 3489 2528 3623; x_wconf 31' lang='lat' dir='ltr'>aeuum-..fl</span> 
     </span>
    </p>
   </div>
  </div>
 </body>
</html>
