2528 3788
258 241 330 280 132

250 329 354 378 gium
373 329 536 366 Platonis
549 329 791 378 interpretem
810 328 890 381 (14)
910 338 947 367 et
964 339 1194 380 postremum
1208 331 1285 380 ejus

250 396 356 425 sectae
393 395 594 437 patronum
643 401 680 424 se
722 388 953 436 praebuisset.
984 391 1166 428 Caeterum
1207 405 1285 427 non

249 448 363 496 pauci
382 454 509 491 erant,
524 447 589 495 qui
609 454 694 495 post
713 448 938 485 Xenocratis
957 457 1118 486 mortem
1139 451 1283 487 scholas

249 507 295 542 ab
317 507 397 555 ipso
413 506 593 544 Crantore
611 506 744 543 haberi.
763 515 876 556 atque
894 509 934 544 in
952 508 1029 556 ejus
1049 509 1282 558 disciplinam

248 577 286 600 se
304 565 449 601 tradere
466 565 614 603 vellent.
631 567 830 615 Postquam
844 566 1020 604 videlicet
1036 569 1161 604 morbi
1176 581 1282 605 causa

247 623 452 671 aliquando
473 624 513 658 in
536 625 741 673 AEsculapii
760 626 941 675 templum
959 628 1160 673 concessit,
1178 629 1285 663 multi

250 683 314 730 qui
334 695 416 718 eum
435 695 514 718 non
528 683 665 719 morbo
685 691 880 731 vexatum,
899 684 963 720 sed
990 684 1037 720 ad
1050 684 1206 732 juvenes
1224 687 1286 722 lit-

248 742 335 777 teris
356 741 584 777 erudiendos
614 753 846 790 propensum
876 742 930 778 ibi
950 742 1091 778 morari
1120 742 1280 790 suspica-

246 800 398 844 bantur,
414 801 595 836 continuo
610 800 648 835 in
659 800 764 836 illum
779 801 903 836 locum
919 808 1174 838 convenerunt
1188 799 1283 851 (15).

247 862 295 895 At
316 860 475 896 Crantor
505 871 580 906 qua
600 865 678 895 erat
703 858 889 896 modestia
911 867 1054 896 tantum
1075 860 1215 904 abfuit,
1244 867 1284 895 ut

247 918 413 954 aemulari
433 929 518 953 cum
540 918 745 954 Polemone
767 918 902 964 vellet,
921 926 962 954 ut
982 919 1107 954 statim
1127 919 1284 954 sanitate

246 983 464 1025 recuperata
498 976 545 1012 ad
568 977 807 1014 Polemonem
841 977 982 1013 rediret
1008 977 1116 1025 eique
1148 978 1284 1012 multos

246 1048 363 1071 annos
384 1047 536 1084 operam
552 1034 657 1070 daret
673 1033 769 1086 (16).
788 1034 974 1082 Quocirca
990 1042 1144 1085 rogatus
1163 1048 1285 1084 quon·

250 1094 360 1139 dam,
382 1106 457 1143 qua
487 1094 702 1130 Polemonis
732 1095 871 1130 virtute
903 1101 1114 1142 caperetur,
1131 1107 1284 1143 respon-

249 1153 344 1189 disse
364 1153 482 1189 fertur
498 1151 591 1201 (17),
613 1156 704 1200 quia
724 1154 829 1188 illum
850 1165 1036 1201 nunquam
1055 1166 1171 1202 neque
1194 1167 1284 1189 acu-

249 1218 320 1249 tius
342 1226 458 1261 neque
475 1216 622 1261 gravius
641 1214 845 1261 loquentem
865 1215 1073 1250 audivisset.
1095 1213 1285 1260 Quemad-

247 1272 402 1308 modum
419 1285 510 1308 vero
525 1272 684 1310 Crantor
700 1273 941 1308 Polemonem
957 1279 998 1307 ut
1012 1279 1283 1321 praeceptorem

243 1347 354 1372 suum
385 1331 524 1370 dilexit
550 1344 559 1368 ι
579 1329 635 1375 sic
655 1341 742 1367 eum
765 1327 988 1366 Arcesilaus
1011 1329 1213 1365 admiratus
1249 1337 1285 1366 et

245 1398 373 1423 amore
391 1392 610 1434 prosecutus
625 1393 678 1422 est
698 1399 705 1421 :
724 1398 834 1434 quam
852 1387 1050 1423 amicitiam
1070 1394 1189 1423 ortam
1207 1399 1284 1424 esse

246 1450 392 1481 constat
411 1457 487 1493 quo
504 1443 566 1480 die
585 1444 750 1492 primum
766 1446 928 1481 Crantor
947 1446 1177 1482 Arcesilaum
1194 1459 1283 1482 con-

243 1504 377 1551 spexit.
396 1503 489 1539 Tum
505 1503 603 1539 enim
617 1503 739 1538 statim
758 1514 887 1539 amore
906 1502 1079 1540 incensus
1097 1505 1283 1542 versiculo

243 1560 448 1611 Euripiden
468 1574 553 1598 eum
574 1561 757 1597 allocutus
774 1573 850 1597 esse
868 1562 1089 1611 perhibetur
1115 1560 1196 1612 (18)
1219 1577 1225 1599 ε
1311 1535 1318 1848 Ι

350 1650 378 1697 ὦ
399 1657 553 1710 παρθέν’,
577 1659 605 1697 εἴ
625 1657 780 1710 σώσαιμί
796 1658 840 1709 α’,
863 1659 938 1712 εἴσῃ
961 1675 1018 1711 μοι
1037 1660 1165 1713 χοίρως

245 1760 304 1797 cui
327 1760 421 1796 nihil
450 1759 553 1796 aliud
572 1760 767 1810 respondit
788 1762 1021 1812 Arcesilaus,
1044 1775 1158 1811 quam
1179 1762 1282 1811 quod

245 1819 348 1868 apud
364 1819 582 1868 Euripidem
601 1820 771 1868 sequitur
793 1832 804 1859 ε

245 1943 248 1959 1
352 1917 436 1971 ἄγου
459 1933 502 1969 με
521 1911 549 1957 ὦ
568 1918 662 1971 ξένα,
684 1918 754 1958 εἴτε
781 1919 904 1971 δμωΐδ’
928 1913 1073 1972 ἐθέλεις,
1104 1920 1168 1962 εἴτ’
1196 1922 1280 1964 ἄλο-

247 1982 259 1996 ”
1094 1986 1171 2035 [ἷζον
1190 1984 1282 2035 (¹9)-

246 2075 378 2123 Itaque
398 2087 443 2111 ex
463 2087 507 2111 eo
531 2082 703 2124 tempore
726 2076 810 2112 facti
831 2083 917 2113 sunt
936 2078 1046 2114 amici
1074 2086 1111 2115 et
1143 2087 1283 2116 contu-

245 2135 415 2171 bernales
433 2132 526 2185 (20).
538 2136 640 2171 Inter
653 2135 742 2171 istos
756 2142 879 2172 autem
893 2136 958 2184 qui
970 2144 1100 2185 postea
1114 2138 1285 2175 Crantorl

246 2194 285 2228 in
323 2194 527 2241 AEsculapii
558 2194 697 2242 templo
728 2193 986 2230 deambulanti
1013 2197 1284 2244 occurrebant,

247 2259 288 2288 ut
308 2252 339 2287 si
359 2251 454 2287 forte
473 2252 616 2288 scholas
637 2253 784 2301 aperire
804 2253 937 2298 vellet,
958 2252 1037 2301 ejus
1055 2255 1287 2292 institutione

249 2310 521 2356 imbuerentur,
549 2312 754 2347 Arcesilaus
783 2324 938 2360 quoque
970 2321 1070 2358 erat,
1106 2315 1285 2362 quoniam

248 2368 295 2403 ab
324 2369 406 2412 illo,
438 2370 611 2416 quamvis
638 2377 808 2406 amatore
827 2383 917 2416 suo,
948 2372 1144 2408 Polemoni
1176 2386 1285 2409 com-

293 2569 358 2609 (15)
379 2570 540 2611 Diogenes
557 2572 705 2605 Laertius
724 2573 781 2605 lib.
805 2574 862 2614 lv,
879 2575 914 2607 24
932 2574 1019 2611 οὗτος
1033 2577 1169 2614 νοσήσας
1187 2579 1230 2615 εἰς
1252 2577 1288 2610 τὸ

250 2615 463 2653 Ἀσκληπιεῖον
477 2617 659 2658 ἀνεχώρησε
692 2620 783 2652 κάκεῖ
794 2622 970 2660 περιεπάτει
981 2630 988 2638 ·
1004 2624 1033 2655 οἱ
1049 2623 1081 2655 δὲ
1094 2625 1288 2666 πανταχόθεν

254 2665 434 2714 προσῄεσαν
455 2667 560 2705 αὐτῷ,
583 2669 757 2707 νομίζοντες
771 2672 809 2703 οὐ
828 2673 880 2704 διὰ
894 2674 1007 2712 νόσον,
1025 2672 1105 2704 ἀλλὰ
1124 2672 1288 2712 βούλεσθαι

253 2708 359 2738 αὐτοθι
376 2709 492 2748 σχολὴν
506 2712 736 2748 συστήσασθαι.
754 2729 796 2735 -
812 2713 879 2754 (ίῦ)
894 2715 1053 2755 Diogenes
1074 2719 1221 2752 Laertius
1234 2719 1288 2751 lib.

253 2754 310 2793 IV,
334 2755 372 2785 24
397 2755 473 2786 ἀλλὰ
489 2756 542 2787 καὶ
557 2757 649 2788 αὐτὸν
667 2758 834 2797 ὑγιάναντα
854 2760 1007 2792 διακούειν
1027 2763 1229 2804 Πολέμωνος,
1244 2765 1289 2806 ἐφ’

254 2797 279 2843 ᾧ
296 2801 350 2831 καὶ
367 2801 501 2841 μάλιστα
514 2804 741 2842 θαυμασθῆναι.
756 2822 799 2828 --
817 2806 881 2845 (17)
896 2806 1056 2848 Diogenes
1068 2811 1218 2843 Laertius
1232 2811 1290 2845 lib.

255 2847 312 2884 lv,
337 2849 375 2878 24
393 2849 467 2887 φασὶ
491 2849 524 2880 δὲ
545 2850 637 2881 αὐτὸν
655 2851 843 2891 ἐρωτηθέντα
867 2852 925 2884 τίνι
952 2855 1094 2894 θηραθείη
1112 2858 1174 2890 ὑπὸ
1191 2859 1290 2891 Πολέ·

255 2904 375 2934 μωνος,
395 2895 509 2935 εἰπεῖν,
531 2898 575 2935 τῷ
605 2898 682 2936 μήτε
706 2898 845 2939 ὀξύτερον
866 2900 941 2938 μήτε
968 2902 1134 2944 βαρύτερον
1158 2905 1291 2938 ἀκοῦσαι

254 2942 474 2981 φθεγγομένου.
489 2959 530 2965 -
547 2941 613 2983 (18)
628 2943 788 2985 Diogenes
806 2946 951 2978 Laertius
966 2948 1019 2979 lib.
1036 2951 1092 2990 IV,
1114 2954 1152 2983 29
1168 2963 1218 2984 και
1239 2953 1292 2985 αὐ-

253 2990 308 3018 τοῦ
325 2988 473 3029 Κράντωρ
489 2988 643 3028 ἐρωτικῶς
660 2991 806 3028 διατεθεὶς
823 2993 961 3032 ἐπύθετο,
981 2995 1019 3025 τὰ
1038 2996 1068 3032 ἐξ
1093 2997 1291 3040 Ἀνδρομέδης

254 3034 420 3075 Εὐριπίδου
437 3036 739 3075 προσενεγκάμενος·
761 3039 787 3069 ὦ
802 3039 936 3080 παρθέν’,
957 3042 982 3072 εἰ
997 3043 1136 3084 σώσαιμί
1156 3044 1197 3084 σ’,
1222 3047 1291 3086 εἴσῃ

257 3091 309 3122 μοι
333 3083 440 3123 χάριν;
459 3087 511 3114 καί
535 3083 567 3118 ὃς
583 3083 621 3114 τὰ
638 3083 790 3124 Effigiem*
805 3086 883 3124 ἄγου
899 3097 947 3125 με,
966 3087 992 3118 ὦ
1012 3089 1092 3129 ξένε,
1106 3091 1166 3122 εἶτε
1179 3093 1294 3133 δμωΐδῑ

257 3130 386 3170 ἐθέλεις,
415 3130 470 3162 εἶτ’
496 3130 623 3170 ἄλοχον.
645 3130 727 3163 Vide
753 3132 915 3172 Euripidis
935 3137 1064 3176 Fragm.
1098 3147 1129 3178 p.
1156 3143 1215 3170 650
1238 3139 1290 3172 ed.

259 3178 413 3217 Wagner.
451 3178 614 3208 caeierum
644 3177 755 3209 confer
782 3178 898 3212 Euseb.
929 3189 1030 3222 praep.
1064 3192 1115 3215 ev.
1143 3186 1229 3225 XlV,
1260 3191 1291 3226 6,

256 3233 289 3266 p.
315 3226 370 3256 731
391 3224 442 3256 διὰ
455 3224 490 3255 τὸ
505 3224 597 3260 καλὸς
610 3223 688 3256 εἶναι
706 3225 932 3267 (Ἀρκεσίλαος)
946 3229 988 3260 ἔτι
1003 3230 1046 3260 ὢν
1063 3233 1176 3271 ὡραῖος
1189 3234 1293 3273 τυχὼν

257 3273 389 3313 ἐραστοῦ
425 3271 599 3312 Κράντορος
628 3274 683 3302 τοῦ
715 3271 942 3313 Ἀκαδημαϊκοῠ
972 3278 1194 3318 προσεχώρησε
1240 3281 1293 3319 μὲν

256 3319 370 3360 τούτῳ.
386 3336 427 3342 -
443 3318 511 3359 (19)
530 3318 661 3360 corrige
675 3327 712 3350 ex
730 3320 915 3353 Herodiano
926 3323 994 3362 περὶ
1009 3324 1179 3363 σχημάτων
1193 3335 1224 3366 p.
1241 3331 1291 3363 58,

257 3368 276 3397 9
293 3376 300 3396 z
316 3365 392 3405 ἄγου
409 3365 442 3397 δέ
455 3365 500 3406 μ’,
518 3365 543 3396 ὦ
559 3365 627 3404 ξέν’,
642 3365 702 3397 εἴτε
715 3366 891 3407 πρόσπολον
910 3368 1001 3404 θέλεις
1012 3391 1020 3408 .,
1036 3369 1088 3400 εἴτ’
1106 3369 1220 3411 ἄλοχον
1235 3374 1293 3405 εἴτε

258 3413 390 3450 δμωΐδα.
409 3430 449 3435 -
478 3412 545 3454 (20)
563 3413 743 3454 Antigonus
763 3415 933 3455 Carystius
953 3415 1039 3456 apud
1063 3416 1157 3457 Diog.
1185 3419 1292 3452 Laert.
1319 3421 1325 3427 '

263 3460 318 3500 tv,
335 3465 373 3492 22
390 3460 551 3492 συσσίτιον
569 3461 601 3492 δέ
620 3471 712 3502 φησιν
730 3461 814 3502 αὐτῷ
835 3460 904 3503 [τῷ
922 3463 1070 3505 Κράτητι]
1085 3465 1102 3496 ὁ
1127 3465 1295 3506 Ἀντίγονος

250 2477 486 2510 Alexandrinus
505 2479 627 2511 Strom.
649 2482 676 2519 Ι,
700 2489 737 2521 p.
761 2483 839 2521 30i;
860 2482 1001 2513 Galenus
1021 2481 1098 2514 hist.
1114 2482 1195 2524 phil.
1212 2492 1283 2525 cap.

249 2527 285 2554 2.
305 2541 338 2545 —
359 2523 425 2564 (14)
443 2524 492 2555 Cf.
511 2524 626 2566 fragm.
646 2528 712 2559 1-7.
731 2543 775 2551 ·-

975 242 1041 280 DE
1070 242 1339 282 CRANTORE
1369 242 1671 286 ACADEMtCO.

1340 332 1511 370 mendari
1539 330 1706 370 volebat.
1729 328 1856 376 Quid?
1875 328 1980 380 quod
2006 328 2177 367 moriens
2207 327 2371 368 Crantor

1337 390 1536 429 Arcesilao
1567 389 1845 442 patrimonium
1873 400 1986 426 suum
2002 417 2013 434 ‚
2031 388 2138 438 quod
2165 387 2370 426 duodecim

1335 449 1492 488 talentis
1510 449 1733 501 constabat,
1748 447 1959 499 reliquisse
1969 446 2128 487 dicitur.
2145 446 2239 485 Vide
2255 447 2370 498 Diog.

1334 506 1461 548 Laert.
1485 508 1551 557 lv,
1574 509 1707 553 24-25.

1382 566 1468 605 Jam
1485 567 1640 618 quando
1652 566 1903 605 Academicus
1921 565 1992 603 fuit
2005 564 2186 610 Crantor,
2209 563 2374 602 forsitan

1331 625 1428 664 nihil
1446 640 1546 678 opus
1572 627 1762 684 videatur,
1786 639 1873 677 quae
1895 624 1979 675 ejus
1999 625 2180 673 dogmata
2201 623 2372 675 fuerint,

1335 686 1550 732 sciscitari,
1572 686 1788 738 praesertim
1818 699 1939 736 quum
1961 683 2098 722 Cicero
2116 683 2192 733 (αι)
2214 695 2286 722 nos
2305 684 2375 722 do·

1344 747 1444 786 ceat,
1477 742 1740 788 Polemonem,
1763 742 1949 778 Cratetem
1977 747 2016 777 et
2042 742 2264 778 Crantorem
2289 739 2376 777 dili-

1343 807 1472 848 genter
1489 800 1603 835 tuitos
1622 811 1699 835 esse
1720 811 1761 835 ea
1782 812 1865 848 quae
1895 812 1915 836 a
1934 800 2194 848 superioribus
2212 799 2380 848 accepis-
2419 838 2421 840 ,

1343 865 1444 905 sent;
1464 857 1569 906 quod
1588 857 1698 894 simul
1718 859 1945 907 argumentis
1964 871 2008 894 ex
2030 858 2195 907 quadam
2212 856 2382 906 philoso-

1342 916 1409 964 phi
1441 915 1694 964 disputatione
1726 915 1802 964 (αα)
1837 916 1960 952 ductis
1997 915 2210 952 confirmari
2238 922 2377 965 potest.

1344 974 1400 1010 lbi
1423 975 1520 1010 enim
1540 975 1591 1010 sic
1613 974 1764 1010 ordinat
1782 975 1866 1010 vitae
1885 974 2056 1011 humanae
2076 975 2197 1019 bona,
2213 980 2256 1010 ut
2279 987 2381 1011 sum-

1343 1045 1443 1068 mum
1468 1033 1611 1069 bonum
1631 1033 1811 1068 virtutem
1831 1045 1907 1069 esse
1926 1015 2038 1078 velii,
2056 1046 2138 1082 quae
2157 1034 2267 1070 etiam
2289 1031 2380 1070 defl-

1345 1091 1527 1126 cientibus
1556 1091 1711 1139 reliquis
1745 1090 1796 1127 ad
1831 1091 1929 1127 bene
1959 1091 2146 1139 beateque
2175 1090 2381 1131 vivendum

1343 1147 1524 1194 sufficiat,
1563 1148 1771 1190 secundum
1808 1149 1936 1184 locum
1967 1149 2190 1195 valetudini,
2231 1149 2383 1190 tertium,

1343 1206 1551 1256 voluptati,
1578 1214 1755 1255 quartum
1778 1208 1917 1243 divitiis
1949 1208 2144 1245 concedat.
2166 1207 2264 1245 Huic
2285 1220 2382 1244 con-

1344 1272 1519 1302 sentanea
1544 1273 1598 1301 est
1620 1266 1834 1301 Polemonis
1859 1267 2059 1311 sententia,
2078 1273 2170 1302 teste
2193 1266 2382 1303 Clemente

1343 1322 1596 1359 Alexandrino
1628 1322 1703 1372 (23)
1730 1312 1796 1371 qul
1809 1350 1819 1368 ,
1838 1324 2066 1359 Xenocratis
2089 1323 2301 1370 familiaris,
2323 1323 2382 1360 in-

1345 1381 1448 1428 quit,
1482 1382 1638 1418 Polemo
1678 1382 1829 1418 videtur
1859 1383 1955 1418 velle
1997 1379 2274 1419 beatitudinem
2307 1393 2384 1419 esse

1343 1439 1641 1477 moderationem
1661 1441 1701 1490 in
1721 1441 1895 1477 omnibus
1914 1440 2048 1484 bonis,
2066 1440 2130 1476 vel
2150 1440 2324 1488 plurimis
2342 1446 2393 1482 οἳ,

1343 1498 1527 1535 maximis.
1547 1499 1726 1535 Decernit
1741 1499 1872 1547 igitur,
1886 1499 1964 1535 sine
1979 1499 2118 1535 virtute
2130 1510 2210 1534 non
2219 1497 2389 1534 fut-uram*
2476 1542 2482 1548 ·

1343 1568 1510 1604 unquam
1525 1557 1799 1594 beatitudinem
1811 1584 1821 1603 ,
1844 1558 1922 1595 sine
1940 1557 2113 1606 corporis
2126 1563 2252 1593 autem
2272 1556 2386 1594 bonis
2435 1562 2439 1566 ’

1345 1622 1381 1651 et
1414 1616 1573 1651 externis
1613 1616 1791 1653 virtutem
1819 1617 1868 1652 ad
1896 1616 2168 1652 beatitudinem
2192 1614 2382 1655 suffi‘cere.

1344 1673 1452 1709 Adde
1477 1674 1597 1711 Cicer.
1626 1678 1693 1714 Ac.
1730 1683 1829 1724 post.
1859 1676 1892 1720 Ι,
1927 1673 1966 1724 5,
1994 1674 2032 1711 6.
2056 1675 2163 1711 Licet
2191 1682 2318 1712 autem
2341 1675 2383 1712 in

1344 1732 1559 1769 universum
1579 1734 1750 1782 priorum
1772 1734 2083 1771 Academicorum
2102 1734 2243 1782 placita
2260 1735 2382 1771 Cran-

1346 1798 1406 1827 tor
1435 1798 1617 1839 tueretur,
1636 1800 1760 1829 tamen
1789 1792 1978 1829 interdum
2009 1793 2157 1829 ab.illis
2188 1792 2396 1830 dissentire⁴

1345 1862 1454 1886 ausus
1488 1859 1556 1889 est.
1580 1852 1663 1887 Huc
1694 1848 1885 1900 pertinent
1917 1863 1961 1887 ea
1996 1864 2078 1900 quae
2108 1850 2219 1887 refert
2250 1851 2383 1888 Cicero

1345 1909 1496 1946 Tuscul.
1516 1911 1589 1956 ΙΙΙ,
1608 1910 1631 1947 6
1654 1939 1662 1948 .
1691 1926 1707 1943 (ι
1733 1911 1811 1946 Nec
1829 1909 1991 1946 absurde
2021 1910 2180 1947 Crantor
2202 1908 2281 1959 (²4)
2302 1910 2386 1957 ille,

1347 1968 1412 2015 qui
1430 1968 1470 2004 in
1500 1967 1704 2005 Academia
1722 1975 1853 2004 nostra
1872 1969 1932 2003 vel
1960 1969 2000 2004 in
2031 1968 2162 2017 primis
2181 1967 2252 2004 fuit
2268 1967 2396 2004 nobi»

1346 2026 1402 2062 lis.
1425 2027 1579 2063 Minime
1591 2056 1601 2075 ,
1622 2027 1759 2075 inquit,
1778 2028 1962 2063 assentior
1976 2027 2021 2063 iis
2031 2053 2043 2071 ,
2057 2027 2123 2075 qui
2137 2027 2241 2063 istam
2256 2027 2382 2066 nescio

1350 2096 1463 2134 quam
1484 2085 1734 2122 indolentiam
1757 2097 1986 2135 magnopere
2003 2084 2161 2121 laudant
2182 2097 2192 2122 ε
2216 2097 2298 2134 quae
2315 2097 2386 2122 nec

1347 2151 1471 2192 potest
1488 2145 1565 2180 ulla
1593 2157 1667 2180 esse
1680 2173 1690 2193 ,
1714 2156 1782 2180 nec
1802 2144 1928 2182 debet.
1951 2144 2008 2180 Ne
2028 2143 2297 2193 aegrotus'sim,
2317 2142 2383 2180 sed

1348 2201 1378 2236 si.
1409 2200 1569 2251 fuerim,
1590 2214 1717 2238 sensus
1744 2201 1861 2246 adsit,
1884 2202 1960 2238 sive
1990 2209 2137 2238 secetur
2164 2200 2279 2249 quid,
2306 2201 2384 2237 sive

1348 2260 1529 2296 avellatur
1549 2273 1571 2296 a
1592 2273 1767 2310 corpore.
1792 2262 1887 2297 Nam
1907 2260 2008 2297 istud
2026 2260 2119 2295 nihil
2149 2259 2279 2296 dolere
2304 2272 2391 2296 non

1347 2318 1425 2354 sine
1460 2331 1596 2368 magna
1635 2319 1810 2356 mercede
1838 2319 2043 2368 contingit,
2074 2318 2386 2355 immanitatis‘in

1348 2377 1469 2413 animo
1484 2410 1488 2414 .
1505 2379 1668 2427 stuporis
1686 2378 1726 2413 in
1743 2390 1918 2426 corpore.
1947 2393 1963 2410 n
1988 2377 2054 2412 His
2075 2388 2165 2425 ergo
2184 2376 2308 2412 verbis
2323 2387 2398 2412 stt--

1347 2486 1526 2528 εἶναιπαρὰ
1551 2487 1726 2531 Κράντορι,
1751 2487 1890 2527 ὁμονόως
1912 2485 2125 2526 συμῧιούντων
2151 2485 2267 2517 τούτων
2281 2495 2313 2517 τε
2331 2496 2384 2516 και

1347 2534 1554 2575 Ἀρκεσιλάου.
1592 2536 1656 2573 Τὴν
1682 2535 1714 2566 δὲ
1746 2535 1870 2573 οἴκησιν
1899 2533 2096 2575 Ἀρκεσίλαον
2123 2533 2178 2574 μὲν
2201 2533 2282 2573 ἔχειν
2306 2532 2386 2573 μετὰ

1348 2580 1519 2622 Κράντορος
1532 2606 1541 2621 ,
1561 2582 1736 2622 Πολέμωνα
1754 2581 1787 2613 δὲ
1808 2581 1865 2613 σὺν
1881 2581 2019 2622 Κράτητι
2040 2580 2118 2612 μετὰ
2134 2580 2324 2616 Λυσικλέους
2343 2590 2387 2611 τι-

1348 2629 1397 2664 νὸς
1413 2631 1474 2660 τῶν
1489 2629 1636 2661 πολιτῶν.
1653 2627 1715 2660 Ἦν
1734 2629 1786 2669 δέ,
1802 2627 1911 2669 φησίν,
1930 2627 2083 2668 ἐρώμενος
2109 2628 2229 2668 Κράτης
2249 2628 2304 2667 μέν
2316 2649 2326 2665 ,
2343 2628 2387 2663 ὡς

1348 2675 1543 2716 προείρηται,
1566 2676 1773 2717 Πολέμωνος,
1795 2674 1988 2715 Ἀρκεσίλαος
2011 2674 2043 2705 δὲ
2059 2673 2241 2715 Κράντορος.
2258 2692 2298 2699 -
2318 2672 2385 2714 (21)

1350 2722 1464 2754 Cicero
1485 2722 1587 2755 Acad.
1604 2725 1688 2763 post.
1705 2724 1732 2763 I,
1752 2725 1784 2755 9.
1804 2739 1846 2745 -
1860 2721 1927 2762 (22)
1950 2720 2025 2752 Vid.
2044 2720 2161 2762 fragm.
2185 2722 2235 2752 13.
2257 2737 2299 2743 —-
2319 2718 2386 2759 (23)

1350 2768 1499 2801 Clemens
1512 2769 1751 2802 Alexandrinus
1763 2770 1883 2802 Strom.
1902 2768 1974 2807 vn,
1993 2776 2026 2808 p.
2042 2769 2113 2799 419.
2132 2768 2171 2799 C.
2186 2767 2204 2798 ὁ
2218 2767 2276 2807 γὰρ
2289 2766 2387 2799 Ξενο-

1349 2815 1479 2857 κράτους
1497 2817 1649 2857 γνώριμος
1667 2816 1820 2857 Πολέμων
1835 2815 1973 2857 φαίνεται
1987 2814 2042 2852 τήν
2055 2813 2252 2854 εὐδαιμονίαν
2277 2812 2388 2854 αὐτάρ-

1349 2874 1434 2895 κειαν
1454 2864 1533 2895 εἶναι
1552 2864 1741 2905 βουλόμενος
1757 2863 1881 2902 ἀγαθῶν
1894 2861 2018 2893 πάντων
2037 2862 2057 2899 ἢ
2074 2864 2136 2892 τῶν
2151 2860 2307 2892 πλείστων
2332 2861 2386 2892 καὶ

1351 2910 1516 2951 μεγίστων,
1536 2911 1719 2952 Δογματίζει
1741 2913 1834 2950 γοῦν,
1854 2909 1946 2950 χωρὶς
1974 2908 2028 2949 μὲν
2047 2908 2156 2948 ἀρετῆς
2175 2907 2329 2948 μηδέποτε
2346 2908 2386 2939 ἂν

1351 2956 1547 2997 εὐδαιμονίαν
1568 2956 1717 2998 ὑπάρχειν
1728 2981 1736 2995 ,
1751 2955 1825 2996 δίχα
1839 2955 1872 2986 δὲ
1888 2955 1941 2986 καὶ
1957 2959 2019 2985 τῶν
2041 2958 2231 2995 σωματικῶν
2256 2954 2309 2986 καὶ
2325 2957 2387 2987 τῶν

1351 3003 1438 3039 ἐκτὸς
1456 3004 1510 3041 τὴν
1530 3003 1639 3044 ἀρετὴν
1661 3002 1798 3043 αὐτάρκη
1818 3002 1892 3043 πρὸς
1920 3000 2117 3041 εὐδαιμονίαν
2137 3001 2226 3032 εἶναι.
2250 3017 2293 3024 -
2320 3002 2385 3040 (24)

1351 3049 1550 3082 Plutarchus
1572 3050 1736 3083 consolat.
1759 3048 1801 3080 ad
1824 3047 1971 3089 Apollon.
2003 3046 2067 3078 νοΙ.
2090 3048 2162 3085 VH,
2193 3056 2225 3088 p.
2256 3050 2314 3079 318
2333 3047 2385 3080 ed.

1351 3097 1485 3129 Hutten.
1505 3097 1552 3129 διὸ
1562 3098 1615 3129 καὶ
1632 3100 1723 3128 τοῦτο
1741 3097 1796 3137 μὲν
1809 3095 1934 3135 ἐατέον,
1957 3097 1998 3130 ὡς
2019 3095 2168 3135 βλαὸερὸν
2187 3095 2238 3126 καὶ
2253 3096 2386 3134 φαῦλον,

1353 3145 1405 3175 καὶ
1429 3144 1611 3180 σπουδαίοις
1635 3143 1779 3185 ἀνδράσιν
1801 3143 1917 3181 ἥκιστα
1935 3142 2068 3182 πρέπον
2090 3142 2148 3178 τήν
2167 3141 2202 3172 δὲ
2221 3139 2388 3181 μετριοπά·

1352 3192 1434 3223 θειαν
1453 3191 1510 3222 οὐκ
1528 3191 1808 3232 ἀποδοκιμαστέον.
1822 3190 1875 3227 Μὴ
1893 3189 1950 3230 γὰρ
1965 3191 2127 3228 νοσοῖμεν,
2143 3188 2236 3227 φησὶν
2251 3188 2268 3218 ὁ
2295 3186 2386 3219 Ἀκα-

1353 3238 1503 3278 ὂημαϊκὸς
1537 3239 1697 3280 Κράντωρ,
1716 3238 1871 3275 νοσήσασι
1890 3236 1922 3267 δὲ
1946 3235 2058 3277 παρείη
2088 3246 2133 3271 τις
2149 3235 2312 3274 αῐσθησις,
2332 3233 2388 3266 εἶτ’

1352 3285 1405 3317 οὖν
1421 3286 1562 3327 τέμνοιτό
1574 3297 1603 3317 τι
1616 3289 1678 3317 τῶν
1695 3285 1870 3325 ἡμετέρων,
1887 3283 1941 3314 εἶτ’
1956 3283 2141 3322 ἀποσπῷτο.
2164 3283 2207 3314 Τὸ
2227 3282 2284 3324 γὰρ
2306 3281 2388 3315 &vdie
2406 3292 2408 3295 ’

1353 3332 1443 3363 δυνον
1478 3336 1569 3365 τοῦτο
1594 3333 1652 3364 οὐκ
1677 3332 1748 3363 ἄνευ
1770 3331 1910 3372 μεγάλων
1935 3329 2085 3370 ἐγγίνεται
2112 3330 2230 3369 μισθῶν
2264 3331 2310 3370 τῷ
2329 3328 2410 3360 ‹tv-.-

1353 3378 1483 3417 θρώπῳ·
1498 3379 1700 3419 τεθηριῶσθαι
1715 3377 1774 3417 γὰρ
1792 3376 1873 3411 εἰκὸς
1892 3376 1954 3406 ἐκεῖ
1968 3374 2024 3413 μὲν
2046 3377 2141 3415 σῶμα
2162 3377 2319 3416 τοιοῦτον,
2341 3376 2408 3416 {tr-q

1352 3426 1450 3456 ταῦθα
1463 3425 1495 3457 δὲ
1513 3425 1631 3466 ψυχήν.
1646 3423 1726 3456 Vide
1739 3423 1823 3456 infra
1849 3422 1962 3463 fragm.
1979 3423 2008 3453 8.
2028 3439 2059 3447 -

2488 0 2511 19 ’Ὶζ

2490 15 2511 35 ¹⁴4

2490 36 2503 63 ³:¹0

2488 65 2502 85 ἰ

2508 94 2510 101 v

2513 134 2518 141 ι
