2528 3788
854 246 920 285 DE
951 245 1051 285 DIlS
1083 245 1148 284 ET
1177 243 1361 284 MUNDO
1393 245 1556 285 LIBER.
2234 248 2286 286 49

18 344 27 386 ἰ
116 362 124 368 ·
568 338 660 390 Κεφ.
691 334 739 376 κ’.·

47 428 83 495 ,ᾗ
119 441 207 485 ,Περὶ
235 442 536 485 μτεμιΙωχώσεως,
556 452 572 472 a
599 443 652 475 καὶ
675 443 742 479 πῶς
762 442 804 478 εἰς
832 441 933 482 ἄλογα
960 441 1102 482 λέγονται
1123 442 1176 484 φέ-

11 498 25 548 23
55 494 90 524 ’μζ
249 535 252 537 η
279 535 283 537 Δ
319 540 325 544 ἱ
591 491 711 533 ρεσθαι.

12 553 25 618 ,i
62 568 66 570 ⁸
182 574 228 613 M
242 572 281 613 δὲ
301 572 591 628 μετεμψυχώσεις
603 603 614 625 ,
636 574 667 612 εἰ
700 570 763 622 μὲν
782 572 829 617 εἷς
851 570 977 624 λογικὰ
997 571 1174 626 γένοιντο»,

131 631 216 671 αὐτὸ
235 634 361 682 τοῦτο,
379 633 492 687 ψυχαὶ
509 631 662 686 γίνονται
681 632 752 670 τῶν
776 631 954 682 σωμάτων
969 630 1006 657 ¹³·
1023 633 1054 671 εἷ
1075 631 1111 671 δὲ
1130 633 1177 676 εἷς

130 689 242 742 ἄλογα
253 721 266 740 ,
289 689 410 737 Ῐξωθιν
429 689 596 739 ἕπονται,
620 689 743 744 ὥσπερ
757 689 819 729 καὶ
838 692 924 741 ἡμῖν
942 691 973 729 οἱ
995 689 1175 743 εἰληχότες

129 753 226 802 ἡμᾶς
255 749 414 802 δαίμονες
435 755 466 790 ⁶.
484 750 539 790 Οὔ
568 748 636 802 γὰρ
660 748 702 788 ἄν
737 765 822 789 ποτε
851 747 870 773 ¹¹
893 748 1018 802 λογικὴ
1050 750 1177 803 ἀλόγου

85 842 89 846 .
128 809 229 865 ψυχὴ
243 809 390 863 γίνοιτο.
405 807 482 858 Τὴν
508 808 546 849 δὲ
565 809 842 864 μετεμψύχωσιν
863 812 902 850 ἐκ
921 812 990 848 τῶν
1017 810 1057 849 ἐκ
1080 827 1176 862 γενε-

128 870 195 919 τῆς
209 868 334 908 παθῶν
353 867 447 909 ἔστιν
463 868 549 908 ἰδεῖν
565 872 592 906 ⁶.
613 868 683 909 Διὰ
701 868 736 908 τί
754 866 822 922 γὰρ
839 869 870 908 οἳ
891 867 954 919 μὲν
975 868 1119 922 τυφλοί,
1145 869 1176 908 οἱ

123 925 167 968 .oe
195 926 420 983 παρειμένοι,
453 929 485 969 οἱ
507 928 545 968 δὲ
577 927 639 968 καὶ
670 929 779 976 αὐτὴν
811 927 875 976 τὴν
909 927 1028 983 ψυχὴν
1058 931 1176 974 κακῶς

60 1036 62 1038 v
111 983 262 1044 lxma<
278 987 481 1036 τίκτονται;
503 986 563 1027 καὶ
581 989 620 1027 ἐκ
645 991 708 1036 τῆς
728 987 863 1043 φύσεως
886 987 1037 1041 ἐχούσας
1053 989 1086 1027 ἐν
1106 988 1176 1026 σώ-

59 1056 78 1098 „jss
110 1051 215 1101 ’ματι
235 1045 480 1088 πολιτεύεσθαι
499 1047 560 1092 τὰς
580 1047 718 1103 ψυχάς,
747 1048 796 1100 μὴ
820 1049 874 1087 δεῖ
900 1047 995 1094 ἅπαξ
1026 1047 1177 1094 ἐξελθού-

109 1114 195 1152 Ἱας
211 1105 296 1146 ’τὸν
322 1105 461 1146 ἅπαντα
479 1108 590 1149 αἰῶνα
613 1109 729 1159 μένειν
751 1109 785 1147 ἐν
807 1108 952 1162 <ipit-³543
970 1110 1015 1148 Εἷ
1034 1108 1103 1162 γὰρ
1124 1110 1174 1160 μὴ

3 1170 6 1182 ³
63 1200 68 1203 .
122 1165 233 1218 πάλιν
253 1166 291 1205 αἱ
313 1165 424 1222 ψυχαὶ
444 1168 493 1211 εἰς
515 1166 667 1218 σώματα
695 1167 879 1221 φέροιντο,
903 1167 1040 1218 ἀνάγκη
1065 1168 1175 1208 ἀπεί-

125 1238 204 1278 ρους
226 1217 340 1275 εἶναι,
365 1224 390 1273 ἢ
417 1225 476 1265 τὸν
501 1226 576 1266 θεὸν
605 1225 660 1265 ἀεὶ
688 1228 810 1279 ἑτέρας
829 1233 956 1266 ποιεῖν.
981 1226 1073 1266 Ἀλλ’
1095 1228 1174 1266 οὐδὲ

122 1282 266 1338 ἄπειρόν
284 1299 319 1324 τι
337 1285 372 1324 ὅν
387 1287 439 1338 τῷ
452 1288 576 1338 κόσμῳ
589 1300 598 1310 ·
618 1287 653 1325 ἐν
669 1286 737 1339 γὰρ
753 1285 1011 1340 πεπερασμένῳ
1030 1285 1174 1339 ἄπειρόν

52 1338 70 1394 2²
122 1357 158 1383 τι
177 1343 242 1382 οὒκ
257 1343 300 1382 ἂν
315 1344 465 1396 γένοιτο.
489 1345 583 1384 Οὐδὲ
602 1344 712 1389 ἄλλας
731 1345 887 1397 γίνεσθαι
915 1345 1061 1385 δυνατόν
1074 1362 1082 1371 ·
1105 1353 1175 1385 πᾶν

122 1403 209 1457 γάρ,
229 1404 266 1442 ἐν
283 1397 313 1457 ᾧ
332 1419 366 1442 τι
385 1403 519 1454 γίνεται
535 1403 656 1443 καινόν
672 1434 683 1456 ,
704 1405 765 1444 καὶ
784 1404 902 1448 ἀτελὲς
919 1399 1007 1445 εἶναι
1025 1406 1175 1457 ἀνάγκη.

3 1458 18 1499 .’
51 1498 60 1501 γ,
122 1460 199 1502 Τὸν
231 1462 269 1502 δὲ
300 1463 434 1515 κόσμον
466 1464 506 1503 ἐκ
531 1463 664 1503 τελείου
696 1464 881 1515 γενόμενον
917 1463 1049 1503 τέλειον
1087 1459 1176 1504 εἶναι

64 1551 67 1555 >
108 1520 306 1575 ’προσήκεμ

56 1598 71 1622 2
175 1584 191 1605 ⁸
210 1581 300 1636 Περὶ
327 1581 660 1637 μετεμψυχώσεως]
690 1583 786 1622 Vide
819 1583 1004 1622 Proclum
1036 1584 1079 1622 in
1105 1584 1177 1622 Ti-

111 1653 263 1681 -maeum
287 1641 357 1681 lib.
372 1641 405 1680 V
418 1655 509 1695 pag.
530 1645 630 1693 3293
646 1642 848 1682 Plotinum
865 1643 961 1681 Eun.
977 1642 1036 1681 Ill
1051 1642 1120 1682 lib.
1139 1643 1175 1682 ll

122 1713 208 1754 oep.
228 1701 274 1741 13
291 1709 330 1740 et
348 1700 451 1740 Eun.
475 1701 527 1739 lv
547 1701 619 1740 lib.
646 1701 703 1741 ΙΙΙ
725 1716 808 1754 cap.
831 1704 899 1749 163
917 1702 1176 1741 lamblichum

124 1759 175 1799 de
190 1759 366 1812 theolog.
393 1760 547 1814 AEgypt.
576 1761 626 1800 lv
648 1775 730 1813 cap.
756 1768 802 1808 l‚;
829 1762 1020 1800 Hieroclis
1047 1763 1176 1801 locum·

123 1819 174 1860 de
193 1819 441 1872 providentia
462 1820 566 1873 apud
583 1821 768 1859 Photium
790 1821 887 1860 Cod.
913 1821 1013 1870 2513
1036 1821 1176 1860 Plato-

123 1891 212 1919 nem
226 1879 357 1920 Phaed.
372 1894 460 1933 cap.
481 1883 503 1920 3
513 1895 529 1920 1
547 1881 724 1921 ἐνδοῧνται
739 1880 775 1920 δὲ
792 1883 805 1932 (
820 1882 855 1919 αἱ
876 1880 993 1935 ψυχαὶ
1008 1883 1077 1921 τῶν
1092 1882 1178 1935 φαύ-

121 1937 243 1992 λων),
261 1937 382 1992 ὥσπερ
413 1938 504 1984 εἰκός
517 1969 529 1991 ,
550 1940 599 1984 εἷς
616 1939 660 1978 τὰ
679 1943 827 1978 τοιαῦτα
847 1939 916 1988 ἤθη
931 1969 942 1987 ,
964 1941 1069 1979 ὁποῖα
1097 1940 1174 1980 ἄττ’

124 1994 168 2037 ἂν
190 1995 470 2050 μεμελετηκυῖαι
488 1998 645 2052 τύχωσιν
668 2000 704 2038 ἐν
727 2001 778 2052 τῷ
810 1999 895 2052 βίῳ’
914 1992 985 2039 οἷον
1009 1998 1089 2044 τοὺς
1111 1999 1174 2051 μὲν

123 2056 407 2111 γαστριμαργίας
421 2072 460 2095 τε
479 2057 539 2096 καὶ
560 2056 695 2111 ὖὸρεως
714 2057 775 2096 καὶ
796 2058 1005 2110 φιλοτησίας
1022 2061 1177 2110 μεμελη-

124 2114 231 2161 ubete
242 2147 254 2168 ‚
270 2116 331 2157 καὶ
351 2115 402 2167 μὴ
425 2115 756 2166 διευλαὸουμένους,
774 2118 821 2160 εἷς
836 2116 882 2155 τὰ
901 2120 970 2156 τῶν
987 2116 1075 2156 ὄνων
1091 2117 1175 2170 γένη

126 2174 188 2215 καὶ
203 2177 273 2215 τῶν
296 2174 463 2215 τοιούτων
483 2174 612 2228 θηρίων
633 2175 725 2219 εἰκὸς
746 2175 948 2215 ἐνδύεσθαι·
966 2175 1045 2220 τοὺς
1073 2176 1110 2215 δέ
1137 2193 1177 2229 γε

127 2233 264 2280 ἀδικίας
294 2234 357 2274 καὶ
379 2234 585 2288 τυραννίδας
607 2235 666 2274 καὶ
692 2234 856 2288 ἁρπαγὰς
874 2237 1177 2287 προτετιμηκότας

125 2294 174 2338 εἰς
191 2292 239 2334 τὰ
262 2296 332 2334 τῶν
356 2292 473 2333 λύκων
493 2309 532 2333 τε
560 2293 622 2334 καὶ
644 2294 796 2346 ἱεράκων
826 2293 886 2332 καὶ
912 2294 1051 2334 ἷκτίνων
1086 2295 1176 2346 γένη

123 2353 203 2396 κτλ.
218 2353 330 2393 Adde
343 2352 527 2395 ovidium
544 2354 635 2393 Met.
654 2353 738 2402 XV,
764 2353 837 2392 158
858 2367 967 2406 seqq.
988 2363 1026 2393 et
1041 2368 1113 2393 nos
1131 2356 1179 2394 de

59 2428 62 2430 ·
126 2411 360 2466 Empedocle
380 2412 424 2453 in
439 2413 545 2454 Phil.
564 2412 635 2454 Gr.
664 2414 820 2465 Fragm.
841 2414 923 2453 vol.
942 2413 959 2452 1
985 2429 1026 2466 p.
1048 2414 1175 2453 XVlll

122 2484 206 2524 seq.
225 2493 281 2504 —-
305 2470 324 2498 ⁵
351 2473 382 2511 εἰ
413 2470 478 2524 μὲν
509 2474 558 2518 εἷς
588 2472 715 2525 λογικὰ
741 2471 916 2524 γένοιντο,
937 2474 1023 2513 αὐτὸ
1052 2477 1174 2523 τοῦτο,

121 2530 237 2586 ψυχαὶ
253 2530 408 2584 γίνονται
421 2535 490 2572 τῶν
505 2532 700 2586 σωμάτων]
717 2532 908 2572 Similiter
926 2533 1178 2585 Thucydides

1 2635 3 2637 ¹
68 2587 72 2590 ’
125 2588 182 2642 ll,
208 2590 259 2642 39
279 2591 311 2630 εἰ
332 2590 486 2645 ῥᾳθυμίᾳ
508 2592 643 2642 μᾶλλον
676 2590 699 2639 ἢ
719 2591 835 2631 πόνων
866 2590 1018 2644 μελέτῃ,
1032 2591 1097 2630 καὶ
1126 2591 1176 2642 μὴ

66 2667 69 2673 ·
126 2647 219 2700 μετὰ
245 2648 362 2702 νόμων
384 2647 424 2688 τὸ
445 2650 565 2689 πλεῖον
594 2647 617 2697 ἢ
645 2649 783 2703 τρόπων
810 2650 970 2702 ἀνδρείας
999 2650 1176 2701 ἐθέλοιμεν

125 2706 359 2759 κινδυνεύειν,
376 2708 617 2763 περιγίγνεται
638 2710 724 2760 ἡμῖν
748 2710 819 2754 τοῖς
848 2708 1035 2762 μέλλουσιν
1059 2711 1176 2760 ἀλγει-

122 2771 193 2813 νοῖς
209 2766 259 2819 μὴ
276 2768 510 2822 προκάμνειν.
528 2790 583 2800 -
597 2776 613 2797 ⁰
633 2771 665 2809 οἱ
682 2769 864 2822 εἰληχότες
885 2772 979 2819 ἡμᾶς
1000 2768 1177 2822 δαίμονες]

560 2911 640 2953 Gap.
669 2912 737 2943 XX.

0 2973 6 3029 L
53 2971 68 3031 ¹-
124 2992 168 3022 Do
187 2990 360 3022 witmarum
386 2991 586 3028 migratione,
620 2994 652 3021 et
679 2991 834 3029 quomodo
859 2991 893 3020 in
926 2990 1018 3021 bruta
1036 2991 1176 3021 animalia

59 3047 62 3061 ¹
499 3045 625 3076 mannire
637 3044 796 3076 dicantur.

165 3140 351 3175 Animarum
361 3145 472 3175 autem
485 3141 706 3186 migrationes,
722 3142 750 3175 si
763 3142 799 3175 in
810 3144 948 3175 naturas
960 3141 1177 3183 intelligentes

3 3197 5 3199 ’
29 3204 65 3239 >12²
95 3211 98 3213 ·
127 3198 229 3243 emt,
245 3200 423 3243 idipsum,
442 3211 618 3244 corporum
643 3203 762 3236 animae
783 3202 930 3235 evadunt
960 3214 968 3233 ε
994 3201 1021 3234 si
1041 3210 1119 3234 vero
1143 3201 1176 3234 in

26 3261 63 3299 ‘2³1
128 3258 227 3295 bruta
243 3260 414 3302 animalia,
434 3263 530 3295 extra
547 3271 667 3304 corpus
687 3263 882 3304 sequuntur,
899 3249 1177 3303 quemadmodum

127 3320 165 3352 ot
178 3319 265 3362 genii
281 3319 342 3363 qui
355 3328 416 3353 nos
433 3320 522 3354 nacti
539 3323 617 3355 sunt
632 3322 771 3355 comites
791 3330 827 3355 se
848 3320 943 3353 nobis
966 3319 1060 3354 dant.
1110 3322 1174 3354 Ne-

127 3385 192 3420 que
215 3378 305 3413 enim
327 3387 472 3420 unquam
498 3379 624 3414 ratione
660 3380 799 3423 praedita
825 3379 940 3414 hestiae
969 3379 1078 3412 anima
1103 3379 1175 3414 fiat.

101 3451 105 3458 =
127 3435 295 3471 camum
324 3437 507 3473 animarum
535 3438 750 3482 migrationes
780 3449 822 3473 ex
851 3439 972 3472 innatis
1002 3439 1177 3473 affectibus

127 3492 264 3539 intelligi
289 3497 376 3533 licet.
423 3499 492 3533 Gur
515 3498 604 3534 enim
621 3499 678 3541 alii
705 3499 802 3541 caect,
838 3498 894 3532 alii
927 3497 1073 3531 marcido
1100 3508 1174 3532 cor-

253 3564 342 3590 um..
363 3566 470 3592 unm.
495 3567 542 3592 ιιι.

1239 335 1335 374 Vide
1360 335 1616 374 Iamblichum
1641 336 1687 373 de
1709 336 1869 388 Myster.
1889 348 2006 386 segm.
2027 335 2079 374 lx
2093 350 2180 388 cap.
2203 350 2220 374 1
2251 345 2290 375 et

1239 408 1326 446 quae
1342 395 1423 432 dixi
1436 396 1483 433 de
1500 396 1730 447 Empedocle
1744 398 1785 434 in
1802 396 1904 437 Phil.
1921 396 1991 437 Gr.
2009 395 2163 447 Fragm.
2179 396 2260 434 vol.
2279 396 2295 434 l

1239 467 1276 505 p.
1299 453 1368 492 XX
1384 467 1494 506 seqq.
1509 477 1562 484 —
1575 454 1592 477 ‘¹
1606 458 1644 494 οὐ
1659 456 1726 509 γὰρ
1746 456 1787 495 ἄν
1804 473 1888 495 ποτε
1902 458 1916 509 ]
1928 457 2072 509 scripsi
2088 471 2098 505 3
2118 456 2232 495 codd.
2251 456 2290 493 οὐ

1238 511 1307 565 γὰρ
1329 513 1488 563 μήποτε,
1510 514 1614 564 quod
1639 528 1716 552 non
1738 515 1960 554 defenditur
1978 517 2066 555 loco
2092 517 2292 556 Parmeni-

1239 571 1312 611 deo
1331 573 1373 610 in
1398 572 1502 612 Phil.
1527 573 1597 612 Gr.
1616 573 1768 624 Fragm.
1787 576 1871 615 vol.
1891 575 1984 615 Ivs.
2009 576 2058 614 52
2080 577 2118 614 οὗ
2134 575 2204 627 ’γὰρ
2218 575 2289 626 μή·

1238 647 1322 670 ποτε
1343 636 1444 671 τοῦτο
1481 634 1567 685 δαῇς
1596 627 1686 672 εἶναι
1707 633 1757 685 μὴ
1788 634 1901 675 ε’όντα.
1927 635 2053 686 Hujus
2079 637 2183 674 enim
2213 636 2291 674 loci

1239 690 1315 728 alia
1335 693 1437 730 ratio
1461 701 1533 732 est.
1549 714 1603 722 —
1624 698 1638 715 Β
1653 692 1717 739 τὴν
1742 692 1778 731 δὲ
1807 693 2081 746 μετεμψύχωσιν
2106 696 2145 732 ἐκ
2164 696 2232 732 τῶν
2253 697 2292 732 ἐκ

1238 753 1380 800 γενετῆς
1408 755 1529 791 παθῶν
1559 751 1652 791 ἔστιν
1674 752 1786 804 ἰδεῖν]
1818 753 2001 791 Plotinus
2026 752 2200 793 Ennead.
2230 752 2291 790 Ill

1239 807 1308 848 lib.
1326 808 1364 847 II
1393 822 1480 861 cap.
1502 811 1548 848 13
1569 825 1605 862 p.
1623 812 1698 856 264
1722 810 1797 848 ἐπεὶ
1815 811 1885 849 οὐδ’
1904 812 2033 850 ἐκεῖνον
2051 810 2292 850 ἀποὸλεπτέον

1236 866 1295 906 τὸν
1312 867 1415 919 λόγον
1427 897 1438 916 ,
1455 867 1491 912 ὃς
1505 870 1543 906 οὗ
1560 868 1644 921 πρὸς
1660 868 1701 907 τὸ
1718 868 1828 921 παρὸν
1850 868 2019 908 ἑκάστοτέ
2025 885 2119 944 ’φησι
2137 868 2292 920 βλέπειν,

1240 924 1331 964 ἀλλὰ
1352 926 1436 979 πρὸς
1457 925 1520 971 τὰς
1540 928 1692 981 πρόσθεν
1712 927 1893 980 περιόδους
1916 927 1976 967 καὶ
2002 944 2044 966 αυ
2076 928 2115 966 τὸ
2138 927 2264 978 μέλλον
2279 938 2290 948 ·

1237 985 1328 1025 ὥστε
1349 988 1481 1026 ἐκεῖθεν
1514 988 1653 1026 τάττειν
1675 986 1737 1035 τὴν
1772 987 1896 1036 ἀξίαν,
1916 988 1976 1027 καὶ
2006 987 2231 1039 μετατιθέναι
2253 987 2294 1025 ἐκ

1238 1045 1416 1085 δεσποτῶν
1440 1049 1507 1085 τῶν
1526 1046 1676 1098 πρόσθεν
1700 1046 1842 1090 δούλους
1867 1050 2031 1085 ποιοῦντα
2045 1076 2056 1095 ,
2084 1047 2114 1085 εἷ
2135 1046 2292 1097 ἐγένοντο

1238 1106 1340 1145 κακοὶ
1363 1106 1552 1145 δεσπόται·
1573 1105 1633 1144 καὶ
1655 1104 1708 1144 ὅτι
1723 1106 1902 1159 σύμφορον
1925 1106 2041 1150 αὐτοῖς
2056 1105 2168 1144 οὕτω·
2184 1104 2245 1144 καὶ
2263 1106 2292 1142 εἷ

1238 1168 1357 1211 κακῶς
1378 1165 1577 1219 ἐχρήσαντο
1593 1164 1757 1218 πλούτῳ,
1787 1164 1941 1212 πένητας
1954 1194 1964 1212 ,
1987 1164 2047 1203 καὶ
2068 1166 2210 1216 ἀγαθοῖς
2230 1163 2294 1202 οὐκ

1238 1225 1442 1279 ἀσύμφορον
1478 1224 1632 1273 πένητας
1660 1217 1771 1272 εἶναι,
1792 1223 1853 1263 καὶ
1883 1223 2118 1276 φονεύσαντας
2147 1222 2292 1274 ἀδίκως,

1239 1287 1469 1337 φονευθῆναι,
1506 1283 1635 1327 ἀδίκως
1663 1281 1726 1334 μὲν
1747 1285 1798 1335 τῷ
1818 1282 2030 1332 ποιήσαντι,
2061 1283 2158 1334 αὐτῷ
2186 1281 2222 1320 δὲ
2243 1282 2294 1320 δι-

1238 1343 1347 1388 καίως
1370 1346 1420 1398 τῷ
1437 1344 1609 1383 παθόντι·
1627 1342 1687 1381 καὶ
1707 1341 1765 1381 τὸν
1786 1341 1994 1394 πεισόμενον
2017 1346 2225 1395 συναγαγεῖν
2248 1342 2294 1384 εἷς

1238 1406 1278 1444 τὸ
1297 1404 1383 1444 αὐτὸ
1405 1407 1455 1458 τῷ
1477 1403 1664 1456 ἐπιτηδείῳ
1685 1402 1846 1449 ποιήσειν
1876 1401 1898 1441 ἃ
1930 1406 2053 1441 παθεῖν
2076 1403 2183 1455 ἐχρῆν
2205 1402 2295 1439 ἐκεῖ·

1238 1480 1308 1507 νον.
1335 1464 1398 1511 Μὴ
1420 1463 1489 1516 γὰρ
1503 1462 1545 1512 δὴ
1566 1464 1659 1502 κατὰ
1677 1463 1866 1514 συντυχίαν
1889 1463 2030 1509 δοῦλον,
2053 1460 2142 1512 μηδὲ
2163 1461 2296 1513 αἰχμά-

1238 1524 1348 1561 λωτον
1376 1525 1423 1566 ὡς
1455 1521 1600 1575 ἔτυχεν,
1623 1522 1715 1572 μηδὲ
1739 1521 1949 1574 ὗὸρισθῆναι
1981 1522 2029 1564 εἷς
2052 1523 2157 1571 σῶμα
2195 1520 2295 1566 εἰκῆ·

1239 1583 1317 1621 ἀλλ’
1338 1576 1382 1630 ῆν
1405 1597 1491 1620 ποτε
1512 1584 1624 1619 ταῦτα
1646 1580 1815 1629 ποιήσας,
1833 1579 1855 1618 ἃ
1876 1584 1935 1618 νῦν
1952 1581 2025 1617 ἐστι
2038 1579 2205 1631 πάσχων.
2224 1578 2296 1617 Καὶ

1241 1640 1380 1694 μητέρα
1409 1657 1461 1684 τις
1483 1639 1616 1679 ἀνελὼν
1644 1639 1713 1679 ὑπὸ
1741 1638 1866 1683 παιδὸς
1887 1637 2178 1691 ἀναιρεθήσεται,
2199 1637 2296 1688 γενό-

1241 1718 1341 1752 μενος
1361 1700 1471 1753 γυνή,
1494 1701 1554 1739 καὶ
1578 1700 1793 1753 βιασάμενος
1811 1701 1985 1750 γυναῖκα,
2009 1698 2110 1738 ἔσται
2134 1696 2192 1737 ἵνα
2216 1700 2295 1751 βια·

1239 1764 1319 1812 σθῇ.
1343 1759 1454 1800 Ὅθεν
1477 1759 1538 1798 καὶ
1570 1758 1645 1798 θεία
1677 1759 1800 1813 φήμη,
1819 1757 2042 1812 Ἀδράστεια.
2070 1757 2167 1805 Αὕτη
2187 1758 2255 1811 γὰρ
2272 1761 2294 1805 ἡ

1240 1818 1395 1864 διάταξις
1423 1818 1632 1871 Ἀδράστεια
1654 1817 1762 1862 ὅντως
1789 1818 1847 1856 καὶ
1868 1817 1974 1862 ὅντως
1996 1817 2087 1865 Δίκη
2109 1817 2170 1857 καὶ
2191 1817 2296 1871 σοφία

1240 1877 1440 1929 θαυμαστή.
1466 1876 1665 1917 Hierocles
1680 1878 1721 1916 in
1739 1878 1956 1928 fragmento
1977 1878 2025 1916 de
2046 1877 2297 1930 providentia

1238 1939 1341 1991 apud
1369 1939 1553 1977 Photium
1580 1938 1623 1976 in
1648 1937 1751 1977 Bibl.
1789 1937 1874 1976 cod.
1908 1935 2022 1975 CCLI
2054 1951 2064 1975 ς
2097 1937 2198 1986 ἡμεῖς
2232 1934 2295 1986 μὲν

1237 1998 1304 2051 γὰρ
1324 2001 1368 2052 τῇ
1389 1997 1505 2050 κρίσει
1522 1998 1697 2036 δικαστῶν
1717 1996 1897 2047 δαιμόνων
1927 1994 2013 2048 πρὸς
2033 1994 2096 2043 τὴν
2117 1997 2187 2034 τῶν
2208 2010 2291 2047 προ-

1239 2057 1466 2109 ὃεὸιωμένων
1499 2055 1597 2102 ἀξίαν
1627 2054 1856 2108 λαγχάνομεν
1886 2054 2034 2099 ἕκαστος
2075 2053 2172 2108 βίον·
2205 2056 2238 2093 ἐν
2267 2047 2297 2106 ᾧ

1238 2117 1355 2156 πάντα
1373 2115 1627 2164 συνείληπται,
1650 2114 1749 2163 ἔθος,
1772 2114 1894 2162 πόλις,
1917 2113 2050 2166 πατήρ,
2070 2113 2202 2166 μήτηρ,
2219 2129 2297 2151 και-

1240 2176 1296 2229 ρὸς
1318 2174 1547 2223 ἀποκυήσεως
1558 2206 1568 2223 ,
1585 2176 1690 2225 σῶμα
1710 2173 1841 2213 τοιόνδε
1853 2204 1863 2222 ,
1882 2172 2075 2227 ἀνατροφαί
2085 2204 2095 2223 ,
2114 2173 2174 2212 καὶ
2189 2173 2297 2227 τύχαι

1240 2239 1407 2273 παντοῖαι
1427 2235 1477 2287 τῷ
1501 2233 1567 2287 βίῳ
1588 2232 1856 2286 προσήκουσαι,
1876 2234 2004 2286 τρόπος
2023 2233 2208 2282 τελευτῆς,
2228 2234 2288 2272 καὶ

1239 2293 1359 2346 καιρὸς
1398 2292 1704 2345 ἀποτεταγμένος·
1735 2293 1797 2331 καὶ
1827 2291 1959 2331 τούτων
1992 2291 2158 2331 ἁπάντων
2184 2292 2297 2344 φύλαξ

1239 2352 1298 2392 καὶ
1321 2350 1581 2404 ἀποπληρωτὴς
1601 2353 1618 2389 ὁ
1637 2350 1790 2404 εἰληχὼς
1807 2350 1957 2403 Δαίμων
1973 2350 2136 2398 ἕστηκεν.
2155 2350 2296 2391 Existi-

1240 2421 1319 2450 mat
1345 2411 1468 2462 igitur
1495 2410 1705 2450 Sallustius
1738 2411 1808 2463 qui
1840 2411 1883 2450 in
1918 2413 2051 2463 priore
2084 2411 2168 2449 vita
2196 2411 2304 2451 alios

1240 2470 1366 2509 oculis
1386 2469 1633 2521 privaverint
1659 2482 1727 2508 eos
1753 2471 1896 2508 iterum
1918 2470 1962 2508 in
1980 2469 2080 2508 hanc
2098 2470 2218 2508 vitam
2242 2470 2297 2509 ita

1239 2529 1464 2582 proficisci,
1483 2537 1527 2567 ut
1552 2529 1645 2567 caeci
1673 2538 1907 2578 nascantur;
1926 2528 2156 2581 similesque
2182 2542 2296 2569 rena-

1239 2588 1440 2629 scentibus
1465 2597 1640 2627 veterum
1675 2589 1907 2627 delictorum
1949 2601 2086 2640 poenas
2110 2588 2294 2639 irrogari.

1238 2671 1291 2679 —
1307 2647 1378 2700 ῑμὴ
1400 2649 1452 2687 δεῖ
1472 2646 1565 2692 ἅπαξ
1586 2647 1787 2692 ἐξελθούσας
1802 2647 1862 2687 τὸν
1882 2646 2023 2686 ἅπαντα
2045 2650 2155 2687 αἰῶνα
2178 2648 2294 2699 μένειν

1240 2711 1274 2748 ἐν
1296 2708 1470 2762 ἀργείᾳ;]
1492 2708 1659 2760 scripsi3
1686 2708 1802 2747 codd.
1830 2707 1880 2758 μὴ
1910 2709 1981 2747 δεῖν
2013 2707 2108 2754 ἅπαξ
2129 2708 2295 2752 ἐλθούσας

1240 2768 1298 2807 τὸν
1335 2768 1475 2806 ἅπαντα
1500 2770 1612 2806 αἰῶνα
1643 2766 1758 2819 με’νειν
1788 2769 1823 2806 ἐν
1846 2767 1985 2821 ἀργείᾳ.
2011 2768 2073 2807 Cf.
2103 2767 2214 2806 Plato
2246 2768 2294 2806 de

1236 2913 1335 2947 pore,
1363 2903 1418 2936 alii
1444 2903 1545 2937 etiam
1572 2903 1614 2936 ab
1633 2903 1702 2945 ipso
1722 2902 1831 2936 animo
1853 2903 1934 2946 aegri
1954 2906 2157 2937 nascuntur?
2183 2907 2294 2942 Quum

1236 2965 1349 2995 autem
1365 2964 1484 2995 natura
1499 2962 1564 2996 hoc
1578 2962 1625 2996 ita
1643 2963 1870 3005 comparatum
1891 2963 1935 2996 sit
1946 2988 1955 3004 ‚
1973 2965 2013 2996 ut
2032 2963 2150 2997 animae
2166 2963 2200 2996 in
2218 2973 2292 2997 cor-

1235 3031 1315 3065 pore
1329 3024 1512 3064 versentur,
1526 3031 1606 3055 num
1617 3022 1719 3056 semel
1733 3023 1925 3065 corporibus
1936 3022 2066 3065 elapsas
2076 3031 2135 3066 per
2147 3023 2294 3056 omnium

1237 3082 1437 3115 saeeulorum
1464 3082 1659 3116 memoriam
1683 3083 1790 3115 otiose
1814 3082 1927 3115 vivere
1950 3084 2105 3125 oportet?
2128 3084 2210 3115 Nam
2232 3082 2294 3115 nisi

1236 3151 1351 3174 rursus
1374 3141 1493 3174 animae
1519 3142 1553 3174 in
1573 3151 1711 3184 corpora
1727 3145 1917 3182 transeunt,
1937 3143 2126 3175 innumeras
2147 3151 2218 3175 esse
2234 3150 2292 3174 ne-

1236 3209 1327 3233 cesse
1343 3202 1411 3238 est,
1432 3202 1490 3232 aut
1510 3199 1607 3233 deum
1629 3210 1758 3243 semper
1781 3201 1862 3233 alias
1890 3201 2030 3243 gignere.
2076 3200 2139 3233 Sed
2156 3210 2195 3232 ne
2213 3200 2291 3231 inli-

1235 3260 1341 3292 nitum
1369 3259 1504 3301 quidem
1533 3260 1717 3302 quidquam
1736 3262 1787 3294 est
1814 3261 1848 3293 in
1866 3260 2008 3299 mund03
2036 3269 2112 3292 nam
2135 3260 2168 3291 in
2200 3259 2290 3291 finito

1235 3319 1316 3353 nihil
1337 3319 1424 3362 quod
1444 3319 1609 3353 infinitum
1628 3320 1671 3354 sit
1686 3320 1861 3354 exorietur.
1910 3323 2023 3362 Neque
2045 3328 2123 3352 vero
2151 3318 2221 3350 lieri
2234 3327 2291 3359 po-

1238 3381 1322 3418 test,
1345 3382 1383 3413 ut
1409 3379 1484 3413 aliae
1514 3382 1712 3421 nascentum
1745 3389 1842 3413 omne
1871 3380 1978 3419 enim,
2007 3380 2041 3412 in
2069 3388 2135 3420 quo
2165 3376 2289 3418 aliquid

1237 3449 1359 3473 novum
1375 3439 1431 3481 fit,
1449 3440 1549 3473 simul
1564 3440 1796 3483 imperfectum
1817 3440 1860 3473 sit
1873 3448 2007 3473 necesse
2021 3440 2083 3472 est.
2126 3436 2287 3471 Mundum

1237 3508 1316 3534 vero
1333 3509 1352 3533 a
1371 3500 1517 3542 perfecto
1538 3502 1748 3542 procreatum
1768 3500 1950 3542 perrectum
1968 3508 2039 3533 esse
2054 3498 2159 3531 decet.

2151 3564 2170 3596 4
