2508 3776
601 159 913 222 E'THICORUM
943 179 1399 223 NICOMACHEORUM
1426 182 1806 226 PARAPHRASIS.

551 271 647 325 Κεφ.
681 270 738 312 ιθ’.

121 382 230 425 Λύσις
240 381 309 416 τῶν
322 379 447 426 λόγων,
462 383 534 426 περὶ
556 379 601 416 ὧν
618 386 638 424 ἠ
653 385 755 425 ἡδονὴ
771 385 864 418 δοκεῖ
877 386 922 428 μὴ
937 386 1057 428 ἀγαθὸν
1077 385 1173 419 εἶναι.

175 475 286 520 “On
297 478 367 533 γὰρ
381 481 445 520 οὔκ
458 481 596 533 ἀνάγκη
605 480 662 520 διὰ
675 480 754 526 τους
768 482 970 535 εἰρημένους
979 482 1104 536 λόγους
1122 483 1172 536 μὴ

120 531 280 581 avet&
237 539 302 588 τὴν
321 540 451 589 ἡδονὴν
474 541 626 593 ἀγαθόν,
651 541 740 592 μηδὲ
757 541 797 580 τὸ
814 542 978 594 ἄριστον,
1001 544 1043 582 ἐκ
1063 545 1174 582 τῶνδε

121 598 239 647 δῆλον.
247 597 352 640 Ἐπεὶ
370 599 481 653 γὰρ
449 615 489 639 το
501 600 631 653 ἀγαθὸν
644 600 752 653 διχῶς
761 599 957 652 λεγεται,
925 616 964 639 το
980 600 1043 651 μὲν
1053 601 1176 646 ἁπλῶς

121 658 183 699 καὶ
192 661 271 699 καθ’
288 658 374 698 αὑτὸ
387 658 448 699 καὶ
463 658 605 712 κυρίως,
616 661 663 703 ὡς
675 661 697 706 ἡ
712 658 841 712 ἀρετή,
860 658 901 697 τὸ
918 659 955 697 δὲ
971 662 1038 712 οὐχ
1054 660 1177 705 ἁπλῶς

122 718 188 774 μὲν
205 717 353 772 ἀγαθόν,
366 718 442 758 ’τινὶ
461 717 499 758 δὲ
516 718 663 770 ἀγαθόν,
681 719 730 762 ὥς
748 717 789 756 τὸ
801 719 1019 757 λωποδυτεῖν
1031 721 1081 772 τῷ
1097 721 1176 758 λω-

32 800 50 834 χ
119 778 256 832 ποδύτῃ
277 778 408 830 ἀγαθόν
420 809 431 828 ,
452 777 642 819 ἀκόλουθόν
666 779 760 817 ἐστιν
776 777 832 817 ὅτι
847 778 907 817 καὶ
922 779 1024 832 φύσις
1046 785 1147 817 πᾶσα
1162 807 1174 828 ,

39 842 51 886 f'
120 838 183 878 καὶ
201 837 268 885 ἵξις
282 867 295 890 ,
316 838 378 879 καὶ
390 843 490 878 πᾶσα
507 836 664 887 κίνησις,
678 836 740 876 καὶ
760 836 917 889 γένεσις,
943 841 965 885 ἡ
994 838 1057 888 μὲν
1073 837 1176 876 ἔσται

34 899 35 905 ’
55 935 57 939 ,
121 899 245 944 ἅπλῶς
262 897 397 951 ἀγαθή,
413 901 437 946 ἡ
452 896 490 936 δέ
513 912 598 938 τινι.
620 895 779 946 Ὁμοίως
800 896 861 935 καὶ
891 897 949 936 ἐπὶ
969 901 1030 936 τοῦ
1046 899 1173 937 κακοῦ.

121 957 288 1007 Κινήσιις
305 956 387 1011 γάρ,
411 957 473 996 καὶ
499 956 667 1009 γενέσεις,
695 957 756 995 καὶ
779 956 864 1002 ἕξεις
885 957 922 995 αἱ
952 956 1015 1008 μὲν
1044 957 1178 1010 φαῦλαι

52 1040 61 1069 χ
75 1016 78 1018 ’
120 1014 264 1067 ἅπλῶς,
277 1018 315 1057 αἱ
325 1016 364 1057 δέ
375 1031 466 1066 τινι,
483 1015 628 1056 καὶτῶν
645 1015 788 1071 φαύλων
803 1016 886 1056 τινί·
906 1017 967 1056 καὶ
982 1017 1019 1055 αἱ
1035 1015 1100 1068 μὲν
1117 1016 1177 1056 καὶ

121 1078 179 1120 ἀεὶ
197 1077 330 1135 φαῦλαί
350 1093 439 1125 τινι,
471 1077 507 1115 αἱ
528 1075 565 1116 δὲ
585 1075 679 1116 κατά
699 1091 777 1115 τινα
802 1075 949 1129 τρόπον,
969 1075 1030 1115 καὶ
1060 1074 1177 1126 ὀλίγον

120 1138 258 1194 χρόνον·
272 1137 394 1181 ἁπλῶς
408 1134 471 1188 μὲν
491 1136 623 1190 φαῦλαι
641 1141 742 1175 πᾶσα
758 1135 880 1176 κακία·
897 1136 966 1175 τινὶ
987 1136 1024 1175 δὲ
1045 1137 1177 1188 φαῦλον

121 1201 146 1246 ἡ
168 1196 375 1251 σωφροσύνη
395 1197 446 1249 τῷ
466 1194 676 1249 ἀκολάστῳ,
697 1195 758 1234 καὶ
779 1195 858 1247 ἀεί,
880 1194 942 1234 καὶ
962 1195 1078 1234 πάντα
1099 1195 1180 1248 τρό·

122 1272 199 1298 πον·
219 1254 288 1296 τινὶ
309 1251 345 1295 δὲ
361 1256 493 1310 φαῦλον
504 1286 515 1305 ,
529 1254 588 1294 καὶ
606 1257 669 1294 οὐκ
687 1254 762 1304 ἀεί,
780 1254 821 1294 τὸ
838 1254 1108 1294 ἀκολασταίνειν
1125 1258 1176 1310 τῷ

123 1318 285 1371 ἀκρατεῖ.
307 1317 384 1363 Τῆς
403 1315 471 1368 γὰρ
485 1314 672 1365 ἐπιθυμίας
693 1314 899 1363 σὸεσθείσης
915 1316 1049 1368 φαῦλον
1069 1315 1177 1364 δοκεῖ,

121 1375 283 1430 καθάπερ
304 1373 367 1414 σὺν
399 1376 450 1428 τῷ
485 1373 590 1413 ποίθει
610 1374 743 1414 οὐκέτι.
763 1378 779 1397 ⁸
799 1374 905 1414 Ἐπεὶ
933 1374 1049 1414 τοίνυν
1077 1381 1178 1414 πᾶσα

121 1436 257 1486 κίνησις
272 1434 333 1476 καὶ
346 1433 479 1488 γένεσις
501 1432 593 1473 οὕτω
613 1435 818 1488 διαιρεῖται,
842 1435 903 1474 καὶ
930 1437 952 1481 ἡ
977 1433 1042 1485 μὲν
1057 1434 1179 1479 ἁπλῶς

122 1494 241 1550 φαύλη
267 1497 290 1543 ἡ
310 1493 348 1534 δέ
362 1509 443 1542 τινι,
462 1493 596 1542 κίνησις
614 1494 651 1533 δὲ
669 1493 730 1534 καὶ
757 1493 885 1543 ἡδονή,
907 1493 1055 1571 φανερὸν
1073 1493 1126 1532 ὅτι
1138 1494 1178 1533 οὖ

122 1560 225 1596 πᾶσα
243 1553 351 1604 ἡδονὴ
372 1554 518 1609 φαῦλον·
535 1552 610 1592 ἔστι
622 1553 690 1607 γὰρ
706 1552 883 1601 ἥδεσθαι’
868 1553 921 1607 εφ’
940 1557 989 1598 οἱς
1004 1554 1068 1602 δεῖ,
1092 1554 1177 1593 ὅταν

121 1629 174 1660 τις
194 1612 360 1663 ἥδηταιῦ
380 1611 438 1652 ἃττ’
459 1612 608 1667 ἀρετῇ
589 1630 612 1660 η
643 1611 774 1666 σοφία,
803 1611 865 1651 καὶ
902 1611 996 1651 ἔστιν
1029 1612 1178 1660 ἥδεσθαι

120 1672 183 1714 ἀπὶ
200 1672 368 1729 φαύλοις,
387 1671 450 1712 καὶ
469 1671 560 1718 ὅλως
587 1672 703 1716 καθὼς
735 1671 887 1711 καθόλου
919 1672 1174 1726 διωρισάμεθα.

47 1728 57 1739 ⁵
118 1730 205 1774 Ἔτι
237 1736 301 1772 τοῦ
323 1733 456 1784 ἀγαθοῦ
490 1731 531 1771 τὸ
557 1731 623 1783 μέν
657 1733 750 1771 ἐστιν
777 1731 865 1781 ἕξις,
892 1731 1014 1786 ὥσπερ
1043 1735 1062 1771 ὁ
1085 1732 1177 1786 ἔχων

48 1794 59 1823 ἒ
121 1790 345 1840 δικαιοσύνης
363 1789 448 1838 ἕξιν·
465 1789 506 1830 τὸ
521 1790 559 1830 δὲ
579 1790 759 1845 ἐνέργεια,
777 1789 898 1844 ὥσπερ
918 1794 937 1830 ὁ
957 1795 1080 1831 ποιῶν·
1100 1796 1123 1840 ἡ
1141 1793 1178 1832 δὲ

121 1851 279 1907 ἐνέργεια
300 1851 365 1900 τὴν
387 1849 618 1891 ἐλλείπουσαν
651 1850 718 1896 ἕξιν
750 1851 953 1903 ἀναπληροῖ
985 1855 1048 1899 τῆς
1079 1855 1179 1906 ἐνερ-

120 1911 239 1966 γείας,
258 1909 408 1959 σώζεται
427 1910 464 1950 δὲ
489 1910 550 1950 καὶ
571 1913 594 1958 ἡ
616 1909 748 1963 φυσικὴ
768 1911 850 1955 ἕξις·
874 1909 995 1964 ὥσπερ
1019 1914 1041 1959 ἡ
1063 1911 1178 1964 ὑγίεια

41 1982 43 1987 “
122 1970 278 2025 ἔγκειται
296 1971 384 2022 μέν,
414 1970 565 2017 σώζεται
596 1971 633 2009 δὲ
659 1969 717 2009 διὰ
746 1972 816 2010 τῶν
845 1971 1005 2023 ὑγιεινῶν
1040 1971 1175 2010 σιτίων.

31 2034 42 2077 ζ
59 2046 62 2050 ’
104 2030 224 2080 Αὕτη
240 2031 284 2079 δὴ
301 2034 325 2080 ἡ
342 2029 498 2085 ἐνέργεια
511 2033 536 2078 ἡ
557 2029 718 2076 σώζουσα
734 2029 798 2079 τὴν
821 2029 891 2076 ἕξιν
905 2061 916 2079 ,
939 2030 1112 2084 ὁποτέραν
1137 2031 1180 2071 ἄν

121 2106 175 2137 τις
192 2090 304 2140 εἴποι,
321 2091 424 2139 ἡδεῖα
441 2089 506 2143 μέν
515 2121 528 2141 ,
545 2090 585 2129 οὗ
599 2091 679 2129 καθ’
693 2090 780 2129 αὑτὸ
796 2090 855 2142 δέ,
872 2089 965 2128 ἀλλὰ
982 2089 1076 2129 κατὰ
1096 2106 1184 2142 συμ-

36 2130 42 2168 ‘⁷
79 2187 82 2189 Α
122 2148 286 2199 ὅεὸηκός.
322 2149 378 2190 Οὔ
397 2147 466 2202 γὰρ
487 2148 573 2188 αὐτὸ
604 2147 644 2187 τὸ
664 2148 892 2202 ἀναπληροῦν
914 2147 955 2187 τὸ
976 2148 1090 2187 ἐνδέον
1119 2151 1183 2195 τῆς

122 2208 227 2255 ἕξεως
243 2207 335 2257 αὕτη
355 2206 450 2248 ἐστὶν
469 2210 493 2256 ἡ
514 2206 648 2256 ἡδονή,
668 2207 762 2246 ἀλλὰ
782 2206 896 2261 τούτῳ
913 2205 1038 2247 ἕπεται
1054 2207 1179 2256 ἡδονή·

36 2273 61 2312 ’,
122 2268 154 2309 εἶ
183 2267 254 2323 γὰρ
285 2271 389 2308 τοῦτο
418 2262 464 2317 ἧν
492 2266 631 2319 ἡδονή,
664 2267 915 2320 ἀναπλήρωσις
940 2270 1004 2314 τ’ῆς
1032 2269 1182 2320 φυσικῆς

123 2326 226 2375 ἕξεως
243 2325 268 2375 ἢ
286 2329 352 2375 τ’ἧς
376 2328 535 2376 ἐθιστῆς,
559 2325 621 2366 καὶ
651 2331 754 2366 πᾶσα
774 2325 816 2365 ἂν
836 2325 958 2374 ἡδονή·
977 2329 1036 2364 νῦν
1060 2325 1095 2364 δὲ
1118 2328 1184 2379 οὐχ

39 2406 61 2414 ⁴·
122 2385 232 2432 οὔπως
251 2385 342 2440 ἔχει·
373 2387 438 2426 οὐκ
470 2385 541 2439 ἄρα
560 2385 663 2426 τοῦτό
683 2388 778 2426 ἐστιν
802 2386 936 2435 ἡδονή,
971 2385 1104 2436 γένεσις
1135 2388 1183 2430 εἷς

122 2444 228 2502 φύσιν
256 2443 423 2494 αἰσθητή·
443 2460 546 2485 τουτο
570 2445 639 2498 γάρ
672 2446 765 2485 ἐστιν
802 2447 826 2493 ἡ
846 2445 1097 2498 ἀναπλήρωσις
1122 2447 1182 2485 τοῦ

49 2532 61 2555 -„
98 2507 281 2563 ’φυσικῶς
309 2503 496 2550 ἐνδέοντος·
532 2503 595 2545 καὶ
629 2504 722 2544 ουτω
747 2503 870 2544 λύεται
893 2504 933 2545 τὸ
964 2503 1183 2567 ἐπιχείρημα

51 2566 54 2567 ’
123 2567 196 2606 τῶν
217 2564 438 2619 συναγόντων
469 2564 648 2616 μηδεμίαν
668 2564 797 2612 ἡδονὴν
818 2565 948 2617 ἀγαθὸν
972 2568 1076 2604 εἰναι.
1096 2562 1184 2604 Ὅτι

125 2625 163 2667 δὲ
181 2626 336 2666 &aava
355 2624 466 2674 ἡδονὴ
494 2623 745 2678 ἀναπλήρωσίς
773 2625 874 2675 ἐστι,
896 2625 1000 2671 δῆλον
1035 2623 1106 2663 ἀπὸ
1123 2627 1183 2662 τοῦ

54 2698 59 2704 ’
125 2684 188 2730 καὶ
207 2685 291 2726 ἄνευ
317 2683 434 2734 λύπης
463 2683 524 2724 καὶ
550 2683 739 2736 ἐπιθυμίας
759 2683 888 2732 ἡδονὰς
917 2687 1032 2732 εἶναι,
1061 2683 1125 2731 τὴν
1147 2682 1182 2722 δὲ

59 2757 62 2764 ’
125 2743 292 2794 τοιαύτην
319 2743 570 2798 ἀναπλήρωσιν
591 2743 674 2782 ἄνευ
705 2743 838 2783 τούτων
864 2744 926 2796 οὐκ
957 2736 1045 2782 εἶναι
1075 2743 1182 2782 δύνα-

126 2807 222 2845 σθαι·
242 2821 280 2845 αι
265 2804 364 2859 ’γὰρ
381 2806 417 2844 ἐν
436 2806 481 2858 τῇ
502 2802 632 2857 θεωρία
649 2805 718 2842 τῶν
734 2804 939 2854 ἐπιστημῶν
958 2801 1125 2851 ἡδοναι”
1102 2817 1185 2841 ανευ

51 2869 69 2886 ’“
127 2863 348 2911 Ξνδείαςεῖσὶ
364 2863 426 2904 καὶ
437 2863 566 2911 λύπης.
581 2861 752 2903 Ἐπειδὰν
770 2862 839 2916 γὰρ
853 2866 876 2910 ἡ
894 2861 1005 2914 μήπω
1021 2876 1186 2915 παρουσα

59 2941 70 2951 ⁴·
127 2924 308 2977 ἐπιστήμη
331 2924 517 2978 ἐγγένηται
535 2925 580 2976 τῇ
603 2924 722 2976 ψυχῇ,
737 2922 866 2970 ἡδονὴν
891 2921 985 2974 μὲν’
969 2922 1113 2969 εποίησε
1132 2922 1184 2973 τῷ

54 3005 65 3014 ·=
99 3015 101 3017 .
125 2986 317 3038 παρεῖναι,
341 2983 461 3032 λύπην
496 2982 534 3023 δὲ
572 2982 741 3034 οὐδεμίαν
773 2984 911 3021 ἀποῦσα
932 2982 1076 3032 δίδωσι,
1107 2979 1184 3020 ἐπεὶ

61 3067 67 3069 ⁴
99 3042 102 3043 ⁷
126 3045 205 3086 om
223 3043 376 3085 1v8eloi’
360 3059 454 3084 εστιν
469 3045 492 3092 ἡ
512 3042 667 3082 ἀπουσία
681 3059 743 3091 της
764 3042 975 3092 ἐπιστήμης·
997 3043 1036 3080 οὐ
1057 3043 1185 3095 γᾶρν
1142 3034 1185 3088 ἦν

34 3119 39 3123 ”
128 3104 187 3145 ὅτε
201 3106 322 3160 παρῆν
339 3107 363 3154 ἡ
384 3103 578 3156 ἐπιστήμη·
598 3119 657 3143 νυν
684 3102 720 3142 δὲ
744 3102 918 3141 ἀπώλετο·
937 3100 996 3139 καὶ
1019 3114 1181 3151 σωματι-

129 3162 191 3204 καὶ
221 3122 278 3204 δὶρ
286 3163 411 3213 ἡδοναί
434 3165 522 3204 εἰσιν
548 3162 659 3207 οὕτως
689 3162 860 3236 ἔχουσαιν
863 3161 922 3200 ἄνε
925 3177 945 3199 υ
967 3159 1101 3204 ἐνδείας
1123 3158 1184 3199 καὶ

128 3222 259 3272 λύπης.
295 3223 369 3264 Καὶ
396 3223 465 3278 γὰρ
492 3223 532 3263 οὗ
562 3222 666 3275 μόνον
687 3224 813 3265 ἐνδεεῖς
839 3220 932 3264 ὄντες
951 3221 1082 3273 τροφῆς
1105 3217 1186 3267 ἡδό-

131 3285 226 3342 pnfln
255 3281 484 3336 τρεφόμενοι,
515 3282 609 3322 ἀλλὰ
639 3282 701 3321 καὶ
729 3280 821 3333 μετὰ
856 3280 898 3320 τὸ
920 3282 1112 3332 πληρῶσαι
1144 3279 1184 3318 τὸ

131 3336 312 3392 ἀλλεῑπον,
328 3341 422 3382 ἔστιν
444 3336 493 3388 οἷς
510 3341 680 3395 ἡδόμεθα·
702 3342 742 3380 οὗ
760 3341 828 3393 γὰρ
847 3342 919 3384 τοῖς
951 3340 1069 3383 αὐτοῖς
1097 3338 1179 3392 χαί-

2211 191 2288 230 481

1668 296 1747 339 Cap.
1770 297 1855 329 XIX.

1237 383 1398 414 Dissolutio
1410 386 1672 422 argumentorum,
1691 386 1799 423 quibus
1813 386 2007 423 voluptatem
2020 385 2136 416 bonum
2153 392 2218 416 non
2232 391 2295 416 esse

1682 433 1825 471 probant.

1278 499 1350 530 Non
1365 496 1461 539 sequi
1486 506 1563 540 ergo
1581 507 1623 531 ex
1650 498 1691 531 iis
1709 508 1788 542 quae
1812 498 1977 541 diximus,
2003 499 2213 543 voluptatem
2236 504 2296 535 aut

1237 553 1361 588 bonum
1377 562 1442 585 non
1470 561 1543 586 esse
1567 555 1626 586 aut
1652 563 1717 587 non
1737 563 1809 588 esse
1835 555 2020 598 optimum,
2052 564 2094 588 ex
2119 555 2172 588 his
2191 557 2294 598 patet.

1237 613 1351 650 Quum
1366 609 1454 643 enim
1474 609 1598 643 bonum
1619 610 1800 653 dupliciter
1816 611 1959 652 dicatur,
1978 613 2121 646 alterum
2136 612 2295 655 simplici-

1237 669 1300 707 ter,
1319 675 1378 709 per
1390 675 1425 699 se
1437 668 1471 700 et
1483 667 1632 709 proprie,
1651 670 1690 700 ut
1705 668 1829 708 virtus,
1849 669 1992 702 alterum
2006 678 2071 702 non
2089 667 2294 711 simpliciter,

1238 723 1297 757 sed
1315 723 1414 756 alicui
1427 724 1563 762 bonum,
1584 726 1623 757 ut
1642 725 1785 767 grassari
1804 726 1983 768 grassatori
1998 726 2123 759 bonum
2135 728 2203 765 est,
2221 725 2297 758 inde

1238 780 1382 813 eflicitur
1406 780 1524 820 etiam,
1549 790 1682 815 omnem
1707 785 1863 816 naturam
1898 785 1932 816 et
1960 783 2135 823 habitum,
2166 791 2298 815 omnem

1237 835 1319 868 item
1337 838 1468 869 motum
1494 839 1669 870 et‘ortum
1697 838 1819 880 partim
1842 839 2013 877 absolute,
2044 838 2165 881 partim
2198 837 2299 870 alicui

1238 891 1362 925 bonum
1378 901 1462 926 esse.
1486 892 1651 926 Similiter
1682 896 1715 927 et
1733 894 1767 926 in
1794 895 1883 927 malo
1911 904 1946 928 se
1963 904 2016 928 res
2043 894 2155 928 habet.
2186 895 2300 927 Motus

1238 949 1326 981 enim
1338 975 1346 990 ,
1373 951 1469 982 ortus
1479 951 1513 982 et
1529 950 1666 983 habitus
1680 950 1819 992 quidam
1833 951 1984 984 absolute
2009 951 2088 983 mali
2107 952 2204 988 sunt,
2222 959 2300 982 non-

1238 1006 1323 1039 nulli
1347 1006 1448 1038 alicui
1469 1008 1620 1046 tantum,
1650 1006 1752 1050 idque
1786 1007 1920 1040 cuidam
1946 1007 2035 1040 malo
2057 1021 2064 1040 :
2099 1016 2218 1040 rursus
2243 1006 2300 1039 alii

1239 1071 1369 1105 semper
1384 1061 1485 1095 alicui
1502 1062 1582 1095 mali
1598 1065 1695 1101 sunt,
1711 1062 1766 1095 alii
1783 1063 2030 1105 quodammodo
2046 1065 2079 1096 et
2093 1071 2272 1105 parumper
2290 1074 2298 1094 :

1239 1118 1273 1150 et
1290 1115 1444 1149 absolute
1459 1115 1597 1158 quidem
1614 1116 1693 1148 mali
1718 1115 1854 1148 habitus
1872 1119 1950 1149 sunt
1969 1117 2080 1150 omnia
2101 1117 2182 1149 vitia
2207 1129 2214 1148 :
2230 1116 2302 1148 cui⁴

1239 1171 1317 1205 dam
1333 1180 1414 1205 vero
1434 1171 1523 1204 mala
1540 1180 1603 1210 res,
1623 1172 1661 1203 ut
1678 1171 1899 1214 temperantia
1914 1171 2149 1214 intemperanti
2165 1173 2199 1203 et
2218 1179 2302 1202 sem-

1238 1236 1298 1270 per
1315 1229 1349 1260 et
1366 1227 1456 1259 omni
1481 1226 1581 1259 modo
1607 1240 1614 1258 2
1644 1226 1777 1260 cuidam
1804 1226 1950 1270 denique
1972 1227 2119 1267 malum,
2145 1226 2205 1259 sed
2235 1234 2300 1258 non

1239 1281 1436 1322 semper-„ut
1451 1278 1667 1311 incontinenti
1682 1278 1852 1312 luxuriose
1866 1279 1991 1312 vivere.
2006 1281 2156 1321 Namque
2170 1279 2302 1320 expleta

1240 1332 1430 1375 cupiditatess
1446 1331 1574 1364 malum
1597 1331 1741 1371 videtur,
1761 1331 1864 1365 animi
1889 1331 2008 1365 ardore
2038 1331 2133 1374 quasi
2161 1331 2301 1374 abrepto

1240 1396 1305 1420 non
1328 1387 1420 1419 item.
1453 1387 1567 1424 Quum
1584 1394 1662 1427 ergo
1684 1386 1793 1419 omnis
1816 1388 1891 1418 tum
1910 1386 2013 1418 motio
2038 1386 2086 1418 ita
2110 1385 2296 1424 dividatur,

1240 1442 1315 1473 tum
1341 1439 1527 1481 generatio,
1551 1439 1662 1481 sitque
1684 1438 1749 1471 alia
1771 1438 1926 1471 absolute
1943 1438 2054 1477 mala,
2076 1438 2141 1471 alia
2165 1437 2299 1470 cuidam

1240 1494 1390 1531 tantum,
1408 1492 1513 1524 motio
1526 1493 1640 1524 autem
1662 1492 1817 1534 voluptas
1838 1500 1973 1534 quoque
1994 1491 2055 1531 sit,
2075 1493 2213 1533 apparet
2238 1500 2303 1523 non

1240 1555 1371 1579 omnem
1388 1545 1597 1588 voluptatem
1611 1554 1684 1578 esse
1699 1545 1827 1578 malum
1846 1556 1853 1577 z
1874 1547 1983 1587 potest
2001 1545 2125 1587 quippe
2143 1543 2303 1577 delectari

1240 1600 1362 1643 aliquis
1382 1599 1493 1640 rebuS,
1516 1599 1642 1642 quibus
1657 1598 1817 1633 delectari
1835 1599 1943 1640 decet,
1960 1608 2066 1641 quum
2084 1598 2162 1641 quis
2176 1598 2304 1631 virtute

1241 1653 1294 1687 vel
1318 1653 1479 1696 sapientia
1488 1652 1695 1693 [delectatum
1726 1652 1815 1685 sicut
1836 1654 1952 1685 contra
1987 1652 2059 1684 lieri
2094 1653 2206 1694 potest
2224 1678 2230 1690 ,
2264 1653 2304 1684 ut

1241 1707 1342 1740 rebus
1356 1705 1455 1738 malis
1468 1705 1592 1748 aliquis
1605 1704 1804 1747 delectetur,
1821 1706 1855 1738 et
1867 1705 2001 1737 omnino
2018 1703 2304 1747 quemadmodum

1242 1759 1397 1792 universe
1409 1758 1636 1791 distinximus.
1652 1759 1819 1791 Praeterea
1838 1757 1964 1791 bonum
1979 1756 2071 1790 aliud
2087 1760 2138 1790 est
2154 1756 2301 1795 habitus,

1241 1816 1281 1847 ut
1299 1814 1358 1856 qui
1378 1812 1521 1855 justitiae
1540 1812 1695 1845 habitum
1715 1811 1819 1845 habet
1836 1825 1846 1844 ·.
1871 1811 1963 1844 aliud
1981 1813 2032 1844 est
2052 1813 2167 1849 actus,
2184 1813 2223 1844 ut
2243 1809 2303 1853 qui

1242 1866 1324 1901 facit
1346 1875 1470 1910 :porro
1492 1868 1588 1898 actus
1609 1864 1819 1898 deficientem
1846 1864 2000 1898 habitum
2024 1867 2101 1898 actu
2135 1874 2197 1898 suo
2221 1873 2304 1907 sup-

1242 1921 1326 1965 plet,
1349 1919 1408 1953 sed
1427 1922 1461 1952 et
1478 1919 1641 1952 naturalis
1657 1918 1795 1952 habitus
1813 1921 2032 1952 conservatur
2052 1928 2060 1947 ε
2078 1919 2165 1952 sicut
2181 1918 2306 1951 sanitas

1242 1975 1330 2008 inest
1345 1972 1497 2016 quidem,
1523 1972 1583 2005 sed
1606 1974 1719 2005 tamen
1743 1971 1937 2005 salubribus
1962 1971 2047 2004 cibis
2071 1973 2303 2005 conservatur.

1243 2027 1348 2059 Actus
1363 2035 1440 2068 ergo
1455 2025 1515 2068 qui
1536 2026 1712 2058 conservat
1737 2024 1912 2063 habitum,
1942 2026 2153 2067 utrocunque
2182 2024 2307 2056 dicitur

1243 2080 1362 2119 modo,
1388 2082 1440 2112 est
1454 2079 1641 2122 jucundus,
1673 2088 1738 2111 non
1769 2087 1829 2120 per
1858 2087 1894 2111 se
1911 2080 2041 2116 tamen,
2059 2077 2117 2110 sed
2144 2085 2203 2119 per
2218 2076 2307 2109 acci-

1244 2133 1336 2167 dens.
1360 2135 1477 2176 Neque
1503 2132 1592 2166 enim
1618 2131 1654 2165 in
1690 2130 1877 2174 supplendo
1899 2131 1973 2174 ipso
2002 2131 2137 2164 habitus
2169 2129 2306 2164 defectu

1244 2187 1352 2230 posita
1378 2188 1430 2219 est
1452 2186 1627 2228 voluptas,
1650 2184 1709 2218 sed
1737 2194 1811 2218 eam
1839 2194 1910 2217 rem
1941 2184 2095 2227 sequitur
2120 2184 2276 2226 voluptas
2296 2195 2304 2215 ι

1244 2240 1404 2274 nimirum
1425 2239 1454 2272 si
1468 2239 1626 2282 voluptas
1641 2238 1676 2271 in
1695 2247 1733 2271 eo
1749 2240 1944 2270 versaretur
1957 2263 1964 2277 ,
1983 2240 2022 2270 ιιι
2039 2236 2192 2270 defectus
2208 2237 2307 2270 habi-

1245 2296 1302 2327 tus
1318 2293 1370 2325 vel
1385 2292 1549 2325 naturalis
1567 2291 1623 2325 vel
1646 2290 1863 2324 assuetudine
1879 2290 2064 2333 comparati
2081 2290 2304 2333 suppleretur,

1245 2349 1353 2382 omnis
1369 2347 1470 2381 etiam
1487 2347 1642 2389 voluptas
1664 2345 1754 2379 idem
1773 2344 1922 2378 efficeret
1939 2357 1947 2377 ε
1969 2355 2058 2378 nunc
2076 2354 2156 2378 vero
2176 2355 2242 2379 non
2260 2346 2308 2379 ita

1246 2411 1281 2436 se
1294 2412 1348 2435 res
1359 2400 1460 2435 habet
1477 2413 1484 2432 :
1504 2410 1570 2433 non
1585 2409 1663 2442 ergo
1675 2399 1719 2432 ad
1733 2401 1888 2432 naturam
1898 2401 1994 2432 ortus
2004 2399 2062 2442 qui
2073 2408 2171 2432 sensu
2182 2399 2307 2441 percipi

1246 2456 1360 2499 possit,
1378 2455 1532 2498 voluptas
1550 2456 1602 2487 est
1618 2465 1625 2486 ε
1642 2454 1706 2487 hoc
1719 2454 1808 2487 enim
1826 2453 1979 2487 defectus
1996 2453 2160 2486 naturalis
2171 2453 2307 2496 supple-

1246 2514 1395 2545 mentum
1416 2513 1467 2543 est
1488 2521 1495 2542 ·,
1517 2511 1619 2551 atque
1639 2508 1687 2541 ita
1709 2517 1826 2541 eorum
1845 2508 2079 2550 argumentum
2100 2505 2304 2545 confutatur,

1245 2566 1305 2610 qui
1324 2564 1451 2598 nullam
1465 2562 1672 2604 voluptatem
1691 2561 1818 2594 bonum
1839 2569 1912 2594 esse
1930 2559 2100 2602 colligunt.
2127 2561 2201 2593 Jam
2227 2568 2307 2593 vero

1247 2629 1313 2653 non
1329 2627 1461 2652 omnem
1474 2618 1685 2658 voluptatem
1699 2625 1771 2650 esse
1786 2617 2025 2667 expletionem,
2041 2625 2083 2650 ex
2100 2625 2140 2649 eo
2156 2617 2304 2658 apparet,

1247 2676 1339 2721 quod
1356 2675 1457 2709 etiam
1483 2675 1553 2708 sine
1570 2673 1684 2707 dolore
1698 2676 1733 2708 et
1757 2673 1941 2717 cupiditate
1956 2672 2125 2708 nonnullae
2153 2673 2220 2706 sint
2245 2684 2307 2707 vo-

1248 2730 1412 2772 luptates,
1431 2729 1508 2762 talis
1525 2731 1638 2762 autem
1657 2728 1803 2772 expletio
1820 2728 1891 2762 sine
1910 2728 1964 2761 his
1983 2736 2055 2761 esse
2076 2736 2141 2760 non
2166 2728 2271 2771 possit
2296 2742 2304 2760 ι

1248 2794 1324 2817 nam
1336 2793 1415 2827 quae
1434 2793 1453 2816 e
1471 2783 1701 2816 doctrinarum
1725 2782 2005 2825 contemplatione
2020 2780 2216 2824 capiuntur,
2229 2781 2308 2814 'sine

1247 2837 1380 2872 defectu
1393 2839 1427 2871 et
1442 2837 1557 2870 dolore
1573 2838 1652 2870 sunt
1670 2837 1875 2880 voluptates.
1889 2838 2014 2878 Nempe
2035 2844 2142 2878 quum
2160 2835 2307 2869 nondum

1247 2893 1359 2932 adest,
1383 2892 1442 2924 sed
1461 2891 1571 2924 adhuc
1584 2891 1694 2924 animo
1709 2890 1897 2924 innascitur
1917 2889 2055 2923 scientia
2071 2918 2078 2928 ,
2100 2890 2306 2933 voluptatem

1247 2946 1384 2990 quidem
1401 2944 1503 2979 affert
1525 2955 1586 2979 sua
1613 2945 1805 2989 praesentia,
1836 2944 1895 2978 sed
1924 2943 2055 2977 nullum
2082 2946 2193 2977 tamen
2213 2944 2308 2977 dolo-

1248 3012 1319 3035 rem
1338 3001 1489 3035 absentia
1504 3010 1566 3034 sua
1579 3000 1675 3033 nobis
1698 2998 1795 3038 facit,
1811 2998 1973 3042 quoniam
1989 2998 2139 3031 scientiae
2159 2998 2308 3031 absentia

1247 3066 1288 3089 ne
1307 3055 1458 3089 defectus
1473 3054 1610 3097 quidem
1623 3054 1767 3088 habetur
1791 3068 1798 3086 :
1819 3062 1881 3087 nec
1895 3053 1983 3086 euim
2002 3054 2074 3085 erat
2090 3062 2197 3095 quum
2214 3052 2309 3085 ades-

1248 3112 1299 3143 set
1318 3108 1454 3142 scientia
1474 3118 1481 3137 ε
1507 3116 1595 3141 nunc
1610 3116 1692 3141 vero
1708 3107 1808 3150 periit
1827 3120 1836 3139 ι
1855 3105 1915 3139 sed
1931 3108 1965 3138 et
1981 3105 2129 3148 corporis
2151 3105 2308 3147 volupta-

1247 3165 1299 3196 tes
1320 3161 1476 3205 quaedam
1498 3162 1568 3196 sine
1588 3161 1721 3195 defectu
1742 3171 1782 3195 ac
1804 3160 1918 3194 dolore
1942 3160 2027 3193 tales
2056 3161 2144 3192 sunt.
2174 3159 2306 3191 Etenim

1248 3226 1313 3251 non
1340 3216 1448 3250 solum
1467 3225 1572 3259 quum
1601 3223 1738 3258 egemus
1767 3214 1860 3253 cibo,
1892 3213 2052 3246 alimento
2085 3212 2319 3254 delectamur„
2372 3236 2377 3239 .

1248 3270 1307 3305 sed
1326 3269 1427 3310 etiam
1454 3271 1634 3312 postquam
1665 3268 1897 3311 supplevimus
1921 3266 2106 3305 defectum,
2139 3266 2307 3299 nonnullis

1249 3324 1332 3358 cibis
1349 3323 1557 3357 delectamur
1587 3336 1597 3356 ε
1615 3331 1675 3356 nec
1694 3322 1782 3357 enim
1814 3323 1934 3356 iisdem
1964 3331 2069 3364 quum
2096 3329 2231 3363 egemus
2247 3319 2307 3353 de-

173 3453 193 3471 *
205 3453 285 3497 Gap.
302 3458 340 3488 12
357 3453 432 3488 Ὅτι
452 3457 481 3489 δ’
498 3454 538 3489 οὗ
553 3453 726 3497 συμὸαίνει
742 3453 798 3487 διὰ
816 3456 922 3486 ταῦτα
938 3453 1010 3486 κτλ.

258 3540 346 3565 mu..
367 3540 472 3566 GRAEC.
493 3540 542 3565 m.

2140 3533 2176 3562 31
