2508 3776
287 226 365 267 3¹6

287 312 446 365 τώτερον·
460 314 611 352 τοιοῦτον
629 310 666 350 δὲ
683 312 744 351 καὶ
763 311 802 351 τὸ
816 310 1025 364 ζητούμενον
1038 315 1166 366 ἀγαθόν
1181 317 1269 364 ἔστι,
1282 318 1320 355 οὐ

287 369 602 423 συναριθμούμενον
633 370 705 414 τοῖς
726 370 843 415 ἄλλοις
872 371 932 411 καὶ
950 374 1019 412 τῶν
1039 375 1184 427 αἱρετῶν
1215 376 1320 427 ἄκρον

287 428 456 481 ὑπάρχον·
472 427 602 467 τέλειον
616 428 683 481 γάρ
702 430 786 468 ἐστι·
802 429 892 469 τὸδὲ
910 430 1057 483 τέλειον,
1073 431 1320 486 αἱρετώτατον·

287 486 342 525 ἀεὶ
353 486 420 539 γὰρ
433 485 472 525 τὸ
487 485 698 539 τελειότερον
711 487 839 539 ἀγαθὸν
851 489 986 538 μᾶλλον
999 489 1202 543 αἱρούμεθα·
1215 495 1238 539 ἡ
1252 491 1319 543 ἄρα

286 545 491 597 εὐδαιμονία
512 545 589 584 ἐστὶ
616 545 657 584 τὸ
686 545 901 598 ζητούμενον
921 547 1034 592 τέλος.
1054 547 1162 602 Ἔχει
1190 552 1228 591 δέ
1243 565 1320 589 τινα

285 603 433 656 ἀπορίαν
453 606 472 644 ὁ
499 603 580 657 περὶ
599 609 661 644 τοῦ
682 604 882 657 αὐτάρκους
899 606 1015 658 λόγος.
1038 608 1084 646 Εἰ
1100 609 1167 661 γὰρ
1187 610 1265 649 τότε
1283 606 1322 645 τὸ

285 663 412 714 ἀγαθὸν
442 662 611 716 αὔταρκές
639 679 732 713 τινι,
762 663 845 702 ὅταν
865 666 959 718 αὐτῷ
977 665 1037 704 καὶ
1065 672 1154 706 πᾶσι
1173 674 1244 712 τοῖς
1271 666 1322 704 οἷ-

283 720 386 765 κείοις
405 721 558 774 ἀρκέσῃ,
588 719 649 760 καὶ
678 727 750 766 τοῖς
777 722 958 771 πολίταις,
993 724 1054 762 καὶ
1087 726 1156 770 τοῖς
1188 726 1319 780 φίλοις,

283 781 343 819 καὶ
375 780 427 819 ἔτι
446 786 519 825 τοῖς
550 780 687 825 οἰκείοις
720 780 779 820 καὶ
810 782 1010 833 συγγενέσιν
1044 783 1185 825 ἐκείνων
1201 815 1212 837 ,
1244 782 1321 823 ἐπεὶ

282 843 384 878 τοῦτο
411 840 459 883 εἷς
480 839 622 892 ἄπειρον
652 839 830 894 πρόεισιν,
860 841 923 879 οὐκ
954 840 993 879 ἂν
1017 843 1164 891 συσταίη
1199 843 1238 883 τὸ
1259 843 1321 882 αὔ-

282 912 405 948 ταρκες
425 899 568 950 ἀγαθόν.
588 897 705 937 Ὥστε
737 899 872 951 ἀνάγκη
899 899 1019 939 λαὸεῒν
1049 917 1128 940 τινα
1151 901 1228 956 ὅρον
1250 906 1317 942 τῶν

281 955 415 993 οἰκείων
428 985 440 1004 ,
463 956 515 1009 ἐφ’
534 956 591 1001 οὓς
611 958 661 995 δεῖ
682 957 838 1010 προϊέναι
869 958 908 997 τὸ
925 959 1068 1011 ἀγαθόν.
1093 960 1200 1002 Ἀλλὰ
1219 966 1320 1000 τοῦτο

282 1012 343 1064 μὲν
363 1017 512 1059 εἰσαῦθις
543 1017 781 1056 ἐπισκεπτέον·
809 1016 967 1069 λέγωμεν
1001 1018 1036 1057 δὲ
1056 1019 1137 1072 περὶ
1155 1023 1214 1059 τοῦ
1236 1036 1321 1072 προ-

281 1072 453 1124 κειμένου.

337 1132 505 1184 (Scripsi
529 1150 537 1172 :
556 1137 571 1155 '¹
588 1133 734 1186 χρῄζει]
756 1135 875 1186 vulgo
893 1134 1031 1188 χρήσει.
1053 1136 1130 1190 -)

713 1278 802 1330 Κεφ.
832 1277 894 1330 ιβ’.

278 1406 354 1439 ’Ότι
377 1406 409 1438 ἐν
437 1410 476 1448 τῇ
492 1405 579 1438 κατὰ
605 1405 699 1447 λόγον
721 1409 780 1439 τοῦ
801 1407 974 1450 ἀνθρώπου
999 1411 1063 1450 ζωῇ
1087 1411 1107 1447 ἡ
1132 1409 1317 1451 εὐδαιμονία

317 1453 528 1493 συνίσταται,
557 1453 612 1484 καὶ
644 1453 714 1485 ἔστι
739 1453 842 1496 ψυχῆς
868 1454 1010 1503 ἐνέργεια
1038 1457 1111 1487 κατ’
1136 1456 1257 1498 ἀρετὴν
1277 1458 1309 1490 ἐν

318 1500 379 1543 βίῳ
395 1499 520 1542 τελείῳ.

328 1607 351 1630 ⁴*
370 1605 423 1645 Τὸ
437 1605 499 1656 μὲν
522 1598 579 1644 οὐν
601 1603 713 1657 λέγειν
737 1604 800 1653 τὴν
823 1605 1042 1656 εὐδαιμονίαν
1063 1607 1147 1646 αὐτὸ
1166 1601 1254 1647 εἶναι
1277 1608 1318 1650 τὸ

275 1664 482 1716 ζητούμενον
499 1667 542 1717 τῇ
559 1665 719 1715 πολιτικῇ
737 1663 864 1713 ἀγαθὸν
882 1664 922 1703 τὸ
940 1663 1082 1716 ἄριστον
1095 1694 1107 1714 ,
1130 1666 1317 1718 ὁμολογού-

278 1724 379 1775 μενόν
398 1740 434 1763 τι
453 1723 626 1777 φαίνεται.
658 1722 825 1760 Ποθεῒται
856 1722 892 1760 δὲ
910 1724 1078 1775 λεχθῆναι
1108 1725 1188 1777 περὶ
1210 1726 1317 1772 αὐτῆς

276 1783 548 1836 ἐναργέστερον,
568 1782 602 1819 τί
622 1783 710 1820 ἔστι.
726 1783 842 1820 Τοῦτο
859 1780 896 1820 δὲ
924 1781 1049 1833 γένοιτ’
1068 1782 1109 1822 ἄν
1122 1812 1133 1830 ,
1147 1785 1177 1822 εἷ
1196 1783 1235 1822 τὸ
1255 1784 1316 1836 ἔρ-

274 1859 335 1895 γον
355 1842 546 1896 εὑρήσομεν
560 1843 621 1879 τοῦ
642 1839 825 1893 ἀνθρώπου
838 1869 849 1888 ,
871 1842 952 1879 καθ’
971 1840 991 1878 ὅ
1008 1842 1104 1880 ἐστιν
1126 1841 1314 1895 ἄνθρωπος.

274 1901 419 1954 ’Ὥσπερ
441 1901 508 1954 γὰρ
528 1898 654 1943 παντὸς
674 1898 833 1951 τεχνίτου
852 1900 978 1951 ἀγαθύν
1005 1902 1039 1938 ἐν
1059 1903 1108 1954 τῷ
1137 1900 1228 1955 ἔργῳ
1249 1904 1314 1941 αὖ-

274 1964 334 2000 τοῦ
357 1962 449 2008 ἔστι,
473 1959 534 1998 καὶ
560 1959 711 2004 αὐλητοῦ
733 1957 795 2009 μὲν
816 1960 851 1996 ἐν
882 1961 931 2011 τῷ
952 1960 1087 2007 αὐλεῖν,
1109 1962 1315 2011 ἀγαλματο-

274 2025 372 2060 ποιοῦ
387 2019 423 2058 δὲ
442 2020 477 2057 ἐν
496 2021 546 2072 τῷ
566 2017 761 2069 ἀγάλματι,
781 2017 841 2056 καὶ
869 2017 957 2062 ὅλως
984 2017 1042 2057 ἐπὶ
1066 2018 1195 2063 παντὸς
1215 2018 1315 2072 ἔργου

276 2078 336 2119 καὶ
354 2077 510 2130 πράξεως
525 2076 633 2120 οὕτως
648 2077 740 2128 ἔχει,
761 2076 852 2115 οὕτω
865 2076 926 2115 καὶ
939 2078 978 2116 τὸ
995 2076 1208 2128 ἀνθρώπινον
1226 2081 1313 2130 ἀγα-

277 2138 333 2176 θὸν
355 2141 389 2177 ἓν
411 2140 460 2189 τῷ
481 2135 571 2189 ἔργῳ
594 2137 697 2174 αὐτοῦ
718 2137 810 2174 ἔστιν
823 2165 833 2183 ,
855 2135 952 2189 εἴπερ
972 2152 1006 2174 τι
1036 2137 1134 2188 ἔργον
1161 2138 1235 2176 ἐστὶ
1253 2143 1314 2178 τοῦ

281 2196 489 2251 ἀνθρώπου,
516 2195 594 2234 καθ’
612 2194 632 2232 ὅ
649 2197 740 2234 ἐστιν
770 2194 962 2247 ἄνθρωπος.
986 2194 1141 2247 Πότερον
1171 2190 1229 2234 οῧν
1259 2197 1315 2235 τέ-

274 2271 390 2298 κτονος
411 2254 473 2304 μὲν
493 2254 554 2292 καὶ
571 2254 724 2296 σκυτέως
742 2253 836 2291 ἐστὶν
855 2252 938 2305 ἔργα
965 2252 1045 2292 τινὰ
1066 2253 1127 2292 καὶ
1146 2255 1283 2307 πράξεις
1300 2286 1310 2304 ,

275 2314 455 2367 ἀνθρώπου
476 2313 511 2354 δὲ
531 2313 624 2352 οὐδέν
647 2315 740 2352 ἐστιν
774 2313 851 2351 ἄλλ’
883 2312 986 2364 ἀργὸν
1007 2313 1181 2366 πέφυκεν;
1209 2315 1231 2362 ἢ
1252 2330 1316 2353 κα-

274 2374 384 2425 θάπερ
411 2373 590 2424 ὀφθαλμοῦ
617 2370 676 2410 καὶ
694 2371 808 2424 χειρὸς
836 2371 897 2409 καὶ
915 2370 1018 2415 ποδὸς
1038 2371 1098 2410 καὶ
1125 2370 1213 2418 ὅλως
1233 2374 1311 2411 ἑκά·

275 2448 357 2472 στου
380 2434 449 2470 τῶν
472 2430 600 2483 μορίων
621 2430 780 2483 φαίνεταί
798 2445 833 2469 τι
852 2429 950 2482 ἔργον
966 2460 976 2479 ,
991 2429 1081 2469 οὕτω
1100 2430 1160 2469 καὶ
1182 2433 1314 2485 ἀνθρώ-

274 2507 342 2530 που
361 2490 457 2541 παρὰ
477 2489 592 2529 πάντα
611 2492 723 2527 ταῦτα
744 2488 817 2536 θείη
837 2505 888 2533 τις
906 2487 1006 2541 ἔργον
1024 2505 1073 2529 τι.

327 2551 360 2587 Τ
365 2548 375 2586 ί
395 2543 452 2587 οῧν
474 2549 548 2587 ἐστι
564 2547 602 2586 τὸ
617 2551 677 2586 τοῦ
695 2547 877 2600 ἀνθρώπου
891 2546 988 2600 ἔργον
1004 2567 1013 2594 ;
1033 2547 1073 2585 τὸ
1096 2546 1158 2598 μὲν
1175 2541 1233 2586 οὐν
1252 2550 1312 2597 ζῆν

275 2609 387 2650 κοινόν
414 2610 485 2648 ἐστι
506 2610 565 2647 καὶ
581 2607 650 2651 τοῖς
670 2609 798 2658 φυτοῖς·
818 2609 921 2656 ἡμεῖς
942 2604 978 2643 δὲ
999 2605 1038 2643 τὸ
1052 2604 1137 2643 ἴδιον
1157 2609 1217 2644 τοῦ
1240 2608 1309 2644 ἀν-

273 2669 414 2720 θρώπου
435 2670 615 2717 ζητοῦμεν·
634 2665 724 2704 ὥστε
745 2666 862 2704 ἐατέον
881 2665 938 2703 τὸν
958 2665 1037 2716 περὶ
1049 2664 1170 2703 τούτου
1194 2664 1308 2717 λόγον.

273 2726 377 2766 Ἐπεὶ
390 2726 426 2765 δὲ
448 2726 536 2777 μετὰ
554 2726 617 2773 τὴν
633 2723 816 2778 θρεπτικὴν
835 2723 895 2764 καὶ
916 2722 1104 2770 αὐξητικὴν
1121 2723 1229 2771 ζωήν,
1250 2724 1312 2771 τὴν

276 2785 421 2835 φυτικὴν
443 2784 623 2832 δηλονότι,
647 2785 799 2834 ἑπομένη
815 2782 906 2823 ἐστὶν
933 2786 954 2830 ἠ
976 2782 1182 2831 αἷσθητική,
1198 2782 1312 2836 ἔγγιον

274 2843 344 2895 γὰρ
361 2846 422 2889 τῆς
441 2843 582 2892 λογικῆς
596 2871 606 2890 ,
628 2843 794 2880 σκεπτέον
813 2842 873 2881 καὶ
893 2841 973 2894 περὶ
990 2842 1107 2889 αὐτῆς.
1129 2841 1235 2880 Ἀλλὰ
1253 2843 1312 2881 καὶ

275 2901 364 2948 αὕτη
380 2900 477 2948 κοινὴ
494 2901 552 2939 καὶ
570 2900 667 2953 ἵππῳ
693 2902 753 2939 καὶ
782 2899 837 2953 βοΐ
850 2931 860 2951 ‚
884 2901 944 2939 καὶ
963 2900 1068 2939 παντὶ
1088 2900 1181 2954 ζώῳ.
1197 2897 1311 2940 ‘'ssa-re

276 2960 353 3001 οὐδὲ
374 2961 463 3008 αὐτή
486 2963 560 2999 ἐστι
580 2960 620 2999 τὸ
652 2960 859 3010 ζητούμενον
893 2960 990 3013 ἔργον
1025 2964 1084 2999 τοῦ
1114 2960 1308 3011 ἀνθρώπου.

276 3019 445 3061 Λείπεται
463 3018 506 3066 δὴ
532 3022 553 3065 ἠ
575 3020 608 3057 ἐν
628 3018 720 3071 λόγῳ
734 3018 908 3071 πρακτικὴ
929 3019 1014 3066 ζωή.
1036 3018 1109 3058 Καὶ
1135 3018 1223 3068 αὕτη
1237 3026 1254 3043 ¹²
1274 3019 1310 3058 δὲ

275 3080 380 3124 διπλῆ
401 3094 451 3121 τις
470 3076 643 3130 φαίνεται.
664 3077 716 3116 Τὸ
749 3077 810 3127 μὲν
841 3077 907 3128 γὰρ
937 3079 1043 3124 αὐτῆς
1071 3078 1195 3129 ἄλογον
1225 3077 1310 3128 μέν,

278 3136 450 3181 ἐπιπειθὲς
469 3136 504 3175 δὲ
521 3135 581 3174 καὶ
601 3139 742 3174 ὑπεῖκον
771 3138 820 3187 τῷ
839 3136 943 3188 λόγῳ·
970 3136 1010 3174 τὸ
1031 3137 1066 3174 δὲ
1093 3136 1196 3188 λόγον
1229 3136 1310 3188 ἔχον

278 3196 338 3236 καὶ
364 3195 617 3245 διανοούμενον.
641 3194 712 3234 Καὶ
725 3194 763 3232 τὸ
778 3193 838 3244 μὲν
861 3194 960 3243 λόγον
981 3194 1059 3246 ἔχον
1076 3194 1135 3233 καὶ
1158 3194 1312 3234 διανοού-

284 3271 385 3308 μενον
406 3255 523 3294 τάττει
544 3254 602 3291 καὶ
624 3253 789 3308 ῥυθμίζει·
808 3253 848 3291 τὸ
869 3253 904 3292 δὲ
925 3253 1048 3304 ἄλογον
1070 3254 1233 3292 τάττεται
1250 3254 1309 3293 καὶ

281 3314 492 3370 ῥυθμίζεται.
527 3311 640 3352 ’Ώστε
659 3313 696 3351 τὸ
713 3311 850 3364 λογικὸν
877 3311 1084 3365 κυριώτερον
1109 3313 1306 3366 ἀνθρωπίνα-

322 3427 341 3446 ⁶*
360 3428 516 3462 Ποθεῖται
534 3426 567 3459 δὲ
582 3425 812 3469 ἐναργέστερον
831 3424 903 3456 κτλ.

1083 226 1370 269 ANDRONICI
1399 229 1575 270 RHODII

1379 332 1444 356 nou
1459 322 1571 357 fuisse.
1621 324 1783 357 Nimirum
1812 325 1896 359 illud

1380 370 1514 412 aliquod
1541 371 1612 413 ipsa
1636 370 1793 405 felleitate
1822 374 1999 415 optabilius
2026 376 2146 411 efficiet
2170 378 2292 412 bonum
2315 390 2325 412 ι
2349 378 2414 413 hoe

1379 426 1457 451 vero
1481 418 1570 460 quod
1592 419 1773 460 quaerimus
1795 420 1918 454 bonum
1936 423 2002 456 tale
2020 426 2089 464 est,
2118 427 2157 459 ut
2180 435 2258 460 cum
2277 426 2414 469 reliquis

1380 465 1530 506 conjungi
1550 475 1615 498 non
1635 466 1769 506 debeat,
1791 467 1849 501 sed
1861 477 1979 502 eorum
1993 471 2138 505 omnium
2149 498 2157 511 ,
2175 481 2251 515 qum
2267 473 2414 516 eligenda

1379 512 1610 554 perhibemus,
1629 513 1672 546 sit
1698 523 1864 548 summum
1887 528 1895 548 ε
1914 517 1964 549 est
1986 516 2072 550 enim
2087 518 2270 560 perfectum
2289 532 2298 554 ι
2324 519 2415 565 quoa

1381 560 1492 591 autem
1506 558 1688 601 perfectum
1704 562 1772 600 est,
1792 562 1935 596 maxime
1950 565 2000 596 est
2015 565 2234 606 expetendum
2255 576 2264 599 :
2287 565 2414 610 suuper

1380 606 1466 638 enim
1493 615 1559 648 quo
1585 606 1763 649 perfectius
1787 611 1839 642 est
1865 609 2006 649 bonum,
2026 619 2064 644 eo
2083 612 2188 654 magis
2208 612 2415 647 etinmffltud

1380 655 1631 688 consectamur:
1651 655 1729 688 hinc
1748 658 1858 698 patet,
1887 656 2079 692 felicitatem
2106 667 2177 692 esse
2204 658 2303 694 finem
2319 659 2416 695 nobis

1380 701 1594 742 propositum.
1639 702 1704 735 Sed
1724 702 1897 736 dubitatur
1921 704 1955 738 in
1983 704 2046 737 hac
2071 705 2252 748 quaestione
2271 705 2314 740 (le
2329 705 2416 747 hmo

1380 756 1439 790 per
1454 756 1489 780 se
1503 747 1697 782 sufficiente.
1742 750 1777 783 Si
1796 750 1882 783 enim
1910 752 1984 783 tum
2005 751 2139 784 demum
2164 751 2329 786 sufficiens
2351 752 2415 786 ho-

1380 794 1461 828 mini
1484 795 1606 828 honum
1623 798 1690 835 est,
1716 806 1820 839 quum
1844 797 1908 840 ipsi
1926 799 2062 841 eJusque
2079 798 2296 833 familiaribus
2309 799 2417 832 omni-

1381 840 1442 873 bus
1465 843 1498 873 et
1513 842 1640 875 civibus
1654 844 1686 875 et
1702 843 1815 877 amicis
1827 870 1834 883 ,
1853 854 2034 887 rursusque
2052 845 2185 878 illorum
2200 844 2417 879 familiia-ibus

1380 889 1414 920 et
1437 888 1627 930 propinquis
1645 888 1789 929 sufficit,
1807 891 1897 932 quod
1912 892 1946 923 in
1972 892 2137 924 infinitum
2151 891 2236 932 abit,
2250 893 2416 936 nusquam

1380 935 1534 968 consistet
1564 936 1647 969 illud
1675 937 1765 980 quod
1792 938 1957 971 sufficiens
1980 939 2102 972 dicitur
2130 939 2263 974 bonum.
2307 941 2417 979 Quare

1380 984 1491 1015 certus
1522 983 1659 1025 aliquis,
1682 984 1725 1017 ad
1755 994 1854 1026 quem
1883 995 1989 1028 usque
2016 986 2166 1028 progredi
2194 987 2257 1020 hoc
2293 987 2416 1021 bonum

1379 1032 1544 1072 oporteat,
1567 1031 1814 1065 constituendus
1839 1032 1901 1065 erit
1927 1034 2107 1066 amicorum
2128 1035 2300 1068 terminus.
2343 1035 2416 1073 Qua

1379 1076 1420 1109 de
1441 1086 1477 1110 re
1491 1078 1630 1119 posthac
1645 1079 1959 1122 commentabimur;
1975 1089 2063 1114 nunc
2086 1079 2130 1114 ad
2143 1081 2349 1124 propositum
2361 1090 2417 1115 re-

1379 1125 1557 1158 vertamur.

1809 1290 1887 1332 Gap.
1911 1292 1982 1324 XII.

1379 1416 1562 1445 Felicitatem
1575 1416 1607 1445 in
1622 1424 1667 1451 ea,
1692 1425 1781 1453 quam
1793 1417 1884 1447 homo
1897 1419 1935 1448 ad
1950 1419 2075 1449 rationis
2086 1427 2224 1450 normam
2237 1420 2339 1458 dirigit
2353 1421 2418 1453 vlu

1413 1465 1561 1499 constare,
1584 1471 1708 1501 eamque
1720 1471 1783 1494 esse
1801 1463 1989 1495 functionem
2003 1466 2138 1496 muneris
2149 1467 2243 1496 ammi
2255 1466 2414 1509 honestum
2468 1503 2469 1507 Ἰ

1413 1509 1446 1537 in
1460 1510 1522 1538 vita
1540 1509 1682 1546 perfecta.

1420 1613 1593 1646 Summum
1608 1613 1710 1655 igitur
1728 1613 1826 1652 illud,
1847 1613 1938 1656 quod
1963 1613 2137 1656 prudentia
2161 1615 2269 1650 civilis
2291 1617 2414 1661 quaerlt

1377 1665 1519 1705 bonum,
1549 1665 1741 1699 felicitatem
1764 1665 1829 1699 dici
1854 1675 1973 1708 posse,
1994 1668 2144 1701 constare
2161 1668 2296 1703 videtur
2324 1670 2412 1705 inter

1377 1727 1499 1751 omncs.
1528 1720 1593 1752 Res
1617 1720 1728 1751 autem
1753 1727 1887 1761 poscere
1912 1718 2065 1759 videtur,
2088 1722 2128 1753 ut
2152 1721 2283 1764 planius
2305 1722 2349 1757 ‹le
2371 1733 2412 1757 en

1376 1770 1594 1809 disseramus,
1615 1772 1648 1803 et
1672 1770 1753 1813 quid
1777 1771 1836 1804 illa
1851 1771 1894 1804 sit
1913 1772 2136 1807 ostendamus.
2163 1774 2260 1813 Quod
2276 1775 2354 1815 fiet.
2384 1775 2415 1810 si

1375 1823 1424 1865 pri
1430 1832 1468 1856 us
1480 1823 1760 1865 exploraverimus
1771 1849 1779 1863 ‚
1799 1824 1966 1866 quodnam
1983 1825 2026 1859 sit
2045 1835 2129 1869 opus
2143 1827 2286 1861 hominis
2297 1853 2306 1867 ,
2327 1837 2413 1872 qua-

1376 1878 1472 1909 tenus
1503 1877 1554 1909 est
1583 1876 1692 1908 homo.
1747 1877 1878 1909 Etenim
1911 1880 1949 1911 ut
1982 1879 2118 1913 artificis
2149 1880 2324 1923 cuiuslibet
2353 1881 2413 1915 bo-

1375 1938 1456 1961 num
1482 1929 1518 1961 in
1548 1928 1619 1971 ejus
1641 1938 1739 1970 opere
1769 1929 1939 1969 consistit,
1979 1933 2013 1964 et
2041 1930 2186 1965 tibicinis
2216 1933 2353 1976 quidem
2376 1935 2411 1967 in

1375 1981 1532 2013 tibiarum
1559 1982 1675 2018 cantu,
1705 1981 1857 2014 statuarii
1885 1984 1997 2016 autem
2010 1983 2046 2016 in
2064 1985 2194 2024 statua,
2214 1985 2412 2029 omninmme.

1376 2034 1491 2066 eodem
1515 2033 1613 2066 modo
1630 2033 1664 2065 in
1688 2034 1777 2066 omni
1805 2043 1903 2076 opere
1921 2037 1955 2068 et
1975 2035 2102 2069 actione
2124 2048 2134 2068 ι
2152 2036 2245 2070 sicet
2268 2037 2412 2072 hominis

1374 2086 1496 2118 boumn
1511 2085 1546 2117 in
1559 2085 1630 2127 ejus
1642 2093 1739 2127 opere
1758 2086 1912 2126 cernitur,
1935 2087 2098 2130 siquidem
2121 2087 2256 2130 aliquod
2269 2088 2413 2124 hominis

1375 2147 1459 2180 opus
1489 2140 1549 2177 est,
1579 2147 1645 2180 qua
1664 2140 1713 2170 est
1733 2139 1841 2172 homo.
1869 2141 1990 2172 Utrum
2018 2149 2094 2182 ergo
2121 2139 2207 2174 fabri
2226 2142 2261 2174 et
2289 2142 2414 2176 sutoris

1375 2201 1472 2234 opera
1500 2192 1611 2234 aliqua
1638 2193 1715 2223 sunt
1739 2193 1772 2224 et
1797 2191 1917 2234 aliquae
1942 2193 2100 2232 actiones,
2130 2193 2271 2228 hominis
2300 2196 2413 2229 autem

1374 2245 1503 2278 nullum
1518 2245 1602 2284 erit,
1618 2245 1677 2278 sed
1695 2246 1816 2279 animal
1835 2247 1878 2280 ad
1891 2248 2051 2282 desidiam
2069 2249 2186 2282 natum
2203 2249 2413 2292 reperietur?

1375 2308 1417 2330 an
1428 2296 1539 2340 potius
1561 2298 1601 2329 ut
1618 2297 1725 2336 oculi,
1754 2307 1889 2338 manus,
1916 2299 2010 2341 pedis
2039 2299 2307 2344 singulorumque
2327 2301 2411 2335 adeo

1373 2350 1597 2382 membrorum
1620 2358 1718 2382 suum
1733 2350 1893 2393 cujusque
1912 2360 1995 2393 opus
2014 2360 2053 2384 ac
2064 2360 2187 2385 munus
2209 2354 2270 2392 est,
2285 2352 2334 2388 sic
2347 2353 2412 2388 ho-

1374 2401 1472 2435 minis
1487 2411 1618 2444 quoque
1635 2403 1755 2443 praeter
1774 2402 1846 2435 haec
1868 2402 1977 2435 omnia
1998 2411 2081 2445 opus
2101 2402 2235 2446 aliquod
2250 2413 2323 2438 esse
2344 2407 2411 2439 sta-

1374 2457 1462 2488 tuem
1468 2456 1527 2488 us?
1544 2455 1714 2492 Quodnam
1734 2465 1809 2498 ergo
1833 2455 1974 2488 hominis
1991 2464 2074 2498 opus
2094 2455 2182 2489 erit?
2198 2457 2282 2490 Nam
2295 2457 2410 2491 vivere

1373 2507 1507 2551 quidem
1535 2517 1611 2540 cum
1637 2508 1757 2550 plantis
1772 2509 1805 2541 et
1827 2507 2002 2541 fruticibus
2025 2508 2055 2540 ei
2073 2507 2207 2541 v1detur
2223 2517 2296 2543 esse
2316 2519 2410 2544 cou-

1373 2570 1490 2602 mune;
1510 2561 1544 2593 at
1559 2569 1618 2592 nos
1633 2560 1802 2602 proprium
1815 2559 1957 2593 hominis
1968 2569 2052 2602 opus
2069 2561 2250 2603 quoerimus
2264 2571 2272 2592 ε
2287 2571 2408 2605 quam-

1371 2614 1484 2647 obrem
1501 2613 1582 2646 nihil
1603 2613 1743 2655 amplius
1760 2613 1802 2646 de
1821 2613 1886 2646 hoc
1909 2612 2084 2646 dicendum
2108 2615 2170 2647 est.
2196 2614 2308 2653 Quum
2329 2624 2408 2649 vero

1372 2668 1447 2710 post
1460 2666 1564 2699 vitam
1579 2665 1687 2699 alendi
1711 2665 1914 2708 augendique
1929 2665 1964 2699 vi
1986 2667 2019 2699 et
2037 2665 2196 2699 facultate
2219 2667 2405 2711 praedItam,

1371 2729 1472 2762 quam
1501 2719 1623 2762 plantis
1651 2719 1843 2758 tribuimus,
1873 2720 2031 2761 sequatur
2054 2718 2125 2752 vita
2151 2720 2313 2755 sentiendi
2341 2722 2408 2755 vim

1371 2770 1504 2811 hahens,
1525 2771 1646 2815 quippe
1660 2780 1735 2815 quae
1751 2771 1794 2806 ad
1814 2770 2006 2805 rationalem
2020 2772 2172 2814 proprius
2189 2773 2324 2807 accedat
2335 2799 2344 2812 ‚
2364 2774 2407 2807 de

1371 2825 1434 2858 hac
1450 2824 1550 2857 etiam
1566 2823 1727 2866 agendum
1742 2824 1814 2857 erit.
1829 2825 1930 2857 Porro
1943 2825 1978 2856 et
1991 2823 2063 2856 haec
2075 2832 2161 2866 equo
2181 2826 2216 2858 et
2229 2823 2405 2859 bovireli-

1371 2878 1512 2921 quisque
1531 2876 1713 2910 communis
1729 2878 1780 2910 est
1794 2875 2000 2910 animalibus.
2018 2876 2178 2914 Quocirca
2195 2885 2238 2910 ne
2251 2877 2315 2910 hoc
2330 2877 2409 2921 qui-

1371 2933 1447 2966 dem
1462 2930 1526 2963 erit
1542 2938 1624 2972 opus
1636 2929 1720 2962 illud
1743 2929 1894 2968 hominis,
1911 2928 2002 2971 quod
2019 2929 2211 2971 quaerimus.
2235 2929 2408 2973 Relinqui-

1370 2988 1426 3019 tur
1441 2991 1517 3025 ergo
1534 2982 1604 3016 vita
1624 2982 1808 3021 rationalis,
1832 2990 1909 3024 quae
1931 2981 1973 3014 ad
1989 2981 2151 3023 agendum
2171 2983 2248 3024 apta
2267 2981 2321 3016 sit.
2341 2982 2407 3016 Sed

1371 3042 1404 3073 et
1434 3040 1507 3072 haec
1523 3038 1646 3079 duplex
1669 3037 1813 3071 videtur.
1843 3036 1954 3069 Altera
1981 3035 2068 3069 enim
2089 3045 2166 3079 pars
2184 3036 2258 3079 eius
2271 3036 2399 3070 ratione

1370 3095 1505 3139 quidem
1526 3095 1626 3132 caret,
1641 3092 1794 3135 quamvis
1814 3090 1933 3124 rationi
1948 3090 2150 3132 obtemperet
2172 3092 2206 3124 et
2220 3089 2338 3124 cedat:
2354 3089 2406 3125 al-

1371 3153 1441 3184 tera
1454 3159 1533 3183 vero
1550 3149 1676 3182 ratione
1685 3147 1823 3191 praedita
1836 3148 1886 3180 est
1901 3145 2130 3189 cogitandique
2147 3154 2284 3179 munere
2299 3145 2405 3187 fungi-

1370 3208 1437 3239 tur.
1454 3207 1498 3238 Et
1515 3214 1553 3238 ea
1568 3204 1703 3247 quidem
1725 3212 1801 3246 quae
1816 3201 1942 3235 ratione
1963 3202 2014 3234 est
2033 3200 2173 3244 praedita
2187 3202 2221 3233 et
2232 3199 2405 3242 cogitatio-

1369 3262 1420 3295 nis
1446 3261 1618 3303 particeps,
1645 3258 1788 3301 disponit
1809 3259 1842 3290 et
1865 3255 2016 3289 ordinat:
2036 3264 2116 3298 quae
2143 3256 2254 3288 autem
2277 3254 2405 3287 ratione

1369 3319 1475 3356 caret,
1505 3316 1691 3358 disponitur
1722 3316 1756 3348 et
1787 3312 1967 3346 ordinatur.
1999 3310 2222 3349 Quamobrem
2251 3308 2403 3343 rationali

1924 329 2013 370 quod
2033 329 2181 364 felicitati
2204 327 2410 374 adJuugetuit
2470 304 2472 306 v
2490 359 2495 371 Δ
