2508 3776
291 199 371 238 498

291 286 409 339 φίλους
427 284 467 323 τὸ
484 288 552 326 τοῖς
567 284 682 326 αὐτοῖς
700 281 836 335 χαίρειν
857 279 917 320 καὶ
937 279 982 319 τὰ
1001 279 1090 320 αὖτόι
1111 282 1238 336 φιλεῖν.
1260 281 1327 322 Διὰ

289 360 391 383 τουτο
421 344 488 395 γὰρ
509 345 527 381 ὁ
546 341 742 394 Σωκράτης
773 341 868 394 φιλεῖ
885 338 943 378 τὸν
970 341 1171 390 Πλάτωνα,
1197 341 1250 381 ὅτι
1270 341 1328 380 τὸν

291 400 486 453 Σωκράτην
510 400 618 453 ἄμφω
645 402 804 453 φιλοῦσι,
823 398 884 438 καὶ
915 401 986 444 τοῖς
1007 400 1218 454 Σωκράτους
1239 402 1329 453 ἀγα-

289 463 357 505 θοῖς
375 461 482 514 ἄμφω
501 460 699 512 χαίρουσιν·
731 458 754 504 ἢ
777 457 829 497 ὅτι
853 461 915 504 τὴν
933 459 1059 508 ἡδονὴν
1081 460 1187 514 ἄμφω
1205 462 1327 514 φιλοῦ-

288 538 363 568 σιν,
391 519 414 567 ἢ
446 521 486 559 τὸ
507 521 682 572 χρήσιμον
708 518 830 573 ἄμφω.
862 518 950 558 Ἐπὶ
975 520 1011 558 δὲ
1036 523 1098 567 τῆς
1125 523 1251 571 μικτῆς
1270 535 1328 574 φι-

288 581 364 623 λίας
383 581 422 619 οὔ
444 581 494 633 τῷ
517 581 611 633 αὐτῷ
631 579 827 632 χαίρουσιν·
849 581 867 618 ὁ
888 578 950 629 μὲν
968 580 1035 632 γὰρ
1061 581 1157 628 ἡδεῖ,
1177 583 1196 619 ὁ
1216 579 1251 618 δὲ
1278 582 1329 633 τῷ

288 638 468 692 χρησίμῳ·
493 639 585 677 κατὰ
606 638 828 689 συμὸεὸηκὸς
849 637 885 676 δὲ
908 638 947 676 τὸ
965 639 1050 678 αὐτὸ
1070 640 1221 692 φιλοῦσι·
1247 654 1328 690 συγ-

288 698 404 751 χαίρει
436 697 503 750 γὰρ
535 698 696 750 ἑκάτερος
727 696 903 750 ἑκατέρῳ,
946 695 1006 736 καὶ
1043 697 1248 749 συνεύχεται
1283 695 1327 735 τὰ

289 756 418 808 ἀγαθοί·
440 758 478 795 οὐ
501 757 547 795 δι’
567 756 671 795 αὐτὸν
689 755 743 804 δέ,
765 755 856 794 ἀλλὰ
878 756 934 794 διὰ
967 754 1007 794 τὸ
1038 754 1213 807 χρήσιμον
1243 753 1266 801 ἢ
1288 754 1329 793 τὸ

287 815 365 862 ἡδύ.
387 814 455 855 Διὰ
474 818 576 854 τοῦτο
597 815 638 862 δὴ
658 816 695 853 οὗ
716 813 808 852 πάνυ
825 817 848 862 ἡ
871 812 1016 861 τοιαύτη
1046 813 1145 867 φιλία
1173 812 1324 865 γίνεται,

286 874 394 914 ὅτιτὸ
412 874 525 914 κοινὸν
542 873 634 912 κατὰ
667 872 894 924 συμὸεὸηκός
920 874 1013 912 ἐστιν
1034 871 1085 911 ἕν·
1108 871 1148 911 τὸ
1171 871 1207 911 δὲ
1235 871 1328 912 κατὰ

285 933 508 986 συμὸεὸηκὸς
530 933 566 972 ἓν
590 934 628 972 οὐ
649 933 742 973 πάνυ
765 932 945 972 συνάπτει.

341 992 536 1045 (Scripsit
557 998 574 1016 θ’
590 991 694 1046 ἐστι]
716 991 805 1031 cod.
831 992 937 1030 ἐστιν.
957 990 1036 1043 -)

725 1108 818 1159 Κεφ.
839 1105 891 1152 ς’.

327 1222 399 1255 Ὀτι
417 1225 512 1262 συζῆν
523 1223 576 1255 καὶ
594 1225 732 1255 συνεῖναι
757 1222 887 1264 παρέχει
902 1225 965 1260 τοῖς
984 1221 1082 1263 φίλοις
1103 1221 1138 1254 τὸ
1151 1219 1288 1263 ἐνεργείᾳ

706 1280 804 1311 φίλοις
822 1270 913 1302 εἶναι.

340 1372 359 1393 ⁴¹
380 1373 443 1416 Εἷς
462 1374 572 1411 ταῦτα
592 1370 628 1410 δὲ
649 1372 694 1410 τὰ
714 1370 787 1419 εἴδη
811 1374 872 1418 τῆς
888 1370 1004 1424 φιλίας
1032 1369 1246 1423 διῃρημένης
1259 1399 1269 1418 ,
1287 1370 1319 1409 οἱ

286 1430 350 1482 μὲν
370 1433 495 1484 φαῦλοι
514 1431 653 1470 ἔσονται
673 1431 764 1484 φίλοι
785 1432 830 1469 δι’
860 1429 986 1477 ἡδονὴν
1018 1428 1040 1476 ἢ
1069 1429 1108 1468 τὸ
1129 1429 1327 1482 χρήσιμον,

283 1489 394 1542 ταύτῃ
415 1493 527 1540 ὅμοιοι
547 1489 656 1534 ὄντες·
682 1491 712 1528 οἱ
735 1488 770 1527 δὲ
801 1489 924 1540 ἀγαθοὶ
952 1489 995 1526 δι’
1025 1487 1206 1532 ἑαυτοὺς”
1188 1503 1327 1527 εσονται

284 1547 387 1600 φίλοι·
404 1543 426 1602 ᾗ
447 1549 514 1602 γὰρ
535 1549 640 1603 ἄμφω
657 1548 802 1600 ἀγαθοί,
827 1548 883 1587 διὰ
910 1562 1012 1587 τουτο
1034 1548 1190 1601 φιλοῦσιν
1216 1546 1330 1595 ἀλλη-

283 1608 375 1651 λους·
397 1609 521 1647 ε’κεῒνοι
555 1608 618 1657 μὲν
644 1611 702 1646 ουν
728 1608 848 1651 ἁπλυς
869 1607 982 1661 φίλοι,
1017 1606 1076 1645 καὶ
1103 1606 1244 1659 κυρίως,
1269 1606 1329 1646 καὶ

284 1669 361 1704 καθ’
390 1667 486 1706 αὑτό·
505 1671 599 1706 οὗτοι
620 1667 655 1705 δὲ
672 1666 763 1706 κατα
787 1665 1009 1717 συμὸεὸηκός
1023 1695 1033 1714 ,
1049 1665 1110 1705 καὶ
1127 1668 1176 1719 τῷ
1195 1669 1330 1717 ὁμοιοῧ·

284 1730 363 1765 σθαι
382 1727 514 1771 τούτοις
533 1726 572 1766 τὸ
588 1726 698 1777 ὄνομα
718 1729 780 1774 τ’ῆς
796 1726 911 1779 φιλίας
934 1726 1086 1779 ἔχουσιν.

338 1786 372 1802 *³
387 1786 528 1840 οὨστιτερ
543 1786 577 1824 δὲ
600 1786 656 1825 ἐπὶ
675 1789 743 1825 τῶν
765 1787 895 1839 ἀρετῶν
912 1787 943 1824 οἱ
962 1784 1023 1837 μὲν
1039 1786 1116 1824 καθ’
1129 1784 1218 1833 ἕξιν,
1238 1787 1270 1825 οἳ
1290 1786 1326 1824 δὲ

283 1844 361 1884 κατ’
381 1846 555 1897 ἐνέργειαν
577 1845 699 1896 ἀγαθοὶ
713 1845 885 1897 λέγονται·
904 1846 934 1883 οἱ
953 1844 1015 1895 μὲν
1038 1843 1103 1897 γὰρ
1122 1844 1190 1889 ἕξιν
1206 1843 1326 1897 ἔχουσι

284 1904 535 1954 δικαιοσύνης,
567 1907 631 1943 οὐκ
651 1907 824 1958 ἐνεργοῦσι
855 1905 890 1942 δὲ
910 1905 989 1942 κατ’
1015 1903 1142 1952 αὐτήν,
1174 1904 1241 1943 ὑπὸ
1260 1906 1329 1943 τῶν

284 1963 406 2009 ἔξωθεν
438 1964 670 2015 κωλυόμενοι,
706 1966 737 2003 οἱ
762 1964 796 2002 δὲ
820 1965 994 2015 ἐνεργοῦσι
1028 1963 1088 2002 καὶ
1118 1962 1162 2002 τὰ
1183 1962 1324 2012 δίκαια,

283 2023 376 2062 κατὰ
396 2023 458 2071 τὴν
477 2023 546 2069 ἕξιν
567 2024 610 2071 ἣν
633 2023 757 2062 ἔλαδον
783 2026 846 2071 τῆς
877 2024 1108 2070 δικαιοσύνης·
1138 2023 1195 2062 τὸν
1222 2023 1324 2061 αὐτὸν

283 2083 411 2136 τρόπον
436 2083 497 2122 καὶ
520 2084 577 2123 ἐπὶ
602 2087 664 2131 τ’ῆς
697 2084 813 2138 φιλίας
847 2083 1045 2134 συμὸαίνει.
1086 2084 1132 2122 Οἱ
1166 2082 1229 2132 μὲν
1258 2083 1325 2137 γὰρ

284 2145 455 2188 συζῶντες
483 2143 646 2191 ἀλλήλοις
668 2143 829 2197 χαίρουσι
860 2148 929 2187 τοῖς
961 2142 1125 2190 ἀλλήλων
1163 2144 1325 2195 ἀγαθοῖς,

284 2202 342 2240 καὶ
360 2203 557 2255 πορίζουσιν
578 2203 737 2255 ἑκάτερος
755 2202 908 2255 ἑκατέρῳ
929 2202 973 2240 τὰ
987 2201 1117 2240 δυνατὰ
1141 2202 1268 2251 ἀγαθοί·
1289 2203 1319 2240 οἱ

284 2259 320 2299 δὲ
342 2262 562 2306 καθεύδοντες
581 2261 604 2309 ἢ
628 2261 882 2316 κεχωρισμένοι
912 2268 983 2306 τοῖς
1005 2261 1122 2305 τόποις
1141 2262 1203 2300 οὔκ
1224 2264 1321 2313 ἐνερ-

283 2324 383 2370 γοῦσι
401 2321 462 2370 μὲν
481 2322 565 2375 πρὸς
585 2321 759 2369 ἀλλήλους
783 2321 828 2360 τὰ
848 2321 982 2374 φιλικά·
1007 2320 1098 2359 οὕτω
1128 2319 1163 2358 δὲ
1185 2320 1324 2374 ἔχουσιν

283 2378 373 2418 ὥστε
393 2382 540 2433 ἐνεργεῖν
559 2383 713 2434 φιλικῶς.

338 2439 391 2455 ***
408 2442 454 2479 Οἱ
464 2440 531 2492 γὰρ
541 2441 641 2480 τόποι
651 2442 687 2479 οὗ
698 2440 878 2479 διαλύουσι
890 2439 952 2487 τὴν
963 2438 1079 2491 φιλίαν
1092 2438 1225 2486 ἁπλῶς,
1235 2439 1326 2479 ἀλλὰ

285 2497 347 2545 τὴν
368 2498 555 2551 ἐνέργειαν.
590 2498 675 2538 Ἐὰν
702 2498 738 2537 δὲ
762 2498 878 2552 χρόνῳ
897 2499 1018 2551 πολλῷ
1047 2501 1069 2545 ἡ
1095 2497 1247 2537 ἀπουσία
1267 2499 1325 2551 γέ-

283 2573 386 2606 νηται
403 2561 471 2596 τῶν
494 2559 623 2611 φίλων,
645 2559 738 2598 δοκεῖ
765 2559 826 2599 καὶ
855 2561 918 2606 τῆς
947 2557 1063 2611 φιλίας
1083 2557 1239 2610 γίνεσθαι
1259 2558 1323 2607 λή-

284 2620 359 2665 θην·
374 2615 448 2655 ὅθεν
471 2617 621 2671 εἴρηται·

367 2712 493 2749 Πολλὰς
509 2713 547 2751 δὴ
565 2712 666 2753 φιλίας
681 2713 905 2757 ἁπροσηγορία
922 2714 1072 2746 διέλυσεν.

339 2793 409 2811 ****
426 2795 472 2833 Οἱ
490 2793 524 2832 δὲ
543 2795 769 2847 ’ντρεσὸῧταιει
784 2797 842 2834 καὶ
857 2796 1018 2850 στρυφνοὶ
1039 2795 1220 2850 φαίνονται
1234 2797 1279 2841 ὥς
1293 2793 1326 2836 οἳ

286 2854 326 2892 οὐ
346 2852 509 2891 δύνανται
529 2854 657 2908 φιλικοι
674 2848 777 2893 εἶναι.
804 2855 924 2908 Βραχυ
942 2856 1009 2908 γὰρ
1023 2858 1056 2894 ἓν
1075 2856 1191 2900 αὐτοῖς
1208 2854 1248 2894 τὸ
1262 2857 1323 2902 τ’ῆς

286 2913 425 2961 ἠδονης·
451 2929 479 2966 ῳ
498 2912 533 2951 δὲ
554 2915 616 2951 οὐκ
635 2913 727 2952 ἔστιν
746 2914 871 2963 ἡδονή,
889 2916 966 2955 οὐδὲ
985 2921 1138 2954 συνεῖναι
1157 2914 1217 2954 καὶ
1237 2930 1324 2953 συν-

287 2971 468 3024 ημερεύειν
487 2971 644 3010 δυνατόν·
667 2972 774 3017 οὖδεις
789 2974 855 3025 γὰρ
875 2973 914 3012 ἂν
930 2973 1044 3013 ἕλοιτο
1059 2973 1255 3026 συνδιάγειν
1270 2976 1321 3012 τῶ

290 3032 438 3104 λυπηρῶ
456 3029 478 3077 ἢ
503 3032 554 3084 τῷ
571 3031 619 3082 μὴ
640 3032 726 3078 ἡδεῖ·
749 3032 907 3085 φαίνεται
921 3034 990 3086 γὰρ
1013 3034 1065 3074 ὅτι
1085 3038 1107 3082 ἡ
1132 3033 1261 3096 φύσις
1247 3033 1326 3072 φεύ-

285 3106 339 3143 γει
358 3090 420 3142 μὲν
441 3089 480 3129 τὸ
509 3090 688 3144 λυπηρόν,
720 3091 836 3130 διώκει
870 3091 965 3131 δὲτὸ
986 3092 1050 3140 ἡδυ
1072 3093 1139 3132 ἀεί
1166 3097 1195 3146 ῳ
1224 3093 1260 3131 δὲ
1287 3093 1326 3131 οὔ

287 3148 432 3188 δυνατὸν
461 3154 637 3196 συνεῖναι,
672 3149 785 3188 τούτω
817 3151 878 3189 οὐκ
904 3154 952 3189 ἔνι
974 3151 1071 3203 φίλον
1104 3151 1279 3206 γενέσθαι·
1301 3154 1324 3199 ἡ

285 3208 354 3262 γὰρ
370 3207 534 3256 συνήθεια
555 3209 614 3247 καὶ
630 3207 669 3247 τὸ
686 3207 879 3260 συνδιᾶγειν
898 3209 959 3253 τὰς
977 3210 1091 3263 φιλίας
1111 3210 1216 3252 ποιεῖ.

1117 193 1396 234 ANDRONICI
1425 193 1605 233 RHODlI

1390 285 1535 319 amicitia
1563 285 1713 327 spectet:
1735 283 1892 318 nimirum
1915 285 1949 319 id
1970 285 2060 328 quod
2085 286 2209 320 amicos
2239 262 2446 330 conjungit(

1388 349 1446 382 per
1484 338 1634 371 accidens
1653 340 1703 370 est
1731 338 1765 370 in
1796 338 1861 370 illis
1885 351 1893 371 ι
1925 347 2031 380 quum
2053 339 2116 372 hoc
2136 339 2347 382 potissimum
2373 346 2432 375 eos

1389 391 1574 433 conjungat,
1590 389 1680 433 quod
1701 390 1818 422 iisdem
1833 390 2038 423 delectentur
2054 393 2087 424 et
2098 391 2213 424 eadem
2228 393 2350 425 ament.
2374 383 2431 425 ld-

1389 444 1476 477 circo
1500 444 1587 476 enim
1608 445 1760 476 Socrates
1775 446 1864 476 amat
1886 443 2056 476 Platonem
2068 470 2076 483 ,
2105 445 2185 487 quia
2202 445 2299 478 ambo
2316 446 2429 479 amant

1389 499 1565 535 Socratem,
1583 497 1793 539 Socratisque
1806 496 1900 529 bonis
1913 496 2011 530 ambo
2025 496 2233 530 delectantur
2252 507 2261 528 ε
2283 498 2337 533 vel
2349 497 2430 542 quia

1389 549 1592 591 voluptatem
1607 551 1737 588 amant,
1757 551 1815 581 aut
1830 549 1927 582 ambo
1943 548 1977 581 id
1991 548 2082 591 quod
2094 551 2145 582 est
2161 549 2254 584 utile.
2273 552 2311 583 ln
2323 549 2431 587 mixta

1390 604 1501 634 autem
1514 601 1657 633 amicitia
1676 610 1738 633 non
1752 600 1866 634 eadem
1882 610 1917 633 re
1932 600 2149 639 delectantur,
2167 600 2432 644 siquidemssster

1387 653 1595 696 jucunditate
1607 680 1615 694 ‚
1632 653 1716 686 alter
1738 653 1882 686 utilitate
1901 652 2037 686 ducitur
2067 662 2076 682 τ
2096 661 2156 695 per
2174 652 2327 694 accidens
2339 662 2432 699 <jero

1390 707 1526 740 eandem
1562 716 1631 739 rem
1666 706 1847 748 diligunt·
1875 706 1997 748 quippe
2031 708 2172 748 uterque
2213 715 2291 740 cum
2327 705 2432 757 altero

1390 759 1511 801 gaudet
1534 762 1566 792 et
1583 759 1667 792 bona
1689 759 1738 791 illi
1761 761 1873 802 optat,
1902 768 1966 791 non
1993 758 2083 790 illius
2098 760 2210 791 tamen
2224 767 2346 800 causa,
2375 758 2434 792 sed

1390 811 1433 844 ob
1451 812 1711 845 emolumentum
1727 813 1785 843 aut
1813 810 2040 844 delectationis
2055 819 2166 843 causa.
2183 807 2346 848 Quocirca
2366 801 2432 845 non

1390 864 1486 898 facile
1505 865 1580 898 talis
1597 864 1783 898 instituitur
1792 864 1947 903 amicitia,
1969 863 2047 906 quia
2063 871 2236 896 commune
2259 862 2434 907 utriustme

1389 927 1448 960 per
1469 919 1619 951 accidens
1635 927 1738 950 unum
1765 920 1816 951 est
1833 928 1841 951 ε
1866 927 1970 951 unum
1985 918 2097 951 autem
2114 925 2174 960 per
2196 915 2349 951 accidens
2366 925 2432 950 non

1390 969 1493 1005 ferme
1516 971 1684 1014 contingit.

1823 1100 1901 1143 Gap.
1939 1101 1998 1135 VI.

1424 1214 1607 1244 convictum
1621 1216 1651 1244 et
1667 1214 1917 1244 consuetudinem
1941 1214 2056 1243 amicos
2076 1213 2114 1243 ad
2125 1209 2315 1251 iungendam
2329 1210 2419 1244 actus

1744 1261 1909 1291 amicitiam
1923 1261 2088 1298 impellere.

1430 1365 1541 1402 Quum
1554 1362 1654 1405 igitur
1666 1362 1699 1395 in
1717 1362 1778 1395 has
1796 1362 1921 1405 species
1940 1363 2085 1396 amicitia
2097 1362 2278 1403 dividatur,
2291 1343 2432 1406 improbi

1390 1422 1616 1455 delectationis
1634 1431 1734 1455 causa
1757 1424 1816 1455 aut
1839 1423 1882 1455 ob
1913 1423 2173 1456 emolumentum
2195 1421 2294 1457 amici
2304 1424 2432 1464 erunt,

1390 1491 1456 1524 qua
1475 1482 1507 1514 in
1523 1485 1617 1523 parte
1637 1482 1760 1514 similes
1786 1482 1941 1515 videntur
1968 1495 1975 1514 :
1997 1482 2062 1516 viri
2080 1482 2156 1516 boni
2182 1484 2296 1516 autem
2314 1490 2434 1527 peryse

1391 1543 1488 1574 erunt
1513 1541 1609 1573 amici
1638 1552 1646 1574 ε
1665 1543 1830 1584 quatenus
1849 1542 1936 1574 enim
1968 1541 2065 1574 ambo
2090 1543 2167 1575 sunt
2185 1541 2280 1587 boni,
2298 1541 2386 1575 inter
2400 1550 2436 1576 sc

1390 1602 1524 1634 amante
1558 1600 1608 1633 illi
1629 1609 1706 1642 ergo
1734 1600 1927 1642 simpliciter
1954 1603 1988 1633 et
2009 1601 2139 1643 proprie
2166 1603 2200 1634 et
2219 1610 2280 1644 per
2296 1609 2332 1634 se
2357 1602 2435 1637 sunt

1390 1659 1485 1691 amici
1500 1671 1508 1691 :
1522 1659 1558 1692 hi
1572 1667 1651 1692 vero
1668 1667 1727 1701 per
1744 1658 1896 1691 accidens
1908 1666 1918 1697 ‚¹
1931 1660 1965 1691 et
1983 1659 2150 1701 quatenus
2168 1657 2301 1690 illorum
2317 1657 2436 1693 simili-

1390 1706 1539 1752 tudinem
1561 1721 1695 1760 gerunt,
1715 1728 1833 1752 nomen
1855 1718 2009 1751 amicitiae
2030 1718 2164 1752 habent.

1432 1778 1716 1817 Quemadmodum
1739 1781 1851 1811 autem
1876 1778 1911 1810 in
1925 1778 2107 1811 virtutibus
2136 1778 2192 1811 alii
2213 1777 2351 1821 quidem
2371 1777 2434 1811 ha-

1391 1837 1479 1877 bitu,
1503 1837 1558 1869 alii
1575 1847 1653 1870 vero
1672 1840 1747 1869 actu
1776 1837 1852 1870 boni
1868 1837 2026 1869 dicuntur
2049 1848 2058 1869 ε
2088 1836 2144 1870 alii
2169 1836 2256 1869 enim
2283 1835 2435 1869 habitum

1391 1899 1521 1930 tantum
1539 1898 1678 1939 justitiae
1699 1899 1837 1939 gerunt,
1860 1907 1926 1930 non
1950 1898 2051 1938 agunt
2069 1905 2150 1930 vero
2165 1905 2202 1930 re
2218 1896 2290 1939 ipsa
2309 1895 2339 1930 ei
2357 1905 2436 1929 con-

1391 1959 1554 1998 gruenter,
1573 1957 1651 1998 quia
1666 1957 1765 1989 rebus
1781 1957 1926 1989 externis
1950 1955 2187 1998 impediuntur,
2219 1955 2275 1989 alii
2301 1964 2381 1988 vero
2399 1964 2435 1988 re

1389 2016 1460 2058 ipsa
1478 2017 1578 2056 agunt
1594 2015 1693 2048 etiam
1705 2024 1781 2057 quae
1791 2016 1881 2057 J'usta
1900 2017 1998 2055 sunt,
2011 2014 2151 2057 justitiae
2166 2013 2318 2047 habitum
2334 2022 2435 2056 quem

1391 2079 1467 2109 sunt
1486 2075 1651 2108 consecuti
1667 2075 1763 2108 factis
1777 2075 1998 2117 exprimentes
2020 2086 2027 2107 :
2047 2075 2094 2107 sic
2111 2074 2212 2108 etiam
2237 2074 2272 2108 in
2292 2072 2436 2118 amicitia

1391 2135 1511 2168 evenit.
1536 2135 1600 2173 Qui
1614 2135 1699 2167 enim
1714 2143 1779 2166 una
1797 2134 1932 2172 vivunt,
1951 2142 2067 2166 eorum
2087 2132 2172 2166 alter
2189 2128 2326 2166 alterius
2341 2131 2434 2164 bonis

1391 2194 1530 2236 gaudet,
1567 2194 1760 2236 praebetque
1788 2193 1872 2226 alter
1899 2192 1997 2225 alteri·
2023 2201 2100 2236 quae
2127 2190 2267 2234 prmberi
2296 2186 2434 2234 possunt
2470 2214 2474 2221 ,

1390 2254 1474 2286 bona
1505 2264 1511 2285 :
1545 2253 1603 2295 qui
1626 2262 1705 2285 vero
1732 2255 1790 2285 aut
1816 2251 1984 2285 dormiunt
2015 2253 2074 2285 aut
2099 2251 2247 2284 locorum
2260 2247 2436 2283 intervallo

1390 2312 1546 2354 disjuncti
1563 2314 1661 2351 sunt,
1679 2311 1833 2344 amicitiae
1855 2311 2050 2344 muneribus
2064 2319 2128 2343 non
2148 2305 2431 2352 funguntnrqtii‘-

1390 2371 1465 2405 dem
1483 2371 1549 2410 illi,
1572 2371 1629 2404 sed
1644 2371 1691 2404 ita
1708 2373 1817 2403 tamen
1836 2372 1913 2403 sunt
1938 2369 2092 2409 animati,
2111 2370 2151 2402 ut
2166 2367 2259 2411 fungi
2278 2368 2415 2411 possint.

1431 2433 1502 2464 Non
1517 2430 1603 2463 enim
1619 2431 1766 2462 locorum
1784 2429 1957 2462 intervalla
1981 2428 2144 2461 amicitias
2169 2426 2364 2470 simpliciter
2382 2426 2436 2460 di-

1390 2491 1533 2529 rimunt,
1553 2490 1610 2523 sed
1627 2489 1773 2522 muneris
1791 2488 2004 2521 functionem.
2025 2487 2150 2527 Quodsi
2168 2486 2326 2520 diuturna
2351 2486 2436 2520 ami-

1390 2559 1504 2582 corum
1532 2549 1633 2582 fuerit
1650 2548 1797 2582 absentia
1809 2575 1816 2586 ,
1839 2547 1971 2581 videtur
1987 2547 2087 2580 etiam
2103 2545 2257 2579 amicitiae
2278 2545 2436 2589 obrepere

1394 2609 1536 2642 oblivio:
1555 2608 1642 2641 unde
1661 2608 1726 2641 dici
1745 2607 1846 2642 solet:

1461 2687 1641 2724 Neqlectum
1661 2686 1838 2724 alloquium
1857 2685 1973 2715 multos
1988 2683 2149 2723 disjunxit
2161 2683 2292 2715 amicos.

1391 2775 1491 2807 Senes
1509 2777 1621 2808 autem
1644 2777 1677 2808 et
1694 2774 1818 2808 austeri
1834 2784 1899 2807 non
1918 2773 2073 2807 videntur
2088 2772 2131 2806 ad
2149 2772 2328 2807 amicitiam
2354 2770 2431 2805 ido-

1389 2828 1439 2860 nei
1469 2837 1550 2862 esse.
1571 2830 1654 2862 Nam
1674 2838 1792 2871 parum
1807 2827 1988 2870 voluptatis
2010 2827 2046 2860 in
2067 2827 2137 2860 illis
2151 2829 2204 2860 est
2219 2839 2228 2860 z
2245 2826 2357 2860 vivere
2372 2835 2435 2858 au-

1388 2887 1457 2918 tem
1476 2889 1534 2919 aut
1561 2887 1686 2920 versari
1715 2896 1792 2919 cum
1821 2895 1878 2925 eo,
1904 2885 1940 2918 in
1965 2894 2034 2928 quo
2060 2885 2215 2927 voluptas
2241 2884 2351 2917 locum
2369 2893 2435 2916 non

1388 2938 1507 2978 habet,
1527 2949 1622 2972 nemo
1639 2941 1747 2982 potest
1765 2952 1772 2972 :
1787 2948 1882 2972 nemo
1895 2938 1983 2971 enim
2001 2947 2077 2972 cum
2096 2947 2135 2971 eo
2146 2938 2205 2981 qui
2220 2938 2384 2972 molestus*
2396 2946 2434 2970 ac

1390 2991 1495 3023 tristis
1514 2994 1573 3023 aut
1598 2993 1655 3034 qui
1673 3002 1736 3024 non
1753 2991 1920 3034 jucundus
1948 2992 1999 3024 est
2029 2990 2220 3024 convictum
2238 2989 2360 3023 habere
2379 2998 2436 3022 vo-

1390 3044 1435 3076 let
1452 3058 1460 3076 ¹.
1479 3043 1611 3077 videtur
1626 3045 1747 3087 quippe
1767 3046 1887 3078 natura
1900 3044 2012 3086 fugere
2032 3043 2179 3076 dolorem
2196 3043 2230 3074 et
2245 3041 2432 3083 jucundita·

1390 3100 1458 3130 tem
1487 3106 1613 3139 semper
1633 3099 1727 3140 sequi
1749 3111 1757 3130 ε
1785 3108 1861 3130 cum
1879 3107 1946 3140 quo
1967 3105 2047 3130 vero
2071 3105 2167 3129 nemo
2184 3096 2294 3138 potest
2308 3094 2431 3128 habere
2472 3133 2474 3139 χ

1389 3152 1620 3186 commercium
1634 3176 1643 3193 ,
1663 3152 1740 3184 huic
1753 3152 1878 3184 amicus
1898 3160 1969 3184 esse
1984 3160 2048 3183 non
2072 3149 2193 3192 poterit
2208 3161 2217 3182 ι
2232 3147 2434 3192 consuetudo
2476 3159 2477 3162 ¹

1389 3206 1542 3240 videlicet
1568 3208 1601 3238 et
1624 3205 1794 3239 convictus
1812 3205 1974 3238 amicitias
1992 3205 2172 3246 comparat.

329 3398 344 3415 *
366 3398 443 3440 Cap.
460 3401 490 3431 5.
510 3397 637 3442 ’Ὠσπερ
655 3398 690 3431 δὲ
707 3398 759 3431 ἐπὶ
775 3401 840 3431 τῶν
856 3398 982 3441 ἀρετῶν
998 3399 1067 3431 κτλ.
1086 3415 1127 3422 -
1145 3398 1183 3418 ⁴¹*
1199 3400 1238 3431 Οἱ
1258 3398 1320 3442 γὰρ
1334 3397 1430 3431 τόποι
1449 3400 1516 3431 κτλ.
1539 3414 1581 3423 -·
1601 3397 1660 3418 *³⁹¹*
1680 3396 1757 3430 Ἐὰν
1775 3395 1809 3429 δὲ
1825 3396 1951 3439 χρόνιος
1965 3396 2035 3429 ιιτλ.
2054 3412 2095 3420 -
2107 3394 2182 3415 *¹⁸*
2197 3395 2247 3428 Οὐ
2262 3394 2431 3437 φαίνονται

288 3444 315 3476 δ’
333 3446 397 3477 οὔθ’
418 3447 447 3478 οἱ
468 3447 648 3488 πρεσὸῡται
663 3447 732 3479 κτλ.

2486 3573 2503 3776 Μαι-...ευθ-
2492 3527 2499 3530 =
