2508 3776
305 179 381 218 412

453 260 632 310 οἰκοδόμος
1006 259 1217 311 σκυτοτόμος

532 334 554 355 α
1091 333 1112 368 γ

532 954 552 1002 β
1090 954 1110 990 δ

486 1009 577 1046 οἰκία
1005 1010 1170 1062 ὑπόδημα

299 1112 461 1154 Ἔστω
443 1114 478 1154 οὲ
498 1114 618 1168 ὥσπερ
638 1114 852 1168 τετράγωνον
871 1117 902 1154 οἱ
916 1114 1083 1190 τέσσαρες
1099 1116 1184 1170 ὅροι·
1207 1120 1226 1156 ὁ
1245 1120 1342 1157 οἷκο-

299 1172 415 1223 δόμος,
434 1174 687 1225 ὃσκυτοτόμος,
702 1189 741 1212 το
755 1173 941 1224 ὑπόδημα,
962 1177 984 1222 ἡ
1006 1175 1114 1213 οἰκία·
1131 1178 1150 1214 ὁ
1166 1176 1343 1227 οἰκοδόμος

299 1230 361 1281 μὲν
375 1233 428 1285 ἐφ’
449 1236 487 1270 οὑ
504 1233 543 1271 τὸ
565 1249 598 1281 α,
616 1232 827 1283 σκυτοτόμος
847 1233 906 1280 δέ,
921 1234 974 1285 ἐφ’
997 1237 1035 1271 οὑ
1046 1234 1086 1271 τὸ
1104 1248 1141 1284 γ,
1161 1234 1268 1282 οἰκία,
1291 1234 1342 1287 ἐφ’

297 1292 335 1326 οὑ
354 1288 392 1328 τὸ
412 1293 455 1342 β,
480 1290 667 1341 ὑπόδημα,
692 1291 745 1344 ἐφ’
772 1295 810 1330 οὑ
839 1290 877 1328 τὸ
898 1291 928 1329 8·
951 1290 1027 1329 ἐπεὶ
1053 1291 1165 1330 τοίνυν
1194 1293 1261 1331 ὑπὸ
1286 1293 1343 1332 τὸν

298 1349 511 1398 σκυτοτόμον
527 1349 567 1388 τὸ
580 1349 744 1399 ὑπόδημα
760 1348 911 1394 τίθεται,
929 1347 1047 1401 ὥσπερ
1070 1350 1109 1389 τὸ
1130 1350 1181 1388 8‘
1169 1350 1234 1388 υπὸ
1249 1350 1288 1389 τὸ
1308 1365 1342 1401 γ,

297 1406 357 1445 καὶ
377 1407 442 1446 ὑπὸ
457 1408 514 1446 τὸν
539 1407 717 1457 οἰκοδόμον
738 1410 760 1454 ἡ
778 1407 869 1446 οἰκία
882 1438 892 1456 ,
917 1406 1036 1460 ὥσπερ
1057 1407 1095 1447 τὸ
1118 1408 1221 1460 βὺπὸ
1241 1408 1280 1447 τὸ
1301 1424 1338 1458 α,

297 1466 332 1503 ἔν
349 1471 424 1509 ταῖς
442 1468 526 1518 πρὸς
545 1465 717 1513 ἀλλήλους
744 1466 939 1511 κοινωνίαις
964 1467 1221 1517 συναφθήσεται
1242 1467 1303 1518 μὲν
1325 1471 1343 1506 ὃ

296 1524 472 1574 οἰκοδόμος
486 1530 554 1568 τοῖς
574 1525 810 1574 ὑποδήμασιν,
831 1523 952 1577 ὥσπερ
970 1525 1182 1565 συνάπτεται
1200 1528 1239 1565 τὸ
1256 1543 1277 1565 α
1292 1529 1342 1580 τῷ

296 1583 327 1620 δ·
350 1585 367 1620 ὁ
388 1583 423 1622 δὲ
456 1583 668 1634 σκυτοτόμος
687 1587 731 1636 τῇ
758 1583 872 1637 οἰκίᾳ,
892 1583 1011 1636 ὥσπερ
1028 1584 1067 1622 τὸ
1100 1601 1123 1636 γ
1143 1588 1192 1637 τῷ
1224 1588 1256 1638 β·
1280 1586 1341 1625 καὶ

295 1641 402 1685 οὕτως
428 1643 565 1683 ἔσονται
598 1644 632 1681 αἱ
652 1643 830 1682 κοινωνίαι
856 1642 950 1682 κατὰ
970 1643 1167 1697 διάμετρον·
1190 1645 1227 1683 οὗ
1249 1644 1341 1684 κατὰ

296 1700 339 1739 τὰ
364 1701 471 1749 αὐτά,
493 1700 584 1740 ἀλλὰ
604 1701 696 1740 κατὰ
716 1700 761 1739 τὰ
785 1701 955 1752 ἀνάλογα.

348 1758 451 1799 *Διὰ
477 1763 580 1798 τοῦτο
607 1761 658 1798 δεῖ
688 1758 732 1797 τὰ
763 1759 1013 1809 ἀλλασσόμενα
1033 1761 1134 1813 λόγον
1165 1761 1257 1814 ἔχειν
1281 1761 1342 1801 καὶ

294 1817 513 1868 συμμετρίαν
536 1815 618 1870 πρὸς
636 1817 784 1863 ἄλληλα·
806 1817 873 1856 εἰσι
894 1817 1003 1871 γὰρ”
983 1834 1080 1867 ενια,
1100 1819 1122 1858 ἃ
1139 1819 1216 1859 οὐδὲ
1239 1818 1340 1859 δύνα-

294 1891 352 1914 ται
373 1876 495 1927 σχεδὸν
512 1876 709 1927 ἀλλαγηναι
727 1875 784 1914 διὰ
804 1875 842 1914 τὸ
857 1875 1067 1928 ἀσύμμετρα
1089 1881 1189 1917 εἶναι·
1211 1873 1281 1917 οἷον
1297 1878 1337 1916 τὸ

295 1939 353 1973 τοῦ
383 1933 573 1980 αὖλητοἫν
556 1949 680 1986 εργον,
704 1933 764 1972 καὶ
783 1933 822 1973 τὸ
837 1939 898 1973 τοῦ
925 1935 1123 1985 οἰκοδόμου.
1145 1936 1213 1976 Διὰ
1238 1952 1341 1976 τουτο

294 1993 500 2046 παρελήφθη
521 1991 565 2031 τὰ
585 1992 787 2044 νομίσματα
803 2023 813 2040 ,
835 1992 936 2031 ἅτινα
958 1993 1044 2046 πρὸς
1063 2001 1132 2033 πᾶν
1157 1994 1255 2048 ἔργον
1274 1994 1339 2033 δύ-

295 2067 415 2090 νανται
445 2053 666 2104 ἀλλαγῆναι,
690 2051 750 2091 καὶ
779 2051 908 2094 παντὸς
925 2051 1027 2105 ἔργου
1057 2052 1122 2099 τὴν
1147 2052 1245 2098 ἀξίαν
1269 2069 1339 2104 με-

294 2114 443 2161 τροῦσιν·
459 2110 528 2150 ἀπὸ
539 2111 671 2149 τούτων
689 2109 756 2162 γὰρ
776 2109 991 2161 γινώσκομεν
1013 2109 1131 2149 πόσων
1155 2111 1339 2162 ὑποδημά-

295 2184 362 2207 των
395 2169 529 2216 ἠοίκία
565 2168 643 2214 ἀξία
668 2169 780 2216 ἐστίν,
803 2168 825 2216 ἢ
853 2168 964 2216 πόσης
995 2172 1143 2222 τροφῆς,
1180 2169 1340 2217 ἢᾶλλων

295 2227 415 2280 ἔργων·
436 2229 466 2266 εἰ
484 2228 551 2281 γὰρ
573 2227 622 2278 μὴ
639 2230 661 2274 ἡ
681 2227 759 2272 ἀξία
775 2228 924 2266 ἑκάστου
941 2228 1167 2279 γινώσκοιτο,
1183 2231 1222 2268 οὔ
1242 2229 1341 2268 δύνα-

295 2301 352 2324 ται
368 2289 537 2334 συστῆναι
554 2288 575 2333 ἡ
597 2285 736 2339 ἀλλαγὴ
758 2286 816 2325 καὶ
838 2290 860 2334 ἡ
881 2285 1056 2326 κοινωνία·
1072 2286 1111 2326 τὸ
1130 2287 1198 2340 γὰρ
1218 2287 1268 2339 μὴ
1289 2289 1340 2327 δι-

296 2345 392 2383 δόναι
414 2344 474 2384 καὶ
502 2344 697 2396 λαμὸάνειν
731 2344 868 2396 ἀξίωμα
889 2346 952 2384 οὒκ
981 2344 1074 2385 ἔστιν
1103 2346 1239 2399 ἀλλαγὴ
1263 2346 1340 2385 οὐδὲ

295 2404 472 2444 κοινωνία.

348 2462 382 2480 **
400 2462 467 2502 Διὰ
484 2478 583 2502 τουτο
600 2462 734 2514 ἀνάγκη
749 2456 926 2502 εἰναίτιὲν
948 2463 1072 2538 μέτρον
1093 2464 1204 2503 κοινὸν
1225 2464 1342 2503 ἁπάν-

295 2536 383 2567 των,
403 2523 431 2572 ᾧ
454 2520 568 2560 πάντα
578 2521 762 2572 δυνάμεθα
783 2527 950 2575 μετρεῖν,
967 2522 1026 2561 καὶ
1046 2523 1089 2560 δι’
1109 2526 1148 2561 οὓ
1127 2517 1223 2570 τὴν
1242 2521 1340 2567 ἀξίαν

295 2578 442 2617 ἑκάστου
462 2578 689 2629 γινώσκομεν.
712 2577 821 2618 ’Ἔστι
839 2579 875 2618 δὲ
896 2596 997 2632 φυσει
1017 2580 1079 2632 μὲν
1101 2581 1162 2620 καὶ
1186 2581 1335 2634 ἀληθεία

295 2640 317 2684 ἡ
334 2636 436 2688 χρεία
453 2637 577 2691 μέτρον
594 2638 767 2677 ἁπάντων·
784 2638 930 2678 καθόσον
947 2639 1015 2692 γάρ
1034 2655 1085 2684 τις
1103 2639 1214 2678 δεῖταί
1235 2656 1336 2687 τινος,

295 2695 387 2734 κατὰ
408 2700 573 2739 τοσοῦτον
606 2695 766 2748 βούλεται
787 2698 883 2750 αὖτῷ
913 2703 1101 2737 κοινωνεῖν·
1136 2700 1166 2737 εἷ
1194 2698 1262 2750 γὰρ
1290 2697 1339 2749 μὴ

297 2754 408 2793 δέοιτο
442 2758 510 2794 τῶν
532 2755 670 2807 ἑτέρου,
693 2754 716 2801 ἢ
748 2755 796 2806 μὴ
819 2755 939 2809 ὥσπερ
962 2757 1065 2800 ἄλλος
1092 2759 1160 2796 τῶν
1182 2757 1332 2805 ἐκείνου,

298 2811 389 2850 ἀλλὰ
408 2812 573 2861 ἔλαττον,
591 2829 652 2852 ουκ
669 2813 767 2852 ἔσται
787 2814 868 2854 ποτὲ
888 2815 1038 2867 ἀλλαγή·
1061 2816 1221 2867 δεόμενος
1240 2814 1276 2854 δὲ
1296 2815 1340 2854 τὰ

298 2873 420 2910 ἑαυτοῦ
443 2871 587 2920 δίδωσι,
609 2872 669 2910 καὶ
688 2872 861 2922 λαμὸάνει
884 2874 927 2912 τὰ
946 2877 1016 2912 τῶν
1043 2874 1173 2915 ἄλλων.
1203 2873 1255 2913 ‘H
1275 2874 1338 2924 μὲν

297 2932 355 2968 οὐν
376 2929 477 2982 χρεία
493 2930 593 2983 φύσει
611 2931 670 2970 καὶ
685 2931 830 2985 ἀληθεία
851 2933 975 2985 μέτρον
992 2934 1065 2973 ἐστὶ
1082 2937 1151 2973 τῶν
1167 2934 1335 2988 πραγμά-

297 3004 377 3026 των·
406 2991 495 3036 αὕτη
519 2989 586 3042 γὰρ
612 2990 745 3034 πάντας
779 2992 825 3034 εἷς
858 2992 893 3029 ἓν
915 2993 1066 3044 συνάγει·
1100 2992 1196 3046 νόμῳ
1222 2994 1257 3032 δὲ
1278 2993 1338 3032 καὶ

298 3045 389 3086 κατὰ
409 3048 581 3120 συνθηκην
599 3049 638 3087 τὸ
657 3049 824 3099 νόμισμα·
842 3049 901 3088 καὶ
921 3050 978 3089 διὰ
991 3067 1092 3090 τουτο
1108 3051 1167 3090 καὶ
1183 3052 1339 3103 νόμισμα

299 3105 479 3152 καλεῖται,
498 3104 553 3143 ὅτι
569 3106 630 3144 οὔκ
649 3104 724 3144 ἔστι
744 3107 866 3158 φύσει,
891 3109 982 3147 ἀλλὰ
995 3111 1078 3162 παρ’
1100 3113 1201 3160 ἡμων
1222 3111 1335 3158 ἐτέθη,

298 3179 358 3203 και
378 3165 430 3216 ἐφ’
451 3167 534 3215 ἡμῖν
549 3165 637 3204 ἔστιο
657 3165 868 3216 μεταὸαλεῖν
891 3167 975 3206 αὐτὸ
989 3169 1047 3207 και
1064 3173 1209 3216 ποιῆσαι
1227 3186 1248 3207 α
1250 3185 1338 3222 [ρη-

299 3237 394 3261 στον.
415 3220 522 3264 Ἔστι
544 3223 659 3263 τοίνυν
677 3225 737 3263 καὶ
761 3225 801 3264 τὸ
822 3225 978 3277 νόμισμα
1001 3228 1153 3279 μέτρον,
1175 3231 1220 3272 ὡς
1241 3228 1338 3281 εἴρη-

297 3296 375 3331 ται,
404 3298 466 3330 της
492 3285 562 3322 τῶν
580 3284 798 3336 πραγμάτων
820 3283 938 3332 ἀξίας,
966 3285 1024 3324 καὶ
1053 3288 1156 3325 αὐτοῦ
1189 3287 1252 3337 μὲν
1276 3289 1339 3325 οὐκ

341 3417 359 3435 *
375 3418 433 3450 Διὸ
450 3418 557 3451 πάντα
573 3419 743 3461 συμὸλητὰ
763 3421 813 3453 δεῖ
827 3431 894 3458 πως
911 3420 991 3453 εἶναι
1004 3422 1073 3453 κτλ.
1093 3438 1134 3444 --
1157 3421 1195 3441 **
1212 3423 1271 3454 Δεῖ
1288 3421 1352 3463 ἄρα
1367 3421 1414 3454 ἑνί
1433 3431 1495 3454 τινι
1510 3421 1618 3453 πάντα
1633 3421 1816 3463 μετρεῖσθαι
1830 3421 1897 3452 κτλ.

1138 174 1416 215 ANDRONICI
1444 173 1620 215 RHODH

1405 1123 1477 1157 Sint
1493 1133 1569 1166 ergo
1583 1124 1680 1158 *nobis
1703 1124 1857 1168 quadrati
1882 1126 1986 1159 instar
2000 1129 2144 1170 quatuor
2161 1127 2316 1163 termini:
2332 1129 2447 1164 archi·-
2478 1156 2490 1178 3

1406 1183 1522 1220 tectus,
1540 1184 1643 1220 sutor,
1663 1183 1800 1221 calceus,
1821 1183 1996 1215 aediticium
2011 1194 2018 1213 :
2036 1184 2221 1227 etquidem
2241 1184 2442 1221 architectus
2471 1197 2476 1202 ·

1404 1241 1460 1273 ubi
1474 1242 1510 1279 Α,
1533 1242 1626 1273 sutor
1642 1242 1753 1273 autem
1772 1241 1829 1274 ubi
1850 1242 1878 1274 G
1905 1243 1965 1280 est,
1992 1242 2168 1277 aedificium
2186 1243 2244 1278 ubi
2257 1245 2295 1284 B,
2310 1245 2449 1280 calceus
2479 1256 2485 1284 j

1404 1299 1545 1341 denique
1561 1299 1620 1332 ubi
1641 1301 1668 1332 D
1688 1313 1696 1332 ι
1713 1300 1870 1342 quoniam
1888 1301 1989 1342 igitur
2007 1302 2068 1334 sub
2084 1304 2196 1336 sutore
2215 1303 2346 1338 alceus
2358 1304 2449 1348 poni-
2471 1331 2475 1336 .

1405 1360 1472 1398 tur,
1493 1357 1579 1390 sicut
1594 1360 1623 1390 D
1641 1359 1774 1400 ponitur
1787 1360 1849 1393 sub
1865 1361 1903 1399 G,
1932 1363 1965 1393 et
1982 1361 2044 1394 sub
2057 1361 2239 1395 architecto
2252 1361 2445 1403 emaum,

1405 1417 1685 1459 quemadmodum
1713 1420 1740 1450 B
1770 1419 1831 1451 sub
1860 1421 1886 1451 A
1917 1419 2059 1461 ponitur,
2094 1420 2130 1453 in
2156 1417 2487 1462 communicatione

1404 1480 1519 1510 mutua
1545 1477 1760 1519 conjungetur
1785 1478 1985 1511 architectus
2014 1488 2090 1512 cum
2108 1479 2244 1519 calceis,
2262 1481 2302 1513 ut
2316 1480 2346 1514 A
2369 1485 2449 1518 coni-

1400 1536 1551 1579 jungitur
1565 1545 1641 1568 cum
1655 1538 1683 1568 D
1703 1547 1711 1565 :
1734 1539 1827 1569 sutor
1851 1546 1930 1570 vero
1948 1547 2025 1570 cum
2044 1538 2200 1578 aedificio,
2225 1538 2312 1572 sicut
2326 1539 2357 1573 G
2371 1548 2454 1579 cum*
2490 1584 2492 1587 ι

1403 1597 1430 1628 Β
1446 1605 1453 1626 2
1470 1597 1572 1637 atque
1590 1595 1637 1627 ita
1660 1595 1778 1628 mediis
1800 1596 1893 1629 lineis
1913 1597 2166 1630 communicatio
2182 1596 2366 1632 effidem:
2381 1606 2448 1632 non
2482 1606 2487 1615 ·

1402 1654 1538 1697 quidem
1557 1653 1672 1687 eodem
1688 1654 1787 1688 modo
1799 1680 1807 1696 ‚
1822 1654 1880 1688 sed
1899 1664 1960 1698 pro
1975 1655 2135 1698 portione.

1444 1760 1554 1796 Quare
1571 1758 1701 1799 oportet
1723 1765 1761 1789 ea
1777 1764 1853 1798 quae
1870 1756 2102 1797 permutantur
2115 1755 2278 1791 rationem
2301 1755 2448 1801 aliquam
2483 1788 2485 1794 A

1400 1818 1486 1851 inter
1509 1827 1544 1851 se
1560 1817 1681 1849 habere
1708 1817 1742 1848 et
1764 1814 2025 1847 convenientiam
2047 1816 2150 1848 :sunt
2169 1815 2444 1859 enimquaednm,
2482 1819 2483 1822 ’

1400 1887 1476 1921 quae
1489 1876 1557 1910 fere
1573 1885 1613 1908 ne
1631 1874 1812 1917 permutari
1829 1873 1964 1916 quidem
1976 1873 2103 1916 possint
2114 1900 2122 1912 ,
2137 1874 2216 1917 quia
2236 1874 2371 1923 interae
2381 1884 2447 1917 non
2488 1912 2500 1923 ⁷„

1402 1939 1586 1980 congruunt
1617 1946 1623 1966 :
1655 1935 1747 1968 verbi
1776 1943 1895 1972 causa,
1922 1934 2066 1968 tibicinis
2089 1943 2174 1977 opus
2201 1937 2238 1969 et
2261 1937 2444 1972 architecti.
2462 1934 2465 1935 ⁷
2484 1967 2486 1969 ,

1402 1997 1608 2038 Quapropter
1623 1993 1751 2027 nummi
1768 1992 1909 2026 assumti
1921 1995 2014 2032 sunt,
2034 1993 2093 2036 qui
2105 1993 2253 2036 qualibet
2270 2004 2307 2033 10
2316 1990 2448 2038 pei-mu.
2487 1995 2490 2019 ὲ

1401 2057 1465 2089 tari
1479 2056 1615 2098 queunt,
1633 2053 1848 2095 omniumque
1864 2061 1977 2085 rerum
1994 2052 2139 2094 pretium
2153 2053 2338 2091 metiuntur
2351 2054 2448 2088 Asine
2476 2055 2503 2089 -ἶ

1402 2115 1489 2148 enim
1513 2113 1690 2151 discimus,
1725 2113 1809 2155 quot
1839 2111 1965 2144 calceos
1995 2109 2103 2143 valeat
2138 2109 2315 2144 aedificimn
2326 2137 2334 2151 ,
2366 2112 2446 2146 item
2488 2107 2499 2146 ’ἶ

1403 2176 1566 2218 quantum
1583 2173 1667 2211 cibi,
1689 2174 1747 2204 aut
1773 2171 1913 2204 aliarum
1937 2178 2050 2202 rerum
2071 2181 2080 2201 :
2100 2177 2178 2202 nam
2203 2169 2268 2204 nisi
2285 2170 2449 2217 qunsqiie
2472 2194 2482 2211 ..‚

1402 2233 1450 2266 rei
1475 2232 1619 2275 pretium
1647 2229 1876 2272 cognovimus,
1895 2237 2002 2270 neque
2026 2228 2226 2271 permutatio
2252 2228 2323 2263 ulla
2337 2229 2448 2271 locum

1402 2293 1523 2325 habere
1540 2292 1668 2334 potest,
1684 2298 1790 2332 neque
1806 2287 2081 2321 communicatio:
2110 2286 2274 2331 siquidem
2285 2297 2351 2322 non
2365 2287 2446 2333 dare

1402 2354 1462 2386 aut
1481 2351 1627 2393 accipere
1648 2348 1737 2392 quod
1761 2347 1905 2391 pretium
1924 2347 2060 2389 singulae
2077 2356 2132 2380 res
2147 2346 2290 2386 habent,
2304 2356 2373 2382 non
2395 2349 2447 2382 est
2483 2335 2506 2366 -·’

1401 2410 1602 2455 permutatio
1619 2410 1678 2441 aut
1698 2406 1959 2440 communicatio.

1444 2470 1650 2511 Quapropter
1667 2475 1799 2499 necesse
1816 2467 1867 2498 est
1883 2474 1983 2498 unam
1995 2465 2144 2508 aliquam
2155 2474 2227 2499 esse
2239 2473 2447 2503 communem
2479 2468 2497 2499 ,ἱ-

1402 2528 1549 2562 omnium
1564 2536 1676 2559 rerum
1699 2533 1887 2559 mensuram
1898 2549 1908 2566 ‚
1926 2533 1993 2566 qua
2020 2524 2131 2557 metiri
2147 2525 2269 2558 cuncta
2285 2532 2447 2567 queamus
2479 2555 2481 2558 Α
2498 2535 2499 2538 ’

1403 2587 1672 2629 singularumque
1689 2593 1800 2617 rerum
1827 2583 1933 2626 pretia
1963 2583 2202 2626 cognoscimus.
2226 2584 2307 2626 Haec
2331 2573 2445 2620 autem

1402 2656 1514 2679 rerum
1531 2645 1679 2678 omnium
1694 2652 1848 2676 mensura
1872 2642 2003 2685 proprie
2025 2641 2161 2685 quidem
2173 2643 2207 2676 et
2227 2644 2345 2676 revera
2357 2641 2446 2677 indi-

1401 2705 1509 2748 gentia
1527 2706 1578 2737 est
1594 2717 1602 2736 ι
1619 2713 1695 2736 nam
1714 2704 1880 2745 quatenus
1895 2701 2016 2744 aliquis
2029 2701 2185 2744 quopiam
2198 2701 2288 2743 eget,
2308 2702 2446 2735 eatenus

1402 2764 1474 2806 ejus
1502 2762 1665 2805 particeps
1690 2770 1762 2795 esse
1796 2761 1870 2794 vult
1900 2772 1908 2793 ι
1937 2759 2001 2793 nisi
2022 2759 2110 2793 enim
2138 2759 2182 2793 iis
2205 2767 2284 2803 qum
2307 2759 2445 2794 alterius

1402 2825 1478 2856 sunt
1493 2824 1581 2865 eget,
1601 2823 1660 2854 aut
1673 2821 1783 2854 minus
1802 2829 1904 2863 quam
1917 2819 2002 2853 alius
2013 2828 2090 2863 quae
2103 2819 2210 2862 ipsius
2224 2818 2444 2858 sunt-deside-
2480 2822 2505 2857 ξ

1402 2886 1469 2923 rat,
1491 2884 1582 2916 nulla
1596 2892 1744 2925 unquam
1769 2881 1832 2915 erit
1859 2881 2058 2924 permutatio
2075 2891 2083 2911 :
2104 2887 2210 2924 quum
2225 2889 2306 2914 vero
2327 2882 2444 2923 egeam
2466 2896 2484 2926 ,ς

1401 2943 1459 2976 dat
1477 2952 1537 2976 sua
1552 2942 1737 2985 accipitque
1763 2941 1878 2974 aliena.
1898 2940 2034 2983 Proprie
2051 2949 2127 2982 ergo
2141 2949 2180 2973 ac
2197 2948 2313 2973 revera
2329 2947 2443 2975 rerum
2479 2933 2495 2979 J}

1401 3010 1555 3034 mensura
1580 3002 1632 3034 est
1657 2999 1835 3042 indigentia
1868 3008 1876 3028 ε
1895 2999 1969 3032 haec
1989 2998 2074 3031 enim
2091 3006 2205 3031 omnes
2227 2997 2380 3032 adunat:
2404 3007 2452 3034 (ι,
2467 2995 2495 3050 ,ᾗ

1401 3061 1470 3102 lege
1485 3069 1564 3093 vero
1576 3061 1610 3092 et
1624 3059 1777 3092 instituto
1793 3067 1950 3091 nummus
1973 3059 2024 3091 est
2046 3069 2054 3097 ς
2071 3057 2212 3100 ideoque
2227 3056 2327 3091 etiam
2343 3065 2444 3110 nunt?
2461 3049 2508 3085 ὲ·-

1400 3129 1476 3153 mus
1491 3120 1638 3158 vocatur,
1663 3119 1836 3161 propterea
1850 3116 1941 3160 quod
1960 3126 2025 3150 non
2041 3116 2111 3159 lege
2133 3117 2258 3157 valeat,
2274 3115 2364 3152 seda
2382 3125 2443 3151 no-
2469 3118 2493 3171 7⁷7}

1400 3180 1451 3213 bis
1463 3179 1617 3212 inventus
1632 3180 1666 3212 et
1679 3178 1825 3220 signatus
1842 3177 1903 3215 sit,
1923 3185 1962 3209 ac
1981 3176 2081 3210 simul
2102 3176 2136 3209 in
2150 3177 2263 3210 nostra
2279 3177 2440 3220 potestate

1400 3241 1454 3279 sit,
1471 3250 1547 3273 eum
1559 3240 1735 3273 immutare
1758 3238 1974 3280 inutilemque
1991 3237 2139 3271 reddere.
2162 3238 2223 3270 Est
2251 3246 2328 3279 ergo
2343 3245 2440 3270 num-

1400 3308 1475 3332 mus
1500 3308 1648 3341 quoque,
1675 3296 1954 3342 quemadmodum
1974 3296 2140 3335 diximus,
2167 3295 2264 3338 pretii
2292 3295 2440 3330 omnium
2458 3302 2492 3340 g
