2528 3788
300 318 702 384 ΕΥΔΗΜΟΥ
751 316 913 378 ΤΟΥ
963 316 1259 379 ΡΟΔΙΟΥ

460 452 579 496 ΤΟΥ
610 449 1101 518 ΠΕΡΙΠΑᾟΗΤΙΚΟΥ

527 564 936 605 ΑΠΟΣΠΑΣΜΑΤΙΑ
964 563 1030 616 (1).

645 775 926 819 ΦΥΣΙΚΑ.

325 923 350 948 1.
379 907 498 961 Ὅπερ
535 908 677 961 ἠρεμεῖν
726 909 824 946 καλῶ
869 909 936 945 τῶν
978 906 1150 954 ἀκινήτων
1188 905 1303 956 μόνον.

271 966 451 1008 Ἐναντίον
471 966 538 1019 γὰρ
556 967 686 1018 ἠρεμία
705 966 859 1018 κινήσει,
883 965 973 1004 ὥστε
1001 964 1162 1018 στέρησις
1190 962 1231 1002 ἂν
1253 962 1306 1011 εἴη

269 1029 327 1064 τοῦ
351 1026 522 1065 δεκτικοῦ.

326 1083 570 1136 (Aristoteles
599 1082 755 1133 Physic.
783 1082 829 1130 V,
863 1097 899 1122 2.
931 1096 1019 1134 pag.
1060 1084 1153 1121 226.
1184 1079 1223 1121 b.
1260 1085 1304 1125 14

271 1143 329 1181 ed.
350 1143 509 1181 Bekker.
529 1141 747 1192 Simplicius
772 1142 819 1178 ad
841 1141 957 1191 Phys,
978 1141 1047 1180 lib.
1067 1140 1118 1178 vl
1141 1140 1209 1179 fol.
1232 1141 1306 1177 216

271 1201 406 1253 εἴρηται
425 1199 460 1238 δὲ
484 1199 541 1238 καὶ
564 1199 747 1252 πρότερον,
771 1198 823 1238 ὅτι
846 1198 890 1238 τὰ
916 1199 978 1250 μὲν
1001 1199 1101 1238 πέντε
1125 1198 1245 1251 βιὸλία
1265 1196 1309 1235 τὰ

271 1259 338 1311 πρὸ
356 1258 478 1298 τούτου
500 1257 644 1298 Φυσικὰ
665 1261 828 1305 καλοῦσι,
849 1257 893 1295 τὰ
911 1258 941 1295 δ’
963 1259 1116 1295 ἐντεῦθεν
1133 1255 1211 1309 τρία
1230 1256 1309 1310 περὶ

272 1317 453 1364 κινήσεως.
477 1315 581 1356 Οὕτω
602 1315 669 1368 γὰρ
691 1315 750 1353 καὶ
772 1315 982 1366 Ἀνδρόνικος
1008 1317 1042 1353 ἐν
1064 1318 1114 1368 τῷ
1131 1314 1236 1367 τρίτῳ
1257 1317 1309 1366 βι-

275 1375 362 1428 ὅλίῳ
393 1377 460 1413 τῶν
492 1373 748 1426 Ἀριστοτέλους
780 1374 861 1427 περὶ
892 1373 1058 1420 κινήσεως
1091 1374 1311 1412 διατάττεται

277 1436 530 1487 μαρτυροῦντος
549 1432 644 1483 (leg.
670 1433 876 1485 μαρτυρῶν)
898 1432 979 1484 περὶ
998 1434 1066 1470 τῶν
1089 1431 1236 1484 πρώτων
1253 1431 1311 1471 καὶ

275 1492 501 1545 Θεοφράστου
522 1489 718 1543 γράψαντος
737 1489 903 1541 Εὖδήμου
919 1490 1011 1543 (leg.
1035 1491 1217 1543 Εὐδήμῳ)
1232 1491 1311 1543 περί

274 1564 363 1593 τινος
395 1551 487 1601 αὐτῷ
522 1548 615 1601 (leg.
650 1549 776 1600 αὐτοῦ)
799 1551 867 1586 τῶν
896 1549 1187 1600 διημαρτημένων
1220 1551 1313 1587 ἀντι-

274 1608 415 1661 γράφων
443 1606 532 1650 κατὰ
558 1607 596 1645 τὸ
616 1607 773 1658 πέμπτον
800 1607 935 1660 βιὸλίον
949 1624 957 1632 ·
979 1608 1064 1660 ὑπὲρ
1085 1602 1156 1656 ὧν,
1186 1608 1309 1661 φησίν,

276 1665 476 1709 ἐπέστειλας
497 1665 645 1704 κελεύων
667 1682 710 1716 με
731 1667 864 1718 γράψαι
885 1665 945 1705 καὶ
966 1666 1171 1704 ἀποστεῖλαι
1186 1667 1226 1704 ἐκ
1245 1669 1312 1704 τῶν

273 1727 457 1764 Φυσικῶν·
474 1723 551 1772 ἤτοι
581 1722 649 1776 ἐγὼ
669 1725 707 1763 οὐ
731 1724 868 1775 ξυνίημι
887 1724 909 1771 ἢ
934 1724 1056 1777 μικρόν
1079 1740 1112 1763 τι
1133 1725 1313 1768 παντελῶς

275 1783 346 1836 ἔχει
366 1787 424 1821 τοῦ
447 1783 513 1821 ἀνὰ
540 1782 645 1829 μέσον
670 1787 729 1821 τοῦ
759 1783 844 1837 ὅπερ
864 1786 1008 1835 ἠρεμεῖν
1030 1783 1128 1822 καλῶ
1149 1785 1217 1821 τῶν
1237 1784 1312 1822 ἀκι-

274 1842 385 1888 νήτων
403 1841 505 1892 μόνον
517 1856 525 1865 ·
544 1841 696 1881 ἐναντίον
715 1841 782 1895 γὰρ
800 1842 934 1895 ἠρεμία
955 1842 1108 1890 κινήσει,
1130 1841 1219 1880 ὥστε
1238 1841 1313 1880 στέ-

277 1915 373 1952 ρησις
401 1900 440 1938 ἂν
476 1898 529 1947 εἴη
565 1903 623 1938 τοῦ
657 1901 829 1940 δεκτικοῦ.
851 1900 967 1939 υΩστε
1000 1899 1059 1939 καὶ
1089 1900 1127 1939 τὸ
1155 1899 1313 1950 πέμπτον

279 1958 411 2008 βιὸλίον
438 1960 455 1995 6
482 1957 704 2011 Θεόφραστος
725 1961 764 1998 ἐκ
795 1961 863 1997 τῶν
895 1961 1064 1998 Φυσικῶν
1097 1957 1311 2009 νομίζει.....

275 2014 361 2055 Ὅτι
381 2016 416 2055 δὲ
437 2015 480 2055 τὰ
496 2016 575 2068 τρία
596 2015 668 2055 ἐστὶ
684 2016 764 2069 περὶ
784 2016 950 2063 κινήσεως
967 2016 1026 2055 καὶ
1044 2016 1089 2055 τὰ
1111 2016 1214 2055 πέντε
1235 2017 1311 2055 Φυ-

279 2075 383 2123 σικά,
419 2076 587 2127 μαρτυρεῖ
619 2074 679 2115 καὶ
710 2075 876 2127 Δάμασος
904 2078 921 2114 6
955 2075 1011 2114 τὸν
1045 2075 1119 2128 βίον
1146 2074 1314 2125 Εὗδήμου

277 2134 414 2187 γράψας
436 2134 563 2185 λέγων·
585 2133 645 2172 καὶ
665 2138 734 2173 τῶν
753 2136 791 2173 ἐκ
811 2137 872 2182 τῆς
894 2133 974 2187 περὶ
992 2134 1124 2187 φύσεως
1152 2150 1317 2188 πραγμα-

279 2192 372 2235 τείας
409 2194 470 2238 τῆς
508 2192 763 2244 Ἀριστοτέλους
797 2195 863 2232 τῶν
898 2192 978 2246 περὶ
1019 2193 1190 2239 κινήσεως·
1221 2193 1314 2245 τρία.

278 2251 506 2302 Spengelius
530 2251 575 2289 ad
600 2251 792 2303 Simplicii
818 2252 939 2290 verba
970 2253 1066 2291 hanc
1098 2261 1227 2290 notam
1247 2266 1316 2304 ap—

279 2311 443 2360 posuit:
475 2328 491 2343 τι
519 2312 606 2348 Duo
633 2311 746 2349 cedd.
784 2311 905 2350 Paris.
936 2312 1039 2363 apud
1070 2311 1316 2350 Brandisium

280 2368 379 2406 Mus.
402 2368 524 2406 Rhen.
550 2372 579 2415 I,
603 2370 678 2415 245
708 2383 785 2407 non
806 2371 900 2423 αὐτῷ
917 2370 1228 2421 (Theophrasto)
1252 2371 1318 2409 sed

284 2427 388 2465 αὐτοῦ
419 2427 623 2479 (Eudemi)
650 2428 847 2468 exhibent.
878 2428 952 2467 Sed
984 2430 1128 2467 mirum
1158 2438 1216 2467 est
1239 2429 1320 2482 περί

281 2500 417 2528 τινος...
455 2488 522 2523 τῶν
557 2486 851 2540 διημαρτημένων
885 2486 1122 2540 ἀντιγράφων.
1154 2487 1254 2526 Num
1285 2489 1338 2526 ἐν’

282 2543 503 2596 ἀντιγράφῳ,
528 2546 574 2582 de
602 2545 687 2583 loco
718 2546 885 2597 quodam
915 2546 955 2584 in
976 2547 1109 2584 codice
1134 2560 1204 2585 suo
1228 2560 1316 2584 cor-

283 2602 421 2651 rupto?
452 2601 708 2653 Theophrasti
735 2604 856 2642 verba
886 2605 954 2643 vix
980 2619 1072 2644 sana
1102 2615 1203 2645 sunt.
1239 2607 1320 2644 Hoc

283 2659 412 2696 dicere
429 2660 579 2698 videtur
599 2675 607 2698 ε
629 2670 694 2699 aut
717 2676 795 2700 non
811 2662 988 2713 intelligo
1008 2664 1102 2715 quid
1123 2665 1234 2711 velis,
1256 2657 1320 2702 aut

284 2718 439 2768 paulum
460 2728 641 2770 corrupta
668 2720 845 2770 leguntur
867 2722 908 2759 in
929 2723 1059 2761 codice
1088 2732 1154 2762 tuo
1175 2723 1294 2762 verba
1307 2753 1317 2771 ,

284 2788 369 2824 quae
392 2775 474 2826 jam
493 2776 622 2814 laudat
654 2779 865 2819 Aristotelis
886 2781 1004 2832 Phys.
1035 2780 1080 2829 V,
1105 2796 1143 2820 2.
1174 2783 1319 2820 Auctor

287 2834 449 2872 Eudemi
472 2835 559 2872 vitae
579 2835 620 2872 in
653 2837 791 2875 Aldino
812 2838 913 2876 libro
939 2847 996 2877 est
1015 2839 1141 2890 Δάμας
1155 2869 1166 2890 ,
1202 2843 1319 2878 Bran-

285 2892 409 2930 disius
439 2891 605 2941 Δάμασος
635 2894 776 2942 edidit,
810 2895 1024 2936 Lobeckius
1063 2898 1317 2949 Aglaopham.

303 2982 387 2990 .—

329 3028 356 3057 1.
381 3025 476 3063 Quod
493 3026 598 3057 solum
616 3026 831 3060 immobilium
852 3030 1020 3071 quiescere
1033 3032 1119 3065 dico.
1164 3034 1222 3065 Est
1236 3041 1322 3065 emm

285 3083 389 3115 motui
413 3084 574 3116 contraria
592 3085 683 3125 quies
694 3110 702 3125 ,
728 3085 774 3119 ita
793 3089 830 3119 ut
847 3087 890 3120 sit
915 3089 1052 3130 privatio
1070 3090 1117 3122 rei
1140 3091 1179 3123 ad
1197 3100 1232 3124 se
1247 3100 1321 3123 mo-

286 3141 424 3174 vendam
446 3143 541 3184 aptae.

329 3204 360 3232 2.
383 3202 492 3238 Quum
518 3200 603 3233 circa
622 3210 734 3234 omnes
761 3203 942 3245 doctrinas,
964 3214 1101 3245 quarum
1130 3199 1207 3240 sunt
1230 3207 1320 3249 prin-

286 3257 370 3299 cipia
387 3259 439 3291 vel
453 3267 561 3291 causae
579 3260 631 3292 vel
652 3260 811 3293 elementa
822 3287 830 3299 ,
849 3271 890 3295 ex
907 3263 1025 3296 horum
1043 3267 1248 3308 perceptione
1264 3275 1320 3298 co-

330 3380 377 3430 (1)
398 3379 447 3414 ΟΕ.
461 3381 597 3413 Eudemi
616 3382 728 3414 Rhodii
744 3383 949 3425 Peripatetici
966 3387 1162 3428 fragmenta,
1183 3397 1255 3429 quae
1269 3397 1323 3421 su-

289 3428 443 3468 persunt,
459 3426 588 3470 collegit
596 3428 782 3462 Leonardus
797 3431 942 3473 Spengel.
963 3431 1069 3468 Editio
1082 3435 1235 3469 secunda.
1255 3437 1320 3470 Be-

1477 309 1855 380 EUDEMI
1922 308 2269 378 RHODII

1660 446 2099 494 PERIPATETICI

1716 561 2046 602 FRAGMENTA.

1728 769 2032 817 PHYSICA.

1366 919 1403 956 p.
1437 905 1512 955 339
1545 905 1787 943 Damascium
1821 905 1912 942 dicit
1939 917 1988 942 ex
2016 903 2135 942 lonsii
2169 900 2402 954 conjectura.

1365 963 1473 1003 Conf.
1519 963 1702 1004 Fritzsch.
1751 963 1793 1001 in
1835 962 1946 1015 praef.
1983 962 2029 1000 ad
2075 962 2232 1000 Aristot.
2270 960 2405 1000 Ethica

1366 1022 1524 1062 Eudem.
1547 1036 1635 1074 pag.
1657 1022 1768 1061 XXII
1787 1031 1824 1060 et
1853 1022 2030 1060 Brandis.
2052 1021 2142 1061 hist.
2169 1021 2268 1073 phil.
2289 1034 2401 1071 graec.

1368 1080 1423 1118 111
1441 1110 1451 1128 ,
1475 1081 1566 1121 250.
1587 1099 1603 1115 n
1630 1081 1724 1118 Mihi
1742 1081 1852 1119 locus
1874 1094 2011 1131 magna
2035 1094 2083 1119 ex
2105 1090 2213 1132 parte
2234 1078 2406 1119 scriben-

1367 1138 1439 1176 dus
1458 1139 1609 1177 videtur
1626 1147 1669 1177 ut
1684 1139 1765 1189 jam
1783 1139 1932 1190 pridem
1952 1139 2078 1178 editus
2095 1147 2152 1177 est
2166 1151 2189 1177 a
2205 1137 2407 1177 Brundisio

1369 1198 1409 1235 in
1429 1197 1593 1236 Scholiis
1613 1206 1787 1236 veterum
1809 1198 2023 1236 Aristotelis
2051 1198 2306 1249 interpretum
2327 1197 2404 1236 col·

1370 1256 1476 1294 lectis
1499 1269 1585 1306 pag.
1608 1262 1698 1301 404.
1722 1255 1790 1303 b.)

1422 1326 1454 1353 2.
1487 1313 1637 1360 Ἐπειδὴ
1657 1312 1697 1351 τὸ
1716 1312 1843 1352 εἰδέναι
1858 1312 1918 1351 καὶ
1934 1313 1973 1352 τὸ
1995 1311 2204 1352 ἐπίστασθαι
2223 1311 2409 1364 συμὸαίνει

1370 1371 1448 1423 περὶ
1467 1371 1582 1415 πάσας
1607 1369 1669 1415 τὰς
1696 1370 1859 1422 μεθόδους
1879 1365 1926 1410 ὧν
1952 1371 2038 1411 εἶσιν
2055 1370 2176 1424 -ἀρχαὶ
2199 1370 2222 1420 ἢ
2257 1370 2352 1411 αἴτια
2383 1368 2406 1418 ἢ

1372 1429 1547 1481 στοιχεῖα,
1568 1430 1607 1468 ἐκ
1625 1433 1684 1467 τοῦ
1714 1433 1827 1468 ταῦτα
1855 1429 2032 1482 γνωρίζειν
2058 1431 2154 1481 (τότε
2172 1430 2238 1483 γὰρ
2265 1429 2409 1482 οἳόμεθα

1370 1488 1552 1540 γινώσκειν
1584 1488 1729 1528 ἕκαστον
1742 1519 1752 1538 ,
1784 1488 1866 1527 ὅταν
1896 1488 1940 1529 τὰ
1976 1489 2070 1528 αἴτια
2107 1489 2330 1543 γνωρίσωμεν
2365 1487 2410 1527 τὰ

1371 1549 1495 1599 πρῶτα
1515 1546 1575 1585 καὶ
1593 1547 1654 1591 τὰς
1672 1547 1781 1600 ἀρχὰς
1795 1547 1856 1592 τὰς
1869 1547 2010 1601 πρώτας
2026 1548 2085 1587 καὶ
2101 1548 2205 1601 μέχρι
2223 1550 2291 1587 τῶν
2311 1562 2406 1588 στοι·

1372 1605 1518 1657 χείων),
1542 1606 1646 1652 δῆλον
1677 1605 1729 1644 ὅτι
1762 1605 1821 1645 καὶ
1853 1608 1914 1652 τῆς
1941 1605 2023 1659 περὶ
2053 1606 2187 1660 φύσεως
2214 1608 2412 1660 ἐπιστήμης

1374 1664 1556 1715 πειρατέον
1588 1664 1815 1717 διωρίσασθαι
1841 1668 1979 1718 πρῶτον
2012 1664 2056 1704 τὰ
2081 1666 2161 1719 περὶ
2188 1665 2249 1710 τὰς
2280 1665 2407 1720 ἀρχάς.

1429 1723 1670 1774 (Aristoteles
1691 1723 1808 1775 Phys.
1831 1723 1898 1763 lib.
1926 1724 1943 1761 Ι
1970 1738 2054 1776 cap.
2076 1726 2112 1772 I,
2133 1738 2222 1777 pag.
2248 1725 2336 1772 184.
2369 1739 2405 1766 a.

1379 1794 1438 1819 ιο.
1460 1781 1521 1819 ed.
1544 1781 1704 1822 Beliker.
1733 1782 1957 1834 Simplicius
1978 1784 2046 1823 fol.
2070 1784 2106 1824 3.
2129 1782 2174 1823 ‘O
2197 1782 2315 1834 μέντοι
2336 1782 2407 1823 Εὔ-

1374 1838 1481 1888 δημος
1513 1839 1704 1892 ἀρχόμενος
1732 1842 1800 1878 τῶν
1825 1842 1992 1880 Φυσικῶν
2026 1840 2189 1892 ἀνωτέρω
2218 1840 2276 1879 τὸν
2309 1840 2410 1892 λόγον

1375 1897 1528 1949 ἐπήγαγε
1558 1897 1618 1936 καὶ
1646 1897 1772 1948 δείξας,
1794 1917 1810 1933 «ι
1830 1897 1882 1937 ὅτι
1911 1900 1996 1952 πρὸς
2017 1900 2078 1951 μὲν
2111 1900 2172 1945 τὰς
2198 1899 2337 1951 πράξεις
2356 1900 2412 1938 εὐ-

1375 1957 1605 2009 χρηστότερον
1626 1956 1752 1996 εἷδέναι
1769 1957 1814 1996 τὰ
1832 1959 1911 1997 καθ’
1930 1958 2062 1998 ἕκαστα
2074 1989 2085 2008 ,
2106 1959 2191 2012 πρὸς
2211 1959 2247 1997 δὲ
2268 1957 2412 2011 θεωρίαν

1376 2016 1420 2055 τὰ
1439 2017 1551 2068 κοινά,
1567 2015 1780 2066 κοινότατον,
1796 2017 1898 2070 φησί,
1916 2017 2073 2071 φαίνεται
2091 2016 2174 2070 περὶ
2195 2018 2256 2061 τὰς
2274 2016 2413 2065 ἐπιστή-

1377 2091 1445 2125 μας
1461 2075 1499 2114 τὸ
1514 2079 1580 2114 τῶν
1597 2077 1713 2127 ἀρχῶν
1726 2090 1735 2100 ·
1752 2077 1952 2128 ὑπάρχουσι
1967 2076 2035 2128 γάρ
2050 2091 2138 2123 τινες
2152 2077 2228 2114 καθ’
2245 2075 2410 2123 ἑκάστην.

1376 2133 1516 2174 Τούτων
1532 2134 1567 2173 δὲ
1581 2134 1688 2180 οὕτως
1701 2134 1863 2188 ἐχόντων,
1884 2136 2070 2186 ἀναγκαῖον
2085 2137 2134 2188 τῷ
2147 2137 2413 2189 φυσιολογοῦντι

1377 2194 1439 2240 τὰς
1454 2195 1564 2249 ἀρχὰς
1583 2197 1720 2247 πρῶτον
1738 2194 2006 2247 ἐπισκέψασθαι.
2027 2211 2043 2228 ν
2064 2192 2171 2239 Ἔστι
2192 2194 2227 2233 δὲ
2245 2193 2336 2239 ἄξιον
2358 2194 2416 2242 ζη-

1378 2255 1446 2292 τεῖν
1466 2253 1500 2293 τί
1520 2254 1612 2306 ἀρχὴ
1638 2252 1699 2292 καί
1721 2252 1753 2292 τί
1783 2253 1891 2292 αἴτιον
1911 2253 1972 2293 καὶ
1995 2251 2030 2293 τί
2049 2253 2231 2305 στοιχεῖον.
2256 2251 2329 2292 Καὶ
2347 2250 2415 2304 γὰρ

1379 2315 1396 2350 6
1417 2312 1479 2364 μὲν
1503 2312 1722 2365 Ἀλέξανδρος
1742 2311 1916 2364 διαφέρειν
1941 2315 2052 2351 ταῦτα
2073 2312 2234 2359 ἀλλήλων
2253 2310 2337 2364 φησὶ
2366 2312 2416 2363 τῷ

1379 2372 1490 2425 ἀρχὴν
1521 2371 1582 2422 μὲν
1610 2371 1773 2423 λέγεσθαι
1794 2370 1886 2415 ἰδίως
1912 2371 1952 2410 τὸ
1971 2368 2151 2418 ποιητικὸν
2170 2369 2247 2410 ὅθεν
2277 2372 2300 2417 ἡ
2322 2368 2415 2422 ἀρχὴ

1379 2433 1438 2476 τῆς
1466 2429 1650 2478 κινήσεως,
1674 2428 1781 2468 αἴτιον
1802 2427 1838 2467 δὲ
1864 2428 1904 2467 τὸ
1922 2422 1961 2468 oi]
1985 2427 2086 2468 ἕνεκα
2112 2429 2172 2467 καὶ
2194 2428 2234 2468 τὸ
2252 2421 2360 2472 ε’ἶδος·
2380 2429 2414 2466 ἐν

1381 2488 1448 2541 γὰρ
1467 2490 1538 2531 τοῖς
1560 2486 1659 2540 φύσει
1681 2486 1721 2527 τὸ
1748 2481 1786 2526 οῧ
1820 2487 1922 2526 ἕνεκα
1952 2490 2067 2527 τοῦτο.
2097 2489 2278 2539 Στοιχεῖον
2310 2485 2347 2526 δὲ
2376 2485 2418 2525 τὸ

1380 2544 1583 2598 ἐνυπάρχειν
1599 2548 1645 2590 ὡς
1664 2545 1726 2593 τὴν
1746 2544 1846 2593 ὕλην.
1868 2544 1991 2585 'anm
2009 2546 2045 2585 δὲ
2062 2548 2111 2599 τῷ
2129 2545 2284 2599 Εὐδήμῳ
2304 2560 2414 2584 κατα·

1379 2605 1550 2644 κολουθεῒν
1570 2607 1588 2643 6
1608 2604 1824 2657 Ἀλέξανδρος
1847 2605 2004 2656 λέγοντι,
2025 2603 2078 2643 ὅτι
2103 2623 2118 2639 «ι
2148 2607 2208 2644 τοῦ
2228 2604 2342 2644 αἰτίου
2361 2620 2416 2644 τε·

1378 2666 1518 2717 τραχῶς
1532 2663 1716 2715 λεγομένου
1734 2663 1773 2702 τὸ
1792 2662 1854 2715 μὲν
1871 2664 2041 2716 στοιχεῖον
2057 2665 2148 2704 κατὰ
2166 2665 2227 2714 τὴν
2245 2664 2332 2714 ὕλην
2352 2665 2414 2705 λε’·-

1378 2737 1494 2775 γεται·
1519 2722 1723 2775 ἐνυπάρχειν
1752 2721 1820 2775 γὰρ
1840 2723 1934 2762 δοκεῖ
1964 2722 2009 2761 τὰ
2034 2730 2208 2776 στοιχεῖα,
2235 2724 2355 2777 ὥσπερ
2378 2725 2414 2764 ἐν

1381 2780 1551 2832 διαλέκτῳ
1578 2781 1622 2820 τὰ
1651 2782 1866 2834 γράμματα·
1898 2781 1989 2821 οὕτω
2015 2782 2075 2821 καὶ
2105 2784 2123 2821 6
2150 2781 2282 2836 χαλκὸς
2312 2782 2419 2828 αἴτιος

1381 2851 1518 2892 Λεγεται
1535 2834 1598 2887 τ’ἧς
1613 2839 1924 2892 πολυχρονιότητος
1941 2843 2010 2879 τῶν
2026 2838 2150 2893 ἔργων.
2170 2840 2288 2880 Αἴτιον
2309 2839 2345 2879 δὲ
2362 2841 2415 2880 λέ-

1380 2913 1479 2950 γεται
1499 2898 1559 2937 καὶ
1589 2897 1663 2937 ὅθεν
1682 2901 1705 2945 ἡ
1726 2898 1877 2946 κίνησις,
1898 2896 2011 2951 φαμὲν
2034 2898 2069 2937 δὲ
2090 2892 2178 2938 εἶναι
2204 2897 2334 2946 ταύτην
2351 2899 2410 2951 ἄρ-

1382 3031 1483 3073 gnitio
1506 3031 1563 3065 fiat
1578 3033 1676 3074 atque
1693 3032 1826 3065 scientia
1846 3034 1941 3073 (tunc
1962 3033 2048 3065 enim
2069 3042 2331 3075 unamquamque
2349 3041 2417 3066 rem

1383 3089 1466 3123 scire
1490 3099 1550 3124 nos
1580 3092 1753 3133 putamus,
1782 3099 1885 3133 quum
1909 3100 2025 3124 causas
2051 3091 2172 3134 primas
2196 3091 2418 3135 principiaque

1383 3149 1486 3190 prima
1504 3152 1540 3183 et
1558 3159 1663 3191 usque
1681 3149 1724 3183 ad
1739 3150 1898 3183 elementa
1914 3152 2204 3193 cognoverimus),
2222 3140 2313 3194 patet
2329 3153 2364 3184 et
2378 3160 2417 3184 ea

1381 3217 1456 3249 quae
1473 3209 1515 3242 ad
1535 3208 1744 3251 physiologiae
1759 3208 1915 3252 principia
1928 3210 2110 3251 pertinent,
2131 3210 2325 3244 tentandum
2345 3218 2416 3245 esse

1382 3267 1473 3309 prius
1490 3267 1717 3301 determinare.

1384 3390 1478 3423 roiini
1508 3391 1595 3432 apud
1620 3392 1653 3424 S.
1682 3390 1820 3433 Calvary
1848 3389 1982 3433 ejusque
2011 3391 2147 3425 socium.
2175 3393 2400 3425 MDcccnxx

1307 3497 1387 3544 ⁶222
