2528 3788
303 258 378 296 160

297 344 498 381 ἀπεδείκνυε
512 371 523 391 ,
546 340 604 378 καὶ
627 339 765 391 περιῄει
786 341 835 391 τῷ
857 338 973 391 λόγῳ,
994 338 1054 376 καὶ
1079 339 1325 388 ἐδεινολογεῐτο

295 400 381 453 πρὸς
404 399 548 448 αὐτούς,
567 398 723 448 οἰόμενος
753 398 956 445 παίζεσθαι,
987 398 1048 436 καὶ
1080 397 1325 450 προσώμνυεν.

294 462 339 499 Οἱ
361 460 389 497 δ’
410 456 645 501 ὑπολαὸόντες
674 455 735 500 τὰς
762 455 959 508 προσὸολὰς
981 455 1126 504 ἐκείνου,
1161 455 1256 494 αὐτοί
1287 471 1325 506 γε

293 517 402 555 ὤοντο
421 516 478 555 ὑπ’
499 517 604 554 αὐτου
626 514 831 559 παίζεσθαι·
852 514 927 553 ἐπεὶ
948 517 1046 567 σοφῷ
1069 530 1109 564 γε
1134 514 1207 553 ὄντι
1229 515 1325 552 δεδό-

292 581 374 628 χθαι
393 578 440 626 τῷ
463 574 610 626 Λακύδῃ
639 568 726 612 εἶναι
745 572 940 626 ἀδοξάστω,
972 572 1064 612 ὥστε
1082 574 1141 612 καὶ
1166 576 1326 624 ἀμνημο-

291 635 412 687 νεύτῳ.
470 633 623 684 Μνήμην
644 631 711 685 γὰρ
742 625 834 671 ειναι
852 631 970 678 δόξαν·
1003 631 1149 685 ἔναγχος
1169 648 1249 683 γουν
1266 637 1325 671 τοῦ

290 691 448 745 χρόνου”
430 707 561 745 εφασαν
583 694 729 730 ἀκοῦσαι
749 695 859 729 ταῦτα
880 692 984 731 αὐτου
1002 691 1087 742 πρὸς
1100 690 1178 734 τους
1194 691 1323 744 φίλους.

290 753 361 790 Τοῦ
381 753 411 789 δ’
441 748 711 802 ἀναστρέφοντος
736 751 852 793 αὐτοῖς
888 749 951 795 τὰς
985 748 1236 802 ἐπιχειρήσεις,
1265 749 1326 788 καὶ

289 809 444 860 λέγοντος
462 810 524 848 οὐκ
540 807 802 858 Ἀκαδημαϊκά,
824 807 923 847 αὐτοὶ
942 811 1125 863 φοιτῶντες
1145 809 1194 852 εἰς
1213 810 1327 848 Στωϊ-

290 870 359 905 κῶν
378 883 484 916 τινος,
514 866 557 904 τὰ
576 865 700 904 λεκτέα
729 868 862 910 ἑαυτοῖς
881 866 1138 917 ἀνεμάνθανον,
1169 867 1326 906 κάκεῖθεν

290 926 474 978 ἀρξάμενοι
503 924 798 978 ἀντεσοφίστευον,
824 924 885 963 καὶ
909 920 998 973 ἦσαν
1026 925 1219 978 ἀντίτεχνοι
1244 926 1325 964 κλέ-

290 1000 376 1022 πται
397 983 662 1030 ἩΑκαδηααίκοί.
702 982 746 1023 Ὁ
766 983 802 1021 δὲ
823 986 991 1028 Στωϊκοῖς
1008 984 1173 1023 ἐνεκάλει·
1194 986 1224 1024 οἱ
1243 990 1325 1022 παῖ-

290 1045 342 1087 δες
359 1043 393 1082 δὲ
413 1043 457 1081 τὰ
479 1043 684 1094 ἐγκλήματα
715 1041 887 1096 παρέλυον
912 1044 1030 1095 αὐτῶ,
1051 1043 1119 1081 υπὸ
1141 1044 1323 1090 ἀκαταλη-

288 1104 388 1155 ψίας,
405 1103 467 1140 οὐκ
485 1101 564 1140 ἄνευ
580 1103 774 1149 τωθασμῶν
793 1117 908 1140 τινων.
956 1101 1140 1154 Διατριὸαὶ
1160 1095 1217 1139 οὖν
1234 1096 1323 1148 ησαν

287 1160 426 1198 πάντων
455 1161 547 1206 ἐκεῖ,
573 1159 632 1198 καὶ
655 1158 772 1210 λόγοι,
796 1158 855 1197 καὶ
878 1159 1080 1210 ἀντιλογίαι.-
1113 1159 1171 1197 καὶ
1200 1157 1235 1197 ἕν
1267 1161 1324 1198 οὖ-

289 1220 343 1258 δὲν
367 1221 400 1257 ἐν
427 1220 476 1270 τῷ
507 1217 604 1270 μέσῳ
628 1217 876 1266 κατελείπετο,
910 1218 971 1255 οὐκ
1001 1218 1154 1269 ἀγγεῖον,
1183 1219 1221 1255 οὐ
1256 1219 1323 1255 τῶν

289 1280 323 1316 ἐν
360 1276 488 1328 ἀγγείῳ
521 1275 728 1325 τιθεμένων,
759 1276 837 1327 οὐχ’
877 1274 941 1313 ὅσα
969 1277 1015 1319 εἷς
1059 1275 1169 1319 οἰκίας
1207 1291 1322 1313 κατα-

289 1334 413 1382 σκευὴν
443 1335 518 1373 ἄλλ’
541 1335 608 1373 ἔτι
627 1335 794 1373 συντελεῖ.
819 1332 843 1373 ¹.
915 1333 988 1372 Καὶ
1013 1335 1030 1370 ὁ
1058 1333 1219 1379 Λακύδης
1238 1333 1322 1376 τέως

289 1394 350 1444 μὲν
391 1393 528 1444 ἠπόρει,
567 1391 652 1443 μήτι
683 1393 928 1430 λυσιτελοῦσαν
956 1393 1068 1443 ἑαυτῷ
1089 1393 1225 1443 Θεωρῶν
1259 1391 1320 1438 τὴν

287 1455 410 1490 ἑαυτοῦ
447 1450 617 1502 δόγματος
658 1449 841 1502 βοήθειαν,
876 1451 905 1487 εἰ
947 1448 982 1487 δὲ
1029 1449 1077 1499 μὴ
1125 1448 1319 1501 ἐξελέγχοι,

286 1510 400 1548 πάντα
420 1508 460 1546 ἂν
493 1508 705 1560 ἀνατρέψαι,
732 1508 851 1551 αὐτοὺς
885 1508 998 1559 ἑαυτῷ
1026 1508 1135 1546 δοκῶν
1155 1513 1186 1556 ⁸,
1206 1507 1321 1546 πεσὼν

286 1570 332 1611 εἰς
363 1567 585 1618 τάμήχανον,
621 1565 698 1610 τοὺς
729 1566 882 1617 γείτονας
912 1565 1106 1617 ἐκεκράγει,
1143 1565 1202 1605 καὶ
1244 1565 1320 1610 τοὺς

286 1626 389 1669 θεούς·
418 1625 477 1663 καὶ
505 1624 555 1663 ἰοὺ
580 1624 652 1671 ἰού,
680 1623 740 1663 καὶ
770 1628 832 1678 φεῦ
849 1627 932 1676 φεῦ,
957 1624 1017 1663 καὶ
1043 1623 1085 1671 νὴ
1104 1623 1182 1668 τοὺς
1207 1623 1318 1670 θεούς,

1260 251 1474 292 NUMENII

1386 339 1444 376 καὶ
1466 337 1507 386 νὴ
1522 337 1582 381 τὰς
1600 336 1695 384 θεάς,
1710 336 1814 374 ἄλλαι
1826 351 1863 374 τε
1876 335 1989 374 ὅσαι’
1974 351 2008 374 εν
2027 336 2202 380 ἀπιστίαις
2214 337 2425 390 δεινολογου-

1387 396 1499 447 μένων
1523 395 1649 434 dciv*
1627 410 1764 448 ατεχνοι
1779 394 1933 442 πίστεις,
1953 409 2063 433 ταυτα
2079 395 2194 434 πάντα
2208 396 2344 447 ἐλέγετο
2357 397 2424 449 βοῆ

1386 455 1446 494 καὶ
1472 454 1682 506 ἀξιοπιστία.
1737 454 1915 492 Τελευτῶν
1938 452 1999 501 δέ,
2019 453 2094 492 ἐπεὶ
2111 454 2230 506 μάχην
2249 447 2341 506 εἶχεν
2359 456 2423 494 ἄνφ

1386 514 1609 567 τιλεγομένην
1638 513 1695 551 ἐπὶ
1718 516 1779 560 τῆς
1803 512 1934 560 οἰκίας,
1971 512 2070 556 αυτὸς
2100 512 2163 564 μὲν
2183 512 2225 552 ἂν
2253 513 2423 561 δήπουθεν

1385 572 1608 612 ἐστωϊκεύετο
1627 571 1708 623 πρὸς
1726 570 1803 612 τοὺς
1818 571 1956 614 παῖδας·
1975 571 2044 608 τῶν
2061 569 2193 610 παίδων
2208 570 2244 610 δὲ
2263 571 2307 609 τὰ
2322 571 2425 611 Ἀκα-

1387 632 1542 682 ὃημαὶκὰ
1564 629 1855 683 ἷσχυριζομένων,
1881 628 1939 668 ἵνα
1964 628 2090 680 μηκέτι
2109 628 2303 681 πράγματα
2317 627 2394 682 ἔχοι
2407 659 2419 680 ,

1385 690 1537 744 οἰκουρὸς
1557 693 1598 736 ἠν
1618 689 1713 742 φίλος
1727 692 1786 728 τοῦ
1818 687 1962 739 ταμείου
1984 686 2262 749 προκαθήμενος.
2310 686 2424 728 Οὐδὲν

1387 749 1422 788 δὲ
1443 751 1489 794 εἰς
1508 748 1604 788 οὐδὲν
1634 749 1800 801 ὠφελῶν,
1832 747 2054 797 υπειδόμενος
2089 741 2124 786 οἶ
2148 746 2188 786 τὸ
2207 745 2312 801 σοφὸν
2325 747 2421 786 αὐτῶ

1387 807 1548 859 ἔρχεται,
1585 805 1849 860 ἀπεκαλύψατο.
1929 804 2085 854 Αλλως,
2116 805 2212 859 ἔφη,
2234 809 2368 858 ταῦτα,
2393 821 2423 845 ω

1385 868 1524 915 παῖδες,
1560 867 1594 904 ἐν
1614 882 1688 910 ταις
1709 865 1901 918 διατριὸαἶς
1930 864 2070 916 λέγεται
2102 865 2213 915 ἡμῖν,
2245 863 2360 910 ἄλλως
2387 863 2425 904 δὶ

1386 927 1515 975 ζῶμεν.
1569 926 1691 963 Ταῦτα
1712 922 1774 973 μὲν
1795 922 1855 962 καὶ
1883 922 1963 976 περὶ
1982 927 2043 961 τοῦ
2070 923 2246 963 Λακύδου.
2289 922 2423 963 Τούτου

1386 984 1422 1022 δὲ
1441 983 1591 1034 γίνονται
1618 983 1786 1021 ἀκουσταὶ
1815 983 1957 1031 πολλοί,
1990 975 2038 1021 ἷιν
2068 976 2115 1027 εἷς
2147 976 2187 1029 ἦν
2208 982 2400 1054 διαφανὴςω
2404 985 2424 1022 ὁ

1388 1045 1581 1096 Κυρηναῖος
1601 1041 1832 1094 Ἀρίστιππος.
1894 1041 1961 1081 Ἐκ
1993 1040 2134 1080 πάντων
2157 1042 2189 1080 δ’
2219 1043 2324 1081 αὐτοῦ
2353 1043 2422 1080 τῶν

1383 1101 1565 1154 γνωρίμων
1581 1100 1643 1148 τὴν
1659 1098 1788 1151 σχολὴν
1810 1100 1913 1137 αὐτοῦ
1934 1099 2106 1146 διεδέξατο
2126 1098 2300 1154 Εὔανδρος
2310 1097 2374 1138 καὶ
2390 1100 2422 1138 οἱ

1385 1158 1474 1210 μετὰ
1495 1175 1630 1198 τουτον.
1689 1159 1777 1197 Μεθ’
1799 1156 1854 1201 οὒς
1875 1158 2080 1210 Καρνεάδης
2093 1158 2345 1208 ὑποδεξάμενος
2359 1157 2422 1205 τὴν

1384 1199 1586 1289 διατριὸήν,
1617 1216 1734 1269 τρίτην
1770 1215 2006 1263 συνεστήσατο
2045 1216 2272 1266 Ἀκαδημίαν.
2298 1215 2423 1268 Λόγων

1383 1269 1500 1326 μὲνγ
1461 1291 1519 1314 ουν
1535 1277 1655 1328 ἀγωγῇ
1672 1291 1697 1313 ε
1690 1276 1863 1328 χρησατο,
1880 1269 1904 1327 ῃ’
1921 1275 1981 1313 καὶ
1998 1277 2016 1314 ὃ
2034 1274 2272 1328 Ἀρκεσίλαος·-
2279 1273 2341 1314 καὶ
2357 1274 2424 1328 γὰρ

1383 1332 1482 1376 αὐτὸς
1514 1332 1698 1379 ἐπετήδευε
1731 1331 1793 1379 τὴν
1830 1334 1878 1377 εἷς
1911 1332 2058 1385 ἑκάτερα
2085 1332 2303 1386 ἐπιχείρησιν
2316 1358 2350 1385 ,
2344 1332 2421 1372 ,καὶ

1384 1392 1498 1430 πάντα
1516 1391 1721 1436 ἀνεσκεύαζε
1738 1391 1783 1429 τὰ
1803 1390 1868 1429 ὑπὸ
1886 1392 1956 1429 τῶν
1977 1389 2092 1429 ἄλλων
2118 1389 2291 1443 λεγόμενα
2313 1389 2422 1443 μόνῳ

1382 1450 1412 1487 δ’
1433 1451 1467 1487 ἐν
1481 1451 1531 1500 τῷ
1548 1449 1628 1500 περὶ
1643 1452 1704 1497 τῆς
1721 1451 1850 1501 ἐποχῆς
1876 1448 1969 1501 λόγῳ
1983 1448 2075 1501 πρὸς
2086 1447 2190 1487 αὖτὺν
2207 1448 2341 1496 διέστη,
2359 1447 2426 1501 φὰς

1383 1507 1550 1545 ἀδύνατον
1572 1501 1661 1546 εἶναι
1676 1506 1897 1558 ἄνθρωπον”
1876 1523 1958 1546 οντα
1980 1522 2062 1560 περι
2084 1506 2248 1557 ἁπάντων
2263 1505 2421 1559 ἰπέχειν·

1382 1565 1544 1618 διαφορὰν
1561 1566 1597 1604 δὲ
1611 1560 1697 1605 εἷναι
1714 1566 1842 1613 ἀδηλου
1862 1581 1922 1604 και
1936 1565 2187 1613 ἀκαταλήπτου
2201 1595 2212 1615 ,
2229 1563 2291 1605 καὶ
2308 1565 2423 1604 πάντα

1383 1623 1444 1674 μὲν
1461 1617 1549 1663 εἶναι
1565 1625 1820 1674 ἀκατάληπτα,
1836 1626 1873 1664 οὗ
1892 1624 2007 1663 πάντα
2026 1623 2063 1663 δὲ
2083 1624 2212 1672 ἄδηλα.
2270 1625 2424 1677 Μετεῒχε

1290 1717 2420 1727 -ψ-μ-Ψ-ῌ-ῌψ-ψ-ο

285 1769 374 1811 quod
394 1770 632 1809 utrumcunque
659 1769 779 1801 sactum
806 1770 914 1808 esset,
943 1777 1012 1801 rem
1030 1768 1072 1800 ab
1092 1777 1131 1801 eo
1155 1777 1323 1809 nunquam

287 1829 484 1869 perceptum·
501 1827 542 1860 iri
563 1827 800 1861 existimarent.
847 1830 889 1859 At
919 1828 972 1860 ille
997 1827 1130 1860 domum
1156 1827 1322 1867 ingressus

284 1889 393 1921 locum
411 1889 514 1920 oculis
527 1888 767 1929 perlustrabat;
792 1898 891 1930 quem
911 1890 939 1921 si
956 1890 1013 1920 aut
1029 1888 1231 1929 resignatum
1244 1913 1253 1928 ,
1268 1889 1325 1920 aut

286 1955 381 1979 secus
397 1946 601 1988 obsignatum
618 1946 755 1986 videret,
776 1956 814 1979 ea
834 1947 875 1980 de
900 1956 934 1980 re
957 1946 1231 1988 conquerebatur.
1249 1948 1323 1979 Jam

289 2014 362 2037 vero
383 2005 485 2037 servis
501 2004 643 2045 sigillum
659 2004 700 2037 ab
717 2014 756 2037 eo
779 2005 974 2047 impressum
999 2005 1163 2047 integrum
1190 2005 1321 2047 quidem

286 2064 374 2096 cerni
391 2064 639 2096 defendentibus
652 2089 659 2103 ,
679 2066 793 2096 contra
818 2064 872 2097 ille
892 2064 1059 2097 subtiliter
1079 2064 1262 2097 disserebat
1277 2065 1321 2103 et,

286 2123 363 2164 quid
401 2122 592 2163 accidisset,
621 2122 880 2156 demonstrabat..
942 2125 1016 2160 Qua
1043 2123 1322 2156 demonstratione

288 2180 365 2213 victi
381 2181 485 2220 servi,
505 2190 605 2221 quum
625 2180 792 2220 dicerent,
811 2181 840 2213 si
863 2190 927 2214 non
939 2183 1091 2214 exstaret*
1104 2181 1261 2223 sigillum,
1281 2181 1322 2213 ab

291 2247 328 2270 eo
346 2238 483 2270 sortasse
500 2247 556 2280 per
574 2238 770 2271 oblivionem
788 2239 897 2271 locum
921 2248 984 2271 non
997 2248 1070 2271 esse
1088 2238 1297 2280 obsignatum
1313 2253 1321 2278 ς

284 2297 401 2338 ἰιίιῐηο,
428 2297 613 2338 inquiebat,
642 2307 718 2330 eum
739 2298 907 2339 obsignare
943 2307 995 2330 me
1028 2297 1146 2339 oppido
1168 2297 1320 2336 memini,

286 2355 447 2397 simulque
459 2365 528 2388 rem
547 2357 641 2397 longa
666 2356 812 2389 oratione
836 2356 1084 2390 demonstrabat
1097 2381 1105 2396 ,
1127 2366 1166 2388 ac
1192 2366 1264 2389 sese
1286 2356 1324 2389 il—

286 2414 354 2446 ludi
384 2414 527 2446 sentiens
543 2414 736 2456 interposito
753 2414 852 2447 etiam
876 2414 1089 2457 jurejurando
1112 2414 1187 2448 haec
1216 2415 1324 2448 omnia

285 2472 481 2515 deplorabat.
526 2474 615 2510 Quos
642 2472 783 2505 hominis
799 2472 942 2514 impetus
963 2470 1007 2505 ita
1033 2473 1261 2515 excipiebant,
1284 2475 1323 2507 ut

288 2531 347 2572 ipsi
373 2530 472 2562 etiam
494 2531 688 2564 irrideri=ah
708 2540 746 2564 eo
769 2531 830 2564 sibi
855 2532 1066 2564 viderentur:
1090 2533 1244 2573 quoniam
1259 2534 1322 2565 La-

287 2589 360 2629 cydi
372 2612 380 2628 ,
398 2588 536 2630 sapienti
552 2589 632 2629 viro,
651 2590 758 2622 visum
777 2592 863 2623 esset
876 2616 884 2630 ,
909 2590 990 2623 nihil
1005 2591 1066 2623 sibi
1083 2600 1142 2624 nec
1161 2591 1323 2633 opinionis

289 2648 486 2688 relinquere,
514 2657 573 2680 nec
593 2649 772 2682 memoriae.
817 2650 1005 2682 Memoriam
1024 2650 1178 2684 videlicet
1199 2651 1323 2693 opinio-

288 2715 361 2739 nem
377 2706 537 2747 quandam
559 2715 653 2746 esse;
684 2706 719 2739 id
749 2707 837 2748 quod
869 2717 945 2740 eum
966 2717 1069 2750 nuper
1095 2711 1182 2742 certe
1209 2710 1324 2742 amicis

291 2765 480 2807 quibusdam
507 2764 626 2797 dixisse
655 2766 757 2798 testes
786 2766 882 2798 auriti
913 2766 1129 2801 affirmabant.
1174 2769 1241 2801 Has
1270 2769 1325 2801 ille

287 2823 578 2862 argumentationes
603 2831 706 2863 quum
726 2822 771 2854 ita
796 2823 964 2864 refutaret,
983 2826 1020 2856 ut
1046 2825 1107 2857 alia
1121 2828 1220 2867 atque
1244 2829 1326 2858 Aca-

290 2880 407 2913 demici
433 2881 536 2913 solent
561 2881 669 2912 omnia
686 2882 876 2921 reponeret,
908 2882 995 2914 servi
1012 2883 1155 2916 Stoicum
1182 2883 1324 2925 aliquem

289 2940 540 2980 frequentantes,
577 2938 657 2979 quid
685 2938 748 2970 sibi
775 2938 949 2971 dicendum
979 2941 1083 2981 soret,
1104 2941 1145 2973 ab
1166 2950 1205 2974 eo
1223 2941 1326 2974 disce-

288 2998 368 3031 bant
391 3008 400 3028 :
426 2997 526 3036 atque
543 2995 618 3027 inde
644 2995 710 3027 orsi
731 2995 875 3037 argutias
893 2997 1026 3037 argutiis
1044 2998 1175 3031 eludere
1198 3000 1325 3040 artique

289 3056 392 3087 artem
415 3054 606 3095 opponendo
632 3062 709 3086 vere
739 3054 949 3086 Academicos
976 3064 1012 3087 se
1039 3055 1127 3089 fures
1155 3059 1322 3098 praestare.

289 3113 372 3145 Tum
387 3113 441 3145 ille
455 3112 588 3154 quidem
613 3112 648 3144 in
667 3112 792 3144 stoicos
817 3112 1046 3153 invehebatur,
1069 3115 1128 3147 sed
1147 3115 1234 3148 servi
1259 3116 1322 3148 cri·

290 3170 376 3207 mina
390 3170 426 3203 in
446 3170 534 3212 ipsos
552 3171 668 3202 collata
684 3170 914 3212 comprehendi
941 3179 1036 3212 posse
1053 3173 1198 3214 negando
1216 3174 1323 3207 dilue-

290 3228 380 3268 bant,
401 3227 500 3269 idque
518 3237 582 3260 non
597 3228 667 3260 sine
678 3226 774 3259 dictis
787 3227 981 3269 quibusdam
1000 3229 1216 3262 mordacibus.
1275 3230 1326 3263 lbi

292 3296 367 3329 ergo
382 3287 615 3328 disputationes
640 3286 785 3318 omnium
798 3311 807 3326 ,
826 3289 1034 3326 argumenta,
1062 3288 1235 3321 verborum
1255 3298 1325 3322 con·

292 3344 506 3385 certationes,
526 3344 607 3377 dum
632 3344 756 3376 interea
773 3343 853 3377 nihil
879 3343 1139 3387 relinquebatur,
1160 3355 1224 3378 non
1249 3356 1325 3388 vas,

293 3412 357 3436 non
374 3403 551 3446 quidquam
580 3411 691 3436 eorum
712 3411 789 3444 quae
813 3402 847 3435 in
864 3411 943 3435 vasa
968 3404 1237 3444 recondebantur,
1265 3414 1326 3436 non

295 3458 383 3493 aliud
400 3460 568 3503 quidlibet,
591 3460 678 3503 quod
696 3461 737 3493 ad
767 3461 999 3503 supellectilem
1028 3462 1212 3502 pertineret.
1238 3465 1327 3499 Qua-

1354 1752 1360 1777 3
1383 1771 1515 1811 propter
1544 1770 1689 1811 Lacydes
1705 1769 1907 1812 aliquamdiu
1926 1771 2070 1803 aestuare
2083 1794 2091 1810 ,
2108 1769 2166 1810 qni
2191 1769 2354 1811 dogmatis
2369 1769 2422 1804 sui

1384 1828 1604 1861 deffensionem
1622 1835 1832 1870 nequaquam
1852 1828 1915 1861 sibi
1945 1828 2060 1862 utilem
2090 1837 2165 1862 esse
2179 1827 2326 1869 videret3
2344 1835 2424 1861 mox

1385 1888 1549 1929 reputans,
1564 1887 1599 1920 ni
1616 1886 1783 1929 detegeret
1799 1887 1960 1928 fraudem,
1978 1887 2126 1920 fortunas
2138 1894 2216 1920 suas
2229 1895 2342 1920 omnes
2356 1886 2424 1920 illo-

1383 1954 1457 1978 rum
1475 1945 1571 1988 culpa
1587 1954 1660 1978 esse
1677 1946 1854 1987 perituras,
1879 1945 2013 1979 tandem
2028 1945 2123 1987 inops
2137 1944 2274 1986 consilii,
2295 1944 2424 1978 vieinos

1382 2005 1567 2044 inclamare,
1582 2003 1755 2045 implorare
1767 2003 1848 2036 deos
1864 2016 1873 2036 :
1889 2013 1976 2046 saepe
1991 2003 2045 2037 hei
2059 2003 2153 2047 mihi,
2162 2004 2256 2043 eheu,
2270 2011 2331 2046 per
2344 2003 2424 2037 deos

1382 2065 1526 2105 deasque
1546 2072 1659 2096 omnes
1678 2063 1894 2104 ingeminare,
1916 2072 1956 2096 ac
1982 2065 2102 2096 caetera
2127 2063 2162 2096 id
2192 2071 2296 2104 genus
2322 2071 2423 2103 argu-

1383 2124 1506 2162 menta,
1535 2130 1609 2163 quae
1629 2121 1814 2154 hominibus
1830 2122 1974 2162 graviter
1999 2121 2211 2163 querentibus
2223 2147 2232 2162 ,
2250 2121 2308 2154 ubi
2334 2121 2424 2154 nulla

1383 2181 1429 2213 eis
1441 2180 1529 2223 apud
1545 2181 1626 2213 alios
1644 2180 1726 2213 fides
1743 2181 1804 2220 est,
1822 2180 1890 2213 sine
1905 2182 1976 2213 arte
1994 2182 2110 2213 natura
2131 2179 2328 2223 suppeditat.
2342 2182 2424 2219 Quoe

1382 2240 1516 2282 quidem
1538 2239 1692 2272 universa
1717 2248 1835 2281 magno
1852 2238 1995 2272 clamore
2013 2238 2183 2281 deplorata
2201 2245 2281 2272 sane
2306 2238 2424 2281 proba-

1383 2298 1519 2331 bilitatis
1540 2298 1681 2340 speciem
1698 2297 1872 2331 habebant.
1904 2299 2074 2331 Postremo
2085 2297 2149 2330 hae
2165 2297 2200 2330 in
2215 2297 2427 2332 contentione

1382 2357 1561 2390 domestica
1593 2358 1634 2390 de
1657 2356 1755 2389 rebus
1781 2356 1999 2390 controversis
2033 2355 2104 2398 ipse
2142 2356 2277 2398 quidem
2307 2355 2433 2397 utique

1382 2416 1527 2448 Stoicum
1547 2415 1633 2457 apud
1649 2424 1761 2447 servos
1777 2414 1919 2456 agebat:
1938 2414 1996 2448 sed
2021 2424 2125 2457 quum
2146 2414 2203 2448 isti
2222 2414 2420 2448 Academica

1382 2475 1534 2516 dogmata
1553 2473 1757 2516 pervicacius
1778 2475 1967 2513 tuerentur,
1988 2482 2029 2506 ne
2051 2473 2132 2515 quid
2157 2473 2298 2515 amplius
2324 2473 2423 2506 mole-

1383 2535 1454 2567 stiae
1471 2534 1544 2566 inde
1562 2533 1718 2573 traheret,
1735 2532 1825 2565 domi
1842 2532 1996 2574 deinceps
2013 2532 2168 2565 manebat
2184 2541 2223 2565 ac
2235 2529 2328 2566 ceilae
2351 2540 2423 2565 suae

1383 2591 1506 2624 foribus
1525 2591 1701 2624 assidebat.
1747 2590 1810 2623 Sed
1829 2590 1983 2631 quoniam
2002 2590 2066 2623 ista
2084 2590 2188 2623 sessio
2205 2589 2324 2632 Lac'y‘di
2341 2589 2424 2622 nihil

1383 2650 1427 2683 ad
1445 2650 1546 2682 ullam
1564 2658 1634 2694 rem
1658 2648 1830 2691 proderat,
1853 2650 1886 2680 et
1904 2648 1981 2690 quia
2009 2657 2122 2681 secum
2151 2647 2223 2690 ipse
2247 2643 2421 2691 cogitabat,

1384 2718 1448 2750 quo
1475 2717 1536 2741 sua
1563 2707 1626 2740 sibi
1646 2706 1807 2740 calliditas
1837 2707 1998 2740 recideret
2023 2718 2031 2738 ε
2052 2702 2197 2740 'tandem
2228 2706 2423 2740 sententiam

1384 2776 1477 2799 suam
1494 2766 1662 2808 aperiens,
1680 2765 1835 2798 nimirum
1865 2765 1996 2806 famuli,
2021 2765 2148 2807 inquit,
2171 2765 2268 2798 aliter
2290 2763 2363 2798 haec
2386 2764 2422 2798 in

1386 2824 1498 2858 schola
1513 2824 1738 2865 disputamus,
1760 2823 1855 2856 aliter
1881 2823 2036 2858 vivimus.
2077 2823 2143 2858 Sed
2169 2822 2244 2856 haec
2260 2823 2422 2857 hactenus

1384 2883 1484 2916 etiam
1499 2882 1540 2916 de
1557 2883 1697 2924 Lacyde.
1739 2882 1846 2923 Hujus
1867 2882 1963 2916 multi
1988 2883 2121 2916 fuerunt
2140 2882 2322 2924 auditores,
2336 2882 2423 2918 inter

1384 2950 1466 2983 quos
1494 2941 1678 2983 Aristippus
1698 2943 1876 2982 Cyrenaeus
1903 2940 2068 2975 excelluit.
2124 2942 2175 2974 Ex
2191 2939 2344 2974 omnibus
2361 2949 2422 2973 au-

1383 3002 1452 3034 tem
1471 3001 1540 3041 ejus
1569 3000 1738 3043 discipulis
1767 3000 1918 3033 Evander
1943 3002 2018 3042 post
2042 3008 2120 3033 eum
2145 3000 2266 3044 sehqlae
2292 2999 2424 3043 praet'uit

1384 3069 1423 3092 ac
1445 3059 1554 3092 caeteri
1570 3059 1627 3100 qui
1644 3067 1720 3091 eum
1744 3059 1951 3100 exceperunt.
2007 3057 2134 3096 Quibus
2158 3058 2287 3091 cunctis
2301 3066 2419 3090 succe-

1384 3118 1464 3151 dens
1480 3118 1664 3151 Carneades
1684 3117 1731 3150 ita
1754 3116 1901 3158 magistri
1914 3119 2026 3159 partes
2043 3115 2206 3157 obtinuit,
2230 3118 2269 3149 ut
2289 3116 2419 3149 tertiam

1384 3176 1593 3209 Academiam
1619 3176 1784 3209 conderet.
1827 3177 1860 3207 Is
1887 3175 1988 3217 igitur
2016 3175 2131 3208 eodem
2165 3184 2231 3216 quo
2259 3175 2421 3208 Arcesilas

1385 3234 1539 3267 orationis
1553 3242 1669 3278 genere
1685 3234 1850 3274 utebatur,
1868 3232 2028 3275 siquidem
2043 3235 2078 3266 et
2095 3233 2188 3266 illum
2201 3232 2237 3265 in
2247 3235 2423 3274 utramque

1385 3295 1510 3334 partem
1523 3292 1711 3335 disputandi
1728 3300 1850 3325 morem
1871 3291 2014 3332 tenebat,
2033 3293 2068 3325 et
2082 3300 2157 3333 quae
2177 3291 2220 3325 ab
2239 3290 2422 3326 aliis‘dicc·

1386 3352 1500 3382 rentur
1524 3350 1632 3383 omnia
1658 3348 1850 3383 refutabat:
1877 3350 2034 3382 caeterum
2049 3358 2115 3381 una
2140 3351 2210 3382 erat
2230 3348 2425 3384 assensionis

1386 3407 1526 3439 retentio
1539 3430 1549 3448 ‚
1570 3407 1611 3440 de
1630 3415 1693 3447 qua
1716 3406 1756 3438 ab
1778 3405 1835 3438 illo
1861 3406 2051 3440 dissideret.
2110 3405 2235 3448 Quippe
2265 3405 2337 3439 fieri
2360 3415 2424 3438 non

1389 3473 1484 3505 posse
1499 3464 1654 3504 dicebat,
1675 3466 1715 3498 ut
1737 3464 1792 3505 qui
1812 3465 1906 3497 homo
1920 3465 2024 3505 esset,
2056 3464 2086 3498 is
2113 3473 2132 3497 a
2159 3464 2256 3497 rebus
2273 3463 2424 3497 omnibus
