2508 3776
104 306 340 364 dem
358 311 438 350 καθ’
457 308 565 350 ἑαυτὰ
591 308 654 362 μὲν
675 308 810 362 ἀγαθά,
829 307 962 362 ὑγίεια,
983 308 1086 349 καὶ’
1065 309 1191 363 αρετή,

113 406 140 424 ψ,
256 393 260 400 ,
287 371 357 420 εἴν,
370 368 411 409 τὸ
427 371 525 424 ὁρᾷν·
542 370 580 408 οὗ
596 369 640 408 δι’
659 368 769 409 ἑαυτὰ
782 368 841 418 δέ,
863 367 1048 418 ἀσκήσεις,
1067 368 1090 408 ἃ
1106 369 1191 442 πρὸς

149 434 153 441 ’“
215 440 241 459 »’
298 427 418 482 φέρει,
439 428 642 480 γυμνάσια,
661 433 904 482 φαρμακεῖαι,
926 428 950 467 ἃ
975 431 1037 476 τῆς
1056 428 1190 480 ὑγιείας

102 483 155 561 “fi
173 490 185 494 '⁴
249 491 456 539 ζητοῦνται.
479 491 607 530 Ταῦτα
626 490 663 530 δὲ
679 491 742 531 καὶ
763 490 927 544 ὠφέλιμα
951 490 1161 531 καλοῦνται

49 562 54 565 “
103 562 150 609 3ᾈρ
167 543 460 594 *Διελόντιςτ
421 564 480 588 ουν
490 549 560 589 ἀπὸ
576 551 646 588 τῶν
655 548 843 623 ὠφελίμων
859 548 904 587 τὰ
923 548 1053 601 ἀγαθά,
1067 549 1090 588 ἃ
1109 548 1188 588 καθ’

219 632 237 639 .,
265 610 356 660 εἰσι,
374 608 588 663 σκεψώμεθα
608 611 640 649 εἰ
662 608 727 661 μία
751 608 826 649 ἰδέα
846 607 976 648 τούτων
997 610 1086 649 ἐστί·
1107 609 1189 664 φαί-

102 678 236 716 ,τα
262 669 379 709 τοίνυν
407 669 559 720 μα’ταιον
592 661 703 717 εἶναι,
739 667 835 707 ἰδέαν
864 666 977 720 λέγειν
1008 670 1080 707 τῶν
1108 671 1187 708 καθ’

104 723 254 768 hud-
265 728 420 780 ἀγαθῶν.
441 727 490 768 Τί
513 727 581 780 γὰρ
596 726 638 766 ἂν
652 725 784 766 τούτων
804 726 865 765 καὶ
885 725 1066 779 διαφέροι,
1089 726 1187 778 εἴπερ

93 784 414 831 »tffleoexao'
427 781 536 826 ἑαυτά
549 787 637 827 εἰσιν
653 785 786 838 ἀγαθά,
797 785 989 838 καθάπερ’
974 785 1116 834 εκείνη·
1106 816 1116 835 ,
1137 789 1189 826 Τὸ

78 843 217 905 'ff‘
210 847 365 902 φρονεῖν
383 847 446 888 καὶ
463 851 572 902 appo,
595 847 658 887 καὶ
677 846 800 894 ἡδοναί
818 861 909 890 τινες
927 848 964 885 αἱ
987 846 1183 900 σώφρονες,

78 905 343 963 assvqml,
363 908 395 946 εἰ
411 906 472 946 καὶ
499 908 543 945 δι’
566 905 657 946 ἄλλα
678 907 885 955 ζητοῦνται,
909 906 988 944 ἀλλ’
1009 905 1105 957 ὅμως
1124 906 1186 946 καὶ

86 965 320 1024 ,fi'ssfflm‘k
329 965 471 1006 ἐκείνων
483 965 686 1019 προσθήκης
702 964 792 1004 αὐτα
807 965 851 1003 δι’
865 963 975 1004 ἑαυτὰ
985 965 1046 1004 καὶ
1061 966 1184 1019 αἱρετά

92 1046 117 1077 ‚2
130 1028 209 1071 θυι
223 1025 287 1068 καὶ
303 1027 451 1068 διωκτᾶ.
466 1025 581 1067 Ὥστε
604 1025 698 1065 κατὰ
713 1028 816 1066 τοῦτο
837 1027 917 1064 καθ’
934 1024 1047 1064 ἑαυτὰ
1068 1025 1184 1077 ἀγαθά

3 1082 6 1094 ⁵
65 1079 227 1137 7²}be
244 1084 313 1126 καὶ
323 1085 364 1127 οὗ
383 1085 472 1139 μόνῃ
491 1088 535 1138 τῇ
551 1084 627 1140 ἰδέα
646 1100 748 1124 τουτο
767 1083 941 1134 δώσομεν.

134 1143 236 1182 ‘⁶³⁵'
254 1143 343 1187 Ἔτι
354 1146 386 1184 εἰ
404 1145 498 1186 ἔστιν
513 1145 590 1185 ἰδέα
611 1144 676 1197 μία
699 1147 769 1184 τῶν
789 1143 869 1183 καθ’
892 1143 1002 1183 ἑαυτὰ
1021 1144 1186 1197 ἅγαθων,

65 1295 73 1313 3
135 1266 156 1304 ὃ
167 1264 278 1311 αὐτὸς
289 1264 480 1320 ἰφαρμόζει
494 1263 598 1317 λόγος
617 1267 636 1304 ὁ
650 1280 711 1312 της
729 1263 939 1311 λευκότητος
951 1264 988 1303 ἔν
1008 1280 1046 1303 τε
1062 1262 1189 1318 χιόνιῑ*

62 1350 77 1378 g
135 1323 199 1364 νάὶ
215 1323 388 1378 ψιμυθίῳ·
406 1323 425 1349 ¹’
437 1323 516 1364 ἀλλ’
532 1324 596 1364 οὔκ
607 1322 696 1364 ἔστι.
713 1322 926 1376 Φρονήσεως
938 1321 1006 1375 γὰρ
1022 1321 1083 1361 καὶ
1100 1323 1188 1370 ἡδο-

62 1403 96 1436 ’.Α
134 1385 216 1433 suffe,
238 1382 319 1423 καθ’
336 1382 357 1423 ὃ
375 1383 512 1437 ἀγαθά,
532 1382 688 1436 διάφοροι
710 1383 742 1422 οἱ
761 1380 915 1435 ὃρισμοί·
943 1381 1029 1421 ἄλλο
1047 1380 1117 1435 γὰρ
1145 1381 1186 1421 τὸ

26 1467 28 1469 -
132 1442 340 1492 τῆςῆδονῆς
358 1441 512 1496 ἀγαθόν,
532 1441 593 1482 καὶ
613 1441 701 1482 ἄλλο
718 1440 760 1480 τὸ
779 1443 841 1489 τῆς
860 1440 1073 1494 φρονήσεως.

157 1498 363 1556 ÷=···(8eripsi
388 1515 398 1540 z
422 1505 440 1524 ⁸
458 1500 578 1555 χιόνι]
602 1501 726 1552 vulgo
757 1498 866 1553 χίονι.
886 1521 942 1530 -
960 1498 978 1524 ¹’
1008 1500 1162 1554 ψιμυθίῳ
1170 1512 1185 1553 j

130 1559 468 1615 πὶεοψψμυθίφ·
490 1558 571 1614 -1

154 1634 191 1655 u*

78 1671 82 1674 ’
139 1648 220 1713 ³2·7⁷·
576 1667 669 1719 Κεφ
701 1663 740 1706 ι’.
777 1654 785 1666 ’

51 1751 79 1803 ίἸ
128 1752 210 1808 Ὀτι
234 1771 279 1806 τὰ
298 1771 406 1816 ἀγαθὰ
419 1773 494 1806 κατ’
521 1770 698 1813 ἀναλογίαν
719 1771 767 1804 ἑνὶ
791 1770 927 1813 ὀνόματι
946 1770 1110 1812 λέγονται·
1133 1772 1190 1804 καὶ

71 1810 83 1830 ⁶
156 1808 382 1947 immid
396 1818 530 1863 βοήθεια
553 1821 601 1861 τῷ
615 1819 718 1860 ἠθικῷ
738 1818 802 1851 ἀπὸ
822 1820 882 1851 τοῦ
900 1817 958 1856 τὴν
975 1818 1065 1850 ἰδέαν
1083 1819 1182 1852 αὐτὸν

14 2005 47 2018 A»,
67 2001 69 2003 -
160 1971 295 2015 2³81&
313 1971 351 2014 δὲ
380 1972 427 2012 τὰ
445 1971 582 2025 ἀγαθά,
607 1970 722 2016 καθὼς
742 1970 892 2023 εἴρηται,
914 1970 954 2009 οὗ
974 1970 1187 2022 συνωνύμως

53 2031 79 2079 Jss'
131 2032 315 2086 λόγυιται,
353 2033 415 2085 (οὗ
442 2032 512 2085 γὰρ
536 2031 596 2071 τὸν
625 2030 732 2070 αὐτὸν
758 2030 900 2083 ἔχουσιν
929 2029 1099 2083 ὁρισμὸν)
1132 2033 1189 2080 ζη-

132 2091 257 2141 entim
276 2094 353 2137 πῶς
366 2089 543 2144 λέγονται.
563 2087 616 2130 Ἢ
634 2089 702 2142 γὰρ
722 2088 936 2141 ὁμωνύμως,
956 2088 979 2136 ἢ
997 2091 1045 2134 ὣς
1063 2087 1108 2128 τὰ
1127 2091 1187 2142 ἀφ’

54 2194 62 2203 j
135 2151 235 2202 ἑνός,
270 2150 296 2200 ἢ
329 2151 416 2205 πρὸς
440 2150 479 2190 ἓν
513 2151 747 2190 συντελοῦντα
759 2179 770 2198 ,
801 2148 824 2196 ἢ
859 2149 952 2188 κατὰ
983 2149 1188 2201 ἀναλογίαν·

134 2211 257 2266 ὥσπερ
274 2211 416 2263 λέγεται
435 2213 454 2250 ὁ
469 2213 548 2255 νοῦς
576 2210 778 2264 ὀφθαλμός,
801 2208 855 2249 ὅτι
870 2208 930 2247 τὸν
957 2207 1064 2247 αὐτὸν
1083 2208 1186 2262 λόγον

136 2270 213 2326 ἔχει
230 2269 318 2324 πρὸς
336 2269 400 2319 τὴν
415 2270 560 2325 ψυχήν,
583 2269 621 2309 ὃν
651 2272 669 2309 ὁ
691 2268 872 2323 ὀφθαλμὸς
895 2267 982 2322 πρὸς
1003 2267 1044 2307 τὸ
1062 2271 1182 2320 σῶμα.

134 2332 242 2381 Δοκεῖ
264 2327 302 2370 δὲ
315 2329 361 2370 τὰ
379 2329 497 2383 ἀγαθὰ
511 2328 605 2368 κατὰ
633 2327 825 2381 ἀναλογίαν
849 2326 901 2367 ἑνὶ
924 2327 1072 2380 ὀνόματι
1091 2327 1189 2382 λέγε-

134 2393 232 2437 σθαι.
253 2389 428 2444 Καθάπερ
443 2388 513 2443 γὰρ
533 2388 654 2444 ψυχὴν
674 2387 810 2441 ἀγαθὴν
830 2388 1002 2440 λέγομεν,
1020 2387 1188 2427 οὕτωκαὶ

135 2449 260 2507 χρόνον
294 2448 357 2490 καὶ
383 2447 502 2490 τόπον·
535 2448 611 2502 ἔχει
639 2447 709 2502 γὰρ
729 2447 914 2500 ἀνάλογον·
951 2446 1013 2486 καὶ
1040 2446 1165 2501 ὅπερ’
1151 2463 1185 2486 εν

136 2510 237 2566 ψυχῇ
257 2507 388 2566 ἀρετή,
405 2511 510 2548 τοῦτο
541 2509 577 2548 ἐν
609 2507 728 2562 χρόνῳ
761 2507 904 2562 καιρός,
939 2506 1001 2546 καὶ
1032 2509 1067 2546 ἐν
1088 2507 1186 2560 τόπῳ

99 2601 102 2604 .
137 2567 276 2618 δίαιτα,
301 2566 365 2609 καὶ
395 2569 430 2607 ἐν
450 2571 552 2622 ποσῷ
574 2566 792 2621 συμμετρία.
833 2566 939 2606 Ἀλλὰ
973 2570 1086 2606 ταῦτα
1123 2567 1186 2619 μὲν

136 2627 282 2670 &urim
299 2630 376 2667 νῦν·
393 2626 601 2680 ἔξακριὸοῦν
621 2626 724 2680 γὰρε
710 2626 800 2680 υπὲρ
822 2627 937 2664 αὐτῶν
954 2625 1044 2678 αΛλῃ
1070 2625 1113 2664 ἂν
1132 2627 1187 2674 εἴη

107 2717 114 2734 ,,
135 2684 324 2742 φιλοσοφία
337 2685 558 2740 οἰκειότερον·
578 2687 617 2726 οὗ
639 2685 708 2740 γὰρ
729 2689 774 2738 τῇ
788 2687 895 2739 ἠθικῇ
907 2689 1024 2725 ταῦτα
1050 2686 1189 2738 προσή-

102 2755 108 2757 ’
138 2761 209 2796 ιιι.
231 2744 389 2798 ‘Opust-1<
407 2745 445 2786 δὲ
475 2745 537 2786 καὶ
565 2747 606 2786 τὸ
626 2745 708 2800 περὶ
729 2748 792 2794 τῆς
811 2745 906 2790 ἰδέας
936 2744 1050 2799 λέγειν
1083 2745 1189 2784 καθό-

137 2806 216 2862 λῳ·
241 2807 443 2860 θεολογικοῢ
461 2806 646 2862 γάρμτινος
669 2805 731 2845 καὶ
749 2808 873 2855 τοῦτο,
901 2805 963 2845 καὶ
983 2804 1081 2845 οὐδὲν
1104 2821 1188 2844 συν-

92 2873 99 2880 ’
135 2866 232 2906 τελεῖ
247 2867 300 2920 τῷ
320 2867 484 2915 ζητοῦντι
500 2866 542 2906 τὸ
562 2866 742 2906 πολιτικὸν
766 2865 911 2918 ἀγαθόν.

174 2925 265 2950 ⁴¹⁴⁴*
283 2923 334 2966 Ἦ
347 2925 415 2980 γὰρ
431 2925 507 2966 ἰδέα
526 2930 588 2965 τοῦ
605 2929 738 2978 ἀγαθοῦ
755 2926 784 2963 εἷ
799 2924 860 2964 καὶ
872 2925 984 2973 ἔστιν,
997 2922 1074 2971 ἥτις
1089 2927 1187 2977 κοινῇ

47 2986 87 3039 0:¹7
137 2984 346 3027 Ιῑῧῦἔλλων
375 2985 436 3026 καὶ
464 2985 615 3026 καθόλου
642 2990 898 3039 κατηγορεῖται
926 2982 987 3023 καὶ
1007 2983 1184 3038 χωριστὸν

43 3051 74 3095 3²?
136 3045 214 3087 ὢν
224 3043 343 3084 ἄλλων
362 3044 425 3084 καὶ
452 3044 530 3085 καθ’
560 3044 697 3085 ἑαυτὸς
684 3043 853 3097 υφεστός,
876 3044 1018 3090 δηλον<
1000 3059 1046 3087 ως
1058 3044 1125 3082 οὐκ
1146 3042 1188 3082 ἂν

57 3104 74 3129 ·’“
135 3101 205 3155 fi
219 3103 364 3145 δυνατὸν
397 3103 572 3159 ἀνθρώπῳ
609 3103 745 3159 πρᾶξαι
779 3119 884 3142 τουτο
911 3101 935 3150 ἢ
971 3102 1186 3150 κτήσασθαι·

46 3170 51 3179 “
75 3175 77 3178 ⁴
126 3157 223 3215 -ἢὶῖν
242 3162 279 3204 δὲ
298 3163 380 3217 περὶ
399 3179 556 3204 τοιουτου
578 3165 711 3215 ἀγαθου
737 3165 756 3202 ὁ
776 3163 891 3214 λόγος.
916 3161 980 3202 Ἐν
1003 3163 1100 3214 αὐτῷ
1119 3160 1187 3215 γὰρ

31 3216 39 3224 „
134 3221 199 3264 καὶ
227 3221 292 3272 τὴν
324 3223 547 3276 εὐδαιμονίαν
578 3239 748 3271 συστηναι
799 3221 958 3262 δυνατόν
989 3223 1190 3272 εὐδαιμονεῖ

136 3281 216 3336 'ip
224 3298 278 3328 τις
297 3283 332 3322 ἰν
350 3277 380 3337 ᾧ
398 3282 545 3336 ἔπραξεν
562 3283 586 3332 ἢ
606 3286 641 3324 ἐν
667 3277 697 3338 ᾧ
715 3282 904 3331 ἐκτήσατο.
927 3280 1044 3322 Ὥστε
1062 3282 1125 3321 οὐκ
1144 3280 1187 3321 ἂν

136 3340 393 3396 ἱῐή·προσῆκον
415 3345 500 3394 ἡμῖν
517 3343 599 3398 περὶ
618 3347 680 3383 τοῦ
701 3342 750 3396 μὴ
766 3343 922 3383 τοιούτου
941 3342 1069 3395 λέγειν·
1090 3341 1187 3395 τάχα

624 219 930 261 ETHICORUM
958 219 1414 263 NICOMACHEORUM
1440 221 1820 265 PARAPHRASIS.

83 1211 86 1214 ’
143 1205 247 1252 ὠτὸς
270 1207 291 1245 ὃ
310 1205 456 1262 ὁρισμὸς
467 1221 530 1246 του
547 1207 692 1276 ἀγαθουη
698 1203 892 1258 ἐφαρμόσει
907 1210 1010 1243 πᾶσι·
1028 1203 1188 1258 καθάπερ
1230 1206 1240 1216 ”

2218 225 2302 265 313

1253 315 1303 350 ria
1318 315 1507 359 depellunt,
1526 319 1699 360 propterea
1718 319 1931 361 expetuntur.
1979 319 2023 351 Et
2044 327 2103 361 per
2119 326 2155 352 se
2168 317 2306 362 quidem

1251 362 1337 397 bona
1354 365 1432 397 sunt
1449 363 1574 398 sanitas
1591 366 1624 398 et
1637 365 1762 405 virtus,
1783 375 1917 409 sapere,
1933 365 2048 399 videre
2067 375 2156 399 :non
2171 375 2231 408 per
2255 374 2302 405 sc,

1251 411 1430 453 exercitia,
1458 412 1544 446 sicut
1565 413 1816 447 exercitationes
1837 414 2070 456 gymnasticae,
2091 414 2216 457 quibus
2233 415 2305 447 vir-

1251 459 1334 492 tutis
1359 468 1459 493 causa
1474 459 1612 499 utimur,
1633 462 1667 494 et
1695 470 1772 504 quae
1790 461 1991 495 valetudinis
2021 462 2128 503 gratia
2149 461 2304 496 adhiben-

1249 508 1307 540 tur
1323 508 1480 541 remedia.
1525 510 1605 542 Haec
1624 508 1711 542 enim
1730 511 1764 543 et
1784 510 1881 543 utilia
1899 509 2067 543 dIcuntur.

1291 567 1516 607 Quamobrem
1542 568 1689 611 primum
1711 569 1754 602 ab
1787 569 1829 603 iis
1857 578 1935 612 quae
1953 569 2050 603 utilia
2079 569 2299 612 appellantur,

1248 627 1333 660 bona
1351 636 1428 670 quae
1452 636 1512 670 per
1540 637 1575 661 se
1600 630 1679 661 sunt
1707 628 1968 671 distinguamus,
1995 628 2115 662 deinde
2136 639 2217 662 num
2236 638 2303 662 una

1249 691 1362 733 aliqua
1387 700 1503 724 eorum
1529 691 1573 724 sit
1590 691 1666 724 idea
1687 691 1933 725 consideremus
1953 705 1962 725 ε
1982 691 2119 725 videtur
2137 701 2214 734 ergo
2231 692 2305 726 ine-

1247 752 1345 793 ptum
1364 760 1454 790 esse,
1473 751 1621 794 aliquam
1639 751 1819 791 bonorum,
1843 761 1921 795 quae
1938 761 1997 795 per
2019 761 2054 785 se
2075 754 2174 791 sunt,
2193 751 2304 785 ideam

1248 818 1380 851 ponere.
1426 810 1542 848 Qualis
1558 810 1646 844 enim
1661 811 1782 843 harum
1798 820 1912 845 rerum
1923 810 2116 844 differentia
2131 811 2206 851 erit,
2227 813 2255 845 si
2268 813 2305 845 et

1248 868 1306 902 illa
1322 878 1381 911 per
1400 878 1436 902 se
1454 871 1552 909 sunt,
1572 869 1659 903 sicut
1680 870 1754 903 haec
1771 872 1842 904 est?
1857 871 1991 904 Etenim
2006 878 2123 914 sapere
2141 874 2175 905 et
2192 871 2306 905 videre

1249 929 1284 960 et
1301 927 1490 969 voluptates
1507 928 1662 970 quaedam
1680 929 1811 971 pudicae
1828 931 1862 963 et
1884 931 2026 964 honores
2039 956 2048 971 ,
2070 930 2149 964 licet
2168 932 2306 974 propter

1249 984 1315 1018 alia
1341 986 1511 1027 petantur,
1535 986 1751 1019 nihilominus
1771 987 1842 1021 sine
1866 988 1934 1021 illis
1963 990 2076 1022 tamen
2098 989 2170 1032 ipsa
2194 999 2255 1033 per
2271 999 2317 1030 se,

1250 1046 1284 1078 et
1304 1044 1454 1087 eligenda
1473 1046 1507 1078 et
1522 1045 1707 1088 expetenda
1727 1047 1816 1080 sunt.
1862 1048 1981 1090 Itaque
1997 1056 2036 1081 eo
2054 1047 2186 1082 nomine
2197 1057 2258 1091 per
2272 1057 2308 1082 se

1249 1102 1335 1136 bona
1348 1104 1444 1142 sunt,
1471 1112 1532 1137 nec
1550 1103 1612 1136 soli
1625 1103 1661 1137 id
1678 1103 1763 1138 ideas
1776 1104 2009 1139 ascribendum
2030 1107 2093 1140 est.

1293 1164 1433 1206 Insuper
1458 1163 1486 1196 si
1510 1173 1578 1196 una
1604 1163 1768 1197 bonorum
1793 1173 1872 1207 quae
1895 1173 1955 1207 per
1977 1174 2013 1198 se
2038 1166 2117 1198 sunt
2135 1167 2188 1198 est
2212 1165 2306 1204 idea,

1250 1222 1366 1256 eadem
1381 1223 1459 1256 honi
1475 1223 1624 1256 definitio
1639 1224 1794 1257 omnibus
1811 1224 2006 1258 conveniet:
2023 1224 2306 1268 quemadmodum

1250 1282 1367 1317 eadem
1385 1282 1538 1316 candoris
1563 1283 1600 1316 in
1622 1283 1701 1317 nive
1721 1284 1755 1316 et
1780 1283 1816 1316 in
1837 1292 1972 1318 cerussa
1998 1284 2104 1317 finitio
2121 1284 2274 1327 congruit
2297 1297 2306 1316 ;

1250 1342 1342 1385 quod
1364 1352 1432 1376 non
1448 1342 1497 1376 fit.
1542 1343 1735 1376 Prudentiae
1761 1343 1850 1377 enim
1862 1345 1897 1376 et
1908 1343 2111 1387 voluptatis,
2133 1353 2201 1387 qua
2222 1343 2308 1377 hona

1251 1403 1347 1441 sunt,
1372 1402 1505 1436 diversa
1522 1403 1574 1436 est
1590 1402 1738 1436 definitio
1755 1415 1765 1435 ι
1786 1402 1879 1436 aliud
1895 1403 1983 1438 enlm
1997 1403 2181 1447 voluptatis
2193 1428 2202 1445 ,
2217 1402 2307 1436 aliud

1251 1461 1438 1504 prudentiae
1458 1462 1584 1496 bonum
1603 1464 1666 1497 est.

1709 1685 1788 1729 Gap.
1811 1688 1851 1720 X.

1250 1786 1336 1813 Bona
1350 1784 1553 1821 proportione
1565 1790 1629 1812 uno
1644 1782 1772 1812 nomine
1796 1781 1939 1819 appellari
1960 1792 1969 1810 ι
1989 1781 2100 1811 deinde
2115 1781 2193 1811 idem
2213 1781 2308 1819 ipsius

1288 1829 1497 1867 cognitionem
1515 1828 1590 1858 nihii
1605 1828 1749 1866 prodesse
1762 1828 1879 1858 homini
1893 1828 2015 1858 moralis
2030 1828 2229 1866 philosophia}
2242 1834 2307 1857 stu·

1285 1877 1389 1911 diosc.

1293 2000 1406 2036 Quum
1422 2006 1499 2038 ergo
1511 2022 1519 2038 ‚
1537 1994 1822 2040 quemadmodum
1839 1994 1968 2028 dictum
1985 1995 2056 2037 est,
2077 1995 2163 2027 bona
2179 2004 2245 2027 non
2261 1994 2307 2027 si-

1249 2053 1320 2086 mili
1337 2052 1470 2086 nomIne
1484 2051 1702 2094 appellentur,
1719 2051 1808 2093 (non
1820 2049 1908 2083 enim
1927 2050 2065 2083 eandem
2082 2049 2307 2083 definitionem

1251 2105 1422 2149 habent),
1447 2105 1630 2139 videndum
1657 2105 1708 2138 est
1731 2103 1899 2147 quomodo
1922 2103 2087 2137 dicantur.
2132 2104 2199 2135 Aut
2221 2101 2307 2135 enim

1252 2159 1420 2194 communi
1437 2159 1570 2192 nomine
1594 2159 1763 2196 notantur,
1782 2157 1838 2190 vel
1861 2159 1901 2190 ut
1926 2166 1966 2190 ea
1983 2166 2060 2199 quae
2085 2156 2127 2190 ab
2146 2164 2213 2188 uno
2228 2164 2308 2198 pro-

1252 2213 1445 2246 fiuiseuntur
1463 2211 1518 2244 vel
1541 2219 1618 2253 quae
1644 2209 1687 2242 ad
1704 2219 1810 2242 unum
1828 2209 1989 2248 tendunt,
2016 2210 2074 2241 aut
2092 2207 2306 2250 proportione

1253 2267 1342 2300 idem
1370 2274 1490 2299 nomen
1515 2265 1640 2298 habent
1659 2276 1667 2295 ε
1694 2263 1781 2296 sicut
1799 2264 1945 2296 mentem
1970 2262 2105 2295 oculum
2125 2270 2303 2299 vocamus,

1249 2326 1329 2370 quia
1344 2326 1483 2359 eandem
1501 2324 1545 2358 ad
1561 2324 1725 2362 animum,
1755 2332 1858 2365 quam
1886 2322 2005 2355 oculus
2033 2321 2076 2354 ad
2103 2330 2224 2364 corpus
2254 2330 2307 2353 ra-

1249 2380 1374 2413 tionem
1386 2378 1499 2412 habet.
1544 2377 1710 2410 Videntur
1728 2377 1841 2409 autem
1857 2375 1943 2408 hona
1961 2375 2173 2418 proportione
2190 2374 2307 2408 eodem

1249 2433 1381 2467 nomine
1396 2432 1497 2466 affici.
1542 2433 1627 2464 Nam
1647 2429 1815 2473 quomodo
1830 2429 1980 2462 animum
1995 2429 2120 2461 bonum
2137 2428 2282 2462 dicimus
2294 2454 2302 2468 ‚

1249 2487 1297 2521 sic
1313 2488 1347 2521 et
1367 2488 1501 2528 tempus
1525 2487 1559 2518 et
1576 2485 1688 2518 locum
1708 2495 1716 2516 :
1733 2483 1980 2527 proportionem
1994 2481 2082 2516 enim
2103 2481 2228 2514 habent
2249 2483 2306 2514 :et

1248 2539 1339 2583 quod
1355 2539 1391 2572 in
1419 2538 1529 2571 animo
1553 2539 1604 2571 est
1619 2537 1747 2575 virtus,
1765 2536 1830 2569 hoe
1853 2535 1890 2568 in
1918 2537 2068 2577 tempore
2093 2534 2242 2572 occasio,
2270 2533 2306 2566 in

1248 2595 1321 2628 loco
1348 2593 1573 2632 domomum,
1602 2593 1639 2626 in
1664 2592 1853 2635 quantitate
1876 2590 1996 2625 modus
2023 2591 2086 2624 est.
2137 2589 2203 2623 Sed
2230 2588 2305 2622 haec

1249 2657 1337 2681 nunc
1354 2646 1529 2680 mittamus
1547 2657 1555 2677 ι
1574 2644 1655 2687 quia
1684 2644 1740 2678 alii
1766 2643 1880 2687 potius
1902 2641 2121 2686 philosophiae
2145 2643 2302 2674 accurata

1249 2710 1365 2735 eorum
1386 2697 1540 2732 convenit
1562 2696 1720 2730 tractatio
1747 2709 1756 2729 ε
1778 2705 1888 2739 neque
1904 2695 1993 2730 enim
2009 2694 2091 2728 talia
2109 2693 2154 2727 ad
2175 2693 2306 2727 ethicen

1248 2754 1426 2798 pertinent.
1473 2751 1635 2787 Similiter
1659 2752 1694 2785 et
1708 2750 1864 2785 universe
1889 2750 1933 2784 de
1959 2749 2035 2783 idea
2058 2757 2156 2792 agere
2178 2759 2186 2780 :
2214 2748 2306 2791 quod

1249 2807 1441 2850 theologum
1461 2805 1574 2849 ponus
1602 2805 1717 2845 decet,
1746 2813 1855 2848 neque
1877 2803 2065 2848 quidquam
2089 2802 2141 2837 illi
2168 2802 2304 2846 prodest

1248 2865 1308 2909 qui
1324 2863 1422 2898 civile
1437 2863 1563 2897 bonum
1579 2862 1713 2906 quaerit.

1291 2911 1424 2961 Etenim
1438 2924 1594 2969 quamvis
1620 2923 1699 2958 boni
1725 2922 1801 2958 idea
1828 2923 1889 2963 sit,
1918 2931 1996 2966 quae
2022 2922 2244 2956 communiter
2270 2925 2305 2956 et

1248 2986 1402 3021 universe
1420 2985 1463 3020 de
1486 2984 1560 3018 aliis
1575 2983 1719 3025 dicatur,
1745 2991 1891 3026 qumque
1908 2980 1951 3016 ab
1967 2981 2042 3015 aliis
2066 2981 2214 3024 sejuncta
2237 2981 2305 3014 exi-

1249 3047 1404 3080 stimetur
1421 3046 1455 3080 et
1472 3054 1533 3088 per
1554 3053 1590 3079 se
1603 3043 1764 3078 subsistat
1780 3056 1789 3077 :
1810 3043 1897 3077 hanc
1920 3043 2034 3076 tamen
2057 3050 2167 3084 neque
2182 3041 2303 3075 actioni

1248 3108 1403 3141 humanae
1415 3103 1668 3144 accommodari,
1682 3112 1792 3146 neque
1807 3102 1849 3136 ab
1861 3101 1996 3136 homine
2010 3100 2194 3143 comparari
2206 3109 2302 3143 posse

1248 3165 1466 3200 manifestum
1481 3166 1543 3199 est.
1587 3165 1655 3198 Nos
1673 3172 1754 3198 vero
1769 3163 1812 3196 de
1827 3161 1887 3196 tali
1911 3170 2000 3195 nunc
2014 3160 2101 3194 bono
2119 3160 2300 3203 loquimur.

1249 3226 1378 3269 Quippe
1395 3225 1431 3258 in
1447 3234 1486 3258 eo
1507 3224 1617 3268 potest
1631 3223 1812 3258 consistere
1826 3221 1970 3256 felicitas
1987 3235 1996 3254 ι
2016 3219 2086 3254 suis
2101 3219 2190 3254 enim
2208 3217 2303 3262 quis-

1250 3294 1315 3328 que
1347 3283 1533 3318 actionibus
1577 3284 1637 3316 aut
1681 3280 1945 3325 possessionibus
1978 3279 2098 3313 beatus
2136 3276 2301 3310 redditur.

1250 3347 1361 3386 Quare
1375 3353 1436 3380 nec
1448 3344 1599 3378 nostrum
1618 3342 1763 3376 officium
1779 3342 1848 3381 est,
1860 3341 1903 3375 de
1924 3340 1989 3373 alio
2007 3339 2094 3372 bono
2108 3336 2271 3371 disserere
2289 3347 2299 3369 2

183 3479 204 3500 *
219 3479 423 3524 Χωρίσαντες
435 3481 492 3515 οὖν
505 3483 575 3515 κτλ·
591 3497 600 3505 ·
649 3482 691 3502 4*
705 3483 741 3512 Ei
759 3481 793 3510 δὲ
807 3482 862 3513 καὶ
879 3479 985 3513 ταῦτά
1002 3479 1073 3512 ἐστι
1091 3481 1149 3511 κτλ
1179 3498 1221 3505 -
1235 3479 1298 3500 ”⁴¹
1312 3481 1352 3512 Εἰ
1369 3478 1430 3516 γὰρ
1445 3479 1501 3511 καὶ
1521 3477 1610 3510 ἔστιν
1630 3476 1664 3509 ἔν
1682 3487 1713 3509 τι
1727 3476 1798 3510 κτλ.
