2528 3788
96 301 138 340 ³2¹:
170 293 241 348 (σι)
259 293 419 346 περὶ-τοῦ
435 294 577 333 παιδίου
594 295 644 346 α’,
665 299 714 334 de
728 309 846 347 puero
863 294 965 335 liber
985 310 1099 336 unus.

162 353 240 404 (ρο)
258 351 340 406 περὶ
360 355 529 404 μαθητῶν
547 355 580 391 α’
599 354 654 406 β’,
675 357 722 393 de
741 358 934 406 discipulis
955 356 1049 394 libri
1073 358 1166 397 duo.

458 475 497 513 V.
530 475 684 528 Scripta
712 476 834 515 varia.

41 590 46 593 ⁵
75 589 236 648 (η)
258 593 340 648 περὶ
358 593 443 647 βίων
469 595 515 643 α’,
532 598 582 634 de
600 600 688 635 vius
709 595 811 634 liber
832 609 941 634 unus.

2 692 6 705 ,
150 647 151 650 ¹
143 650 220 698 In
237 654 314 695 hoc
330 654 534 694 volumine
548 654 752 724 probabile
767 663 826 693 est
842 668 932 693 eum
947 655 996 694 de
1009 655 1171 696 Platone

98 736 133 765 1ι
157 733 188 749 υ·
225 726 275 754 ue
289 722 329 754 et
346 714 568 766 Pythagora
582 715 734 765 egisse,
749 714 944 765 siquidem
962 715 1168 768 utriusque

66 754 344 827 {Iosophl
363 775 485 814 vitam
505 787 528 813 a
550 773 766 813 Xenocrate
789 774 929 814 litteris
948 776 1169 815 mandatam

147 853 201 869 ω»
227 853 230 856 -
257 842 408 876 veteres
425 834 696 874 testificantur.
715 833 969 886 Stmphctus
958 849 1000 874 ιιι
1022 836 1172 876 Aristo-

68 888 210 946 ffiffi
226 892 396 945 Physica
411 893 486 934 lib.
504 891 612 941 VIII,
633 907 673 946 p.
696 892 772 932 265
789 893 833 933 B.
853 894 934 945 (CR
954 893 1139 934 Scholia
1129 911 1168 935 in

90 958 102 963 ”
105 950 283 996 Ᾰώῐοιῑ.
305 965 394 1006 pag.
414 959 490 1001 427
507 952 568 992 ed.
583 951 761 992 Brandis.
778 952 789 1003 )
811 950 864 992 ἔτι
885 952 920 992 δὲ
940 956 1042 992 τοῦτο
1064 955 1170 1009 σαφέ-

47 1006 85 1046 ³3·
118 1026 241 1068 στιρον
260 1010 483 1060 mirol-que*
451 1011 676 1064 ...ενοκράτης
689 1013 708 1050 ὁ
725 1010 964 1062 γνησιώτατος
983 1014 1053 1051 τῶν
1071 1015 1173 1054 Πλά-

42 1112 48 1118 ,.
119 1084 224 1118 W
245 1072 428 1125 ἆκροατῶν
450 1071 486 1110 ἓν
507 1073 558 1126 τῷ
577 1071 658 1124 περὶ
683 1085 744 1109 του
767 1070 957 1116 Πλάτωνος
985 1071 1063 1124 βίου
1085 1073 1168 1112 τάδε

58 1133 61 1135 ’
117 1126 300 1186 mm&
331 1132 410 1171 ιιτλ.
453 1130 694 1170 lamblichus
731 1129 780 1168 de
826 1133 906 1169 vita
940 1131 1172 1182 Pythagorae

119 1201 207 1243 cap.
228 1188 284 1239 II,
305 1203 327 1239 7
345 1189 576 1243 παραιτητέοι
595 1188 663 1242 γὰρ
683 1188 917 1240 Ἐπιμενίδης
938 1189 999 1228 καὶ
1017 1189 1171 1237 Εὔδοξος

117 1247 180 1289 καὶ
197 1247 423 1302 Ξενοιίρᾶτης
450 1250 673 1293 ὑπονοοῦντες
689 1251 733 1302 τῇ
757 1248 944 1301 Παρθενίδι
963 1248 1042 1289 τότε
1064 1253 1169 1302 μιγῆ-

119 1322 181 1351 ναι
205 1306 264 1350 τὸν
288 1305 472 1361 Ἀπόλλω,
507 1307 569 1348 καὶ
596 1306 751 1346 κύουσαν
779 1307 888 1356 αὐτὴν
925 1309 965 1347 ἐκ
986 1307 1035 1360 μὴ
1063 1308 1171 1354 ουτως

119 1364 270 1421 ἔχοῦσης
290 1367 516 1416 καταστῆσαί
537 1383 574 1406 τε
590 1383 651 1406 και
667 1366 899 1420 προαγγεῖλαι
919 1367 976 1406 διὰ
992 1384 1054 1416 της
1075 1385 1171 1422 προ-

34 1458 38 1459 ⁷
119 1426 282 1479 φῆτιδος·
301 1431 405 1469 τοῦτο
430 1427 494 1479 μὲν
521 1443 583 1466 ουν
612 1427 776 1478 οὐδαμῶς
806 1425 1026 1478 προσίεσθαι.
1055 1428 1169 1469 Conf.

34 1488 42 1497 ”
117 1484 440 1539 wyttenbachius
458 1486 558 1528 Bibl.
583 1487 680 1527 crit.
698 1495 807 1527 parte
824 1486 917 1525 VIII
964 1502 1051 1540 pag.
1080 1504 1168 1530 120.

46 1549 49 1550 ⁷
170 1544 237 1600 (ω)
251 1545 377 1599 Ἀρκὰς
397 1545 430 1585 2'
435 1577 444 1586 .

173 1604 240 1659 (ω)
261 1606 463 1653 Καλλικλῆς
489 1604 537 1644 α’.

170 1662 236 1720 (70)
258 1664 461 1719 Κεφάλαιον
478 1664 526 1704 α’.

58 1745 63 1747 ·
170 1723 331 1766 Inutilis
363 1731 422 1762 est
469 1721 640 1763 Fabricii
676 1723 903 1774 conjectura
953 1725 1023 1775 qui
1063 1725 1166 1766 Bibl.

113 1781 612 1835 Gtaec.vol.111,p.192
638 1783 699 1822 ed.
730 1783 836 1822 tim-‚l
867 1784 923 1822 ait
945 1797 1020 1835 pro
1049 1786 1171 1839 Ketpo't·

49 1875 59 1883 2
117 1845 217 1885 λαισν
234 1843 442 1895 legendum
475 1841 604 1881 videri
634 1840 820 1895 Κέφαλος,
842 1842 934 1894 quia
961 1842 1171 1896 Speusippi

55 1892 67 1941 Ϋ.
115 1901 221 1946 iiher
238 1901 397 1956 quidam
419 1902 477 1942 sic
495 1902 713 1954 inscriptus
739 1901 872 1942 fuerit.

53 1961 62 1966 ⁸
172 1963 236 2016 (71)
253 1961 481 2016 Πυθαγόρεια
504 1960 553 2002 α’.

89 2064 161 2069 W
164 2021 376 2070 Menagius
394 2022 444 2061 ad
478 2021 596 2070 Diog.
626 2020 752 2060 Laert.
787 2021 858 2054 lib
895 2021 961 2063 lV,
988 2020 1033 2055 13
1064 2027 1171 2057 ratus

116 2069 738 2114 librumClementiAlexandrino
748 2072 995 2123 Stromatum,
1003 2074 1073 2115 lib.
1082 2076 1169 2123 VII,

119 2146 158 2185 p.
180 2145 254 2180 717
275 2133 432 2172 citatum
447 2130 529 2184 περὶ
548 2132 612 2178 τῆς
631 2131 701 2169 ἀπὸ
720 2133 790 2170 τῶν
811 2132 909 2185 ζῴων
926 2136 1072 2187 τροφῆς,
1091 2149 1170 2175 non

4 2210 15 2230 r
79 2191 242 2240 „fuisse
267 2190 470 2231 diversum
489 2188 540 2229 ab
561 2202 608 2228 eo
627 2190 698 2242 qui
718 2190 949 2244 Πυθαγόρεια
976 2192 1170 2234 inscribe-

118 2249 251 2299 batur,
284 2258 496 2302 utrumque
527 2248 793 2288 Chalcedonio
830 2250 1064 2303 philosopho
1100 2255 1169 2293 tri-

119 2307 219 2351 buit-
233 2309 344 2350 Licet
358 2317 487 2349 autem
501 2321 622 2360 supra
637 2310 851 2348 Xenocrati
860 2309 980 2378 ’Aphr
981 2311 1169 2352 odisiensi

77 2377 83 2382 '
119 2367 440 2409 commentarium
481 2367 590 2407 illum
628 2368 982 2420 assignaverimus,
1020 2379 1166 2422 tamen,

3 2429 49 2481 ζ
114 2440 239 2482 quum
262 2428 413 2469 incerta
441 2440 505 2468 res
533 2428 607 2476 sit,
638 2441 767 2480 neque
803 2429 1025 2481 Menagium
1056 2432 1166 2472 refel-

3 2486 6 2487 ’
116 2485 220 2538 lere,
242 2500 370 2540 neque
389 2495 562 2527 nostram
592 2489 824 2527 sententiam
853 2489 982 2529 allatis
1006 2492 1170 2530 rationi-

59 2579 62 2582 ,
113 2542 191 2591 ‚hm
209 2546 312 2587 tueri
330 2545 578 2586 conabimur.

69 2606 86 2637 J
169 2605 236 2658 (n)
269 2597 559 2657 Ἱ“πομνημάτων
593 2605 642 2651 α’,
678 2610 1033 2644 commentariorum
1064 2605 1167 2646 libet

35 2664 84 2710 {5³
111 2676 229 2710 nnus.

46 2735 82 2763 Ἃ·
98 2747 126 2770 ,ᾗ
166 2722 231 2779 (78)
248 2722 336 2777 πρὸς
353 2721 505 2776 Ἀρύὸαν
524 2721 575 2774 α’,
597 2726 652 2760 ad
672 2725 846 2770 Arybam
866 2723 966 2762 liber
982 2739 1096 2764 unus.

35 2775 134 2842 sits&
165 2781 233 2837 (74)
248 2782 335 2838 πρὸς
350 2781 597 2837 (Ἡφαιστίωνα
613 2781 660 2831 α’,
674 2786 730 2821 ad
746 2785 1044 2833 Hephaestionem
1064 2785 1165 2824 liber

3 2847 5 2852 ’
39 2846 226 2892 unus.

145 2900 256 2943 ΑΜ
273 2900 407 2940 omnia
427 2901 629 2940 volumina
657 2902 859 2940 continere
886 2915 1022 2941 versus
1046 2907 1085 2953 μ’
1106 2903 1164 2941 κδ’

40 2968 67 3019 ’,ί
95 2957 143 3015 ’,δ’
167 2956 201 2999 d
221 2957 254 2999 λ’
281 2957 311 2999 θί
339 2959 536 3011 Diogenes
569 2959 749 2999 Laertius
780 2970 915 3000 auctor
946 2971 1023 3009 est,
1047 2975 1161 3013 quem

39 3015 50 3050 ;’
102 3027 295 3058 ‘versuum
314 3031 521 3059 numerum
539 3019 723 3072 plerique
751 3022 883 3058 animo
910 3021 1062 3072 assequi
1083 3034 1161 3059 non

109 3085 334 3131 potuerunt.
353 3077 428 3118 Sed
447 3079 631 3133 componi
650 3093 737 3118 cum
755 3079 830 3118 hoc
845 3080 1011 3119 similem
1030 3080 1159 3118 locum

149 3219 220 3267 (90)
234 3221 398 3265 Diogenes
419 3224 569 3257 Laertius
591 3225 650 3265 lv,
681 3226 718 3256 10
737 3225 814 3266 πρὸς
836 3224 868 3256 δὲ
885 3225 939 3257 τὸν
957 3225 1034 3265 μήτε
1048 3236 1159 3266 μουσι-

46 3258 52 3274 ⁸
107 3269 185 3312 ἦν,
202 3271 281 3314 μήτε
294 3271 509 3331 γεωμετρίαν,
526 3272 605 3312 μήτε
619 3272 830 3314 ἀστρονομίαν
848 3272 1069 3314 μεμαθηκότα,
1088 3274 1161 3314 βου-

37 3321 63 3359 ss,
106 3316 237 3360 Μμινον
252 3316 288 3352 δὶ
299 3317 375 3360 παρ’
387 3318 483 3351 αὐτὸν
499 3321 626 3361 φοιτᾷν·
642 3319 806 3361 Πορεύου,
821 3318 895 3359 ἔφη·
910 3318 1007 3355 λαὸὰς
1024 3318 1084 3360 γὰρ
1099 3319 1158 3351 οὐκ

238 3412 277 3446 οὗ
307 3411 496 3446 ινίπτεται.
520 3431 563 3437 -
591 3412 661 3455 (91)
691 3413 788 3446 Plato
817 3412 860 3446 de
889 3414 970 3455 Rep.
996 3412 1053 3447 lib.
1081 3414 1156 3456 vn,

985 208 1052 249 DE
1081 209 1408 253 XENOCRATE.

2201 221 2275 262 111

1234 310 1407 351 oportet,
1429 304 1498 353 qui
1519 305 1662 354 legitur
1688 306 1760 345 lib.
1781 307 1824 356 V,
1845 321 1892 355 27
1912 308 1960 346 de
1977 308 2171 358 Stagiritae
2185 310 2280 346 scri-

1233 359 1341 409 ptis:
1366 359 1520 411 γίνονται
1547 364 1583 401 αἱ
1612 369 1748 413 πᾶσαι,
1773 365 1939 419 μυριάδες
1959 365 2090 419 στίχων
2113 365 2280 420 τέτταρες

1231 417 1291 455 καὶ
1310 418 1571 472 τετταρακοντα
1598 421 1684 474 πρὸς
1705 429 1775 468 τοῖς
1795 424 2095 479 πεντακισχιλίοις
2119 425 2181 465 καὶ
2205 427 2280 465 δια-

1231 476 1364 523 κοσίοις
1385 478 1642 529 ἑὸδομήκοντα
1668 481 1802 534 Itaque
1816 486 1848 523 si
1870 485 2054 525 librarios
2078 485 2144 524 hic
2162 484 2282 539 στίχοι

1232 535 1269 585 μ’
1289 536 1505 591 ριόστίχων
1525 539 1688 590 μυριάδες
1709 543 1907 593 scripsisse
1921 543 2168 595 conjicimus,
2186 558 2278 583 cuu-

1232 596 1282 632 cti
1303 595 1533 637 Xenocratis
1550 598 1644 637 libri
1663 599 1863 640 ducenties
1888 604 2003 641 vicies
2024 612 2161 654 quater
2177 603 2285 642 mille

1233 649 1424 689 ducentos
1450 653 1608 702 triginta
1636 667 1778 692 novem
1811 668 1948 694 versus
1976 656 2186 697 habebant.
2217 659 2285 695 Sin

1232 708 1342 747 aliter
1370 719 1530 762 propter
1550 714 1752 764 scriptoris
1780 715 2078 753 inconstantiam
2104 724 2142 753 et
2160 715 2285 754 libra-

1233 770 1383 807 riorum
1402 770 1682 821 indiligentiam
1703 771 1751 810 de
1772 781 1907 811 nostro
1924 773 2010 812 loco
2025 772 2283 823 judicandum

1231 836 1312 875 est,
1338 831 1467 879 possis
1488 829 1599 869 facile
1625 844 1816 882 reponere
1838 831 1955 884 στίχοι
1979 831 2016 881 μ’
2035 830 2068 883 β’
2089 830 2122 869 σ’
2141 834 2170 869 λ’
2202 832 2231 869 θ’
2255 835 2282 873 i.

1231 900 1265 925 e.
1295 887 1526 937 quadragies
1556 888 1618 927 bis
1638 890 1746 928 mille
1774 889 1932 928 ducenti
1960 889 2118 940 triginta
2138 903 2284 929 novem

1232 945 1289 985 Cf.
1307 959 1426 998 supra
1443 946 1655 1000 Speusippi
1686 951 1805 987 vitam
1834 958 1916 991 not.
1939 950 2029 994 134.
2051 950 2196 988 Verum
2224 950 2286 988 hic

1232 1008 1272 1043 in
1289 1005 1444 1044 lubrico
1462 1019 1680 1047 versamur.

1285 1065 1460 1104 Transeo
1481 1066 1530 1104 ad
1550 1066 1809 1119 philosophiae
1827 1067 1993 1105 formam
2017 1081 2040 1106 a
2067 1067 2286 1107 Xenocrate

1231 1127 1460 1166 institutam.
1496 1126 1738 1176 Quamquam
1774 1127 2058 1166 Chalcedonius
2091 1132 2288 1180 sapientiae

1232 1184 1369 1223 doctor
1389 1185 1564 1224 Platonis
1585 1186 1831 1238 disciplinam
1851 1187 2039 1238 explicuit
2058 1196 2096 1225 et
2114 1189 2286 1227 illustra-

1232 1247 1311 1290 vit,
1337 1253 1467 1283 tamen
1500 1246 1676 1295 magistri
1706 1247 1869 1295 vestigia
1901 1255 2128 1296 persecutus
2159 1250 2198 1285 in
2228 1262 2287 1287 re-

1232 1317 1319 1342 rum
1344 1304 1675 1356 contemplatione
1698 1304 1862 1343 ulterius
1884 1318 2117 1356 progressus
2146 1315 2204 1346 est
2223 1310 2285 1346 in-

1233 1362 1405 1414 sitasque
1438 1364 1645 1414 opiniones
1687 1363 1857 1401 evellere
1889 1372 1927 1402 et
1962 1377 2086 1403 novas
2116 1367 2288 1405 inserere

1233 1422 1393 1462 studuit.
1431 1422 1519 1460 Jam
1552 1424 1725 1473 primum
1753 1425 1926 1462 omnium
1956 1426 2087 1463 statuit
2115 1425 2288 1476 philoso-

1234 1481 1335 1533 phiae
1351 1483 1538 1533 mysteria
1557 1482 1662 1521 tradi
1684 1484 1831 1520 nemini
1851 1496 1965 1534 posse
1979 1511 1990 1530 ,
2011 1485 2088 1521 nisi
2111 1487 2178 1534 qui
2197 1499 2283 1536 per-

1234 1544 1355 1594 ceptis
1391 1544 1504 1593 prius
1539 1540 1690 1580 artibus
1721 1541 2003 1580 mathematicis
2039 1545 2209 1582 animum
2241 1545 2289 1583 ad

1234 1603 1462 1652 sapientiam
1484 1610 1744 1653 praeparatum
1770 1600 1929 1639 haberet
1949 1600 2046 1654 (90).
2070 1602 2155 1648 Qua
2177 1606 2218 1642 in
2248 1617 2290 1642 re

1235 1662 1409 1710 magistri
1453 1662 1722 1698 auctoritatem
1757 1668 1911 1699 secutus
1947 1666 2005 1700 est
2036 1660 2286 1704 Xenocrates.

1234 1719 1345 1758 Plato
1359 1719 1439 1772 (91)
1460 1722 1563 1757 enim
1578 1722 1708 1770 magni
1732 1722 1991 1759 aestimaverat
2004 1721 2287 1771 mathematica,

1234 1792 1360 1830 neque
1389 1792 1629 1830 quemquam
1659 1782 1700 1817 in
1721 1779 1932 1818 dialecticis
1962 1793 2118 1819 omnem
2154 1795 2286 1820 curam

1234 1851 1463 1878 consumere
1494 1840 1730 1890 patiebatur,
1754 1841 1830 1877 nisi
1864 1842 1933 1891 qui
1960 1839 2153 1880 doctrinis
2180 1841 2259 1880 illis
2276 1872 2287 1890 ‚

1234 1898 1376 1949 quibus
1409 1898 1573 1950 puerilis
1605 1907 1694 1936 aetas
1727 1898 1926 1949 impertiri
1953 1898 2083 1948 debet,
2115 1901 2290 1940 eruditus

1233 1966 1334 1994 esset
1367 1971 1411 1993 nc
1461 1956 1575 1994 simul
1609 1954 1813 2007 pulverem
1851 1956 2048 1995 eruditum
2088 1961 2288 2009 attigisset.

1231 2014 1335 2060 Quin
1368 2015 1484 2052 etiam
1516 2013 1617 2052 idem
1655 2013 1888 2065 Pythagorae
1917 2015 2041 2054 fuerat
2067 2016 2286 2068 judicium,

1232 2075 1379 2125 quippe
1413 2075 1480 2124 qui
1510 2086 1697 2112 numeros
1715 2074 1891 2113 omnium
1922 2089 2050 2113 rerum
2088 2078 2290 2131 principia

1232 2131 1448 2184 appellaret
1467 2139 1582 2182 atque
1606 2131 1703 2170 adeo
1726 2132 1887 2171 cuilibet
1917 2134 2124 2184 quaestioni
2145 2137 2289 2176 mathe-

1232 2190 1391 2230 maticas
1401 2190 1632 2242 disciplinas
1649 2191 1866 2231 adhiberet.
1878 2192 1980 2239 Quid
1994 2195 2009 2230 Ρ
2025 2195 2133 2244 quod
2143 2197 2288 2236 scholae

1232 2251 1482 2303 inscripserat
1506 2264 1516 2291 t
1537 2250 1661 2302 μηδεὶς
1684 2251 1953 2304 ἀγεωμέτρητος
1976 2252 2105 2292 εἰσίτω.

1283 2311 1409 2349 Porro
1429 2324 1550 2363 quum
1571 2310 1620 2349 ab
1640 2313 1811 2362 antiquis
1828 2311 2076 2364 philosophis
2096 2327 2220 2366 usque
2238 2317 2286 2356 ad

1230 2370 1426 2408 Socratem
1457 2372 1611 2410 numeri
1631 2384 1845 2422 rerumque
1876 2374 2050 2422 origines
2072 2381 2287 2414 tractaren-

1232 2436 1308 2476 tur,
1340 2429 1592 2480 studioseque
1626 2429 1798 2467 siderum
1829 2431 2142 2481 magnitudines,
2167 2436 2286 2473 inter-

1229 2489 1355 2536 valla,
1379 2500 1517 2526 cuisus
1537 2496 1575 2526 et
1604 2497 1742 2527 cuncta
1764 2491 1934 2528 coelestia
1966 2494 2281 2546 ancwin-crentur,

1228 2545 1407 2585 Socrates
1431 2548 1584 2598 primus
1608 2547 1896 2600 philosophiam
1918 2562 1940 2588 e
1958 2551 2060 2590 coelo
2080 2552 2284 2593 devocavit

1227 2613 1264 2643 et
1282 2605 1331 2644 ad
1349 2605 1552 2645 hominum
1583 2620 1711 2646 mores
1732 2608 1923 2655 traduxit,
1951 2609 2064 2649 Plato
2089 2612 2138 2650 de
2157 2615 2285 2663 singu-

1227 2664 1275 2703 lis
1290 2664 1546 2717 philosophiae
1561 2665 1740 2718 partibus
1757 2667 1878 2705 multa
1894 2668 2098 2716 disseruit3
2116 2671 2183 2709 sed
2197 2671 2283 2722 ejus

1227 2723 1443 2775 discipulus
1462 2723 1698 2762 Xenocrates
1718 2727 1868 2776 primus
1889 2728 2088 2778 sapientiae
2107 2726 2282 2780 discipli-

1226 2796 1315 2821 nam
1336 2785 1377 2820 in
1397 2791 1473 2821 tres
1491 2791 1622 2835 partes
1635 2811 1647 2832 ‚
1670 2783 1897 2835 physicam,
1915 2785 2065 2824 ethiccn
2081 2815 2092 2834 ,
2110 2787 2281 2827 dialecti·

1225 2854 1308 2879 cam
1329 2841 1462 2880 divisit
1482 2840 1582 2894 (92).
1604 2841 1668 2881 Sic
1688 2844 1807 2892 igitur
1827 2842 2022 2883 Socratica
2038 2845 2281 2886 dubitatione

1225 2902 1360 2940 relicta
1387 2901 1627 2941 Xenocrates
1667 2902 1914 2953 dogmaticus
1948 2907 2072 2944 evasit
2107 2906 2279 2958 philoso-

1223 2961 1339 3012 phus.
1371 2960 1581 3001 verissime
1619 2970 1750 3000 autem
1781 2962 1919 3002 Cicero
1967 2965 2088 3004 Acad.
2131 2965 2276 3011 Qua-st.

1224 3022 1293 3062 lib.
1317 3021 1349 3070 1,
1373 3035 1459 3074 cap.
1480 3027 1501 3067 4
1523 3022 1571 3061 de
1591 3022 1831 3062 AcademicIs
1851 3033 1889 3062 et
1906 3024 2173 3076 Peripateticis
2203 3025 2278 3064 dis-

1221 3089 1361 3133 putans
1396 3095 1406 3118 ι
1446 3098 1463 3116 α
1499 3080 1684 3134 Utrique,
1712 3084 1861 3134 inquit,
1891 3083 2063 3122 Platonis
2100 3083 2277 3122 ubertate

1220 3224 1340 3257 Sextus
1353 3223 1540 3266 Empiricus
1554 3225 1629 3258 adv.
1650 3224 1757 3258 Math.
1781 3227 1856 3266 vll,
1874 3228 1924 3266 16,
1946 3226 2041 3268 quus
2055 3226 2156 3258 verba
2173 3235 2273 3267 supra

1219 3270 1325 3303 attuli.
1345 3270 1468 3304 Contra
1484 3271 1593 3304 minus
1605 3274 1694 3306 recte
1709 3251 1880 3306 Platonein
1898 3272 1968 3314 ejus
1979 3273 2151 3307 divisionis
2165 3277 2274 3307 aucto·

1218 3329 1288 3353 rem
1306 3320 1416 3353 dicere
1432 3319 1586 3353 videntur
1606 3320 1721 3354 Cicero
1737 3321 1839 3353 Acad.
1861 3323 1990 3359 Quaest.
2016 3323 2042 3362 Ι,
2061 3322 2080 3352 5
2092 3322 2272 3363 ‚Augusti-

163 3362 407 3407 φιιςλοσοφίας.
426 3367 468 3399 Οἱ
486 3366 519 3399 δὲ
540 3366 636 3399 τοῦτό
659 3377 754 3408 φασιν
776 3367 892 3405 εἰπεῖν,
908 3364 988 3407 Παρ·
1004 3366 1073 3405 ἐμοὶ
1097 3366 1158 3408 γὰρ
1218 3376 1282 3401 nus
1298 3367 1340 3401 de
1360 3367 1425 3401 civ.
1453 3367 1505 3401 dei
1528 3367 1585 3401 lib.
1609 3370 1699 3409 VIII,
1715 3378 1787 3411 cap.
1806 3371 1843 3409 43
1860 3347 2042 3410 Aristocles
2058 3369 2149 3410 apud
2165 3372 2267 3403 Euse-

35 3422 55 3443 ι’
1217 3413 1308 3448 bium
1331 3416 1436 3458 Proep.
1457 3416 1581 3457 Evang.
1601 3415 1659 3449 lib.
1680 3417 1736 3456 XI,
1762 3424 1833 3470 cap
1864 3420 1903 3455 23
1923 3417 2066 3450 Galenus
2085 3415 2166 3449 hist.
2189 3417 2268 3458 phil.

32 3450 41 3502 'J
105 3455 181 3507 m.
195 3460 268 3493 5³⁶.
286 3460 327 3500 D,
354 3458 404 3494 Gr.
423 3459 597 3493 Plutarch.
614 3461 765 3502 Sympos.
783 3468 857 3502 pag
875 3461 947 3492 718.
968 3458 1007 3493 0.
1023 3476 1066 3485 ——
1087 3461 1155 3503 (92)
1216 3462 1295 3494 tom.
1318 3463 1359 3495 11
1376 3471 1409 3504 p.
1426 3465 1475 3495 21.
1499 3463 1536 3495 C.
1553 3461 1606 3495 ed.
1622 3462 1729 3496 Paris
1745 3462 1820 3496 anni
1838 3464 1933 3503 1679·,
1951 3465 2095 3496 Joannes
2113 3465 2146 3496 et
2159 3464 2266 3497 baris
