2528 3788
303 216 2459 327 ffiffiffiffiffiffiffiaessffiffimfflm

844 373 1016 473 DE
1099 335 1954 517 SALLUSTIO.

1184 569 1556 589 -ᾢ-τ-

352 703 578 753 Sallustius,
609 704 831 743 Platonicus
852 706 1080 756 posterioris
1108 707 1181 745 aevi
1203 707 1334 758 philo-

299 750 462 814 sophus,
487 775 600 813 quem
622 761 772 802 Juliani
809 763 1055 815 imper-atonis
1093 766 1276 817 aequalem
1302 776 1339 804 et

299 822 462 867 amicum
489 821 606 859 fuisse
625 830 794 870 constat,
815 835 916 878 unus
942 824 1026 862 sine
1053 823 1174 863 dubio
1198 838 1244 863 ex
1275 838 1336 863 sa-

298 880 497 932 pientibus
521 881 614 918 11101
617 894 681 919 um
701 875 926 935 temporum
941 882 1165 923 hominibus
1182 893 1258 932 est,
1275 885 1337 923 cui

297 940 436 979 mento
456 939 605 978 tribuas
630 934 840 990 elegantem
871 942 919 979 de
941 942 1018 981 diis
1045 951 1082 980 et
1110 943 1254 981 mundo
1285 944 1337 981 li-

296 996 458 1039 bellum.
492 999 642 1040 Etenim
683 1000 724 1037 in
762 1001 932 1039 maximo
966 1015 1101 1040 errore
1131 1012 1336 1041 versantur

297 1057 375 1095 viri
392 1058 547 1109 quidam
564 1058 667 1097 docti
687 1061 762 1098 tale
776 1061 1003 1112 opusculum
1023 1061 1206 1100 Sallustio
1224 1065 1335 1114 Syro,

296 1111 427 1154 Procli
458 1116 577 1155 adven
580 1130 684 1156 sano
717 1132 760 1158 ac
788 1119 943 1171 Cynicae
971 1121 1230 1159 institutionis
1265 1122 1337 1160 do-

297 1166 419 1224 ctori,
442 1176 695 1226 assignantes.
719 1178 776 1216 De
791 1178 866 1216 hoc
885 1187 1010 1216 autem
1033 1180 1153 1218 multa
1170 1180 1337 1218 tradide-

295 1243 387 1273 runt
405 1234 567 1274 Photius
587 1236 679 1275 Cod.
705 1242 779 1281 242
812 1250 833 1275 e
860 1237 1060 1276 Damascio
1087 1238 1129 1275 in
1152 1238 1232 1276 vita
1258 1238 1338 1276 Isi-

337 1345 383 1387 (1)
409 1345 545 1378 Photius
573 1347 654 1379 Cod.
680 1349 738 1379 242
763 1356 781 1379 e
804 1348 977 1380 Damascio
1003 1349 1037 1381 in
1065 1349 1134 1381 vita
1159 1349 1300 1381 Isidori:
1321 1349 1338 1380 ὁ

297 1394 502 1431 Σαλλούστιος
528 1394 658 1432 κυνίζων
684 1396 721 1427 οὐ
741 1396 797 1433 τήν
819 1396 993 1436 εἰθισμένην
1012 1397 1081 1428 ὁδὸν
1104 1396 1268 1437 ἐπορεύετο
1285 1399 1339 1434 τῆς

296 1440 493 1481 φιλοσοφίας,
508 1441 584 1473 ἀλλὰ
596 1442 652 1480 τὴν
667 1453 702 1473 κε
705 1453 902 1483 χαραγμενην
915 1443 989 1483 πρὸς
1006 1442 1131 1483 ἔλεγχόν
1155 1454 1187 1474 τε
1202 1443 1261 1475 καὶ
1273 1443 1338 1476 λοι·

297 1487 400 1528 δορίαν
416 1488 469 1519 καὶ
488 1488 541 1520 τὸν
562 1487 696 1528 μάλιστα
715 1489 752 1526 δὴ
770 1488 864 1520 πόνον
883 1489 941 1520 ῦπὲ
927 1500 959 1530 ρ
977 1489 1097 1531 ἀρετῆς.
1120 1486 1299 1522 ’Υπεδέδετο
1312 1488 1340 1521 δ’

297 1533 386 1570 οὗτος
403 1535 587 1575 σπανιάκις,
599 1536 618 1573 ἢ
630 1535 684 1571 τὰς
696 1535 822 1571 ἀττικὰς
835 1535 1022 1576 ἰφικρατίδας
1040 1536 1059 1573 ἢ
1075 1536 1114 1567 τὰ
1131 1536 1247 1573 συνήθη
1262 1545 1339 1567 σαν-

295 1580 387 1612 δάλια
411 1581 653 1623 περιδεδεμένος·
672 1581 811 1628 ἐφαίνετο
828 1581 861 1613 δὲ
878 1582 1025 1614 οὐδέποτε
1041 1583 1090 1614 ἐπὶ
1109 1583 1252 1614 πλεῖστον
1270 1582 1340 1623 χρό-

295 1639 345 1659 νον
374 1627 447 1660 οὗτε
472 1627 644 1670 ἀρρωστῶν
674 1628 710 1659 τὸ
743 1630 855 1669 σῶμα,
874 1627 946 1660 οὔτε
970 1629 1262 1670 ταλαιπωρούμενος
1284 1629 1338 1666 τήν

296 1676 418 1716 ψυχήν,
435 1675 513 1707 ἀλλὰ
531 1676 567 1707 τὸ
587 1675 750 1717 λεγόμενον
774 1675 892 1715 εὐλόφῳ
915 1675 1021 1716 αὐχένι
1038 1677 1100 1713 τὴν
1109 1674 1272 1713 ἄσκησιν”
1260 1676 1338 1707 υπέ-

297 1734 388 1763 μενε,
411 1722 491 1754 καλὰ
504 1723 556 1753 καὶ
574 1722 737 1759 ἀξιέπαινα
753 1722 981 1762 πολιτεύματα,
1000 1723 1052 1754 και
1070 1723 1131 1754 ὅσα
1150 1725 1278 1754 τοιαῦτα
1296 1734 1337 1762 φι

295 1769 570 1810 λανθρωπεύματα.
594 1768 684 1801 Idem
707 1769 729 1802 l
753 1777 779 1800 c.
800 1769 849 1800 ὅτι
869 1769 886 1800 6
904 1769 1108 1805 Σαλλούστιος
1129 1770 1171 1805 εἰς
1189 1769 1259 1805 τοὺς
1279 1772 1339 1800 τῶν

296 1815 543 1856 ἐντυγχανόντων
568 1814 740 1855 ὀφθαλμοὺς
770 1812 890 1855 ἀφορῶν
917 1815 1087 1857 προέλεγεν
1109 1815 1257 1859 ἑκάστοτε
1281 1815 1335 1852 τὴν

297 1862 350 1903 βίᾳ
366 1863 575 1902 γενησομένην
603 1861 728 1902 ἑκάστῳ
749 1862 911 1899 τελευτήν·
922 1862 988 1899 τὴν
1012 1862 1044 1893 δὲ
1067 1863 1127 1893 αἰτι
1131 1873 1167 1893 αν
1186 1865 1239 1899 τῆς
1263 1873 1338 1902 προ-

297 1910 440 1965 γνώσεως
453 1908 519 1940 οὐδ’
531 1909 621 1945 αὐτὸς
634 1909 699 1949 εἶχε
712 1909 843 1949 φράζειν.
859 1907 996 1940 Καίτοι’
983 1912 1125 1949 επειρᾶτο
1145 1905 1339 1949 ἐρωτώμενος

296 1957 333 1987 τὸ
349 1956 507 1988 σκοτεινὸν
521 1959 583 1988 τῶν
602 1956 766 1996 ὀφθαλμῶν
792 1955 951 1987 αἰτιᾶσθαι
968 1957 1020 1987 καὶ
1040 1956 1196 1996 ἀχλυῶδες
1214 1956 1269 1986 καὶ
1288 1966 1339 1986 νο-

295 2006 408 2043 τισμοῦ
426 2003 559 2044 μεστόν,
575 2003 640 2034 οἶον
661 2003 711 2034 ἐπὶ
731 2003 854 2034 πένθεσι
873 2004 939 2038 ταῖς
961 2002 1067 2044 κόραις
1090 2003 1196 2038 αὐταῖς
1214 2002 1338 2043 ἐμφερό·

298 2061 398 2090 μενον.
418 2049 510 2083 Idem
525 2049 548 2082 l.
567 2058 597 2082 c.
613 2051 630 2082 6
645 2050 678 2082 δὲ
691 2049 895 2086 Σαλλούστιος
909 2049 1012 2081 οὐκέτι
1029 2053 1074 2081 τῶ
1090 2051 1258 2090 δικανικῷ,
1274 2050 1339 2081 ἀλλ’

297 2098 356 2135 ἤδη
367 2101 413 2138 τῷ
431 2101 603 2139 σοφιστικῷ
616 2097 675 2138 βίῳ
688 2099 834 2139 προσεῖχε
852 2097 904 2129 τὸν
920 2099 1002 2129 νοῦν·
1018 2082 1141 2137 ἐξέμαθε
1157 2097 1189 2128 δὲ
1204 2097 1255 2128 καὶ
1272 2108 1340 2133 τους

297 2145 463 2186 δημοσίους
484 2144 622 2180 ἅπαντας
641 2147 696 2176 τοῦ
716 2145 932 2185 Δημοσθένους
950 2144 1071 2183 λόγους.
1098 2144 1161 2177 Καὶ
1178 2144 1215 2181 δὴ
1243 2145 1340 2184 λέγειν

298 2192 337 2224 αὖ
363 2192 466 2228 ἱκανὸς
492 2192 528 2223 οὐ
559 2192 629 2227 τοὺς
652 2192 738 2227 νέους
765 2191 950 2232 μιμούμενος
977 2191 1143 2230 σοφιστάς,
1165 2190 1242 2222 ἀλλὰ
1266 2192 1341 2232 πρὸς

297 2241 350 2271 τὸν
368 2240 496 2280 ἀρχαῖον
511 2237 599 2270 τόνον
613 2241 666 2277 τῆς
683 2238 887 2296 λογογραφίας
905 2239 1127 2280 ἁμιλλώμενος.
1154 2237 1273 2277 Ἀμέλει
1287 2239 1340 2270 καὶ

296 2287 411 2327 ἔγραψε
429 2286 538 2326 λόγους
558 2286 595 2316 οὐ
613 2285 692 2317 πολύ
718 2297 747 2317 τι
771 2285 896 2317 ἐκείνων
921 2286 1136 2327 λειπομένους,
1157 2285 1343 2322 ἀνυπόδετος

298 2333 424 2373 περιιὼν
441 2332 496 2370 τὴν
514 2332 713 2372 οἰκουμένην,
731 2333 771 2367 ὡς
787 2335 878 2371 φῆναι
893 2331 1004 2370 λόγοι,
1022 2330 1161 2362 ἅπασαν.
1167 2329 1260 2371 -(2)
1273 2330 1342 2363 Sui-

298 2379 357 2410 das
372 2387 404 2409 v.
431 2378 635 2414 Σαλλούστιος
652 2377 724 2408 sic:
743 2378 952 2415 Σαλλούστιος
968 2376 1151 2418 φιλόσοφος,
1167 2376 1199 2412 ὃς
1215 2375 1270 2418 ἔφη
1290 2377 1340 2408 ἀν·

300 2426 430 2467 θρώποις
462 2436 499 2456 ου
528 2424 632 2467 ῥᾴδιον
658 2424 734 2456 εἶναι
763 2425 936 2464 φιλοσοφεῖν
956 2424 1022 2456 ἀλλ’
1040 2424 1209 2456 ἀδύνατον·
1234 2427 1340 2455 τοῦτον

299 2474 434 2509 ἀκούσας
448 2472 603 2508 ἆπέστυξα
621 2472 674 2503 τὸν
686 2472 795 2512 λόγον,
812 2473 853 2507 ὡς
871 2471 940 2502 οὔτε
964 2471 1060 2508 ἀληθῆ
1077 2471 1253 2527 λεγόμενον,
1269 2470 1339 2502 οὕτε

300 2521 440 2558 λέγεσθαι
458 2519 555 2555 ἄξιον.
581 2517 673 2551 ’Ἀλλὰ
690 2519 749 2560 γὰρ
769 2520 786 2550 6
804 2519 1007 2554 Σαλλούστιος
1025 2518 1079 2558 ᾖδε
1067 2530 1109 2558 ει,
1133 2518 1168 2550 τὸ
1197 2518 1270 2559 ἐμὸν
1295 2519 1339 2549 εἰ·

298 2570 385 2599 πεῖν·
404 2566 441 2598 οὐ
456 2566 515 2607 γὰρ
532 2567 560 2598 δι
563 2566 708 2603 εὸέὸλητο
728 2566 801 2605 πρὸς
820 2565 1000 2606 φιλοσοφίαν
1018 2566 1141 2604 ἁπλῶς,
1157 2565 1234 2597 ἀλλὰ.
1250 2564 1337 2606 φύσει

301 2613 514 2655 μισάνθρωπος
539 2613 594 2653 ἦν,
625 2612 706 2643 κατὰ
731 2612 784 2644 τὸν
810 2612 1006 2653 Ἡράκλειτον
1036 2589 1267 2653 ὁχλολίιίδορος,
1286 2612 1338 2643 καὶ

300 2664 395 2692 πᾶσιν
411 2661 584 2699 ἐπιθέμενος
607 2662 670 2695 τοῖς
695 2657 924 2700 ἁμαρτάνουσι,
944 2659 996 2690 καὶ
1015 2660 1160 2691 ὁπωσοῦν
1178 2659 1214 2690 ἐκ
1237 2659 1339 2696 πάσης

303 2706 482 2748 προφάσεως
503 2706 639 2746 ἐλέγχων
659 2705 807 2741 ἑκάστους
832 2706 885 2737 καὶ
910 2706 1138 2746 διακωμῳδῶν·
1164 2705 1260 2737 ἐνίοτε
1286 2705 1339 2745 μὲν

302 2752 502 2794 σπουδάζων,
517 2753 557 2783 τὰ
574 2752 606 2783 δὲ
624 2751 723 2783 πολλὰ
742 2754 787 2791 τῷ
810 2752 921 2792 γελοίῳ
942 2751 1057 2793 χαίρων
1085 2752 1150 2789 ἤθει
1177 2753 1229 2783 καὶ
1250 2753 1339 2792 φιλο-

302 2800 477 2840 σκώμμονι.
495 2799 556 2831 Καὶ
574 2799 632 2839 γὰρ
646 2798 682 2837 ἧν
700 2799 717 2829 ό
736 2798 940 2834 Σαλλούστιος
956 2798 1139 2840 εὐτράπελος
1155 2801 1268 2837 ἱκανῶς
1288 2800 1340 2830 καὶ

300 2847 457 2878 σκώπτειν
481 2844 685 2885 εὐφυέστατός
707 2855 740 2876 τε
759 2845 811 2875 καὶ
831 2844 1087 2885 προχειρότατος,
1108 2846 1267 2886 ἐξαιρέτως
1285 2846 1340 2886 μὲν

299 2894 380 2934 ἔχων
397 2891 506 2930 αὑτός,
523 2892 559 2923 ἐκ
574 2893 679 2931 γένους
694 2891 726 2922 δὲ
743 2891 827 2931 ὅμως
842 2893 896 2928 τὰς
914 2903 961 2923 τοι
953 2893 1056 2928 ιαύτας
1072 2892 1209 2933 χάριτας.
1227 2894 1265 2925 Ο
1284 2896 1372 2936 γάρ

299 2951 349 2971 τοι
364 2938 508 2979 πέμπτην
530 2938 640 2979 ἀρετὴν
660 2937 818 2978 ὀνομάσας
843 2939 896 2975 τὴν
922 2939 990 2980 περι
1008 2941 1084 2970 θεῶν
1109 2939 1196 2974 δόξαν
1224 2940 1339 2981 ἀληθῆ,

300 2988 455 3019 δοκοῦσαν
471 2984 581 3017 ἐνειναί
596 2995 673 3017 ποτε
691 2986 754 3020 τοῖς
772 2986 1000 3026 πονηροτάτοις,
1020 2986 1224 3022 Σαλλούστιός
1244 2987 1339 3019 totu.

299 3033 368 3065 Ἔτι
385 3031 418 3064 δὲ
430 3031 506 3073 πρὸς
519 3031 615 3068 ἐνίους
631 3035 693 3063 τῶν
713 3031 890 3071 ἀλλοφύλων
907 3032 944 3063 τὰ
962 3032 1016 3071 μὲν
1034 3032 1110 3063 ἄλλα
1133 3033 1228 3063 αὐτοῦ
1247 3033 1338 3065 ἐπαι-

299 3083 425 3116 νοῦντας
436 3103 445 3119 ,
460 3079 490 3110 ἐν
504 3078 537 3110 δὲ
553 3077 637 3119 αὐτῷ
651 3077 765 3110 λείπειν
781 3078 940 3120 εἰρηκότας
953 3103 960 3118 ,
978 3079 1020 3119 μὴ
1034 3079 1164 3115 δοξάζειν
1180 3081 1247 3120 περὶ
1262 3080 1338 3111 θεῶν

298 3130 338 3160 τὰ
353 3127 433 3160 αὐτὰ
453 3131 519 3164 τοῖς
538 3127 679 3163 πολλοῖς·
699 3127 787 3167 ἐᾶτε,
805 3127 881 3167 ἔφη,
901 3127 993 3159 τοῦτό
1010 3138 1046 3167 γε
1066 3127 1117 3159 διὰ
1133 3128 1187 3165 τὴν
1205 3128 1338 3168 Νέμεσιν

300 3175 459 3218 προσεῖναί
489 3183 558 3215 μοι·
583 3178 627 3216 τῷ
654 3174 686 3206 δὲ
707 3175 905 3216 Παμπρεπίῳ
925 3176 1071 3215 μέγιστον
1099 3176 1156 3213 ἤδη
1179 3176 1338 3217 δυναμένῳ

301 3222 450 3264 ἐντυχών,
470 3222 577 3260 ἐπειδὴ
591 3222 704 3257 ἐκεῖνος
719 3221 970 3263 ὡραϊζόμενος,τί
984 3222 1046 3253 θεοὶ
1059 3222 1134 3263 πρὸς
1150 3223 1338 3263 ἀνθρώπους,

301 3269 375 3310 ἔφης
393 3268 438 3305 τίς
455 3268 505 3309 δέ,
524 3267 579 3308 ἔφη
591 3291 600 3306 ,
621 3267 678 3299 οὐκ
697 3267 796 3307 οἶδεν,
815 3269 856 3303 ὡς
880 3267 939 3299 οὐκ
955 3268 1016 3307 ἐγὼ
1037 3268 1165 3299 πώποτε
1183 3268 1248 3305 θεὸς
1272 3269 1338 3308 ἐγε·

301 3318 417 3356 νόμην,
436 3315 507 3347 οὔτε
526 3315 565 3347 σὺ
587 3314 762 3355 ἄνθρωποςς
782 3316 889 3346 Ταῦτα
907 3315 976 3356 περὶ
1000 3314 1219 3347 Σαλλουστίου.
1242 3318 1337 3348 Κυνι-

301 3364 434 3403 κώτερον
453 3362 485 3394 δὲ
506 3361 690 3402 ἐφιλοσόφει.
706 3378 748 3385 —
769 3361 815 3403 (3)
843 3361 958 3394 Suidas
988 3363 1170 3403 ν.·ἀπῆγεν
1199 3364 1335 3396 Σαλλού-

301 3422 383 3447 στιος
402 3409 467 3441 sic:
486 3409 586 3446 Οὗτος
602 3410 643 3446 εἷς
659 3407 879 3450 Ἀλεξάνδρειαν
902 3409 976 3449 ἧκεν
998 3408 1158 3448 Ἀθήνηθεν
1180 3410 1236 3442 σὺν
1260 3413 1335 3443 ’Io-va

1342 3474 1393 3510 28

1402 707 1491 745 dori
1515 707 1567 758 (ι)
1588 716 1627 745 et
1647 706 1787 746 Suidas
1807 721 1844 746 v.
1869 707 2106 754 Σαλλούστιος
2134 707 2186 758 (2)
2209 708 2343 758 ἀπῆγεν
2357 708 2435 759 ,(3),

1402 765 1630 818 Ἀθηνόδωρος
1651 766 1719 819 (4),
1726 765 1862 848 ’,Ζῆνων
1880 767 1930 818 (5)
1960 776 2000 810 vet
2030 768 2268 844 Μαρκελλῖνος
2283 766 2378 822 (6))
2379 774 2438 805 te—

1400 885 1631 935 acerrimum
1665 872 1853 933 vitiorum
1885 870 2225 942 replehensorem
2237 892 2276 923 et
2291 883 2434 939 ,plebis

1400 944 1667 991 insectatorem
1700 944 1832 984 fuisse.
1859 942 2032 982 Eundem
2064 943 2181 989 refert
2213 925 2439 1011 Simplicius

1402 1004 1443 1041 in
1460 1003 1730 1055 Epictetum(7
1734 1003 1746 1054 )
1780 1015 1868 1054 pag.
1891 1016 1941 1052 90
1978 1015 2046 1041 sua
2077 1003 2265 1040 memoria
2289 1001 2436 1040 mirum

1402 1062 1615 1100 tolerantiae
1659 1062 1930 1111 documentum
1974 1061 2140 1099 dedisse.
2174 1060 2270 1107 Nam
2305 1059 2438 1106 vivum

1401 1120 1607 1158 carbonem
1628 1110 1733 1158 nudo
1753 1110 1889 1158 femori
1909 1120 2138 1171 impositum
2158 1119 2331 1158 sufflasse
2349 1129 2438 1170 per-7

1401 1179 1571 1229 hibetur,
1593 1179 1809 1231 periculum
1828 1179 2020 1226 facturus,
2043 1191 2159 1229 quam
2176 1177 2245 1216 diu
2265 1176 2438 1225 dolorem

1403 1239 1552 1293 perpeti
1573 1247 1713 1290 posset.
1727 1238 1821 1293 Quae
1841 1238 1973 1307 omnia
1989 1246 2033 1276 ut
2052 1237 2202 1289 Cynico
2216 1244 2306 1288 apta
2315 1244 2413 1282 sssunt
2429 1250 2438 1275 :

1400 1350 1492 1390 δώρῳ
1515 1352 1560 1390 τῷ
1586 1349 1760 1390 φιλοσόφῳ.
1783 1349 1981 1390 Παράδοξος
1992 1349 2024 1380 δὲ
2056 1349 2074 1380 6
2085 1348 2210 1404 τρόπος
2233 1348 2444 1406 ’Σαλλοῗυστίου
2492 1371 2500 1382 ι

1403 1399 1500 1428 πᾶσιν
1512 1396 1702 1436 ἀνθρώποις,
1714 1396 1753 1427 τὰ
1771 1395 1825 1435 μὲν
1838 1383 2076 1436 φιλοσοφοῦντος
2091 1391 2146 1427 ἐπὶ
2156 1394 2192 1426 τὸ
2204 1394 2442 1438 καρτερώτερον,

1400 1442 1440 1473 τὰ
1458 1442 1490 1473 δὲ
1506 1441 1665 1479 παίζοντος
1684 1441 1734 1472 ἐπὶ
1752 1439 1788 1472 τὸ
1801 1439 2012 1499 γελοιότερον,
2027 1440 2173 1497 ἐκάτερον
2191 1439 2285 1481 οἶμαι
2293 1434 2374 1486 πέρα
2386 1443 2442 1473 τοῦ

1402 1488 1538 1529 μετρίου.
1565 1489 1626 1520 Καὶ
1652 1488 1701 1519 δεῖ
1729 1487 1860 1528 κρίσεως
1878 1486 1967 1528 ε’ἰπερ
1990 1485 2047 1518 τινὶ
2073 1487 2179 1529 ἄλλο),
2194 1487 2294 1528 τῷδε’
2300 1488 2359 1528 τῷ
2369 1487 2441 1529 βίῳ.

1409 1535 1471 1566 Καὶ
1488 1534 1525 1571 δὴ
1548 1534 1753 1569 Σαλλούστιος
1769 1533 1809 1565 τὰ
1832 1534 1886 1574 μὲν
1909 1533 2058 1574 πατρόθεν
2082 1534 2206 1575 ὥρμητο
2225 1534 2289 1567 ἀπὸ
2305 1535 2443 1576 Συρίσίς,

1402 1580 1441 1611 τὰ
1461 1580 1494 1612 δὲ
1512 1583 1588 1625 πρὸς
1606 1580 1718 1622 μητρὸς
1743 1578 1913 1623 Ἐμεσηνδς
1944 1579 2108 1625 ἐγεγόνει.
2123 1580 2162 1612 Ὁ
2134 1581 2285 1623 Οπατήρ
2307 1580 2348 1612 δὲ
2348 1580 2442 1622 αὐτῷ

1404 1622 1569 1664 Βασιλίδης
1591 1628 1787 1668 ὠνομάζετο,
1801 1628 1955 1659 Θεόκλεια
1975 1621 2040 1665 δὲῆ
2056 1628 2166 1668 μήτηρ.
2189 1620 2313 1668 Εὐφυὴς
2339 1627 2370 1660 δὲ
2391 1628 2442 1660 ἐπὶ

1401 1675 1502 1706 πολλὰ
1517 1669 1677 1714 γῦεγονὼς
1671 1674 1724 1705 καὶ
1741 1673 1776 1705 τὸ
1796 1664 1872 1713 ἦθος
1889 1664 2042 1715 αὐστηρὸς
2065 1674 2118 1705 καὶ
2134 1673 2309 1715 φιλότιμος,
2325 1674 2366 1706 τὰ
2388 1674 2443 1715 μὲν

1401 1724 1510 1762 πρῶτα
1524 1721 1649 1753 ἔὸλεπεν
1668 1722 1710 1757 εἰς
1714 1721 1778 1759 τὴν
1794 1720 1989 1761 πολυάρατον
2006 1720 2185 1760 δικανικήν,
2198 1721 2251 1753 καί
2264 1721 2442 1754 ἐπαιδεύετο

1400 1769 1501 1808 λόγοις
1530 1769 1700 1809 ῥητορικοῖς
1730 1768 1791 1800 ὑπὸ
1823 1767 1947 1808 Εὐνοΐῳ
1982 1771 2114 1808 σοφιστῇ
2126 1791 2135 1808 ,
2165 1767 2258 1800 τότε
2269 1768 2335 1800 ὄντι
2362 1767 2446 1800 κατὰ

1401 1813 1557 1856 Ἐμεσαν·
1567 1814 1694 1854 ὕστερον
1711 1813 1744 1846 δὲ
1760 1814 1862 1857 οὐκέτι
1884 1810 2057 1857 δικανικῷ,
2059 1814 2124 1856 ἀλλ’
2136 1815 2196 1854 ΙΙιδη
2209 1818 2257 1858 τῷ
2272 1819 2443 1860 σοφιστικῷ

1403 1861 1463 1902 βίῳ
1476 1863 1627 1902 προσεῖχε
1640 1861 1692 1892 τὸν
1704 1861 1794 1900 νοῦν,
1800 1854 1864 1907 καὶ
1883 1861 1931 1892 ἐπὶ
1951 1861 2052 1918 τούτῳ
2066 1861 2227 1914 διεμελέτα
2239 1863 2310 1899 τοὺς
2320 1862 2440 1921 λόγους,

1402 1907 1489 1939 οὐδὲν
1506 1907 1598 1946 ἦττον
1616 1911 1670 1946 τῆς
1691 1906 1810 1950 φύσεως
1828 1904 1878 1939 ἐπὶ
1895 1905 1959 1943 τοις
1985 1908 2092 1944 πόνοις
2106 1903 2359 1950 θαυμαζόμενος·
2371 1909 2444 1949 ’τοὺς

1404 1957 1457 1995 μὲν
1487 1955 1546 1996 γὰρ
1574 1954 1743 1994 δημοσίους
1773 1957 1828 1985 τοῦ
1859 1954 2072 1996 Δημοσθένους
2097 1954 2205 1995 λόγους
2230 1955 2309 1996 ὁμοῦ
2330 1955 2446 1993 πάντας

1402 2004 1558 2044 ἐξέμαθεν·
1583 2002 1661 2034 ἀλλὰ
1687 2002 1762 2044 πρὸς
1789 2003 1889 2043 τούτῳ
1911 2003 1963 2034 καὶ
1988 2003 2086 2042 λέγειν
2112 2003 2150 2043 ἦν
2176 2003 2303 2042 ἱκανός,
2319 2003 2357 2036 οὺ
2375 2004 2446 2040 τοὺς

1403 2050 1568 2091 νεωτέρους
1592 2049 1816 2091 ἐκμιμούμενος
1842 2049 2010 2090 σοφιστάς,
2037 2049 2130 2092 ἀλλὰΙ
2145 2049 2224 2090 πρὸς·
2240 2049 2297 2093 ,τὸν
2314 2049 2446 2092 ᾄρχαῖον

1403 2097 1490 2128 πίνον
1506 2101 1560 2135 τῆς
1575 2096 1779 2137 λογογραφίας
1795 2097 2019 2137 ἁμιλλώμενος.
2043 2095 2161 2136 Ἀμέλει
2173 2093 2232 2128 Δκιιιὶ
2249 2095 2365 2138 ἔγραψε
2375 2097 2444 2134 τοὺς

1402 2144 1512 2184 λόγους
1525 2169 1532 2183 ,
1552 2144 1588 2176 οὐ
1610 2144 1688 2176 πολύ
1708 2155 1736 2175 τι
1760 2144 1885 2176 ἐκείνων
1905 2138 2231 2185 ἐκλειπομένους.”Τὸν
2247 2145 2280 2177 δὲ
2297 2135 2444 2188 ἡμέτερον

1402 2191 1530 2229 πολίτην
1546 2191 1726 2232 Μάρκελλον
1737 2215 1746 2231 ,
1764 2189 1885 2232 ἑταῖρον
1901 2195 1956 2224 τοῦ
1972 2192 2123 2232 Εὐνοΐου,
2138 2191 2192 2224 καὶ
2215 2190 2325 2225 τοῦτον
2342 2193 2443 2234 ἐκμαὲ·

1367 2238 1496 2271 θόντα
1515 2238 1570 2278 μὲν
1598 2238 1835 2280 ἀπεμνημόνευε
1861 2239 1900 2270 τὰ
1930 2239 2016 2271 ὀκτὼ
2042 2239 2147 2280 βιὸλία
2169 2238 2223 2278 τῆς
2238 2238 2445 2273 ’Θουκυδίδου

1403 2285 1537 2326 ἱστορίας
1548 2310 1557 2325 ‚
1572 2285 1608 2317 οὐ
1627 2286 1681 2326 μέν
1697 2296 1726 2317 τι
1742 2286 1794 2316 καὶ
1811 2286 1941 2326 λέγοντα
1963 2285 2047 2322 ἄξιον
2062 2286 2158 2324 ἀκοῆς
2170 2295 2178 2302 ·
2196 2286 2249 2318 καὶ
2271 2286 2390 2319 Νόννον
2412 2288 2446 2320 δέ

1401 2343 1494 2372 φασιν
1513 2332 1686 2372 ἐκμαθόντα
1699 2331 1799 2368 ἑξάκις
1812 2332 1882 2363 ὅλον
1897 2332 1950 2364 τὸν
1967 2327 2165 2372 Δημοσθένην
2177 2354 2186 2371 ,
2201 2331 2278 2372 μήδὲ
2293 2327 2393 2375 διᾶραι
2409 2334 2444 2366 τὸ

1402 2379 1506 2420 στόμα
1524 2380 1675 2411 δύνασθαι
1693 2379 1768 2419 πρός
1783 2389 1819 2419 γε
1842 2379 1944 2419 λόγων
1967 2379 2113 2411 ἐπιεικῶν
2140 2380 2296 2412 σύνθεσιν.
2318 2381 2374 2413 Οὔ
2385 2381 2444 2424 γάρ

1402 2428 1468 2460 ἐστι
1485 2427 1597 2460 ταύτὸν
1618 2427 1662 2464 εἰς
1680 2427 1795 2465 πλῆθος
1811 2426 2027 2464 ἀποστηθίζειν
2041 2426 2094 2458 καὶ
2113 2425 2238 2468 γράφειν
2255 2427 2298 2464 εἰς
2318 2426 2442 2465 κάλλος.

1413 2475 1497 2507 Οδὲ
1524 2475 1727 2510 Σαλλούστιος
1754 2474 1916 2515 ἁδρότερον
1945 2473 2004 2511 ἤδη
2039 2472 2213 2514 ἁπτόμενος
2234 2476 2289 2513 τῆς
2314 2475 2443 2516 τέχνης,

1402 2522 1517 2554 ἐλάττω
1535 2522 1556 2561 ἢ
1583 2521 1655 2554 καθ’
1672 2521 1783 2553 ἑαυτὸν
1807 2520 1974 2552 ὑπολαὸὼν
2000 2520 2058 2552 τὸν
2085 2519 2236 2558 Εὗνόῑον,
2264 2520 2381 2562 ἀπῆρεν
2401 2523 2444 2559 εἰς

1406 2567 1627 2609 Ἀλεξάνδρειαν
1643 2569 1696 2599 καὶ
1713 2568 1899 2608 ἀπεπειρᾶτο
1911 2570 1974 2599 τῶν
1995 2569 2168 2609 ῥητορικῶν
2187 2567 2441 2600 διδασκάλων.-

1402 2616 1445 2654 (4)
1464 2614 1579 2647 Suidas
1596 2623 1629 2646 v.
1649 2614 1852 2655 Ἀθηνόδωρος
1871 2627 1879 2646 ι
1900 2614 1947 2645 ὅτι
1965 2617 2011 2655 τῷ
2035 2612 2238 2656 Ἀθηνοδώρῳ
2261 2615 2364 2647 πάντα
2378 2627 2443 2647 πα·-

1403 2661 1595 2702 ρεσκεύαστο
1617 2660 1692 2702 πρὸς
1708 2659 1888 2700 φιλοσοφίαν
1900 2684 1909 2699 ,
1922 2660 1962 2691 τά
1981 2670 2014 2691 τε
2035 2659 2098 2691 ἀπὸ
2110 2660 2231 2700 φύσεως
2245 2660 2298 2692 καὶ
2323 2660 2362 2692 τὰ
2381 2661 2443 2694 ἀπὸ

1403 2712 1456 2747 τῆς
1475 2709 1627 2745 ἐπιεικοῦς
1646 2707 1852 2749 προαιρέσεως
1864 2731 1873 2747 ,
1888 2707 1935 2739 ὅτι
1954 2706 2093 2748 Πρόκλος
2115 2706 2183 2746 ἔζη,
2204 2707 2261 2739 καὶ
2289 2707 2443 2749 διαφανῶς

1403 2756 1542 2796 ἐξηγεῖτο
1567 2758 1630 2792 τοῖς
1660 2754 1894 2793 πλησιάζουσιν.
1923 2754 1982 2786 Ὃν
2001 2755 2018 2785 ὁ
2047 2751 2252 2791 Σαλλούστιος
2280 2755 2444 2796 θαυμάζων

1403 2803 1452 2835 ἐπὶ
1470 2804 1592 2844 σπουδῇ
1612 2802 1714 2842 ἔλεγεν
1724 2826 1733 2841 ,
1747 2803 1794 2834 ὅτι
1813 2802 1884 2843 πυρὶ
1901 2802 1962 2842 ἄρα
1974 2801 2066 2843 ἐῴκει
2079 2802 2097 2832 6
2112 2801 2269 2842 ἄνθρωπος
2285 2802 2443 2838 ἐξάπτοντι

1403 2849 1503 2881 πάντα
1519 2850 1558 2882 τὰ
1577 2849 1799 2891 παρακείμενα.
1826 2847 1905 2881 Ἀλλ’
1920 2848 2004 2888 ὅμως
2031 2847 2152 2879 ἔπεισεν
2174 2847 2380 2890 Ἀθηνόδωρον
2399 2851 2442 2891 μὴ

1405 2897 1626 2938 φιλοσοφῆσαι.
1642 2913 1683 2919 -
1699 2895 1746 2937 (5)
1762 2894 1878 2927 Suidas
1891 2903 1925 2926 v.
1952 2894 2060 2932 Ζήνων
2084 2893 2301 2936 Ἀλεξανδρεύς.
2319 2893 2383 2927 Ἦν
2409 2897 2443 2928 δὲ

1403 2945 1454 2976 καὶ
1474 2944 1571 2986 ἕτερος
1587 2944 1692 2980 Ζήνων
1708 2946 1763 2975 τοῦ
1781 2943 1924 2983 Πρόκλου
1942 2943 2061 2983 ἑταῖρος
2076 2941 2157 2973 κατὰ
2179 2942 2233 2974 τὸν
2249 2942 2379 2984 χρόνον,
2396 2947 2442 2985 τῷ

1405 2991 1459 3031 μὲν
1475 2992 1556 3032 γένει
1572 2990 1792 3033 Περγαμηνός,
1806 2992 1844 3031 τῇ
1859 2989 1892 3021 δὲ
1909 2989 1998 3031 φύσει
2016 2989 2069 3021 καὶ
2085 2989 2176 3025 αὐτὸς
2199 2989 2387 3031 ἐνδεέστερος
2403 2991 2443 3022 τά

1403 3050 1438 3078 γε
1456 3039 1530 3080 πρὸς
1550 3039 1740 3079 ἐπιστήμην,
1756 3037 1893 3075 ἐπιεικὴς
1911 3037 1965 3078 δέ,
1979 3037 2032 3068 καὶ
2052 3036 2091 3068 τὰ
2114 3036 2174 3074 ἤθη
2203 3036 2440 3079 κατηρτυμένος.

1402 3085 1566 3127 Ὀπότερος
1585 3086 1616 3118 δὲ
1639 3086 1743 3118 αὐτοῖν
1759 3084 1897 3126 ἀφορμὴν
1918 3087 1956 3124 τῇ
1974 3083 2134 3116 διαστάσει
2159 3085 2334 3125 παρέσχετο
2358 3085 2439 3117 Σαλ-

1403 3132 1538 3173 λουστίῳ
1553 3132 1629 3174 πρὸς
1646 3133 1698 3164 τὸν
1716 3131 1875 3172 Πρόκλον
1895 3130 1952 3161 οὐκ
1974 3130 2038 3172 ἔχω
2054 3130 2186 3175 φράζειν.
2204 3147 2247 3155 -·
2261 3130 2308 3172 (6)
2319 3131 2439 3164 Suidas

1402 3187 1434 3211 v.
1454 3180 1674 3220 Μαρκελλινος.
1690 3174 1892 3220 Μαρκελλίνῳ
1908 3177 2043 3218 δυνάστῃ
2062 3177 2238 3218 Δαλματίας
2250 3202 2258 3218 ,
2277 3177 2344 3214 ὃς
2325 3189 2363 3217 ην
2379 3179 2439 3211 αὐ-

1404 3224 1532 3267 τόνομος
1543 3250 1552 3266 ,
1569 3226 1646 3267 μετὰ
1664 3226 1858 3263 δικαιοσύνης
1880 3224 2078 3263 ἐξηγούμενος
2100 3228 2164 3256 τῶν
2179 3224 2345 3261 ὑπηκόων·
2361 3225 2440 3266 (²1oe-

1404 3276 1458 3313 ρῆν
1489 3273 1521 3305 δὲ
1549 3274 1635 3315 αὐτῷ
1663 3273 1717 3305 καὶ
1736 3272 1881 3314 φρόνησις
1909 3272 2020 3310 ἱκανή,
2040 3271 2210 3311 πολίτευμα
2235 3270 2291 3303 κηἰὶ
2317 3270 2440 3314 ἀνδρεία

1403 3320 1568 3359 θαυμαστὴ
1586 3320 1812 3361 μεμελετηκυῖα
1829 3318 1866 3350 τὰ
1878 3318 1954 3359 πρὸς
1968 3317 2115 3359 πόλεμον)
2127 3316 2222 3356 συνῆν
2233 3317 2438 3356 Σαλλούστιος

1401 3374 1418 3396 o
1441 3367 1620 3407 φιλόσοφος.
1637 3364 1934 3407 -(7)’“8ἰιιιρ1ἰοῐιιε
1966 3365 2091 3397 comm.
2112 3363 2146 3396 in
2173 3363 2278 3405 Epict.
2307 3364 2436 3398 Euchir.

1400 3420 1473 3452 pagi
1496 3416 1536 3444 90
1569 3413 1621 3445 ed.
1652 3409 1789 3444 salmas.
1806 3412 1869 3443 ’τὸν
1896 3409 1940 3451 ἐφ’
1960 3413 2051 3452 ἡμῶν
2076 3410 2285 3452 Σαλούστιον,
2304 3410 2439 3453 ἄνθρακα
