2508 3776
151 219 237 266 ’καθ’
253 219 334 266 &ov
354 220 437 275 μὲν]
465 223 552 264 cod.
570 226 719 266 καθόσον
746 226 826 279 μὲν.
851 229 931 260 ——d
962 231 1039 270 καθ’
1057 231 1137 274 ὅσον
1172 234 1209 274 δὲ

78 286 106 299 ”
127 322 130 326 ,
151 280 387 334 mut]
422 281 511 323 cod.
535 283 686 324 καθόσον
710 284 746 325 δὲ
774 287 1005 331 ἐναντιοῦται.
1023 314 1077 321 —
1092 297 1106 316 ⁰
1125 296 1212 346 φαῦ-

74 354 79 375 ε
100 367 106 396 7
139 338 237 393 ζμ]
250 340 339 382 cod.
358 341 503 394 φαύλαι.
527 364 582 374 -—
604 345 798 385 Caeterum
829 349 1019 401 quinque,
1047 365 1132 404 quae
1148 366 1209 392 se-

70 403 344 459 ‘'g-:Quum
377 403 505 455 capita
530 405 613 444 sive
652 406 868 446 Andronici
902 408 1029 460 ipsius
1057 411 1140 450 sive
1169 412 1210 450 li-

11 509 15 512 ·
40 505 46 507 ‚
72 456 378 509 gez-'²ffinriorum
407 476 544 502 errore
576 474 821 519 praepostero
853 467 995 506 ordine
1025 469 1210 510 videntur

48 538 54 543 ·
119 506 362 577 §hempta
397 520 542 562 Rerum
579 533 706 564 autem
730 526 780 564 *in
818 526 1054 567 Aristotelen
1089 543 1208 581 opere

92 578 384 631 1,τρ“.ῃ,·.(ιῑηηοιηι,
421 583 544 625 series
567 597 590 623 e
634 586 808 626 numeris
842 587 1030 639 appositis
1061 589 1206 629 intelli-

150 645 278 689 8⁰⁸⁰?-

85 730 94 738 '⁵
541 755 618 797 κε.
659 754 706 809 β’.
741 754 814 811 [··].

63 859 88 890 :ss
149 861 226 899 Ὅτι
246 862 308 905 οῦκ
326 864 415 900 ἔστιν
431 864 600 908 cuparum
623 866 660 898 τὸ
679 866 789 906 ἁπλῶς
807 867 950 910 ἐμμένειν
971 871 1034 907 τοῖς
1051 869 1205 912 δεδογμέ-

59 921 62 925 ·
95 927 111 932 -·
642 924 722 950 νοις.

79 1054 89 1064 4,,
107 1055 110 1059 .
198 1016 220 1038 '
238 1016 397 1062 Εῗτοότό
413 1023 506 1063 ἐστιν
523 1021 729 1077 ἐγκράτεια,
740 1022 782 1063 τὸ
793 1023 957 1076 ἐμμένειν
982 1025 1081 1082 πάσῃ
1101 1027 1200 1082 δόξῃ,

63 1076 248 1142 ἱἶιιται
265 1079 327 1120 καὶ
352 1081 470 1134 φαύλη
499 1082 707 1136 ἐγκράτεια,
737 1083 822 1123 ὅταν
844 1083 982 1140 ἐμμένῃ
1011 1102 1062 1132 τις
1081 1089 1202 1142 ψευδεῖ

145 1136 249 1192 δόξῃ·
270 1139 363 1181 ἀλλὰ
379 1141 455 1195 ,μὴν
474 1142 657 1183 ὖπόκειται
690 1143 872 1184 ἐπαινετὸν
905 1144 967 1184 καὶ
997 1148 1126 1200 ἀγαθὸν
1147 1142 1203 1188 εἶ-

65 1223 85 1248 4
144 1210 203 1238 ναι
223 1198 356 1248 αὖτήν·
375 1203 440 1242 οὐκ
465 1202 535 1255 ἄρα
565 1202 607 1242 τὸ
628 1202 793 1256 ἐμμένειν
822 1203 946 1250 ἅπλῶς
973 1208 1020 1260 τῇ
1039 1206 1201 1261 παρούσῃ

145 1254 229 1312 δόξῃ
247 1259 434 1314 ἐγκράτειά
453 1263 559 1302 ἐστιν.

74 1341 87 1375 3
148 1335 162 1358 ¹.
197 1315 242 1342 *¹
255 1317 412 1372 Ὁμοίως
431 1320 469 1360 δὲ
487 1321 549 1361 καὶ
567 1324 592 1370 ἡ
613 1322 767 1376 ἀκρασία
785 1324 825 1362 οὗ
843 1328 944 1363 πᾶσα
961 1323 1079 1380 φαύλη
1100 1325 1201 1366 ἔσται

142 1375 205 1417 καὶ
232 1379 392 1433 ‹ptum-6,
413 1379 506 1420 ἀλλὰ
537 1380 599 1421 καὶ
624 1381 762 1435 ἀγαθή,
793 1383 878 1422 ὅταν
903 1382 954 1435 μὴ
983 1385 1119 1439 ἐμμένῃ
1152 1402 1203 1432 τις

75 1435 77 1438 ⁴
143 1436 191 1490 τῇ
209 1438 332 1494 ψευδεῖ
353 1439 454 1494 δόξῃ·
488 1439 610 1495 ὥσπερ
634 1445 653 1482 6
675 1442 924 1493 Νεοπτόλεμος
955 1444 1107 1489 πεισθεὶς
1133 1446 1202 1486 ὑπὸ

102 1493 105 1497 ’
143 1498 204 1536 τοῦ
230 1497 433 1545 Ὀδυσσέως
456 1500 678 1554 ψεύσασθαι,
700 1503 762 1541 καὶ
791 1501 842 1553 μὴ
866 1503 1035 1554 ἐμμείνας
1054 1508 1098 1553 τῆ
1119 1505 1200 1555 δόξη

143 1555 238 1598 ἄλλα
256 1545 477 1608 ἆῖηθεύσας·
498 1558 522 1608 ἢ
544 1563 575 1599 εἴ
593 1576 646 1605 τις
664 1565 679 1584 ³
701 1561 896 1610 ἀπατηθεὶς
918 1561 986 1601 ὕπὸ
1005 1566 1067 1602 τοῦ
1082 1549 1198 1618 Ιπροσ.-

142 1614 397 1669 διαλιγομένου
429 1619 492 1658 καὶ
518 1619 668 1666 δοξάσας
700 1621 841 1674 ψευδῆ,
867 1622 931 1661 οὐκ
958 1623 1103 1674 ἐμμένει
1130 1630 1200 1670 τοῖς

47 1671 97 1723 ’ᾖξ’
140 1674 387 1731 wendilam·
408 1679 448 1717 οὗ
462 1678 532 1733 γὰρ
550 1679 698 1734 ψέγεται
716 1682 735 1719 6
754 1684 927 1726 τοιοῦτος·
948 1683 967 1720 6
987 1681 1023 1720 δὲ
1044 1683 1199 1737 ἀκρατὴς

117 1736 316 1790 *ψῆτταν
337 1739 401 1778 οὐκ
437 1737 508 1792 ἄρα
542 1740 561 1777 6
589 1738 818 1791 ἐμμενετικὸς
841 1742 886 1794 τῇ
915 1739 995 1794 δόξῃ
1029 1742 1199 1797 ἐγκρατής

36 1803 63 1853 ’λ’
82 1791 101 1842 '4
140 1794 259 1845 ἔστιν,
282 1795 362 1836 οὗδὲ
378 1799 398 1838 6
413 1799 477 1846 τῆς
501 1796 602 1847 δόξης
621 1799 827 1844 ἐκστατικὸς
853 1800 1010 1853 ἀκρατής
1023 1816 1032 1825 ·
1053 1801 1142 1847 ὅλως
1163 1802 1198 1842 δὲ

48 1896 50 1899 ,
82 1859 83 1862 ’
140 1855 300 1911 &pantu
321 1856 414 1909 μετὰ
445 1858 642 1912 ἀφροσύνης
678 1859 867 1910 συμὸαίνει
888 1860 999 1914 ἀρετὴ
1027 1854 1135 1911 εἶναι,
1168 1864 1197 1902 εἷ

50 1906 70 1941 ‘-
139 1916 244 1958 τοῦτό
265 1917 362 1958 ἔστιν
383 1918 541 1973 ἀκρασία
561 1918 602 1959 τὸ
625 1919 829 1965 ἐξίστασθαι
852 1923 915 1969 τῆς
935 1919 1038 1970 δόξης
1055 1922 1116 1961 καὶ
1138 1921 1187 1974 μὴ

138 1975 305 2031 Eppium)
325 1983 397 2024 τοῖς
419 1979 577 2019 δοκοῦσιν
599 1980 757 2032 ἀγαθοῖς·
784 1981 814 2019 εἷ
831 1980 899 2035 γάρ
925 1997 976 2028 τις
997 1981 1064 2022 ὑπὸ
1084 1985 1194 2037 ἀφρο-

138 2038 246 2087 σύνης
266 2039 393 2093 νομίζῃ
426 2053 446 2077 ο
476 2039 542 2088 τὴν
560 2040 755 2079 ἀκολασίαν
781 2041 935 2094 ἀγαθόν,
961 2042 1011 2094 μὴ
1045 2043 1194 2096 ἐμμείνῃ

39 2086 67 2100 ⁸
138 2096 177 2139 δὶ
207 2099 546 2152 τοῑςδεδογμένοις,
570 2099 671 2139 ἔσται
690 2099 856 2154 σώφρων·
884 2101 944 2140 καὶ
965 2102 1074 2147 οὕτως
1096 2103 1194 2143 ἔσται

137 2159 157 2197 6
177 2157 336 2212 ἄκραι-ἧς
352 2159 562 2208 σπουδαῖος,
584 2159 673 2213 ὅπερ
696 2159 772 2199 ἐστὶ
791 2165 807 2184 ⁰
823 2161 949 2214 ψεῦδος
962 2177 970 2186 ·
984 2161 1112 2217 ψεκτὸν
1127 2163 1195 2217 γὰρ

42 2233 68 2264 .‘*
136 2217 235 2258 δοκεῖ
253 2224 365 2259 πᾶσιν
387 2222 412 2267 ἡ
433 2219 605 2274 ἀκρασία.
629 2219 738 2267 Ἔτι,
762 2221 781 2258 6
808 2221 994 2272 δυνάμενος
1027 2225 1193 2271 ἐκστῆναι

39 2267 85 2320 f*
135 2279 198 2326 τῆς
217 2277 317 2328 δόξης
335 2283 399 2320 τοῦ
428 2279 479 2332 μὴ
509 2278 704 2332 δυναμένου
728 2279 877 2333 βελτίων
900 2279 975 2319 ἐστὶ
1002 2281 1190 2326 πολλάκις·

113 2339 157 2376 ·δ
180 2337 219 2379 δὲ
252 2338 412 2394 ἀκρατὴς
447 2342 508 2379 τοῦ
529 2340 720 2393 ἐγκρατοῦς
748 2340 813 2378 οὐκ
832 2339 907 2378 ἔστι
929 2338 1077 2393 βελτίων
1092 2355 1100 2365 ·
1126 2343 1190 2382 οὐκ

134 2394 207 2452 ἄρα
225 2399 245 2438 6
265 2398 494 2450 ἰμμενιτικὸς
514 2401 558 2453 τῇ
581 2398 661 2453 δόξῃ
681 2399 854 2453 ἐγκρατής
867 2430 879 2451 ,
896 2397 974 2439 οὐδὲ
992 2401 1010 2439 6
1031 2400 1187 2440 ἔκστατι·

132 2455 194 2504 »ὃς
213 2458 385 2512 &pssmis-

51 2519 78 2565 TJ'J
185 2515 251 2542 ᾗ
264 2516 352 2559 Ὅτι
369 2517 406 2558 δὲ
421 2520 441 2558 6
455 2517 644 2571 δυνάμενος
659 2519 826 2567 ἐκστῆναι
843 2520 904 2567 τῆς
924 2517 1023 2568 δόξης
1040 2518 1188 2572 βελτίων

59 2603 64 2606 -
133 2579 197 2618 τοῦ
226 2575 523 2631 μὴδυναμίνου,
549 2579 673 2626 δῆλον·
707 2582 726 2619 6
745 2576 815 2631 γὰρ
835 2580 886 2633 τῷ
918 2580 1125 2627 ἠπατῆσθαι
1145 2578 1188 2618 τὰ

41 2637 75 2679 ,κζ
133 2638 254 2692 φαῦλα
272 2636 432 2690 διώκων,
449 2636 503 2678 ὅτι
522 2638 654 2689 νομίζει
674 2637 789 2689 ἀγαθὰ
810 2631 922 2684 εἶναι,
943 2637 1092 2691 βελτίων
1115 2638 1188 2678 ἐστὶ

39 2703 75 2750 {g
92 2700 118 2726 —¹
132 2698 194 2742 τῇῧ
213 2695 342 2742 ιῖδᾶτος
361 2697 413 2738 ὅτι
433 2698 554 2753 φαῦλα
574 2697 632 2737 καὶ
658 2696 842 2743 διώκοντος
856 2713 864 2722 ·
882 2699 901 2736 6
922 2696 985 2749 μὲν
1004 2696 1073 2750 γὰρ
1091 2699 1186 2745 ’‘im“

43 2757 77 2778 ’·
131 2755 281 2811 τημένος
301 2757 550 2810 μεταπεισθεὶς
582 2757 728 2796 δύναται
749 2757 876 2807 ἀγαθὸς
899 2757 1082 2810 γενέσθαι,
1111 2760 1130 2797 6
1150 2756 1186 2796 δὲ

133 2817 179 2856 δι’
199 2816 373 2872 ἀκρασίαν
393 2818 530 2857 διώκων
553 2817 613 2857 καὶ
635 2816 734 2862 εἰδὼς
759 2817 811 2856 ὅτι
829 2819 965 2871 φαῦλα,
984 2819 1022 2857 οὗ
1043 2816 1187 2857 δύναται

47 2888 69 2921 ἐ·
124 2865 297 2926 ἱἔκστῗὶὶναι
326 2879 398 2917 τῶν
428 2879 566 2917 κακῶν·
590 2878 665 2923 πῶς
689 2878 757 2931 γὰρ
791 2876 832 2916 ἂν
859 2877 1030 2926 ἐκσταίη,
1053 2877 1129 2916 ἐπεὶ
1148 2879 1185 2917 οὗ

37 2942 95 2963 ‘
134 2936 283 2977 δύναται
302 2940 603 2989 μεταπεισθῆναι;
626 2936 644 2976 ὃ
673 2936 741 2990 γὰρ
768 2935 839 2975 ἔδει
861 2935 1066 2990 γινώσκειν,
1088 2930 1182 2985 οἶδε,

41 3026 103 3053 ς,
131 2996 192 3038 καὶ
208 2995 310 3042 εἰδὼς
331 2996 566 3050 ἀκρατεύεται
580 3027 589 3045 ,
611 2996 672 3036 καὶ
693 2996 812 3049 ἔνοχός
836 2996 909 3035 ἐστι
927 2998 971 3049 τῇ
991 2994 1179 3050 παροιμίᾳ,

213 3093 314 3126 Ὅταν
327 3093 365 3126 τὸ
382 3093 467 3135 ὕδωρ
484 3093 581 3134 πνίγῃ
595 3117 603 3133 ,
621 3091 651 3125 τί
671 3093 721 3125 δεῖ
738 3091 907 3131 ἐπιπίνεινς

129 3241 334 3295 ἕγκρᾶτεια,
356 3242 435 3282 οῦδὲ
450 3242 491 3282 τὸ
510 3241 710 3289 ἐξίστασθαι
733 3242 904 3297 ἀκρασία.

636 136 943 182 ETHICORUM
974 143 1426 191 NICOMACHEORUM
1456 151 1845 198 PARAPHRASIS.

2244 165 2324 206 459

1678 757 1756 801 Gap.
1793 763 1823 795 ll
1854 762 1921 806 1V].

1306 849 1374 879 Non
1391 856 1457 880 csse
1470 851 1689 883 continentiam
1704 857 1881 893 simpliciter
1896 863 1924 890 in
1939 867 2086 895 sententia
2103 875 2279 904 permanere

1310 1023 1346 1057 Si
1379 1034 1456 1068 ergo
1488 1029 1648 1069 perpetua
1678 1027 1714 1061 in
1762 1029 1913 1072 qualibet
1945 1035 2109 1068 sententia
2140 1039 2325 1079 permansio

1268 1083 1469 1118 continentia
1487 1088 1539 1118 est
1551 1111 1559 1126 ‚
1579 1087 1642 1120 erit
1661 1087 1763 1122 etiam
1780 1090 1868 1124 mala
1885 1092 2104 1133 continentia,
2125 1105 2229 1138 quum
2249 1101 2326 1141 quis

1266 1141 1300 1175 in
1316 1151 1427 1176 errore
1446 1147 1637 1186 perseverat
1659 1157 1666 1178 :
1683 1148 1778 1190 atqui
1799 1148 1964 1183 laudabile
1980 1152 2139 1194 quiddam
2156 1156 2189 1187 et
2202 1155 2326 1190 bonum

1266 1211 1338 1236 esse
1357 1211 1430 1236 eam
1448 1204 1646 1238 sententiam
1663 1206 1837 1249 posuimus
1855 1221 1863 1242 ε
1883 1218 1961 1251 ergo
1988 1220 2052 1244 non
2075 1212 2268 1256 simpliciter
2291 1217 2327 1250 in

1266 1270 1421 1306 praesenti
1434 1275 1596 1309 sententia
1615 1273 1765 1316 perstare
1790 1273 1992 1307 continentia
2009 1276 2071 1308 est.

1308 1331 1470 1368 Similiter
1497 1346 1577 1370 vero
1590 1335 1828 1370 incontinentia
1860 1345 1927 1370 non
1948 1336 2056 1370 omnis
2075 1346 2180 1380 prava
2201 1338 2264 1372 erit
2290 1341 2324 1372 et

1263 1385 1439 1430 fugienda,
1464 1390 1524 1424 sed
1550 1390 1638 1424 bona
1665 1391 1765 1425 etiam
1787 1390 1960 1434 quaedam.
1990 1391 2125 1434 quando
2146 1392 2266 1436 aliquis
2290 1393 2325 1426 in

1264 1451 1376 1479 errore
1403 1456 1468 1480 non
1503 1451 1694 1492 perseverat
1732 1458 1740 1479 :
1775 1446 1884 1490 qualis
1922 1445 1988 1479 fuit
2015 1446 2253 1488 Neoptolemus
2283 1447 2325 1480 ab

1265 1497 1358 1533 Ulixe
1377 1503 1418 1536 ad
1439 1505 1667 1539 mentiendum
1689 1504 1873 1541 adductus,
1907 1501 1965 1535 scd
1983 1499 2198 1543 postmodum
2218 1500 2324 1543 depo-

1263 1549 1327 1584 sita
1354 1553 1412 1589 ilia
1433 1558 1586 1600 opinione
1618 1568 1734 1592 verum
1762 1557 1896 1590 locutus
1919 1566 1927 1588 ε
1963 1557 2023 1588 aut
2048 1554 2076 1587 si
2100 1554 2177 1597 quis
2199 1553 2243 1587 ab
2264 1563 2320 1594 eo,

1262 1614 1408 1648 quocum
1439 1613 1689 1652 sermocinatur,
1716 1612 1877 1654 deceptus
1904 1619 2012 1652 quum
2036 1607 2121 1642 falsa
2147 1617 2208 1651 pro
2235 1608 2324 1642 veris

1262 1662 1530 1705 amplecteretur,
1567 1668 1600 1700 in
1633 1665 1796 1700 sententia
1817 1673 1882 1697 non
1911 1662 2069 1706 perstat:
2099 1669 2207 1703 neque
2235 1661 2322 1695 enim

1262 1712 1473 1758 vituperatur
1490 1721 1568 1754 talis
1585 1732 1592 1753 t
1617 1720 1829 1763 vituperatur
1848 1726 1928 1751 vero
1947 1714 2152 1749 incontinens
2173 1728 2182 1749 :
2202 1725 2323 1759 quam-

1261 1767 1375 1804 obrem
1395 1782 1504 1817 neque
1524 1775 1582 1818 qui
1600 1775 1633 1808 in
1661 1773 1823 1808 sententia
1856 1771 2046 1815 permanet,
2071 1769 2195 1803 idcirco
2216 1772 2323 1806 conti-

1261 1829 1341 1854 nens
1358 1826 1429 1864 est,
1452 1835 1560 1870 neque
1576 1827 1634 1870 qui
1657 1837 1675 1860 a
1699 1825 1865 1860 sententia
1888 1833 1949 1857 sua
1968 1822 2322 1865 discedit‚·propterea

1260 1874 1310 1905 est
1325 1873 1555 1912 incontinens:
1575 1878 1708 1912 omnino
1722 1887 1777 1911 res
1789 1885 1829 1910 eo
1849 1874 1989 1913 redibit,
2009 1875 2048 1907 ut
2069 1873 2318 1914 incontinentia,

1259 1928 1314 1961 cui
1343 1931 1495 1967 adhaeret
1523 1933 1686 1973 stultitia,
1709 1932 1818 1966 virtus
1858 1930 1917 1969 sit,
1951 1929 1980 1963 si
2003 1927 2241 1961 incontinentia
2269 1931 2321 1963 est

1258 1977 1428 2016 discedere
1457 1993 1477 2017 a
1512 1984 1676 2018 sententia
1705 1992 1815 2026 neque
1845 1981 1879 2014 in
1907 1979 1949 2013 iis
1984 1988 2062 2022 quae
2102 1978 2188 2011 bona
2222 1978 2320 2011 nobis

1258 2029 1415 2066 videntur
1433 2044 1569 2068 manere
1593 2048 1599 2068 :
1622 2035 1649 2068 si
1675 2034 1752 2078 quis
1779 2032 1865 2067 enim
1898 2032 2034 2074 propter
2058 2029 2237 2062 stultitiam
2258 2028 2319 2062 bo-

1258 2088 1333 2114 nam
1359 2092 1432 2117 esse
1455 2085 1580 2126 judicet
1614 2083 1926 2127 intemperantiam,
1962 2089 2001 2114 ac
2029 2082 2141 2112 tamen
2162 2079 2318 2112 instituto

1257 2138 1317 2163 suo
1335 2131 1490 2175 decedat,
1524 2136 1579 2169 hic
1596 2136 1665 2179 jam
1684 2137 1874 2178 temperans
1893 2131 1957 2165 crit
1984 2143 1992 2163 :
2013 2132 2114 2173 atque
2135 2130 2183 2162 ita
2203 2129 2317 2163 incon-

1258 2190 1364 2238 tinens
1392 2194 1500 2228 bonus
1525 2194 1602 2234 erit,
1641 2194 1731 2237 quod
1748 2195 1801 2227 est
1831 2191 1953 2225 falsum
1976 2203 1984 2223 ι
2012 2188 2167 2222 omnibus
2189 2187 2316 2221 scilicet

1257 2245 1478 2290 vituperanda
1506 2248 1640 2282 videtur
1671 2257 1743 2281 esse
1776 2243 2026 2280 incontinentia.
2061 2244 2228 2276 Praeterea
2254 2243 2314 2285 qui

1254 2299 1410 2334 instituto
1432 2312 1493 2336 suo
1531 2294 1691 2335 decedere
1723 2300 1785 2334 scit
1807 2309 1846 2333 eo
1864 2298 1921 2342 qui
1951 2297 2058 2331 nescit
2085 2306 2314 2340 saepenumero

1253 2354 1370 2388 melior
1385 2358 1436 2389 est
1458 2370 1466 2389 :
1484 2358 1520 2390 at
1556 2364 1634 2388 vero
1653 2353 1843 2387 continente
1859 2361 1923 2385 non
1953 2353 2004 2385 est
2027 2350 2144 2384 melior
2168 2349 2312 2384 inconti-

1253 2417 1334 2442 nens
1356 2419 1486 2452 :quare
1505 2419 1565 2443 nec
1593 2408 1702 2451 quiin
1730 2405 1891 2440 sententia
1919 2406 2092 2448 permanet
2118 2404 2308 2446 continens,

1252 2473 1311 2498 nec
1326 2465 1386 2508 qui
1404 2466 1446 2499 ab
1462 2475 1499 2499 ea
1521 2464 1661 2499 discedit
1679 2461 1886 2495 incontinens
1898 2459 1972 2494 erit.

1292 2524 1366 2557 Jam
1384 2535 1463 2559 vero
1477 2535 1552 2559 eum
1572 2523 1630 2567 qui
1659 2521 1814 2555 instituto
1831 2528 1892 2552 suo
1911 2517 2072 2552 decedere
2088 2517 2170 2559 scit,
2191 2517 2308 2552 melio·

1252 2580 1320 2604 rem
1341 2581 1413 2606 esse
1429 2583 1467 2607 eo
1484 2574 1543 2615 qui
1564 2571 1691 2612 nescit,
1714 2567 1929 2602 manifestum
1948 2568 2000 2600 est
2019 2579 2028 2600 ε
2056 2566 2115 2609 qui
2138 2566 2226 2600 enim
2247 2568 2309 2601 de-

1250 2622 1367 2662 ceptus
1382 2622 1470 2655 mala
1488 2622 1651 2665 sequitur,
1673 2618 1753 2662 quia
1787 2617 1873 2650 bona
1898 2625 1972 2650 esse
1986 2614 2176 2656 existimat,
2191 2616 2307 2649 melior

1250 2669 1299 2700 est
1317 2678 1356 2702 eo
1377 2670 1435 2712 qui
1455 2670 1542 2703 mala
1561 2678 1632 2702 esse
1662 2666 1725 2700 scit
1757 2667 1790 2699 et
1818 2666 1930 2697 tamen
1955 2662 2082 2706 expetit
2109 2675 2118 2696 ε
2143 2662 2202 2705 qui
2219 2662 2306 2695 enim

1249 2714 1408 2759 deceptus
1426 2719 1487 2756 est,
1510 2717 1539 2750 is
1556 2714 1767 2759 postmodum
1787 2713 1992 2746 commutata
2005 2710 2178 2743 voluntate
2199 2711 2307 2744 bonus

1250 2762 1318 2797 fieri
1345 2768 1473 2808 potest;
1497 2764 1555 2807 qui
1578 2773 1658 2797 vero
1676 2771 1735 2806 per
1766 2759 2053 2803 intemperantiam
2081 2767 2119 2792 ea
2137 2758 2302 2802 sequitur,

1249 2821 1355 2854 quum
1382 2814 1470 2847 mala
1489 2822 1561 2846 esse
1589 2812 1694 2850 sciat.
1719 2819 1784 2844 non
1806 2810 1915 2852 potest
1932 2806 2103 2841 discedere
2125 2816 2144 2840 a
2169 2807 2266 2840 malis
2293 2820 2302 2840 :

1247 2861 1413 2902 quomodo
1441 2861 1528 2895 enim
1569 2860 1734 2900 discedat,
1769 2867 1874 2901 quum
1903 2857 1945 2902 ad
1975 2856 2074 2889 aliam
2105 2855 2301 2888 sententiam

1247 2909 1383 2951 perduci
1398 2909 1567 2953 nequeat?
1584 2907 1674 2951 quod
1694 2907 1781 2941 enim
1801 2906 1970 2948 cognitum
1989 2904 2111 2938 habere
2135 2903 2295 2942 debebat,

1246 2957 1355 2996 novit,
1380 2959 1414 2990 et
1445 2957 1600 3000 quamvis
1628 2957 1736 2995 norit,
1768 2955 2028 2998 intemperanter
2057 2954 2168 2986 tamen
2194 2952 2296 2991 vivit,

1245 3007 1346 3048 atque
1360 3005 1484 3039 idcirco
1499 3005 1533 3038 in
1553 3014 1628 3038 eum
1642 3004 1796 3039 convenit
1816 3001 2028 3046 proverbium

1316 3101 1403 3139 Quia
1415 3100 1629 3131 adhibendum
1643 3103 1698 3137 ene,
1713 3108 1813 3139 quum
1824 3100 1940 3138 premi!
1950 3099 2062 3134 ¹[eneces
2076 3106 2160 3135 aqua
2172 3098 2189 3125 ι’

35 3175 52 3221 δ’
90 3211 93 3213 ’
127 3183 275 3238 φανερὸν
294 3180 337 3231 δὴ
353 3181 407 3222 ὅτῑ
422 3180 462 3221 τὸ
482 3180 646 3233 ἐμμένειν
666 3185 708 3233 τῇ
724 3180 885 3235 παρούσῃ
903 3179 984 3235 δόξῃ
1001 3181 1065 3223 θῦκ
1084 3179 1178 3222 ἔστιν
1242 3192 1385 3235 Apparet
1418 3190 1530 3235 igitur,
1565 3199 1675 3235 neque
1707 3190 1742 3225 in
1771 3189 1930 3234 praesenti
1959 3187 2123 3223 sententia
2145 3189 2295 3230 perstare

1238 3251 1492 3290 continentiam.
1510 3260 1618 3296 neque
1630 3251 1672 3286 de
1685 3261 1723 3286 ea
1739 3250 1901 3285 desistere
1914 3246 2187 3283 incontinentiam
2208 3256 2291 3281 esse.

170 3397 188 3417 ¹¹
203 3397 281 3442 Gap.
301 3403 331 3433 2.
351 3398 441 3442 Ἔτι,
463 3401 491 3433 εὶ
508 3399 598 3444 πάσῃ
615 3400 690 3443 δόξῃ
706 3400 778 3434 κτλ.
790 3415 832 3426 -
847 3401 880 3422 ‘¹‘
896 3400 961 3434 Καὶ
983 3400 1011 3434 εἰ
1031 3399 1138 3439 πάσης
1156 3399 1247 3439 δόξης
1260 3401 1280 3438 ἡ
1295 3399 1438 3443 ἀκρασία
1453 3400 1521 3433 κτλ.
1538 3417 1580 3443 ÷
1595 3400 1649 3418 ’Μ’
1669 3400 1737 3434 Ἔτι
1760 3401 1778 3433 ὁ
1796 3402 1842 3442 τῷ
1858 3401 2032 3433 πεπεῖσθαι
2049 3399 2199 3444 πράττων
2217 3400 2287 3434 κτλ.
