2528 3788
254 246 333 286 248

256 347 334 377 νιος.
362 329 434 372 Καὶ
455 331 557 367 τοῦτο
579 326 640 378 μὲν
672 325 714 374 δὴ
742 327 792 379 τῷ
813 328 946 378 γενητῷ
965 327 1141 370 παντελῶς
1163 325 1290 379 προσά·

257 408 352 430 πτειν
385 392 445 429 οὐκ
467 382 507 434 ἦν
530 386 697 433 δυνατόν,
722 386 802 424 εἷκῶ
836 385 864 424 δ’
885 387 1012 424 ἐπινοεῖ
1044 385 1185 433 κινητήν
1213 401 1288 424 τινα

258 452 379 492 αἰῶνος
410 450 570 493 ποιῆσαι,
598 443 658 484 καὶ
686 444 883 495 διακοσμῶν
920 443 996 494 ἅμα
1025 444 1164 497 οὐρανὸν
1199 449 1290 483 ποιεῖ

257 508 416 559 μένοντος
438 507 559 547 αἰῶνος
588 505 622 541 ἐν
649 502 698 541 ἑνὶ
729 503 806 541 κατ’
839 501 982 555 ἀριθμὸν
1005 503 1125 540 ἷοῦσαν
1153 502 1289 541 αἷώνιον

256 565 372 605 εἰκόνα
393 568 509 604 τοῦτον
530 562 565 602 ὃν
588 561 629 609 δὴ
651 561 774 614 χρόνον
794 561 1039 636 ιέινομάκαμεν.
1065 561 1136 600 Καὶ
1156 561 1207 600 ὅτι
1228 559 1290 611 μὲν

251 626 390 664 πάντων
426 621 666 676 ὑφισταμένων
697 620 772 671 ἅμα
800 620 867 659 ὑπὸ
896 623 955 658 τοῦ
988 620 1194 672 δημιουργοῦ
1228 618 1290 666 τὴν

254 685 338 737 πρὸς
357 684 494 730 ἄλληλα
515 680 608 726 τάξιν
629 683 646 719 6
665 679 764 731 λόγος
793 678 999 727 ἐνεδείξατο,
1021 678 1139 724 δῆλον.
1160 680 1205 717 Εἰ
1224 677 1291 730 γὰρ

254 743 330 792 ἅμα
361 743 410 793 τῷ
430 741 563 792 οὐρανῷ
592 737 730 790 γέγονεν
757 740 773 776 6
793 738 935 809 χρόνος,
957 739 1003 779 ὡς
1023 737 1122 782 δηλοῖ
1150 735 1188 774 τὸ
1218 734 1291 786 μετ’

254 801 368 852 ὀλίγον
390 799 519 837 τούτων
543 796 737 849 εἰρημένον·
770 796 891 849 χρόνος
919 796 949 834 δ’
971 788 1029 834 οῦν
1051 794 1126 845 μετ’
1147 796 1292 847 οὐρανοῦ

254 860 393 913 γέγονε,
414 859 537 904 δῆλον,
559 856 611 896 ὅτι
633 856 806 909 οὐδέτερον
825 855 1002 906 οὐδετέρου
1023 858 1228 906 προηγεῖται
1243 854 1292 905 τῷ

253 919 381 971 χρόνῳ.
399 920 480 960 Πῶς
494 917 521 954 δ’
539 916 579 954 ἂν
597 917 655 955 καὶ
667 915 792 968 χρόνου
809 930 842 952 τι
853 918 901 966 τῷ
916 913 1030 966 χρόνῳ
1044 915 1267 965 προϋπῆρχεν
1281 927 1291 961 ;

254 981 297 1017 Εἰ
309 978 343 1016 δὲ
360 975 530 1022 κινηθέντι
545 977 593 1027 τῷ
608 974 711 1013 παντὶ
728 973 785 1012 τὸν
801 973 924 1026 χρόνον
936 972 1157 1023 ἐπεισήγαγε,
1179 973 1293 1020 δῆλον,

254 1037 305 1075 ὅτι
324 1038 361 1074 06
379 1034 505 1073 ταύτὸν
523 1038 540 1073 6
554 1034 674 1087 χρόνος
685 1033 744 1071 καὶ
759 1036 780 1079 ἡ
802 1031 934 1079 κίνησις
948 1030 1024 1069 κατ’
1045 1030 1163 1070 αὐτόν.
1188 1030 1294 1069 Ἀλλὰ

254 1095 470 1138 τελειωτικός
490 1110 562 1138 πως
582 1098 599 1133 6
620 1093 742 1166 χρόνος
764 1094 825 1138 τῆς
848 1090 1028 1137 κινήσεως.
1066 1090 1169 1128 Καὶ
1156 1089 1237 1128 όταν
1259 1088 1295 1128 δὲ

254 1156 293 1194 τὸ
313 1155 528 1205 πλημμελῶς
548 1151 605 1190 καὶ
626 1152 783 1194 ἀτάκτως
803 1149 1000 1199 κινούμενον
1019 1148 1104 1201 λέγῃ
1127 1148 1292 1200 προηγεῖ-

256 1217 335 1252 σθαι
358 1216 420 1259 τῆς
450 1217 509 1251 τοῦ
531 1211 662 1261 κόσμου
681 1209 844 1261 γενέσεως
864 1211 881 1246 6
903 1207 1055 1247 Πλάτων
1081 1209 1114 1245 ἐν
1136 1211 1184 1250 οἷς
1211 1222 1295 1259 φησι

256 1273 440 1324 (Timp
415 1286 455 1323 p.
494 1272 555 1309 30.
594 1270 654 1307 Cf.
694 1269 795 1308 Phil.
830 1268 899 1305 Gr.
933 1267 1084 1316 Fragm.
1120 1267 1199 1306 vol.
1232 1266 1293 1314 11,

257 1331 431 1383 p.159)
465 1329 641 1380 βουληθεις
679 1326 744 1378 γὰρ
775 1328 792 1363 6
831 1326 902 1369 θεὸς
932 1325 1072 1376 ἀγαθὰ
1067 1324 1128 1362 μὲν
1159 1325 1295 1376 πάντα,

257 1392 410 1441 φλαῦρον
433 1387 461 1426 δ’
497 1387 592 1426 οὐδὲν
624 1380 713 1424 εἶναι
743 1384 832 1423 κατὰ
854 1384 1024 1434 δύναμιν,
1053 1383 1144 1422 οὕτω
1163 1383 1204 1431 δὴ
1226 1390 1295 1423 πᾶν

258 1450 337 1488 ὅσον
358 1452 398 1496 ἠν
418 1447 539 1499 ὁρατὸν
566 1444 782 1498 παραλαὸων
812 1446 876 1495 οὐχ
906 1442 1056 1495 ἡσυχίαν
1078 1443 1182 1492 ἄγον,
1207 1443 1296 1481 ἀλλὰ

258 1509 477 1558 πλημμελῶς
509 1504 568 1543 καὶ
598 1503 756 1546 ἀτάκτως
781 1502 1000 1553 κινούμενον,
1032 1504 1078 1545 εἷς
1098 1501 1192 1547 τάξιν
1215 1504 1298 1542 αὐτὸ

259 1567 388 1619 ἤγαγεν
419 1567 457 1604 ἐκ
484 1566 546 1610 τῆς
582 1561 744 1611 ἀταξίας,
780 1561 1000 1634 ἡγησάμενος
1036 1562 1144 1599 ἐκεῖνο
1175 1560 1296 1601 τούτου

260 1626 396 1668 πάντως
429 1624 582 1674 ἄμεινον.
609 1619 682 1659 Καὶ
712 1621 746 1659 ἐν
767 1619 899 1663 τούτοις
925 1622 983 1658 οὖν
1014 1622 1051 1658 06
1073 1621 1174 1659 τοῦτό
1195 1636 1297 1673 φησιν

261 1684 346 1735 ὅπερ
379 1684 472 1721 δοκεῖ
506 1680 620 1731 λέγειν
652 1679 692 1718 τὸ
728 1678 955 1731 φαινόμενον,
987 1677 1040 1717 ὅτι
1066 1682 1108 1726 ἠν
1130 1695 1214 1719 ποτε
1247 1695 1297 1732 τῳ

263 1743 380 1796 χρόνῳ
402 1739 631 1812 προϋπάρχον
661 1738 700 1776 τὸ
722 1738 884 1785 αἰσθητὸν
905 1737 1056 1776 ἄτακτον
1079 1737 1138 1777 καὶ
1159 1738 1297 1791 ὕστερον

261 1806 306 1846 ὡς
322 1800 389 1846 {5'
372 1816 477 1838 υπνου
495 1799 583 1842 τινὸς
607 1800 624 1836 6
655 1797 861 1850 δημιουργὸς
889 1795 1041 1840 ἀναστὰς
1060 1795 1176 1841 ἔταξεν
1199 1798 1295 1837 αὐτό.

261 1864 307 1901 Εἰ
326 1861 393 1913 γὰρ
415 1859 471 1898 διὰ
486 1858 548 1905 τὴν
570 1858 770 1909 ἀγαθότητα
792 1858 1014 1908 δημιουργεῖ,
1037 1859 1057 1903 ἡ
1078 1857 1107 1894 δ’
1129 1857 1300 1908 ἀγαθότης

260 1922 364 1959 αὐτοῦ
386 1920 438 1958 ἀεὶ
456 1917 572 1957 τελεία
601 1915 660 1954 και
677 1916 811 1968 ἐνεργός
831 1918 903 1954 ἐστι
929 1915 987 1954 καὶ
1012 1915 1061 1966 τῶ
1077 1918 1167 1952 εἶναι
1181 1916 1298 1954 πάντα

261 1979 447 2032 ἀγαθύνει,
476 1979 599 2025 δῆλον,
620 1976 673 2013 ὅτι
702 1978 744 2025 τῇ
764 1979 822 2013 τοῦ
845 1978 920 2013 θεοῦ
937 1973 1126 2024 ἀγαθότητι
1145 1974 1299 2027 συνυφέ-

263 2055 387 2087 στηκεν
407 2043 429 2087 ἡ
448 2034 675 2088 δημιουργικὴ
691 2034 849 2087 πρόνοια.
873 2033 1112 2072 Ἐνδείκνυται
1133 2031 1168 2071 66-
1189 2033 1228 2071 τὸ
1244 2036 1300 2072 λε-

262 2097 432 2170 γόμενον,
457 2095 509 2134 ὅτι
535 2094 666 2145 κόσμου
699 2093 759 2131 καὶ
779 2091 942 2137 τάξεωςὸ
967 2091 1174 2142 δημιουργὸς
1192 2090 1300 2135 αἴτιός

262 2158 335 2194 ἐστι
357 2171 406 2192 τι)
429 2152 556 2202 παντί,
577 2151 672 2203 εἴπερ
692 2151 730 2190 τὸ
750 2154 811 2198 τῆς
829 2151 932 2189 αὐτοῦ
949 2149 1118 2202 ἐνεργείας
1134 2150 1300 2200 πλημμε-

262 2215 300 2253 λὲ
287 2230 317 2256 ες
337 2229 396 2252 και
411 2212 557 2251 ἄτακτον
582 2209 795 2248 ὑποτίθεται.
829 2208 901 2248 Καὶ
921 2210 970 2260 τῷ
993 2207 1086 2261 λόγῳ
1105 2207 1140 2246 δὲ
1157 2208 1301 2248 ὑπέθετο

262 2273 458 2323 πλημμελῆ
493 2269 627 2318 κίνησιν
658 2269 738 2321 πρὶν
771 2267 914 2321 οὐρανὸν
954 2266 1126 2320 γενέσθαι.
1163 2268 1235 2306 Καὶ
1271 2270 1301 2306 εἰ

263 2348 360 2371 πασα
379 2331 511 2378 κίνησις
531 2332 565 2368 ἐν
585 2329 700 2402 χρόνῳ
716 2357 726 2376 ,
745 2329 871 2375 δῆλον,
889 2327 940 2366 ὅτι
957 2343 1016 2366 και
1039 2329 1056 2365 6
1072 2327 1195 2380 χρόνος
1215 2331 1300 2367 ἐκεῖ·

263 2407 317 2435 νος
337 2389 549 2440 πλημμελὴς
565 2389 624 2426 καὶ
646 2388 814 2436 ἄτακτος,
840 2402 899 2425 και
920 2389 988 2424 οῖον
1019 2386 1232 2439 σκιαγραφία
1253 2402 1302 2430 τις

264 2449 514 2495 ὓποτεθήσεται
544 2450 602 2484 τοῦ
630 2446 760 2485 τελείου
780 2445 906 2498 χρόνου
932 2444 1023 2483 κατὰ
1042 2445 1104 2493 τὴν
1123 2450 1182 2484 τοῦ
1199 2445 1302 2498 λόγου

265 2508 441 2547 ὑπόθεσιν.
466 2506 569 2545 Ἀλλὰ
589 2510 700 2543 ταῦτα
722 2503 783 2556 μὲν
803 2504 851 2555 μὴ
871 2503 932 2543 καὶ
951 2503 1079 2543 πλέονα
1093 2507 1153 2542 τοῦ
1169 2504 1304 2549 δέοντος

265 2567 412 2620 εἴρηται.
428 2568 438 2617 )

319 2639 368 2665 47.
399 2623 505 2663 Ἀλλὰ
535 2622 603 2675 μὴν
625 2623 694 2662 οὐδ’
723 2622 804 2661 ἄνευ
829 2638 868 2675 γε
893 2621 1102 2673 μεταὸολῆς·
1120 2622 1202 2661 ὅταν
1233 2622 1301 2675 γὰρ

268 2686 374 2736 μηδὲν
396 2683 491 2721 αὐτοὶ
509 2682 785 2734 μεταὸάλλωμεν
805 2681 868 2728 τὴν
894 2680 1047 2720 διάνοιαν
1065 2710 1075 2729 ,
1099 2680 1121 2727 ἢ
1140 2681 1302 2732 λάθοιμεν

269 2743 543 2794 μεταὸάλλοντες
558 2772 568 2789 ,
590 2743 627 2779 06
648 2742 740 2780 δοκεῖ
759 2743 843 2792 ἡμῖν
863 2739 1040 2793 γεγονέναι
1060 2741 1184 2793 χρόνος
1197 2771 1208 2792 ,
1237 2757 1302 2781 κα·-

268 2802 376 2853 θάπερ
399 2800 475 2839 οὐδὲ
495 2803 564 2843 τοῖς
582 2802 614 2838 ἐν
632 2801 763 2852 Σαρδοῖ
788 2800 1096 2850 μυθολογουμένοις
1124 2800 1302 2839 καθεύδειν

268 2861 363 2912 παρὰ
381 2862 450 2902 τοῖς
481 2859 632 2910 ἥρωσιν,
655 2858 738 2896 ὅταν
769 2861 966 2911 ἐγερθῶσιν·
997 2859 1209 2898 συνάπτουσι
1233 2860 1302 2914 γὰρ

266 2921 306 2958 τὸ
329 2919 494 2972 πρότερον
528 2921 586 2956 νῦν
619 2921 668 2970 τῷ
700 2918 841 2970 ὕστερον
866 2923 924 2957 νῦν
956 2919 1017 2958 καὶ
1049 2919 1085 2959 ἓν
1116 2917 1271 2960 ποιοῦὲιν
1291 2951 1301 2971 ‚

268 2979 477 3031 ἐξαιροῦντες
497 2976 552 3014 διὰ
568 2976 629 3022 τὴν
651 2978 877 3024 ἀναισθησίαν
894 2978 931 3016 τὸ
949 2978 1083 3028 μεταξύ.

311 3131 362 3160 47.
386 3130 426 3161 At
441 3136 518 3160 vero
534 3136 599 3158 non
622 3126 692 3158 sine
714 3126 895 3159 mutatione
921 3129 1049 3169 tempus
1072 3137 1145 3162 esse
1160 3129 1301 3162 videtur.

268 3189 348 3221 Nam
366 3196 467 3228 quum
492 3185 554 3227 ipsi
576 3185 658 3217 nihil
681 3189 790 3217 mente
807 3187 984 3226 mutamur,
1009 3189 1065 3219 aut
1081 3197 1145 3221 non
1164 3189 1304 3222 animad-

268 3246 429 3280 vertimus
456 3254 516 3277 nos
538 3253 610 3277 esse
642 3245 806 3283 mutatos,
837 3252 901 3275 non
926 3244 1055 3277 videtur
1083 3247 1175 3278 nolus
1205 3247 1305 3280 fuisse

267 3305 414 3346 tempus,
439 3301 713 3345 quemadmodum
731 3311 791 3335 nec
816 3302 856 3334 iis
879 3312 961 3344 quos
977 3304 1085 3337 serunt
1103 3305 1136 3337 in
1157 3304 1305 3337 Sardinia

269 3363 357 3405 apud
369 3364 485 3395 heroas
503 3361 696 3395 dormivisse
710 3386 718 3401 ,
738 3361 793 3394 ubi
808 3362 988 3403 experrecti
1005 3362 1080 3395 sint.
1098 3364 1305 3405 conjungunt

274 3423 359 3454 enim
379 3422 471 3464 prius
487 3421 571 3454 illud
588 3429 679 3454 mmo
696 3420 869 3462 posteriori
892 3430 1057 3462 unumque
1076 3422 1209 3462 faciunt,
1233 3432 1301 3455 me-

269 3481 358 3514 dium
376 3484 506 3524 tempus
522 3481 564 3515 ob
577 3490 691 3514 sensus
709 3483 875 3523 stuporem
894 3481 1080 3514 eximentes.

921 239 1120 280 EUDEMI
1149 237 1327 279 RHODII
1358 237 1707 279 PERIPATETICI

1405 326 1653 378 (Aristoteles
1677 326 1796 378 Phys.
1817 326 1886 365 lib.
1910 327 1974 376 lv,
1994 342 2080 381 cap.
2106 343 2148 369 11
2171 344 2211 382 p.
2234 327 2387 374 2:831».

1353 399 1398 423 21
1422 386 1485 425 ed.
1518 386 1679 425 Bekkei.
1713 385 1934 437 Simplicius
1959 387 2026 428 fol.
2055 390 2125 438 167
2147 390 2200 429 ὅτι
2220 389 2256 428 δὲ
2284 390 2335 430 οἳ
2342 386 2390 444 ’1ἷῆ
2422 374 2423 379 ¹
2470 411 2473 420 ι

1351 444 1483 491 κινησει
1501 444 1548 495 μὴ
1573 446 1910 496 παρακολουθοῦντες
1938 445 2015 484 οὐδὲ
2046 450 2106 485 τοῦ
2122 447 2247 500 χρόνου
2269 458 2389 488 συναι-

1352 504 1550 552 σθάνονται,
1572 508 1672 554 ἡμεῖς
1689 503 1786 555 μὲνε
1769 520 1813 547 ως
1829 497 1926 544 εἶπον
1944 504 2116 558 ὁσημέραι
2138 508 2177 545 ἐκ
2190 509 2258 546 τῶν
2270 506 2390 548 ὕπνων

1351 562 1589 615 γινώσκομεν,
1612 565 1628 601 6
1660 562 1695 600 66
1725 562 1965 614 Ἀριστοτέλης
1997 563 2066 602 ἀπὸ
2095 564 2312 618 μακροτέρου
2324 579 2390 605 m-

1353 624 1492 659 στοῦται
1506 624 1608 659 τοῦτο
1624 619 1731 660 ὕπνου
1746 624 1813 659 τῶν
1830 623 1864 660 ἐν
1886 621 2016 673 Σαρδοῖ
2035 637 2078 674 τῃ
2098 637 2194 675 νησῳ
2209 622 2393 676 scarpim

1352 679 1464 731 ἥρωσι
1481 680 1784 732 μυθολογουμένων
1802 680 1990 719 καθεύδειν·
2007 679 2105 718 ἐννέα
2128 679 2196 732 γὰρ
2212 681 2270 733 τῷ
2282 679 2394 734 ‘Epu—

1353 741 1428 778 κλεῐ
1447 737 1637 790 γεγονότων
1657 739 1826 778 παίδων’
1811 755 1850 778 εκ
1867 742 1933 778 τῶν
1954 738 2106 778 Θεστίου
2126 739 2185 779 τοῦ
2209 738 2396 785 Θεσπιέως

1355 798 1551 850 θυγατέρων
1587 799 1622 835 ἐν
1662 799 1795 851 Σαρδοῖ
1829 797 2134 847 τελευτησάντων,
2180 797 2298 850 ἔλεγον
2318 798 2396 844 'Stin
2438 806 2442 809 '

1356 857 1608 909 Ἀριστοτέλους
1621 887 1631 907 ,
1650 858 1744 910 τάχα
1762 857 1798 896 δὲ
1818 857 1877 896 καὶ
1898 857 2119 909 Ἀλεξάνδρου
2137 861 2200 896 τοῦ
2225 856 2395 908 ἐξηγητοῦ

1356 920 1424 955 τῶν
1453 915 1725 970 Ἀριστοτέλους,
1754 916 1897 964 ἄσηπτά
1925 932 1961 955 τε
1983 915 2042 955 καὶ
2071 916 2246 969 ὁλόκληρα
2271 915 2398 967 διαμέ-

1356 991 1424 1014 νειν
1441 975 1486 1014 τὰ
1507 975 1659 1027 σώματα
1689 975 1750 1014 καὶ
1771 974 1962 1028 φαντασίαν
1983 975 2220 1015 καθευδόντων
2237 974 2396 1028 παρεχό-

1358 1050 1456 1085 μενα.
1479 1034 1524 1074 ‘0
1543 1035 1660 1086 μέντοι
1677 1034 1839 1085 Εὔδημος
1851 1034 1914 1084 τὴν
1930 1034 1998 1074 ἀπὸ
2018 1037 2079 1082 τῆς
2096 1036 2254 1088 Σαρδοῦς
2270 1033 2396 1088 παρεὶς

1355 1094 1471 1134 πίστιν
1489 1094 1526 1133 ἔκ
1545 1110 1634 1138 τινος
1655 1094 1820 1147 Ἀθήνῃσι
1839 1094 2101 1145 συμὸεὸηκότος
2121 1094 2223 1139 αὐτὸς
2238 1094 2278 1134 τὸ
2296 1094 2398 1146 λεγό-

1358 1170 1458 1205 μενον
1491 1157 1686 1193 πιστοῦται.
1713 1155 1864 1205 Λέγεται
1893 1154 1972 1206 γάρ,
2005 1153 2108 1207 φησί,
2141 1153 2262 1198 θυσίας
2293 1153 2398 1203 οὔσης

1358 1214 1566 1261 δημοτελοῦς
1581 1213 1762 1251 ἕστιᾶσθαί
1781 1228 1875 1256 τινας
1892 1214 1926 1251 ἐν
1941 1212 2118 1265 καταγείῳ
2133 1212 2321 1266 σπηλαίῳ·4
2332 1227 2398 1263 με·

1361 1271 1546 1316 θυσθέντας
1575 1271 1613 1310 δὲ
1641 1274 1944 1322 κατακοιμηθῆναι
1976 1271 2061 1324 πρὸς
2093 1270 2227 1325 ἡμέραν
2246 1271 2315 1321 ἤδη
2333 1271 2401 1311 καὶ

1361 1329 1483 1373 αὐτους
1504 1330 1563 1368 καὶ
1581 1330 1660 1375 τους
1674 1329 1831 1377 οἰκέτας,
1851 1345 1910 1368 και
1929 1329 2105 1369 καθεύδειν
2127 1329 2168 1368 τὸ
2192 1328 2315 1369 λοιπὸν
2335 1332 2399 1378 τ’ής

1360 1389 1480 1433 νυκτὸς
1508 1388 1568 1428 καὶ
1596 1389 1658 1438 τὴν
1691 1388 1827 1465 ἡμέραν
1857 1389 1916 1429 καὶ
1937 1388 1989 1429 ἔτι
2008 1390 2071 1438 την
2087 1388 2210 1431 νύκτα.
2223 1389 2408 1444 {Eue-{tp-

1360 1447 1462 1486 θέντα
1481 1447 1549 1501 γὰρ
1585 1447 1645 1488 ἕνα
1662 1449 1740 1488 τινὰ
1762 1451 1808 1493 ὣς
1835 1442 1922 1488 εἶδεν
1952 1449 2116 1501 ἀστέρας,
2146 1449 2252 1488 πάλιν
2285 1450 2400 1489 ἄπελ-

1360 1509 1463 1548 θόντα
1481 1508 1735 1548 ἀναπαύεσθαι.
1760 1510 1872 1555 Τῆς
1854 1508 1889 1547 οὲ
1905 1508 2066 1556 ἐπιούσης
2086 1508 2255 1561 ἡμέρας“
2236 1523 2283 1552 ως
2301 1503 2404 1562 ῆγέρ-

1359 1572 1492 1616 θησαν,
1526 1567 1588 1615 τὴν
1623 1570 1808 1621 κουρεῶτιν
1842 1566 1957 1619 ἄγειν,
1995 1567 2138 1620 ὕστερον
2168 1569 2236 1606 τῶν
2271 1566 2400 1617 ἄλλων,

1360 1625 1515 1678 ἡμέραν,
1533 1624 1608 1664 ὅθεν
1626 1625 1668 1673 δὴ
1689 1624 1749 1664 καὶ
1771 1628 2029 1672 κατανοηθῆναι
2046 1625 2087 1664 τὸ
2118 1624 2277 1677 συμὸάν.
2309 1626 2404 1671 Κομ-

1361 1688 1484 1738 ρεῶτις
1506 1685 1541 1723 δὲ
1562 1679 1603 1732 ’ἦν
1624 1688 1646 1732 ἡ
1664 1684 1761 1737 τρίτη
1791 1686 1858 1723 τῶν
1884 1683 2106 1737 ἀπατουρίων
2121 1685 2261 1736 ἡμέρα,
2282 1683 2402 1737 ὥσπερ

1360 1747 1382 1791 ἡ
1404 1743 1525 1796 πρώτη
1554 1743 1702 1795 δορπία,
1739 1744 1797 1782 καὶ
1818 1747 1840 1791 ἡ
1872 1742 2015 1795 δευτέρα
2046 1743 2257 1796 ἀνάῤῥυσις,
2288 1742 2349 1782 καὶ
2377 1746 2401 1791 ἡ

1361 1802 1512 1853 τετάρτη
1534 1802 1676 1841 ἐπίὸδα.
1707 1802 1811 1842 Μετὰ
1832 1801 1896 1850 τὴν
1921 1805 1983 1849 τῆς
2010 1803 2171 1855 δευτέρας
2191 1796 2252 1841 οῦν
2279 1801 2399 1842 θυσίαν

1360 1860 1635 1909 καθευδήσαντες
1652 1860 1716 1908 τὴν
1737 1861 1860 1913 ἐφεξῆς
1880 1860 2015 1913 ἡμέραν
2035 1860 2094 1900 καὶ
2113 1860 2176 1909 τὴν
2199 1862 2276 1912 μετ’
2294 1859 2401 1908 αὐτὴν

1361 1921 1469 1959 νύκτα
1482 1951 1492 1969 ,
1515 1919 1579 1968 τὴν
1599 1919 1770 1972 τετάρτην
1786 1920 1906 1959 λοιπὸν
1925 1920 2002 1959 ἀντὶ
2014 1922 2077 1968 τῆς
2095 1919 2214 1973 τρίτης
2234 1922 2281 1964 ὥς
2303 1921 2399 1960 Κουλ-

1363 1982 1483 2034 ρεῶτιν
1503 1975 1629 2032 ἦγον.)

1495 2039 1601 2078 Ἐπει
1619 2037 1653 2077 δὲ
1671 2038 1710 2078 τὸ
1726 2038 1924 2090 κινούμενον
1941 2043 2088 2078 κινεῖται
2110 2037 2150 2078 ἔκ
2167 2053 2257 2083 τινος
2277 2038 2326 2084 εἷς
2346 2055 2398 2091 τι,

1361 2097 1419 2135 και
1438 2105 1507 2136 πᾶν
1524 2097 1665 2149 μέγεθος
1680 2097 1834 2149 συνεχές,
1857 2098 2039 2136 ἀκολουθεῖ
2049 2098 2099 2150 τῶ
2117 2096 2254 2149 μεγέθει
2270 2100 2290 2146 ἡ
2306 2096 2402 2146 κίνη-

1364 2171 1426 2199 mc·
1456 2156 1512 2198 διὰ
1542 2155 1610 2208 γὰρ
1629 2157 1669 2194 τὸ
1688 2156 1728 2195 τὸ
1748 2156 1890 2207 μέγεθος
1909 2149 1997 2194 εἶναι
2016 2154 2156 2208 συνεχὲς
2185 2155 2245 2194 καὶ
2264 2158 2284 2203 ἡ
2305 2155 2405 2204 κίνη-

1363 2215 1413 2260 σίς
1434 2218 1507 2254 ἐστι
1528 2215 1688 2269 συνεχής.
1704 2214 1772 2255 Διὰ
1785 2215 1821 2254 δὲ
1841 2216 1904 2263 τὴν
1924 2215 2058 2263 κίνησιν
2076 2214 2135 2253 καὶ
2151 2215 2169 2253 6
2185 2215 2317 2268 χρόνος·
2338 2213 2404 2264 ὅση

1362 2274 1430 2327 γὰρ
1443 2278 1465 2323 ἡ
1481 2274 1635 2323 κίνησις,
1656 2279 1815 2318 τοσοῦτος
1840 2273 1899 2312 καὶ
1922 2277 1940 2313 6
1967 2275 2088 2326 χρόνος
2107 2272 2162 2311 ἀεὶ
2188 2274 2280 2312 δοκεῖ
2299 2286 2403 2325 γεγο-
2441 2279 2443 2283 ”

1363 2332 1471 2374 νέναι.

1422 2392 1673 2445 (Aristoteles
1703 2392 1796 2442 Pys.
1820 2391 1890 2429 lib.
1911 2390 1975 2439 IV,
2004 2404 2088 2442 cap.
2114 2404 2155 2428 11
2187 2403 2227 2442 p.
2252 2403 2345 2440 219.
2363 2403 2397 2431 a.

1370 2466 1415 2489 10
1438 2451 1497 2490 ed.
1519 2452 1676 2489 Bekker.
1700 2450 1923 2501 Simplicius
1952 2450 2019 2488 fol.
2043 2450 2131 2498 167.
2151 2449 2192 2487 b.
2214 2447 2276 2488 καὶ
2295 2451 2314 2488 6
2332 2447 2404 2503 E&-

1365 2511 1476 2560 δημος
1502 2509 1537 2547 δὲ
1558 2510 1591 2547 ἐν
1623 2511 1672 2562 τῷ
1693 2507 1801 2561 τρίτῳ
1829 2510 1896 2546 τῶν
1916 2509 2085 2547 Φυσικῶν
2107 2507 2168 2554 τὴν
2189 2506 2296 2554 αὐτὴν
2313 2505 2402 2560 ἔχων

1364 2569 1506 2620 γνώμην
1527 2567 1705 2621 φαίνεται,
1726 2565 1780 2605 ὅτι
1813 2566 1869 2604 διὰ
1896 2566 1958 2617 μὲν
1994 2565 2032 2605 τὸ
2060 2566 2201 2618 μέγεθος
2217 2570 2239 2615 ἡ
2268 2566 2404 2613 κίνησις

1365 2627 1529 2680 συνεχής,
1562 2627 1618 2666 διὰ
1648 2625 1683 2665 δὲ
1702 2626 1763 2672 τὴν
1784 2625 1919 2673 κίνησιν
1939 2627 1956 2663 ὁ
1976 2625 2097 2678 χρόνος
2112 2626 2256 2678 γράφων
2281 2624 2401 2670 οὕτως·
2433 2630 2435 2634 ”

1365 2705 1381 2723 α
1401 2685 1632 2730 ἀναλαὸόντες
1655 2685 1697 2732 δὴ
1723 2685 1859 2723 πάλιν
1849 2684 2032 2737 Λέγωμεν,
2051 2683 2104 2723 ὅτι
2121 2700 2189 2723 των
2205 2686 2360 2737 συνεχῶν
2386 2687 2405 2725 6

1364 2746 1482 2819 χρόνος
1501 2749 1588 2784 εἶναι
1615 2746 1707 2784 δοκεῖ
1737 2744 1797 2784 καὶ
1825 2759 1893 2783 των
1912 2745 2098 2805 μεριστῶν
2133 2744 2270 2783 Οὐκοῦν
2291 2742 2352 2782 καὶ
2376 2746 2398 2791 ἡ

1366 2804 1499 2851 κίνησίς
1529 2820 1566 2842 τε
1592 2819 1651 2842 και
1671 2802 1711 2842 τὸ
1733 2806 1855 2854 μῆκος.
1881 2802 1943 2846 Τίς
1973 2805 2030 2840 οὖν
2054 2801 2184 2840 τούτων
2213 2799 2310 2873 ἀρχὴ
2342 2801 2402 2840 καὶ

1365 2863 1431 2902 τίνι
1452 2862 1597 2915 πρώτως
1631 2862 1781 2914 ὑπάρχει
1813 2864 1949 2908 ταῦτα;
1975 2854 2030 2912 ἀρ’
2057 2854 2115 2898 οὖν
2141 2862 2190 2897 τῶ
2212 2859 2275 2910 μὲν
2298 2874 2402 2911 μηκει

1366 2937 1424 2961 και
1443 2924 1493 2974 τῷ
1523 2921 1662 2972 σώματι
1692 2921 1770 2959 καθ’
1788 2919 1878 2958 αὓτὰ
1906 2918 2066 2971 φαίνεται
2081 2922 2189 2956 ταῦτα
2207 2918 2400 2979 ὖπάρχειν,

1367 2981 1404 3020 06
1422 2980 1490 3032 γὰρ
1513 2983 1562 3032 τῶ
1583 2974 1669 3018 ε’ἶναί
1689 2994 1722 3017 τι
1742 2979 1854 3017 αὐτῶν
1875 2977 1951 3017 οὐδὲ
1971 2979 2019 3016 τῶ
2040 2981 2183 3017 τοιαῦτα
2198 2969 2287 3016 εἶναι
2307 2977 2403 3030 μερί-

1406 3134 1457 3164 48.
1498 3134 1606 3170 Quum
1638 3132 1747 3162 autem
1773 3128 1807 3160 id
1836 3126 1924 3169 quod
1952 3128 2116 3167 movetur,
2139 3136 2180 3160 ex
2199 3125 2340 3168 quodam
2367 3126 2403 3163 in

1365 3190 1520 3232 quiddam
1535 3189 1739 3232 promo-atur,
1760 3186 2014 3228 magnitudoque
2029 3186 2135 3218 omnis
2159 3185 2315 3218 continua
2328 3184 2371 3218 sit
2389 3196 2397 3217 :

1365 3252 1474 3282 motus
1489 3249 1634 3291 profecto
1652 3246 1905 3290 magnitudinem
1923 3245 2082 3287 sequitur.
2118 3246 2200 3278 Nam
2223 3244 2300 3286 quia
2325 3239 2396 3276 ma'-

1365 3307 1499 3348 gnitudo
1514 3307 1664 3339 contInua
1680 3306 1742 3345 est,
1761 3303 1883 3335 idcirco
1902 3304 1935 3335 et
1951 3305 2060 3334 motus
2072 3301 2246 3335 continuus
2263 3302 2326 3334 est.
2357 3301 2401 3334 At

1365 3365 1441 3406 quia
1457 3366 1567 3398 motus
1586 3364 1759 3398 continuus
1775 3363 1848 3403 est,
1865 3362 1963 3393 etiam
1980 3362 2111 3402 tempus
2129 3360 2318 3393 contInuum
2333 3359 2395 3392 est.

1365 3426 1513 3461 Quantus
1529 3423 1615 3457 onim
1631 3424 1681 3456 est
1699 3423 1818 3462 motus,
1834 3421 1963 3453 tantum
1975 3422 2009 3452 et
2019 3421 2149 3461 tempus
2162 3426 2288 3461 semper
2301 3417 2346 3450 fui
2348 3425 2400 3478 sse

1365 3482 1495 3515 videtui
