2508 3776
267 129 347 169 520

257 213 443 254 ἀποδοτέον
462 213 522 251 καὶ
551 211 728 262 πειστέον,
754 209 776 259 ἢ
798 210 890 249 ἔστιν
912 210 935 249 ἃ
952 211 1023 255 τοῖς
1046 206 1150 260 ἧττον
1172 212 1298 263 τιμίινς

256 289 315 312 και
333 271 577 327 φιλουμένοις
571 271 704 310 μᾶλλον
735 269 963 321 ἀποδώσομεν
983 270 1007 318 ἢ
1034 277 1105 318 τοῖς
1124 273 1299 324 τιμιωτά-

254 349 325 377 τοις
356 331 416 370 καὶ
436 330 635 383 φιλτάτοις
655 324 724 368 οἷον
741 358 751 377 ,
773 347 825 383 τῳ
846 330 969 405 πατρὶ
975 330 1092 372 πάντα
1122 334 1294 382 πειστέον,

255 391 285 439 ὅ,
306 408 340 429 τι
359 391 401 429 ἂν
422 389 481 429 καὶ
499 389 602 436 ἡνίκα
621 388 778 439 κελεύοι,
792 388 815 435 ἢ
833 391 894 428 οὐκ
915 390 992 443 ἀεί,
1009 390 1101 430 ἀλλὰ
1120 393 1299 443 κάμνοντα

256 444 317 495 μὲν
337 445 445 496 ἷατρῶ
466 441 650 490 πειστέον,
671 443 891 493 πολεμοῦντα
912 443 948 482 δὲ
970 449 1223 499 στρατηγικῷ·
1239 447 1299 485 καὶ

254 502 449 556 στρατηγὸν
481 504 689 555 χειροτονεῖν
722 501 815 546 ἄξιον
835 503 874 541 οὐ
907 502 962 542 τὸν
992 503 1089 557 φίλον
1111 503 1133 552 ἢ
1153 505 1210 544 τὸν
1233 522 1299 544 πα-

252 561 361 613 τέρα,
381 559 470 599 ἀλλὰ
495 576 552 599 τον
577 559 787 610 πολεμικόν·
809 559 936 611 ὁμοίως
967 561 1002 599 δὲ
1034 562 1125 601 δεῖ*
1112 570 1297 616 υπηρετεῖν

254 620 388 673 ποτέρι)
410 621 557 669 μᾶλλον,
571 636 621 673 τῳ
645 618 794 672 φίλῳ,
775 636 797 666 η
819 621 868 658 τῶ
889 620 1096 696 σπουδαίῳ,
1116 622 1176 661 καὶ
1192 623 1296 678 χάριν

253 681 371 719 δοῦναι
389 695 438 731 τῳ
458 679 584 733 ἑταίρω
614 678 636 725 ἢ
653 681 703 731 τῶ
729 678 889 731 εὐεργέτῃ
902 709 912 727 ‚
936 673 1049 718 καὶ’δ
1027 696 1056 733 ω
1077 681 1296 735 τυγχάνομεν

252 739 445 792 ὀφείλοντες
458 767 470 786 ,
495 738 554 777 ἐάν
573 754 613 791 γε
633 736 879 792 ἀμφοτέρουςῧ
901 741 939 778 εὐ
958 742 1104 788 ποιῆσαι
1124 742 1186 780 οὐκ
1205 740 1299 780 ἐνδέ-

252 814 375 851 χηται.

306 858 321 874 *
340 859 462 898 Ταῦτα
483 857 546 908 μὲν
577 853 635 897 οῦν
669 858 785 897 πάντα
816 858 906 898 κατὰ
930 857 1031 912 μέρος
1051 859 1111 898 καὶ
1141 860 1293 912 ἀκριὸῶς

253 917 471 970 διορίσασθαι
491 919 529 956 οὐ
551 916 666 971 ῥᾴδιον
683 928 692 938 ·
715 916 847 962 πολλὰς
868 916 934 970 γὰρ
960 918 1020 957 καὶ
1039 918 1206 963 παντοίας
1222 919 1296 973 ἔχει

252 976 437 1029 διαφοράς,
458 976 518 1015 καὶ
541 975 707 1022 ποικίλως
726 976 948 1031 διαφέρουσιν
972 978 1132 1025 ἀλλήλων
1151 979 1210 1018 καὶ
1231 995 1293 1030 με-

252 1037 366 1088 γέθει,
386 1037 446 1075 καὶ
467 1036 676 1089 μικρότητι,
699 1036 759 1074 καὶ
788 1038 838 1089 τῷ
867 1038 966 1089 καλῷ
982 1066 993 1086 ,
1014 1036 1074 1075 καὶ
1099 1039 1151 1088 ’τῷ
1181 1039 1294 1088 ἀναγ-

251 1096 356 1149 καίῳ.
378 1097 431 1135 Οὐ
450 1094 517 1148 γὰρ
538 1095 666 1144 ὁμοίως
689 1095 805 1134 πάντα
824 1094 932 1148 μικρὰ
951 1093 974 1142 ἢ
1002 1095 1178 1146 μεγάλαῆ
1202 1096 1294 1135 καλὰ

250 1153 274 1201 ἢ
296 1155 472 1207 ἀναγκαῖοί
497 1156 582 1193 εἰσιν
600 1168 609 1178 ·
630 1155 706 1192 ἀλλ’
730 1153 838 1192 ε’νίοτε
860 1154 899 1193 τὸ
927 1154 1129 1208 θεραπεύειν
1155 1154 1214 1195 τὸν
1239 1155 1295 1208 φί-

249 1214 310 1252 λον
352 1212 623 1265 ἀναγκαιότερον
657 1213 751 1252 δοκεῖ
781 1217 840 1252 τοῦ
873 1213 931 1251 τὸν
961 1214 1146 1253 σπουδαῖον
1187 1218 1295 1266 θερα-

252 1271 369 1312 πεύειν
383 1286 392 1295 ·
413 1271 520 1311 ἐνίοτε
541 1272 577 1310 δὲ
603 1273 659 1311 τὸν
694 1272 878 1325 εὐεργέτην
907 1273 1051 1311 κάλλιον
1082 1266 1121 1311 εὐ
1141 1279 1251 1313 ποιεῖν
1271 1275 1294 1321 ἢ

250 1332 308 1371 τὸν
330 1332 427 1386 φίλον
442 1362 451 1379 ,
470 1332 531 1371 καὶ
556 1331 595 1371 τὸ
617 1331 790 1371 ἀνάπαλιν
810 1345 820 1355 ·
840 1332 897 1371 διὰ
914 1335 1016 1371 τοῦτο
1032 1331 1132 1385 λόγον
1166 1333 1293 1386 ἀκριδῆ

250 1392 330 1443 περὶ
349 1391 480 1431 τούτων
500 1391 646 1430 ἑκάστου
673 1392 791 1430 δοῦναι
808 1392 846 1429 οὗ
868 1391 1024 1430 δυνατόν.

304 1451 337 1466 **
353 1453 468 1490 Τοῦτο
489 1450 523 1488 δὲ
542 1449 704 1503 φανερόν,
716 1450 768 1489 ὅτι
790 1451 828 1488 οὐ
843 1450 958 1488 πάντα
976 1451 1027 1502 τῷ
1044 1451 1137 1503 αὐτῷ
1160 1452 1293 1490 ἀποδο-

249 1509 325 1549 τέον
342 1521 350 1532 ·
376 1510 465 1548 ἀλλὰ
487 1510 547 1553 τὰς
569 1509 631 1559 μὲν
654 1508 854 1561 εὐεργεσίας
875 1515 945 1554 τοῖς
966 1511 1164 1563 εὐεργέταις
1193 1513 1295 1550 ἀντα-

249 1568 428 1608 ποδιδόναι
454 1567 691 1619 δικαιότερον,
726 1571 771 1612 ὡς
802 1568 859 1607 ἐπὶ
890 1568 930 1606 τὸ
959 1567 1047 1606 πολὺ
1079 1570 1238 1619 μᾶλλον,
1271 1570 1292 1618 ἢ

248 1630 452 1681 χαρίζεσθαι
481 1632 551 1670 τοῖς
574 1627 744 1680 ἑταίροις·
780 1627 940 1678 καθάπερ
965 1626 1097 1666 δάνειον
1125 1632 1175 1683 τῷ
1207 1629 1295 1683 χρή-

250 1702 350 1725 σαντι
374 1687 506 1738 μᾶλλον
527 1685 699 1735 δοτέον,
680 1703 702 1733 η
723 1702 772 1739 τῳ
789 1686 934 1740 ἑταίρῳ.

303 1746 357 1763 ***
380 1746 440 1790 Ὡς
462 1745 519 1784 ἐπὶ
536 1747 576 1784 τὸ
596 1744 683 1783 πολυ
706 1744 742 1783 δὲ
755 1727 873 1796 λέγω,
896 1744 950 1784 ὅτι
970 1745 1155 1796 συμὸαίνει
1176 1747 1236 1787 καὶ
1256 1747 1294 1786 τὸ

250 1806 459 1846 ἀνάπαλιν
441 1804 652 1857 οικαιότερον
675 1808 775 1842 εἰναι·
795 1808 883 1852 οἷον,
899 1806 948 1858 τῷ
969 1806 1179 1859 λυτρωθέντι
1197 1808 1294 1859 παρὰ

247 1866 404 1917 λῃστῶν,
426 1872 439 1889 ⁰
459 1862 605 1916 πότερον
627 1863 684 1901 τὸν
707 1862 901 1914 λυσάμενον
925 1844 1207 1915 ἀντιλυτρωτέον,
1228 1865 1294 1905 κᾶν

249 1927 407 1963 ὁστισοῦν
431 1917 473 1975 ἦ,
495 1921 516 1969 ἢ
541 1922 588 1970 μὴ
611 1922 782 1962 ἑαλωκότι
805 1921 886 1973 μέν,
915 1925 1122 1963 ἀπαιτοῦντι
1144 1924 1179 1963 δὲ
1201 1926 1294 1978 αὐτῷ

251 1982 440 2023 ἀποδοτέον
455 2012 465 2032 ,
486 1981 508 2029 ἢ
538 1982 731 2034 λυτρωτέον
761 1980 820 2020 τὸν
841 1981 1001 2035 πατέρα,
1024 1982 1132 2028 δόξειε
1159 1983 1225 2037 γὰρ
1252 1984 1293 2024 ἂν

249 2043 308 2081 καὶ
346 2045 468 2081 ἑαυτοῦ
496 2043 629 2092 μᾶλλον
656 2041 714 2080 τὸν
741 2041 892 2095 πατέρα·
915 2042 973 2081 διὰ
1003 2047 1105 2082 τοῦτο
1127 2043 1289 2096 εἴρηται,

249 2101 399 2141 καθόλου
431 2100 493 2152 μὲν
531 2101 590 2139 καὶ
621 2103 667 2144 ὡς
697 2100 755 2140 ἐπὶ
775 2100 814 2139 τὸ
849 2100 937 2139 πολὺ
971 2102 1226 2143 ἀνταποδοτέον
1254 2104 1293 2142 τὸ

250 2163 426 2215 ὀφείλημα
462 2159 640 2211 μᾶλλον-’ἢ
670 2160 855 2214 χαριστέον
878 2163 927 2213 τῷ
957 2161 1167 2216 φιλουμένῳ.
1205 2163 1293 2202 Ἐὰν

248 2222 285 2259 δὲ
308 2222 348 2260 τὸ
365 2219 580 2273 χαρίσασθαι
597 2225 666 2264 τοῖς
697 2219 808 2272 φίλοις
827 2219 917 2258 οὕτω
945 2219 1078 2274 σφόδρα
1103 2222 1293 2272 ἀναγκαῖον

247 2275 271 2331 ἦ
293 2280 352 2319 καὶ
369 2279 475 2319 καλόν
489 2309 499 2328 ,
526 2281 573 2323 ὡς
590 2279 823 2332 ὓπερὸοίλλειν
844 2278 884 2318 τὸ
906 2280 991 2332 πρὸς
1017 2279 1094 2324 τοὺς
1113 2279 1295 2333 εὐεργέτας

249 2339 404 2386 δίκαιον,
427 2355 511 2391 προς
535 2342 636 2378 τοῦτο
666 2338 904 2378 ἀποκλιτέον·
935 2339 1011 2378 ἐπεὶ
1046 2339 1124 2378 οὐδὲ
1159 2339 1213 2378 ἀεὶ
1246 2339 1295 2379 δί-

248 2399 346 2438 καιόν
366 2415 437 2438 εστι
452 2398 466 2421 ‘¹
487 2398 543 2436 τὸν
576 2398 760 2459 εὐεργέτην
795 2398 1032 2452 ἀμείψασθαι,
1059 2401 1088 2437 εἶ
1121 2399 1294 2452 μοχθηρὸς

250 2458 303 2505 εἴη
321 2460 339 2496 ὃ
359 2456 563 2534 εὐεργέτης·
584 2461 671 2506 οἱον,
695 2457 727 2496 εἴ
744 2473 794 2502 τις
814 2459 935 2511 ἀγαθῷ
960 2458 1134 2498 δεδάνεικε
1151 2463 1290 2512 μοχθη-

251 2517 330 2570 ρός,
351 2519 388 2556 οὐ
410 2517 477 2569 γὰρ
509 2522 526 2556 ὃ
545 2517 673 2568 ἀγαθὸς
703 2517 853 2557 δανείσει
883 2521 934 2570 τῷ
963 2521 1166 2572 μοχθηρῶ·
1193 2522 1211 2558 ὃ
1231 2519 1294 2570 μὲν

249 2576 317 2628 γὰρ
338 2575 455 2623 εἰδώς,
484 2577 536 2614 ὅτι
567 2577 717 2629 λήψεται
734 2584 747 2601 ‘³
762 2576 860 2630 παρὰ
879 2581 938 2616 τοῦ
970 2579 1123 2629 ἀγαθοῦ,
1143 2577 1294 2618 δεδάνει-

250 2651 328 2683 κεν,
349 2638 366 2673 ὃ
386 2635 422 2672 δὲ
442 2636 566 2687 ἀγαθὸς
585 2638 646 2675 οὐκ
663 2637 812 2681 ἐλπίζων
832 2637 1077 2690 ἀπολήψεσθαι
1097 2638 1158 2676 οὐκ
1181 2640 1294 2678 ἀδικεῖ

252 2694 302 2744 μὴ
323 2693 503 2738 δανείζων.
526 2694 610 2733 Εἴτε
639 2694 752 2733 τοίνυν
781 2697 894 2742 ἀληθῆ
924 2696 1004 2748 περὶ
1034 2699 1096 2735 τοῦ
1117 2701 1295 2750 μοχθηροῦ

250 2752 384 2802 νομίζει
404 2754 421 2789 ὃ
442 2751 583 2803 ἀγαθός,
610 2754 655 2796 ὡς
675 2753 734 2791 καὶ
754 2757 853 2792 τοῦτο
882 2754 1057 2808 μοχθηρὸς
1089 2754 1205 2805 ἔσται,
1235 2757 1294 2795 καὶ

251 2813 315 2850 οὒκ
345 2811 539 2859 ἀποδώσει,
573 2813 690 2851 εἰκότα
725 2818 817 2851 ποιεῖ
851 2813 900 2863 μὴ
924 2814 1087 2860 δανείζων
1113 2827 1122 2838 ·
1145 2815 1215 2854 εἴτε
1245 2816 1294 2867 μὴ

251 2870 361 2912 οὕτως
392 2869 488 2922 ἔχει,
512 2870 620 2909 οἴεται
649 2872 706 2919 δέ,
728 2871 788 2910 καὶ
809 2872 866 2910 διὰ
894 2877 997 2912 τοῦτο
1017 2876 1078 2913 οὐκ
1108 2874 1295 2925 ἀμείὸεται

251 2930 322 2974 τοῖς
340 2929 444 2976 ἴσοις,
466 2929 525 2968 καὶ
545 2929 652 2975 οὕτως
670 2933 707 2969 οὐ
726 2931 845 2984 πόῤῥω
867 2938 959 2971 ποιεῖ
978 2936 1037 2972 τοῦ
1055 2933 1205 2972 δικαίου.
1240 2936 1294 2975 Οὐ

251 2990 319 3042 γάρ
342 2990 412 3028 ἔστι
433 2989 564 3027 δίκαιον
579 3019 590 3037 ,
620 2990 642 3028 ἃ
671 2989 808 3029 δίδωσιν
829 2993 846 3029 ὁ
869 2994 996 3044 φαῦλος
1024 2995 1074 3046 τῷ
1095 2995 1293 3048 σπουδαίῳ,

251 3052 363 3088 ταῦτα
382 3049 441 3087 καὶ
460 3050 544 3100 παρ’
566 3048 695 3088 ἐκείνου
713 3050 905 3100 λαμὸάνειν
928 3065 938 3076 ·
961 3054 998 3091 οὐ
1013 3052 1088 3105 ’γάρ
1110 3055 1202 3092 ἐστιν
1223 3054 1296 3093 ἴσον

252 3110 291 3149 τὸ
303 3108 401 3160 παρὰ
413 3112 472 3147 τοῦ
493 3109 685 3162 φαύλουτῷ
705 3109 803 3163 παρὰ
815 3114 874 3148 τοῦ
892 3112 1038 3163 ἀγαθοῦ,
1058 3112 1140 3151 ὅταν
1159 3113 1198 3152 τὸ
1212 3112 1295 3152 αὐτὸ

252 3168 503 3221 γίνηταιῗπαρ’
525 3167 686 3215 ἀλλήλων
707 3168 928 3222 ἀμφοτέροις·
945 3172 1059 3219 μεῖζον
1080 3170 1148 3222 γὰρ
1164 3171 1296 3223 γίνεται

254 3231 302 3281 τῷ
320 3227 490 3279 ἀξιώματι
515 3231 575 3267 τοῦ
604 3227 753 3272 διδόντος
773 3241 781 3250 ·
799 3227 855 3266 διὰ
874 3231 976 3267 τοῦτο
993 3229 1143 3282 εἴρηται,
1167 3230 1220 3269 ὅτι
1236 3233 1297 3270 οὐκ

1098 123 1378 168 ANDRONIGI
1406 126 1585 170 RHODII

1361 218 1537 253 tribuenda
1554 219 1619 253 sint
1635 221 1670 253 et
1688 220 1722 254 in
1744 221 1898 256 omnibus
1926 223 2027 258 rebus
2050 233 2124 260 mos
2151 227 2196 261 sit
2218 229 2401 271 gerendus,
2419 267 2427 272 „
2451 223 2453 226 ¹

1361 286 1403 310 an
1417 276 1482 309 sint
1497 277 1650 319 quaedam
1665 286 1742 320 quae
1754 279 1946 313 hominibus
1963 281 2072 316 minus
2088 283 2257 319 honoratis
2269 289 2303 320 et
2319 287 2406 321 caris
2456 283 2459 285 ’

1361 332 1473 375 potius
1494 331 1701 375 tribuamus,
1727 343 1830 377 quam
1851 334 1932 369 viris
1953 335 2216 374 honoratissimis
2245 343 2279 375 et
2299 341 2405 378 caris·

1362 387 1453 420 simis
1475 396 1483 416 t
1501 388 1641 430 exempli
1669 390 1791 431 gratia,
1816 389 1901 424 sitne
1917 391 2004 434 patri
2022 391 2058 426 in
2083 395 2172 428 omni
2191 396 2323 439 negotio
2338 396 2403 432 ob-

1361 441 1627 484 temperandum,
1652 443 1818 487 quidquid
1837 446 1871 477 et
1889 454 1995 489 quum
2020 446 2252 490 imperaverit,
2273 460 2316 485 au
2335 460 2401 486 non

1361 504 1498 538 semper,
1519 495 1576 529 sed
1592 496 1704 539 potius
1719 497 1778 540 qui
1794 506 1880 540 aeger
1899 500 1949 531 est
1969 499 2096 533 medico
2114 510 2239 544 parere,
2258 505 2317 546 qui
2334 504 2400 538 mi-

1360 547 1434 581 litat
1461 549 1650 591 imperatori
1677 550 1811 584 obedire
1841 551 1962 585 debeat
1988 562 1996 586 z
2024 563 2206 598 rursusque
2228 557 2304 591 uter
2324 556 2404 591 beni

1360 601 1428 634 dux
1446 602 1637 644 deligendus
1653 603 1716 643 sit,
1742 604 1910 638 amicusne
1929 607 1987 638 aut
1999 609 2104 649 pater,
2129 617 2170 641 an
2183 608 2236 642 vir
2250 609 2301 644 rei
2312 610 2404 644 mili-

1359 654 1441 686 taris
1463 655 1589 696 peritus
1606 667 1613 689 :
1630 657 1710 690 item
1723 684 1730 696 ‚
1752 657 1899 690 amicone
1917 668 1958 691 an
1972 659 2044 692 viro
2060 661 2145 694 bono
2161 661 2266 705 magis
2282 656 2334 696 stt
2349 661 2404 696 in-

1360 707 1567 741 serviendum
1589 721 1597 741 :
1616 711 1649 742 et
1666 710 1830 752 numquid
1849 711 1952 745 sodali
1978 713 2086 755 magis
2101 722 2202 756 quam
2224 714 2401 750 beneflcio-

1359 769 1434 792 rum
1453 760 1600 800 auctori,
1618 762 1651 793 et
1676 761 1729 794 cui
1747 761 1810 795 hoc
1835 762 1994 796 debemus
2021 764 2132 806 potius
2149 765 2401 807 gratificandum

1359 812 1421 851 sit,
1444 812 1472 846 si
1485 812 1525 846 de
1542 816 1682 856 utroque
1697 814 1779 848 bene
1795 816 1913 849 mereri
1939 825 1999 849 nos
2021 826 2075 850 res
2090 827 2155 852 non
2173 818 2264 856 sinit.

1399 866 1478 899 Haec
1503 866 1604 908 igitur
1631 867 1786 901 universa
1818 868 1986 910 sigillatim
2017 873 2237 915 accurateque
2267 872 2402 908 definire

1357 933 1421 958 non
1437 923 1532 957 facile
1548 927 1599 958 est
1617 935 1625 954 ε
1653 927 1839 968 praesertim
1863 937 1968 970 quum
1986 937 2102 963 eorum
2122 939 2224 974 prope
2248 931 2403 967 innume-

1358 983 1477 1016 rabiles
1500 983 1786 1019 dissimilitudines
1814 986 1898 1028 sint,
1929 987 2140 1032 multumque
2162 991 2196 1024 et
2216 990 2306 1025 vario
2328 993 2402 1026 tum

1357 1042 1580 1083 magnitudine
1598 1045 1632 1076 et
1651 1044 1834 1086 parvitate,
1861 1047 1934 1079 tum
1953 1046 2125 1082 honestate
2147 1050 2182 1082 et
2205 1049 2402 1086 necessitate

1357 1100 1443 1134 inter
1468 1110 1504 1134 se
1519 1100 1687 1135 differant.
1723 1104 1838 1146 Neque
1860 1106 1947 1137 enim
1968 1105 2078 1138 omnia
2104 1114 2199 1150 oeque
2216 1102 2320 1150 parra
2335 1110 2402 1143 aut

1357 1169 1493 1202 magua,
1513 1163 1573 1194 aut
1587 1161 1725 1195 honesta
1744 1164 1802 1195 aut
1826 1163 2011 1197 necessaria
2028 1166 2128 1206 suut;
2150 1164 2209 1200 sed
2232 1165 2401 1205 interdum

1356 1210 1514 1251 inservire
1534 1219 1640 1251 amico
1660 1220 1764 1262 magis
1790 1220 1922 1254 videtur
1943 1222 2184 1263 necessarium,
2205 1232 2308 1267 quam
2328 1223 2401 1259 viro

1356 1277 1441 1311 bono
1465 1289 1473 1310 ε
1493 1286 1728 1321 nonnunquam
1754 1288 1833 1313 vero
1859 1280 1900 1314 de
1914 1281 2146 1316 beneficiorum
2169 1284 2305 1318 auctore
2319 1283 2402 1322 bene

1356 1337 1478 1372 mereri
1501 1341 1638 1381 praestat
1653 1365 1661 1380 ,
1694 1349 1794 1383 quam
1815 1341 1856 1375 de
1872 1342 1998 1382 amico,
2022 1344 2059 1381 ,et
2082 1345 2198 1377 contra
2223 1356 2232 1379 :
2258 1343 2402 1389 ideoque

1356 1399 1544 1431 accuratam
1564 1399 1768 1442 singulorum
1786 1400 1946 1434 rationem
1962 1402 2101 1436 reddere
2112 1412 2210 1437 nemo
2221 1405 2345 1446 potest.

1397 1456 1467 1488 Hoc
1483 1458 1595 1488 autem
1609 1458 1764 1499 apparet,
1784 1466 1848 1491 non
1861 1457 1970 1491 omnia
1987 1457 2094 1492 eidem
2104 1468 2176 1493 esse
2192 1458 2399 1503 praestandae

1356 1515 1413 1549 sed
1437 1515 1633 1558 plerumque
1657 1516 1788 1559 aequius
1813 1518 1884 1558 est,
1901 1526 1960 1550 nos
1989 1517 2146 1552 beneficia
2169 1518 2212 1552 iis
2234 1527 2255 1552 a
2274 1519 2400 1563 quibus

1355 1574 1576 1617 acceperimus
1594 1574 1701 1617 potius
1720 1575 1846 1609 referre
1859 1602 1866 1615 ,
1890 1585 1992 1619 quam
2010 1576 2181 1612 sodalibus
2193 1577 2370 1620 gratificari
2388 1591 2398 1613 ε

1355 1633 1634 1676 quemadmodum
1648 1634 1820 1677 pecuniam
1842 1635 2002 1669 creditam
2022 1635 2178 1670 creditori
2200 1637 2312 1681 potius
2326 1637 2399 1674 red·

1355 1692 1447 1732 dere,
1479 1702 1580 1735 quam
1596 1693 1698 1726 sodali
1715 1693 1837 1727 donare
1856 1694 2026 1731 debemus.

1396 1753 1594 1796 Plerumque
1625 1755 1738 1786 autem
1774 1756 1947 1796 propterea
1991 1754 2084 1796 dico,
2120 1755 2200 1798 quia
2231 1755 2399 1791 interdum

1356 1814 1454 1848 etiam
1470 1814 1526 1853 fit,
1551 1816 1590 1847 ut
1608 1814 1809 1847 contrarium
1821 1815 1944 1857 justius
1957 1815 2001 1848 sit
2021 1825 2029 1846 :
2050 1815 2142 1849 verbi
2155 1816 2270 1859 gratia,
2286 1818 2400 1851 utrum

1355 1867 1383 1899 is
1401 1867 1461 1910 qui
1479 1877 1499 1900 a
1517 1867 1728 1910 praedonibus
1756 1867 1925 1901 redemtus
1952 1868 2015 1907 sit,
2042 1877 2120 1902 eum
2140 1869 2199 1912 qui
2224 1869 2400 1904 redemerit

1355 1922 1489 1962 captum
1513 1920 1660 1953 vicissim
1678 1920 1838 1953 redimere
1851 1946 1858 1959 ,
1879 1920 2031 1963 quisquis
2047 1923 2115 1959 est,
2144 1923 2204 1954 aut
2221 1930 2286 1955 non
2302 1923 2398 1965 capto

1355 1973 1402 2006 illi
1422 1973 1572 2016 quidem,
1595 1973 1654 2006 sed
1680 1974 1841 2016 repetenti
1871 1973 1962 2016 quod
1988 1974 2210 2016 impenderit,
2239 1974 2396 2015 reddere,

1355 2036 1396 2060 an
1414 2028 1542 2069 patrem
1559 2025 1721 2059 redimere
1736 2026 1857 2059 debet?
1872 2035 1949 2059 nam
1966 2028 2095 2069 patrem
2106 2027 2218 2071 potius
2229 2035 2331 2072 quam
2347 2027 2400 2062 vel

1355 2089 1390 2112 se
1414 2079 1522 2121 ipsum
1550 2079 1712 2112 redimere
1728 2075 1860 2112 'debere
1886 2079 2050 2113 videatur.
2083 2079 2306 2119 Quamobrem
2323 2078 2399 2115 uni-

1355 2141 1449 2171 verse
1472 2135 1504 2165 et
1523 2132 1717 2175 plerumque
1737 2133 1772 2166 id
1794 2133 1884 2176 quod
1900 2133 2041 2166 debetur
2060 2133 2173 2176 potius
2194 2132 2405 2167 reddendum

1356 2195 1427 2220 esse
1458 2185 1622 2224 diximus,
1655 2195 1756 2228 quam
1786 2186 1891 2219 amico
1919 2186 2183 2229 gratificandum.
2211 2188 2400 2221 sinautem

1356 2238 1533 2281 gratificari
1561 2238 1674 2271 amicis
1698 2238 1744 2271 ita
1767 2239 1942 2272 honestum
1969 2241 2003 2273 et
2019 2239 2306 2282 pernecessarium
2328 2242 2397 2280 est,

1356 2293 1395 2325 ut
1422 2292 1477 2334 jus
1509 2290 1741 2324 beneficiorum
1766 2292 1957 2325 auctoribus
1978 2292 2130 2326 debitum
2163 2292 2317 2333 excedat,
2338 2303 2405 2337 po*

1355 2342 1422 2375 tius
1438 2350 1476 2374 eo
1500 2340 1723 2373 inclinandum
1744 2350 1752 2371 :
1783 2341 1966 2383 praesertim
1990 2351 2096 2384 quum
2111 2351 2153 2375 ne
2181 2351 2310 2386 semper
2327 2344 2399 2386 qui-

1355 2392 1430 2425 dem
1447 2390 1597 2423 beneficii
1626 2391 1794 2423 auctorem
1815 2391 2015 2424 remunerari
2033 2391 2084 2424 fas
2104 2391 2165 2431 sit,
2184 2391 2213 2424 si
2227 2391 2400 2434 improbus

1355 2441 1396 2474 sit
1424 2440 1479 2473 ille
1507 2439 1665 2481 praebitor
1689 2449 1696 2470 :
1722 2440 1862 2482 exempli
1895 2449 2010 2480 causa,
2037 2440 2064 2473 si
2096 2440 2195 2473 homo
2226 2441 2399 2484 improbus

1356 2490 1426 2523 viro
1463 2490 1548 2522 bono
1582 2488 1753 2530 pecuniam
1791 2491 1945 2522 mutuam
1980 2489 2089 2529 dedit,
2140 2490 2400 2535 haudquaquam

1354 2542 1526 2583 propterea
1555 2539 1605 2572 vir
1633 2539 1740 2572 bonus
1762 2539 1913 2582 improbo
1937 2540 2110 2582 pecuniam
2141 2540 2252 2574 credet
2275 2554 2283 2575 :
2316 2542 2400 2575 alter

1355 2590 1439 2622 enim
1457 2588 1546 2631 quod
1567 2587 1685 2629 sciret,
1706 2598 1740 2621 se
1757 2589 1930 2631 pecuniam
1950 2592 2163 2632 recepturum
2189 2599 2262 2624 esse
2283 2600 2303 2624 a
2326 2591 2400 2624 viro

1354 2640 1449 2678 hono,
1466 2638 1587 2671 idcirco
1605 2638 1754 2677 credidit,
1773 2639 1825 2672 vir
1840 2640 1946 2672 bonus
1956 2641 2070 2672 autem·
2080 2649 2185 2682 quum
2199 2650 2264 2686 non
2278 2643 2398 2684 speret,

1356 2700 1390 2724 se
1406 2699 1478 2723 eam
1498 2698 1569 2722 esse
1588 2690 1819 2730 recepturum,
1844 2688 1969 2731 injuste
1985 2698 2050 2722 non
2070 2687 2170 2727 facit,
2190 2689 2299 2723 sinon
2325 2700 2399 2724 cre-

1355 2741 1414 2774 dit.
1429 2740 1506 2772 Sive
1516 2739 1616 2781 igitur
1626 2747 1745 2772 verum
1759 2741 1810 2771 est
1822 2738 1913 2781 quod
1929 2738 1971 2771 de
1982 2738 2132 2780 improbo
2145 2738 2203 2771 illo
2213 2739 2399 2782 suspicatur

1362 2791 1411 2824 vir
1430 2790 1556 2828 bonus,
1582 2798 1658 2822 eum
1686 2788 1840 2821 videlicet
1861 2789 1924 2821 hac
1948 2797 2082 2830 quoque
2107 2787 2142 2821 in
2166 2790 2260 2830 parte
2275 2788 2397 2831 impro-

1356 2842 1434 2873 bum
1451 2840 1522 2872 fore
1535 2864 1543 2878 ‚
1564 2848 1675 2881 neque
1691 2838 1854 2871 creditum
1879 2837 2092 2871 redditurum
2105 2863 2112 2875 ,
2142 2839 2234 2870 recte
2256 2837 2332 2871 facit
2343 2863 2353 2878 ,
2371 2838 2400 2871 si

1356 2899 1420 2923 non
1439 2888 1553 2922 credat
1570 2901 1578 2920 ε
1596 2887 1665 2921 sive
1680 2887 1777 2920 aliter
1790 2897 1824 2921 se
1840 2897 1894 2921 res
1916 2887 2016 2920 habet
2027 2911 2038 2927 ‚
2055 2886 2115 2920 sed
2137 2886 2195 2920 ille
2220 2887 2348 2919 tautum
2365 2887 2400 2920 id

1356 2938 1552 2980 suspicatur,
1573 2936 1712 2979 ideoque
1722 2946 1781 2979 par
1798 2936 1868 2979 pari
1879 2945 1943 2969 non
1955 2936 2073 2974 refert,
2091 2943 2133 2968 ne
2149 2934 2197 2967 sic
2209 2934 2346 2977 quidem
2358 2935 2399 2969 ab

1355 2988 1462 3021 officio
1476 2986 1628 3020 recedere
1650 2986 1794 3020 videtur.
1827 2989 1940 3028 Neque
1967 2986 2054 3018 enim
2081 2994 2216 3027 aequum
2237 2986 2310 3026 est,
2323 2995 2399 3028 quae

1355 3038 1453 3070 homo
1473 3037 1582 3069 malus
1599 3035 1651 3068 vir
1664 3036 1748 3069 bono
1764 3035 1911 3077 dederit,
1928 3034 2044 3067 eadem
2060 3033 2100 3066 ab
2115 3033 2172 3066 illo
2193 3034 2232 3066 ut
2251 3033 2394 3067 vicissim

1356 3087 1494 3129 accipiat
1514 3100 1521 3119 :
1541 3085 1620 3128 quia
1644 3095 1708 3118 non
1738 3087 1791 3119 est
1820 3084 1948 3127 oequale
1973 3083 2009 3116 id
2025 3082 2123 3124 quod
2148 3082 2206 3115 dat
2226 3082 2398 3125 improbus

1357 3136 1386 3169 ei
1396 3136 1486 3178 quod
1502 3136 1560 3169 dat
1574 3137 1626 3169 vir
1638 3135 1756 3176 bonus,
1769 3134 1902 3177 quaudo
1920 3132 2077 3174 contingit
2094 3131 2239 3173 utrique,
2262 3132 2302 3164 ut
2315 3130 2398 3163 alter

1349 3186 1452 3218 ‘alteri
1468 3186 1556 3218 idem
1571 3184 1731 3226 largiatur
1750 3194 1759 3214 ι
1781 3184 1903 3227 quippe
1921 3183 2030 3225 majus
2039 3182 2078 3214 fit
2090 3181 2200 3214 dantis
2213 3180 2372 3223 dignitate
2387 3190 2395 3213 :

1356 3235 1510 3278 quocirca
1525 3235 1688 3273 diximus,
1707 3243 1773 3267 non
1793 3241 1920 3275 semper
1932 3231 2167 3266 beneficiorum
2178 3233 2329 3264 auctores
2343 3240 2398 3274 po-

296 3342 312 3358 *
334 3341 398 3382 Ap'
425 3341 480 3374 οὗν
510 3342 618 3374 πάντα
651 3341 693 3375 τὰ
719 3344 854 3375 τοιαῦτα
879 3343 948 3377 κτλ
970 3358 1011 3366 —
1027 3341 1090 3361 **
1091 3341 1160 3375 Ὀτι
1181 3343 1215 3376 δὲ
1239 3344 1276 3376 οὐ
1294 3343 1403 3379 πάντα
1421 3346 1468 3387 τῷ
1487 3344 1577 3385 αὐτῷ
1600 3343 1791 3393 ἀποδοτέον
1801 3342 1878 3391 κτλ.
1889 3359 1932 3365 ·-
1959 3340 2015 3359 ***
2043 3340 2140 3379 Ἴσως
2158 3340 2186 3372 δ’
2213 3340 2286 3375 οὐδὲ
2310 3336 2396 3373 τοῦτ’

255 3389 316 3431 ἀεί,
335 3391 404 3423 κτλ.

2492 690 2500 703 ιΙ

2498 802 2501 830 ε

2494 879 2502 948 ἓ
