2528 3788
87 311 90 317 ’
113 303 190 351 δή
207 307 271 354 τῆς
292 309 353 345 τοῦ
371 305 480 350 πέλας
497 305 660 359 εὐτυχίης
675 310 693 337 ⁸
710 307 773 354 τῆς
789 305 1016 359 ὀφειλομένης
1034 308 1052 332 ¹¹
1073 309 1161 345 ἑωυ-

64 382 79 400 22
115 365 372 419 ἢεῦπρηγίης
387 364 649 418 ἅποστερέεται.

169 423 366 476 (stobaeus
390 425 496 464 Flor.
525 424 642 474 cvu,
664 438 704 475 9.
724 423 916 466 Εὖσεὸίου.
933 424 1083 476 Scripsi
1108 439 1117 462 τ
1149 429 1164 447 ⁸

113 482 435 538 μεγαλοπρεπέως;
456 484 574 524 codd.
594 484 885 536 μεγαλοπρεπῶς.
903 503 958 513 -
975 489 993 514 b
1010 483 1163 535 τιμέων-

49 540 65 577 ’ῗῖ
110 556 171 583 ται
185 557 274 584 cum
290 543 446 584 Halmio
459 560 471 593 ;
486 542 822 593 σοᾶᾶιτετιμέαται
838 543 900 582 vel
922 542 1163 594 τετιμέωνται.

9 1343 51 1387 t'„

10 1360 59 1496 ι

109 624 163 634 -
175 607 191 628 ⁶
204 603 332 656 ἀτίμου
349 618 436 644 cum
449 604 607 652 eodem3
621 602 719 642 libri
737 601 868 656 ἀτίμῳ.
887 623 941 632 -
956 600 974 626 ‘¹
989 603 1167 651 πολυκτή-

111 677 234 718 μονες;
251 663 345 703 libri
359 664 514 704 πολλῶν.
535 684 588 693 -
603 665 618 685 ²
631 660 844 715 ἐγκύψαντες
858 676 945 701 cum
959 662 1165 702 Wesselin·

110 723 177 773 gio
191 724 242 764 ad
261 724 450 764 Herodot.
472 723 558 772 Vll,
583 722 655 760 152
672 737 683 771 3
708 722 823 762 codd.
841 722 1092 776 ἐγκρύψαντες.
1111 744 1165 752 —

110 780 124 806 ‘
141 783 418 838 ἐπιφρασάμενοι
435 797 524 823 cum
551 782 812 834 wesselingio
829 783 857 823 1.
875 798 923 834 c.;
944 784 1061 823 codd.
1086 785 1163 822 ἐπι-

110 841 332 894 φραιάμενοι.
349 863 406 874 --
419 847 438 874 ⁸
453 841 636 896 εὗτυχίης;
652 842 764 882 codd.
781 841 955 895 εὖτυχίας.
971 863 1026 872 -
1038 845 1057 869 ¹¹
1071 846 1163 896 ὀφει-

108 898 274 952 λομένηςς
287 902 538 942 ¹membranae
559 900 822 955 ὀφειλευμένης.
842 903 922 953 —-)

161 970 212 1000 σο.
244 958 400 1015 Ἀνιηροῦ
416 977 477 1000 τευ
491 960 774 1014 προσπεσόντος,
795 960 916 999 ἔπειτα
935 959 1161 1013 χαλεπαίνειν

109 1019 202 1058 τοῖσι
217 1021 328 1059 θεοῖσι
339 1023 355 1042 ⁸
372 1020 475 1070 μέζον
491 1019 508 1044 ¹²
526 1019 634 1058 κακόν
650 1022 726 1066 ἐστι
746 1019 894 1067 ζητέειν.

163 1077 355 1128 (Stobaeus
366 1071 473 1118 Flor'.
490 1079 655 1129 CXXIV,
673 1081 736 1119 38.
754 1079 942 1120 Εὐσεδίου.
958 1079 1108 1132 Scripsi
1127 1094 1135 1117 ε
1152 1083 1166 1101 ⁸

108 1141 199 1177 τοῖσι
240 1140 370 1188 θεοῖσι;
387 1138 496 1178 *libri
525 1144 597 1183 τοῖς
637 1139 738 1183 θεοῖς.
770 1160 822 1169 —·
847 1138 865 1163 ¹³
891 1138 1012 1190 μέζον;
1048 1140 1163 1178 codd.

109 1199 240 1248 μεῖζον.
259 1198 326 1251 -)

163 1270 213 1300 οι.
243 1257 407 1312 Ἀνιηροῦ
437 1275 497 1299 τευ
531 1258 794 1314 προσπεσόντος
809 1289 820 1310 ,
849 1258 882 1298 εἴ
908 1275 941 1297 τι
967 1264 1026 1299 τοῦ
1052 1274 1166 1312 παρε-

15 1322 47 1340 ·”
113 1320 266 1363 στεῶτος
289 1321 307 1342 ⁸
324 1317 401 1358 ἔστι
430 1318 560 1373 εὖρέειν
581 1317 685 1371 μέζον
709 1318 738 1367 ¹¹,
759 1317 938 1370 ἐπιλέγεο,
958 1318 1018 1357 καὶ
1036 1317 1164 1369 εὑρών,

109 1376 163 1416 ὅτι
179 1377 230 1428 μὴ
249 1377 490 1426 ἐκεῖνο,’ἀλλὰ
510 1377 552 1414 τὸ
575 1380 673 1427 μεῖον
694 1376 784 1428 ἔχεις
796 1408 806 1424 ,
834 1377 1000 1423 ἄσπάζεο.

163 1435 366 1488 (Stobaeus
387 1435 494 1476 Flor.
512 1434 683 1486 CXXIV,
700 1436 766 1486 39.
786 1435 972 1475 Εὗσεὸίου.
990 1437 1138 1486 Scripsi
1154 1450 1165 1475 .·

36 1514 62 1547 5³1
109 1500 125 1518 ¹
145 1497 412 1549 παρεστειῗντοςς
428 1495 525 1535 libri
545 1496 812 1548 παραστεῶτος.
832 1516 885 1525 -
904 1494 922 1520 ¹³
940 1494 1014 1534 ἔστι
1040 1493 1168 1547 εὓρέειν

111 1553 214 1608 μᾶον
225 1571 238 1605 ;
252 1556 369 1596 codd.
395 1554 490 1596 ἐστὶν
508 1556 620 1607 εὑρεῖν
638 1557 768 1606 μεῖζον.
787 1554 798 1606 )

37 1614 54 1670 ff
119 1639 128 1642 >
166 1616 216 1655 ω’.
245 1612 507 1668 Σωφροσύνην,
533 1611 642 1666 τόπερ
684 1614 727 1662 δὴ
762 1612 824 1652 καὶ
869 1612 1166 1665 ἀναγκαιότατον,

113 1672 212 1728 παρὰ
235 1674 312 1712 ’τῶν
347 1672 598 1720 ξυνοικουσέων
628 1676 644 1696 ⁸
673 1675 848 1726 γυναικῶν
897 1672 1018 1726 ἄνδρες
1062 1673 1167 1711 ἄπαι-

114 1731 231 1772 τόουσι
250 1731 270 1758 ⁵
289 1731 352 1772 καὶ
366 1734 414 1777 ὣς
430 1732 615 1786 κρέσσονες
631 1731 894 1786 ὑποδεεστέρων
913 1731 1034 1786 ἄρχειν
1056 1731 1169 1777 ἀξιεῦ-

39 1816 49 1827 -,
113 1806 150 1833 σι
165 1795 182 1816 ⁶
197 1802 208 1815 ·
227 1794 342 1831 ταῦτα
361 1790 400 1832 δὲ
423 1791 595 1838 ἀξιεῦντες
614 1793 678 1832 οὔκ
697 1791 874 1832 αἰδέονται
899 1791 1007 1831 ὁκόσα
1029 1793 1168 1845 πορῤω-

0 3086 38 3522 ssif-uoe‘spgffiuasssce-x-
0 2961 5 2969 '
4 2898 23 2902 ;

155 1930 206 1961 61.
231 1929 342 1967 Quum
364 1927 491 1969 aliquid
509 1928 687 1961 molestum
714 1927 854 1970 ingruit,
883 1927 1067 1969 perpende,
1090 1936 1170 1959 num

114 1987 194 2030 quid
219 1987 312 2022 aliud
339 1987 495 2031 praesenti
514 1987 665 2021 molestia
696 1987 829 2030 gravius
858 1986 997 2030 reperiri
1022 1986 1126 2030 possit
1161 1999 1169 2019 :

115 2045 206 2090 quod
221 2046 252 2080 si
267 2049 438 2090 repertum
454 2046 572 2087 fuerit,
593 2046 736 2090 gaudeto
754 2047 911 2088 praesenti
934 2049 1092 2088 tanquam
1109 2045 1171 2078 mi-

114 2113 195 2140 nore
207 2106 318 2142 malo.

159 2170 212 2200 62.
235 2165 521 2210 Temperantiam,
538 2164 628 2208 quod
644 2165 698 2207 rel
713 2165 858 2198 maxime
874 2164 1116 2207 necessarium,
1130 2164 1172 2198 ab

117 2224 280 2259 uxoribus
299 2215 334 2258 in
350 2224 597 2259 matrimonium
616 2224 727 2258 ductis
753 2224 890 2267 exigunt
911 2223 1023 2257 mariti
1040 2225 1074 2257 et
1093 2225 1169 2257 tan-

117 2293 218 2327 quam
246 2285 434 2329 superiores
460 2283 670 2319 inferioribus
701 2293 737 2317 se
762 2284 924 2326 imperare
944 2292 1079 2325 aequum
1098 2292 1173 2317 esse

119 2346 258 2379 censent
274 2356 284 2378 ε
306 2343 381 2378 haec
401 2344 516 2378 autem
538 2344 711 2378 censentes
729 2352 794 2377 non
811 2345 969 2377 verentur
984 2343 1173 2386 perpetrare

117 2412 195 2448 quae
221 2411 242 2437 a
256 2403 476 2447 temperantia
495 2406 530 2441 et
556 2403 780 2446 potentiorum
797 2402 983 2436 conditione
1001 2402 1097 2444 longe
1115 2403 1173 2435 ab·

117 2463 387 2507 horrent3quasi
410 2463 492 2507 ipsis
516 2463 594 2497 solis
614 2462 714 2496 liceat
736 2463 801 2496 ista
817 2462 1045 2503 committere,
1070 2471 1173 2504 quum

117 2523 219 2558 etiam
249 2522 382 2558 sublato
407 2523 550 2566 propriae
575 2521 841 2565 reprehensionis
863 2523 953 2555 metu
982 2521 1115 2554 omnino
1141 2523 1175 2554 et

118 2585 232 2627 aperte
252 2582 300 2617 ita
315 2585 464 2626 peccent.

161 2645 215 2678 ⁶8.
237 2645 350 2683 Quum
365 2642 466 2684 deus,
483 2644 523 2676 ut
541 2648 642 2685 supra
659 2641 789 2675 dictum
809 2643 880 2683 est,
896 2642 938 2674 ab
955 2641 1047 2674 initio
1065 2641 1174 2674 homi-

119 2708 200 2742 mm
214 2699 332 2744 'generi
352 2701 458 2735 claras
482 2700 663 2735 ostenderit
685 2700 846 2742 visiones,
877 2700 953 2733 duae
972 2709 1106 2743 quoque
1124 2699 1174 2732 vi-

119 2761 220 2796 venui
255 2761 319 2803 vite
346 2760 518 2797 hominum
549 2760 668 2794 animis
698 2760 875 2803 propositae
909 2762 1002 2800 sunt,
1034 2760 1177 2793 maceria

116 2822 234 2858 atatim
261 2821 492 2864 adamantina,
514 2822 719 2856 crassissima
739 2823 772 2855 et
793 2821 969 2863 altissima,
987 2824 1026 2855 ut
1050 2822 1176 2864 primus

82 2891 84 2894 ’
121 2882 276 2927 aspectus
299 2882 381 2924 fert,
405 2891 426 2916 a
459 2891 496 2916 se
526 2882 668 2916 invicem
695 2883 866 2924 separatae.
911 2882 1023 2915 Altera
1043 2881 1175 2924 quidem

121 2947 250 2983 mum,
267 2942 307 2976 ut
322 2940 480 2983 dignitate
502 2941 660 2984 superior,
674 2940 873 2974 intrantibus
889 2943 940 2974 est
953 2941 995 2974 ad
1010 2941 1174 2982 dextram,

120 3002 222 3047 uque
245 3002 289 3037 ad
316 3002 477 3037 virtutem
503 3002 577 3036 haec
605 3002 714 3042 ducit;
738 3002 843 3035 altera
870 3002 1002 3042 autem,
1032 3011 1109 3044 quac
1133 3002 1177 3035 ad

122 3060 241 3096 luvam
257 3063 310 3096 est
321 3087 330 3104 ,
348 3061 392 3095 ad
409 3061 622 3095 vitiositatem
642 3062 796 3104 pertinet.
843 3062 1006 3094 Dicuntur
1029 3069 1110 3095 vero
1129 3061 1177 3095 sic

122 3129 197 3156 ense
216 3122 418 3164 comparatae
429 3146 438 3162 ,
452 3122 492 3155 ut
509 3121 643 3154 virtutis
661 3121 716 3154 via
738 3121 880 3163 primum
897 3120 1031 3162 quidem
1050 3122 1178 3154 tractus

121 3188 189 3215 non
209 3179 291 3214 satis
308 3179 479 3223 expeditos
491 3206 500 3221 ‚
521 3180 579 3214 sed
599 3182 710 3214 tamen
730 3180 864 3213 assiduo
879 3180 992 3214 labore
1011 3180 1179 3223 superabi-

122 3239 172 3276 le·
189 3241 339 3285 proebere
363 3240 529 3274 videatur.
574 3241 684 3280 Quid?
711 3241 801 3283 quod
820 3250 861 3275 ne
888 3241 1028 3274 ducibus
1046 3240 1178 3283 quidem

124 3298 198 3335 sine
221 3299 370 3344 periculo
388 3299 624 3335 comitantibus
645 3302 754 3342 caret;
776 3310 852 3334 mox
877 3303 988 3334 autem
1006 3300 1060 3334 via
1089 3302 1179 3334 recta

125 3359 179 3394 est
203 3361 239 3394 et.
251 3358 321 3394 lata
348 3368 456 3402 usque
473 3359 517 3393 ad
542 3359 650 3403 ipsam
669 3359 852 3394 honestatis
871 3368 980 3393 arcem
992 3385 1000 3401 ‚
1019 3367 1085 3402 qua
1103 3368 1176 3392 con-

127 3425 246 3453 scensa
262 3418 297 3452 in
314 3417 398 3452 loeis
415 3417 584 3463 praeclaris
599 3418 667 3453 eris
689 3420 723 3452 et
749 3418 938 3462 spectaculo
968 3417 1086 3452 frueris
1106 3418 1178 3452 tum

128 3477 420 3514 innumerabilimn
440 3477 582 3512 aliorum
599 3478 761 3512 bonorum
780 3481 812 3512 et
829 3487 966 3518 summae
992 3477 1178 3519 felicitatis,

245 3552 334 3580 PBH„
357 3556 459 3582 (ἕω.
483 3557 529 3584 iu.

908 218 1113 259 EUSEBlI
1142 217 1473 258 FRAGMENTA.

2223 211 2270 250 17

1225 306 1321 346 τάτω
1337 305 1354 329 ‘¹
1374 306 1450 345 ἐστὶ
1467 304 1691 358 σωφροσύνης
1708 301 1769 342 καὶ
1785 304 1853 341 τῶν
1872 303 1907 341 ἐν
1923 302 1967 353 τῇ
1987 302 2047 338 τοῦ
2064 297 2247 350 κρέσσονας
2261 300 2277 319 ⁰

1227 364 1352 404 ἐόντων
1382 364 1508 418 μοίρῃ,
1537 363 1576 401 τὸ
1598 361 1850 415 ἐξαμαρτάνειν
1876 363 1989 399 ταῦτα
2015 357 2130 406 αὓτοί,
2156 355 2276 408 ὥσπερ

1227 425 1325 479 σφίσι
1346 423 1506 477 μούνοισι
1532 422 1546 446 ¹
1572 421 1682 470 ἐξεόν,
1709 420 1771 460 καὶ
1805 420 1894 472 μετὰ
1923 422 1984 459 τοῦ
2014 415 2276 464 ἅνεπιπλήκτου

1227 484 1325 538 παρὰ
1352 484 1467 538 σφέων
1497 481 1696 525 παντελέως
1721 479 1782 519 καὶ
1813 480 1939 528 ἀνέδην
1970 477 2078 523 οὕτως
2109 478 2277 527 πλημμε-

1226 544 1375 589 λέοντες.

1283 604 1501 657 (Excerpta
1520 615 1542 640 e
1559 600 1645 640 cod.
1668 600 1771 639 Flor.
1800 598 1913 637 Joan.
1938 599 2113 636 Damasc.
2130 595 2172 634 in
2194 594 2279 632 Sto-

1227 663 1304 701 baei
1319 662 1423 701 Flor.
1441 662 1520 700 vol.
1535 659 1602 708 IV,
1622 672 1710 711 pag.
1732 665 1808 704 240
1830 657 1893 696 ed.
1911 657 2081 697 Meinek.
2099 653 2251 705 Scripsi
2269 666 2279 690 :

1227 725 1241 742 ‘¹
1259 719 1505 766 ξυνοικουσέων
1522 733 1533 768 ;
1562 718 1648 757 cod.
1675 717 1917 763 ξυνοικουσῶν.
1942 737 1996 745 -
2014 714 2031 738 ¹)
2050 713 2259 752 ἀπαιτέουσι
2270 727 2281 761 ;

1228 780 1314 820 cod.
1330 781 1535 818 ἀπαιτοῦσι.
1558 800 1613 806 -
1628 781 1643 800 ⁰
1659 775 1810 825 ἀξιεῦσι;
1827 775 1915 815 cod.
1934 774 2082 820 ἀξιοῦσι.
2097 795 2152 804 -
2166 769 2184 795 ‘¹
2199 772 2285 825 πορ-

1229 840 1401 894 ῥωτάτω;
1417 839 1502 879 cod.
1524 838 1674 890 ἑκάστῳ.
1692 859 1745 866 -
1757 841 1772 859 ¹³
1791 835 1996 891 κρέσσονος;
2015 833 2099 873 cod.
2113 830 2281 887 χείρονος.

1228 923 1281 930 -
1299 898 1312 923 ¹
1333 898 1509 951 μούνοισι;
1531 897 1618 936 eod.
1643 895 1879 948 μούνας.“--)

1282 971 1331 998 63.
1363 960 1457 997 Θεοῦ
1475 956 1510 1001 ἐξ
1527 958 1641 1008 ἀρχῆς
1661 954 1835 1008 φήναντος
1854 958 1906 1008 τῷ
1924 954 2016 1006 γένεϊ
2030 958 2044 975 ‘¹
2061 955 2131 991 τῶν
2154 950 2285 1003 ἀνθρώ-

1229 1034 1303 1057 πων
1339 1016 1431 1057 κατὰ
1463 1016 1507 1055 τὰ
1536 1014 1751 1069 φατιζόμενα
1780 1014 1797 1039 ¹²
1817 1014 1895 1067 ὄψις
1925 1014 2045 1057 ἐούσας
2075 1010 2283 1065 διαφανέας,

1229 1078 1301 1117 ὁδοὶ
1330 1076 1490 1130 διφάσιαι
1515 1081 1531 1100 ⁰
1548 1074 1744 1125 προκέαται
1774 1073 1852 1126 βίου
1879 1076 2015 1127 ψυχῇσι
2035 1071 2051 1095 ‘¹
2071 1070 2285 1124 ἀνθρώπων,

1230 1137 1450 1189 ἀδαμαντίνῃ
1483 1138 1634 1188 αἱμασιῇ
1654 1134 1846 1187 παχυτάτῃ
1876 1138 1891 1156 ⁹
1910 1133 1971 1172 καὶ
2000 1134 2032 1176 ἐς
2053 1130 2183 1171 πολλὸν
2203 1129 2289 1182 ὕψος

1230 1196 1409 1249 ἀνηκούσῃ
1427 1194 1456 1247 ¹,
1477 1193 1569 1233 κατὰ
1591 1194 1637 1232 τὰ
1661 1193 1728 1231 ὑπὸ
1745 1195 1806 1232 τοῦ
1827 1192 1862 1237 ἐξ
1883 1193 1997 1244 ἀρχῆς
2022 1190 2211 1244 φήναντος,
2228 1190 2289 1226 ἀπ’

1230 1256 1412 1305 ἀλληλέων
1432 1254 1478 1294 τὰ
1496 1256 1623 1307 πρῶτα
1644 1251 1898 1306 διειργόμεναι.
1920 1251 1992 1290 Καὶ
2019 1253 2041 1297 ἡ
2069 1249 2132 1301 μὲν
2158 1248 2288 1286 αὐτέων

1231 1315 1322 1364 ἐστί,
1345 1315 1446 1354 ὁκοῖα
1467 1318 1484 1344 8
1512 1311 1554 1360 δὴ
1576 1312 1639 1360 τὴν
1663 1311 1878 1365 τιμιωτέρην
1908 1309 2008 1356 τάξιν
2035 1311 2221 1361 λαχοῦσα,
2251 1309 2290 1346 ἐκ

1232 1375 1343 1423 δεξιῆς
1361 1374 1494 1429 χερὸς11
1509 1372 1693 1412 ἐσιόντων·
1709 1371 1800 1419 αὕτη
1822 1371 1879 1409 ἐπὶ
1899 1369 1961 1418 τὴν
1989 1368 2115 1421 ἀρετὴν
2132 1368 2260 1420 αὐτῇσι
2280 1365 2291 1389 i

1234 1434 1392 1486 ἡγέεται·
1407 1438 1429 1483 ἡ
1447 1433 1550 1487 ἑτέρη
1570 1432 1605 1472 δὲ
1621 1431 1706 1478 λαιὴ
1727 1430 1744 1454 ¹¹
1761 1431 1865 1470 ἐοῦσα
1885 1430 1895 1452 ¹
1915 1429 1974 1469 ἐπὶ
1987 1429 2052 1478 τὴν
2071 1427 2197 1475 κακίην
2215 1425 2291 1466 ἐστὶ

1232 1492 1535 1543 παραπέμπουσα.
1596 1491 1815 1535 Φατίζονται
1843 1488 1879 1528 δὲ
1905 1481 1995 1528 εἶναι
2011 1487 2160 1527 τοιαίδε·
2179 1489 2203 1532 ἡ
2226 1485 2290 1536 μὲν

1232 1554 1294 1597 τῆς
1315 1552 1440 1604 ἀρετῆς
1454 1552 1500 1589 τὰ
1517 1553 1645 1603 πρῶτα
1662 1552 1725 1590 οὐκ
1740 1550 1896 1597 εὖήλατά
1914 1565 1982 1594 κως
2000 1552 2027 1572 ¹¹¹
2042 1547 2214 1601 παρέχειν
2232 1546 2291 1584 δο-

1232 1610 1323 1658 κέει,
1340 1603 1398 1648 οἷά
1417 1625 1455 1648 τε
1482 1614 1501 1631 “
1523 1608 1643 1660 μέντοι
1664 1608 1806 1661 συνεχέϊ
1821 1611 1838 1630 ⁰
1854 1608 1951 1661 πόνῳ
1968 1609 2175 1654 ἀνυσθῆναι·
2198 1603 2292 1644 ἀλλὰ

1233 1669 1380 1714 καὶτοὺς
1394 1668 1673 1721 κατηγεομένους
1685 1667 1760 1721 ἔχει
1775 1667 1835 1706 καὶ
1849 1667 2154 1721 παραπέμποντας
2167 1674 2184 1698 ¹²
2198 1666 2294 1704 ἀκιν-

1235 1730 1362 1775 δύνως·
1378 1729 1419 1768 τὸ
1439 1728 1476 1768 δὲ
1498 1728 1590 1780 μετὰ
1613 1729 1720 1768 τοῦτό
1738 1730 1813 1767 ἔστι
1830 1727 1907 1771 ὁδὸς
1924 1726 1999 1775 ἰθέη
2018 1742 2057 1765 τε
2069 1733 2087 1758 ¹¹
2103 1726 2164 1765 καὶ
2190 1725 2292 1778 εὗρέη

1236 1790 1342 1844 μέχρι
1358 1791 1420 1836 τῆς
1436 1788 1494 1828 ἐπὶ
1508 1788 1572 1836 τὴν
1591 1787 1782 1841 ἀκρόπολιν
1799 1788 1906 1825 αὐτοῦ
1923 1789 1984 1825 τοῦ
1998 1787 2109 1824 καλοῦ
2122 1802 2130 1810 ·
2147 1786 2202 1823 ἐπ’
2222 1785 2266 1832 ἣν
2278 1788 2294 1807 “’

1237 1928 1308 1959 tum
1340 1926 1425 1959 lucis
1452 1925 1552 1958 simul
1586 1924 1714 1966 reliqua
1741 1931 1852 1956 omnia
1882 1922 2011 1955 eximiae
2038 1921 2276 1964 pulchritudini

1234 1995 1306 2019 suae
1323 1986 1357 2018 vi
1373 1985 1576 2028 penetrantis
1597 1984 1697 2017 simul
1716 1982 2003 2025 splendidissimae.
2049 1981 2204 2024 Undique
2215 1991 2294 2014 vero

1233 2054 1292 2088 per
1310 2046 1438 2085 totum,
1463 2054 1531 2086 qua
1556 2045 1669 2086 patet,
1692 2042 1806 2075 orbem
1832 2041 1986 2075 visuntur
2008 2041 2108 2073 urbes
2137 2049 2175 2073 ac
2194 2042 2294 2073 terrae

1233 2106 1348 2139 incolae
1370 2108 1404 2139 et
1423 2105 1588 2146 cultores,
1609 2104 1650 2137 de
1677 2103 1798 2145 quibus
1818 2103 1932 2144 genius
1960 2102 2004 2135 ad
2023 2102 2158 2135 consilia
2179 2102 2291 2142 animi,

1234 2165 1341 2199 danda
1372 2165 1494 2198 missus
1524 2163 1714 2207 singulatim
1736 2163 1888 2197 disseret.
1934 2165 1976 2195 Et
1994 2163 2067 2195 haec
2094 2162 2226 2204 quidem
2250 2162 2295 2194 ita

1235 2236 1270 2260 se
1291 2227 1393 2260 habet
1410 2241 1417 2259 ι
1437 2226 1493 2259 via
1517 2227 1632 2259 contra
1656 2225 1698 2257 ad
1718 2225 1838 2257 vitium
1865 2219 1991 2257 ducens
2010 2223 2169 2265 principio
2198 2223 2296 2264 plana

1235 2288 1306 2326 est,
1326 2288 1366 2318 ut
1387 2286 1443 2326 qui
1461 2294 1534 2318 eam
1550 2283 1782 2327 ingrediuntur
1803 2282 1960 2324 exiguam
1979 2282 2114 2315 omnino
2139 2290 2200 2314 nec
2226 2281 2294 2314 sin·

1236 2353 1364 2383 ceram,
1383 2345 1443 2378 sed
1460 2353 1581 2377 vanam
1597 2345 1631 2376 et
1646 2343 1797 2377 fallacem
1822 2341 2025 2384 voluptatem
2041 2342 2186 2384 gustent.
2232 2342 2296 2373 Ita-

1234 2414 1299 2447 que
1321 2405 1420 2438 etiam
1437 2413 1541 2447 quum
1560 2404 1645 2437 duce
1667 2403 1785 2446 postea
1805 2401 1967 2435 destituta
1987 2400 2048 2442 sit,
2071 2400 2243 2433 confestim
2261 2399 2296 2432 in

1236 2462 1420 2497 flexuosum
1448 2462 1614 2496 tramitem
1646 2462 1874 2504 detorquetur,
1890 2460 1985 2494 vallis
2007 2459 2135 2500 acutis,
2163 2458 2238 2492 altis
2262 2460 2297 2491 et

1236 2523 1346 2557 densis
1364 2523 1530 2564 simulque
1556 2522 1767 2570 voraginibus
1797 2523 1831 2555 et
1856 2520 2036 2563 praeruptis
2064 2519 2242 2558 refertum,
2262 2519 2296 2551 in

1236 2592 1312 2625 quae
1334 2582 1477 2616 viatores
1505 2581 1704 2625 praecipitati
1722 2580 1825 2615 fluvio
1853 2588 1987 2613 coenum
2014 2579 2048 2612 et
2073 2578 2200 2621 lapides
2226 2578 2295 2610 vol-

1237 2643 1335 2674 vente
1360 2641 1570 2683 deJectosque
1592 2640 1790 2674 absorbente
1818 2640 1852 2674 et
1874 2637 2055 2681 abripiente
2088 2637 2293 2680 merguntur,

1238 2701 1320 2734 adeo
1343 2702 1380 2734 ut
1405 2701 1502 2734 multi
1527 2709 1567 2734 ex
1596 2701 1637 2734 iis
1668 2701 1780 2734 statim
1798 2699 1844 2734 ibi
1869 2700 2025 2742 pereant,
2044 2699 2046 2701 ’
2066 2698 2202 2740 reliquis
2231 2706 2295 2730 non

1237 2761 1393 2803 consilio,
1413 2760 1473 2794 sed
1494 2769 1574 2794 casu
1599 2769 1658 2803 per
1679 2759 1850 2803 proximas
1874 2759 1976 2793 urbes
1997 2759 2032 2792 et
2055 2758 2220 2800 regionem
2241 2760 2293 2790 to-

1237 2823 1307 2854 tam
1324 2828 1400 2863 quae
1418 2820 1622 2862 amplissima
1641 2820 1694 2853 est
1712 2819 1785 2852 aliis
1802 2818 1866 2852 alio
1892 2817 2053 2861 dispersis
2066 2843 2074 2859 ,
2104 2815 2147 2851 de
2173 2817 2296 2859 quibus

1237 2881 1352 2915 itidem
1383 2881 1517 2923 angelus
1546 2889 1645 2923 supra
1677 2881 1954 2914 commemoratus
1989 2876 2140 2913 disseret.
2185 2879 2296 2916 Quum

1236 2940 1335 2983 igitur
1362 2942 1440 2975 talis
1481 2941 1524 2974 sit
1551 2941 1673 2974 harum
1700 2940 1826 2972 viarum
1856 2940 1995 2980 natura,
2029 2937 2124 2971 ducis
2159 2945 2295 2970 munere

1240 3001 1388 3044 fungitur
1406 3003 1505 3044 atque
1521 3001 1555 3034 in
1570 3000 1680 3034 medio
1697 3000 1900 3034 constitutus
1919 3001 1970 3033 est
1988 2997 2042 3032 dei
2057 2998 2167 3041 magni
2187 3005 2295 3040 praeco

1239 3062 1272 3095 et
1288 3061 1457 3095 consultor
1475 3061 1591 3104 genius
1613 3069 1716 3103 supra
1737 3059 1848 3093 dictus
1860 3085 1868 3100 ,
1889 3059 1946 3101 qui
1964 3057 2081 3092 animis
2096 3058 2295 3092 descendere

1239 3121 1430 3164 parantibus
1447 3120 1520 3154 haec
1549 3120 1617 3154 fere
1644 3119 1853 3153 denuntiabit
1877 3131 1885 3151 :
1906 3117 2008 3151 animi
2026 3117 2198 3151 hominum
2211 3143 2219 3158 ,
2240 3125 2293 3149 na-

1238 3183 1314 3214 tura
1334 3183 1402 3214 tam
1426 3180 1583 3214 mortales
1606 3189 1708 3222 quam
1733 3177 1954 3219 immortales,
1980 3178 2038 3221 qui
2056 3178 2122 3219 ⁴illa
2141 3187 2243 3219 quam
2262 3180 2295 3210 in

1240 3240 1336 3275 terris
1353 3239 1544 3274 existimant
1557 3240 1628 3274 vita
1654 3240 1690 3273 in
1714 3241 1859 3273 mortem
1877 3238 2024 3271 inciditis
2035 3263 2044 3279 ,
2066 3247 2106 3271 ea
2124 3245 2202 3271 vero
2221 3246 2295 3279 quae

1240 3298 1288 3333 ibi
1322 3300 1498 3334 videbatur
1531 3301 1638 3334 morte
1671 3298 1714 3332 ad
1746 3299 1850 3332 vitam
1884 3297 2021 3339 reditis,
2046 3307 2149 3340 quum
2180 3298 2296 3330 exacto

1241 3361 1388 3402 tempore
1418 3359 1512 3392 vobis
1540 3359 1704 3402 praefinito
1734 3367 1852 3391 rursus
1885 3367 1926 3391 ex
1953 3366 2126 3399 corporum
2154 3356 2295 3390 vinculis

1240 3418 1465 3459 evolaveritis,
1488 3418 1609 3462 quibus
1630 3418 1664 3451 in
1681 3418 1747 3452 isto
1762 3418 1879 3452 mortis
1902 3418 1992 3450 statu
2008 3415 2158 3459 impediti
2172 3415 2295 3458 mistis,

1241 3478 1314 3512 alioe
1340 3478 1460 3512 iterum
1486 3478 1563 3511 vitae
1592 3478 1644 3511 his
1669 3478 1703 3511 in
1726 3479 1814 3511 terra
1832 3478 1914 3511 actis
1934 3476 2054 3509 similes
2080 3483 2141 3519 pro
2168 3475 2296 3511 meritis

2136 3537 2158 3570 2
