2528 3788
118 301 214 346 dent
228 305 306 343 viri
323 304 428 344 docti
444 305 817 347 animadverterunt.
828 304 868 348 Is
880 305 983 344 enim
998 305 1172 345 Platonis

76 387 101 409 ,;
117 366 321 421 mac
331 363 545 404 Democriti
564 366 646 417 (32)
664 365 808 418 scripta
825 361 866 403 in
879 364 1103 416 tetralogias
1113 365 1172 404 di-

68 418 90 463 3.
225 431 253 463 t.
261 423 399 471 Quod
386 437 517 478 ipsum
526 434 688 465 testatur
701 425 895 476 Diogenes
907 422 1086 464 Laertius
1096 424 1169 465 hb

94 423 258 534 3⁸¹⁵
272 483 334 524 his
355 483 523 525 verbis:
543 485 589 525 τὰ
607 485 644 525 δὲ
664 483 786 538 βιὸλία
804 485 910 523 αὐτου
926 486 987 523 καὶ
1004 483 1170 536 Θράσυλ-

182 542 426 597 ὗναγέγραφε
460 542 554 582 κατὰ
586 543 682 590 τάξιν
717 543 845 594 οὕτως,
877 542 1028 597 ὧσπερει
1049 559 1109 582 και
1128 542 1171 581 τὰ

163 613 164 616 ’
188 625 191 628 ·
244 616 328 654 νος,
345 601 439 642 κατὰ
448 602 693 658 τετραλογίαν.
708 602 865 655 Quippe
877 611 920 641 ut
936 603 979 642 in
995 615 1041 642 eo
1052 615 1171 655 opere

16 695 22 717 ,ὃ
83 651 184 719 ‘fl'ffl
213 660 386 702 indicem
413 663 557 702 fecerat
574 662 620 705 τὰ
649 677 720 716 προ
743 666 806 711 τῆς
839 662 1069 715 ἀναγνώσεως
1101 665 1172 702 τῶν

16 727 19 729 ’
78 719 345 774 J‘prstou
365 720 514 776 βιὸλίων
534 730 630 762 teste
654 722 832 791 Diogene
857 723 931 762 lib.
954 722 1024 772 lx,
1053 728 1098 768 41
1135 733 1172 763 et

75 778 171 837 A&
209 779 259 820 de
292 780 508 821 Democriti
533 781 618 821 vita
649 791 687 821 et
721 782 900 834 ingenii
907 783 1172 822 monumentis

60 860 88 884 τ
81 831 427 901 ›ffiputeverat
449 843 503 880 ita
530 854 618 882 eum
636 841 682 881 in
705 842 784 881 alio
800 843 1002 881 volumine
1021 842 1069 881 de
1084 842 1174 881 Pla-

83 893 210 943 :ffi'aoue
241 900 403 969 copiose
438 900 587 940 dixisse
620 900 834 954 probabile
866 910 938 942 est.
981 901 1171 941 Caeterum

1038 210 1107 251 DE
1135 210 1390 253 PLATONE.

2225 216 2277 255 59

1235 320 1321 345 nem
1342 307 1412 346 lib.
1431 303 1506 356 ln,
1530 309 1579 346 56
1597 309 1786 361 affirmat,
1816 311 2013 350 Platonem
2044 309 2168 349 libros
2189 324 2280 349 suos

1234 367 1289 406 ita
1307 367 1460 406 dedisse
1477 368 1594 416 foras,
1614 377 1657 406 ut
1671 370 1909 419 tragicorum
1928 377 2133 422 poetarum
2161 378 2280 408 tetra—

1234 426 1357 476 logias
1378 427 1613 476 imitaretur,
1652 428 1715 466 vel
1735 438 1777 467 ut
1801 430 1924 468 verba
1943 443 2070 480 graeca
2096 442 2240 483 ponam
2268 444 2276 468 :

1234 485 1445 539 Θρασύλαος
1465 486 1501 526 δέ
1531 502 1616 538 φησι
1635 486 1694 525 καὶ
1713 488 1804 526 κατὰ
1834 487 1896 536 τὴν
1920 488 2090 541 τραγικὴν
2111 491 2281 542 τετραλο-

1234 544 1312 596 γίαν
1334 545 1492 585 ἐκδοῦναι
1516 545 1619 584 αὐτὸν
1640 545 1719 590 τοὺς
1739 547 1918 599 διαλόγους
1941 549 2030 601 (34).
2050 549 2284 600 Thrasyllus

1234 604 1356 656 igitur
1377 604 1635 657 opinabatur,
1658 607 1987 657 quemadmodum
2012 609 2147 659 tragici
2169 608 2283 648 Grae-

1236 677 1370 702 corum
1391 674 1515 716 poetae
1535 666 1576 703 in
1607 665 1781 717 publicis
1809 666 1915 706 ludis
1935 680 1979 706 ac
2002 667 2284 706 certaminibus

1237 723 1285 762 de
1307 724 1438 775 palma
1468 725 1571 762 inter
1591 737 1676 764 sese
1710 731 1902 765 certantes
1928 727 2157 779 compositis
2178 735 2287 778 quat-

1237 790 1326 820 tuor
1351 782 1498 821 fabulis
1523 783 1566 821 in
1593 783 1799 835 publicum
1820 785 1981 836 prodire
2009 785 2210 834 solebant,
2231 786 2288 825 sic

1237 842 1441 881 Platonem
1460 855 1540 880 non
1561 843 1756 894 singulos,
1775 845 1843 882 sed
1876 853 2088 895 quaternos
2111 845 2290 896 dialogos

1238 911 1468 972 argumento
1485 902 1717 954 plerumque
1751 903 1988 943 cohaerentes
2013 905 2199 943 emisisse.
2223 906 2289 944 At-

16 982 18 987 ·
71 963 199 1018 &Son
216 960 480 1013 antiquiorem
504 959 756 1013 Thrasyllum
784 975 808 1000 a
829 961 988 1000 laertio
1016 962 1172 1012 signifi-
1201 966 1205 1013 Ι·
1239 963 1308 1013 qui
1327 964 1361 1002 si
1378 962 1518 1001 eodem
1547 962 1724 1012 Diogene
1745 962 1824 1015 (35)
1854 972 2012 1002 auctore
2031 963 2261 1011 nonnulli,
2249 977 2293 1002 in

14 1020 19 1071 ζ
68 1024 94 1058 ,Τ
115 1018 226 1070 m,
247 1031 271 1059 e
286 1019 478 1074 pluribus
502 1028 610 1073 patet
644 1020 870 1070 erroribus,
904 1021 947 1060 in
967 1034 1068 1074 quos
1094 1035 1172 1060 non
1200 1014 1205 1083 ξ
1237 1022 1379 1074 quibus
1400 1021 1683 1074 Aristophanes
1706 1022 1982 1072 grammaticus
2004 1023 2086 1068 fuit,
2113 1023 2292 1073 dialogos

15 1078 17 1085 ’
113 1076 334 1129 incidisset,
354 1081 389 1119 si
404 1088 471 1119 aut
488 1079 663 1119 vivendo
681 1081 872 1132 attigisset
886 1080 1172 1131 Demociitum,
1201 1087 1205 1127 Ι
1239 1083 1467 1121 Platonicos
1504 1094 1684 1132 magnam
1728 1090 1878 1148 partem
1916 1081 1994 1149 (36)
2036 1083 2079 1120 iu
2114 1082 2295 1132 trilogias

55 1134 59 1135 ⁷
115 1147 186 1180 m
205 1139 343 1179 saltem
362 1139 477 1192 prior
496 1146 606 1178 aetate
625 1138 773 1179 fuisset.
795 1138 902 1177 Inter
921 1138 995 1178 hos
1014 1152 1173 1178 errores
1201 1129 1207 1205 l
1239 1141 1532 1191 descripserunt
1565 1153 1588 1179 a
1615 1139 1819 1193 republica
1849 1140 2101 1192 incipientes,
2135 1154 2183 1179 ex
2217 1154 2295 1192 qua

13 1251 16 1299 ζ
63 1264 65 1266 ’
119 1272 200 1313 quo
211 1258 360 1300 vixerit
371 1257 619 1298 Democritus
629 1287 640 1306 ,
655 1258 749 1297 falsa
766 1258 943 1307 tradidit,
958 1267 996 1297 et
1010 1258 1115 1310 quod
1126 1258 1174 1297 de

13 1341 19 1370 3
48 1335 49 1339 ¹
120 1318 336 1360 Antei-estis
353 1317 411 1358 ita
421 1316 619 1369 iudicavit
632 1345 643 1365 ‚
663 1326 707 1357 ut
725 1330 852 1370 neque
865 1347 876 1366 ,
898 1317 1029 1357 sintne
1047 1318 1173 1356 Plato-

62 1391 63 1395 ’
115 1378 183 1419 nis
202 1392 252 1419 au
271 1391 351 1419 uon
371 1377 453 1417 sint
482 1376 730 1430 exploratum
758 1377 796 1415 ei
820 1377 937 1416 fuisse
960 1386 1147 1429 appareat
1161 1408 1172 1430 ,

12 1439 18 1482 ἲ
46 1470 63 1480 ,.
110 1450 248 1491 ,neque
278 1435 426 1490 quibus
477 1437 719 1487 argumentis
757 1436 983 1476 Democrito
1018 1437 1062 1475 in
1099 1436 1176 1474 hoc

14 1520 17 1545 ³.
56 1523 58 1526 >
118 1496 279 1550 dialogo
303 1497 435 1536 locum
472 1495 757 1543 vindicaverit,
791 1496 886 1533 satis
919 1494 1174 1545 intelligatur.

14 1582 17 1598 ;
70 1599 74 1610 .
120 1554 197 1597 Sed
214 1555 264 1597 de
281 1565 450 1608 utroque
469 1555 584 1607 lapsu
595 1554 676 1607 jam
700 1554 796 1593 alibi
811 1554 1069 1593 disseruimus
1086 1554 1176 1606 (33).

14 1627 18 1641 ³
118 1615 217 1664 Qum
231 1626 356 1670 quum
380 1616 437 1655 ita
455 1614 560 1663 sint,
599 1622 728 1653 tamen
757 1626 805 1652 ne
830 1613 1063 1664 Thrasyllus
1086 1615 1176 1666 qui—

71 1674 208 1722 ,fldem
227 1673 346 1715 nobis
363 1673 640 1728 despiciendus
670 1682 750 1722 est,
772 1673 842 1724 qui
861 1673 905 1712 in
933 1671 1179 1712 conficiendo

14 1735 18 1749 '¹
68 1731 86 1782 }
108 1728 157 1775 ¹et
177 1733 356 1776 Platonis
384 1741 424 1773 et
461 1732 679 1772 Democriti
710 1732 971 1786 scriptionum
1010 1732 1174 1772 elencho

73 1799 91 1851 g
116 1794 362 1848 antiquiores
394 1793 554 1834 videtur
586 1794 780 1832 auctores.
794 1800 959 1831 secutus.
993 1790 1107 1839 Quod
1138 1801 1181 1831 ut

16 1894 17 1897 ,
70 1850 295 1906 wedam,
320 1851 506 1906 pluribus
527 1852 700 1892 adducor
718 1851 955 1893 rationibus.

73 1937 101 1956 .-
131 1940 133 1942 -
178 1914 237 1954 Ae
253 1913 428 1968 primum
449 1913 610 1966 quidem
638 1911 869 1964 Thrasyllus
904 1912 1010 1965 apud
1040 1912 1181 1963 Dioge-

62 2025 79 2077 ἶ1
98 2039 99 2042 “
119 2048 204 2081 nun
220 2045 332 2080 einum
350 2043 448 2087 equis
467 2042 710 2077 discursurum.
741 2042 932 2077 Notandum
963 2053 1055 2084 vero,
1078 2043 1183 2077 Thra-

61 2105 65 2119 -’
126 2091 248 2136 svam
262 2091 416 2136 proximo
438 2092 515 2124 ante
534 2089 657 2124 Tiberii
682 2090 812 2124 obitum
833 2099 917 2124 anno
937 2092 1045 2124 Tauro
1069 2091 1104 2124 et
1125 2090 1183 2124 Li-

52 2274 62 2309 Ϊ
88 2311 94 2328 ,
121 2287 174 2322 lu(
191 2284 354 2320 verutos
379 2283 528 2326 Πρόκλου
553 2283 608 2316 καὶ
631 2282 681 2315 ἐπὶ
706 2282 846 2315 Ποντίου
874 2281 1024 2323 Νιγρίνου
1053 2281 1182 2314 ὑπάτων

17 2325 23 2374 23
60 2347 80 2365 z>
122 2333 323 2376 ᾁτιλιῦτησι.
349 2330 443 2366 Idem
461 2331 576 2364 Tacito
601 2331 637 2363 et
659 2328 816 2363 Suetonio
842 2330 1061 2363 consentanea
1085 2328 1187 2362 refert

55 2377 75 2422 {J
108 2382 180 2422 fib.
199 2381 270 2422 LV,
289 2382 325 2414 11
348 2378 444 2416 αὐτός
459 2388 495 2411 τε
509 2378 567 2419 γὰρ
584 2375 812 2420 ἐμπειρότατος
835 2379 892 2416 τῆς
907 2376 961 2409 διὰ
980 2380 1045 2410 τῶν
1059 2377 1185 2418 ἄστρων

18 2415 22 2458 f
122 2428 332 2473 Μκῆςῶν
350 2426 406 2459 καὶ
421 2425 606 2468 Θράσυλλον
625 2424 731 2466 ἄνδρα·
755 2423 863 2462 πάσης
883 2423 1095 2467 ἀστρολογίας
1112 2424 1183 2456 δια·-

64 2479 82 2481 ’
267 2485 290 2508 α
308 2474 410 2516 ἔχων,
429 2473 535 2507 πάντα
551 2472 606 2506 καὶ
631 2471 673 2505 τὰ
696 2473 804 2513 ἑαυτῷ
825 2471 879 2503 καὶ
907 2470 948 2503 τὰ
971 2470 1100 2508 ἐκείνοις
1124 2482 1184 2504 πε-

63 2541 68 2550 »
94 2523 97 2525 ’
302 2521 441 2564 ἀκριδῶς
462 2519 637 2560 ἠπίστατο·
663 2520 718 2554 καὶ
736 2519 828 2560 λόγος
845 2518 927 2561 ἔχει,
951 2519 1000 2552 ὅτι
1028 2519 1185 2561 μελλήσας

123 2571 206 2607 ποτὶ
221 2571 255 2604 ὒν
273 2573 315 2613 τῇ
326 2569 429 2612 Ῥόδῳ
447 2569 502 2602 τὸν
516 2568 700 2611 Θράσυλλον
713 2567 777 2600 ἀπὸ
789 2569 848 2599 τοῦ
862 2566 1003 2609 τείχους,
1030 2568 1099 2599 ἐπεὶ
1123 2568 1183 2610 μο-

18 2651 22 2656 ,
125 2615 392 2661 νοςαῦτῷπάνθ’
403 2616 467 2649 ὅσα
485 2615 600 2650 ἐνενόει
621 2616 769 2659 συνῄδει,
791 2614 899 2656 ὤσειν,
923 2617 966 2652 ὡς
983 2615 1063 2648 εἶδεν
1087 2615 1184 2648 αὐτὸν

1 2679 3 2681 ’
68 2687 70 2689 -
94 2666 228 2711 ’,σιιυθρ
230 2663 435 2706 ωπάσαντα,
451 2664 547 2707 ἤρετο
572 2664 625 2698 διὰ
638 2665 669 2697 τί
687 2663 890 2705 συννένοφεν,
905 2661 1050 2701 εἰπόντος
1065 2663 1098 2696 δὲ
1114 2663 1184 2696 κίν-

19 2745 22 2750 .
71 2677 228 2755 “Μ
243 2724 316 2748 τινα
342 2711 550 2754 ὕποπτεύειν,
581 2712 751 2755 θαυμάσας
780 2709 887 2744 οὐκέτ’
914 2711 993 2744 αὐτὸ
1020 2711 1182 2750 ἐποίησεν.

0 2763 10 2794 Σ
71 2759 106 2799 ‘5²3‘
106 2756 225 2801 ιῦῦτω
243 2761 305 2806 γάρ
333 2771 396 2795 που
415 2759 523 2794 πάντα
545 2759 663 2798 ἐκεῖνος
693 2759 803 2802 σαφῶς
827 2758 929 2800 ᾔδει,
957 2760 1042 2791 ὥστε
1072 2759 1126 2791 καὶ
1148 2761 1184 2791 τὸ

0 2816 2 2818 ’
64 2826 94 2851 ,χ
99 2802 238 2859 {mv
257 2809 296 2843 τὸ
314 2809 374 2849 τὴν
386 2807 537 2850 ἀγγελίαν
562 2809 610 2853 τῷ
627 2807 765 2850 Τιὸερίῳ
781 2810 837 2845 τῆς
855 2807 898 2842 εἰς
915 2807 1044 2848 Ρώμην
1065 2807 1184 2839 ἀνακο-

99 2853 220 2914 ’.ἐνθῇς
237 2857 325 2900 παρά
349 2867 386 2890 τε
401 2859 457 2895 τῆς
481 2856 597 2900 μητρὸς
616 2857 670 2889 καὶ
688 2855 774 2897 παρὰ
797 2857 854 2886 τοῦ
876 2853 1064 2894 Αὐγούστου
1090 2855 1182 2896 φέρο

309 2904 451 2938 κατιδὼν
467 2905 648 2946 προσπλέον
668 2907 830 2945 προειπεῖν
861 2903 952 2945 αὐτῷ
982 2903 999 2935 ὃ
1019 2903 1185 2944 ἀγγέλλειν

258 2952 338 2987 ‚ct
361 2952 513 2987 orsmari
533 2951 656 2986 Anecd.
681 2952 756 2985 Par.
775 2952 813 2984 T.
834 2952 867 2985 Π
886 2960 918 2992 p.
938 2953 1009 2984 277.
1030 2949 1187 2994 Ejusdem

25 3023 27 3026 ι
235 2977 293 3043 sili
321 2998 428 3033 lilium
450 2999 590 3034 Neronis
625 2999 801 3042 imperium
831 2997 1025 3041 praedixisse
1053 2997 1188 3031 Tacitus

2 3059 19 3091 ¹g
94 3042 244 3091 arnt
263 3045 377 3082 Annal.
396 3047 456 3088 VI,
475 3047 526 3080 22.
545 3046 694 3080 Nominis
705 3046 799 3080 varia
814 3045 978 3088 scriptura
995 3045 1084 3088 apud
1097 3047 1189 3079 Grae-

2 3093 30 3116 ”
71 3097 89 3118 ³
97 3101 188 3135 DS
216 3100 279 3133 nst.
317 3099 344 3131 A
371 3097 498 3132 Latinis
538 3099 728 3132 constanter
762 3096 957 3138 Thrasyllus
990 3096 1185 3139 appellatur.

0 3141 102 3164 '³
83 3139 225 3181 fflo
243 3145 326 3180 locis
345 3145 445 3189 supra
461 3145 570 3179 allatis
588 3145 679 3179 hune
691 3144 862 3179 ,luvenalis
876 3153 1012 3178 versum
1031 3145 1091 3178 Sat
1125 3147 1184 3186 VI,

12 3203 14 3207 ’
73 3199 79 3229 1
107 3192 219 3231 &⁸78
236 3194 310 3229 non
326 3194 388 3228 ibit
403 3194 528 3238 pariter
540 3194 689 3228 numeris
710 3194 866 3227 revocata
882 3191 1053 3234 Thrasylli.
1072 3194 1187 3227 Graece

15 3286 18 3289 Δ
120 3239 246 3278 m
281 3242 342 3287 qni
368 3242 550 3286 Θράσυλλος
576 3241 710 3283 dicitur,
739 3241 879 3275 eundem
913 3241 990 3274 licet
1019 3242 1186 3283 Θρασύλον

14 3295 29 3305 “
87 3293 113 3330 '22-
130 3294 252 3325 vom
268 3291 303 3324 et
321 3291 518 3334 Θρασΰλαον.
538 3290 624 3325 Vide
644 3291 683 3324 C.
697 3289 841 3323 Keilium
858 3288 1049 3322 doctissime
1067 3289 1110 3322 de
1125 3289 1187 3323 hoc

15 3354 19 3375 2
77 3337 300 3379 *fleotomum
325 3347 446 3382 genere
468 3339 692 3373 disserentem
718 3338 753 3371 iu
781 3346 871 3379 spec.
897 3337 1116 3380 onomatolog.
1136 3346 1174 3380 gr

6 3393 27 3429 :fi
79 3403 107 3410 --
132 3376 274 3428 (fipsloe
292 3386 391 3427 1840)
412 3394 492 3428 pag.
501 3388 543 3419 68
569 3387 603 3418 et
617 3394 702 3428 quos
725 3384 774 3419 ibi
794 3385 918 3418 excitat
934 3385 1087 3418 veterum
1103 3385 1188 3418 scri-

15 3434 39 3462 f*
83 3455 101 3470 ,ι
131 3431 265 3475 Piorum
284 3431 510 3476 explicatores.
530 3433 633 3473 Nam,
661 3434 701 3466 ut
725 3441 828 3466 unum
847 3431 1037 3487 hujusmodi
1067 3437 1184 3468 nomen

24 3470 34 3492 Ἀ
74 3511 75 3515 ,
133 3471 292 3524 lraeferea
310 3479 497 3523 proferam,
514 3480 695 3514 notissimae
720 3483 797 3514 sunt
814 3481 916 3513 variae
942 3480 1094 3522 ejusdcm
1119 3482 1183 3513 voss
1211 3492 1216 3502 .

15 1188 18 1196 ¹
48 1195 55 1198 ’
117 1207 371 1241 numeramus
399 1206 439 1238 et
466 1209 554 1238 eum
569 1227 580 1247 ,
605 1197 712 1251 quod
743 1198 791 1238 de
812 1199 1002 1251 temporis
1021 1199 1148 1251 spatio
1161 1229 1171 1247 ,
1203 1206 1208 1251 1
1239 1214 1326 1240 cum
1340 1200 1488 1240 Timaeo
1502 1209 1541 1239 et
1557 1199 1682 1239 Critia
1700 1200 1829 1252 prima
1843 1200 1977 1239 classis
1991 1208 2200 1248 constaret,
2222 1200 2290 1238 alii

1241 1269 1377 1300 contra
1403 1269 1552 1299 mutato
1577 1259 1719 1298 ordine
1749 1273 1793 1298 ac
1819 1258 2105 1298 diversissimis
2128 1259 2298 1297 rationi-

1239 1319 1314 1359 bus
1330 1332 1494 1372 operum
1508 1319 1803 1358 Platonicorum
1823 1319 1964 1357 classes
1980 1318 2271 1356 constituerunt
2283 1346 2295 1366 ‚

1240 1379 1316 1419 hoc
1334 1379 1438 1418 inter
1463 1387 1621 1418 caeteros
1642 1388 1680 1416 ct
1699 1378 1958 1430 Thrasyllum
1981 1377 2170 1417 interesse
2187 1376 2297 1428 judi-

1242 1439 1409 1478 candum
1435 1448 1508 1488 est,
1532 1438 1637 1491 quod
1669 1438 1799 1477 caeteri
1829 1437 1986 1490 quidem
2020 1436 2068 1475 ad
2089 1435 2297 1475 libidinem

1242 1499 1355 1537 aliter
1374 1507 1489 1550 atque
1503 1499 1616 1536 aliter
1633 1498 1696 1536 vel
1716 1497 1843 1550 ipsius
1864 1496 2060 1543 materiae,
2080 1497 2143 1534 vel
2166 1509 2296 1534 rerum

1243 1558 1516 1606 tractationis,
1562 1558 1622 1596 vel
1653 1557 1851 1596 scribendi
1886 1557 2039 1607 generis
2071 1555 2204 1593 habita
2234 1568 2304 1593 ra-

1243 1617 1357 1656 tione
1370 1617 1547 1657 Platonis
1574 1619 1722 1668 scripta
1749 1615 2054 1663 distribuerunt),
2077 1614 2143 1653 hic
2172 1623 2298 1653 autem

1243 1676 1410 1728 singulis
1441 1689 1538 1728 quas
1567 1676 1791 1715 condidisse
1820 1676 1944 1715 fertur
1972 1675 2162 1714 classibus
2184 1684 2300 1727 quat-

1245 1744 1332 1774 tuor
1383 1735 1586 1787 assignans
1622 1734 1799 1786 dialogos
1839 1735 2049 1787 ipsumque
2092 1734 2297 1773 Platonem

1244 1807 1365 1846 opera
1399 1808 1471 1834 sua
1500 1794 1594 1834 κατὰ
1623 1794 1853 1848 τετραλογίαν
1882 1794 2104 1846 publicasse
2137 1803 2299 1833 couten-

1245 1854 1364 1905 dens,
1398 1862 1574 1893 nontam
1600 1854 1695 1893 novi
1722 1854 1819 1905 quid
1849 1853 2016 1901 invenit,
2042 1865 2157 1904 quam
2194 1853 2299 1905 quod

1244 1927 1266 1952 a
1286 1913 1488 1953 veteribus
1513 1921 1715 1967 acceperat
1747 1915 1935 1952 intactum
1971 1913 2144 1964 reliquit.
2161 1912 2301 1965 ‚Neque

1246 2043 1359 2078 cabuli
1375 2044 1492 2077 formae
1510 2044 1669 2082 Βάθυλλος
1681 2069 1689 2085 ,
1707 2044 1856 2082 Βαθύλος,
1874 2043 2047 2079 Βαθύλαος.
2065 2042 2115 2075 Os.
2135 2042 2307 2076 Demosth.

1245 2093 1321 2133 πρὸς
1338 2092 1479 2125 Βοιωτὸν
1500 2091 1578 2134 ὑπὲρ
1592 2092 1725 2133 προικὸς
1748 2091 1900 2134 μητρῴας
1925 2098 1999 2133 pag.
2022 2092 2115 2131 1009,
2137 2093 2176 2123 26
2193 2091 2308 2132 Steph.

63 2134 74 2184 -Ξ
121 2141 206 2175 bone
227 2139 321 2174 coss.
348 2137 498 2173 debitum
525 2138 654 2171 naturae
679 2136 863 2170 reddidisse
875 2163 883 2178 ,
917 2146 1023 2180 quum
1050 2137 1183 2170 fatalem
1246 2139 1339 2181 (pag.
1358 2141 1418 2172 265
1436 2139 1489 2172 ed.
1509 2139 1672 2181 Bekker).
1684 2139 1818 2172 Anthol.
1835 2138 1904 2171 Pal.
1920 2141 1952 2179 7,
1969 2141 2020 2171 30.
2035 2137 2156 2172 Athen.
2171 2140 2188 2172 Ι
2202 2147 2236 2180 p.
2255 2142 2306 2171 20.
2334 2137 2339 2143 '

55 2188 59 2228 ,¹
121 2189 187 2224 sibi
201 2189 319 2223 horam
333 2196 377 2222 ex
391 2187 491 2221 astris
509 2187 690 2229 auguratus
709 2188 809 2219 esset.
827 2185 891 2218 Dio
909 2186 1044 2220 cassius
1063 2187 1182 2226 Lvm,
1243 2187 1284 2218 D.
1303 2186 1432 2228 Alciph.
1450 2188 1512 2227 ΠΙ,
1536 2189 1588 2228 68,
1613 2191 1643 2219 6.
1663 2186 1748 2218 Hinc
1765 2186 1922 2226 efficitur,
1941 2192 2072 2218 errasse
2090 2185 2303 2218 Huebnerum

123 2241 164 2273 27
187 2237 264 2272 τότι
291 2236 349 2279 μὲν
373 2235 434 2278 γὰρ
454 2236 472 2268 ὁ
493 2234 694 2277 Θράσυλλος,
717 2236 763 2276 τῷ
792 2233 819 2266 δ’
837 2233 958 2266 ἐπιόντι
982 2234 1034 2275 ἧρι
1066 2234 1183 2271 ἐκεῖνος
1246 2234 1303 2275 qui
1322 2234 1354 2266 in
1370 2234 1526 2275 Diogenis
1539 2233 1662 2267 Laertii
1686 2233 1832 2266 editione
1848 2233 1973 2275 ubique
1993 2233 2125 2275 scripsit
2145 2235 2309 2275 Θρασύλος

1250 2293 1310 2327 pro
1337 2285 1519 2327 Θράσυλλος
1532 2311 1540 2326 ,
1566 2285 1648 2319 fisus
1670 2286 1885 2319 Ambrosiana
1911 2284 2068 2326 Diogenis
2096 2284 2310 2319 translatione

1250 2333 1451 2375 laudatoque
1466 2333 1679 2367 Boissonadio
1696 2334 1739 2367 ad
1756 2333 1943 2367 Aristaeneti
1965 2332 2063 2374 epist.
2078 2342 2112 2375 p.
2133 2335 2206 2370 441.
2223 2333 2310 2366 Vide

1249 2381 1320 2423 ejus
1336 2381 1412 2414 adn.
1431 2380 1475 2414 ad
1490 2381 1584 2423 Diog.
1607 2381 1663 2416 lib.
1688 2384 1750 2422 ΙΙΙ,
1774 2386 1807 2421 13
1825 2380 1879 2421 IX,
1896 2383 1951 2421 41,
1974 2380 2032 2413 uhi
2049 2380 2145 2414 codd.
2167 2381 2310 2422 Θράσυλ-

1249 2429 1299 2464 λος
1313 2427 1448 2468 habent,
1463 2430 1498 2461 et
1522 2427 1564 2460 ad
1577 2430 1638 2469 ΠΙ,
1658 2432 1696 2461 56
1720 2428 1778 2461 ubi
1797 2429 1926 2461 cunctae
1951 2427 2152 2460 membranae
2172 2427 2207 2460 in
2229 2429 2310 2461 scri·

1247 2477 1346 2517 ptura
1359 2476 1542 2517 Θρασύλαος
1551 2476 1771 2510 consentiunt.
1783 2493 1826 2500 —
1837 2474 1906 2517 (32)
1919 2475 1994 2508 Vid.
2006 2475 2089 2508 Phil.
2106 2477 2163 2508 Gr.
2179 2476 2309 2517 Fragm.

1248 2524 1434 2566 V01.1pag.
1457 2525 1528 2558 337.
1547 2541 1589 2548 —-
1606 2524 1673 2566 (33)
1686 2525 1867 2558 Democriti
1883 2523 2049 2558 Abderitae
2063 2524 2181 2565 fragm.
2196 2532 2229 2567 p.
2256 2529 2310 2558 10-

1248 2574 1298 2611 24,
1322 2573 1361 2603 54
1388 2580 1478 2614 seqq.
1498 2590 1539 2595 —
1556 2571 1622 2614 (34)
1650 2572 1830 2606 Boeckhius
1858 2571 1932 2606 Iud.
1957 2571 2049 2606 lectt.
2078 2571 2187 2605 Berol.
2218 2574 2312 2613 1841,

1247 2621 1287 2652 42
1308 2627 1382 2661 pag.
1401 2621 1421 2652 4
1442 2628 1450 2647 :
1475 2633 1490 2647 α
1510 2620 1655 2653 ἐκδοῦναι
1675 2620 1789 2662 αὐτὸν,
1806 2619 1932 2662 inquit,
1959 2621 2119 2664 refertur
2145 2619 2195 2653 <ul
2220 2620 2305 2654 Pla-

1248 2668 1383 2707 tonem,·
1404 2665 1611 2709 Thrasyllus
1627 2669 1749 2701 tamen
1764 2667 1839 2701 haec
1858 2669 1902 2702 de
1927 2678 1962 2704 se
1968 2695 1982 2712 ,
2000 2677 2075 2702 mm
2093 2665 2133 2700 de
2153 2665 2306 2701 Platone

1248 2713 1410 2756 dioeerat;
1426 2715 1505 2756 ipse
1525 2716 1620 2748 enim
1649 2714 1856 2758 Thrasyllus
1881 2715 1976 2750 hunc
2002 2713 2206 2748 instituerat
2226 2713 2308 2747 dia-

1252 2761 1415 2803 loyorum
1450 2762 1622 2796 ordinem.
1649 2776 1664 2792 υ
1695 2762 1760 2797 Sed
1786 2763 1859 2797 haec
1888 2762 2064 2808 explicatio
2083 2762 2307 2803 grammaticae

1249 2808 1377 2850 legibus
1392 2811 1554 2852 repugnat
1569 2835 1577 2851 ‚
1601 2810 1665 2843 nisi
1683 2810 1768 2844 forte
1795 2811 1938 2853 scriptor
1953 2812 2063 2853 inepte
2089 2809 2220 2842 locutus
2243 2813 2304 2844 est.

1249 2857 1326 2890 Vid.
1344 2857 1494 2892 Matthiae
1514 2860 1660 2892 Gramm.
1680 2867 1727 2902 gr.
1751 2858 1771 2901 §
1800 2862 1874 2893 536.
1898 2861 1969 2894 not.
1993 2876 2036 2884 —-
2051 2857 2120 2900 (35)
2143 2857 2308 2900 Diogenes

1248 2905 1402 2939 Laertius
1419 2903 1475 2939 lib.
1496 2908 1559 2948 ΙΙΙ,
1573 2910 1610 2940 61
1635 2916 1644 2936 :
1662 2908 1738 2940 ἐνιοι
1754 2908 1806 2947 δέ,
1827 2908 1871 2941 ὧν
1891 2908 2029 2942 ἐστικαὶ
2046 2906 2268 2949 Ἀριστοφάνης
2293 2908 2310 2939 ὁ

1249 2954 1482 2997 γραμματικός,
1513 2956 1556 2993 εἰς
1580 2955 1738 2999 τριλογίας
1765 2957 1898 2989 ἕλκουσι
1928 2956 2001 2994 τοὺς
2033 2954 2212 2993 διαλόγους.
2246 2955 2306 2987 Καὶ

1249 3002 1374 3044 πρώτην
1391 3001 1447 3043 μὲν
1463 3002 1620 3044 τιθέασιν,
1645 3003 1681 3043 ἧς
1706 3005 1829 3044 ἡγεῖται
1858 3003 2027 3044 Πολιτεία,
2045 3001 2178 3044 Τίμαιος
2191 3026 2199 3042 ,
2226 3004 2306 3044 Κρι-

1248 3050 1327 3088 τίας·
1357 3049 1522 3091 δευτέραν,
1556 3050 1728 3094 Σοφιστής,
1762 3050 1929 3088 Πολιτικός
1943 3074 1952 3092 ,
1983 3049 2154 3093 Κρατύλος·
2182 3049 2304 3091 τρίτην),

1248 3098 1368 3141 Νόμοι,
1387 3097 1514 3138 Μίνως,
1534 3098 1706 3140 Ἐπινομίς·
1723 3098 1871 3141 τετάρτην
1884 3125 1892 3138 ,
1919 3098 2108 3138 Θεαίτητος,
2126 3097 2306 3139 Εὐθύφρων,

1253 3146 1434 3187 Ἀπολογία·
1464 3146 1630 3189 πέμπτην,
1652 3147 1797 3189 Κρίτων,
1825 3147 1976 3188 Φαίδων,
2002 3145 2202 3180 Ἐπιστολαίῐ
2223 3146 2262 3178 τὰ
2280 3147 2307 3178 δ’

1249 3192 1328 3226 ἄλλα
1345 3193 1416 3226 καθ’
1436 3193 1468 3226 ἓν
1480 3194 1536 3227 καὶ
1556 3193 1711 3231 ἀτάκτως.
1726 3193 1888 3236 Ἄρχονται
1909 3195 1941 3227 δὲ
1956 3196 1985 3226 οἱ
2003 3193 2058 3235 μὲν
2072 3194 2113 3230 ὡς
2126 3192 2306 3235 προείρηται

1247 3242 1309 3275 ἀπὸ
1325 3245 1379 3281 τῆς
1395 3242 1571 3280 Πολιτείας·
1586 3244 1615 3275 ol
1635 3241 1662 3274 δ’
1675 3241 1738 3274 ἀπὸ
1763 3241 1957 3276 Ἀλκιὸιὰδου
1979 3244 2034 3274 τοῦ
2059 3240 2208 3283 μείζονος·
2228 3242 2256 3272 οἱ
2279 3241 2307 3272 δ’

1247 3288 1309 3322 ἀπὸ
1329 3288 1480 3332 Θεάγους·
1501 3288 1575 3322 ἔνιοι
1596 3290 1628 3322 δὲ
1651 3290 1855 3332 Εὐθύφρονος·
1889 3290 1975 3322 ἀλλοι
2003 3290 2246 3329 Κλειτοφῶντος·
2263 3299 2307 3319 τι·

1245 3336 1293 3374 νὲς
1313 3336 1460 3379 Τιμαίου·
1475 3340 1505 3371 οἱ
1523 3337 1550 3370 δ’
1567 3337 1630 3370 ἀπὸ
1651 3338 1804 3380 Φαίδρου·
1824 3338 1921 3379 ἕτεροι
1940 3338 2130 3375 Θεαιτήτου·
2147 3335 2255 3367 πολλοὶ
2270 3336 2304 3367 δὲ

1246 3385 1430 3427 Ἀπολογίαν
1447 3386 1503 3425 τὴν
1523 3386 1620 3427 ἀρχὴν
1640 3388 1816 3419 ποιοῦνται.
1840 3404 1883 3410 -
1903 3385 1973 3428 (36)
1993 3386 2064 3418 Non
2093 3392 2208 3418 omnes
2230 3384 2299 3416 Pla·

1249 3433 1334 3466 tonis
1351 3433 1456 3467 libros
1483 3434 1546 3466 hac
1568 3433 1639 3474 lege
1664 3433 1869 3474 diviserunt,
1899 3434 1957 3467 sed
1988 3442 2090 3475 quum
2118 3433 2304 3475 quindecim

1247 3481 1317 3524 eJus
1329 3482 1498 3515 volumina
1519 3482 1667 3525 quinque
1686 3482 1826 3524 trilogiis
1842 3483 2006 3524 complexi
2026 3483 2147 3520 essent,
2169 3481 2304 3524 reliqum
