2528 3788
254 211 307 251 68

253 298 376 335 moria
396 294 582 333 labentem
603 290 846 342 impugnavit
864 298 902 327 et
921 290 1099 340 captiosis
1115 290 1284 327 interro-

255 354 477 407 gationibus
514 352 672 390 adortus
712 348 891 399 perfecit,
927 357 970 388 ut
1001 361 1118 387 senex
1158 349 1285 387 locum

255 428 365 453 suum
403 413 445 450 in
472 410 675 449 Academia
712 408 949 459 relinqueret
981 420 1026 446 ac
1064 407 1171 447 domi
1201 421 1285 447 cum

255 473 389 512 amicis
408 483 447 508 se
476 476 633 506 teneret.
657 466 801 504 Tribus
822 466 974 505 tandem
1002 465 1201 505 mensibus
1228 466 1289 503 in-

255 530 426 581 terjectis
441 527 673 566 Xenocrates
688 526 823 571 redux,
843 525 943 563 hanc
962 538 1094 563 rerum
1117 523 1292 562 mutatio-

257 602 342 627 nem
374 588 555 635 miratus,
591 585 704 623 simul
737 584 997 635 Speusippum
1029 582 1287 633 reprehendit,

257 647 360 697 quod
381 645 579 683 Aristoteli
595 644 794 690 cessisset,
817 643 932 681 simul
961 642 1176 692 Stagiriten
1198 654 1288 679 exa-

257 706 414 754 gitatum
432 702 646 741 Academiae
660 702 801 752 spatiis
811 701 941 752 ejecit,
958 702 1236 750 Platonemque
1252 700 1293 737 in

256 765 462 815 pristinum
484 762 615 812 gratiae
633 769 670 798 et
687 761 848 798 honoris
870 761 1000 798 locum
1021 759 1204 798 restituit.

309 822 418 859 Hanc
449 819 709 858 narrationem
729 818 798 856 alii
818 818 1094 870 repudiarunt,
1125 818 1206 866 alii,
1232 819 1291 856 in-

257 888 314 917 ter
332 891 432 929 quos
454 878 698 916 Hermannus
717 885 798 924 est,
830 877 1098 928 probaverunt
1116 878 1294 915 luculen-

255 946 334 974 tum
358 945 553 974 auctorem
574 936 764 973 AElianum
794 949 877 974 esse
908 937 997 975 rati.
1025 935 1121 987 (94).
1146 935 1293 974 Utcun-

256 1008 330 1045 que
349 1003 421 1045 est,
440 1004 567 1032 tamen
587 1003 748 1044 apparet
768 995 1015 1032 Aristotelem
1030 994 1111 1045 jam
1129 995 1293 1033 Platone

254 1054 348 1091 vivo
365 1053 413 1091 ab
431 1053 635 1090 Academia
652 1053 854 1091 secessisse
871 1061 908 1091 et
927 1053 1108 1091 Isocratis
1123 1054 1294 1092 rhetoris

255 1112 380 1160 gloria
398 1120 542 1148 motum
570 1111 701 1148 dicere
719 1111 834 1150 etiam
855 1112 1018 1162 coepisse
1033 1112 1293 1151 adolescentes

254 1170 414 1218 docere,
452 1183 495 1207 ac
531 1169 729 1218 sapientiae
759 1169 929 1207 studium
964 1183 1051 1208 eum
1073 1171 1294 1221 eloquentia

250 1227 413 1278 jungere
428 1227 520 1280 (95).
542 1226 875 1272 Quemadmodum
891 1241 985 1267 vero
999 1242 1112 1267 nemo
1131 1229 1292 1270 Isocrati

253 1286 442 1324 infensius
471 1286 695 1324 adversatus
721 1294 778 1323 est
801 1286 879 1337 (96)
903 1301 911 1324 :
941 1290 997 1326 sic
1025 1301 1110 1326 eum
1142 1289 1293 1327 Platoni

254 1345 486 1383 obtrectasse
519 1346 593 1383 ista
625 1346 846 1384 narratione
883 1347 995 1385 facile
1030 1348 1224 1395 adducor,
1250 1358 1290 1387 ut

254 1404 405 1441 credam
420 1404 518 1455 (97).
537 1406 630 1442 Cum
653 1404 731 1442 illis
749 1417 841 1442 vero
869 1406 937 1454 qui
959 1406 1006 1443 ad
1026 1406 1199 1444 Platonis
1220 1421 1289 1445 se-

253 1463 443 1500 nescentis
462 1463 724 1500 auctoritatem
746 1476 785 1500 se
807 1464 1062 1511 contulerant,
1093 1465 1293 1504 Aristoteli

254 1533 331 1557 non
356 1520 473 1559 fuisse
492 1522 698 1558 amicitiam
726 1534 774 1558 ex
800 1522 849 1559 iis
885 1535 970 1572 quae
997 1524 1174 1573 exposita
1204 1533 1293 1562 sunt

254 1579 471 1618 conficitur.
494 1579 754 1631 Speusippum
773 1589 876 1618 certe
893 1594 973 1618 non
988 1582 1104 1619 modo
1120 1583 1293 1632 Isocrati,

257 1649 393 1674 verum
413 1637 529 1675 etiam
551 1637 705 1675 Platoni
725 1638 921 1677 addictum
935 1668 945 1686 ‚
966 1640 1182 1678 simultates
1206 1655 1290 1679 cum

253 1694 431 1745 Stagirite
457 1708 590 1745 gerere
615 1696 831 1746 oportebat.
851 1697 982 1742 Quare
1002 1711 1115 1736 nemo
1137 1699 1292 1738 dubita-

252 1752 334 1800 bit,
367 1754 461 1804 quin
489 1755 698 1806 Speusippi
727 1754 883 1792 libellus
908 1754 993 1807 πρὸς
1024 1753 1179 1808 Γρύλλον
1211 1757 1291 1808 (98)

254 1812 473 1850 Aristotelis
506 1813 783 1852 commentario
816 1814 1040 1863 cognomini
1077 1814 1230 1866 Γρύλλος
1268 1815 1290 1862 ἢ

253 1870 333 1922 περὶ
373 1874 555 1923 ῥητορικῆς
594 1872 671 1923 (99)
710 1873 916 1923 oppositus
970 1873 1098 1912 fuerit.
1132 1872 1293 1913 Videtur

254 1930 357 1967 enim
379 1929 618 1982 Speusippus
640 1932 845 1970 Isocratem
877 1940 1011 1969 contra
1041 1932 1288 1971 Aristotelem

254 1986 482 2025 defendisse.
501 1988 663 2040 Insuper
680 1999 829 2027 mortuo
847 1989 1006 2028 Platone
1021 2003 1100 2040 quo
1119 1998 1293 2042 tempore

253 2043 491 2096 Speusippus
506 2047 749 2085 Academiam
764 2061 894 2098 regere
913 2048 1032 2099 coepit
1044 2077 1055 2098 ,
1083 2049 1294 2099 Apollodo-

254 2116 320 2141 rus
341 2102 445 2155 (100)
467 2114 600 2143 auctor
616 2115 691 2153 est,
715 2106 928 2155 Stagiriten
955 2107 1101 2145 relictis
1133 2109 1292 2148 Athenis

255 2162 453 2201 Hermiam
493 2165 646 2203 adiisse.
702 2165 833 2215 Neque
882 2174 1010 2203 tamen
1062 2166 1288 2207 Aristoteles

253 2219 459 2272 Speusippi
480 2222 693 2260 doctrinam
711 2224 930 2274 scriptaque
951 2227 1199 2265 contemsisse
1219 2241 1291 2278 pu-

254 2279 390 2316 tandus
410 2287 488 2328 est,
520 2289 561 2317 ut
595 2282 662 2330 qui
688 2282 723 2319 ei
756 2291 951 2332 superstes
986 2285 1130 2322 mortui
1169 2284 1290 2324 libros

255 2336 378 2374 tribus
397 2338 547 2375 talentis
575 2339 713 2377 emisse
735 2341 907 2378 tradatur
929 2341 1050 2391 (101).
1074 2341 1128 2380 Ex
1150 2356 1196 2381 eo
1216 2345 1289 2394 igi-

254 2401 316 2430 tur
334 2393 436 2431 fonte
465 2394 577 2433 fluxit
614 2397 832 2435 Aristotelis
865 2399 1049 2437 volumen
1085 2400 1134 2438 de
1162 2401 1288 2451 Speu—

255 2452 359 2501 sippi
385 2461 423 2489 et
441 2454 666 2492 Xenocratis
697 2456 965 2507 philosophia,
997 2469 1248 2498 memoratum
1269 2475 1290 2500 a

256 2509 426 2559 Diogene
454 2510 608 2548 Laertio
635 2512 703 2551 lib.
735 2512 779 2560 V,
800 2514 860 2553 25.
886 2514 1000 2559 Quod
1021 2518 1134 2566 quale
1158 2519 1286 2567 fuerit,

254 2580 275 2603 e
294 2568 415 2606 variis
448 2568 636 2618 Stagiritae
668 2571 762 2609 locis
793 2573 937 2622 conjici
965 2583 1114 2625 potest,
1135 2577 1204 2616 ubi
1226 2580 1285 2617 vel

255 2624 584 2675 Pythagoreorum
613 2628 769 2677 aliquod
796 2630 934 2678 dogma
960 2631 1177 2686 Speusippo
1198 2651 1284 2687 pro-

263 2702 1235 2722 Ἤ

253 2746 340 2767 τωνι.
359 2735 482 2777 -(94)
501 2736 575 2768 Vid.
600 2739 745 2771 Nunnes.
776 2739 818 2770 ad
847 2742 1010 2774 Ammonii
1032 2753 1091 2777 seu
1121 2746 1290 2784 Philonem

253 2782 313 2814 vit.
331 2782 465 2815 Aristot.
483 2791 553 2824 pag.
576 2786 676 2816 73-75
695 2785 747 2817 ed.
768 2787 847 2819 Luc.
864 2788 1020 2829 Holsten;
1036 2793 1234 2834 Wynpersse
1249 2797 1290 2830 de

255 2830 435 2861 Xenocrate
458 2829 675 2862 Chalcedonio
697 2840 729 2871 p.
761 2835 800 2864 24
825 2841 901 2875 sqq3
921 2836 1192 2882 Trendelenburg.
1212 2842 1288 2875 Pla-

254 2876 340 2908 tonis
357 2877 398 2908 de
414 2875 497 2908 ideis
510 2877 544 2908 et
566 2879 711 2910 numeris
724 2878 830 2912 doctr.
857 2889 897 2912 ex
914 2881 1086 2918 Aristotele
1114 2887 1287 2922 illustrata.

253 2921 372 2964 Lipsiae
404 2926 501 2962 18263
528 2924 731 2959 Hermannus
758 2926 830 2958 libr.
857 2928 881 2966 l,
902 2930 916 2960 I
941 2938 972 2970 p.
995 2932 1201 2966 124-125.—-
1218 2937 1286 2978 (95)

255 2971 367 3002 Cicero
384 2972 481 3002 Tusc.
498 2971 523 3009 I,
543 2972 573 3002 4.
592 2989 631 2993 —
648 2973 712 3013 (96)
736 2973 847 3006 Cicero
864 2976 946 3007 orat.
970 2980 1018 3008 51.
1039 2996 1079 3003 ·-
1096 2981 1158 3021 (97)
1178 2983 1289 3015 Cicero

254 3017 294 3049 de
317 3026 369 3050 or.
396 3018 452 3057 111,
471 3019 510 3048 35
528 3030 536 3048 2
552 3019 743 3059 Itaqueipse
755 3021 947 3054 Aristoteles
970 3033 1070 3064 quum
1092 3028 1206 3061 florere
1222 3032 1289 3062 iso-

253 3066 378 3096 cratem
395 3063 563 3095 nobilitate
586 3064 821 3106 discipulorum
838 3067 982 3109 videret,
1015 3073 1102 3111 quod
1118 3074 1187 3115 ipse
1207 3086 1285 3109 suas

253 3110 489 3151 disputationes
506 3120 525 3142 a
543 3112 651 3144 causis
675 3113 859 3145 forensibus
882 3117 913 3146 et
930 3115 1077 3149 civilibus
1098 3120 1139 3151 ad
1162 3121 1288 3156 inanem

253 3156 410 3189 sermonis
422 3157 610 3199 elegantiam
627 3160 857 3199 transtulisset,
879 3162 1019 3195 mutavit
1037 3169 1168 3206 repente
1186 3171 1287 3202 totam

252 3204 391 3236 somnam
408 3202 587 3246 disciplinae
609 3214 687 3247 suae,
721 3215 916 3249 versumque
939 3211 1099 3249 quendam
1119 3212 1159 3245 de
1176 3214 1288 3248 Philo-

254 3252 453 3293 ctetapaullo
465 3261 559 3285 secus
569 3253 659 3286 dixit.
670 3254 728 3287 Ille
735 3255 820 3287 enim
832 3257 929 3298 turpe
946 3257 1009 3290 sibi
1019 3258 1064 3291 ait
1078 3267 1150 3292 esse
1162 3262 1284 3304 tacere,

254 3307 359 3341 quum
373 3298 539 3333 barbaros
552 3312 564 3334 .·
574 3300 627 3333 iiic
638 3303 759 3339 autem.
774 3311 882 3344 quum
904 3307 1093 3338 Isocratem
1105 3308 1287 3345 pateretur

255 3346 376 3379 decere.
396 3346 488 3379 conf.
501 3348 590 3380 Orat.
616 3350 666 3380 19.
682 3369 718 3374 -
734 3348 802 3389 (98)
816 3357 868 3391 ap.
888 3350 979 3391 Diog.
998 3353 1105 3384 Laert.
1123 3353 1180 3394 IV,
1193 3356 1223 3386 4.
1245 3374 1286 3380 —-

255 3392 322 3434 (99)
341 3392 431 3434 Diog.
446 3394 553 3426 Laert.
567 3395 608 3434 V,
622 3397 672 3427 22.
690 3412 726 3417 —
744 3394 831 3437 (100)
844 3397 903 3438 Ap.
919 3395 1011 3439 Diog.
1032 3400 1183 3440 Lam-V,
1203 3404 1231 3434 9.
1247 3421 1283 3426 -

1115 202 1182 241 DE
1212 199 1513 241 SPEUSIPPO.

1347 287 1480 325 batum
1499 285 1672 324 Platonis
1694 285 1849 324 decreto
1869 285 2071 336 anteponit
2087 314 2097 333 ‚
2133 286 2195 324 vel
2226 286 2386 325 omnino

1349 345 1395 384 de
1409 344 1644 396 Speusippo,
1659 343 1892 392 Xenocrate,
1915 343 2077 382 Platone
2092 343 2258 395 judicat.
2282 345 2389 383 Licet

1349 407 1448 442 enim
1481 416 1758 454 nonnunquam
1785 402 2046 454 Speusippum
2076 403 2292 455 vituperet,
2322 417 2390 442 sae-

1350 464 1439 515 pius
1463 472 1593 501 tamen
1623 463 1659 501 ei
1687 475 1802 514 quam
1831 461 1984 499 Platoni
2017 461 2138 512 favet,
2160 462 2390 502 Xenocratis

1352 522 1540 560 sententia
1560 514 1639 560 fere
1658 521 1807 572 ubique
1826 521 2029 572 repudiata
2044 521 2160 572 (102).
2335 529 2338 532 ’

1405 579 1538 627 Plato,
1567 593 1682 630 quem
1717 591 1941 631 supremum
1972 579 2076 617 diem
2108 580 2237 630 primo
2258 574 2394 633 Olym-

1353 638 1481 688 piadis
1520 639 1591 675 108
1625 650 1750 683 anne,
1782 646 1868 675 ante
1907 636 1999 676 Chr.
2023 637 2098 681 348
2121 637 2267 676 obiisse
2294 637 2394 676 vidi-

1354 711 1438 736 mus
1457 699 1558 751 (103)
1573 712 1659 736 cum
1681 699 1777 737 alios
1796 699 2013 737 testamenti
2033 698 2291 748 exsecutores,
2314 703 2395 743 tum

1355 757 1615 809 Speusippum
1631 757 1732 810 (104)
1755 759 2017 797 constituerat.
2038 758 2112 804 Qui
2134 772 2254 810 quum
2274 756 2396 798 amici

1356 829 1463 855 more
1483 816 1673 868 majorum
1695 830 1842 855 coenam
1866 817 2064 856 funebrem
2093 817 2282 866 facerent,
2308 830 2393 857 eam

1356 875 1493 914 habuit
1515 876 1752 924 orationem,
1782 890 1867 927 quae
1888 885 1974 928 post
1991 877 2072 915 haec
2097 877 2203 915 edita
2221 890 2266 916 ac
2279 879 2396 918 modo

1356 934 1545 978 Πλάτωνος
1581 934 1799 986 περίδειπνον
1835 936 1952 974 modo
1994 935 2167 987 ἐγκώμιον
2205 936 2397 989 inscripta

1354 993 1557 1031 hominum
1585 992 1767 1032 manibus
1796 994 1995 1033 terebatur
2015 993 2136 1047 (105).
2161 995 2260 1034 Hinc
2277 997 2398 1048 petita

1355 1065 1438 1091 esse
1462 1052 1675 1091 verisimile
1693 1061 1765 1101 est,
1789 1066 1875 1104 quae
1890 1053 1938 1091 de
1963 1054 2138 1092 Platonis
2156 1054 2236 1092 vita
2257 1064 2300 1095 et
2314 1064 2397 1094 stu-

1355 1110 1432 1149 diis
1451 1112 1610 1149 incertis
1636 1111 1862 1150 auctoribus
1881 1112 1984 1163 apud
2009 1111 2220 1162 Diogenem
2240 1122 2278 1152 et
2302 1113 2397 1152 alibi

1355 1169 1583 1207 afferuntur.
1605 1169 1699 1215 Quae
1718 1169 1943 1220 conjectura
1960 1171 2146 1222 Diogenis
2165 1179 2203 1208 et
2221 1171 2396 1223 Apuleji,

1355 1228 1394 1265 ni
1417 1228 1542 1275 fallor,
1567 1229 1795 1266 testimoniis
1817 1229 2081 1278 confirmatur,
2101 1230 2169 1282 qui
2183 1243 2270 1281 quae
2283 1243 2399 1282 super
2461 1244 2466 1248 ·

1355 1287 1500 1325 coelesti
1519 1287 1694 1325 Platonis
1715 1287 1868 1336 origine
1887 1301 1932 1325 ac
1960 1288 2104 1339 puerili
2132 1288 2219 1339 ejus
2238 1289 2398 1328 institu-

1354 1344 1460 1382 tione
1494 1344 1691 1394 scribunt,
1723 1345 1942 1397 Speusippo
1975 1359 2015 1384 se
2049 1356 2205 1386 auctore
2234 1350 2399 1399 posteris

1355 1403 1505 1441 tradere
1531 1404 1763 1455 profitentur
1784 1406 1903 1457 (106).
2327 1421 2330 1423 >

1408 1461 1468 1499 Ab
1484 1462 1618 1500 eodem
1644 1462 1863 1515 Speusippo
1878 1464 2014 1515 procul
2035 1464 2157 1504 dubio
2177 1475 2398 1507 sumserunt

1354 1528 1523 1568 veteres,
1554 1534 1640 1571 quae
1674 1525 1722 1559 de
1758 1521 1927 1561 Socratis
1965 1527 2120 1562 somnio
2161 1538 2319 1564 rumore
2352 1539 2396 1564 ae

1355 1579 1455 1617 fama
1482 1592 1522 1617 se
1554 1581 1746 1631 accepisse
1780 1581 2033 1620 testificantur
2055 1578 2174 1635 (107).
2199 1583 2312 1630 Quod
2335 1598 2395 1623 re-

1353 1637 1505 1687 liquum
1542 1647 1619 1684 est,
1648 1639 1802 1689 pietatis
1837 1653 1929 1690 erga
1956 1640 2157 1679 Platonem
2197 1643 2396 1694 specimen

1354 1695 1469 1733 etiam
1485 1695 1591 1735 dedit
1609 1696 1849 1748 Speusippus
1869 1696 1968 1737 facto
1982 1701 2279 1752 epigrammate,-
2292 1704 2398 1754 quod

1353 1762 1493 1804 praeter
1512 1754 1590 1792 duo
1618 1755 1694 1793 alia
1725 1755 1950 1808 philosophi
1977 1768 2230 1798 monumento
2248 1761 2399 1801 inscul-

1354 1820 1462 1862 ptum
1486 1812 1603 1851 fuisse
1625 1813 1758 1853 fertur.

1461 1871 1574 1920 Σῶμα
1594 1871 1657 1922 μὲν
1686 1874 1719 1911 ἐν
1741 1871 1880 1916 κόλποις
1909 1873 2053 1926 κατέχει
2075 1875 2151 1914 τόδε
2181 1877 2266 1928 γαῖα
2294 1879 2397 1919 Πλά-

2236 1942 2390 1992 [τωνος,

1514 1992 1609 2045 ψυχὴ
1631 1994 1662 2031 δ’
1685 1993 1823 2032 ἰσοθέων
1844 1994 1938 2040 τάξιν
1958 1995 2032 2049 ἔχει
2052 1998 2233 2051 μακάρων,

1357 2051 1554 2101 Leguntur
1579 2052 1621 2090 hi
1642 2055 1828 2092 versiculi
1855 2055 1898 2097 in
1927 2056 2160 2107 Anthologia
2185 2056 2393 2101 Planudea.

1352 2108 1488 2147 Simile
1522 2110 1677 2159 quidem
1712 2125 1866 2150 carmen
1894 2122 1951 2151 est
1981 2116 2255 2165 tetrastichon,
2290 2120 2395 2170 quod

1354 2169 1470 2206 refert
1500 2169 1693 2219 Diogenes
1711 2171 1887 2211 Laertius
1920 2172 1991 2213 lib.
2013 2172 2092 2223 ΙΙΙ,
2127 2181 2192 2226 44,
2216 2174 2287 2223 sed*
2311 2178 2396 2230 ejus

1355 2227 1511 2271 tertium
1533 2237 1790 2280 quartumque
1810 2244 1967 2270 versum
1983 2232 2193 2286 Speusippi
2213 2248 2292 2275 non
2311 2251 2395 2276 esse

1352 2298 1576 2336 persuasum
1599 2287 1786 2327 habemus
1806 2288 1929 2341 (108).

1405 2344 1498 2382 Dixi
1517 2358 1635 2396 supra
1653 2347 1757 2397 (109)
1786 2357 1909 2386 morte
1927 2349 2156 2390 occubuisse
2178 2352 2393 2403 Platonem,

1352 2400 1575 2449 successore
1593 2410 1637 2448 in
1656 2410 1864 2451 Academia
1894 2413 2032 2452 relicto
2049 2414 2286 2470 Speusippo.
2320 2420 2395 2466 Qui

1352 2468 1533 2516 quoniam
1567 2477 1655 2506 octo
1685 2482 1806 2508 annos
1845 2471 1984 2510 scholae
2016 2472 2228 2514 Platonicae
2251 2477 2343 2516 iude
2370 2491 2393 2517 a

1349 2527 1555 2564 centesima
1568 2536 1707 2566 octava
1733 2529 1967 2579 Olympiade
1985 2542 2163 2583 praeerat,
2186 2537 2387 2588 quaeritur,

1349 2584 1476 2633 qualis
1507 2586 1572 2624 hic
1609 2600 1809 2626 successor
1846 2588 1963 2628 fuerit
1995 2590 2267 2644 philosophus.
2304 2595 2389 2636 Non

1349 2654 1552 2693 negamus,
1578 2658 1666 2683 eum
1699 2656 1890 2698 acceptam
1924 2661 1947 2686 a
1973 2657 2047 2687 tam
2082 2652 2268 2702 praeclaro
2306 2655 2392 2696 viro

1637 2724 2371 2742 —-———=-——
2420 2739 2423 2741 .

1393 2754 1479 2796 (101)
1499 2756 1658 2798 Diogenes
1676 2759 1825 2792 Laertius
1844 2762 1900 2800 ss,
1921 2764 1940 2793 5
1960 2762 1994 2793 ἐν
2006 2763 2138 2805 δευτέρῳ
2151 2764 2388 2807 ἀπομνημονευ-

1351 2803 1456 2843 μάτων
1477 2806 1658 2847 Φαὸωρῖνός
1682 2818 1775 2848 φησιν
1803 2812 1845 2846 ὡς
1873 2809 2080 2852 Ἀριστοτέλης
2104 2814 2201 2846 αὐτοῦ
2228 2815 2267 2848 τὰ
2284 2814 2389 2858 βιὸλία

1349 2858 1441 2896 τριῶν
1467 2857 1625 2890 ταλάντων
1654 2860 1811 2898 ὠνήσατο.
1842 2860 1967 2894 Gellius
1994 2863 2102 2896 Noett.
2135 2865 2203 2898 Att.
2238 2864 2295 2908 ΙΙΙ,
2321 2867 2357 2899 15
2378 2874 2386 2894 =

1349 2904 1557 2939 Aristotelem
1580 2917 1709 2950 quoque
1727 2909 1887 2942 traditum
1915 2911 2018 2945 libros
2039 2914 2198 2955 pauculos
2215 2916 2389 2960 Speusippi

1338 2954 1532 2999 “philosophi
1543 2982 1552 2998 ,
1568 2960 1796 2999 postmortem
1813 2960 1894 3002 ejus,
1912 2962 2031 2996 emisse
2045 2963 2176 2998 talentis
2195 2966 2314 3001 Atticis
2329 2969 2389 3001 tri-

1348 3004 1420 3038 bus.
1438 3007 1483 3038 Ea
1496 3015 1625 3040 summa
1638 3007 1677 3041 fit
1689 3009 1814 3042 nummi
1834 3011 1936 3044 nostri
1957 3013 2010 3045 HS
2038 3013 2104 3046 duo
2128 3016 2163 3048 et
2181 3016 2388 3060 septuaginta

1348 3055 1458 3088 millia.
1480 3075 1521 3079 —
1539 3057 1624 3097 (102)
1640 3057 1725 3090 Vide
1745 3058 2206 3099 tragm.195-196-197-198.
2231 3082 2275 3091 -—
2296 3067 2387 3111 (103)

1348 3105 1422 3137 Vid.
1442 3114 1540 3146 supra
1551 3108 1620 3139 not.
1641 3110 1680 3139 25
1693 3108 1727 3140 et
1745 3111 1797 3140 26.
1821 3126 1857 3132 —
1875 3109 1963 3152 (104)
1983 3112 2144 3153 Diogenes
2161 3116 2312 3150 Laertius
2325 3117 2383 3152 lib.

1348 3157 1406 3195 111,
1424 3159 1463 3189 43
1482 3157 1641 3199 ἐπίτροποι
1660 3158 1692 3191 δὲ
1718 3160 1895 3200 Σωσθένης,
1927 3163 2125 3201 Σπεύσιππος
2148 3167 2215 3199 κτλ.
2239 3184 2282 3192 -
2297 3169 2384 3210 (105)

1347 3205 1505 3246 Diogenes
1524 3206 1674 3240 Laertius
1695 3208 1755 3248 ΙΙΙ,
1775 3211 1792 3240 2
1809 3210 2006 3248 Σπεύσιππος
2027 3212 2059 3244 ἐν
2080 3216 2125 3254 τῷ
2147 3214 2384 3260 ἐπιγραφομένῳ

1347 3256 1513 3294 Πλάτωνος
1527 3258 1713 3300 περιδείπνῳ
1733 3258 1801 3300 (sic
1812 3259 1875 3302 leg.
1890 3270 1951 3302 pro
1969 3263 2134 3302 Πλάτωνος
2149 3267 2218 3308 περὶ
2230 3267 2383 3312 δείπνου).

1348 3305 1438 3337 Idem
1453 3308 1510 3347 IV,
1532 3312 1550 3340 5
1566 3308 1730 3345 Πλάτωνος
1752 3309 1918 3350 ἐγκώμιον.
1938 3312 2019 3344 Nam
2034 3312 2123 3347 idem
2136 3314 2268 3350 videtur
2282 3318 2383 3353 misse

1348 3358 1551 3396 opusculum.
1568 3377 1605 3383 —
1626 3358 1713 3401 (103)
1723 3358 1799 3393 Vid.
1813 3370 1912 3403 supra
1923 3365 1991 3395 not.
2013 3367 2032 3396 5
2045 3366 2079 3397 et
2099 3368 2129 3399 7.
2145 3386 2186 3394 -
2202 3367 2291 3410 (107)
2305 3371 2382 3404 Vid.

1346 3406 1413 3437 not.
1436 3411 1465 3439 9.
1488 3424 1527 3431 -
1545 3407 1634 3450 (108)
1665 3408 1739 3443 vid.
1769 3409 1884 3453 fragm.
1920 3414 1988 3446 186.
2025 3430 2066 3438 -
2094 3414 2186 3458 (109)
2219 3418 2296 3452 vm.
2324 3429 2383 3452 su-
