<?xml version="1.0" encoding="UTF-8"?>
<!DOCTYPE html PUBLIC "-//W3C//DTD XHTML 1.0 Transitional//EN"
    "http://www.w3.org/TR/xhtml1/DTD/xhtml1-transitional.dtd">
<html xmlns="http://www.w3.org/1999/xhtml" xml:lang="en" lang="en">
 <head>
  <title>
</title>
<meta http-equiv="Content-Type" content="text/html;charset=utf-8" />
  <meta name='ocr-system' content='tesseract 3.04.00' />
  <meta name='ocr-capabilities' content='ocr_page ocr_carea ocr_par ocr_line ocrx_word'/>
</head>
<body>
  <div class='ocr_page' id='page_1' title='image "./fragmentaphiloso03mulluoft/fragmentaphiloso03mulluoft_0406.png"; bbox 0 0 2508 3776; ppageno 0'>
   <div class='ocr_carea' id='block_1_1' title="bbox 204 252 1283 623">
    <p class='ocr_par' dir='ltr' id='par_1_1' title="bbox 204 252 1283 623">
     <span class='ocr_line' id='line_1_1' title="bbox 260 252 338 291; baseline 0.026 -2"><span class='ocrx_word' id='word_1_1' title='bbox 260 252 338 291; x_wconf 80' lang='lat'>390</span> 
     </span>
     <span class='ocr_line' id='line_1_2' title="bbox 313 337 1277 398; baseline 0.009 -23"><span class='ocrx_word' id='word_1_2' title='bbox 313 337 328 354; x_wconf 85' lang='lat'><strong>*</strong></span> <span class='ocrx_word' id='word_1_3' title='bbox 348 337 414 376; x_wconf 78' lang='grc' dir='ltr'>Διὰ</span> <span class='ocrx_word' id='word_1_4' title='bbox 436 341 534 375; x_wconf 82' lang='grc' dir='ltr'>τοῦτο</span> <span class='ocrx_word' id='word_1_5' title='bbox 564 337 597 375; x_wconf 82' lang='grc' dir='ltr'>δὲ</span> <span class='ocrx_word' id='word_1_6' title='bbox 627 338 704 375; x_wconf 85' lang='grc' dir='ltr'>οὐδὲ</span> <span class='ocrx_word' id='word_1_7' title='bbox 725 340 934 379; x_wconf 76' lang='grc' dir='ltr'>ἀντικεῖσθαι</span> <span class='ocrx_word' id='word_1_8' title='bbox 953 342 1091 382; x_wconf 83' lang='grc' dir='ltr'>δοκοῦσι</span> <span class='ocrx_word' id='word_1_9' title='bbox 1111 344 1155 382; x_wconf 80' lang='grc' dir='ltr'>τὰ</span> <span class='ocrx_word' id='word_1_10' title='bbox 1187 346 1277 398; x_wconf 82' lang='grc' dir='ltr'>ἅκρα</span> 
     </span>
     <span class='ocr_line' id='line_1_3' title="bbox 204 393 1282 455; baseline 0.01 -25"><span class='ocrx_word' id='word_1_11' title='bbox 204 416 206 418; x_wconf 59' lang='lat'>&gt;</span> <span class='ocrx_word' id='word_1_12' title='bbox 260 397 355 446; x_wconf 85' lang='grc' dir='ltr'>μέσῳ</span> <span class='ocrx_word' id='word_1_13' title='bbox 375 393 456 441; x_wconf 92' lang='grc' dir='ltr'>τινί,</span> <span class='ocrx_word' id='word_1_14' title='bbox 479 395 568 433; x_wconf 84' lang='grc' dir='ltr'>ἀλλὰ</span> <span class='ocrx_word' id='word_1_15' title='bbox 594 397 727 445; x_wconf 85' lang='grc' dir='ltr'>μᾶλλον</span> <span class='ocrx_word' id='word_1_16' title='bbox 747 397 925 444; x_wconf 84' lang='grc' dir='ltr'>ἀλλήλοις·</span> <span class='ocrx_word' id='word_1_17' title='bbox 945 403 967 448; x_wconf 80' lang='grc' dir='ltr'>ἡ</span> <span class='ocrx_word' id='word_1_18' title='bbox 989 400 1056 455; x_wconf 79' lang='grc' dir='ltr'>γὰρ</span> <span class='ocrx_word' id='word_1_19' title='bbox 1077 403 1282 455; x_wconf 84' lang='grc' dir='ltr'>ἀφιλοτιμία</span> 
     </span>
     <span class='ocr_line' id='line_1_4' title="bbox 258 453 929 506; baseline 0.012 -18"><span class='ocrx_word' id='word_1_20' title='bbox 258 456 301 504; x_wconf 83' lang='grc' dir='ltr'>τῇ</span> <span class='ocrx_word' id='word_1_21' title='bbox 327 453 501 505; x_wconf 82' lang='grc' dir='ltr'>φιλοτιμίᾳ</span> <span class='ocrx_word' id='word_1_22' title='bbox 521 453 678 506; x_wconf 86' lang='grc' dir='ltr'>φαίνεται</span> <span class='ocrx_word' id='word_1_23' title='bbox 699 456 929 498; x_wconf 81' lang='grc' dir='ltr'>ἀντικεῖσθαι.</span> 
     </span>
     <span class='ocr_line' id='line_1_5' title="bbox 310 511 1283 573; baseline 0.011 -25"><span class='ocrx_word' id='word_1_24' title='bbox 310 511 507 562; x_wconf 75' lang='lat' dir='ltr'>(Scripsit</span> <span class='ocrx_word' id='word_1_25' title='bbox 528 519 542 536; x_wconf 70' lang='lat'>⁸</span> <span class='ocrx_word' id='word_1_26' title='bbox 558 513 613 552; x_wconf 81' lang='grc' dir='ltr'>ἐπὶ</span> <span class='ocrx_word' id='word_1_27' title='bbox 631 516 674 565; x_wconf 83' lang='grc' dir='ltr'>τῇ</span> <span class='ocrx_word' id='word_1_28' title='bbox 695 515 777 567; x_wconf 75' lang='grc' dir='ltr'>τῆς]</span> <span class='ocrx_word' id='word_1_29' title='bbox 797 516 882 557; x_wconf 90' lang='lat' dir='ltr'>cod.</span> <span class='ocrx_word' id='word_1_30' title='bbox 907 517 963 556; x_wconf 83' lang='grc' dir='ltr'>ἐπι</span> <span class='ocrx_word' id='word_1_31' title='bbox 982 521 1054 566; x_wconf 76' lang='grc' dir='ltr'>τῆς.</span> <span class='ocrx_word' id='word_1_32' title='bbox 1072 521 1150 550; x_wconf 73' lang='lat'>—1‘</span> <span class='ocrx_word' id='word_1_33' title='bbox 1168 521 1283 573; x_wconf 81' lang='grc' dir='ltr'>ψέγω-</span> 
     </span>
     <span class='ocr_line' id='line_1_6' title="bbox 257 570 711 623; baseline 0.018 -18"><span class='ocrx_word' id='word_1_34' title='bbox 257 570 340 621; x_wconf 86' lang='grc' dir='ltr'>μεν]</span> <span class='ocrx_word' id='word_1_35' title='bbox 356 571 440 611; x_wconf 86' lang='lat' dir='ltr'>cod.</span> <span class='ocrx_word' id='word_1_36' title='bbox 458 570 621 623; x_wconf 81' lang='grc' dir='ltr'>ψέγομεν.</span> <span class='ocrx_word' id='word_1_37' title='bbox 638 573 711 623; x_wconf 90' lang='grc'>-)</span> 
     </span>
    </p>
   </div>
   <div class='ocr_carea' id='block_1_2' title="bbox 620 690 904 842">
    <p class='ocr_par' dir='ltr' id='par_1_2' title="bbox 620 690 904 842">
     <span class='ocr_line' id='line_1_7' title="bbox 690 690 850 742; baseline 0.019 -15"><span class='ocrx_word' id='word_1_38' title='bbox 690 691 777 742; x_wconf 75' lang='grc' dir='ltr'>Κεφ.</span> <span class='ocrx_word' id='word_1_39' title='bbox 809 690 850 734; x_wconf 86' lang='grc' dir='ltr'>ζ’.</span> 
     </span>
     <span class='ocr_line' id='line_1_8' title="bbox 620 800 904 842; baseline 0.007 -10"><span class='ocrx_word' id='word_1_40' title='bbox 620 801 696 842; x_wconf 84' lang='grc' dir='ltr'>Περὶ</span> <span class='ocrx_word' id='word_1_41' title='bbox 717 800 904 841; x_wconf 84' lang='grc' dir='ltr'>πραότητος.</span> 
     </span>
    </p>
   </div>
   <div class='ocr_carea' id='block_1_3' title="bbox 247 899 1283 1541">
    <p class='ocr_par' dir='ltr' id='par_1_3' title="bbox 249 899 1283 1188">
     <span class='ocr_line' id='line_1_9' title="bbox 303 899 1283 956; baseline 0.007 -18"><span class='ocrx_word' id='word_1_42' title='bbox 303 899 338 917; x_wconf 80' lang='lat'>**</span> <span class='ocrx_word' id='word_1_43' title='bbox 357 900 402 939; x_wconf 83' lang='lat' dir='ltr'>‘H</span> <span class='ocrx_word' id='word_1_44' title='bbox 425 900 461 939; x_wconf 83' lang='grc' dir='ltr'>δὲ</span> <span class='ocrx_word' id='word_1_45' title='bbox 483 901 636 952; x_wconf 83' lang='grc' dir='ltr'>πραότης</span> <span class='ocrx_word' id='word_1_46' title='bbox 656 904 735 955; x_wconf 81' lang='grc' dir='ltr'>περὶ</span> <span class='ocrx_word' id='word_1_47' title='bbox 753 905 812 948; x_wconf 79' lang='grc' dir='ltr'>τὰς</span> <span class='ocrx_word' id='word_1_48' title='bbox 831 905 934 956; x_wconf 86' lang='grc' dir='ltr'>ὀργάς</span> <span class='ocrx_word' id='word_1_49' title='bbox 955 906 1027 944; x_wconf 85' lang='grc' dir='ltr'>ἐστι</span> <span class='ocrx_word' id='word_1_50' title='bbox 1052 906 1215 955; x_wconf 83' lang='grc' dir='ltr'>μεσότης·</span> <span class='ocrx_word' id='word_1_51' title='bbox 1244 903 1283 955; x_wconf 71' lang='grc' dir='ltr'>ἧς</span> 
     </span>
     <span class='ocr_line' id='line_1_10' title="bbox 250 957 1282 1014; baseline 0.01 -19"><span class='ocrx_word' id='word_1_52' title='bbox 250 962 271 1004; x_wconf 84' lang='grc' dir='ltr'>ἡ</span> <span class='ocrx_word' id='word_1_53' title='bbox 289 957 349 1008; x_wconf 84' lang='grc' dir='ltr'>μὲν</span> <span class='ocrx_word' id='word_1_54' title='bbox 371 959 638 1012; x_wconf 73' lang='grc' dir='ltr'>ἱπερὸάλλουσα</span> <span class='ocrx_word' id='word_1_55' title='bbox 653 960 720 1010; x_wconf 63' lang='grc' dir='ltr'>ἕξις</span> <span class='ocrx_word' id='word_1_56' title='bbox 739 962 918 1014; x_wconf 84' lang='grc' dir='ltr'>ὀργιλότης</span> <span class='ocrx_word' id='word_1_57' title='bbox 933 965 1105 1002; x_wconf 88' lang='grc' dir='ltr'>καλεῖται·</span> <span class='ocrx_word' id='word_1_58' title='bbox 1126 969 1147 1012; x_wconf 83' lang='grc' dir='ltr'>ἦ</span> <span class='ocrx_word' id='word_1_59' title='bbox 1168 966 1202 1004; x_wconf 80' lang='grc' dir='ltr'>δὲ</span> <span class='ocrx_word' id='word_1_60' title='bbox 1220 969 1282 1005; x_wconf 83' lang='grc' dir='ltr'>ε’λ·</span> 
     </span>
     <span class='ocr_line' id='line_1_11' title="bbox 250 1015 1281 1076; baseline 0.007 -22"><span class='ocrx_word' id='word_1_61' title='bbox 250 1016 436 1066; x_wconf 77' lang='grc' dir='ltr'>λείπουσαι,</span> <span class='ocrx_word' id='word_1_62' title='bbox 468 1017 656 1068; x_wconf 87' lang='grc' dir='ltr'>ἀνώνυμος.</span> <span class='ocrx_word' id='word_1_63' title='bbox 682 1019 735 1058; x_wconf 83' lang='grc' dir='ltr'>Τὸ</span> <span class='ocrx_word' id='word_1_64' title='bbox 769 1019 831 1071; x_wconf 88' lang='grc' dir='ltr'>μὲν</span> <span class='ocrx_word' id='word_1_65' title='bbox 862 1015 920 1058; x_wconf 66' lang='grc' dir='ltr'>οἶν</span> <span class='ocrx_word' id='word_1_66' title='bbox 953 1021 1082 1070; x_wconf 82' lang='grc' dir='ltr'>πάθος,</span> <span class='ocrx_word' id='word_1_67' title='bbox 1115 1022 1196 1076; x_wconf 76' lang='grc' dir='ltr'>περὶ</span> <span class='ocrx_word' id='word_1_68' title='bbox 1218 1022 1236 1061; x_wconf 87' lang='grc' dir='ltr'>ὃ</span> <span class='ocrx_word' id='word_1_69' title='bbox 1261 1026 1281 1070; x_wconf 86' lang='grc' dir='ltr'>ἡ</span> 
     </span>
     <span class='ocr_line' id='line_1_12' title="bbox 249 1076 1276 1132; baseline 0.008 -19"><span class='ocrx_word' id='word_1_70' title='bbox 249 1076 421 1127; x_wconf 77' lang='grc' dir='ltr'>πραότης,</span> <span class='ocrx_word' id='word_1_71' title='bbox 442 1077 525 1130; x_wconf 84' lang='grc' dir='ltr'>ὀργή</span> <span class='ocrx_word' id='word_1_72' title='bbox 545 1078 631 1115; x_wconf 83' lang='grc' dir='ltr'>ἐστι·</span> <span class='ocrx_word' id='word_1_73' title='bbox 654 1077 697 1116; x_wconf 81' lang='grc' dir='ltr'>τὰ</span> <span class='ocrx_word' id='word_1_74' title='bbox 718 1077 753 1116; x_wconf 82' lang='grc' dir='ltr'>δὲ</span> <span class='ocrx_word' id='word_1_75' title='bbox 775 1083 935 1118; x_wconf 78' lang='grc' dir='ltr'>κινοῦντα</span> <span class='ocrx_word' id='word_1_76' title='bbox 955 1079 1016 1126; x_wconf 88' lang='grc' dir='ltr'>τὴν</span> <span class='ocrx_word' id='word_1_77' title='bbox 1036 1080 1141 1132; x_wconf 83' lang='grc' dir='ltr'>ὀργὴν</span> <span class='ocrx_word' id='word_1_78' title='bbox 1161 1082 1276 1121; x_wconf 70' lang='grc' dir='ltr'>πολλὰ</span> 
     </span>
     <span class='ocr_line' id='line_1_13' title="bbox 249 1135 542 1188; baseline 0.007 -15"><span class='ocrx_word' id='word_1_79' title='bbox 249 1135 307 1174; x_wconf 87' lang='grc' dir='ltr'>καὶ</span> <span class='ocrx_word' id='word_1_80' title='bbox 326 1135 542 1188; x_wconf 77' lang='grc' dir='ltr'>διαφέροντα.</span> 
     </span>
    </p>

    <p class='ocr_par' dir='ltr' id='par_1_4' title="bbox 247 1187 1283 1541">
     <span class='ocr_line' id='line_1_14' title="bbox 303 1187 1283 1249; baseline 0.004 -17"><span class='ocrx_word' id='word_1_81' title='bbox 303 1193 353 1210; x_wconf 69' lang='lat'>***</span> <span class='ocrx_word' id='word_1_82' title='bbox 378 1194 420 1233; x_wconf 88' lang='lat' dir='ltr'>‘O</span> <span class='ocrx_word' id='word_1_83' title='bbox 442 1194 503 1245; x_wconf 85' lang='grc' dir='ltr'>μὲν</span> <span class='ocrx_word' id='word_1_84' title='bbox 524 1187 581 1233; x_wconf 57' lang='grc' dir='ltr'>οὖν</span> <span class='ocrx_word' id='word_1_85' title='bbox 608 1197 653 1237; x_wconf 86' lang='grc' dir='ltr'>ὡς</span> <span class='ocrx_word' id='word_1_86' title='bbox 672 1195 744 1242; x_wconf 85' lang='grc' dir='ltr'>δεῖ,</span> <span class='ocrx_word' id='word_1_87' title='bbox 765 1196 822 1234; x_wconf 83' lang='grc' dir='ltr'>καὶ</span> <span class='ocrx_word' id='word_1_88' title='bbox 844 1196 899 1234; x_wconf 80' lang='grc' dir='ltr'>ὅτε</span> <span class='ocrx_word' id='word_1_89' title='bbox 919 1198 987 1244; x_wconf 87' lang='grc' dir='ltr'>δεῖ,</span> <span class='ocrx_word' id='word_1_90' title='bbox 1007 1197 1067 1235; x_wconf 90' lang='grc' dir='ltr'>καὶ</span> <span class='ocrx_word' id='word_1_91' title='bbox 1091 1197 1142 1249; x_wconf 82' lang='grc' dir='ltr'>ἐφ’</span> <span class='ocrx_word' id='word_1_92' title='bbox 1159 1192 1213 1242; x_wconf 74' lang='grc' dir='ltr'>οἷς</span> <span class='ocrx_word' id='word_1_93' title='bbox 1231 1199 1283 1236; x_wconf 88' lang='grc' dir='ltr'>δεῖ</span> 
     </span>
     <span class='ocr_line' id='line_1_15' title="bbox 248 1253 1280 1308; baseline 0.004 -18"><span class='ocrx_word' id='word_1_94' title='bbox 248 1253 496 1304; x_wconf 83' lang='grc' dir='ltr'>ὀργιζόμενος’</span> <span class='ocrx_word' id='word_1_95' title='bbox 483 1258 688 1292; x_wconf 87' lang='grc' dir='ltr'>επαινεῖται·</span> <span class='ocrx_word' id='word_1_96' title='bbox 706 1253 743 1297; x_wconf 85' lang='grc' dir='ltr'>ὃς</span> <span class='ocrx_word' id='word_1_97' title='bbox 763 1255 804 1301; x_wconf 87' lang='grc' dir='ltr'>δὴ</span> <span class='ocrx_word' id='word_1_98' title='bbox 823 1257 840 1292; x_wconf 87' lang='grc' dir='ltr'>ὁ</span> <span class='ocrx_word' id='word_1_99' title='bbox 859 1255 966 1306; x_wconf 85' lang='grc' dir='ltr'>πρᾶός</span> <span class='ocrx_word' id='word_1_100' title='bbox 988 1258 1074 1294; x_wconf 80' lang='grc' dir='ltr'>ἐστι.</span> <span class='ocrx_word' id='word_1_101' title='bbox 1092 1259 1195 1295; x_wconf 85' lang='grc' dir='ltr'>Δοκεῖ</span> <span class='ocrx_word' id='word_1_102' title='bbox 1214 1257 1280 1308; x_wconf 80' lang='grc' dir='ltr'>γὰρ</span> 
     </span>
     <span class='ocr_line' id='line_1_16' title="bbox 248 1312 1280 1365; baseline 0.005 -16"><span class='ocrx_word' id='word_1_103' title='bbox 248 1319 355 1364; x_wconf 75' lang='grc' dir='ltr'>πρᾶος</span> <span class='ocrx_word' id='word_1_104' title='bbox 373 1315 459 1350; x_wconf 80' lang='grc' dir='ltr'>εἶναι</span> <span class='ocrx_word' id='word_1_105' title='bbox 478 1313 530 1349; x_wconf 80' lang='grc' dir='ltr'>δ’</span> <span class='ocrx_word' id='word_1_106' title='bbox 512 1312 687 1365; x_wconf 87' lang='grc' dir='ltr'>ατάραχος</span> <span class='ocrx_word' id='word_1_107' title='bbox 706 1312 765 1350; x_wconf 85' lang='grc' dir='ltr'>καὶ</span> <span class='ocrx_word' id='word_1_108' title='bbox 787 1313 836 1363; x_wconf 88' lang='grc' dir='ltr'>μὴ</span> <span class='ocrx_word' id='word_1_109' title='bbox 856 1313 1025 1364; x_wconf 86' lang='grc' dir='ltr'>ἀγόμενος</span> <span class='ocrx_word' id='word_1_110' title='bbox 1047 1314 1114 1354; x_wconf 69' lang='grc' dir='ltr'>ὕπὸ</span> <span class='ocrx_word' id='word_1_111' title='bbox 1133 1319 1191 1353; x_wconf 84' lang='grc' dir='ltr'>τοῦ</span> <span class='ocrx_word' id='word_1_112' title='bbox 1210 1316 1280 1354; x_wconf 89' lang='grc' dir='ltr'>πά-</span> 
     </span>
     <span class='ocr_line' id='line_1_17' title="bbox 248 1370 1279 1446; baseline 0.005 -39"><span class='ocrx_word' id='word_1_113' title='bbox 248 1375 342 1418; x_wconf 85' lang='grc' dir='ltr'>θους,</span> <span class='ocrx_word' id='word_1_114' title='bbox 364 1371 441 1408; x_wconf 87' lang='grc' dir='ltr'>ἀλλ’</span> <span class='ocrx_word' id='word_1_115' title='bbox 466 1370 567 1413; x_wconf 78' lang='grc' dir='ltr'>αὐτὸς</span> <span class='ocrx_word' id='word_1_116' title='bbox 589 1371 680 1423; x_wconf 85' lang='grc' dir='ltr'>ἄγων</span> <span class='ocrx_word' id='word_1_117' title='bbox 700 1370 739 1408; x_wconf 83' lang='grc' dir='ltr'>τὸ</span> <span class='ocrx_word' id='word_1_118' title='bbox 758 1371 1004 1418; x_wconf 80' lang='grc' dir='ltr'>πάθος,καοὼς</span> <span class='ocrx_word' id='word_1_119' title='bbox 1025 1375 1043 1410; x_wconf 82' lang='grc' dir='ltr'>ὁ</span> <span class='ocrx_word' id='word_1_120' title='bbox 1063 1373 1158 1425; x_wconf 83' lang='grc' dir='ltr'>ὀρθὸς</span> <span class='ocrx_word' id='word_1_121' title='bbox 1173 1389 1279 1446; x_wconf 80' lang='grc' dir='ltr'>προσ·</span> 
     </span>
     <span class='ocr_line' id='line_1_18' title="bbox 247 1428 1280 1485; baseline 0.003 -18"><span class='ocrx_word' id='word_1_122' title='bbox 247 1429 365 1467; x_wconf 81' lang='grc' dir='ltr'>τάττει</span> <span class='ocrx_word' id='word_1_123' title='bbox 382 1428 493 1479; x_wconf 75' lang='grc' dir='ltr'>λόγος’·</span> <span class='ocrx_word' id='word_1_124' title='bbox 514 1430 605 1467; x_wconf 82' lang='grc' dir='ltr'>δοκεῖ</span> <span class='ocrx_word' id='word_1_125' title='bbox 625 1429 667 1468; x_wconf 75' lang='grc' dir='ltr'>δὲ</span> <span class='ocrx_word' id='word_1_126' title='bbox 680 1430 811 1479; x_wconf 83' lang='grc' dir='ltr'>μᾶλλον</span> <span class='ocrx_word' id='word_1_127' title='bbox 837 1430 921 1481; x_wconf 86' lang='grc' dir='ltr'>πρὸς</span> <span class='ocrx_word' id='word_1_128' title='bbox 938 1429 1000 1477; x_wconf 81' lang='grc' dir='ltr'>τὴν</span> <span class='ocrx_word' id='word_1_129' title='bbox 1025 1431 1174 1485; x_wconf 81' lang='grc' dir='ltr'>ἔλλειψιν</span> <span class='ocrx_word' id='word_1_130' title='bbox 1196 1434 1280 1471; x_wconf 76' lang='grc' dir='ltr'>ἀπο-</span> 
     </span>
     <span class='ocr_line' id='line_1_19' title="bbox 248 1487 1278 1541; baseline 0.005 -16"><span class='ocrx_word' id='word_1_131' title='bbox 248 1487 390 1537; x_wconf 82' lang='grc' dir='ltr'>κλίνειν,</span> <span class='ocrx_word' id='word_1_132' title='bbox 412 1487 559 1525; x_wconf 80' lang='grc' dir='ltr'>καθόσον</span> <span class='ocrx_word' id='word_1_133' title='bbox 580 1489 617 1526; x_wconf 83' lang='grc' dir='ltr'>οὐ</span> <span class='ocrx_word' id='word_1_134' title='bbox 647 1488 879 1541; x_wconf 82' lang='grc' dir='ltr'>τιμωρητικός</span> <span class='ocrx_word' id='word_1_135' title='bbox 909 1491 1016 1537; x_wconf 83' lang='grc' dir='ltr'>ἐστιν,</span> <span class='ocrx_word' id='word_1_136' title='bbox 1037 1490 1126 1529; x_wconf 80' lang='grc' dir='ltr'>ἀλλὰ</span> <span class='ocrx_word' id='word_1_137' title='bbox 1147 1492 1278 1541; x_wconf 83' lang='grc' dir='ltr'>μᾶλλον</span> 
     </span>
    </p>
   </div>
   <div class='ocr_carea' id='block_1_4' title="bbox 244 1544 1280 1656">
    <p class='ocr_par' dir='ltr' id='par_1_5' title="bbox 244 1544 1280 1656">
     <span class='ocr_line' id='line_1_20' title="bbox 247 1544 531 1597; baseline -0.007 -13"><span class='ocrx_word' id='word_1_138' title='bbox 247 1544 531 1597; x_wconf 79' lang='grc' dir='ltr'>συγγνωμονικός.</span> 
     </span>
     <span class='ocr_line' id='line_1_21' title="bbox 244 1602 1280 1656; baseline 0.003 -16"><span class='ocrx_word' id='word_1_139' title='bbox 244 1608 246 1610; x_wconf 75' lang='grc'>’</span> <span class='ocrx_word' id='word_1_140' title='bbox 300 1602 392 1621; x_wconf 72' lang='lat'><em>****‘</em></span> <span class='ocrx_word' id='word_1_141' title='bbox 397 1606 426 1643; x_wconf 86' lang='lat' dir='ltr'>H</span> <span class='ocrx_word' id='word_1_142' title='bbox 447 1602 482 1640; x_wconf 83' lang='grc' dir='ltr'>δὲ</span> <span class='ocrx_word' id='word_1_143' title='bbox 502 1603 651 1655; x_wconf 79' lang='grc' dir='ltr'>ἔλλειψις</span> <span class='ocrx_word' id='word_1_144' title='bbox 666 1603 865 1653; x_wconf 85' lang='grc' dir='ltr'>κακίζεται,</span> <span class='ocrx_word' id='word_1_145' title='bbox 887 1603 957 1641; x_wconf 85' lang='grc' dir='ltr'>εἴτε</span> <span class='ocrx_word' id='word_1_146' title='bbox 975 1604 1142 1656; x_wconf 83' lang='grc' dir='ltr'>ἀοργησία</span> <span class='ocrx_word' id='word_1_147' title='bbox 1165 1606 1280 1643; x_wconf 83' lang='grc' dir='ltr'>καλεῖ-</span> 
     </span>
    </p>
   </div>
   <div class='ocr_carea' id='block_1_5' title="bbox 239 1656 1280 3292">
    <p class='ocr_par' dir='ltr' id='par_1_6' title="bbox 246 1656 1280 1830">
     <span class='ocr_line' id='line_1_22' title="bbox 246 1656 1278 1715; baseline 0.003 -16"><span class='ocrx_word' id='word_1_148' title='bbox 246 1678 318 1710; x_wconf 89' lang='grc' dir='ltr'>ται,</span> <span class='ocrx_word' id='word_1_149' title='bbox 332 1662 400 1699; x_wconf 85' lang='grc' dir='ltr'>εἴτε</span> <span class='ocrx_word' id='word_1_150' title='bbox 415 1662 446 1711; x_wconf 76' lang='grc' dir='ltr'>ὅ,</span> <span class='ocrx_word' id='word_1_151' title='bbox 468 1677 501 1699; x_wconf 86' lang='grc' dir='ltr'>τι</span> <span class='ocrx_word' id='word_1_152' title='bbox 517 1661 659 1708; x_wconf 86' lang='grc' dir='ltr'>δήποτε·</span> <span class='ocrx_word' id='word_1_153' title='bbox 678 1661 717 1700; x_wconf 79' lang='grc' dir='ltr'>τὸ</span> <span class='ocrx_word' id='word_1_154' title='bbox 731 1661 798 1713; x_wconf 84' lang='grc' dir='ltr'>γὰρ</span> <span class='ocrx_word' id='word_1_155' title='bbox 812 1663 845 1699; x_wconf 84' lang='grc' dir='ltr'>ἐν</span> <span class='ocrx_word' id='word_1_156' title='bbox 857 1656 905 1704; x_wconf 68' lang='grc' dir='ltr'>οἷς</span> <span class='ocrx_word' id='word_1_157' title='bbox 925 1661 998 1700; x_wconf 84' lang='grc' dir='ltr'>δέον</span> <span class='ocrx_word' id='word_1_158' title='bbox 1014 1662 1062 1712; x_wconf 89' lang='grc' dir='ltr'>μὴ</span> <span class='ocrx_word' id='word_1_159' title='bbox 1083 1663 1278 1715; x_wconf 87' lang='grc' dir='ltr'>ὀργίζεσθαι</span> 
     </span>
     <span class='ocr_line' id='line_1_23' title="bbox 247 1719 1280 1773; baseline 0.002 -15"><span class='ocrx_word' id='word_1_160' title='bbox 247 1721 306 1758; x_wconf 81' lang='grc' dir='ltr'>καὶ</span> <span class='ocrx_word' id='word_1_161' title='bbox 323 1726 485 1773; x_wconf 78' lang='grc' dir='ltr'>περιορᾷν</span> <span class='ocrx_word' id='word_1_162' title='bbox 507 1719 865 1772; x_wconf 87' lang='grc' dir='ltr'>προπηλακιζόμενον,</span> <span class='ocrx_word' id='word_1_163' title='bbox 887 1719 946 1758; x_wconf 81' lang='grc' dir='ltr'>καὶ</span> <span class='ocrx_word' id='word_1_164' title='bbox 966 1721 1104 1770; x_wconf 84' lang='grc' dir='ltr'>ἑαυτόν,</span> <span class='ocrx_word' id='word_1_165' title='bbox 1122 1722 1181 1760; x_wconf 86' lang='grc' dir='ltr'>καὶ</span> <span class='ocrx_word' id='word_1_166' title='bbox 1202 1722 1280 1766; x_wconf 81' lang='grc' dir='ltr'>τοὺς</span> 
     </span>
     <span class='ocr_line' id='line_1_24' title="bbox 246 1778 945 1830; baseline 0 -14"><span class='ocrx_word' id='word_1_167' title='bbox 246 1778 388 1820; x_wconf 78' lang='grc' dir='ltr'>οἰκείους</span> <span class='ocrx_word' id='word_1_168' title='bbox 406 1807 415 1825; x_wconf 89' lang='grc'>,</span> <span class='ocrx_word' id='word_1_169' title='bbox 438 1778 571 1824; x_wconf 79' lang='grc' dir='ltr'>ἠλίθιον</span> <span class='ocrx_word' id='word_1_170' title='bbox 597 1778 654 1816; x_wconf 80' lang='grc' dir='ltr'>καὶ</span> <span class='ocrx_word' id='word_1_171' title='bbox 676 1779 945 1830; x_wconf 80' lang='grc' dir='ltr'>ἀνδραποδῶδες.</span> 
     </span>
    </p>

    <p class='ocr_par' dir='ltr' id='par_1_7' title="bbox 244 1834 1278 2303">
     <span class='ocr_line' id='line_1_25' title="bbox 300 1834 1278 1890; baseline 0.003 -16"><span class='ocrx_word' id='word_1_172' title='bbox 300 1835 387 1852; x_wconf 80' lang='lat'>*****</span> <span class='ocrx_word' id='word_1_173' title='bbox 411 1834 458 1875; x_wconf 84' lang='lat' dir='ltr'>‘H</span> <span class='ocrx_word' id='word_1_174' title='bbox 478 1837 513 1874; x_wconf 86' lang='grc' dir='ltr'>δὲ</span> <span class='ocrx_word' id='word_1_175' title='bbox 534 1837 708 1889; x_wconf 74' lang='grc' dir='ltr'>ὑπερὸολὴ</span> <span class='ocrx_word' id='word_1_176' title='bbox 733 1839 822 1875; x_wconf 88' lang='grc' dir='ltr'>κατὰ</span> <span class='ocrx_word' id='word_1_177' title='bbox 840 1839 953 1876; x_wconf 90' lang='grc' dir='ltr'>πάντα</span> <span class='ocrx_word' id='word_1_178' title='bbox 976 1839 1037 1887; x_wconf 86' lang='grc' dir='ltr'>μὲν</span> <span class='ocrx_word' id='word_1_179' title='bbox 1055 1838 1196 1890; x_wconf 88' lang='grc' dir='ltr'>γίνεται·</span> <span class='ocrx_word' id='word_1_180' title='bbox 1220 1840 1278 1878; x_wconf 82' lang='grc' dir='ltr'>καὶ</span> 
     </span>
     <span class='ocr_line' id='line_1_26' title="bbox 246 1897 1276 1953; baseline 0.004 -18"><span class='ocrx_word' id='word_1_181' title='bbox 246 1898 312 1950; x_wconf 82' lang='grc' dir='ltr'>γὰρ</span> <span class='ocrx_word' id='word_1_182' title='bbox 332 1898 389 1937; x_wconf 80' lang='grc' dir='ltr'>ὅτε</span> <span class='ocrx_word' id='word_1_183' title='bbox 406 1897 501 1948; x_wconf 86' lang='grc' dir='ltr'>παρὰ</span> <span class='ocrx_word' id='word_1_184' title='bbox 520 1898 559 1936; x_wconf 80' lang='grc' dir='ltr'>τὸ</span> <span class='ocrx_word' id='word_1_185' title='bbox 580 1899 654 1936; x_wconf 84' lang='grc' dir='ltr'>δέον</span> <span class='ocrx_word' id='word_1_186' title='bbox 675 1900 734 1937; x_wconf 79' lang='grc' dir='ltr'>καὶ</span> <span class='ocrx_word' id='word_1_187' title='bbox 751 1903 809 1937; x_wconf 78' lang='grc' dir='ltr'>τοῦ</span> <span class='ocrx_word' id='word_1_188' title='bbox 831 1900 936 1938; x_wconf 90' lang='grc' dir='ltr'>τόπου</span> <span class='ocrx_word' id='word_1_189' title='bbox 949 1930 958 1948; x_wconf 93' lang='lat'><em>‚</em></span> <span class='ocrx_word' id='word_1_190' title='bbox 981 1901 1039 1939; x_wconf 83' lang='grc' dir='ltr'>καὶ</span> <span class='ocrx_word' id='word_1_191' title='bbox 1062 1904 1120 1939; x_wconf 78' lang='grc' dir='ltr'>τοῦ</span> <span class='ocrx_word' id='word_1_192' title='bbox 1136 1901 1276 1953; x_wconf 80' lang='grc' dir='ltr'>χρόνου,</span> 
     </span>
     <span class='ocr_line' id='line_1_27' title="bbox 246 1956 1277 2009; baseline 0.003 -16"><span class='ocrx_word' id='word_1_193' title='bbox 246 1956 303 1994; x_wconf 81' lang='grc' dir='ltr'>καὶ</span> <span class='ocrx_word' id='word_1_194' title='bbox 321 1959 380 1994; x_wconf 81' lang='grc' dir='ltr'>τοῦ</span> <span class='ocrx_word' id='word_1_195' title='bbox 402 1956 620 2007; x_wconf 83' lang='grc' dir='ltr'>πράγματος,</span> <span class='ocrx_word' id='word_1_196' title='bbox 636 1957 694 1995; x_wconf 81' lang='grc' dir='ltr'>καὶ</span> <span class='ocrx_word' id='word_1_197' title='bbox 708 1961 768 1996; x_wconf 83' lang='grc' dir='ltr'>τοῦ</span> <span class='ocrx_word' id='word_1_198' title='bbox 788 1959 973 2009; x_wconf 86' lang='grc' dir='ltr'>προσώπου</span> <span class='ocrx_word' id='word_1_199' title='bbox 986 1988 996 2007; x_wconf 87' lang='grc'>,</span> <span class='ocrx_word' id='word_1_200' title='bbox 1010 1959 1068 1997; x_wconf 78' lang='grc' dir='ltr'>καὶ</span> <span class='ocrx_word' id='word_1_201' title='bbox 1085 1961 1153 1998; x_wconf 86' lang='grc' dir='ltr'>τῶν</span> <span class='ocrx_word' id='word_1_202' title='bbox 1164 1960 1277 1998; x_wconf 82' lang='grc' dir='ltr'>ἄλλων</span> 
     </span>
     <span class='ocr_line' id='line_1_28' title="bbox 245 2014 1278 2068; baseline 0.005 -17"><span class='ocrx_word' id='word_1_203' title='bbox 245 2014 479 2065; x_wconf 83' lang='grc' dir='ltr'>περιστάσεων</span> <span class='ocrx_word' id='word_1_204' title='bbox 498 2014 669 2066; x_wconf 86' lang='grc' dir='ltr'>ὂργίζεταί</span> <span class='ocrx_word' id='word_1_205' title='bbox 689 2032 758 2062; x_wconf 87' lang='grc' dir='ltr'>τις,</span> <span class='ocrx_word' id='word_1_206' title='bbox 782 2017 1002 2068; x_wconf 78' lang='grc' dir='ltr'>ὑπερὸάλλει.</span> <span class='ocrx_word' id='word_1_207' title='bbox 1026 2018 1079 2056; x_wconf 84' lang='grc' dir='ltr'>Οὐ</span> <span class='ocrx_word' id='word_1_208' title='bbox 1102 2017 1170 2067; x_wconf 85' lang='grc' dir='ltr'>μὴν</span> <span class='ocrx_word' id='word_1_209' title='bbox 1190 2017 1244 2055; x_wconf 80' lang='grc' dir='ltr'>ἀεὶ</span> <span class='ocrx_word' id='word_1_210' title='bbox 1260 2021 1278 2056; x_wconf 83' lang='grc' dir='ltr'><strong><em>ὃ</em></strong></span> 
     </span>
     <span class='ocr_line' id='line_1_29' title="bbox 245 2072 1276 2127; baseline 0.004 -17"><span class='ocrx_word' id='word_1_211' title='bbox 245 2072 470 2126; x_wconf 71' lang='grc' dir='ltr'>ὖπερὸάλλων</span> <span class='ocrx_word' id='word_1_212' title='bbox 502 2073 562 2111; x_wconf 91' lang='grc' dir='ltr'>καὶ</span> <span class='ocrx_word' id='word_1_213' title='bbox 590 2074 707 2126; x_wconf 83' lang='grc' dir='ltr'>πάντῃ</span> <span class='ocrx_word' id='word_1_214' title='bbox 741 2074 964 2126; x_wconf 72' lang='grc' dir='ltr'>ὓπερὸάλλει·</span> <span class='ocrx_word' id='word_1_215' title='bbox 997 2076 1119 2127; x_wconf 77' lang='grc' dir='ltr'>σχεδὸν</span> <span class='ocrx_word' id='word_1_216' title='bbox 1153 2075 1189 2113; x_wconf 86' lang='grc' dir='ltr'>δὲ</span> <span class='ocrx_word' id='word_1_217' title='bbox 1217 2076 1276 2114; x_wconf 83' lang='grc' dir='ltr'>καὶ</span> 
     </span>
     <span class='ocr_line' id='line_1_30' title="bbox 245 2131 1273 2186; baseline 0.002 -16"><span class='ocrx_word' id='word_1_218' title='bbox 245 2131 410 2170; x_wconf 84' lang='grc' dir='ltr'>ἀδύνατον</span> <span class='ocrx_word' id='word_1_219' title='bbox 439 2131 551 2177; x_wconf 73' lang='grc' dir='ltr'>τοῦτο·</span> <span class='ocrx_word' id='word_1_220' title='bbox 571 2131 610 2170; x_wconf 85' lang='grc' dir='ltr'>τὸ</span> <span class='ocrx_word' id='word_1_221' title='bbox 629 2132 696 2184; x_wconf 80' lang='grc' dir='ltr'>γὰρ</span> <span class='ocrx_word' id='word_1_222' title='bbox 716 2133 822 2171; x_wconf 83' lang='grc' dir='ltr'>κακόν</span> <span class='ocrx_word' id='word_1_223' title='bbox 838 2162 848 2180; x_wconf 90' lang='lat'>,</span> <span class='ocrx_word' id='word_1_224' title='bbox 871 2135 900 2170; x_wconf 91' lang='grc' dir='ltr'>εἷ</span> <span class='ocrx_word' id='word_1_225' title='bbox 919 2133 1009 2171; x_wconf 85' lang='grc' dir='ltr'>κατὰ</span> <span class='ocrx_word' id='word_1_226' title='bbox 1039 2134 1170 2183; x_wconf 83' lang='grc' dir='ltr'>μηδένα</span> <span class='ocrx_word' id='word_1_227' title='bbox 1190 2134 1273 2186; x_wconf 84' lang='grc' dir='ltr'>τρό-</span> 
     </span>
     <span class='ocr_line' id='line_1_31' title="bbox 244 2189 1276 2241; baseline 0.004 -14"><span class='ocrx_word' id='word_1_228' title='bbox 244 2204 307 2228; x_wconf 89' lang='grc' dir='ltr'>πον</span> <span class='ocrx_word' id='word_1_229' title='bbox 343 2189 468 2241; x_wconf 79' lang='grc' dir='ltr'>ἀγαθὸν</span> <span class='ocrx_word' id='word_1_230' title='bbox 504 2189 575 2237; x_wconf 89' lang='grc' dir='ltr'>εἴη,</span> <span class='ocrx_word' id='word_1_231' title='bbox 608 2192 646 2229; x_wconf 85' lang='grc' dir='ltr'>οὖ</span> <span class='ocrx_word' id='word_1_232' title='bbox 683 2191 827 2229; x_wconf 87' lang='grc' dir='ltr'>δύναται</span> <span class='ocrx_word' id='word_1_233' title='bbox 863 2195 1053 2240; x_wconf 78' lang='grc' dir='ltr'>συστῆναι,</span> <span class='ocrx_word' id='word_1_234' title='bbox 1099 2192 1188 2230; x_wconf 83' lang='grc' dir='ltr'>ἀλλὰ</span> <span class='ocrx_word' id='word_1_235' title='bbox 1216 2193 1276 2231; x_wconf 86' lang='grc' dir='ltr'>καὶ</span> 
     </span>
     <span class='ocr_line' id='line_1_32' title="bbox 245 2245 1254 2325; baseline 0.003 -38"><span class='ocrx_word' id='word_1_236' title='bbox 245 2250 346 2288; x_wconf 76' lang='grc' dir='ltr'>ἑαυτὸ</span> <span class='ocrx_word' id='word_1_237' title='bbox 360 2251 543 2288; x_wconf 77' lang='grc' dir='ltr'>ἀπόλλυσι·</span> <span class='ocrx_word' id='word_1_238' title='bbox 560 2248 626 2288; x_wconf 84' lang='grc' dir='ltr'>καν</span> <span class='ocrx_word' id='word_1_239' title='bbox 648 2245 877 2302; x_wconf 79' lang='grc' dir='ltr'>ὁλόκληρον</span> <span class='ocrx_word' id='word_1_240' title='bbox 855 2267 893 2302; x_wconf 83' lang='grc' dir='ltr'>ῃ,</span> <span class='ocrx_word' id='word_1_241' title='bbox 916 2250 1086 2325; x_wconf 78' lang='grc' dir='ltr'>ἀφόρητον</span> <span class='ocrx_word' id='word_1_242' title='bbox 1107 2251 1254 2302; x_wconf 86' lang='grc' dir='ltr'>γίνεται.</span> 
     </span>
    </p>

    <p class='ocr_par' dir='ltr' id='par_1_8' title="bbox 239 2303 1275 3292">
     <span class='ocr_line' id='line_1_33' title="bbox 295 2303 1275 2382; baseline 0.001 -34"><span class='ocrx_word' id='word_1_243' title='bbox 295 2309 327 2324; x_wconf 71' lang='lat'>*¹*</span> <span class='ocrx_word' id='word_1_244' title='bbox 315 2307 400 2325; x_wconf 83' lang='lat'><em>*****</em></span> <span class='ocrx_word' id='word_1_245' title='bbox 420 2310 466 2348; x_wconf 83' lang='grc' dir='ltr'>Οἱ</span> <span class='ocrx_word' id='word_1_246' title='bbox 484 2303 597 2358; x_wconf 81' lang='grc' dir='ltr'>μὲν</span> <span class='ocrx_word' id='word_1_247' title='bbox 558 2312 614 2346; x_wconf 83' lang='grc' dir='ltr'>οὖν</span> <span class='ocrx_word' id='word_1_248' title='bbox 630 2309 759 2360; x_wconf 82' lang='grc' dir='ltr'>ὀργίλοι</span> <span class='ocrx_word' id='word_1_249' title='bbox 774 2308 905 2361; x_wconf 81' lang='grc' dir='ltr'>ταχέως</span> <span class='ocrx_word' id='word_1_250' title='bbox 915 2310 979 2382; x_wconf 85' lang='grc' dir='ltr'>μὲν</span> <span class='ocrx_word' id='word_1_251' title='bbox 992 2310 1200 2362; x_wconf 78' lang='grc' dir='ltr'>ὀργίζονται,</span> <span class='ocrx_word' id='word_1_252' title='bbox 1215 2310 1275 2357; x_wconf 80' lang='grc' dir='ltr'>καὶ</span> 
     </span>
     <span class='ocr_line' id='line_1_34' title="bbox 243 2366 1274 2440; baseline 0.003 -36"><span class='ocrx_word' id='word_1_253' title='bbox 243 2370 291 2410; x_wconf 82' lang='grc' dir='ltr'>οἷς</span> <span class='ocrx_word' id='word_1_254' title='bbox 305 2369 342 2405; x_wconf 81' lang='grc' dir='ltr'>οὐ</span> <span class='ocrx_word' id='word_1_255' title='bbox 357 2367 407 2404; x_wconf 83' lang='grc' dir='ltr'>δε</span> <span class='ocrx_word' id='word_1_256' title='bbox 378 2380 417 2404; x_wconf 89' lang='grc' dir='ltr'>ι·</span> <span class='ocrx_word' id='word_1_257' title='bbox 433 2366 603 2405; x_wconf 83' lang='grc' dir='ltr'>παύονται</span> <span class='ocrx_word' id='word_1_258' title='bbox 618 2366 652 2404; x_wconf 84' lang='grc' dir='ltr'>δὲ</span> <span class='ocrx_word' id='word_1_259' title='bbox 638 2367 816 2440; x_wconf 54' lang='grc' dir='ltr'>εαταχέως,</span> <span class='ocrx_word' id='word_1_260' title='bbox 832 2367 850 2406; x_wconf 84' lang='grc' dir='ltr'>ὃ</span> <span class='ocrx_word' id='word_1_261' title='bbox 868 2383 928 2405; x_wconf 91' lang='grc' dir='ltr'>και</span> <span class='ocrx_word' id='word_1_262' title='bbox 949 2367 1156 2420; x_wconf 80' lang='grc' dir='ltr'>βέλτιστον”</span> <span class='ocrx_word' id='word_1_263' title='bbox 1139 2380 1274 2421; x_wconf 80' lang='grc' dir='ltr'>εχουσι·</span> 
     </span>
     <span class='ocr_line' id='line_1_35' title="bbox 243 2424 1275 2481; baseline 0.007 -20"><span class='ocrx_word' id='word_1_264' title='bbox 243 2440 343 2463; x_wconf 88' lang='grc' dir='ltr'>τουτο</span> <span class='ocrx_word' id='word_1_265' title='bbox 363 2425 398 2462; x_wconf 81' lang='grc' dir='ltr'>δὲ</span> <span class='ocrx_word' id='word_1_266' title='bbox 417 2425 626 2477; x_wconf 86' lang='grc' dir='ltr'>πάσχουσιν,</span> <span class='ocrx_word' id='word_1_267' title='bbox 650 2424 702 2463; x_wconf 79' lang='grc' dir='ltr'>ὅτι</span> <span class='ocrx_word' id='word_1_268' title='bbox 722 2427 759 2463; x_wconf 81' lang='grc' dir='ltr'>οὐ</span> <span class='ocrx_word' id='word_1_269' title='bbox 774 2425 959 2479; x_wconf 82' lang='grc' dir='ltr'>κατέχουσι</span> <span class='ocrx_word' id='word_1_270' title='bbox 978 2427 1072 2476; x_wconf 79' lang='grc' dir='ltr'>τὴν’</span> <span class='ocrx_word' id='word_1_271' title='bbox 1057 2428 1175 2481; x_wconf 83' lang='grc' dir='ltr'>οργήν,</span> <span class='ocrx_word' id='word_1_272' title='bbox 1198 2430 1275 2468; x_wconf 72' lang='grc' dir='ltr'>οὸδὲ</span> 
     </span>
     <span class='ocr_line' id='line_1_36' title="bbox 242 2483 1274 2535; baseline 0.005 -14"><span class='ocrx_word' id='word_1_273' title='bbox 242 2484 468 2535; x_wconf 84' lang='grc' dir='ltr'>κρύπτουσιν,</span> <span class='ocrx_word' id='word_1_274' title='bbox 493 2483 583 2521; x_wconf 82' lang='grc' dir='ltr'>ἀλλὰ</span> <span class='ocrx_word' id='word_1_275' title='bbox 603 2483 780 2535; x_wconf 81' lang='grc' dir='ltr'>ἐξάγονται</span> <span class='ocrx_word' id='word_1_276' title='bbox 807 2484 865 2523; x_wconf 83' lang='grc' dir='ltr'>καὶ</span> <span class='ocrx_word' id='word_1_277' title='bbox 890 2485 1079 2535; x_wconf 84' lang='grc' dir='ltr'>ἀμύνονται</span> <span class='ocrx_word' id='word_1_278' title='bbox 1105 2488 1203 2533; x_wconf 82' lang='grc' dir='ltr'>εὐθὺς</span> <span class='ocrx_word' id='word_1_279' title='bbox 1232 2487 1274 2526; x_wconf 81' lang='grc' dir='ltr'>δι’</span> 
     </span>
     <span class='ocr_line' id='line_1_37' title="bbox 241 2541 1274 2595; baseline 0.005 -16"><span class='ocrx_word' id='word_1_280' title='bbox 241 2544 288 2579; x_wconf 84' lang='grc' dir='ltr'>ὧν</span> <span class='ocrx_word' id='word_1_281' title='bbox 320 2541 462 2586; x_wconf 86' lang='grc' dir='ltr'>ἔξεστιν·</span> <span class='ocrx_word' id='word_1_282' title='bbox 495 2541 709 2592; x_wconf 87' lang='grc' dir='ltr'>ἀμυνάμενοι</span> <span class='ocrx_word' id='word_1_283' title='bbox 738 2543 771 2582; x_wconf 78' lang='grc' dir='ltr'>δὲ</span> <span class='ocrx_word' id='word_1_284' title='bbox 803 2544 935 2595; x_wconf 85' lang='grc' dir='ltr'>ταχέως</span> <span class='ocrx_word' id='word_1_285' title='bbox 967 2544 1024 2581; x_wconf 86' lang='grc' dir='ltr'>διὰ</span> <span class='ocrx_word' id='word_1_286' title='bbox 1044 2545 1107 2592; x_wconf 82' lang='grc' dir='ltr'>τὴν</span> <span class='ocrx_word' id='word_1_287' title='bbox 1127 2544 1274 2593; x_wconf 85' lang='grc' dir='ltr'>ὀξύτητα</span> 
     </span>
     <span class='ocr_line' id='line_1_38' title="bbox 240 2600 1272 2655; baseline 0.005 -16"><span class='ocrx_word' id='word_1_288' title='bbox 240 2600 410 2640; x_wconf 86' lang='grc' dir='ltr'>παύονται</span> <span class='ocrx_word' id='word_1_289' title='bbox 442 2600 537 2643; x_wconf 88' lang='grc' dir='ltr'>ευθυς</span> <span class='ocrx_word' id='word_1_290' title='bbox 570 2604 630 2646; x_wconf 74' lang='grc' dir='ltr'>τῆς</span> <span class='ocrx_word' id='word_1_291' title='bbox 663 2603 777 2652; x_wconf 71' lang='grc' dir='ltr'>ὀργῆς.</span> <span class='ocrx_word' id='word_1_292' title='bbox 802 2603 891 2640; x_wconf 85' lang='grc' dir='ltr'>Καθ’</span> <span class='ocrx_word' id='word_1_293' title='bbox 910 2602 1107 2655; x_wconf 72' lang='grc' dir='ltr'>ὑπερὸολὴν</span> <span class='ocrx_word' id='word_1_294' title='bbox 1126 2603 1163 2641; x_wconf 84' lang='grc' dir='ltr'>δέ</span> <span class='ocrx_word' id='word_1_295' title='bbox 1182 2607 1272 2644; x_wconf 86' lang='grc' dir='ltr'>εἰσιν</span> 
     </span>
     <span class='ocr_line' id='line_1_39' title="bbox 241 2656 1273 2713; baseline 0.005 -17"><span class='ocrx_word' id='word_1_296' title='bbox 241 2659 326 2703; x_wconf 81' lang='grc' dir='ltr'>ὀξεῖς</span> <span class='ocrx_word' id='word_1_297' title='bbox 356 2660 388 2696; x_wconf 84' lang='grc' dir='ltr'>οἱ</span> <span class='ocrx_word' id='word_1_298' title='bbox 419 2656 623 2709; x_wconf 77' lang='grc' dir='ltr'>ἇκρόχολοι,</span> <span class='ocrx_word' id='word_1_299' title='bbox 644 2658 704 2695; x_wconf 80' lang='grc' dir='ltr'>καὶ</span> <span class='ocrx_word' id='word_1_300' title='bbox 740 2658 824 2710; x_wconf 87' lang='grc' dir='ltr'>πρὸς</span> <span class='ocrx_word' id='word_1_301' title='bbox 855 2666 924 2698; x_wconf 78' lang='grc' dir='ltr'>πᾶν</span> <span class='ocrx_word' id='word_1_302' title='bbox 947 2661 1097 2713; x_wconf 86' lang='grc' dir='ltr'>ὀργίλοι,</span> <span class='ocrx_word' id='word_1_303' title='bbox 1130 2661 1190 2700; x_wconf 89' lang='grc' dir='ltr'>καὶ</span> <span class='ocrx_word' id='word_1_304' title='bbox 1216 2663 1273 2702; x_wconf 82' lang='grc' dir='ltr'>ἐπὶ</span> 
     </span>
     <span class='ocr_line' id='line_1_40' title="bbox 239 2715 1274 2770; baseline 0.003 -15"><span class='ocrx_word' id='word_1_305' title='bbox 239 2716 356 2755; x_wconf 84' lang='grc' dir='ltr'>παντί·</span> <span class='ocrx_word' id='word_1_306' title='bbox 372 2716 445 2754; x_wconf 80' lang='grc' dir='ltr'>ὅθεν</span> <span class='ocrx_word' id='word_1_307' title='bbox 467 2716 525 2753; x_wconf 79' lang='grc' dir='ltr'>καὶ</span> <span class='ocrx_word' id='word_1_308' title='bbox 546 2715 585 2754; x_wconf 77' lang='grc' dir='ltr'>τὸ</span> <span class='ocrx_word' id='word_1_309' title='bbox 611 2715 719 2765; x_wconf 81' lang='grc' dir='ltr'>ὄνομα</span> <span class='ocrx_word' id='word_1_310' title='bbox 740 2716 878 2767; x_wconf 83' lang='grc' dir='ltr'>ἔχουσιν</span> <span class='ocrx_word' id='word_1_311' title='bbox 908 2717 976 2756; x_wconf 84' lang='grc' dir='ltr'>ἀπὸ</span> <span class='ocrx_word' id='word_1_312' title='bbox 999 2722 1058 2756; x_wconf 80' lang='grc' dir='ltr'>τοῦ</span> <span class='ocrx_word' id='word_1_313' title='bbox 1072 2718 1186 2770; x_wconf 76' lang='grc' dir='ltr'>’ἄκρου</span> <span class='ocrx_word' id='word_1_314' title='bbox 1204 2735 1274 2758; x_wconf 75' lang='grc' dir='ltr'>πα·</span> 
     </span>
     <span class='ocr_line' id='line_1_41' title="bbox 242 2773 1270 2826; baseline 0.004 -14"><span class='ocrx_word' id='word_1_315' title='bbox 242 2773 427 2826; x_wconf 83' lang='grc' dir='ltr'>ρηγμένον.</span> <span class='ocrx_word' id='word_1_316' title='bbox 450 2775 496 2812; x_wconf 82' lang='grc' dir='ltr'>Οἱ</span> <span class='ocrx_word' id='word_1_317' title='bbox 518 2773 553 2810; x_wconf 84' lang='grc' dir='ltr'>δὲ</span> <span class='ocrx_word' id='word_1_318' title='bbox 584 2773 721 2824; x_wconf 85' lang='grc' dir='ltr'>πικροί,</span> <span class='ocrx_word' id='word_1_319' title='bbox 741 2774 799 2811; x_wconf 76' lang='grc' dir='ltr'>καὶ</span> <span class='ocrx_word' id='word_1_320' title='bbox 815 2775 1031 2813; x_wconf 87' lang='grc' dir='ltr'>δυσδιάλυτοι</span> <span class='ocrx_word' id='word_1_321' title='bbox 1046 2805 1056 2825; x_wconf 84' lang='lat'>,</span> <span class='ocrx_word' id='word_1_322' title='bbox 1079 2775 1138 2814; x_wconf 81' lang='grc' dir='ltr'>καὶ</span> <span class='ocrx_word' id='word_1_323' title='bbox 1163 2777 1270 2816; x_wconf 76' lang='grc' dir='ltr'>πολὺν</span> 
     </span>
     <span class='ocr_line' id='line_1_42' title="bbox 240 2831 1270 2886; baseline 0.003 -16"><span class='ocrx_word' id='word_1_324' title='bbox 240 2833 364 2886; x_wconf 90' lang='grc' dir='ltr'>χρόνον</span> <span class='ocrx_word' id='word_1_325' title='bbox 382 2831 590 2883; x_wconf 83' lang='grc' dir='ltr'>ὀργίζονται·</span> <span class='ocrx_word' id='word_1_326' title='bbox 613 2832 649 2868; x_wconf 84' lang='grc' dir='ltr'>οὐ</span> <span class='ocrx_word' id='word_1_327' title='bbox 668 2831 733 2882; x_wconf 84' lang='grc' dir='ltr'>γὰρ</span> <span class='ocrx_word' id='word_1_328' title='bbox 751 2832 848 2876; x_wconf 73' lang='grc' dir='ltr'>εὐθὺς</span> <span class='ocrx_word' id='word_1_329' title='bbox 869 2838 1051 2885; x_wconf 79' lang='grc' dir='ltr'>φανεροῢσι</span> <span class='ocrx_word' id='word_1_330' title='bbox 1070 2834 1127 2872; x_wconf 82' lang='grc' dir='ltr'>τὸν</span> <span class='ocrx_word' id='word_1_331' title='bbox 1147 2836 1270 2885; x_wconf 86' lang='grc' dir='ltr'>θυμόν,</span> 
     </span>
     <span class='ocr_line' id='line_1_43' title="bbox 241 2889 1269 2944; baseline 0.004 -16"><span class='ocrx_word' id='word_1_332' title='bbox 241 2889 331 2929; x_wconf 83' lang='grc' dir='ltr'>ἀλλὰ</span> <span class='ocrx_word' id='word_1_333' title='bbox 353 2889 558 2941; x_wconf 78' lang='grc' dir='ltr'>κατέχοντες</span> <span class='ocrx_word' id='word_1_334' title='bbox 581 2890 783 2942; x_wconf 85' lang='grc' dir='ltr'>κρύπτουσι·</span> <span class='ocrx_word' id='word_1_335' title='bbox 802 2891 970 2930; x_wconf 86' lang='grc' dir='ltr'>παύονται</span> <span class='ocrx_word' id='word_1_336' title='bbox 1001 2892 1036 2930; x_wconf 82' lang='grc' dir='ltr'>δὲ</span> <span class='ocrx_word' id='word_1_337' title='bbox 1062 2896 1121 2931; x_wconf 75' lang='grc' dir='ltr'>τοῦ</span> <span class='ocrx_word' id='word_1_338' title='bbox 1143 2896 1269 2944; x_wconf 79' lang='grc' dir='ltr'>θυμοῦ,</span> 
     </span>
     <span class='ocr_line' id='line_1_44' title="bbox 241 2947 1269 2998; baseline 0.004 -11"><span class='ocrx_word' id='word_1_339' title='bbox 241 2948 381 2987; x_wconf 77' lang='grc' dir='ltr'>ἐπειδὰν</span> <span class='ocrx_word' id='word_1_340' title='bbox 404 2947 677 2986; x_wconf 80' lang='grc' dir='ltr'>ἀνταποδώσωσι</span> <span class='ocrx_word' id='word_1_341' title='bbox 691 2954 703 2971; x_wconf 75' lang='lat'>³</span> <span class='ocrx_word' id='word_1_342' title='bbox 725 2949 818 2987; x_wconf 83' lang='grc' dir='ltr'>κακὰ</span> <span class='ocrx_word' id='word_1_343' title='bbox 837 2956 907 2994; x_wconf 88' lang='grc' dir='ltr'>τοῖς</span> <span class='ocrx_word' id='word_1_344' title='bbox 926 2951 1171 2998; x_wconf 86' lang='grc' dir='ltr'>λελυπηκόσιν.</span> <span class='ocrx_word' id='word_1_345' title='bbox 1223 2953 1269 2991; x_wconf 85' lang='lat' dir='ltr'>‘H</span> 
     </span>
     <span class='ocr_line' id='line_1_45' title="bbox 240 3006 1269 3060; baseline 0.004 -16"><span class='ocrx_word' id='word_1_346' title='bbox 240 3006 308 3060; x_wconf 83' lang='grc' dir='ltr'>γὰρ</span> <span class='ocrx_word' id='word_1_347' title='bbox 329 3006 481 3058; x_wconf 86' lang='grc' dir='ltr'>τιμωρία</span> <span class='ocrx_word' id='word_1_348' title='bbox 500 3006 626 3053; x_wconf 79' lang='grc' dir='ltr'>ἡδονὴν</span> <span class='ocrx_word' id='word_1_349' title='bbox 653 3007 766 3049; x_wconf 81' lang='grc' dir='ltr'>αὐτοῖς</span> <span class='ocrx_word' id='word_1_350' title='bbox 799 3008 964 3057; x_wconf 81' lang='grc' dir='ltr'>ἐμποιεῖ,</span> <span class='ocrx_word' id='word_1_351' title='bbox 992 3008 1050 3046; x_wconf 85' lang='grc' dir='ltr'>καὶ</span> <span class='ocrx_word' id='word_1_352' title='bbox 1083 3008 1140 3047; x_wconf 86' lang='grc' dir='ltr'>διὰ</span> <span class='ocrx_word' id='word_1_353' title='bbox 1170 3013 1269 3048; x_wconf 81' lang='grc' dir='ltr'>τοῦτο</span> 
     </span>
     <span class='ocr_line' id='line_1_46' title="bbox 240 3063 1269 3120; baseline 0.003 -17"><span class='ocrx_word' id='word_1_354' title='bbox 240 3068 301 3111; x_wconf 78' lang='grc' dir='ltr'>τῆς</span> <span class='ocrx_word' id='word_1_355' title='bbox 321 3065 432 3112; x_wconf 85' lang='grc' dir='ltr'>λύπης</span> <span class='ocrx_word' id='word_1_356' title='bbox 451 3064 627 3116; x_wconf 76' lang='grc' dir='ltr'>ἀφίστησι·</span> <span class='ocrx_word' id='word_1_357' title='bbox 648 3063 771 3102; x_wconf 86' lang='grc' dir='ltr'>τούτου</span> <span class='ocrx_word' id='word_1_358' title='bbox 793 3064 828 3102; x_wconf 85' lang='grc' dir='ltr'>δὲ</span> <span class='ocrx_word' id='word_1_359' title='bbox 849 3066 897 3115; x_wconf 86' lang='grc' dir='ltr'>μὴ</span> <span class='ocrx_word' id='word_1_360' title='bbox 919 3067 1118 3116; x_wconf 85' lang='grc' dir='ltr'>γινομένου,</span> <span class='ocrx_word' id='word_1_361' title='bbox 1138 3067 1176 3106; x_wconf 86' lang='grc' dir='ltr'>τὸ</span> <span class='ocrx_word' id='word_1_362' title='bbox 1206 3068 1269 3120; x_wconf 83' lang='grc' dir='ltr'>βά-</span> 
     </span>
     <span class='ocr_line' id='line_1_47' title="bbox 242 3123 1269 3178; baseline -0.001 -14"><span class='ocrx_word' id='word_1_363' title='bbox 242 3140 296 3175; x_wconf 88' lang='grc' dir='ltr'>ρος</span> <span class='ocrx_word' id='word_1_364' title='bbox 316 3124 455 3177; x_wconf 80' lang='grc' dir='ltr'>ἔχουσι,</span> <span class='ocrx_word' id='word_1_365' title='bbox 489 3123 549 3162; x_wconf 80' lang='grc' dir='ltr'>καὶ</span> <span class='ocrx_word' id='word_1_366' title='bbox 576 3123 797 3175; x_wconf 85' lang='grc' dir='ltr'>περιφέρουσι</span> <span class='ocrx_word' id='word_1_367' title='bbox 828 3126 887 3171; x_wconf 84' lang='grc' dir='ltr'>τὴν</span> <span class='ocrx_word' id='word_1_368' title='bbox 914 3125 1032 3177; x_wconf 84' lang='grc' dir='ltr'>ὀργήν.</span> <span class='ocrx_word' id='word_1_369' title='bbox 1058 3125 1124 3165; x_wconf 84' lang='grc' dir='ltr'>Διὰ</span> <span class='ocrx_word' id='word_1_370' title='bbox 1143 3126 1209 3178; x_wconf 84' lang='grc' dir='ltr'>γὰρ</span> <span class='ocrx_word' id='word_1_371' title='bbox 1228 3127 1269 3166; x_wconf 83' lang='grc' dir='ltr'>τὸ</span> 
     </span>
     <span class='ocr_line' id='line_1_48' title="bbox 242 3181 1266 3236; baseline 0.001 -15"><span class='ocrx_word' id='word_1_372' title='bbox 242 3185 290 3234; x_wconf 80' lang='grc' dir='ltr'>μὴ</span> <span class='ocrx_word' id='word_1_373' title='bbox 311 3186 478 3236; x_wconf 81' lang='grc' dir='ltr'>φανεροῦν</span> <span class='ocrx_word' id='word_1_374' title='bbox 497 3182 560 3230; x_wconf 84' lang='grc' dir='ltr'>τὴν</span> <span class='ocrx_word' id='word_1_375' title='bbox 578 3181 682 3235; x_wconf 86' lang='grc' dir='ltr'>ὀργήν</span> <span class='ocrx_word' id='word_1_376' title='bbox 695 3211 706 3229; x_wconf 91' lang='grc'>,</span> <span class='ocrx_word' id='word_1_377' title='bbox 729 3182 807 3220; x_wconf 73' lang='grc' dir='ltr'>οὐδὲ</span> <span class='ocrx_word' id='word_1_378' title='bbox 837 3183 1059 3234; x_wconf 86' lang='grc' dir='ltr'>παραμυθίας</span> <span class='ocrx_word' id='word_1_379' title='bbox 1083 3183 1179 3236; x_wconf 84' lang='grc' dir='ltr'>παρὰ</span> <span class='ocrx_word' id='word_1_380' title='bbox 1199 3187 1266 3222; x_wconf 86' lang='grc' dir='ltr'>τῶν</span> 
     </span>
     <span class='ocr_line' id='line_1_49' title="bbox 240 3240 1260 3292; baseline 0 -12"><span class='ocrx_word' id='word_1_381' title='bbox 240 3240 428 3292; x_wconf 86' lang='grc' dir='ltr'>ἀνθρώπων</span> <span class='ocrx_word' id='word_1_382' title='bbox 459 3240 706 3292; x_wconf 78' lang='grc' dir='ltr'>τυγχάνουσιν,</span> <span class='ocrx_word' id='word_1_383' title='bbox 724 3240 798 3278; x_wconf 76' lang='grc' dir='ltr'>οὐδὲ</span> <span class='ocrx_word' id='word_1_384' title='bbox 829 3243 1029 3292; x_wconf 88' lang='grc' dir='ltr'>παρακαλεῖ</span> <span class='ocrx_word' id='word_1_385' title='bbox 1049 3258 1098 3285; x_wconf 89' lang='grc' dir='ltr'>τις</span> <span class='ocrx_word' id='word_1_386' title='bbox 1125 3243 1260 3286; x_wconf 84' lang='grc' dir='ltr'>αὐτούς·</span> 
     </span>
    </p>
   </div>
   <div class='ocr_carea' id='block_1_6' title="bbox 277 3363 1687 3406">
    <p class='ocr_par' dir='ltr' id='par_1_9' title="bbox 277 3363 1687 3406">
     <span class='ocr_line' id='line_1_50' title="bbox 277 3363 1687 3406; baseline -0.002 -10"><span class='ocrx_word' id='word_1_387' title='bbox 277 3364 297 3384; x_wconf 60' lang='lat'>⁴⁵</span> <span class='ocrx_word' id='word_1_388' title='bbox 322 3363 563 3396; x_wconf 75' lang='grc' dir='ltr'>Αντικεισθαι</span> <span class='ocrx_word' id='word_1_389' title='bbox 547 3374 579 3395; x_wconf 89' lang='grc' dir='ltr'>οε</span> <span class='ocrx_word' id='word_1_390' title='bbox 594 3363 730 3395; x_wconf 82' lang='grc' dir='ltr'>ἐνταῦθα</span> <span class='ocrx_word' id='word_1_391' title='bbox 745 3364 812 3395; x_wconf 82' lang='grc' dir='ltr'>κτ).</span> <span class='ocrx_word' id='word_1_392' title='bbox 832 3381 872 3386; x_wconf 90' lang='grc'><strong>-</strong></span> <span class='ocrx_word' id='word_1_393' title='bbox 892 3363 932 3382; x_wconf 60' lang='lat'>*³*</span> <span class='ocrx_word' id='word_1_394' title='bbox 950 3363 1027 3404; x_wconf 82' lang='lat' dir='ltr'>Gap.</span> <span class='ocrx_word' id='word_1_395' title='bbox 1050 3367 1078 3395; x_wconf 87' lang='lat'>5.</span> <span class='ocrx_word' id='word_1_396' title='bbox 1092 3365 1233 3406; x_wconf 83' lang='grc' dir='ltr'>πραότης</span> <span class='ocrx_word' id='word_1_397' title='bbox 1247 3367 1280 3397; x_wconf 87' lang='grc' dir='ltr'><em>ὃ</em></span> <span class='ocrx_word' id='word_1_398' title='bbox 1297 3365 1366 3396; x_wconf 83' lang='grc' dir='ltr'>ἐστὶ</span> <span class='ocrx_word' id='word_1_399' title='bbox 1387 3364 1442 3406; x_wconf 82' lang='grc' dir='ltr'>μὲν</span> <span class='ocrx_word' id='word_1_400' title='bbox 1462 3364 1599 3405; x_wconf 84' lang='grc' dir='ltr'>μεσότης</span> <span class='ocrx_word' id='word_1_401' title='bbox 1618 3363 1687 3394; x_wconf 83' lang='grc' dir='ltr'>κτλ.</span> 
     </span>
    </p>
   </div>
   <div class='ocr_carea' id='block_1_7' title="bbox 1072 255 1557 298">
    <p class='ocr_par' dir='ltr' id='par_1_10' title="bbox 1072 255 1557 298">
     <span class='ocr_line' id='line_1_51' title="bbox 1072 255 1557 298; baseline 0.006 -3"><span class='ocrx_word' id='word_1_402' title='bbox 1072 255 1351 298; x_wconf 86' lang='lat' dir='ltr'><strong>ANDRONICI</strong></span> <span class='ocrx_word' id='word_1_403' title='bbox 1378 259 1557 298; x_wconf 86' lang='lat' dir='ltr'>RHOBII</span> 
     </span>
    </p>
   </div>
   <div class='ocr_carea' id='block_1_8' title="bbox 1345 353 2375 506">
    <p class='ocr_par' dir='ltr' id='par_1_11' title="bbox 1345 353 2375 506">
     <span class='ocr_line' id='line_1_52' title="bbox 1387 353 2375 402; baseline 0.012 -18"><span class='ocrx_word' id='word_1_404' title='bbox 1387 353 1604 391; x_wconf 82' lang='lat' dir='ltr'>Quamobrem</span> <span class='ocrx_word' id='word_1_405' title='bbox 1624 363 1694 392; x_wconf 69' lang='lat' dir='ltr'>,nec</span> <span class='ocrx_word' id='word_1_406' title='bbox 1713 354 1820 387; x_wconf 79' lang='lat' dir='ltr'>modio</span> <span class='ocrx_word' id='word_1_407' title='bbox 1839 355 1936 389; x_wconf 84' lang='lat' dir='ltr'>alicui</span> <span class='ocrx_word' id='word_1_408' title='bbox 1962 359 2125 400; x_wconf 85' lang='lat' dir='ltr'>opposita,</span> <span class='ocrx_word' id='word_1_409' title='bbox 2156 361 2212 394; x_wconf 84' lang='lat' dir='ltr'>sed</span> <span class='ocrx_word' id='word_1_410' title='bbox 2228 361 2321 402; x_wconf 65' lang='lat' dir='ltr'>{inter</span> <span class='ocrx_word' id='word_1_411' title='bbox 2339 369 2375 396; x_wconf 78' lang='lat' dir='ltr'>se</span> 
     </span>
     <span class='ocr_line' id='line_1_53' title="bbox 1345 411 2375 455; baseline 0.012 -12"><span class='ocrx_word' id='word_1_412' title='bbox 1345 411 1455 452; x_wconf 85' lang='lat' dir='ltr'>potius</span> <span class='ocrx_word' id='word_1_413' title='bbox 1482 421 1625 454; x_wconf 75' lang='lat' dir='ltr'>pugnare</span> <span class='ocrx_word' id='word_1_414' title='bbox 1648 412 1802 446; x_wconf 88' lang='lat' dir='ltr'>videntur</span> <span class='ocrx_word' id='word_1_415' title='bbox 1829 416 1975 448; x_wconf 85' lang='lat' dir='ltr'>extrema</span> <span class='ocrx_word' id='word_1_416' title='bbox 2006 429 2015 449; x_wconf 91' lang='lat'>:</span> <span class='ocrx_word' id='word_1_417' title='bbox 2043 426 2118 451; x_wconf 83' lang='lat' dir='ltr'>nam</span> <span class='ocrx_word' id='word_1_418' title='bbox 2139 418 2272 453; x_wconf 81' lang='lat' dir='ltr'>honoris</span> <span class='ocrx_word' id='word_1_419' title='bbox 2294 429 2375 455; x_wconf 79' lang='lat' dir='ltr'>oon-</span> 
     </span>
     <span class='ocr_line' id='line_1_54' title="bbox 1345 470 1964 506; baseline 0.006 -4"><span class='ocrx_word' id='word_1_420' title='bbox 1345 471 1469 503; x_wconf 88' lang='lat' dir='ltr'>temtus</span> <span class='ocrx_word' id='word_1_421' title='bbox 1487 470 1655 503; x_wconf 74' lang='lat' dir='ltr'>ambitioni</span> <span class='ocrx_word' id='word_1_422' title='bbox 1673 471 1805 505; x_wconf 87' lang='lat' dir='ltr'>videtur</span> <span class='ocrx_word' id='word_1_423' title='bbox 1824 472 1964 506; x_wconf 82' lang='lat' dir='ltr'>obstare.</span> 
     </span>
    </p>
   </div>
   <div class='ocr_carea' id='block_1_9' title="bbox 1772 708 1946 750">
    <p class='ocr_par' dir='ltr' id='par_1_12' title="bbox 1772 708 1946 750">
     <span class='ocr_line' id='line_1_55' title="bbox 1772 708 1946 750; baseline 0.017 -10"><span class='ocrx_word' id='word_1_424' title='bbox 1772 708 1849 750; x_wconf 80' lang='lat' dir='ltr'>Gap.</span> <span class='ocrx_word' id='word_1_425' title='bbox 1871 710 1946 743; x_wconf 85' lang='lat' dir='ltr'>VII.</span> 
     </span>
    </p>
   </div>
   <div class='ocr_carea' id='block_1_10' title="bbox 1769 812 1956 843">
    <p class='ocr_par' dir='ltr' id='par_1_13' title="bbox 1769 812 1956 843">
     <span class='ocr_line' id='line_1_56' title="bbox 1769 812 1956 843; baseline 0.016 -3"><span class='ocrx_word' id='word_1_426' title='bbox 1769 814 1810 841; x_wconf 82' lang='lat' dir='ltr'>De</span> <span class='ocrx_word' id='word_1_427' title='bbox 1825 812 1956 843; x_wconf 76' lang='lat' dir='ltr'>lenitate.</span> 
     </span>
    </p>
   </div>
   <div class='ocr_carea' id='block_1_11' title="bbox 1341 913 2375 1187">
    <p class='ocr_par' dir='ltr' id='par_1_14' title="bbox 1341 913 2375 1187">
     <span class='ocr_line' id='line_1_57' title="bbox 1382 913 2373 960; baseline 0.009 -16"><span class='ocrx_word' id='word_1_428' title='bbox 1382 913 1513 945; x_wconf 86' lang='lat' dir='ltr'>Lenitas</span> <span class='ocrx_word' id='word_1_429' title='bbox 1533 916 1644 947; x_wconf 87' lang='lat' dir='ltr'>autem</span> <span class='ocrx_word' id='word_1_430' title='bbox 1662 914 1871 949; x_wconf 75' lang='lat' dir='ltr'>mediocritas</span> <span class='ocrx_word' id='word_1_431' title='bbox 1897 918 1948 949; x_wconf 88' lang='lat' dir='ltr'>est</span> <span class='ocrx_word' id='word_1_432' title='bbox 1969 919 2045 960; x_wconf 78' lang='lat' dir='ltr'>quae</span> <span class='ocrx_word' id='word_1_433' title='bbox 2070 918 2105 951; x_wconf 81' lang='lat' dir='ltr'>in</span> <span class='ocrx_word' id='word_1_434' title='bbox 2127 919 2177 952; x_wconf 87' lang='lat' dir='ltr'>ira</span> <span class='ocrx_word' id='word_1_435' title='bbox 2193 922 2373 955; x_wconf 71' lang='lat' dir='ltr'>versatur:</span> 
     </span>
     <span class='ocr_line' id='line_1_58' title="bbox 1342 970 2375 1016; baseline 0.011 -14"><span class='ocrx_word' id='word_1_436' title='bbox 1342 970 1384 1003; x_wconf 82' lang='lat' dir='ltr'>ad</span> <span class='ocrx_word' id='word_1_437' title='bbox 1399 980 1499 1013; x_wconf 88' lang='lat' dir='ltr'>quam</span> <span class='ocrx_word' id='word_1_438' title='bbox 1514 980 1589 1013; x_wconf 76' lang='lat' dir='ltr'>quae</span> <span class='ocrx_word' id='word_1_439' title='bbox 1606 972 1706 1005; x_wconf 86' lang='lat' dir='ltr'>nimia</span> <span class='ocrx_word' id='word_1_440' title='bbox 1727 975 1778 1006; x_wconf 87' lang='lat' dir='ltr'>est</span> <span class='ocrx_word' id='word_1_441' title='bbox 1800 974 2003 1016; x_wconf 82' lang='lat' dir='ltr'>proclivitas,</span> <span class='ocrx_word' id='word_1_442' title='bbox 2029 985 2069 1010; x_wconf 82' lang='lat' dir='ltr'>ea</span> <span class='ocrx_word' id='word_1_443' title='bbox 2085 976 2256 1011; x_wconf 74' lang='lat' dir='ltr'><strong>iracundia</strong></span> <span class='ocrx_word' id='word_1_444' title='bbox 2271 978 2375 1012; x_wconf 82' lang='lat' dir='ltr'>nomi-</span> 
     </span>
     <span class='ocr_line' id='line_1_59' title="bbox 1342 1029 2372 1080; baseline 0.011 -20"><span class='ocrx_word' id='word_1_445' title='bbox 1342 1030 1462 1061; x_wconf 75' lang='lat' dir='ltr'>natur:</span> <span class='ocrx_word' id='word_1_446' title='bbox 1479 1031 1513 1062; x_wconf 88' lang='lat' dir='ltr'>at</span> <span class='ocrx_word' id='word_1_447' title='bbox 1535 1029 1683 1063; x_wconf 72' lang='lat' dir='ltr'>defectus</span> <span class='ocrx_word' id='word_1_448' title='bbox 1700 1040 1817 1065; x_wconf 87' lang='lat' dir='ltr'>nomen</span> <span class='ocrx_word' id='word_1_449' title='bbox 1836 1042 1900 1065; x_wconf 88' lang='lat' dir='ltr'>non</span> <span class='ocrx_word' id='word_1_450' title='bbox 1920 1033 2030 1068; x_wconf 82' lang='lat' dir='ltr'>hahet.</span> <span class='ocrx_word' id='word_1_451' title='bbox 2054 1035 2372 1080; x_wconf 64' lang='lat' dir='ltr'>Perturbatiosrflo,</span> 
     </span>
     <span class='ocr_line' id='line_1_60' title="bbox 1341 1087 2374 1135; baseline 0.011 -16"><span class='ocrx_word' id='word_1_452' title='bbox 1341 1087 1375 1119; x_wconf 90' lang='lat' dir='ltr'>in</span> <span class='ocrx_word' id='word_1_453' title='bbox 1390 1097 1455 1130; x_wconf 85' lang='lat' dir='ltr'>qua</span> <span class='ocrx_word' id='word_1_454' title='bbox 1469 1088 1586 1121; x_wconf 88' lang='lat' dir='ltr'>lenitas</span> <span class='ocrx_word' id='word_1_455' title='bbox 1602 1090 1763 1129; x_wconf 83' lang='lat' dir='ltr'>cernitur,</span> <span class='ocrx_word' id='word_1_456' title='bbox 1782 1091 1831 1123; x_wconf 83' lang='lat' dir='ltr'>ira</span> <span class='ocrx_word' id='word_1_457' title='bbox 1858 1094 1908 1124; x_wconf 83' lang='lat' dir='ltr'>est</span> <span class='ocrx_word' id='word_1_458' title='bbox 1935 1103 1942 1122; x_wconf 90' lang='lat'><strong>:</strong></span> <span class='ocrx_word' id='word_1_459' title='bbox 1967 1102 2044 1135; x_wconf 82' lang='lat' dir='ltr'>quae</span> <span class='ocrx_word' id='word_1_460' title='bbox 2070 1095 2183 1127; x_wconf 66' lang='lat' dir='ltr'>auum</span> <span class='ocrx_word' id='word_1_461' title='bbox 2203 1102 2279 1129; x_wconf 74' lang='lat' dir='ltr'>eom</span> <span class='ocrx_word' id='word_1_462' title='bbox 2298 1092 2374 1129; x_wconf 68' lang='lat' dir='ltr'>mo-</span> 
     </span>
     <span class='ocr_line' id='line_1_61' title="bbox 1343 1147 2238 1187; baseline 0.009 -9"><span class='ocrx_word' id='word_1_463' title='bbox 1343 1148 1438 1187; x_wconf 86' lang='lat' dir='ltr'>vent,</span> <span class='ocrx_word' id='word_1_464' title='bbox 1453 1147 1559 1180; x_wconf 88' lang='lat' dir='ltr'>multa</span> <span class='ocrx_word' id='word_1_465' title='bbox 1575 1150 1651 1180; x_wconf 88' lang='lat' dir='ltr'>sunt</span> <span class='ocrx_word' id='word_1_466' title='bbox 1667 1151 1700 1181; x_wconf 85' lang='lat' dir='ltr'>et</span> <span class='ocrx_word' id='word_1_467' title='bbox 1716 1150 1816 1182; x_wconf 81' lang='lat' dir='ltr'>varia.</span> <span class='ocrx_word' id='word_1_468' title='bbox 2232 1155 2238 1165; x_wconf 86' lang='lat'><strong><em>‘</em></strong></span> 
     </span>
    </p>
   </div>
   <div class='ocr_carea' id='block_1_12' title="bbox 1340 1206 2376 1508">
    <p class='ocr_par' dir='ltr' id='par_1_15' title="bbox 1340 1206 2376 1500">
     <span class='ocr_line' id='line_1_62' title="bbox 1381 1206 2375 1255; baseline 0.012 -19"><span class='ocrx_word' id='word_1_469' title='bbox 1381 1206 1489 1247; x_wconf 78' lang='lat' dir='ltr'>Atque</span> <span class='ocrx_word' id='word_1_470' title='bbox 1513 1206 1542 1238; x_wconf 90' lang='lat' dir='ltr'>is</span> <span class='ocrx_word' id='word_1_471' title='bbox 1555 1206 1689 1248; x_wconf 87' lang='lat' dir='ltr'>quidem</span> <span class='ocrx_word' id='word_1_472' title='bbox 1709 1208 1788 1249; x_wconf 84' lang='lat' dir='ltr'>qui,</span> <span class='ocrx_word' id='word_1_473' title='bbox 1805 1208 2083 1250; x_wconf 80' lang='lat' dir='ltr'><strong>quemadmodum</strong></span> <span class='ocrx_word' id='word_1_474' title='bbox 2095 1211 2127 1244; x_wconf 84' lang='lat' dir='ltr'>et</span> <span class='ocrx_word' id='word_1_475' title='bbox 2145 1219 2213 1253; x_wconf 79' lang='lat' dir='ltr'>quo</span> <span class='ocrx_word' id='word_1_476' title='bbox 2225 1213 2375 1255; x_wconf 55' lang='lat' dir='ltr'>temporo</span> 
     </span>
     <span class='ocr_line' id='line_1_63' title="bbox 1341 1256 2375 1299; baseline 0.008 -12"><span class='ocrx_word' id='word_1_477' title='bbox 1341 1258 1468 1297; x_wconf 79' lang='lat' dir='ltr'>oportet</span> <span class='ocrx_word' id='word_1_478' title='bbox 1482 1282 1488 1294; x_wconf 85' lang='grc'>,</span> <span class='ocrx_word' id='word_1_479' title='bbox 1505 1258 1538 1289; x_wconf 88' lang='lat' dir='ltr'>et</span> <span class='ocrx_word' id='word_1_480' title='bbox 1553 1256 1595 1289; x_wconf 88' lang='lat' dir='ltr'>de</span> <span class='ocrx_word' id='word_1_481' title='bbox 1613 1257 1734 1299; x_wconf 83' lang='lat' dir='ltr'>quibus</span> <span class='ocrx_word' id='word_1_482' title='bbox 1750 1259 1879 1299; x_wconf 82' lang='lat' dir='ltr'>oportet</span> <span class='ocrx_word' id='word_1_483' title='bbox 1893 1283 1902 1299; x_wconf 95' lang='lat'>,</span> <span class='ocrx_word' id='word_1_484' title='bbox 1927 1257 2091 1298; x_wconf 78' lang='lat' dir='ltr'>irascitur,</span> <span class='ocrx_word' id='word_1_485' title='bbox 2109 1258 2239 1293; x_wconf 75' lang='lat' dir='ltr'>laudari</span> <span class='ocrx_word' id='word_1_486' title='bbox 2263 1260 2347 1295; x_wconf 74' lang='lat' dir='ltr'>solet</span> <span class='ocrx_word' id='word_1_487' title='bbox 2363 1271 2375 1294; x_wconf 68' lang='grc' dir='ltr'>ι</span> 
     </span>
     <span class='ocr_line' id='line_1_64' title="bbox 1340 1305 2376 1353; baseline 0.005 -16"><span class='ocrx_word' id='word_1_488' title='bbox 1340 1314 1439 1347; x_wconf 81' lang='lat' dir='ltr'>quem</span> <span class='ocrx_word' id='word_1_489' title='bbox 1462 1305 1567 1338; x_wconf 88' lang='lat' dir='ltr'>lenem</span> <span class='ocrx_word' id='word_1_490' title='bbox 1584 1314 1622 1336; x_wconf 83' lang='lat' dir='ltr'>ac</span> <span class='ocrx_word' id='word_1_491' title='bbox 1646 1307 1856 1338; x_wconf 89' lang='lat' dir='ltr'>mansuetum</span> <span class='ocrx_word' id='word_1_492' title='bbox 1872 1306 2084 1348; x_wconf 81' lang='lat' dir='ltr'><strong>appellamus.</strong></span> <span class='ocrx_word' id='word_1_493' title='bbox 2127 1306 2268 1341; x_wconf 74' lang='lat' dir='ltr'>Videtur</span> <span class='ocrx_word' id='word_1_494' title='bbox 2285 1306 2376 1353; x_wconf 64' lang='lat' dir='ltr'>euim</span> 
     </span>
     <span class='ocr_line' id='line_1_65' title="bbox 1340 1353 2373 1401; baseline 0.005 -15"><span class='ocrx_word' id='word_1_495' title='bbox 1340 1354 1421 1387; x_wconf 86' lang='lat' dir='ltr'>lenis</span> <span class='ocrx_word' id='word_1_496' title='bbox 1440 1363 1510 1387; x_wconf 84' lang='lat' dir='ltr'>esse</span> <span class='ocrx_word' id='word_1_497' title='bbox 1533 1353 1753 1396; x_wconf 85' lang='lat' dir='ltr'>cupiditatum</span> <span class='ocrx_word' id='word_1_498' title='bbox 1771 1363 1906 1396; x_wconf 78' lang='lat' dir='ltr'>expers</span> <span class='ocrx_word' id='word_1_499' title='bbox 1926 1364 2034 1398; x_wconf 85' lang='lat' dir='ltr'>neque</span> <span class='ocrx_word' id='word_1_500' title='bbox 2061 1356 2307 1401; x_wconf 70' lang='lat' dir='ltr'>perturbatione</span> <span class='ocrx_word' id='word_1_501' title='bbox 2317 1357 2373 1391; x_wconf 81' lang='lat' dir='ltr'>in-</span> 
     </span>
     <span class='ocr_line' id='line_1_66' title="bbox 1341 1403 2375 1450; baseline 0.006 -15"><span class='ocrx_word' id='word_1_502' title='bbox 1341 1403 1453 1442; x_wconf 86' lang='lat' dir='ltr'>citari,</span> <span class='ocrx_word' id='word_1_503' title='bbox 1470 1403 1548 1436; x_wconf 86' lang='lat' dir='ltr'>sed</span> <span class='ocrx_word' id='word_1_504' title='bbox 1540 1412 1608 1445; x_wconf 82' lang='lat' dir='ltr'>lpse</span> <span class='ocrx_word' id='word_1_505' title='bbox 1622 1412 1770 1437; x_wconf 83' lang='lat' dir='ltr'>coercere</span> <span class='ocrx_word' id='word_1_506' title='bbox 1786 1404 2016 1446; x_wconf 86' lang='lat' dir='ltr'>cupiditatem,</span> <span class='ocrx_word' id='word_1_507' title='bbox 2030 1407 2068 1438; x_wconf 88' lang='lat' dir='ltr'>ut</span> <span class='ocrx_word' id='word_1_508' title='bbox 2086 1407 2176 1439; x_wconf 84' lang='lat' dir='ltr'>recta</span> <span class='ocrx_word' id='word_1_509' title='bbox 2189 1405 2275 1439; x_wconf 72' lang='lat' dir='ltr'>ratio</span> <span class='ocrx_word' id='word_1_510' title='bbox 2287 1414 2375 1450; x_wconf 65' lang='lat' dir='ltr'>prm-</span> 
     </span>
     <span class='ocr_line' id='line_1_67' title="bbox 1341 1453 2372 1508; baseline 0.005 -22"><span class='ocrx_word' id='word_1_511' title='bbox 1341 1454 1440 1496; x_wconf 84' lang='lat' dir='ltr'>cipit.</span> <span class='ocrx_word' id='word_1_512' title='bbox 1460 1453 1591 1487; x_wconf 77' lang='lat' dir='ltr'>videtur</span> <span class='ocrx_word' id='word_1_513' title='bbox 1603 1454 1691 1487; x_wconf 90' lang='lat' dir='ltr'>enim</span> <span class='ocrx_word' id='word_1_514' title='bbox 1708 1454 1818 1495; x_wconf 89' lang='lat' dir='ltr'>potius</span> <span class='ocrx_word' id='word_1_515' title='bbox 1838 1454 1881 1487; x_wconf 86' lang='lat' dir='ltr'>ad</span> <span class='ocrx_word' id='word_1_516' title='bbox 1904 1453 2072 1488; x_wconf 83' lang='lat' dir='ltr'>defectum</span> <span class='ocrx_word' id='word_1_517' title='bbox 2090 1455 2268 1495; x_wconf 77' lang='lat' dir='ltr'>inclinare.</span> <span class='ocrx_word' id='word_1_518' title='bbox 2285 1464 2372 1508; x_wconf 67' lang='lat' dir='ltr'>qu-</span> 
     </span>
    </p>
   </div>
   <div class='ocr_carea' id='block_1_13' title="bbox 1340 1491 2504 1549">
    <p class='ocr_par' dir='ltr' id='par_1_16' title="bbox 1340 1491 2504 1549">
     <span class='ocr_line' id='line_1_68' title="bbox 1340 1491 2504 1549; baseline 0.004 -13"><span class='ocrx_word' id='word_1_519' title='bbox 1340 1506 1436 1537; x_wconf 87' lang='lat' dir='ltr'>tenus</span> <span class='ocrx_word' id='word_1_520' title='bbox 1462 1513 1527 1536; x_wconf 83' lang='lat' dir='ltr'>non</span> <span class='ocrx_word' id='word_1_521' title='bbox 1560 1504 1602 1537; x_wconf 87' lang='lat' dir='ltr'>ad</span> <span class='ocrx_word' id='word_1_522' title='bbox 1635 1504 1862 1536; x_wconf 84' lang='lat' dir='ltr'>ulciscendum</span> <span class='ocrx_word' id='word_1_523' title='bbox 1892 1505 2066 1546; x_wconf 83' lang='lat' dir='ltr'>proclivis,</span> <span class='ocrx_word' id='word_1_524' title='bbox 2103 1505 2163 1540; x_wconf 84' lang='lat' dir='ltr'>sed</span> <span class='ocrx_word' id='word_1_525' title='bbox 2195 1505 2306 1549; x_wconf 73' lang='lat' dir='ltr'>potius</span> <span class='ocrx_word' id='word_1_526' title='bbox 2330 1497 2375 1541; x_wconf 63' lang='lat'>‘8⁴1</span> <span class='ocrx_word' id='word_1_527' title='bbox 2431 1530 2433 1532; x_wconf 58' lang='lat'>&gt;</span> <span class='ocrx_word' id='word_1_528' title='bbox 2472 1491 2504 1538; x_wconf 36' lang='lat' dir='ltr'>*s</span> 
     </span>
    </p>
   </div>
   <div class='ocr_carea' id='block_1_14' title="bbox 1338 1552 2373 1823">
    <p class='ocr_par' dir='ltr' id='par_1_17' title="bbox 1338 1552 1845 1595">
     <span class='ocr_line' id='line_1_69' title="bbox 1338 1552 1845 1595; baseline 0.004 -10"><span class='ocrx_word' id='word_1_529' title='bbox 1338 1552 1569 1595; x_wconf 81' lang='lat' dir='ltr'>ignoscendum</span> <span class='ocrx_word' id='word_1_530' title='bbox 1585 1562 1764 1595; x_wconf 85' lang='lat' dir='ltr'>propensus</span> <span class='ocrx_word' id='word_1_531' title='bbox 1785 1557 1845 1587; x_wconf 79' lang='lat' dir='ltr'>est.</span> 
     </span>
    </p>

    <p class='ocr_par' dir='ltr' id='par_1_18' title="bbox 1338 1601 2373 1823">
     <span class='ocr_line' id='line_1_70' title="bbox 1380 1601 2372 1649; baseline 0.006 -15"><span class='ocrx_word' id='word_1_532' title='bbox 1380 1601 1535 1635; x_wconf 79' lang='lat' dir='ltr'>Defectus</span> <span class='ocrx_word' id='word_1_533' title='bbox 1554 1605 1679 1640; x_wconf 83' lang='lat' dir='ltr'>autem,</span> <span class='ocrx_word' id='word_1_534' title='bbox 1700 1604 1769 1636; x_wconf 77' lang='lat' dir='ltr'>sive</span> <span class='ocrx_word' id='word_1_535' title='bbox 1791 1603 1954 1636; x_wconf 88' lang='lat' dir='ltr'>lentitudo</span> <span class='ocrx_word' id='word_1_536' title='bbox 1974 1604 2181 1644; x_wconf 79' lang='lat' dir='ltr'>nominatur,</span> <span class='ocrx_word' id='word_1_537' title='bbox 2203 1606 2273 1639; x_wconf 79' lang='lat' dir='ltr'>sive</span> <span class='ocrx_word' id='word_1_538' title='bbox 2285 1614 2372 1649; x_wconf 76' lang='lat' dir='ltr'>quo-</span> 
     </span>
     <span class='ocr_line' id='line_1_71' title="bbox 1339 1647 2372 1692; baseline 0.005 -12"><span class='ocrx_word' id='word_1_539' title='bbox 1339 1658 1470 1691; x_wconf 81' lang='lat' dir='ltr'>cunque</span> <span class='ocrx_word' id='word_1_540' title='bbox 1496 1649 1626 1681; x_wconf 90' lang='lat' dir='ltr'>nomine</span> <span class='ocrx_word' id='word_1_541' title='bbox 1660 1648 1812 1687; x_wconf 82' lang='lat' dir='ltr'>afficitur,</span> <span class='ocrx_word' id='word_1_542' title='bbox 1842 1650 2132 1692; x_wconf 79' lang='lat' dir='ltr'>vituperarisolet</span> <span class='ocrx_word' id='word_1_543' title='bbox 2166 1661 2174 1680; x_wconf 72' lang='grc' dir='ltr'><strong><em>ε</em></strong></span> <span class='ocrx_word' id='word_1_544' title='bbox 2202 1651 2258 1685; x_wconf 87' lang='lat' dir='ltr'>uhi</span> <span class='ocrx_word' id='word_1_545' title='bbox 2285 1647 2372 1684; x_wconf 76' lang='lat' dir='ltr'>enim</span> 
     </span>
     <span class='ocr_line' id='line_1_72' title="bbox 1339 1697 2370 1739; baseline 0.005 -12"><span class='ocrx_word' id='word_1_546' title='bbox 1339 1704 1528 1728; x_wconf 76' lang='lat' dir='ltr'>succensere</span> <span class='ocrx_word' id='word_1_547' title='bbox 1542 1697 1687 1737; x_wconf 84' lang='lat' dir='ltr'>oportet,</span> <span class='ocrx_word' id='word_1_548' title='bbox 1703 1705 1767 1728; x_wconf 90' lang='lat' dir='ltr'>non</span> <span class='ocrx_word' id='word_1_549' title='bbox 1784 1697 1880 1730; x_wconf 79' lang='lat' dir='ltr'>irasci</span> <span class='ocrx_word' id='word_1_550' title='bbox 1892 1697 2100 1739; x_wconf 88' lang='lat' dir='ltr'>aliorumque</span> <span class='ocrx_word' id='word_1_551' title='bbox 2113 1698 2208 1730; x_wconf 85' lang='lat' dir='ltr'>tum</span> <span class='ocrx_word' id='word_1_552' title='bbox 2198 1707 2232 1731; x_wconf 80' lang='lat' dir='ltr'>in</span> <span class='ocrx_word' id='word_1_553' title='bbox 2245 1707 2281 1732; x_wconf 82' lang='lat' dir='ltr'>se</span> <span class='ocrx_word' id='word_1_554' title='bbox 2295 1699 2370 1731; x_wconf 81' lang='lat' dir='ltr'>tum</span> 
     </span>
     <span class='ocr_line' id='line_1_73' title="bbox 1338 1742 2373 1786; baseline 0.004 -12"><span class='ocrx_word' id='word_1_555' title='bbox 1338 1743 1371 1774; x_wconf 90' lang='lat' dir='ltr'>in</span> <span class='ocrx_word' id='word_1_556' title='bbox 1392 1751 1468 1774; x_wconf 87' lang='lat' dir='ltr'>suos</span> <span class='ocrx_word' id='word_1_557' title='bbox 1496 1742 1710 1775; x_wconf 75' lang='lat' dir='ltr'>contumelias</span> <span class='ocrx_word' id='word_1_558' title='bbox 1738 1744 1863 1785; x_wconf 80' lang='lat' dir='ltr'>perpeti</span> <span class='ocrx_word' id='word_1_559' title='bbox 1887 1752 1926 1776; x_wconf 80' lang='lat' dir='ltr'>ac</span> <span class='ocrx_word' id='word_1_560' title='bbox 1949 1744 2128 1786; x_wconf 83' lang='lat' dir='ltr'>negligere,</span> <span class='ocrx_word' id='word_1_561' title='bbox 2154 1745 2296 1778; x_wconf 81' lang='lat' dir='ltr'>stultum</span> <span class='ocrx_word' id='word_1_562' title='bbox 2321 1746 2373 1778; x_wconf 71' lang='lat' dir='ltr'>est</span> 
     </span>
     <span class='ocr_line' id='line_1_74' title="bbox 1338 1791 2322 1823; baseline 0.004 -1"><span class='ocrx_word' id='word_1_563' title='bbox 1338 1792 1371 1822; x_wconf 88' lang='lat' dir='ltr'>et</span> <span class='ocrx_word' id='word_1_564' title='bbox 1385 1791 1510 1823; x_wconf 81' lang='lat' dir='ltr'>servile.</span> <span class='ocrx_word' id='word_1_565' title='bbox 2320 1815 2322 1818; x_wconf 32' lang='grc' dir='ltr'><em>ψ</em></span> 
     </span>
    </p>
   </div>
   <div class='ocr_carea' id='block_1_15' title="bbox 1336 1849 2373 2294">
    <p class='ocr_par' dir='ltr' id='par_1_19' title="bbox 1336 1849 2373 2294">
     <span class='ocr_line' id='line_1_75' title="bbox 1380 1849 2373 1893; baseline 0.003 -12"><span class='ocrx_word' id='word_1_566' title='bbox 1380 1851 1421 1881; x_wconf 79' lang='lat' dir='ltr'>At</span> <span class='ocrx_word' id='word_1_567' title='bbox 1447 1849 1699 1882; x_wconf 83' lang='lat' dir='ltr'>abundantiam</span> <span class='ocrx_word' id='word_1_568' title='bbox 1727 1849 1879 1882; x_wconf 84' lang='lat' dir='ltr'>omnibus</span> <span class='ocrx_word' id='word_1_569' title='bbox 1903 1849 2003 1882; x_wconf 84' lang='lat' dir='ltr'>rebus</span> <span class='ocrx_word' id='word_1_570' title='bbox 2030 1849 2175 1883; x_wconf 79' lang='lat' dir='ltr'>cernitur</span> <span class='ocrx_word' id='word_1_571' title='bbox 2203 1860 2212 1880; x_wconf 72' lang='grc' dir='ltr'>ε</span> <span class='ocrx_word' id='word_1_572' title='bbox 2241 1850 2373 1893; x_wconf 63' lang='lat' dir='ltr'>quoties</span> 
     </span>
     <span class='ocr_line' id='line_1_76' title="bbox 1338 1906 2369 1950; baseline 0.002 -10"><span class='ocrx_word' id='word_1_573' title='bbox 1338 1908 1424 1940; x_wconf 86' lang='lat' dir='ltr'>onim</span> <span class='ocrx_word' id='word_1_574' title='bbox 1442 1916 1507 1939; x_wconf 87' lang='lat' dir='ltr'>non</span> <span class='ocrx_word' id='word_1_575' title='bbox 1522 1910 1596 1948; x_wconf 86' lang='lat' dir='ltr'>apte</span> <span class='ocrx_word' id='word_1_576' title='bbox 1610 1906 1651 1939; x_wconf 85' lang='lat' dir='ltr'>ad</span> <span class='ocrx_word' id='word_1_577' title='bbox 1665 1906 1774 1939; x_wconf 85' lang='lat' dir='ltr'>locum</span> <span class='ocrx_word' id='word_1_578' title='bbox 1795 1907 1850 1939; x_wconf 82' lang='lat' dir='ltr'>vel</span> <span class='ocrx_word' id='word_1_579' title='bbox 1871 1910 2018 1949; x_wconf 84' lang='lat' dir='ltr'>tempus,</span> <span class='ocrx_word' id='word_1_580' title='bbox 2037 1907 2089 1941; x_wconf 84' lang='lat' dir='ltr'>vel</span> <span class='ocrx_word' id='word_1_581' title='bbox 2105 1907 2272 1950; x_wconf 76' lang='lat' dir='ltr'>negotium</span> <span class='ocrx_word' id='word_1_582' title='bbox 2283 1933 2291 1947; x_wconf 94' lang='lat'><strong>‚</strong></span> <span class='ocrx_word' id='word_1_583' title='bbox 2314 1909 2369 1942; x_wconf 75' lang='lat' dir='ltr'>nl</span> 
     </span>
     <span class='ocr_line' id='line_1_77' title="bbox 1337 1965 2370 2009; baseline 0.001 -10"><span class='ocrx_word' id='word_1_584' title='bbox 1337 1975 1525 2009; x_wconf 85' lang='lat' dir='ltr'>personam,</span> <span class='ocrx_word' id='word_1_585' title='bbox 1540 1966 1593 1998; x_wconf 85' lang='lat' dir='ltr'>vel</span> <span class='ocrx_word' id='word_1_586' title='bbox 1609 1965 1672 1997; x_wconf 72' lang='lat' dir='ltr'>alia</span> <span class='ocrx_word' id='word_1_587' title='bbox 1697 1967 1815 1998; x_wconf 82' lang='lat' dir='ltr'>eventa</span> <span class='ocrx_word' id='word_1_588' title='bbox 1837 1965 1957 2007; x_wconf 86' lang='lat' dir='ltr'>aliquis</span> <span class='ocrx_word' id='word_1_589' title='bbox 1972 1966 2136 2004; x_wconf 78' lang='lat' dir='ltr'>irascitur,</span> <span class='ocrx_word' id='word_1_590' title='bbox 2155 1966 2291 2000; x_wconf 79' lang='lat' dir='ltr'>modum</span> <span class='ocrx_word' id='word_1_591' title='bbox 2307 1975 2370 2000; x_wconf 80' lang='lat' dir='ltr'>ex-</span> 
     </span>
     <span class='ocr_line' id='line_1_78' title="bbox 1338 2023 2370 2066; baseline 0.001 -9"><span class='ocrx_word' id='word_1_592' title='bbox 1338 2025 1436 2057; x_wconf 81' lang='lat' dir='ltr'>cedit.</span> <span class='ocrx_word' id='word_1_593' title='bbox 1462 2026 1528 2056; x_wconf 83' lang='lat' dir='ltr'>Nec</span> <span class='ocrx_word' id='word_1_594' title='bbox 1543 2026 1654 2056; x_wconf 85' lang='lat' dir='ltr'>tamen</span> <span class='ocrx_word' id='word_1_595' title='bbox 1679 2032 1807 2065; x_wconf 85' lang='lat' dir='ltr'>semper</span> <span class='ocrx_word' id='word_1_596' title='bbox 1825 2023 1883 2066; x_wconf 89' lang='lat' dir='ltr'>qui</span> <span class='ocrx_word' id='word_1_597' title='bbox 1903 2023 2040 2056; x_wconf 80' lang='lat' dir='ltr'>modum</span> <span class='ocrx_word' id='word_1_598' title='bbox 2066 2023 2196 2057; x_wconf 75' lang='lat' dir='ltr'>excedit</span> <span class='ocrx_word' id='word_1_599' title='bbox 2211 2024 2312 2058; x_wconf 79' lang='lat' dir='ltr'>etiam</span> <span class='ocrx_word' id='word_1_600' title='bbox 2334 2024 2370 2058; x_wconf 84' lang='lat' dir='ltr'>in</span> 
     </span>
     <span class='ocr_line' id='line_1_79' title="bbox 1337 2070 2370 2126; baseline 0.001 -10"><span class='ocrx_word' id='word_1_601' title='bbox 1337 2083 1427 2116; x_wconf 88' lang='lat' dir='ltr'>omni</span> <span class='ocrx_word' id='word_1_602' title='bbox 1452 2070 1488 2115; x_wconf 79' lang='lat' dir='ltr'>re</span> <span class='ocrx_word' id='word_1_603' title='bbox 1507 2082 1627 2115; x_wconf 86' lang='lat' dir='ltr'>nimius</span> <span class='ocrx_word' id='word_1_604' title='bbox 1649 2083 1699 2115; x_wconf 87' lang='lat' dir='ltr'>est</span> <span class='ocrx_word' id='word_1_605' title='bbox 1728 2095 1736 2115; x_wconf 83' lang='lat'>:</span> <span class='ocrx_word' id='word_1_606' title='bbox 1758 2081 1847 2124; x_wconf 90' lang='lat' dir='ltr'>quod</span> <span class='ocrx_word' id='word_1_607' title='bbox 1868 2082 1924 2114; x_wconf 86' lang='lat' dir='ltr'>vix</span> <span class='ocrx_word' id='word_1_608' title='bbox 1945 2082 2016 2115; x_wconf 84' lang='lat' dir='ltr'>fieri</span> <span class='ocrx_word' id='word_1_609' title='bbox 2032 2084 2140 2124; x_wconf 89' lang='lat' dir='ltr'>potest</span> <span class='ocrx_word' id='word_1_610' title='bbox 2167 2094 2177 2115; x_wconf 73' lang='grc' dir='ltr'>ε</span> <span class='ocrx_word' id='word_1_611' title='bbox 2200 2082 2280 2126; x_wconf 73' lang='lat' dir='ltr'>quia</span> <span class='ocrx_word' id='word_1_612' title='bbox 2295 2091 2370 2117; x_wconf 79' lang='lat' dir='ltr'>m-</span> 
     </span>
     <span class='ocr_line' id='line_1_80' title="bbox 1338 2141 2372 2183; baseline 0.001 -8"><span class='ocrx_word' id='word_1_613' title='bbox 1338 2143 1427 2181; x_wconf 90' lang='lat' dir='ltr'>lum,</span> <span class='ocrx_word' id='word_1_614' title='bbox 1448 2142 1511 2175; x_wconf 90' lang='lat' dir='ltr'>nisi</span> <span class='ocrx_word' id='word_1_615' title='bbox 1534 2141 1646 2183; x_wconf 79' lang='lat' dir='ltr'>aliqua</span> <span class='ocrx_word' id='word_1_616' title='bbox 1665 2150 1705 2174; x_wconf 85' lang='lat' dir='ltr'>ex</span> <span class='ocrx_word' id='word_1_617' title='bbox 1732 2143 1826 2183; x_wconf 86' lang='lat' dir='ltr'>parte</span> <span class='ocrx_word' id='word_1_618' title='bbox 1855 2141 1979 2173; x_wconf 87' lang='lat' dir='ltr'>bonum</span> <span class='ocrx_word' id='word_1_619' title='bbox 2006 2141 2067 2182; x_wconf 87' lang='lat' dir='ltr'>sit,</span> <span class='ocrx_word' id='word_1_620' title='bbox 2094 2141 2272 2175; x_wconf 69' lang='lat' dir='ltr'>consistere</span> <span class='ocrx_word' id='word_1_621' title='bbox 2303 2150 2372 2176; x_wconf 81' lang='lat' dir='ltr'>non</span> 
     </span>
     <span class='ocr_line' id='line_1_81' title="bbox 1336 2200 2368 2244; baseline 0 -9"><span class='ocrx_word' id='word_1_622' title='bbox 1336 2203 1466 2244; x_wconf 85' lang='lat' dir='ltr'>potest,</span> <span class='ocrx_word' id='word_1_623' title='bbox 1489 2200 1548 2234; x_wconf 81' lang='lat' dir='ltr'>sed</span> <span class='ocrx_word' id='word_1_624' title='bbox 1566 2209 1626 2233; x_wconf 83' lang='lat' dir='ltr'>suo</span> <span class='ocrx_word' id='word_1_625' title='bbox 1654 2200 1735 2233; x_wconf 89' lang='lat' dir='ltr'>vitio</span> <span class='ocrx_word' id='word_1_626' title='bbox 1759 2200 1990 2242; x_wconf 84' lang='lat' dir='ltr'>corrumpitur,</span> <span class='ocrx_word' id='word_1_627' title='bbox 2020 2202 2054 2232; x_wconf 86' lang='lat' dir='ltr'>et</span> <span class='ocrx_word' id='word_1_628' title='bbox 2075 2200 2103 2233; x_wconf 86' lang='lat' dir='ltr'>si</span> <span class='ocrx_word' id='word_1_629' title='bbox 2122 2200 2287 2243; x_wconf 75' lang='lat' dir='ltr'>integrum</span> <span class='ocrx_word' id='word_1_630' title='bbox 2307 2201 2368 2242; x_wconf 78' lang='lat' dir='ltr'>sit,</span> 
     </span>
     <span class='ocr_line' id='line_1_82' title="bbox 1336 2258 1710 2294; baseline -0.008 -1"><span class='ocrx_word' id='word_1_631' title='bbox 1336 2259 1540 2294; x_wconf 80' lang='lat' dir='ltr'>intolerabile</span> <span class='ocrx_word' id='word_1_632' title='bbox 1557 2258 1710 2292; x_wconf 83' lang='lat' dir='ltr'>efficitur.</span> 
     </span>
    </p>
   </div>
   <div class='ocr_carea' id='block_1_16' title="bbox 1377 2317 2369 2362">
    <p class='ocr_par' dir='ltr' id='par_1_20' title="bbox 1377 2317 2426 2362">
     <span class='ocr_line' id='line_1_83' title="bbox 1377 2317 2369 2362; baseline -0.002 -10"><span class='ocrx_word' id='word_1_633' title='bbox 1377 2321 1484 2362; x_wconf 81' lang='lat' dir='ltr'>Atque</span> <span class='ocrx_word' id='word_1_634' title='bbox 1500 2318 1648 2351; x_wconf 78' lang='lat' dir='ltr'>iracundi</span> <span class='ocrx_word' id='word_1_635' title='bbox 1666 2317 1801 2360; x_wconf 76' lang='lat' dir='ltr'>quidem</span> <span class='ocrx_word' id='word_1_636' title='bbox 1829 2317 1978 2350; x_wconf 86' lang='lat' dir='ltr'>celeriter</span> <span class='ocrx_word' id='word_1_637' title='bbox 1995 2319 2029 2350; x_wconf 81' lang='lat' dir='ltr'>et</span> <span class='ocrx_word' id='word_1_638' title='bbox 2050 2317 2172 2359; x_wconf 85' lang='lat' dir='ltr'>quihus</span> <span class='ocrx_word' id='word_1_639' title='bbox 2186 2326 2252 2351; x_wconf 87' lang='lat' dir='ltr'>non</span> <span class='ocrx_word' id='word_1_640' title='bbox 2269 2327 2369 2360; x_wconf 84' lang='lat' dir='ltr'>opor·-</span> 
     </span>
    </p>
   </div>
   <div class='ocr_carea' id='block_1_17' title="bbox 1327 2371 2369 3286">
    <p class='ocr_par' dir='ltr' id='par_1_21' title="bbox 1327 2371 2369 3286">
     <span class='ocr_line' id='line_1_84' title="bbox 1335 2371 2364 2412; baseline -0.002 -4"><span class='ocrx_word' id='word_1_641' title='bbox 1335 2377 1385 2408; x_wconf 86' lang='lat' dir='ltr'>tet</span> <span class='ocrx_word' id='word_1_642' title='bbox 1401 2375 1589 2407; x_wconf 87' lang='lat' dir='ltr'>irascuntur</span> <span class='ocrx_word' id='word_1_643' title='bbox 1609 2385 1616 2404; x_wconf 91' lang='lat'><strong>:</strong></span> <span class='ocrx_word' id='word_1_644' title='bbox 1645 2372 1703 2405; x_wconf 87' lang='lat' dir='ltr'>sed</span> <span class='ocrx_word' id='word_1_645' title='bbox 1727 2372 1828 2404; x_wconf 90' lang='lat' dir='ltr'>iidem</span> <span class='ocrx_word' id='word_1_646' title='bbox 1851 2371 2011 2404; x_wconf 85' lang='lat' dir='ltr'>irascendi</span> <span class='ocrx_word' id='word_1_647' title='bbox 2028 2371 2126 2404; x_wconf 83' lang='lat' dir='ltr'>finem</span> <span class='ocrx_word' id='word_1_648' title='bbox 2144 2372 2210 2405; x_wconf 74' lang='lat' dir='ltr'>cito</span> <span class='ocrx_word' id='word_1_649' title='bbox 2229 2371 2364 2412; x_wconf 77' lang='lat' dir='ltr'>faciunt.</span> 
     </span>
     <span class='ocr_line' id='line_1_85' title="bbox 1335 2427 2369 2474; baseline -0.002 -9.996"><span class='ocrx_word' id='word_1_650' title='bbox 1335 2431 1427 2474; x_wconf 82' lang='lat' dir='ltr'>quod</span> <span class='ocrx_word' id='word_1_651' title='bbox 1456 2430 1590 2472; x_wconf 83' lang='lat' dir='ltr'>quidem</span> <span class='ocrx_word' id='word_1_652' title='bbox 1614 2429 1648 2461; x_wconf 90' lang='lat' dir='ltr'>in</span> <span class='ocrx_word' id='word_1_653' title='bbox 1668 2428 1733 2461; x_wconf 89' lang='lat' dir='ltr'>illis</span> <span class='ocrx_word' id='word_1_654' title='bbox 1748 2428 1801 2461; x_wconf 85' lang='lat' dir='ltr'>vel</span> <span class='ocrx_word' id='word_1_655' title='bbox 1820 2428 1981 2470; x_wconf 89' lang='lat' dir='ltr'>optimum</span> <span class='ocrx_word' id='word_1_656' title='bbox 2008 2429 2058 2460; x_wconf 86' lang='lat' dir='ltr'>est</span> <span class='ocrx_word' id='word_1_657' title='bbox 2088 2438 2095 2457; x_wconf 90' lang='lat'><strong>:</strong></span> <span class='ocrx_word' id='word_1_658' title='bbox 2126 2429 2224 2470; x_wconf 80' lang='lat' dir='ltr'>atque</span> <span class='ocrx_word' id='word_1_659' title='bbox 2239 2427 2303 2461; x_wconf 78' lang='lat' dir='ltr'>hoc</span> <span class='ocrx_word' id='word_1_660' title='bbox 2319 2428 2369 2462; x_wconf 80' lang='lat' dir='ltr'>eis</span> 
     </span>
     <span class='ocr_line' id='line_1_86' title="bbox 1335 2481 2367 2527; baseline -0.003 -10"><span class='ocrx_word' id='word_1_661' title='bbox 1335 2487 1506 2527; x_wconf 85' lang='lat' dir='ltr'>propterea</span> <span class='ocrx_word' id='word_1_662' title='bbox 1524 2483 1661 2520; x_wconf 86' lang='lat' dir='ltr'>accidit,</span> <span class='ocrx_word' id='word_1_663' title='bbox 1688 2482 1766 2524; x_wconf 85' lang='lat' dir='ltr'>quia</span> <span class='ocrx_word' id='word_1_664' title='bbox 1781 2482 1863 2514; x_wconf 70' lang='lat' dir='ltr'>iram</span> <span class='ocrx_word' id='word_1_665' title='bbox 1886 2491 1951 2514; x_wconf 88' lang='lat' dir='ltr'>non</span> <span class='ocrx_word' id='word_1_666' title='bbox 1965 2481 2117 2514; x_wconf 81' lang='lat' dir='ltr'>cohibent</span> <span class='ocrx_word' id='word_1_667' title='bbox 2129 2507 2138 2522; x_wconf 89' lang='lat'>,</span> <span class='ocrx_word' id='word_1_668' title='bbox 2154 2490 2261 2524; x_wconf 79' lang='lat' dir='ltr'>neque</span> <span class='ocrx_word' id='word_1_669' title='bbox 2276 2491 2367 2517; x_wconf 86' lang='lat' dir='ltr'>com-</span> 
     </span>
     <span class='ocr_line' id='line_1_87' title="bbox 1335 2535 2366 2580; baseline -0.006 -10"><span class='ocrx_word' id='word_1_670' title='bbox 1335 2538 1496 2580; x_wconf 89' lang='lat' dir='ltr'>primunt,</span> <span class='ocrx_word' id='word_1_671' title='bbox 1522 2537 1580 2570; x_wconf 90' lang='lat' dir='ltr'>sed</span> <span class='ocrx_word' id='word_1_672' title='bbox 1604 2535 1798 2574; x_wconf 83' lang='lat' dir='ltr'>efferuntur,</span> <span class='ocrx_word' id='word_1_673' title='bbox 1828 2538 1862 2568; x_wconf 85' lang='lat' dir='ltr'>et</span> <span class='ocrx_word' id='word_1_674' title='bbox 1882 2545 1948 2577; x_wconf 85' lang='lat' dir='ltr'>quo</span> <span class='ocrx_word' id='word_1_675' title='bbox 1972 2535 2071 2568; x_wconf 88' lang='lat' dir='ltr'>modo</span> <span class='ocrx_word' id='word_1_676' title='bbox 2099 2535 2258 2578; x_wconf 81' lang='lat' dir='ltr'>possunt,</span> <span class='ocrx_word' id='word_1_677' title='bbox 2275 2535 2366 2579; x_wconf 80' lang='lat' dir='ltr'>inju-</span> 
     </span>
     <span class='ocr_line' id='line_1_88' title="bbox 1334 2589 2360 2632; baseline 0 -8"><span class='ocrx_word' id='word_1_678' title='bbox 1334 2593 1417 2624; x_wconf 81' lang='lat' dir='ltr'>riam</span> <span class='ocrx_word' id='word_1_679' title='bbox 1439 2591 1643 2624; x_wconf 79' lang='lat' dir='ltr'>ulciscuntur</span> <span class='ocrx_word' id='word_1_680' title='bbox 1664 2600 1671 2619; x_wconf 75' lang='grc' dir='ltr'><em>τ</em></span> <span class='ocrx_word' id='word_1_681' title='bbox 1695 2589 1784 2632; x_wconf 85' lang='lat' dir='ltr'>quod</span> <span class='ocrx_word' id='word_1_682' title='bbox 1802 2599 1907 2632; x_wconf 92' lang='lat' dir='ltr'>quum</span> <span class='ocrx_word' id='word_1_683' title='bbox 1936 2590 2001 2622; x_wconf 89' lang='lat' dir='ltr'>cito</span> <span class='ocrx_word' id='word_1_684' title='bbox 2030 2590 2180 2623; x_wconf 87' lang='lat' dir='ltr'>fecerunt</span> <span class='ocrx_word' id='word_1_685' title='bbox 2193 2617 2200 2630; x_wconf 89' lang='lat'>,</span> <span class='ocrx_word' id='word_1_686' title='bbox 2226 2591 2360 2630; x_wconf 80' lang='lat' dir='ltr'>statim,</span> 
     </span>
     <span class='ocr_line' id='line_1_89' title="bbox 1334 2644 2364 2690; baseline -0.002 -10"><span class='ocrx_word' id='word_1_687' title='bbox 1334 2656 1408 2690; x_wconf 86' lang='lat' dir='ltr'>quae</span> <span class='ocrx_word' id='word_1_688' title='bbox 1428 2646 1529 2679; x_wconf 80' lang='lat' dir='ltr'>anim-i</span> <span class='ocrx_word' id='word_1_689' title='bbox 1547 2644 1700 2687; x_wconf 81' lang='lat' dir='ltr'>concitati</span> <span class='ocrx_word' id='word_1_690' title='bbox 1715 2644 1866 2677; x_wconf 83' lang='lat' dir='ltr'>celeritas</span> <span class='ocrx_word' id='word_1_691' title='bbox 1882 2646 1952 2683; x_wconf 84' lang='lat' dir='ltr'>est,</span> <span class='ocrx_word' id='word_1_692' title='bbox 1973 2644 2071 2676; x_wconf 86' lang='lat' dir='ltr'>irasci</span> <span class='ocrx_word' id='word_1_693' title='bbox 2086 2644 2250 2678; x_wconf 84' lang='lat' dir='ltr'>desinunt.</span> <span class='ocrx_word' id='word_1_694' title='bbox 2267 2645 2364 2678; x_wconf 76' lang='lat' dir='ltr'>Ultra</span> 
     </span>
     <span class='ocr_line' id='line_1_90' title="bbox 1333 2700 2365 2743; baseline 0 -8"><span class='ocrx_word' id='word_1_695' title='bbox 1333 2702 1469 2735; x_wconf 84' lang='lat' dir='ltr'>modum</span> <span class='ocrx_word' id='word_1_696' title='bbox 1494 2703 1605 2734; x_wconf 80' lang='lat' dir='ltr'>autem</span> <span class='ocrx_word' id='word_1_697' title='bbox 1629 2701 1840 2733; x_wconf 86' lang='lat' dir='ltr'>vehementes</span> <span class='ocrx_word' id='word_1_698' title='bbox 1865 2701 1945 2732; x_wconf 87' lang='lat' dir='ltr'>sunt</span> <span class='ocrx_word' id='word_1_699' title='bbox 1971 2700 2005 2732; x_wconf 90' lang='lat' dir='ltr'>in</span> <span class='ocrx_word' id='word_1_700' title='bbox 2025 2700 2108 2732; x_wconf 83' lang='lat' dir='ltr'>iram</span> <span class='ocrx_word' id='word_1_701' title='bbox 2130 2701 2314 2743; x_wconf 78' lang='lat' dir='ltr'>praecipites</span> <span class='ocrx_word' id='word_1_702' title='bbox 2331 2703 2365 2735; x_wconf 81' lang='lat' dir='ltr'>et</span> 
     </span>
     <span class='ocr_line' id='line_1_91' title="bbox 1333 2754 2363 2797; baseline -0.001 -8"><span class='ocrx_word' id='word_1_703' title='bbox 1333 2757 1375 2789; x_wconf 88' lang='lat' dir='ltr'>ad</span> <span class='ocrx_word' id='word_1_704' title='bbox 1396 2756 1505 2788; x_wconf 83' lang='lat' dir='ltr'>omnia</span> <span class='ocrx_word' id='word_1_705' title='bbox 1520 2757 1620 2797; x_wconf 84' lang='lat' dir='ltr'>atque</span> <span class='ocrx_word' id='word_1_706' title='bbox 1640 2754 1790 2787; x_wconf 85' lang='lat' dir='ltr'>omnibus</span> <span class='ocrx_word' id='word_1_707' title='bbox 1805 2754 1846 2787; x_wconf 84' lang='lat' dir='ltr'>de</span> <span class='ocrx_word' id='word_1_708' title='bbox 1859 2755 1966 2787; x_wconf 88' lang='lat' dir='ltr'>causis</span> <span class='ocrx_word' id='word_1_709' title='bbox 1978 2754 2147 2787; x_wconf 83' lang='lat' dir='ltr'>iracundia</span> <span class='ocrx_word' id='word_1_710' title='bbox 2162 2755 2363 2788; x_wconf 74' lang='lat' dir='ltr'>inflamman-</span> 
     </span>
     <span class='ocr_line' id='line_1_92' title="bbox 1330 2813 2364 2855; baseline -0.001 -7"><span class='ocrx_word' id='word_1_711' title='bbox 1330 2818 1388 2848; x_wconf 91' lang='lat' dir='ltr'>tur</span> <span class='ocrx_word' id='word_1_712' title='bbox 1407 2828 1415 2848; x_wconf 75' lang='grc' dir='ltr'><strong><em>ε</em></strong></span> <span class='ocrx_word' id='word_1_713' title='bbox 1438 2814 1526 2847; x_wconf 90' lang='lat' dir='ltr'>unde</span> <span class='ocrx_word' id='word_1_714' title='bbox 1546 2816 1579 2846; x_wconf 90' lang='lat' dir='ltr'>et</span> <span class='ocrx_word' id='word_1_715' title='bbox 1595 2823 1711 2846; x_wconf 89' lang='lat' dir='ltr'>nomen</span> <span class='ocrx_word' id='word_1_716' title='bbox 1736 2823 1755 2846; x_wconf 84' lang='lat' dir='ltr'>a</span> <span class='ocrx_word' id='word_1_717' title='bbox 1769 2813 1949 2855; x_wconf 86' lang='lat' dir='ltr'>praecipitio</span> <span class='ocrx_word' id='word_1_718' title='bbox 1970 2813 2156 2846; x_wconf 82' lang='lat' dir='ltr'>derivatum</span> <span class='ocrx_word' id='word_1_719' title='bbox 2170 2813 2303 2849; x_wconf 82' lang='lat' dir='ltr'>habent.</span> <span class='ocrx_word' id='word_1_720' title='bbox 2322 2815 2364 2847; x_wconf 79' lang='lat' dir='ltr'>At</span> 
     </span>
     <span class='ocr_line' id='line_1_93' title="bbox 1331 2860 2360 2909; baseline -0.003 -6"><span class='ocrx_word' id='word_1_721' title='bbox 1331 2879 1409 2903; x_wconf 86' lang='lat' dir='ltr'>vero</span> <span class='ocrx_word' id='word_1_722' title='bbox 1435 2868 1537 2901; x_wconf 83' lang='lat' dir='ltr'>amari</span> <span class='ocrx_word' id='word_1_723' title='bbox 1556 2870 1627 2900; x_wconf 87' lang='lat' dir='ltr'>tum</span> <span class='ocrx_word' id='word_1_724' title='bbox 1653 2867 1888 2909; x_wconf 82' lang='lat' dir='ltr'>propemodum</span> <span class='ocrx_word' id='word_1_725' title='bbox 1908 2869 1984 2900; x_wconf 86' lang='lat' dir='ltr'>sunt</span> <span class='ocrx_word' id='word_1_726' title='bbox 2013 2867 2254 2909; x_wconf 81' lang='lat' dir='ltr'>implacabiles,</span> <span class='ocrx_word' id='word_1_727' title='bbox 2289 2860 2360 2901; x_wconf 78' lang='lat' dir='ltr'>tuin</span> 
     </span>
     <span class='ocr_line' id='line_1_94' title="bbox 1331 2920 2362 2963; baseline -0.003 -6"><span class='ocrx_word' id='word_1_728' title='bbox 1331 2924 1389 2957; x_wconf 88' lang='lat' dir='ltr'>diu</span> <span class='ocrx_word' id='word_1_729' title='bbox 1408 2924 1443 2956; x_wconf 90' lang='lat' dir='ltr'>in</span> <span class='ocrx_word' id='word_1_730' title='bbox 1463 2923 1513 2955; x_wconf 82' lang='lat' dir='ltr'>ira</span> <span class='ocrx_word' id='word_1_731' title='bbox 1531 2923 1740 2963; x_wconf 84' lang='lat' dir='ltr'>perseverant</span> <span class='ocrx_word' id='word_1_732' title='bbox 1757 2933 1765 2952; x_wconf 90' lang='lat'><strong>:</strong></span> <span class='ocrx_word' id='word_1_733' title='bbox 1791 2930 1898 2963; x_wconf 86' lang='lat' dir='ltr'>neque</span> <span class='ocrx_word' id='word_1_734' title='bbox 1920 2920 2006 2953; x_wconf 83' lang='lat' dir='ltr'>enim</span> <span class='ocrx_word' id='word_1_735' title='bbox 2035 2920 2148 2953; x_wconf 84' lang='lat' dir='ltr'>statim</span> <span class='ocrx_word' id='word_1_736' title='bbox 2163 2920 2260 2954; x_wconf 88' lang='lat' dir='ltr'>vultu</span> <span class='ocrx_word' id='word_1_737' title='bbox 2275 2930 2362 2963; x_wconf 74' lang='lat' dir='ltr'>prae-</span> 
     </span>
     <span class='ocr_line' id='line_1_95' title="bbox 1329 2974 2359 3016; baseline -0.009 -4"><span class='ocrx_word' id='word_1_738' title='bbox 1329 2979 1440 3012; x_wconf 84' lang='lat' dir='ltr'>ferunt</span> <span class='ocrx_word' id='word_1_739' title='bbox 1475 2978 1508 3010; x_wconf 86' lang='lat' dir='ltr'>et</span> <span class='ocrx_word' id='word_1_740' title='bbox 1541 2975 1734 3013; x_wconf 79' lang='lat' dir='ltr'>effundunt,</span> <span class='ocrx_word' id='word_1_741' title='bbox 1774 2974 1832 3007; x_wconf 87' lang='lat' dir='ltr'>sed</span> <span class='ocrx_word' id='word_1_742' title='bbox 1859 2974 2013 3007; x_wconf 81' lang='lat' dir='ltr'>cohibent</span> <span class='ocrx_word' id='word_1_743' title='bbox 2045 2975 2078 3006; x_wconf 92' lang='lat' dir='ltr'>et</span> <span class='ocrx_word' id='word_1_744' title='bbox 2108 2974 2328 3016; x_wconf 85' lang='lat' dir='ltr'>comprimunt</span> <span class='ocrx_word' id='word_1_745' title='bbox 2352 2985 2359 3003; x_wconf 87' lang='grc'>;</span> 
     </span>
     <span class='ocr_line' id='line_1_96' title="bbox 1329 3027 2363 3078; baseline -0.004 -11"><span class='ocrx_word' id='word_1_746' title='bbox 1329 3043 1430 3078; x_wconf 87' lang='lat' dir='ltr'>quam</span> <span class='ocrx_word' id='word_1_747' title='bbox 1455 3035 1529 3065; x_wconf 92' lang='lat' dir='ltr'>tum</span> <span class='ocrx_word' id='word_1_748' title='bbox 1559 3031 1692 3064; x_wconf 84' lang='lat' dir='ltr'>demum</span> <span class='ocrx_word' id='word_1_749' title='bbox 1715 3030 1849 3063; x_wconf 88' lang='lat' dir='ltr'>missam</span> <span class='ocrx_word' id='word_1_750' title='bbox 1871 3029 2014 3068; x_wconf 82' lang='lat' dir='ltr'>faciunt,</span> <span class='ocrx_word' id='word_1_751' title='bbox 2040 3038 2144 3071; x_wconf 79' lang='lat' dir='ltr'>quum</span> <span class='ocrx_word' id='word_1_752' title='bbox 2158 3027 2287 3072; x_wconf 64' lang='lat' dir='ltr'>iniuria</span> <span class='ocrx_word' id='word_1_753' title='bbox 2300 3038 2363 3064; x_wconf 73' lang='lat' dir='ltr'>au-</span> 
     </span>
     <span class='ocr_line' id='line_1_97' title="bbox 1329 3081 2358 3126; baseline -0.006 -3"><span class='ocrx_word' id='word_1_754' title='bbox 1329 3091 1435 3123; x_wconf 79' lang='lat' dir='ltr'>ctores</span> <span class='ocrx_word' id='word_1_755' title='bbox 1446 3087 1511 3120; x_wconf 92' lang='lat' dir='ltr'>ulti</span> <span class='ocrx_word' id='word_1_756' title='bbox 1536 3085 1669 3119; x_wconf 86' lang='lat' dir='ltr'>fuerint.</span> <span class='ocrx_word' id='word_1_757' title='bbox 1686 3087 1769 3118; x_wconf 87' lang='lat' dir='ltr'>Nam</span> <span class='ocrx_word' id='word_1_758' title='bbox 1786 3084 1931 3117; x_wconf 84' lang='lat' dir='ltr'>vindicta</span> <span class='ocrx_word' id='word_1_759' title='bbox 1947 3084 2151 3126; x_wconf 85' lang='lat' dir='ltr'>voluptatem</span> <span class='ocrx_word' id='word_1_760' title='bbox 2168 3083 2209 3119; x_wconf 72' lang='lat' dir='ltr'>&#39;xis</span> <span class='ocrx_word' id='word_1_761' title='bbox 2236 3081 2358 3122; x_wconf 77' lang='lat' dir='ltr'>affert,</span> 
     </span>
     <span class='ocr_line' id='line_1_98' title="bbox 1327 3136 2360 3183; baseline -0.001 -12"><span class='ocrx_word' id='word_1_762' title='bbox 1327 3139 1465 3183; x_wconf 81' lang='lat' dir='ltr'>ideoque</span> <span class='ocrx_word' id='word_1_763' title='bbox 1484 3140 1629 3173; x_wconf 89' lang='lat' dir='ltr'>dolorem</span> <span class='ocrx_word' id='word_1_764' title='bbox 1644 3139 1738 3172; x_wconf 92' lang='lat' dir='ltr'>illum</span> <span class='ocrx_word' id='word_1_765' title='bbox 1754 3137 1869 3171; x_wconf 86' lang='lat' dir='ltr'>adimit</span> <span class='ocrx_word' id='word_1_766' title='bbox 1886 3150 1894 3169; x_wconf 91' lang='lat'>:</span> <span class='ocrx_word' id='word_1_767' title='bbox 1914 3136 2004 3179; x_wconf 88' lang='lat' dir='ltr'>quod</span> <span class='ocrx_word' id='word_1_768' title='bbox 2017 3137 2045 3169; x_wconf 90' lang='lat' dir='ltr'>si</span> <span class='ocrx_word' id='word_1_769' title='bbox 2064 3138 2195 3180; x_wconf 83' lang='lat' dir='ltr'>assequi</span> <span class='ocrx_word' id='word_1_770' title='bbox 2206 3147 2271 3171; x_wconf 84' lang='lat' dir='ltr'>non</span> <span class='ocrx_word' id='word_1_771' title='bbox 2283 3146 2360 3180; x_wconf 83' lang='lat' dir='ltr'>pos-</span> 
     </span>
     <span class='ocr_line' id='line_1_99' title="bbox 1327 3189 2357 3233; baseline -0.004 -7"><span class='ocrx_word' id='word_1_772' title='bbox 1327 3194 1403 3232; x_wconf 87' lang='lat' dir='ltr'>sint,</span> <span class='ocrx_word' id='word_1_773' title='bbox 1427 3203 1510 3226; x_wconf 90' lang='lat' dir='ltr'>onus</span> <span class='ocrx_word' id='word_1_774' title='bbox 1529 3193 1690 3226; x_wconf 82' lang='lat' dir='ltr'>sustinent</span> <span class='ocrx_word' id='word_1_775' title='bbox 1707 3194 1740 3224; x_wconf 91' lang='lat' dir='ltr'>et</span> <span class='ocrx_word' id='word_1_776' title='bbox 1753 3190 1848 3233; x_wconf 85' lang='lat' dir='ltr'>quasi</span> <span class='ocrx_word' id='word_1_777' title='bbox 1861 3189 1945 3222; x_wconf 87' lang='lat' dir='ltr'>iram</span> <span class='ocrx_word' id='word_1_778' title='bbox 1954 3189 2208 3223; x_wconf 80' lang='lat' dir='ltr'>circumferunt.</span> <span class='ocrx_word' id='word_1_779' title='bbox 2247 3193 2357 3230; x_wconf 87' lang='lat' dir='ltr'>Quum</span> 
     </span>
     <span class='ocr_line' id='line_1_100' title="bbox 1327 3242 2358 3286; baseline -0.003 -7"><span class='ocrx_word' id='word_1_780' title='bbox 1327 3247 1414 3280; x_wconf 90' lang='lat' dir='ltr'>enim</span> <span class='ocrx_word' id='word_1_781' title='bbox 1430 3247 1514 3279; x_wconf 75' lang='lat' dir='ltr'>iram</span> <span class='ocrx_word' id='word_1_782' title='bbox 1533 3245 1567 3278; x_wconf 92' lang='lat' dir='ltr'>in</span> <span class='ocrx_word' id='word_1_783' title='bbox 1584 3244 1748 3278; x_wconf 84' lang='lat' dir='ltr'>neminem</span> <span class='ocrx_word' id='word_1_784' title='bbox 1767 3244 1942 3281; x_wconf 89' lang='lat' dir='ltr'>evomant,</span> <span class='ocrx_word' id='word_1_785' title='bbox 1968 3251 2075 3284; x_wconf 85' lang='lat' dir='ltr'>neque</span> <span class='ocrx_word' id='word_1_786' title='bbox 2099 3242 2233 3276; x_wconf 83' lang='lat' dir='ltr'>solando</span> <span class='ocrx_word' id='word_1_787' title='bbox 2248 3251 2358 3286; x_wconf 81' lang='lat' dir='ltr'>neque</span> 
     </span>
    </p>
   </div>
   <div class='ocr_carea' id='block_1_18' title="bbox 1770 3359 2356 3402">
    <p class='ocr_par' dir='ltr' id='par_1_22' title="bbox 1770 3359 2356 3402">
     <span class='ocr_line' id='line_1_101' title="bbox 1770 3359 2356 3402; baseline 0.002 -11"><span class='ocrx_word' id='word_1_788' title='bbox 1770 3360 1831 3380; x_wconf 51' lang='grc' dir='ltr'>*μ</span> <span class='ocrx_word' id='word_1_789' title='bbox 1853 3359 1890 3392; x_wconf 87' lang='grc' dir='ltr'>Ὅ</span> <span class='ocrx_word' id='word_1_790' title='bbox 1908 3360 1962 3402; x_wconf 85' lang='grc' dir='ltr'>μὲν</span> <span class='ocrx_word' id='word_1_791' title='bbox 1983 3360 2037 3392; x_wconf 85' lang='grc' dir='ltr'>οὖν</span> <span class='ocrx_word' id='word_1_792' title='bbox 2059 3361 2106 3401; x_wconf 69' lang='grc' dir='ltr'>ἐφ’</span> <span class='ocrx_word' id='word_1_793' title='bbox 2120 3359 2166 3397; x_wconf 74' lang='grc' dir='ltr'>οἷς</span> <span class='ocrx_word' id='word_1_794' title='bbox 2179 3361 2230 3392; x_wconf 86' lang='grc' dir='ltr'>δεῖ</span> <span class='ocrx_word' id='word_1_795' title='bbox 2241 3360 2356 3406; x_wconf 47' lang='lat' dir='ltr'>maiole·</span> 
     </span>
    </p>
   </div>
   <div class='ocr_carea' id='block_1_19' title="bbox 240 3405 2354 3468">
    <p class='ocr_par' dir='ltr' id='par_1_23' title="bbox 240 3405 2354 3468">
     <span class='ocr_line' id='line_1_102' title="bbox 240 3405 2354 3468; baseline -0.004 -26"><span class='ocrx_word' id='word_1_796' title='bbox 240 3412 289 3442; x_wconf 78' lang='grc' dir='ltr'>δεῖ</span> <span class='ocrx_word' id='word_1_797' title='bbox 307 3411 372 3468; x_wconf 55' lang='grc' dir='ltr'>ὀρτγ</span> <span class='ocrx_word' id='word_1_798' title='bbox 368 3410 506 3452; x_wconf 77' lang='grc' dir='ltr'>ζόμενςο</span> <span class='ocrx_word' id='word_1_799' title='bbox 494 3411 587 3441; x_wconf 81' lang='grc' dir='ltr'>κτλ.</span> <span class='ocrx_word' id='word_1_800' title='bbox 606 3426 647 3434; x_wconf 82' lang='grc'><strong>-</strong></span> <span class='ocrx_word' id='word_1_801' title='bbox 658 3409 714 3429; x_wconf 48' lang='grc' dir='ltr'>μ’</span> <span class='ocrx_word' id='word_1_802' title='bbox 721 3409 736 3428; x_wconf 69' lang='lat'><em>*</em></span> <span class='ocrx_word' id='word_1_803' title='bbox 761 3408 802 3441; x_wconf 87' lang='grc' dir='ltr'>Ἥ</span> <span class='ocrx_word' id='word_1_804' title='bbox 818 3410 845 3442; x_wconf 88' lang='grc' dir='ltr'>δ’</span> <span class='ocrx_word' id='word_1_805' title='bbox 861 3409 1010 3452; x_wconf 76' lang='grc' dir='ltr'>ἔλλειψις,</span> <span class='ocrx_word' id='word_1_806' title='bbox 1029 3410 1085 3442; x_wconf 74' lang='grc' dir='ltr'>εἶτ’</span> <span class='ocrx_word' id='word_1_807' title='bbox 1102 3411 1260 3453; x_wconf 83' lang='grc' dir='ltr'>ἀοργησία</span> <span class='ocrx_word' id='word_1_808' title='bbox 1273 3411 1342 3443; x_wconf 82' lang='grc' dir='ltr'>κτλ.</span> <span class='ocrx_word' id='word_1_809' title='bbox 1361 3428 1401 3433; x_wconf 89' lang='grc'><strong>-</strong></span> <span class='ocrx_word' id='word_1_810' title='bbox 1413 3410 1517 3430; x_wconf 51' lang='lat'>*⁴⁰⁸*</span> <span class='ocrx_word' id='word_1_811' title='bbox 1543 3408 1583 3441; x_wconf 86' lang='grc' dir='ltr'><em>Ἡ</em></span> <span class='ocrx_word' id='word_1_812' title='bbox 1601 3410 1627 3441; x_wconf 81' lang='grc' dir='ltr'>δ’</span> <span class='ocrx_word' id='word_1_813' title='bbox 1643 3408 1802 3450; x_wconf 72' lang='grc' dir='ltr'>ὑπερὸολὴ</span> <span class='ocrx_word' id='word_1_814' title='bbox 1819 3406 1904 3439; x_wconf 78' lang='grc' dir='ltr'>κατὰ</span> <span class='ocrx_word' id='word_1_815' title='bbox 1919 3406 2026 3438; x_wconf 85' lang='grc' dir='ltr'>πάντα</span> <span class='ocrx_word' id='word_1_816' title='bbox 2038 3407 2107 3438; x_wconf 84' lang='grc' dir='ltr'>κτλ.</span> <span class='ocrx_word' id='word_1_817' title='bbox 2123 3422 2166 3431; x_wconf 90' lang='lat'>—·</span> <span class='ocrx_word' id='word_1_818' title='bbox 2177 3405 2300 3426; x_wconf 43' lang='grc' dir='ltr'>*μθ*</span> <span class='ocrx_word' id='word_1_819' title='bbox 2313 3407 2354 3438; x_wconf 84' lang='grc' dir='ltr'>Οἱ</span> 
     </span>
    </p>
   </div>
   <div class='ocr_carea' id='block_1_20' title="bbox 241 3457 589 3500">
    <p class='ocr_par' dir='ltr' id='par_1_24' title="bbox 241 3457 589 3500">
     <span class='ocr_line' id='line_1_103' title="bbox 241 3457 589 3500; baseline -0.003 -10"><span class='ocrx_word' id='word_1_820' title='bbox 241 3457 297 3497; x_wconf 79' lang='grc' dir='ltr'>μὲν</span> <span class='ocrx_word' id='word_1_821' title='bbox 313 3457 368 3490; x_wconf 81' lang='grc' dir='ltr'>οὖν</span> <span class='ocrx_word' id='word_1_822' title='bbox 387 3457 507 3500; x_wconf 88' lang='grc' dir='ltr'>ὀργίλοι</span> <span class='ocrx_word' id='word_1_823' title='bbox 520 3457 589 3489; x_wconf 86' lang='grc' dir='ltr'>κτλ.</span> 
     </span>
    </p>
   </div>
   <div class='ocr_carea' id='block_1_21' title="bbox 2423 0 2508 3776">
    <p class='ocr_par' dir='ltr' id='par_1_25' title="bbox 2423 0 2508 3776">
     <span class='ocr_line' id='line_1_104' title="bbox 2423 0 2508 3776; baseline 0 0"><span class='ocrx_word' id='word_1_824' title='bbox 2423 0 2508 3776; x_wconf 95' lang='lat' dir='ltr'> </span> 
     </span>
    </p>
   </div>
  </div>
 </body>
</html>
