2508 3776
278 225 359 262 450

281 310 363 349 αὐτὸ
384 309 545 361 φέρουσι,
571 306 631 346 καὶ
650 306 694 344 τὰ
717 306 806 344 αὐτὰ
826 307 963 357 ἔχουσιν
980 304 1215 356 ὑποκείμενα,
1236 305 1315 357 περὶ

281 369 303 406 ἃ
325 368 583 416 καταγίνονται·
607 364 666 403 καὶ
687 363 755 416 γὰρ
777 362 837 402 καὶ
856 362 1045 416 φρόνησις,
1066 363 1126 403 καὶ
1146 368 1238 412 νοῦς,
1259 363 1318 402 και

280 426 452 473 εὐὸουλία,
470 424 528 463 καὶ
549 423 701 472 σύνεσις,
717 422 777 461 καὶ
792 421 915 473 γνώμη
927 423 1007 493 περὶ
1027 422 1071 461 τὰ
1086 425 1162 462 καθ’
1183 422 1317 462 ἕκαστά

280 486 345 522 εἶσι
367 485 424 522 καὶ
440 483 483 521 τὰ
497 483 624 533 μερικὰ
644 482 724 519 τὰ
710 491 744 519 ἐν
762 474 811 523 οἷς
831 482 866 518 αἱ
881 480 1034 532 πράξεις.
1059 482 1151 520 Νοῦν
1176 480 1320 531 δὲλέγω

278 543 335 579 τὸν
346 541 552 594 πρακτικόν,
573 539 607 583 ὃς
629 539 740 593 ἀρχὰς
757 538 829 591 ἔχει
846 538 890 576 τὰ
909 539 1036 590 μερικὰ
1047 540 1106 577 καὶ
1125 540 1288 586 αἰσθητά·
1303 540 1321 576 ὃ

277 600 345 653 γὰρ
366 599 463 641 αὐτὸς
482 598 679 650 ἄνθρωπος,
701 597 781 636 ὅταν
805 596 867 647 μὲν
891 597 934 635 τὰ
953 598 1038 649 πρὸς
1058 598 1098 635 τὸ
1115 598 1244 649 ἀγαθὸν
1259 597 1318 635 τέ-

278 659 335 701 λος
356 657 502 710 φέροντα
518 659 616 708 ποιῇ,
640 655 803 710 φρόνιμός
824 657 927 694 ἐστιν·
948 654 1030 694 ὅταν
1053 656 1088 694 δὲ
1104 656 1184 710 περὶ
1205 657 1318 694 αὐτῶν

278 719 323 760 ὡς
341 717 390 753 δεῖ
407 717 639 767 βουλεύηται,
663 714 825 758 εὔδουλός
850 716 955 753 ἐστιν·
984 713 1066 753 ὅταν
1083 714 1118 752 δὲ
1137 714 1202 752 ὅσα
1221 713 1319 758 ἔταξε

277 775 362 826 πρὸς
381 775 420 813 τὸ
440 775 535 819 τέλος
556 774 595 813 τὸ
621 773 767 849 ἀγαθόν,
802 773 863 812 καὶ
895 774 1058 823 ἐποίησε,
1084 773 1239 825 γινώσκῃ
1261 773 1319 811 καὶ

277 832 377 884 κρίνῃ
400 835 528 886 ὀρθως,
555 833 616 872 καὶ
644 836 689 877 ὡς
706 833 774 871 ἔδει
795 836 1021 886 πεπρᾶχθαι,
1053 831 1192 876 συνετός
1213 833 1318 871 ἐστιν·

277 889 359 928 ὅταν
387 891 422 928 δὲ
454 893 497 929 τα
520 893 579 930 ὑπ’
603 891 709 929 ἄλλου
742 890 945 943 πραχθέντα
978 893 1086 943 ὀρθῶς
1114 893 1240 942 κρίνων
1261 892 1320 930 καὶ

277 949 485 1001 συγγνώμης
506 950 612 989 ἐνίοτε
627 949 717 994 ἀξιοῖ
731 944 780 993 οἷς
800 954 902 988 τοῦτο
923 953 1113 1003 προσῆκεν,
1131 950 1320 1003 εὐγνώμων

278 1009 352 1046 ἐστὶ
375 1010 434 1047 καὶ
455 1009 683 1062 συγγνώμων.

330 1066 351 1089 *
369 1069 474 1106 Πᾶσα
497 1067 566 1120 γὰρ
585 1072 607 1116 ἡ
629 1071 689 1106 τοῦ
708 1069 878 1111 ἐπιεικοῦς
892 1066 1002 1119 κρίσις
1018 1067 1098 1120 περὶ
1120 1068 1234 1107 πάντα
1250 1067 1323 1107 ἐστὶ

276 1128 374 1178 κοινῇ
403 1125 448 1163 τὰ
479 1125 594 1178 ἀγαθὰ
615 1125 662 1164 τὰ
693 1124 751 1163 ὑπ’
770 1125 884 1163 ἄλλων
906 1125 1144 1177 πραττόμενα·
1176 1124 1322 1178 καὶγὰρ

276 1182 337 1222 καὶ
359 1187 380 1230 ἠ
404 1184 604 1235 καλουμένη
621 1183 788 1223 ἐπιείκεια
802 1213 812 1232 ,
835 1183 910 1231 ἥτις
931 1184 1005 1223 ἐστὶ
1031 1189 1090 1223 τοῦ
1110 1188 1251 1235 νομικοῦ
1273 1186 1321 1222 δι-

277 1242 377 1281 καίου
395 1243 616 1295 διορθωτική,
629 1243 708 1296 περὶ
729 1238 770 1290 ἧς
787 1242 924 1295 εἴρηται
944 1243 1126 1295 πρότερον,
1147 1243 1225 1286 τοὺς
1237 1243 1320 1294 παρ’

278 1302 403 1353 ἑτέρων
424 1303 580 1345 τεθέντας
600 1302 725 1352 νόμους
747 1301 876 1353 κρίνει,
899 1304 992 1348 καὶὴ
1016 1301 1207 1352 συγγνώμη
1222 1301 1280 1338 καὶ
1299 1303 1319 1346 ἡ

276 1362 400 1411 γνώμη
414 1360 493 1412 περὶ
515 1364 582 1398 τῶν
606 1362 854 1411 πραττομένων
875 1362 918 1412 oq>
919 1358 1066 1411 ’ἑτέρων
1081 1361 1188 1411 ὀρθῶς
1212 1358 1322 1411 ψηφί-

277 1420 384 1463 ζεται·
398 1420 514 1458 πάντα
531 1419 564 1457 δὲ
580 1423 690 1456 ταῦτα
705 1422 764 1457 τοῦ
787 1420 957 1461 ἐπιεικοῦς
981 1420 1065 1456 ἐστι·
1087 1417 1305 1466 συμὸαίνει
1288 1416 1323 1455 οὲ

277 1478 335 1515 καὶ
348 1478 466 1522 πάσας
485 1478 545 1520 τὰς
557 1478 772 1530 ἀνθρωπίνας
788 1477 878 1527 προίξ
883 1493 929 1520 εις
942 1475 1072 1519 ταύτας
1090 1478 1178 1513 εἶναι
1201 1476 1321 1526 μόνας,

277 1534 317 1579 ἃς
337 1538 354 1574 ὁ
375 1535 527 1582 ἐπιεικὴς
546 1535 665 1606 κρίνει,
682 1534 835 1584 καὶπερὶ
854 1538 901 1572 ὧν
917 1534 1117 1587 ψηφίζεται·
1135 1537 1157 1581 ἡ
1174 1533 1235 1572 μὲν
1252 1533 1321 1586 γὰρ

278 1593 444 1632 ἐπιείκεια
454 1595 560 1647 περὶ
545 1594 582 1631 τὸ
594 1609 734 1644 νομικον
750 1593 905 1631 δίκαιόν’
891 1609 996 1631 εστιν·
1015 1596 1036 1640 ἡ
1059 1592 1093 1631 δὲ
1106 1592 1233 1643 γνώμη
1243 1594 1322 1644 περὶ

276 1652 320 1691 τὰ
331 1654 469 1704 πρακτά
485 1656 591 1700 ἐστιν,
609 1652 692 1690 ὅταν
714 1654 770 1705 ὑφ’
788 1651 914 1704 ἑτέρων
931 1652 1168 1704 πράττωνται·
1182 1650 1262 1703 περὶ
1279 1650 1323 1688 τὰ

277 1711 367 1749 αὐτὰ
386 1712 420 1749 δὲ
441 1710 500 1750 καὶ
520 1715 628 1755 ὃνοῦς
651 1713 742 1749 ἐστιν
764 1714 781 1749 ὁ
803 1710 1005 1762 πρακτικός·
1027 1710 1086 1748 καὶ
1115 1709 1182 1762 γὰρ
1205 1708 1280 1748 ἐπεὶ
1301 1712 1318 1747 ὁ

275 1775 352 1813 νοῦς
365 1771 487 1821 γνῶσίς
506 1771 578 1809 ἐστι
597 1772 664 1807 τῶν
678 1771 808 1821 ἀρχῶν,
827 1770 933 1821 ἀρχαὶ
955 1769 990 1807 δὲ
1002 1771 1068 1806 τῶν
1085 1768 1146 1819 μὲν
1162 1768 1320 1819 πράξεων

276 1829 320 1867 τὰ
334 1831 412 1867 καθ’
436 1829 582 1876 ἕκαστα,
597 1831 663 1866 τῶν
680 1829 714 1866 δὲ
737 1831 921 1880 θεωρητῶν
941 1827 1001 1866 καὶ
1021 1821 1068 1865 ὧν
1085 1829 1157 1865 ἐστι
1180 1827 1277 1869 τέλος
1299 1829 1322 1874 ἡ

277 1888 435 1935 ἀλήθεια,
450 1890 480 1926 οἱ
500 1888 584 1939 ὅροι,
600 1887 659 1925 καὶ
676 1889 706 1925 οἱ
729 1886 854 1936 ἄμεσοι
874 1887 982 1937 λόγοι,
1001 1885 1060 1924 καὶ
1082 1888 1117 1923 αἱ
1138 1885 1250 1923 κοιναὶ
1267 1884 1320 1923 ἔν-

277 1962 384 1994 νοιαι,
405 1946 458 1994 εἴη
477 1945 517 1984 ἂν
534 1949 551 1984 ὁ
573 1946 635 1997 μὲν
655 1945 862 1997 θεωρητικὸς
881 1949 957 1988 νοῦς
982 1947 1107 1997 γνῶσις
1123 1947 1191 1982 τῶν
1216 1945 1320 1995 ὅρων,

276 2005 337 2044 καὶ
353 2008 420 2044 τῶν
439 2004 587 2058 πρώτων
605 2005 664 2043 καὶ
686 2003 859 2050 ἀκινήτων
879 2003 991 2054 λόγων
1006 2033 1015 2051 ,
1034 2006 1052 2042 ὅ
1070 2003 1104 2041 δὲ
1120 2003 1322 2054 πρακτικός,

278 2067 402 2114 γνῶσις
421 2066 489 2101 τῶν
516 2063 672 2115 ἐσχάτων
704 2078 763 2101 και
785 2061 1043 2114 ἐνδεχομένων,
1073 2060 1233 2108 δηλονότι
1252 2063 1321 2099 τῶν

277 2125 355 2161 καθ’
377 2122 509 2161 ἕκαστα
541 2123 718 2173 πρακτῶν·
750 2121 841 2159 ὥστε
864 2121 923 2159 τὸν
946 2121 1139 2174 πρακτικὸν
1171 2135 1231 2158 και
1264 2120 1323 2157 τὸν

278 2181 486 2233 θεωρητικὸν
505 2183 582 2218 νοῦν
598 2195 666 2218 των
689 2179 848 2232 ἐσχάτων
870 2181 958 2217 εἶναι
980 2179 1039 2217 καὶ
1059 2177 1222 2231 πρώτων.
1253 2178 1322 2217 Καὶ

276 2238 344 2291 γὰρ
376 2239 436 2277 καὶ
468 2240 499 2277 οἱ
521 2238 646 2288 ἄμεσοι
667 2237 784 2288 λόγοι,
816 2237 876 2276 καὶ
901 2239 932 2276 οἱ
965 2236 1064 2290 ὅροι,
1097 2236 1222 2276 καὶτὰ
1243 2239 1321 2276 καθ’

278 2298 433 2345 ἕκαστα,
447 2296 507 2335 καὶ
525 2300 647 2349 πρῶτα
670 2297 731 2336 καὶ
751 2296 888 2349 ἔσχατά
909 2298 1010 2338 εἶσιν.
1033 2298 1080 2336 Οἱ
1103 2297 1165 2348 μὲν
1197 2296 1322 2348 ἄμεσοι

277 2357 372 2407 λόγοι
390 2359 432 2409 τῇ
451 2361 550 2409 φύσει
578 2359 729 2408 πρῶτοι,
762 2357 906 2409 ἔσχατοι
932 2356 968 2394 δὲ
992 2359 1089 2406 ἡμῖν·
1109 2356 1154 2394 τὰ
1179 2355 1216 2394 δὲ
1245 2359 1322 2395 καθ’

280 2415 412 2453 ἕκαστα
435 2418 558 2468 πρῶτα
581 2415 643 2466 μὲν
664 2419 747 2466 ἡμῖν
761 2445 771 2463 ,
793 2416 927 2468 ἔσχατα
954 2415 990 2454 ’δὲ
1011 2418 1054 2464 τῇ
1075 2415 1187 2468 φύσει·
1211 2419 1323 2453 ταῦτα

247 2485 249 2487 ·
280 2473 315 2511 δὲ
334 2474 377 2513 τὰ
394 2474 526 2526 ἔσχατα
548 2478 589 2526 τῇ
610 2474 712 2528 φύσει
729 2474 836 2527 ἀρχαί
851 2477 917 2513 εἰσι
934 2475 993 2514 καὶ
1015 2473 1109 2513 αἴτια
1127 2478 1186 2513 τοῦ
1206 2477 1323 2519 τέλους

280 2535 340 2569 τοῦ
366 2536 533 2581 πρακτοῦ·
566 2534 626 2571 καὶ
654 2533 719 2586 γὰρ
750 2534 819 2573 ἀπὸ
844 2536 912 2572 τῶν
945 2537 979 2573 ἐν
1000 2537 1043 2586 τῇ
1066 2532 1225 2580 αἰσθήσει
1245 2537 1324 2572 καθ’

281 2591 413 2629 ἕκαστα
446 2591 686 2641 διδασκόμενοι
715 2592 880 2645 πράττειν
912 2592 956 2631 τὰ
989 2592 1210 2645 συμφέροντα
1238 2596 1323 2643 ἡμῖν

283 2650 413 2696 αὐτοῖς,
436 2649 495 2687 καὶ
514 2653 583 2694 τοῖς
605 2650 742 2697 ἄλλοις,
775 2650 835 2689 καὶ
855 2651 900 2688 δι’
921 2653 970 2689 ὧν
991 2650 1077 2704 πρὸς
1097 2651 1135 2689 τὸ
1156 2651 1322 2701 ζητούμε-

283 2723 338 2745 νον
361 2707 550 2760 ἀφιξόμεθα
578 2709 684 2753 τέλος·
720 2708 779 2747 καὶ
812 2710 880 2747 ἀπὸ
914 2708 1043 2748 τούτων
1074 2712 1142 2748 τῶν
1167 2713 1322 2764 μερικῶν

283 2767 484 2810 καθολικούς
505 2783 598 2811 τινας
628 2768 831 2817 συνάγοντες
861 2767 1006 2818 λόγους,
1037 2768 1199 2821 φρόνιμοι
1232 2770 1323 2820 γινό-

284 2829 371 2873 μεθα
391 2826 475 2876 πρὸς
496 2825 556 2869 τὰς
571 2829 604 2864 ἐν
632 2829 681 2878 τῷ
714 2826 778 2879 βίῳ
799 2826 954 2878 πράξεις.
983 2827 1051 2866 Διὰ
1072 2832 1173 2866 τοῦτο
1194 2829 1244 2866 δεῖ
1266 2828 1324 2866 τὸν

283 2883 459 2921 πολιτικὸν
486 2886 612 2935 γνῶσιν
644 2884 734 2935 ἔχειν
769 2887 836 2922 τῶν
863 2888 1024 2937 μερικῶν·
1053 2889 1074 2933 ἠ
1106 2885 1250 2934 τοιαύτη
1287 2887 1323 2925 δὲ

233 2947 239 2952 ”
283 2943 408 2993 γνῶσις
437 2942 515 2980 ἄνευ
547 2942 653 2992 μέσου
679 2944 842 2994 γινομένη
867 2948 946 2988 νοῦς
973 2948 1057 2984 ἐστι·
1091 2948 1169 2988 νοῦς
1198 2945 1266 2996 γάρ
1292 2947 1324 2984 ε’-

284 3016 358 3040 στιν
384 3003 403 3046 ἡ
424 3003 548 3052 γνῶσις
568 3004 635 3038 τῶν
658 3003 796 3051 ἀμέσων
821 3002 963 3041 καὶτῶν
991 3005 1123 3055 ἀρχῶν.

334 3059 374 3080 **
390 3059 459 3099 Διὰ
476 3063 576 3098 τοῦτο
595 3060 654 3098 καὶ
675 3059 803 3112 φυσική
818 3077 868 3106 τις
887 3066 909 3110 ἡ
929 3062 1073 3111 τοιαύτη
1092 3064 1220 3115 γνῶσις
1236 3056 1325 3101 εἶναι

280 3119 390 3159 δοκεῖ.

337 3177 391 3214 Οὐ
411 3175 478 3227 γὰρ
499 3175 567 3214 ἀπὸ
598 3176 749 3226 μεθόδων
774 3178 874 3214 τινῶν
891 3183 907 3199 ⁸
925 3178 985 3215 καὶ
1014 3178 1199 3228 μαθήσεως
1229 3193 1326 3230 περι-

283 3234 436 3286 γίνεται,
458 3235 548 3273 ἀλλὰ
567 3235 680 3287 φύσει.
708 3234 777 3274 Καὶ
796 3237 862 3287 οὐχ
883 3238 991 3280 ὃνοῦς
1007 3238 1130 3286 μόνον,
1153 3238 1243 3277 ἀλλὰ
1264 3237 1324 3276 καὶ

285 3293 471 3346 φρόνησις,
491 3293 551 3332 καὶ
575 3297 598 3341 ἡ
627 3295 787 3346 σύνεσις,
809 3293 869 3332 καὶ
889 3298 912 3342 ἡ
932 3294 1054 3346 γνώμη
1077 3295 1207 3348 φυσικὰ
1228 3297 1324 3335 δοκεῖ

1138 217 1421 258 ANDRoNicl
1448 218 1624 259 RHODII

1381 326 1446 358 que
1464 318 1497 350 in
1518 318 1640 359 quibus
1658 320 1843 358 versantur,
1863 322 2029 363 proposita
2041 323 2179 363 habent,
2207 325 2370 367 siquidem
2390 325 2427 358 et

1380 371 1565 413 prudentia,
1581 375 1615 405 et
1639 381 1746 411 mens,
1770 375 1804 405 et
1827 374 1911 406 bona
1931 376 2143 418 consultatio,
2164 382 2197 412 et
2211 379 2425 422 intelligentia

1381 430 1413 460 et
1433 428 1593 460 sententia
1610 428 1644 460 in
1664 428 1799 470 singulis
1823 431 1856 462 et
1884 431 2139 472 particularibus
2151 460 2158 473 ,
2175 435 2211 468 in
2229 436 2351 478 quibus
2369 444 2426 470 ac-

1381 483 1486 515 tiones
1518 485 1611 522 sunt,
1633 486 1822 517 cernuntur.
1864 487 2008 519 Mentem
2025 491 2135 527 autem
2160 491 2234 525 dico
2255 492 2370 535 agendi
2393 493 2424 528 vi

1381 539 1570 581 praeditam,
1591 549 1667 582 quae
1687 541 1847 583 principia
1865 542 2041 584 singularia
2055 548 2089 578 et
2107 547 2271 581 sensibilia
2294 549 2423 584 habet:

1382 605 1497 646 nempe
1513 596 1600 629 idem
1615 597 1729 636 homo,
1749 607 1854 640 quum
1881 610 1919 633 ea
1946 611 2021 643 quae
2035 602 2078 635 ad
2098 603 2222 637 bonum
2237 603 2336 639 finem
2351 605 2425 640 ten-

1382 649 1466 681 dunt
1491 650 1578 693 agit,
1596 652 1740 694 prudens
1766 655 1844 687 est:
1860 665 1965 698 quum
1988 667 2067 691 vero
2086 658 2154 692 de
2144 659 2203 698 iis,
2222 661 2260 693 ut
2277 661 2423 705 oportet

1382 706 1560 747 deliberat,
1594 711 1764 745 consultus
1794 715 2013 756 appellatur:
2038 725 2144 757 quum
2163 717 2276 749 autem
2293 714 2428 758 quad

1383 764 1506 797 bonum
1533 764 1631 799 finem
1657 769 1917 802 accommodavit
1949 770 2093 813 fecitque
2118 770 2217 809 simul
2242 771 2426 814 cognoscit,

1384 819 1483 852 simul
1504 823 1593 854 recte
1606 848 1613 861 ‚
1628 825 1660 855 et
1677 825 1714 855 ut
1728 823 1798 856 fieri
1814 826 1960 866 oportet,
1977 824 2018 858 de
2034 825 2075 858 iis
2097 824 2233 867 judicat,
2247 823 2430 868 intelligens

1384 876 1521 906 vocatur
1540 888 1547 907 :
1569 884 1672 917 quum
1701 877 1841 919 denique
1859 888 1935 921 quae
1956 879 1998 911 ab
2022 878 2095 911 aliis
2124 877 2211 911 facta
2244 879 2322 911 sunt
2340 878 2430 912 recte

1384 927 1543 967 aestimat,
1559 937 1663 971 eaque
1676 930 1843 964 mterdum
1860 931 2055 973 ignoscenda
2072 933 2186 974 putat,
2207 941 2284 974 quae
2299 924 2430 966 veniam

1383 982 1560 1019 merentur,
1579 984 1653 1014 tum
1675 983 1756 1016 bene
1775 984 1917 1017 sentiens
1937 986 1970 1017 et
1983 984 2025 1018 ad
2045 984 2278 1027 ignoscendum
2290 993 2430 1047 propen-

1384 1045 1441 1068 sus
1463 1036 1660 1070 nominatur.

1424 1098 1543 1129 Totum
1570 1097 1656 1129 enim
1678 1097 1839 1130 moderati
1869 1098 1933 1130 viri
1962 1097 2124 1139 judicium
2152 1098 2376 1132 communiter*
2395 1098 2428 1132 in

1383 1155 1535 1187 omnibus
1560 1164 1636 1197 quae
1659 1156 1701 1188 ab
1719 1156 1793 1188 aliis
1807 1157 1890 1189 hene
1909 1155 1996 1189 facta
2015 1159 2092 1189 sunt
2111 1159 2264 1190 versatur
2283 1167 2291 1188 ι
2308 1157 2430 1191 etenim

1384 1215 1457 1246 tum
1468 1214 1525 1246 illa
1542 1223 1618 1255 quae
1632 1217 1770 1247 vocatur
1782 1215 1933 1257 inquitas,
1949 1224 2025 1257 quae
2046 1207 2230 1257 legitimum
2249 1217 2306 1259 jus
2319 1224 2431 1250 emen-

1384 1272 1463 1305 dare
1478 1275 1587 1314 potest
1602 1299 1609 1311 ‚
1627 1273 1669 1306 de
1696 1283 1764 1315 qua
1782 1275 1859 1306 ante
1876 1274 2037 1313 diximus,
2061 1274 2104 1307 de
2119 1273 2161 1307 iis
2182 1274 2326 1316 legibus,
2347 1281 2432 1321 quas

1385 1331 1439 1364 alii
1463 1332 1629 1371 tulerunt,
1664 1332 1813 1375 judicare
1846 1333 1948 1373 solet;
1981 1335 2054 1366 tum
2085 1333 2181 1367 venia
2209 1335 2244 1367 et
2271 1327 2431 1368 sententia

1387 1393 1474 1424 recte
1492 1391 1533 1423 de
1557 1391 1597 1423 iis
1613 1400 1689 1433 quae
1712 1392 1754 1424 ab
1777 1391 1850 1424 aliis
1873 1391 1961 1425 facta
1986 1394 2064 1425 sunt
2086 1392 2204 1426 statuit
2224 1402 2234 1423 ι
2263 1393 2431 1440 Ιιῳονθω

1384 1449 1493 1481 omnia
1513 1448 1576 1480 viri
1592 1448 1680 1490 aequi
1699 1450 1732 1480 et
1748 1448 1911 1481 moderati
1926 1450 2002 1481 sunt
2020 1461 2029 1481 :
2048 1448 2096 1481 ita
2111 1448 2221 1482 evenit
2232 1474 2239 1488 ‚
2262 1449 2302 1481 ut
2318 1456 2432 1483 omnes

1384 1509 1536 1540 humanae
1572 1508 1716 1540 actiones
1743 1517 1791 1540 eae
1818 1508 1897 1540 solae
1923 1508 2010 1546 sint,
2032 1508 2074 1541 de
2105 1508 2228 1550 quibus
2248 1507 2375 1551 judicat
2397 1510 2432 1542 et
2480 1510 2486 1520 “

1385 1568 1503 1600 statuit
1520 1567 1570 1599 vir
1588 1576 1705 1609 aequus
1722 1579 1730 1599 :
1753 1567 1876 1599 etenim
1894 1567 2035 1609 aequitas
2051 1567 2086 1600 in
2099 1567 2245 1609 legitimo
2260 1569 2337 1610 jure
2354 1574 2432 1602 ver-

1385 1628 1493 1660 tItur:
1515 1627 1675 1660 sententia
1691 1636 1770 1660 vero
1792 1627 1826 1659 in
1840 1627 1881 1659 iis
1908 1635 1984 1668 quae
2007 1626 2070 1659 sub
2097 1626 2259 1659 actionem
2288 1625 2428 1666 cadunt,

1383 1695 1489 1728 quum
1511 1686 1552 1719 ab
1568 1687 1631 1718 alio
1658 1688 1800 1728 aguntur
1819 1698 1827 1718 :
1846 1685 1881 1718 in
1906 1685 2023 1718 iisdem
2045 1694 2178 1727 quoque
2199 1694 2292 1718 mens
2315 1686 2432 1728 agendi

1383 1748 1417 1780 vi
1436 1747 1574 1789 praedita
1585 1747 1729 1779 cernitur
1754 1761 1762 1780 ε
1786 1756 1891 1789 quum
1915 1746 2003 1779 enim
2017 1755 2111 1778 mens
2127 1745 2363 1790 principiorum
2389 1748 2432 1780 sit

1385 1804 1542 1846 cognitio,
1563 1803 1722 1845 principia
1741 1805 1852 1835 autem
1895 1803 2061 1835 actionum
2089 1802 2155 1835 sint
2172 1803 2360 1845 singularia,
2382 1804 2429 1838 si-

1386 1862 1441 1894 cut
1466 1869 1578 1892 rerum
1606 1859 1640 1891 in
1660 1857 1931 1899 contemplatione
1959 1857 2157 1899 positarum,
2186 1867 2328 1901 quarum
2355 1860 2432 1895 linis

1384 1915 1507 1948 veritas
1523 1917 1590 1954 est,
1606 1914 1738 1947 termini
1752 1917 1784 1947 et
1797 1915 1941 1946 rationes
1958 1922 2016 1955 per
2031 1922 2066 1946 se
2078 1913 2267 1954 credibiles,
2287 1923 2431 1948 commu-

1384 1979 1507 2012 nesque
1521 1971 1661 2008 notitiae,
1682 1971 1838 2011 sequetur
1861 1969 1980 2007 etiam,
1998 1970 2143 2001 mentem
2158 1978 2271 2002 rerum
2284 1973 2432 2004 contem-

1384 2028 1518 2072 piationi
1537 2026 1683 2059 deditam
1702 2025 1920 2058 terminorum
1940 2025 2190 2067 primarumque
2217 2026 2252 2058 et
2271 2025 2432 2061 immuta-

1384 2086 1501 2119 bilium
1516 2084 1680 2116 rationum
1695 2082 1913 2121 cognitionem
1926 2089 2013 2120 esse,
2033 2082 2146 2113 contra
2159 2083 2304 2115 mentem
2316 2081 2431 2124 agendi

1386 2141 1419 2173 vi
1436 2138 1611 2182 praeditam
1624 2146 1696 2170 esse
1715 2135 1932 2178 cognitionem
1950 2136 2175 2178 extremorum
2193 2137 2226 2169 et
2243 2126 2431 2181 contingen·-

1384 2196 1485 2234 tium,
1509 2195 1573 2228 hoc
1595 2196 1662 2232 est,
1682 2192 1885 2234 singulorum
1913 2200 1989 2234 quae
2011 2191 2075 2225 sub
2098 2193 2261 2226 actionem
2279 2193 2402 2227 cadunt
2421 2202 2430 2233 ,ι

1385 2253 1433 2285 ita
1445 2253 1485 2284 ut
1499 2260 1593 2284 mens
1621 2248 1730 2282 activa
1755 2250 1788 2281 et
1815 2247 2071 2289 contemplativa
2092 2248 2316 2287 extremorum
2335 2249 2380 2283 sit
2398 2250 2433 2290 et

1385 2309 1595 2351 primorum.
1603 2305 1733 2338 Etenim
1750 2306 1823 2336 tum
1842 2303 1985 2335 rationes
2011 2311 2070 2345 per
2088 2312 2124 2336 se
2142 2303 2334 2346 credibiles,
2357 2308 2430 2355 turn

1387 2364 1519 2399 termini
1557 2364 1591 2395 et
1619 2360 1795 2402 singularia
1827 2358 1948 2401 partim
1972 2357 2079 2400 prima
2109 2353 2206 2396 sunt,
2229 2359 2351 2400 partim
2369 2371 2432 2407 po-

1387 2426 1520 2457 strema
1542 2423 1588 2454 Ac
1603 2420 1747 2454 rationes
1770 2416 1905 2460 quidem
1919 2423 1978 2457 per
1995 2423 2030 2447 se
2046 2414 2220 2448 credibiles
2231 2415 2348 2458 primae
2368 2425 2431 2449 na-

1386 2485 1478 2519 tura,
1510 2479 1604 2512 nobis
1629 2478 1740 2509 autem
1775 2474 1933 2506 extremae
1966 2472 2045 2503 sunt
2078 2482 2087 2503 :
2109 2473 2223 2504 contra
2255 2470 2432 2513 singularia
2463 2501 2466 2504 .

1385 2539 1492 2580 prima
1509 2535 1622 2572 nobis,
1654 2533 1802 2564 extrema
1830 2537 1907 2561 vero
1936 2528 2055 2559 natura
2082 2538 2091 2558 ι
2127 2527 2200 2560 baec
2223 2529 2338 2560 autem
2354 2535 2430 2571 quae

1386 2596 1504 2627 natura
1525 2592 1603 2624 sunt
1616 2589 1782 2625 extrema,
1800 2583 1960 2626 principia
1978 2584 2012 2614 et
2034 2591 2142 2615 causae
2155 2583 2245 2616 illius
2265 2583 2340 2617 finis
2354 2586 2432 2616 sunt
2451 2587 2453 2589 ’

1387 2647 1446 2690 qui
1460 2646 1521 2678 sub
1549 2644 1709 2677 actionem
1735 2641 1823 2674 cadit
1843 2652 1851 2672 z
1876 2639 1997 2672 etenim
2015 2648 2128 2672 rerum
2147 2639 2352 2673 sensibilium
2369 2650 2431 2684 ope

1387 2699 1512 2741 singula
1531 2697 1637 2730 facere
1658 2694 1766 2732 docti,
1789 2701 1865 2734 quae
1881 2693 1950 2724 tam
1967 2691 2061 2724 nobis
2077 2700 2179 2733 quam
2204 2692 2277 2729 aliis
2299 2692 2428 2726 condu-

1387 2754 1477 2789 cant,
1499 2755 1533 2783 et
1562 2758 1706 2792 quorum
1724 2745 1880 2780 beneficio
1902 2744 1945 2776 ad
1972 2744 2179 2786 propositum
2199 2744 2297 2777 finem
2316 2746 2428 2779 venia-

1386 2814 1479 2842 mus,
1505 2804 1585 2836 dum
1605 2812 1645 2835 ex
1665 2802 1717 2834 his
1740 2797 1960 2841 singularibus
1978 2796 2181 2829 universales
2198 2797 2360 2839 quasdam
2374 2807 2430 2830 ra-

1387 2858 1492 2890 tiones
1516 2856 1716 2897 colligimus,
1745 2852 1923 2896 prudentes
1951 2850 1993 2883 ad
2021 2859 2076 2883 res
2104 2849 2139 2882 in
2167 2849 2238 2883 vita
2265 2853 2432 2884 communi

1386 2901 1544 2953 gerendas
1557 2908 1728 2942 efficimur.
1751 2905 1911 2944 Quocirca
1927 2913 2038 2936 rerum
2054 2902 2260 2945 publicarum
2270 2905 2432 2937 rectorem

1387 2963 1564 3006 singularia
1587 2963 1741 3004 percepta
1769 2959 1891 2992 habere
1917 2959 2083 2999 oportet:
2108 2956 2299 2998 hujusmodi
2319 2959 2431 2990 autem

1386 3017 1547 3058 cognitio,
1569 3024 1671 3057 quam
1690 3012 1814 3046 nullius
1831 3010 2019 3042 interventu
2040 3009 2134 3042 nobis
2149 3018 2321 3051 paramus,
2340 3017 2431 3043 mens

1386 3073 1466 3103 est:
1489 3068 1645 3111 quoniam
1665 3073 1758 3098 mens
1771 3072 1882 3096 rerum
1901 3071 1960 3104 per
1978 3071 2013 3095 se
2036 3053 2244 3095 credibilium
2263 3063 2297 3095 et
2308 3061 2431 3104 princi-
2483 3081 2485 3088 r

1385 3124 1515 3167 piorum
1532 3120 1673 3163 cognitio
1684 3121 1744 3153 est.

1428 3182 1650 3220 Quamobrem
1667 3178 1828 3212 naturalis
1855 3176 1956 3210 etiam
1981 3175 2116 3208 videtur
2140 3183 2211 3207 esse
2239 3163 2429 3217 hujusmodi
2483 3175 2501 3184 '‘

1385 3242 1536 3284 cognitio
1564 3242 1678 3282 Neque
1705 3238 1792 3271 enim
1821 3238 1911 3269 certa
1935 3235 2047 3277 aliqua
2084 3233 2223 3267 docendi
2248 3233 2374 3266 ratione
2390 3241 2429 3266 ac
2482 3237 2508 3254 ‘=

1383 3300 1556 3342 disciplina
1569 3322 1579 3339 ,
1599 3299 1657 3332 sed
1675 3299 1795 3331 natura
1809 3295 1904 3329 nobis
1925 3294 2094 3336 contingit.
2111 3295 2227 3335 Neque
2245 3301 2339 3326 meus
2353 3293 2428 3324 tan-

325 3450 342 3466 *
360 3451 472 3484 Πᾶσαι
491 3452 554 3495 γὰρ
572 3454 606 3485 αἱ
620 3453 768 3495 δυνάμεις
783 3454 853 3485 κτλ.
872 3468 914 3477 -
934 3451 970 3470 *⁸*
987 3453 1045 3484 Διὸ
1060 3453 1116 3484 καὶ
1134 3453 1255 3492 φυσικὰ
1271 3454 1362 3485 δοκεῖ
1377 3452 1461 3484 εἶναι
1476 3451 1546 3484 κτλ.
