2508 3776
591 157 903 199 ETHICORUM
941 155 1397 200 NIGOMACHEORUM
1425 159 1807 200 PARAPHRASIS.

118 295 125 299 ,⁷
163 246 324 323 ιχαρχίμ.
345 246 575 301 Τιμοκρατία
604 249 641 288 δὲ
662 251 686 297 ἡ
711 251 781 289 τῶν
802 236 964 304 ἀδελφιῗιν
993 249 1169 289 κοινωνία·
1202 246 1206 253 ’

131 295 296 375 σοῑιὶῇαρ,
315 306 409 356 πλὴν
429 309 484 362 ἐφ’
507 309 589 349 ὅσον
618 311 696 355 ταῖς
715 308 873 358 ἡλικίαις
902 309 1167 350 διαλλάττουσι·

38 399 43 407 2
119 363 260 424 δίἃτὲρ,
289 365 333 407 ἃν
362 366 451 407 πολὺ
472 369 549 414 ταῖς
570 369 727 417 ἡλικίαις
760 368 995 424 διαφέρωσιν,
1012 375 1028 396 ⁰
1053 370 1171 410 οὐκέτι

28 438 86 470 ῑῑ,·
116 419 292 499 Qvi&
317 425 454 479 γίνεται
483 430 505 476 ἡ
528 428 628 482 φιλία
643 458 655 478 ,
687 428 780 468 ἀλλὰ
809 433 965 484 πατρικῇ
986 446 1056 470 τινι
1081 429 1174 470 ἔοικε

93 495 213 545 προς
234 485 380 531 παῖδας.
414 488 650 542 Δημοκρατία
679 487 716 527 δὲ
750 489 910 542 μάλιστα
941 489 1003 542 μὲν
1033 491 1070 530 ἐν
1097 495 1175 535 ταῖς

115 541 326 592 ἆδισπότοις
354 549 423 586 τῶν
446 546 619 596 οἰκήσεων
639 547 789 601 γίνεται·
817 551 970 589 ἐνταῦθα
996 550 1065 604 γὰρ
1083 551 1175 590 πάν-

117 621 175 652 τες
192 598 228 654 ἔξ
245 604 336 647 ἴσου·
365 606 500 660 γίνεται
529 607 566 648 δὲ
588 606 650 647 καὶ
673 608 709 647 ἐν
739 601 794 652 αἶς
814 609 833 647 ὃ
859 607 980 662 ἅρχων
999 607 1173 657 ἀσθενής,

117 662 180 705 καὶ
200 665 376 707 διὰ-τοῦτο
390 666 537 713 ἕκαστος
556 668 682 707 ἑαυτοῦ
698 666 914 714 ἐξουσιάζει.

126 767 133 774 ,
175 724 350 780 (Scripsi
367 741 378 767 ε
398 732 414 752 ⁸
445 727 538 780 εἶσὶ]
561 727 650 767 cod.
685 728 844 766 stms—
863 725 892 750 θ’
907 724 1066 782 ἐοικυῖα]
1089 727 1176 766 cod.

117 785 268 828 ἐοικυία.
287 796 344 819 ”--’-
362 791 378 812 ⁶
394 785 632 842 διαφέρωσιν]
645 787 732 828 cod.
751 785 988 840 διαφέρουσιν.
1006 808 1061 818 -
1077 786 1094 814 λ

555 925 647 978 Κεφ.
678 921 734 965 ιε’.

257 1048 338 1091 Περὶ
351 1051 407 1089 τῆς
421 1046 494 1082 καθ’
505 1046 644 1087 ἑκάστην
657 1048 723 1080 τῶν
739 1047 909 1080 πολιτειῶν
923 1045 1036 1088 φιλίας.

174 1148 192 1168 *
207 1142 327 1190 Αῧται
344 1147 408 1200 μὲν
425 1140 487 1188 οῧν
510 1146 551 1186 αἵ
564 1162 603 1187 τε
615 1149 650 1187 ἓν
664 1148 828 1199 πολιτικῇ
843 1147 905 1187 καὶ
924 1148 960 1186 ἐν
974 1148 1179 1201 οἰκονομικῇ

32 1224 34 1226 ’
52 1218 58 1233 ⁵
122 1206 317 1249 κοινωνίαι·
336 1207 470 1252 πάσαις
487 1205 524 1246 δὲ
545 1206 690 1250 ταύταις
702 1207 779 1251 ταῖς
795 1205 994 1252 κοινωνίαις
1016 1206 1180 1260 φαίνεται

50 1279 68 1299 »’
122 1271 146 1317 ἡ
165 1267 266 1323 φιλία
287 1266 529 1308 ἀκολουθοῦσα
542 1297 553 1318 ,
568 1266 628 1306 καὶ
646 1265 708 1306 ἐπὶ
735 1268 922 1316 τοσοῦτον,
946 1265 999 1320 ἐφ’
1020 1267 1100 1307 ὅσον
1121 1266 1182 1306 καὶ

121 1326 164 1368 τὸ
182 1326 333 1368 δίκαιον.
347 1378 350 1379 ⁷

131 1408 133 1410 ·
176 1387 213 1406 **
261 1404 285 1441 ῃ
305 1386 369 1439 μὲν
385 1380 444 1426 οὖν
469 1389 638 1440 βασιλικῇ
656 1385 821 1441 κοινωνίᾳ
838 1386 1035 1440 ὃπεροχικὴ
1046 1385 1181 1449 ωφιλία,

35 1444 38 1446 q
55 1474 58 1475 ν
104 1439 156 1488 ιιῖ
174 1450 194 1488 ὁ
215 1446 380 1501 βασιλεὺς
400 1447 564 1502 ὑπερέχει
583 1453 661 1493 ταῖς
682 1447 918 1501 εὐεργεσίαις,
941 1447 1002 1485 καὶ
1030 1450 1067 1486 εὖ
1087 1451 1182 1486 ποιεῖ

122 1506 203 1553 τοὺς
221 1506 513 1561 βασιλευομένους
525 1537 537 1556 ,
555 1507 616 1547 καὶ
637 1508 860 1559 ἐπιμελεῖται
883 1507 998 1545 αὐτῶν
1012 1535 1024 1555 ,
1052 1505 1180 1558 ἀγαθὸς

50 1574 54 1577 ’
124 1565 198 1618 ὤν,
213 1565 259 1610 ἵν’
280 1559 319 1606 εὖ
337 1567 566 1622 πράττωσιν,
589 1566 710 1619 ὥσπερ
723 1565 850 1619 νομεὺς
874 1565 1079 1619 προὸάτων·
1104 1563 1182 1604 ὅθεν

43 1666 50 1683 ,⁷
125 1626 188 1675 καὶ
225 1625 392 1681 Ὅμηρος
425 1628 485 1666 τὸν
523 1625 771 1679 Ἀγαμέμνονα
810 1624 964 1676 ποιμένα
998 1639 1183 1679 προσαγο-

126 1685 220 1742 ρεύει
239 1687 351 1726 λαῶν.
370 1685 530 1734 Τοιαύτη
546 1685 583 1725 δὲ
605 1684 667 1726 καὶ
693 1688 715 1732 ἡ
736 1683 891 1738 πατρικὴ
915 1683 1030 1738 φιλία·
1052 1685 1182 1737 ὑπερο-

41 1802 53 1808 i
123 1745 211 1802 χυτὴ
229 1745 300 1806 γᾴρ
319 1746 395 1786 ἐστι
410 1745 472 1786 καὶ
495 1745 599 1794 αὐτή.
629 1744 798 1799 Διαφέρει
815 1742 853 1784 δὲ
871 1747 921 1798 τῷ
951 1742 1090 1796 μεγέθει
1113 1745 1183 1782 τῶν

125 1805 430 1860 οὖιργιτημοίτων·
458 1804 568 1857 μείζω
597 1805 665 1868 γαρ
698 1807 718 1844 ὁ
739 1803 859 1858 πατὴρ
890 1805 1079 1856 εὐεργετεῖ.
1114 1802 1185 1842 Αἴ-

125 1882 199 1917 tto<
224 1865 294 1921 γὰρ
324 1867 375 1920 τῷ
399 1865 501 1906 παιδὶ
529 1869 590 1906 τοῦ
620 1869 737 1913 εἶναι,
770 1864 790 1905 ὃ
820 1864 987 1918 μέγιστον
1016 1863 1183 1904 ἁπάντων

39 1955 65 1970 2
124 1923 232 1974 δοκεῖ·
250 1925 312 1966 καὶ
330 1924 384 1970 ἔτι
406 1929 535 1980 τροφῆς
570 1925 631 1966 καὶ
653 1924 828 1971 παιδείας.
862 1925 934 1965 Καὶ
967 1916 1038 1969 τοῗς
1056 1925 1183 1978 προγό-

126 2002 197 2032 νοις
221 1985 260 2026 δὲ
281 1989 396 2025 ταῦτα
417 1985 646 2037 ἀπονέμεται·
665 1985 766 2040 φύσει
793 1984 860 2038 γὰρ
883 1984 1029 2037 ἀρχικόν
1043 2013 1055 2031 ,
1079 1984 1099 2022 ὅ
1116 2000 1154 2023 τε
1169 1991 1185 2008 ¹²

63 2053 70 2059 “
100 2076 106 2099 5
126 2045 249 2101 πατὴρ
267 2047 342 2086 τῶν,
360 2047 466 2093 υἱῶν,
500 2045 560 2086 καὶ
588 2047 607 2084 ὁ
633 2045 800 2098 πρόγονος
826 2046 896 2083 τῶν
926 2043 1098 2096 ἐγγόνων,
1125 2044 1186 2083 καὶ

130 2102 296 2162 βασιλεὺς
319 2105 621 2160 βασιλευομένων.
647 2104 731 2144 Εἰσὶ
753 2104 795 2153 δὴ
818 2109 933 2142 πᾶσαι
958 2105 994 2142 αἱ
1021 2106 1183 2143 τοιαῦται

35 2163 71 2222 j}
129 2165 246 2224 φιλίαι
258 2167 293 2206 ἓν
309 2168 485 2220 ὑπεροχῇ·
501 2178 517 2202 h
537 2165 591 2205 διὸ
610 2165 670 2204 καὶ
683 2166 858 2215 τιμῶνται
873 2167 904 2203 οἱ
924 2168 1054 2215 γονεῖς,
1069 2163 1130 2202 καὶ
1147 2162 1187 2202 τὸ

131 2225 267 2274 δίκαιον
287 2226 325 2267 δὲ
348 2224 546 2270 ἀκολούθως
575 2228 621 2279 τῇ
651 2223 749 2278 φιλία
777 2225 818 2269 οὗ
838 2222 878 2262 τὸ
911 2223 1020 2270 αὐτό,
1053 2224 1132 2262 ἀλλ’
1150 2223 1186 2261 ἐν

130 2288 396 2342 ὓπεροχῇ.,’1ὀῧ
417 2285 485 2339 γὰρ
511 2285 598 2338 πρὸς
617 2283 758 2337 πατέρα
789 2282 929 2325 δικαίου
958 2282 1124 2336 ὑπερέχει
1149 2282 1188 2321 τὸ

63 2351 66 2353 ’
130 2346 217 2401 πρὸς
242 2345 327 2386 υἱόν·
348 2356 363 2374 ‘²
394 2345 435 2384 τὸ
465 2345 534 2398 γὰρ
560 2346 641 2384 κατ’
673 2343 773 2390 ἀξίαν
805 2344 997 2383 ἀποδοῦναι
1022 2344 1089 2383 δεῖ.
1120 2341 1189 2382 Διὰ

55 2412 69 2421 ⁴
131 2409 236 2457 τοῦτο
262 2404 325 2446 καὶ
341 2407 365 2454 ἡ
384 2403 484 2458 φιλία
506 2403 728 2446 συνίσταται.

149 2456 170 2466 ‘⁸
185 2464 306 2506 *¹¹*01'1
326 2467 372 2519 τῇ
392 2465 559 2518 βασιλικῇ
580 2464 616 2503 δὲ
637 2464 742 2516 μόνον
760 2462 924 2517 κοινωνίᾳ
943 2467 966 2511 ἡ
993 2463 1186 2516 ὓπεροχικὴ

36 2570 42 2571 ⁷
62 2546 71 2571 l,
131 2523 231 2580 φιλία
250 2525 435 2567 ἀκολουθεῖ
449 2556 461 2575 ,
489 2523 583 2564 ἀλλὰ
604 2522 665 2563 καὶ
682 2526 728 2576 τῇ
756 2523 1052 2576 ἀριστοκρατικῇ.
1097 2520 1192 2574 Πρὸς

67 2631 69 2634 ⁴
132 2583 282 2639 γὰρ’τδν
304 2583 441 2636 ἀμείνω
464 2582 593 2636 μείζων
615 2582 750 2636 γίνεται
771 2585 793 2630 ἠ
813 2582 965 2636 φίλησις·
987 2580 1132 2630 τοιαύτη
1156 2579 1192 2619 δὲ

133 2643 197 2686 καὶ
217 2647 242 2694 ἡ
260 2646 322 2684 τοῦ
341 2642 464 2698 ἀνδρὸς
479 2643 566 2697 πρὸς
583 2648 734 2695 γυναῖκα
756 2641 869 2696 φιλία.
890 2641 942 2681 ‘H
959 2641 1027 2696 γὰρ
1045 2641 1191 2689 τοιαύτη

51 2711 65 2716 ”
134 2700 297 2750 κοινωνία
317 2703 571 2758 ἀριστοκρατία
594 2703 686 2742 ἐστὶν
708 2704 744 2741 ἐν
769 2701 875 2755 οἰκίᾳ·
899 2701 992 2741 κατὰ
1015 2701 1080 2749 τὴν
1103 2702 1189 2754 ἀρε-

54 2784 70 2801 ⁵
133 2764 201 2816 τὴν
216 2763 285 2820 γὰρ
304 2766 324 2804 δ
339 2763 430 2818 ἀνὴρ
450 2763 571 2819 ἄρχει,
590 2763 651 2802 καὶ
667 2764 718 2815 τῷ
736 2761 893 2813 ἀμείνονι
909 2762 961 2800 δεῖ
977 2760 1082 2801 πλέον
1105 2762 1191 2799 ἀπο·

68 2818 70 2821 ’
134 2821 466 2879 νέμεινφιλήσεως.
487 2822 647 2875 Ὁμοίως
667 2820 704 2861 δὲ
729 2821 790 2862 καὶ
807 2820 848 2861 τὸ
877 2821 1010 2860 δίκαιον
1030 2822 1192 2860 κάνταῦ-

137 2885 182 2924 θα
195 2894 212 2919 d
231 2884 266 2923 ἐν
282 2885 456 2938 ὑπεροχῇ.

191 2941 263 2960 *⁰*
309 2959 332 2997 ῃ
346 2941 384 2981 δὲ
401 2943 637 2995 τιμοκρατικῇ
653 2940 828 2995 κοινωνίᾳ,
842 2938 900 2980 οἵα
916 2939 991 2980 ἐστὶ
1006 2938 1068 2979 καὶ
1084 2942 1106 2988 ἡ
1124 2941 1194 2979 τῶν

47 3006 78 3044 «ᾗ
139 3002 321 3058 ἀδελφῶν,
344 3004 367 3051 ἡ
385 3002 544 3055 ἑταιρικὴ
566 3001 667 3056 φιλία
684 3002 885 3053 ἀκολουθεῖ,
903 3000 980 3049 ἥτις
997 3001 1031 3039 ἐν
1051 2998 1194 3049 ἰσότητί

139 3055 248 3123 ἔστιν.
265 3064 312 3104 Οἳ
328 3062 396 3118 γὰρ
411 3063 543 3117 ἑταῖροι
564 3061 633 3102 ἴσοι
650 3071 664 3089 e
681 3061 741 3101 καὶ
762 3063 970 3109 ἡλικιῶται·
988 3062 1019 3100 οἱ
1033 3060 1194 3121 δὲτοιοῧ-

38 3143 69 3169 L
138 3119 197 3164 ‘tot
211 3125 402 3176 ὁμομαθεῖς
415 3122 476 3163 καὶ
497 3121 687 3172 ὁμοήθειςῐ
705 3123 752 3166 ὥς
773 3121 831 3159 ἐπὶ
851 3120 890 3159 τὸ
911 3117 1026 3168 πολύ,
1047 3118 1112 3158 οἱοί
1128 3119 1195 3157 εἶσι

140 3181 203 3224 καὶ
224 3184 258 3224 οἳ
276 3184 313 3223 ἕν
337 3186 586 3238 τιμοκρατικῇ·
608 3181 678 3221 ἴσοι
693 3192 708 3216 8
729 3179 798 3234 γὰρ
825 3182 857 3219 οἱ
878 3181 1023 3220 πολῖται
1050 3177 1194 3231 βούλον-

141 3257 202 3284 ται
214 3241 276 3284 καὶ
295 3245 459 3288 ἐπιεικεῖς
481 3237 582 3284 εἶναι·
598 3241 659 3282 καὶ
676 3240 845 3295 ἄρχουσιν
862 3239 1009 3284 ἕκαστος
1039 3237 1073 3284 ἐξ
1105 3234 1195 3286 ἰ’σου,

2206 161 2289 201 509

1233 256 1290 288 tus
1302 256 1336 288 et
1357 264 1541 298 paucorum
1556 255 1706 299 potentia
1722 255 1757 289 in
1772 253 1910 288 familiis
1924 255 1988 290 est.
2002 256 2129 290 Verum
2143 256 2292 298 potestas

1234 315 1397 348 censualis
1410 314 1553 349 fratrum
1569 316 1709 350 societas
1725 315 1938 350 existimatur
1956 328 1965 349 ι
1987 324 2084 359 pares
2097 315 2185 349 enim
2200 318 2289 355 sunt,

1234 375 1298 408 nisi
1312 377 1479 418 quatenus
1499 376 1658 417 aetatibus
1674 376 1762 410 inter
1780 385 1816 410 se
1838 375 2000 410 differunt
2018 386 2026 406 ι
2052 375 2289 419 quamobrem,

1235 435 1264 468 si
1289 435 1436 468 multum
1455 435 1543 470 inter
1564 445 1599 470 se
1618 436 1745 470 distent
1764 436 1924 470 aetatibus
1936 463 1944 476 ,
1968 446 2035 470 non
2059 436 2203 479 amplius
2222 434 2293 469 fra-

1236 495 1331 528 terna
1357 497 1409 528 est
1438 495 1608 535 amicitia,
1630 495 1689 529 sed
1707 496 1751 530 ad
1767 495 2022 530 similitudinem
2039 498 2189 539 paternae
2215 505 2293 529 cum

1235 553 1349 587 liberis
1377 554 1534 588 amicitiae
1562 555 1705 589 aceedit.
1757 555 1934 598 Popularis
1965 558 2078 589 autem
2106 555 2294 599 respublica

1236 613 1382 648 maxime
1405 623 1481 648 cum
1498 615 1533 648 in
1551 614 1687 648 familiis
1707 615 1793 648 hero
1815 615 2007 649 carentibus
2027 618 2198 659 comparet
2216 628 2224 648 :
2246 614 2294 648 ibi

1237 674 1325 708 enim
1339 684 1456 709 omnes
1471 676 1620 719 aequales
1635 676 1724 710 inter
1746 685 1781 709 se
1795 678 1874 709 sunt
1895 688 1904 709 :
1923 678 1998 709 tum
2016 677 2050 709 in
2077 675 2203 719 quibus
2223 675 2292 708 im-

1238 733 1378 768 becillus
1401 735 1453 767 est
1482 734 1512 767 is
1532 734 1593 777 qui
1616 734 1760 778 imperat
1778 761 1785 775 ‚
1808 734 1952 778 ideoque
1977 735 2030 769 sui
2049 735 2196 778 quisque
2208 732 2296 776 juris

1238 795 1273 828 et
1282 793 1468 861 (potestatis
1483 793 1638 828 habetur.
1825 789 1830 794 ’

1680 944 1759 987 Gap.
1788 945 1858 978 XV.

1343 1055 1388 1085 De
1400 1062 1437 1085 ea
1447 1063 1515 1094 quae
1529 1056 1561 1085 in
1571 1055 1700 1093 singulis
1714 1056 1805 1086 rebus
1822 1055 1954 1094 publicis
1971 1058 2019 1086 est
2038 1057 2182 1089 amicitia.

1283 1168 1344 1201 11ae
1361 1177 1439 1210 ergo
1458 1170 1492 1202 et
1503 1168 1620 1202 civiles
1639 1154 1816 1204 societates
1830 1172 1910 1203 sunt
1927 1173 1961 1204 et
1979 1171 2172 1204 domesticae
2192 1185 2199 1204 :
2217 1179 2304 1214 quas

1241 1235 1356 1260 omnes
1373 1228 1469 1271 sequi
1486 1228 1633 1261 amicitia
1647 1227 1794 1268 videtur,
1816 1238 1856 1262 eo
1867 1238 1977 1272 usque
1993 1229 2217 1272 progrediens,
2235 1237 2304 1271 quo

1242 1289 1276 1320 et
1288 1287 1346 1330 jus
1358 1287 1520 1331 procedit.

1285 1401 1332 1432 Ac
1353 1398 1453 1441 regiae
1481 1399 1620 1443 quidem
1646 1400 1798 1434 societati
1828 1401 1915 1434 inest
1946 1400 2093 1434 amicitia
2119 1400 2301 1442 excellens,

1244 1454 1410 1498 siquidem
1423 1466 1482 1490 rex
1493 1456 1661 1490 beneficiis
1679 1457 1823 1496 excellit,
1840 1466 1879 1490 ac
1894 1457 1978 1491 bene
1989 1458 2031 1491 de
2047 1457 2088 1491 iis
2100 1458 2224 1501 quibus
2238 1457 2302 1490 im-

1244 1513 1339 1554 perat
1354 1514 1513 1550 meretur,
1530 1513 1564 1545 et
1581 1521 1688 1554 quum
1704 1512 1775 1554 ipse
1791 1512 1899 1545 bonus
1909 1512 1953 1546 sit
1964 1521 2080 1546 eorum
2095 1523 2210 1546 curam
2220 1512 2299 1554 agit,

1245 1570 1284 1600 ut
1290 1566 1452 1610 fortunati
1463 1567 1540 1606 sint,
1555 1569 1717 1610 tanquam
1724 1568 1837 1600 ovium
1848 1570 1962 1611 pastor
1977 1582 1985 1610 3
1997 1568 2087 1603 unde
2100 1571 2133 1602 et
2142 1571 2307 1602 Homerus

1244 1625 1524 1666 Agamemnonem
1540 1625 1709 1666 pastorem
1730 1623 1932 1666 populorum
1949 1625 2106 1667 appellat.
2133 1625 2225 1658 Talis
2243 1634 2306 1657 au-

1245 1681 1316 1712 tem
1330 1681 1365 1712 et
1388 1680 1526 1721 paterna
1547 1680 1598 1711 est
1623 1678 1788 1718 amicitia,
1812 1678 1971 1722 quoniam
1992 1681 2026 1712 et
2045 1679 2119 1712 haec
2141 1680 2307 1714 excellens

1246 1735 1455 1770 nominanda.
1474 1733 1567 1767 Adde
1585 1734 1678 1778 quod
1696 1734 1933 1768 beneficiorum
1957 1735 2185 1778 magnitudine
2218 1745 2306 1779 prae-

1246 1795 1314 1827 stat
1334 1805 1341 1824 :
1370 1792 1496 1834 maJora
1512 1791 1602 1824 enim
1629 1793 1708 1824 sunt
1724 1800 1802 1834 quae
1817 1793 1913 1834 pater
1935 1792 2032 1825 nobis
2056 1792 2114 1825 dat
2133 1792 2303 1826 beneficia.

1246 1852 1305 1883 Est
1324 1849 1413 1883 enim
1430 1848 1499 1881 filio
1518 1857 1634 1887 causa,
1648 1850 1687 1881 ut
1702 1848 1757 1889 sit,
1773 1847 1865 1891 quod
1883 1848 2019 1891 quidem
2034 1848 2309 1887 omnium'maxi-

1246 1917 1341 1941 mum
1371 1906 1516 1945 videtur,
1549 1907 1712 1948 praeterea
1742 1906 1781 1937 ut
1806 1905 1919 1938 alatur
1949 1907 1982 1938 et
2003 1905 2187 1938 erudiatur.
2227 1906 2310 1943 Quae

1249 1963 1365 1997 eadem
1397 1962 1498 1996 etiam
1525 1962 1598 1995 avis
1635 1963 1669 1994 et
1704 1961 1884 2003 majoribus
1918 1961 2113 1994 tribuuntur
2145 1973 2154 1993 z
2187 1963 2308 1993 natura

1248 2021 1370 2063 quippe
1396 2019 1465 2062 apti
1484 2018 1527 2052 ad
1551 2018 1784 2061 imperandum
1811 2019 1890 2050 sunt
1908 2019 2002 2060 pater
2022 2017 2116 2056 tiliis,
2148 2026 2233 2050 avus
2250 2026 2309 2049 ne-

1249 2075 1395 2118 potibus,
1407 2084 1467 2107 rex
1474 2074 1619 2116 denique
1631 2073 1673 2105 iis
1685 2073 1745 2115 qui
1755 2073 1828 2115 ejus
1844 2072 1983 2115 imperio
1997 2074 2125 2115 parent.
2139 2074 2224 2106 Sunt
2232 2081 2310 2114 ergo

1249 2141 1365 2165 omnes
1381 2131 1465 2164 tales
1488 2130 1645 2163 amicitiae
1667 2129 1702 2162 in
1732 2129 1928 2163 excellentia
1952 2129 2069 2171 positae
2084 2141 2092 2169 ;
2108 2130 2311 2172 quapropter

1251 2189 1351 2222 etiam
1373 2190 1528 2231 parentes
1550 2188 1674 2220 honore
1692 2185 1896 2224 afficiuntur,
1914 2188 2018 2228 atque
2039 2186 2092 2219 his
2108 2185 2310 2219 convenien-

1251 2238 1302 2278 ter
1319 2245 1377 2286 Jus
1407 2253 1473 2277 non
1489 2243 1578 2276 idem
1601 2251 1678 2275 cum
1691 2242 1839 2274 amIcitia
1869 2243 1941 2282 est,
1969 2241 2028 2274 sed
2055 2241 2090 2274 in
2115 2241 2312 2274 excellentia

1252 2301 1413 2335 consistit.
1437 2299 1536 2339 Quod
1553 2299 1639 2332 enim
1661 2297 1749 2341 patri
1765 2299 1816 2331 est
1834 2298 1869 2331 in
1888 2296 1995 2330 tilium
2011 2297 2106 2339 longe
2132 2297 2242 2339 majus
2269 2305 2309 2330 eo

1252 2359 1319 2396 est,
1342 2355 1435 2399 quod
1456 2355 1490 2388 in
1503 2357 1633 2398 patrem
1653 2355 1704 2387 est
1725 2352 1792 2385 tilio
1809 2365 1816 2385 :
1837 2352 1872 2386 id
1894 2352 2050 2386 videlicet
2068 2362 2128 2395 pro
2146 2351 2310 2394 dignitate

1252 2413 1348 2447 reddi
1363 2412 1474 2446 debet.
1494 2414 1533 2445 In
1548 2420 1617 2454 quo
1635 2410 1736 2443 etiam
1752 2409 1898 2442 amicitia
1913 2409 2076 2442 consistit.

1297 2475 1464 2509 Caeterum
1495 2481 1561 2505 non
1587 2470 1688 2513 regiae
1708 2471 1840 2502 tantum
1862 2468 2012 2502 societati
2037 2468 2203 2502 excellens
2227 2467 2313 2502 ami-

1254 2535 1333 2568 citia
1355 2532 1507 2576 congruit
1523 2559 1530 2571 ,
1564 2531 1623 2565 sed
1652 2530 1754 2564 etiam
1780 2529 1995 2572 optimatium
2027 2529 2190 2562 societati.
2226 2530 2313 2571 Erga

1253 2594 1520 2638 praestantiorem
1549 2590 1674 2624 scilicet
1710 2589 1816 2632 maJor
1837 2588 1972 2627 affectio
1998 2589 2183 2632 requiritur
2204 2601 2212 2620 z
2237 2587 2315 2621 talis

1255 2656 1367 2687 autem
1386 2652 1449 2685 viri
1467 2654 1500 2684 et
1513 2650 1628 2684 uxorIS
1644 2647 1791 2682 amicitia
1810 2650 1872 2681 est.
1895 2647 2059 2680 Nimirum
2082 2646 2158 2680 talis
2174 2646 2315 2679 societas

1254 2713 1289 2746 in
1308 2711 1433 2746 familia
1448 2709 1663 2753 optimatium
1681 2707 1874 2740 dominatus
1890 2709 1940 2740 est
1960 2719 1968 2740 ε
1983 2706 2026 2739 ob
2044 2706 2208 2739 virtutem
2227 2705 2315 2738 enim

1255 2773 1308 2807 vir
1330 2773 1463 2816 praeest,
1480 2772 1513 2804 et
1539 2767 1764 2813 praestantiori
1783 2767 1860 2810 plus
1879 2766 2064 2800 affectionis
2086 2766 2237 2800 debetur.
2265 2765 2314 2798 Si-

1256 2831 1381 2865 militer
1393 2831 1506 2863 autem
1526 2827 1582 2861 hic
1600 2835 1736 2870 quoque
1756 2826 1791 2859 in
1810 2826 2006 2860 excellentia
2024 2827 2081 2869 Jus
2105 2824 2269 2858 consistit.

1300 2937 1501 2972 Societatem
1517 2944 1598 2969 vero
1621 2943 1723 2968 censu
1740 2936 1930 2978 potentem,
1960 2934 2071 2978 qualis
2084 2936 2135 2968 est
2157 2933 2313 2972 fratrum,

1259 2988 1415 3021 sodalicia
1433 2986 1586 3030 sequitur
1605 2985 1765 3026 amicitia,
1789 2995 1867 3028 quae
1889 2986 1921 3018 in
1938 2985 2131 3028 aequalitate
2154 2984 2313 3017 cernitur.

1258 3041 1342 3072 Nam
1356 3037 1486 3070 sodales
1503 3038 1537 3070 et
1554 3036 1701 3079 aequales
1718 3038 1796 3069 sunt
1814 3038 1848 3069 et
1867 3038 1967 3069 aetate
1983 3045 2078 3078 pares
2097 3048 2105 3068 ε
2125 3033 2317 3076 hujusmodi

1259 3087 1409 3120 homines
1431 3087 1544 3119 au'tem
1561 3086 1760 3129 plerumque
1779 3085 1898 3119 iisdem
1926 3085 2047 3127 studiis
2070 3084 2174 3117 dediti
2199 3083 2317 3116 simili-

1260 3138 1390 3180 busque
1405 3136 1559 3170 moribus
1580 3136 1712 3179 praediti
1733 3138 1828 3174 sunt,
1860 3136 1978 3179 quales
2003 3135 2168 3168 habentur
2192 3133 2252 3176 qui
2273 3131 2317 3165 ad

1239 3205 1242 3207 >
1260 3188 1453 3221 societatem
1479 3196 1578 3220 censu
1597 3189 1768 3230 potentem
1786 3189 1970 3221 venerunt:
1998 3186 2031 3219 in
2047 3186 2109 3218 hac
2125 3184 2212 3218 enim
2240 3192 2317 3215 cum

1260 3249 1356 3283 pares
1378 3239 1466 3273 inter
1480 3249 1516 3273 se
1535 3239 1625 3273 cives
1643 3241 1676 3273 et
1692 3239 1758 3273 viri
1775 3239 1853 3273 boni
1869 3239 1987 3272 volunt
2012 3248 2095 3276 esse,
2117 3239 2190 3270 tum
2216 3235 2317 3269 vicis-

540 3321 2311 3343 ——-—.-———————-—-———-——-———-——-—-

178 3381 208 3422 Ῐ
224 3360 308 3423 ¹0:³1).
332 3384 380 3414 11.
398 3382 475 3414 Καθ’
495 3380 637 3419 ἑκάστην
655 3379 689 3412 δὲ
703 3379 773 3411 κτλ.
796 3394 838 3401 -
857 3377 894 3397 ⁴¹*
914 3375 1052 3410 Βασιλεῖ
1080 3374 1137 3417 μὲν
1152 3372 1235 3418 πρὸς
1257 3372 1332 3411 τοὺς
1358 3371 1634 3415 βασιλευομένους
1650 3371 1719 3404 κτλ.
1737 3387 1780 3396 -
1802 3370 1860 3389 *⁴¹*
1878 3371 1940 3402 Καὶ
1968 3369 2084 3411 ἀνδρὸς
2111 3369 2145 3401 δὲ
2161 3368 2240 3411 πρὸς
2259 3378 2317 3409 γυ·

145 3432 247 3463 ναῖκα
259 3430 332 3462 κτλ.
354 3447 394 3452 -
410 3428 489 3447 *””’
517 3427 556 3460 'H
578 3428 613 3461 δὲ
631 3429 697 3460 τῶν
713 3427 860 3468 ἀδελφῶν
876 3429 916 3467 τῇ
933 3426 1080 3467 ἑταιρικῇ
1093 3423 1164 3457 κτλ.
