2508 3776
253 240 333 279 282

248 326 284 359 id
306 328 358 360 est
376 326 467 368 justo
483 324 584 357 fuerit
607 323 824 365 praedicatum
845 321 1099 365 particulariter,
1118 321 1182 355 erit
1202 330 1288 364 quo-

247 394 312 427 que
341 383 506 416 conclusio
535 381 760 424 particularis,
786 381 850 413 hoc
876 380 975 413 modo
998 382 1037 413 ut
1069 381 1097 413 A
1117 380 1222 413 virtus
1247 379 1289 413 de

246 442 390 486 quodam
410 442 433 474 G
459 441 549 482 justo
570 439 814 481 particulariter
827 439 1044 481 praedicetur-3
1063 439 1111 472 sic
1133 438 1235 481 igitur
1261 438 1289 471 si

246 501 346 535 fuerit
364 503 391 532 A
407 499 567 532 terminus
584 499 619 531 in
633 498 723 531 omni
739 500 782 537 B,
802 500 836 531 et
853 500 879 531 Β
899 498 1061 532 terminus
1083 497 1118 531 in
1134 497 1245 540 aliquo
1264 498 1288 530 G

248 558 496 599 particulariter,
515 556 579 591 erit
596 558 623 589 A
638 556 799 590 terminus
813 556 848 590 in
863 556 975 599 aliquo
988 557 1012 591 G
1029 556 1285 599 particulariter,

246 619 282 649 ut
306 617 349 649 sit
373 619 480 657 Omne
502 616 631 649 bonum
648 616 759 649 virtus
785 618 834 648 est
848 639 857 655 ,
876 615 1046 658 quiddam
1059 615 1199 655 justum
1230 614 1289 646 bo-

246 684 331 708 num
350 678 419 717 εει,
436 674 605 718 quiddam
616 676 727 716 iqitur
735 675 867 716 justum
885 676 999 708 virtus
1018 676 1079 707 εει.

289 738 443 775 Quartus
471 735 591 768 modus
615 735 731 778 primae
756 735 873 777 figurae
899 736 950 767 est
976 734 1069 773 talis,
1094 733 1224 776 quoties
1248 743 1290 766 ex

244 794 422 828 universali
438 795 608 837 negatione
624 796 657 828 et
673 794 866 838 particulari
878 793 1098 827 affirmatione
1114 792 1290 836 particula-

245 854 292 888 ris
316 855 469 896 negativa
498 854 674 896 colligitur.
693 855 777 887 Nam
804 853 832 886 si
856 854 883 886 A
909 852 1072 886 terminus
1090 852 1132 886 de
1150 852 1241 885 nullo
1262 854 1289 885 B

246 912 387 945 termino
402 912 614 956 praedicetur,
635 914 661 945 B
679 922 758 945 vero
777 912 939 946 terminus
957 911 999 944 de
1017 911 1162 954 quodam
1175 911 1200 945 G
1219 913 1290 944 ter-

245 971 334 1004 mino
355 972 564 1014 praedicetur,
583 973 609 1005 A
625 972 788 1005 terminus
806 971 847 1004 de
860 970 1005 1014 quodam
1026 971 1050 1004 G
1068 970 1209 1004 termino
1224 980 1290 1003 non

244 1031 488 1074 praedicabitur,
512 1031 603 1074 quod
630 1032 792 1064 monstrat
820 1030 970 1073 subjecta
993 1029 1188 1072 descriptio;
1212 1039 1290 1062 nam

244 1092 323 1124 sunt
339 1090 531 1134 hujusmodi
555 1090 793 1133 propositiones
817 1100 825 1122 ι
841 1090 988 1123 ,nullum
1007 1090 1134 1122 bonum
1154 1090 1289 1122 malum

244 1153 317 1191 est,
344 1150 515 1193 quiddam
528 1150 666 1190 justum
680 1149 808 1181 bonum
827 1152 889 1188 est,
906 1148 1078 1190 quiddam
1094 1150 1207 1188 iquur
1219 1148 1284 1189 J'u-

244 1213 337 1244 scum
356 1209 491 1243 malum
507 1218 576 1242 non
594 1210 656 1242 est.
677 1210 745 1241 Hos
759 1217 835 1250 ergo
851 1210 994 1250 quatuor
1008 1208 1043 1240 in
1067 1208 1173 1250 prima
1184 1207 1290 1249 figura

243 1269 360 1303 modos
374 1269 408 1301 in
423 1268 603 1311 Analyticis
619 1267 688 1300 suis
709 1267 902 1300 Aristoteles
917 1267 1045 1309 posuit3
1061 1268 1197 1300 caeteros
1210 1276 1290 1300 vero

243 1329 390 1372 quinque
408 1327 524 1360 modos
549 1327 796 1368 Theophrastus
816 1327 850 1359 et
872 1326 1051 1359 Eudemus
1069 1325 1286 1364 addiderunt,

243 1387 366 1430 quibus
386 1386 587 1428 Porphyrius
604 1385 807 1427 gravissimae
826 1385 878 1418 vit
895 1385 1102 1418 auctoritatis
1120 1385 1213 1418 visus
1238 1387 1288 1418 est

243 1446 459 1483 consensisse,
478 1444 536 1487 qui
560 1446 637 1477 sunt
659 1443 860 1486 huj-asmodi.
875 1445 958 1476 Nam
974 1443 1130 1486 quoniam
1145 1444 1289 1487 particu-

242 1505 320 1538 laris
342 1503 543 1537 affirmativa
561 1503 625 1536 sibi
648 1502 712 1545 ipsi
729 1502 942 1541 convertitur,
967 1502 1120 1544 quisquis
1134 1502 1288 1536 ostende-

242 1565 285 1597 rit
314 1564 349 1597 in
370 1562 576 1596 conclusione
599 1563 627 1594 A
649 1561 828 1594 terminum
851 1561 893 1594 de
917 1560 1062 1603 quodam
1090 1561 1114 1594 G
1146 1561 1286 1594 termino

240 1622 483 1666 particulariter
495 1620 683 1663 praedicari,
701 1620 736 1652 in
752 1619 866 1653 eadem
879 1620 951 1662 ipsa
970 1619 1177 1653 conclusione
1192 1630 1288 1653 mon-

241 1683 379 1721 stravit,
398 1681 489 1724 quod
507 1681 532 1714 G
560 1680 721 1713 terminus
737 1679 779 1713 de
802 1681 830 1713 A
845 1679 986 1713 termino
1005 1689 1121 1712 rursus
1139 1680 1288 1722 particu-

241 1742 354 1774 lariter
369 1739 577 1783 praedicetur.
602 1741 686 1772 Nam
702 1738 730 1771 si
746 1738 810 1772 sibi
831 1738 1041 1781 particularis
1053 1738 1233 1781 propositio
1253 1739 1287 1771 in

240 1799 447 1833 conclusione
475 1798 690 1848 convertitur,
721 1797 749 1830 si
775 1799 802 1830 A
831 1797 993 1830 terminus
1024 1797 1059 1830 in
1083 1797 1228 1839 quodam
1262 1799 1285 1831 C

241 1859 381 1892 termino
400 1857 520 1896 fuerit,
538 1858 562 1890 C
586 1856 747 1890 terminus
769 1856 810 1889 de
827 1856 972 1898 quodam
991 1857 1019 1888 A
1037 1857 1179 1890 termino
1200 1865 1286 1898 pree-

241 1918 418 1952 dicabitur.
436 1918 520 1949 Item
540 1916 692 1959 quisquis
707 1915 928 1948 universalem
944 1915 1133 1956 negativam
1148 1915 1183 1948 in
1208 1924 1287 1948 con-

240 1978 388 2011 clusione
398 1976 596 2019 :probaverit
607 1984 764 2014 ,necesse
779 1976 829 2008 est
843 1984 920 2008 eum
934 1974 1039 2017 ipsius
1054 1984 1187 2018 quoque
1208 1984 1287 2008 con-

240 2037 425 2071 versionem
450 2036 485 2068 in
510 2035 626 2070 eadem
652 2034 860 2068 conclusione
886 2033 1059 2077 probasse3
1090 2034 1286 2068 universalis

240 2097 327 2130 euim
350 2096 481 2137 negatio
495 2104 623 2137 semper
646 2094 710 2128 sihi
729 2094 943 2127 convertitur.
962 2095 1045 2126 Nam
1065 2094 1093 2127 si
1109 2094 1186 2136 quis
1207 2103 1286 2136 pro—

240 2156 332 2190 bavit
351 2154 441 2198 quod
459 2156 486 2187 A
509 2153 672 2187 terminus
690 2153 732 2187 de
755 2153 846 2186 nul'lo
870 2153 893 2186 G
914 2153 1055 2186 termino
1072 2153 1282 2197 praedicetur,

238 2224 303 2247 non
325 2215 375 2247 est
392 2212 549 2251 dubium,
572 2212 652 2254 quin
668 2211 702 2244 in
727 2211 790 2244 hac
818 2211 1025 2244 conclusione
1042 2211 1127 2244 illud
1152 2221 1284 2254 quoque

237 2272 414 2316 probatum
436 2271 494 2310 sit,
514 2270 604 2314 quod
624 2271 648 2304 G
666 2270 826 2303 terminus
842 2269 884 2303 de
896 2270 987 2303 nullo
1005 2273 1032 2303 A
1047 2270 1189 2303 termino
1203 2279 1286 2313 prae-

238 2333 378 2365 dicetur.
407 2332 543 2373 Semper
560 2330 647 2363 enim
662 2332 701 2363 ut
725 2329 853 2362 dictum
873 2331 939 2369 est,
963 2329 1161 2363 universalis
1184 2339 1286 2372 nega-

237 2392 308 2425 tiva
327 2391 390 2424 sibi
408 2390 471 2433 ipsi
490 2390 704 2423 convertitur.
722 2389 925 2422 Universalis
937 2398 1071 2431 quoque
1084 2388 1286 2423 affirmativa

238 2450 363 2493 duplici
385 2449 591 2482 conclusione
610 2449 813 2489 continetur;
832 2458 910 2481 nam
925 2447 1079 2491 quisquis
1099 2447 1244 2482 ostendit
1258 2450 1286 2481 A

239 2508 418 2542 terminum
439 2507 480 2540 de
515 2507 605 2540 omni
639 2508 663 2541 G
703 2507 845 2540 termino
874 2506 1067 2549 praedicari,
1093 2506 1128 2540 id
1153 2516 1286 2550 quoque

239 2567 398 2606 ostendit,
422 2567 512 2610 quod
536 2568 559 2601 C
587 2568 749 2600 terminus
771 2567 813 2600 de
830 2567 976 2610 quodam
997 2569 1023 2601 A
1041 2568 1182 2601 termino
1207 2577 1286 2611 par-

239 2628 422 2662 ticulariter
443 2628 651 2670 praedicetur.
670 2629 704 2661 Si
727 2629 806 2670 'quis
821 2629 908 2662 enim
925 2629 1134 2672 probaverit,
1164 2630 1285 2663 animal

239 2687 281 2720 dc
302 2686 390 2719 omni
413 2685 544 2718 homine
564 2686 736 2728 praedicari
750 2687 798 2720 ita
814 2687 926 2721 dicens
945 2698 953 2720 ε
980 2688 1087 2721 omnis
1102 2689 1200 2722 homo
1213 2689 1286 2722 ani-

239 2745 316 2777 mal.
333 2746 399 2782 est,
424 2744 508 2776 illud
526 2754 672 2786 quoque.»
682 2746 866 2778 necessario
890 2748 1088 2780 monstravit
1104 2748 1286 2790 particula-

239 2803 331 2841 riter,
360 2802 517 2844 quoniam
538 2803 706 2845 quoddam
732 2804 852 2837 animal
875 2805 974 2838 homo
996 2808 1056 2839 est.
1085 2809 1137 2840 Ita
1158 2816 1285 2849 semper

238 2861 434 2894 universalis
451 2861 627 2894 affirmatio
650 2864 683 2894 et
704 2863 899 2896 universalis
915 2865 1045 2906 negatio
1063 2866 1118 2898 vel
1137 2866 1286 2908 particu-

237 2919 316 2954 laris
330 2919 533 2956 affirmativa
552 2920 729 2963 dupliciter
745 2922 996 2956 concluduntur.
1018 2924 1098 2957 Aliae
1115 2924 1202 2957 enim
1222 2925 1285 2958 sibi

236 2979 317 3023 ipsis
339 2981 587 3018 convertuntur,
610 2989 686 3022 quae
708 2981 917 3022 particularis
937 2984 1006 3021 est,
1026 2983 1283 3025 particulariter,

238 3047 314 3081 quas
331 3037 544 3077 universalis,
569 3038 821 3081 univer-salitor3
848 3040 911 3073 alia
929 3050 1008 3074 vero
1031 3051 1107 3075 cum
1124 3042 1196 3085 ipsa
1216 3042 1287 3075 uni-

239 3096 378 3130 ver-selis
399 3096 598 3130 affirmativa
612 3097 670 3136 sit,
694 3098 936 3139 particulariter
952 3099 1014 3132 sibi
1031 3100 1103 3142 ipsa
1120 3102 1286 3134 converti-

241 3158 307 3194 tur,
328 3155 539 3197 particularis
557 3158 669 3188 autem
687 3156 818 3197 negat-io
839 3166 1008 3199 nunquam
1029 3159 1093 3192 sibi
1118 3160 1189 3202 ipsa
1207 3169 1286 3193 con-

241 3214 395 3253 vertitur,
421 3215 521 3256 atque
542 3213 617 3247 idco
638 3214 818 3257 simplicem
843 3215 877 3248 in
906 3225 940 3248 se
961 3217 1080 3250 retinet
1102 3219 1286 3252 conclusio-

242 3283 328 3307 nem.
347 3275 419 3306 Hoc
437 3275 567 3312 autem,
584 3274 674 3316 quod
688 3284 793 3317 nuper
805 3275 949 3307 diximus
961 3302 968 3314 ,
989 3276 1023 3308 in
1038 3278 1181 3310 secundo
1197 3279 1286 3320 prio—

243 3343 317 3366 rum
335 3333 582 3376 Analyticorum
602 3333 687 3366 libro
710 3334 752 3366 ab
774 3334 948 3367 Aristotele
966 3338 1180 3375 monstratur,
1196 3338 1285 3379 quod

245 3393 366 3428 seilicet
383 3394 416 3426 et
431 3392 676 3434 Theophrastus
694 3394 727 3426 et
750 3394 926 3426 Eudemus
943 3394 1102 3437 principio
1121 3395 1285 3437 sapienter

247 3455 286 3488 ad
306 3452 387 3484 alios
402 3451 438 3485 in
455 3451 561 3495 prima
580 3451 685 3495 figura
701 3452 906 3504 syllogismos
921 3453 1120 3499 adjiciendos
1139 3454 1285 3487 animum

931 231 1131 274 eUDEMl
1158 231 1336 273 RHODII
1366 234 1728 277 PERIPATETICI

1351 323 1555 366 adiecerunt,
1574 325 1633 368 qui
1651 325 1728 358 sunt
1743 323 1952 366 hujusmodi,
1970 324 2029 367 qui
2049 325 2131 357 κατὰ
2145 324 2318 360 ἀνάκλασιν
2327 314 2423 381 ὸοῇ-ω,
2446 358 2455 364 ,

1350 383 1475 422 cantur,
1490 382 1525 416 id
1537 385 1602 422 est,
1624 392 1682 425 per
1699 382 1930 416 refractionem
1943 382 2108 425 quandam
2125 381 2416 426 converffl'oneru-1¹
2460 383 2466 418 1

1349 449 1414 482 que
1428 441 1669 483 propositionis.

1390 501 1432 531 Et
1449 501 1500 532 est
1523 502 1663 542 quintus
1683 499 1803 532 modus
1824 508 1866 532 ex
1884 498 2015 532 duabus
2041 498 2282 534 universalibus
2297 497 2390 535 affit-

1349 558 1550 591 mationibus
1582 558 1815 601 particularem
1847 557 2001 600 colligens
2039 557 2312 606 affirmativum,
2326 557 2391 593 hoc
2505 539 2508 563 ξ

1350 615 1474 649 modo:
1501 617 1530 650 si
1553 619 1577 650 A
1601 617 1702 650 fueiit
1729 617 1764 650 in
1787 617 1876 650 omni
1902 618 1939 655 B,
1964 617 1997 648 et
2019 617 2046 649 B
2065 615 2164 649 ruerit
2192 614 2390 658 inoluit),

1349 677 1460 716 posset
1481 676 1634 719 equidem
1652 676 1819 715 concludi,
1831 675 1922 719 quod
1938 677 1965 708 A
1980 675 2141 708 terminus
2155 673 2264 708 esset
2252 683 2289 708 m
2303 670 2410 727 omni,
2478 669 2482 671 ’

1353 735 1376 768 C
1400 735 1558 777 termin03
1587 735 1646 769 sed
1660 735 1816 778 quoniam
1836 734 1900 767 ista
1920 733 2116 767 universalis
2132 731 2328 779 propositio,
2353 733 2393 766 ut

1351 794 1477 828 dictum
1500 797 1567 834 est,
1595 794 1839 837 particulariter
1861 792 2076 832 convertitur,
2103 789 2328 835 praetermisso
2353 799 2393 824 eo

1350 852 1440 895 quod
1456 854 1484 885 A
1502 853 1663 886 terminus
1688 852 1730 886 de
1758 852 1848 885 omni
1871 852 1895 885 G
1920 850 2059 884 termino
2079 849 2291 893 praedicatur,
2312 857 2393 882 cou-

1351 912 1453 945 clusio
1469 921 1540 945 esse
1560 912 1692 951 dicitur,
1710 911 1800 954 quod
1817 911 1840 944 C
1864 911 2026 944 terminus
2047 909 2088 943 de
2104 908 2250 953 quodam
2274 909 2302 942 A
2323 909 2393 942 ter·

1350 971 1438 1004 mino
1466 971 1675 1014 praedicatur,
1706 970 1796 1013 quod
1823 970 1886 1003 hoc
1917 969 2067 1012 exemplo
2099 966 2392 1002 demonstrandmn

1351 1035 1410 1067 est.
1429 1033 1464 1067 Si
1474 1033 1561 1066 enim
1576 1033 1641 1066 sint
1660 1031 1898 1075 propositiones
1914 1031 1989 1064 sic.
2007 1030 2252 1072 omnejuscum
2266 1029 2396 1063 bonum

1350 1094 1416 1134 εει,
1436 1094 1547 1125 omnis
1566 1094 1681 1126 virtus
1696 1092 1811 1132 juxta
1825 1093 1895 1131 εει,
1910 1091 2022 1133 posset
2040 1089 2195 1147 equidem
2220 1086 2390 1131 concludi,

1350 1152 1506 1194 quoniam
1537 1153 1649 1184 omnis
1677 1153 1789 1184 virtus
1823 1150 1949 1183 bonum
1971 1152 2031 1182 εει.
2065 1148 2132 1182 Sed
2160 1147 2319 1192 quoniam
2345 1146 2395 1180 ita

1350 1210 1527 1253 propositio
1543 1210 1607 1243 sibi
1622 1209 1836 1248 convertitur,
1855 1210 1894 1241 ut
1915 1209 1958 1242 sit
1981 1208 2154 1251 quoddam
2177 1208 2302 1241 bonum
2317 1209 2394 1240 vir-

1351 1271 1406 1302 tus
1422 1271 1471 1302 εει
1484 1269 1737 1311 particulariter,
1762 1267 1972 1311 particularis
1988 1266 2198 1309 syllogismus
2215 1264 2394 1304 conclusio-

1349 1340 1414 1372 que
1430 1329 1593 1372 colligitur
1612 1339 1653 1362 ex
1668 1328 1799 1362 duabus
1815 1327 2057 1361 universalibus
2074 1326 2294 1360 affirmativis.
2312 1325 2394 1369 Ejus

1350 1399 1427 1423 vero
1442 1389 1548 1422 forma
1564 1389 1641 1423 talis
1655 1391 1705 1423 est
1720 1400 1727 1421 ε
1749 1390 1775 1422 A
1792 1388 1954 1421 terminus
1971 1387 2007 1421 in
2026 1387 2115 1420 omni
2127 1388 2170 1427 B,
2191 1388 2226 1421 et
2237 1388 2264 1421 B
2282 1387 2394 1421 termi-

1348 1458 1411 1482 nus
1430 1449 1465 1482 in
1483 1449 1572 1481 omni
1596 1449 1636 1488 G,
1656 1449 1759 1491 igitur
1779 1449 1803 1481 G
1822 1447 1983 1480 terminus
2001 1447 2036 1480 in
2054 1445 2199 1489 quodam
2212 1446 2258 1486 A,
2283 1447 2323 1480 ut
2342 1447 2394 1480 est

1349 1516 1446 1539 omne
1461 1508 1600 1548 Justum
1621 1506 1749 1539 bouum
1770 1509 1832 1548 εει,
1850 1507 1960 1538 omnis
1973 1505 2199 1545 virtusjusta
2211 1506 2274 1547 εει,
2286 1504 2395 1548 quod-

1349 1566 1433 1599 dam
1450 1567 1579 1599 bonum
1598 1568 1715 1600 virtus
1742 1567 1812 1605 εει,
1844 1574 1904 1608 per
1923 1564 2170 1598 conversionem
2187 1572 2267 1598 vero
2286 1563 2394 1606 refla-

1348 1626 1558 1668 ctionemque
1579 1625 1714 1664 dicitur,
1735 1624 1892 1667 quoniam
1903 1623 1994 1667 quod
2009 1623 2241 1658 universaliter
2256 1620 2392 1666 collige-

1350 1685 1457 1724 batur,
1476 1693 1671 1717 conversum
1688 1683 1932 1727 particulariter
1947 1682 2123 1716 collectum
2142 1683 2204 1716 est.

1389 1746 1515 1777 Sextus
1533 1743 1654 1776 modus
1669 1745 1719 1776 est
1732 1743 1850 1786 primae
1869 1742 1984 1784 figurae
1994 1767 2003 1782 ,
2021 1741 2081 1784 qui
2095 1741 2135 1774 fit
2156 1750 2199 1775 ex
2212 1740 2395 1774 universali

1346 1803 1498 1846 negativa
1512 1805 1546 1836 et
1561 1803 1740 1836 universali
1757 1801 1957 1836 affirmativa
1969 1800 2192 1834 universalem
2206 1800 2392 1835 conclusio-

1346 1871 1421 1895 nem
1438 1872 1497 1905 per
1518 1862 1764 1895 conversionem
1783 1860 1947 1902 colligens.
1966 1861 2050 1892 Nam
2077 1859 2106 1892 si
2123 1860 2151 1892 A
2173 1859 2337 1893 terminus
2356 1859 2392 1893 in

1346 1919 1437 1952 nullo
1454 1921 1480 1952 B
1495 1919 1613 1957 fuerit,
1634 1920 1660 1951 B
1675 1928 1755 1952 vero
1774 1918 1936 1951 terminus
1953 1917 1989 1950 in
2007 1918 2096 1950 omni
2114 1917 2139 1952 G
2161 1917 2304 1951 termino
2319 1917 2391 1952 fue-

1348 1979 1407 2017 rit,
1443 1980 1554 2021 posset
1580 1977 1734 2020 equidem
1767 1977 1893 2020 colligi,
1926 1975 2083 2019 quoniam
2116 1977 2142 2009 A
2163 1975 2326 2011 terminus
2356 1976 2392 2009 in

1345 2039 1436 2071 nullo
1456 2038 1480 2071 G
1499 2037 1640 2070 termino
1659 2038 1728 2076 est,
1751 2036 1810 2070 sed
1837 2035 1993 2078 quoniam
2015 2035 2213 2069 universalis
2237 2034 2392 2077 negativa

1347 2096 1561 2136 convertitur,
1595 2096 1737 2130 dicimus
1761 2095 1918 2139 quoniam
1946 2095 1970 2128 G
2001 2094 2165 2128 terminus
2194 2093 2231 2127 in
2249 2093 2342 2128 nullo
2357 2095 2385 2127 A

1346 2156 1488 2190 termino
1501 2157 1551 2189 est
1563 2182 1571 2195 ,
1593 2157 1632 2188 ut
1643 2155 1687 2188 sit
1696 2155 1744 2188 sic
1762 2154 1899 2188 nullum
1920 2155 2047 2187 bonum
2060 2153 2197 2186 malum
2211 2153 2274 2194 εει,
2289 2160 2390 2186 omne

2484 1886 2508 1917 Π

2499 1963 2508 2004 ξ

2498 1079 2506 1147 5

2499 1162 2506 1183 t

2489 1194 2508 1292 Ξ

2483 1376 2508 1427 >l

2471 1433 2508 1607 i

2502 1914 2508 1943 ι

1342 2217 1483 2258 justum
1504 2216 1631 2250 bonum
1653 2218 1724 2255 εει,
1743 2215 1855 2257 posset
1873 2213 1981 2255 colligi
1999 2213 2138 2246 nullum
2147 2212 2290 2252 justum
2313 2220 2391 2245 ma-
2422 2238 2423 2241 ,
2486 2195 2508 2235 ἶ·

1348 2276 1422 2307 lum
1435 2276 1504 2313 εει,
1525 2273 1584 2307 scd
1610 2283 1650 2306 ex
1671 2272 1724 2306 his
1749 2281 1809 2315 per
1836 2271 2083 2305 conversionem
2105 2269 2291 2311 colligimus
2308 2269 2390 2302 nul-

1347 2335 1419 2367 lum
1440 2334 1577 2367 malum
1588 2333 1732 2374 justum
1749 2333 1810 2364 εει.

1387 2394 1561 2434 Septimus
1575 2391 1694 2424 modus
1712 2389 1827 2432 primae
1846 2389 1960 2431 figurae
1973 2389 2040 2428 est,
2063 2387 2123 2431 qui
2145 2396 2187 2420 ex
2211 2386 2391 2421 universali

1346 2450 1548 2485 affirmativa
1574 2450 1608 2482 et
1630 2447 1821 2491 particulari
1847 2446 2049 2481 affirmativa
2066 2455 2127 2489 per
2144 2445 2391 2479 conversionem

1346 2510 1578 2553 particularem
1594 2507 1717 2549 colligIt
1732 2506 1977 2540 affirmativam.
2000 2505 2036 2539 Si
2053 2504 2140 2539 enim
2161 2503 2264 2539 fuerit
2278 2505 2306 2538 A
2321 2505 2391 2538 ter-

1345 2570 1456 2603 minus
1470 2568 1505 2602 in
1523 2567 1613 2600 omni
1628 2569 1673 2606 B,
1696 2568 1730 2600 et
1750 2568 1776 2599 B
1794 2565 1958 2599 terminus
1976 2563 2018 2598 de
2039 2563 2185 2608 quodam
2210 2563 2235 2598 Ο
2250 2562 2391 2597 termino

1346 2628 1552 2672 praedIcetur,
1586 2627 1696 2670 potest
1728 2627 1755 2658 A
1778 2624 1940 2658 terminus
1961 2623 2003 2657 de
2033 2622 2179 2666 quodam
2200 2623 2225 2656 G
2250 2621 2390 2656 termino

1345 2686 1528 2730 praedicari.
1548 2685 1614 2719 Sed
1635 2684 1791 2728 quoniam
1806 2682 2016 2726 particularis
2031 2682 2210 2716 affirmatio
2231 2681 2295 2714 sihi
2316 2680 2390 2724 ipsa

1345 2745 1558 2784 convertitur,
1577 2754 1637 2788 per
1654 2743 1899 2777 conversionem
1919 2741 1959 2775 fit
1976 2740 2143 2774 conclusio
2161 2741 2195 2774 et
2220 2739 2344 2774 dicitur
2362 2740 2387 2773 G

1346 2807 1508 2842 terminus
1532 2806 1575 2839 de
1592 2804 1738 2848 quodam
1769 2805 1796 2837 A
1822 2802 1963 2837 termino
1982 2800 2171 2845 praedicari,
2205 2802 2246 2833 ut
2270 2799 2314 2833 sit
2341 2799 2390 2832 sic

1345 2876 1444 2901 omne
1467 2867 1596 2900 bonum
1609 2867 1724 2898 virtus
1746 2865 1806 2904 est,
1829 2861 1997 2905 quiddam
2008 2861 2149 2902 ,iustum
2168 2859 2297 2893 bonum
2321 2859 2387 2900 εει,

1345 2927 1457 2969 posset
1476 2923 1630 2967 equidem
1644 2920 1813 2960 concludi,
1826 2920 1982 2964 quoniam
1994 2918 2165 2962 quiddam
2170 2917 2307 2960 justum
2323 2918 2389 2950 vir-

1347 2987 1403 3018 tus
1429 2986 1479 3018 est
1490 2995 1503 3024 ,·
1527 2982 1587 3016 sed
1615 2982 1694 3025 quia
1722 2979 1931 3024 particularis
1956 2977 2136 3012 affirmatio
2170 2976 2385 3014 convertitur,

1346 3042 1503 3082 dicimus,
1525 3043 1690 3084 quoniam
1701 3040 1863 3083 quaedam
1881 3040 1993 3072 virtus
2000 3038 2139 3079 justum
2157 3038 2221 3070 εει.

1393 3103 1544 3134 Octavus
1561 3100 1680 3134 modus
1696 3099 1812 3143 primae
1830 3098 1943 3140 figurae
1957 3097 2026 3135 est,
2041 3094 2173 3138 quoties
2191 3104 2233 3128 ex
2253 3093 2389 3126 univer-

1347 3161 1408 3194 sali
1425 3159 1643 3194 affirmatione
1658 3158 1692 3190 et
1710 3154 1888 3189 universali
1907 3153 2078 3196 negatione
2099 3151 2308 3196 particularis
2329 3160 2389 3185 ne-

1346 3220 1458 3261 gativa
1487 3218 1662 3260 colligitur.
1686 3217 1722 3250 Si
1745 3215 1832 3248 enim
1859 3215 1886 3247 A
1915 3213 2076 3246 terminus
2104 3211 2146 3245 de
2172 3211 2262 3244 omni
2282 3212 2308 3245 B
2325 3212 2389 3244 ter-

1345 3278 1435 3312 mino
1446 3277 1646 3321 praedicatus
1663 3275 1782 3313 fuerit.
1801 3275 1827 3306 B
1845 3281 1924 3306 vero
1939 3271 2102 3305 terminus
2114 3270 2156 3304 de
2169 3270 2261 3303 nullo
2277 3270 2302 3303 G
2317 3270 2388 3303 ter-

1345 3337 1435 3370 mino
1442 3336 1650 3379 praedicetur,
1671 3344 1736 3368 non
1747 3335 1858 3376 posset
1872 3331 1998 3373 colligi,
2017 3330 2174 3373 quoniam
2187 3330 2214 3363 A
2226 3327 2387 3362 terminus

1346 3396 1387 3429 dc
1406 3396 1496 3429 nullo
1518 3397 1542 3430 G
1558 3395 1699 3428 termino
1712 3392 1937 3437 praedicatur,
1962 3400 2021 3424 cur
2037 3391 2151 3424 autem
2174 3397 2239 3423 non
2259 3387 2384 3431 possit,

1344 3454 1381 3488 in
1419 3455 1632 3488 Resolutoriis
1666 3453 1794 3487 dictum
1824 3453 1884 3486 est.
1917 3450 1983 3486 Sed
2009 3448 2166 3491 quoniam
2193 3445 2387 3482 universalis
