2508 3776
596 128 898 171 ETHICORUM
928 130 1387 175 NICOMACHEORUM
1420 134 1802 178 PARAPHRASIS.

111 209 349 271 ’δπιρὸαἵνον,
383 215 428 255 δι’
445 214 464 254 ὃ
483 217 534 270 τῷ
563 217 684 271 ἀγαθῷ
711 217 933 270 οἷκειούμενα
962 220 1008 264 ὡς
1039 219 1168 260 οἰκείου

55 306 70 320 ,ἶ
114 263 392 332 ἤδηδρέγονται.
420 275 494 315 Καὶ
522 275 609 329 πρὸς
636 275 702 328 μὲν
721 275 780 316 τὸν
802 280 941 331 πρῶτον
960 282 1023 318 τοῦ
1053 279 1168 319 Εὐδό-

48 346 58 364 ·.-
116 333 288 388 ξουλόγον
307 333 441 383 ταύτην
465 334 728 388 κομίζουσιτὴν
749 336 924 378 ἔνστασιν.
946 337 1040 392 Πρὸς
1060 338 1096 378 δὲ
1107 339 1166 379 τὸν

7 387 10 415 ⁷
39 392 73 422 1
114 394 294 454 ζέφυρον,
310 394 348 440 ὃς
363 397 404 434 ἐκ
417 398 476 434 τοῦ
488 395 645 435 ἐναντίου
667 395 762 435 ἐστὶν
782 395 995 448 εἰλημμένος
1007 397 1166 446 ,ἐκείνην

6 483 10 492 ,
32 506 37 507 V
57 475 62 493 ;
113 456 178 506 ῥα
202 454 339 508 ἀνάγκη
361 452 494 510 φασίν,
521 455 552 494 εἷ
568 458 591 503 ἡ
612 454 707 504 λύπη
739 455 848 495 κακόν
873 457 948 495 ἐστι
963 486 976 509 ‚
999 455 1063 505 τὴν
1084 458 1167 504 ἡδο-

6 511 11 565 ,⁷
110 513 178 564 τὴν
201 515 334 567 ἀγαθὸν
365 508 474 554 εἶναι·
505 515 544 554 οὗ
571 514 640 569 γὰρ
661 514 692 554 εἴ
720 531 756 555 τι
784 514 913 566 κακόν,
945 515 986 554 τὸ
1012 516 1168 556 ἐναντίον

48 571 63 622 ζ
113 574 213 630 dm}
228 573 360 626 ἀγαθόν
373 605 387 625 ,
411 573 486 614 ἔστι
502 574 570 628 γὰρ
599 573 754 614 ἐναντίον
777 575 887 613 κακὸν
907 576 1008 628 κακῷ
1023 590 1033 601 ·
1053 578 1076 623 ἡ
1099 575 1168 631 γὰρ

112 632 292 683 monim<
331 637 377 688 τῇ
405 634 584 688 ἀκολασίᾳ
623 633 779 673 ἐναντιον
812 634 926 683 ἐστίν,
958 633 1167 689 ἀμφοτέρων

40 682 46 727 ᾗ
112 693 232 734 &catu
261 695 403 743 κοοιῶν,
430 692 493 733 καὶ
512 691 697 747 ἀμφότερα
719 695 763 745 τῇ
790 692 1016 747 σωφροσύνῃ.
1039 695 1167 734 Ταῦτα

113 751 180 805 μὲν
198 746 397 798 οἶν-καλῶς
429 752 617 804 λέγουσιν,
641 754 680 792 οὖ
711 751 782 803 μὴν
812 753 872 793 ἐπί
884 769 926 806 γε
945 756 1008 802 τῆς
1039 756 1168 804 ἡδονῆς

39 807 54 848 s
110 809 357 859 ἀληθεύουσιν.
376 813 422 852 Εἰ
441 811 510 865 γὰρ
527 811 636 867 ἄμφω
653 811 748 852 κακὰ
770 805 830 860 ἧν,
849 812 910 851 καὶ
927 815 949 860 ἡ
976 813 1085 861 ἡδονὴ
1106 818 1168 854 καὶ

41 868 71 914 .']⁷
111 868 270 925 ῇλύπη,
294 865 339 919 ἦν
376 870 420 911 ἂν
439 870 509 911 καὶ
523 871 632 925 ἄμφω
665 870 820 926 φευκτά·
848 872 1008 926 καθάπερ
1039 874 1070 912 εἷ
1108 874 1168 914 καὶ

113 927 222 986 &qo
251 924 344 980 ἦσαν
377 930 520 984 ἀγαθά,
553 925 597 980 ἦν
627 930 669 970 ἂν
706 930 890 986 ἀμφότερα
922 932 1110 987 αἱρετά,ἢ
1137 936 1168 974 εἰ

45 990 49 993 ’
80 995 82 998 ’
111 987 204 1042 μήτε
219 989 357 1044 ἀγαθοί,
380 990 471 1043 μήτε
491 989 647 1044 φευκτά,
662 990 740 1031 οὐδὲ
756 989 772 1014 ‘¹
807 991 930 1045 αἱρετὰ
950 991 1078 1043 ὁμοίως
1092 995 1165 1044 ἀμ·-

111 1049 242 1105 φότιρα
257 1065 267 1076 ·
298 1054 356 1090 νῦν
382 1049 420 1090 δὲ
442 1049 504 1098 τὴν
521 1050 585 1102 μὲν
605 1050 721 1099 λύπην
765 1050 936 1106 φεύγομεν
956 1053 1003 1097 ὡς
1032 1053 1163 1106 κακόν,

50 1123 53 1126 ·
111 1106 176 1158 τὴν
197 1109 235 1150 δὲ
265 1109 395 1158 ἡδονὴν
425 1110 620 1163 αἱρούμεθα
642 1113 689 1156 ὡς
710 1110 865 1163 ἀγαθόν·
900 1110 977 1151 ὅθεν
994 1113 1163 1167 φανερόν,

43 1179 45 1182 “
111 1165 167 1208 ὅτι
185 1168 355 1215 ὧςοιακὸν
371 1170 494 1223 ἀγαθῷ
512 1173 536 1218 ἡ
556 1169 652 1219 λύπη
666 1171 775 1224 ἡδονῇ
797 1169 1004 1212 ἀντίκειται.

115 1277 118 1279 Α
169 1226 349 1284 ΜἘτεροι
378 1229 416 1268 δὲ
432 1227 575 1283 λέγουσι
601 1228 650 1280 μὴ
672 1222 760 1268 εἶναι
787 1229 851 1278 τὴν
874 1229 1000 1278 ἡδονὴν
1023 1231 1167 1284 ἀγαθόν,

101 1286 168 1344 ᾇτι
183 1289 248 1328 οὔκ
261 1287 338 1328 ἔστι
356 1287 524 1338 ποιότης,
547 1288 647 1328 οὐδὲν
667 1287 824 1342 λέγοντες
845 1290 1036 1342 ἀναγκαῖον
1058 1303 1066 1312 ·
1090 1291 1168 1331 οὐδὲ

36 1367 73 1378 -,-
110 1345 240 1402 sspbul
275 1348 447 1402 ἐνέργειαι
480 1350 549 1387 τῶν
571 1349 705 1402 ἀρετῶν
727 1348 914 1397 ποιότητές
951 1352 1056 1400 εἰσιν,
1087 1350 1166 1390 οὐδὲ

27 1455 30 1457 ¹
46 1418 58 1459 ’ἦ
112 1405 320 1460 εὐδαιμονία
335 1407 480 1456 ποιότης
510 1407 624 1447 ἐστίν·
645 1408 799 1461 ἐνέργεια
828 1408 896 1462 γάρ
941 1410 1036 1449 ἐστιν
1050 1424 1060 1434 ·
1089 1411 1169 1451 ἀλλ’

47 1483 49 1488 ’
110 1464 328 1520 Ιμωςοῦδὲν
341 1465 471 1507 κωλύει
490 1465 608 1519 ἀγαθὰ
622 1470 736 1506 ταῦτα
752 1461 856 1507 εἶναι.

36 1570 39 1577 ‚
164 1523 205 1571 ,**
219 1524 307 1567 Ἔτι
325 1525 364 1566 δὲ
385 1525 447 1566 καὶ
462 1525 518 1566 ὅτι
538 1528 602 1566 οὐκ
615 1526 712 1567 ἔστιν
728 1527 924 1580 ὡρισμένον
944 1545 978 1568 τι
997 1533 1020 1578 ἡ
1039 1529 1165 1578 ἡδονή,

44 1607 51 1630 χ
110 1584 208 1633 1ιῖῥιόὲ
227 1586 357 1639 ἀγαθὸν
377 1585 596 1640 ὡρισμένον,
619 1585 676 1625 διὰ
696 1590 800 1626 τοῦτο
817 1586 867 1637 μὴ
890 1580 980 1627 εἶναι
1001 1588 1064 1636 τὴν
1082 1589 1166 1637 ἡδο-

84 1680 89 1686 ,
110 1645 175 1695 νῆν
192 1645 322 1699 ἀγαθόν
335 1660 345 1672 ·
365 1645 527 1700 ἀόριστον
547 1645 585 1686 δὲ
610 1645 731 1698 ἔλεγον
752 1640 843 1685 εἶναι
862 1646 926 1694 τὴν
947 1647 1095 1696 ἡδονήν,
1113 1647 1167 1688 ὅτι

110 1704 291 1748 οὓκ,ἴστιν
306 1710 330 1756 ἡ
351 1705 466 1755 αὖτή,
491 1706 571 1746 ἀλλ’
591 1705 795 1758 ἐπιδέχεται
822 1705 864 1744 τὸ
885 1707 1021 1757 μᾶλλον
1049 1707 1110 1746 καὶ
1128 1708 1169 1748 τὸ

35 1796 39 1798 v
111 1759 236 1814 ἧττονὶ
257 1766 303 1806 Εἰ
336 1764 400 1816 μὲν
421 1758 482 1805 οὖν
505 1765 541 1805 ἐν
565 1766 656 1818 αὐτῇ
677 1768 721 1818 τῇ
749 1765 856 1819 ἡδονῇ
885 1765 926 1805 τὸ
949 1767 1084 1817 μᾶλλον
1094 1767 1155 1807 καὶ

46 1854 47 1859 ,
109 1818 441 1879 ἥττὺν-όθιωρεῖτο,
458 1816 502 1873 ἦν
523 1824 566 1863 ἂν
580 1825 715 1872 ἀληθὴς
736 1826 755 1863 ὁ
767 1825 870 1877 λόγος
890 1826 1008 1871 αὐτοῖς
1020 1842 1029 1851 ·
1051 1829 1109 1865 νῦν
1130 1825 1167 1866 δὲ

110 1881 312 1932 &iniuste
325 1883 388 1923 καὶ
401 1887 424 1932 ἡ
445 1883 561 1928 ἄνεσις
580 1885 616 1923 ἐν
633 1886 683 1939 τῷ
698 1883 845 1932 ἥδεσθαι
860 1884 995 1937 γίνεται
1016 1885 1070 1925 ὅτι
1086 1887 1168 1934 ἡδό-

42 1953 54 1965 “
111 1943 212 1996 μενοι
223 1940 363 1995 ’μᾶλλον
381 1942 443 1983 καὶ
463 1937 570 1992 ἧττον
591 1943 757 1992 ἥδονται·
779 1947 882 1983 τοῦτο
902 1943 938 1983 δὲ
956 1944 1016 1984 καὶ
1039 1946 1074 1984 ἐν
1092 1951 1169 1990 ταῖς

15 2004 19 2005 ⁷
110 2002 252 2056 ἀρεταῖς
277 2002 474 2054 συμὸαῖνον
493 2001 680 2057 φαίνεται·
707 2003 836 2043 δίκαιοι
862 2004 928 2058 γάρ
943 2005 1010 2043 εἶσι
1031 2006 1167 2056 μᾶλλον

108 2058 171 2102 καὶ
189 2054 299 2110 ἦττον
310 2062 372 2102 καὶ
393 2062 549 2116 ἀνδρεῖοι
562 2093 574 2115 ,
589 2063 650 2103 καὶ
663 2064 929 2116 δικαιοπραγεῖν
947 2063 1008 2103 καὶ
1031 2079 1167 2118 σωφρο-
1203 2107 1208 2111 ,

110 2123 182 2179 νεῖν
203 2121 339 2174 μᾶλλον
359 2121 422 2162 καὶ
445 2117 552 2172 ἧττόν
579 2124 672 2163 ἔστιν
686 2154 698 2173 ,
721 2123 798 2163 ἀλλ’
816 2125 855 2163 οὔ
873 2123 930 2163 διὰ
951 2127 1055 2163 τοῦτο
1071 2119 1177 2176 ἀόρι.

43 2202 46 2203 ’
109 2178 190 2220 θὲόί
201 2180 291 2221 εἰσιν
307 2182 346 2221 αἱ
366 2181 511 2236 ἀρεταί·
529 2182 588 2222 τὸν
603 2183 708 2223 αὐτὸν
729 2184 771 2232 δὴ
793 2183 922 2237 τρόπον
938 2183 1000 2222 καὶ
1021 2186 1044 2230 ἡ
1058 2181 1165 2230 ἡδονὴ

48 2241 70 2257 ”
110 2236 202 2288 86θῆ
219 2238 285 2292 μὲν
304 2243 383 2281 καθ’
407 2241 535 2290 ἑαυτὴν
562 2245 627 2283 οὖκ
650 2242 747 2283 ἔστιν
775 2243 957 2297 ἀόριστος,
981 2244 1015 2282 ἓν
1040 2242 1076 2282 δὲ
1096 2248 1166 2286 τοῖς

110 2298 295 2351 ἡδομένοις
323 2299 387 2350 τὴν
411 2301 572 2342 ἐπίτασιν
601 2303 663 2343 καὶ
700 2303 763 2352 τὴν
791 2303 908 2344 ἄνεσιν
943 2302 1163 2357 ἐπιδέχεται,

45 2394 50 2398 ,
109 2355 242 2414 ὅτιούκ
257 2358 352 2400 ἔστιν
381 2361 512 2415 ἀμιγὴς
539 2361 656 2410 λύπης
685 2364 720 2402 ἐν
755 2368 890 2415 πᾶσιν,
909 2363 988 2402 οὐδὲ
1018 2362 1164 2414 ὁμοίως·

109 2417 272 2474 καθάπερ
289 2418 351 2476 καὶ
368 2420 427 2460 ἐπὶ
447 2424 508 2470 τ’ῆς
525 2421 658 2475 ὑγιείας
679 2422 888 2474 συμὸαίνει,
909 2422 970 2462 καὶ
990 2421 1060 2475 γὰρ
1075 2421 1162 2470 αὖτὴ

55 2524 61 2533 ι
109 2472 293 2534 ὁρωμένη,
325 2473 415 2520 οῧσα
449 2483 484 2521 έν
513 2486 585 2527 τοῖς
614 2482 828 2534 ὑγιαίνουσιν
858 2480 1070 2521 ἐπιτείνεται
1104 2480 1166 2520 καὶ

58 2536 67 2550 ³
110 2535 247 2595 ᾇνίεται
259 2553 269 2563 ·
287 2541 328 2579 οὗ
339 2538 408 2594 γὰρ
421 2544 445 2588 ἡ
459 2539 547 2587 αὐτὴ
562 2541 764 2595 συμμετρία
778 2543 813 2580 ἐν
829 2540 937 2580 πᾶσίν
954 2543 1063 2594 ἔστιν,
1083 2541 1161 2581 οὐδὲ

45 2592 62 2639 ἓλ
100 2596 154 2644 ἶΐ,
175 2598 229 2651 τῷ
247 2598 344 2653 αὗτῷ
373 2597 439 2651 μία
455 2614 508 2644 τις
527 2600 603 2649 ἀεί,
636 2601 727 2640 ἀλλὰ
748 2600 966 2652 μεταὸοἱλλει
985 2601 1070 2640 ποτὲ
1098 2599 1163 2652 μὲν

36 2686 66 2713 :,
110 2655 168 2705 ξπ)
188 2656 230 2697 τὸ
248 2660 389 2710 μεῖζον,
427 2658 514 2699 ποτὲ
536 2659 572 2699 δὲ
599 2660 658 2700 ἐπὶ
683 2660 723 2700 τὸ
743 2660 889 2700 ἔλαττον
904 2692 912 2707 ,
936 2659 997 2699 καὶ
1019 2664 1078 2700 νῦν
1102 2659 1166 2711 μὲν

111 2717 274 2768 καθαρῶς
293 2716 442 2769 ὑγιαίνει
466 2717 534 2757 τινὶ
550 2718 592 2758 τὸ
622 2721 728 2771 σῶμα
745 2750 756 2769 ,
781 2723 840 2758 νῦν
864 2719 899 2759 δὲ
921 2718 1032 2759 ἔνεστί
1055 2734 1089 2758 τι
1105 2718 1166 2758 καὶ

36 2775 46 2804 ’ῗ
109 2774 228 2818 νόσου.
249 2776 486 2826 Τοιοῦτονεδὴ
519 2778 581 2817 καὶ
617 2778 699 2832 περὶ
730 2778 795 2827 τὴν
822 2778 950 2827 ἡδονὴν
985 2777 1165 2831 ἐνδέχεται

35 2850 39 2854 ··
51 2862 59 2875 -;
109 2825 215 2875 εἶναι.

55 2899 63 2945 J
167 2891 220 2921 '¹⁵¹‘
232 2891 318 2934 Ἔτι
332 2893 370 2934 δὲ
385 2893 448 2934 καὶ
465 2897 596 2935 ἐκεῖθεν
612 2899 763 2949 συνῆγον
777 2896 841 2945 τὴν
858 2895 986 2945 ἡδονὴν
1007 2895 1057 2948 μὴ
1076 2889 1164 2936 εἶναι

110 2951 242 3004 ἀγαθόν
254 2967 264 2978 ·
287 2955 310 3000 ἡ
322 2953 431 3002 ἡδονὴ
445 2954 582 3003 κίνησίς
601 2971 654 3000 τις
671 2958 731 2994 καὶ
751 2954 884 3007 γένεσίς
903 2956 977 2994 ἐστι
997 2971 1005 2980 ·
1027 2955 1165 3003 κίνησις

32 3034 34 3036 v
51 3014 53 3020 ’
111 3010 231 3053 δὲ’-καὶ
249 3011 383 3066 γένεσις
401 3014 530 3062 ἀτελῆ·
552 3013 592 3053 τὸ
609 3015 646 3054 δὲ
662 3013 784 3060 ἀτελὲς
802 3015 868 3053 οὐκ
890 3013 985 3053 ἔστιν
1007 3014 1139 3067 ἀγαθόν
1155 3031 1162 3039 ·

46 3114 57 3125 ,Ι
109 3070 152 3111 τὸ
168 3071 238 3126 γὰρ
251 3071 384 3126 ἀγαθὸν
399 3072 533 3113 τέλειον
545 3089 554 3099 ·
573 3076 595 3121 ἡ
613 3073 723 3122 ἡδονὴ
740 3074 810 3127 ἄρα
830 3074 893 3112 οὖκ
907 3074 1002 3114 ἔστιν
1019 3073 1162 3126 ἀγαθόν.

48 3167 58 3191 ,³
109 3128 215 3172 ‘Ee-rt
233 3131 270 3172 δὲ
286 3133 402 3179 αὐτοῖς
419 3135 442 3182 ἡ
456 3133 614 3173 ἐλάττων
630 3133 800 3189 πρότασις
821 3133 970 3187 ψευδής·
991 3133 1070 3174 οὔτε
1094 3135 1163 3188 γὰρ

2198 142 2278 183 545

1230 228 1364 269 propter
1392 229 1483 271 quod
1508 230 1594 263 bono
1616 231 1789 264 conciliata
1808 232 1918 275 ipsum
1941 235 2099 276 tanquam
2113 233 2182 276 Jam
2208 243 2284 276 pro-

1230 280 1340 322 prium
1367 281 1430 314 sibi
1450 286 1620 325 appetunt.
1648 286 1691 318 Et
1722 285 1829 328 primo
1851 286 1988 329 quidem
2020 286 2149 320 Eudoxi
2184 297 2284 330 argu-

1230 335 1342 366 mento
1358 333 1422 366 hoc
1445 344 1608 378 opponere
1632 337 1737 371 solent
1758 351 1766 371 ι
1783 339 1927 372 secundo
1950 349 2038 378 vero,
2058 340 2150 382 quod
2169 349 2189 373 a
2204 349 2284 373 con-

1230 386 1332 418 trario
1369 387 1512 429 petitum
1540 392 1611 429 est,
1645 393 1764 433 negant
1794 392 1979 425 necessario
2008 393 2070 426 hoc
2095 393 2284 435 oppositum

1230 438 1351 478 statui,
1378 439 1407 471 si
1438 439 1532 473 dolor
1559 443 1685 475 malum
1708 446 1777 483 est,
1795 444 1919 477 bonum
1945 454 2016 478 esse
2048 445 2282 488 voluptatem:

1229 502 1336 535 neque
1364 493 1452 526 enim
1474 494 1502 526 si
1523 496 1604 538 quid
1633 497 1677 529 sit
1698 498 1842 538 malum,
1866 498 1929 531 hoc
1954 499 2045 541 quod
2067 500 2098 532 ci
2126 502 2176 532 est
2204 509 2282 532 con-

1230 546 1391 588 trarium,
1420 547 1543 581 bonum
1575 559 1663 589 esse,
1683 552 1763 593 quia
1795 553 1965 586 interdum
1995 554 2121 586 malum
2151 564 2286 597 quoque

1230 600 1434 633 contrarium
1453 604 1503 634 est
1529 603 1642 635 malo:
1662 604 1818 637 nimirum
1845 605 2012 639 stoliditas
2040 607 2204 639 contraria
2234 609 2285 640 est

1230 651 1509 696 intemperantiae,
1536 665 1643 698 quum
1669 657 1768 690 ambo
1791 657 1879 691 mala
1908 659 1974 692 sint
1998 661 2032 692 et
2057 659 2284 702 temperantiae

1230 708 1405 741 contraria.
1423 710 1532 751 Atque
1542 709 1772 753 mquidem,
1791 721 1997 755 quamquam
2011 715 2101 746 recte
2113 713 2283 754 dicuntur,

1232 761 1342 794 tamen
1358 761 1400 794 de
1416 761 1588 804 voluptate
1611 763 1722 796 minus
1742 773 1819 797 vere
1836 766 2071 807 praedicantur.

1272 814 1308 847 Si
1329 814 1417 847 enim
1435 814 1534 847 ambo
1546 816 1634 849 mala
1648 819 1768 856 essent,
1791 820 1825 850 et
1840 819 1993 862 voluptas
2015 823 2048 853 et
2067 820 2172 862 dolor,
2188 821 2286 854 ambo

1229 876 1363 910 quoque
1392 866 1549 910 fugienda
1575 868 1684 902 forent
1722 882 1730 902 ε
1760 870 1846 904 sicut
1876 872 1904 904 si
1934 873 2032 905 ambo
2055 873 2139 906 bona
2161 876 2283 912 essent,

1230 921 1328 954 ambo
1351 930 1486 964 quoque
1507 918 1691 964 expetenda
1707 922 1828 965 forent,
1853 926 1913 957 aut
1931 926 1959 958 si
1981 936 2088 969 neque
2114 927 2199 961 bona
2224 937 2285 960 ne-

1230 982 1296 1015 que
1318 972 1474 1014 fugienda
1497 976 1618 1014 essent,
1641 984 1682 1008 ne
1699 976 1885 1018 expetenda
1903 978 2041 1020 quidem
2057 979 2172 1012 eodem
2187 980 2287 1013 modo

1230 1025 1328 1059 ambo
1353 1024 1462 1058 forent
1502 1038 1510 1058 2
1532 1036 1619 1060 nunc
1637 1028 1784 1061 dolorem
1803 1028 1952 1071 fugimus
1973 1034 2011 1063 ut
2030 1032 2169 1073 malum,
2189 1033 2287 1065 volu-

1229 1081 1356 1123 ptatem
1373 1087 1451 1111 vero
1475 1081 1663 1122 expetimus
1682 1084 1721 1114 ut
1735 1082 1882 1116 bonum:
1906 1083 1992 1117 unde
2005 1087 2108 1127 patet,
2122 1087 2287 1129 quemad-

1229 1133 1368 1166 modum
1385 1133 1512 1167 malum
1529 1134 1615 1168 bono
1631 1134 1842 1177 adversatur,
1875 1137 1923 1170 sio
1948 1138 2096 1172 dolorem
2122 1131 2287 1182 voluptati

1229 1196 1302 1221 esse
1317 1187 1518 1230 oppositum.

1271 1240 1335 1273 Alii
1354 1243 1473 1283 negant
1489 1242 1695 1286 voluptatem
1712 1253 1784 1277 esse
1804 1245 1941 1288 bonum,
1963 1246 2044 1289 quia
2059 1257 2124 1280 non
2140 1248 2184 1280 sit
2201 1258 2284 1290 qua-

1230 1294 1318 1334 litas,
1338 1293 1428 1337 quod
1446 1295 1584 1338 quidem
1607 1300 1842 1340 argumentum
1871 1309 1937 1332 non
1965 1302 2018 1333 est
2034 1302 2257 1334 necessarium
2276 1313 2284 1336 z

1229 1375 1306 1399 nam
1328 1376 1435 1410 neque
1449 1365 1596 1399 actiones
1610 1365 1759 1399 honestae
1777 1365 1959 1408 qualitates
1977 1367 2066 1405 sunt,
2084 1375 2191 1408 neque
2207 1366 2284 1400 bea-

1234 1420 1339 1454 titudo
1354 1420 1502 1463 qualitas
1516 1421 1568 1452 est
1583 1431 1591 1452 ε
1609 1419 1776 1462 siquidem
1793 1419 1904 1462 aliqua
1917 1419 2064 1452 muneris
2077 1419 2203 1452 functio
2215 1422 2283 1452 est:

1228 1485 1336 1520 neque
1357 1479 1469 1510 tamen
1489 1476 1676 1519 quidquam
1702 1476 1824 1515 obstat,
1842 1475 1925 1519 quin
1945 1476 2018 1508 haec
2034 1476 2100 1508 sint
2117 1476 2212 1509 bona.

1269 1535 1396 1576 Negant
1425 1537 1586 1578 praeterea
1626 1534 1800 1567 delinitum
1827 1533 1911 1576 quid
1945 1542 2017 1566 esse
2055 1534 2283 1575 voluptatem,

1230 1587 1354 1621 bonum
1379 1590 1492 1622 autem
1515 1597 1587 1621 esse
1610 1588 1794 1626 definitum,
1819 1589 1922 1630 atque
1940 1596 1982 1620 ex
2010 1597 2049 1620 eo
2068 1587 2168 1626 effici,
2189 1587 2286 1620 volu·

1230 1643 1356 1683 ptatem
1382 1651 1448 1674 non
1464 1650 1537 1674 esse
1555 1642 1679 1674 bonum
1693 1655 1701 1674 ε
1724 1650 1790 1673 non
1805 1649 1877 1673 esse
1890 1639 2059 1673 definitam
2078 1643 2191 1673 autem
2207 1649 2287 1682 pro-

1229 1695 1342 1735 pterea
1358 1693 1511 1727 dicebant
1537 1693 1754 1736 voluptatem,
1784 1692 1875 1735 quod
1894 1701 1958 1725 non
1994 1695 2046 1725 est
2071 1692 2198 1730 eadem,
2227 1693 2286 1725 sed

1230 1747 1445 1781 intentionem
1468 1750 1503 1781 et
1534 1747 1759 1780 remissionem
1784 1746 1948 1779 admittit.
1978 1746 2013 1779 Si
2046 1755 2124 1788 ergo
2153 1746 2187 1778 in
2215 1746 2286 1788 ipsa

1231 1801 1401 1843 voluptate
1430 1802 1539 1843 majus
1580 1804 1614 1834 et
1639 1801 1750 1834 minus
1779 1802 1997 1843 spectaretur,
2025 1810 2144 1833 verum
2169 1809 2286 1833 eorum

1230 1855 1318 1886 esset
1353 1856 1586 1896 argumentum
1628 1867 1635 1886 :
1681 1862 1769 1886 nunc
1802 1862 1882 1885 vero
1931 1853 1964 1885 in
1998 1852 2069 1895 ipsa
2103 1853 2287 1895 voluptatis

1230 1908 1438 1950 perceptione
1456 1907 1595 1941 intentio
1625 1907 1698 1939 haec
1715 1909 1749 1940 et
1763 1906 1915 1939 remissio
1937 1906 2047 1939 locum
2067 1906 2184 1944 habet,
2206 1906 2286 1948 quia

1229 1961 1287 2004 qui
1315 1971 1389 1994 eam
1407 1961 1594 2004 percipiunt
1620 1960 1726 2003 magis
1741 1960 1928 2003 percipiunt
1952 1962 2011 1993 aut
2032 1959 2143 1992 minus
2162 1972 2171 1992 :
2195 1960 2285 2002 quod

1228 2015 1366 2057 quidem
1395 2016 1428 2048 in
1451 2015 1636 2049 virtutibus
1672 2015 1772 2047 etiam
1797 2013 1932 2046 videtur
1964 2023 2028 2046 usu
2058 2013 2171 2046 venire
2196 2026 2205 2046 ε
2230 2013 2285 2046 alii

1228 2068 1316 2101 enim
1327 2068 1432 2110 magis
1445 2069 1501 2101 alii
1519 2068 1630 2101 minus
1645 2069 1722 2100 sunt
1738 2068 1812 2099 tum
1825 2066 1908 2108 justi
1925 2068 1999 2099 tum
2011 2065 2126 2104 fortes,
2144 2066 2286 2108 ideoque

1229 2121 1282 2153 vel
1308 2121 1413 2163 magis
1440 2120 1494 2153 vel
1529 2121 1640 2153 minus
1663 2120 1753 2162 juste
1787 2128 1882 2161 agere
1916 2127 1955 2151 ac
1985 2120 2208 2160 temperanter
2234 2118 2286 2151 vi—

1229 2184 1306 2207 vere
1326 2174 1421 2208 nobis
1447 2175 1536 2214 licet,
1565 2183 1675 2217 neque
1702 2176 1812 2206 tamen
1840 2172 1965 2205 idcirco
1997 2171 2178 2204 indefinitae
2207 2174 2286 2204 sunt

1228 2227 1371 2260 virtutes
1405 2238 1413 2257 ε
1445 2227 1563 2260 eodem
1597 2226 1696 2259 modo
1725 2226 1796 2268 ipsa
1818 2225 1974 2267 voluptas
1999 2233 2059 2266 per
2083 2233 2118 2256 se
2145 2233 2210 2256 non
2233 2227 2284 2257 est

1226 2285 1415 2323 indefinita,
1447 2284 1505 2318 sed
1532 2284 1567 2317 in
1593 2283 1634 2316 iis
1669 2283 1731 2326 qui
1757 2283 1930 2325 voluptate
1955 2280 2203 2325 perfunduntur
2232 2283 2286 2315 in·-

1229 2340 1408 2373 tentionem
1440 2339 1531 2373 illam
1558 2339 1706 2372 admittit
1740 2347 1779 2371 ac
1808 2337 2054 2379 remissionem,
2079 2337 2160 2380 quia
2178 2346 2286 2380 neque

1227 2394 1340 2428 dolore
1360 2394 1394 2427 in
1408 2394 1563 2427 omnibus
1580 2396 1686 2432 vacat,
1703 2402 1812 2435 neque
1831 2392 1986 2426 similiter
2002 2392 2036 2424 in
2051 2392 2181 2425 cunctis
2199 2395 2251 2425 est
2273 2406 2281 2425 ε

1227 2451 1512 2495 quemadmodum
1536 2453 1570 2484 et
1593 2451 1626 2483 in
1655 2450 1795 2483 sanitate
1821 2449 1943 2487 evenit,
1974 2457 2051 2481 nam
2078 2458 2186 2491 quum
2212 2449 2284 2490 ipsa

1228 2507 1271 2540 sit
1298 2507 1444 2546 definita,
1473 2506 1507 2538 in
1528 2505 1720 2539 hominibus
1747 2504 1836 2538 sanis
1867 2506 1981 2546 tamen
2012 2503 2198 2536 intenditur
2225 2505 2285 2536 aut

1229 2563 1412 2596 remittitur
1433 2576 1440 2595 ι
1457 2571 1522 2595 non
1537 2561 1626 2594 enim
1638 2560 1756 2594 eadem
1774 2561 1807 2593 in
1819 2560 1975 2593 omuibus
1991 2559 2191 2603 temperatio
2211 2568 2286 2592 cor-

1227 2619 1318 2662 poris
1345 2620 1379 2652 et
1397 2618 1627 2651 convenientia
1655 2619 1717 2657 est,
1742 2625 1850 2660 neque
1878 2616 1912 2648 in
1936 2614 2052 2648 eodem
2082 2624 2212 2657 semper
2233 2618 2285 2648 est

1228 2685 1310 2714 una,
1338 2674 1397 2707 sed
1428 2673 1527 2706 modo
1556 2674 1590 2706 in
1619 2673 1748 2716 majus,
1771 2671 1872 2706 modo
1893 2672 1928 2705 in
1948 2671 2061 2704 minus
2088 2671 2227 2709 transit,
2250 2672 2284 2703 et

1228 2740 1316 2764 nunc
1340 2730 1462 2772 aliquis
1484 2728 1674 2762 firmissimo
1694 2738 1830 2771 corpore
1851 2730 1914 2768 est,
1930 2737 2019 2761 nunc
2049 2727 2161 2761 minus
2190 2737 2282 2760 com-

1227 2784 1325 2819 moda
1353 2784 1547 2818 valetudine
1572 2785 1690 2818 utitur.
1709 2783 1788 2817 Tale
1814 2783 1916 2826 igitur
1936 2783 2098 2827 quiddam
2123 2783 2224 2816 etiam
2250 2783 2284 2816 in

1227 2841 1456 2883 voluptatibus
1471 2840 1604 2874 evenire
1623 2841 1744 2882 potest.

1268 2899 1356 2939 Quin
1383 2900 1485 2933 etiam
1500 2899 1595 2932 illinc
1616 2898 1828 2941 colligebant,
1845 2899 2053 2942 voluptatem
2077 2898 2202 2932 bonum
2218 2907 2283 2930 non

1226 2969 1325 2993 esse:
1350 2959 1507 3001 voluptas
1532 2960 1584 2992 est
1611 2959 1724 2991 motus
1738 2958 1877 3000 quidam
1902 2960 1935 2991 et
1951 2958 2146 3000 generatio:
2171 2959 2282 2990 motus

1227 3028 1306 3051 vero
1327 3021 1361 3052 et
1379 3018 1547 3060 generatio
1569 3016 1764 3061 imperfecta
1786 3019 1864 3051 sunt
1881 3032 1889 3051 2
1907 3018 1999 3060 quod
2023 3020 2135 3051 autem
2158 3018 2282 3059 imper-

1227 3081 1351 3114 fectum
1379 3082 1442 3119 est,
1468 3089 1534 3113 non
1566 3081 1617 3113 est
1641 3079 1767 3113 bonum
1797 3092 1804 3111 :
1839 3079 1963 3113 bonum
1993 3079 2080 3112 enim
2106 3081 2157 3111 est
2178 3077 2282 3120 perfe-

1227 3143 1319 3173 ctum
1335 3153 1343 3173 ι
1358 3139 1515 3183 voluptas
1529 3148 1607 3183 ergo
1619 3149 1685 3173 non
1701 3141 1753 3173 est
1765 3139 1900 3173 bonum.
1917 3139 2013 3172 Falsa
2033 3140 2143 3172 autem
2164 3147 2279 3170 eorum

138 3322 173 3367 A*
193 3323 272 3368 Gap.
298 3326 328 3358 3.
348 3325 398 3359 Οὐ
416 3326 478 3369 μὴν
501 3326 570 3359 οὐδ’
588 3327 616 3359 εἰ
638 3327 681 3369 μὴ
699 3326 833 3369 κτλζ-
855 3326 893 3346 *²*
913 3326 1057 3368 Λέγουσι
1077 3326 1112 3358 δὲ
1139 3325 1177 3358 τὸ
1195 3325 1253 3367 μὲν
1272 3326 1392 3368 ἀγαθὸν
1410 3326 1550 3370 ὡρίσθαι
1564 3328 1635 3360 κτλ.
1674 3345 1700 3349 —
1735 3326 1794 3346 *⁴¹*
1820 3325 1951 3359 Τέλειὸν
1967 3335 2003 3358 τε
2019 3325 2158 3367 τάγαθὸν
2179 3324 2275 3356 τιθέν·

46 3371 47 3374 ’
111 3379 164 3407 τες
180 3373 251 3404 κτλ.

239 3439 328 3464 rnna.
352 3440 458 3464 cnm.
480 3441 523 3465 ιιι»

2111 3435 2151 3464 35
