2528 3788
6 1959 13 1966 2
0 1740 17 1949 '‘ianus-aemma.
11 1701 17 1730 J>
11 1647 17 1693 -.,⁴

26 1970 29 1971 ¹
24 1662 36 1820 -ι.;κ;.-ι’,·,

102 2353 152 2394 ·Ῑ.
221 2365 248 2392 ι.

1025 183 1091 223 DE
1121 184 1372 225 PLATONE.
2220 188 2267 226 61

109 279 211 320 illas
226 286 408 331 quattuor
428 277 663 330 scriptiones
679 273 1011 328 praegrediuntur.
1028 274 1166 323 Neque

104 339 227 379 ''enim
254 350 411 378 necesse
430 345 503 386 est,
525 350 612 389 quae
643 333 840 387 colloquia
860 356 862 358 v
880 333 965 371 sive
993 341 1167 383 tempore

44 411 65 450 ,ιῗ
120 397 236 452 prius
251 410 367 450 quam
389 398 467 436 alia
488 397 551 436 vel
573 410 596 435 a
610 396 774 435 Platone
796 391 1016 445 perscripta
1038 390 1100 429 vel
1118 390 1167 428 ab

62 502 66 505 ,
104 456 170 497 -iis
191 456 269 509 ,qui
296 457 560 509 colloquentes
594 455 834 494 inducuntur
868 458 1046 490 conserta
1078 458 1168 487 sunt

58 538 73 563 ¹.
99 514 209 562 *live
226 525 455 567 argumento
484 516 572 555 aliis
588 522 679 554 sunt
699 513 832 565 priora
846 541 856 560 ,
878 524 924 550 ea
947 510 1063 548 etiam
1081 517 1169 547 ante

54 574 60 585 “’
103 572 188 615 ‘illa
217 574 342 614 lucem
379 575 593 628 aspexisse.
624 573 874 624 Quapropter
895 571 1061 609 forsitan
1089 582 1168 607 non

40 642 45 653 ‘
102 632 261 672 -infelix
291 634 344 673 sit
377 633 579 686 conjector
612 632 682 684 qui
710 630 946 683 suspicetur,
971 629 1166 675 ordinem,

0 730 1 745 ¹
43 726 51 742 γ,
118 704 201 745 quo
218 692 393 733 Platonis
410 705 530 746 opera
556 692 619 731 vel
644 691 741 730 vivo
761 690 888 729 adhuc
919 697 1077 729 auctore
1106 688 1166 726 vel

0 748 1 766 ἶ
51 756 71 765 “
99 760 274 792 mortuo
299 753 552 805 prodierunt,
586 764 667 790 non
686 750 851 789 multum
880 749 1102 800 discrepare
1121 746 1169 784 ab

43 836 50 863 ³.
117 822 168 850 eo
184 811 256 864 qui
282 810 473 852 Varronis
498 819 538 851 et
564 810 766 862 Thrasylli
786 823 868 847 aevo
895 809 938 847 in
969 807 1170 846 codicibus

119 880 239 910 manu
255 871 425 910 exaratis
448 879 546 911 erat.
566 871 843 909 Verumtamen
868 876 1015 906 tantum
1046 865 1168 914 abest,

120 936 163 968 ut
181 941 426 982 quaecunque
443 936 671 982 comparent
687 928 731 967 in
746 926 950 978 Thrasylli
966 925 1169 974 catalogo,

118 985 202 1027 ea'm
224 988 278 1028 ob
305 1002 387 1028 rem
418 988 590 1039 genuina
622 986 800 1027 Platonis
832 987 979 1038 scripta
997 997 1080 1023 esse
1106 984 1170 1022 di-

97 1058 219 1096 cam,
239 1055 284 1086 ut
307 1047 507 1086 hominem
539 1047 648 1086 nulla
678 1059 722 1085 re
744 1046 875 1084 minus
895 1056 1013 1096 quam
1036 1044 1169 1082 critica

121 1104 298 1146 facultate
312 1107 484 1146 valuisse
506 1107 738 1145 existimem.
755 1104 958 1156 Siquidem
975 1116 1042 1141 eos
1055 1103 1170 1141 etiam

119 1163 298 1217 dialogos
324 1165 550 1205 Platonicos
571 1165 765 1217 judicavit
787 1164 885 1216 (38),
915 1175 1014 1214 quos
1034 1162 1169 1200 docto-

100 1234 208 1262 -rum
227 1224 352 1264 nostri
377 1225 510 1264 saeculi
542 1225 725 1264 virorum
754 1235 918 1262 acumen
937 1235 960 1261 e
977 1221 1172 1260 librorum

121 1279 415 1323 Platonicorum
442 1295 628 1333 ,numero
680 1283 837 1323 exemit.
881 1282 965 1320 Huc
1002 1280 1171 1328 accedit,

123 1341 230 1391 quod
244 1341 412 1394 singulis
433 1341 549 1381 libris
573 1342 769 1394 duplicem
784 1342 940 1380 titulum
962 1341 1176 1391 inscripsit,

102 1419 104 1422 ·
120 1398 301 1450 alterum,
321 1410 366 1440 ut
378 1402 433 1440 ait
447 1401 654 1452 Diogenes,
678 1414 701 1439 a
714 1401 873 1440 nomine
889 1399 988 1452 (39),
1012 1400 1174 1437 alterum

121 1469 147 1496 a
169 1470 213 1498 re
231 1459 403 1501 ductum.
437 1459 483 1498 In
509 1474 590 1512 quo
613 1460 726 1498 valde
761 1459 859 1498 mihi
890 1459 1048 1497 videtur
1080 1470 1176 1509 pec—

121 1520 241 1559 casse.
260 1517 357 1557 Nam
371 1531 492 1570 quum
513 1521 674 1557 nomina
688 1518 893 1557 hominum
911 1519 1074 1569 propria
1089 1530 1177 1568 quae

122 1577 325 1629 titulorum
345 1577 434 1616 loco
460 1577 567 1616 haud
585 1577 708 1616 dubie
724 1577 810 1629 jam
834 1579 883 1615 ab
910 1577 998 1628 ipso
1014 1576 1178 1614 Platone

122 1633 239 1676 libris
258 1636 443 1689 imposita
467 1645 572 1686 sunt,
607 1637 723 1676 novis
741 1637 866 1675 titulis
897 1636 967 1687 qui
996 1635 1178 1685 dialogo-

34 1725 38 1732 ,
102 1707 206 1735 >rum
223 1701 450 1748 argumenta
463 1696 827 1748 complecterentur,
842 1696 1076 1748 explicanda
1092 1708 1176 1734 esse

105 1753 201 1795 -sihi
211 1755 483 1808 persuasisset,
508 1769 709 1807 nunquam
724 1769 770 1795 ea
785 1769 877 1795 usus
901 1764 959 1794 est
975 1755 1171 1802 cautione,

122 1821 167 1852 ut
184 1813 369 1867 pluribus
380 1815 515 1854 verbis
533 1815 705 1854 auctoris
724 1816 767 1854 in
793 1814 1001 1854 scribendo
1021 1813 1177 1863 dialogo

120 1873 332 1917 consilium
363 1875 624 1927 exprimeret,
655 1875 723 1914 sed
750 1888 796 1914 ea
821 1887 938 1926 quam
970 1874 1087 1924 elegit
1115 1874 1177 1911 in-

121 1933 338 1986 scriptione
356 1933 461 1973 haud
483 1947 574 1974 raro
597 1947 621 1973 a
633 1934 812 1973 Platonis
831 1943 959 1972 mente
980 1933 1177 1972 aberravit

119 2002 188 2032 ant
207 2002 359 2047 partem
374 2002 525 2033 tantum
546 1996 765 2047 propositae
784 1993 1013 2045 quaestionis
1034 1992 1174 2042 attigit.

106 2050 208 2098 -Quo
240 2052 383 2092 factum
417 2061 502 2103 est,
530 2061 574 2091 ut
601 2052 715 2092 multi
750 2052 1007 2091 inferioribus
1026 2051 1177 2090 saeculis

119 2112 340 2164 posteriore
351 2111 613 2163 inscriptione
635 2112 680 2150 in
702 2124 878 2150 errorem
897 2111 1050 2150 inducti
1072 2110 1174 2148 male

121 2170 172 2210 de
200 2171 401 2223 plerisque
443 2170 621 2211 Platonis
662 2170 852 2223 operibus
891 2170 1174 2222 judicaverint.

118 2227 218 2269 Sunt
232 2238 360 2269 autem
380 2229 454 2268 hae
471 2229 675 2282 Thrasylli
695 2230 908 2280 tetralogiae
929 2229 1006 2282 (4ο)
1028 2244 1038 2265 :

308 2353 504 2407 Εὖθύφρων
515 2384 527 2402 ,
547 2353 571 2401 ἢ
588 2352 670 2406 περὶ
690 2355 802 2394 ὁσ.ου.

227 2418 257 2446 2.
312 2405 504 2460 Ἀπολογία
523 2406 752 2460 Σωκράτους.
780 2464 783 2466 ‚

106 2535 225 2578 ,νόμων
250 2537 295 2574 εἰς
320 2536 526 2571 δυοκαίδεκα·
553 2536 748 2580 τετραλογίαι
774 2537 809 2569 δὲ
831 2537 937 2577 ἐννέα,
963 2537 1029 2574 ἑνὸς
1055 2537 1178 2578 βιὸλίου

121 2582 231 2626 χώραν
246 2582 420 2625 ἐπεχούσης
439 2587 496 2623 τῆς
513 2584 673 2621 πολιτείας
686 2585 741 2617 καὶ
762 2584 829 2621 ἑνὸς
842 2588 904 2616 τῶν
921 2583 1036 2626 νόμων.
1052 2603 1095 2609 -
1113 2585 1179 2626 (39)

120 2629 284 2673 Diogenes
298 2630 452 2664 Laertius
467 2630 502 2670 l.
523 2631 547 2665 l.
572 2632 695 2669 διπλαῖς
715 2632 749 2665 δὲ
769 2635 881 2674 χρῆται
902 2636 970 2670 ταῖς
997 2633 1180 2676 ἐπιγραφαῖς

21 2700 25 2708 .
64 2714 68 2719 ,
119 2677 257 2711 indevota
270 2679 336 2716 τῶν
353 2678 499 2720 βιὸλίών,
526 2682 566 2722 τῇ
580 2679 636 2721 μὲν
652 2679 716 2712 ἀπὸ
739 2682 796 2712 τοῦ
809 2679 962 2721 ὀνόματος
974 2704 982 2720 ,
1002 2684 1040 2722 τῇ
1060 2681 1093 2713 δὲ
1115 2680 1179 2713 ἀπὸ

118 2727 179 2766 τοῦ
193 2725 388 2768 πράγματος-

10 2792 21 2822 3
59 2790 63 2802 ε
105 2792 110 2799 ·
165 2774 230 2814 (40)
247 2773 412 2815 Diogenes
432 2773 585 2813 Laertius
603 2773 663 2808 lib.
677 2777 728 2809 111
754 2776 849 2808 58-61
868 2775 983 2813 ταύτης
1001 2779 1055 2813 τῆς
1072 2786 1179 2818 τετρα-

105 2819 245 2861 -λογίας,
261 2820 330 2859 ἥτις
350 2820 420 2855 ἐστὶ
435 2821 564 2862 πρώτη,
586 2823 709 2864 ἡγεῖται
729 2822 918 2863 Εὐθύφρων,
941 2823 961 2861 ἢ
987 2823 1057 2863 περὶ
1075 2822 1176 2855 ὁσίου·

110 2866 144 2900 ,ό
156 2867 303 2909 διάλογος
316 2867 344 2901 δ’
355 2868 423 2907 ἐστὶ
438 2869 649 2911 πειραστικός·
672 2869 812 2912 δεύτερος
824 2893 834 2909 ,
860 2870 1028 2910 Ἀπολογία
1054 2870 1179 2912 Σωκρά-

106 2925 190 2954 ιτους
205 2938 216 2956 ,
245 2915 365 2956 ἠθικός·
390 2915 510 2958 τρίτος,
542 2915 687 2959 Κρίτων,
713 2919 733 2957 ἢ
762 2918 830 2960 περὶ
856 2917 1029 2959 πρακτέου,
1058 2918 1176 2957 ἠθικός·

108 2962 281 3005 -τέταρτος,
297 2962 450 3004 Φαίδων,
470 2964 491 3003 ἢ
507 2965 575 3006 περὶ
594 2966 717 3008 ψυχῆς,
734 2965 854 3005 ἠθικός.
879 2965 1019 3007 Δευτέρα
1036 2967 1179 3006 τετραλο-

109 3009 198 3051 -γία,
219 3009 257 3051 ἧς
288 3011 413 3052 ἡγεῖται
434 3012 616 3055 Κρατύλος,
649 3014 671 3052 ἢ
699 3014 769 3056 περὶ
799 3013 963 3055 ὀρθότητος
992 3013 1155 3056 ὀνομάτων
1168 3039 1177 3055 ,

120 3057 256 3100 λογικός·
279 3057 472 3100 Θεαίτητος,
501 3061 522 3099 ἢ
547 3062 616 3103 περὶ
639 3062 834 3103 ἐπιστήμης,
854 3062 1065 3105 πειραστικός·
1082 3064 1177 3104 Σοφιν

121 3106 217 3146 στής,
234 3106 255 3146 ἡ
274 3107 416 3147 περὶτοῦ
433 3106 542 3147 ὄντος,
562 3109 698 3149 λογικός·
723 3109 911 3148 Πολιτικός,
934 3111 954 3148 ἢ
977 3110 1045 3151 περὶ
1077 3111 1176 3151 βασι-

121 3152 206 3191 λείας
216 3177 225 3193 ,
239 3153 379 3195 λογικός.
393 3156 456 3193 Τῆς
469 3155 573 3196 τρίτης
587 3158 710 3197 ἡγεῖται
725 3156 924 3199 Παρμενίδης
933 3182 941 3196 ,
951 3158 971 3195 ἢ
990 3157 1057 3198 περὶ
1073 3158 1176 3198 ἰδεῶν,

122 3199 268 3241 λογικός·
294 3201 500 3243 Φίληόος,,,ἢ
520 3204 590 3245 περὶ
617 3205 749 3245 ἡδονῆς,
769 3205 895 3244 ἠθικός·
931 3205 1130 3247 Συμπόσιον,
1157 3208 1176 3245 ἢ

122 3247 192 3289 περὶ
217 3246 351 3291 ἔρωτος,
376 3249 495 3289 ἠθικός·
519 3252 677 3294 Φαῖδρος,
695 3254 716 3292 ἢ
732 3253 807 3295 περὶ
831 3254 949 3292 καλοῦ,
972 3252 1092 3293 ἠθικός.
1116 3256 1178 3294 Τῆς

121 3295 266 3337 τετάρτης
277 3297 398 3338 ἡγεῖται
411 3296 610 3341 Ἀλκιὸιάδης,
627 3302 648 3339 ἢ
659 3301 726 3343 περὶ
735 3300 901 3343 ἀνθρώπου
916 3301 1050 3342 φύσεως,
1069 3312 1178 3344 μαιευ-

107 3335 431 3383 .·ι’·ικός·Ἆλκιὸιάδης
449 3345 603 3388 δεύτερος,
629 3349 650 3387 ἢ
671 3348 742 3390 περὶ
767 3351 963 3390 προσευχῆς,
987 3351 1176 3390 μαιευτικός·

110 3381 319 3439 ,ΠἽι-τπαρχος,
341 3391 361 3429 ἢ
379 3392 585 3435 φιλοκερδής,
611 3392 731 3436 ἠθικός·
755 3394 976 3438 Ἀντερασταί,
994 3396 1014 3435 ἢ
1039 3397 1107 3439 περὶ
1127 3408 1176 3439 φι-

122 3435 289 3478 λοσοφίας,
304 3437 423 3478 ἠθικός.
436 3441 499 3479 Τῆς
514 3441 657 3482 πέμπτης
671 3443 794 3482 ἡγεῖται
809 3443 930 3484 Θεάγης
943 3466 952 3484 ,
970 3444 990 3483 ἢ
1003 3445 1072 3486 περὶ
1092 3447 1178 3487 φιλο·

1426 272 1587 325 Κρίτων,
1613 273 1635 320 ἢ
1656 274 1736 327 περὶ
1756 276 1927 327 πρακτοῦ.

1424 331 1599 383 Φαίδων,
1617 332 1639 378 ἢ
1659 332 1738 385 περὶ
1757 334 1888 386 ψυχῆς.

1423 391 1603 442 Κρατύλος
1618 422 1628 442 ,
1650 391 1672 438 ἢ
1694 392 1775 444 περὶ
1794 391 1977 444 ὀρθότητος
2001 389 2197 442 ὀνομάτων.

1425 450 1635 499 Θεαίτητος,
1655 450 1678 497 ἢ
1696 451 1775 503 περὶ
1797 451 2006 502 ἐπιστήμης.

1423 509 1617 561 Σοφιστής,
1635 508 1658 557 ἢ
1676 509 1755 563 περὶ
1772 513 1832 548 τοῦ
1848 508 1956 554 ὄντος.

1426 569 1634 617 Πολιτικός,
1651 569 1673 616 ἢ
1693 569 1773 623 περὶ
1795 569 1986 622 βασιλείας.

1229 627 1301 668 III.
1346 642 1376 667 9.
1437 628 1692 681 Παρμενίδης,
1713 627 1737 676 ἢ
1756 628 1837 682 περὶ
1857 629 1972 668 ἰδεῶν.

1309 688 1311 690 ’
1339 699 1386 726 10.
1431 686 1615 736 Φίληὸος,
1642 687 1665 735 ἢ
1687 688 1768 740 περὶ
1788 688 1925 735 ἡδονῆς.

1338 759 1384 786 11.
1426 745 1656 797 Συμπόσιον,
1678 746 1702 793 ἢ
1721 745 1803 798 περὶ
1824 746 1960 798 ἔρωτος.

1341 819 1390 845 12.
1429 805 1588 857 Φαῖδρος
1603 835 1613 852 ,
1634 804 1657 851 ἢ
1677 805 1757 857 περὶ
1774 806 1897 844 καλοῦ.

1232 866 1294 903 lv.
1343 879 1391 905 13.
1437 863 1666 913 Ἀλκιὸιάδης
1685 866 1846 917 πρῶτος,
1866 862 1888 910 ἢ
1909 862 1991 916 περὶ
2015 861 2198 915 ἀνθρώπου
2219 862 2279 915 φύ-

1333 285 1368 609 99999ῗὲ

1493 940 1595 969 σεως.

1343 998 1390 1025 14.
1438 984 1662 1031 Ἀλκιὸιάδης
1680 982 1856 1035 δεύτερος,
1878 982 1899 1029 ἢ
1921 981 2002 1034 περὶ
2021 985 2230 1034 προσευχῆς.

1341 1059 1388 1085 15.
1433 1043 1660 1096 Ἵππαρχος,
1681 1042 1704 1090 ἢ
1727 1042 1951 1096 φιλοκερδής.

1342 1118 1388 1143 16.
1434 1102 1683 1156 Ἀντερασταί,
1705 1102 1728 1149 ἢ
1749 1102 1829 1155 περὶ
1843 1101 2064 1155 φιλοσοφίας.

1340 1177 1387 1204 17.
1432 1164 1597 1215 Θεάγης,
1618 1161 1640 1210 ἢ
1662 1162 1743 1215 περὶ
1766 1162 1901 1215 σοφίας.

1343 1237 1389 1263 18.
1431 1222 1640 1276 Χαρμίδης,
1664 1221 1688 1269 ἢ
1708 1220 1790 1274 περὶ
1813 1219 2055 1274 σωφροσύνης.

1344 1295 1393 1323 m.
1426 1281 1575 1334 Λάχης,
1598 1279 1622 1328 ἢ
1642 1280 1722 1334 περὶ
1743 1279 1918 1334 ἀνδρείας.

1345 1355 1395 1382 20.
1427 1341 1557 1390 Λύσις,
1581 1340 1702 1394 ἢπερὶ
1722 1339 1852 1394 φιλίας.

1235 1401 1302 1442 Vl.
1347 1416 1398 1443 21.
1429 1400 1657 1453 Εὐθύδημος,
1676 1399 1700 1447 ἢ
1720 1398 1906 1453 ἐριστικός.

1343 1475 1395 1501 22.
1425 1459 1671 1514 Πρωταγόρας
1686 1489 1698 1511 ,
1719 1457 1742 1506 ἢ
1760 1457 1940 1512 σοφισταί.

1343 1534 1395 1563 23.
1424 1519 1595 1572 Γοργίας,
1612 1517 1635 1566 ἢ
1655 1518 1737 1572 περὶ
1759 1520 1960 1572 ῥητορικῆς.

1344 1593 1395 1621 24.
1425 1578 1577 1630 Μένων,
1597 1578 1621 1626 ἢ
1640 1577 1723 1632 περὶ
1743 1579 1885 1631 ἀρετῆς.

1235 1639 1319 1681 Vll.
1343 1654 1392 1679 25.
1424 1638 1567 1684 Ἱππίας
1586 1640 1722 1691 πρῶτος
1743 1637 1891 1689 [μείζων
1900 1639 1928 1690 ],
1945 1637 1968 1685 ἢ
1986 1637 2067 1691 περὶ
2085 1639 2146 1676 τοῦ
2168 1637 2291 1676 καλοῦ.

1364 1711 1394 1738 6.
1430 1696 1573 1741 Ἱππίας
1590 1696 1748 1749 δεύτερος
1765 1695 1939 1747 [ἐλάττων
1950 1696 1978 1747 ],
1997 1695 2020 1743 ἢ
2039 1695 2192 1749 περὶτοῦ
2210 1694 2295 1748 ψεύ-

1487 1756 1578 1799 δους.

1348 1828 1399 1857 27.
1429 1814 1513 1855 Ἴων
1528 1844 1539 1864 ,
1561 1813 1585 1862 ἢ
1606 1815 1688 1868 περὶ
1709 1814 1874 1858 Ἰλιάδος.

1345 1879 1396 1915 22'3.
1429 1873 1620 1920 Μενέξενος
1634 1903 1645 1923 ,
1666 1873 1690 1921 ἢ
1712 1873 1909 1926 ἐπιτάφιος.

1238 1934 1340 1975 VIII.
1355 1948 1402 1975 29.
1434 1935 1639 1984 Κλειτοφῶν
1651 1963 1662 1983 ,
1687 1933 1711 1982 ἢ
1731 1932 1997 1988 προτρεπτικός.

1346 2007 1394 2035 30.
1429 1992 1625 2041 Πολιτεία,
1647 1991 1670 2040 ἢ
1691 1992 1774 2046 περὶ
1794 1992 1944 2033 δικαίου.

1347 2065 1398 2092 31.
1428 2051 1604 2103 Τίμαιος,
1626 2050 1649 2098 ἢ
1667 2051 1751 2103 περὶ
1772 2050 1923 2104 φύσεως,

1347 2124 1398 2151 32.
1432 2111 1605 2165 Κριτίας,
1626 2110 1649 2158 ἢ
1666 2109 1903 2154 Ἀτλαντικός.

1242 2169 1308 2210 ΙΧ.
1350 2183 1396 2210 33.
1425 2171 1570 2219 Μίνως,
1589 2169 1612 2217 ἢ
1633 2169 1715 2222 περὶ
1734 2168 1857 2221 νόμου.

1346 2243 1393 2269 34.
1424 2228 1562 2280 Νόμοι,
1583 2228 1607 2276 ἢ
1628 2228 1709 2281 περὶ
1729 2227 1945 2278 νομοθεσίας.

1345 2301 1396 2330 35.
1428 2287 1640 2338 Ἐπινομίς,
1667 2287 1691 2335 ἢ
1719 2286 1917 2339 νυκτερινὸς
1937 2286 2168 2338 σύλλογος,ἢ
2202 2287 2298 2339 φιλό-

1482 2363 1523 2386 σο
1550 2363 1596 2391 ος.

1346 2421 1394 2447 36.
1424 2363 1644 2447 Ἐπιῖτολαὶ
1666 2405 1912 2460 τρισκαίδεκα.

1241 2535 1372 2578 σοφίας,
1391 2533 1575 2576 μαιευτικός
1586 2543 1594 2551 ·
1608 2532 1770 2575 Χαρμίδης
1783 2557 1793 2573 ,
1811 2535 1832 2573 ἢ
1849 2535 1919 2576 περὶ
1936 2534 2161 2576 σωφροσύνης,
2183 2546 2293 2573 πειρα-

1242 2583 1367 2621 στικός·
1383 2583 1494 2625 Λάχης
1505 2606 1516 2623 ,
1529 2583 1550 2621 ἢ
1568 2582 1638 2623 περὶ
1658 2581 1799 2624 ἀνδρείας
1809 2605 1820 2622 ,
1839 2581 2034 2623 μαιευτικός.
2058 2582 2174 2624 Λύσις,
2188 2584 2208 2623 ἢ
2223 2585 2295 2627 περὶ

1242 2634 1364 2674 φιλίας,
1387 2632 1577 2673 μαιευτικός.
1593 2632 1658 2670 Τῆς
1684 2631 1775 2670 ἕκτης
1801 2633 1922 2672 ἡγεῖται
1952 2631 2158 2672 Εὐθύδημος,
2188 2632 2208 2670 ἢ
2240 2632 2300 2673 ἐρι-

1240 2680 1347 2718 στικός
1359 2705 1368 2722 ,
1389 2678 1611 2722 ἀνατρεπτικός
1624 2689 1632 2698 ·
1644 2679 1873 2721 Πρωταγόρας,
1887 2681 1909 2718 ἢ
1921 2680 2084 2720 Σοφισταί,
2100 2679 2300 2716 ἐνδεικτικός·

1242 2729 1412 2772 Γοργίας,ἢ
1428 2728 1508 2771 >περὶ
1535 2729 1717 2771 ῥητορικῆς,
1750 2727 1994 2770 ἀνατρεπτικός·
2026 2728 2159 2769 Μένων,
2178 2729 2199 2767 ἢ
2231 2728 2300 2770 περὶ

1243 2777 1374 2818 ἀρετῆς,
1399 2775 1615 2817 πειραστικός.
1647 2778 1711 2816 Τῆς
1740 2775 1876 2817 ἑὸδόμης
1911 2778 2062 2817 ἡγοῦνται
2078 2777 2200 2809 Ἱππίαι
2232 2777 2299 2810 δύο·

1243 2826 1384 2865 πρῶτος,
1400 2823 1422 2862 ἢ
1437 2823 1507 2864 περὶ
1537 2826 1594 2856 τοῦ
1620 2825 1732 2856 καλοῦ·
1753 2822 1896 2864 δεύτερος
1907 2848 1917 2864 ,
1930 2824 1950 2863 ἢ
1967 2825 2037 2866 περὶ
2059 2828 2117 2857 τοῦ
2146 2824 2298 2866 ψεύδους,

1243 2870 1474 2914 ἀνατρεπτικοί·
1487 2870 1572 2912 Ἴων,
1590 2872 1610 2911 ἢ
1623 2871 1692 2914 περὶ
1713 2870 1864 2911 Ἰλιάδος,
1881 2872 2097 2915 πειραστικός·
2120 2873 2298 2914 Μενέξενος,

1241 2921 1261 2959 ὴ
1281 2920 1456 2962 ἐπιτάφιος,
1470 2919 1589 2959 ἠθικός.
1603 2921 1667 2959 Τῆς
1683 2918 1795 2961 ὀγδόης
1817 2921 1942 2961 ἡγεῖται
1959 2921 2157 2961 Κλειτοφῶν,
2181 2920 2201 2958 ἢ
2220 2931 2299 2962 προο

1241 2967 1422 3010 τρεπτικός,
1447 2967 1567 3007 ἠθικός·
1594 2967 1769 3009 Πολιτεία,
1791 2968 1812 3007 ἢ
1838 2969 1909 3010 περὶ
1938 2968 2086 3009 δικαίου,
2122 2967 2295 3006 πολιτικός.

1241 3016 1392 3058 Τίμαιος,
1414 3017 1435 3056 ἢ
1460 3016 1529 3058 περὶ
1554 3017 1694 3059 φύσεως,
1711 3015 1854 3056 φυσικός·
1883 3015 2032 3058 Κριτίας,
2053 3017 2074 3056 ἢ
2088 3014 2295 3056 Ἀτλαντικός,

1242 3063 1361 3103 ἠθικός.
1371 3066 1436 3103 Τῆς
1450 3063 1575 3102 ἑννάτης
1589 3065 1713 3103 ἡγεῖται
1730 3064 1836 3101 Μίνως
1847 3088 1856 3105 ,
1872 3065 1892 3104 ἢ
1905 3065 1975 3107 περὶ
1989 3065 2100 3107 νόμου,
2116 3063 2277 3100 πολιτικός
2290 3075 2299 3084 ·

1243 3112 1358 3154 Νόμοι,
1380 3114 1402 3153 ἢ
1431 3112 1500 3154 περὶ
1528 3112 1731 3154 νομοθεσίας,
1758 3113 1931 3150 πολιτικός·
1974 3112 2155 3155 Ἐπινομίς,
2195 3114 2216 3151 ἢ
2244 3123 2297 3144 νυ-

1240 3161 1374 3202 κτερινὸς
1417 3160 1587 3202 σύλλογος,
1623 3161 1643 3199 ἢ
1677 3160 1867 3202 φιλόσοφος,
1908 3160 2081 3198 πολιτικός·
2108 3160 2300 3192 Ἐπιστολαὶ

1241 3208 1444 3251 τρισκαίδεκα
1455 3232 1466 3250 ,
1487 3209 1608 3249 ἠθικαί·
1633 3210 1665 3242 ἐν
1679 3210 1728 3247 αῖς
1748 3209 1896 3251 ἔγραφεν,
1913 3209 1958 3242 Εὖ
1969 3210 2127 3252 πράττειν·
2147 3208 2298 3240 Ἐπίκου-

1241 3267 1292 3299 ρος
1305 3256 1350 3297 δέ,
1366 3255 1412 3289 Εὖ
1423 3256 1556 3299 διάγειν·
1573 3258 1698 3295 Κλέων,
1716 3256 1853 3298 Χαίρειν·
1875 3257 1951 3298 πρὸς
1967 3256 2189 3299 Ἀριστόδημον
2199 3279 2207 3294 ,
2231 3255 2298 3294 μία·

1241 3303 1316 3345 πρὸς
1346 3302 1510 3346 Ἀρχύταν,
1537 3304 1612 3338 δύο·
1643 3304 1719 3347 πρὸς
1749 3304 1928 3345 Διονύσιον,
1953 3305 2112 3344 τέτταρες·-
2137 3303 2213 3343 πρὸς
2231 3301 2300 3342 Ἑρ·

1241 3351 1352 3393 μείαν,
1381 3353 1436 3384 καὶ
1455 3352 1630 3395 Ἔραστον,
1660 3354 1714 3386 καὶ
1747 3351 1928 3395 Κορίσκον,
1965 3352 2034 3394 μία·
2062 3351 2139 3391 πρὸς
2165 3348 2297 3382 Λεωδά-

1242 3410 1361 3441 μαντα,
1395 3400 1462 3441 μία·
1502 3402 1578 3444 πρὸς
1609 3400 1735 3442 Δίωνα,
1765 3400 1835 3443 μία·
1875 3401 1951 3442 πρὸς
1986 3398 2165 3441 Περδίκκαν
2178 3421 2186 3436 ι
2227 3396 2296 3438 95⁰²*

1243 3449 1318 3490 πρὸς
1338 3449 1410 3485 τοὺς
1429 3445 1548 3487 Δίωνος
1567 3449 1724 3490 οἰκείους,
1736 3448 1805 3481 δύο.
1832 3449 1893 3481 Καὶ
1908 3447 2002 3483 οὗτος
2026 3446 2082 3486 μὲν
2100 3445 2189 3478 οὕτω
2211 3445 2297 3478 διαι-
