2508 3776
638 170 944 213 ETHICORUM
973 170 1426 214 NICOMACHEORUM
1456 173 1835 217 PARAPHRASIS.

91 278 94 284 ·
111 263 113 265 ’
148 258 202 313 τῦ
218 259 376 315 φιλοῦντι
394 257 440 299 τὰ
460 258 588 312 ἀγαθά·
606 262 626 301 ὃ
642 259 679 299 δὲ
695 261 804 314 φιλῶν
820 291 831 312 ,
850 260 933 315 φέρε
953 261 1078 310 εἰπεῖν,
1095 252 1203 309 οἶνον,

150 315 232 360 οὗτε
250 319 336 372 παρ’
355 319 462 358 αὐτοῦ
494 321 746 373 ἀντιφιλεῖται,
777 320 858 361 οὔτε
874 324 924 375 τῷ
941 320 1023 375 οἴνῳ
1041 321 1205 374 βούλεται

150 375 198 429 (ἢ
213 377 345 431 ιιίγιιθά·
364 379 499 432 γελοῖον
519 378 601 433 γάρ·
621 380 699 418 ἀλλ’
724 379 823 434 εἴπερ
842 381 1015 426 σώζεσθαι
1040 380 1204 433 βούλεται

63 429 138 494 ‘⁷⁷23
148 436 282 489 Ιῦτόν,
301 439 366 477 οὐκ
386 440 492 478 αὐτοῦ
513 439 617 479 ἕνεκα
642 442 702 478 τοῦ
731 439 844 489 οἴνου,
864 440 956 479 ἀλλὰ
983 440 1028 480 δι’
1057 440 1200 490 ἑαυτόν,

6 508 11 518 ⁴
35 510 49 547 j
142 493 208 539 ,ἵνα
227 496 364 542 αἴρως’
346 514 424 552 εχῃ·
444 502 495 539 τῶ
515 499 551 538 δὲ
573 499 664 554 φίλῳ
685 499 883 552 βουλόμεθα
904 498 948 538 τὰ
964 500 1079 551 ἀγαθὰ
1098 502 1203 540 αὐτοῦ

71 582 116 622 ἶ,-
148 555 266 659 ἔιᾶιίια·
287 557 345 597 διὰ
371 563 473 598 τοῦτο
503 562 526 607 ἡ
553 558 639 613 πρὸς
667 557 712 598 τὰ
733 558 856 622 ἀψυχα
877 559 1017 612 φίλησις
1043 560 1107 599 οὐκ
1128 559 1202 599 ἔστι

9 635 10 638 ,
146 629 175 670 φ
224 632 247 656 α

203 676 220 696 ¹*
237 674 324 718 Ἔτι
336 676 374 717 δὲ
394 677 473 718 οὗδὲ
500 677 532 717 εἴ
555 693 608 723 τις
623 678 806 732 ἄνθρωπον
821 677 938 731 φιλοίη
959 677 1020 716 καὶ
1042 679 1203 731 βούλοιτο

147 736 245 791 αὓτῷ
258 735 305 776 τὰ
321 737 459 790 ἀγαθά,
477 738 520 777 τὸ
540 753 695 778 τοιουτον
718 736 856 791 ἀνάγκη
876 737 996 790 φιλίαν
1024 731 1130 777 εἶναι·
1149 740 1201 778 δεῖ

47 833 50 836 ⁴
148 794 219 851 γὰρ
236 795 299 836 καὶ
329 797 588 851 ἀντιφιλεῖσθαι
621 796 761 848 ὁμοίως·
784 798 814 836 εἰ
833 796 870 835 δὲ
899 796 972 849 μή,
995 799 1034 837 οὗ
1052 797 1182 852 φίλος’
1167 815 1202 837 ε-

71 870 90 917 2:
149 854 250 904 στίν,
266 857 345 896 ἀλλ’
364 854 484 900 εὔνους
502 871 554 901 τις
566 856 611 895 λέ
594 872 726 910 ε.γεται

86 943 90 945 -
202 914 236 932 “
255 913 454 967 Συμὸαίνει
473 915 511 955 δι’
530 931 626 961 τινας
643 916 875 959 λανθάνοντας
892 916 1064 964 ἀλλήλους
1087 919 1199 978 φιλεῖν

148 970 390 1018 δπολαὸόντας
422 973 574 1025 ἀγαθούς
606 991 726 1023 τινας,
766 975 825 1014 καὶ
858 975 1056 1028 χρησίμους
1089 979 1199 1024 εἶναι,

147 1031 222 1074 καὶ·
218 1033 412 1083 -ἔπιιυιεῒς,
433 1034 494 1074 καὶ
515 1035 700 1087 βούλεσθαι
716 1035 882 1084 ἀλλήλοις
901 1035 946 1074 τὰ
966 1035 1096 1088 ἀγαθά·
1119 1035 1201 1074 τού·

147 1107 227 1139 τους
251 1092 296 1142 δὴ
315 1093 445 1147 κυρίως
474 1093 538 1146 μὲν
559 1095 681 1148 φίλους
701 1096 764 1135 οὐκ
793 1096 833 1135 ἄν
852 1111 902 1141 τις
924 1095 1038 1144 εἴποι,
1064 1096 1118 1134 δτι
1140 1096 1204 1135 οὐκ

146 1151 247 1193 ἴσασι
265 1153 488 1208 φιλούμενοι,
507 1155 585 1194 οὐδὲ
599 1157 647 1200 ὡς
665 1155 785 1208 ἔχουσι
811 1155 898 1208 πρὸς
928 1155 1115 1204 ἀλλήλους·
1138 1155 1199 1196 εὔ-

146 1227 227 1259 νους
246 1212 283 1252 δὲ
310 1213 476 1262 ἀλλήλοις
495 1215 587 1254 εἴποι
605 1230 656 1259 τις
676 1215 732 1253 ἄν·
752 1213 832 1253 οὔτε
849 1214 963 1254 τοίνυν
979 1219 1002 1263 ἡ
1018 1217 1088 1253 τῶν
1106 1215 1202 1270 ἀψύ-

147 1289 223 1328 χων
245 1272 384 1328 φίλησις
401 1273 533 1328 φιλία’
517 1274 628 1323 εστίν,
645 1274 724 1314 οὔτε
747 1279 768 1323 ἡ
786 1292 854 1314 των
877 1274 1088 1328 ἀνθρώπων,
1109 1276 1194 1315 ὅταν

147 1333 240 1378 τινὸς
259 1331 404 1386 ἐλλείπῃ
422 1337 490 1372 τῶν
508 1334 717 1388 εἰρημένων.
741 1335 848 1374 Ἀλλὰ
868 1335 1002 1389 φιλία’
987 1351 1102 1385 εστιν,
1119 1335 1201 1375 ὅταν

149 1393 318 1443 ἀλλήλοις
338 1394 502 1434 εὖνοῶσιν
518 1394 575 1447 ,ἢ
604 1394 660 1434 διὰ
689 1395 728 1434 τὸ
751 1395 901 1447 ἀγαθόν,
922 1394 947 1443 ἢ
969 1395 1027 1435 διὰ
1047 1394 1088 1434 τὸ
1106 1395 1172 1443 ἡδύ
1189 1424 1202 1444 ,

147 1451 173 1501 ἢ
185 1450 288 1493 διὰ
255 1469 296 1494 το
309 1454 509 1508 χρήσιμον,
527 1453 588 1494 καὶ
605 1455 801 1507 βούλωνται
819 1454 984 1503 ἀλλήλοις
1003 1454 1049 1494 τὰ
1067 1454 1199 1508 ἀγαθά,

147 1513 211 1553 καὶ
229 1513 269 1554 οὔ
289 1513 510 1554 λανθάνωσιν
533 1514 707 1561 ἀλλήλους
727 1516 926 1569 φιλοῦντες.

201 1571 256 1591 ***
274 1570 395 1614 ’οτιο
413 1565 533 1624 μὲν
491 1588 552 1612 ουν
575 1573 649 1612 ἐστι
671 1573 768 1628 φιλία
785 1574 932 1626 εἴρηται·
948 1573 1095 1628 φανερὸν
1111 1573 1148 1614 δὲ
1164 1575 1204 1615 ἐκ

68 1673 86 1688 q„
145 1633 217 1674 τῦν
235 1632 432 1686 εἰρημένων
451 1633 506 1672 ὅτι
519 1648 580 1672 και
594 1631 675 1686 τρία
696 1633 771 1681 εἴδη
786 1634 919 1688 φιλίας·
934 1634 1011 1674 ε’πεὶ
1030 1634 1098 1687 γὰρ
1120 1635 1202 1688 τρία

147 1689 328 1742 ‘uiuit'
308 1690 352 1731 σι’
372 1690 548 1744 ἃ-γίνεται
568 1694 592 1740 ἡ
615 1691 731 1746 φιλία,
752 1692 792 1732 τὸ
810 1692 898 1740 ἡδύ,
922 1692 963 1732 τὸ
985 1692 1115 1746 ἀγαθόν
1128 1723 1139 1742 ,
1162 1693 1203 1732 τὸ

144 1749 341 1806 χρήσιμον,
369 1749 431 1791 καὶ
458 1750 662 1805 διαφέρουσι
691 1754 803 1790 ταῦτα
836 1752 999 1801 ἀλλήλων
1025 1756 1075 1807 τῷ
1096 1753 1202 1803 εἴδει,

145 1809 343 1865 ἰσαρίθμοις
370 1812 443 1856 τοῖς
461 1812 621 1864 φιλητοῖς
649 1810 710 1850 καὶ
732 1814 754 1859 ἡ
785 1811 897 1865 φιλία.
930 1814 1022 1852 Καθ’
1053 1812 1200 1852 ἕκαστον

144 1868 214 1926 γὰρ
228 1871 299 1911 τῶν
319 1872 476 1926 φιλητῶν
493 1871 638 1912 δυνατὸν
656 1870 777 1925 φιλίαν
796 1871 978 1923 γενέσθαι,
998 1871 1078 1921 ἤτοι
1099 1873 1200 1928 φίλη-

143 1943 203 1971 ’σιν
222 1929 274 1984 μὴ
294 1931 536 1973 λανθάνουσαν
548 1961 559 1980 ,
582 1931 643 1971 καὶ
662 1931 902 1986 ἀντιφίλησιν.

200 1989 278 2010 ““
294 1988 382 2032 'Eu
395 1991 504 2032 δὲκαὶ
516 1991 682 2045 βούλησιν
698 1991 864 2039 ἀλλήλοις
877 1993 947 2031 τῶν
962 1993 1113 2046 ἀγαθῶν·
1124 1992 1203 2036 καθ’

145 2048 227 2092 ὅσον
247 2051 262 2078 ¹
277 2050 348 2107 γάρ
364 2067 401 2092 τι
418 2053 588 2106 φιλοῦμεν
605 2080 617 2100 ,
640 2051 838 2104 βουλόμεθα
858 2051 980 2106 ἐκείνῳ
998 2052 1039 2091 τὸ
1056 2051 1201 2106 ἀγαθόν.

144 2108 242 2163 Τρία
261 2109 331 2164 ἄρα
350 2111 427 2159 εἴδη
446 2109 576 2165 φιλίας,
599 2109 693 2150 κατὰ
716 2109 756 2149 τὸ
772 2111 926 2163 ἀγαθόν,
939 2110 1034 2150 κατὰ
1052 2110 1092 2149 τὸ
1108 2110 1196 2164 ἡδύ,

145 2168 316 2213 καὶκατὰ
334 2169 375 2210 τὸ
386 2171 579 2225 χρήσιμον.

203 2229 379 2284 (Scripsi
401 2236 446 2269 ι·
473 2229 648 2283 οὖρανόν]
682 2230 772 2272 cod.
809 2229 970 2283 οὗρανον.
1007 2229 1201 2269 Caeterum

147 2289 292 2330 horum
333 2303 522 2330 versuum
549 2290 702 2329 initium
745 2291 888 2329 citatur
920 2292 1033 2328 etiam
1069 2290 1200 2341 Magn.

147 2348 249 2391 Mor.
270 2348 326 2399 ΙΙ,
361 2362 403 2387 ιι
439 2357 478 2388 et
503 2347 666 2389 Eudem.
691 2347 778 2400 Vll,
813 2363 847 2389 1.
869 2349 1047 2400 Integros
1068 2362 1200 2388 serva-

145 2415 240 2448 runt
259 2407 469 2447 Athenaeus
492 2406 587 2448 Xlll
613 2421 651 2460 p.
685 2408 763 2460 599
783 2416 822 2447 et
849 2409 994 2447 omisso
1025 2410 1199 2448 auctoris

147 2467 310 2520 nomine
343 2467 523 2508 Stobaeus
554 2468 638 2508 Ecl.
675 2467 798 2520 Phys.
833 2467 851 2506 l
882 2483 921 2521 p.
959 2470 1052 2509 268.
1086 2469 1200 2509 Conf-

54 2544 61 2566 ;
148 2527 284 2580 fragm.
302 2528 381 2567 fab.
397 2527 478 2570 inc.
500 2528 606 2581 apud
623 2527 860 2579 Wagnerum
878 2542 915 2581 p.
938 2529 1014 2567 826
1035 2537 1075 2567 et
1093 2528 1198 2569 Phil.

53 2585 78 2611 Γ
146 2585 271 2628 Graec
300 2585 456 2639 Fragm
481 2587 560 2627 vol.
581 2586 620 2626 11
652 2601 692 2640 p.
718 2586 825 2628 LXII
858 2587 950 2641 Ἐρᾷ
975 2586 1038 2639 μὲν
1066 2586 1202 2640 ὅμὸρου

70 2647 75 2678 -’
146 2647 220 2700 γαῖ’
234 2646 288 2687 ὅτ’
305 2645 348 2687 ἂν
369 2646 470 2701 ξηρὸν
502 2648 608 2687 πέδον
626 2645 805 2701 Ἀκαρπον
830 2648 959 2701 αὐχμῶ
980 2647 1113 2692 νοτίδος
1142 2650 1199 2687 ἐν·

49 2695 79 2761 ,λζ
117 2709 125 2725 ’
146 2705 232 2752 διῶς
247 2705 331 2761 ἔχῃ·
355 2705 449 2761 Ἔρᾷ
469 2707 532 2746 δ’ὁ
552 2707 677 2757 σεμνὸς
692 2706 853 2760 οὐρανός,
875 2708 1115 2761 πληρούμενος
1134 2706 1204 2758 ὅμ-

55 2764 84 2804 ’ᾱ
148 2765 259 2821 ὅρου,
285 2771 407 2807 πεσεῖν
435 2768 483 2811 εἷς
507 2772 633 2819 γαῖαν,
661 2766 865 2821 Ἀφροδίτης
887 2767 998 2812 πόσις.
1022 2765 1141 2808 ’Ὀταν
1164 2767 1202 2805 δὲ

74 2824 91 2836 ’”
148 2828 394 2880 συμμιχθῆτον
412 2827 460 2871 εἷς
475 2825 600 2865 ταυτὸν
627 2823 709 2874 δύο,
734 2825 924 2866 Τίκτουσιν
952 2830 1038 2879 ἡμῖν
1069 2826 1200 2866 πάντα·

147 2884 383 2940 κάκτρέφουσ’
405 2884 495 2938 ἅμα,
511 2884 622 2926 ’Ὀθεν
641 2885 797 2939 βρότειον
813 2888 855 2939 ζῇ
875 2902 909 2925 τε
927 2886 988 2926 καὶ
1004 2886 1126 2926 θάλλει
1141 2885 1204 2938 γε’·

48 2958 102 2993 ι,ι
146 2960 217 2990 νος.
241 2945 332 2976 —'¹'
351 2943 601 2999 Ἡράκλειτος]
622 2945 683 2986 Cf.
722 2947 832 2986 Plato
855 2947 1025 2989 Conviv.
1049 2962 1089 3000 p.
1127 2947 1199 2995 187

47 3002 53 3005 ’
76 3013 80 3031 ³
146 3003 188 3045 τὸ
209 3003 246 3044 ἓν
265 3003 335 3059 γάρ
351 3020 438 3060 φησι
455 3006 703 3061 διαφερόμενον
725 3007 810 3047 αὐτὸ
831 3010 928 3062 αὑτῷ
953 3007 1200 3062 ξυμφέρεσθαι.

83 3066 89 3082 “
149 3063 292 3106 Sextus
319 3064 544 3119 Empiricus
573 3067 695 3120 Pyrh.
722 3068 868 3122 Hypot.
901 3070 919 3109 1
948 3083 978 3108 c.
1005 3082 1056 3119 29
1079 3069 1103 3119 S
1125 3074 1203 3106 210'

145 3137 189 3180 Ρ.
206 3125 256 3164 53
277 3126 340 3166 ed.
363 3125 518 3167 Fabric.
543 3127 712 3167 τάναντία
735 3128 815 3182 περὶ
836 3128 875 3168 τὸ
895 3128 980 3168 αὐτὸ
1012 3128 1199 3181 ὑπάρχειν.

149 3183 236 3224 Vid.
246 3183 355 3228 Phil.
373 3185 499 3226 Graec.
523 3186 674 3238 Fragm.
699 3188 778 3228 vol.
799 3187 814 3226 I
836 3203 877 3239 p.
900 3189 990 3227 318.
1009 3193 1088 3218 -θ
1107 3187 1203 3237 Ἔμ·

43 3244 47 3249 ’
99 3307 106 3309 -
148 3243 347 3300 πιὸοιιλῆς]
368 3246 457 3288 vid.
486 3247 589 3287 Phil.
624 3248 746 3289 Graec.
775 3247 928 3299 Fragm.
949 3249 1029 3288 vol.
1047 3248 1064 3287 l
1083 3261 1123 3301 p.
1151 3261 1199 3286 ιο

190 3400 210 3420 ⁴²
229 3400 312 3439 Τους
326 3401 361 3434 δὲ
376 3403 592 3445 βουλομενους
608 3404 680 3436 κτλ.
704 3421 746 3428 -

147 3448 213 3482 λων
227 3450 298 3482 κτλ.
317 3465 360 3474 -
378 3449 412 3467 *¹
401 3451 459 3470 ¹⁴¹*
477 3451 519 3484 Οἱ
537 3451 571 3484 δὲ
585 3452 753 3494 φιλοῦντες
765 3452 836 3485 κτλ.

2238 179 2319 219 493

1265 265 1413 300 vicissim
1431 267 1541 301 omnia
1559 267 1643 302 bona
1665 269 1790 303 amanti
1817 270 1911 313 optat
1937 279 1946 303 ε
1972 269 2033 314 qui
2051 278 2151 310 vero,
2179 271 2323 314 exempli

1265 327 1386 370 gratia,
1406 327 1521 361 vinum
1541 331 1651 368 amat,
1674 339 1782 373 neque
1804 330 1953 364 vicissim
1975 330 2018 364 ab
2034 340 2074 365 eo
2090 332 2240 370 amatur.
2262 340 2323 365 ne-

1265 396 1331 430 que
1349 387 1533 431 quidquam
1551 388 1626 422 boni
1637 391 1732 432 optat
1745 389 1823 423 vino
1839 400 1847 424 z
1863 390 1986 434 quippe
2004 390 2040 424 id
2055 390 2235 424 ridiculum
2248 392 2319 424 est:

1265 457 1342 480 nam
1367 448 1396 481 si
1420 449 1608 482 conservari
1628 450 1703 483 vult
1721 450 1854 492 vinum,
1876 460 1943 485 non
1964 451 2034 486 vini
2057 461 2157 486 causa
2172 452 2207 486 id
2227 451 2320 491 vult,

1266 507 1324 540 sed
1340 517 1416 547 sua,
1445 510 1483 541 ut
1500 508 1659 542 nimirum
1681 509 1751 553 ipse
1772 509 1907 544 fruatur
1929 523 1938 545 ε
1971 511 2079 545 amico
2101 513 2216 545 autem
2237 511 2323 544 bona

1264 565 1370 609 ipsius
1383 576 1484 600 causa
1501 570 1656 611 optamus
1671 579 1679 601 ε
1698 569 1839 613 ideoque
1851 579 1945 604 amor
1959 580 2028 615 quo
2043 570 2189 605 inanima
2208 579 2323 614 prose-

1264 625 1411 668 quimur,
1435 630 1564 661 nonest
1587 628 1745 663 amicitia.

1305 686 1471 720 Praeterea
1493 696 1601 730 neque
1626 687 1655 721 si
1676 688 1753 730 quis
1782 688 1951 722 hominem
1978 690 2086 728 amet,
2114 688 2213 733 eique
2238 688 2323 722 bona

1263 745 1374 781 omnia
1390 748 1544 789 exoptet,
1566 747 1724 780 continuo
1741 747 1776 781 id
1794 748 1976 781 amicitiam
1997 757 2070 782 esse
2088 757 2222 782 necesse
2245 750 2297 781 est
2313 760 2321 781 ε

1263 814 1340 838 nam
1373 805 1490 838 eodem
1518 807 1618 839 modo
1648 817 1726 840 eum
1754 807 1919 841 redamari
1954 810 2085 851 oportet
2107 821 2115 841 ι
2140 807 2233 852 quod
2261 807 2325 841 nisi

1263 863 1343 908 fiat,
1363 874 1429 898 non
1447 865 1595 906 amicus,
1616 866 1675 900 sed
1697 866 1880 900 benevolus
1899 862 2055 900 vocatur.

1305 924 1359 962 Fit
1385 934 1520 968 quoque
1555 925 1744 965 interdum,
1775 928 1814 958 ut
1849 925 1987 968 quidam
2015 925 2147 960 occulte
2179 925 2268 958 inter
2290 934 2326 959 se

1264 978 1396 1015 ament,
1420 985 1526 1019 quum
1555 977 1658 1010 bonos
1694 987 1730 1010 se
1761 979 1881 1009 mutuo
1906 979 1940 1010 et
1973 977 2073 1017 utiles
2102 979 2136 1009 et
2167 976 2326 1010 honestos

1263 1027 1451 1070 probosque
1469 1028 1560 1060 viros
1580 1038 1652 1062 esse
1664 1028 1831 1070 judicant,
1855 1028 1985 1070 sibique
2005 1028 2148 1060 invicem
2170 1029 2325 1070 propter-

1265 1088 1304 1111 ea
1320 1077 1407 1111 bona
1435 1078 1545 1112 omnia
1575 1081 1733 1122 exoptent
1760 1092 1767 1111 :
1788 1089 1873 1121 quos
1899 1082 2010 1112 tamen
2040 1078 2172 1122 proprie
2200 1077 2326 1110 amicos

1264 1139 1330 1163 non
1359 1129 1505 1170 dixeris,
1535 1131 1616 1174 quia
1643 1131 1747 1164 amari
1765 1139 1801 1163 se
1818 1140 1882 1163 non
1911 1130 2101 1172 intelligunt
2123 1131 2157 1161 et
2172 1130 2327 1161 mutuam

1265 1181 1351 1214 hanc
1372 1181 1523 1224 ignorant
1546 1181 1811 1215 benevolentiam
1841 1192 1850 1214 ι
1877 1190 1963 1223 quos
1994 1181 2169 1222 propterea
2199 1179 2319 1213 melius

1263 1232 1442 1266 benevolos
1464 1233 1587 1276 aliquis
1613 1235 1711 1266 vocet
1742 1242 1750 1264 ε
1781 1232 1939 1275 quocirca
1968 1240 2075 1273 neque
2106 1229 2326 1263 inanimorum

1265 1293 1360 1316 amor
1379 1283 1527 1316 amicitia
1548 1285 1619 1324 est,
1646 1292 1755 1326 neque
1777 1292 1871 1316 amor
1899 1291 1976 1324 erga
1995 1281 2165 1321 homines,
2193 1279 2328 1323 quando

1265 1335 1392 1378 aliquid
1408 1345 1524 1368 eorum
1541 1344 1618 1378 quae
1635 1330 1705 1378 jam
1721 1334 1868 1367 diximus
1885 1334 1916 1368 ei
1929 1333 2032 1367 deest.
2060 1334 2188 1366 Verum
2207 1331 2326 1364 amici-

1265 1386 1313 1419 tia
1332 1388 1483 1427 vocatur,
1498 1386 1633 1429 quando
1655 1388 1774 1418 mutua
1793 1394 1828 1418 se
1844 1383 2074 1419 benovolentia
2094 1382 2325 1425 complectun-

1264 1440 1331 1477 tur,
1351 1440 1410 1471 aut
1434 1440 1567 1481 propter
1583 1437 1718 1476 bonum,
1747 1438 1807 1470 aut
1826 1437 1868 1470 ob
1886 1435 2094 1479 iucundum,
2113 1436 2172 1467 aut
2191 1435 2327 1477 propter

1264 1490 1346 1523 utile
1359 1490 1497 1533 aliquid,
1513 1491 1546 1523 et
1560 1489 1623 1522 sibi
1642 1489 1786 1522 invicem
1802 1488 1889 1522 bona
1901 1488 2011 1521 omnia
2028 1488 2198 1529 exoptant,
2220 1486 2327 1519 scien-

1264 1543 1315 1575 tes
1327 1543 1484 1574 mutuum
1506 1542 1654 1584 ipsorum
1675 1549 1747 1574 esse
1769 1549 1927 1574 amorem.

1305 1590 1395 1628 Quid
1410 1599 1487 1632 ergo
1504 1591 1548 1623 sit
1564 1589 1720 1628 amicitia,
1745 1588 1816 1631 jam
1838 1589 1986 1622 diximus
2007 1599 2014 1621 :
2031 1590 2101 1621 tres
2123 1589 2237 1620 autem
2255 1593 2327 1619 esse

1263 1641 1418 1674 amicitiae
1433 1641 1558 1684 species
1573 1650 1591 1674 e
1610 1639 1876 1686 praecedentibus
1889 1649 2024 1683 quoque
2040 1640 2178 1682 apparet
2195 1649 2203 1671 :
2220 1646 2327 1681 quum

1263 1690 1352 1722 enim
1377 1690 1443 1722 tria
1462 1689 1547 1728 sint,
1580 1692 1716 1732 propter
1745 1698 1824 1733 quae
1843 1688 1988 1722 amicitia
2020 1687 2240 1726 contrabitur,
2270 1687 2327 1729 Ju-

1263 1736 1429 1776 cundum,
1443 1737 1567 1770 bonum
1580 1740 1613 1770 et
1632 1737 1731 1778 utile,
1757 1739 1859 1780 atque
1875 1737 1948 1769 haec
1966 1736 2095 1778 singula
2115 1735 2225 1778 specie
2238 1734 2326 1767 inter

1264 1795 1300 1818 se
1322 1784 1495 1827 differant,
1517 1785 1657 1818 totidem
1680 1785 1792 1825 simul,
1807 1786 1891 1827 quot
1901 1786 1980 1817 sunt
1997 1783 2168 1821 amabilia.
2184 1783 2327 1816 diversae

1263 1833 1418 1866 amicitiae
1440 1833 1566 1876 species
1579 1835 1669 1866 sunt.
1688 1834 1755 1866 Pro
1776 1832 1913 1874 singulis
1929 1831 2017 1865 enim
2029 1830 2230 1864 amabilibus
2245 1829 2326 1863 ami·

1264 1881 1360 1921 cilia,
1386 1884 1446 1915 aut
1468 1881 1592 1915 amatio
1607 1891 1673 1914 non
1694 1880 1825 1914 occulta
1846 1882 1880 1913 et
1901 1881 2043 1913 mutuus
2064 1887 2157 1913 amor
2175 1887 2248 1912 esse
2266 1887 2327 1921 po-

1265 1931 1341 1963 test.

1307 1989 1373 2023 Sed
1395 1991 1428 2022 et
1446 1991 1566 2023 mutua
1578 1988 1808 2023 benevolentia
1826 1987 1969 2021 invicem
1985 1986 2049 2021 sibi
2064 1987 2151 2021 bona
2165 1987 2324 2030 exoptan-

1265 2049 1351 2082 tium
1365 2049 1399 2082 in
1412 2049 1466 2083 his
1481 2049 1637 2083 omnibus
1650 2050 1761 2082 locum
1774 2048 1895 2082 habet:
1912 2050 2081 2091 quatenus
2093 2047 2181 2081 enim
2195 2045 2324 2090 aliquid

1264 2107 1449 2150 diligimus,
1474 2109 1598 2141 bonum
1616 2108 1646 2141 ei
1670 2109 1838 2150 optamus.
1857 2107 1943 2140 Sunt
1962 2106 2066 2149 igitur
2084 2108 2155 2140 tres
2167 2104 2326 2153 amicitiae

1266 2166 1392 2209 species
1406 2176 1426 2200 a
1446 2166 1532 2200 bono
1545 2192 1554 2208 ‚
1568 2166 1717 2210 jucundo
1732 2167 1766 2200 et
1786 2165 1863 2199 utili
1881 2166 1976 2198 ortae.

786 3402 1074 3446 ‘'”Hvtpoceetiov
1091 3403 1130 3436 τὸ
1149 3404 1193 3446 μὴ
1209 3402 1433 3438 λανθάνουσαν
1452 3404 1523 3437 κτλ.
1551 3421 1594 3429 —
1611 3404 1644 3423 *¹*
1648 3405 1764 3448 *.Cap
1787 3409 1822 3439 3.
1851 3407 2003 3449 Διαφέρει
2030 3407 2065 3440 δὲ
2092 3410 2198 3440 ταῦτα
2221 3407 2321 3447 ἀλλή-
