2528 3788
301 230 381 268 180

300 317 354 368 ἐφ’
373 314 496 365 αὑτοῦ)
523 313 588 365 γὰρ
609 313 787 365 ἀφικέσθαι
808 313 902 358 τινὰς
922 315 960 352 ἐκ
987 317 1047 362 τῆς
1070 314 1189 358 Σάεως
1204 316 1324 353 ἀνανε-

299 372 459 424 ουμένους
478 372 539 418 τὴν
558 371 640 424 πρὸς
655 371 852 419 Ἀθηναίους
872 373 1109 425 συγγένειαν)·
1128 375 1146 411 6
1167 374 1201 412 δὲ
1225 374 1325 412 Πλά-

299 446 365 471 των
396 433 558 468 τοσοῦτον
590 429 694 479 μόνον
727 424 801 469 εἷπε
827 430 905 483 περὶ
938 432 1074 478 αὐτῶν,
1096 430 1148 470 ὅτι
1182 431 1326 484 φιλαθή-

298 487 387 526 ναιοί
406 503 443 525 τε
461 488 492 525 οἱ
515 487 644 526 Σαῗται
668 486 727 525 καί
745 502 822 526 τινα
841 488 965 540 τρόπον
986 491 1115 528 οἰκεῖοι.

353 551 471 584 Porro
497 559 583 597 pag.
607 547 669 584 28.
698 548 743 583 Α.
766 546 874 584 Plato
894 548 1026 585 scribit
1050 562 1058 585 ε
1085 547 1170 585 ὅπου
1189 546 1251 598 μὲν
1268 542 1325 586 οὖν

297 604 337 642 ἂν
371 606 388 641 ὁ
408 604 612 655 δημιουργὸς
643 604 728 656 πρὸς
753 604 793 642 τὸ
826 604 916 644 κατὰ
948 605 1058 644 ταύτὰ
1079 605 1158 677 ἔχον
1188 605 1326 658 βλέπων

298 661 373 708 ἀεί,
395 660 536 714 τοτοῖτῳ
557 661 626 700 τινὶ
655 662 927 714 προσχρώμενος
959 664 1242 716 παραδείγματι,
1263 666 1325 712 τὴν

296 718 387 756 ἰδέαν
410 721 511 758 αὐτοῦ
529 719 587 758 καὶ
605 719 748 770 δύναμιν
766 721 1024 782 ἀπεργάζηται,
1044 723 1150 761 καλὸν
1166 721 1236 767 ἐξ’
1217 722 1326 774 ανάγ-

295 792 356 823 κης
386 776 494 821 οὕτως
519 779 760 817 ἀποτελεῖσθαι
786 784 873 816 πᾶν·
902 782 939 818 οὓ
960 780 989 817 δ’
1018 779 1058 817 ἂν
1085 780 1131 823 εἷς
1158 778 1197 817 τὸ
1227 795 1325 832 γεγο-

295 836 371 883 νός,
390 840 524 891 γενητῶ
558 837 820 890 παραδείγματι
843 838 1115 890 προσχρώμενος
1129 868 1138 886 ,
1161 839 1199 876 οὗ
1220 838 1325 877 καλόν

297 895 367 945 (cf.
391 895 490 934 Phil.
513 895 582 935 Gr.
611 896 759 946 Fragm.
788 897 872 935 vol.
904 896 953 946 U,
983 911 1019 948 p.
1047 898 1148 947 157).
1173 897 1241 935 Hic
1261 898 1325 935 At-

296 954 392 992 ticus
414 955 465 992 ἀεὶ
487 968 572 992 cum
600 954 740 1006 βλέπων
760 955 963 994 construit.
996 955 1080 1000 Qua
1099 955 1146 992 de
1172 967 1213 993 re
1232 954 1326 992 Pro-

295 1011 376 1049 clus
400 1025 485 1063 pag.
511 1013 575 1050 83.
606 1012 650 1052 C.
681 1013 794 1064 [pag.
832 1013 902 1062 195
927 1013 986 1052 ed.
1020 1011 1266 1066 Schneider.]
1289 1011 1327 1050 τὸ

296 1069 331 1106 δὲ
356 1070 408 1107 ἀεὶ
427 1070 617 1108 συναπτέον
648 1072 696 1124 τῷ
717 1071 808 1109 κατὰ
827 1070 936 1109 ταύτὰ
958 1071 1036 1123 ἔχον
1051 1100 1060 1118 ,
1079 1069 1121 1108 ἵν’
1140 1064 1162 1122 ᾖ
1183 1070 1268 1122 πρὸς
1288 1070 1326 1108 τὸ

297 1129 350 1165 ἀεὶ
370 1128 460 1166 κατὰ
478 1128 588 1167 ταύτὰ
613 1129 692 1181 ἔχον
720 1129 874 1181 βλέπων.
895 1129 1000 1168 Οὕτω
1026 1128 1086 1168 καὶ
1105 1131 1123 1166 6
1144 1129 1327 1181 φιλόσοφος

296 1186 407 1239 ἔκρινε
438 1187 653 1240 Πορφύριος,
674 1187 825 1231 εἰκότως.
847 1190 899 1226 Οὐ
920 1187 986 1240 γὰρ
1007 1187 1060 1226 ἀεὶ
1081 1187 1219 1239 βλέπειν
1244 1187 1327 1238 ιρησὶ

295 1245 410 1283 πάντα
427 1245 636 1299 δημιουργόν
651 1275 661 1293 ,
678 1249 723 1289 ὡς
738 1245 845 1285 οἴεται
863 1246 1033 1292 Ἀττικός,
1053 1245 1132 1282 ἀλλ’
1147 1243 1201 1282 ἀεὶ
1216 1243 1328 1283 ὡσαύ-

296 1318 361 1346 τως
382 1301 471 1354 ἔχειν
491 1303 530 1342 τὸ
555 1303 690 1350 νοητόν.

348 1361 535 1399 l’raeterea
555 1362 602 1399 ad
624 1361 796 1399 Platonis
817 1361 1064 1411 quaestionem
1086 1373 1171 1411 pag.
1190 1361 1253 1399 28.
1278 1360 1323 1399 B.

295 1420 438 1472 πότερον
466 1413 508 1466 ἦν
530 1419 606 1470 ἀεί,
632 1420 798 1471 γενέσεως
828 1418 939 1470 ἀρχὴν
970 1418 1059 1470 ἔχων
1088 1417 1275 1468 οὐδεμίαν,
1304 1417 1326 1465 ἢ

294 1475 451 1526 γέγονεν,
472 1478 533 1513 ἀπ’
553 1479 663 1529 ἀρχῆς
690 1492 782 1520 τινος
813 1476 1003 1529 ἀρξάμενος
1034 1476 1110 1528 (cf.
1134 1476 1234 1513 Phil.
1257 1476 1325 1513 Gr.

298 1534 445 1583 Fragm.
468 1535 546 1573 vol.
572 1534 623 1582 ll,
659 1549 696 1586 p.
724 1535 810 1586 157)
837 1534 890 1572 ita
918 1535 1126 1585 respondet
1155 1535 1324 1582 Atticus,

296 1600 337 1628 ut
366 1600 491 1629 ortum
515 1592 723 1630 secuudum
747 1601 895 1644 tempus
922 1592 1122 1641 intelligat.
1156 1592 1200 1629 ld
1223 1593 1324 1630 enim

297 1650 455 1687 Proclus
472 1663 560 1702 pag.
588 1651 650 1696 84.
667 1651 709 1691 F.
735 1651 806 1702 [p.
834 1664 905 1700 199
927 1651 988 1688 ed.
1012 1650 1221 1688 Schneider
1224 1650 1249 1701 .]
1272 1650 1328 1689 his

297 1707 428 1748 verbis
449 1717 637 1747 testatur:
664 1709 826 1756 τοιαύτης
849 1710 878 1746 δ
900 1711 957 1746 οὐν
978 1711 1038 1754 τῆς
1070 1708 1245 1755 ζητήσεως
1265 1708 1326 1746 οὔ·

296 1782 358 1813 σης
387 1766 614 1820 Πλούταρχος
640 1767 702 1819 μὲν
722 1768 781 1806 καὶ
811 1767 965 1810 Ἀττικὸς
991 1767 1050 1805 και
1078 1767 1177 1806 ἄλλοι
1203 1767 1327 1806 πολλοὶ

294 1827 361 1862 τῶν
384 1826 619 1864 Πλατωνικῶν
642 1826 732 1865 κατὰ
759 1827 882 1878 χρόνον
903 1826 966 1873 τὴν
995 1826 1127 1878 γένεσιν
1147 1826 1300 1874 ἤκουσαν
1314 1857 1324 1876 ‚

294 1882 353 1920 καί
371 1898 454 1935 φασι
488 1884 662 1935 γίγνεσθαι
687 1884 749 1933 τὴν
771 1885 934 1932 ζήτησιν,
956 1884 1024 1922 εἴτε
1046 1884 1210 1936 ἀγένητος
1237 1885 1327 1924 κατὰ

293 1940 415 1992 χρόνον
433 1944 451 1979 6
470 1943 617 1990 κόσμος,
640 1943 707 1981 εἴτε
731 1943 884 1994 γενητός·
903 1937 991 1981 εἶναι
1010 1942 1076 1995 γὰρ
1103 1943 1171 1996 πρὸ
1190 1947 1250 1991 τῆς
1271 1961 1328 1983 κο-

296 1999 482 2050 σμοποιίας
513 2000 661 2040 ἄτακτον
688 2002 840 2050 κίνησιν,
861 2001 935 2052 ἅμα
959 2002 994 2039 δὲ
1027 2001 1160 2048 κινήσει
1190 2003 1329 2046 πάντως

296 2058 367 2096 ἐστὶ
383 2058 443 2096 καὶ
462 2060 606 2111 χρόνος,
627 2059 715 2099 ὥστε
736 2061 795 2098 καὶ
815 2061 936 2112 χρόνον
955 2053 1042 2098 εἶναι
1063 2060 1132 2112 πρὸ
1153 2076 1213 2099 του
1245 2076 1330 2098 παν-

295 2115 368 2160 τός·
386 2116 461 2168 ἅμα
483 2117 518 2155 δὲ
538 2121 588 2170 τῷ
610 2121 715 2157 παντὶ
735 2119 911 2170 γεγονέναι
937 2118 1060 2170 χρόνον
1082 2118 1266 2171 ἀριθμὸν”
1246 2135 1326 2157 οντα

295 2177 356 2222 τ’ἥς
373 2178 432 2213 τοῦ
452 2176 580 2220 παντὸς
599 2178 770 2222 κινήσεως
783 2208 793 2227 ,
814 2180 860 2221 ὡς
886 2179 1012 2221 ἐκεῖνος
1037 2181 1078 2224 ἠν
1099 2181 1161 2225 τῆς
1184 2179 1250 2230 πρὸ
1267 2182 1328 2225 τῆς

295 2235 523 2283 κοσμοποιίας
545 2235 648 2282 οὔσης
676 2237 826 2274 ἀτάκτου
857 2237 1023 2283 κινήσεως
1052 2237 1207 2287 ἀριθμός.
1228 2236 1330 2282 Qua-

295 2302 453 2344 propter
478 2294 578 2331 idem
601 2295 648 2331 ad
677 2295 875 2345 sequentia
896 2308 983 2345 pag.
1008 2296 1069 2334 30.
1096 2296 1142 2334 A.
1165 2294 1255 2332 οὕτω
1285 2295 1327 2342 δὴ

295 2356 363 2388 πᾶν
381 2350 458 2389 ὅσον
475 2346 516 2398 ἦν
541 2352 666 2403 ὁρατὸν
691 2352 910 2405 παραλαὸών
924 2382 933 2400 ,
960 2353 1025 2403 οὐχ
1044 2352 1194 2405 ἡσυχίαν
1226 2353 1327 2403 ἄγον,

297 2407 387 2446 ἀλλὰ
406 2409 604 2460 κινούμενον
624 2412 842 2461 πλημμελῶς
867 2410 927 2448 καὶ
957 2410 1136 2460 ἀτάκτως,
1160 2412 1206 2455 εἷς
1233 2411 1328 2456 τάξιν

296 2467 380 2505 αὐτὸ
406 2467 537 2519 ἤγαγεν
558 2470 596 2506 ἐκ
614 2472 675 2515 τῆς
696 2469 856 2517 ἀταξίας,
877 2470 1094 2520 ἡγησάμενος
1122 2471 1232 2508 ἐκεῖνο
1250 2470 1326 2508 τού·

294 2541 352 2563 του
372 2525 510 2570 πάντως
530 2527 666 2576 ἄμεινον
690 2529 767 2578 (cf.
790 2528 892 2568 Phil.
914 2529 982 2566 Gr»
1008 2528 1157 2577 Fragm.
1177 2529 1255 2566 vol.
1280 2529 1327 2575 ΙΙ,

295 2597 335 2633 p.
363 2584 457 2633 159)
475 2584 556 2622 haec
577 2586 776 2623 annotavit
794 2600 881 2637 pag.
910 2588 997 2625 116.
1019 2587 1060 2625 B.
1082 2586 1148 2637 [p.
1172 2592 1244 2634 274
1267 2587 1326 2625 ed.

296 2641 535 2695 Schneider]
558 2645 588 2680 οἱ
619 2642 680 2692 μὲν
701 2644 780 2696 περὶ
813 2644 1039 2696 Πλούταρχον
1065 2646 1121 2682 τὸν
1143 2646 1325 2697 Χαιρωνέα

296 2698 355 2736 καὶ
372 2699 524 2738 Ἀττικὸν
545 2701 701 2753 λιπαρῶς
723 2701 927 2753 ἀντέχονται
960 2703 1089 2741 τούτων
1114 2706 1182 2740 τῶν
1214 2703 1327 2754 ῥημά-

297 2771 364 2793 των
400 2758 445 2800 «im
480 2757 543 2804 τὴν
565 2759 633 2796 ἀπὸ
670 2758 794 2811 χρόνου
827 2763 876 2812 τῷ
905 2760 1027 2813 κόσμῳ
1052 2759 1184 2811 γένεσιν
1213 2763 1326 2806 αὐτοῖς

298 2816 581 2886 μαρτυρούντων,
618 2818 677 2855 καὶ
701 2817 741 2863 δὴ
775 2818 834 2855 καί
860 2833 943 2870 φασι
977 2821 1133 2889 προεῖναι
1171 2818 1232 2870 μὲν
1264 2820 1325 2866 τὴν

297 2874 494 2923 ἀκόσμητον
524 2874 608 2922 ὕλην
639 2875 705 2927 πρὸ
726 2878 786 2921 τῆς
814 2878 998 2927 γενέσεως,
1010 2881 1182 2947 προεῖναι
1204 2878 1239 2916 δὲ
1267 2879 1325 2916 καὶ

296 2929 356 2977 τὴν
365 2932 587 3006 κατεργάτιν
604 2933 718 2986 ψυχὴν
739 2934 800 2980 τὴν
817 2939 918 2973 τοῦτο
935 2951 1117 2973 κινουσαν·
1139 2937 1239 2975 πόθεν
1258 2936 1325 2990 γὰρ

295 2991 316 3034 ἡ
339 2988 469 3035 κίνησις
489 2993 528 3036 ἠν
542 3021 552 3041 ,
568 2990 590 3037 ἢ
609 2991 676 3028 ἀπὸ
696 2993 833 3043 ψυχῆς·
826 3022 835 3039 ,
859 2995 926 3030 εἰ
908 2993 943 3030 οὲ
952 2993 1108 3065 ,ἄτακτος
1126 2998 1148 3041 ἡ
1176 2995 1321 3043 κίνησις,

296 3047 365 3086 ἀπὸ
386 3048 535 3086 ἀτάκτου
554 3051 685 3101 ψυχης·
715 3049 829 3100 εἴρηκε
848 3066 927 3101 γουν
948 3052 981 3088 ἐν
1005 3052 1133 3101 Νόμοις
1154 3053 1236 3104 (lib.
1269 3056 1321 3103 X,

295 3119 382 3157 pag.
410 3108 498 3155 897.
529 3107 586 3157 A)
614 3106 675 3153 τὴν
705 3108 768 3158 μὲν
799 3110 984 3159 ἀγαθοειδῆ
1013 3111 1127 3163 ψυχὴν
1151 3113 1234 3162 ὀρθὰ
1265 3083 1323 3149 >totl-

295 3164 450 3217 ἔμφρονα
469 3167 721 3218 παιδαγωγεῖν,
745 3167 805 3212 τὴν
828 3167 862 3204 δὲ
880 3169 1085 3220 κατεργάτιν
1109 3170 1267 3214 ἀτάκτως
1286 3186 1323 3208 τε

296 3227 463 3262 κινεῖσθαι
489 3224 546 3262 καὶ
575 3224 613 3262 τὸ
633 3226 691 3262 ὑπ’
721 3227 827 3272 αὖτῆς
857 3227 1088 3277 διοικούμενον
1110 3229 1324 3279 πλημμελῶς

297 3282 411 3333 ἄγειν·
435 3283 677 3333 ἐπιγενομένης
708 3283 742 3321 δὲ
770 3288 830 3331 τῆς
854 3284 1003 3323 ἀπὸτοῦ
1029 3287 1238 3337 δημιουργοῦ
1266 3303 1322 3326 κο-

296 3340 479 3391 σμοποιίας
504 3344 566 3388 τὴν
587 3341 648 3391 μὲν
675 3342 760 3388 ὕλην
790 3343 1018 3381 καθίστασθαι
1054 3344 1137 3396 πρὸς
1174 3345 1235 3391 τὴν
1264 3350 1322 3384 τοῧ

296 3398 428 3450 κόσμου
451 3399 642 3449 σύστασιν,
664 3400 725 3449 τὴν
750 3401 784 3439 δὲ
806 3401 1010 3454 κατεργάτιν
1030 3407 1088 3440 νοῦ
1109 3405 1324 3456 μεταλαχοῧ-

909 227 975 266 DE
1006 227 1227 278 SEVERO,
1260 227 1440 269 Armet»
1470 230 1535 269 ΕΤ
1562 210 1808 270 NUMENIO.

1387 332 1450 355 σαν
1471 315 1626 370 ἔμφρονα
1646 316 1891 355 ἀποτελεῖσθαι
1911 314 1970 353 καὶ
1997 312 2210 368 τεταγμένην
2242 317 2415 355 ποιεῖσθαι
2456 335 2458 338 >
2492 303 2499 320 ⁶

1386 374 1538 423 κίνησιν·
1560 375 1635 428 ἄγει
1649 375 1715 447 γὰρ
1738 377 1784 418 εἷς
1807 373 1903 418 τάξιν
1923 372 1987 418 τὴν
2009 373 2069 420 μὲν
2098 377 2119 420 ἡ
2140 377 2201 412 τοῦ
2223 372 2332 418 εἴδους
2353 387 2431 424 με·4

1386 433 1527 482 τουσία,
1550 433 1612 480 τὴν
1631 435 1664 471 δὲ
1692 436 1713 480 ἡ
1734 436 1793 471 τοῦ
1825 435 1884 470 νοῦ
1904 430 2090 483 παρουσία.
2118 432 2204 470 Huc
2219 431 2415 484 pertinum

1386 492 1498 530 etiam
1529 506 1572 531 ea
1589 505 1675 543 quae
1699 492 1810 529 Plato
1817 503 1928 550 pag.
1964 490 2077 535 3413
2103 490 2151 528 de
2175 491 2311 528 mundi
2332 499 2417 529 satu

1386 558 1499 600 atque
1518 564 1562 588 οι
1565 560 1603 588 tu
1627 550 1773 588 tradit·
1768 579 1774 585 .
1799 551 1894 592 οὗτος
1912 547 1953 595 δὴ
1977 553 2042 590 πᾶς
2061 547 2156 591 ὄντος
2175 548 2229 586 ἀεὶ
2253 547 2418 600 λογισμὸς

1386 612 1462 647 θεοῦ
1483 625 1562 662 περι
1582 610 1641 648 τὸν
1673 608 1757 648 ποτὲ
1778 609 1940 657 ἐσόμενον
1969 607 2043 646 θεὸν
2061 606 2230 659 λογισθεὶς
2250 608 2341 646 λεῖον
2356 605 2417 645 καὶ

1385 668 1514 717 ὁμαλὸν
1529 671 1690 721 πανταχῇ
1706 683 1742 707 τε
1763 669 1801 706 ἐκ
1819 666 1926 718 μέσου
1940 666 2013 705 ἴσον
2034 666 2092 704 καὶ
2112 665 2190 703 ὅλον
2215 665 2276 704 καὶ
2300 666 2418 704 τίλιον

1374 726 1424 767 ,ἐκ
1454 726 1578 765 τελέων
1607 726 1779 776 σωμάτων
1811 728 1915 775 σῶμα
1943 723 2086 771 ἐποίησε
2117 724 2129 775 (
2144 724 2191 762 cf.
2218 723 2318 762 Phil.
2348 722 2417 763 Gr.

1387 783 1535 834 Fragm.
1558 787 1633 823 vol.
1653 785 1705 831 ll,
1730 799 1771 837 p.
1803 786 1873 822 162
1889 787 1917 834 ).
1943 783 2168 834 Philosophi
2191 781 2418 823 sententiam

1386 842 1458 880 hoc
1476 844 1589 882 modo
1616 844 1773 895 exponit
1795 843 1954 881 proclus
1974 855 2059 893 pag.
2093 843 2164 891 169
2187 841 2227 881 F.
2252 839 2327 894 [pi
2341 846 2413 886 Ιςοι

1386 902 1447 940 ed.
1479 899 1725 955 Schneider.]
1749 903 1766 939 6
1795 900 1831 939 δὲ
1855 900 1896 948 δὴ
1925 899 2089 952 λογισμὸς
2115 902 2174 946 τῆς
2193 898 2419 951 δημιουργίας

1387 961 1446 1005 τῆς
1465 960 1675 1011 διῃρημένης
1701 958 1775 997 ἐστὶ
1798 958 2030 1009 σημαντικός·
2051 958 2089 995 τὸ
2112 956 2149 995 δὲ
2172 950 2216 994 αὗ
2236 956 2320 995 ποτὲ
2339 955 2419 996 ἐσό-

1387 1032 1487 1067 μενον
1508 1019 1545 1056 οὗ
1575 1020 1636 1064 τῆς
1666 1016 1758 1056 κατὰ
1778 1018 1901 1068 χρόνον
1923 1015 2015 1056 ἐστὶν
2036 1018 2147 1068 ’ἀρχῆς
2178 1014 2391 1066 σημαντικόν
2404 1044 2416 1065 ,

1386 1077 1431 1118 ὡς
1451 1074 1557 1114 οἴεται
1571 1075 1739 1124 Ἀττικός,
1762 1075 1840 1112 ἀλλ’
1857 1074 1910 1114 ὅτι
1927 1075 1988 1122 τὴν
2010 1074 2129 1112 οὐσίαν
2146 1072 2218 1126 ἔχει
2234 1076 2286 1125 τῷ
2300 1072 2416 1126 χρόνῳ

1387 1133 1672 1184 συνεζευγμένην.
1693 1133 1823 1186 Χρόνος
1843 1132 1910 1184 γὰρ
1941 1133 2015 1183 ἅμα
2035 1133 2168 1185 οὐρανῷ
2194 1131 2338 1184 γέγονε,
2358 1131 2419 1170 καὶ

1387 1190 1409 1228 δ’
1431 1206 1469 1229 τε
1490 1192 1618 1241 κόσμος
1637 1190 1798 1243 ἔγχρονος
1828 1189 1888 1228 καὶ
1911 1192 1929 1228 6
1957 1189 2079 1243 χρόνος
2109 1189 2310 1240 ἐγκόσμιος·
2334 1204 2421 1240 συμ-

1389 1250 1620 1300 παρήχθησαν
1641 1248 1708 1301 γὰρ
1730 1247 1891 1295 ἀλλήλοις
1910 1247 1969 1286 καὶ
1989 1246 2253 1294 συνυπέστησαν
2274 1246 2345 1286 ἀπὸ
2356 1249 2419 1294 τῆς

1388 1312 1469 1356 μιᾶς
1496 1305 1736 1359 δημιουργίας.
1758 1303 1883 1345 Ἔστιν
1908 1300 1967 1344 ουν
1987 1307 2027 1344 τὸ
2055 1304 2140 1344 ποτὲ
2159 1320 2260 1344 τουτο
2280 1307 2320 1343 οὐ
2340 1305 2422 1358 χρό-

1386 1379 1444 1402 νου
1465 1364 1598 1416 μόριον,
1630 1364 1704 1402 ἀλλ’
1732 1362 1808 1406 ὅλος
1826 1364 1967 1415 χρόνος,
1989 1366 2034 1407 ὡς
2052 1363 2137 1415 πρὸς
2161 1363 2200 1402 τὸ
2217 1364 2272 1402 ἀεὶ
2298 1362 2336 1403 ὂν
2355 1379 2421 1403 πα·

1388 1421 1656 1474 ραὸαλλόμενος.
1691 1422 1832 1460 Eadem
1876 1423 1986 1460 ratio·
2005 1430 2061 1460 est
2094 1421 2169 1460 loci
2200 1422 2265 1473 qui
2298 1430 2421 1461 exstat

1388 1495 1427 1533 p.
1453 1483 1517 1527 34.
1536 1480 1581 1522 C.
1606 1481 1668 1529 τὴν
1692 1479 1726 1519 δὲ
1751 1480 1792 1528 δὴ
1813 1480 1929 1534 ψυχὴν
1949 1482 2013 1532 οὐχ
2033 1483 2077 1524 ὡς
2102 1483 2162 1519 νῦν
2182 1481 2328 1534 ὖστέραν
2348 1483 2420 1520 ἐπι-

1386 1543 1568 1592 χειροῦμεν
1603 1539 1736 1593 λέγειν,
1765 1539 1870 1582 οὕτως
1905 1539 2155 1592 ἐμηχανήσατο
2189 1539 2249 1578 καὶ
2285 1542 2305 1578 6
2347 1538 2421 1584 θεὸς

1387 1598 1575 1651 νεωτέραν·
1597 1600 1635 1636 οὗ
1662 1598 1728 1650 γὰρ
1750 1600 1790 1636 ἂν
1814 1598 1981 1650 ἄρχεσθαι
2001 1597 2235 1652 πρεσὸύτερον
2256 1597 2324 1637 ὑπὸ
2339 1614 2421 1637 νεω-

1386 1656 1485 1710 τέρου
1503 1656 1658 1708 ξυνέρξας
1671 1657 1803 1695 εἴασεν·
1823 1657 1884 1707 (cf.
1900 1657 1996 1694 Phil.
2013 1656 2080 1695 Gr.
2099 1656 2251 1707 Fragm.
2268 1657 2350 1698 vol.
2367 1659 2417 1706 Il,

1387 1728 1427 1766 p.
1450 1723 1521 1755 162
1538 1715 1566 1766 ).
1588 1717 1701 1753 Hunc
1725 1715 1886 1752 Proclus
1906 1715 1957 1752 ita
1973 1723 2249 1753 commentatur
2264 1729 2304 1767 p.
2329 1723 2416 1764 171·-

1387 1773 1418 1811 E
1441 1775 1500 1825 [p.
1525 1779 1598 1818 412
1622 1773 1683 1813 ed.
1709 1773 1936 1825 Schneider]
1958 1778 2013 1812 νῦν
2036 1773 2071 1811 δὲ
2093 1775 2122 1811 εἰ
2141 1775 2257 1825 βούλει
2276 1773 2336 1812 καὶ
2354 1775 2418 1820 τὴν

1387 1835 1447 1868 τοῦ
1468 1830 1655 1874 Πλάτωνος
1683 1830 1772 1874 λέξιν
1800 1830 1876 1869 καθ’
1895 1830 2042 1869 ἕκαστον
2060 1832 2130 1869 τῶν
2149 1830 2314 1883 ῥημάτων
2339 1834 2421 1871 θεω-

1389 1887 1564 1939 ρήσωμεν.
1590 1889 1735 1939 Πρωτον
1758 1881 1815 1925 οὖν
1842 1886 1939 1931 εὐθυς
1962 1887 2000 1926 τὸ
2029 1887 2063 1925 δὲ
2086 1887 2148 1934 τὴν
2169 1887 2284 1940 ψυχὴν
2314 1888 2416 1939 (leg.

1388 1946 1426 1984 τὸ
1445 1946 1507 1993 τὴν
1536 1946 1570 1984 δὲ
1591 1946 1706 1999 ψυχην
1690 1947 1735 1997 ν)
1755 1945 1808 1983 δ’τι
1836 1947 1916 1999 περὶ
1945 1946 2058 1993 πάσης
2077 1946 2171 1998 λέγει
2195 1949 2256 1993 τῆς
2277 1948 2393 1999 ψυχῆς
2406 1978 2416 1995 ,

1387 2006 1425 2044 τὸ
1446 2005 1570 2056 ἄρθρον
1589 2005 1774 2056 προστεθὲν
1792 2004 1979 2051 ἐδήλωσεν.
1998 2006 2052 2047 Οὐ
2070 2004 2139 2058 γὰρ
2163 2003 2279 2058 ὥσπερ
2298 2005 2421 2058 πρότε-

1389 2079 1444 2116 ρον
1465 2062 1581 2116 ψυχὴν
1599 2063 1667 2100 δὲ
1652 2078 1687 2100 εν
1703 2063 1798 2115 μέσῳ
1817 2063 1885 2106 θεις
1904 2056 1978 2102 εἰπε
1980 2079 2018 2110 ν,
2043 2063 2133 2102 ἀλλὰ
2153 2062 2215 2111 τὴν
2233 2062 2268 2102 δὲ
2287 2064 2416 2116 ψυχήν.

1389 2122 1490 2161 Ἐκεῖ
1514 2121 1576 2171 μὲν
1597 2120 1664 2173 γὰρ
1685 2120 1827 2171 δύναμις
1846 2125 1888 2168 ἠν
1917 2122 2029 2175 ψυχης
2049 2120 2129 2168 ὅλης
2149 2125 2171 2170 ἡ
2199 2121 2276 2175 περὶ
2296 2122 2335 2160 τὸ
2357 2122 2420 2176 μέ-

1389 2196 1469 2231 σον,
1500 2182 1646 2218 ἕνταῦθα
1680 2180 1716 2217 δὲ
1737 2182 1758 2226 ἡ
1788 2186 1883 2218 πᾶσα
1910 2179 2005 2232 ψυχὴ
2031 2178 2250 2232 πρεσὸυτέρα
2274 2178 2420 2237 ,λεγεται

1387 2243 1446 2278 τοῦ
1469 2238 1644 2289 σώματος.
1663 2238 1746 2277 Ἐπὶ
1774 2238 1808 2276 δὲ
1834 2233 1945 2290 τούτῳ
1971 2238 2009 2275 τὸ
2037 2237 2270 2291 πρεσὸύτερον
2288 2231 2420 2279 ’καῖπὸ

1388 2297 1550 2350 νεώτερον
1587 2299 1624 2336 οὔ
1656 2297 1747 2335 κατὰ
1782 2296 1902 2349 χρόνον
1945 2295 2117 2343 ληπτέον,
2160 2298 2206 2340 ὡς
2241 2292 2416 2335 ὓπέλαὸεν

1390 2356 1558 2400 Ἀττικός·
1580 2355 1656 2406 ἅμα
1677 2355 1744 2408 γὰρ
1766 2356 1939 2402 ὑπέστησε
1959 2354 2022 2402 τὴν
2042 2355 2156 2407 ψυχὴν
2177 2358 2196 2394 6
2221 2359 2340 2409 πατὴρ
2358 2355 2418 2395 καὶ

1389 2416 1529 2466 σώματι
1554 2415 1808 2466 περιεκάλυψεν
1834 2414 1940 2461 αὐτήν
1954 2429 1962 2438 ·
1984 2414 2074 2452 ἀλλὰ
2094 2417 2136 2464 τῇ
2157 2413 2251 2458 τάξει
2275 2417 2337 2461 τῆς
2359 2416 2417 2453 οὖ-

1388 2474 1476 2517 σίας.
1505 2474 1556 2513 Τὸ
1576 2473 1641 2525 γὰρ
1674 2475 1721 2523 τῷ
1742 2466 1942 2526 δημιουργῷ
1970 2474 2246 2524 προσεχέστερον
2268 2472 2418 2524 πρεσὸύ-

1390 2548 1509 2585 τερον,
1528 2532 1568 2570 τὸ
1589 2531 1623 2569 δὲ
1640 2531 1851 2584 πορρωτέρω
1871 2531 2052 2583 νεώτερον.
2074 2533 2118 2570 Εἰ
2139 2531 2174 2569 δὲ
2197 2530 2312 2583 βούλει
2326 2561 2337 2581 ,
2358 2527 2416 2570 καὶ

1388 2590 1480 2630 κατὰ
1507 2589 1628 2642 χρόνον
1646 2589 1686 2627 τὸ
1709 2588 1943 2642 πρεσὸύτερον
1969 2589 2028 2627 καὶ
2057 2588 2095 2627 τὸ
2120 2589 2285 2641 νεώτερον
2315 2589 2416 2628 ἀκου-
2458 2604 2461 2606 ·

1388 2649 1498 2689 στέον.
1542 2647 1780 2700 Πρεσὸύτερος
1813 2646 1878 2699 γὰρ
1910 2651 1928 2687 6
1961 2650 1996 2686 ἐν
2011 2651 2053 2699 τῇ
2077 2650 2174 2701 ψυχῇ
2207 2647 2329 2700 χρόνος
2355 2649 2415 2687 καὶ
2457 2661 2460 2665 ·

1388 2705 1574 2758 θειότερος,
1594 2704 1758 2757 νεώτερος
1778 2705 1813 2743 δὲ
1834 2708 1851 2743 ὃ
1871 2709 1930 2744 τοῦ
1952 2705 2131 2756 σώματος,
2153 2705 2212 2743 καὶ
2238 2707 2314 2745 καθ’
2333 2706 2414 2746 ὅσον

1388 2764 1479 2803 ἐστὶν
1499 2768 1520 2812 ἡ
1542 2764 1636 2816 ψυχὴ
1658 2764 1801 2816 χρόνον,
1829 2764 1920 2803 κατὰ
1936 2780 2052 2803 τουτον
2072 2766 2133 2803 οὐκ
2148 2763 2222 2802 ἔστι
2237 2779 2276 2803 το
2296 2780 2416 2814 σωμα-

1385 2823 1501 2871 τικόν,
1520 2823 1609 2860 ἀλλὰ
1635 2824 1710 2861 καθ’
1723 2822 1876 2884 ἕτερον,
1901 2821 2031 2862 ἐκείνου
2052 2822 2222 2876 δεύτερον.
2253 2822 2319 2868 Ὡς
2347 2824 2429 2877 γὰρ.

1386 2883 1550 2930 κινήσεως
1572 2881 1687 2933 ἕτερον
1711 2875 1798 2926 εἶδος
1826 2883 1861 2919 ἓν
1889 2884 2038 2933 ἀμφοῖν,
2059 2880 2148 2920 οὕτω
2173 2882 2232 2920 καὶ
2253 2885 2270 2921 6
2290 2882 2412 2935 χρόνος

1385 2941 1511 2992 ἕτερος.
1545 2940 1599 2978 Ex
1629 2940 1688 2978 his
1718 2940 1878 2990 aliisque
1910 2940 2003 2978 locis
2034 2939 2213 2989 efficitur,
2235 2941 2414 2979 statuisse

1387 2999 1550 3036 Atticum
1584 2998 1788 3035 motionem
1825 3007 1862 3035 et
1915 2997 2109 3035 materiam
2155 2998 2427 3042 ἰηι)ι·ἀίῐιειῐειιη,

1385 3066 1471 3095 ortu
1510 3069 1660 3104 carere,
1705 3057 1892 3094 mundum
1924 3064 2050 3093 autem
2079 3064 2251 3106 tempore
2282 3066 2426 3101 ortum-

1385 3128 1486 3163 esse,
1508 3115 1614 3153 velut
1634 3129 1671 3166 p.
1700 3116 1787 3153 116.
1811 3113 1852 3153 F.
1877 3113 1945 3165 [p.
1970 3114 2044 3161 ²75
2074 3113 2134 3152 ed.
2157 3114 2376 3152 Schneider.
2397 3114 2411 3165 ]

1386 3175 1461 3211 ἀλλ’
1481 3174 1537 3212 ἐπὶ
1566 3173 1627 3222 μὲν
1645 3176 1707 3220 τῆς
1731 3175 1845 3225 ψυχῆς
1874 3171 2062 3221 ἀσωμάτου
2089 3171 2192 3219 οὔσης
2212 3175 2313 3211 τοῦτο
2331 3174 2413 3219 ἀλη-

1386 3232 1438 3275 θές
1452 3248 1459 3255 ·
1478 3232 1534 3270 ἐπὶ
1556 3231 1591 3269 δὲ
1609 3236 1667 3270 τοῦ
1692 3230 1853 3281 σώματος
1876 3230 1914 3268 τὸ
1941 3230 2004 3279 μὲν
2021 3230 2100 3281 περὶ
2126 3232 2194 3268 τῶν
2216 3231 2315 3268 εἰδῶν
2336 3232 2415 3269 ’τῶν

1384 3289 1528 3342 πρώτων
1550 3287 1772 3340 δεδείχαμεν,
1791 3287 1883 3331 ὅπως
1903 3287 1961 3325 καὶ
1986 3287 2118 3325 τούτων
2145 3286 2252 3331 αἴτιος
2268 3290 2286 3326 6
2313 3286 2425 3341 θεός,Χ

1384 3347 1461 3400 περὶ
1482 3347 1515 3385 δὲ
1539 3351 1599 3395 τῆς
1621 3347 1706 3393 ὕλης
1725 3347 1829 3393 αὖτ’ἧς
1849 3346 2023 3393 ζητήσειεν
2046 3345 2085 3383 ἄν
2104 3361 2153 3389 τις
2169 3375 2180 3396 ,
2198 3345 2266 3383 εἴτε
2283 3344 2412 3397 ἀγένηῆ

1384 3405 1439 3448 τός
1463 3407 1553 3443 ἐστιν
1581 3406 1641 3443 ἀπ’
1670 3403 1803 3451 αἰτίας,
1833 3401 2002 3456 ὥςμφασιν
2023 3404 2054 3440 οἵ
2077 3402 2154 3441 πεοὶ
2183 3401 2409 3455 Πλούταρχον
