2528 3788
403 386 1278 477 ΞΕΝΟΚΡΑΤΟΥΣ

499 583 1195 649 ΑΠΟΣΠΑΣΜΑΤΙΑ.

758 743 937 761 Μ.-

376 889 405 916 1.
433 874 674 927 Ξενοκράτης,
703 871 954 923 Ἀγαθήνορος,
977 869 1217 917 Χαλκηδόνιος
1235 874 1268 919 ³,
1294 871 1356 917 τὴν

323 935 456 986 μονάδα
475 933 534 973 καὶ
559 932 622 980 τὴν
643 931 750 970 δυάδα
770 930 865 975 θεούς
878 960 887 978 ,
907 929 967 976 τὴν
993 929 1055 980 μὲν
1074 930 1120 973 ὣς
1139 929 1267 983 ἄῤῥενα
1285 944 1359 967 πα-

320 993 399 1045 τρὸς
424 991 574 1045 ἔχουσαν
593 990 710 1038 τάξιν,
734 992 767 1029 ἔν
788 991 924 1042 οὐρανῷ
948 988 1219 1041 βασιλεύουσαν,
1239 986 1359 1035 ἥντινα

321 1049 570 1103 προσαγορεύει
589 1049 649 1088 καὶ
671 1051 768 1096 Ζῆνα
788 1047 848 1086 καὶ
876 1047 1034 1100 περιττὸν
1064 1046 1124 1085 καὶ
1143 1050 1222 1085 νοῦν
1235 1076 1247 1095 ,
1267 1045 1361 1089 ὅστις

325 1109 415 1149 ἐστὶν
437 1111 529 1162 αὐτῷ
551 1110 686 1162 πρῶτος
714 1107 804 1151 θεός·
822 1105 884 1153 τὴν
903 1107 938 1144 δὲ
963 1107 1009 1150 ὣς
1035 1106 1174 1153 θήλειαν
1189 1134 1200 1153 ,
1231 1104 1359 1156 μητρὸς

323 1171 407 1208 θεῶν
428 1167 525 1215 δίκην
537 1198 547 1215 ,
565 1170 625 1214 τῆς
645 1166 713 1205 ὑπὸ
734 1165 790 1205 τὸν
811 1164 953 1218 οὐρανὸν
967 1164 1095 1211 λήξεως
1114 1163 1131 1187 ¹³
1148 1163 1359 1216 ἡγουμένην,

323 1227 400 1275 ἥτις
420 1226 510 1264 ἐστὶν
541 1227 634 1276 αὐτῷ
656 1224 752 1277 ψυχὴ
772 1229 831 1263 τοῦ
850 1223 989 1267 παντός.

377 1288 388 1336 (
407 1284 580 1322 Stobaeus
612 1283 743 1333 Eclog.
780 1283 890 1333 phys.
934 1281 1005 1322 lib.
1042 1282 1076 1331 Ι,
1113 1294 1196 1332 cap.
1233 1294 1271 1326 2,
1310 1294 1361 1329 29

325 1357 411 1394 pag.
445 1343 494 1382 62
524 1343 585 1382 ed.
621 1342 806 1387 Heeren.;
839 1354 927 1391 pag.
966 1346 1014 1385 24
1050 1340 1110 1377 ed.
1142 1339 1361 1386 Gaisford.;

324 1415 413 1453 pag.
438 1401 482 1438 15
501 1401 561 1438 ed.
582 1401 747 1438 Meinek.
767 1399 917 1450 Scripsi
935 1413 943 1436 ε
965 1402 980 1419 ⁸
1000 1397 1259 1447 Χαλκηδόνιος]
1274 1397 1360 1436 cod.

329 1461 424 1508 Aug.
460 1458 671 1509 ἀλχηδόνιος.
693 1481 744 1486 -—
779 1455 796 1479 ¹³
829 1455 979 1506 λήξεως]
1015 1455 1282 1505 accipiendum
1322 1462 1364 1492 ut

325 1518 426 1568 apud
450 1518 683 1554 Herodotum
703 1516 773 1553 lib.
796 1514 863 1560 lv,
884 1529 927 1552 21
948 1518 969 1560 ἡ
987 1513 1109 1565 πρώτη
1130 1516 1198 1552 τῶν
1220 1512 1359 1558 λαξίων.

325 1574 451 1620 Quum
467 1583 590 1612 autem
603 1574 722 1610 codex
736 1573 940 1610 Vaticanus
954 1571 1126 1622 praebeat
1134 1571 1271 1618 λέξεως,
1286 1586 1363 1609 non

328 1634 456 1671 ionice
475 1633 677 1683 scripsisse
692 1630 806 1675 λάξιος
823 1640 867 1668 ut
887 1632 940 1668 ait
959 1631 1187 1678 Meinekius,
1207 1630 1273 1669 sed
1290 1631 1364 1668 He-

326 1693 483 1730 rodoteo
501 1704 607 1729 more
624 1691 689 1728 hic
707 1691 859 1728 locutus
885 1703 968 1728 esse
984 1689 1218 1728 Xenocrates
1233 1689 1363 1741 putari

327 1748 452 1786 debet.
471 1751 482 1798 )

380 1820 412 1846 2.
437 1805 658 1858 Ξενοκράτης
681 1805 716 1843 δὲ
737 1808 754 1843 ὃ
787 1804 1028 1851 Χαλκηδόνιος
1061 1804 1118 1843 τὸν
1141 1804 1202 1854 μὲν
1232 1803 1371 1859 ὕπατον-

328 1864 414 1912 Δία,
434 1865 492 1903 τὸν
519 1863 555 1902 δὲ
575 1865 694 1903 νέατον
714 1864 849 1911 καλῶν,
865 1860 1016 1916 ἔμφασιν
1034 1863 1163 1916 πατρὸς
1183 1863 1366 1901 ἀπολείπει

327 1923 386 1960 καὶ
405 1924 491 1962 υἱοῦ.

385 1982 586 2034 (Clemens
614 1980 899 2019 Alexandrinus
927 1980 1070 2018 Strom.
1097 1979 1168 2017 lib.
1202 1979 1249 2027 V,
1274 1993 1362 2030 pag.

331 2042 422 2083 604.
446 2039 488 2076 C.
514 2052 627 2089 quem
657 2039 783 2076 locum
806 2038 997 2076 Eusebius
1025 2038 1151 2089 Praep.
1186 2038 1258 2076 Ev.
1292 2037 1363 2078 lib.

330 2098 442 2145 XIII,
466 2112 552 2149 cap.
578 2099 640 2146 13,
658 2111 746 2148 pag.
768 2098 840 2134 681
859 2097 1086 2148 descripsit,
1106 2097 1171 2135 sed
1187 2111 1257 2148 pro
1271 2098 1367 2135 Χαλ-

333 2157 487 2205 κηδόνιος
506 2157 688 2195 mendose
709 2155 947 2208 Καρχηδόνιος
968 2156 1207 2207 substituit.)

386 2231 414 2255 3.
440 2216 661 2267 Ξενοκράτης
683 2214 749 2254 Δία
777 2215 834 2253 τὸν
856 2216 889 2253 ἐν
922 2213 983 2265 μὲν
1009 2219 1079 2258 τοῖς
1097 2213 1188 2252 κατὰ
1208 2213 1252 2252 τὰ
1279 2213 1367 2252 αὐτὰ

329 2275 388 2315 καὶ
401 2274 566 2318 ὡσαύτως
585 2274 721 2327 ἔχουσιν
739 2273 870 2312 ὕπατον
890 2275 1009 2322 καλεῖ,
1027 2273 1146 2313 νέατον
1166 2272 1202 2311 δὲ
1221 2272 1280 2311 τὸν
1300 2272 1366 2310 ὑπὸ

329 2335 488 2381 σελήνην.

384 2392 639 2443 (Plutarchus
658 2392 800 2437 Quaest.
836 2391 988 2444 Platon.
1026 2390 1103 2441 IX,
1136 2391 1216 2431 vol.
1257 2390 1365 2441 XIII,

330 2465 369 2502 p.
397 2452 471 2498 275
495 2451 555 2488 ed.
581 2450 734 2487 Hntten.
757 2448 796 2486 τὸ
815 2449 880 2500 γὰρ
901 2449 971 2487 ἄνω
990 2448 1049 2486 καὶ
1075 2444 1211 2499 πρῶτον
1235 2448 1366 2486 ὕπατον

331 2512 362 2546 οἱ
399 2507 543 2546 παλαιοὶ
581 2506 855 2558 προσηγόρευον·
887 2500 910 2558 ᾗ
945 2504 1005 2544 καὶ
1043 2505 1265 2557 Ξενοκράτης
1298 2504 1365 2544 Δία

330 2569 407 2606 κτλ.
432 2568 444 2615 )

383 2638 413 2664 4.
439 2623 659 2676 Ξενοκράτης
671 2653 679 2669 ,
700 2622 937 2674 Καρχηδόνιος
950 2617 1068 2673 οὗτος,
1087 2622 1175 2661 ἑπτὰ
1197 2622 1257 2672 μὲν
1272 2622 1366 2667 θεοὺς

330 2683 407 2725 τοὺς
427 2681 625 2730 πλάνητας,
646 2681 765 2731 ὄγδοον
787 2680 821 2718 δὲ
839 2680 896 2719 τὸν
918 2683 957 2719 ἐκ
976 2681 1114 2720 πάντων
1137 2683 1248 2720 αὐτῶν
1265 2697 1365 2720 συνε-

331 2743 446 2779 στῶτα
466 2738 596 2790 κόσμον
617 2738 819 2778 αἰνίττεται.

1597 387 2283 474 XENOCRATIS
2317 336 2325 344 ’

1712 585 2169 685 FRAGMENTA.
2199 661 2202 664 ¹

1474 870 1675 920 (Clemens
1708 870 1988 909 Alexandrinus
2015 870 2211 912 Admonit.
2235 871 2284 911 ad
2309 871 2454 911 Gentes

1423 942 1511 980 pag.
1533 934 1597 973 44.
1620 929 1743 967 Aliter
1762 928 1901 967 Cicero
1922 930 1969 967 de
1988 939 2124 969 natura
2143 931 2303 970 deorum
2324 930 2400 972 lib.
2420 930 2455 979 Ι,

1425 1001 1507 1038 cap.
1534 988 1578 1024 13
1586 1017 1596 1038 ,
1616 987 1717 1037 apud
1737 999 1849 1037 quem
1866 987 2035 1038 Vellejus
2058 1006 2066 1027 ε
2086 989 2164 1028 Nec
2178 1003 2293 1038 vero,
2314 987 2458 1040 inquit,

1424 1045 1510 1096 ejus
1543 1045 1836 1097 condiscipulus
1868 1048 2104 1086 Xenocrates
2133 1049 2175 1087 in
2211 1048 2287 1087 hoc
2321 1058 2461 1098 genere

1426 1103 1654 1154 prudentior
1677 1118 1685 1141 :
1713 1105 1754 1141 in
1776 1103 1885 1154 cujus
1907 1104 2043 1153 libris,
2063 1107 2131 1157 qui
2151 1116 2240 1146 sunt
2255 1107 2304 1146 de
2322 1114 2461 1155 natura

1426 1160 1585 1199 deorum
1601 1191 1613 1210 ,
1641 1162 1748 1199 nulla
1767 1162 1914 1213 species
1935 1162 2070 1205 divina
2088 1165 2335 1204 describitur.
2357 1167 2460 1203 Deos

1425 1219 1527 1256 enim
1549 1228 1635 1257 octo
1655 1232 1737 1257 esse
1757 1220 1852 1257 dicit
1872 1234 1881 1257 ι
1906 1221 2079 1272 quinque
2095 1235 2163 1261 eos
2180 1251 2190 1270 ‚
2215 1223 2283 1273 qui
2307 1222 2351 1261 in
2369 1222 2456 1261 stel-

1427 1277 1474 1314 lis
1493 1277 1601 1325 vagis
1617 1276 1866 1314 nominantur
1885 1291 1893 1314 :
1917 1290 2037 1315 unum
2057 1279 2125 1329 qui
2144 1292 2193 1317 ex
2210 1277 2393 1332 omnibus
2411 1281 2461 1317 si-

1427 1334 1607 1381 deribus,
1642 1348 1727 1385 quae
1762 1335 1883 1372 infixa
1909 1336 2009 1373 coelo
2047 1345 2158 1384 sunt,
2191 1349 2241 1375 ex
2276 1336 2463 1388 dispersis

1427 1392 1539 1442 quasi
1559 1392 1749 1430 membris
1770 1393 1939 1444 simplex
1959 1394 2010 1431 sit
2027 1395 2225 1445 putandus
2244 1393 2339 1433 (leus
2366 1407 2376 1432 τ
2399 1406 2462 1432 se-

1427 1451 1612 1501 ptimum,
1636 1451 1754 1488 solem
1777 1451 1979 1502 adjungit:
2003 1461 2278 1505 octavamque,
2297 1452 2429 1491 lunam
2450 1465 2462 1493 ἕ

1429 1509 1499 1559 qui
1519 1523 1599 1559 quo
1632 1522 1745 1547 sensu
1766 1509 1872 1547 beati
1891 1523 1974 1548 esse
1998 1512 2167 1562 possint,
2187 1511 2362 1567 intelligi
2385 1524 2466 1550 non
2506 1544 2528 1561 „

1428 1576 1566 1618 potest.
1598 1567 1727 1612 Quare
1755 1568 1937 1606 Davisius
1957 1569 2004 1606 ad
2023 1569 2222 1608 Ciceronis
2247 1571 2277 1609 l.
2301 1585 2335 1611 c.
2358 1570 2463 1622 apud

1429 1623 1663 1663 Clementem
1698 1626 1774 1675 legi
1796 1624 1911 1675 jubet
1946 1625 2063 1677 ὄγδοον
2090 1627 2126 1666 δὲ
2159 1628 2218 1667 τὸν
2253 1629 2292 1667 ἐκ
2321 1627 2462 1667 πάντων

1426 1685 1495 1721 τῶν
1517 1684 1695 1724 ἀπλανῶν.
1719 1684 1769 1720 At
1787 1683 1885 1721 nihil
1908 1694 2057 1723 mutare
2073 1686 2238 1738 ausim.)

1487 1754 1517 1781 5.
1540 1740 1685 1794 Ἐλήρει
1705 1742 1734 1779 δ’
1756 1741 2011 1794 Ἀριστοτέλης,
2030 1742 2144 1795 ἐλήρει
2163 1743 2199 1783 δὲ
2218 1743 2464 1797 Ξενοκράτης,

1427 1798 1635 1851 ὠφελεῖσθαι
1655 1797 1717 1848 μὲν
1738 1797 1935 1851 ἀνθρώπους
1962 1800 2029 1839 ὑπὸ
2051 1803 2158 1850 θεῶν,
2187 1802 2398 1854 ὠφελεῖσθαι
2426 1802 2463 1842 δὲ
2520 1826 2522 1829 ·

1428 1857 1496 1896 ὑπὸ
1514 1857 1660 1906 γονέων,
1683 1857 1890 1909 ὠφελεῖσθαι
1909 1858 1945 1897 δὲ
1961 1858 2027 1898 ὑπὸ
2046 1862 2252 1912 καθηγητῶν
2273 1861 2464 1914 ἀποφαινό-

1430 1931 1544 1967 μενοι·
1565 1916 1627 1962 τὴν
1650 1916 1684 1954 δὲ
1707 1918 1912 1967 θαυμαστὴν
1941 1921 2138 1970 ἀγνοοῦντες
2159 1920 2347 1973 ὠφέλειαν,
2367 1921 2411 1970 ἣν
2430 1923 2462 1960 οἱ

1429 1972 1526 2028 σοφοὶ
1547 1974 1757 2025 κινουμένων
1787 1977 1864 2013 κατ’
1888 1976 2012 2027 ἀρετὴν
2045 1977 2206 2024 ἀλλήλων
2227 1979 2462 2031 ὠφελοῦνται,

1427 2032 1493 2086 κᾷν
1514 2032 1562 2082 μὴ
1583 2035 1732 2080 συνῶσι,
1753 2032 1842 2084 μηδὲ
1862 2034 2091 2086 γινώσκοντες
2111 2037 2345 2089 τυγχάνωσιν.

1482 2092 1736 2146 (Plutarchus
1768 2094 1858 2134 adv.
1883 2093 2002 2134 Stoic.
2040 2108 2124 2148 cap.
2163 2109 2230 2145 22,
2249 2097 2328 2138 vol.
2358 2096 2460 2146 XIV,

1429 2164 1514 2202 pag.
1538 2165 1587 2200 29
1607 2152 1670 2190 ed.
1697 2152 1852 2192 Hutten.
1885 2153 2066 2204 Disputat
2099 2154 2280 2194 hocloco
2310 2155 2463 2195 Plutar-

1429 2211 1522 2249 chus
1543 2211 1589 2248 dc
1606 2210 1821 2249 Stoicorum
1839 2211 2015 2261 dogmate
2028 2241 2039 2260 ,
2061 2214 2130 2263 qui
2149 2214 2414 2266 contendunt,
2428 2215 2478 2254 si*

1429 2283 1529 2309 unus
1553 2270 1708 2321 sapiens
1741 2270 1905 2319 digitum
1938 2271 2150 2321 prudenter
2177 2273 2462 2323 quodammodo

1428 2330 1623 2380 porrigat,
1656 2341 1790 2366 omnes
1817 2336 1897 2366 toto
1929 2328 2024 2367 orbe
2062 2332 2256 2381 sapientes
2294 2331 2460 2371 fructum
2520 2330 2522 2333 ’

1428 2387 1520 2425 inde
1548 2399 1695 2438 capere.
1721 2388 1803 2424 Hoc
1829 2387 1863 2424 si
1894 2388 2111 2439 contingit,
2134 2390 2188 2427 ait
2209 2389 2460 2438 Plutarchus,

1430 2446 1614 2483 delirasse
1630 2445 1817 2483 dicendus
1831 2454 1887 2482 est
1901 2445 2152 2496 Xenocrates,
2165 2457 2271 2487 ratus
2285 2448 2462 2488 homines

1430 2518 1451 2542 a
1485 2503 1581 2550 diis,
1619 2503 1848 2554 parentibus
1882 2513 1919 2541 et
1967 2506 2273 2557 praeceptoribus
2305 2506 2461 2559 juvari,

1430 2576 1547 2613 quum
1570 2562 1617 2599 de
1636 2563 1853 2600 Stoicorum
1887 2564 2077 2601 sententia
2101 2565 2295 2616 sapientes
2315 2575 2461 2605 tantum

1429 2622 1476 2659 de
1498 2620 1725 2658 hominibus
1745 2619 1842 2658 bene
1863 2633 2010 2660 merere
2029 2632 2185 2671 queant.
2208 2623 2318 2661 Patet
2335 2633 2462 2662 autem

1430 2680 1521 2718 hinc
1533 2710 1543 2728 ,
1558 2679 1809 2718 Xenocratem
1826 2679 1988 2717 deorum
2004 2681 2254 2731 providentia
2274 2681 2462 2721 mundum
2501 2705 2504 2708 >

1432 2738 1695 2777 administrari
1716 2737 1942 2778 affirmasse.
1960 2738 1972 2789 )

337 2844 2454 2861 ψ-ῇ--ῳ--ῄ--ι-ὴ

376 2919 403 2947 l.
425 2916 620 2946 Xenocrates
632 2939 639 2952 ,
663 2913 874 2955 Agatlienoris
890 2914 994 2955 filiuS,
1012 2914 1251 2947 Chalcedonius
1264 2937 1273 2953 ‚
1289 2922 1364 2946 mo-

330 2973 446 3005 nadem
467 2973 501 3004 et
515 2972 652 3013 dyadem
667 2971 744 3003 deos
760 2972 854 3011 facit,
872 2972 958 3003 illam
973 2972 1105 3012 quidem
1117 2973 1155 3004 ut
1167 2981 1290 3004 marem
1305 2981 1362 3013 pa-

328 3032 390 3064 tris
413 3031 484 3063 vice
510 3031 693 3071 fungentem
712 3031 809 3072 atque
822 3030 854 3061 in
877 3030 958 3062 coelo
975 3032 1162 3071 regnantem
1176 3056 1184 3071 ,
1206 3040 1304 3072 quam
1331 3032 1366 3063 et

330 3090 445 3121 Jovem
459 3089 555 3121 vocat
570 3090 603 3120 et
620 3087 775 3129 imparem
796 3089 829 3120 et
843 3090 998 3128 mentem,
1020 3088 1076 3129 qui
1095 3090 1145 3121 est
1155 3089 1218 3130 ipsi
1233 3089 1362 3130 primus

329 3147 410 3180 deus
429 3162 437 3179 ι
468 3147 554 3179 hanc
585 3155 662 3179 vero
687 3148 724 3178 ut
754 3145 926 3186 seminam,
948 3148 1069 3178 matris
1088 3148 1223 3179 deorum
1245 3147 1359 3187 instar,

329 3203 467 3246 portioni
485 3202 568 3235 eoelo
593 3202 744 3244 subjecta:
766 3202 979 3243 imperantem
996 3228 1003 3243 ‚
1022 3212 1094 3243 quae
1114 3204 1175 3245 ipsi
1194 3206 1244 3235 est
1257 3205 1363 3237 anima

329 3261 452 3294 mundi.

371 3325 400 3353 2.
425 3321 619 3352 xenocrates
636 3319 744 3350 antem
761 3317 1017 3357 Chalcedonius,
1034 3327 1135 3350 unum
1153 3319 1283 3359 quidem
1308 3330 1363 3351 vo-

330 3388 407 3413 cans
425 3385 612 3420 supremum
633 3378 766 3415 Jovem,
784 3376 922 3408 alterum
938 3366 1016 3407 vero
1037 3375 1203 3416 infimum,
1224 3378 1360 3409 nonnul-

308 3476 310 3478 *
330 3436 394 3470 lam
413 3436 513 3479 patris
526 3445 563 3469 an
580 3430 635 3468 mii
656 3434 920 3475 significationem
942 3434 1008 3466 dat.

1470 2916 1499 2946 3.
1517 2914 1713 2946 Xenocrates
1725 2914 1840 2945 Jovem
1852 2912 1886 2944 in
1898 2913 1996 2945 rebus
2008 2913 2266 2948 immutabilibus
2272 2911 2461 2958 'supremum

1427 2971 1585 3014 appellat,
1600 2971 1745 3003 infimum
1763 2973 1872 3004 autem
1886 2971 1918 3002 in
1933 2970 1973 3003 iis
1990 2981 2065 3013 quae
2079 2973 2156 3005 sunt
2171 2972 2254 3006 infra
2271 2974 2393 3008 lunam.

1466 3034 1496 3064 4.
1521 3033 1715 3064 Xenocrates
1742 3030 1824 3072 (ruit
1844 3030 1897 3062 hie
1920 3031 2215 3075 Carthaginiensis)
2240 3036 2365 3075 septem
2382 3034 2455 3076 qui-

1427 3090 1502 3122 dem
1523 3090 1602 3123 deos
1625 3089 1791 3132 planetas,
1814 3088 1969 3121 octavum
1986 3098 2065 3122 vero
2079 3116 2086 3131 ‚
2102 3091 2160 3132 qui
2175 3100 2215 3124 ex
2231 3091 2283 3124 his
2305 3092 2457 3126 omnibus
2512 3111 2513 3116 =

1423 3148 1569 3189 constat,
1589 3148 1744 3180 mundum
1763 3147 1902 3180 obscure
1918 3142 2090 3189 significat.
2445 3140 2448 3143 “

1467 3210 1497 3239 5.
1525 3206 1690 3239 Delirabat
1714 3206 1811 3248 igitur
1829 3206 2040 3247 Aristoteles,
2060 3206 2218 3240 delirabat
2246 3209 2456 3252 Xenocrates,

1424 3265 1570 3305 adjuvari
1584 3264 1731 3298 homines
1749 3274 1768 3297 a
1785 3264 1859 3304 diis,
1879 3264 2024 3305 adjuvari
2042 3274 2061 3297 a
2078 3266 2266 3306 parentibus
2277 3293 2286 3308 ,
2301 3267 2456 3310 adjuvari

1423 3333 1443 3355 a
1461 3323 1716 3365 praeceptoribus
1734 3325 1901 3355 censentes
1914 3348 1922 3363 ,
1949 3322 2130 3356 mirabilem
2156 3333 2234 3357 vero
2251 3325 2341 3360 illam
2369 3327 2460 3370 igno·

1423 3384 1531 3414 rantes
1546 3382 1730 3423 utilitatem,
1749 3390 1846 3423 quam
1863 3381 2023 3423 sapientes
2038 3383 2153 3415 mutua
2168 3383 2290 3417 virtute
2303 3386 2458 3419 commoti

1424 3440 1627 3482 percipiunt,
1643 3440 1770 3473 etiamsi
1784 3448 1849 3472 non
1862 3438 2041 3481 intelligant
2056 3449 2161 3483 neque
2176 3443 2368 3485 agnoscant.

1358 3498 1432 3536 114
