2508 3776
103 302 111 330 -3
136 288 215 326 art
231 274 313 321 fere
332 274 530 316 floruisse.
550 275 629 322 Qui
648 288 770 328 quum
788 274 1022 314 Aristoclem
1043 273 1185 312 Messe·

91 323 247 402 ssaessffssm
260 334 345 388 >(55)
363 343 402 374 et
424 334 655 373 Herminum
676 335 756 387 (56)
775 334 1059 386 Peripateticos
1079 333 1188 372 audi-

95 379 257 501 &a
275 403 392 447 atque
408 395 551 443 11111113
569 408 702 434 rerum
723 394 1056 446 contemplatione
1073 393 1187 444 quasi

89 462 150 512 '4
206 450 431 495 'rnaculum
472 456 564 494 vitae
598 469 678 495 suae
709 455 959 503 collocasset,
998 453 1190 506 perfectus

51 560 56 564 ,
75 509 260 582 Ι’ῼξηείι
283 515 558 568 philosophus.
578 513 668 554 ruit
684 515 812 560 enim,
837 514 871 552 si
900 514 949 552 ab
969 514 1056 564 ipso
1077 522 1190 552 sectae

92 596 119 631 χω
129 569 341 639 funditore
356 574 584 614 discesseris
597 604 609 623 ,
625 574 979 625 Peripateticorum
995 573 1082 611 sine
1102 586 1193 612 con-

83 636 110 663 s
137 629 332 675 treversia
360 635 562 687 princeps.
596 634 695 672 Aliis
723 633 904 671 videlicet
945 633 1072 670 aliena
1098 632 1192 684 dog-

97 702 102 703 ’
137 703 242 738 mata
271 693 418 735 rationi
460 692 700 733 Aristoteleae
737 691 1045 730 admiscentibus
1058 720 1069 739 ‚
1109 691 1192 742 ipse

138 753 269 813 quoad
291 753 378 806 ejus
397 753 484 792 lieri
503 761 634 805 posset
658 759 830 790 veterem
848 750 1045 800 Stagiritae
1071 751 1192 789 disci-

137 809 287 871 plinam
311 812 496 852 restituit.
520 812 770 863 Quapropter
799 809 1023 848 Aristotelis
1042 811 1194 861 scripta

88 863 98 878 ²
110 870 324 941 ‘plurimis
355 871 650 912 commentariis
680 869 913 916 illustravit,
943 868 1013 920 qui
1044 869 1192 907 intelli-

62 934 97 984 ’ξ4
106 983 113 987 η
127 978 130 982 ,
136 925 323 996 fflffl’us
337 930 477 971 harum
491 943 622 970 rerum
641 927 976 968 existimatoribus
995 927 1091 966 adeo
1104 941 1197 979 pro-

64 984 352 1045 {ssslpssbantun
373 999 418 1030 ut
451 992 538 1043 ipse
560 990 742 1028 meritam
774 987 940 1038 gloriam
964 996 1196 1026 consecutus

64 1045 93 1086 j.
135 1039 252 1115 {llius
271 1050 467 1103 interpres
489 1047 712 1103 (ἐξηγητής)
732 1056 772 1086 et
793 1047 989 1086 diceretur
1009 1054 1048 1085 et
1074 1045 1196 1084 habe-

60 1108 86 1163 vJ'
127 1113 135 1118 '
160 1107 177 1165 ς’
193 1111 206 1118 ”
230 1123 265 1151 r.
287 1108 376 1157 Quo
397 1110 540 1149 factum
559 1118 638 1158 est,
653 1116 698 1147 ut
717 1108 982 1158 {lieronymus
1002 1105 1020 1143 I
1053 1105 1095 1144 in
1116 1105 1195 1144 Ru-

66 1167 78 1207 ’ζ
133 1177 138 1220 j
173 1182 266 1210 num
285 1169 351 1209 his
370 1168 507 1208 verbis
533 1181 623 1207 eum
643 1167 867 1217 designaret
891 1179 900 1204 ε
921 1167 1079 1204 Βενοῖυε
1107 1167 1196 1204 Ari-

142 1231 312 1268 stotelem
341 1237 382 1267 et
421 1230 689 1267 Alexandrum
702 1257 714 1276 ,
751 1227 971 1264 Aristotelis
998 1226 1198 1262 volunn'na

140 1284 407 1337 disserentem,
441 1297 480 1326 et
513 1296 659 1338 quanta
697 1287 955 1335 ambiguorum
982 1288 1033 1321 sit
1059 1287 1194 1335 copia,

70 1370 73 1371 ν
141 1359 273 1397 eorum
305 1349 465 1387 lectione
485 1359 699 1399 cog-nosces,
721 1344 853 1391 Quid?
875 1343 981 1394 quod
1002 1341 1198 1394 Ἀριστοτε-

135 1400 244 1451 <lube
261 1405 488 1460 Ἀλέξανδρος
508 1414 671 1445 vocatus
692 1414 750 1444 est
771 1418 794 1443 a
811 1403 962 1455 Cyrillo
990 1402 1040 1440 lv
1061 1411 1199 1441 contra

134 1460 298 1508 ‘Iuliam
319 1479 411 1518 pag.
445 1465 536 1507 133.
572 1464 677 1511 Quin
696 1463 813 1502 etiam
839 1461 1089 1514 Porphyrius
1115 1461 1195 1515 (57)

141 1522 184 1562 in
209 1523 292 1564 vita
315 1523 466 1563 Plotini
485 1536 572 1575 cap.
607 1522 656 1564 14
683 1521 896 1561 Alexandri
921 1520 1197 1572 Peripatetici,

139 1595 267 1642 guent
286 1583 636 1636 Aphrodisiensem
654 1581 945 1627 existimamus,
967 1589 1201 1619 commenta-

66 1646 70 1648 ’
135 1640 226 1694 {ios
254 1641 299 1681 in
319 1642 464 1682 scholis
486 1642 612 1688 lectos,
625 1654 710 1681 esse
730 1640 933 1680 memoriae
953 1640 1101 1692 prodit.
1123 1640 1197 1679 Ve-

47 1722 54 1729 ·
80 1699 84 1701 ⁵
140 1695 232 1746 m'm
256 1713 308 1741 ne
338 1700 388 1742 de
425 1700 717 1740 commentariis
749 1700 851 1748 illis,
878 1701 945 1751 qui
981 1700 1076 1738 satis
1114 1700 1199 1738 noti

70 1791 75 1794 -
143 1759 261 1819 ξιωῐ,
293 1759 362 1800 1110
396 1773 614 1815 exponam,
635 1759 813 1799 breviter
846 1758 895 1797 de
927 1758 1018 1797 aliis
1048 1759 1198 1810 ingenii

74 1853 79 1861 ,
143 1817 428 1870 monumentis,
447 1820 594 1873 quibus
612 1819 837 1860 Alexander
857 1831 1000 1857 nomen
1016 1831 1131 1858 sunm
1150 1820 1199 1858 ad

141 1875 450 1939 'immortalitatis
497 1880 729 1920 memoriam
764 1878 1029 1926 consecravit,
1070 1878 1201 1918 dicen-

135 1934 239 1980 ’dum
260 1940 438 1981 videtur.
461 1939 696 1992 Composuit
718 1939 841 1989 igitur
866 1936 1014 1976 librum
1042 1937 1123 1991 περὶ
1150 1941 1200 1978 εῖ-

146 1998 334 2055 μαρμένης
363 1998 426 2039 καὶ
446 2003 507 2038 τοῦ
528 2000 583 2052 ἐφ’
602 2002 690 2049 ἡμῖν
711 1998 759 2037 de
787 1998 866 2036 sato
889 2010 933 2036 ac
952 1997 1000 2036 de
1024 2010 1070 2036 eo
1091 1999 1200 2050 quod

140 2059 192 2099 'i'n
214 2068 350 2100 nostra
367 2068 426 2099 est
443 2067 659 2112 potestate,
682 2071 731 2097 ex
751 2071 831 2110 quo
852 2057 1046 2106 insignem
1069 2057 1198 2097 locum

145 2120 344 2173 excerpsit
364 2118 561 2159 Eusebius
595 2120 843 2169 inseruitque
862 2116 1032 2168 Praepar.
1050 2116 1199 2168 Evang.

144 2177 222 2228 vl.
237 2192 278 2230 9.
300 2178 415 2218 nunc
434 2178 582 2218 librum
601 2187 690 2231 post
710 2177 907 2229 duplicem
929 2175 1020 2214 Aldi
1037 2176 1201 2216 Manutii

146 2238 358 2278 editionem
380 2237 463 2291 (58)
484 2237 635 2291 primus
653 2237 775 2276 latine
794 2235 912 2274 vertit
933 2235 1201 2288 Hieronymus

142 2297 360 2350 &gissinus
388 2306 427 2336 et
443 2307 612 2349 quatuor
635 2294 907 2335 voluminibus
941 2296 1199 2347 quaestionum

143 2354 362 2412 'Aiexandri
390 2355 561 2408 subjecit
594 2354 770 2394 Venetiis
806 2367 842 2393 a.
875 2353 972 2401 1541
1011 2363 1050 2394 et
1095 2355 1199 2406 1559

144 2416 316 2459 minna
334 2416 460 2456 forma
480 2415 586 2468 apud
607 2415 895 2467 Hieronymum
920 2412 1079 2452 Scotum
1102 2413 1199 2466 (59).

146 2474 326 2516 Eundem
342 2475 387 2515 in
402 2474 577 2514 collectis
599 2473 927 2527 philosophorum
947 2472 995 2511 de
1012 2473 1090 2511 fato
1118 2485 1205 2511 sen-

47 2578 49 2585 .
148 2534 286 2576 tentiis
309 2535 584 2587 interpretatus
611 2542 670 2573 est
706 2534 819 2584 Hugo
851 2532 1016 2571 Grotius
1036 2532 1204 2572 Lutetiae

87 2626 95 2634 ,
150 2607 190 2637 α.
213 2595 314 2643 1648
336 2594 539 2648 quaternis
558 2603 597 2633 et
626 2593 905 2633 Amstelodami
931 2593 1032 2638 1648
1054 2593 1203 2631 duode-

36 2687 55 2701 ,
148 2655 238 2704 nis,
255 2654 326 2708 qui
344 2667 388 2694 se
405 2655 455 2694 ad
472 2654 673 2706 exemplar
694 2667 864 2704 graecum
885 2653 928 2691 in
945 2652 1102 2691 latinam
1120 2653 1200 2692 lin-

103 2718 115 2756 J'
149 2724 267 2766 cutm
290 2713 601 2754 transferendum
621 2713 712 2752 Aldi
738 2712 950 2751 editionem
975 2725 1063 2751 cum
1082 2715 1202 2750 Euse—

151 2821 239 2863 Mdv
249 2828 342 2870 ὄντα,
354 2830 399 2866 ὡς
407 2831 477 2866 τοῖς
492 2828 558 2860 ἀπὸ
571 2831 628 2867 τῆς
637 2829 737 2863 στοᾶς
754 2825 874 2864 ἔδοξεν.
893 2844 928 2849 —-
943 2825 1005 2866 (55)
1016 2823 1207 2867 Simplicius

149 2873 217 2921 1111
231 2874 275 2909 de
295 2874 377 2911 omlo
394 2874 452 2908 fol.
471 2877 522 2908 34.
545 2875 579 2908 b.
598 2875 632 2907 et
653 2873 799 2916 cyrillus
816 2873 851 2905 in
877 2871 1001 2905 Julian.
1032 2871 1090 2905 lib.
1109 2873 1142 2904 ΙΙ
1159 2870 1203 2904 cf.

50 2925 53 2932 ⁴
150 2922 222 2965 not.
237 2922 291 2957 41.
308 2939 348 2948 —
361 2922 428 2965 (56)
441 2920 634 2964 Simplicius
654 2920 690 2952 in
712 2921 743 2952 11
759 2919 802 2952 de
815 2918 899 2952 coelo
914 2917 971 2952 fol.
993 2921 1063 2951 105.
1081 2935 1125 2942 —
1141 2918 1206 2958 (57)

82 2978 86 3011 j
149 2966 356 3012 Porphyrius
375 2967 411 3003 in
437 2968 509 3002 vita
531 2968 656 3001 Plotini
678 2976 750 3010 cap.
772 2969 810 3000 14
827 2967 860 3000 ἐν
881 2967 915 2999 δὲ
928 2969 1001 3005 ταῖς
1016 2965 1206 3004 συνουσίαις

32 3014 75 3035 “”
152 3010 396 3060 ᾇνῑγινώωιετο
421 3016 478 3060 μὲν
502 3016 592 3057 αὐτῷ
623 3016 666 3048 τὰ
695 3015 937 3058 ὑπομνήματα,
968 3013 1034 3046 εἴτε
1061 3014 1207 3057 Σεὸἠρου

153 3059 207 3112 8311
214 3086 230 3106 ,
246 3064 314 3098 etta
334 3063 496 3108 Κρονίου,
523 3064 544 3103 ἢ
570 3062 760 3105 Νουμηνίου
774 3087 782 3102 ,
800 3062 820 3101 ἢ
849 3060 969 3099 Γαΐου,
987 3061 1008 3100 ἢ
1037 3059 1183 3093 Ἀττικοῦ
1195 3084 1204 3101 ,

151 3107 215 3152 ᾗόν
229 3112 300 3150 τοῖς
307 3112 586 3156 Περιπατητικοῖς
605 3110 648 3143 τά
664 3121 701 3142 τε
720 3108 899 3143 Ἀσπασίου
915 3108 971 3140 καὶ
988 3106 1206 3151 Ἀλεξάνδρου,

158 3153 184 3206 ’,Ι
297 3169 336 3192 ου
350 3170 387 3192 τι
401 3158 458 3192 καὶ
477 3159 545 3191 τῶν
566 3158 794 3201 ἐμπεσόντων.
813 3173 856 3179 -
870 3156 934 3196 (58)
948 3154 1072 3187 prioris
1087 3154 1208 3187 titulus

34 3218 38 3223 ·
154 3202 208 3249 ”2
220 3217 232 3239 2
249 3205 294 3239 τὰ
308 3205 488 3249 Θεμιστίου
507 3208 567 3249 τοῦ
585 3205 763 3249 εὐφραδοῦς
782 3203 932 3242 ἅπαντα,
952 3203 1041 3235 τοῦτ’
1062 3201 1133 3234 ἔστι
1144 3213 1212 3235 πα..

327 3254 386 3287 καὶ
405 3252 508 3297 λόγοι.
541 3252 751 3295 Ἀλεξάνδρου
773 3249 996 3294 Ἀφροδισιέως
1014 3249 1087 3292 περὶ
1105 3249 1209 3292 ψυχῆς

84 3309 88 3314 “
186 3297 191 3302 ’
243 3311 266 3335 α
283 3300 342 3335 δύο
359 3302 416 3335 καὶ
439 3302 471 3334 ἓν
490 3301 566 3346 περὶ
585 3300 791 3344 εἱμαρμένης.
809 3297 957 3330 venetiis
979 3296 1069 3339 apud
1087 3295 1209 3329 Aldum

178 3346 253 3380 5³4.
278 3347 477 3382 Posterioris
497 3357 602 3382 vero:
627 3348 806 3390 Ζητήματα
830 3344 1038 3389 Ἀλεξάνδρου
1066 3351 1187 3387 φυσικά

157 3394 232 3436 περὶ
249 3393 375 3437 ψυχῆς,
396 3395 608 3440 Μετάφρασις
631 3395 670 3427 ἐκ
687 3395 755 3427 τῶ)
778 3392 972 3436 Δαμασκίου
994 3393 1038 3430 εἰς
1055 3392 1095 3425 τὸ
1116 3392 1211 3436 πρῶ-

158 3451 217 3475 τον
245 3443 321 3486 περὶ
350 3442 490 3486 οὐρανοῦ
519 3442 656 3486 βιὸλίον.
688 3441 849 3484 Ἐπιτομὴ
879 3440 1015 3484 σχολικὴ
1045 3440 1090 3478 εἷς
1113 3439 1156 3472 τὰ
1182 3438 1211 3473 δ’

446 183 515 224 DE
546 181 867 224 ARISTOTELE
895 181 1130 232 EJUSQUE
1161 182 1447 224 DISCIPULIS
1479 183 1541 224 ET
1566 182 1994 226 SUCCESSORIBUS.

2216 184 2290 223 301

1250 273 1318 313 bio
1340 283 1377 313 et
1397 288 1517 313 manu
1546 276 1693 328 scripto
1715 275 1850 315 codice
1877 272 2092 314 contulisse
2116 272 2301 311 testifica-

1250 342 1326 372 tur.
1354 334 1534 386 Denique
1554 348 1677 385 graece
1698 344 1736 374 et
1756 335 1875 374 latine
1895 329 1983 374 cum
2013 346 2116 373 nova
2135 333 2301 371 transla-

1250 393 1358 433 tione
1375 395 1509 432 nescio
1534 394 1596 445 cuj
1605 408 1649 433 us
1669 395 1746 434 viri
1767 395 1872 433 docti
1889 393 1974 447 (60)
1997 393 2061 431 1110
2084 391 2300 430 Alexandri

1250 453 1407 492 libellus
1430 454 1471 492 in
1488 453 1687 505 publicum
1709 455 1858 506 prodiit
1874 453 2044 492 Londini
2059 466 2161 491 anno
2181 453 2299 491 1658.

1251 514 1424 552 Accessit
1445 522 1571 551 autem
1590 513 1680 551 huic
1701 514 1893 552 volumini
1909 513 2111 554 Ammonii
2133 512 2305 550 Hermiae

1252 573 1552 611 commentarius
1566 573 1609 611 in
1626 573 1832 611 secundam
1850 581 2000 624 partem
2017 570 2306 609 dissertationis

1252 632 1495 671 Aristoteleae
1514 632 1562 670 de
1581 633 1917 684 interpretatione.

1307 691 1433 730 Porro
1450 691 1553 730 lectu
1573 691 1694 741 digna
1707 691 1862 730 videtur
1881 689 2093 729 Alexandri
2115 684 2308 728 commen-

1254 751 1350 790 tatio
1369 752 1417 790 de
1439 751 1624 790 mixtione
1644 750 1747 804 (περὶ
1769 750 1914 803 μίξεως)
1937 751 2022 789 sive
2044 751 2093 788 de
2119 759 2307 801 tempera-

1254 810 1360 847 tione
1386 823 1595 861 corporum
1618 810 1665 847 ad
1687 810 1911 848 Stoicorum
1931 808 2128 860 praecipue
2160 816 2311 846 senten-

1257 869 1351 906 tiam
1388 869 1437 906 de
1458 882 1671 920 corporum
1704 869 1975 920 penetratione
2007 876 2045 906 et
2072 869 2146 906 deo
2170 867 2307 906 mundi

1257 928 1389 966 anima
1414 928 1705 979 explodendam
1727 927 2032 966 accommodata.
2060 927 2152 965 Haec
2179 927 2311 978 primo

1257 1000 1383 1037 graece
1402 987 1506 1025 edita
1519 995 1578 1025 est
1592 1000 1670 1025 una
1689 1000 1777 1025 cum
1794 986 2081 1024 commentariis
2099 986 2312 1024 Alexandri

1256 1047 1299 1085 in
1330 1046 1555 1085 Aristotelis
1586 1046 1891 1096 Meteorologica
1930 1045 2103 1083 Venetiis
2137 1057 2173 1082 a.
2210 1045 2310 1092 1527

1259 1105 1363 1157 apud
1391 1105 1562 1153 Aldum3
1582 1105 1726 1143 deinde
1753 1104 1802 1143 ab
1827 1104 1977 1154 Angelo
2001 1102 2169 1141 Caninio
2196 1103 2314 1141 latine

1258 1164 1415 1203 reddita
1436 1165 1484 1203 ad
1502 1165 1648 1203 calcem
1674 1165 1934 1216 quaestionum
1953 1162 2191 1201 naturalium
2214 1171 2252 1200 et
2268 1163 2314 1200 li-

1256 1224 1423 1264 brorum
1471 1225 1520 1263 de
1558 1225 1689 1263 anima
1718 1223 1868 1276 prodiit
1898 1224 1940 1261 in
1975 1223 2110 1260 eadem
2146 1220 2246 1259 urbe
2279 1234 2314 1262 a.

1263 1283 1364 1322 1555
1385 1284 1490 1336 apud
1511 1284 1799 1335 Hieronymum
1825 1282 2000 1321 Scotum.
2350 1274 2354 1276 ¹

1313 1343 1505 1382 Praeterea
1522 1343 1703 1395 plausum
1724 1342 1899 1380 tulerunt
1919 1340 2006 1392 ejus
2034 1341 2206 1379 Φυσικῶν
2229 1355 2316 1392 σχο-

1259 1402 1344 1442 λίων
1364 1403 1408 1442 δι’
1429 1404 1586 1456 ἀποριῶν
1607 1401 1669 1442 καὶ
1697 1400 1832 1440 λύσεων
1856 1399 1978 1452 βιὸλία
2001 1398 2032 1438 δ’
2051 1399 2314 1450 Physicorum

1260 1463 1502 1502 scholiorum
1516 1476 1588 1515 per
1606 1461 1870 1501 dubitationes
1890 1468 1929 1499 et
1945 1460 2161 1499 solutiones
2180 1459 2229 1497 ad
2251 1472 2319 1497 va-

1259 1523 1340 1561 rios
1369 1522 1590 1562 Aristotelis
1622 1522 1730 1560 locos
1757 1520 1853 1559 libri
1877 1528 2063 1571 quatuor,
2087 1519 2173 1558 sive
2201 1518 2317 1565 Quae-

1260 1583 1406 1622 stiones
1423 1582 1622 1621 naturales
1636 1611 1647 1630 ,
1671 1589 1715 1620 ut
1734 1579 1956 1619 Politianus
1981 1587 2111 1618 vocat.
2136 1579 2257 1629 Atqui
2278 1579 2318 1616 hi

1262 1640 1424 1692 quidem
1444 1641 1713 1688 Quaestionum
1731 1638 1826 1677 libri
1847 1651 1973 1689 graece
1991 1639 2162 1690 primum
2187 1638 2319 1676 divul-

1261 1701 1340 1750 gati
1360 1709 1452 1739 sunt
1468 1714 1491 1739 a
1511 1700 1666 1739 Victore
1683 1699 1939 1737 Trincavello
1956 1697 2132 1736 Venetiis
2156 1710 2192 1738 a.
2217 1697 2318 1735 1536

1260 1760 1302 1798 in
1327 1759 1479 1799 aedibus
1495 1760 1584 1799 Aldi
1608 1768 1646 1797 et
1672 1758 1834 1797 Asulani
1854 1758 1977 1795 forma
1989 1756 2154 1808 majori3
2173 1756 2320 1808 quibus

1262 1819 1472 1870 adjunctus
1510 1827 1569 1858 est
1602 1818 1765 1856 libellus
1798 1817 1846 1855 de
1884 1817 1979 1855 fato.
2014 1815 2152 1854 Latina
2191 1824 2319 1854 autem

1262 1879 1477 1916 eorundem
1504 1875 1704 1916 librorum
1728 1876 2001 1927 interpretatio
2017 1904 2028 1923 ‚
2066 1887 2154 1926 quae
2183 1875 2321 1913 lliero-

1264 1951 1384 1989 nymo
1419 1937 1608 1987 Bagolino
1639 1935 1807 1988 ejusque
1843 1935 1928 1973 filio
1961 1933 2107 1972 Joanni
2136 1933 2322 1983 Baptistae

1262 1997 1442 2046 debetur,
1458 1997 1631 2036 Venetiis
1646 2009 1751 2035 anno
1769 1994 1923 2046 1559111
1941 1995 2068 2033 lucem
2079 1994 2235 2046 prolata
2246 2003 2318 2034 ost.

1316 2058 1392 2096 Sed
1413 2058 1599 2097 omnibus
1619 2070 1775 2109 semper
1798 2047 2032 2108 placuerunt
2051 2053 2131 2092 duo
2157 2052 2243 2104 ejus
2271 2054 2320 2091 dc

1263 2119 1392 2157 anima
1409 2119 1420 2171 (
1435 2117 1517 2171 περὶ
1543 2117 1683 2171 ψυχῆς)
1704 2115 1799 2154 libri
1820 2128 1943 2165 graece
1965 2113 2157 2166 publicati
2175 2115 2217 2151 in
2244 2113 2321 2150 line

1263 2192 1427 2230 operum
1447 2177 1658 2216 Themistii
1681 2175 1893 2227 subjuncto
1923 2172 2137 2212 Alexandri
2165 2172 2215 2211 de
2242 2173 2322 2211 fato

1262 2237 1399 2276 libello
1417 2236 1594 2275 Venetiis
1615 2235 1748 2274 studio
1773 2243 1811 2272 et
1827 2246 1947 2285 opera
1965 2232 2135 2271 Victoris
2157 2232 2319 2270 Trinca·

1263 2298 1356 2336 velli
1377 2311 1412 2337 a.
1438 2297 1537 2341 1534
1561 2296 1685 2334 forma
1700 2294 1840 2346 majori
1857 2295 1961 2345 typis
1981 2294 2070 2331 Aldi
2090 2301 2128 2331 et
2143 2292 2323 2332 Asulani.

1268 2358 1443 2397 Primum
1461 2356 1608 2394 librum
1628 2369 1678 2394 ex
1697 2368 1825 2405 graeco
1845 2354 1883 2391 in
1912 2353 2074 2392 latinum
2101 2364 2322 2391 sermonem

1265 2417 1384 2455 vertit
1418 2415 1683 2466 Hieronymus
1719 2414 1897 2452 Donatus
1928 2411 2102 2454 Venetiis
2137 2424 2173 2452 a.
2218 2411 2321 2450 1538

1270 2475 1420 2514 octonis
1441 2483 1479 2512 et
1497 2473 1660 2512 Lutetiae
1681 2473 1729 2512 ad
1750 2473 1895 2511 calcem
1915 2471 2125 2510 Themistii
2145 2484 2182 2510 a.
2219 2470 2321 2509 1528

1267 2534 1389 2573 forma
1411 2533 1569 2585 majori.
1594 2533 1772 2571 Alterum
1793 2531 1940 2571 librum
1963 2532 2096 2570 latinae
2113 2538 2321 2569 consuetu-

1266 2594 1350 2632 dini
1370 2593 1534 2632 tradidit
1557 2593 1732 2644 Angelus
1751 2591 1941 2631 Caninius
1956 2621 1967 2640 ‚
1989 2590 2100 2642 cujus
2120 2590 2321 2641 interpre—

1266 2653 1361 2691 tatio
1383 2666 1472 2690 cum
1491 2653 1627 2704 priore
1651 2651 1758 2691 libro
1778 2664 1849 2703 per
1868 2655 2068 2690 Donatum
2084 2662 2203 2689 verso
2224 2663 2322 2701 pro-

1265 2711 1338 2750 diit
1363 2712 1406 2750 in
1433 2712 1511 2750 fine
1543 2713 1800 2763 quaestionum
1821 2710 2058 2749 naturalium
2087 2708 2262 2748 venetiis
2284 2722 2320 2748 a.

1266 2825 1383 2869 πρῶτα
1414 2826 1470 2858 καὶ
1493 2826 1529 2858 τὸ
1549 2827 1580 2865 η’
1609 2837 1671 2869 περ
1701 2829 1837 2868 φυσικῆς
1866 2823 1986 2867 βιὸλία.
2007 2823 2220 2867 Θεοφράστου
2248 2823 2322 2866 περὶ

1266 2874 1449 2914 αἰσθήσεως
1480 2873 1604 2917 βιὸλίον
1617 2899 1626 2914 ,
1646 2874 1853 2917 Πρισκιανοῦ
1883 2872 1993 2906 Αΰδου
2023 2872 2223 2915 μετάφρασις
2253 2871 2321 2904 τῶν

1267 2921 1480 2964 Θεοφράστου
1495 2921 1570 2964 περὶ
1589 2920 1784 2959 αἰσθήσεως.
1806 2919 1954 2953 venetiis
1966 2945 1973 2958 ‚
1993 2918 2081 2961 typis
2095 2917 2171 2951 Aldi
2185 2919 2219 2950 et
2235 2918 2323 2950 Asu-

1265 2968 1333 3001 lani
1352 2970 1443 3002 1536.
1461 2967 1529 3002 Sed
1546 2967 1581 3000 in
1596 2966 1843 3010 exemplaribus
1857 2965 2014 2999 omnibus
2025 2991 2033 3005 ‚
2058 2967 2135 3007 qu'ae
2150 2963 2322 2997 Fabricius

1265 3015 1427 3058 inspexit,
1445 3015 1560 3048 insunt
1575 3015 1708 3047 tantum
1736 3012 1915 3047 Alexandri
1935 3012 2144 3051 Quaestiones
2170 3010 2322 3053 Physicae

1266 3073 1344 3096 cum
1362 3063 1449 3098 libro
1475 3062 1518 3096 de
1551 3063 1650 3101 Fato,
1673 3061 1814 3104 reliquis
1849 3070 1927 3104 quae
1970 3059 2091 3093 titulus
2126 3058 2322 3101 promiserat

1266 3111 1408 3145 omissis.
1427 3109 1635 3144 Vid.Fabric.
1659 3109 1744 3143 Bibl.
1767 3111 1873 3144 Graec.
1897 3110 1944 3142 IV
1956 3117 1990 3151 p.
2013 3110 2064 3141 66.
2081 3125 2124 3131 -
2141 3107 2207 3149 (59)
2222 3106 2321 3138 Liber

1266 3158 1458 3192 rarissimus
1474 3158 1522 3191 sic
1538 3156 1732 3199 inscribitur
1749 3167 1758 3190 ε
1774 3155 1954 3190 Alexandri
1973 3152 2239 3198 Aphrodisiensis
2256 3153 2321 3184 Pe-

1267 3205 1432 3250 ripatetici
1445 3204 1628 3239 doctissimi
1652 3205 1861 3244 Quaestiones
1884 3203 2061 3237 Naturales
2077 3203 2110 3234 et
2131 3199 2272 3233 Mol-ales
2287 3199 2321 3230 et

1268 3252 1310 3287 de
1324 3255 1407 3286 Fato
1418 3278 1426 3293 ‚
1447 3253 1648 3295 Hieronymo
1665 3252 1822 3294 Bagolino
1838 3251 2021 3285 Veronensi
2036 3251 2070 3283 et
2085 3249 2235 3291 Baptista
2254 3246 2321 3279 filio

1270 3301 1507 3344 interpretibus
1522 3327 1530 3340 ,
1545 3300 1587 3334 de
1603 3300 1713 3333 anima
1734 3300 1818 3333 liber
1828 3301 1843 3332 1
1855 3299 2056 3341 Hieronymo
2072 3297 2201 3329 Donato
2216 3292 2320 3327 Patri-

1269 3349 1322 3383 cio
1339 3350 1466 3383 Veneto
1477 3349 1674 3391 interprete,
1700 3348 1742 3381 de
1757 3348 1868 3381 anima
1890 3347 1975 3380 liber
1991 3348 2021 3378 11
2048 3346 2082 3378 et
2101 3343 2143 3376 de
2160 3342 2320 3375 mixtione

1269 3397 1393 3441 Angelo
1407 3396 1544 3431 Caninio
1559 3396 1763 3439 Angleriensi
1778 3396 1978 3437 interprete,
1997 3391 2108 3426 omnia
2116 3399 2240 3424 excusa
2251 3390 2320 3421 Ve-

1269 3444 1369 3478 netiis
1397 3443 1487 3488 apud
1517 3444 1755 3486 Hieronymum
1781 3444 1918 3478 Scotum
1953 3443 2044 3474 1559.
2071 3455 2112 3464 -
2142 3437 2208 3480 (60)
2239 3438 2320 3469 Haec
