2508 3776
939 149 1008 190 DE
1036 147 1351 190 AFFECTIBUS
1379 148 1547 190 LIBER.

213 236 413 288 Φιληδονία
432 239 470 279 δὲ
487 238 657 291 ἐπιθυμία
675 240 810 288 ἡδονῶν
831 237 996 293 ἄμετρος.

213 300 495 354 Φιλοχρηματία
523 300 560 339 δὲ
586 299 756 353 ἐπιθυμία
788 299 982 355 ἄχρηστος·
1011 298 1036 348 ἢ
1066 298 1216 352 ἄμετρος

158 358 355 415 χρημάτων
376 359 559 409 ἐπιθυμία.

213 419 412 471 Φιλοτιμία
429 418 466 459 δὲ
485 419 655 470 ἐπιθυμία
675 420 826 473 ἄμετρος
844 422 964 471 τιμῆς.

212 475 397 526 Φιλοζωΐα
419 479 456 519 δὲ
473 478 641 531 ἐπιθυμία
661 483 751 528 ζωῆς
771 479 911 532 ἄλογος.

211 538 474 593 Φιλοσωματία
497 539 534 579 δὲ
551 538 721 592 ἐπιθυμία
747 539 908 588 εὐθηνίας
935 538 1102 591 σώματος
1117 536 1217 591 παρὰ

158 598 199 639 τὸ
223 599 315 642 δέον.

210 658 482 713 Γαστριμαργία
504 660 541 700 δὲ
571 658 741 710 ἐπιθυμία
758 655 919 696 σιτίων”
896 670 1063 709 αμετρος.

212 718 406 788 Οἷνοφλυγ’
393 734 430 758 ια
449 718 544 759 ἐστὶν
564 717 733 768 ἐπιθυμία
759 715 853 756 οἴνου
875 714 1070 763 ἄπληστος.

213 771 374 825 Δαγνείοι
393 771 430 812 δὲ
445 771 614 823 ἐπιθυμία
633 769 859 814 συνουσίας”
837 784 1000 822 αμετρος.

211 831 390 886 (Scripsi
424 842 436 873 2
462 836 480 854 ⁸
514 827 750 884 ἐπιτηρητικὴ
782 828 844 868 καὶ
872 826 1086 879 κακοποιός]
1123 827 1212 867 cod.

159 890 382 944 ἓπιτηριτικὴ
404 889 604 934 κακοποιός.
623 911 679 920 -
697 892 715 917 ¹>
732 888 844 928 ποιεῖν
875 887 984 939 τινα]
1016 886 1105 926 cod.
1129 879 1218 924 εἶναί

158 966 253 992 τινα.
269 955 354 982 -θ
371 948 644 1004 ῥιψοφθαλμία]
674 948 761 990 cod.
787 946 1025 1002 ῥιψοθαλμία.
1052 973 1095 979 -
1118 947 1134 971 ‘¹
1154 962 1215 984 τα

158 1009 295 1066 χυτῆς]
311 1008 400 1050 Vid.
419 1009 635 1048 Herodiani
657 1006 809 1059 ἐπιτομὴ
823 1009 886 1054 τῆς
905 1005 1094 1053 καθόλικῆ·ς
1107 1021 1220 1057 προσ·

159 1069 268 1124 &tac
303 1083 344 1122 p.
379 1069 432 1107 3ο
465 1068 529 1108 ed.
562 1067 761 1119 Schmidt3
802 1066 891 1106 cod.
925 1063 1096 1118 ταχύτης.
1122 1087 1176 1094 -

160 1127 371 1182 ὀξυδορκία]
396 1141 487 1167 cum
503 1127 592 1167 cod.
615 1140 660 1176 a;
687 1127 775 1167 cod.
801 1125 843 1165 b.
866 1123 1064 1177 ὀξυδερκία.
1081 1126 1160 1174 -)

558 1185 710 1234 Ἡδονῆς
730 1186 820 1235 εἴδη.

214 1245 470 1299 Ἀσμενισμός,
501 1244 643 1301 τέρψις,
669 1244 840 1294 κήλησις,
869 1243 1102 1297 χαιρεκακία,
1131 1257 1220 1294 γοη-

162 1305 258 1348 τοία.

527 1364 637 1419 Ὅροι
655 1367 726 1405 τῶν
746 1365 860 1404 εἰδῶν.

216 1425 452 1479 Ἆσμενισμὸς
473 1423 537 1478 μὲν
555 1420 616 1465 οὖν
637 1427 732 1465 ἐστιν
754 1424 812 1463 ἐπὶ
833 1422 1113 1478 ἀπροσδοκήτοις
1134 1421 1222 1472 ἀγα-

161 1488 233 1532 θοῖς
250 1485 379 1533 ἡδονή.

216 1543 351 1598 Τέρψις
364 1542 402 1583 δὲ
420 1543 530 1593 ἡδονὴ
551 1542 575 1592 ἢ
595 1544 639 1583 δι’
657 1542 768 1598 ὅψεως
788 1542 812 1592 ἢ
834 1544 878 1582 δι’
902 1543 1023 1588 ἀκοῆς.

216 1603 376 1652 Κήλησις
396 1601 433 1642 δὲ
451 1602 559 1652 ἡδονὴ
579 1605 625 1643 δι’
647 1604 755 1650 ἀκοῆς
776 1604 1051 1650 κατακηλοῦσα
1056 1598 1091 1649 ἢ
1114 1597 1220 1646 ἡδονὴ

162 1663 204 1702 ἐκ
219 1661 326 1716 λόγου
343 1677 384 1702 τι
401 1661 464 1702 καὶ
493 1665 690 1715 μουσικῆς,
725 1661 749 1710 ἢ
785 1661 828 1701 δι’
850 1663 959 1707 ἀκοῆς
983 1658 1150 1712 γινομένη
1164 1688 1175 1710 ,
1197 1656 1219 1705 ἢ

164 1722 318 1771 ἀπατης.

162 1800 166 1803 ·
217 1781 444 1836 Χαιρεκακία
475 1781 514 1822 δὲ
541 1781 650 1831 ἡδονὴ
680 1781 738 1821 ἐπὶ
757 1787 829 1827 τοῖς
850 1783 919 1820 τῶν
953 1779 1064 1825 πέλας
1086 1777 1223 1832 ἀτυχή-

165 1856 272 1894 μασι.

160 1921 165 1924 ·
219 1902 251 1942 Γ
250 1899 372 1949 οητεία
393 1899 431 1940 δὲ
451 1899 562 1950 ἡδονὴ
582 1900 640 1942 διὰ
661 1900 823 1954 μαγείας,
844 1926 859 1946 a
880 1899 903 1948 ἢ
925 1898 1017 1940 κατὰ
1039 1898 1194 1947 ἀπάτην.

220 1959 397 2014 (Scripsi
415 1974 426 1998 ι
479 1959 631 2012 μαγείας
650 1961 661 2013 l
683 1961 795 1999 codd.
817 1959 982 2013 μαγείαν.
1000 1958 1079 2012 -2-)

541 2018 729 2064 Ἀποιθείας
749 2019 839 2068 εἴδη.

169 2123 173 2125 λ
217 2077 416 2130 Βούλησις,
435 2077 555 2152 χαρᾶσ,
578 2078 766 2129 εὐλᾶὅεια,
790 2079 981 2119 εὐπείθεια.

517 2135 638 2213 :Opem
657 2140 727 2177 τῶν
747 2139 863 2179 εἷδων.

220 2195 396 2245 Βοῦλησις
414 2195 477 2248 μὲν
498 2190 558 2236 ουν
579 2198 674 2236 ἐστιν
693 2197 833 2250 εὔλογος
857 2197 979 2251 ὄρεξις.

218 2254 329 2309 Χαρδι
347 2254 384 2295 δὲ
405 2254 584 2308 εὔλογος”
565 2270 726 2310 επαρσις.

222 2315 404 2356 Eandem
426 2315 464 2355 δὲ
485 2315 626 2370 εὔλογος
659 2316 832 2367 ἔκκλισις,
869 2315 892 2364 ἢ
926 2315 1066 2372 φυλακὴ
1095 2318 1224 2354 κακοῦ·

167 2374 192 2425 ἢ
206 2375 391 2428 ἐπιμέλεια
421 2377 593 2431 φυλακῆς.

220 2434 413 2476 Εὖπείθεια
445 2435 483 2475 δὲ
515 2435 582 2482 ἕξις
610 2435 709 2477 κάτω
744 2435 989 2490 ε’στραμμένας
1024 2433 1086 2478 τὰς
1115 2433 1221 2488 κόρας

167 2493 317 2548 ἔχουσα.

535 2554 746 2603 Βουλήσεως
776 2554 865 2603 εἴδη.

169 2611 326 2662 Εὗνοια,
347 2612 532 2666 εὐμένεια,
554 2614 757 2666 ἀσπασμός.

570 2670 680 2727 Ὅροι
704 2675 818 2714 εἰδῶν.

225 2731 355 2774 Εὕνοια
371 2731 436 2784 μὲν
455 2725 515 2773 ουν
536 2735 610 2773 ἐστι
638 2733 806 2787 βούλησις
827 2734 991 2787 ἀγαθῶν,
1015 2733 1129 2772 αὐτῶν
1150 2730 1225 2770 ἔνε-

169 2807 231 2832 κιν
249 2792 407 2833 ἐκείνων.

227 2851 404 2902 Εὐμένεια
425 2850 462 2891 δὲ
486 2851 600 2892 εὔνοια
621 2852 795 2905 ἐπίμονος.

231 2909 438 2962 Ἀσπασμὸς
463 2911 499 2951 δὲ
521 2912 731 2957 ἀδιάστατος
755 2911 947 2965 ἀγάπησις.

566 2974 692 3027 Χαρᾶς
725 2973 814 3021 εἴδη.

225 3000 380 3085 Τέρψις,
404 3029 624 3085 εὗφροσυνη,
643 3032 805 3084 εὐθυμία.

532 3089 640 3144 Ὅροι
660 3094 727 3131 τῶν
751 3093 867 3131 εἰδῶν.

226 3147 359 3203 Γὲρψις
375 3148 439 3200 μὲν
455 3143 518 3189 ουν
539 3152 613 3190 ἐστι
635 3149 732 3204 χαρὰ
752 3149 940 3205 πρέπουσα
969 3155 1046 3195 ταῖς
1065 3149 1147 3203 περὶ
1166 3150 1228 3189 αὐ-

170 3222 234 3247 τον
249 3208 447 3263 ὠφελείαις.

228 3265 438 3320 Εὐφροσύνη
460 3267 496 3307 δὲ
519 3267 578 3307 ἐπὶ
606 3274 678 3313 τοῖς
699 3285 759 3309 του
779 3268 956 3323 σώφρονος
972 3269 1084 3322 ἔργοις
1114 3268 1224 3323 χαρά.

228 3326 392 3380 Εὐθυμία
414 3325 451 3367 δὲ
479 3328 578 3383 χαρὰ
607 3330 667 3368 ἐπὶ
695 3330 847 3383 διαμονῇ
883 3328 945 3368 καὶ
974 3327 1228 3383 ἀνεπιζητησία

173 3382 319 3429 παντός.

2251 152 2328 191 573

1320 238 1468 271 Luxuria
1490 239 1542 271 est
1559 237 1779 272 immoderata
1794 237 2009 282 voluptatum
2026 238 2203 281 cupiditas.

1322 297 1472 331 Avaritia
1498 297 1663 340 cupiditas
1693 298 1823 333 inutilis
1846 301 1897 333 est
1917 313 1926 333 ι
1946 298 2000 333 vel
2028 298 2158 332 infinita
2185 298 2331 340 pecuniae

1278 357 1454 399 cupiditas.

1320 416 1464 450 Ambitio
1480 417 1699 451 immoderata
1714 418 1848 451 honoris
1859 418 2024 461 cupiditas
2038 420 2100 452 est.

1321 477 1408 510 Vitae
1429 487 1522 510 amor
1546 478 1647 511 nimia
1662 478 1796 512 vivendi
1816 478 1936 521 cupido
1955 481 2018 512 est.

1321 537 1441 570 Cultus
1456 538 1602 580 corporis
1622 541 1672 571 est
1698 538 1800 572 nimia
1818 539 1919 572 validi
1942 539 2089 581 corporis
2114 538 2289 582 cupiditas.

1320 650 1475 684 Edacitas
1489 651 1688 687 inexhausta
1707 653 1856 686 ciborum
1881 653 2025 687 aviditas
2046 655 2107 687 est.

1320 710 1507 744 vinolentia
1523 711 1719 744 insatiabilis
1738 711 1808 744 vini
1830 711 1996 754 cupiditas
2015 714 2078 745 est,

1322 770 1482 804 Salacitas
1503 774 1617 805 autem
1641 770 1803 805 effrenata
1829 781 1942 805 rerum
1971 773 2197 806 venerearum
2234 779 2336 813 appe-

1281 830 1394 862 tentia.

1637 1186 1828 1229 Voluptatis
1846 1186 1973 1220 formae.

1325 1245 1504 1288 Gaudium,
1534 1245 1720 1285 delectatio,
1761 1245 2022 1278 delenimentum
2038 1271 2046 1284 ,
2090 1244 2337 1287 malevolentia,

1282 1309 1576 1342 incantamentum.
1968 1312 1971 1315 ·

1521 1358 1526 1362 ⁵
1595 1368 1790 1399 Formarum
1807 1365 2026 1400 definitiones.

1326 1429 1494 1463 Gaudium
1512 1427 1648 1470 quidem
1685 1429 1736 1460 est
1756 1427 1910 1469 voluptas
1930 1436 1948 1460 e
1975 1425 2070 1459 bonis
2103 1424 2341 1468 inexspectatis

1283 1492 1390 1532 capta.

1327 1550 1511 1583 Delectatio
1536 1551 1650 1583 autem
1683 1549 1855 1582 oculorum
1881 1550 1940 1581 aut
1971 1547 2103 1581 aurium
2131 1547 2295 1590 voluptas.

1327 1611 1593 1645 Delenimentum
1620 1613 1671 1644 est
1708 1611 1864 1652 voluptas
1898 1609 2065 1642 suavitate
2101 1608 2238 1642 auditus
2267 1608 2341 1641 ani-

1284 1682 1377 1705 mum
1400 1671 1567 1705 deleniens
1589 1674 1676 1704 :aut
1702 1671 1857 1713 voluptas
1889 1669 1944 1702 vel
1967 1679 2008 1703 ex
2028 1678 2178 1702 sermone
2209 1670 2243 1702 et
2265 1678 2342 1701 mu·-

1285 1732 1363 1773 sica,
1388 1732 1442 1765 vel
1467 1741 1508 1765 ex
1528 1731 1647 1765 auditu
1671 1731 1724 1764 vel
1745 1740 1787 1764 ex
1806 1729 1945 1763 fallaciis
1968 1731 2076 1772 capta.

1326 1791 1560 1826 Malevolentia
1596 1793 1649 1824 est
1684 1791 1838 1833 voluptas
1870 1799 1912 1824 ex
1945 1789 2060 1823 alienis
2094 1787 2342 1822 calamitatibus

1286 1852 1394 1894 capta.

1327 1912 1616 1944 Incantamentum
1640 1910 1691 1943 est
1711 1909 1866 1952 voluptas
1890 1917 1932 1942 ex
1963 1909 2090 1952 magica
2121 1910 2194 1942 arte
2220 1907 2275 1942 vel
2298 1916 2341 1941 ex

1286 1971 1425 2004 fallaciis
1448 1973 1615 2013 percepta.

1540 2029 1731 2062 Affectuum
1750 2028 1928 2061 vacuitatis
1962 2027 2089 2069 formae,

1328 2090 1502 2131 Voluntas,
1526 2089 1654 2128 laetitia,
1674 2088 1795 2129 cautio,
1819 2088 2028 2130 obsequium.

1599 2151 1795 2181 Formarum
1814 2148 2030 2181 definitiones.

1328 2210 1492 2243 voluntas
1505 2208 1641 2252 quidem
1661 2211 1712 2241 est
1730 2209 1896 2251 appetitus
1914 2208 2033 2241 rationi
2051 2209 2300 2241 consentaneus.

1328 2270 1460 2303 Laetitia
1479 2272 1593 2303 autem
1608 2270 1727 2302 rationi
1744 2272 1963 2303 consentanea
1976 2269 2077 2302 animi
2097 2269 2197 2302 elatio
2217 2271 2279 2302 est.

1329 2330 1447 2363 Cautio
1466 2339 1545 2363 vero
1564 2329 1740 2363 declinatio
1751 2329 1941 2373 probabilis,
1956 2328 2010 2362 vel
2026 2328 2105 2362 mali
2120 2328 2257 2361 evitatio
2268 2329 2319 2362 est
2333 2341 2343 2361 :

1288 2390 1342 2424 vel
1359 2389 1548 2423 evitationis
1564 2399 1658 2424 cura.

1331 2454 1538 2497 Obsequium
1566 2453 1616 2485 est
1631 2449 1766 2484 habitus
1785 2449 1929 2483 hominis
1943 2448 2086 2492 pupillas
2102 2449 2171 2483 sive
2187 2449 2346 2482 oculosin

1290 2515 1414 2546 terram
1433 2511 1572 2554 figentis.

1645 2568 1838 2602 Voluntatis
1861 2567 1986 2603 formae.

1331 2630 1573 2669 Benevolentia‚
1595 2628 1780 2667 clementia,
1797 2627 1982 2676 ample-xus.

1604 2692 1799 2723 Formarum
1815 2688 2031 2722 definitiones.

1332 2751 1563 2787 Benevolentia
1586 2749 1723 2793 quidem
1749 2750 1800 2782 est
1827 2748 1982 2781 voluntas
2011 2747 2183 2786 bonorum,
2212 2747 2346 2780 illorum

1290 2813 1436 2855 ipsorum
1463 2820 1562 2844 causa
1581 2809 1705 2852 quibus
1731 2808 1813 2842 bene
1838 2808 1966 2841 volunt.

1333 2874 1514 2908 Clementia
1536 2875 1648 2906 autem
1660 2872 1821 2915 perpetua
1846 2867 2075 2902 benevolentia
2094 2869 2157 2901 est.

1331 2933 1512 2976 Amplexus
1535 2934 1587 2966 est
1621 2930 1743 2964 amatio
1772 2927 1963 2961 indiscreta.

1687 2988 1806 3025 Gaudii
1827 2988 1956 3024 formae.

1331 3052 1526 3094 Delectatio,
1544 3051 1671 3090 laetitia,
1700 3050 1802 3083 animi
1834 3046 2071 3090 tranquillitas.

1595 3114 1794 3145 Formarum
1820 3108 2038 3142 definitiones.

1331 3173 1515 3207 Delectatio
1554 3172 1690 3216 quidem
1727 3170 1886 3214 gaudium
1916 3171 1967 3202 est
1995 3165 2118 3199 nostris
2146 3165 2348 3198 utilitatibus

1290 3231 1586 3297 wggtig‘asautem
1599 3262 1758 3306 gaudium
1776 3263 1827 3293 est
1844 3269 1862 3293 e
1876 3259 1940 3292 viri
1960 3256 2177 3300 temperantis
2191 3255 2347 3298 operibus

1289 3308 1699 3390 perAcsilirtiilllltranquillitas
1729 3344 1872 3387 denique
1902 3344 1953 3374 ost
1979 3341 2137 3383 gaudium
2161 3350 2179 3373 e
2205 3339 2347 3373 fortunae

1295 3394 1483 3429 stabilitate
1497 3394 1689 3437 nulliusque
1715 3393 1763 3426 rei
1780 3390 1944 3425 desiderio
1959 3391 2162 3432 perceptum.
