2508 3776
274 188 356 226 488

271 274 350 326 περὶ
370 273 409 311 τὸ
440 270 643 323 θρεπτικόν,
675 271 738 316 τῆς
767 269 902 323 φύσεως
929 270 1113 322 κινούσης,
1133 271 1190 311 ἵνα
1207 271 1311 319 αὐξη-

270 336 374 379 θῶσι,
412 331 470 369 καὶ
492 329 683 368 διάκεινται
715 328 834 381 ὥσπερ
856 330 887 367 οἵ
911 328 1106 380 οἰνωμένοι·
1139 330 1312 374 ἐσθίοντες

270 391 335 443 γὰρ
354 390 406 428 ἀεὶ
426 388 484 427 καὶ
506 388 685 436 πίνοντες,
720 388 780 427 καὶ
813 388 1048 433 ὑπνώττοντες
1068 389 1310 441 ἀκμαιοτάτην

270 451 387 502 ἔχουσι
405 448 466 494 τὴν
486 447 566 500 περὶ
590 451 702 486 ταῦτα
725 447 934 498 ἐπιθυμίαν,
964 447 1087 501 ὥσπερ
1106 450 1231 487 ἐκεῖνοι
1248 447 1311 496 τὴν

268 508 385 560 δίψαν.
408 507 472 546 Διὰ
495 510 596 546 τοῦτο
615 509 638 553 ἡ
658 505 776 553 νεότης
793 505 857 552 ἡδύ
880 508 992 554 ἐστιν,
1011 505 1063 544 ὅτι
1091 510 1167 557 μετ’
1188 509 1308 546 ε’πιθυ-

270 568 350 618 μίας
371 567 423 605 ἀεὶ
456 568 523 605 τῶν
547 566 748 619 ἀναγκαίων
783 565 949 606 ἅπτεται.
970 566 1040 606 Τὸν
1061 566 1135 605 ἴσον
1170 567 1210 615 δὴ
1231 567 1313 619 τρό-

268 642 331 665 πον
353 625 413 665 καὶ
439 627 470 664 οἱ
493 625 742 678 μελαγχολικοὶ
769 624 831 671 τὴν
859 624 962 678 φύσιν
992 625 1045 664 ἀεὶ
1069 626 1102 663 ἐν
1121 625 1226 677 ὀρέξει
1246 625 1311 665 εἰσὶ

268 687 422 738 σφοδρᾷ,
443 684 503 723 καὶ
523 685 656 724 δέονται
676 684 730 723 ἀεὶ
749 683 945 738 θεραπείας·
977 683 1142 723 δάκνεται
1163 683 1230 737 γὰρ
1253 685 1313 723 αὖ·

267 745 336 789 τοῖς
359 744 413 783 ἀεὶ
434 744 474 782 τὸ
495 746 597 795 σῶμα
619 744 675 781 διὰ
697 743 760 790 τὴν
777 749 915 796 κρᾶσιν.
938 745 985 783 Οἱ
1008 742 1070 794 μὲν
1091 738 1148 782 οῦν
1169 746 1310 791 ζητοῦν-

265 821 321 848 τες
350 805 412 848 τὰς
429 802 554 850 ἡδονὰς
576 797 669 842 οὗτοί
688 805 753 841 εἰσι
767 833 778 850 ,
803 802 863 842 καὶ
881 803 938 841 διὰ
956 802 1086 846 ταύτας
1113 801 1174 846 τὰς
1197 802 1310 847 αἰτίας

267 866 418 910 ζητοῦσι·
439 865 514 901 καθ’
540 861 621 900 σ’λου
644 862 679 901 δὲ
699 868 798 900 πᾶσα
819 862 925 911 ἡδονὴ
945 861 1130 914 σωματικὴ
1155 864 1309 910 ζητεῖται

266 922 322 960 ἵνα
343 922 497 975 ἐκὸάλλῃ
527 921 641 969 λύπην
672 921 891 969 σωματικήν·
928 922 1083 984 ἐκκρούει
1109 921 1177 974 γὰρ
1201 923 1306 970 ἡδονὴ

267 981 401 1029 λύπην,
423 982 461 1019 οὗ
480 981 581 1030 μόνον
614 984 636 1029 ἡ
662 981 882 1031 ἀντικειμένη
905 982 1012 1032 αὐτῇ,
1039 985 1109 1020 οἷον
1128 985 1150 1030 ἡ
1173 982 1229 1021 ἐπὶ
1255 999 1305 1034 τῳ

266 1043 440 1094 θρεπτικῶ
462 1039 568 1087 ἡδονὴ
598 1040 696 1087 τὴν’
681 1056 739 1078 επι
772 1043 822 1092 τῷ
845 1043 1022 1094 θρεπτικῶ
1052 1040 1191 1090 λύπην,
1213 1041 1305 1080 ἀλλὰ

263 1099 322 1137 καὶ
341 1099 441 1153 ἑτέρα
462 1115 533 1147 τις,
557 1098 615 1137 ἐὰν
641 1103 662 1150 ᾐ
686 1099 829 1151 ἰσχυρά.
858 1099 925 1139 Διὰ
957 1099 1087 1147 ταύτην
1110 1101 1173 1148 τὴν
1194 1100 1306 1139 αἰτίαν

266 1159 301 1196 αἱ
324 1173 525 1208 σωματικαι
545 1157 664 1204 ἡδοναι
681 1156 888 1206 διώκονται,
912 1157 972 1196 καὶ
1001 1160 1154 1199 ἐντεῦθεν
1176 1160 1305 1199 ἀκόλα-

266 1231 340 1253 στοι
360 1215 419 1254 καὶ
440 1218 564 1269 φαῦλοι
584 1215 750 1266 γίνονται.

316 1273 333 1290 *
351 1275 398 1312 Αἱ
426 1274 460 1313 δὲ
484 1274 605 1321 ἡδοναὶ
634 1275 669 1312 αἱ
692 1275 918 1328 θεωρητικαί,
951 1270 999 1315 ῶν
1027 1278 1067 1315 οὐ
1097 1283 1304 1331 προηγεῖται

263 1331 370 1379 λύπη·
392 1335 428 1374 οὗ
451 1333 537 1385 γάρ,
557 1332 677 1385 ὥσπερ
708 1333 764 1372 ἐπὶ
793 1337 861 1372 τῶν
893 1339 1127 1385 σωματικῶν,
1157 1338 1240 1387 πρὶν
1263 1341 1307 1384 ἡ-

266 1394 408 1442 σθῆναι,
429 1391 644 1442 λυπούμεθα·
660 1393 695 1429 αἱ
715 1392 755 1438 δὴ
773 1396 933 1431 τοιαῦται
955 1396 1020 1446 οὐχ
1041 1395 1304 1446 ὖπερὸάλλουσι

261 1450 300 1489 τὸ
315 1451 404 1489 δέον·
423 1450 495 1489 οὐδ’
506 1450 581 1489 ἔστι
593 1454 767 1503 θεωρῆσαι
784 1451 890 1493 πλέον
904 1451 926 1498 ἢ
940 1458 1130 1506 προσῆκεν·
1144 1455 1235 1494 ἀλλὰ
1251 1457 1306 1496 ἀεὶ

262 1510 445 1549 ἔπαινεταί
465 1511 480 1535 ‘¹
498 1511 595 1548 εἰσιν·
620 1526 673 1548 οτι
692 1510 736 1548 τὰ
755 1511 834 1550 κατ’
859 1511 966 1557 αὐτὰς
991 1514 1077 1560 ἡδέα
1098 1515 1199 1568 φύσει
1219 1517 1305 1557 εἰσὶν

260 1572 366 1619 ἡδέα,
392 1569 452 1608 καὶ
472 1570 510 1608 οὐ
532 1569 623 1607 κατὰ
645 1569 885 1619 συμὸεὸηκός.
921 1570 1027 1623 Λέγω
1047 1571 1083 1611 δὲ
1103 1574 1195 1613 κατὰ
1212 1591 1307 1628 συμ-

266 1628 417 1676 ὅεοηκός
445 1627 555 1702 ηδέαυ,
578 1627 621 1666 τὰ
644 1628 847 1680 ἰατρεύοντα
863 1628 926 1674 τὰς
948 1632 1154 1682 σωματικὰς
1174 1634 1306 1679 ἐνδείας

261 1704 321 1726 και
349 1687 484 1738 λύπας,
517 1686 637 1745 ὥσπερ
659 1687 703 1725 τὰ
725 1688 834 1726 σιτία·
861 1690 1014 1741 ἷατρεύει
1033 1690 1102 1744 γὰρ
1120 1692 1182 1740 την
1205 1693 1306 1746 φύσιν

260 1751 318 1785 τοῦ
343 1750 529 1790 πεινῶντος
560 1749 729 1786 νοσοῦσαν
750 1753 853 1787 τοῦτο
875 1749 914 1787 τὸ
939 1749 1065 1802 μέρος,
1091 1752 1151 1790 καὶ
1173 1753 1307 1804 εἰσάγει

260 1805 299 1843 τὸ
319 1806 495 1846 ελλεῗπον,
514 1804 654 1844 ἐπειδὰν
676 1804 768 1844 κατὰ
788 1806 828 1844 τὸ
847 1806 962 1860 ἕτερον
979 1807 1082 1861 μέρος
1102 1811 1163 1849 οὐκ
1185 1812 1303 1857 ενδεὴς

259 1868 302 1916 ᾖ,
326 1864 402 1903 οὐδὲ
426 1867 524 1915 νοσῇ·
544 1868 558 1886 ‘³
579 1864 671 1915 λέγω
693 1864 735 1912 δὴ
759 1865 799 1904 τὸ
822 1866 1018 1918 θρεπτικόν·
1047 1869 1163 1908 ἀλλ”’
1143 1886 1209 1924 εχῃ
1234 1875 1293 1910 τεἰ

263 1923 347 1962 αὐτὸ
366 1923 426 1962 καὶ
448 1924 589 1975 υγιαίνῃ
610 1924 689 1962 κατ’
707 1924 814 1972 αὐτό,
842 1925 902 1963 καὶ
931 1927 1073 1979 ἐνερ(ῇ,
1098 1930 1192 1967 τοῦτ’
1214 1929 1306 1969 ἔστιν

260 1983 318 2035 ὂρέ
319 1997 441 2034 γηται.
473 1983 576 2022 Κατὰ
597 1982 820 2034 συμὸεὸηκὸς
846 1984 913 2036 γὰρ
938 1985 983 2022 τὰ
1001 1989 1146 2025 τοιαῦτα
1163 1988 1288 2035 ἡδέα’
1273 2006 1306 2028 ε-

262 2041 364 2089 στίν,
386 2042 439 2080 ὅτι
468 2041 523 2079 διὰ
551 2041 614 2089 τὴν
643 2040 800 2094 ἰατρείαν
823 2041 1011 2093 συμὸαίνει
1033 2045 1151 2089 αὐτοῖς
1185 2046 1307 2093 ἡδέσιν

262 2105 361 2139 εἰναι·
389 2101 489 2154 φύσει
506 2101 542 2139 δὲ
565 2101 651 2147 ἡδέα
671 2102 709 2139 οὖ
727 2099 772 2139 τὰ
800 2102 1073 2154 ἀναπληροῦντα
1093 2102 1154 2149 τὴν
1173 2104 1306 2145 ἔνδειαν

261 2164 322 2206 τῆς
340 2158 472 2213 φύσεως
485 2189 497 2208 ,
517 2159 609 2198 ἀλλὰ
623 2159 667 2198 τὰ
688 2164 851 2198 ποιοῦντα
871 2159 996 2213 πρᾶξιν
1018 2161 1134 2209 αὖτης·
1154 2156 1248 2202 οῐά’
1233 2179 1307 2204 εστι

260 2218 303 2256 τὰ
321 2223 355 2256 θε
342 2218 492 2270 εωρητά·
524 2219 694 2258 τελειοῦσι
709 2217 781 2271 γὰρ
796 2221 858 2266 τ’ἧς
880 2221 996 2272 ψυχης
1016 2218 1079 2266 τὴν
1110 2221 1302 2275 ἐνέργειαν.

313 2276 348 2293 *¹*
363 2275 447 2316 εὈτι
477 2277 513 2317 δὲ
543 2279 603 2316 οὐκ
624 2277 728 2328 ἐσμὲν
758 2277 886 2326 ἁπλοῖ,
908 2277 986 2317 οὐδὲ
1008 2278 1097 2330 μόνῃ
1127 2281 1241 2331 ζῶμεν
1261 2283 1305 2332 τῇ

258 2338 355 2390 ψυχῇ
367 2368 377 2387 ,
396 2335 452 2375 διὰ
469 2340 571 2375 τοῦτο
587 2338 650 2375 οὐκ
668 2336 721 2375 ἀεὶ
735 2336 847 2376 ταύτὰ
865 2338 951 2385 ἡδέα
971 2341 1056 2389 ἡμῖν
1074 2341 1180 2387 ἐστιν,
1196 2341 1271 2379 ἐπεὶ
1285 2348 1300 2373 g

258 2394 334 2432 οὐδὲ
355 2393 398 2432 τὰ
425 2394 516 2432 κατὰ
541 2395 767 2445 συμὸεὸηκὸς
800 2395 887 2443 ἡδέα
914 2395 969 2434 ἀεὶ
989 2398 1182 2448 ζητοῦμεν,
1215 2399 1304 2439 ἀλλὰ

257 2457 316 2491 νῦν
340 2455 400 2504 μὲν
420 2458 530 2492 ταῦτα
547 2485 556 2506 ,
575 2460 632 2493 νῦν
652 2455 687 2494 δὲ
708 2456 839 2494 ἐκεῖνα,
859 2455 975 2496 ’Ὀταν
994 2455 1056 2507 μὲν
1074 2456 1141 2510 γὰρ
1162 2457 1248 2510 πρὸς
1265 2458 1305 2498 τὸ

259 2515 361 2563 σῶμα
395 2513 586 2589 ῥέπωμενμ,
595 2516 665 2559 τοῖς
691 2517 906 2566 σωματικοῖς
934 2516 1104 2569 χαίρομεν
1122 2547 1133 2569 ,
1161 2519 1301 2558 ἐπειδὰν

251 2570 331 2609 ’δὲ
318 2588 382 2609 υπε
388 2587 404 2623 ρ
430 2577 528 2611 τοῦτο
552 2573 702 2624 ἴδωμεν,
725 2575 770 2612 τὰ
803 2575 905 2628 φύσει
940 2575 1029 2622 ἡδέα
1060 2578 1245 2627 ζητοῦμεν·
1268 2581 1303 2618 αἱ

258 2630 326 2701 γὰρ
360 2634 421 2677 τ’ῆς
444 2633 559 2684 ψυχῆς
585 2634 707 2679 ἡδοναι
739 2637 816 2678 ταῖς
850 2651 1069 2685 σωματικαις
1096 2636 1297 2689 μάχονται,

260 2688 319 2727 καὶ
339 2692 424 2764 ρὶς“
408 2706 429 2736 η
451 2690 545 2741 ψυχὴ
570 2691 772 2744 πράττουσα
797 2692 936 2746 χαίρει,
955 2697 1069 2733 ταῦτα
1089 2696 1139 2732 τῶ
1159 2695 1300 2746 σώματι

259 2747 358 2799 παρὰ
379 2747 496 2800 φύσιν·
519 2748 686 2787 ὁπόταν
670 2749 704 2788 οὲ
722 2750 779 2789 διὰ
801 2754 864 2798 τῆς
889 2752 972 2804 περὶ
995 2752 1060 2800 τὴν
1083 2753 1211 2805 αρετὴν
1236 2771 1299 2805 με-

258 2806 363 2853 λέτης
392 2822 433 2858 τῃ
458 2810 553 2860 ψυχῇ
574 2808 613 2847 τὸ
642 2812 745 2860 σῶμα
767 2810 1009 2864 ἀκολουθήσῃ,
1036 2816 1231 2859 τηνικαῦτα
1252 2818 1301 2859 οἱς

264 2867 450 2918 ἐνεργοῦσα
479 2866 602 2912 ἥδεται
622 2868 754 2920 ἡψυχή
771 2899 781 2917 ,
808 2870 873 2920 οὐχ
892 2870 1016 2918 ἥδεται
1038 2870 1102 2920 μὲν
1136 2871 1176 2910 τὸ
1195 2874 1299 2923 σῶμα

262 2923 342 2962 καθ’
363 2924 441 2963 ὅσον
462 2923 477 2946 ¹¹
498 2928 559 2963 οὐκ
581 2926 663 2963 εἰσὶν
684 2927 850 2975 αἰσθητά,
872 2930 933 2966 οὐκ
954 2930 1055 2980 ἀλγεῖ
1074 2928 1125 2967 δέ.

314 2981 366 2998 ***
385 2981 453 3020 Διὰ
473 2986 573 3020 τοῦτο
592 2983 650 3021 και
672 2978 749 3027 οἷς
735 3000 826 3022 εστιν
842 2989 863 3031 ἡ
881 2987 980 3039 φύσις
991 2987 1155 3033 καθάπαξ
1174 2989 1270 3037 ἇπλη
1283 3020 1293 3038 ,

260 3045 282 3088 ἡ
305 3042 393 3087 αὐτὴ
418 3041 542 3092 πραξις
564 3042 616 3080 ἀει
647 3041 806 3090 ἡδίστη
793 3044 898 3081 εστίν·
931 3047 975 3083 ὃ·
965 3046 1030 3098 γὰρ
1051 3047 1159 3090 θεὸς’
1141 3047 1194 3086 αεὶ
1210 3048 1293 3099 μίαν

260 3099 320 3138 καὶ
354 3099 469 3146 ἁπλῆν
493 3099 608 3152 χαίρει
636 3100 799 3147 ἡδονήν’
795 3102 914 3152 καίτοι
936 3104 1095 3152 ἀκίνητός
1115 3107 1213 3154 ἐστι,
1239 3108 1298 3146 καὶ

261 3158 354 3196 δοκεῖ
369 3157 425 3196 διὰ
444 3161 546 3196 τοῦτο
566 3157 655 3209 μὴ’
637 3174 731 3210 εχειν
751 3160 892 3206 ἡδονην.
913 3160 959 3200 ‘H
980 3163 1046 3214 γὰρ
1066 3165 1208 3213 ἡδονὴ’
1192 3166 1291 3219 ενέρ-

260 3217 338 3268 γειά
355 3218 458 3255 ἔστιν·
480 3220 502 3263 ἡ
524 3216 597 3255 δὲ’
581 3217 734 3270 ενέργεια
756 3219 923 3266 κινήσεως
945 3221 1039 3260 δοκεῖ
1058 3223 1161 3272 μόνον
1185 3229 1296 3277 εἰναι,

1113 184 1395 225 ANDRONICI
1425 183 1604 226 RHOD11

1373 277 1531 319 impellit,
1558 279 1597 309 ut
1615 278 1781 318 crescant,
1804 278 1839 310 et
1862 276 2053 312 vinosorum
2074 278 2178 312 instar
2197 277 2384 312 afficiuntur
2403 287 2413 309 e

1373 335 1498 369 edendo
1520 335 1607 369 enim
1620 345 1747 378 semper
1763 338 1797 369 et
1812 335 1953 369 bibendo
1977 346 2016 370 ac
2037 337 2230 371 dormiendo
2257 337 2416 371 acerrima

1372 395 1491 428 harum
1511 404 1623 428 rerum
1642 394 1822 437 cupiditate
1847 394 1984 434 ardent,
2004 395 2089 429 sicut
2114 396 2160 430 illi
2184 396 2239 430 siti
2261 395 2416 429 crucian-

1372 455 1437 486 tur.
1465 453 1687 491 Quamobrem
1714 451 1861 495 jucunda
1888 454 1939 484 est
1972 451 2205 493 adolescentia,
2240 456 2413 498 propterea

1372 512 1460 554 quod
1476 522 1552 545 cum
1572 512 1751 555 cupiditate
1778 520 1906 553 semper
1923 520 1976 544 res
1997 512 2196 546 necessarias
2214 513 2414 556 aggreditur.

1372 570 1564 612 Pariterque
1579 568 1727 603 homines
1746 571 1864 602 natura
1881 569 2108 603 melancholici
2130 571 2338 614 semper-acri
2356 581 2417 605 cu-

1373 628 1508 670 piditate
1528 628 1680 670 flagrant,
1712 637 1750 661 ac
1777 630 1936 670 perpetua
1959 629 2127 662 curatione
2149 631 2245 672 egent
2269 640 2278 661 ε
2298 638 2417 674 corpus

1372 687 1458 720 enim
1491 697 1605 720 eorum
1635 687 1766 721 assidue
1793 688 1968 720 vellicatur
2007 698 2046 721 ac
2079 689 2251 722 mordetur
2283 691 2416 733 propter

1372 744 1652 785 temperationem.
1673 745 1715 777 Hi
1734 754 1810 786 ergo
1835 747 1911 790 sunt
1934 745 1993 787 qui
2016 745 2205 788 voluptates
2222 746 2416 779 consectan-

1371 805 1438 844 tur,
1458 805 1492 836 et
1510 803 1562 836 hae
1589 806 1667 836 sunt
1685 813 1794 837 causae
1817 814 1876 837 cur
1904 815 1958 838 eas
1986 806 2215 838 consectentur
2247 814 2256 833 ι
2283 803 2415 838 omniuo

1371 865 1483 896 autem
1498 863 1603 897 omnis
1623 863 1777 907 voluptas
1805 865 1950 907 corporis
1966 864 2008 897 ad
2026 863 2257 907 depellendum
2273 862 2417 906 corporis

1370 924 1515 957 dolorem
1534 926 1696 967 quaeritur
1717 936 1724 956 ε
1743 926 1890 958 dolorem
1911 926 1997 959 enim
2014 925 2148 968 depellit
2168 924 2332 968 voluptas,
2352 932 2418 957 nou

1370 984 1467 1017 modo
1479 986 1641 1018 contraria
1657 986 1704 1018 illi
1718 1012 1726 1026 ,
1749 986 1843 1019 verbi
1857 995 1955 1019 causa
1972 985 2126 1027 voluptas
2145 993 2244 1028 quam
2258 983 2338 1027 quis
2352 992 2371 1017 c
2382 982 2417 1017 vi

1370 1045 1483 1078 altrice
1511 1045 1611 1087 capit,
1641 1045 1787 1078 dolorem
1803 1055 1821 1078 e
1847 1046 1881 1078 vi
1912 1045 2026 1078 altrice
2056 1045 2208 1087 captum,
2236 1043 2295 1082 sed
2315 1043 2417 1076 etiam

1370 1105 1456 1145 alia,
1481 1104 1509 1137 si
1529 1105 1707 1137 vehemens
1729 1104 1842 1137 suerit.
1864 1105 1915 1137 Ob
1943 1105 2027 1136 hanc
2043 1112 2177 1136 causam
2193 1102 2339 1146 corporis
2355 1111 2417 1135 vo-

1370 1165 1516 1207 luptates
1534 1167 1754 1208 appetuntur,
1773 1166 1806 1198 et
1831 1164 1907 1198 hinc
1931 1164 2185 1207 intemperantes
2211 1161 2419 1206 improbique

1370 1225 1524 1258 evadunt.

1413 1283 1686 1324 contemplativae
1705 1292 1787 1315 vero·
1804 1282 2011 1324 voluptateS,
2028 1290 2114 1324 quas
2129 1279 2227 1314 dolor
2246 1288 2310 1313 nou
2324 1288 2413 1323 prae-

1370 1336 1456 1369 cedit
1476 1349 1483 1368 :
1501 1346 1566 1368 non
1586 1337 1672 1368 enim
1690 1336 1724 1368 in
1739 1336 1802 1376 his,
1818 1338 1855 1368 ut
1878 1335 1912 1367 in
1920 1335 2066 1377 corporis
2085 1333 2324 1377 voluptatibus.
2341 1334 2420 1367 ante

1369 1393 1621 1426 oblectationem
1640 1392 1790 1425 dolemus
1824 1405 1832 1425 z
1863 1392 1947 1425 tales
1975 1400 2052 1434 ergo
2080 1399 2255 1434 nunquam
2282 1389 2420 1424 modum

1370 1450 1532 1484 excedunt
1559 1463 1566 1482 ι
1596 1460 1703 1494 neque
1732 1450 1819 1484 enim
1846 1451 2025 1493 quisquam
2053 1450 2129 1492 plus
2158 1457 2261 1491 quam
2290 1448 2420 1492 oportet

1370 1507 1584 1548 contemplari
1600 1505 1710 1549 potest
1730 1520 1737 1539 :
1756 1507 1815 1539 sed
1836 1515 1965 1550 semper
1999 1504 2182 1538 laudabiles
2213 1504 2291 1537 sunt
2311 1515 2320 1536 z
2337 1512 2419 1547 quo·

1368 1562 1456 1595 niam
1473 1563 1599 1605 quaein
1622 1563 1665 1595 iis
1689 1564 1767 1596 sunt
1782 1563 1941 1606 jucunda,
1974 1564 2094 1595 natura
2114 1563 2193 1594 sunt
2209 1559 2367 1603 jucunda,
2382 1561 2417 1594 et

1356 1627 1433 1652 'non
1449 1629 1507 1662 per
1523 1620 1683 1653 accidens.
1700 1623 1789 1654 Voco
1805 1622 1916 1653 autem
1931 1629 1990 1662 per
2005 1618 2155 1652 accidens
2167 1618 2324 1660 jucunda,
2337 1626 2417 1660 quae

1369 1675 1513 1718 corporis
1544 1675 1689 1709 defectui
1720 1685 1759 1708 ac
1786 1675 1892 1708 dolori
1920 1675 2105 1712 medentur,
2138 1673 2226 1706 sicut
2245 1671 2310 1706 cibi
2335 1682 2344 1702 τ
2367 1671 2416 1705 illi

1368 1730 1455 1763 enim
1473 1730 1648 1763 esurientis
1664 1732 1792 1763 naturae
1808 1730 1871 1763 hac
1885 1740 1925 1763 ex
1944 1731 2038 1773 parte
2054 1729 2229 1771 aegrotanti
2239 1727 2416 1762 medentur

1369 1795 1408 1819 ac
1427 1786 1594 1819 defectum
1610 1787 1779 1828 supplent,
1806 1797 1911 1829 quum
1933 1786 1968 1819 in
1977 1787 2081 1820 altera
2096 1786 2192 1828 parte
2206 1793 2313 1828 neque
2335 1783 2416 1817 viri-

1369 1840 1433 1874 bus
1448 1840 1611 1880 deficitur,
1630 1850 1737 1883 neque
1753 1842 1891 1882 aegrotat
1912 1840 2082 1881 :intelligo
2102 1847 2218 1881 nempe
2228 1838 2302 1872 vim
2318 1837 2415 1872 altri-

1369 1906 1441 1930 cem
1457 1908 1465 1930 :
1494 1897 1552 1930 sed
1571 1898 1605 1929 et
1618 1896 1718 1929 habet
1733 1905 1825 1935 eam,
1848 1898 1882 1929 et
1899 1896 1957 1929 illa
1975 1896 2010 1929 vi
2028 1895 2118 1928 valet
2134 1897 2235 1938 atque
2253 1893 2335 1936 agit,
2351 1894 2416 1928 hoc

1369 1956 1419 1987 est
1439 1953 1574 1996 appetit.
1601 1953 1764 1986 Nimirum
1788 1962 1847 1995 per
1864 1953 2014 1986 accidens
2038 1952 2118 1985 talia
2143 1953 2222 1985 sunt
2241 1944 2389 1994 iucunda
2402 1977 2410 1989 ‚

1370 2010 1449 2052 qnia
1461 2009 1631 2042 curatione
1649 2019 1750 2051 quam
1764 2009 1922 2042 adhibent
1940 2008 2007 2041 illis
2025 2006 2196 2049 contingit,
2211 2010 2251 2040 ut
2267 2005 2414 2050 iucunda

1368 2067 1461 2101 sint:
1487 2070 1606 2100 natura
1632 2069 1745 2099 autem
1762 2066 1910 2108 jucunda
1939 2067 2026 2103 sunt,
2045 2074 2110 2097 non
2140 2073 2216 2107 quae
2246 2062 2413 2098 defectum

1368 2122 1499 2152 naturae
1525 2120 1694 2162 supplent,
1723 2119 1781 2151 sed
1796 2127 1871 2160 quae
1889 2119 1959 2159 ejus
1979 2117 2142 2150 actionem
2161 2116 2297 2150 eliciunt
2312 2118 2414 2159 atque

1369 2176 1592 2215 expromunt:
1614 2172 1727 2215 qualia
1749 2173 1827 2204 sunt
1843 2170 2024 2214 spectativa
2038 2196 2046 2210 ,
2068 2170 2148 2214 quia
2164 2171 2285 2204 mentis
2307 2169 2414 2212 agita-
2450 2173 2458 2182 Χ

1368 2226 1491 2259 tionem
1509 2225 1693 2268 perficiunt.

1410 2284 1495 2323 Quia
1513 2294 1588 2317 vero
1614 2293 1721 2327 neque
1742 2284 1906 2327 simplices
1935 2293 2062 2324 sumus,
2079 2292 2188 2326 neque
2212 2282 2282 2316 sola
2303 2285 2414 2317 mente

1368 2337 1512 2369 vivimus
1524 2362 1531 2374 ,
1553 2335 1675 2368 idcirco
1693 2346 1755 2369 non
1772 2345 1899 2378 sempcr
1917 2336 2032 2369 eadem
2049 2336 2142 2369 nobis
2159 2338 2236 2368 sunt
2247 2336 2423 2378 jucunda,-

1367 2389 1632 2434 quandoquidem
1650 2389 1751 2422 etiam
1769 2399 1833 2423 non
1852 2399 1980 2432 semper
2000 2399 2077 2432 quae
2104 2398 2162 2432 per
2184 2389 2332 2423 accidens
2356 2390 2413 2432 ju-

1369 2444 1476 2477 cunda
1497 2446 1574 2476 sunt
1588 2444 1780 2486 quaerimus,
1800 2445 1857 2476 sed
1877 2445 1975 2476 modo
1988 2444 2059 2476 haec
2070 2469 2078 2484 ,
2094 2443 2193 2476 modo
2208 2443 2281 2476 illa.⁴
2301 2445 2412 2482 Quum

1366 2499 1453 2532 enim
1472 2499 1575 2540 magis
1592 2497 1636 2531 ad
1663 2507 1782 2541 corpus
1798 2498 2005 2540 inclinamus,
2021 2498 2122 2531 rebus
2140 2498 2304 2540 corporeis
2327 2507 2413 2541 quo-

1366 2562 1429 2594 que
1445 2552 1658 2590 delectamur,
1679 2561 1784 2593 quum
1801 2560 1881 2584 vero
1896 2551 2026 2584 animus
2042 2551 2144 2584 altius
2159 2560 2194 2584 se
2205 2550 2321 2590 effert,
2335 2561 2412 2594 quae

1365 2608 1482 2639 natura
1491 2605 1638 2648 Jucunda
1652 2608 1729 2638 sunt
1739 2605 1924 2649 appetimus
1939 2617 1946 2638 ι
1968 2605 2069 2638 animi
2085 2606 2210 2648 quippe
2223 2605 2412 2648 voluptates

1366 2670 1442 2694 cum
1452 2660 1596 2703 corporis
1607 2659 1835 2702 voluptatibus
1847 2662 1995 2702 pugnant
2005 2673 2014 2701 3
2030 2660 2218 2703 quibusque
2226 2660 2409 2695 actionibus

1365 2716 1549 2749 delectatur
1578 2716 1725 2756 animus,
1743 2715 1797 2749 hae
1819 2718 1939 2758 praeter
1963 2716 2109 2758 corporis
2125 2718 2279 2750 naturam
2308 2720 2407 2751 sunt:

1364 2768 1497 2813 quando
1515 2779 1595 2802 vero
1616 2769 1734 2802 virtuti
1746 2770 1793 2802 ita
1810 2769 1984 2803 studemus
2003 2794 2011 2809 ,
2028 2771 2067 2802 ut
2080 2770 2227 2803 animum
2249 2772 2408 2813 sequatur

1363 2832 1483 2865 corpus
1494 2848 1502 2863 ‚
1519 2824 1592 2854 tum
1603 2822 1645 2855 iis
1655 2821 1790 2865 quidem
1804 2821 1926 2865 quibus
1940 2822 2070 2855 animus
2085 2821 2268 2856 delectatur
2280 2823 2409 2856 actibus

1363 2890 1428 2914 non
1440 2879 1625 2912 delectatur
1641 2889 1771 2922 corpus,
1788 2882 1952 2922 quatenus
1971 2879 2121 2913 sensibus
2141 2889 2207 2912 non
2219 2879 2409 2923 percipiun-

1362 2937 1428 2973 tur,
1448 2935 1505 2968 sed
1521 2944 1585 2967 non
1605 2934 1705 2968 dolet.

1404 2994 1623 3032 Quamobrem
1650 2994 1770 3038 quibus
1797 2996 1914 3027 natura
1934 2994 2065 3027 omnino
2093 2994 2231 3037 simplex
2263 2996 2333 3036 est,
2353 2995 2407 3028 his

1362 3053 1477 3086 eadem
1497 3053 1596 3086 etiam
1614 3053 1701 3086 actio
1722 3061 1850 3095 semper
1861 3052 2100 3095 jucundissima
2118 3055 2169 3086 est
2189 3066 2198 3086 ε
2216 3053 2298 3086 deus
2319 3053 2406 3086 enim

1363 3122 1426 3145 una
1447 3121 1574 3154 semper
1587 3115 1620 3145 et
1639 3112 1778 3155 simplici
1795 3112 1919 3154 potitur
1933 3111 2104 3154 voluptate
2119 3120 2128 3140 ε
2143 3111 2237 3154 atqui
2260 3121 2321 3144 suo
2333 3112 2404 3145 loco

1360 3182 1426 3205 non
1449 3174 1613 3211 movetur,
1639 3172 1780 3214 ideoque
1807 3171 1899 3204 nulla
1920 3171 2054 3204 videtur
2069 3170 2196 3213 perfrui
2218 3171 2401 3214 voluptate.

1363 3231 1523 3275 Voluptas
1541 3231 1629 3264 enim
1646 3233 1741 3264 actus
1756 3233 1807 3264 est
1836 3243 1845 3263 ε
1865 3230 1966 3264 solius
1995 3232 2108 3264 autem
2135 3232 2247 3263 motus
2269 3230 2405 3265 videtur

261 3338 2391 3356 wm—

303 3426 321 3444 *
339 3428 377 3461 Αἱ
394 3426 422 3461 δ’
442 3429 521 3462 ἄνευ
538 3428 638 3469 λύπης
657 3429 716 3461 οὐκ
731 3429 860 3472 ἔχουσιν
883 3432 953 3464 κτλ,
970 3448 1012 3455 —
1027 3433 1063 3449 *³*
1084 3433 1152 3466 Οὐκ
1170 3434 1219 3467 ἀεὶ
1239 3436 1266 3467 δ’
1285 3435 1374 3468 οὐθὲν
1394 3435 1454 3475 ἡδὺ
1470 3436 1538 3468 κτλ,
1561 3452 1603 3461 --
1624 3435 1684 3455 *μ’
1705 3434 1793 3467 Ἐπεὶ
1819 3435 1847 3468 εἷ
1864 3445 1922 3466 του
1945 3437 1965 3474 ἡ
1995 3434 2086 3477 φύσις
2103 3435 2173 3466 κτλ,

2487 128 2508 191 ‚11

2459 269 2461 273 .
2494 185 2508 280 i

2498 299 2508 326 1
