2528 3788
285 234 360 272 186

280 322 486 375 ὀφθήσεται,
505 321 594 360 ὥστε
611 322 776 361 πλειόνων
793 323 899 363 ὄντων
918 325 951 364 οἳ
973 327 1191 381 διαφέρονται
1214 330 1313 368 Πλά-

279 403 359 426 τωνι
371 416 380 433 ,
401 382 550 434 μάλιστα
569 381 824 431 ἐναντιούμενος
834 385 933 429 αὐτὸς
945 389 1116 439 φανεῖται.
1137 387 1207 426 Καὶ
1220 390 1313 440 πρῶ-

279 446 335 484 τόν
352 461 390 496 γε
421 441 489 480 ἀπὸ
514 443 571 478 τοῦ
592 443 705 478 κοινοῦ
727 441 787 479 καὶ
806 443 970 494 μεγίστου
991 444 1050 484 καὶ
1077 446 1310 498 κυριωτάτου,

278 504 340 551 τὴν
359 501 441 554 πρὸς
469 499 641 539 Πλάτωνα
661 500 893 551 παραλλαγὴν
921 503 1121 551 ἐποιήσατο,
1139 504 1186 553 μὴ
1207 505 1313 557 τηρή-

278 578 339 606 σας
357 561 396 600 τὸ
410 559 530 610 μέτρον
541 560 600 604 τῆς
615 559 846 609 εὐδαιμονίας,
862 560 949 609 μηδὲ
964 560 1027 607 τὴν
1040 562 1164 611 ἀρετὴν
1186 563 1312 615 αὐτάρ-

277 637 320 668 κη
340 619 425 672 πρὸς
442 621 542 656 τοῦτο
561 616 804 669 συγχωρήσας·
821 617 896 655 ἀλλ’
915 618 1111 657 ἀπολισθὼν
1129 623 1190 666 τῆς
1212 621 1312 659 δυνά-

277 696 367 730 μεως
399 681 461 725 τῆς
493 676 583 715 κατὰ
613 675 676 722 τὴν
697 676 850 730 ἀρετήν,
884 676 944 715 καὶ
971 678 1190 728 ἡγησάμενος
1222 681 1310 732 αὐτῇ

276 738 436 790 προσδεῖν
455 738 520 774 τῶν
544 736 582 773 ἐκ
602 737 664 780 τῆς
684 733 793 787 τύχης
807 764 817 784 ,
834 733 890 772 ἵνα
911 735 999 784 μετὰ
1016 735 1143 774 τούτων
1167 735 1230 791 ἕλῃ
1249 736 1310 784 τὴν

275 795 507 845 εὐδαιμονίαν·
529 796 558 832 εἷ
579 793 607 831 δ’
629 794 682 847 ἐφ’
705 795 830 840 ἑαυτῆς
862 794 1007 847 ληφθείη
1025 824 1035 843 ,
1066 797 1111 840 ὡς
1143 796 1310 834 ἀδύνατον

273 854 332 892 καὶ
357 856 417 892 οὐκ
438 853 575 906 ἐφικτὸν
595 854 655 898 τῆς
675 853 910 902 εὐδαιμονίας,
932 853 1179 906 μεμψάμενος.
1257 853 1310 894 Τὸ

274 913 334 963 μὲν
357 906 414 951 οῧν
448 911 583 964 ἀγεννὲς
613 910 673 949 καὶ
702 911 983 963 διημαρτημένον
1016 915 1077 959 τῆς
1105 912 1247 965 γνώμης
1276 914 1309 949 ἐν

273 971 382 1025 τούτω
402 987 439 1010 τε
459 974 523 1010 κάν
548 975 617 1014 τοῖς
638 969 755 1014 ἄλλοις
767 999 776 1017 ,
799 971 836 1008 οὗ
865 974 926 1009 τοῦ
947 972 1118 1024 παρόντος
1137 971 1309 1010 δεικνύναι

271 1046 402 1082 καιρου
475 1029 610 1068 Ἐκεῖνο
634 1028 669 1067 δὲ
692 1022 790 1079 οἶμαι.
806 1028 1003 1082 πρόδηλον,
1025 1029 1079 1069 ὅτι
1098 1033 1158 1068 τοῦ
1179 1045 1307 1068 σκοπου

271 1088 329 1126 καὶ
346 1087 562 1138 εὐδαιμονίας
579 1088 640 1126 οὐκ
658 1087 743 1126 ἴσων
760 1088 888 1136 ὄντων,
909 1088 986 1127 οὐδὲ
1002 1092 1069 1128 τῶν
1088 1091 1198 1127 αὐτῶν
1218 1088 1308 1126 κατὰ

273 1148 447 1187 Πλάτωνα
467 1146 527 1184 καὶ
549 1146 640 1186 κατὰ
662 1146 913 1198 Ἀριστοτέλην·
936 1148 1024 1186 ἀλλὰ
1044 1151 1104 1186 τοῦ
1120 1145 1182 1198 μὲν
1202 1149 1308 1198 βοῶν-

270 1221 327 1249 τος
346 1205 508 1244 ἑκάστοτε
541 1206 600 1244 καὶ
626 1204 849 1257 κηρύττοντος
870 1205 922 1244 ὅτι
954 1205 1259 1257 εὐδαιμονέστατος
1292 1209 1309 1244 ὁ

270 1264 504 1310 δικαιότατος,
526 1267 584 1301 τοῦ
605 1264 640 1301 δὲ
663 1263 711 1315 μὴ
733 1264 957 1315 ἐκτρέποντος
973 1264 1115 1303 ἕπεσθαι
1132 1267 1174 1316 τῇ
1197 1267 1304 1317 ἀρετῇ

269 1320 329 1367 τὴν
353 1320 574 1371 εὐδαιμονίαν
586 1350 596 1370 ,
614 1321 656 1360 ἂν
674 1321 723 1372 μὴ
744 1322 802 1359 καὶ
819 1321 915 1373 γένος
931 1322 1108 1374 εὖτυχήσῃ
1135 1323 1194 1360 καὶ
1218 1322 1305 1361 κοίλ-

268 1381 325 1424 λος
345 1380 405 1418 καὶ
428 1380 532 1426 ἄλλοι,

338 1490 402 1522 Καὶ
422 1489 480 1530 γὰρ
497 1489 613 1529 χρυσὸν
628 1489 709 1529 ἔχων
726 1488 890 1528 πόλεμόνδ’
907 1490 954 1521 ’ίεν
967 1513 975 1528 ,
992 1489 1066 1528 ἠύτε
1085 1490 1183 1533 κούρη
1195 1515 1202 1529 ,

270 1578 403 1630 ἀνάγκη
430 1578 521 1616 κατὰ
555 1577 616 1625 τὴν
651 1578 817 1632 διαφορὰν
837 1585 895 1618 τοῦ
920 1580 1034 1625 τέλους
1066 1582 1124 1620 καὶ
1159 1582 1222 1629 τὴν
1246 1582 1304 1620 ἐπὶ

267 1642 367 1676 τοῦτο
390 1637 539 1688 ἄγουσαν
559 1638 762 1691 φιλοσοφίαν
793 1638 953 1710 διάφορον
977 1633 1080 1679 εἶναι.
1115 1643 1217 1721 ειΜιᾷ
1236 1639 1303 1692 γὰρ

267 1698 334 1749 ὁδῷ
356 1696 538 1749 βαδίζοντα
555 1726 565 1746 ,
596 1696 670 1743 ἥτις
700 1696 810 1770 ἄγειν
821 1698 972 1750 πέφυκεν
990 1699 1046 1737 ἐπί
1066 1704 1129 1737 ‘tiu
1150 1715 1217 1738 των
1241 1715 1300 1750 μι-

268 1771 360 1807 κρων
394 1755 453 1793 καὶ
480 1771 671 1804 ταπεινων,
703 1756 763 1793 οὐκ
792 1755 884 1794 ἔστιν
911 1759 1020 1796 ἐλθεῖν
1054 1758 1110 1797 ἐπὶ
1128 1757 1172 1797 τὰ
1197 1759 1303 1809 μείζω

267 1829 325 1852 και
346 1816 379 1852 ἐν
394 1814 472 1868 ὕψει
493 1814 648 1864 κείμενα.

268 1974 410 2007 lonicum
430 1974 554 2015 aliquid
583 1974 820 2016 Peripateticus
850 1975 912 2008 iste
934 1976 1067 2015 doceat,
1088 1978 1125 2008 ut
1145 1985 1184 2008 ex
1202 1975 1303 2017 pluri-

267 2034 328 2066 hus
346 2033 404 2074 qui
421 2043 440 2066 a
459 2033 593 2066 Platone
616 2033 828 2072 dissentiunt,
851 2034 976 2075 longius
1004 2034 1046 2066 ab
1065 2043 1104 2066 eo
1120 2043 1214 2066 nemo
1234 2034 1303 2066 dis-

267 2092 413 2124 cesserit.
459 2091 619 2132 Principio
634 2091 722 2132 quod
749 2093 788 2124 ut
803 2091 948 2124 omnium
977 2101 1149 2124 commune
1175 2093 1242 2132 est,
1260 2092 1305 2125 ita

268 2151 442 2183 maximum
469 2151 500 2183 et
519 2150 742 2192 praecipuum,
775 2151 807 2182 in
832 2160 870 2182 eo
900 2151 1063 2183 Platonem
1093 2151 1245 2192 reliquit,
1273 2153 1307 2183 et

268 2210 352 2243 ultra
372 2209 581 2242 beatitudinis
602 2209 737 2240 modum
765 2218 957 2251 progressus
988 2210 1067 2241 satis
1087 2209 1127 2240 ad
1149 2218 1220 2241 eam
1236 2218 1305 2240 rem

267 2278 324 2310 per
340 2277 410 2301 sese
432 2269 585 2300 virtutem
612 2269 753 2300 suturam
785 2268 924 2309 negavit.
971 2268 1098 2309 Quippe
1125 2268 1207 2309 fugit
1233 2277 1306 2300 eum

269 2329 318 2360 vis
342 2329 551 2370 potestasque
580 2327 731 2367 virtutis,
777 2335 913 2368 eamque
945 2327 1084 2359 fortunae
1115 2326 1307 2359 muneribus

267 2395 361 2427 egere
377 2386 419 2418 ad
437 2385 623 2418 felicitatem
650 2385 912 2426 consequendam
940 2385 1084 2427 putavit3
1112 2385 1307 2427 reprehenso

268 2448 420 2485 Platone,
441 2446 527 2487 quod
552 2446 580 2477 si
606 2446 659 2477 illa
679 2445 747 2477 sola
778 2455 834 2487 per
847 2455 882 2478 se
903 2448 1119 2487 spectaretur,
1139 2455 1303 2486 nunquam

269 2506 338 2545 ejus
354 2504 510 2537 beneficio
527 2505 569 2536 ad
586 2504 671 2536 illius
689 2504 926 2545 possessionem
952 2503 1111 2545 perveniri
1126 2506 1246 2545 posset.
1267 2506 1305 2535 At

269 2563 407 2595 hominis
422 2563 528 2603 opinio
545 2572 619 2594 cum
640 2563 671 2594 in
690 2563 752 2594 hoc
783 2572 916 2603 genere,
942 2565 1013 2594 tum
1042 2563 1074 2594 in
1099 2562 1189 2600 aliis,
1207 2571 1305 2603 quam

270 2632 370 2665 prava
385 2623 428 2654 sit
457 2622 638 2663 errorisque
668 2622 779 2663 plena,
803 2622 863 2654 etsi
885 2622 980 2662 hujus
999 2622 1061 2654 loci
1085 2622 1307 2655 demonstrare

270 2691 333 2714 non
354 2684 403 2713 est
423 2695 430 2713 ι
455 2681 515 2712 lioc
532 2683 638 2712 tamen
664 2680 872 2722 perspicuum
901 2680 1066 2719 existimo,
1088 2690 1191 2722 quum
1218 2680 1251 2712 in
1273 2689 1308 2712 re

270 2740 434 2782 proposita
450 2742 481 2771 et
500 2739 651 2771 felicitate
668 2739 894 2771 constituenda
911 2739 1055 2771 Platonis
1074 2741 1107 2771 et
1127 2739 1308 2771 Aristotelis

270 2808 333 2831 non
351 2807 415 2830 una
434 2798 476 2830 sit
492 2797 668 2839 eademque
688 2797 788 2836 rati0;
815 2797 873 2829 sed
890 2797 942 2829 ille
963 2798 1188 2830 felicissimum
1211 2807 1285 2830 eum
1298 2823 1306 2839 ,

270 2857 329 2899 qui
346 2856 546 2897 justissimus
563 2856 623 2895 sit,
644 2855 820 2896 praedicare
850 2856 969 2897 passim
997 2857 1028 2888 et
1051 2865 1210 2898 usurpare
1230 2866 1306 2888 con-

271 2914 414 2947 sueverit
433 2925 439 2944 :
468 2913 519 2945 hic
537 2913 648 2944 contra
668 2912 781 2944 virtuti
801 2912 987 2944 felicitatem
1003 2913 1150 2946 comitari
1172 2922 1236 2946 non
1263 2913 1307 2945 si-

271 2975 345 3011 nat,
363 2972 425 3004 nisi
438 2972 478 3004 ad
492 2980 564 3003 eam
583 2971 737 3003 natalium
758 2971 857 3003 etiam
876 2971 1047 3012 splendor,
1076 2972 1189 3004 sormae
1207 2972 1308 3014 digni-

272 3033 323 3065 tas
340 3033 375 3064 et
389 3031 452 3063 alia
468 3030 664 3063 accesserint
678 3042 684 3061 ι

310 3126 451 3162 Namque
470 3131 547 3152 auro
566 3123 696 3152 radians
715 3123 804 3160 quasi
817 3131 905 3159 vzrqo
927 3123 967 3151 ad
984 3123 1066 3152 bella
1080 3125 1231 3160 profectus
1247 3127 1291 3153 est

274 3231 373 3263 quam
392 3220 541 3253 diversus
558 3219 727 3260 utriusque
744 3218 816 3249 linis
832 3219 898 3258 est,
921 3219 989 3249 tam
1007 3218 1167 3250 diversam
1189 3220 1311 3251 utrum-

278 3290 342 3322 que
357 3279 555 3317 necessario,
577 3287 650 3318 quae
670 3287 766 3308 suum
783 3276 825 3308 ad
850 3276 948 3308 finem
968 3277 1147 3318 perducat,
1167 3277 1311 3318 philoso-

279 3339 363 3381 phiae
380 3337 548 3370 formulam
570 3345 771 3378 componere.
816 3337 896 3366 Nam
912 3334 970 3375 qui
987 3335 1070 3366 viam
1092 3344 1189 3367 unam
1211 3345 1312 3377 quan-

279 3398 371 3437 dam,
386 3405 459 3438 qum
475 3396 515 3428 ad
532 3395 687 3437 pusillum
712 3393 836 3435 aliquid
859 3393 1044 3434 humileque
1067 3394 1167 3433 serat,
1188 3403 1313 3435 semper

280 3455 399 3494 insistit
412 3481 419 3494 ‚
437 3455 464 3487 is
479 3454 602 3500 maj9ra
620 3456 654 3493 et
671 3453 785 3492 altiora
800 3461 966 3500 nunquam
986 3452 1141 3499 consequi
1165 3452 1294 3494 poterit.

947 236 1115 278 ATTlCI
1147 238 1416 280 PLATONICI
1444 241 1746 281 PHILOSOPlll

1457 337 1548 378 Ὀρᾷς
1559 360 1568 374 ,
1583 335 1622 368 ἵν’
1637 335 1699 367 ἐστ’
1713 335 1829 372 ἐκεῖνος
1847 335 1963 375 ὑψηλὸς
1980 335 2097 376 πάγος,

1455 384 1566 424 τραχύς
1585 394 1618 415 τε
1634 384 1686 414 καὶ
1707 383 1911 421 παλίγκοτος,
1932 383 2136 423 ἐγκαθήμενος
2149 381 2174 415 δ’

1454 431 1470 461 ὁ
1486 430 1683 472 ἐνελαφρίζων
1702 430 1793 461 αὑτὸν
1813 429 1910 470 ὄρνις;

1374 524 1457 564 Ἐπὶ
1475 527 1593 564 τοῦτον
1614 523 1671 562 τὸν
1693 523 1823 576 ὑψηλὸν
1855 521 1966 572 πάγον
1985 522 2025 561 τὸ
2041 522 2146 573 δριμὺ
2170 515 2230 562 καὶ
2250 528 2383 578 πανοῦρ

1372 599 1429 636 γον
1447 585 1556 622 ἐκεῖνο
1576 583 1691 635 θηρίον
1710 583 1862 621 ἀνελθεῖν
1882 579 2048 620 ἀδύνατον
2079 579 2136 619 ἵνα
2158 581 2194 620 δὲ
2208 584 2256 628 εἰς
2276 583 2401 623 ταύτὸν

1372 642 1451 694 ἔλθῃ
1466 644 1536 686 τοῖς
1556 643 1655 680 ἀετοῦ
1677 640 1886 692 γεννήμασιν
1913 637 2057 686 ἀλώπηξ
2075 669 2085 687 ,
2106 638 2127 685 ἢ
2149 638 2243 693 τύχῃ
2261 641 2329 680 τινὶ
2348 642 2402 680 δεῖ

1370 700 1608 754 χρησαμένους
1628 698 1773 742 ἐκείνους
1793 704 1928 751 πονηρᾷ
1945 703 2152 736 καταπεσεῖν
2172 699 2220 743 εἶς
2237 701 2317 750 γῆν,
2333 701 2403 738 τῶν

1370 759 1503 798 οἰκείων
1525 761 1638 802 αὐτοῖς
1669 754 1922 810 φθαρέντων·ἢ
1952 756 2014 803 τὴν
2041 756 2199 804 φύσασαν
2226 756 2357 806 αὐτήν,
2377 757 2401 797 ἃ

1372 818 1420 868 μὴ
1451 818 1579 871 πέφυκε
1603 817 1717 867 φύειν,
1738 815 1893 868 λαιψηρὰ
1912 817 2091 854 κυκλῶσαι
2113 815 2225 868 πτερὰ
2243 815 2367 868 ταύτῃ,
2386 822 2402 843 ⁰

1370 876 1430 916 καὶ
1446 876 1553 921 οὕτως
1572 876 1734 929 ἀρθεῖσαν
1758 877 1796 913 ἐκ
1821 877 1884 926 γ’ἥς
1910 873 2120 913 ἀνίπτασθαι
2139 874 2222 927 πρὸς
2244 875 2300 929 τὸν
2313 876 2403 928 ὑψη-

1369 937 1427 975 λὸν
1447 936 1572 986 πάγον.
1629 934 1724 980 Ἕως
1751 934 1780 973 δ’
1798 934 1838 973 ἂν
1869 934 2031 986 ἑκάτερον
2050 932 2067 956 ‘¹
2097 933 2153 972 ἐπὶ
2178 935 2241 981 τῆς
2274 932 2403 979 οἰκείας

1370 995 1457 1047 με’νῃ
1477 995 1623 1041 τάξεως,
1645 995 1708 1032 οὐκ
1726 993 1774 1031 ἔνι
1808 991 1970 1032 κοινωνία
1998 992 2067 1036 τοῖς
2090 994 2155 1042 γῆς
2173 992 2256 1046 πρὸς
2276 992 2320 1032 τὰ
2338 993 2401 1031 οὗ·

1370 1058 1473 1107 ρανοῧ
1493 1054 1690 1105 θρέμματα.
1751 1051 1819 1091 Καὶ
1854 1050 1928 1102 μεθ’
1947 1050 2047 1102 ἔτερα
2068 1050 2238 1103 ἐπιλέγει,
2272 1049 2401 1089 τούτων

1367 1111 1481 1151 τοίνυν
1501 1111 1608 1155 οὕτως
1626 1111 1776 1162 ἐχόντων
1807 1110 1866 1149 καὶ
1894 1108 2108 1162 πειρωμένου
2129 1113 2188 1148 τοῦ
2210 1108 2402 1154 Πλάτωνος

1369 1171 1482 1210 ἕλκειν
1516 1170 1577 1215 τὰς
1596 1172 1667 1208 τῶν
1687 1169 1773 1208 νέων
1793 1169 1909 1222 ψυχὰς
1943 1168 2015 1207 ἄνω
2047 1183 2114 1208 που
2133 1167 2218 1220 πρὸς
2245 1168 2286 1208 τὸ
2312 1170 2402 1208 θεῖον

1368 1229 1428 1268 καὶ
1448 1244 1568 1268 τουτον
1587 1245 1645 1267 τον
1666 1228 1792 1280 τρόπον
1822 1230 2114 1278 προσοικειοῦντος
2146 1225 2210 1277 μὲν
2222 1228 2274 1279 τῇ
2293 1219 2400 1280 ἀρετῇ

1367 1288 1427 1326 καὶ
1460 1290 1510 1340 τῶ
1543 1289 1667 1339 καλῷ,
1685 1288 1754 1324 τῶν
1782 1285 1817 1324 δὲ
1839 1285 1993 1324 ἄλλων’
1975 1289 2138 1323 απάντων
2159 1283 2401 1341 ἀναπείθοντος

1367 1349 1602 1399 υπερφρονεῖν·
1628 1345 1790 1416 φράσον
1795 1344 1880 1394 ἡμῖν
1897 1373 1908 1389 ,
1942 1360 1970 1382 ω
2007 1342 2268 1395 Περιπατητικέ
2280 1372 2291 1392 ,
2327 1345 2402 1388 πῶς

1369 1405 1555 1450 ἐκδιδάξεις
1585 1407 1715 1452 roffi-:223
1737 1419 1810 1446 πως
1830 1401 2041 1453 ὃδηγήσεις’
2027 1401 2079 1441 επ’
2099 1401 2187 1440 αὐτὰ
2206 1399 2285 1446 τους
2302 1402 2401 1455 φιλο-

1367 1464 1574 1511 πλάτωνας;
1600 1464 1674 1500 Ποῦ
1704 1477 1757 1500 σοι
1776 1477 1837 1507 της
1867 1460 2029 1513 αἱρέσεως
2049 1464 2208 1499 τοσοῦτον
2232 1458 2315 1516 ὕψος
2334 1457 2398 1498 λύ-

1366 1539 1434 1573 γων
1448 1552 1459 1571 ,
1481 1523 1570 1562 ὥστε
1600 1521 1638 1560 τὸ
1658 1524 1672 1543 ⁰
1691 1524 1759 1559 τῶν
1787 1520 1969 1559 Ἀλωαδῶν
1989 1518 2151 1572 φρόνημα
2181 1518 2399 1568 κτήσασθαι,

1366 1582 1424 1621 καὶ
1444 1581 1506 1629 τὴν
1527 1582 1573 1624 εἷς
1592 1580 1733 1632 οὐρανὸν
1755 1578 1829 1616 δδὸν
1851 1580 1984 1626 ζητεῖν·
1976 1607 1986 1626 ,
2005 1578 2048 1625 ἣν
2075 1579 2198 1616 ἐκεῖνοι
2214 1575 2277 1627 μὲν
2293 1575 2401 1630 ᾤοντο

1365 1643 1452 1692 ὀρῶν
1475 1639 1632 1678 ἀναθέσει
1653 1638 1818 1677 δύνασθαι
1845 1636 2013 1687 γίνεσθαι·
2041 1635 2079 1675 τὸ
2101 1637 2130 1674 δ’
2159 1635 2214 1688 ἄρ’
2234 1631 2278 1684 ἦν
2299 1637 2400 1688 ἀφαι-

1367 1699 1457 1753 ρέσει
1476 1714 1543 1737 των
1576 1696 1816 1769 ἀνθρωπίνων
1819 1694 2099 1744 σπουδασμάτων
2127 1692 2375 1746 γινόμενον,”
2349 1709 2397 1737 ως

1366 1773 1449 1812 φησι
1471 1756 1638 1796 Πλάτων.
1696 1754 1758 1799 Τίς
1776 1747 1834 1793 ουν
1855 1756 1876 1800 ἡ
1897 1752 1993 1805 παρὰ
2022 1751 2076 1791 σοὶ
2095 1750 2179 1804 πρὸς
2197 1764 2309 1790 τουτα
2329 1752 2400 1795 τοῖς

1366 1816 1450 1859 νέοις
1474 1815 1636 1868 βοήθεια,
1659 1829 1717 1852 και
1739 1813 1842 1851 πόθεν
1862 1827 1911 1855 τις
1928 1814 1946 1849 ὃ
1966 1827 2027 1857 της
2059 1812 2182 1863 ἀρετῆς
2207 1825 2397 1861 συναγωνι-

1438 1971 1549 2001 Viden’
1565 1973 1600 1999 u!
1618 1970 1666 1998 hie
1682 1970 1745 1997 alto
1761 1967 1850 1997 collis
1863 1965 2128 2003 assuryatjuqo?

1436 2017 1627 2050 Salem-osus,
1645 2023 1743 2051 asper,
1760 2016 1852 2051 cnjus
1864 2012 1998 2042 culmini
2015 2011 2152 2041 insidens
2190 2033 2195 2038 .

1436 2072 1554 2100 pennas
1570 2062 1704 2091 volucris
1716 2061 1844 2090 allevat.

1366 2160 1401 2190 In
1412 2157 1578 2190 excelsum
1592 2156 1685 2188 illum
1696 2156 1839 2187 montem
1853 2153 1991 2186 evadere
2009 2152 2093 2184 acris
2106 2152 2177 2184 haec
2193 2153 2227 2184 et
2245 2150 2400 2194 versipel-

1364 2217 1404 2249 lis
1422 2215 1526 2248 hestia
1544 2215 1632 2247 nullo
1651 2214 1747 2246 modo
1763 2213 1870 2255 potest
1885 2226 1892 2245 ι
1913 2214 1950 2244 ut
1968 2211 2054 2244 enim
2070 2210 2210 2243 eundem
2227 2209 2262 2242 in
2290 2209 2400 2242 locum

1366 2275 1483 2316 aquilae
1499 2273 1578 2315 pulli
1605 2272 1785 2314 vulpesque
1811 2270 2025 2309 conveniant,
2056 2270 2114 2302 aut
2141 2268 2188 2302 illi
2214 2267 2348 2311 disjecto
2362 2267 2401 2301 ac

1365 2333 1522 2374 dissipato
1537 2332 1613 2363 nido
1625 2356 1633 2371 ,
1649 2331 1683 2363 in
1703 2332 1821 2363 terram
1851 2329 1962 2370 iniqua
1978 2328 2119 2369 quadam
2140 2329 2228 2360 sorte
2249 2326 2401 2360 decidant

1366 2399 1497 2423 necesse
1515 2391 1584 2422 est.
1606 2389 1665 2420 aut
1684 2388 1818 2429 vulpes,
1842 2395 1924 2427 quas
1945 2387 2063 2418 natuna
2085 2385 2115 2417 ei
2133 2384 2242 2426 largiri
2263 2393 2327 2416 non
2344 2393 2398 2417 so·

1365 2451 1426 2490 let,
1447 2459 1496 2491 pr„
1486 2448 1644 2490 oepetibus
1662 2447 1722 2479 alis
1739 2455 1758 2478 a
1779 2454 1890 2478 rerum
1907 2445 2042 2487 parente
2061 2443 2262 2483 instruatur,
2279 2442 2400 2484 quibus

1366 2512 1436 2542 tum
1452 2508 1584 2541 demum
1602 2506 1729 2539 sublata
1749 2505 1781 2537 in
1803 2505 1942 2537 arduum
1973 2503 2065 2536 illium
2093 2502 2209 2534 collem
2227 2487 2401 2534 subvolare

1366 2569 1474 2610 queat.
1518 2565 1681 2605 Quamdiu
1699 2565 1787 2597 certe
1807 2564 1984 2603 utrumque
2002 2570 2102 2604 genus
2120 2570 2180 2593 suo
2195 2560 2269 2593 loco
2288 2568 2401 2593 mane-

1367 2626 1430 2667 bit,
1464 2625 1589 2657 nullum
1613 2623 1823 2656 terrestribus
1858 2619 2075 2653 animantibus
2110 2628 2185 2652 cum
2216 2618 2402 2652 coelestibus

1366 2685 1430 2717 illis
1465 2683 1695 2716 commercium
1715 2690 1786 2714 esse
1819 2679 1948 2722 poterit.
1993 2680 2072 2710 Haec
2102 2677 2166 2710 ille.
2211 2679 2310 2722 Tumv
2329 2675 2402 2709 aliis

1367 2743 1563 2785 quibusdam
1590 2740 1767 2781 interjectis
1791 2739 1838 2772 sic
1865 2737 2083 2780 prosequitur.
2127 2739 2211 2774 Qum
2227 2745 2332 2777 quum
2353 2735 2401 2768 ita

1368 2803 1432 2835 sint
1444 2810 1610 2843 quumque
1629 2800 1722 2832 Plato
1736 2799 1892 2842 juvenum
1909 2796 2034 2831 animos
2059 2794 2102 2827 ad
2118 2794 2264 2826 divinum
2280 2801 2401 2826 numen
2437 2807 2442 2811 ·

1368 2862 1495 2895 trahere
1524 2862 1658 2893 conetur
1676 2867 1780 2903 eoque
1810 2857 1905 2889 modo
1924 2854 2022 2887 simul
2045 2853 2086 2886 ad
2113 2852 2269 2885 virtutem
2297 2853 2330 2885 et
2362 2852 2400 2886 ad

1368 2922 1571 2955 honestatem
1599 2919 1782 2957 adducere,
1803 2917 1838 2949 ut
1860 2915 2054 2948 caeterorum
2082 2911 2146 2943 illis
2175 2911 2319 2945 omnium
2342 2910 2402 2943 de-

1369 2980 1570 3023 spicientiam
1580 2979 1613 3010 et
1622 2975 1872 3010 contemtionem
1879 2971 1999 3014 injiciat
2014 2983 2021 3003 :
2037 2970 2090 3002 die
2108 2969 2212 3008 nobis,
2234 2968 2400 3011 Peripate-

1369 3041 1449 3080 tice‚
1467 3048 1531 3080 quo
1545 3039 1642 3079 pacto
1654 3035 1725 3068 haec
1740 3033 1922 3067 traditurus
1941 3030 1986 3063 sis
1999 3055 2007 3070 ,
2028 3038 2127 3071 quam
2140 3027 2183 3060 ad
2205 3037 2243 3060 ea
2258 3026 2402 3060 Platonis

1370 3099 1569 3132 amatoribus
1586 3096 1672 3129 viam
1698 3095 1949 3127 monstraturus
1994 3089 2056 3121 Ubi
2087 3090 2176 3120 secta
2190 3089 2248 3120 tua
2276 3088 2401 3120 tantam

1370 3157 1526 3191 doctrinae
1545 3153 1766 3188 excellentiam
1784 3151 1842 3184 tibi
1859 3149 1998 3192 praebet,
2016 3147 2265 3181 utAloadarum
2285 3145 2402 3189 spiritu

1372 3220 1478 3251 sumto
1495 3217 1583 3249 viam
1607 3215 1667 3249 tibi
1694 3213 1735 3246 ad
1756 3212 1874 3245 coelum
1901 3211 2004 3243 facere
2023 3209 2176 3242 studeas?
2204 3207 2314 3248 Atque
2340 3205 2402 3239 hoc

1371 3278 1432 3310 iter
1450 3277 1497 3310 illi
1511 3276 1638 3309 montes
1656 3273 1820 3307 montibus
1835 3267 2029 3311 imponendo
2051 3265 2146 3299 facile
2164 3267 2198 3298 et
2213 3262 2402 3306 expeditum

1372 3335 1432 3367 sibi
1457 3335 1525 3367 sore
1546 3333 1712 3375 putabant.
1757 3330 1799 3362 At
1821 3338 1858 3361 ea
1882 3336 1936 3359 res
1963 3325 2099 3366 utique,
2128 3319 2400 3365 quemadmodum

1373 3392 1463 3426 Plato
1479 3393 1592 3432 docet,
1613 3389 1751 3423 sublatis
1763 3388 1893 3420 demum
1913 3384 2063 3417 humanis
2084 3379 2318 3424 cupiditatibus
2339 3381 2403 3416 im-

1372 3452 1527 3493 petratur.
1573 3451 1622 3483 Ad
1641 3450 1711 3485 haec
1729 3447 1826 3492 igitur
1853 3443 2080 3487 consequenda
2104 3449 2203 3484 quam
2232 3440 2269 3474 tu
2298 3439 2402 3490 adolef
