2508 3776
96 293 138 352 ἶ·
173 344 178 346 ἡ
209 296 354 339 (τούτων
373 299 444 338 τῶν
463 297 590 351 λόγων.
609 301 728 353 Τριῶν
758 300 827 356 γὰρ
858 300 968 341 ὄντων
1002 300 1048 340 δι’
1079 300 1102 340 ἅ
1121 317 1174 346 τις

112 346 159 363 a
185 360 190 370 ¹
206 356 284 398 'snt
294 372 346 407 τι,
366 359 384 385 1»
403 357 464 397 καὶ
479 359 650 398 τοσούτων
662 361 707 399 δι’
723 359 746 398 ἅ
766 376 818 405 τις
831 360 949 415 φεύγει
964 375 1010 400 τι·
1027 363 1042 382 ⁶
1055 362 1178 409 καλοῦ,

207 416 389 471 4’έροινι-ος,
412 417 522 465 ἡδέος·
544 419 719 471 αἰσχροῦ,
739 420 968 474 ἀσυμφόρου,
1002 420 1176 472 λυπηροῦ·

129 474 134 482 ’
151 487 182 532 ³}
202 475 235 515 ν
256 476 388 529 ἀγαθὸς
407 482 496 516 πᾶσι
511 476 603 516 κατὰ
624 478 663 517 τὸ
683 478 775 523 εἰκὸς
804 478 1006 528 ἐπιὸάλλει,
1041 477 1176 518 διώκων

54 557 60 560 -
213 533 259 575 τὰ
282 535 432 589 ἄριστα,
454 535 590 590 φεύγων
604 536 641 575 δὲ
661 537 684 575 ἃ
702 537 818 590 βλάὸη
840 536 1000 587 διώκειν,
1024 540 1042 577 ὁ
1059 537 1096 577 δὲ
1115 553 1176 578 κα·

117 586 178 624 ⁴²¹³*-
220 593 416 648 ἇμαρτοίνει
446 595 528 648 περὶ
554 595 668 649 κρίσιν
689 597 802 635 αὐτῶν
819 627 832 648 ,
854 597 915 636 καὶ
935 597 1090 648 μάλιστα
1113 596 1176 644 τὴν

88 658 105 693 ἕξ·
131 650 145 665 ”
167 655 190 667 ’⁹
210 653 324 702 ἡδέος·
338 657 368 704 ἡ
385 654 455 708 γὰρ
468 653 575 702 ἡδονὴ
593 655 632 693 οὔ
655 653 760 705 μόνον
783 655 882 704 κοινή
907 657 981 695 ἐστι
1000 662 1089 696 πᾶσι
1109 661 1179 700 τοῖς

128 709 242 766 ζῴοις,
254 711 271 737 ‘¹
291 713 383 754 ἀλλὰ
403 713 466 753 καὶ
486 719 594 753 πᾶσιν
622 711 746 752 ἕπεται
764 719 837 758 τοῖς
861 714 1057 767 εἰρημένοις
1084 717 1177 767 αἰρε-

91 788 93 790 ·
118 777 217 816 τοῖς.
238 770 283 812 Ἃ
299 771 370 826 γὰρ
389 770 604 826 αῖρούμεθα,
625 771 760 818 τούτοις
775 779 885 812 πᾶσιν
907 773 1082 825 ἡδόμεθα.
1104 772 1177 813 Καὶ

80 879 81 884 ,
111 827 257 871 ,10πώ
269 832 380 871 καλὸν
398 830 461 871 καὶ
480 830 656 885 συμφέρον
677 831 744 879 ἡδὺ
763 834 807 884 τῇ
825 833 958 871 ἑαυτῶν
980 832 1095 886 φύσει·
1114 831 1176 871 καὶ

63 886 193 942 βιᾶ
205 891 309 928 τοῦτο
321 889 355 928 οἳ
372 889 477 929 κακοὶ
497 891 729 945 ἀπατῶνται,
748 890 789 929 τὸ
807 889 873 938 ἡδὺ
889 889 996 929 καλὸν
1013 889 1073 929 καὶ
1089 905 1177 941 συμ-

83 956 87 958 ’
171 973 173 980 -
200 970 205 980 v
262 947 454 1001 ἡγούμενοι
485 954 571 998 πᾶν,
603 947 692 988 διότι
727 948 854 989 ἕπεται
885 949 1084 1001 νομίζοντες
1115 947 1176 988 καὶ

98 393 205 454 53253'25'.

127 457 196 477 „3

206 1008 381 1062 στρέφειν·
412 1007 452 1047 τὸ
484 1007 520 1047 δὲ
541 1009 607 1061 οὐχ
626 1007 734 1053 οὕτως
766 1008 855 1062 ἔχει·
890 1007 1078 1060 συμὸαίνει
1109 1007 1177 1061 γὰρ

68 1042 246 1119 ,ἐξηυλλὰ
265 1069 336 1106 τῶν
363 1067 476 1115 ἡδέων
497 1068 632 1121 αἰσχρὰ
660 1067 722 1107 καὶ
744 1068 933 1122 ἀσύμφορα
961 1061 1062 1108 εἶναι·
1083 1067 1175 1108 ὥστε

78 1123 276 1183 bonvm&
291 1155 303 1175 ,
331 1124 386 1166 ὅτι
413 1126 495 1180 περὶ
513 1127 640 1174 ἡδονὰς
660 1127 722 1166 καὶ
744 1127 861 1172 λύπας
889 1130 926 1166 αἱ
958 1127 1174 1182 ἀνθρώπιναι

70 1223 83 1234 ,Ἰ
114 1182 384 1237 ψιαταγίνονται
407 1183 564 1238 πράξεις.
621 1183 706 1225 Ἔτι
734 1192 842 1226 πᾶσιν
861 1188 948 1236 ἡμῖν
977 1187 1017 1225 ἐκ
1045 1185 1173 1234 νηπίου

126 1247 232 1283 τοῦτο
253 1241 294 1282 τὸ
322 1243 431 1288 πάθος
463 1243 604 1283 σύνεστι
635 1243 696 1283 καὶ
723 1245 977 1299 συντρέφεται,
1006 1244 1175 1299 καθάπερ

60 1320 74 1346 ’-,
109 1300 417 1356 ’ἔμιχρωσμίνον
435 1305 488 1356 τῷ
515 1302 595 1356 βίῳ·
623 1303 686 1342 καὶ
712 1302 775 1349 τὰς
796 1303 931 1355 ἀγαθὰς
951 1302 1092 1356 πράξεις
1114 1303 1174 1342 καὶ

66 1368 99 1413 ἦ,
114 1358 191 1406 mk
204 1359 361 1414 πονηρὰς
390 1360 504 1416 τούτῳ
524 1361 690 1414 κρίνομεν
711 1365 762 1416 τῷ
782 1363 928 1413 κανόνι,
949 1366 1001 1416 τῷ
1027 1362 1090 1408 τὰς
1111 1363 1174 1415 μὲν

27 1462 30 1464 Α
67 1415 245 1467 ’Ἀλόπῃν
258 1419 376 1474 φέρειν
390 1449 401 1467 ,
423 1419 484 1465 τὰς
513 1420 550 1459 δὲ
570 1421 699 1470 ἡδονήν
712 1451 724 1473 ,
745 1422 806 1462 καὶ
835 1422 964 1467 πάντες
985 1422 1080 1462 οὕτω
1106 1439 1176 1462 κα·-

66 1475 306 1534 ἵὲμσνίζομιν
339 1477 402 1523 τὰς
440 1479 640 1533 ἐνεργείας,
674 1482 705 1520 εἷ
734 1480 796 1520 καὶ
827 1482 877 1533 μὴ
910 1482 1058 1534 ὁμοίως,
1083 1482 1175 1522 ἀλλὰ

60 1523 101 1565 „⁸
114 1537 266 1593 μλλον
286 1536 348 1576 καὶ
363 1531 482 1585 ἧττον·
502 1538 597 1579 ὥστε
614 1539 754 1591 ἀνάγκη
779 1542 862 1595 περὶ
878 1541 1008 1588 ἡδονὰς
1024 1541 1086 1580 καὶ
1111 1541 1175 1580 λύ-

60 1590 198 1650 {strnue
214 1589 389 1646 εἶναιτὴν
414 1603 533 1637 πᾶσαν
559 1598 706 1647 ταυτηνὶ
737 1600 1002 1653 πραγματείαν.
1035 1602 1089 1640 Οὔ
1108 1599 1175 1653 γὰρ

55 1658 84 1710 js}-
116 1655 255 1711 ιμιρὸν
282 1659 403 1711 βοηθεῖ
428 1659 480 1711 τῷ
499 1659 661 1705 ζητοῦντι
684 1657 730 1697 τὰ
758 1659 941 1712 πρακτέα,
963 1659 1003 1698 τὸ
1030 1659 1175 1708 εἰδέναι,

120 1713 254 1757 rdiam
273 1714 317 1754 τὸ
336 1716 454 1760 καλῶς
470 1716 609 1770 χαίρειν
639 1716 662 1765 ἢ
689 1718 906 1770 λυπεῖσθαι,
929 1717 952 1766 ἢ
976 1718 1016 1758 τὸ
1045 1721 1175 1763 κακῶς·

35 1815 57 1828 Δ
124 1771 318 1825 Guium&
337 1773 463 1827 μικρὸν
493 1774 597 1827 μέρος
616 1778 685 1815 τῶν
705 1776 866 1830 πράξεων
884 1776 923 1816 τὸ
947 1776 1095 1825 ἥδεσθαι
1117 1793 1178 1817 κα-

38 1842 57 1869 ἱ
120 1831 199 1879 λῦς
216 1831 240 1880 ἢ
260 1834 476 1882 λυπεῖσθαι,
497 1833 521 1881 ἢ
535 1834 749 1876 τούναντίον.
782 1835 869 1876 Ἀπὸ
891 1836 1025 1876 τούτων
1043 1835 1113 1889 γὰρ
1132 1836 1177 1875 τὰ

123 1893 199 1935 ,ὧν
218 1891 413 1945 ἃνθρώπων
439 1891 509 1941 ἤθη
529 1892 772 1946 γινώσκομεν,
802 1894 825 1942 ἢ
849 1895 964 1949 φαῦλα
992 1894 1016 1943 ἢ
1046 1894 1174 1947 ἀγαθά.

119 1948 217 1996 J'En
228 1949 297 1991 ὅσα
315 1954 384 1991 τῶν
402 1952 589 2006 πρακτέων
610 1955 674 1993 οὐκ
695 1953 762 1993 εἶσὶ
797 1953 915 2010 ῥᾴδια,
931 1960 945 1978 ⁶
964 1954 1045 2008 περὶ
1064 1958 1176 1994 ταῦτα

128 2009 190 2050 καὶ
207 2010 318 2064 τέχνη
338 2011 569 2063 καταγίνεται
585 2014 647 2052 καὶ
669 2014 791 2066 ἀρετή·
812 2014 899 2067 πρὸς
921 2013 991 2068 γὰρ
1010 2013 1054 2053 τὰ
1076 2013 1177 2069 ῥᾴδια

130 2069 278 2122 οὐδεμία
297 2069 404 2123 χρεία
430 2071 664 2126 πολυχρονίου
693 2070 812 2122 ἔθους,
843 2072 866 2120 ἢ
890 2073 1037 2124 μεθόδου
1056 2089 1177 2126 τεχνι-

128 2129 206 2177 πῆς·
224 2127 324 2168 ὥστε
347 2127 420 2183 ὅσῳ
448 2130 706 2185 χαλεπώτερα,
733 2131 888 2185 τοσούτῳ
911 2132 1065 2184 μείζονος
1093 2132 1176 2181 δεή-

131 2201 254 2228 σονται
270 2187 332 2228 καὶ
347 2187 478 2241 τέχνης
493 2188 554 2228 καὶ
575 2191 712 2243 ἀρετῆς·
734 2190 812 2231 ἐπεὶ
831 2191 894 2231 καὶ
916 2192 1054 2244 βέλτιον
1072 2191 1113 2231 τὸ
1132 2192 1178 2231 τὰ

39 2262 42 2267 ’
109 2246 569 2301 ,χαλεπώτερίδιαθέσθαι
588 2252 706 2295 καλῶς
725 2255 787 2290 τοῦ
801 2253 870 2290 τῶν
895 2251 1024 2306 ῥᾳδίων
1039 2268 1179 2305 περιγε-

129 2302 265 2362 νέσθαι·
285 2309 309 2356 ἡ
337 2305 445 2360 ἀρετὴ
475 2307 546 2362 ἄρα
567 2309 726 2359 μάλιστα
755 2313 791 2351 ἐν
812 2317 884 2358 τοῖς
914 2311 1176 2366 χαλεπωτέροις

33 2380 40 2421 ‘2
56 2379 74 2410 ,γ
121 2363 223 2418 ἔστί,
235 2366 299 2406 καὶ
317 2366 402 2420 περὶ
418 2370 533 2406 ταῦτα
549 2369 794 2422 καταγίνεται.
821 2369 931 2411 Ἔστι
954 2370 991 2410 δὲ
1007 2370 1178 2424 χαλεπώ-

30 2451 31 2454 =
106 2437 228 2480 ’,ξηαρον
245 2427 298 2480 τῷ
317 2425 502 2479 σπουδαίῳ
533 2428 641 2481 ἡδονῇ
662 2428 866 2481 μάχεσθαι,
897 2429 919 2477 ἢ
947 2433 1066 2483 θυμῷ,
1085 2430 1178 2469 καθά

47 2530 53 2538 „
122 2478 234 2539 wat
251 2483 496 2539 ’Βράκλειτος-
517 2486 579 2525 καὶ
596 2486 653 2526 διὰ
676 2492 776 2528 τοῦτο
793 2489 862 2542 ἄρα
879 2488 959 2543 περὶ
976 2488 1101 2536 ἡδονὰς
1117 2490 1177 2529 καὶ

128 2542 243 2590 λύπας
267 2535 358 2583 εἶναι
376 2542 514 2596 ἀνάγκη
540 2552 660 2586 πᾶσαν
689 2546 753 2594 τὴν
773 2548 1020 2601 πραγματείαν
1051 2548 1111 2588 καὶ
1132 2552 1176 2602 τῇ

31 2649 35 2652 ,
129 2603 241 2656 ἆμαῇ
256 2601 325 2645 καὶ
350 2605 396 2657 τῇ
426 2605 603 2659 πολιτικῇ·
623 2607 641 2644 ὁ
671 2605 733 2657 μὲν
761 2606 830 2660 γὰρ
854 2608 969 2652 καλῶς
996 2608 1177 2662 χρώμενος

22 2666 31 2685 ”
107 2716 109 2718 q
129 2660 318 2715 ἡδονῇ-καὶ
336 2661 447 2716 λύπῃ,
470 2664 616 2716 ἀγαθός,
633 2666 651 2703 ὁ
678 2665 714 2704 δὲ
734 2669 874 2716 κακῶς,
893 2666 1014 2711 κακός.

98 2718 352 2775 -’.ὁ”·”(βοι’·ἰρεὶ
376 2736 386 2761 z
407 2726 424 2746 ⁸
441 2722 636 2777 προσήκει]
658 2726 744 2766 cod.
767 2729 936 2779 προσῆκε.
959 2734 1011 2756 -’
1030 2726 1047 2750 ⁵
1064 2728 1177 2780 αἱρεῖ-

39 2771 82 2827 ,²3
115 2777 239 2821 *fiske
250 2780 267 2833 ]
280 2781 399 2833 vulgo
418 2783 568 2836 αἱρεῖται
583 2783 630 2822 τὶ.
650 2807 703 2814 -
718 2790 732 2808 ⁰
746 2785 864 2838 φεύγει
882 2783 938 2840 τι]
956 2786 1077 2837 vulgo
1096 2786 1177 2840 φεύ-

66 2856 98 2895 3
121 2835 183 2937 {a
200 2837 251 2880 τί.
273 2861 324 2869 -
342 2839 365 2864 '⁸¹
397 2839 519 2895 ζῴοις]
539 2842 659 2894 vulgo
686 2843 812 2896 ζώοις]
831 2867 886 2876 -
898 2849 913 2868 ⁰
942 2845 1005 2884 οὐκ
1023 2845 1092 2885 εἰσὶ
1111 2845 1176 2900 ῥᾴ-

50 2894 102 2963 ,ξ
163 2895 213 2951 α]
229 2897 350 2950 vulgo
367 2897 432 2938 οὔκ
445 2901 515 2940 εἰσι
536 2900 654 2954 ῥοίδια.
675 2924 730 2932 -

31 2783 35 2791 ι

562 3051 653 3104 Κεφ.
686 3049 730 3090 δ’.

83 3099 86 3103 .
123 3103 146 3111 -n
155 3103 158 3108 ‚

87 3131 95 3166 ’Ἴ
111 3143 215 3186 ’θη
228 3151 373 3198 διαφέρει
386 3155 405 3188 ὁ
426 3154 549 3194 δίκαιος
569 3160 628 3190 τοῦ
647 3161 820 3196 ποιοῦντος
837 3158 879 3191 τὰ
900 3157 1026 3201 δίκαια,
1045 3159 1102 3193 καὶ
1121 3159 1174 3193 ἐπὶ

24 3214 30 3222 =·
54 3218 58 3219 ν
182 3203 191 3211 ’
479 3204 547 3236 τῶν
561 3205 665 3238 ἄλλων
680 3206 811 3248 ὁμοίως.

181 3290 271 3339 Ὀτι
293 3300 358 3352 μὲν
377 3296 436 3342 οὗν
455 3306 478 3352 ἡ
498 3305 606 3358 ἀρετὴ
630 3306 710 3361 περὶ
727 3306 854 3355 ἡδονὰς
871 3307 932 3346 καὶ
952 3307 1066 3354 λύπας
1087 3310 1174 3362 ἐστί,

132 3355 195 3396 καὶ
210 3355 267 3397 ὅτι
282 3358 318 3406 ἐξ
334 3353 382 3400 ὧν
409 3362 565 3415 γίνεται,
587 3366 657 3404 ἀπὸ
685 3366 814 3406 τούτων
846 3367 907 3406 καὶ
936 3367 1079 3414 αὔξεται
1107 3372 1168 3410 καὶ

133 3410 331 3466 φθείρεται,
363 3417 441 3454 καθ’
461 3416 579 3471 ἕτερον
598 3419 726 3472 τρόπον
755 3421 816 3460 καὶ
835 3420 951 3476 ἕτερον
974 3425 1043 3463 τῶν
1067 3426 1162 3479 livtp-

603 207 909 250 ETHICORUM
939 206 1397 251 NICOMACHEORUM
1434 208 1812 254 PARAPHRASIS.

2199 207 2276 247 335

1237 305 1315 347 sint,
1332 315 1475 350 quorum
1488 317 1587 342 causa
1601 309 1727 352 aliquid
1737 309 1914 353 expetitur,
1927 308 2132 352 totidemque
2141 318 2284 352 quorum

1237 375 1338 399 causa
1351 366 1478 410 aliquid
1492 367 1641 401 vitatur:
1661 369 1837 402 honestum
1853 369 1938 408 dico,
1956 368 2051 410 utile,
2076 367 2283 411 jucundum

1237 426 1335 468 turpe
1352 425 1443 466 item,
1463 426 1590 467 inutile,
1608 428 1787 462 molestum
1804 429 1879 462 :vir
1895 428 2034 472 quidem
2046 428 2153 462 bonus
2171 429 2282 462 omnia

1237 484 1320 524 haec,
1339 487 1378 519 ut
1399 488 1539 528 oportet,
1561 488 1722 530 sequitur,
1752 497 1894 531 quaeque
1914 488 2039 531 optima
2059 490 2156 527 sunt,
2181 487 2283 531 petit,

1237 553 1314 586 quae
1329 554 1409 578 vero
1434 554 1511 578 cum
1527 546 1648 579 damno
1664 547 1838 589 conjuncta
1856 549 1952 589 sunt,
1971 548 2055 580 vitat
2087 558 2095 579 :
2116 547 2287 590 improbus

1241 612 1322 637 vero
1342 605 1430 639 male
1447 605 1489 638 de
1510 605 1552 639 iis
1563 606 1703 649 Judicat,
1722 606 1933 650 maximeque
1946 607 1988 641 de
1998 607 2155 650 jucundo,
2179 616 2287 650 neque

1238 662 1326 696 enim
1349 664 1533 698 communis
1553 666 1684 699 tantum
1709 666 1862 699 omnibus
1884 666 2083 700 animalibus
2113 669 2164 700 est
2189 666 2288 700 volu-

1237 724 1330 765 ptas,
1348 723 1407 756 sed
1422 723 1532 757 omnia
1545 724 1645 758 etiam
1668 734 1708 758 ea
1728 725 1895 767 sequitur,
1914 735 1991 768 quae
2009 726 2193 769 expetenda
2215 734 2287 759 csse

1237 779 1396 814 diximus.
1415 782 1499 820 Quae
1517 782 1605 815 enim
1618 782 1821 825 expetimus,
1840 783 1882 816 iis
1902 784 2055 818 omnibus
2068 784 2283 819 delectamur.

1238 839 1293 872 Sic
1308 841 1341 872 et
1365 839 1542 874 honestum
1569 843 1602 874 et
1626 841 1708 875 utile
1729 844 1848 875 natura
1871 851 1932 876 sua
1949 845 1999 876 est
2013 843 2224 885 jucundum:
2250 853 2288 876 ac

1237 900 1410 941 propterea
1434 899 1597 933 falluntur
1621 901 1773 944 improbi,
1795 902 1855 944 qui
1870 911 1965 935 omne
1988 902 2080 945 quod
2101 902 2288 945 jucundum

1238 958 1288 989 est
1303 957 1482 990 honestum
1496 967 1630 1001 quoque
1645 961 1678 991 et
1700 959 1783 992 utile
1803 969 1875 993 esse
1893 960 2098 994 arbitrantur
2113 975 2121 995 ε
2139 962 2188 995 ita
2211 971 2288 995 sen-

1237 1015 1366 1055 tientes,
1391 1016 1472 1058 quia
1483 1016 1674 1058 Jucunditas
1692 1018 1764 1051 haec
1780 1018 1853 1060 ipsa
1870 1022 2040 1062 sequatur,
2059 1021 2191 1063 ratique
2208 1030 2289 1054 con-

1236 1074 1324 1108 verti
1338 1075 1414 1108 haec
1430 1074 1498 1108 duo
1516 1084 1613 1118 posse
1630 1086 1638 1106 ι
1654 1078 1688 1109 at
1706 1076 1771 1110 hoc
1795 1076 1919 1111 falsum
1937 1081 1988 1112 est
2010 1091 2019 1112 z
2036 1079 2158 1112 accidit
2179 1080 2285 1119 enim,

1238 1135 1277 1166 ut
1293 1134 1401 1166 multa
1417 1142 1533 1177 eorum
1550 1144 1626 1177 quae
1642 1135 1790 1177 jucunda
1810 1139 1899 1176 sunt,
1924 1138 2037 1180 turpia
2049 1138 2149 1172 simul
2165 1141 2198 1172 et
2210 1139 2288 1172 inu·-

1237 1193 1310 1226 tiiia
1327 1193 1416 1226 sint:
1437 1193 1527 1227 unde
1541 1203 1659 1227 rursus
1675 1197 1821 1237 apparet,
1843 1196 1878 1228 in
1894 1196 2124 1239 voluptatibus
2145 1200 2179 1231 et
2194 1197 2289 1231 dolo-

1236 1251 1331 1286 ribus
1352 1253 1496 1286 actiones
1513 1253 1677 1286 humanas
1695 1254 1832 1287 versari.
1862 1255 2028 1299 Praeterea
2053 1265 2072 1288 a
2090 1256 2213 1289 teneris
2231 1266 2290 1289 un-

1238 1311 1379 1353 guiculis
1402 1311 1459 1344 hic
1483 1311 1584 1344 animi
1600 1311 1741 1346 affectus
1757 1312 1911 1346 omnibus
1933 1313 2028 1346 nobis
2046 1313 2131 1347 inest
2157 1324 2289 1357 unaque

1237 1370 1414 1411 adolescit,
1442 1372 1581 1414 totaque
1599 1372 1669 1405 vita
1692 1374 1806 1405 nostra
1820 1373 1918 1416 quasi
1939 1373 2043 1406 tincta
2059 1383 2099 1407 eo
2111 1377 2162 1407 est
2178 1376 2211 1408 et
2223 1374 2288 1407 im—

1238 1429 1342 1463 buta:
1366 1429 1426 1463 sed
1453 1432 1487 1463 et
1509 1429 1655 1463 facinora
1670 1431 1782 1464 omnia
1804 1433 1874 1464 tam
1900 1432 2060 1474 praeclara
2083 1442 2186 1475 quam
2200 1433 2290 1466 mala

1237 1488 1301 1522 hac
1317 1488 1415 1532 quasi
1430 1489 1545 1532 regula
1557 1489 1764 1532 judicamus,
1787 1490 1880 1534 quod
1901 1490 1966 1524 alia
1982 1491 2207 1534 voluptatem,
2223 1492 2289 1526 alia

1238 1548 1423 1581 molestiam
1447 1547 1606 1588 afferant,
1629 1558 1810 1592 omnesque
1835 1549 1878 1583 ad
1901 1550 1988 1583 hanc
2010 1560 2160 1584 normam
2187 1551 2288 1584 indu-

1239 1607 1338 1640 strias
1352 1609 1483 1640 nostras
1495 1608 1521 1641 si
1535 1617 1601 1640 non
1615 1608 1800 1651 aequaliter,
1818 1610 1853 1642 at
1868 1609 1974 1652 magis
1984 1610 2165 1643 autminus
2178 1610 2289 1653 dirigi-

1237 1674 1326 1698 mus.
1342 1666 1566 1704 Quamobrem
1580 1675 1714 1700 necesse
1724 1668 1775 1700 est
1789 1667 1825 1700 in
1834 1667 2063 1709 voluptatibus
2072 1670 2105 1701 et
2119 1668 2289 1701 doloribus

1238 1727 1350 1758 totum
1366 1726 1455 1759 hunc
1474 1729 1654 1760 tractatum
1678 1727 1816 1761 versari.
1834 1729 1948 1770 Neque
1961 1727 2048 1761 ohim
2069 1738 2188 1771 pamm
2208 1738 2288 1772 pro-

1238 1785 1314 1819 dest
1327 1785 1455 1819 homini
1465 1812 1473 1825 ,
1491 1786 1575 1829 quid
1597 1786 1760 1829 agendum
1773 1787 1817 1820 sit
1833 1788 2008 1830 quaerenti,
2024 1797 2120 1821 nosse
2133 1788 2217 1831 quid
2239 1788 2285 1822 sit

1237 1846 1328 1878 recte
1350 1845 1462 1878 laetari
1474 1845 1529 1879 vel
1542 1845 1665 1886 dolere,
1680 1847 1740 1879 aut
1754 1855 1926 1889 perperam
1945 1859 1954 1880 z
1976 1847 2132 1890 quoniam
2151 1847 2289 1881 honesta

1238 1904 1396 1947 voluptas
1409 1905 1465 1939 vel
1480 1904 1574 1938 dolor
1597 1905 1758 1939 honestus
1767 1931 1775 1945 ‚
1791 1907 1850 1938 aut
1863 1907 1994 1945 contra,
2010 1906 2159 1949 ipsarum
2185 1907 2289 1940 actio-

1238 1974 1318 1997 num
1335 1964 1427 2002 haud
1450 1965 1571 2008 exigua
1587 1973 1665 2008 pars
1687 1967 1750 1999 est.
1777 1964 1864 1998 Hinc
1882 1965 1967 1998 enim
1984 1966 2159 1999 hominum
2180 1975 2290 2000 mores

1238 2025 1298 2056 aut
1314 2024 1420 2057 malos
1445 2025 1505 2057 aut
1531 2024 1636 2058 bonos
1658 2033 1731 2058 esse
1753 2023 1982 2067 intelligimus.
2002 2026 2141 2068 Insuper
2162 2025 2191 2059 si
2212 2035 2288 2069 quae

1238 2082 1384 2116 actiones
1397 2091 1463 2115 non
1478 2084 1556 2116 sunt
1574 2082 1703 2122 faciles,
1718 2083 1773 2117 his
1790 2084 1825 2117 et
1844 2092 1899 2117 ars
1914 2086 2095 2126 occupatur
2108 2086 2141 2117 et
2156 2085 2286 2118 virtus:

1238 2151 1317 2175 nam
1330 2141 1374 2175 ad
1387 2150 1442 2175 res
1457 2141 1571 2175 faciles
1583 2142 1743 2185 gerendas
1755 2152 1863 2185 neque
1878 2142 2038 2177 diuturna
2050 2145 2288 2178 consuetudine

1238 2209 1322 2242 opus
1335 2201 1396 2238 est,
1410 2209 1518 2242 neque
1530 2200 1677 2234 discendi
1692 2201 1820 2237 ratione
1830 2210 1840 2230 τ
1857 2210 1961 2244 quare
1976 2204 2102 2244 quanto
2117 2202 2286 2236 difficilio-

1238 2268 1292 2292 res
1311 2260 1390 2292 sunt
1411 2259 1575 2298 actiones,
1594 2261 1688 2292 tanto
1706 2260 1867 2303 maiorem
1893 2262 1928 2294 et
1943 2262 2050 2294 artem
2070 2263 2104 2294 et
2123 2261 2284 2295 virtutem

1238 2317 1435 2361 flagitath
1454 2319 1557 2361 :quia
1579 2321 1727 2360 praestat,
1749 2328 1826 2362 quae
1845 2319 1994 2352 difficilia
2015 2321 2093 2353 sunt
2112 2322 2202 2354 recte
2224 2320 2288 2354 ad-

1237 2376 1442 2416 ministrare,
1461 2385 1563 2419 quam
1577 2386 1654 2420 quae
1669 2376 1779 2410 facilia
1797 2379 1876 2411 sunt
1891 2386 2046 2420 superare
2063 2391 2070 2411 :
2086 2381 2288 2422 quapropter

1237 2436 1382 2470 maxime
1408 2435 1443 2468 in
1466 2435 1712 2470 difficilioribus
1735 2437 1845 2471 virtus
1867 2440 1934 2476 est,
1959 2437 2066 2481 iisque
2092 2441 2285 2481 occupatur.

1237 2495 1412 2529 Difficilius
1430 2497 1542 2528 autem
1560 2496 1633 2529 viro
1651 2496 1736 2529 bono
1759 2498 1821 2536 est,
1839 2500 1878 2530 ut
1899 2498 1946 2531 ait
1968 2498 2172 2538 Heraclitus,
2189 2498 2288 2532 volu-

1236 2555 1321 2598 ptati
1337 2564 1438 2598 quam
1455 2554 1636 2588 iracundiae
1662 2555 1841 2595 obsistere,
1862 2556 2002 2600 ideoque
2028 2566 2162 2591 necesse
2178 2559 2229 2591 est
2252 2557 2288 2590 in

1236 2613 1467 2656 voluptatibus
1488 2623 1527 2646 ac
1542 2613 1714 2647 doloribus
1728 2623 1825 2649 omne
1846 2615 1995 2649 studium
2017 2626 2115 2650 suum
2129 2618 2163 2650 et
2178 2616 2288 2650 virtus

1238 2675 1337 2716 ponat
1347 2675 1382 2706 et
1399 2672 1576 2716 prudentia
1594 2673 1704 2707 civilis
1721 2685 1730 2707 ε
1752 2674 1812 2717 qui
1827 2674 1914 2708 enim
1926 2675 2008 2709 bene
2029 2675 2201 2719 voluptate
2222 2675 2287 2709 uti-

1238 2735 1294 2767 tur
1309 2735 1343 2768 et
1354 2732 1478 2773 dolore,
1495 2732 1620 2775 bonus;
1637 2732 1697 2776 qui
1715 2733 1812 2775 male,
1830 2734 1939 2769 malus
1951 2737 2013 2770 est.

1683 3071 1763 3116 Gap.
1787 3073 1845 3107 IV.

1342 3172 1475 3204 Differre
1485 3175 1603 3212 iustum
1621 3176 1660 3206 ab
1673 3185 1710 3208 eo
1728 3178 1783 3214 qui
1793 3178 1874 3213 juste
1895 3177 1979 3214 iacit,
1993 3185 2028 3208 ac
2046 3178 2183 3209 similiter

1670 3223 1702 3253 in
1717 3223 1851 3261 reliquis.

1275 3312 1443 3347 Virtutem
1454 3313 1557 3357 igitur
1566 3315 1601 3349 in
1615 3316 1845 3360 voluptatibus
1855 3326 1895 3351 ac
1908 3317 2077 3351 doloribus
2090 3317 2213 3350 versari
2225 3331 2234 3358 ς
2248 3318 2281 3349 et

1234 3372 1356 3415 quihus
1380 3382 1422 3407 ex
1440 3374 1540 3408 rebus
1558 3375 1713 3418 gignitur,
1741 3376 1783 3409 ab
1808 3377 1927 3410 iisdem
1948 3386 2020 3410 eam
2039 3377 2140 3410 etiam
2169 3376 2280 3419 augeri

1233 3431 1287 3465 vel
1304 3432 1434 3475 perimi,
1455 3435 1556 3476 prout
1570 3434 1624 3468 vel
1636 3435 1702 3468 hoc
1713 3435 1813 3469 modo
1829 3436 1956 3470 velino
1973 3435 2100 3478 aliquid
2110 3435 2278 3475 molimur,
