2528 3788
242 216 246 219 ι
282 252 334 290 50
845 241 1100 282 SALLUSTll
1126 240 1194 284 DE
1224 239 1320 278 DIIS
1351 237 1415 276 ET
1449 233 1631 277 MUNDO
1659 231 1824 271 LIBER.

288 341 378 392 Rep.
401 339 472 378 lib.
496 338 560 384 vl,
586 351 621 388 p.
640 337 714 381 486
732 334 782 386 μή
802 349 853 381 πη
871 333 1037 384 δοκοῦμέν
1057 347 1110 371 σοι
1130 334 1191 371 οὔκ
1204 333 1310 382 ἀναγ-

283 403 366 438 καῖα
392 398 523 437 ἕκαστα
551 392 786 442 διεληλυθέναι
813 392 872 431 καὶ
900 393 1054 444 ἑπόμενα
1082 391 1242 439 ἀλλήλοις
1267 393 1310 443 τῇ

290 456 464 510 μελλούσῃ
480 459 539 495 τοῦ
562 454 657 498 ὄντος
674 454 800 505 ἱκανῶς
816 468 854 491 τε
873 453 934 492 καὶ
950 451 1074 495 τελέως
1093 452 1188 504 ψυχῇ
1203 465 1314 502 μετα-

282 516 470 568 λήψεσθαι;
488 515 566 565 -)

712 633 799 682 Κεφ.
829 630 897 667 κα’.

285 745 355 778 ’Ὁτι
380 745 432 776 καὶ
454 742 658 781 ζῶντεςᾰκαὶ
687 741 925 779 τελευτήσαντες
947 740 1123 781 εὐδαίμονες
1142 743 1173 772 ol
1194 740 1317 782 ἀγαθοί.

344 851 388 891 Αἱ
402 849 437 887 δὲ
467 850 544 888 κατ’
566 847 690 900 ἀρετὴν
711 847 861 893 ζήσασαι
880 847 1010 900 ψυχαί,
1030 846 1073 885 τά
1098 863 1137 886 τε
1156 847 1246 887 ἄλλα
1266 849 1320 886 εὖ·

291 911 533 960 δαιμονοῧσαι,
553 906 613 946 καὶ
632 909 693 954 τῆς
721 907 847 956 ἀλόγου
865 904 882 928 ¹³
897 908 1123 958 χωρισθεῖσαι
1136 935 1146 955 ,
1168 905 1228 945 καὶ
1257 922 1320 945 κα-

293 966 395 1020 θαραὶ
415 965 542 1009 παντὸς
569 964 756 1017 γενόμεναι
779 963 939 1015 σώματος
961 965 1047 1008 θεοῖς
1075 980 1113 1003 τε
1134 965 1322 1004 συνάπτον-

291 1042 347 1064 ται
371 1031 411 1076 ⁰,
446 1025 506 1064 καὶ
534 1023 592 1062 τὸν
623 1022 702 1067 ὅλον
730 1022 859 1073 κόσμον
890 1024 1137 1066 συνδιοικοῦσιν
1167 1023 1320 1067 ἐκείνοις.

295 1084 422 1125 Καίτοι
442 1082 502 1122 καὶ
524 1084 554 1121 εἰ
584 1081 690 1132 μηδὲν
711 1082 830 1125 αὐταῖς
849 1081 977 1122 τούτων
999 1082 1153 1135 ἐγίνετο,
1174 1081 1263 1131 αὐτή
1279 1099 1319 1135 γε

291 1147 313 1190 ἡ
334 1142 439 1195 ἀρετὴ
456 1141 474 1165 ‘¹
490 1142 550 1180 καὶ
567 1143 588 1187 ἡ
611 1142 650 1179 ἐκ
667 1143 728 1188 τῆς
744 1142 868 1192 ἀρετῆς
885 1141 990 1187 ἡδονή
1007 1156 1043 1179 τε
1061 1140 1118 1180 καὶ
1139 1140 1238 1193 δόξα,
1253 1141 1322 1182 ὅτε

292 1202 421 1245 ἄλυπος
441 1199 500 1239 καὶ
526 1198 713 1243 ἀδέσποτος
739 1199 810 1250 βίος
829 1198 1032 1251 εὐδαίμονας
1052 1199 1149 1252 ἤρκει
1177 1206 1192 1224 ⁰
1209 1203 1321 1239 ποιεῖν

291 1259 369 1303 τοὺς
390 1257 468 1299 κατ’
484 1256 608 1311 ἀρετὴν
626 1259 686 1304 ζῆν
704 1259 954 1309 προελομένους
974 1257 1033 1297 καὶ
1053 1257 1268 1304 δυνηθέντας.

345 1322 360 1340 ⁸
375 1316 462 1357 ιὈτι
481 1316 540 1355 καὶ
572 1318 695 1362 ζῶντες
722 1318 799 1354 κτλ.
817 1316 832 1367 ]
850 1316 945 1354 Vide
974 1316 1178 1355 Iamblichi
1204 1325 1318 1367 caput

292 1377 473 1416 ultimum
496 1375 543 1413 de
570 1374 778 1426 mysteriis.
798 1397 846 1402 --
868 1374 883 1397 ⁰
909 1374 968 1412 καὶ
985 1377 1046 1421 τῆς
1065 1375 1190 1426 ἀλόγου
1209 1390 1321 1426 χωρι-

293 1434 445 1481 σθεῖσαι,
475 1432 535 1471 καὶ
579 1431 728 1484 καθαραὶ
764 1431 888 1475 παντὸς
918 1432 1101 1483 γενόμεναι
1133 1432 1322 1483 σώματος]

296 1492 407 1530 Plato
420 1491 462 1530 in
484 1491 675 1530 l‘haedone
699 1504 737 1542 p.
770 1489 896 1534 114ὀῖ
910 1490 946 1530 δὲ
969 1489 1010 1538 δὴ
1039 1490 1081 1529 ἂν
1102 1491 1227 1536 δόξωσι
1249 1492 1324 1529 δια-

297 1548 465 1602 φερόντως
483 1548 566 1601 πρὸς
586 1549 624 1586 τὸ
639 1547 742 1590 ὁσίως
770 1548 912 1600 βιῶναι,
929 1541 1021 1587 οὗτοί
1052 1549 1136 1586 εἶσιν
1164 1549 1196 1587 οἱ
1219 1547 1326 1587 τῶνδε

297 1607 359 1658 μὲν
379 1609 445 1646 τῶν
472 1606 585 1645 τόπων
606 1609 674 1645 τῶν
697 1609 729 1646 ἐν
756 1609 800 1659 τῇ
826 1609 871 1659 γῇ
901 1605 1178 1659 ἐλευθερούμενοί
1204 1622 1243 1645 τε
1268 1605 1328 1644 καὶ

300 1664 603 1715 ἀπαλλαττόμενοι
622 1662 740 1716 ὥσπερ
759 1663 1006 1717 δεσμωτηρίων
1018 1694 1030 1716 ,
1050 1664 1121 1703 ἄνω
1141 1664 1176 1704 δὲ
1199 1666 1247 1708 εἷς
1265 1664 1327 1711 τὴν

300 1722 453 1775 καθαρὰν
469 1722 603 1770 οἴκησιν
626 1721 871 1775 ἀφικνούμενοι
891 1722 951 1760 καὶ
965 1723 1023 1761 ἐπὶ
1048 1726 1109 1770 τῆς
1126 1725 1189 1774 γῆς
1205 1722 1330 1767 οἰκιζό-

303 1797 415 1831 μενοι.
436 1780 577 1820 Τούτων
604 1780 641 1819 δὲ
668 1782 779 1819 αὐτῶν
806 1782 836 1818 οἱ
863 1781 1044 1835 φιλοσοφίᾳ
1075 1783 1201 1824 ἱκανῶς
1220 1784 1329 1826 καθη-

300 1840 440 1892 ράμενοι
464 1839 544 1878 ἄνευ
576 1854 612 1878 τε
639 1839 809 1890 σωμάτων
838 1841 923 1884 ζῶσι
947 1840 985 1878 τὸ
1011 1839 1182 1893 παράπαν
1204 1840 1251 1882 εἷς
1273 1837 1329 1876 τὸν

305 1899 424 1937 ἔπειτα
449 1898 570 1951 χρόνον
585 1928 596 1947 ,
613 1898 672 1937 καὶ
697 1899 743 1941 εἷς
766 1897 915 1943 οἰκήσεις
942 1897 994 1936 ἔτι
1013 1899 1142 1937 τούτων
1171 1897 1330 1940 καλλίους

303 1959 544 2010 ἀφικνοῦνται,
572 1957 610 2001 ἃς
637 1957 713 1996 οὔτε
749 1955 860 2011 ῥᾴδιον
894 1958 1050 2005 δηλῶσαι
1069 1958 1147 1997 οὔτε
1172 1961 1187 1997 ἓ
1211 1958 1331 2010 χρόνος

300 2013 416 2058 ἱκανὸς
433 2015 466 2052 ἐν
482 2017 530 2066 τῷ
544 2015 702 2067 παρόντι.
719 2038 771 2044 —
785 2020 800 2039 ⁰
815 2018 901 2059 θεοῖς
914 2032 952 2055 τε
968 2016 1228 2069 συνάπτονται]
1243 2017 1329 2055 Hie-

304 2073 428 2112 rooles
452 2073 665 2113 Comment.
684 2075 724 2112 in
746 2087 826 2112 aur.
843 2087 959 2113 carm.
977 2075 1019 2114 in
1037 2075 1142 2115 Phil.
1157 2073 1225 2116 Gr.
1250 2077 1328 2114 vol.

304 2131 320 2167 l
344 2145 381 2182 p.
400 2133 473 2176 482
497 2145 579 2182 seq.
602 2134 714 2171 Τοῦτο
728 2131 835 2183 πέρας
854 2135 921 2171 τῶν
938 2132 1051 2172 πόνων
1075 2133 1113 2172 τὸ
1132 2133 1330 2185 κάλλιστον,

725 2309 803 2349 Gap.
828 2308 914 2341 XXI.

397 2413 508 2439 omnes
522 2411 619 2440 bonos
636 2413 697 2441 tam
716 2412 799 2440 vivos
811 2415 901 2448 quam
914 2415 1049 2442 mortuos
1062 2420 1124 2443 esse
1137 2411 1248 2444 beatos.

353 2509 476 2542 Animae
500 2519 578 2543 vero
595 2519 669 2551 quae
685 2520 759 2544 oum
778 2511 899 2544 virtute
915 2512 1083 2554 vixerunt,
1101 2514 1219 2546 caetera
1235 2513 1338 2546 beatae

312 2570 344 2599 et
373 2567 413 2600 ab
435 2567 612 2601 irrationali
628 2571 753 2602 naturae
775 2578 842 2603 suae
861 2573 950 2612 parte
969 2572 1125 2611 sejunctae
1140 2573 1173 2605 et
1188 2573 1229 2605 ab
1249 2573 1338 2604 omni

312 2626 515 2660 concretione
545 2628 670 2660 mortali
697 2630 869 2670 segregatae
899 2629 995 2662 simul
1020 2630 1080 2662 diis
1106 2630 1336 2671 adjunguntur,

1369 333 1490 378 τοῦτο,
1517 330 1563 370 ὡς
1583 324 1734 366 Πλάτων
1750 320 1853 376 φησίν
1869 349 1880 365 ,
1897 319 1915 356 ὁ
1935 315 2042 369 μέγας
2063 313 2156 366 ἀγὼν
2173 312 2232 351 καὶ
2258 313 2355 354 ἐλπὶς
2374 312 2400 359 ἡ

1372 388 1520 441 μεγάλη.
1549 388 1662 426 Τοῦτο
1704 378 1906 436 φιλοσοφίας
1942 378 1960 415 ὁ
1991 373 2203 416 τελειότατος
2244 368 2400 420 καρπός,

1372 453 1473 490 τοῦτο
1490 433 1552 495 τῆς
1564 445 1737 499 ἱερατικῆς
1752 440 1811 480 καὶ
1827 435 2024 480 τελεστικῆς
2035 433 2160 484 τέχνης
2175 431 2216 470 τὸ
2241 429 2402 482 μέγιστον

1374 508 1471 562 ἔργον
1485 535 1497 556 ,
1525 505 1703 545 οἰκειῶσαι
1730 499 1791 552 μὲν
1817 496 1877 537 καὶ
1904 491 2090 547 ἀναγαγεῖν
2118 489 2203 543 πρὸς
2227 487 2272 528 τὰ
2299 486 2411 532 ὄντως,

1372 566 1465 608 καλά
1475 596 1488 616 ,
1504 565 1676 604 ἀπολῦσαι
1688 560 1724 600 δὲ
1738 561 1806 598 τῶν
1824 557 1904 609 τῇδε
1923 552 2035 592 πόνων
2045 580 2058 604 ,
2073 551 2121 595 ὣς
2133 548 2175 588 ἔκ
2188 563 2280 593 τινος
2291 561 2404 587 κοιτα-

1375 625 1468 677 γείου
1493 621 1664 670 σπηλαίου
1692 622 1754 666 τῆς
1779 616 1897 657 ἐνόλου
1914 615 2021 661 ζωῆς,
2043 608 2104 650 καὶ
2119 609 2305 660 ἀναγαγεῖν
2322 602 2410 658 πρὸς
2428 643 2434 647 ,
2496 625 2499 629 ·

1377 682 1439 727 τὰς
1456 681 1623 734 αἷθερίους
1644 676 1751 730 αὐγάς
1764 706 1775 726 ,
1794 674 1855 714 καὶ
1874 678 1948 717 ταῖς
1965 668 2135 722 μακάρων
2153 666 2328 719 ἔνιδρῢσαι

1379 757 1468 790 σοις,
1487 739 1564 784 τοὺς
1583 737 1640 778 διὰ
1655 739 1724 776 τῶν
1742 732 2001 788 προειρημένων
2022 727 2244 770 ὁδεύσαντας.
2265 722 2411 767 Τούτοις
2479 724 2487 732 ”

1378 800 1445 852 γὰρ
1474 798 1533 837 καὶ
1552 797 1591 836 τὸ
1612 799 1673 844 τῆς
1694 793 1921 836 ἀποθεώσεως
1940 789 2122 828 ἀπόκειται
2143 783 2264 838 γέρας·
2291 779 2410 828 ἐπειδὴ

1381 860 1429 902 εἷς
1448 858 1534 896 θεῶν
1557 857 1654 908 γένος
1674 855 1712 893 οὗ
1731 855 1828 903 θέμις
1847 851 2065 905 ἀφικνεῖσθαι
2081 845 2176 897 ἄλλῳ
2189 873 2201 895 ,
2220 841 2245 889 ἢ
2261 842 2312 895 τῷ
2325 855 2411 889 κτη-

1382 915 1524 967 σαμένῳ
1554 913 1717 960 ἀλήθειαν
1746 910 1807 962 μὲν
1836 910 1896 949 καὶ
1926 905 2050 960 ἀρετὴν
2071 906 2105 943 ἐν
2131 904 2248 959 ψυχῇ,
2266 896 2414 971 καθαρό-

1380 990 1469 1022 τητα
1491 972 1527 1012 δὲ
1547 974 1582 1011 ἔν
1602 973 1652 1025 τῷ
1672 970 1896 1022 πνευματικῷ
1913 968 2018 1012 αὐτῆς
2033 962 2201 1016 ὀχήματι.
2221 957 2328 1000 Οὕτω
2343 971 2414 1010 γαρ

1381 1033 1479 1085 ὑγιής
1497 1047 1535 1070 τε
1563 1029 1623 1070 καὶ
1646 1029 1833 1081 ὁλόκληρος
1852 1025 2036 1078 γενόμενος
2053 1024 2100 1066 εἷς
2127 1020 2166 1060 τὸ
2185 1021 2246 1067 τ’ἥς
2265 1014 2416 1070 ἀρχαίας

1380 1090 1481 1137 ἵξεως
1497 1084 1584 1133 εἶδος
1600 1086 1896 1135 ἀποκαθίσταται,
1914 1083 1970 1122 διὰ
1983 1084 2045 1128 τῆς
2058 1079 2144 1133 πρὸς
2162 1077 2219 1116 τὸν
2239 1073 2338 1129 ὀρθὸν
2355 1072 2418 1115 λό-

1382 1166 1441 1202 γον
1464 1148 1620 1191 ἑνώσεως
1650 1144 1838 1186 ἀπολαὸὼν
1867 1140 2012 1189 ἑαυτόν,
2029 1139 2088 1178 καὶ
2108 1136 2224 1176 πάντα
2241 1133 2301 1174 τὸν
2328 1137 2416 1173 θεῖον

1383 1209 1512 1259 κόσμον
1533 1205 1790 1256 ἀναγνωρίσας,
1818 1202 1876 1241 καὶ
1907 1200 1964 1239 τὸν
1995 1194 2208 1249 δημιουργὸν
2234 1191 2331 1232 τουδὶ
2354 1192 2416 1231 τοῦ

1382 1264 1512 1310 παντός
1526 1292 1538 1312 ,
1560 1263 1653 1302 κατὰ
1674 1264 1711 1300 τὸ
1736 1259 1878 1300 δυνατὸν
1905 1257 2104 1310 ἀνθρώπῳ,
2123 1251 2284 1304 ἐξευρών.
2302 1250 2419 1291 Τοῦτο

1383 1324 1422 1363 δὲ
1437 1323 1616 1374 γενόμενος
1631 1323 1677 1364 ὥς
1692 1313 1763 1358 οἷόν
1779 1334 1816 1356 τε
1835 1316 1926 1368 μετὰ
1941 1314 2002 1361 τὴν
2020 1314 2188 1364 κάθαρσιν
2198 1339 2210 1359 ,
2227 1307 2248 1348 ὃ
2265 1305 2321 1355 ἀεί
2333 1306 2418 1346 εἰσιν

1384 1386 1415 1420 οἱ
1438 1381 1488 1432 μὴ
1508 1382 1556 1423 εἷς
1572 1378 1705 1429 γένεσιν
1721 1376 1861 1415 πίπτειν
1879 1372 2088 1426 πεφυκότες,
2102 1374 2178 1412 ταῖς
2203 1367 2265 1419 μὲν
2285 1365 2417 1419 γὐὧσι·

1387 1455 1441 1481 σιν
1475 1441 1610 1477 ἑνοῦται
1639 1438 1689 1488 τῷ
1714 1434 1842 1484 παντί,
1865 1433 1925 1472 καὶ
1945 1431 2029 1485 πρὸς
2051 1429 2153 1469 αὐτὸν
2175 1426 2343 1478 ἀνάγεται
2361 1424 2419 1464 τὸν

1390 1497 1481 1536 θεόν·
1506 1499 1609 1547 σῶμα
1631 1495 1667 1534 δὲ
1690 1492 1842 1555 συμφυὲς
1862 1491 1952 1544 ἔχων
1965 1520 1975 1539 ,
1996 1489 2104 1528 τόπου
2123 1488 2232 1526 δεῖται
2253 1487 2301 1528 εἰς
2317 1482 2424 1523 κατό-
2497 1501 2528 1535 x„

1385 1555 1480 1600 ταξιν
1500 1554 1702 1607 ἀστροειδῆ,
1723 1555 1792 1590 οῖον
1814 1549 1906 1589 θέσιν
1929 1550 2057 1596 ζητῶν.
2082 1544 2196 1585 Conf.
2213 1543 2420 1582 Alcinoum

1387 1615 1434 1653 de
1453 1614 1575 1653 doctr.
1605 1612 1780 1651 Platonis
1814 1622 1897 1660 cap.
1928 1605 2083 1646 XXVII.
2110 1625 2164 1636 —
2189 1601 2207 1627 ‘¹
2227 1601 2317 1649 αὐτή
2337 1615 2378 1653 γε
2400 1603 2422 1648 ἡ

1389 1672 1523 1725 ἀρετή]
1543 1661 1779 1709 Iambliohiis
1809 1669 1852 1706 in
1879 1666 2046 1716 epistola
2078 1663 2126 1703 ad
2157 1659 2424 1702 Maoedonium

1389 1730 1492 1781 apud
1506 1729 1700 1767 Stobaeum
1715 1728 1848 1775 Eclog.
1871 1725 1957 1763 Eth.
1980 1723 2053 1762 lib.
2069 1721 2123 1770 ll,
2137 1733 2224 1772 cap.
2243 1733 2283 1767 7,
2299 1723 2348 1764 44
2366 1718 2426 1756 τὸν

1388 1787 1481 1827 κατὰ
1498 1790 1576 1826 νοῦν
1592 1786 1661 1838 ἄρα
1683 1784 1755 1839 βίον
1779 1784 1838 1822 καὶ
1859 1783 1916 1821 τὸν
1933 1781 2098 1833 ἐχόμενον
2117 1781 2186 1818 τῶν
2205 1778 2291 1817 θεῶν
2307 1775 2426 1822 διαζῆν

1391 1844 1614 1896 μελετητέον·
1628 1838 1724 1886 οὗτος
1742 1842 1809 1894 γὰρ
1831 1845 1916 1893 ἡμῖν
1939 1840 2040 1890 μόνος
2061 1836 2253 1877 ἀποδίδωσι
2268 1833 2331 1882 τὴν
2347 1833 2427 1872 ἃδέ·
2443 1850 2445 1852 ’

1393 1919 1518 1943 σποτον
1548 1907 1609 1951 τῆς
1636 1904 1750 1955 ψυχῆς
1779 1900 1935 1950 ἐξουσίαν
1947 1930 1957 1947 ,
1979 1897 2126 1938 ἀπολύει
2158 1911 2196 1935 τε
2232 1898 2330 1946 ἡμᾶς
2358 1894 2427 1931 τῶν

1394 1962 1591 2013 ἀναγκαίων
1612 1963 1748 2012 δεσμῶν
1761 1990 1772 2012 ,
1787 1960 1849 1998 καὶ
1864 1963 1955 1997 ποιεῖ
1971 1960 2031 2004 ζῆν
2045 1957 2108 1995 οὒκ
2121 1951 2334 2008 ἀνθρώπινόν
2351 1966 2429 1993 τινα

1397 2021 1468 2073 βίον
1483 2053 1493 2071 ,
1517 2021 1608 2060 ἀλλὰ
1626 2020 1686 2059 τὸν
1704 2020 1790 2058 θεῖον
1811 2018 1871 2058 καὶ
1890 2019 1935 2070 τῇ
1953 2015 2116 2070 βουλήσει
2135 2014 2204 2053 τῶν
2223 2014 2323 2054 θείων
2345 2012 2432 2062 ἀγα·
2449 2063 2451 2066 v

1396 2082 1462 2117 θῶν
1485 2077 1811 2130 ἀποπληρούμενον.
1832 2097 1886 2107 -
1906 2079 1920 2098 ‘³
1939 2070 2068 2130 ἤρκει]
2089 2073 2234 2114 omissa
2247 2070 2288 2111 ἄν
2308 2068 2431 2123 parti-

1396 2137 1494 2176 cula.
1509 2137 1593 2175 Vid.
1609 2137 1816 2176 Hermann.
1832 2135 1974 2186 Opusc.
1987 2131 2036 2171 lv
2051 2146 2090 2184 p.
2106 2145 2155 2181 70
2174 2142 2285 2182 seqq.
2297 2149 2350 2159 —

1397 2282 1494 2316 simul
1520 2291 1631 2316 rerum
1648 2281 1896 2315 universitatem
1924 2288 1991 2312 una
2014 2287 2090 2312 cum
2111 2276 2177 2311 illis
2194 2274 2433 2310 admnistmt.

1396 2342 1517 2374 Verum
1533 2339 1659 2373 etiamsi
1674 2338 1754 2372 nihil
1767 2339 1833 2372 tale
1849 2338 1890 2371 iis
1904 2336 2122 2378 contingeret,
2139 2334 2212 2377 ipsa
2225 2333 2316 2368 eoru
2328 2331 2449 2366 virtus

1399 2407 1538 2440 quaeque
1553 2406 1594 2431 ex
1609 2397 1732 2432 virtute
1745 2397 1819 2430 tum
1836 2394 2015 2438 percipitur
2030 2393 2181 2435 voluptas
2193 2393 2267 2426 tum
2287 2389 2436 2424 nascitur

1397 2456 1498 2497 gloria
1516 2458 1616 2497 atque
1633 2455 1675 2488 ad
1691 2454 1756 2488 hoc
1774 2453 1842 2487 vita
1855 2452 2015 2486 molestiis
2037 2451 2177 2485 liberata
2196 2457 2302 2492 neque
2322 2447 2434 2490 cujus-

1400 2522 1499 2554 quam
1521 2514 1656 2555 imperio
1683 2512 1822 2546 obnoxia
1855 2511 1898 2545 ad
1923 2520 1979 2545 eos
2005 2509 2062 2552 qui
2085 2509 2222 2542 honeste
2245 2507 2356 2541 vivere
2374 2514 2439 2539 non

1397 2571 1493 2605 modo
1506 2572 1744 2605 constituerunt
1755 2597 1763 2612 ‚
1778 2571 1836 2605 sed
1849 2570 1949 2604 etiam
1961 2570 2136 2612 potuerunt
2149 2568 2263 2602 beatos
2275 2564 2438 2600 faciendos

1398 2630 1572 2665 sufficeret.
2061 2643 2065 2647 >
