2508 3776
293 162 371 200 414

292 245 483 297 νομίσματι
501 245 549 291 ἡ
540 242 656 288 ισότης
666 241 811 292 γίνεται·
828 238 899 278 ἀπὸ
919 238 956 278 δὲ
971 241 1033 286 τῆς
1049 238 1207 289 ἰσότητος
1221 242 1331 280 ἀλλα-

292 305 357 358 γὴν
371 303 528 356 γενέσθαι
541 299 701 340 δυνατόν.
726 299 890 346 Ἰσότητα
909 298 944 338 δὲ
960 300 1023 338 οὐκ
1043 298 1098 338 ἀεὶ
1116 299 1260 339 δυνατὸν
1280 299 1335 351 γί-

293 367 412 402 νεσθαι
440 361 522 399 ἄνευ
537 359 764 410 νομίσματ·ος
783 357 860 397 τινὰ
878 357 946 410 γὰρ
967 357 1051 411 ἔργα
1070 374 1201 412 τεχνων
1227 358 1334 402 οὕτως

292 422 453 468 ἀλληλων
479 420 658 472 διαφέρει,
678 417 770 456 ὥστε
787 419 968 462 παντελως
985 417 1197 470 ἀσύμμετρα
1220 411 1329 464 εἶναι,

290 479 349 518 καὶ
371 477 503 529 μηδένα
519 476 621 528 λόγον
641 476 734 529 ἔχειν
754 475 840 530 πρὸς
858 475 1010 522 ἄλληλα·
1033 475 1109 515 ὅθεν
1128 477 1166 515 οὗ
1188 475 1334 514 δυνατὸν

291 538 435 586 ἰσότητα
459 541 568 590 εὑρεῖν
591 539 625 575 ἐν
645 540 773 581 αὐτοῖς.
811 533 898 575 ’Ότι
918 535 954 573 δὲ
976 535 1140 588 ἑκάτερος
1170 534 1333 588 ἑκατέρου

291 598 420 648 δεῖται,
437 596 493 635 διὰ
509 593 639 644 ταύτην
663 594 727 642 τὴν
745 594 866 648 χρείαν
887 593 1095 648 παρελήφθη
1115 596 1151 632 ἕν
1167 609 1203 632 τι
1221 591 1333 632 κοινὸν

291 655 417 708 μέτρον
438 654 457 693 ὃ
476 654 590 693 πάντα
611 660 752 708 μετρεῖ,
774 654 813 693 τὸ
832 653 1002 704 νόμισμα·
1025 652 1044 692 ὃ
1064 653 1166 707 φύσει
1188 653 1251 704 μὲν
1273 651 1333 691 καὶ

291 715 437 769 ἀληθείᾳ
457 716 495 754 οὐ
519 719 660 767 μετρεῖ,
692 716 749 766 (οὐ
774 714 841 767 γάρ
869 716 943 753 ἐστι
963 713 1065 767 μέρος
1085 716 1151 752 τῶν
1182 728 1326 766 μετρου-

291 774 443 826 μένων),
466 774 562 827 νόμῳ
582 773 619 813 δέ
638 789 705 813 τινι
731 775 892 826 ἡμετέρῳ
912 773 972 812 καὶ
994 772 1163 826 συνθήκῃ·
1185 773 1245 812 καὶ
1269 772 1332 811 οὕ-

289 849 356 877 τως
380 835 415 871 ἐν
446 834 544 887 μέσῳ
562 832 746 886 γενόμενον
765 835 834 872 τῶν
858 831 1115 885 ἀσυμμέτρων,
1146 831 1332 885 σύμμετρα

287 894 382 932 ποιεῖ
393 891 452 931 καὶ
472 893 598 937 ἰσάζει.
615 894 725 931 Τοῦτο
740 890 775 930 δὲ
797 890 898 930 ἔσται
913 892 973 931 καὶ
992 891 1137 930 ἀπὸτοῦ
1156 890 1332 943 διαγράμ-

290 967 397 1003 ματος
421 950 648 1004 σαφέστερον.
668 948 793 990 Ἔστω
811 951 847 989 δὲ
867 950 906 989 τὸ
925 967 947 988 α
966 950 1077 999 οἰκία,
1096 950 1137 990 τὸ
1156 949 1192 989 δὲ
1210 951 1231 1002 β
1249 951 1335 1001 μναῒ

289 1010 374 1049 δέκα
386 1042 395 1058 ,
412 1010 452 1049 τὸ
468 1010 503 1049 δὲ
520 1026 542 1062 γ
558 1009 674 1058 κλίνη.
693 1008 814 1049 Ἔστω
835 1010 871 1048 δὲ
890 1013 912 1058 ἡ
931 1010 1024 1049 οἰκία
1046 1010 1150 1048 πέντε
1170 1012 1264 1060 μνῶν
1276 1038 1288 1058 ,
1309 1012 1331 1057 ἡ

289 1069 325 1107 δὲ
344 1069 444 1118 κλίνη
461 1075 555 1120 μιᾶς·
579 1068 670 1108 ὥστε
691 1069 727 1107 αἱ
745 1067 829 1107 δέκα
847 1072 933 1120 μναῖ
949 1069 988 1108 τὸ
1010 1072 1031 1121 β
1049 1073 1111 1116 τῆς
1130 1068 1193 1118 μὲν
1215 1068 1334 1115 κλίνης

288 1128 524 1167 δεκαπλάσιόν
553 1130 652 1179 ἐστι,
688 1131 749 1176 τῆς
786 1127 822 1166 δὲ
859 1126 969 1172 οἰκίας
990 1127 1191 1167 διπλάσιον·
1214 1131 1237 1175 ἡ
1263 1126 1331 1180 ἄρα

288 1186 380 1225 οἰκία
399 1187 545 1235 ἡμίσειά
566 1189 640 1226 ἐστι
659 1188 728 1226 τῶν
745 1186 829 1225 δέκα
846 1189 955 1237 μνῶν.
975 1186 1081 1227 Ἐπεὶ
1098 1186 1211 1226 τοίνυν
1227 1188 1249 1233 ἢ
1271 1185 1334 1235 μὲν

287 1245 381 1284 οἰκία
409 1245 545 1297 ἥμισυ,
577 1249 600 1293 ἡ
621 1246 658 1284 δὲ
686 1245 785 1294 κλίνη
819 1245 964 1285 δέκατον
992 1249 1062 1297 τοῦ.
1084 1247 1209 1293 αὐτοῦ,
1238 1244 1278 1282 τὸ
1299 1244 1333 1282 δὲ

287 1303 400 1355 ἥμισυ
420 1307 480 1342 τοῦ
502 1303 765 1343 δεκαπλασίουι
796 1305 1077 1352 πενταπλάσιον,
1107 1306 1129 1350 ἡ
1156 1303 1223 1355 ἄρα
1242 1301 1334 1341 οἰκία

287 1365 350 1409 τῆς
370 1362 487 1410 κλίνης
513 1363 786 1408 πενταπλάσιος·
810 1363 1007 1415 σύμμετρος
1023 1362 1098 1415 Υἄρα
1118 1365 1139 1409 ἡ
1161 1361 1254 1401 οἰκία
1273 1361 1333 1413 γέ·

287 1437 365 1473 γονε
384 1425 428 1474 τῇ
450 1421 552 1474 κλίνῃ
583 1420 641 1460 διὰ
671 1421 781 1472 μέσου
811 1425 873 1460 τοῦ
905 1422 1143 1472 νομίσματος,
1175 1420 1194 1459 ὃ
1222 1421 1334 1460 κοινὸν

287 1479 420 1530 ἐγένετο
441 1479 582 1533 μέτρον.
638 1482 682 1520 Εἰ
704 1478 739 1519 δὲ
763 1480 985 1532 σύμμετρος,
1009 1480 1069 1519 καὶ
1090 1479 1150 1528 ’ἴση
1172 1479 1331 1532 γενέσθαι

287 1537 446 1577 δυνατόν·
469 1540 499 1577 εἰ
527 1537 595 1590 γὰρ
623 1538 1000 1592 πενταπλασιασθῇ,“
1023 1538 1083 1586 ἴση
1105 1538 1204 1578 ἔσται
1225 1555 1268 1591 τῃ
1286 1541 1332 1578 οἰ-

286 1595 359 1648 κίᾳ.
381 1596 429 1636 Τί
451 1596 513 1647 μὲν
543 1591 602 1636 ουν
624 1596 664 1636 τὸ
683 1597 801 1636 ἄδικον
816 1628 827 1649 ,
848 1597 908 1637 καὶ
927 1597 962 1636 τί
981 1597 1021 1636 τὸ
1044 1597 1179 1637 δίκαιόν
1212 1599 1305 1636 ἐστιν
1320 1626 1330 1644 ,

286 1654 448 1709 εἴρηται,
465 1655 558 1695 κατά
577 1672 613 1695 τε
632 1655 800 1707 διανομὴν
815 1656 872 1696 καὶ
889 1656 1132 1709 διόρθωσιν,”
1111 1672 1188 1705 ητοι
1203 1656 1243 1696 τὸ
1260 1657 1333 1695 δια-

285 1713 472 1764 νεμητικὸν
491 1714 552 1753 καὶ
576 1715 815 1767 διορθωτικόν.

342 1773 514 1826 (Scripsi
538 1787 547 1812 ε
571 1773 748 1828 ἀλλήλας]
782 1773 865 1813 cod.
894 1773 1081 1822 ἀλλήλους.
1100 1797 1154 1805 -
1173 1775 1190 1798 ¹²
1212 1776 1248 1812 αἳ
1271 1776 1333 1813 αὖ·

284 1831 344 1870 ταὶ
373 1831 535 1883 ἔσονται]
573 1833 660 1872 cod.
694 1832 799 1871 αὑταὶ
832 1832 985 1872 ἔσονται.
1009 1837 1091 1863 ——0
1126 1833 1223 1885 ἔστι]
1246 1833 1330 1871 cod.

286 1891 374 1931 ἐστὶ.
410 1891 492 1921 —d
526 1890 670 1943 δέηται]
694 1892 777 1930 cod.
811 1892 934 1933 δεῖται.
962 1903 1044 1922 —0
1063 1891 1206 1946 χρῄζῃ]
1241 1893 1330 1932 cod.

285 1949 421 2004 χρήζει.
443 1950 521 1980 -s
541 1950 739 2004 μηδέποτε]
765 1951 853 1992 cod.
889 1951 981 2002 μηδέ
1016 1967 1109 1992 τοτε.
1129 1973 1183 1980 -
1210 1955 1227 1980 8
1247 1953 1333 1989 κάν-

285 2008 421 2059 ταῦθα]
454 2008 542 2047 cod.
561 2011 751 2062 κάνταῦθα.
781 2033 832 2039 —
850 2012 866 2036 ¹¹
885 2009 1030 2062 οὐκέτι]
1050 2009 1138 2049 cod.
1171 2009 1234 2047 οὒκ
1263 2007 1329 2049 ἔτι.

286 2089 339 2097 --
358 2067 366 2090 ί
395 2067 657 2119 δεκαπλασίου]
679 2069 762 2107 cod.
785 2067 932 2107 δεκάτου
948 2092 1001 2098 -
1016 2072 1031 2096 k
1061 2068 1332 2106 πενταπλασια-

287 2126 382 2178 σθῇ]
403 2126 491 2166 cod.
514 2128 845 2175 πενταπλασιασθῆ.
866 2127 941 2181 -)

748 2236 839 2287 Κεφ.
863 2233 904 2279 ζ’.

374 2344 446 2380 Ὀτι
468 2349 487 2386 ἡ
509 2347 700 2386 δικαιοσύνη
720 2347 858 2389 μεσότης
878 2347 948 2380 ἐστὶ
971 2350 1029 2380 τοῦ
1053 2347 1175 2379 ἀδικεῖν
1193 2346 1248 2378 καὶ

710 2395 903 2427 ἀδικεῖσθαι.

339 2489 359 2513 *
376 2489 520 2530 Τούτων
535 2490 571 2529 δὲ
592 2490 684 2528 οὕτω
706 2490 965 2543 διωρισμένων,
987 2488 1132 2542 φανερόν
1155 2490 1261 2534 ἔστιν,
1278 2485 1331 2524 ὅτι

286 2551 308 2595 ἡ
332 2548 581 2600 δικαιοπραγία
603 2548 752 2598 μεσότης
773 2547 848 2586 ἐστὶ
868 2551 927 2586 τοῦ
951 2548 1083 2585 ἀδικεῖν
1111 2547 1170 2585 καὶ
1194 2545 1332 2583 ἀδικεῖ-

288 2610 379 2645 σθαι·
397 2607 437 2646 τὸ
459 2606 521 2657 μὲν
552 2606 618 2658 γὰρ
641 2607 747 2645 πλέον
770 2605 863 2654 ἐστί,
893 2606 932 2644 τὸ
953 2606 989 2644 δὲ
1021 2605 1182 2644 ἔλαττον·
1206 2604 1247 2643 τὸ
1268 2602 1331 2654 μὲν

285 2664 354 2718 γὰρ
376 2666 506 2704 ἀδικεῖν
529 2664 624 2703 οὐδὲν
646 2665 732 2703 ἄλλο
752 2664 875 2704 &stiva
896 2663 974 2711 ἢτὸ
992 2664 1097 2702 πλέον
1119 2664 1227 2716 ἔχειν,
1246 2661 1332 2701 ὅπου

286 2724 326 2762 τὸ
345 2723 418 2763 ἴσον
440 2722 526 2762 ἔδει·
545 2723 584 2762 τὸ
606 2723 642 2761 δὲ
663 2725 880 2772 ἀδικεῖσθαι,
900 2722 940 2761 τὸ
960 2723 1105 2762 ἔλαττον
1123 2723 1232 2775 ἔχειν.
1259 2721 1332 2761 Καὶ

286 2785 309 2830 ἡ
331 2781 532 2829 δικαιοσύνη
553 2781 703 2832 μεσότης
726 2782 839 2830 ἐστίν,
860 2783 898 2820 οὖ
915 2780 972 2819 τὸν
994 2780 1099 2819 αὐτὸν
1115 2780 1242 2834 τρόπον
1258 2785 1334 2824 ταῖς

286 2839 471 2894 προτέραις
488 2840 640 2892 ἀρεταῖς·
665 2843 732 2878 τῶν
750 2839 810 2891 μὲν
825 2840 892 2892 γὰρ
913 2840 1029 2879 ἄλλων
1052 2842 1184 2891 ἀρετῶν
1200 2838 1331 2887 ἑκάστη

288 2900 380 2952 μέση
402 2900 475 2938 ἐστὶ
493 2899 552 2938 δύο
571 2901 703 2938 κακιῶν
717 2928 727 2946 ,
748 2898 810 2946 τὴν
835 2898 897 2950 μὲν
919 2898 1193 2953 ὖπερόάλλουσα
1213 2900 1276 2944 τῆς
1296 2897 1332 2936 δὲ

287 2959 512 2999 ἐλλείπουσα·
549 2962 571 3005 ἡ
606 2957 668 3008 μὲν
695 2957 763 3011 γὰρ
785 2959 991 3012 σωφροσύνη
1015 2958 1145 3009 μεταξὺ
1167 2960 1229 3005 τῆς
1247 2958 1329 3004 ἠλι-

288 3020 441 3067 θιότητος
459 3017 521 3057 καὶ
541 3020 602 3064 τ’ῆς
624 3019 815 3061 ἀκολασίας
836 3017 952 3066 ἐστίν,
975 3022 996 3065 ἠ
1019 3017 1054 3056 δὲ
1073 3017 1214 3070 ἀνδρεία
1229 3019 1245 3042 ¹³
1261 3032 1326 3067 με-

286 3077 371 3123 ταξὺ
392 3080 453 3125 τῆς
474 3076 602 3120 δειλίας
622 3076 681 3114 καὶ
703 3079 765 3123 τ’ἥς
796 3077 1030 3129 θρασυτητος,
1060 3078 1121 3117 και
1156 3081 1192 3117 αἱ
1224 3077 1331 3116 ἄλλαι

287 3136 428 3187 ὁμοίως·
449 3138 471 3182 ἡ
487 3135 522 3173 δὲ
548 3135 750 3183 δικαιοσύνη
777 3137 839 3174 οὐκ
860 3136 961 3187 ἔχειῦ
981 3138 1066 3187 παρ’
1097 3136 1247 3189 ἑκατέρα
1269 3135 1330 3174 δύο

286 3193 432 3243 κακίας,
450 3197 505 3237 αἱς
527 3192 731 3241 ἀντίκειται,
749 3193 839 3232 ἀλλὰ
864 3195 954 3246 μόνῃ
974 3198 1016 3246 τῇ
1039 3194 1158 3233 ἀδικία
1180 3195 1332 3233 ἀντίκει-

286 3265 359 3292 ται·
379 3253 468 3302 μέση
483 3251 551 3291 δέ’
536 3268 644 3300 εστιν,
666 3252 718 3290 ὅτι
734 3255 795 3300 τῆς
814 3252 949 3296 ἀδικίας
969 3252 1031 3299 τὴν
1053 3254 1244 3301 ἀνισότητα
1258 3255 1330 3291 εἰσ-

301 3332 2430 3359 -ῄ--Μ-Μ
2491 3337 2499 3349 2

1131 152 1415 194 ANDRONICI
1444 153 1622 193 RHoDn

1393 244 1537 277 habebit.
1556 245 1607 276 Ex
1631 252 1670 276 eo
1682 243 1769 276 enim
1785 243 1876 286 quod
1889 253 2024 278 nummo
2030 244 2151 280 metiri
2171 245 2281 280 omnia
2295 245 2331 280 et
2353 270 2355 273 -
2382 273 2384 275 .
2398 239 2435 286 J

1394 311 1485 336 mare
1514 302 1658 336 solemus
1682 302 1858 345 aequalitas
1882 303 2014 338 oritur:
2045 314 2086 338 ex
2105 305 2296 348 aequalitate
2322 313 2357 339 a
2446 299 2455 334 ’ἶ

1393 363 1593 406 permutatio
1610 363 1700 412 nasci
1715 365 1834 406 potest.
1854 364 2039 406 AEqualitas
2049 374 2129 400 vero
2142 366 2212 400 sine
2220 375 2358 400 nummo
2370 343 2446 403 iffi
2459 396 2463 405 ,

1394 431 1522 465 semper
1541 421 1626 456 effici
1641 422 1770 465 possit:
1787 423 1954 457 nonnullae
1971 423 2097 458 scilicet
2120 427 2211 460 artes
2236 435 2314 460 cum
2328 411 2440 475 operi}

1394 480 1457 514 bus
1482 480 1668 514 artificiosis
1692 483 1823 514 tantum
1850 482 1936 515 inter
1965 491 2000 516 se
2027 481 2208 524 differunt,
2239 485 2279 519 ut
2305 483 2440 519 omnim
2462 490 2481 526 ὲ

1393 542 1484 575 nulla
1505 543 1591 575 inter
1606 552 1661 575 eas
1677 543 1888 585 congruentia
1907 543 1950 576 sit
1965 545 2024 577 aut
2036 544 2122 577 ratio
2139 556 2148 577 ε
2170 553 2275 587 quare
2287 553 2332 580 ne
2343 545 2441 588 'repv-
2462 567 2473 592 ς,

1394 601 1453 634 riri
1470 601 1603 644 quidem
1621 602 1653 635 in
1677 602 1716 635 iis
1729 604 1838 645 potest
1860 603 2042 646 aequalitas.
2062 603 2127 637 Sed
2144 603 2303 646 quoniam
2316 603 2442 639 incon-

1395 661 1556 694 tractibus
1572 661 1656 694 alter
1672 662 1774 695 altero
1793 664 1885 704 eget,
1905 663 1976 705 ejus
1995 661 2183 705 indigentiae
2199 672 2276 706 ergo
2288 659 2441 697 commu‘«

1395 729 1469 754 nem
1490 720 1635 763 aliquam
1660 730 1863 761 mensuram,
1883 731 1959 764 quae
1977 723 2097 755 cuncta
2122 721 2316 762 metiretur,
2330 721 2440 756 idest
2503 750 2505 754 Α

1885 781 1943 823 qui
1960 781 2092 823 proprie
2116 779 2255 824 quidem
2275 781 2310 814 et
2323 788 2440 815 revera
2480 785 2482 787 ’

1395 848 1459 872 non
1474 838 1624 878 metitur,
1656 841 1783 882 (neque
1802 839 1888 872 enim
1916 849 1992 882 pars
2010 841 2061 873 est
2085 848 2202 873 eorum
2227 847 2304 882 quae
2324 838 2440 874 metiri
2478 836 2495 885 J

1395 899 1577 940 solemus‚)
1597 899 1655 931 sed
1686 900 1815 931 tantum
1843 908 1884 931 ex
1908 899 1978 941 lege
1997 898 2143 942 quadam
2166 900 2281 933 nostra
2295 899 2330 933 et
2343 898 2441 932 insti-
2480 913 2487 941 ,j

1395 959 1468 989 tuto
1486 959 1607 999 :atque
1620 957 1741 989 idcirco
1753 967 1858 999 quum
1877 958 1911 990 in
1929 957 2038 991 medio
2058 957 2102 991 sit
2117 966 2234 991 eorum
2247 949 2329 1002 1111oe
2346 956 2440 991 nullo
2491 999 2494 1001 .

1394 1015 1492 1049 modo
1504 1016 1591 1049 inter
1607 1026 1641 1049 se
1655 1018 1859 1057 congruunt,
1880 1016 1937 1049 illa
1950 1016 1992 1049 ad
2010 1017 2256 1059 congruentiam
2274 1017 2310 1051 et
2321 1025 2441 1060 mqua-
2470 1019 2479 1042 ²·

1395 1075 1522 1109 litatem
1534 1075 1662 1117 redigIt.
1680 1078 1750 1109 Hoc
1763 1078 1875 1109 autem
1892 1085 1932 1108 ex
1949 1075 2009 1108 tali
2023 1076 2128 1118 figura
2141 1073 2350 1111 manifesti&
2362 1075 2438 1110 erit.
2479 1073 2482 1075 ’

1396 1134 1446 1167 Sit
1465 1135 1492 1166 Α
1511 1134 1708 1172 aedificium,
1733 1135 1759 1166 B
1785 1134 1883 1166 minae
1908 1134 2042 1173 decem,
2064 1134 2094 1168 G
2114 1133 2240 1168 lectica.
2269 1133 2320 1168 Sit
2340 1140 2441 1177 porro
2483 1163 2499 1179 .-

1395 1192 1572 1226 aedificium
1593 1193 1739 1235 quinque
1753 1192 1919 1225 minarum
1939 1195 1973 1225 et
1988 1193 2105 1226 lectica
2116 1192 2239 1234 uuius3
2253 1191 2368 1236 itaque
2380 1191 2442 1226 de-
2501 1228 2507 1242 ι

1395 1261 1467 1285 cem
1497 1252 1596 1285 minae
1623 1253 1649 1284 B
1671 1245 1848 1294 decuplum
1867 1253 1944 1284 sunt
1963 1251 2106 1291 lecticae,
2136 1250 2266 1285 aedificii
2280 1258 2360 1285 vero
2376 1249 2442 1284 1111-
2486 1252 2503 1303 ζ

1394 789 1578 818 nummum,
1611 779 1822 823 adjunximus
1847 791 1855 811 τ

1395 1310 1513 1352 plum:
1532 1310 1707 1343 aedificium
1731 1319 1809 1351 ergo
1828 1309 1942 1343 decem
1968 1309 2135 1343 minarum
2163 1311 2215 1343 est
2244 1304 2433 1343 dimidium.

1395 1372 1507 1408 Quum
1521 1370 1624 1412 igitur
1643 1369 1821 1403 dimidium
1836 1369 1880 1402 sit
1904 1369 2101 1408 aedificium,
2119 1368 2248 1403 decima
2269 1377 2350 1403 vero
2363 1373 2442 1412 pars
2498 1352 2503 1410 ’-

1395 1428 1544 1471 ejusdem
1570 1438 1711 1462 summae
1741 1429 1785 1461 sit
1810 1428 1942 1467 lectica,
1975 1429 2010 1461 et
2037 1427 2224 1480 dimidium
2239 1426 2372 1470 decupli
2396 1425 2443 1460 sit
2464 1426 2469 1450 ¹=
2499 1434 2504 1451 2

1393 1488 1716 1530 quinquepartitum,
1739 1487 1890 1530 sequitur
1904 1486 2084 1520 aediticium
2102 1495 2174 1520 esse
2187 1485 2336 1530 quinque
2361 1493 2440 1529 pal*-
2474 1519 2478 1523 ,

1394 1549 1484 1582 tibus
1504 1549 1613 1591 majus
1631 1558 1731 1591 quam
1756 1548 1907 1581 lecticam
1933 1561 1941 1581 z
1965 1548 2012 1581 ita
2025 1557 2102 1581 cum
2118 1547 2236 1582 lectica
2262 1543 2440 1590 congruere

1394 1607 1570 1640 aedificium
1592 1607 1719 1640 nummi
1740 1606 1899 1640 beneficio
1918 1606 2034 1649 coepit,
2063 1606 2123 1649 qui
2147 1605 2331 1639 communis
2346 1611 2442 1639 men-

1394 1676 1482 1700 surae
1497 1666 1604 1699 instar
1616 1666 1726 1699 habet.
1739 1665 1864 1703 Quodsi
1878 1673 2056 1707 congruere
2070 1664 2169 1708 coepit
2178 1691 2186 1703 ,
2201 1664 2303 1699 etiam
2314 1663 2440 1707 aequari

1393 1728 1503 1768 potest
1523 1739 1530 1758 :
1554 1724 1631 1759 nam
1653 1726 1681 1759 si
1699 1725 2006 1768 quinqueplicetur‚
2034 1723 2173 1767 aequalis
2197 1723 2262 1757 erit
2287 1722 2438 1757 aedificio.

1394 1785 1483 1823 Quid
1498 1785 1599 1827 igitur
1614 1787 1688 1818 tum
1704 1785 1866 1827 injustum
1885 1783 1948 1822 sit,
1974 1785 2048 1816 tum
2063 1783 2194 1826 iustum
2205 1807 2214 1823 ‚
2231 1783 2303 1816 tam
2318 1781 2356 1815 in
2370 1781 2443 1836 dis-
2494 1803 2495 1807 =

1393 1845 1569 1881 tribuendo
1586 1854 1687 1887 quam
1708 1844 1742 1876 in
1758 1842 1968 1886 corrigendo,
1996 1842 2060 1875 hoc
2081 1844 2151 1881 est,
2169 1841 2204 1874 in
2227 1841 2304 1884 iure
2317 1840 2442 1884 partim
2500 1856 2508 1886 ξ

1393 1903 1614 1938 distribuendi
1648 1903 1770 1946 partim
1798 1901 1980 1945 corrigendi
2007 1901 2043 1935 vi
2075 1900 2236 1944 praedito,
2257 1900 2328 1944 iam
2356 1899 2441 1934 dixi-
2493 1938 2495 1942 Α

1393 1973 1467 1997 mUS
1472 1990 1478 1997 .

1838 2251 1917 2294 Gap.
1941 2251 2016 2284 vn.
2355 2244 2374 2262 ‘'
2412 2252 2415 2259 ·
2476 2242 2490 2266 4

1449 2363 1601 2393 sustitiam
1614 2360 1758 2391 faciendae
1772 2361 2013 2399 accipiendaeque
2031 2359 2150 2396 injuriae
2169 2365 2234 2389 esse
2245 2359 2384 2390 mediam.
2433 2355 2436 2362 ¹

1435 2487 1495 2519 His
1519 2486 1566 2518 ita
1595 2484 1757 2525 definitis,
1791 2484 1920 2515 constat
1947 2482 2072 2524 justam
2096 2479 2258 2513 actionem
2281 2474 2440 2512 faciendae
2488 2476 2508 2489 ’·

1395 2543 1655 2586 accipiendaeque
1665 2542 1794 2585 injuriae
1811 2550 1882 2574 esse
1897 2540 2041 2573 mediam
2057 2551 2065 2572 :
2088 2539 2231 2578 alterum
2245 2537 2334 2570 enim
2351 2535 2437 2579 plus,
2487 2536 2491 2543 ⁴

1393 2604 1535 2636 alterum
1548 2603 1658 2635 minus
1670 2603 1722 2634 est
1737 2612 1744 2631 :
1758 2601 1879 2643 quippe
1892 2599 2046 2642 injuriam
2065 2598 2173 2631 facere
2186 2596 2270 2629 nihil
2282 2597 2333 2629 est
2348 2588 2441 2628 aliud

1393 2672 1494 2705 quam
1518 2662 1594 2704 plus
1623 2661 1767 2698 habere,
1790 2659 1847 2692 ubi
1876 2657 2004 2701 aequale
2023 2655 2213 2690 habendum
2236 2655 2333 2688 erat:
2355 2649 2445 2686 sicut·

1392 2721 1512 2764 injuria
1530 2720 1632 2759 affici,
1665 2720 1786 2752 habere
1803 2718 1926 2750 mInus.
1951 2719 2054 2749 Porro
2075 2715 2206 2759 justitia
2228 2713 2440 2747 mediocritas
2488 2721 2508 2766 *g

1392 2783 1461 2820 est,
1478 2790 1542 2813 non
1556 2780 1670 2813 eodem
1685 2778 1783 2811 modo
1802 2787 1870 2820 quo
1886 2777 2030 2810 virtutes
2044 2775 2112 2808 illae
2122 2800 2130 2814 ,
2149 2773 2191 2807 de
2207 2772 2331 2816 quibus
2342 2773 2439 2804 antea

1700 2838 1904 2881 reliquarum
1932 2835 2019 2869 enim
2042 2834 2208 2868 virtutum
2229 2838 2438 2875 unaquoque
2491 2851 2508 2881 ¹.

1393 2900 1501 2933 media
1523 2901 1575 2932 est
1599 2898 1742 2931 duorum
1764 2897 1939 2934 vitiorum,
1973 2894 2022 2927 ita
2051 2895 2091 2927 ut
2113 2893 2256 2926 alterum
2283 2890 2416 2933 superet
2426 2893 2465 2928 ,’·’-

1392 2961 1496 2993 altero
1518 2961 1693 3001 superetur
1719 2968 1725 2989 :
1754 2957 1914 2990 nimirum
1929 2954 2147 2998 temperantia
2168 2953 2254 2986 inter
2277 2943 2447 2999 stolidita-†
2487 2956 2508 3004 ‘J

1392 3021 1460 3052 tem
1482 3020 1515 3052 et
1532 3016 1819 3059 intemperantiam
1836 3017 1907 3053 est,
1932 3016 1970 3047 ut
1992 3012 2154 3046 fortitudo
2169 3012 2256 3045 inter
2274 3006 2493 3060 timiam-123:

1392 3081 1461 3112 tem
1477 3080 1510 3111 et
1526 3076 1720 3114 audaciam,
1741 3077 1775 3108 et
1798 3074 1935 3117 reliquae
1954 3072 2143 3106 similiter:
2163 3072 2199 3104 at
2213 3079 2293 3104 vero
2306 3064 2440 3116 iustitia

1391 3147 1456 3171 non
1482 3137 1582 3169 habet
1599 3135 1755 3177 utrinque
1772 3133 1839 3166 duo
1863 3142 1939 3165 cum
1957 3131 2079 3174 quibus
2103 3131 2224 3172 pugnet
2248 3128 2345 3167 vitia,
2377 3120 2445 3160 sed·

1390 3196 1452 3229 soli
1465 3194 1636 3237 injustitiae
1652 3193 1872 3226 adversatur:
1891 3189 2000 3224 media
2021 3191 2133 3223 autem
2148 3190 2216 3229 est,
2235 3187 2314 3231 quia
2329 3194 2436 3230 quum
2487 3180 2494 3214 ἶ

1391 3254 1651 3298 inaequalitatem
1665 3251 1826 3294 injustitia
1844 3250 1995 3288 inducat,
2021 3248 2246 3298 aequalitatem
2261 3247 2333 3289 ipsa
2345 3248 2438 3288 qumi
2468 3239 2493 3281 εξ

1393 2840 1637 2882 disputavimus
1668 2851 1676 2871 z

328 3404 346 3422 ⁴
364 3402 592 3445 Διωρισμένων
608 3401 643 3434 δὲ
661 3400 800 3441 τούτων,
812 3401 907 3440 δῆλον
922 3402 971 3434 ὅτι
989 3403 1009 3440 ἡ
1031 3401 1262 3443 δικαιοπραγία
1280 3394 1379 3442 μέσον
1399 3400 1469 3432 ἐστὶ
1486 3401 1554 3431 κτλ.

2496 1827 2508 1855 ’ἰ
