2508 3776
296 173 377 210 510

299 257 485 308 συμφορῶν
508 258 700 306 λυποῢμεν,
720 254 962 303 μεταδιδόντες
983 257 1019 297 δὲ
1034 260 1093 307 τῆς
1111 260 1334 312 εὐδαιμονίας

295 313 698 369 εὐφραίνομεν,δόξειεν
681 331 723 353 αν
734 314 810 353 δέον
829 310 919 354 εἶναι
938 316 1123 369 προθύμως
1139 318 1202 370 μὲν
1216 321 1336 359 καλειν

295 372 416 416 αὐτους
427 374 473 416 εἷς
484 372 542 418 τὰς
555 373 728 431 εὐτυχίας,
740 375 784 418 εἷς
796 373 833 412 δὲ
851 373 911 419 τὰς
927 375 1075 429 ἀτυχίας
1087 378 1267 418 ὀκνουντα.
1284 379 1330 417 Τ
1319 394 1338 417 ο

295 432 357 482 μὲν
376 431 444 483 γὰρ
459 432 650 484 εὐεργετεῖν
671 432 777 472 καλόν
790 447 799 458 ·
820 433 1043 483 μεταδιδόναι
1066 435 1103 475 δὲ
1127 439 1197 475 τῶν
1217 440 1336 477 κακῶν

293 492 338 534 ὡς
354 489 481 537 ἥκιστα
494 492 558 532 δεῖ.
575 490 642 530 Διὰ
655 495 757 531 τοῦτο
772 491 833 531 καὶ
854 495 872 530 ὁ
895 493 1073 546 τραγῳδός
1095 494 1201 548 φησιν
1212 527 1223 545 ,
1238 495 1337 542 Ἅλις

293 549 362 600 ἐγὼ
380 550 559 602 δυστυχῶν
573 563 581 572 ·
603 550 681 590 οὐδὲ
698 551 766 604 γὰρ
797 552 848 590 δεῖ
866 551 944 597 τοὺς
964 552 1084 606 φίλους
1110 557 1179 595 τῶν
1200 556 1336 595 οἰκείων

294 609 563 659 ἀναπιμπλάναι
586 611 721 648 κακῶν·
740 615 935 657 τηνικαῦτα
950 610 986 650 δὲ
1003 612 1247 665 παρακλητέον
1258 613 1338 659 τοὺς

293 668 409 719 φίλους
430 667 486 707 ἐπὶ
501 667 541 706 τὸ
565 670 765 721 συναλγεῖν,
788 669 870 708 ὅταν
897 671 1073 722 μέλλωσιν
1096 673 1198 726 ὀλίγα
1225 675 1333 726 ὄχλη-

293 729 405 771 θέντες
425 729 564 779 μεγάλα
582 726 660 772 τοὺς
671 729 921 811 ἁλυπουμένους
948 730 1156 784 ὠφελήσειν.

347 785 514 831 *Aorouc
539 786 688 838 μεντοι(1
706 787 784 832 τους
802 789 920 842 φίλους
939 789 980 829 τὸ
1000 790 1175 830 ἀνάπαλιν
1193 791 1338 845 ἁρμόζει

293 845 406 885 πόιειν
423 846 507 898 πρὸς
525 845 602 891 τους
624 849 658 886 ἐν
689 850 906 902 συμφοραῖς,
927 848 994 895 ἔξω
1015 853 1202 904 συμφορῶν
1219 851 1333 896 ὄντας.

293 903 401 943 Ἰέναι
427 905 496 959 γὰρ
517 906 567 944 δεῖ
589 906 674 959 πρὸς
716 907 778 958 μὲν
812 924 890 953 τους
905 910 1135 979 κάτυχουντας
1165 911 1336 958 ἀκλήτους

293 963 352 1002 καὶ
373 965 589 1017 προθύμους·
615 967 715 1040 φίλου
739 983 806 1019 γαρ
830 966 869 1005 τὸ
889 971 925 1006 εὖ
943 969 1075 1016 ποιεῖν,
1100 983 1158 1007 και
1181 969 1336 1019 μάλιστα

293 1038 370 1067 τους
384 1025 418 1061 ἐν
434 1024 554 1077 χρεία,
575 1024 636 1063 καὶ
658 1026 766 1076 μήπω
788 1025 1019 1071 ἀξιώσαντας.
1047 1028 1162 1066 Τουτο
1181 1029 1287 1080 γὰρ’
1268 1044 1336 1079 αμ-

293 1081 585 1137 φοτέροις,κα“ιτι)
597 1084 736 1131 διδόντι,
753 1085 811 1123 καὶ
827 1088 875 1141 τῷ
891 1085 1108 1135 λαμὸάνοντι
1121 1086 1179 1124 καὶ
1189 1087 1332 1126 κάλλιον

293 1141 352 1178 καὶ
366 1140 478 1188 ἥδιον.
502 1143 562 1188 Εἰς
583 1142 698 1188 δὲτὰς
718 1144 879 1198 εὐτυχίας
901 1144 989 1183 ἴέναι
1019 1144 1101 1195 με’ν,
1137 1146 1230 1185 ἀλλὰ
1227 1147 1334 1203 πρὸς

295 1198 357 1250 μὲν
374 1199 414 1238 τὸ
436 1207 613 1255 συνεργεῖν
632 1203 691 1241 καὶ
714 1205 849 1255 βοηθεῖν
864 1209 933 1247 τοῖς
954 1203 1065 1257 φίλοις
1092 1203 1154 1251 τὴν
1172 1206 1335 1258 εὐτυχίαν

293 1259 524 1311 προθύμως”
505 1275 621 1314 εχειν·
644 1260 728 1316 πρὸς
751 1262 786 1301 δὲ
809 1263 849 1302 τὸ
872 1269 1049 1302 κοινωνεῖν
1070 1279 1131 1310 της
1152 1264 1336 1309 εὐπαθείας

295 1319 429 1367 αὐτοῖς,
456 1321 701 1373 σχολαιότερον
718 1336 728 1346 ·
749 1324 787 1360 οὔ
813 1321 879 1374 γὰρ
900 1323 1007 1361 καλὸν
1030 1322 1069 1360 τὸ
1084 1324 1336 1375 προθυμεῖσθαι

292 1378 495 1430 ὠφελεῖθαι·
525 1379 830 1432 προθυμουμένους
851 1380 962 1419 δὲκαὶ
996 1380 1238 1432 ἐπειγομένους
1258 1381 1337 1427 τοὺς

293 1436 410 1488 φίλους
430 1438 590 1491 ὠφελεῖν,
615 1438 698 1483 ἴσως
713 1441 752 1478 οὐ
781 1440 831 1478 δεῖ
863 1440 1062 1478 διωθεῖσθαι
1083 1439 1144 1477 καὶ
1165 1440 1332 1479 ἀποσείε-

294 1500 374 1534 σθαι
390 1495 452 1543 τὴν
474 1497 695 1550 εὐεργεσίαν,
718 1497 767 1548 μὴ
785 1497 846 1536 καὶ
868 1497 991 1543 δόξωσι
1014 1498 1098 1550 πρὸς
1122 1497 1200 1543 τοὺς
1218 1499 1337 1553 φίλους

293 1555 407 1602 ἀηδῶς
428 1555 537 1607 ἔχειν.
559 1559 674 1596 Τοῦτο
692 1556 760 1610 γὰρ
782 1556 889 1596 ἐνίοτε
913 1557 1111 1609 συμὸαίνει.

346 1613 383 1633 *¹*
397 1615 557 1668 Φανερὸν
574 1615 616 1662 δή
638 1618 729 1654 ἐστιν
753 1617 791 1654 ἐκ
807 1619 875 1655 τῶν
892 1616 1100 1670 εἰρημένων,
1119 1616 1172 1655 ὅτι
1189 1622 1258 1662 τοῖς
1282 1617 1335 1671 φί-

292 1673 363 1716 λοις
394 1673 626 1725 αἱρετώτατόν
660 1677 732 1714 ἐστι
765 1675 804 1714 τὸ
833 1678 894 1723 ζ’ῆν
928 1678 1005 1727 μετ’
1041 1676 1220 1724 ἀλλήλων.
1263 1677 1336 1717 Καὶ

292 1731 450 1785 καθάπερ
470 1738 541 1777 τοῖς
564 1736 687 1787 ἐρῶσιν
711 1734 978 1787 ἀγαπητότατόν
1002 1736 1076 1774 ἐστι
1103 1735 1142 1774 τὸ
1166 1736 1338 1784 ἀλλήλους

292 1793 372 1845 ὅρᾷν
385 1823 394 1839 ,
414 1792 474 1830 καὶ
497 1794 629 1842 μᾶλλον
653 1794 830 1846 αἱροῦνται
857 1794 949 1833 κατὰ
971 1793 1101 1842 ταύτην
1122 1796 1184 1842 τὴν
1207 1795 1333 1843 αἴσθη-

292 1865 346 1888 σιν
376 1856 529 1890 συνεῖναι
562 1851 747 1900 ἀλλήλοις,
773 1852 795 1899 ἢ
830 1852 921 1891 κατὰ
940 1853 1002 1898 τὰς
1038 1853 1165 1901 ἄλλας,
1203 1856 1250 1899 ὡς
1279 1854 1336 1893 διὰ

291 1908 421 1955 ταύτης
461 1913 522 1957 τῆς
566 1910 759 1958 αἰσθήσεως
793 1911 854 1951 καὶ
887 1912 1071 1963 γινομένου
1110 1917 1171 1952 τοῦ
1210 1913 1336 1967 ἔρωτος

292 1967 326 2013 ἐξ
341 1969 451 2021 ἀρχῆς
461 1967 522 2007 καὶ
545 1969 797 2020 συνισταμένου
811 1999 821 2018 ,
844 1970 934 2009 οὕτω
959 1971 1019 2010 καὶ
1046 1974 1117 2016 τοῖς
1137 1971 1250 2024 φίλοις
1264 1976 1333 2012 τῶν

292 2027 409 2066 ἄλλων
440 2029 586 2081 φιλικῶν
614 2027 770 2079 μάλιστα
798 2029 939 2069 πάντων
996 2030 1228 2084 αἱρετώτατόν
1261 2034 1335 2072 ἐστι

290 2086 330 2125 τὸ
350 2088 470 2133 συζῆν.

343 2147 395 2164 ***
421 2147 598 2187 Κοινωνία
625 2149 693 2200 γάρ
724 2150 797 2188 ἐστι
825 2148 866 2187 τὸ
886 2151 1002 2198 συζῆν,
1026 2150 1086 2190 καὶ
1105 2153 1290 2190 κοινωνιῶν
1313 2154 1334 2199 ἡ

289 2206 490 2254 τελειοτάτη
502 2210 517 2229 ⁰
529 2223 538 2231 ·
561 2209 583 2254 ἡ
601 2206 636 2245 δὲ
661 2207 760 2260 φιλία
780 2208 815 2246 ἐν
833 2211 876 2261 τῇ
894 2209 1058 2261 κοινωνίᾳ
1076 2208 1149 2262 ἔχει
1164 2210 1203 2248 τὸ
1225 2203 1312 2249 εἶναι
1324 2226 1332 2235 ·

290 2266 454 2305 κοινωνία
474 2265 542 2320 γὰρ
578 2270 599 2314 ἡ
618 2267 731 2321 φιλία.
751 2264 886 2312 Ἄλλως
905 2285 943 2308 τε
963 2269 1023 2308 καὶ
1041 2269 1094 2308 ὅτι
1117 2270 1155 2308 τὸ
1175 2270 1333 2310 αἰσθάνε-

290 2325 370 2364 σθαί
389 2341 466 2363 τινα
486 2327 610 2365 ἑαυτοῦ
641 2326 873 2379 αἱρετώτατόν
897 2330 988 2367 ἐστιν
1005 2359 1016 2381 ‚
1037 2331 1083 2373 ὡς
1106 2331 1140 2369 ἐν
1171 2335 1242 2374 τοῖς
1267 2331 1333 2381 ἔμ-

288 2385 448 2435 προσθεν’
468 2384 624 2438 εἴρηται·
659 2386 744 2437 πρὸς
768 2385 803 2424 δὲ
829 2386 885 2425 τὸν
909 2387 1007 2440 φίλον
1030 2386 1138 2432 οὕτως
1165 2387 1238 2441 ἔχει
1253 2418 1263 2437 ,
1287 2391 1339 2433 ὦς’

288 2443 372 2495 πρὸς
392 2443 533 2481 ἑαυτόν·
556 2443 646 2482 ὥστε
667 2444 725 2482 καὶ
750 2444 789 2483 τὸ
818 2445 1040 2484 αἰσθάνεσθαι
1079 2450 1138 2486 τοῦ
1159 2447 1258 2500 φίλου
1279 2449 1334 2485 αἱ·

291 2500 385 2552 ρετὸν
405 2501 445 2539 ἂν
467 2501 520 2550 εἴη
551 2503 706 2553 μάλιστα
724 2503 878 2542 πάντων.
928 2504 1136 2544 Αἷσθᾶνοιτο
1168 2506 1197 2543 δ’
1225 2505 1266 2544 ἄν
1284 2521 1335 2551 τις

289 2560 443 2612 ἐνεργείᾳ
462 2564 522 2598 τοῦ
545 2561 644 2635 φίλου
663 2561 773 2600 συνών
788 2592 799 2611 ,
819 2561 878 2601 καὶ
903 2566 1036 2612 συζῶν,
1058 2564 1119 2603 καὶ
1139 2564 1332 2615 συνδιᾶγων

290 2620 405 2656 αὐτῶ·
426 2618 516 2657 ὥστε
535 2620 674 2664 εἰκότως
697 2621 847 2674 ἐφίενται
873 2625 978 2669 συζῆν
999 2623 1163 2670 ἀλλήλοις
1176 2625 1207 2661 οἳ
1222 2623 1329 2676 φίλοι.

290 2677 359 2717 Διὰ
377 2681 479 2716 τοῦτο
500 2680 558 2717 καὶ
577 2678 720 2724 ἕκαστος
746 2679 764 2719 ὃ
779 2681 910 2732 νομίζει
927 2686 1015 2720 εἶναι
1035 2682 1098 2729 τὴν
1114 2682 1331 2735 ἀνθρωπίνην

289 2736 483 2788 ἐνέργειαν,
523 2753 583 2776 και
611 2741 648 2776 ου
685 2738 786 2779 ἔνεκα
827 2742 977 2794 αἱρεῖται
1006 2742 1045 2780 τὸ
1068 2744 1128 2788 ζῆν
1143 2773 1154 2789 ,
1193 2740 1255 2780 καὶ
1294 2741 1330 2780 ὃν

290 2793 504 2845 ἀνθρώπινον
526 2798 662 2847 ἡγεῖται
691 2798 784 2848 βίον,
814 2801 848 2839 ἐν
869 2800 980 2853 τούτῳ
1013 2800 1103 2852 μετὰ
1131 2802 1200 2839 τῶν
1224 2800 1333 2853 φίλων

291 2852 522 2924 βούλεταιζῆν
543 2854 603 2893 καὶ
624 2856 768 2908 διάγειν.
784 2858 854 2897 Και
876 2860 908 2897 οἱ
925 2858 986 2908 μὲν
999 2859 1182 2910 συμπίνειν
1200 2859 1331 2898 οἴονται

290 2910 358 2949 δεῖν
380 2910 508 2964 φίλοις,
535 2915 566 2951 οἱ
586 2914 620 2952 δὲ
641 2915 889 2967 συγκυδεύειν,
911 2921 942 2957 οἱ
972 2918 1008 2957 δε
1032 2917 1250 2970 συνθηρεύειν
1273 2918 1332 2957 καὶ

289 2972 615 3044 συγγυμνάζεσθαι,
639 2973 691 3012 ὅτι
711 2979 822 3014 ταῦτα
845 2978 961 3022 αὐτοῖς
982 2977 1083 3029 τίμια
1105 2982 1193 3016 εἰναι
1214 2979 1328 3026 δοκεῖ,

289 3030 349 3068 καὶ
371 3031 439 3069 δειν
469 3031 600 3070 τούτων
622 3033 805 3079 κοινωνους
839 3036 930 3088 ἔχειν
949 3036 1028 3081 τους
1056 3037 1197 3090 φίλους·
1220 3035 1332 3096 ἕτεροι

289 3088 325 3126 δὲ
346 3091 670 3144 συμφιλοσοφοῦσι,
703 3093 763 3131 καὶ
797 3094 897 3133 ἄλλοι
920 3095 1034 3134 ἄλλων
1071 3098 1248 3149 ἐνεργειῶν
1272 3112 1331 3134 και

292 3147 374 3200 βίων
393 3155 593 3190 κοινωνοῦσι
611 3153 682 3195 τοῖς
701 3151 829 3206 φίλοις,
844 3153 904 3191 καὶ
921 3156 1043 3199 ὅλως
1031 3153 1175 3194 ε’καστοι
1202 3156 1236 3193 ἐν
1258 3154 1331 3192 τού-

289 3222 339 3259 τω
353 3223 526 3261 συνημερε
531 3210 597 3249 όειν
615 3209 799 3263 βούλονται
817 3217 887 3255 τοῖς
907 3212 1065 3265 φίλοις,“’
1044 3230 1082 3261 o,
1102 3230 1134 3252 τι
1148 3230 1214 3266 περ
1235 3213 1330 3264 ῖμοί-

289 3266 393 3305 λιστα
429 3270 593 3320 ἀγαπῶσι
632 3272 701 3308 τῶν
730 3271 764 3308 ἐν
787 3272 868 3324 βίῳ.
902 3272 1015 3318 Συζῆν
1037 3271 1104 3324 γὰρ
1127 3272 1331 3324 βουλόμενοι

1127 170 1406 211 ANDRONICI
1435 170 1611 211 RHODII

1397 265 1565 298 fortunam
1592 266 1885 306 communicamus,
1913 255 2065 302 molestia
2086 279 2142 304 eos
2167 258 2442 316 afficimus.‹1²u6-³-

1398 317 1460 350 ties
1481 316 1670 358 secundam,
1690 318 1915 352 exhilaramus
1928 345 1936 359 ‚
1957 320 2064 354 videri
2094 322 2220 364 possint
2243 323 2286 355 ad
2315 331 2369 356 res
2387 319 2454 358 sels

1398 369 1523 401 cundas
1543 369 1662 411 cupide
1679 369 1892 413 studioseque
1910 372 2062 413 vocandi,
2086 373 2128 406 ad
2153 374 2310 407 adversas
2330 377 2445 408 autem

1398 421 1514 454 timide
1539 430 1578 453 ac
1600 421 1802 456 dubitanter.
1823 424 1872 455 De
1894 423 1968 456 aliis
1997 424 2085 458 enim
2114 425 2197 459 hene
2227 426 2348 461 mereri
2366 426 2444 470 pul-

1397 475 1515 507 chrum
1533 476 1584 507 est
1603 485 1611 507 z
1630 484 1731 517 quam
1762 475 1953 518 parcissime
1972 479 2084 510 autem
2114 478 2201 512 mala
2229 482 2308 515 sunt
2327 479 2444 516 amicis

1398 527 1623 569 impertienda.
1645 530 1852 571 Quapropter
1866 532 1899 563 et
1916 531 2061 573 tragicus
2087 531 2144 571 ait,
2162 533 2304 574 Sufficit,
2321 534 2360 569 ut
2384 543 2444 576 ego

1397 580 1497 612 miser
1522 580 1585 612 sim
1614 591 1621 612 ι
1647 589 1758 622 neque
1778 581 1864 614 enim
1884 582 1980 615 malis
2008 583 2129 616 nostris
2161 585 2284 618 amicos
2314 581 2445 619 onerari

1398 633 1550 666 convenit
1568 644 1575 665 :
1604 642 1721 666 verum
1742 636 1815 667 tum
1833 635 1966 668 demum
1985 636 2018 668 in
2034 636 2156 670 doloris
2181 630 2446 683 societatem'as-

1399 685 1550 718 sumendi
1583 688 1660 718 sunt
1688 686 1801 726 amici,
1832 696 1936 729 quum
1967 697 2071 730 parva
2101 689 2252 724 molestia
2285 689 2443 734 devorata

1398 738 1495 779 valde
1510 740 1587 771 sunt
1612 740 1836 773 moerentibus
1854 739 2032 783 profuturi.

1440 799 1531 840 Ipsos
1550 807 1630 831 vero
1660 799 1783 832 amicos
1805 800 2050 834 rcalamitatum
2084 802 2248 836 immunes
2277 804 2444 838 contrario
2499 802 2501 807 ’

1397 853 1496 886 modo
1522 862 1598 886 cum
1619 853 1833 888 infortunatis
1861 866 1955 898 agere
1972 857 2077 890 decet.
2113 859 2197 891 Nam
2213 857 2256 892 ad
2288 865 2346 893 eos
2361 868 2447 903 quos

1398 907 1542 940 adversa
1568 907 1701 942 fortuna
1733 909 1852 951 premit
1882 920 1945 943 non
1964 911 2073 944 vocati
2101 912 2220 955 cupide
2235 914 2271 946 et
2295 913 2448 948 alacriter
2498 921 2502 954 Ἀ

1398 963 1445 997 ire
1464 963 1585 996 debent
1603 976 1610 995 ι
1630 964 1786 998 nimirum
1803 974 1878 998 cum
1894 966 2011 1000 'amicis
2034 967 2116 1001 bene
2133 966 2242 1002 facere
2265 969 2364 1003 amici
2382 970 2445 1011 est,

1398 1021 1471 1051 tum
1495 1028 1573 1051 vero
1595 1018 1738 1052 maxime
1761 1021 1932 1062 egentibus
1956 1024 1990 1054 et
2013 1021 2054 1055 iis
2074 1023 2134 1065 qui
2157 1022 2304 1058 nondum
2329 1026 2443 1067 postu-

1398 1072 1519 1106 larunt.
1553 1074 1624 1104 Hoc
1653 1072 1740 1104 enim
1768 1074 1920 1116 utrique,
1940 1075 2034 1108 danti
2054 1076 2178 1110 scilicet
2194 1078 2230 1110 et
2255 1077 2444 1122 accipienti,

1398 1125 1568 1159 honestius
1591 1128 1624 1158 et
1637 1126 1815 1167 jucundius
1835 1130 1896 1160 est.
1917 1128 1967 1161 Ad
1988 1129 2148 1164 secundas
2163 1139 2217 1164 res
2234 1132 2347 1164 autem
2361 1140 2442 1172 eun-

1398 1181 1479 1214 dum
1506 1183 1567 1221 est,
1584 1181 1629 1212 ita
1652 1183 1773 1221 tamen,
1794 1184 1831 1214 ut
1860 1183 1975 1216 amicis
1992 1183 2092 1216 etiam
2122 1184 2280 1219 felicitate
2298 1185 2446 1222 florenti-

1399 1237 1463 1270 bus
1482 1237 1606 1270 alacres
1624 1236 1792 1278 adjutores
1808 1240 1841 1270 et
1862 1239 2076 1272 auxiliatores
2092 1239 2195 1273 simus
2217 1253 2225 1273 ι
2252 1240 2296 1274 ad
2325 1241 2448 1275 benefi-

1398 1290 1486 1323 cium
1502 1300 1582 1324 vero
1598 1291 1674 1323 inde
1694 1291 1920 1333 accipiendum
1939 1293 2068 1326 tardius
2083 1293 2230 1327 eundum
2247 1295 2320 1341 est:
2338 1294 2442 1339 aeque

1400 1343 1487 1375 enim
1509 1343 1543 1376 id
1577 1343 1722 1384 studere,
1741 1346 1779 1376 ut
1800 1344 1957 1377 beneficio
1981 1344 2134 1378 afficiaris
2147 1371 2155 1385 ‚
2181 1345 2358 1380 honestum
2377 1352 2445 1387 est·‚

1398 1405 1495 1438 porro
1518 1395 1563 1427 illi
1586 1396 1644 1437 qui
1676 1397 1788 1429 amicis
1808 1396 1963 1438 prodesse
1991 1399 2025 1430 et
2054 1397 2189 1431 student
2214 1399 2248 1442 et
2271 1402 2447 1442 properant
2475 1389 2480 1394 ’
2503 1381 2505 1388 ¹

1399 1448 1539 1480 sortasse
1560 1457 1624 1479 non
1643 1451 1720 1480 sunt
1742 1448 1919 1490 rejiciendi,
1945 1458 2052 1492 neque
2073 1458 2188 1483 eorum
2205 1449 2447 1493 repudiandum

1398 1502 1449 1533 est
1470 1499 1677 1540 beneficium,
1705 1511 1745 1534 ne
1763 1511 1880 1544 parum
1901 1511 2011 1535 comes
2029 1505 2064 1535 et
2080 1502 2217 1536 humani
2233 1512 2310 1546 erga
2325 1504 2447 1538 amicos

1399 1561 1470 1586 esse
1494 1552 1678 1586 videamur.
1707 1555 1778 1587 Hoc
1795 1554 1881 1586 enim
1903 1554 2071 1587 interdum
2087 1564 2151 1588 usu
2169 1555 2269 1590 venit.
2435 1595 2438 1598 Α

1440 1612 1585 1653 Apparet
1605 1620 1681 1653 ergo
1706 1621 1747 1645 ex
1774 1613 2009 1654 superioribus,
2029 1613 2107 1647 vitae
2127 1613 2318 1649 societatem
2332 1615 2447 1649 amicis

1398 1679 1540 1714 maxime
1560 1681 1778 1723 expetendam
1797 1691 1879 1715 esse.
1901 1683 1944 1715 Et
1960 1683 2242 1725 quemadmodum
2257 1685 2451 1728 amantibus,

1399 1762 1434 1785 se
1452 1752 1593 1786 invicem
1626 1752 1739 1785 videre
1771 1752 1995 1794 gratissimum
2027 1755 2088 1792 est,
2122 1754 2320 1798 maluntque
2345 1755 2446 1802 hujus

1398 1833 1514 1857 sensus
1550 1835 1652 1867 quam
1680 1827 1876 1858 caeterorum
1916 1835 2072 1859 sensuum
2108 1827 2266 1861 beneficio
2291 1827 2378 1862 inter
2410 1838 2445 1862 se

1398 1896 1597 1936 conversari,
1617 1896 1695 1939 quia
1716 1906 1757 1930 ex
1782 1897 1846 1930 hoc
1875 1897 2084 1940 potissimum
2110 1901 2145 1932 et
2171 1901 2327 1932 nascatur
2351 1899 2446 1932 initIo
2468 1919 2469 1922 =

1398 1975 1490 1998 amor
1512 1968 1545 1999 et
1567 1967 1736 2006 consistat,
1766 1967 1813 2000 sic
1842 1969 1875 2000 et
1895 1967 2008 2000 amicis
2035 1968 2114 2001 vitae
2142 1969 2282 2003 societas
2309 1969 2445 2014 reliquis

1397 2038 1550 2071 omnibus
1568 2038 1724 2072 amicitiae
1740 2039 1948 2072 documentis
1972 2039 2146 2082 optabilior
2161 2043 2223 2075 est.

1438 2144 1633 2180 Communio
1655 2146 1742 2179 enim
1763 2146 1919 2189 quaedam
1947 2147 2025 2180 vitae
2055 2146 2195 2180 societas
2218 2149 2281 2187 est,
2308 2148 2342 2180 et
2367 2146 2444 2188 qui-

1396 2207 1473 2240 dem
1491 2207 1758 2240 communionum
1776 2207 1923 2240 omnium
1943 2206 2179 2250 perfectissima
2206 2220 2214 2240 =
2236 2207 2270 2240 in
2292 2217 2441 2242 commu-

1395 2269 1491 2303 nione
1506 2271 1616 2302 autem
1633 2269 1784 2302 consistit
1801 2269 1946 2302 amicitia
1964 2282 1972 2302 :
1996 2279 2073 2302 nam
2089 2269 2276 2327 cognmunio
2293 2272 2343 2303 est
2363 2271 2442 2303 ami-

1396 2330 1473 2362 citia
1490 2329 1694 2371 :praesertim
1711 2339 1817 2372 quum
1835 2329 1886 2362 sui
1903 2337 2029 2368 sensus,
2048 2329 2214 2370 quatenus
2231 2338 2266 2361 se
2278 2338 2350 2362 esse
2367 2338 2439 2362 sen-

1396 2385 1436 2417 tit
1456 2385 1587 2427 aliquis,
1615 2384 1759 2417 maxime
1787 2384 1991 2426 expetendus
2021 2383 2074 2422 sit,
2097 2383 2379 2426 quemadmodum
2408 2384 2443 2416 in
2491 2405 2499 2408 -

1396 2441 1622 2484 superioribus
1652 2442 1827 2481 diximus3
1853 2441 1886 2473 in
1910 2441 2054 2474 amicum
2081 2442 2194 2474 autem
2223 2441 2271 2474 ita
2300 2442 2442 2484 quISque

1396 2500 1560 2532 animatus
1578 2502 1640 2539 cst,
1661 2502 1700 2532 ut
1720 2499 1753 2531 in
1772 2508 1807 2531 se
1835 2499 1944 2540 ipsum
1966 2513 1975 2533 ε
2004 2498 2117 2541 itaque
2134 2500 2167 2531 et
2187 2498 2285 2531 amici
2313 2509 2439 2538 seusus,

1397 2561 1562 2601 quatenus
1581 2568 1658 2591 eum
1678 2568 1748 2591 esse
1768 2557 1879 2596 sentit,
1897 2557 2045 2590 omnium
2066 2557 2210 2590 maxime
2239 2558 2443 2600 expetendus

1396 2619 1506 2651 fuerit.
1524 2621 1571 2651 Re
1590 2618 1661 2660 ipsa
1679 2620 1791 2651 autem
1808 2617 1951 2650 amicum
1977 2616 2086 2655 sentit,
2105 2617 2166 2659 qui
2185 2626 2250 2650 uua
2277 2620 2339 2657 est,
2364 2628 2442 2652 cum

1395 2688 1500 2720 eoque
1518 2678 1604 2710 vivit
1622 2679 1656 2711 et
1676 2680 1829 2710 versatur
1848 2688 1855 2709 :
1872 2677 1984 2719 itaque
2000 2676 2118 2709 merito
2134 2676 2233 2711 amici
2250 2686 2316 2710 uua
2327 2677 2441 2711 vivere

1395 2728 1542 2774 cupiunt.
1566 2731 1710 2772 Ideoque
1736 2731 1877 2773 quilibet
1901 2730 1936 2763 id
1956 2730 2047 2772 quod
2062 2730 2242 2763 humanam
2257 2739 2328 2763 esse
2348 2731 2439 2764 arbi-

1394 2790 1503 2821 tratur
1519 2787 1760 2827 effimcitatem,
1779 2789 1811 2820 et
1830 2787 1925 2830 cujus
1941 2786 1991 2819 rei
2010 2795 2109 2819 causa
2131 2787 2235 2819 vitam
2252 2787 2389 2829 appetit,
2407 2789 2441 2819 et

1394 2842 1484 2884 quod
1506 2842 1611 2884 ipsam
1628 2851 1698 2874 esse
1714 2842 1883 2874 existimat
1900 2842 2077 2873 humanam
2099 2841 2216 2880 vitam,
2232 2841 2267 2874 in
2290 2841 2354 2873 hoc
2368 2841 2440 2882 ipso

1394 2897 1506 2929 vivere
1535 2897 1607 2929 vult
1626 2906 1703 2928 cum
1729 2897 1844 2929 amicis
1866 2898 1899 2929 et
1923 2897 2060 2930 versari.
2083 2898 2201 2939 ltaque
2230 2896 2287 2930 alii
2312 2899 2436 2938 potare,

1395 2952 1451 2984 alii
1472 2952 1542 2984 alea
1558 2951 1683 2990 ludere,
1708 2951 1763 2983 alii
1785 2952 1908 2990 venari,
1932 2952 1990 2984 alii
2010 2953 2157 2985 exerceri
2175 2961 2252 2984 cum
2270 2952 2386 2985 amicis
2402 2961 2438 2985 se

1394 3006 1513 3039 debere
1532 3006 1734 3044 existimant,
1760 3007 1850 3048 quod
1884 3007 1957 3039 haec
1988 3007 2146 3049 praeclara
2176 3006 2257 3048 ipsis
2280 3006 2448 3039 videntur>

1394 3071 1477 3100 esse,
1497 3064 1531 3094 et
1547 3063 1666 3094 horum
1684 3062 1789 3095 socios
1809 3063 1931 3095 amicos
1947 3063 2068 3095 habere
2089 3062 2206 3095 volunt
2223 3075 2231 3094 :
2249 3062 2306 3095 alii
2323 3072 2439 3096 rursus

1394 3127 1459 3150 una
1490 3117 1774 3159 philosophantur,
1803 3117 1859 3149 alii
1882 3117 2021 3150 aliarum
2053 3117 2220 3150 actionum
2241 3118 2275 3150 et
2303 3117 2437 3150 vivendi

1393 3182 1548 3214 generum
1579 3173 1746 3204 consortes
1781 3171 1904 3204 amicos
1928 3172 2105 3212 asciscunt,
2137 3170 2279 3213 denique
2312 3171 2347 3204 in
2374 3171 2437 3204 hoc

1393 3227 1535 3269 quisque
1554 3226 1665 3259 studio
1682 3228 1770 3258 totos
1786 3226 1857 3258 dies
1871 3235 1947 3258 cum
1963 3225 2077 3258 amicis
2096 3235 2287 3259 consumere
2306 3225 2432 3267 volunt,

1392 3282 1483 3325 quod
1509 3282 1654 3316 maxime
1680 3281 1829 3315 omnium
1850 3281 1928 3314 vitae
1963 3281 2150 3314 studiorum
2179 3281 2434 3324 amplectuntur.

294 3360 2429 3376 Ἣ

334 3422 350 3440 *
369 3421 462 3457 Ἰέναι
479 3424 512 3459 δὲ
533 3424 690 3458 ἀνάπαλιν
707 3426 785 3464 ἴσως
801 3427 868 3459 κτλ.
887 3444 929 3450 -
946 3426 980 3445 **
998 3427 1075 3468 Cap.
1104 3430 1154 3460 12.
1171 3429 1238 3471 Ἆρ’
1260 3429 1315 3462 οὖν
1337 3431 1449 3473 ὥσπερ
1471 3417 1539 3468 τοῖς
1553 3431 1653 3473 ἐρῶσι
1670 3432 1737 3464 κτλ.
1754 3429 1807 3449 *¹²*
1823 3430 1983 3464 Κοινωνία
1998 3430 2059 3474 γὰρ
2078 3434 2098 3471 ἡ
2116 3431 2202 3474 φιλία
2218 3432 2286 3467 κτλ.
2327 3421 2330 3423 ’

2486 416 2497 509 *hm—au·
