2508 3776
49 59 78 132 ,ν
86 91 87 95 ’
95 78 98 122 J
110 79 127 123 μ’

90 294 178 348 οὖν
184 299 306 345 ἱκανὸς
323 294 366 349 ἦν
382 302 401 339 ὃ
417 299 498 354 περὶ
520 315 581 347 της
595 301 723 353 ἀρετῆς
742 299 843 352 λόγος
863 306 984 340 πεῖσαι
1003 299 1163 353 γενέσθαι

76 358 300 418 mmm-55,
319 359 472 414 πολλους
498 357 539 398 ἂν
558 358 702 411 μισθους
719 360 780 399 καὶ
801 361 974 412 μεγάλους
994 360 1136 405 δικαίως
1148 390 1158 410 ,

74 418 206 466 Μτὰ
217 418 277 461 τὸν
296 418 495 472 Θέογνιν,’
480 420 680 475 εφερόμην,
704 420 765 459 και
783 422 927 460 πολλῶν
948 420 1018 460 ἔδει
1039 435 1162 460 τουτον

24 526 30 529 ¹,
54 487 56 489 ’
75 481 290 532 ὧνιῗσθαι,
313 481 375 520 καὶ
389 480 504 530 ζητεῖν
529 482 570 519 ἐκ
583 480 715 526 παντὸς
731 481 864 534 τρόπου
881 479 1017 520 λαὸεῖν.

33 525 96 567 ‘³7-
161 538 271 583 ⁸*va
285 539 322 580 δὲ
331 539 412 585 τους
427 539 491 592 μὲν
507 539 656 592 ἀγαθους
671 540 732 579 καὶ
747 539 961 591 ἐλευθερίους
974 541 1044 579 τῶν
1065 539 1164 587 νέων,

48 595 173 651 ,Ιῗξῖκαὶ
196 594 248 646 οἷς
278 599 412 653 εὐγενὲς
434 599 496 639 καὶ
514 598 703 653 φιλόκαλον
727 593 832 648 ηθος,
854 599 1038 653 φαίνονται
1058 598 1162 637 δυνά-

58 674 211 714 wo:
227 659 382 710 πείθειν,
405 658 466 698 καὶ
494 658 579 712 πρὸς
600 658 665 706 τὴν
688 657 818 711 ἀρετήν
834 689 845 710 ,
865 658 926 697 καὶ
948 657 1012 705 τὴν
1034 657 1164 706 ταύτης

52 714 259 771 χ’·πρΙξιν,
278 719 340 759 καὶ
355 718 420 768 τὴν
439 718 510 764 ἕξιν
530 718 754 772 παρακαλεῖν
774 732 784 742 ·

58 825 73 831 ¹¹
105 782 112 799 ³
161 778 203 803 ”
218 778 313 826 Τοὺς
330 778 480 823 πολλοὺς
491 777 527 818 δὲ
539 777 670 818 οὗκέτι·
687 781 703 801 ⁸
717 776 864 816 δύναται
878 775 947 828 γὰρ
965 776 1075 820 οὐδεὶς
1094 778 1164 814 τῶν

39 850 46 854 “
59 830 73 854 ⁴³
109 839 274 881 τοιούτων
290 838 388 894 λόγῳ
408 837 478 878 τινὶ
498 837 559 876 καὶ
577 837 692 877 πειθοῖ
717 835 782 884 τὴν
803 835 1066 886 καλοκαγαθίαν
1085 835 1164 874 ἑλέ-

48 919 77 949 j
109 904 218 950 σθαι,
246 899 309 940 καὶ
327 898 393 947 τὴν
412 897 541 938 κακίαν
571 900 694 951 φυγεῖν
711 913 720 922 ·
738 898 776 936 οὐ
797 895 866 950 γὰρ
897 895 1004 940 αἰδὼς
1039 894 1165 939 αὐτοὺς

109 958 189 1013 ἄγει
207 957 318 999 δεινὸν
337 957 554 1011 ἡγουμένους
585 956 670 996 αὐτὸ
697 957 738 995 τὸ
771 955 866 1001 δόξαι
889 955 1039 1006 κακούς,
1073 953 1165 992 ἀλλὰ

40 1015 235 1077 22,‘*“'}6665,
267 1017 347 1057 οὐδὲ
367 1015 562 1069 ἀπέχονται
605 1017 676 1054 τῶν
703 1013 872 1069 φαύλων,
910 1014 997 1054 διότι
1018 1016 1137 1068 φαῦλα
1153 1045 1163 1065 ,

105 1076 172 1121 “asni
202 1075 258 1117 ὅτι
289 1075 331 1117 τὸ
361 1091 475 1116 ταυτα
491 1073 670 1148 ’πράττειν
703 1074 873 1128 αἰσχρόν,
901 1072 994 1113 ἀλλὰ
1024 1074 1082 1113 διὰ
1104 1074 1167 1118 τὰς

102 1132 303 1191 τιμωρίας·
334 1133 376 1174 τὸ
405 1133 441 1174 δὲ
466 1132 607 1181 αἴτιον,
641 1132 695 1173 ὅτι
727 1133 822 1186 λόγω
857 1131 919 1184 μὲν
959 1132 998 1171 οὗ
1038 1133 1142 1177 ζῶσιν
1156 1163 1166 1181 ,

106 1196 188 1235 ὅθεν
209 1193 384 1235 αἰδεῖσθαι
419 1191 612 1244 συμὸαίνει
630 1221 642 1242 ,
670 1191 799 1232 πάθεσι
831 1191 868 1231 δὲ
900 1192 1168 1237 ἄκολουθουντες

56 1255 67 1261 ”
107 1247 367 1306 τᾶζέπομένας
394 1258 466 1297 τοῖς
493 1253 623 1293 πάθεσι
643 1251 829 1292 διώκουσιν
857 1251 1007 1300 ἡδονάς,
1027 1251 1088 1291 καὶ
1110 1251 1167 1291 διὰ

39 1313 213 1370 ”;;,’του“το
236 1311 300 1359 τὰς
334 1312 578 1364 ἀντικειμένας
612 1313 780 1367 φεύγουσι
802 1311 918 1357 λύπας
932 1327 940 1336 ·
959 1314 1000 1350 τὸ
1022 1311 1058 1350 δὲ
1080 1311 1168 1365 φεύ-

48 1369 87 1430 3³2
104 1384 187 1430 quw
203 1370 268 1418 τὰς
285 1371 428 1422 λύπας,
461 1371 566 1412 τοῦτό
592 1373 668 1412 ἐστι
703 1372 743 1411 τὸ
764 1371 947 1427 φοὸεῒσθαι
972 1385 981 1394 ·
1012 1369 1092 1416 τοὺς
1125 1371 1167 1419 δὴ

101 1431 223 1479 κοὕτως
242 1431 407 1486 ἔχοντας,
420 1431 483 1472 καὶ
503 1434 555 1486 τῷ
578 1432 629 1484 μὴ
650 1431 845 1485 γεύσασθαι
871 1435 940 1471 τῶν
960 1432 1007 1476 ὥς
1028 1433 1168 1480 ἀληθῶς

95 1491 232 1539 ’,καλῶν
250 1491 313 1533 καὶ
327 1491 550 1541 σπουδαίων,
571 1491 661 1542 μηδὲ
679 1493 727 1536 εἷς
748 1491 883 1531 ἔννοιαν
904 1490 1036 1531 τούτων
1057 1491 1165 1538 δυνη-

66 1556 78 1568 ·’
104 1551 236 1599 ,θέντας
255 1553 391 1601 ἐλθεῖν,
406 1550 459 1596 τίς
475 1549 519 1591 ἂν
533 1551 636 1604 λόγος
656 1550 939 1605 μεταῤῥυθμίσαι
954 1566 964 1598 ;
982 1551 998 1574 '²
1018 1550 1079 1589 καὶ
1099 1550 1168 1603 γὰρ

113 1611 312 1665 ἆδῦαατον,
338 1609 363 1660 ἢ
393 1611 434 1652 οὓ
453 1609 590 1666 ῥάδιον,
624 1610 668 1651 τὰ
697 1611 813 1664 χρόνῳ
841 1612 963 1650 πολλῶ
983 1612 1056 1655 τοῖς
1081 1610 1166 1658 ἤθε-

40 1671 66 1726 ¹⁴
98 1684 168 1719 ,m
188 1669 397 1724 ‘maritove
409 1669 472 1711 καὶ
491 1668 732 1722 βεὸαιωθέντα
747 1699 759 1720 ,
781 1668 877 1723 λόγῳ
893 1683 1037 1716 κινησαι
1055 1667 1164 1721 μόνῳ,

67 1734 70 1738 ’
102 1730 179 1774 Διΐ
201 1729 273 1786 γὰρ
289 1730 352 1771 καὶ
383 1730 538 1784 ἐτέρων,
566 1723 615 1770 ὧν
642 1729 830 1782 παρόντων
861 1728 1047 1781 ἀγαπητὸν
1068 1727 1168 1772 εἴτις

47 1790 81 1818 7·-
104 1792 243 1845 ἄρτι-ης
261 1789 335 1831 καὶ
349 1791 517 1844 χρηστῶν
538 1791 633 1838 ἠθῶν
668 1789 880 1841 μεταλάὸοι.
915 1787 1023 1829 Ἐπεὶ
1053 1788 1168 1827 τοίνυν

71 1870 78 1900 5
110 1852 179 1902 οὐκ
197 1849 382 1904 αὐτάρκεις
398 1851 431 1890 οἱ
448 1851 547 1902 λόγοι
562 1849 648 1902 πρὸς
668 1848 709 1888 τὸ
729 1848 984 1903 προκείμενον,
1003 1847 1169 1896 ζητητέον

95 1946 98 1947 ⁷
107 1896 195 1957 τίνα
212 1909 333 1963 ἔστίν,
360 1903 410 1950 ὧν
431 1907 748 1963 προῦποκειμένων
776 1907 838 1947 καὶ
859 1910 877 1947 ὁ
895 1907 998 1960 λόγος
1018 1906 1059 1946 τὸ
1082 1908 1172 1960 ἀγα-

31 2004 37 2012 ,
112 1970 172 2015 ὃν
197 1966 344 2011 δυναται
362 1969 508 2011 πείθειν.

40 2035 87 2085 ,¹,s
104 2082 105 2085 ¹
123 2061 145 2073 -s
159 2029 182 2087 -(
198 2029 352 2084 Scripsi
379 2044 389 2068 τ
412 2035 430 2054 ⁸
450 2028 590 2082 οὐκέτι]
616 2029 704 2068 cod.
723 2030 785 2068 οὐκ
805 2027 873 2069 ἔτι.
891 2051 946 2057 -
964 2026 982 2052 ὓ
1001 2028 1172 2082 μεταρῤυ·

107 2088 265 2143 ῥεῦσαι]
285 2089 376 2132 cod.
392 2087 664 2143 μεταρυθμίσαι.
688 2112 743 2118 -
757 2092 774 2112 ⁰
790 2090 932 2136 κινῆσαι
947 2087 963 2140 ]
979 2100 1028 2126 ex
1054 2087 1174 2126 Hein-

44 2174 69 2205 ¹·
107 2150 166 2193 di
185 2149 435 2203 conjectura3
454 2149 544 2189 cod.
571 2151 750 2197 κοινῆσαι.
770 2147 850 2201 -)

47 2211 52 2225 ⁷
115 2212 169 2245 ,ἢν
295 2236 297 2238 .

46 2275 88 2315 ’.γ
106 2276 178 2294 12⁴0.
200 2302 205 2304 b
548 2264 644 2317 Κεφ
678 2261 739 2316 ,β’

46 2383 86 2423 ,“
110 2376 194 2422 ss&
221 2381 291 2416 ἔστι
311 2381 412 2416 ’καλὸν
436 2381 491 2414 καὶ
513 2380 636 2422 ἀγαθόν
658 2391 731 2413 τινα
759 2379 904 2421 γενεσθαι
927 2389 934 2396 ·
969 2381 1022 2412 καὶ
1051 2380 1100 2412 ὄτι
1128 2380 1176 2413 δεῖ

54 2433 77 2450 ‘⁷
436 2429 514 2472 πρὸς
535 2432 630 2462 τοῦτο
646 2431 704 2461 τοῦ
717 2428 830 2470 νόμου.

59 2551 73 2567 x
106 2544 125 2565 z
146 2528 234 2561 2³³⁸*
249 2526 311 2571 Τὰ
328 2527 444 2568 τοίνυν
462 2528 560 2568 αἴτια
574 2532 637 2577 τῆς
652 2529 778 2582 ἀρετης
793 2528 863 2572 τοῖς
878 2526 1072 2580 ἀνθρώποις
1095 2526 1175 2581 τρία

66 2619 70 2633 -;
90 2559 209 2631 ’1861
225 2589 347 2629 δοκεῖ·
363 2587 484 2643 φύσις,
511 2588 572 2628 καὶ
602 2587 834 2636 διδασκαλία,
855 2587 916 2627 καὶ
938 2588 1025 2631 ἔθος.
1047 2586 1173 2638 Ἥμὲν

62 2638 98 2696 ἶ
109 2635 310 2704 ὗνφύσις,
322 2646 378 2688 ὅτι
391 2649 447 2703 ἐφ’
460 2648 548 2699 ἡμῖν
557 2650 621 2687 οὐκ
638 2648 726 2697 ἔστι,
741 2647 907 2702 φανερόν·
922 2646 964 2686 τὸ
980 2646 1049 2723 γὰρ
1068 2662 1176 2699 πεφυ-

51 2743 54 2746 .
77 2705 222 2749 “afflat
241 2722 330 2763 προς
347 2706 474 2762 ἀρετὴν
491 2707 550 2748 διά
574 2723 664 2753 τινος
695 2707 829 2759 γίνεται
851 2706 944 2752 θείας
970 2706 1085 2751 αἰτίας
1105 2709 1175 2750 τοῖς

70 2768 111 2827 ΞΓ
107 2767 318 2817 ὂςᾰληθως
336 2767 544 2822 εὗτυχέσιν·
562 2770 585 2815 ἡ
604 2767 639 2807 δὲ
661 2766 873 2806 διδασκαλία
895 2766 956 2811 καὶ
969 2768 988 2806 ὁ
1006 2765 1087 2821 περὶ
1106 2769 1176 2806 τῶν

54 2842 59 2846 ·
91 2818 255 2892 Σίμων
268 2826 394 2880 λόγος,
417 2827 522 2876 δῆλον
544 2829 584 2868 ἐκ
603 2828 673 2867 τῶν
694 2827 918 2881 εἰρημένων,
944 2828 991 2871 ὥς
1014 2827 1053 2865 οὐ
1083 2825 1175 2865 πάν-

73 2902 90 2915 ⁴·
119 2898 185 2949 τας
201 2885 350 2927 δύναται
365 2882 524 2936 πε,ίθειν
552 2887 632 2925 ἀλλ’
657 2886 794 2938 ἀνάγκη
825 2885 890 2935 τὴν
913 2888 975 2925 τοῦ
1004 2888 1177 2948 ἀκροατοῦ

119 2942 240 3004 φυὴν
260 2943 355 2987 ἔθεσί
394 2961 486 2986 τισιν
520 2948 664 2996 ἀγαθοῖς
696 2944 1038 3001 παρεσκευασμένην
1067 2949 1177 2996 εἶναι,

69 3004 89 3043 ‘i
81 2945 266 3080 ηξιτο
282 3005 422 3062 χαίρειν
451 2999 502 3051 οἷς
520 3006 593 3056 δεῖ,
611 3007 672 3046 καὶ
698 3007 813 3058 μισεῖν
835 3005 857 3044 ἃ
874 3005 949 3046 δέον
972 3005 1095 3045 ἐστίν·
1113 3004 1175 3044 ου-

86 3056 182 3125 τοι·
188 3063 264 3122 γὰρ
275 3065 319 3106 ἂν
331 3067 458 3111 καλῶς
477 3037 688 3113 ὑποδέξαιτο
706 3066 771 3115 τὴν
790 3066 1042 3116 διδασκαλίαν,
1061 3065 1176 3105 καθά-

61 3139 85 3178 ζ,
106 3126 192 3180 Ι-11ρ
208 3127 233 3176 ἡ
234 3124 452 3199 ..vivariam
473 3126 600 3181 θρέψαι
620 3127 797 3179 δυναμένη
827 3130 886 3179 γῆ·
904 3125 1014 3179 χωρὶς
1035 3124 1072 3164 δὲ
1092 3124 1175 3165 τού-

58 3189 86 3217 2
99 3200 185 3227 του
203 3186 280 3232 πῦς
295 3184 339 3226 ἂν
359 3186 522 3228 ἀκούσειε
542 3187 648 3240 λόγου
674 3189 745 3226 τῶν
773 3187 904 3234 ἡδονῶν
935 3185 1174 3240 ἀφιστάντος·
1165 3215 1175 3233 ,

55 3243 94 3300 ζ.
122 3243 199 3290 πῖς
213 3244 248 3285 δ’
265 3243 310 3285 ἂν
337 3244 428 3292 ὅλως
443 3245 505 3286 καὶ
536 3245 700 3295 δυνηθείη
726 3250 880 3285 συνεῖναι
903 3246 971 3291 ζῶν
989 3244 1082 3284 κατὰ
1101 3243 1179 3282 πά-

117 3305 201 3356 083
227 3303 288 3345 τὸν
317 3304 354 3345 δὲ
383 3306 496 3351 οὕτως
527 3306 655 3360 ἔχοντα
676 3307 752 3350 πῶς
777 3300 847 3345 οἶόν
871 3320 909 3344 τε
932 3307 1174 3356 μεταπεῖσαι;

586 153 894 194 ETHlCORUM
923 151 1384 194 NlcOMAGHEORUM
1412 152 1794 193 PARAPHRASIS.

58 231 86 258 7·
90 241 233 298 μον
257 239 303 290 δὴ
331 239 464 289 ταύτην
501 239 565 288 τὴν
600 241 743 292 μέθοδον
780 242 983 281 ἀποδουναι.
1014 242 1058 281 Εἰ
1094 240 1159 291 μὲν
1226 245 1350 279 tionem
1375 245 1590 288 explicemus:
1623 246 1658 279 Si
1688 245 1776 278 enim
1795 253 1903 278 sermo
1926 244 1968 277 de
1990 244 2116 278 virtute
2141 243 2276 277 habitus

2191 153 2273 192 563

1224 316 1284 349 per
1301 315 1337 340 se
1357 307 1439 340 satis
1456 307 1583 340 valeret
1599 306 1642 340 ad
1655 306 1861 340 inducendos
1880 306 2040 346 homines,
2061 308 2100 340 ut
2119 306 2194 339 boni
2215 305 2274 338 fie-

1224 367 1308 409 rent,
1327 366 1403 408 jure
1418 375 1572 407 magnam
1588 368 1622 399 et
1647 366 1791 408 amplam
1815 365 2014 406 mercedem,
2034 367 2073 398 ut
2100 365 2148 398 ait
2167 365 2274 398 Theo-

1223 425 1308 467 gnis,
1334 425 1531 468 acbiperem,
1545 434 1731 468 magnoque
1748 424 1908 458 emendus
1925 427 2012 458 esset
2033 425 2088 458 hic
2106 434 2225 464 sermo,
2243 427 2277 458 et

1225 484 1315 517 omni
1333 484 1433 517 modo
1453 485 1697 527 comparandus
1724 498 1733 518 z

1267 545 1362 576 Nunc
1394 553 1472 576 vero
1493 544 1596 577 bonos
1623 543 1758 586 quidem
1788 546 1822 577 et
1847 544 2004 586 ingenuos
2033 543 2276 583 adolescentes,

1224 603 1350 645 quibus
1364 613 1521 645 generosa
1540 606 1574 637 et
1590 604 1719 637 honesti
1738 604 1887 638 studiosa
1904 604 2030 637 indoles
2045 606 2107 646 est,
2122 604 2279 637 videntur

1226 671 1396 696 sermones
1418 663 1461 696 ad
1475 664 1636 697 virtutem
1653 663 1818 696 adducere
1837 666 1871 697 et
1888 664 1931 697 ad
1950 664 2052 706 huJus
2066 663 2277 696 exercitatio-

1226 731 1302 755 nem
1318 725 1353 755 et
1376 723 1530 756 habitum
1550 724 1719 757 adhortari
1736 733 1831 766 posse
1850 737 1857 756 ι

1268 782 1397 823 Vulgus
1413 793 1492 816 vero
1514 794 1578 817 non
1599 785 1701 817 item:
1733 793 1839 826 neque
1865 784 1951 816 enim
1965 783 2144 826 quisquam
2165 791 2281 816 eorum

1226 842 1353 874 ratione
1383 843 1451 875 ulla
1472 845 1530 876 aut
1551 843 1762 886 persuasione
1781 843 1823 875 ad
1844 843 2050 876 honestatem
2078 842 2280 885 amplecten-

1226 900 1316 942 dam,
1343 903 1378 934 et
1405 902 1448 934 ad
1482 903 1602 935 vitium
1622 902 1817 945 fugiendum
1841 903 1970 935 incitari
1998 904 2107 945 potest
2139 914 2147 934 z
2175 911 2282 944 neque

1227 960 1314 992 enim
1331 961 1439 1003 pudor
1463 971 1520 994 eos
1538 962 1686 1001 adducit,
1706 965 1744 995 ut
1764 963 1826 994 hoc
1860 962 1969 1004 ipsum
1989 962 2135 995 dedecus
2163 961 2281 994 existi—

1229 1022 1330 1058 ment,
1350 1021 1442 1062 quod
1460 1021 1602 1063 improbi
1618 1022 1814 1057 habeantur.
1835 1021 1893 1054 sed
1911 1023 2031 1062 metus,
2055 1030 2162 1063 neque
2178 1020 2284 1053 absti-

1227 1083 1307 1114 nent
1325 1081 1507 1121 maleficiis,
1537 1083 1617 1125 quia
1647 1083 1735 1115 mala
1758 1085 1846 1120 sunt,
1873 1084 1907 1114 et
1932 1082 2011 1124 quia
2036 1082 2198 1115 maleficia
2222 1081 2281 1114 ad-

1227 1141 1361 1175 mittere
1378 1143 1475 1184 turpe
1502 1144 1564 1182 est,
1589 1143 1647 1176 sed
1669 1145 1803 1185 propter
1825 1151 1937 1185 poenas
1961 1155 1969 1175 z
1996 1143 2092 1184 cujus
2117 1143 2164 1174 rei
2186 1151 2285 1175 causa

1228 1205 1290 1242 est,
1314 1203 1405 1245 quod
1423 1204 1550 1236 ratione
1572 1213 1638 1236 non
1660 1204 1790 1243 vivunt,
1811 1213 1852 1236 ex
1868 1213 1935 1246 qua
1962 1203 2068 1246 pudor
2090 1204 2209 1243 oritur,
2228 1203 2284 1236 scd

1229 1261 1370 1296 affectus
1390 1265 1577 1305 sequuntur
1600 1265 1633 1297 et
1661 1263 1851 1305 voluptates
1879 1262 2056 1296 affectibus
2070 1264 2286 1303 congruentes

1229 1323 1472 1360 consectantur,
1497 1322 1638 1365 ideoque
1669 1322 1799 1355 dolores
1827 1321 1894 1354 illis
1919 1322 2100 1354 contrarios
2124 1321 2253 1363 fugiunt
2275 1333 2283 1353 ι

1230 1380 1342 1422 fugere
1358 1383 1472 1414 autem
1492 1381 1634 1420 dolores,
1661 1382 1724 1414 hoc
1746 1381 1830 1414 illud
1854 1383 1917 1420 est,
1938 1391 2007 1423 quo
2019 1381 2257 1423 perturbantur
2276 1393 2283 1412 :

1229 1450 1285 1473 eos
1303 1449 1384 1473 vero
1410 1440 1469 1483 qui
1488 1439 1537 1472 ita
1561 1449 1596 1473 se
1613 1440 1749 1479 habent,
1771 1442 1805 1473 et
1831 1448 1936 1482 quum
1955 1448 2127 1482 nunquam
2147 1448 2185 1471 ea
2210 1447 2286 1481 quae

1230 1512 1308 1535 vere
1326 1502 1411 1535 bona
1438 1504 1473 1535 et
1493 1503 1631 1536 honesta
1653 1504 1732 1535 sunt
1749 1502 1969 1543 gustaverint,
1991 1511 2030 1535 ac
2047 1511 2088 1534 nc
2116 1501 2158 1534 ad
2179 1501 2287 1534 consi-

1230 1561 1436 1595 derationem
1469 1562 1606 1604 quidem
1644 1572 1759 1595 eorum
1793 1564 1827 1595 et
1857 1562 2089 1604 cogitationem
2115 1561 2287 1604 pervenire

1230 1622 1369 1664 possint,
1391 1630 1474 1664 «quae
1493 1621 1628 1655 tandem
1657 1622 1819 1664 corrigere
1848 1622 1952 1664 possit
1978 1621 2086 1654 ratio?
2107 1631 2171 1654 non
2199 1612 2291 1654 enim*

1230 1680 1301 1713 fieri
1325 1683 1446 1723 potest,
1468 1683 1527 1714 aut
1543 1683 1633 1714 certe
1652 1681 1722 1722 vix,
1742 1683 1780 1714 ut
1801 1690 1877 1723 quae
1895 1681 1963 1723 jam
1980 1681 2110 1723 pridem
2138 1674 2288 1713 moribus

1231 1740 1332 1773 infixa
1347 1741 1517 1774 haeserunt
1535 1743 1569 1773 et
1594 1740 1692 1783 quasi
1721 1741 1914 1773 confirmata
1932 1743 2020 1779 sunt,
2048 1740 2118 1773 sola
2138 1740 2288 1773 oratione

1230 1802 1414 1834 mutentur.
1440 1799 1669 1843 Requiruntur
1684 1800 1772 1833 enim
1795 1802 1829 1833 et
1851 1801 1926 1839 alia,
1951 1809 2028 1842 quae
2051 1800 2078 1832 si
2107 1799 2286 1839 adfuerint,

1232 1862 1305 1893 tum
1334 1860 1471 1893 demum
1494 1859 1578 1892 bene
1597 1859 1699 1892 etiam
1718 1860 1892 1892 nobiscum
1919 1861 2048 1901 agatur,
2076 1859 2104 1892 si
2127 1859 2289 1892 virtutem

1231 1928 1407 1962 moresque
1438 1919 1542 1952 bonos
1566 1918 1704 1960 adipisci
1739 1918 1915 1961 possimus.
1955 1919 2039 1952 Cum
2077 1927 2154 1960 ergo
2184 1918 2226 1951 ad
2254 1917 2289 1950 id

1232 1979 1324 2022 quod
1341 1979 1547 2022 propositum
1564 1980 1615 2012 est
1633 1978 1701 2011 sola
1716 1987 1775 2021 per
1797 1987 1833 2011 se
1853 1988 1918 2011 non
1939 1977 2081 2010 sufficiat
2103 1977 2287 2020 disciplina,

1232 2038 1408 2080 quaeritur,
1427 2047 1581 2080 quaenam
1602 2037 1668 2070 sint
1686 2037 1753 2076 illa,
1778 2046 1855 2079 (111ae
1883 2037 2018 2070 subesse
2034 2036 2128 2079 prius
2146 2038 2287 2079 oportet,

1234 2099 1272 2130 ut
1288 2098 1411 2130 bonum
1429 2097 1538 2139 ipsum
1555 2096 1755 2140 persuadere
1777 2096 1872 2129 nobis
1888 2098 1989 2139 queat
2007 2096 2101 2129 ratio.

1674 2282 1753 2325 Gap.
1782 2267 1852 2315 ΧΠ.

1258 2386 1423 2423 Quomodo
1443 2387 1595 2415 honestus
1610 2390 1641 2414 et
1656 2386 1758 2414 bonus
1772 2387 1899 2414 evadere
1918 2385 2014 2422 possit
2034 2385 2145 2421 aliquis
2160 2395 2168 2414 ε
2182 2386 2273 2421 idque

1560 2438 1595 2462 ut
1617 2433 1680 2467 fiat,
1708 2434 1774 2469 lege
1795 2441 1871 2470 opus
1892 2441 1969 2462 esse.

1279 2543 1396 2577 Gausae
1424 2541 1528 2584 igitur
1549 2540 1685 2573 virtutis
1707 2540 1863 2573 humanae
1885 2542 1954 2574 tres
1972 2540 2126 2573 omnibus
2142 2549 2213 2573 esse
2238 2539 2291 2572 vi-

1235 2598 1383 2632 dentur:
1410 2599 1542 2637 natura,
1564 2597 1750 2639 disciplina,
1778 2596 1999 2630 consuetudo.
2031 2598 2106 2629 Jam
2129 2605 2208 2629 vcro
2230 2605 2291 2628 na-

1236 2657 1347 2688 turam
1369 2654 1403 2687 in
1430 2656 1544 2686 nostra
1568 2655 1733 2695 potestate
1763 2663 1828 2685 non
1851 2662 1934 2692 esse,
1961 2652 2173 2685 manifestum
2200 2655 2250 2685 est
2280 2666 2288 2685 :

1236 2721 1314 2744 nam
1336 2710 1378 2743 ad
1403 2709 1565 2743 virtutem
1596 2709 1686 2742 nasci
1712 2708 1826 2742 divina
1851 2709 1997 2751 quadam
2029 2718 2127 2742 causa
2147 2708 2289 2741 homini-

1236 2766 1300 2799 bus
1334 2775 1451 2799 revera
1486 2764 1666 2797 fortunatis
1698 2763 1858 2806 contingit
1883 2775 1891 2796 :
1923 2763 2107 2796 doctrinam
2143 2773 2222 2796 vero
2258 2765 2292 2795 ct

1236 2821 1373 2854 virtutis
1390 2820 1600 2863 disciplinam
1627 2829 1692 2852 non
1714 2829 1810 2862 posse
1825 2829 1940 2852 omnes
1956 2822 1994 2852 ut
2023 2819 2158 2852 credant
2182 2819 2290 2852 addu-

1237 2886 1322 2916 cere,
1344 2877 1426 2910 satis
1442 2886 1484 2910 ex
1501 2875 1662 2918 superiori
1676 2874 1900 2917 disputatione
1917 2876 2065 2918 apparet,
2085 2874 2142 2907 sed
2159 2884 2291 2907 neccsse

1237 2934 1289 2965 est
1307 2932 1392 2965 bona
1413 2932 1508 2974 prius
1524 2930 1764 2964 consuetudine
1783 2932 2007 2972 praeparatum
2036 2940 2108 2963 esse
2130 2930 2292 2963 auditoris

1237 2989 1404 3030 animum,
1436 2991 1509 3021 tum
1537 2987 1581 3021 ad
1606 2986 1834 3029 amplectenda
1857 2996 1907 3027 ca,
1939 2986 2063 3029 quibus
2088 2985 2288 3028 gaudemus,

1238 3047 1311 3078 tum
1332 3045 1375 3078 ad
1398 3044 1576 3087 rejicienda
1598 3052 1676 3086 quae
1694 3043 1771 3076 odio
1788 3043 1888 3085 digna
1913 3046 1990 3076 sunt
2012 3056 2018 3075 :
2048 3043 2094 3075 sic
2115 3043 2200 3075 euim
2231 3051 2288 3083 op-

1237 3101 1379 3142 portune
1405 3098 1548 3141 excipiet
1575 3097 1774 3138 doctrinam,
1792 3099 1829 3130 ut
1845 3099 1933 3131 terra
1954 3107 2076 3135 semen,
2093 3096 2183 3138 quod
2205 3095 2292 3127 alere

1238 3154 1347 3194 potest
1365 3164 1372 3184 ε
1392 3152 1462 3184 sine
1486 3151 1550 3184 hoc
1567 3160 1647 3184 vero
1663 3150 1831 3192 quomodo
1849 3151 1996 3183 animum
2026 3149 2159 3181 indurat
2177 3147 2292 3180 audire

1239 3213 1423 3237 sermonem
1451 3213 1470 3236 a
1499 3202 1731 3246 voluptatibus
1768 3203 1986 3235 avocantem?
2015 3200 2181 3243 quomodo
2213 3209 2292 3231 vero

1238 3257 1296 3299 qui
1313 3254 1563 3299 perturbatione
1583 3255 1687 3288 vitam
1703 3254 1816 3297 dirigit
1833 3255 1965 3287 omnino
1986 3253 2084 3286 talem
2107 3262 2290 3286 sermonem

1240 3309 1427 3351 intelligat?
1456 3311 1490 3342 at
1509 3319 1586 3342 eum
1614 3309 1672 3351 qui
1703 3308 1749 3341 ita
1781 3308 1821 3340 sit
1845 3308 1997 3345 affectus,
2021 3315 2163 3349 quonam
2194 3306 2292 3339 modo
2353 3347 2356 3349 ¹

74 3435 79 3443 ·
98 3420 103 3427 ’
168 3422 189 3444 ⁴¹
202 3424 272 3458 Νῦν
296 3423 333 3457 δὲ
349 3423 519 3466 φαίνονται
532 3425 649 3457 κτλ.-
663 3424 704 3443 *⁴*
721 3424 804 3460 Τοὺς
818 3423 854 3457 δὲ
873 3423 1011 3461 πολλοὺς
1031 3423 1208 3456 ἀδυνατεῖν
1227 3423 1343 3455 κτλ.-
1359 3420 1416 3440 ***
1432 3422 1604 3462 Γίγνεσθαι
1619 3421 1646 3453 δ’
1666 3419 1804 3462 ἀγαθοὺς
1824 3420 1947 3452 οἴονται
1967 3421 1997 3452 οἱ
2015 3419 2072 3464 μὲν
2094 3419 2207 3461 φύσει,
2222 3420 2289 3451 κτλ.
