2528 3788
99 334 214 391 ,ἢ
235 340 450 382 refutantur
479 342 547 392 qui
574 342 798 380 Crantorem
827 349 981 379 censent
1011 341 1150 390 pedem
1188 353 1210 378 a

80 393 317 452 vBoione
333 413 531 450 nunquam
553 401 776 440 discessisse.
808 403 858 438 At
877 401 925 437 de
950 412 992 437 re
1012 401 1091 449 ipsa
1112 400 1210 437 infra

112 509 114 514 .
169 461 231 499 it
259 461 482 512 disputandi
514 462 634 500 locus.
660 461 773 498 Haud
792 461 872 497 scio
898 472 946 496 an
970 460 1089 496 futuri
1120 461 1211 506 sint,

31 561 34 562 ⁷
82 525 201 580 (ἰ
214 521 419 589 putent,
461 518 689 557 Crantorem
727 519 768 555 in
802 519 957 568 Epicuri
985 518 1210 555 sententiam
1238 535 1242 540 ·

78 571 80 573 ¹
122 586 232 609 ⁵
250 580 365 627 iisse,
385 579 594 630 praesertim
615 590 734 628 quum
750 577 900 615 eodem
927 577 1005 615 fere
1038 583 1212 627 tempore
1237 544 1242 619 1

99 634 166 649 ''''''
197 640 400 690 ·uptarius
430 638 682 705 philosophus
715 637 855 674 sitienti
894 636 1086 685 juventuti
1128 636 1212 685 phi-

106 698 346 760 &sophiae
384 697 507 735 fontes
537 697 728 746 aperuisse
763 695 950 734 videatur.
989 694 1064 733 Sed
1107 707 1211 743 quo-

142 727 266 803 {fliam
284 752 358 797 a'lia
376 757 598 807 voluptariae
620 755 827 804 disciplinae
846 755 1002 804 vestigia
1025 755 1065 791 in
1091 753 1211 791 Cran-

72 824 150 879 .ss
123 834 126 838 ·
188 837 194 851 ι
227 819 247 849 ἰ-
303 816 558 870 fragminibus
593 826 675 851 non
721 821 901 859 exstant,
934 813 1128 851 diversum
1163 812 1211 849 ab

116 862 318 936 {Quem-i
335 877 484 914 ratione
498 875 690 925 sapientiae
710 885 829 924 genus
850 874 963 910 nobis
982 873 1210 922 circumspi-

76 964 100 980 ι
134 974 138 975 ⁷
153 937 342 983 astudam
371 943 440 974 est.
471 934 653 974 Videatur
675 933 833 972 forsitan
857 927 1078 971 Alistoteles
1105 932 1211 982 (25),

80 988 91 999 ’
112 997 232 1048 ,qui
264 1003 355 1034 tunc
383 995 553 1033 scholam
584 1005 691 1031 suam
720 993 768 1031 ab
804 993 1010 1031 Academia
1040 992 1213 1029 nondum

99 1051 277 1108 ,plane
294 1055 552 1104 disjunxerat,
573 1053 623 1090 ad
641 1065 747 1090 suam
766 1053 989 1091 sententiam
1005 1051 1214 1090 traduxisse

150 1112 428 1157 crantorem:
450 1114 758 1152 mediocritatem
780 1120 882 1150 certe
903 1124 1019 1162 quam
1046 1112 1215 1149 celebrat

153 1175 404 1222 Aristoteles,
418 1175 580 1212 Crantor
594 1186 674 1213 non
691 1172 824 1220 rejecit
846 1171 944 1222 (26).
965 1171 1048 1209 Huc
1068 1170 1216 1208 accedit

65 1234 72 1242 ’
154 1235 358 1275 ,ciceronis
377 1234 601 1278 auctoritas,
622 1233 689 1281 qui
708 1244 806 1280 saepe
823 1231 871 1268 de
887 1230 1091 1267 indiscreta
1116 1229 1213 1267 doc-

165 1293 274 1332 trinae
293 1299 465 1330 veterum
485 1292 800 1330 Academicorum
815 1297 853 1327 et
868 1289 1214 1340 Peripateticorum

153 1350 411 1391 similitudine.
437 1348 626 1400 loquitur.
646 1350 798 1399 Quippe
828 1349 876 1386 de
907 1356 1006 1388 orat.
1035 1350 1107 1393 ΙΙῘ,
1133 1349 1179 1386 ι8
1204 1362 1212 1385 :

163 1411 263 1458 Nam
284 1411 533 1460 Speusippus,
554 1410 700 1459 inquit,
720 1409 887 1445 Platonis
902 1409 1043 1445 sororis
1061 1407 1160 1444 filius
1180 1415 1217 1444 et

153 1471 420 1514 xenocrates,
435 1469 503 1519 qui
519 1470 715 1506 Platonem
735 1468 928 1518 audierat,
945 1475 982 1504 et
998 1469 1064 1518 qui
1083 1469 1214 1505 Xeno-

164 1537 329 1574 etatem,
351 1529 508 1566 Polemo
537 1535 574 1565 et
592 1528 770 1574 Crantor,
803 1527 897 1563 nihil
917 1527 966 1564 ab
996 1527 1215 1572 Aristotele,

155 1588 232 1640 ‚qui
248 1599 324 1625 una
338 1587 514 1624 audierat
528 1588 723 1624 Platonem
736 1613 747 1632 ,
761 1598 997 1636 magnopere
1018 1586 1189 1622 dissensit
1202 1599 1212 1632 ;

74 1692 79 1697 ,
162 1646 278 1697 eopia
294 1645 451 1684 fortasse
470 1653 509 1682 et
525 1645 711 1683 varietate
738 1644 893 1681 dicendi
912 1657 1022 1694 pares
1040 1657 1121 1680 non
1137 1644 1216 1681 fue-

65 1708 105 1755 {ss
151 1713 268 1749 wm-
286 1706 397 1744 Idem
422 1705 468 1742 de
495 1706 580 1743 Fin.
604 1706 655 1749 ΙΙ,
681 1717 722 1740 ιι
747 1704 947 1741 Polemoni
976 1710 1014 1740 et
1030 1703 1109 1752 jam
1130 1711 1217 1741 ante

78 1756 122 1825 ’ΪΔ
163 1766 356 1818 aristoteli
375 1777 418 1802 ea
435 1765 563 1814 prima
579 1765 659 1801 visa
678 1771 765 1801 sunt
785 1776 868 1812 quae
882 1763 998 1813 paulo
1016 1770 1104 1801 ante
1122 1764 1214 1802 dixi.

81 1822 87 1831 '
164 1819 268 1876 Ergo
292 1831 382 1865 nata
408 1830 463 1861 est
492 1824 679 1861 sententia
698 1830 872 1860 veterum
900 1822 1218 1860 Academicorum

150 1892 213 1925 Gt
225 1885 591 1936 Peripateticorum,
622 1891 664 1921 ut
694 1883 809 1921 finem
827 1884 1022 1920 bonorum
1048 1884 1219 1922 dicerent

121 1943 379 1994 seeundum
401 1951 579 1981 naturam
599 1944 747 1990 vivere,
769 1943 812 1979 id
845 1951 920 1989 est,
941 1944 1084 1980 virtute
1113 1943 1219 1981 adhi-

114 2003 247 2047 W
268 2004 344 2043 {mi
364 2004 498 2054 primis
528 2015 551 2040 a
581 2009 718 2039 natura
738 2002 848 2041 datis.
871 2002 982 2040 Conf.
1006 2001 1070 2041 lv.
1102 2003 1148 2049 6;
1171 2004 1216 2049 V,

120 2051 214 2115 33
229 2064 338 2103 Tunc.
357 2065 402 2109 V,
426 2063 472 2100 13
494 2070 533 2100 et
551 2062 616 2100 31.
635 2061 778 2099 v‘erum
805 2074 846 2099 re
867 2062 1071 2111 diligenter
1091 2064 1215 2099 consi-

158 2120 298 2164 fianta
313 2122 532 2168 fatebimur,
553 2122 779 2160 Crantorem
797 2133 867 2157 suo
883 2122 1033 2159 Marte'
1023 2134 1063 2158 m
1081 2121 1216 2171 philo-

126 2182 307 2242 ,mphiae
336 2181 538 2250 praeceptis
569 2178 724 2248 ’aliquid
765 2192 940 2219 novasse.
976 2181 1066 2217 Fuit
1099 2182 1219 2226 enim,

100 2266 113 2279 ι-
160 2248 351 2296 quantum
371 2241 490 2279 animi
504 2239 582 2276 mei
605 2238 825 2287 conjectura
842 2239 1023 2288 colligere
1039 2251 1196 2288 possum
1209 2267 1219 2283 ,

44 2286 46 2289 ι
64 2278 93 2332 2
126 2301 301 2362 μηρία
319 2300 469 2338 infirma
497 2307 614 2350 atque
633 2312 734 2350 aegra
763 2299 1000 2344 valetudine,
1031 2312 1152 2348 quum
1182 2307 1220 2336 et

894 249 962 290 DE
991 249 1267 291 CRANTORE
1297 250 1615 293 ACADEMICO.

2240 257 2319 296 133

1272 341 1495 379 Ctautorem
1535 356 1607 380 usu
1638 343 1795 381 doctum
1842 345 2026 395 paulatim
2067 345 2116 383 ad
2158 346 2320 383 aliorum

1272 400 1453 450 dogmata
1474 403 1692 450 inclinasse,
1728 406 1822 453 quia
1855 405 2001 442 doloris
2026 417 2176 443 sensum
2205 407 2320 442 vitari

1271 473 1347 497 non
1370 473 1483 510 posse
1502 462 1741 512 intelligeret.
1765 466 1901 514 Itaque
1917 472 1961 502 ut
1977 465 2203 532 Dionysium
2220 465 2322 501 Stoi-

1272 533 1358 556 cum
1391 519 1518 567 ajunt,
1542 534 1661 570 quum
1684 535 1729 559 ex
1757 524 1912 560 renibus
1941 524 2158 570 laboraret,
2177 524 2259 574 ipso
2283 524 2322 559 in

1275 577 1420 627 ejulatu
1441 580 1648 618 clamitasse
1665 581 1757 619 salsa
1774 595 1852 619 esse
1868 583 1934 619 illa
1950 596 2035 632 quae
2057 590 2170 620 antea
2189 582 2236 620 de
2256 582 2325 620 do-

1273 638 1356 674 lore
1387 639 1468 687 ipse
1493 640 1667 676 sensisset
1700 639 1808 690 (29),
1828 642 1881 677 ita
1901 642 2126 678 Crantorem
2154 641 2322 678 arbitror

1239 710 1244 754 Ι
1273 699 1447 746 corporis
1466 698 1600 735 dolore
1627 700 1838 736 cruciatum
1857 708 2083 738 retractasse
2096 730 2106 748 ,
2126 714 2210 750 quae
2231 702 2322 737 olim

1273 756 1322 794 de
1336 758 1546 795 indolentia
1564 759 1793 798 tradidisset.
1815 761 1874 797 Sic
1889 761 2162 810 experientiam
2186 760 2324 797 ducem

1272 825 1419 854 secutus
1447 817 1626 869 Crantor,
1651 818 1764 855 simul
1791 820 1924 868 quanti
1954 819 2088 857 fecerit
2116 832 2203 856 cum
2229 820 2325 856 alios

1272 885 1426 924 poetas,
1443 885 1524 913 tum
1542 878 1754 914 Homerum
1772 885 1886 927 atque
1900 879 2138 928 Euripidem,
2150 879 2325 916 humana.

1274 936 1358 972 vitae
1378 937 1577 986 magistros
1591 963 1601 982 ,
1624 936 1844 975 declaravit.
1867 938 2017 985 Quibus
2036 939 2170 976 Cicero
2183 966 2196 987 ,
2212 937 2328 974 indo·-

1274 995 1399 1032 lentiae
1437 996 1478 1032 in
1514 996 1736 1032 Tusculanis
1771 996 2094 1045 disputationibus
2132 996 2323 1041 defensor,

1273 1063 1478 1106 propterea
1493 1062 1686 1092 succenset
1698 1055 1804 1104 quod
1818 1057 2018 1092 hominum
2032 1057 2179 1093 animos
2195 1055 2324 1093 fortis-

1273 1116 1455 1152 simorum
1472 1115 1648 1152 virorum
1673 1115 1849 1153 lamentis
1868 1114 2048 1152 molliant
2070 1113 2167 1166 (3ο).

1329 1176 1532 1224 Perspecta
1562 1174 1681 1222 igitur
1713 1173 1926 1221 dolorisbvi
1955 1186 1999 1211 ac
2033 1181 2193 1220 natura,
2223 1174 2330 1222 cujus

1274 1246 1428 1272 sensum
1456 1233 1717 1270 inevitabilem
1744 1245 1821 1270 esse
1841 1230 2016 1278 videbat,
2032 1234 2194 1275 Crantor
2209 1235 2329 1270 vitam

1274 1296 1477 1332 humanam
1510 1300 1691 1342 tanquam
1726 1294 1837 1337 malis,
1870 1294 2024 1343 plenam
2057 1294 2236 1342 supplicii
2267 1294 2329 1329 in-

1275 1362 1351 1391 star
1368 1353 1444 1406 (31)
1466 1350 1609 1389 habere
1635 1353 1777 1391 statuit.
1805 1351 1952 1389 Similia
1977 1352 2134 1401 quidem
2148 1380 2158 1398 ,
2179 1352 2246 1389 sed
2267 1353 2330 1388 di·-

1275 1425 1384 1450 versa
1400 1420 1526 1449 tamen
1539 1411 1687 1462 profert
1707 1413 1814 1448 Plato
1839 1411 1940 1461 (32).
1957 1413 2084 1460 Quum
2101 1412 2202 1448 enim
2223 1412 2331 1448 Plato

1276 1473 1351 1509 hoc
1374 1479 1523 1508 tantum
1541 1478 1736 1520 queratur,
1758 1471 1865 1520 quod
1894 1472 2042 1507 animus
2058 1471 2174 1508 rebus
2195 1471 2333 1508 divinis

1276 1532 1442 1568 intentus
1475 1543 1755 1580 nonnunquam
1777 1530 2073 1580 cupiditatibus,
2114 1530 2330 1577 doloribus,

1276 1590 1538 1639 voluptatibus
1569 1590 1819 1639 perturbetur
1844 1602 1853 1626 ε
1876 1590 2040 1627 Crantor
2071 1590 2109 1625 in
2139 1602 2186 1626 eo
2214 1591 2332 1627 mise-

1277 1649 1372 1685 riam
1402 1649 1608 1685 humanam
1634 1649 1764 1698 ponit,
1790 1648 1897 1696 quod
1915 1648 1994 1684 vita
2013 1647 2180 1697 morbis,
2203 1649 2330 1686 mole-

1278 1708 1376 1754 stiis,
1397 1708 1575 1744 aerumnis
1595 1708 1763 1744 obnoxia
1793 1709 1864 1754 sit,
1891 1720 1975 1756 quae
1996 1708 2122 1743 omnia
2144 1719 2191 1744 ex
2220 1720 2331 1744 colu-

1277 1769 1384 1803 muni
1407 1767 1577 1816 quodam
1595 1767 1701 1803 fonte
1721 1760 1930 1817 profluant.
1951 1766 2065 1814 Quid.
2108 1766 2217 1815 quod
2239 1768 2328 1805 hinc

1278 1827 1391 1862 etiam
1418 1827 1534 1863 animi
1569 1834 1607 1863 et
1636 1829 1812 1876 corporis
1857 1825 2143 1862 deformitatem
2178 1838 2334 1863 manare

1280 1884 1403 1921 credit
1421 1891 1536 1934 atque
1554 1885 1651 1921 adeo
1669 1885 1768 1921 hanc
1790 1885 1911 1933 ipsam
1931 1885 2064 1920 mortis
2088 1896 2240 1921 causam
2263 1885 2334 1923 du·

1280 1944 1355 1990 cit,
1378 1956 1505 1993 neque
1530 1943 1743 1993 quidquam
1774 1956 1851 1981 esse
1882 1943 1991 1993 quod
2020 1944 2178 1980 omnino
2191 1957 2335 1980 *sanum

1279 2004 1328 2040 sit
1347 2004 1420 2040 sibi
1440 2005 1640 2053 persuasit.
1664 2004 1808 2041 Deinde
1834 2017 1954 2053 quum
1978 2004 2141 2041 Crantor
2165 2011 2231 2041 aut
2262 2017 2334 2041 na-

1280 2071 1368 2100 tura
1387 2064 1442 2100 ita
1461 2071 1727 2114 comparatum
1749 2076 1827 2100 esse
1854 2063 2017 2108 dixerit,
2040 2070 2083 2098 ut
2105 2063 2307 2099 homines
2297 2077 2337 2100 111

1280 2123 1440 2159 miseriis
1470 2130 1683 2171 versentur,
1715 2130 1780 2159 aut
1811 2123 1982 2171 ipsorum
2016 2122 2129 2171 culpa
2162 2122 2203 2158 id
2229 2123 2335 2159 acei-

1283 2181 1380 2218 disse
1403 2179 1518 2232 (33):
1543 2180 1653 2218 Plato
1686 2181 1879 2231 quidquid
1903 2181 2112 2217 acerbum
2102 2194 2142 2217 ιιι
2162 2182 2240 2218 vita
2256 2182 2334 2217 hu-

1279 2253 1393 2276 mana
1424 2248 1498 2285 est,
1519 2241 1568 2277 ad
1599 2241 1746 2289 generis
1777 2240 1897 2276 nostri
1927 2247 2102 2276 auctores
2135 2240 2337 2277 inferiores

1282 2299 1374 2336 deos
1401 2300 1520 2336 refert
1554 2299 1651 2349 (34).
1686 2301 1928 2349 Quamquam
1951 2307 2081 2336 autem
2118 2300 2197 2336 haec
2230 2300 2339 2336 aliter

160 2356 295 2402 nothi
324 2372 462 2407 causa,
491 2367 538 2396 ut
572 2371 686 2408 supra
717 2358 902 2404 vidimus,
931 2358 971 2393 in
1011 2359 1221 2408 AEsculapii
1282 2364 1397 2407 atque
1427 2371 1448 2395 a
1478 2358 1710 2408 philosopho
1741 2366 1962 2405 narrantur,
1999 2359 2223 2409 accipienda
2259 2372 2337 2399 esse

161 2486 273 2517 ntus
297 2491 376 2518 esse
403 2486 442 2516 et
455 2478 608 2527 juvenis
626 2477 803 2527 hydrope
823 2477 981 2514 affectus
1000 2490 1220 2527 supremum

60 2567 89 2570 ·
168 2537 271 2576 diem
310 2538 447 2576 obiisse
484 2544 662 2574 narretur
692 2534 790 2588 (27).
825 2537 961 2586 Neque
993 2537 1222 2587 negligenda

165 2597 282 2643 nobis
296 2605 384 2636 sunt
406 2599 522 2648 ipsius
538 2597 656 2635 verba
672 2596 768 2646 (28),
785 2609 805 2633 e
826 2597 968 2646 quibus
985 2609 1115 2646 cogas,
1134 2609 1221 2633 eum

59 2651 84 2699 ³2⁴.
106 2698 119 2711 ,
162 2657 295 2707 ,morbi
306 2665 481 2696 naturam
494 2658 685 2708 cognitam
697 2657 888 2695 habuisse.
906 2657 1032 2704 Quare
1048 2657 1220 2693 existimo

186 2802 280 2846 21²5)
298 2803 348 2838 05.
365 2803 512 2846 inprimis
539 2803 598 2838 lib.
617 2803 659 2836 de
675 2803 836 2836 moribus
855 2803 895 2835 ad
915 2803 1042 2836 Nicom.
1064 2804 1112 2843 Π,
1135 2808 1167 2836 6.
1190 2805 1220 2835 7
1250 2805 1254 2809 '

121 2891 123 2895 .
198 2849 297 2894 „(26)
318 2850 394 2885 Viri.
417 2851 534 2893 fragm.
565 2854 595 2884 8.
622 2850 752 2893 —(27)
774 2851 866 2892 Diog.
890 2852 999 2883 Lacrt.
1032 2851 1222 2889 1v‚27mt

123 2896 362 2943 mli*
369 2899 430 2941 πρὸ
442 2899 634 2940 Πολέμωνος
649 2899 704 2930 καὶ
718 2899 896 2940 Κράτητος,
913 2898 1072 2939 ὓδρωπικῇ
1086 2898 1222 2930 διαθέσει

58 2969 228 3034 3
163 2945 322 2989 -m-
337 2945 555 2990 -(28)Vid.
574 2946 698 2988 fragm.
720 2947 768 2977 13.
787 2946 910 2986 —(29)
928 2943 1044 2977 Cicero
1062 2945 1161 2977 Tusc
1180 2945 1221 2983 11,

172 2995 452 3128 ?}t{'oeoem)
421 3040 553 3074 Tuscul.
570 3039 627 3073 lib.
640 3041 684 3079 11,
702 3048 773 3082 cap.
794 3041 842 3072 11
862 3058 896 3066 -
922 3038 988 3079 (31)
1004 3038 1088 3072 Vide
1106 3039 1221 3080 tragm.

323 3105 367 3112 —
385 3089 452 3130 (32)
472 3088 565 3121 Plato
584 3087 700 3121 Phaed.
719 3096 792 3129 pag.
816 3089 869 3119 66.
889 3086 925 3118 B.
947 3087 1061 3118 οὐκοῦν
1076 3085 1222 3131 ἀνάγκη,
1251 3064 1299 3122 i'

66 3171 77 3175 „
124 3129 253 3182 19η
266 3134 303 3168 ἐκ
323 3134 449 3168 πάντων
465 3136 585 3168 τούτων
602 3135 816 3193 παρίστασθαι
831 3134 866 3166 66
851 3134 922 3170 ξαν
942 3133 1065 3165 τοιάνδε
1076 3133 1145 3166 τινὰ
1159 3136 1223 3170 τοῖς

99 3179 108 3198 ³
126 3219 127 3222 Ἰ
164 3181 311 3222 'meite-⁶.
323 3182 520 3224 φιλοσόφοις,
536 3183 619 3214 ὥστε
631 3182 687 3214 καὶ
698 3181 774 3222 πρὸς
785 3181 936 3217 ἀὶλήλους
953 3179 1073 3211 τοιαῦτ’
1086 3180 1166 3212 ἄττα
1180 3179 1224 3212 λέ-

163 3230 257 3269 vm,
282 3227 332 3263 ὅτι
347 3230 526 3262 Κινδυνεύει
552 3240 602 3262 τοι
629 3229 741 3271 ὥσπερ
760 3227 898 3268 ἀτραπός
915 3238 961 3263 τις
983 3227 1117 3269 ἐκφέρειν
1142 3229 1224 3268 ἡμᾶς

170 3274 255 3317 ιιι-ὓ,
270 3279 328 3309 τοῦ
340 3277 438 3318 ὶόγου
455 3277 486 3309 ἐν
499 3280 538 3319 τῇ
568 3277 699 3318 σκέψει,
715 3276 780 3316 ὅτι,
795 3276 854 3312 ἕως
874 3275 912 3306 ἂν
931 3277 968 3306 τὸ
985 3278 1080 3315 σῶμα
1101 3274 1224 3316 ἔχωμεν

75 3312 137 3366 siff
169 3328 228 3357 w
240 3322 476 3367 ξνμπεφυρμὲνη
490 3323 511 3364 ἦ
525 3325 615 3365 ἡμῶν
631 3326 651 3362 ἡ
672 3323 762 3365 ψυχὴ
784 3322 862 3362 μετὰ
875 3324 931 3353 τοῦ
944 3332 1010 3354 τοιο
1012 3322 1088 3354 §tou
1104 3327 1204 3356 κακοῦ
1215 3347 1224 3363 ,

63 3379 113 3416 ε’).
166 3366 212 3409 οὗ
233 3370 276 3412 μή
300 3381 378 3403 ποτε
401 3372 593 3413 κτησώμεθα
617 3373 734 3406 ἱκανῶς
757 3369 794 3402 οὗ
819 3370 1041 3410 ἐπιθυμοῦμεν·
1064 3370 1208 3412 φαμὲν
1191 3372 1224 3404 δὲ

173 3420 268 3450 τοῦτο
283 3417 411 3450 εἶναιτὸ
427 3418 547 3456 ἀληθές.
558 3435 600 3441 -
618 3418 686 3458 (33)
700 3416 784 3448 Vide
801 3416 918 3457 fragm.
938 3418 968 3447 9.
982 3433 1025 3440 ·-—
1042 3415 1111 3460 (34)
1132 3417 1225 3451 Plato

116 3468 118 3471 ’
172 3462 259 3497 Tim.
286 3472 361 3506 pag.
382 3466 433 3496 69.
453 3473 482 3498 c.
513 3465 591 3497 ἀλλὰ
607 3464 711 3496 πάντα
733 3466 831 3495 ταῦτα
854 3465 978 3503 πρῶτον
995 3464 1223 3507 διεκόσμησεν,

56 3510 100 3585 &⁴3¹
175 3508 284 3557 hetta
300 3511 335 3544 ἐκ
351 3511 469 3544 τούτων
485 3513 549 3547 πᾶν
572 3512 644 3545 τόδε
669 3511 901 3550 ξυνεστήσοιτο,
919 3512 999 3552 ζῷον
1015 3513 1046 3545 ἓν
1064 3515 1131 3556 ζῷα
1150 3512 1224 3555 ἔχον

111 2419 352 2471 mptum
385 2418 611 2458 concessisse
631 2419 763 2467 ibique
782 2417 1022 2466 aliquamdiu
1042 2430 1216 2454 commo·
1280 2417 1425 2466 liquet,
1455 2418 1695 2468 exploratum
1730 2425 1858 2465 tamen
1892 2419 2099 2464 habemus,
2136 2419 2337 2455 Platonem

1280 2478 1582 2527 haudquaquam
1601 2478 1822 2515 hominibus
1840 2491 1973 2516 eorum
1994 2479 2135 2528 quibus
2154 2491 2336 2528 premun-

1283 2544 1344 2573 tur
1366 2537 1556 2574 malorum
1572 2538 1724 2588 culpam
1745 2538 1971 2575 attribuisse.
1992 2539 2127 2588 Itaque
2146 2551 2194 2576 ne
2212 2539 2338 2589 lapsus

1284 2597 1441 2646 quidem
1462 2598 1618 2644 animae,
1642 2610 1758 2646 quem
1785 2597 1932 2636 Phaedr.
1962 2611 2002 2648 p.
2038 2597 2115 2642 248
2137 2597 2337 2643 describit,

1285 2656 1334 2693 ad
1351 2657 1524 2694 humanae
1541 2664 1686 2694 naturae
1710 2655 1954 2695 vitiositatem
1973 2657 2181 2695 trahendus
2197 2665 2266 2697 est.

1284 2803 1406 2836 ἅπαντα
1427 2804 1458 2836 ἐν
1477 2808 1564 2847 αὐτῷ
1581 2805 1675 2843 θνη-ἓι
1692 2806 1833 2838 ἀθάνατοί
1848 2817 1894 2840 τε.
1917 2806 1975 2837 Κιιὶ
1991 2809 2053 2837 ι-ῐιν
2069 2805 2123 2846 μὲν
2139 2805 2230 2837 θείων
2244 2805 2337 2842 αὐτὸς

1284 2854 1424 2891 γίγνεται
1439 2851 1631 2893 &numa-776<
1643 2875 1653 2891 ,
1664 2855 1729 2885 τῶν
1743 2852 1775 2884 δὲ
1800 2853 1918 2890 θνητῶν
1941 2852 1997 2889 τὴν
2011 2852 2132 2892 γένεσιν
2144 2854 2208 2889 τοῖς
2227 2852 2341 2883 ἑαυτοῦ

1284 2908 1319 2938 γε
1321 2910 1354 2928 vx·
1356 2899 1456 2939 ἣμασι
1471 2899 1668 2940 δημιουργεῖν
1682 2901 1882 2940 προσέταξεν.
1905 2901 1944 2931 Οἱ
1963 2899 1996 2931 δὲ
2011 2910 2045 2940 μι
2049 2899 2218 2940 μούμεᾘοι
2235 2910 2337 2941 παρα-

1284 2947 1431 2983 ὶαὸὀντες
1446 2947 1547 2989 ἀρχὴν
1560 2948 1663 2989 ψυχῆς
1680 2948 1851 2984 ἀθάνατον,
1866 2946 1902 2979 τὸ
1914 2957 1952 2987 με
1954 2945 1992 2977 τὰ
2007 2949 2100 2978 τοῦτο
2114 2945 2223 2984 θνητὸν
2243 2949 2340 2987 σῶμα

1284 2994 1363 3037 αὐτῃ
1380 2994 1638 3036 περιετόριευσαν
1653 2994 1762 3036 ὄχημά
1776 3006 1810 3026 τε
1829 2997 1891 3027 πᾶν
1914 2994 1951 3026 τὸ
1972 2997 2068 3034 σῶμα
2086 2992 2202 3025 ἔδοσαν
2216 2993 2290 3025 ἄλλο
2306 3005 2341 3026 τε

1286 3042 1364 3078 εἶδος
1388 3042 1420 3074 ἐν
1435 3042 1529 3083 αὐτῷ
1544 3043 1647 3085 ψυχῆς
1672 3041 1941 3084 προσῳκοδὸμουν
1959 3041 1996 3073 τὸ
2027 3040 2156 3079 θνητόν
2181 3042 2266 3073 δεινὰ
2284 3042 2340 3073 καὶ

1285 3090 1442 3127 ἀναγκαῖα
1457 3090 1489 3123 ἐν
1503 3091 1609 3131 ἑαυτῷ
1626 3090 1829 3131 παθήματα
1816 3101 1909 3131 εχον,
1926 3092 2050 3131 πρῶτον
2068 3089 2123 3130 μὲν
2137 3089 2269 3128 ἡδονήν,
2289 3089 2340 3129 με’-

1284 3149 1392 3177 γιστον
1411 3141 1510 3170 κακοῦ
1524 3138 1644 3180 δέλεαρ,
1657 3138 1765 3170 ἔπειτα
1785 3138 1881 3173 λύπαις
1893 3159 1902 3175 ,
1922 3136 2047 3176 ἀγαθῶν
2061 3135 2174 3176 φυγάς,
2191 3136 2237 3168 ἔτι
2254 3135 2282 3167 δ’
2294 3135 2336 3167 αὗ

1285 3183 1394 3226 θάῤῥος
1410 3185 1464 3216 καὶ
1484 3183 1597 3243 φόρον,
1611 3185 1722 3242 ἄφρονε
1738 3183 1920 3224 ξυμῧούλω,
1936 3183 2033 3223 Θυμὸν
2048 3183 2079 3214 δὲ
2094 3182 2340 3240 δυσπαραμύθη-

1284 3242 1356 3272 τον,
1371 3231 1399 3263 ἐ)
1399 3231 1516 3263 πίδα
1501 3231 1529 3263 ο’
1548 3231 1774 3274 εὐπαράγωγον
1804 3232 1951 3268 αἰσθήσει
1974 3241 2007 3262 τε
2024 3229 2129 3270 ἀὶόγῳ
2154 3230 2208 3261 καὶ
2225 3229 2342 3270 ἐπιχειι

1284 3282 1362 3320 ρητῇ
1388 3279 1504 3315 παντὸς
1533 3279 1643 3322 ἔρωτι·
1662 3278 1928 3320 ξυγκερασάμενοί
1950 3277 1978 3309 τ’
2004 3277 2083 3309 αὐτὰ
2104 3276 2281 3314 ἀναγκαίως
2301 3277 2338 3308 τὸ

1285 3326 1394 3362 θνητὸν
1406 3326 1494 3366 γένος
1511 3326 1686 3362 ξυνέθεσαν.
1702 3326 1796 3358 Καὶ
1779 3325 1833 3358 ot&
1847 3328 1948 3356 ταῦτα
1965 3324 2004 3362 δὴ
2022 3322 2187 3362 σεὸόμενοι
2205 3322 2337 3360 μιαίνειν

1283 3372 1320 3404 τὸ
1339 3373 1444 3412 Θεῖον,
1462 3373 1480 3405 ὅ
1503 3373 1592 3414 τιμὴ
1613 3376 1704 3405 πᾶσα
1725 3373 1764 3413 ἦν
1781 3371 1921 3413 ἀνάγκη
1942 3371 2037 3412 χωρὶς
2055 3370 2117 3401 exe.
2111 3369 2174 3400 ’νου
2190 3368 2335 3400 κατοικί-

1283 3423 1389 3458 ζουσιν
1403 3421 1446 3457 εἰς
1463 3420 1558 3459 ἄλλην
1576 3424 1631 3453 τοῦ
1648 3421 1796 3462 σώματος
1812 3420 1936 3457 οἴκησιν
1949 3419 1985 3450 τὸ
2001 3416 2112 3455 θνητόν
2124 3439 2135 3456 ,
2154 3415 2268 3455 ³60u6v
2282 3416 2336 3447 καὶ

1283 3467 1355 3509 ὅρον
1374 3467 1672 3508 διοικοδομήσαντες
1686 3472 1741 3507 τῆς
1759 3477 1793 3500 τε
1810 3468 1943 3508 κεφαλῆς
1957 3466 2012 3498 καὶ
2028 3467 2084 3498 τοῦ
2100 3464 2233 3503 στήθους
2243 3486 2254 3504 ,
2271 3472 2292 3495 α
2302 3463 2337 3495 6-

1284 3514 1360 3557 χὲνα
1374 3515 1489 3557 μεταξὺ
1504 3515 1634 3552 τιθέντες
1645 3538 1654 3555 ,
1667 3515 1718 3548 ἵνα
1731 3514 1779 3553 εἴη
1795 3514 1902 3556 χωρίς.
1919 3529 1963 3537 -
