2508 3776
109 285 112 290 .
140 298 146 304 ι
171 300 173 302 ¹
212 274 278 299 41·
342 249 404 291 καὶ
419 252 482 299 τῆς
498 251 647 305 ζημίας,
675 269 736 294 του
754 253 948 307 μείζονος
929 271 952 302 η
975 255 1107 308 ἀγαθοῦ
1125 252 1151 302 ἢ

135 299 191 328 *³
206 309 343 367 ’,δερ-ἱ
339 325 400 351 του
431 311 625 358 ἐλάττονος·
647 313 792 355 ἔλαττον
812 314 877 367 μὲν
893 329 954 355 του
981 313 1155 367 μείζονος,

182 386 185 405 ·-
179 395 288 432 3³3
283 373 363 414 τοῦ
380 368 576 419 ἐλάττονος.
592 371 682 414 Ὅτι
700 373 738 414 δὲ
757 374 817 414 ἐπὶ
831 390 894 422 της
905 376 1076 428 γραμμῆς
1094 371 1156 414 οὕ-

225 444 265 471 ι
276 459 291 483 ,
312 428 429 476 καθὼς
450 432 607 487 εἴρηται,
624 434 785 507 ιρανερόν·
800 437 823 482 ἡ
837 433 905 487 γὰρ
925 435 999 487 βδ(
986 433 1153 487 υπερέχει

205 492 290 545 ςῇ
309 491 363 543 γδ·
380 493 404 540 ἡ
422 490 459 531 δὲ
472 507 519 544 γα
533 493 700 547 ὑπερέχει
719 497 783 542 τῆς
799 494 844 533 αδ
861 496 907 547 τῇ
926 494 1016 547 αὐτῇ
1037 496 1081 546 τῇ
1100 493 1155 542 γδ·

218 548 333 602 μὲν
351 550 417 604 βδ,
436 566 505 603 γα,
530 553 576 592 αδ
593 553 764 606 ἀνάλογον
785 553 910 607 ἔχουσι
930 552 1024 592 κατὰ
1049 554 1154 606 ἀριθ-

227 609 481 663 ἀναλογίαν·
512 611 604 664 μεόη
625 611 700 650 δέ
685 628 778 652 εστιν
795 620 810 644 ⁸
831 616 855 660 ἡ
880 627 949 664 γα,
980 611 1039 659 ἡ”
1025 626 1084 659 ιση
1111 614 1155 665 τῇ

243 668 435 716 ἐλάττων
458 670 523 722 μέν
538 674 613 712 ἐστι
633 674 696 720 τῆς
718 673 777 724 βδ,
800 671 932 723 μείζων
958 670 1000 710 δὲ
1015 687 1078 718 της
1098 672 1155 718 αδ,

236 730 323 782 *σῆ
341 729 394 781 γδ·
398 731 639 782 ἐλαττουμένη
665 731 727 770 καὶ
748 731 989 784 ὑπερέχουσα.
1011 729 1098 771 Ἔτι
1118 730 1155 770 δὲ

285 789 446 839 δῆλον,
472 789 512 830 τὸ
534 789 669 831 δίκαιον
690 789 752 830 καὶ
772 790 812 830 τὸ
835 789 912 829 ἴσον
942 790 1048 842 μέσον
1069 789 1156 830 ἀνά-

200 839 325 889 ΔΪναι
355 851 418 896 τῆς
447 849 578 900 ζημίας
601 850 663 890 καὶ
689 853 751 889 τοῦ
783 849 947 902 κέρδους,
974 848 1068 888 κατὰ
1088 849 1152 898 τὴν

306 923 336 948 ν
361 907 565 962 ἀναλογίαν·
605 908 767 951 ἔστωσαν
801 915 893 963 τρεῖς
923 909 1056 948 εὐθεῖαι
1079 907 1155 948 ἴσαι

445 1136 469 1174 Ὺ
615 1137 637 1188 β

446 1340 468 1376 γ
588 1149 639 1390 L

75 1435 87 1458 ς,
164 1469 172 1492 t.
239 1469 286 1508 ις,
307 1458 345 1496 αἱ
362 1471 425 1504 αα,
448 1458 552 1510 ββ,·γ
529 1471 587 1508 γγ·
602 1455 794 1508 τετμήσθω
809 1454 846 1495 δὲ
867 1458 888 1504 ἡ
901 1471 949 1495 αα
966 1454 1067 1528 δίχα·ν
1064 1454 1158 1496 κατὰ

205 1515 234 1567 ἤ
250 1515 318 1556 τεδ
335 1531 383 1570 γγ
406 1515 499 1556 κατὰ
513 1516 554 1556 τὸ
573 1518 603 1562 ζ·
627 1531 688 1555 και
710 1515 907 1569 ἀφῃρήσθω
929 1515 1000 1555 ἀπὸ
1021 1519 1085 1564 τῆς
1110 1532 1158 1555 αα

213 1574 364 1633 φανερὸν
383 1575 454 1624 δή,
469 1575 525 1616 ὅτι
543 1578 565 1623 ἡ
579 1590 626 1628 γγ
643 1574 810 1626 μείζων”
789 1591 891 1615 εσται
908 1591 971 1624 της
990 1590 1032 1614 εα
1046 1578 1090 1628 τῇ
1103 1577 1157 1628 γζ·

218 1637 235 1666 ”-
254 1656 281 1667 υ
340 1634 378 1674 δὲ
393 1638 418 1684 ἡ
432 1636 663 1688 ἀφαιρεθεῖσα
681 1636 745 1681 τ’ἤς
765 1649 812 1673 αα
834 1637 880 1688 τῇ
903 1649 962 1686 γγ,
983 1632 1086 1673 καὶ
1067 1649 1160 1674 εστ-ω

210 1693 360 1750 φανερὸν
375 1693 441 1742 δή,
464 1693 519 1732 ὅτι
551 1697 574 1742 ἡ
596 1695 639 1744 δγ
658 1693 786 1748 μείζων
809 1694 886 1733 ἐστὶ
907 1710 970 1742 της
999 1709 1041 1733 εα
1058 1697 1103 1747 τῇ
1120 1709 1159 1734 τε

171 1750 230 1821 ,ὴῖ
248 1757 296 1813 ἰῇ
314 1754 372 1806 γζ.
401 1754 450 1795 El
479 1752 597 1793 τοίνυν
627 1753 746 1800 δεήσει
773 1755 842 1792 τῶν
867 1753 986 1807 ἄκρων
1016 1755 1158 1793 εὐθειῶν

139 1805 148 1812 ’
151 1808 331 1876 ζ’ζσᾶτητα
357 1814 619 1866 ἐπαναγαγεῖν,
649 1812 708 1853 διὰ
728 1829 791 1861 της
809 1815 856 1866 ββ
884 1817 986 1852 τοῦτο
1005 1813 1159 1863 ποιήσο-

97 1861 197 1930 ρης(-
200 1865 335 1927 ’Ᾰρπερ
363 1872 433 1926 γὰρ
465 1873 599 1913 κανόνα
636 1875 682 1925 τῇ
716 1873 760 1926 γδ
795 1871 1061 1927 ἐφαρμόσαντες
1093 1872 1159 1921 τὴν

95 1982 102 1985 .,
300 1934 512 1987 ῥφελουμεν·
528 1931 816 1986 ιἐφαρμόσαντες
831 1931 867 1971 δὲ
887 1935 930 1985 τῇ
952 1948 1020 1980 αα,
1039 1931 1081 1972 τὸ
1099 1934 1160 1973 ἐλ-

71 1987 238 2048 im
248 1990 517 2046 προσθήσομεν·
553 1991 615 2031 καὶ
655 1991 767 2037 ούτως
798 1991 940 2031 ἔσονται
983 1992 1091 2032 πάλιν
1124 1994 1160 2031 αἱ

73 2035 220 2103 ἶέᾷρα
224 2048 309 2091 ὗσαι
328 2049 516 2098 ἀλλήλαις.
536 2049 637 2098 Αὕτη
663 2049 707 2099 δὴ
726 2053 748 2097 ἡ
756 2049 861 2129 Ιιτὴν’
852 2050 1002 2098 ισότητα
1029 2051 1161 2091 ἕπανοί·

30 2150 53 2162 ,Α
98 2114 212 2160 *sulcu
234 2111 297 2163 ββ,
333 2107 427 2160 μίση
466 2107 638 2159 ἀνάλογόν
664 2106 772 2147 riori*
799 2108 893 2148 κατὰ
925 2110 1159 2163 ἀριθμητικὴν

31 2181 50 2224 ſs
100 2167 306 2221 *RcK-fud
334 2183 389 2208 εα·
406 2169 431 2217 ἡ
450 2167 515 2221 μὲν
534 2167 604 2222 γὰρ
628 2169 671 2220 δγ
690 2171 754 2217 τῆς
783 2171 861 2221 ββ(
834 2169 1014 2241 ἡὐπερέχει
1033 2173 1079 2224 τῇ
1100 2171 1158 2223 δγ,

32 2243 49 2263 ὴ
100 2217 185 2276 ἡδέ
203 2228 332 2286 ββτῆς
354 2243 398 2268 εα
427 2227 595 2282 ὖπερέχει
615 2230 661 2281 τῇ
691 2229 795 2282 αὐτῇ
813 2232 856 2282 τῇ
888 2230 943 2282 δγ·
963 2229 1017 2268 ὅτι
1043 2230 1079 2270 δὲ
1099 2229 1160 2270 καὶ

34 2287 55 2343 ἦῆ
98 2282 191 2328 bret
180 2288 244 2344 τρῧ
264 2288 490 2342 διορθωτικοῦ
510 2286 649 2326 δικαίου
676 2286 717 2326 τὸ
740 2287 826 2327 αὐτὸ
856 2287 1069 2339 συμὸαίνει,
1090 2305 1160 2344 φα-

63 2335 213 2407 ’κρῖν
229 2346 273 2395 ὸι
303 2361 376 2386 των
409 2345 622 2399 εἰρημένων.
654 2347 773 2386 Τοῦτο
790 2345 826 2385 δὲ
850 2346 948 2386 καὶ
933 2347 991 2387 επὶ
1011 2351 1081 2388 τῶν
1102 2364 1158 2388 τε-

114 2410 123 2417 ’“
206 2405 420 2463 συμὸαίνει.
443 2405 536 2449 Τότε
549 2399 672 2458 γὰρῗ
634 2421 672 2444 ευ
688 2405 810 2458 ἔχουσι
828 2405 891 2445 καὶ
917 2406 1159 2458 συνίστανται,

75 2460 258 2517 ..Μὶν
255 2465 369 2520 χρείᾳ
387 2464 521 2505 τούτων
537 2464 746 2517 γενώμεθα,
768 2465 829 2505 καὶ
857 2470 1022 2507 τοσοῦτον
1041 2483 1159 2521 τεχνι-

66 2516 368 2581 Ϊῐῖὲςῧύςδιῶμθα,
384 2523 466 2564 ὅσον
489 2523 590 2564 αὐτοὶ
607 2523 690 2577 περὶ
709 2523 773 2572 τὴν
792 2528 920 2578 τέχνην
934 2529 1081 2566 πονοῦσι
1097 2527 1159 2567 καὶ

83 2584 319 2639 ζημῶὴαι·
337 2582 431 2624 οὕτω
457 2583 526 2637 γὰρ
546 2583 690 2622 δυνατὸν
715 2585 921 2623 συνιστάναι
942 2584 1020 2631 τοὺς
1041 2587 1157 2640 τεχνί

99 2639 280 2695 ww
287 2643 424 2684 ἔνδειαν
443 2642 545 2698 παρὰ
563 2645 632 2682 τῶν
654 2642 829 2694 δεομένων
850 2646 1153 2698 ἀναπληρουντας.

147 2699 204 2747 ἃ
227 2704 262 2745 οἱ
281 2703 346 2758 μὲν
365 2718 514 2744 πονουσι
530 2703 591 2743 καὶ
612 2706 753 2742 ποιοῦσι
776 2703 839 2748 τὰς
857 2703 1000 2758 τέχνας,
1027 2707 1059 2743 οἱ
1087 2705 1157 2744 πά-

157 2789 160 2796 ι
182 2759 219 2794 ἕ
272 2762 310 2804 δὲ
337 2763 460 2813 αὐτάς,
480 2763 513 2803 οἱ
542 2762 701 2814 δεόμενοι
724 2764 841 2802 αὐτῶν
869 2763 1056 2813 δηλονότι,
1091 2767 1158 2818 οὐχ

156 2847 186 2856 -›
223 2823 424 2878 πάσχουσιν
461 2826 510 2868 ὥς
545 2822 671 2862 ἐκεῖνοι
701 2826 881 2871 ποιοῦσιν,
918 2823 1008 2862 ἀλλὰ
1035 2825 1158 2877 πολλῷ

209 2898 273 2933 ον,
293 2881 391 2923 οὖδὲν
416 2881 548 2922 κωλύει
580 2881 701 2926 πάσας
722 2883 931 2922 ἀπολέσθαι.
957 2881 1028 2922 Διὰ
1055 2886 1158 2922 τοῦτο

142 2935 165 2953 ⁴
191 2936 305 2983 α’ὖθα1
324 2941 365 2983 τὸ
395 2942 502 2995 μέσον
525 2940 587 2982 καὶ
613 2940 653 2980 τὸ
685 2940 760 2980 ἴσον
791 2941 980 2995 ἀναγκαῖόν
1000 2942 1117 2991 ἐστιν,
1139 2941 1162 2982 δ’

141 3004 148 3015 ⁸
196 3001 331 3055 ’μεταξὺ
347 2997 484 3054 ζημίας
495 3001 556 3041 καὶ
578 2999 734 3054 κέρδους.

154 3061 315 3103 *Ταῦτα
329 3061 428 3102 δὲτὰ
442 3060 618 3112 ὀνόματα,
634 3063 658 3108 ἡ
674 3059 784 3111 ζημία
804 3059 866 3099 καὶ
887 3059 925 3099 τὸ
948 3060 1083 3113 κέρδος,
1100 3060 1158 3100 λέ-

73 3128 206 3175 ςῑῖεται
222 3121 286 3174 μὲν
304 3121 432 3176 κυρίως
454 3121 514 3160 ἐπὶ
545 3123 615 3160 τῶν
636 3120 805 3160 ἑκουσίων
827 3120 1156 3172 συναλλαγμάτων,

44 3227 46 3229 ,
71 3174 240 3236 ῗῑᾶλῆφθη
259 3180 298 3221 δὲ
316 3182 378 3221 καὶ
400 3179 459 3220 ἐπὶ
479 3196 548 3219 των
571 3180 763 3220 ἀκουσίων.
786 3179 940 3230 Λέγεται
955 3178 1024 3252 γὰρ
1038 3179 1159 3225 ἁπλῶς

34 3277 39 3285 ,,
104 3240 323 3294 κερδαίνειν,
359 3241 401 3280 τὸ
435 3239 639 3288 κτήσασθαι
660 3238 804 3279 πλείονα
825 3242 873 3278 ὧν
897 3255 948 3283 τις
975 3238 1158 3288 κέκτηται·

23 3307 25 3309 ’
63 3337 66 3340 .
105 3299 238 3354 ὁμοίως
252 3298 318 3339 ’καὶ
349 3302 586 3352 ζημιουσθαι,
610 3299 650 3339 τὸ
683 3299 884 3347 κτήσασθαι
913 3297 1078 3339 ἐλάττονα
1108 3303 1158 3340 ὡν

146 3435 165 3453 ’“’
190 3434 342 3476 Ἐλήλυθε
361 3437 397 3471 δὲ
413 3437 455 3470 τὰ
467 3438 618 3480 ὀνόματα
631 3440 736 3471 ταῦτα
750 3438 819 3470 κτλ.

598 164 904 207 E'rfflconum
932 163 1387 207 NICOMAGHEORUM
1415 154 1792 209 PARAPHRASIS.

2189 169 2271 210 409

1219 261 1281 299 est,
1303 259 1439 302 majoris
1466 259 1622 294 videlicet
1642 263 1701 294 aut
1724 260 1861 294 minoris
1877 259 1956 294 boni
1972 259 2028 294 vel
2044 259 2142 301 mali,
2162 259 2274 294 minus

1218 318 1346 353 scilicet
1363 320 1500 362 majore,
1523 321 1632 363 maius
1652 321 1790 355 minore.
1818 321 1912 354 Hanc
1928 321 2042 354 autem
2057 329 2161 363 quam
2185 318 2273 353 dixi-

1217 388 1313 419 mus,
1331 378 1427 414 lineae
1453 389 1525 413 esse
1551 380 1729 420 rationem,
1760 380 1978 414 manifestum
1999 381 2052 414 est
2072 390 2080 410 ε
2105 381 2161 413 BD
2185 379 2274 414 enim

1218 441 1354 482 superat
1370 440 1426 473 GA
1438 439 1510 483 ipsa
1525 441 1583 474 GD
1599 453 1608 474 ε
1627 441 1683 475 GA
1697 442 1809 474 autem
1831 441 1967 483 superat
1986 441 2043 473 AD
2057 439 2172 474 eadem
2186 440 2245 473 GD
2262 452 2271 472 :

1217 495 1334 542 itaque
1351 499 1418 538 BD,
1436 499 1503 540 GA,
1519 501 1576 532 AD
1593 499 1806 542 proportione
1823 499 2033 533 arithmetica
2051 499 2272 533 conveniunt:

1218 558 1329 592 media
1343 560 1457 592 autem
1476 560 1528 592 est
1551 559 1618 599 GA,
1648 559 1772 602 quippe
1799 568 1876 602 quae
1907 558 2049 602 aequalis
2073 558 2122 592 illi
2139 559 2195 592 GB
2211 559 2272 598 sit,

1218 627 1295 661 quae
1322 617 1430 651 minor
1448 620 1500 652 est
1518 627 1621 662 quam
1635 620 1704 659 BD,
1727 618 1786 652 sed
1805 619 1911 661 maJor
1926 628 2028 662 quam
2055 620 2132 658 AD,
2158 617 2276 652 eadem

1218 677 1276 710 illa
1300 677 1371 716 GD,
1403 686 1472 720 qua
1495 679 1529 711 et
1555 680 1732 720 superatur
1754 679 1788 711 et
1814 680 1961 721 superat.
1990 677 2056 712 Sed
2074 677 2152 711 inde
2173 677 2276 711 etiam

1218 736 1426 780 intelligitur,
1447 736 1483 770 id
1502 737 1594 779 quod
1608 738 1739 780 justum
1752 739 1803 771 est
1821 740 1855 771 et
1877 738 2026 780 aequale,
2050 738 2272 781 proportione,

1220 798 1254 829 et
1269 796 1407 839 quidem
1438 796 1665 836 arithmetica,
1691 797 1840 831 medium
1869 806 1942 831 esse
1964 797 2076 830 damni
2107 799 2141 830 et
2163 797 2247 830 lucri
2267 809 2274 829 :

1219 855 1286 888 sint
1310 857 1380 890 tres
1399 858 1500 889 rectae
1517 856 1613 889 lineae
1634 856 1722 890 inter
1750 866 1785 890 se
1815 857 1964 900 oequales
1977 883 1985 898 ,
2006 858 2071 896 AA,
2093 858 2158 896 BB,
2184 858 2244 891 GG
2266 868 2274 889 ε

1219 919 1352 952 secetur
1379 920 1492 952 autem
1521 920 1577 952 AA
1606 917 1760 952 bifariam
1792 918 1879 965 circa
1909 920 1947 958 E,
1969 921 2004 952 et
2025 919 2086 953 GG
2101 919 2190 952 circa
2218 921 2241 951 Z
2267 931 2275 950 :

1218 977 1339 1012 deinde
1357 978 1530 1011 auferatur
1548 977 1593 1011 ab
1611 979 1666 1011 AA
1685 978 1769 1011 linea
1796 984 1873 1021 pars
1884 979 1939 1011 ΑΕ
1956 987 1964 1007 =
1987 979 2200 1022 perspicuum
2218 978 2279 1020 igi-

1219 1039 1277 1071 tur
1306 1039 1372 1076 est,
1404 1038 1464 1071 GG
1481 1037 1642 1080 maJorem
1673 1037 1824 1070 futuram
1849 1048 1953 1081 quam
1976 1039 2048 1078 EA,
2081 1039 2153 1081 ipsa
2189 1038 2242 1072 Gz
2268 1050 2276 1070 ε

1221 1096 1366 1130 addatur
1382 1098 1497 1139 postea
1517 1104 1596 1138 quae
1609 1094 1762 1129 aufertur
1779 1097 1822 1130 ab
1837 1088 1893 1130 AA
1918 1097 1962 1130 ad
1984 1098 2062 1136 GG,
2083 1099 2118 1130 et
2135 1097 2178 1130 sit
2194 1098 2254 1129 DG
2269 1109 2278 1130 ι

1220 1157 1356 1198 apparet
1375 1164 1454 1198 ergo
1470 1155 1531 1189 DG
1544 1155 1706 1197 majorem
1724 1154 1878 1188 futuram
1904 1164 2008 1198 quam
2028 1156 2104 1194 EA,
2130 1156 2203 1198 ipsa
2220 1156 2280 1188 DG

1220 1217 1255 1248 et
1273 1216 1336 1249 Gz.
1360 1214 1489 1254 Quodsi
1513 1216 1673 1248 extremae
1699 1216 1800 1248 rectae
1819 1215 1917 1248 lineae
1941 1216 2054 1258 partes
2078 1214 2121 1247 ad
2141 1214 2282 1257 aequali-

1220 1276 1327 1309 tatem
1363 1276 1459 1309 nobis
1490 1274 1678 1317 redigendae
1707 1276 1800 1314 sunt,
1830 1274 1894 1308 hoc
1921 1283 1982 1318 per
2009 1276 2064 1308 ΒΒ
2093 1273 2280 1325 faciemus:

1222 1336 1384 1378 tanquam
1409 1344 1561 1368 normam
1579 1335 1668 1368 enim
1690 1334 1741 1367 illi
1765 1335 1824 1368 GD
1844 1333 1988 1377 aptando
2013 1333 2282 1376 exsuperantiam

1221 1395 1378 1428 tollemus
1398 1407 1407 1428 ι
1429 1404 1533 1438 quam
1554 1395 1599 1428 ad
1616 1395 1672 1427 AA
1700 1393 1893 1438 apponendo
1905 1420 1913 1436 ‚
1932 1393 1968 1428 id
1997 1394 2088 1438 quod
2112 1394 2206 1428 deest
2221 1393 2282 1427 ad-

1221 1453 1340 1488 demus
1358 1456 1484 1498 :atque
1501 1455 1550 1488 ita
1566 1464 1684 1488 rursus
1697 1454 1844 1497 aequales
1855 1454 1942 1488 inter
1962 1464 1997 1488 se
2010 1456 2109 1488 erunt
2123 1457 2283 1488 extremae

1222 1516 1345 1558 partes.
1379 1516 1456 1558 Ipsa
1485 1524 1566 1549 vero
1594 1524 1671 1558 quae
1701 1514 1932 1558 aequalitatem
1953 1514 2039 1547 hanc
2064 1514 2192 1548 inducit
2215 1516 2280 1554 ΒΒ,

1221 1575 1333 1608 media
1348 1575 1413 1608 erit
1434 1574 1648 1608 arithmetica
1663 1575 1874 1617 proportione
1889 1574 1981 1607 illius
1995 1574 2057 1607 DG
2073 1576 2106 1607 et
2121 1576 2177 1607 EA
2196 1585 2204 1605 :
2221 1575 2284 1609 DG

1223 1637 1311 1671 enim
1331 1638 1384 1670 ΒΒ
1412 1637 1484 1680 ipsa
1507 1637 1569 1671 DG
1594 1638 1729 1679 superat
1746 1663 1752 1675 ,
1775 1637 1829 1669 BB
1846 1637 1961 1669 autem
1975 1637 2032 1669 EA
2048 1635 2167 1670 eadem
2187 1637 2250 1671 DG
2272 1648 2280 1669 .-

1223 1696 1315 1731 idem
1333 1706 1415 1730 vero
1428 1696 1533 1730 etiam
1546 1696 1581 1729 in
1595 1697 1671 1740 J'ure
1684 1696 1870 1739 corrigendi
1890 1696 1926 1730 vi
1939 1696 2084 1740 praedito
2095 1697 2209 1730 locum
2226 1696 2285 1730 ba-

1223 1758 1323 1800 bere,
1346 1767 1388 1792 ex
1402 1756 1670 1800 praecedentibus
1695 1758 1843 1799 apparet.
1870 1758 1998 1790 Verum
2015 1757 2079 1790 hoc
2094 1757 2129 1790 in
2154 1757 2285 1790 artibus

1221 1827 1357 1862 quoque
1372 1816 1543 1859 contingit.
1563 1818 1657 1849 Tunc
1672 1816 1761 1849 enim
1778 1816 1861 1850 bene
1878 1826 1914 1850 se
1929 1816 2054 1850 habent
2070 1818 2104 1850 et
2118 1818 2281 1856 constant,

1222 1887 1329 1921 quum
1346 1877 1389 1911 iis
1412 1886 1497 1920 opus
1516 1876 1697 1915 habemus,
1719 1885 1759 1908 ac
1775 1877 1908 1909 tantum
1927 1875 2113 1910 artificibus
2128 1886 2281 1920 egemus,

1222 1939 1388 1982 quantum
1408 1937 1472 1980 ipsi
1492 1936 1637 1970 artifices
1662 1936 1717 1969 vel
1733 1936 1856 1970 laboris
1880 1936 1924 1970 ad
1951 1939 2041 1970 artes
2059 1945 2138 1970 suas
2155 1937 2285 1980 impen-

1222 1996 1308 2030 dunt
1321 1997 1376 2030 vel
1389 1996 1504 2030 damni
1523 1995 1727 2029 contrahunt
1750 2005 1758 2024 τ
1783 1996 1910 2039 quippe
1927 1996 1974 2029 ita
1999 1995 2115 2029 licebit
2133 1995 2263 2030 efficere
2274 2022 2282 2038 ‚

1223 2057 1262 2089 ut
1279 2055 1462 2089 consistant
1480 2054 1641 2096 artifices,
1660 2055 1689 2088 si
1711 2055 1866 2088 lacunam
1889 2055 1938 2088 rei
1955 2055 2131 2089 familiaris
2150 2064 2211 2098 per
2229 2065 2285 2089 eos

1222 2115 1283 2158 qui
1307 2115 1456 2158 ipsorum
1488 2116 1561 2148 arte
1582 2116 1700 2156 egent,
1725 2114 1890 2156 expleant.
1925 2115 1992 2148 Sed
2012 2115 2041 2147 si
2070 2114 2121 2147 illi
2147 2114 2283 2157 quidem

1222 2183 1357 2217 operam
1383 2175 1508 2207 navant
1534 2182 1680 2216 suasque
1704 2175 1795 2207 artes
1818 2176 1994 2215 exercent,
2014 2174 2051 2207 hi
2082 2176 2197 2208 autem
2225 2176 2284 2218 qui

1222 2243 1279 2268 eas
1296 2234 1481 2273 sustinent,
1504 2233 1540 2267 id
1555 2235 1607 2267 est
1626 2233 1687 2276 qui
1705 2233 1746 2267 iis
1762 2235 1877 2276 egent,
1898 2244 1964 2267 non
1988 2235 2036 2268 ita
2063 2234 2228 2269 sustinent
2245 2237 2284 2268 ut

1222 2293 1272 2327 illi
1287 2303 1343 2327 eas
1360 2295 1516 2340 exercent
1527 2317 1535 2333 ‚
1555 2293 1615 2327 sed
1633 2293 1741 2326 multo
1760 2294 1889 2332 minus,
1911 2293 1995 2326 nihil
2014 2294 2185 2335 obstabit,
2203 2304 2284 2338 quo-

1223 2355 1335 2388 minus
1358 2364 1473 2388 omnes
1485 2356 1633 2397 pereant.
1656 2356 1866 2398 Quapropter
1886 2355 1990 2388 ethic
2006 2356 2194 2389 necessario
2210 2365 2282 2390 me-

1221 2415 1315 2449 dium
1332 2416 1366 2448 et
1390 2407 1520 2457 aeiluale
1541 2414 1736 2457 requiritur,
1761 2415 1852 2457 quod
1874 2412 1962 2447 inter
1983 2412 2146 2448 damnum
2172 2416 2208 2448 et
2224 2414 2280 2448 lu·

1221 2484 1317 2508 crum
1337 2473 1550 2516 interjectum
1569 2473 1632 2505 est.

1263 3059 1344 3092 Haec
1356 3058 1469 3091 autem
1487 3057 1639 3097 nomina,
1655 3056 1814 3090 damnum
1829 3064 1869 3088 ac
1883 3055 2033 3096 lucrum,
2049 3054 2126 3088 licet
2148 3055 2278 3098 proprie

1222 3098 1286 3133 ‹le
1278 3099 1333 3137 iis
1354 3108 1431 3146 quae
1448 3101 1564 3140 sponte
1580 3107 1657 3130 cum
1673 3098 1747 3130 aliis
1762 3097 2001 3135 contrahimus,
2023 3097 2163 3139 negotiis
2177 3107 2277 3130 usur-

1223 3143 1300 3183 pent
1304 3150 1356 3179 ur,
1377 3140 1594 3173 nihilominus
1605 3142 1717 3172 tamen
1736 3140 1837 3173 etiam
1852 3139 1895 3172 ad
1918 3149 1973 3173 res
1990 3148 2055 3172 non
2072 3139 2277 3172 voluntarias

1222 3183 1480 3215 transieruntur.
1497 3182 1629 3214 Dicitur
1653 3182 1739 3215 enim
1757 3181 1952 3230 simpliciter
1969 3180 2109 3219 lucnari,
2127 3181 2186 3223 qui
2202 3181 2277 3222 plus

1221 3234 1324 3267 quam
1360 3227 1437 3257 ante
1468 3223 1612 3272 habebat
1637 3223 1702 3256 sibi
1730 3223 1973 3266 comparavit:
1997 3222 2187 3271 pariterque
2212 3222 2275 3254 da-

1222 3276 1338 3299 mnum
1360 3266 1486 3305 facere,
1509 3265 1569 3309 qui
1595 3265 1707 3299 minus
1736 3274 1838 3308 quam
1857 3275 1876 3297 a
1905 3264 2065 3306 principio
2087 3262 2276 3311 possidebat

1222 3308 1284 3342 sibi
1300 3307 1509 3351 acquisivit:
1534 3307 1593 3341 sed
1617 3307 1702 3341 bona
1720 3317 1865 3350 quorum
1894 3307 1927 3339 in
1955 3315 2159 3349 possessione
2181 3314 2275 3347 prius
