2508 3776
155 312 174 327 ⁷¹³
286 313 430 356 ἔσεσθαι
463 315 604 362 πάντας
621 315 700 362 τους
722 315 899 362 τοιούτους
932 315 1202 370 συλλογισμούς,

291 373 379 416 ἔτι
388 375 468 421 τους
483 376 523 414 τὸ
541 377 759 430 ἀποφατικὸν
780 377 994 427 συνάγοντας
1004 378 1043 416 οὗ
1057 376 1096 415 τὸ
1111 375 1205 416 κατὰ

192 429 433 490 διορισμον
471 434 698 488 ἐνδεχόμενον
723 436 903 488 συνάγειν,
931 436 1021 477 ἀλλὰ
1050 437 1089 476 τὸ
1111 434 1206 476 κατὰ

217 497 268 535 2'!
284 493 463 549 ἀπόφασιν
485 498 546 534 τοῦ
569 494 763 547 ἀναγκαίου
781 497 981 549 λεγόμενον,
1001 495 1024 543 ἢ
1040 495 1080 535 τὸ
1094 494 1206 535 οὐδενὶ

164 550 399 608 ᾒναγκηςῆ
417 553 458 594 τὸ
476 556 514 594 οὗ
532 553 724 600 παντὶέξ’
704 555 862 607 ανάγκης
878 555 1179 610 συναχθησεσθαι.
1190 551 1203 608 )

126 655 132 663 ,
154 653 170 661 ,,
203 627 273 656 xm.
305 616 455 668 Πρῶτον
476 606 536 654 ουν
569 613 721 653 δεικτέον
739 613 821 666 ,ὅτι
850 616 913 655 οὐκ
930 615 1148 669 ἀντιστρέφει
1166 613 1205 653 τὸ

119 671 202 720 ἓν
215 675 281 729 τῷ
293 674 500 744 ὅνδέχεσθαι
514 672 736 728 στιρητικόν.

149 719 466 828 ffssknstoteles
483 733 642 784 Analyt.
664 734 790 785 prior.
809 733 880 774 lib.
902 733 1029 786 Icap.
1050 749 1094 783 17
1115 747 1205 787 pag.

169 792 279 848 h.
284 793 337 835 35
367 792 432 834 ed.
449 793 618 832 Bekkeiu
647 793 870 832 Alexande1
886 793 1206 845 Aphrodisiensis

249 853 299 903 89
325 851 368 892 b.
388 851 474 904 (Cf.
505 851 663 891 Scholia
695 851 739 891 in
768 852 928 892 Aristot.
950 865 1042 904 pag.
1068 853 1142 890 166
1165 851 1204 893 b.

268 959 270 961 ‚
304 909 487 961 Brandis.
492 909 506 963 )
561 907 654 950 Ὅτε
682 909 851 984 περὶτῶν
875 910 970 950 κατὰ
989 910 1051 955 τὰς
1072 909 1206 963 προτά-

256 971 498 1027 ᾁνξτιστροφῶν
523 972 677 1010 ἐποιεῖτο
709 971 770 1011 τὸν
797 969 924 1022 λόγον,
949 968 1086 1015 δεικνυς
1116 969 1207 1014 τίνες

261 1029 547 1085 ἀντιστρέφουσι,
573 1029 624 1081 μὴ
655 1029 819 1083 ἀντιστρέ
846 1044 896 1068 ειν
921 1028 986 1081 μὲν
1005 1031 1114 1082 ἑαυτῃ
1139 1028 1204 1076 τὴν

192 1099 199 1122 2:
217 1096 273 1139 250
317 1088 543 1145 immin->pt
560 1089 794 1142 ἐνδεχομένην
817 1045 936 1138 grew,
966 1087 1153 1142 ὑπερέθετο
1170 1086 1206 1126 δὲ

170 1149 343 1194 αἰτίαν
359 1147 590 1190 ἃποδώσειν”
571 1164 730 1203 υστερον,
745 1164 807 1189 νυν
819 1148 856 1188 δὲ
867 1148 1054 1188 δείκνυσιν.
1113 1146 1205 1223 Περι

104 1231 131 1259 ff
139 1209 254 1262 ,Ἀσίας
269 1209 308 1250 δὲ
327 1210 560 1263 ἂντιστροφης
568 1208 684 1261 λέγει,
702 1209 860 1258 ἐδήλωσε
872 1208 1115 1264 παραθέμενος
1129 1207 1206 1253 τους

89 1268 273 1325 (mgr
279 1285 368 1324 ,περι
387 1269 459 1324 γὰρ
471 1272 534 1318 τῆς
567 1269 660 1308 κατὰ
692 1269 758 1318 τὴν
779 1269 991 1322 ὑπαλλαγὴν
1007 1272 1076 1308 τῶν
1097 1268 1204 1321 ὅρων,

118 1330 191 1378 οὗ
208 1329 293 1384 περὶ
311 1332 376 1378 τῆς
395 1331 444 1376 εἷς
461 1330 536 1382 ,τὴν
557 1329 761 1384 κατάφασιν
797 1329 1046 1385 μεταλήψεως·
1068 1329 1203 1377 ἐκείνην

89 1379 225 1446 ,fig
249 1387 490 1444 ἀναστρέφειν
527 1389 656 1429 κεῖται.
717 1388 946 1443 Θεόφραστος
984 1389 1104 1441 μέντοι
1145 1387 1206 1427 καὶ

91 1443 331 1503 mucce,
361 1451 410 1495 ὡς
429 1449 509 1488 κατ’
529 1447 643 1501 ἀρχὰς
671 1449 1008 1501 ἐμνημονεύσαμεν,
1013 1447 1208 1522 Νάντιστρέ-

102 1512 233 1565 ’ριιι
242 1508 333 1563 φασὶ
350 1507 415 1549 καὶ
434 1507 499 1556 τὴν
521 1509 672 1547 καθόλου
695 1507 918 1562 ἀποφατικὴν
946 1509 1056 1561 αυτῇ,
1085 1503 1206 1559 ωσπερ

207 1592 245 1600 -
248 1582 363 1623 ριφε
379 1566 442 1607 καὶ
460 1568 518 1615 ἡε
503 1565 716 1619 υπάρχουσα
738 1566 888 1606 καθόλου
911 1565 1118 1620 ἀποφατικὴ
1143 1564 1205 1603 καὶ

269 1626 343 1667 ία.
398 1623 489 1666 Ὅτι
527 1625 603 1666 δὲ’
583 1625 820 1679 ἀντιστρέφει,
842 1624 1056 1664 δεικνύουσιν
1077 1623 1202 1667 οὕτως.

269 1701 294 1725 α
292 1685 498 1738 ’ἐνδέχεται
515 1701 567 1739 τῳ
590 1684 622 1738 β’
643 1685 788 1735 μηδενί·
805 1685 882 1723 ἐπεὶ
906 1684 942 1723 δὲ
966 1683 1148 1737 ἐνδέχεται
1163 1681 1203 1720 τὸ

267 1744 304 1799 β’.
322 1744 460 1795 μηδενί,
481 1744 539 1784 ὅτε
559 1742 739 1797 ἐνδέχεται
756 1742 896 1795 μηδενί,
916 1742 996 1782 τότε
1016 1742 1202 1795 ἐνδέχεται

256 1807 369 1859 ἳκθαι
382 1804 424 1844 τὸ
445 1803 479 1844 α’
498 1804 640 1843 πάντων
670 1806 745 1862 τῶν.
761 1806 821 1842 τοῦ
847 1802 895 1857 β’.
955 1805 1000 1844 Εἰ
1021 1804 1057 1842 δὲ
1085 1807 1203 1851 τοῦτο,

207 1954 262 1992 07.
284 1953 437 1988 Primum
454 1953 558 1996 igitur
573 1952 818 1987 ostendendum
835 1953 904 1991 est,
927 1953 1119 1995 contingens
1135 1953 1206 1996 pri-

207 2008 210 2010 ’
251 2029 291 2043 m«
319 2022 388 2063 non
409 2013 571 2047 converti.

175 2111 177 2113 ,
209 2074 263 2107 08.
285 2073 364 2106 Jam
379 2081 460 2106 vero
485 2071 708 2115 syllogismos,
733 2072 793 2115 qui
822 2071 858 2105 in
887 2072 940 2106 his
963 2072 1079 2116 figuris
1097 2074 1203 2112 fiunt,

89 2121 114 2133 ’
145 2122 208 2176 ῥεῖ
225 2130 434 2175 syllogismos
457 2130 664 2164 universales
682 2131 798 2173 primae
825 2131 941 2173 figurae
966 2132 1082 2174 perfici
1108 2134 1142 2166 et
1163 2131 1207 2165 ad

83 2195 93 2208 ”
143 2186 211 2230 iius
236 2190 356 2226 Marri
383 2199 426 2224 ex
452 2190 624 2234 praedictis
649 2192 791 2223 constat.
819 2191 961 2224 Omnino
987 2193 1100 2224 autem
1126 2201 1206 2224 ean-

73 2247 110 2293 »ξ’ῗ,
146 2250 328 2287 &2oeae
349 2250 513 2284 rationem
536 2250 686 2283 omnium
717 2250 1002 2293 syllogismorum,
1027 2259 1116 2283 nunc
1141 2251 1206 2284 erit

74 2302 378 2357 ”ῗςμορίωω,
411 2318 520 2352 quum
542 2318 676 2342 omnem
701 2309 931 2352 syllogismum
964 2309 999 2343 in
1031 2309 1142 2353 aliqua
1166 2320 1207 2343 ex

201 2369 334 2418 §turris
355 2368 474 2403 confici
489 2368 757 2402 demonstratum
774 2368 890 2403 fuerit.

206 2412 264 2483 ffi-
284 2429 333 2464 ‚u
345 2438 428 2463 vero
445 2438 657 2472 unaquaeque
674 2429 796 2462 harum
813 2429 918 2462 trium
939 2429 1122 2472 figurarum
1144 2431 1208 2463 ha-

74 2505 130 2532 :A
204 2474 291 2524 iub
307 2497 345 2527 se
359 2488 475 2532 plures
499 2488 768 2532 syllogismorum
795 2488 929 2528 modos,
956 2490 995 2521 ut
1021 2489 1113 2522 modi
1142 2489 1206 2522 sub

147 2534 432 2593 witam,
450 2549 491 2582 ut
513 2550 592 2582 sunt
610 2547 736 2592 species
760 2548 824 2581 sub
843 2548 913 2582 suis
931 2548 1118 2590 generibus.
1138 2550 1208 2582 Ha-

66 2611 104 2640 ts?
210 2607 325 2651 ’,ς-Μ
330 2607 558 2665 pfimafigura
583 2608 647 2642 sub
673 2617 709 2642 se
728 2608 906 2642 Aristotele
930 2610 1066 2642 auctore
1086 2609 1208 2642 modos

144 2652 332 2716 Q.
342 2668 403 2704 sal
430 2668 678 2712 Ibeophrastus
708 2668 762 2702 vel
792 2668 972 2702 Eudemus
1005 2678 1106 2712 super
1146 2669 1207 2701 hos

268 2719 272 2723 ’
302 2727 472 2772 quinque
500 2729 583 2762 alios
610 2728 727 2762 modos
752 2728 881 2762 addunt
905 2729 1082 2762 Aristotele
1107 2729 1207 2762 dante

288 2796 347 2823 um
360 2788 397 2823 in
415 2787 561 2822 secundo
583 2788 735 2832 priorum
754 2788 1004 2832 Analyticorum
1019 2790 1202 2829 volumine,

203 2884 209 2885 ι
265 2846 389 2882 melius
411 2847 626 2892 postmodum
647 2847 881 2890 explicabitur.
909 2848 1063 2882 Secunda
1098 2849 1204 2890 figura

202 2948 225 2954 .,
266 2906 332 2948 8113)
346 2915 385 2943 ⁸8
399 2903 546 2951 quatuor
558 2906 692 2946 modos,
707 2907 808 2940 tertia
826 2916 907 2940 vero
926 2909 1063 2940 auctore
1076 2907 1206 2940 Aristo-

221 2974 314 3015 ‚m
325 2965 455 3008 addunt
469 2967 572 3001 etiam
593 2966 651 3000 alii
669 2976 791 3006 uuum,
810 2966 897 2999 sicut
912 2966 983 3009 ipse
1000 2967 1206 3010 Porphyrius

109 3031 115 3041 ‘
359 3026 487 3061 scilieet
517 3035 680 3070 soquens3
710 3028 744 3060 et
768 3026 944 3069 quoniam,
964 3027 1003 3059 ut
1036 3027 1206 3069 superiore

223 3084 390 3127 «Ιίοῑιιιιι
413 3088 484 3126 est,
507 3086 582 3119 aliae
601 3085 842 3129 propositiones
868 3085 1081 3119 affimativa)
1107 3088 1202 3125 suut,

203 3171 224 3192 4
241 3146 434 3190 ,negativam
465 3148 500 3180 et
522 3146 645 3180 harum
671 3147 745 3180 aliae
770 3146 993 3185 universales,
1019 3146 1093 3180 aliae
1125 3155 1206 3179 vero

142 3205 390 3254 mulares
415 3205 600 3240 secundum
624 3215 681 3241 eas
700 3206 790 3249 ipsas
810 3205 1049 3249 propositiones
1074 3205 1206 3248 syllogi-

149 3270 300 3317 wrm
317 3264 612 3308 conclusionesque
625 3265 823 3308 Junguntur.
846 3266 998 3307 Namque
1023 3263 1140 3307 primae
1163 3264 1204 3298 fi-

144 3327 248 3373 'm
254 3325 394 3366 primus
408 3323 529 3357 ‘rmdus
553 3326 604 3358 est
623 3324 682 3367 qui
699 3324 738 3357 fit
766 3334 808 3358 ex
835 3323 967 3357 duabus
1006 3323 1205 3358 universali-

100 3410 104 3416 .
150 3379 218 3421 hun
234 3381 461 3426 affirmativis,
479 3377 703 3417 universalem
726 3384 966 3417 affirmativam
982 3383 1150 3426 colligens.
1170 3384 1206 3418 Si

51 3441 58 3452 '
151 3441 239 3486 uun
253 3441 356 3479 fucrit
382 3443 411 3476 A
430 3443 594 3477 terminus
609 3444 644 3477 in
664 3444 754 3477 omni
775 3445 801 3477 B
821 3443 979 3483 termino,
999 3445 1034 3477 et
1050 3443 1079 3476 si
1091 3445 1117 3476 Β
1137 3445 1206 3478 ter-

150 3498 263 3535 minus
277 3499 319 3536 de
333 3500 422 3535 omni
439 3501 464 3537 G
482 3501 624 3536 termino
640 3502 743 3536 fuerit
758 3502 976 3546 praedicatus,
998 3502 1025 3536 Α
1042 3502 1204 3538 terminus

1071 226 1390 269 FRAGMENTA
1399 257 1411 269 .

2236 230 2313 270 281

1266 314 1368 356 ἔσται
1385 315 1447 356 καὶ
1475 316 1516 357 τὸ
1540 316 1573 370 β’
1587 320 1656 356 τῶν
1678 316 1711 357 α’
1733 315 2006 370 ἀπεζευγμένον.
2065 317 2109 356 Εἰ
2133 313 2170 356 δὲ
2191 319 2316 365 τοῦτο,

1266 375 1328 414 καὶ
1352 377 1392 416 τὸ
1425 375 1457 429 β’
1480 377 1659 430 ἐνδέχεται
1682 379 1732 431 τῷ
1761 376 1795 415 α’
1818 376 1957 428 μηδενί.
2015 374 2140 416 Ἔοικε
2163 374 2201 415 δὲ
2223 374 2317 430 Ἀρι-

1267 436 1434 484 στοτέλης
1453 435 1589 490 βέλτιον
1608 438 1721 475 αὐτῶν
1742 436 1856 488 λέγειν
1868 467 1878 485 ,
1900 435 1950 487 μὴ
1967 434 2112 490 φάσκων
2128 436 2315 488 ἀντιστρέ-

1270 509 1347 547 φειν
1367 494 1430 542 τὴν
1452 495 1603 534 καθόλου
1627 495 1848 549 ἀποφατικὴν
1864 494 2099 570 ἐνδεχομένην
2118 497 2230 549 ἑαυτῇ
2248 493 2315 544 τὴν

1267 554 1360 594 κατὰ
1381 554 1439 593 τὸν
1461 554 1764 609 διορισμόν.οὐ
1789 554 1857 608 γὰρ
1872 553 1905 593 εἴ
1920 554 1953 593 τί
1972 569 2063 598 τινος
2085 554 2320 603 ἀπέζευκται,

1266 613 1334 662 ἤδη
1356 615 1417 654 καὶ
1436 615 1673 677 ἐνδεχομέναις
1694 616 1908 661 ἀπέζευκται
1926 615 2045 654 αὐτου.
2060 614 2076 668 >

1323 688 1390 715 108.
1412 674 1500 715 “Ort
1522 675 1584 727 μὲν
1604 677 1662 714 οὖν
1687 677 1755 714 οῖ’
1740 691 1775 715 εν
1802 674 1936 719 τούτοις
1966 679 2037 718 τοῖς
2056 674 2221 726 σχήμασι
2239 672 2322 712 συλ-

1267 734 1431 786 λογισμοὶ
1457 737 1673 774 τελειοῦνται
1704 733 1764 774 διὰ
1783 737 1852 773 τῶν
1876 736 1911 773 ἐν
1931 735 1981 772 τῶ
2000 733 2132 786 πρώτῳ
2159 732 2322 785 σχήματι

1266 793 1416 832 καθόλου
1438 795 1687 846 συλλογισμῶν
1709 810 1771 832 και
1795 796 1842 838 εἷς
1861 792 2005 837 τούτους
2030 793 2233 845 ἀνάγονται,
2255 795 2322 840 δῆ-
2389 838 2392 841 Δ

1265 853 1325 891 λον
1349 853 1388 890 ἐκ
1407 853 1476 890 τῶν
1494 852 1689 905 εἰρημένων
1702 868 1711 876 ·
1736 851 1789 890 ὅτι
1809 851 1839 890 δ’
1856 853 1976 896 ἁπλῶς
1998 857 2067 896 πᾶς
2088 852 2322 903 συλλογισμὸς

1266 910 1485 959 οὕτωςιὲξει,
1507 915 1566 949 νῦν
1589 910 1688 950 ἔσται
1709 910 1871 966 φανερόν,
1893 910 1976 950 ὅταν
1998 913 2119 964 δειχθῇ
2136 917 2206 957 πᾶς
2226 911 2320 964 γινό-

1267 986 1369 1022 μενος
1392 969 1448 1009 διὰ
1465 969 1597 1008 τούτων
1614 970 1707 1014 τινὸς
1719 973 1788 1009 τῶν
1810 970 2021 1022 σχημάτων.

1323 1028 1574 1082 (Aristoteles
1595 1030 1754 1080 Analyt.
1774 1029 1898 1080 prior.
1921 1029 1991 1068 lib.
2015 1028 2032 1066 1
2057 1043 2142 1081 cap.
2161 1030 2210 1068 23
2231 1043 2321 1082 pag.

1267 1094 1317 1135 4ο
1336 1087 1378 1129 b.
1406 1103 1450 1137 17
1474 1088 1927 1140 ed.Bekke1.sc11pt01
1945 1089 2104 1138 ignotus
2119 1089 2224 1141 apud
2243 1090 2327 1128 Me-

1265 1161 1356 1186 nam
1368 1151 1473 1208 προθ.
1497 1147 1546 1186 ad
1571 1147 1742 1186 Galeni'
1731 1160 1917 1196 lsagogen
1937 1160 1977 1197 p.
1998 1161 2073 1185 νστ.
2094 1146 2192 1200 παρὰ
2212 1162 2326 1187 ταυτα

1266 1206 1330 1257 μὲν
1350 1209 1408 1245 οὖν
1428 1205 1544 1258 ἕτερον
1567 1221 1692 1258 σχημα
1709 1205 1870 1257 γενέσθαι
1892 1204 2154 1256 συλλογιστικον
2186 1205 2323 1243 ἀδύνα-

1269 1282 1327 1305 τον
1343 1264 1437 1311 ἔδοξε
1451 1267 1501 1319 τῶ
1513 1281 1551 1304 τε
1567 1265 1800 1319 Ἀριστοτέλει
1819 1280 1881 1303 και
1895 1279 1968 1308 τοις
1981 1263 2062 1317 περὶ
2079 1263 2195 1303 αὐτόν.
2226 1264 2324 1304 Ἀδύ-

1270 1341 1376 1365 νατον
1393 1324 1461 1378 γὰρ
1474 1324 1536 1364 καὶ
1557 1324 1669 1372 ἄλλην
1689 1323 1768 1363 τινὰ
1791 1323 1913 1376 σχέσιν
1932 1322 2032 1376 παρὰ
2052 1322 2115 1367 τὰς
2135 1322 2324 1376 εἷρημενας

1267 1387 1302 1424 ἐν
1334 1385 1449 1438 τρισὶν
1470 1384 1560 1438 ὅροις
1584 1383 1643 1423 τὸν
1664 1383 1770 1436 μέσον
1791 1382 1870 1437 ὅρον
1892 1382 1979 1436 πρὸς
1998 1382 2076 1427 τοὺς
2102 1383 2162 1421 δύο
2191 1398 2322 1422 συντα-

1266 1447 1395 1498 χθῆναι
1410 1443 1488 1488 τοὺς
1506 1443 1645 1496 ἄκρους.
1704 1442 1932 1496 Θεόφραστος
1945 1441 1981 1481 δὲ
2001 1442 2060 1481 καὶ
2081 1441 2246 1492 Εὔδημος
2264 1442 2326 1481 καί

1265 1520 1362 1548 τινας
1381 1503 1500 1556 ἑτέρας
1532 1502 1696 1553 συζυγίας
1724 1501 1823 1555 παρὰ
1844 1500 1906 1545 τὰς
1939 1501 2138 1546 ἐκτεθείσας
2157 1503 2207 1539 τῶ
2237 1500 2329 1553 Ἀρι-

1267 1561 1425 1600 στοτέλει
1444 1562 1715 1619 προστεθείκασι
1732 1563 1782 1614 τῷ
1774 1561 1943 1634 πρώτῳ
1950 1576 2122 1613 σχηματι,
2138 1559 2177 1604 ἃς
2193 1558 2254 1598 καὶ
2272 1559 2310 1598 τέ
2311 1582 2330 1590 -

1265 1636 1392 1674 ταρτον
1402 1623 1585 1661 ἀποτελεῖν
1608 1624 1734 1674 σχῆμα
1750 1623 1820 1659 τῶν
1833 1636 1941 1660 νεωτε
1927 1620 2015 1672 ’ρων
2038 1618 2203 1673 ᾠήθησάν
2219 1634 2324 1669 τινες,

1268 1681 1314 1724 ὡς
1333 1679 1428 1733 πρὸς
1437 1679 1578 1733 πατέρα
1598 1680 1662 1728 τὴν
1683 1679 1784 1726 δόξαν
1805 1679 1864 1719 τὸν
1894 1681 1924 1719 l
1928 1678 2055 1728 αληνὸν
2060 1678 2326 1733 ἀναφέροντες.

1265 1739 1324 1780 Cf.
1340 1739 1488 1781 Prantl.
1513 1741 1540 1781 l.
1559 1754 1594 1778 c.
1618 1754 1656 1793 p.
1673 1741 1795 1792 572.)

1267 1953 1309 1988 de
1328 1954 1419 1987 omni
1445 1955 1470 1988 G
1491 1953 1634 1987 termino
1650 1952 1900 1996 praedicabitur.
1923 1953 2076 1994 Namque
2099 1951 2127 1983 A
2149 1950 2273 1983 bonum
2290 1949 2329 1982 'si

1267 2016 1471 2058 praedicetur
1488 2015 1530 2049 de
1546 2015 1636 2048 omni
1651 2015 1677 2047 Β
1691 2015 1801 2057 justo,
1821 2016 1860 2046 ut
1878 2013 1922 2047 sit
1943 2022 2041 2046 omne
2056 2013 2187 2056 justum
2204 2012 2328 2045 bonum

1269 2077 1336 2115 est,
1359 2078 1386 2109 B
1410 2085 1490 2109 vero
1515 2075 1647 2118 justum
1670 2074 1698 2107 si
1721 2074 1763 2107 de
1780 2074 1805 2107 G
1822 2073 2025 2117 praedicetur
2044 2072 2189 2111 virtute,
2221 2073 2261 2104 ut
2283 2072 2328 2105 sit

1267 2134 1375 2167 omnis
1390 2134 1500 2167 virtus
1512 2134 1644 2176 justum
1679 2134 1748 2172 est,
1773 2131 1960 2166 necessario
1988 2131 2199 2164 concluditur
2216 2132 2328 2164 extre-

1267 2193 1444 2226 mitatibus
1462 2192 1505 2225 ad
1519 2201 1554 2226 se
1568 2192 1712 2225 invicem
1729 2191 1940 2234 praedicatis,
1962 2190 1998 2223 id
2017 2192 2085 2229 est,
2112 2191 2139 2222 A
2155 2191 2188 2223 et
2218 2191 2243 2224 G
2256 2216 2264 2229 ,
2288 2192 2327 2223 ut

1269 2251 1312 2284 sit
1326 2250 1436 2292 omnis
1449 2251 1559 2284 virtus
1576 2250 1702 2284 bonum
1715 2251 1776 2283 est.
1797 2251 1882 2283 Sunt
1901 2249 2004 2292 igitur
2016 2249 2118 2291 hujus
2131 2248 2223 2282 modi
2245 2258 2326 2292 pro-

1267 2310 1447 2353 positiones
1463 2311 1564 2352 atque
1583 2309 1768 2348 conclusio,
1799 2309 1828 2342 si
1846 2310 1873 2341 Α
1895 2308 1930 2341 in
1949 2308 2038 2341 omni
2060 2310 2087 2341 Β
2103 2308 2224 2348 fucrit,
2244 2310 2279 2342 et
2299 2309 2326 2341 B

1267 2369 1303 2402 iu
1323 2369 1413 2402 omni
1439 2370 1463 2403 C
1487 2368 1607 2408 fuerit,
1626 2370 1654 2401 A
1669 2368 1833 2401 terminus
1857 2367 1898 2401 de
1916 2367 2007 2400 omni
2026 2368 2050 2401 G
2073 2367 2322 2410 praedicabitrur,

1267 2428 1303 2462 id
1322 2430 1373 2461 est
1388 2437 1491 2461 om‘ne
1501 2429 1642 2469 justum
1657 2428 1785 2477 bonum
1807 2429 1869 2467 est,
1884 2429 1992 2460 omnis
2008 2429 2120 2460 virtus
2132 2427 2235 2468 justa
2260 2430 2324 2461 est.

1268 2491 1302 2523 et
1321 2489 1488 2523 conclusio
1514 2491 1626 2522 omnis
1650 2491 1763 2530 iqicur
1781 2490 1897 2523 virtus
1914 2489 2043 2522 bonum
2062 2490 2123 2522 est.
2144 2490 2188 2521 Et
2202 2488 2259 2522 hic
2275 2491 2328 2524 est

1267 2549 1383 2592 primae
1396 2550 1514 2592 figurae
1534 2548 1656 2582 modus
1671 2548 1811 2591 primus.

1310 2608 1491 2642 Secundus
1511 2617 1592 2642 vero
1618 2607 1740 2641 modus
1757 2607 1874 2651 primae
1898 2607 2014 2650 figurae
2038 2609 2105 2647 est,
2125 2607 2258 2650 quoties
2285 2617 2327 2641 etr

1268 2668 1374 2711 prima
1390 2667 1571 2702 universali
1589 2667 1744 2710 negativa
1760 2668 1794 2701 et
1808 2666 1954 2701 secunda
1970 2667 2153 2700 universali
2172 2667 2325 2700 affirma-

1266 2728 1337 2761 tiva
1352 2727 1518 2761 conclusio
1534 2727 1714 2761 universali
1729 2726 1904 2769 negatione
1923 2726 2101 2769 colligitur.
2121 2726 2157 2760 Si
2171 2725 2260 2760 enim
2279 2727 2325 2759 sit

1267 2787 1294 2819 A
1309 2786 1453 2825 malum,
1472 2787 1498 2819 B
1516 2785 1657 2826 bonum,
1674 2786 1699 2820 G
1723 2785 1871 2828 justum,
1898 2786 1926 2818 A
1941 2785 2106 2819 terminus
2126 2785 2169 2819 de
2193 2785 2286 2818 nullo
2298 2787 2325 2818 B

1269 2845 1410 2879 termino
1425 2844 1679 2888 praefficabitur3
1699 2844 1831 2878 nullum
1857 2844 1946 2877 enim
1963 2844 2086 2878 bonum
2109 2844 2236 2877 malum
2255 2844 2322 2882 est,

1268 2907 1294 2939 B
1309 2915 1390 2940 vero
1405 2905 1569 2939 terminus
1585 2904 1627 2938 de
1642 2904 1735 2938 omni
1750 2905 1776 2939 G
1793 2904 1937 2938 termino
1953 2903 2209 2947 praedicabitur;
2228 2913 2326 2938 omne

1268 2965 1356 2999 enim
1377 2965 1507 3008 justum
1534 2964 1660 2998 honum
1681 2965 1751 3006 est;
1775 2971 1881 3006 quare
1914 2963 2091 3005 coll-igitur,
2116 2962 2247 2996 nullum
2268 2963 2326 3005 Ju-

1268 3027 1358 3059 stum
1383 3025 1511 3059 malum
1531 3025 1598 3063 est,
1620 3025 1655 3057 et
1672 3024 1725 3058 est
1744 3023 1809 3057 hoc
1837 3022 1937 3057 modo
1963 3033 1972 3056 ε
2002 3022 2033 3055 si
2053 3023 2081 3055 Α
2099 3021 2262 3056 terminus
2283 3021 2325 3055 de

1267 3084 1359 3117 nullo
1373 3085 1400 3117 B
1419 3083 1561 3117 termino
1575 3082 1788 3126 preadicatur,
1806 3084 1832 3116 B
1849 3091 1930 3116 vero
1952 3081 2115 3115 terminus
2131 3081 2173 3114 de
2188 3081 2279 3114 omui
2296 3081 2321 3114 G

1267 3145 1369 3178 fuerit
1383 3145 1594 3188 praedicatus,
1616 3145 1644 3178 A
1659 3144 1823 3178 terminus
1850 3143 1892 3177 de
1910 3143 2003 3176 nullo
2029 3143 2053 3177 C
2069 3142 2319 3186 praedicabitur,

1266 3206 1306 3237 ut
1325 3206 1376 3238 est
1393 3205 1533 3238 nullum
1547 3203 1676 3238 bonum
1691 3204 1824 3238 malum
1838 3206 1889 3237 est
1900 3229 1909 3245 ,
1925 3202 2179 3244 omnejusczcm
2192 3202 2322 3236 bonum

1265 3265 1318 3297 est
1331 3285 1341 3300 .
1363 3264 1504 3298 nullum
1522 3265 1633 3307 iyitur
1642 3263 1786 3305 justum
1808 3263 1947 3297 malum
1967 3265 2028 3297 est.

1311 3325 1452 3358 Tertius
1485 3332 1566 3358 vero
1594 3323 1716 3357 modus
1742 3323 1862 3367 primae
1894 3322 2011 3364 figurae
2033 3321 2101 3360 est,
2122 3319 2255 3364 quoties
2281 3328 2324 3353 ex

1267 3382 1448 3418 universali
1465 3382 1664 3417 affinnativa
1686 3383 1719 3416 et
1734 3381 1926 3425 particulari
1943 3379 2144 3414 affirmativa
2173 3377 2324 3422 particu-

1273 3443 1355 3477 laris
1386 3443 1597 3478 affirmativa·
1620 3442 1796 3485 colligitur.
1820 3444 1904 3475 Nam
1929 3441 1957 3474 si
1983 3441 2010 3473 Α
2034 3439 2144 3473 virtus
2169 3437 2212 3472 de
2233 3437 2323 3472 omni

1265 3504 1293 3538 B
1304 3529 1312 3544 ,
1340 3503 1376 3539 id
1393 3505 1445 3538 est
1470 3503 1571 3546 bonog
1590 3502 1805 3548 praedicetur,
1827 3502 1860 3535 et
1875 3503 1901 3535 B
1917 3500 2041 3536 bonum
2056 3498 2098 3533 de
2114 3497 2261 3544 quodam
2280 3497 2318 3538 G,
