2508 3776
249 186 329 227 538

247 274 307 313 καὶ
342 272 542 325 συγχαίρειν
577 271 728 316 οἰκείως·
754 270 815 310 καὶ
844 273 948 311 τοῦτο
980 270 1015 310 δὲ
1046 273 1229 325 χαλεπόν,
1254 275 1283 312 εἷ

247 334 387 376 πολλοῖς
406 347 456 375 τις
478 331 654 383 χρήσαιτο
686 330 813 383 φίλοις.
843 332 995 371 Πολλῶν
1026 331 1094 385 γὰρ
1116 331 1225 372 ὄντων
1254 334 1286 372 οἱ

247 393 310 443 μὲν
330 390 531 444 χαίρουσιν,
552 391 583 428 οἱ
599 388 635 428 δὲ
653 389 821 442 ἄχθονται
844 389 936 429 κατὰ
957 390 1109 430 ταύτόν·
1130 392 1190 431 καὶ
1209 391 1284 431 δέον

246 466 303 488 τον
266 449 422 547 ονφίλον
445 447 658 522 ἐπιμερίζειν
688 448 809 487 ἑαυτὸν
831 448 1024 502 ἑκατέροις·
1047 450 1084 489 τὸ
1111 450 1146 490 δὲ
1165 451 1289 491 ἐπίπο-

341 504 446 552 Ἴσως
461 500 580 547 οῧντ
542 523 579 546 ευ
600 507 672 560 ἔχει
693 507 742 559 μὴ
759 508 873 556 ζητεῖν
887 509 1021 562 σφόδρα
1038 509 1286 564 πολυφιλώτα-

245 582 303 605 τον
266 524 426 613 ονεἶναι,
444 566 534 606 ἀλλὰ
556 566 737 612 τοσούτους
748 567 1013 620 παραδέχεσθαι
1033 568 1171 623 φίλους,
1197 568 1288 614 ὅσοις

245 626 419 677 δυνάμεθα
437 627 559 675 συζῆν,
578 625 638 664 καὶ
655 626 914 680 συνημερεύειν,
931 626 992 666 καὶ
1010 629 1209 679 συναλγεῖν,
1227 627 1288 667 καὶ

245 686 455 739 συγχαίρειν.
469 685 575 725 Ούτω
591 685 627 724 δὲ
640 688 793 739 χρῆσθαι
808 685 951 730 πολλοις
965 687 1025 725 οὐκ
1037 685 1214 738 ἐνδέχεται
1230 686 1287 726 διὰ

245 760 361 791 τουτο,
397 743 474 783 οὐδὲ
494 743 586 783 κατὰ
606 743 669 791 τὴν
690 743 859 797 ἐρωτικὴν
879 744 999 799 φιλίαν
1032 745 1171 784 πολλῶν
1194 746 1286 784 ἑνδέ·

244 819 346 856 χεται
366 803 462 876 φίλρν
483 797 586 844 εἶναι.
609 802 658 843 Ἡ
677 804 744 856 γὰρ
768 803 915 856 ἐρωτικὴ
935 803 1050 857 φιλίας
1071 803 1199 842 ἐστὶν““
1185 819 1288 858 υπερ-

246 861 355 911 ὅολή,
380 861 440 900 καὶ
461 861 518 900 διὰ
539 866 639 901 τοῦτο
667 877 751 914 προς
779 862 839 901 ἕνα
867 861 1010 901 δύναται
1039 861 1204 915 γίνεσθαι·
1224 863 1284 902 τὸν

243 920 317 959 ἴσον
338 920 380 968 δὴ
400 919 527 973 τρόπον
543 921 640 960 καῖ’
625 921 682 960 επὶ
708 939 768 969 της
790 925 867 961 κατ’
908 923 1035 976 ἀρετὴν
1063 925 1178 979 φιλίας
1196 927 1281 965 πολ·

245 978 323 1022 λοὺς
358 979 491 1032 σφόδρα
527 982 658 1033 φιλεῖν,
697 997 756 1020 και
781 981 827 1020 τὰ
861 983 982 1036 φιλικὰ
1015 984 1131 1023 πάντα
1163 984 1284 1030 σώζειν

244 1038 322 1090 περὶ
345 1038 468 1083 αὐτους
490 1041 553 1078 οὐκ
588 1039 790 1092 ἐνδέχεται,
812 1041 941 1094 ὀλίγοις
962 1042 997 1080 δὲ
1025 1042 1115 1082 ουτω
1142 1043 1281 1096 χρήσα-

245 1100 324 1136 σθαι
345 1098 502 1138 δυνατόν·
523 1098 656 1144 τούτοις
674 1098 710 1139 δὲ
730 1102 799 1143 τοῖς
818 1100 931 1152 λόγοις
946 1101 1005 1140 καὶ
1022 1101 1066 1141 τὰ
1087 1103 1282 1155 πράγματα

243 1163 437 1210 μαρτυρεῖ·
473 1160 511 1197 οὗ
540 1158 608 1211 γὰρ
644 1158 799 1210 γίνονται
834 1160 927 1213 φίλοι
960 1161 1083 1200 πολλοὶ
1111 1162 1202 1200 κατὰ
1221 1161 1284 1208 τὴν

245 1215 424 1268 ἑταιρικὴν
442 1216 559 1270 φιλίαν
577 1233 585 1241 ·
607 1219 686 1256 ἀλλ’
705 1220 742 1256 αἱ
771 1218 926 1269 μάλιστα
948 1219 1163 1271 ὑμνούμεναι
1183 1222 1285 1259 ἑται-

245 1275 339 1327 ρικαὶ
359 1274 471 1328 φιλίαι
491 1277 525 1314 ἐν
548 1276 626 1315 δυσὶ
646 1276 806 1328 γενέσθαι
825 1277 1001 1329 λέγονται.

300 1335 320 1355 '⁶
337 1335 385 1373 Οἱ
406 1333 442 1372 δὲ
459 1334 643 1388 πολύφιλοι
663 1334 722 1373 καὶ
741 1340 847 1374 πᾶσιν
862 1335 996 1381 οἰκείως
1018 1337 1281 1391 ἐντυγχάνοντες

244 1391 305 1431 καὶ
325 1392 347 1430 ἃ
368 1392 419 1431 δεῖ
450 1392 587 1446 ἑκάστῳ
606 1396 673 1431 τῶν
707 1394 859 1433 πολιτῶν
879 1394 938 1433 καὶ
958 1394 1070 1447 λόγοις
1099 1396 1159 1435 καὶ
1179 1395 1288 1448 ἔργοις

245 1450 448 1504 ἀποδιδόναι
467 1453 648 1497 δοκοῦντες
669 1451 781 1491 οὐδενὶ
800 1452 893 1506 φίλοι
913 1453 978 1492 εἶσὶ
995 1454 1057 1501 τὴν
1075 1455 1204 1508 ἅκριὸῆ
1228 1455 1286 1494 καὶ

243 1511 356 1557 ἀληθῆ
382 1510 499 1563 φιλίαν
516 1526 523 1535 ·
546 1509 637 1549 ἀλλὰ
659 1509 796 1563 φίλοι
779 1527 819 1549 αν
834 1511 991 1585 λέγοιντρ
1010 1512 1072 1560 τὴν
1094 1515 1286 1566 λεγομένην

242 1567 426 1615 πολιτικὴν
457 1568 588 1622 φιλίαν.
628 1568 772 1608 Ἰούτων
804 1569 839 1607 δὲ
870 1573 900 1609 οἳ
939 1570 1002 1622 μὲν
1012 1569 1188 1645 ἄρεσκοί..
1197 1573 1281 1622 εἶσι,

243 1627 359 1666 πάντα
379 1629 449 1671 τοῖς
470 1631 611 1667 συνοῦσι
638 1628 883 1681 χαριζόμενοι,
904 1630 983 1683 περὶ
1008 1634 1056 1669 ὢν
1081 1632 1113 1668 ἐν
1135 1631 1204 1675 τοῖς
1222 1630 1287 1682 ἔμ-

243 1689 390 1739 προσθεν
411 1685 569 1738 εἴρηται·
588 1688 619 1725 οι
641 1687 714 1726 δὲ’
699 1688 860 1733 επιεικεῒς
894 1690 983 1739 εἰσι,
1003 1691 1062 1728 καὶ
1094 1689 1178 1742 πρὸς
1198 1689 1287 1737 ἀλή-

244 1749 337 1784 θειαν
362 1744 494 1784 σύνεισι
520 1746 580 1786 καὶ
604 1745 643 1784 τὸ
664 1746 815 1797 ἀγαθόν,
839 1746 872 1786 οἳ
900 1748 959 1787 καὶ
983 1747 1075 1801 φίλοι
1098 1749 1287 1787 καλοῦνται

245 1804 302 1843 διὰ
323 1803 386 1851 τὴν
409 1804 494 1858 πρὸς
514 1805 577 1852 τὴν
608 1804 724 1858 φιλίαν
748 1807 936 1856 ὁμοιότητα
952 1838 962 1856 ,
981 1807 1041 1845 καί
1069 1808 1136 1846 εἶσι
1158 1806 1288 1858 μεταξὺ

243 1867 312 1902 τῶν
330 1879 366 1902 τε
385 1865 541 1917 ἀρέσκων
570 1864 630 1903 καὶ
650 1867 718 1903 τῶν
740 1865 916 1905 δυσκόλων
949 1866 1142 1915 ἐπαινετοί,
1176 1869 1289 1920 ἀμφο-

246 1922 354 1976 τέρων
376 1924 539 1976 ψεκτῶν,
577 1923 692 1967 καθὼς
728 1926 762 1963 ἐν
796 1926 846 1977 τῷ
870 1925 983 1978 ὀγδόῳ
1015 1925 1197 1979 κεφαλαίῳ
1227 1929 1287 1964 τοῦ

244 1982 413 2036 τετάρτου
436 1982 573 2034 βιὸλίου
602 1982 816 2030 διείληπται.
867 1983 1052 2029 Τοιούτους
1075 1984 1137 2036 μὲν
1155 1981 1213 2023 οὖν
1231 1985 1290 2039 φί-

243 2045 322 2087 λους
347 2041 495 2086 πολλοὺς
516 2042 556 2080 ἄν
577 2058 627 2086 τις
645 2042 760 2096 εὕροι·
776 2042 854 2087 τοὺς
871 2043 906 2082 δὲ
924 2044 1050 2098 κυρίως
1067 2044 1186 2097 φίλους
1207 2045 1291 2095 ἀγα-

243 2102 354 2151 πητὸν
376 2101 435 2140 καὶ
455 2101 590 2154 ὀλίγους
611 2103 734 2155 εὑρεῖν.

299 2163 465 2215 (Scripsi
488 2178 497 2200 ι
518 2169 533 2186 ⁸
552 2161 748 2214 χρῄζουσι]
780 2163 867 2204 cod.
900 2162 1082 2217 χρήζουσι.
1113 2187 1165 2193 -
1192 2165 1211 2188 ¹³
1229 2180 1286 2204 το-

245 2224 384 2273 σοῦτοι]
408 2222 494 2262 cod.
515 2225 696 2262 τοσοῦτον.
713 2222 791 2274 -)

671 2347 763 2399 Κεφ.
799 2345 858 2386 ιδ’.

244 2468 386 2511 Πότερον
401 2468 432 2500 ἐν
453 2467 612 2509 εὐτυχίαις
635 2468 732 2509 φίλων
752 2469 871 2510 μᾶλλον
892 2469 941 2501 δεῖΙ
954 2469 973 2508 ἢ
1000 2468 1031 2501 ἐν
1052 2468 1213 2511 ἀτυχίαις,
1235 2469 1288 2502 καὶ

287 2516 335 2547 ὅτι
353 2516 390 2547 τὸ
407 2517 504 2554 συζῆν
533 2515 711 2548 ῖδιαίτατον
732 2515 823 2558 ἔργον
847 2516 879 2548 ἐν
909 2516 1023 2558 φιλίαις
1048 2516 1232 2550 σπουδαίων
1251 2528 1286 2550 τε

286 2563 339 2593 καὶ
358 2563 494 2603 φαύλων.

300 2661 342 2684 **
364 2661 467 2701 Ἐπεὶ
500 2662 535 2701 δὲ
566 2663 617 2701 δεῖ
637 2663 745 2717 φίλων
772 2666 844 2708 τοῖς
864 2680 901 2703 τε
929 2663 1111 2715 εὐδαίμοσι
1132 2664 1192 2704 καὶ
1217 2668 1287 2710 τοῖς

247 2720 434 2773 δυστυχέσι
451 2751 461 2772 ,
489 2721 654 2769 ζητητέον
675 2722 858 2775 ποτέροις
851 2724 982 2763 μᾶλλον
1004 2724 1121 2771 δεήσει
1141 2727 1210 2764 τῶν
1231 2725 1288 2779 φί-

246 2782 332 2820 λων.
356 2779 405 2820 Οἵ
422 2795 460 2818 τε
479 2781 545 2857 γὰρ
568 2782 790 2859 ἀτυχοῦντᾙες
798 2782 931 2821 δέονται
953 2799 1012 2830 της
1025 2784 1123 2836 παρὰ
1144 2787 1211 2823 τῶν
1232 2785 1286 2838 φί-

248 2845 356 2882 λων
338 2844 566 2904 επικουρίας,
588 2842 623 2881 οι
639 2859 676 2881 τε
694 2845 914 2920 εὖδαίμρνες
915 2850 964 2889 οἱς
993 2847 1199 2895 συζησουσι,
1223 2847 1284 2886 καὶ

247 2901 305 2946 οὓς
322 2905 358 2940 εὖ
381 2903 599 2949 ποιήσουσιν·
616 2902 770 2942 ἐθέλουσι
790 2904 857 2957 γὰρ
877 2910 913 2944 εὖ
951 2911 1082 2956 ποιεῖν,
1106 2905 1202 2945 καὶ’
1183 2922 1291 2957 αναγ-

248 2966 346 3000 καῖον
381 2964 495 3005 αὖτοῖς
516 2965 606 3001 ἐστιν
627 2963 673 3004 εἷς
693 2962 754 3008 τὴν
776 2964 1011 3015 εὐδαιμονίαν.

301 3018 363 3042 ***
382 3016 489 3058 Ἔστι
510 3019 544 3057 δὲ
568 3018 695 3072 τρόπον
719 3019 782 3070 μέν
804 3037 881 3059 τινα
910 3024 960 3076 τῷ
995 3023 1159 3076 δυστυχεῖ
1189 3023 1291 3076 χρεία

249 3077 358 3130 φίλων
374 3079 508 3129 μᾶλλον
520 3107 531 3126 ,
552 3076 575 3124 ἢ
596 3078 645 3131 τῷ
661 3080 841 3134 σπουδαίῳ
852 3110 863 3130 ,
878 3082 970 3121 κατὰ
988 3082 1092 3123 ἄλλον
1111 3082 1147 3122 δὲ
1164 3084 1290 3136 τρόπον

249 3143 299 3193 τῷ
321 3134 358 3178 εῧ
386 3140 574 3193 πράττοντι
602 3144 754 3192 μᾶλλον·
776 3142 816 3180 τὸ
838 3142 899 3194 μὲν
923 3145 981 3184 διὰ
1000 3146 1039 3185 τὸ
1077 3150 1264 3198 ἀναγκαῖον
1279 3178 1290 3199 ,

250 3199 290 3237 τὸ
310 3201 346 3238 δὲ
367 3199 424 3239 διὰ
446 3200 485 3240 τὸ
501 3200 606 3240 καλόν
623 3216 631 3226 ·
651 3203 702 3254 τῷ
731 3201 793 3251 μὲν
817 3201 883 3255 γὰρ
913 3203 1078 3257 δυστυχεῖ
1099 3206 1292 3259 ἀναγκαιό-

251 3274 348 3310 τερον
368 3261 398 3298 οἱ
417 3259 529 3313 φίλοι,
549 3259 571 3307 ἢ
592 3263 642 3313 τῷ
666 3259 857 3312 εὐδαίμονι.

1079 182 1363 224 ANDRONICI
1393 181 1570 222 RHODII

1351 277 1461 310 dolere
1481 286 1557 309 cum
1575 275 1628 315 iis,
1648 274 1747 308 simul
1776 274 1920 316 gaudere
1943 273 2103 309 debemus

1350 383 1514 416 Nimirum
1527 381 1555 414 si
1567 380 1667 415 multi
1687 379 1821 421 fuerint,
1837 380 1893 414 alii
1914 380 2103 422 gaudebunt
2116 380 2232 414 eodem
2247 382 2403 423 tempore,

1349 435 1406 469 alii
1424 434 1583 468 dolebunt
1610 445 1618 466 ε
1648 435 1682 466 et
1710 433 1861 476 utrisque
1885 431 1982 475 quasi
2010 441 2044 465 se
2074 432 2242 475 impertire
2267 432 2397 466 amicus

1349 488 1482 523 debebit
1503 500 1512 521 ι
1546 487 1609 520 hoc
1637 488 1749 520 autem
1779 485 1965 520 molestiam
1995 485 2090 518 nobis
2111 485 2256 520 exhibet.
2284 488 2396 526 Quare

1349 540 1482 584 expedit
1502 538 1641 573 fortasse
1656 548 1721 572 non
1742 538 1923 572 admodum
1935 537 2059 570 multos
2081 537 2145 570 sibi
2161 537 2394 574 redderenmi-

1350 604 1417 635 cos,
1442 593 1500 627 sed
1518 595 1568 626 tot
1587 593 1696 626 solum
1714 592 1902 631 admittere,
1934 593 2018 634 quot
2036 592 2110 624 tum
2133 590 2176 624 ad
2199 590 2304 625 vitam
2330 600 2397 627 una
2454 608 2458 612 -

1349 647 1594 690 transigendam
1624 648 1726 688 atque
1745 645 1916 688 agendam,
1935 646 2007 677 tum
2031 643 2074 677 ad
2095 643 2273 679 dolendum
2292 642 2397 677 >simul

1350 711 1388 735 ac
1408 699 1618 743 gaudendum
1635 699 1715 731 satis
1738 698 1843 731 futuri
1860 699 1950 731 sunt.
1975 699 2025 730 Ita
2045 698 2156 730 autem
2174 696 2290 730 multis
2312 696 2397 730 hanc

1349 754 1392 787 ob
1414 762 1548 786 causam
1579 752 1630 784 uti
1653 761 1718 785 non
1742 751 1829 790 licet,
1854 760 1930 783 nam
1954 759 1994 782 ne
2018 749 2051 782 in
2071 749 2233 782 amatoria
2250 747 2397 792 ‘quidem

1350 806 1494 840 amicitia
1511 804 1627 838 multis
1650 813 1722 838 esse
1744 804 1840 837 amici
1855 811 2041 846 possumus.
2059 804 2159 835 Amor
2179 795 2398 845 quippe'ami-

1349 861 1436 894 citioe
1454 859 1594 892 nimium
1617 860 1677 896 est,
1700 858 1839 901 ideoque
1868 867 1944 899 erga
1971 866 2075 889 unum
2097 855 2262 889 duntaxat
2280 854 2400 889 haberi

1349 915 1458 957 potest
1475 924 1482 946 :
1506 912 1688 955 eodemque
1703 911 1802 944 modo
1832 911 1867 943 in
1888 920 1926 943 ea
1941 918 2017 952 quae
2034 909 2170 942 virtutis
2194 918 2294 942 eausa
2316 917 2398 951 conf

1350 967 1495 1000 trahitur
1529 966 1683 1004 amicitia,
1714 967 1754 998 ut
1781 964 1959 998 admodum
1989 963 2114 996 multos
2141 962 2335 1005 diligamus,
2361 971 2398 994 o-

1349 1020 1504 1062 mniaque
1521 1028 1598 1062 quae
1614 1018 1757 1051 amicitia
1773 1017 1920 1060 postulat
1945 1015 2052 1048 officia
2072 1017 2231 1057 perpetuo
2254 1015 2298 1050 iis
2316 1023 2399 1058 prae-

1350 1074 1487 1110 stemus,
1502 1070 1559 1103 vix
1576 1070 1645 1102 fieri
1667 1063 1786 1111 potest,
1806 1069 1864 1101 sed
1889 1068 2004 1111 paucis
2019 1069 2150 1100 tantum
2169 1066 2216 1100 ita
2237 1066 2394 1111 uti-iicet.

1350 1124 1479 1162 Quibus
1492 1121 1674 1155 rationibus
1689 1121 1787 1153 etiam
1808 1130 1860 1153 res
1884 1120 1965 1161 ipsae
1984 1118 2080 1151 fidem
2106 1117 2232 1150 faciunt
2250 1129 2259 1153 ι
2277 1117 2312 1151 in
2325 1127 2398 1152 eam

1350 1177 1437 1210 enim
1455 1174 1633 1208 amicitiam
1652 1183 1719 1215 qua
1737 1172 1866 1206 sodales
1881 1172 1969 1204 inter
1988 1180 2023 1204 se
2043 1169 2211 1214 conjuncti
2226 1171 2316 1218 sunt,
2330 1179 2396 1212 non

1350 1228 1554 1271 recipiuntur
1570 1226 1670 1258 multi
1689 1237 1697 1258 :
1723 1225 1781 1259 sed
1795 1235 1851 1258 eae
1875 1234 1951 1268 quac
1969 1224 2112 1257 maxime
2142 1223 2177 1256 in
2197 1219 2414 1273 hocgenere'

1350 1283 1567 1319 celebrantur,
1590 1281 1676 1313 inter
1692 1279 1776 1313 duos
1794 1278 1897 1312 fuisse
1920 1279 2088 1311 dicuntur.

1393 1341 1458 1379 Qui
1478 1349 1557 1373 vero
1575 1339 1700 1372 multos
1718 1338 1842 1372 habent
1870 1337 1994 1370 amicos
2009 1337 2044 1369 et
2068 1345 2145 1369 cum
2171 1334 2324 1373 omnibus
2342 1334 2398 1370 vfa-

1351 1399 1524 1434 miliariter
1544 1393 1805 1437 conversantur,
1829 1399 1863 1430 et
1882 1397 1941 1439 qui
1965 1404 2042 1439 quae
2070 1396 2201 1438 oportet
2219 1390 2402 1438 unicuique

1351 1461 1475 1495 civium
1495 1462 1564 1493 tam
1590 1459 1702 1492 verbis
1719 1469 1819 1502 quam
1836 1467 1872 1491 re
1893 1457 2040 1491 tribuere
2055 1457 2224 1498 videntur,
2249 1465 2327 1490 cum
2342 1465 2402 1490 ne-

1352 1521 1441 1554 mine
1462 1519 1564 1554 firmoe.
1590 1518 1680 1551 illius
1709 1520 1743 1550 et
1771 1526 1859 1550 verae
1893 1516 2047 1549 amicitiae
2076 1515 2208 1549 vinculo
2236 1515 2404 1559 coniuncti

1353 1581 1440 1619 sunt,
1462 1578 1521 1612 sed
1540 1577 1637 1610 amici
1655 1578 1787 1609 tantum
1806 1575 1913 1608 civilis
1941 1575 2095 1608 amicitiae
2114 1583 2206 1608 more
2232 1574 2300 1608 dici
2324 1581 2400 1616 pos-

1352 1641 1440 1672 sunt.
1459 1639 1608 1676 Quorum
1628 1636 1684 1668 alii
1712 1637 1789 1668 sunt
1811 1634 1932 1673 blandi,
1960 1633 2020 1677 qui
2038 1633 2147 1667 omnia
2171 1633 2400 1676 gratificantur

1352 1695 1586 1737 familiaribus,
1605 1694 1646 1727 de
1660 1694 1782 1737 quibus
1803 1702 1903 1736 supra
1927 1692 2056 1726 dictum
2072 1694 2123 1726 est
2143 1704 2150 1725 ε
2171 1692 2227 1726 alii
2243 1691 2307 1725 viri
2321 1691 2400 1724 boni

1352 1761 1386 1792 et
1405 1758 1546 1791 modesti
1565 1759 1654 1798 sunt,
1675 1756 1734 1799 qui
1754 1755 1906 1788 veritatis
1923 1754 2034 1787 studio
2052 1754 2146 1787 ducti
2163 1755 2195 1787 et
2217 1753 2400 1787 honestatis

1351 1827 1451 1851 causa
1481 1827 1557 1850 cum
1582 1817 1697 1850 amicis
1720 1816 1906 1852 versantur,
1933 1813 1992 1856 qui
2013 1812 2149 1855 quidem
2169 1812 2212 1846 ab
2235 1821 2274 1846 ea
2295 1822 2395 1856 quam

1351 1877 1474 1910 habent
1501 1876 1655 1909 amicitiae
1674 1873 1911 1914 similitudine,
1936 1871 2035 1905 amici
2060 1871 2278 1914 appellantur,
2307 1874 2400 1905 sunt-

1352 1947 1418 1980 que
1436 1937 1524 1969 inter
1552 1935 1690 1969 blandos
1705 1936 1739 1966 et
1770 1941 1928 1971 morosos,
1949 1941 2093 1974 quorum
2124 1931 2260 1974 utrique
2286 1940 2397 1974 repre-

1353 1995 1554 2033 henduntur,
1578 1993 1676 2026 laude
1704 1991 1806 2033 digni,
1827 1990 2109 2034 quemadmodum
2134 1990 2168 2023 in
2185 1991 2304 2022 octavo
2323 1989 2401 2023 libri

1353 2057 1464 2100 quarti
1489 2056 1595 2099 capite
1615 2055 1802 2098 expositum
1821 2055 1882 2086 est.
1903 2053 2002 2086 Tales
2025 2061 2101 2095 ergo
2116 2051 2240 2085 multos
2257 2061 2402 2095 reperias

1354 2116 1476 2149 amicos
1495 2128 1502 2148 ε
1526 2115 1583 2148 sed
1597 2115 1680 2148 bene
1693 2113 1865 2146 nobiscum
1882 2112 2001 2154 agitur,
2023 2111 2053 2144 si
2072 2111 2127 2144 vel
2141 2119 2264 2154 paucos
2286 2119 2400 2144 eorum

1352 2175 1410 2218 qui
1426 2174 1556 2218 proprie
1578 2173 1677 2207 amici
1696 2172 1919 2213 nominantur,
1948 2170 2097 2204 invenire
2114 2179 2286 2213 queamus.

1788 2349 1866 2391 Gap.
1891 2349 1961 2381 XII.

1352 2469 1458 2498 Utrum
1474 2467 1506 2495 in
1522 2465 1655 2494 secunda
1667 2471 1709 2492 an
1728 2463 1761 2490 in
1784 2462 1910 2490 adversa
1932 2461 2056 2489 fortuna
2079 2459 2176 2494 magis
2193 2458 2301 2487 amicis
2315 2465 2402 2493 egea-

1387 2523 1468 2548 mus,
1483 2514 1592 2542 deinde
1605 2511 1720 2540 versari
1737 2517 1807 2538 cum
1821 2508 1929 2537 amicis
1938 2508 2098 2544 proprium
2111 2511 2172 2535 tam
2187 2506 2220 2534 in
2234 2506 2402 2542 proborum

1387 2568 1479 2596 quam
1493 2560 1527 2588 in
1544 2558 1755 2595 improborum
1779 2555 1922 2584 amicitiis
1946 2553 2082 2583 officium
2093 2560 2171 2581 esse.
2404 2565 2405 2568 =

1398 2672 1510 2708 Quum
1538 2677 1614 2710 ergo
1642 2669 1675 2701 et
1710 2667 1821 2700 felices
1842 2665 2011 2707 indigeant
2036 2663 2152 2697 amicis
2177 2664 2212 2696 et
2240 2661 2400 2703 infelices,

1352 2729 1568 2773 quaerendum
1589 2729 1641 2761 est
1662 2753 1670 2766 ,
1694 2726 1762 2758 utri
1776 2725 1880 2767 magis
1899 2725 1940 2758 iis
1952 2732 2036 2766 opus
2053 2722 2200 2756 habituri
2214 2721 2292 2756 sint.
2318 2724 2401 2756 Nam

1357 2794 1390 2826 et
1407 2791 1605 2825 infortunati
1626 2790 1809 2823 amicorum
1824 2787 1948 2821 auxilio
1970 2789 2078 2829 egent,
2090 2788 2124 2820 et
2143 2785 2304 2820 fortunati
2328 2788 2403 2820 tum

1355 2852 1398 2885 ad
1413 2851 1601 2885 convictum
1619 2852 1693 2883 tum
1721 2848 1763 2882 ad
1781 2846 1938 2881 beneficia
1962 2846 1997 2879 in
2022 2856 2079 2880 eos
2099 2845 2295 2892 conferenda
2316 2858 2326 2879 ι
2345 2855 2403 2879 vo«

1356 2912 1431 2945 lunt
1450 2912 1573 2955 quippe
1591 2911 1674 2944 hene
1690 2909 1810 2947 facere,
1826 2907 1928 2949 idque
1950 2906 1993 2939 ad
2017 2905 2211 2939 felicitatem
2225 2905 2266 2939 iis
2287 2913 2402 2939 neces-

1354 2973 1478 3006 sarium
1496 2974 1556 3005 est.

1395 3032 1516 3074 Aliqua
1540 3031 1642 3074 igitur
1658 3040 1700 3063 ex
1723 3029 1818 3072 parte
1838 3026 2040 3060 infortunato
2064 3026 2169 3068 magis
2184 3025 2299 3060 amicis
2315 3034 2400 3068 opus

1354 3094 1416 3131 est,
1444 3101 1546 3134 quam
1571 3091 1644 3124 viro
1669 3090 1754 3123 bono
1773 3089 1807 3121 et
1829 3085 1929 3126 felici,
1959 3085 2069 3128 aliqua
2095 3094 2212 3118 rursus
2231 3085 2402 3118 fortunato

1353 3153 1458 3196 magis
1479 3167 1487 3186 :
1512 3152 1607 3186 alteri
1632 3151 1768 3195 quidem
1794 3147 1988 3182 necessitate
2005 3149 2127 3186 macto,
2144 3146 2240 3180 alteri
2257 3156 2337 3180 vero
2356 3148 2399 3180 ob

1355 3213 1562 3247 honestatem
1594 3223 1602 3245 :
1630 3221 1707 3245 nam
1737 3208 1940 3243 infortunato
1967 3207 2072 3250 magis
2103 3206 2278 3241 necessarii
2303 3206 2400 3240 amici

1359 3275 1448 3313 sunt,
1470 3282 1571 3315 quam
1591 3270 1771 3303 fortunato.

295 3383 314 3402 ²⁴²
333 3385 374 3416 Οἱ
399 3384 431 3416 δὲ
456 3386 689 3441 πολύφιλοικαὶ
715 3389 814 3418 πᾶσιν
831 3387 955 3424 οἰκείως
970 3387 1218 3431 ἐντυγχάνοντες
1235 3391 1305 3424 κτλ,

254 3430 425 3476 καιότερον
441 3431 497 3475 μὲν
519 3432 583 3480 γὰρ
599 3433 684 3473 δήέν
708 3437 778 3474 ταῖς
800 3434 946 3476 ἀτυχίαις
963 3436 1031 3469 κτλ

1391 3390 1431 3410 Ἠ
1452 3390 1530 3433 Gap.
1549 3392 1597 3422 11.
1619 3389 1762 3432 Πότερον
1781 3387 1816 3420 δὲ
1839 3387 1871 3419 ἐν
1892 3384 2053 3428 εὐτυχίαις
2072 3386 2142 3417 κτλ.
2159 3402 2199 3408 -
2211 3383 2265 3403 ***
2290 3381 2400 3426 Ἀναγ-

2135 285 2142 308 :
2169 273 2260 319 quod
2284 275 2392 318 ipsum
2404 258 2416 314 ⁷>

1349 339 1483 374 quoque
1504 330 1682 362 molestum
1706 327 1821 370 fuerit,
1849 328 1877 362 si
1900 328 1977 370 quis
1993 328 2108 362 multis
2126 328 2241 362 amicis
2264 324 2391 362 utatur.
2416 331 2418 334 ’
