2528 3788
24 411 39 415 ι.
62 394 118 433 “Q

24 480 38 531 t

23 535 37 607 3

55 427 94 476 ἃ

65 298 106 312 τι*
127 318 134 324 3
198 324 206 330 ἱ

57 336 87 353 θ’

95 451 118 463 *vr

871 188 938 228 DE
969 188 1066 230 ons
1097 188 1162 227 ET
1191 187 1371 228 Munno
1402 176 1594 229 maen(

233 298 280 326 ως
307 280 591 334 παλιγγενεσίαις
617 278 677 318 καὶ
698 275 869 330 περιόδοις
898 276 1187 326 ἀθανατιζόμενος
1252 275 1370 329 φύσιν,
1395 278 1446 314 δεῖ
1464 276 1584 329 ἑτέραν
1597 271 1765 324 εἶναιτὴν
1784 275 2074 328 μεταὸάλλουσαν
2088 277 2147 314 τοῦ
2164 275 2297 324 κόσμου

221 355 305 381 ποτε
324 339 527 394 ληγούσαις.
556 338 601 377 ln
622 337 782 378 eandem
805 336 1035 375 sententiam
1064 335 1188 386 Didy-

119 406 228 449 mus
244 399 348 453 apud
362 398 572 438 Eusebium
592 397 661 438 lib.
678 395 744 435 XV
762 395 888 447 Praep.
909 396 1059 446 Evang.
1078 408 1188 433 mun·

63 455 98 511 ἰ,
115 449 233 501 'enm
261 456 447 510 ambigue
465 458 545 496 dici
566 457 743 504 tradens,
759 454 867 493 addit
890 466 900 494 ι
919 454 980 493 και
998 453 1038 492 τὸ
1064 454 1102 492 ἐκ
1119 453 1188 493 πά-

140 532 205 568 σης
229 521 292 566 τῆς
321 517 442 562 οὐσίας
467 516 585 564 ποιόν,
615 514 675 554 καὶ
697 513 736 553 τὸ
762 513 826 561 τὴν
861 513 1095 564 διακόσμησιν
1124 511 1187 560 τὴν

139 576 305 626 τοιαύτην
324 575 387 616 καὶ
413 574 568 620 διάταξιν
589 573 681 627 ἔχον.
709 572 771 613 Διὸ
791 572 882 611 κατὰ
906 571 969 624 μὲν
988 570 1051 619 τὴν
1067 570 1189 623 προτέ-

145 652 207 693 ραν
237 635 403 677 ἀπόδοσιν
426 634 537 674 ἀΐδιον
563 634 622 673 τὸν
641 633 773 684 κόσμον
793 626 885 672 εἶναί
906 647 1012 686 φασι·
1032 631 1125 670 κατὰ
1153 632 1187 670 δὲ

140 696 206 746 τὴν
223 695 475 747 διακόσμησιν,
500 692 661 746 γεννητὸν
693 692 755 731 καὶ
776 691 1014 743 μεταὸλητόν.
1037 691 1094 731 Cf.
1120 690 1188 729 Li-

141 756 253 810 psius
266 755 316 795 de
331 753 561 806 Physiolog.
577 752 697 792 Stoic.
717 751 790 793 lib.
808 751 846 790 ΙΙ
860 752 1018 791 dissert.
1037 750 1118 788 XX.
1136 772 1191 780 —

86 827 94 833 ·
150 814 171 841 ⁶
185 814 240 855 ἇτι
261 813 325 866 μὲν
345 814 409 854 οὐκ
429 812 470 852 ἂν
489 811 560 852 θεοὶ
582 812 784 866 φθεροῦσιν]
806 811 904 850 Vide
924 811 1187 850 Hermannum

140 872 190 915 de
208 873 399 928 particula
413 871 456 911 ἄν
472 871 546 912 lib.
561 871 580 909 l
599 884 685 924 cap.
707 872 730 909 8
749 871 894 923 Opusc.
909 871 990 910 vol.
1009 870 1059 908 lv
1080 883 1117 921 p.
1140 872 1188 908 28

66 935 67 938 ’
139 944 248 986 seqq.
264 953 320 965 ·—
337 938 355 958 ‘²
369 932 400 970 εἰ
419 929 483 983 μὲν
506 924 565 969 οὐν
583 931 640 984 ὑφ’
661 932 786 970 ἑαυτοῦ
811 932 829 968 ὃ
849 930 979 980 κόσμος
995 933 1186 984 φθείρεται,

12 984 25 1027 ,ὲ
64 1015 70 1033 s
141 989 212 1031 ἔδει
227 991 308 1030 κτλ.
354 989 544 1028 Similiter
564 988 704 1041 Eurip.
735 988 861 1040 lphig.
882 989 973 1028 Aul.
1011 995 1089 1039 944
1119 989 1189 1041 ἐγὼ

20 1043 27 1082 ‚³
64 1083 66 1085 >
139 1049 304 1094 κάκιστος
347 1063 367 1088 ν
387 1048 444 1102 ἄρ’
459 1047 622 1102 Ἀργείων
645 1046 748 1102 ἀνήρ,
772 1047 841 1100 ἐγὼ
861 1047 901 1087 τὸ
923 1047 1055 1098 μηδέν,
1074 1048 1190 1088 Μενέ-

119 1104 122 1110 ’
138 1108 228 1156 λεώς
251 1107 283 1148 δ’
300 1109 336 1149 ἐν
357 1106 544 1162 ἀνδράσιν,
564 1109 611 1151 ὣς
631 1107 712 1161 οὐχὶ
731 1108 901 1158 Πηλέως,
925 1108 1003 1147 ἀλλ’
1031 1107 1190 1147 ἀλάστο-

141 1167 199 1223 ρος
229 1165 364 1221 γεγώς,
391 1166 492 1220 εἴπερ
530 1166 665 1220 φονεύει
693 1165 823 1219 τούμὸν
856 1166 969 1217 ὄνομα
995 1169 1046 1220 σῷ
1074 1166 1188 1207 πόσει.

141 1224 257 1267 Plato
271 1226 472 1266 Charmid.
489 1239 528 1278 p.
554 1225 642 1266 158.
660 1226 703 1265 B.
723 1226 754 1264 εἰ
777 1224 840 1277 μέν
861 1241 915 1265 σοι
932 1225 1000 1274 ἤδη
1022 1225 1188 1279 πάρεστιν

141 1285 161 1326 8
180 1285 279 1338 λέγει
298 1285 450 1339 Κριτίας
462 1284 521 1324 ὅδε
534 1314 546 1336 ‚
574 1284 783 1338 σωφροσύνη
794 1316 804 1332 ,
819 1285 881 1323 καὶ
901 1279 934 1323 εἷ
949 1284 1096 1338 σώφρων
1113 1286 1192 1323 ἵκα-

142 1348 230 1397 νῶς,
247 1346 345 1386 οὐδὲν
364 1345 415 1385 ἔτι
428 1361 482 1385 σοι
502 1344 572 1384 ἔδει
590 1344 669 1384 οὔτε
688 1346 757 1383 τῶν
775 1343 1009 1396 Ζαμόλξιδος,
1026 1344 1105 1383 οὔτε
1121 1347 1191 1384 τῶν

144 1403 328 1457 ’Λὸάριδος
356 1406 419 1443 τοῦ
444 1402 605 1456 ’Υπερὸο
629 1401 687 1443 έου
713 1404 858 1457 ἐπῳδῶν
887 1405 969 1442 κτλ.
1002 1403 1072 1442 ubi
1104 1404 1194 1442 vide

143 1463 429 1504 Reindorflum.
463 1485 517 1494 —
537 1461 555 1486 ‘¹
579 1418 650 1502 0in
677 1462 802 1516 φύσις]
824 1462 1063 1501 lamblichus
1090 1464 1194 1515 apud

142 1521 338 1564 Stobaeum
367 1521 499 1572 Eclog.
527 1521 600 1562 lib.
620 1522 640 1560 Ι
666 1534 750 1573 cap.
781 1521 824 1571 V,
851 1522 897 1559 18
925 1534 1014 1573 pag.
1039 1522 1112 1560 186
1133 1522 1193 1560 ed.

144 1573 309 1622 lleeren.
330 1578 432 1635 φύσιν
452 1579 597 1632 δὲλέγω
618 1578 682 1627 τὴν
703 1579 899 1632 ἀχώριστον
921 1578 1038 1617 αἰτίαν
1057 1582 1117 1618 τοῦ
1138 1579 1194 1618 κό-

143 1653 235 1692 σμου
253 1637 316 1678 καὶ
335 1638 543 1692 ἅχωρίστως
561 1638 793 1691 περιέχουσαν
816 1636 880 1682 τὰς
899 1636 982 1681 ὅλας
1001 1637 1115 1682 αἰτίας
1134 1641 1195 1686 τῆς

143 1697 330 1751 γενέσεως,
349 1697 417 1737 ὅσα
437 1699 623 1752 χωριστῶς
643 1700 681 1736 αἱ
697 1697 891 1750 κρείττονες
907 1695 1025 1734 οὐσίαι
1044 1695 1105 1735 καὶ
1122 1697 1196 1735 δια-

117 1759 118 1762 ’
144 1755 338 1810 κοσμήσεις
367 1756 614 1811 συνειλήφασιν
641 1756 676 1793 ἐν
699 1757 856 1799 ἑαυταῖς.
886 1777 941 1785 -
959 1759 974 1777 ⁶
1002 1757 1033 1794 εἰ
1061 1754 1096 1793 δὲ
1133 1757 1193 1794 ὑπ’

145 1815 262 1856 ἄλλων
278 1817 454 1868 σωμάτων
473 1818 493 1855 ὁ
510 1815 641 1868 κόσμος
659 1815 856 1870 φθείρεται,
875 1815 981 1854 πόθεν
1000 1814 1194 1866 γενομένων

145 1876 256 1928 κτλ.]
290 1874 392 1927 Lege
421 1876 597 1916 ocellum
628 1889 712 1928 cap.
745 1873 762 1911 Ι
792 1873 815 1926 S
857 1881 919 1915 1¹1.
948 1896 1002 1905 —
1031 1873 1045 1898 ¹
1067 1873 1193 1927 ἑτέρα]

146 1934 224 1974 scri
240 1935 312 1984 »δὴ
335 1934 452 1975 codd.
474 1934 594 1988 ἕτερα.
610 1956 664 1964 —
677 1938 695 1964 ⁸
714 1933 766 1972 ἔτι
784 1939 855 1972 πᾶν
868 1934 908 1972 τὸ
928 1933 1151 1987 φθειρόμενον
1171 1933 1194 1981 ἢ

128 1995 207 2047 ,ἀφ’
224 1949 274 2033 ὲν
293 1993 430 2045 ἐγένετο
442 2022 454 2042 ,
471 1995 519 2037 εἰς
538 1995 652 2032 ἐκεῖνα
671 1992 816 2045 λύεται]
835 1992 1005 2032 Consule
1020 1992 1194 2032 ocellum

146 2064 234 2105 αι).
256 2052 275 2090 l
291 2053 316 2104 5
340 2066 399 2091 ιο.
425 2052 484 2092 Cf.
506 2052 621 2091 Philo
647 2052 694 2090 de
714 2052 861 2091 mundo
887 2066 968 2091 non
989 2053 1196 2091 interitui-o

146 2125 191 2164 p.
216 2126 293 2159 720
315 2111 376 2150 ed.
406 2111 545 2149 Colon.
567 2132 621 2140 —
643 2113 661 2136 ¹¹
680 2109 732 2149 ἔτι
752 2111 888 2162 ἀνάγκη
910 2111 968 2150 τὸν
989 2111 1120 2161 κόσμον
1134 2141 1145 2158 ,
1167 2113 1196 2150 εἷ

149 2170 348 2224 φθείρεται,
372 2167 396 2217 ἢ
416 2170 510 2209 κατὰ
542 2169 642 2223 φύσιν
673 2169 875 2222 φθείρεσθαι
906 2169 929 2217 ἢ
953 2171 1051 2223 παρὰ
1079 2169 1194 2223 φύσιν.

150 2227 261 2283 Παρὰ
281 2227 384 2282 φύσιν
405 2228 443 2268 δὲ
463 2228 664 2281 φθείρεσθαι
684 2227 790 2267 αὐτὸν
811 2228 993 2267 ἀδύνατον.
1013 2228 1107 2269 Οὐδὲ
1130 2228 1196 2282 γὰρ

147 2286 189 2326 τὸ
203 2286 303 2340 παρὰ
322 2286 426 2341 φύσιν
447 2286 609 2341 προτερεῖ
620 2289 682 2334 τῆς
698 2287 851 2340 φύσεως·
873 2289 902 2326 εί
920 2286 956 2326 δὲ
977 2286 1069 2326 κατὰ
1082 2287 1197 2341 φύσιν,

147 2346 202 2386 δεῖ
232 2346 352 2400 ἑτέραν
374 2339 463 2386 εἶναι
490 2346 555 2395 τὴν
578 2346 870 2398 μεταὸάλλουσαν
891 2350 950 2386 τοῦ
976 2346 1110 2398 κόσμου
1130 2347 1194 2395 τὴν

146 2402 274 2459 φύσιν,
307 2405 395 2456 ὅπερ
416 2405 458 2444 οὐ
491 2403 651 2457 φαίνεται
666 2402 762 2458 ].Sic
790 2405 995 2444 emendavi
1027 2417 1071 2444 ac
1103 2419 1194 2457 sup-

148 2462 255 2517 plevi
290 2462 417 2502 locum
455 2472 682 2514 corruptum
723 2472 762 2502 et
794 2464 987 2504 mutilum.
1033 2464 1196 2504 Codices

147 2521 252 2561 enim
273 2521 355 2560 haec
371 2521 517 2560 habent
536 2534 546 2562 ε
568 2521 618 2560 ἔτι
638 2522 774 2573 ἀνάγκη
794 2522 852 2561 τὸν
871 2522 1003 2575 κόσμον
1017 2553 1029 2572 ,
1048 2525 1079 2562 εἷ
1099 2524 1191 2577 φθεί-

150 2595 271 2634 ρεται,
293 2578 324 2628 ἢ
341 2579 434 2619 κατὰ
454 2579 558 2634 φύσιν
579 2579 779 2635 φθείρεσθαι
799 2581 822 2630 ἢ
843 2583 941 2636 παρὰ
962 2582 1079 2636 φύσιν.
1099 2584 1192 2623 Οὐδὲ

145 2640 187 2679 τὸ
202 2639 302 2694 παρὰ
326 2639 429 2694 φύσιν
446 2639 614 2694 πρότερον
641 2639 716 2694 ἔχει
734 2644 796 2687 effi<
815 2641 967 2694 φύσεως·
986 2645 1015 2681 εἷ
1037 2642 1072 2681 δὲ
1093 2643 1190 2696 παρὰ

2242 190 2293 227 47

1249 334 1312 382 τὴν
1333 334 1436 388 φύσιν
1449 366 1459 386 ,
1475 334 1561 388 ὅπερ
1580 337 1618 373 οὐ
1641 336 1818 389 φαίνεται.
1842 358 1895 366 --·
1914 334 1925 359 ί
1943 333 2116 385 μετέὸαλε
2134 336 2272 386 scripsi
2288 351 2298 379 ;

1249 394 1362 435 codd.
1379 394 1587 444 μετέὸαλλε.
1606 395 1794 434 Caeterum
1812 397 1860 435 cf.
1876 396 2050 434 Ocellum
2071 408 2155 447 cap.
2177 395 2192 432 l
2210 396 2231 446 S
2253 396 2296 433 15

1249 462 1287 492 et
1305 452 1510 492 Philonem
1526 454 1573 492 de
1591 455 1736 493 mundo
1757 469 1834 494 non
1855 456 2065 495 interitum
2084 469 2123 507 p.
2145 455 2237 503 737.
2256 453 2298 494 C.

1249 513 1310 552 ed.
1332 512 1471 551 Colon.
1494 534 1548 542 —
1567 513 1587 538 k
1603 512 1706 552 αὐτὸν
1727 518 1814 564 ἡμῖν
1835 514 2010 567 εὐχόμεθα
2026 514 2130 553 ἵλεων
2146 513 2204 552 τὸν
2232 514 2299 552 κό-

1255 588 1344 621 σμον
1365 571 1706 624 γενέσθαι].8ἰηιὶἱε
1726 582 1858 612 votum
1876 574 2042 624 legimus
2062 573 2104 612 in
2122 573 2199 611 fine
2215 587 2299 625 cap.

1251 631 1301 669 IV
1322 644 1331 671 z
1353 634 1509 670 τοσαῦτα
1541 631 1622 684 περὶ
1645 632 1761 681 μύθων
1794 634 1951 671 εἰποῦσιν
1973 633 2060 682 ἡμῖν
2089 632 2189 671 αὐτοί
2211 647 2249 670 τε
2270 634 2301 670 οἱ

1252 690 1322 728 θεοὶ
1342 689 1401 728 καὶ
1428 692 1498 727 τῶν
1532 690 1743 742 γραψάντων
1765 689 1844 735 τοὺς
1866 691 1994 741 μύθους
2013 693 2049 729 αἱ
2076 691 2190 743 ψυχαὶ
2217 689 2302 744 ἵλεῳ

1249 747 1418 800 γένοιντο.
1444 748 1518 786 Sed
1539 750 1726 788 mundum
1752 764 1774 788 a
1797 752 1983 803 plurimis
2009 750 2207 802 sapientiae
2228 751 2301 789 do-

1252 808 1425 847 ctoribus
1443 809 1537 846 olim
1555 822 1628 860 pro
1643 809 1716 848 deo
1730 823 1815 848 esse
1831 810 2007 849 habitum
2025 810 2119 848 satis
2139 818 2301 847 constat.

1251 867 1316 906 Sic
1335 868 1489 907 Plinius
1508 868 1624 906 initio
1644 869 1839 908 Naturalis
1859 870 2031 908 historiae
2059 884 2067 908 ε
2091 869 2278 907 mundum
2292 897 2302 916 ,

1251 926 1403 978 inquit,
1427 935 1465 965 et
1489 926 1564 965 hoc
1591 928 1697 978 quod
1720 930 1880 966 nomine
1907 929 1985 967 alio
2008 929 2148 967 coelum
2172 929 2305 980 appel-

1251 986 1333 1024 lare
1351 985 1472 1024 libuit
1485 1016 1495 1034 ‚
1520 986 1631 1037 cujus
1653 988 1914 1027 circumflexu
1936 997 2121 1039 teguntur
2140 998 2279 1027 cuncta
2292 1017 2302 1034 ‚

1252 1058 1398 1084 numen
1418 1059 1502 1084 esse
1521 1046 1632 1084 credi
1652 1060 1723 1098 par
1742 1057 1801 1086 est
1817 1057 2005 1086 aeternum
2019 1077 2030 1096 ‚
2045 1049 2277 1086 immensum
2294 1078 2303 1095 ‚

1252 1118 1379 1157 neque
1412 1105 1587 1156 genitum
1603 1135 1612 1153 ‚
1651 1119 1780 1158 neque
1827 1108 2080 1145 interiturum
2117 1121 2305 1158 unquam.

1252 1164 1339 1210 Qua
1364 1165 1412 1203 de
1441 1178 1484 1203 re
1521 1165 1749 1216 Porphyrio
1782 1174 1940 1203 auctore
1961 1165 2120 1203 laudato
2151 1165 2309 1203 disserit

1252 1223 1445 1263 Eusebius
1462 1224 1588 1276 Praep.
1617 1224 1766 1274 Evang.
1789 1224 1861 1262 lib.
1886 1224 1945 1262 ΙΙΙ
1965 1237 2050 1276 cap.
2074 1238 2099 1274 9
2122 1237 2209 1275 pag.
2236 1226 2306 1262 103

1253 1284 1315 1322 ed.
1346 1283 1495 1334 Vigeri.
1516 1283 1625 1321 Adde
1646 1284 1912 1336 Epiphanium
1930 1283 2001 1323 lib.
2022 1284 2038 1321 1
2061 1284 2149 1322 adv.
2173 1283 2263 1321 haer.
2286 1299 2306 1332 7

1253 1356 1341 1395 pag.
1362 1357 1407 1381 21
1432 1352 1470 1381 et
1493 1345 1581 1382 132.
1598 1342 1677 1395 —-)

1687 1451 1779 1502 Κεφ.
1813 1448 1876 1496 ιη’.

1341 1555 1450 1586 meat
1470 1555 1573 1587 ἀθεΐαι
1591 1555 1750 1596 γίνονται·
1772 1556 1826 1587 καὶ
1842 1555 1890 1586 ὅτι
1907 1555 1975 1591 θεὸς
1991 1554 2028 1586 οὐ
2043 1554 2226 1595 βλάπτεται.

1313 1637 1387 1676 Καὶ
1411 1637 1480 1688 μὴν
1498 1642 1513 1661 ⁸
1542 1638 1619 1677 οὐδὲ
1641 1638 1682 1677 τὸ
1709 1637 1828 1683 ἀθεΐας
1848 1638 1864 1663 ¹³
1885 1637 1967 1692 περί
1985 1654 2081 1683 τινας
2103 1639 2231 1684 τόπους
2250 1642 2312 1688 τῆς

1255 1697 1320 1746 γῆς
1338 1694 1523 1747 γενέσθαι,
1538 1695 1709 1741 πολλάκις
1731 1696 1767 1736 δὲ
1794 1695 1939 1749 ὕστερον
1954 1695 2118 1746 ἔσεσθαι,
2137 1697 2230 1743 ἄξιον
2251 1714 2312 1737 τα-

1257 1760 1394 1807 ράττειν
1414 1753 1493 1800 τοὺς
1523 1755 1718 1808 ἔμφρονας·
1750 1755 1804 1794 δτι
1829 1771 1868 1795 τε
1895 1756 1958 1795 οὐκ
1979 1757 2027 1801 εἷς
2055 1755 2150 1801 θεοὺς
2176 1757 2310 1809 γίνεται

1256 1817 1368 1852 ταῦτα
1381 1843 1392 1863 ,
1415 1813 1537 1866 ὥσπερ
1554 1813 1633 1854 οὐδὲ
1653 1817 1689 1854 αἱ
1709 1816 1811 1866 τιμαὶ
1832 1816 1983 1860 ἐκείνους
1999 1816 2198 1869 ὠφελοῦσαι
2219 1817 2311 1870 ἐφά-

1257 1889 1370 1920 νησαν
1385 1879 1419 1899 c.
1441 1874 1502 1913 καὶ
1521 1874 1577 1912 διὰ
1594 1874 1634 1913 τὸ
1656 1876 1839 1914 ἀδυνατεῖν
1860 1876 1971 1926 μέσης
1988 1875 2106 1919 οὐσίας
2126 1871 2232 1914 οὖσαν
2249 1876 2312 1924 τὴν

1255 1932 1373 1986 ψυχὴν
1399 1933 1454 1972 ἀεὶ
1476 1937 1666 1988 κατορθοῦν
1681 1950 1690 1959 ·
1711 1934 1772 1973 καὶ
1789 1935 1829 1974 τὸ
1851 1934 1901 1986 μὴ
1924 1934 2095 1974 δύνασθαι
2115 1935 2233 1975 πάντα
2253 1936 2312 1975 τὸν

1255 1992 1387 2043 κόσμον
1416 1994 1478 2040 τῆς
1510 1995 1578 2031 τῶν
1614 1996 1700 2033 θεῶν
1733 1993 1898 2047 προνοίας
1934 1994 2126 2033 ἀπολαύειν
2160 1995 2312 2046 ὁμοίως,

1257 2051 1348 2091 ἀλλὰ
1368 2051 1413 2092 τὰ
1430 2052 1493 2104 μὲν
1515 2053 1683 2102 αἷωνίως,
1704 2053 1750 2092 τὰ
1771 2054 1807 2092 δὲ
1823 2053 1916 2094 κατὰ
1935 2053 2078 2107 χρόνον,
2100 2054 2161 2094 καὶ
2179 2055 2224 2093 τὰ
2246 2055 2310 2106 μὲν

1264 2112 1434 2164 πρώτως,
1457 2112 1502 2151 τὰ
1519 2113 1554 2151 δὲ
1578 2113 1744 2165 δευτέρως
1765 2113 1927 2167 μετέχειν
1949 2114 2098 2163 ἐκείνης·
2117 2114 2238 2168 ὥσπερ
2255 2115 2313 2154 καὶ

1257 2173 1324 2210 τῶν
1357 2172 1554 2220 αἰσθήσεων
1580 2175 1705 2210 πασῶν
1726 2171 1789 2223 μὲν
1810 2177 1832 2221 ἡ
1855 2174 2012 2224 κεφαλή,
2035 2180 2118 2226 μιᾶς
2137 2175 2174 2213 δὲ
2195 2173 2274 2214 ὅλον
2297 2173 2314 2199 ‘²

1260 2230 1297 2269 τὸ
1329 2231 1433 2279 σῶμα
1456 2231 1677 2271 αἰσθάνεται.
1703 2231 1778 2271 Καὶ
1802 2231 1859 2270 διὰ
1878 2236 2004 2281 τοῦτο,
2036 2235 2083 2278 ὡς
2113 2233 2247 2287 ἔοικεν,
2281 2236 2313 2274 οἳ

1261 2288 1324 2334 τὰς
1351 2289 1474 2343 ἑορτὰς
1497 2290 1807 2341 καταστησάμενοι
1840 2291 1900 2330 καὶ
1923 2293 2130 2347 ἀποφράδας
2154 2297 2170 2316 ‘²
2190 2294 2312 2343 ἐποίη-

1259 2363 1344 2396 σαν,
1366 2350 1401 2388 ἐν
1420 2341 1475 2393 αἶς
1495 2348 1541 2387 τὰ
1562 2348 1624 2400 μὲν
1647 2349 1747 2402 ἤργει
1768 2352 1836 2389 τῶν
1859 2353 1983 2405 ἱερῶν,
2006 2351 2050 2390 τὰ
2070 2352 2106 2390 δὲ
2133 2354 2285 2394 ἐκλείετο
2299 2385 2310 2406 ,

1257 2410 1327 2446 τῶν
1348 2408 1384 2447 δὲ
1406 2409 1466 2447 καὶ
1486 2409 1544 2447 τὸν
1566 2409 1697 2460 κόσμον
1723 2409 1880 2463 ἀφῄρουν
1896 2442 1906 2459 ,
1933 2409 1998 2458 τὴν
2019 2411 2202 2452 ἀσθένειαν
2224 2412 2236 2437 f
2249 2416 2312 2461 τῆς

1257 2467 1433 2522 ἡμετέρας
1451 2468 1698 2523 ἀφοσιούμενοι
1712 2469 1859 2522 φύσεως.
1879 2471 1952 2511 Καὶ
1971 2472 2147 2517 κολάσεως
2166 2472 2202 2511 δὲ
2225 2467 2312 2518 εἶδος

1259 2521 1348 2566 εἶναι
1370 2527 1490 2567 ἀθεΐαν
1511 2530 1576 2567 οὐκ
1598 2529 1760 2574 ἀπεικός·
1781 2529 1860 2575 τοὺς
1878 2530 1946 2585 γὰρ
1967 2531 2115 2583 γνόντας
2134 2531 2231 2577 θεοὺς
2250 2533 2310 2572 καὶ

1259 2586 1594 2640 καταφρονήσαντας
1623 2586 1765 2640 εὔλογον
1787 2589 1822 2627 ἓν
1842 2588 1951 2643 ἑτέρῳ
1974 2590 2040 2644 βίῳ
2059 2590 2197 2639 καὶτῆς
2217 2591 2311 2644 γνώ-

1257 2661 1343 2689 σεως
1371 2646 1578 2699 στέρεσθαι,
1610 2646 1770 2692 καὶτοὺς
1790 2650 1925 2687 ἑαυτῶν
1950 2649 2120 2701 βασιλέας
2142 2651 2189 2694 ὡς
2216 2650 2312 2694 θεοὺς

560 2771 639 2813 Gap.
663 2773 779 2805 XVIII.

35 2844 51 2908 λ’
100 2854 103 2858 ’
147 2863 210 2892 nur
221 2861 356 2893 facinora
369 2863 532 2902 impietatis
542 2865 632 2902 plena
647 2865 868 2899 admittantur:
886 2874 921 2896 ac
935 2867 1027 2898 dmm
1040 2876 1103 2898 non
1114 2870 1193 2902 laedi.

187 2951 302 2995 Neque
316 2961 397 2987 vero
412 2953 556 2988 facinora
575 2955 752 2998 impietatis
770 2955 866 2998 plena
878 2979 888 2998 ,
907 2965 982 2999 quae
1000 2958 1194 2999 quibusdam

145 3011 237 3054 ollis
251 3014 416 3050 terrarum
447 3015 530 3050 locis
554 3018 626 3050 tum
655 3017 829 3050 commissa
851 3019 944 3060 sunt,
975 3019 1046 3053 tum
1074 3021 1194 3063 saepius

146 3071 260 3116 putu
283 3074 540 3117 committantur,
562 3076 652 3109 viros
679 3076 859 3118 prudentes
883 3077 1019 3111 turbare
1042 3078 1163 3113 debent
1183 3092 1191 3112 :

144 3131 264 3175 partim
279 3133 356 3176 quia
373 3133 449 3168 haee
462 3143 529 3167 non
543 3135 795 3168 committuntur
809 3136 841 3168 in
860 3136 959 3177 deos,
977 3138 1191 3179 quemadmo-

144 3188 226 3230 dum
242 3200 284 3226 ne
298 3193 409 3226 cultus
425 3193 561 3236 quidem
588 3194 653 3228 illis
681 3195 837 3238 prodesse
856 3195 948 3229 visus
969 3198 1020 3229 est
1037 3210 1045 3230 ι
1072 3199 1192 3240 partim

142 3248 222 3293 qnia
247 3251 376 3286 annuus
402 3253 511 3287 media
528 3255 647 3288 natura
670 3255 833 3296 praeditus
860 3264 925 3288 non
950 3258 1061 3298 potest
1082 3259 1191 3292 omnia

144 3317 274 3355 unper-
299 3321 452 3356 prospere
469 3323 582 3356 gerere
594 3339 603 3355 ‚
624 3316 658 3348 et
672 3314 750 3357 quia
770 3317 862 3349 totus
892 3316 1036 3350 mundus
1054 3317 1190 3352 deorum

144 3369 346 3412 providentia
367 3372 483 3406 eodem
500 3373 599 3407 modo
625 3374 848 3409 administrari
876 3374 1007 3418 nequit,
1036 3376 1092 3411 sed
1117 3377 1189 3412 aliae

150 3426 221 3469 eim
234 3431 347 3474 partes
368 3434 546 3475 perpetuo,
576 3433 646 3467 aliae
666 3435 752 3468 stato
767 3437 935 3477 tempore,
954 3437 1052 3478 atque
1075 3446 1188 3472 earum

1258 2758 1409 2799 quaedam
1427 2759 1536 2802 priore
1548 2785 1556 2800 ‚
1578 2760 1743 2794 nonnullae
1759 2761 1943 2804 posteriore
1955 2762 2029 2795 loeo
2042 2763 2246 2805 providentia
2258 2773 2309 2797 re-

1257 2819 1377 2859 guntur
1396 2832 1404 2852 :
1422 2819 1702 2861 quemadmodum
1715 2822 1749 2854 et
1766 2821 1802 2854 in
1818 2821 1925 2864 eapite
1939 2829 2052 2855 omnes
2071 2831 2188 2856 sensus
2210 2825 2308 2865 sunt,

1256 2878 1289 2910 in
1315 2880 1386 2912 toto
1404 2888 1538 2922 corpore
1556 2890 1643 2914 unus
1662 2881 1759 2914 inest.
1805 2882 2029 2920 Quamobrem
2045 2882 2102 2924 qui
2121 2882 2192 2916 dies
2210 2880 2310 2916 festos

1255 2937 1484 2981 instituerunt,
1505 2941 1544 2972 ut
1557 2948 1614 2982 par
1628 2941 1697 2982 est,
1715 2940 1815 2974 etiam
1829 2940 1901 2975 dies
1912 2941 2057 2975 nefastos
2074 2942 2308 2985 praefinierunt,

1255 2997 1374 3039 quibus
1394 3007 1460 3040 qua
1483 2999 1717 3034 sacrificiorum
1734 3009 1814 3033 cura
1830 2999 2122 3043 intermittebatur,
2144 3010 2210 3045 qua
2227 3003 2308 3035 tem-

1256 3059 1309 3100 pla
1331 3058 1383 3092 vel
1403 3058 1644 3094 obserabantur
1662 3060 1716 3094 vel
1742 3062 1862 3095 ornatu
1878 3061 2096 3104 privabantur
2121 3063 2163 3096 ab
2189 3063 2228 3097 iis
2250 3065 2307 3105 qui

1254 3119 1380 3152 naturae
1413 3120 1535 3153 nostrae
1572 3119 1830 3154 imbecillitatem
1870 3121 2055 3164 expiabant.
2100 3122 2164 3156 Sed
2200 3133 2305 3165 poenae

1252 3186 1385 3219 quoque
1402 3179 1544 3221 speciem
1557 3179 1758 3222 impietatem
1773 3188 1846 3214 esse
1857 3206 1866 3222 ‚
1883 3181 2057 3215 verisimile
2070 3184 2131 3215 est.
2176 3182 2303 3215 Etenim

1255 3238 1314 3280 qui
1340 3238 1420 3272 deos
1439 3243 1642 3282 agnoverunt
1666 3242 1698 3274 et
1717 3243 1980 3283 contemserunt,
2010 3252 2067 3276 eos
2092 3243 2125 3275 in
2153 3243 2216 3275 alia
2235 3243 2301 3274 vita

1252 3298 1383 3332 illorum
1399 3299 1498 3333 etiam
1514 3300 1698 3343 cognitione
1714 3310 1827 3335 carere
1849 3301 2018 3344 probabile
2037 3304 2099 3335 est.
2144 3303 2228 3334 Item
2244 3301 2299 3343 qni

1253 3357 1400 3400 proprios
1415 3367 1509 3400 reges
1527 3360 1566 3392 ut
1588 3359 1670 3393 deos
1686 3360 1832 3393 venerati
1859 3363 1957 3403 sunt,
1972 3369 2029 3394 eos
2044 3369 2107 3392 non
2125 3359 2187 3392 alia
2202 3368 2299 3401 poena

1252 3425 1353 3459 quam
1371 3417 1508 3452 deorum
1526 3418 1702 3452 arrussione
1718 3419 1804 3452 affici
1823 3420 1964 3462 oportet.
