<?xml version="1.0" encoding="UTF-8"?>
<!DOCTYPE html PUBLIC "-//W3C//DTD XHTML 1.0 Transitional//EN"
    "http://www.w3.org/TR/xhtml1/DTD/xhtml1-transitional.dtd">
<html xmlns="http://www.w3.org/1999/xhtml" xml:lang="en" lang="en">
 <head>
  <title>
</title>
<meta http-equiv="Content-Type" content="text/html;charset=utf-8" />
  <meta name='ocr-system' content='tesseract 3.04.00' />
  <meta name='ocr-capabilities' content='ocr_page ocr_carea ocr_par ocr_line ocrx_word'/>
</head>
<body>
  <div class='ocr_page' id='page_1' title='image "./fragmentaphiloso03mulluoft/fragmentaphiloso03mulluoft_0058.png"; bbox 0 0 2528 3788; ppageno 0'>
   <div class='ocr_carea' id='block_1_1' title="bbox 252 229 1454 270">
    <p class='ocr_par' dir='ltr' id='par_1_1' title="bbox 252 229 1454 270">
     <span class='ocr_line' id='line_1_1' title="bbox 252 229 1454 270; baseline 0.002 -2"><span class='ocrx_word' id='word_1_1' title='bbox 252 229 306 269; x_wconf 69' lang='grc' dir='ltr'>ΔΞ</span> <span class='ocrx_word' id='word_1_2' title='bbox 1195 229 1454 270; x_wconf 83' lang='lat' dir='ltr'>SALLUSTII</span> 
     </span>
    </p>
   </div>
   <div class='ocr_carea' id='block_1_2' title="bbox 198 309 1283 2301">
    <p class='ocr_par' dir='ltr' id='par_1_2' title="bbox 244 309 1281 897">
     <span class='ocr_line' id='line_1_2' title="bbox 247 309 1278 370; baseline 0 -14"><span class='ocrx_word' id='word_1_3' title='bbox 247 316 366 361; x_wconf 81' lang='grc' dir='ltr'>σκότος</span> <span class='ocrx_word' id='word_1_4' title='bbox 387 316 485 370; x_wconf 81' lang='grc' dir='ltr'>φύσει</span> <span class='ocrx_word' id='word_1_5' title='bbox 508 317 557 368; x_wconf 85' lang='grc' dir='ltr'>μὴ</span> <span class='ocrx_word' id='word_1_6' title='bbox 584 318 642 368; x_wconf 84' lang='grc' dir='ltr'>ὄν)</span> <span class='ocrx_word' id='word_1_7' title='bbox 671 315 863 369; x_wconf 75' lang='grc' dir='ltr'>ἁμαρτάνει</span> <span class='ocrx_word' id='word_1_8' title='bbox 887 321 901 339; x_wconf 77' lang='lat'><strong>⁰</strong></span> <span class='ocrx_word' id='word_1_9' title='bbox 925 315 988 367; x_wconf 81' lang='grc' dir='ltr'>μὲν</span> <span class='ocrx_word' id='word_1_10' title='bbox 1009 309 1066 355; x_wconf 79' lang='grc' dir='ltr'>οῧν</span> <span class='ocrx_word' id='word_1_11' title='bbox 1087 316 1202 370; x_wconf 81' lang='grc' dir='ltr'>ψυχή,</span> <span class='ocrx_word' id='word_1_12' title='bbox 1225 317 1278 356; x_wconf 83' lang='grc' dir='ltr'>ὅτι</span> 
     </span>
     <span class='ocr_line' id='line_1_3' title="bbox 248 373 1278 429; baseline 0.002 -16"><span class='ocrx_word' id='word_1_13' title='bbox 248 375 379 429; x_wconf 80' lang='grc' dir='ltr'>ἐφίεται</span> <span class='ocrx_word' id='word_1_14' title='bbox 396 377 549 428; x_wconf 76' lang='grc' dir='ltr'>ἀγαθοῦ,</span> <span class='ocrx_word' id='word_1_15' title='bbox 567 376 743 413; x_wconf 74' lang='grc' dir='ltr'>πλανᾶται</span> <span class='ocrx_word' id='word_1_16' title='bbox 770 373 807 414; x_wconf 81' lang='grc' dir='ltr'>δὲ</span> <span class='ocrx_word' id='word_1_17' title='bbox 827 375 906 427; x_wconf 87' lang='grc' dir='ltr'>περὶ</span> <span class='ocrx_word' id='word_1_18' title='bbox 930 374 970 413; x_wconf 85' lang='grc' dir='ltr'>τὸ</span> <span class='ocrx_word' id='word_1_19' title='bbox 990 375 1140 426; x_wconf 71' lang='grc' dir='ltr'>ἀγαθόν,</span> <span class='ocrx_word' id='word_1_20' title='bbox 1157 375 1209 415; x_wconf 81' lang='grc' dir='ltr'>ὅτι</span> <span class='ocrx_word' id='word_1_21' title='bbox 1229 376 1278 427; x_wconf 86' lang='grc' dir='ltr'>μὴ</span> 
     </span>
     <span class='ocr_line' id='line_1_4' title="bbox 246 431 1279 487; baseline 0.002 -15"><span class='ocrx_word' id='word_1_22' title='bbox 246 433 371 487; x_wconf 84' lang='grc' dir='ltr'>πρώτη</span> <span class='ocrx_word' id='word_1_23' title='bbox 402 433 493 473; x_wconf 83' lang='grc' dir='ltr'>ἐστὶν</span> <span class='ocrx_word' id='word_1_24' title='bbox 515 433 528 457; x_wconf 78' lang='lat'><em>¹</em></span> <span class='ocrx_word' id='word_1_25' title='bbox 550 433 664 474; x_wconf 85' lang='grc' dir='ltr'>οὗσία.</span> <span class='ocrx_word' id='word_1_26' title='bbox 700 431 810 487; x_wconf 81' lang='grc' dir='ltr'>Ὑπὲρ</span> <span class='ocrx_word' id='word_1_27' title='bbox 844 433 879 472; x_wconf 81' lang='grc' dir='ltr'>δὲ</span> <span class='ocrx_word' id='word_1_28' title='bbox 904 438 963 472; x_wconf 82' lang='grc' dir='ltr'>τοῦ</span> <span class='ocrx_word' id='word_1_29' title='bbox 990 433 1039 484; x_wconf 86' lang='grc' dir='ltr'>μὴ</span> <span class='ocrx_word' id='word_1_30' title='bbox 1059 435 1279 484; x_wconf 83' lang='grc' dir='ltr'>πλανᾶσθαι,</span> 
     </span>
     <span class='ocr_line' id='line_1_5' title="bbox 246 490 1279 546; baseline 0.001 -14"><span class='ocrx_word' id='word_1_31' title='bbox 246 494 305 532; x_wconf 82' lang='grc' dir='ltr'>καὶ</span> <span class='ocrx_word' id='word_1_32' title='bbox 328 494 562 540; x_wconf 86' lang='grc' dir='ltr'>πλανηθεῖσαν</span> <span class='ocrx_word' id='word_1_33' title='bbox 581 492 848 545; x_wconf 86' lang='grc' dir='ltr'>θεραπεύεσθαι,</span> <span class='ocrx_word' id='word_1_34' title='bbox 868 490 983 530; x_wconf 78' lang='grc' dir='ltr'>πολλὰ</span> <span class='ocrx_word' id='word_1_35' title='bbox 1007 491 1103 544; x_wconf 83' lang='grc' dir='ltr'>παρὰ</span> <span class='ocrx_word' id='word_1_36' title='bbox 1124 494 1209 532; x_wconf 83' lang='grc' dir='ltr'>θεῶν</span> <span class='ocrx_word' id='word_1_37' title='bbox 1225 509 1279 546; x_wconf 87' lang='grc' dir='ltr'>γι-</span> 
     </span>
     <span class='ocr_line' id='line_1_6' title="bbox 245 550 1279 605; baseline 0.001 -14"><span class='ocrx_word' id='word_1_38' title='bbox 245 551 370 603; x_wconf 90' lang='grc' dir='ltr'>νόμενα</span> <span class='ocrx_word' id='word_1_39' title='bbox 387 550 480 590; x_wconf 84' lang='grc' dir='ltr'>ἔστιν</span> <span class='ocrx_word' id='word_1_40' title='bbox 501 552 597 592; x_wconf 83' lang='grc' dir='ltr'>ἷδεῗν.</span> <span class='ocrx_word' id='word_1_41' title='bbox 621 551 693 591; x_wconf 78' lang='grc' dir='ltr'>Καὶ</span> <span class='ocrx_word' id='word_1_42' title='bbox 711 550 776 605; x_wconf 84' lang='grc' dir='ltr'>γὰρ</span> <span class='ocrx_word' id='word_1_43' title='bbox 793 551 914 605; x_wconf 83' lang='grc' dir='ltr'>τέχναι</span> <span class='ocrx_word' id='word_1_44' title='bbox 935 552 993 590; x_wconf 88' lang='grc' dir='ltr'>καὶ</span> <span class='ocrx_word' id='word_1_45' title='bbox 1011 552 1203 603; x_wconf 79' lang='grc' dir='ltr'>ἐπιστῆμαι</span> <span class='ocrx_word' id='word_1_46' title='bbox 1221 553 1279 592; x_wconf 84' lang='grc' dir='ltr'>καὶ</span> 
     </span>
     <span class='ocr_line' id='line_1_7' title="bbox 246 610 1280 665; baseline 0 -16"><span class='ocrx_word' id='word_1_47' title='bbox 246 611 327 665; x_wconf 86' lang='grc' dir='ltr'>ἀραί</span> <span class='ocrx_word' id='word_1_48' title='bbox 345 615 383 660; x_wconf 70' lang='lat'>8,</span> <span class='ocrx_word' id='word_1_49' title='bbox 405 611 508 665; x_wconf 76' lang='grc' dir='ltr'>εὐχαί</span> <span class='ocrx_word' id='word_1_50' title='bbox 520 627 557 650; x_wconf 90' lang='grc' dir='ltr'>τε</span> <span class='ocrx_word' id='word_1_51' title='bbox 578 611 637 650; x_wconf 78' lang='grc' dir='ltr'>καὶ</span> <span class='ocrx_word' id='word_1_52' title='bbox 657 610 771 650; x_wconf 83' lang='grc' dir='ltr'>θυσίαι</span> <span class='ocrx_word' id='word_1_53' title='bbox 793 610 852 650; x_wconf 86' lang='grc' dir='ltr'>καὶ</span> <span class='ocrx_word' id='word_1_54' title='bbox 872 610 1029 659; x_wconf 86' lang='grc' dir='ltr'>τελεταί,</span> <span class='ocrx_word' id='word_1_55' title='bbox 1051 610 1150 662; x_wconf 90' lang='grc' dir='ltr'>νόμοι</span> <span class='ocrx_word' id='word_1_56' title='bbox 1167 626 1205 650; x_wconf 85' lang='grc' dir='ltr'>τε</span> <span class='ocrx_word' id='word_1_57' title='bbox 1221 611 1280 651; x_wconf 81' lang='grc' dir='ltr'>καὶ</span> 
     </span>
     <span class='ocr_line' id='line_1_8' title="bbox 245 668 1281 725; baseline -0.001 -15"><span class='ocrx_word' id='word_1_58' title='bbox 245 673 439 719; x_wconf 88' lang='grc' dir='ltr'>πολιτεῖαι,</span> <span class='ocrx_word' id='word_1_59' title='bbox 460 670 554 710; x_wconf 87' lang='grc' dir='ltr'>δίκαι</span> <span class='ocrx_word' id='word_1_60' title='bbox 569 687 606 710; x_wconf 89' lang='grc' dir='ltr'>τε</span> <span class='ocrx_word' id='word_1_61' title='bbox 624 670 683 710; x_wconf 73' lang='grc' dir='ltr'>καὶ</span> <span class='ocrx_word' id='word_1_62' title='bbox 698 670 856 714; x_wconf 85' lang='grc' dir='ltr'>κολάσεις</span> <span class='ocrx_word' id='word_1_63' title='bbox 877 669 933 709; x_wconf 79' lang='grc' dir='ltr'>διὰ</span> <span class='ocrx_word' id='word_1_64' title='bbox 951 668 991 709; x_wconf 81' lang='grc' dir='ltr'>τὸ</span> <span class='ocrx_word' id='word_1_65' title='bbox 1010 670 1154 709; x_wconf 77' lang='grc' dir='ltr'>κωλύειν</span> <span class='ocrx_word' id='word_1_66' title='bbox 1168 670 1281 725; x_wconf 77' lang='grc' dir='ltr'>ψυχὰς</span> 
     </span>
     <span class='ocr_line' id='line_1_9' title="bbox 246 728 1281 782; baseline 0.002 -15"><span class='ocrx_word' id='word_1_67' title='bbox 246 729 457 779; x_wconf 81' lang='grc' dir='ltr'>ἁμαρτάνειν</span> <span class='ocrx_word' id='word_1_68' title='bbox 489 729 664 782; x_wconf 82' lang='grc' dir='ltr'>ἐγένοντο·</span> <span class='ocrx_word' id='word_1_69' title='bbox 696 729 756 768; x_wconf 79' lang='grc' dir='ltr'>καὶ</span> <span class='ocrx_word' id='word_1_70' title='bbox 797 732 859 768; x_wconf 81' lang='grc' dir='ltr'>τοῦ</span> <span class='ocrx_word' id='word_1_71' title='bbox 892 728 1055 780; x_wconf 84' lang='grc' dir='ltr'>σώματος</span> <span class='ocrx_word' id='word_1_72' title='bbox 1083 728 1281 775; x_wconf 81' lang='grc' dir='ltr'>ἐξελθούσας</span> 
     </span>
     <span class='ocr_line' id='line_1_10' title="bbox 244 788 1278 841; baseline 0.001 -15"><span class='ocrx_word' id='word_1_73' title='bbox 244 789 312 826; x_wconf 86' lang='grc' dir='ltr'>θεοὶ</span> <span class='ocrx_word' id='word_1_74' title='bbox 335 788 515 841; x_wconf 90' lang='grc' dir='ltr'>καθάρσιοι</span> <span class='ocrx_word' id='word_1_75' title='bbox 531 789 590 828; x_wconf 82' lang='grc' dir='ltr'>καὶ</span> <span class='ocrx_word' id='word_1_76' title='bbox 610 789 770 838; x_wconf 86' lang='grc' dir='ltr'>δαίμονες</span> <span class='ocrx_word' id='word_1_77' title='bbox 789 791 858 827; x_wconf 86' lang='grc' dir='ltr'>τῶν</span> <span class='ocrx_word' id='word_1_78' title='bbox 874 788 1140 840; x_wconf 82' lang='grc' dir='ltr'>ἁμαρτημάτων</span> <span class='ocrx_word' id='word_1_79' title='bbox 1158 789 1278 828; x_wconf 87' lang='grc' dir='ltr'>καθαί-</span> 
     </span>
     <span class='ocr_line' id='line_1_11' title="bbox 246 861 353 897; baseline 0.019 -14"><span class='ocrx_word' id='word_1_80' title='bbox 246 861 353 897; x_wconf 91' lang='grc' dir='ltr'>ρουσι.</span> 
     </span>
    </p>

    <p class='ocr_par' dir='ltr' id='par_1_3' title="bbox 198 905 1283 2301">
     <span class='ocr_line' id='line_1_12' title="bbox 296 905 1278 957; baseline -0.002 -11"><span class='ocrx_word' id='word_1_81' title='bbox 296 909 310 927; x_wconf 78' lang='lat'>&#39;¹</span> <span class='ocrx_word' id='word_1_82' title='bbox 331 905 434 946; x_wconf 80' lang='grc' dir='ltr'>Ἀλλὰ</span> <span class='ocrx_word' id='word_1_83' title='bbox 454 908 528 949; x_wconf 81' lang='grc' dir='ltr'>πῶς</span> <span class='ocrx_word' id='word_1_84' title='bbox 548 908 632 944; x_wconf 82' lang='grc' dir='ltr'>θεῶν</span> <span class='ocrx_word' id='word_1_85' title='bbox 648 907 785 957; x_wconf 80' lang='grc' dir='ltr'>ἀγαθῶν</span> <span class='ocrx_word' id='word_1_86' title='bbox 805 905 910 944; x_wconf 84' lang='grc' dir='ltr'>ὄντων</span> <span class='ocrx_word' id='word_1_87' title='bbox 933 905 992 943; x_wconf 89' lang='grc' dir='ltr'>καὶ</span> <span class='ocrx_word' id='word_1_88' title='bbox 1009 905 1123 944; x_wconf 90' lang='grc' dir='ltr'>πάντα</span> <span class='ocrx_word' id='word_1_89' title='bbox 1144 906 1278 945; x_wconf 78' lang='grc' dir='ltr'>ποιούν·</span> 
     </span>
     <span class='ocr_line' id='line_1_13' title="bbox 243 964 1278 1018; baseline 0.003 -16"><span class='ocrx_word' id='word_1_90' title='bbox 243 981 310 1002; x_wconf 86' lang='grc' dir='ltr'>των</span> <span class='ocrx_word' id='word_1_91' title='bbox 331 965 372 1002; x_wconf 81' lang='grc' dir='ltr'>τὰ</span> <span class='ocrx_word' id='word_1_92' title='bbox 389 964 480 1002; x_wconf 85' lang='grc' dir='ltr'>κακὰ</span> <span class='ocrx_word' id='word_1_93' title='bbox 497 966 530 1003; x_wconf 85' lang='grc' dir='ltr'>ἐν</span> <span class='ocrx_word' id='word_1_94' title='bbox 548 967 597 1016; x_wconf 80' lang='grc' dir='ltr'>τῷ</span> <span class='ocrx_word' id='word_1_95' title='bbox 618 964 759 1018; x_wconf 81' lang='grc' dir='ltr'>κόσμῳ;</span> <span class='ocrx_word' id='word_1_96' title='bbox 780 965 894 1017; x_wconf 84' lang='lat' dir='ltr'>]Vid.</span> <span class='ocrx_word' id='word_1_97' title='bbox 908 965 1089 1003; x_wconf 84' lang='lat' dir='ltr'>Proclum</span> <span class='ocrx_word' id='word_1_98' title='bbox 1111 966 1152 1003; x_wconf 83' lang='lat' dir='ltr'>in</span> <span class='ocrx_word' id='word_1_99' title='bbox 1174 965 1278 1005; x_wconf 81' lang='lat' dir='ltr'>Tim.</span> 
     </span>
     <span class='ocr_line' id='line_1_14' title="bbox 244 1022 1279 1075; baseline 0.003 -16"><span class='ocrx_word' id='word_1_100' title='bbox 244 1037 282 1074; x_wconf 91' lang='lat' dir='ltr'>p.</span> <span class='ocrx_word' id='word_1_101' title='bbox 311 1025 405 1070; x_wconf 82' lang='lat'>1233</span> <span class='ocrx_word' id='word_1_102' title='bbox 440 1022 640 1061; x_wconf 86' lang='lat' dir='ltr'>lamblich.</span> <span class='ocrx_word' id='word_1_103' title='bbox 660 1022 797 1062; x_wconf 83' lang='lat' dir='ltr'>Theol.</span> <span class='ocrx_word' id='word_1_104' title='bbox 822 1023 972 1074; x_wconf 86' lang='lat' dir='ltr'>AEgypt.</span> <span class='ocrx_word' id='word_1_105' title='bbox 995 1022 1096 1062; x_wconf 87' lang='lat' dir='ltr'>Sect.</span> <span class='ocrx_word' id='word_1_106' title='bbox 1122 1022 1174 1060; x_wconf 89' lang='lat' dir='ltr'>IV</span> <span class='ocrx_word' id='word_1_107' title='bbox 1196 1038 1279 1075; x_wconf 87' lang='lat' dir='ltr'>cap.</span> 
     </span>
     <span class='ocr_line' id='line_1_15' title="bbox 243 1081 1283 1133; baseline 0.002 -14"><span class='ocrx_word' id='word_1_108' title='bbox 243 1084 280 1129; x_wconf 87' lang='lat'>6,</span> <span class='ocrx_word' id='word_1_109' title='bbox 304 1096 341 1129; x_wconf 91' lang='lat'>7,</span> <span class='ocrx_word' id='word_1_110' title='bbox 368 1084 414 1128; x_wconf 83' lang='lat'>8,</span> <span class='ocrx_word' id='word_1_111' title='bbox 437 1095 484 1130; x_wconf 88' lang='grc'>9,</span> <span class='ocrx_word' id='word_1_112' title='bbox 517 1095 587 1128; x_wconf 85' lang='grc' dir='ltr'>ιο;</span> <span class='ocrx_word' id='word_1_113' title='bbox 615 1081 774 1121; x_wconf 86' lang='lat' dir='ltr'><strong>Maxim.</strong></span> <span class='ocrx_word' id='word_1_114' title='bbox 802 1082 900 1133; x_wconf 84' lang='lat' dir='ltr'>Tyr.</span> <span class='ocrx_word' id='word_1_115' title='bbox 933 1082 1094 1121; x_wconf 84' lang='lat' dir='ltr'>Dissert.</span> <span class='ocrx_word' id='word_1_116' title='bbox 1125 1081 1224 1119; x_wconf 81' lang='lat' dir='ltr'>XXV</span> <span class='ocrx_word' id='word_1_117' title='bbox 1246 1092 1283 1121; x_wconf 86' lang='lat' dir='ltr'>et</span> 
     </span>
     <span class='ocr_line' id='line_1_16' title="bbox 244 1139 1281 1193; baseline 0.001 -15"><span class='ocrx_word' id='word_1_118' title='bbox 244 1142 353 1179; x_wconf 89' lang='lat' dir='ltr'>alios.</span> <span class='ocrx_word' id='word_1_119' title='bbox 370 1161 422 1169; x_wconf 94' lang='lat'>—</span> <span class='ocrx_word' id='word_1_120' title='bbox 441 1140 457 1164; x_wconf 78' lang='lat'>¹³</span> <span class='ocrx_word' id='word_1_121' title='bbox 481 1139 601 1187; x_wconf 81' lang='grc' dir='ltr'>ἐπειδὴ</span> <span class='ocrx_word' id='word_1_122' title='bbox 623 1145 692 1183; x_wconf 79' lang='grc' dir='ltr'>πᾶς</span> <span class='ocrx_word' id='word_1_123' title='bbox 718 1140 792 1184; x_wconf 86' lang='grc' dir='ltr'>θεὸς</span> <span class='ocrx_word' id='word_1_124' title='bbox 821 1139 966 1193; x_wconf 79' lang='grc' dir='ltr'>ἀγαθόςΙ</span> <span class='ocrx_word' id='word_1_125' title='bbox 989 1140 1047 1178; x_wconf 91' lang='lat' dir='ltr'>Cf.</span> <span class='ocrx_word' id='word_1_126' title='bbox 1071 1140 1281 1179; x_wconf 81' lang='lat' dir='ltr'>Democriti</span> 
     </span>
     <span class='ocr_line' id='line_1_17' title="bbox 243 1199 1282 1251; baseline 0 -13"><span class='ocrx_word' id='word_1_127' title='bbox 243 1201 377 1249; x_wconf 81' lang='lat' dir='ltr'>fragm.</span> <span class='ocrx_word' id='word_1_128' title='bbox 399 1200 535 1238; x_wconf 85' lang='lat' dir='ltr'>moral.</span> <span class='ocrx_word' id='word_1_129' title='bbox 572 1200 634 1238; x_wconf 87' lang='lat'>13.</span> <span class='ocrx_word' id='word_1_130' title='bbox 656 1200 733 1238; x_wconf 86' lang='lat' dir='ltr'>vol.</span> <span class='ocrx_word' id='word_1_131' title='bbox 759 1200 787 1247; x_wconf 89' lang='lat' dir='ltr'>l,</span> <span class='ocrx_word' id='word_1_132' title='bbox 808 1214 846 1251; x_wconf 92' lang='lat' dir='ltr'>p.</span> <span class='ocrx_word' id='word_1_133' title='bbox 875 1201 944 1245; x_wconf 75' lang='lat'>341</span> <span class='ocrx_word' id='word_1_134' title='bbox 979 1208 1016 1237; x_wconf 88' lang='lat' dir='ltr'>et</span> <span class='ocrx_word' id='word_1_135' title='bbox 1043 1199 1282 1238; x_wconf 85' lang='lat' dir='ltr'><strong>lamblichus</strong></span> 
     </span>
     <span class='ocr_line' id='line_1_18' title="bbox 241 1256 1280 1309; baseline -0.001 -13"><span class='ocrx_word' id='word_1_136' title='bbox 241 1259 288 1297; x_wconf 91' lang='lat' dir='ltr'>de</span> <span class='ocrx_word' id='word_1_137' title='bbox 307 1267 466 1309; x_wconf 85' lang='lat' dir='ltr'><strong>myster.</strong></span> <span class='ocrx_word' id='word_1_138' title='bbox 490 1266 582 1297; x_wconf 86' lang='lat' dir='ltr'>sect.</span> <span class='ocrx_word' id='word_1_139' title='bbox 606 1257 655 1295; x_wconf 90' lang='lat' dir='ltr'>lv</span> <span class='ocrx_word' id='word_1_140' title='bbox 679 1271 763 1309; x_wconf 90' lang='lat' dir='ltr'>cap.</span> <span class='ocrx_word' id='word_1_141' title='bbox 781 1260 820 1297; x_wconf 86' lang='lat'>6.</span> <span class='ocrx_word' id='word_1_142' title='bbox 836 1278 889 1287; x_wconf 90' lang='lat'>—</span> <span class='ocrx_word' id='word_1_143' title='bbox 910 1262 925 1281; x_wconf 80' lang='lat'><strong>⁰</strong></span> <span class='ocrx_word' id='word_1_144' title='bbox 944 1259 974 1295; x_wconf 87' lang='grc' dir='ltr'>εἷ</span> <span class='ocrx_word' id='word_1_145' title='bbox 994 1256 1029 1295; x_wconf 86' lang='grc' dir='ltr'>δὲ</span> <span class='ocrx_word' id='word_1_146' title='bbox 1047 1257 1280 1308; x_wconf 83' lang='grc' dir='ltr'>δαίμονάςτις</span> 
     </span>
     <span class='ocr_line' id='line_1_19' title="bbox 239 1315 1283 1368; baseline 0 -14"><span class='ocrx_word' id='word_1_147' title='bbox 239 1316 332 1368; x_wconf 83' lang='grc' dir='ltr'>λέγει</span> <span class='ocrx_word' id='word_1_148' title='bbox 367 1315 516 1365; x_wconf 85' lang='grc' dir='ltr'>κακούς]</span> <span class='ocrx_word' id='word_1_149' title='bbox 551 1316 656 1366; x_wconf 89' lang='lat' dir='ltr'>quod</span> <span class='ocrx_word' id='word_1_150' title='bbox 685 1317 835 1368; x_wconf 86' lang='lat' dir='ltr'>primus</span> <span class='ocrx_word' id='word_1_151' title='bbox 869 1316 973 1367; x_wconf 90' lang='lat' dir='ltr'>apud</span> <span class='ocrx_word' id='word_1_152' title='bbox 990 1351 992 1353; x_wconf 73' lang='grc'><strong>,</strong></span> <span class='ocrx_word' id='word_1_153' title='bbox 1009 1315 1160 1356; x_wconf 81' lang='lat' dir='ltr'>Graecos</span> <span class='ocrx_word' id='word_1_154' title='bbox 1193 1316 1283 1355; x_wconf 86' lang='lat' dir='ltr'>fecit</span> 
     </span>
     <span class='ocr_line' id='line_1_20' title="bbox 239 1373 1279 1426; baseline 0 -14"><span class='ocrx_word' id='word_1_155' title='bbox 239 1374 503 1426; x_wconf 78' lang='lat' dir='ltr'>Empedocles.</span> <span class='ocrx_word' id='word_1_156' title='bbox 530 1373 617 1413; x_wconf 85' lang='lat' dir='ltr'>vid.</span> <span class='ocrx_word' id='word_1_157' title='bbox 636 1387 696 1413; x_wconf 90' lang='lat' dir='ltr'>vs.</span> <span class='ocrx_word' id='word_1_158' title='bbox 725 1388 821 1412; x_wconf 88' lang='lat'><em>1-10</em></span> <span class='ocrx_word' id='word_1_159' title='bbox 843 1375 924 1413; x_wconf 87' lang='lat' dir='ltr'>vol.</span> <span class='ocrx_word' id='word_1_160' title='bbox 947 1374 1069 1425; x_wconf 87' lang='lat' dir='ltr'>Ipag.</span> <span class='ocrx_word' id='word_1_161' title='bbox 1101 1388 1133 1413; x_wconf 93' lang='lat'>1.</span> <span class='ocrx_word' id='word_1_162' title='bbox 1155 1373 1200 1412; x_wconf 88' lang='lat' dir='ltr'>ln</span> <span class='ocrx_word' id='word_1_163' title='bbox 1219 1387 1279 1412; x_wconf 88' lang='lat' dir='ltr'>ea-</span> 
     </span>
     <span class='ocr_line' id='line_1_21' title="bbox 240 1431 1280 1483; baseline -0.001 -12"><span class='ocrx_word' id='word_1_164' title='bbox 240 1433 325 1471; x_wconf 84' lang='lat' dir='ltr'>dem</span> <span class='ocrx_word' id='word_1_165' title='bbox 347 1433 533 1471; x_wconf 83' lang='lat' dir='ltr'>sententia</span> <span class='ocrx_word' id='word_1_166' title='bbox 553 1431 626 1469; x_wconf 86' lang='lat' dir='ltr'>fuit</span> <span class='ocrx_word' id='word_1_167' title='bbox 644 1432 890 1483; x_wconf 85' lang='lat' dir='ltr'>Porphyrius</span> <span class='ocrx_word' id='word_1_168' title='bbox 915 1433 1017 1483; x_wconf 89' lang='lat' dir='ltr'>apud</span> <span class='ocrx_word' id='word_1_169' title='bbox 1037 1431 1218 1469; x_wconf 90' lang='lat' dir='ltr'>Proclum</span> <span class='ocrx_word' id='word_1_170' title='bbox 1239 1433 1280 1470; x_wconf 88' lang='lat' dir='ltr'>in</span> 
     </span>
     <span class='ocr_line' id='line_1_22' title="bbox 238 1488 1279 1539; baseline 0 -11"><span class='ocrx_word' id='word_1_171' title='bbox 238 1489 428 1529; x_wconf 84' lang='lat' dir='ltr'>Timacum</span> <span class='ocrx_word' id='word_1_172' title='bbox 449 1489 518 1527; x_wconf 88' lang='lat' dir='ltr'>lib.</span> <span class='ocrx_word' id='word_1_173' title='bbox 545 1488 561 1525; x_wconf 88' lang='grc' dir='ltr'>Ι</span> <span class='ocrx_word' id='word_1_174' title='bbox 590 1501 678 1539; x_wconf 85' lang='lat' dir='ltr'>pag.</span> <span class='ocrx_word' id='word_1_175' title='bbox 704 1494 751 1532; x_wconf 74' lang='lat'>24</span> <span class='ocrx_word' id='word_1_176' title='bbox 779 1499 817 1528; x_wconf 83' lang='lat' dir='ltr'>et</span> <span class='ocrx_word' id='word_1_177' title='bbox 844 1490 891 1527; x_wconf 82' lang='lat'>53</span> <span class='ocrx_word' id='word_1_178' title='bbox 915 1502 958 1527; x_wconf 88' lang='lat' dir='ltr'>ac</span> <span class='ocrx_word' id='word_1_179' title='bbox 983 1489 1030 1527; x_wconf 93' lang='lat' dir='ltr'>de</span> <span class='ocrx_word' id='word_1_180' title='bbox 1051 1488 1195 1527; x_wconf 85' lang='lat' dir='ltr'>abstin.</span> <span class='ocrx_word' id='word_1_181' title='bbox 1219 1488 1279 1535; x_wconf 93' lang='lat'>11,</span> 
     </span>
     <span class='ocr_line' id='line_1_23' title="bbox 241 1546 1283 1600; baseline -0.002 -14"><span class='ocrx_word' id='word_1_182' title='bbox 241 1550 289 1586; x_wconf 81' lang='lat'>38</span> <span class='ocrx_word' id='word_1_183' title='bbox 309 1562 417 1600; x_wconf 86' lang='lat' dir='ltr'>seqq.</span> <span class='ocrx_word' id='word_1_184' title='bbox 441 1548 636 1598; x_wconf 83' lang='lat' dir='ltr'>duplicem</span> <span class='ocrx_word' id='word_1_185' title='bbox 656 1548 857 1596; x_wconf 87' lang='lat' dir='ltr'>geniorum</span> <span class='ocrx_word' id='word_1_186' title='bbox 877 1548 1043 1598; x_wconf 87' lang='lat' dir='ltr'>speciem</span> <span class='ocrx_word' id='word_1_187' title='bbox 1065 1556 1144 1584; x_wconf 89' lang='lat' dir='ltr'>tum</span> <span class='ocrx_word' id='word_1_188' title='bbox 1159 1546 1283 1584; x_wconf 88' lang='lat' dir='ltr'>bono-</span> 
     </span>
     <span class='ocr_line' id='line_1_24' title="bbox 239 1604 1282 1657; baseline -0.004 -11"><span class='ocrx_word' id='word_1_189' title='bbox 239 1621 322 1646; x_wconf 79' lang='lat' dir='ltr'>rum</span> <span class='ocrx_word' id='word_1_190' title='bbox 345 1616 424 1645; x_wconf 87' lang='lat' dir='ltr'>tum</span> <span class='ocrx_word' id='word_1_191' title='bbox 444 1606 634 1643; x_wconf 83' lang='lat' dir='ltr'>malorum</span> <span class='ocrx_word' id='word_1_192' title='bbox 662 1618 746 1644; x_wconf 86' lang='lat' dir='ltr'>esse</span> <span class='ocrx_word' id='word_1_193' title='bbox 767 1607 927 1646; x_wconf 84' lang='lat' dir='ltr'>ducens.</span> <span class='ocrx_word' id='word_1_194' title='bbox 950 1627 1003 1635; x_wconf 96' lang='lat'><strong>—</strong></span> <span class='ocrx_word' id='word_1_195' title='bbox 1025 1604 1041 1628; x_wconf 77' lang='lat'>‘¹</span> <span class='ocrx_word' id='word_1_196' title='bbox 1058 1605 1139 1657; x_wconf 77' lang='grc' dir='ltr'>περὶ</span> <span class='ocrx_word' id='word_1_197' title='bbox 1161 1604 1197 1643; x_wconf 86' lang='grc' dir='ltr'>δὲ</span> <span class='ocrx_word' id='word_1_198' title='bbox 1221 1604 1282 1649; x_wconf 83' lang='grc' dir='ltr'>τὰς</span> 
     </span>
     <span class='ocr_line' id='line_1_25' title="bbox 240 1663 1280 1718; baseline 0 -14"><span class='ocrx_word' id='word_1_199' title='bbox 240 1670 307 1705; x_wconf 86' lang='grc' dir='ltr'>τῶν</span> <span class='ocrx_word' id='word_1_200' title='bbox 327 1664 517 1718; x_wconf 85' lang='grc' dir='ltr'>ἀνθρώπων</span> <span class='ocrx_word' id='word_1_201' title='bbox 538 1663 732 1717; x_wconf 82' lang='grc' dir='ltr'>ἐνεργείας]</span> <span class='ocrx_word' id='word_1_202' title='bbox 751 1665 810 1704; x_wconf 85' lang='lat' dir='ltr'>Cf.</span> <span class='ocrx_word' id='word_1_203' title='bbox 833 1665 997 1703; x_wconf 86' lang='lat' dir='ltr'>Proclus</span> <span class='ocrx_word' id='word_1_204' title='bbox 1012 1665 1053 1703; x_wconf 90' lang='lat' dir='ltr'>in</span> <span class='ocrx_word' id='word_1_205' title='bbox 1073 1664 1175 1702; x_wconf 91' lang='lat' dir='ltr'>Tim.</span> <span class='ocrx_word' id='word_1_206' title='bbox 1193 1677 1280 1715; x_wconf 87' lang='lat' dir='ltr'>pag.</span> 
     </span>
     <span class='ocr_line' id='line_1_26' title="bbox 244 1721 1279 1775; baseline -0.002 -12"><span class='ocrx_word' id='word_1_207' title='bbox 244 1725 314 1764; x_wconf 83' lang='lat'>115</span> <span class='ocrx_word' id='word_1_208' title='bbox 345 1738 424 1775; x_wconf 87' lang='lat' dir='ltr'>seq.</span> <span class='ocrx_word' id='word_1_209' title='bbox 442 1733 479 1761; x_wconf 82' lang='lat' dir='ltr'>et</span> <span class='ocrx_word' id='word_1_210' title='bbox 502 1723 642 1762; x_wconf 82' lang='lat' dir='ltr'>Plotin.</span> <span class='ocrx_word' id='word_1_211' title='bbox 667 1723 841 1762; x_wconf 91' lang='lat' dir='ltr'>Ennead.</span> <span class='ocrx_word' id='word_1_212' title='bbox 866 1722 923 1761; x_wconf 94' lang='lat'>111</span> <span class='ocrx_word' id='word_1_213' title='bbox 945 1721 1014 1761; x_wconf 88' lang='lat' dir='ltr'>lib.</span> <span class='ocrx_word' id='word_1_214' title='bbox 1036 1723 1074 1760; x_wconf 89' lang='grc' dir='ltr'>ΙΙ</span> <span class='ocrx_word' id='word_1_215' title='bbox 1091 1736 1175 1774; x_wconf 88' lang='lat' dir='ltr'>cap.</span> <span class='ocrx_word' id='word_1_216' title='bbox 1197 1724 1279 1770; x_wconf 82' lang='lat'>3-7.</span> 
     </span>
     <span class='ocr_line' id='line_1_27' title="bbox 239 1780 1279 1834; baseline -0.001 -13"><span class='ocrx_word' id='word_1_217' title='bbox 239 1806 291 1813; x_wconf 94' lang='grc'>--</span> <span class='ocrx_word' id='word_1_218' title='bbox 305 1788 319 1805; x_wconf 77' lang='lat'><strong>⁰</strong></span> <span class='ocrx_word' id='word_1_219' title='bbox 339 1782 535 1834; x_wconf 83' lang='grc' dir='ltr'>ἁμαρτάνει</span> <span class='ocrx_word' id='word_1_220' title='bbox 548 1781 643 1832; x_wconf 79' lang='grc' dir='ltr'>ψυχή</span> <span class='ocrx_word' id='word_1_221' title='bbox 659 1812 669 1831; x_wconf 83' lang='lat'>,</span> <span class='ocrx_word' id='word_1_222' title='bbox 686 1782 730 1833; x_wconf 74' lang='grc' dir='ltr'>δι’</span> <span class='ocrx_word' id='word_1_223' title='bbox 746 1780 944 1833; x_wconf 85' lang='grc' dir='ltr'>ἀγαθότητα</span> <span class='ocrx_word' id='word_1_224' title='bbox 959 1781 1092 1832; x_wconf 88' lang='grc' dir='ltr'>γίνεται</span> <span class='ocrx_word' id='word_1_225' title='bbox 1105 1780 1149 1819; x_wconf 85' lang='grc' dir='ltr'>τὰ</span> <span class='ocrx_word' id='word_1_226' title='bbox 1170 1781 1279 1820; x_wconf 88' lang='grc' dir='ltr'>κακά·</span> 
     </span>
     <span class='ocr_line' id='line_1_28' title="bbox 240 1833 1279 1894; baseline -0.003 -15"><span class='ocrx_word' id='word_1_227' title='bbox 240 1840 383 1894; x_wconf 79' lang='grc' dir='ltr'>(ὥσπερ</span> <span class='ocrx_word' id='word_1_228' title='bbox 406 1842 462 1878; x_wconf 88' lang='grc' dir='ltr'>διὰ</span> <span class='ocrx_word' id='word_1_229' title='bbox 485 1839 523 1877; x_wconf 82' lang='grc' dir='ltr'>τὸ</span> <span class='ocrx_word' id='word_1_230' title='bbox 545 1842 615 1892; x_wconf 80' lang='grc' dir='ltr'>φῶς</span> <span class='ocrx_word' id='word_1_231' title='bbox 635 1839 683 1890; x_wconf 88' lang='grc' dir='ltr'>μὴ</span> <span class='ocrx_word' id='word_1_232' title='bbox 710 1833 798 1877; x_wconf 59' lang='grc' dir='ltr'>εἶναι</span> <span class='ocrx_word' id='word_1_233' title='bbox 818 1838 951 1891; x_wconf 89' lang='grc' dir='ltr'>γίνεται</span> <span class='ocrx_word' id='word_1_234' title='bbox 972 1838 1091 1883; x_wconf 87' lang='grc' dir='ltr'>σκότος</span> <span class='ocrx_word' id='word_1_235' title='bbox 1111 1839 1210 1892; x_wconf 80' lang='grc' dir='ltr'>φύσει</span> <span class='ocrx_word' id='word_1_236' title='bbox 1232 1839 1279 1890; x_wconf 87' lang='grc' dir='ltr'>μὴ</span> 
     </span>
     <span class='ocr_line' id='line_1_29' title="bbox 240 1891 1280 1951; baseline -0.002 -13"><span class='ocrx_word' id='word_1_237' title='bbox 240 1900 298 1951; x_wconf 85' lang='grc' dir='ltr'>ὅν)</span> <span class='ocrx_word' id='word_1_238' title='bbox 324 1898 518 1951; x_wconf 82' lang='grc' dir='ltr'>ἁμαρτάνει</span> <span class='ocrx_word' id='word_1_239' title='bbox 549 1897 611 1949; x_wconf 88' lang='grc' dir='ltr'>μὲν</span> <span class='ocrx_word' id='word_1_240' title='bbox 640 1891 699 1937; x_wconf 74' lang='grc' dir='ltr'>οῧν</span> <span class='ocrx_word' id='word_1_241' title='bbox 729 1897 850 1951; x_wconf 83' lang='grc' dir='ltr'>ψυχή]</span> <span class='ocrx_word' id='word_1_242' title='bbox 874 1898 931 1936; x_wconf 87' lang='lat' dir='ltr'>Ita</span> <span class='ocrx_word' id='word_1_243' title='bbox 958 1898 1165 1949; x_wconf 86' lang='lat' dir='ltr'>legendum</span> <span class='ocrx_word' id='word_1_244' title='bbox 1194 1912 1280 1937; x_wconf 93' lang='lat' dir='ltr'>cum</span> 
     </span>
     <span class='ocr_line' id='line_1_30' title="bbox 241 1957 1280 2010; baseline -0.002 -12"><span class='ocrx_word' id='word_1_245' title='bbox 241 1959 390 1998; x_wconf 84' lang='lat' dir='ltr'>Orellio</span> <span class='ocrx_word' id='word_1_246' title='bbox 405 1973 415 2006; x_wconf 84' lang='lat'>3</span> <span class='ocrx_word' id='word_1_247' title='bbox 431 1958 551 2007; x_wconf 85' lang='lat' dir='ltr'>vulgo</span> <span class='ocrx_word' id='word_1_248' title='bbox 565 1957 630 1995; x_wconf 92' lang='lat' dir='ltr'>hic</span> <span class='ocrx_word' id='word_1_249' title='bbox 650 1957 896 1996; x_wconf 84' lang='lat' dir='ltr'>scribebatur</span> <span class='ocrx_word' id='word_1_250' title='bbox 914 1972 923 1994; x_wconf 88' lang='lat'>:</span> <span class='ocrx_word' id='word_1_251' title='bbox 944 1958 1139 2010; x_wconf 85' lang='grc' dir='ltr'>ἁμαρτάνει</span> <span class='ocrx_word' id='word_1_252' title='bbox 1162 1957 1280 2010; x_wconf 82' lang='grc' dir='ltr'>ψυχή,</span> 
     </span>
     <span class='ocr_line' id='line_1_31' title="bbox 240 2013 1282 2069; baseline -0.003 -13"><span class='ocrx_word' id='word_1_253' title='bbox 240 2018 300 2056; x_wconf 84' lang='grc' dir='ltr'>καὶ</span> <span class='ocrx_word' id='word_1_254' title='bbox 322 2016 364 2055; x_wconf 89' lang='grc' dir='ltr'>δι’</span> <span class='ocrx_word' id='word_1_255' title='bbox 385 2015 585 2067; x_wconf 83' lang='grc' dir='ltr'>ἀγαθότητα</span> <span class='ocrx_word' id='word_1_256' title='bbox 604 2014 736 2066; x_wconf 90' lang='grc' dir='ltr'>γίνεται</span> <span class='ocrx_word' id='word_1_257' title='bbox 749 2014 792 2052; x_wconf 81' lang='grc' dir='ltr'>τὰ</span> <span class='ocrx_word' id='word_1_258' title='bbox 814 2014 926 2061; x_wconf 90' lang='grc' dir='ltr'>κακά,</span> <span class='ocrx_word' id='word_1_259' title='bbox 944 2013 1065 2063; x_wconf 79' lang='grc' dir='ltr'>ὥσπερ</span> <span class='ocrx_word' id='word_1_260' title='bbox 1082 2015 1138 2053; x_wconf 84' lang='grc' dir='ltr'>διὰ</span> <span class='ocrx_word' id='word_1_261' title='bbox 1156 2015 1195 2053; x_wconf 85' lang='grc' dir='ltr'>τὸ</span> <span class='ocrx_word' id='word_1_262' title='bbox 1210 2017 1282 2069; x_wconf 85' lang='grc' dir='ltr'>φῶς</span> 
     </span>
     <span class='ocr_line' id='line_1_32' title="bbox 198 2068 1281 2127; baseline 0 -14"><span class='ocrx_word' id='word_1_263' title='bbox 198 2078 201 2083; x_wconf 80' lang='grc'><em>“</em></span> <span class='ocrx_word' id='word_1_264' title='bbox 248 2076 297 2127; x_wconf 88' lang='grc' dir='ltr'>μὴ</span> <span class='ocrx_word' id='word_1_265' title='bbox 319 2068 409 2114; x_wconf 64' lang='grc' dir='ltr'>εἶναι</span> <span class='ocrx_word' id='word_1_266' title='bbox 427 2073 558 2126; x_wconf 88' lang='grc' dir='ltr'>γίνεται</span> <span class='ocrx_word' id='word_1_267' title='bbox 579 2073 699 2118; x_wconf 83' lang='grc' dir='ltr'>σκότος</span> <span class='ocrx_word' id='word_1_268' title='bbox 719 2073 818 2127; x_wconf 82' lang='grc' dir='ltr'>φύσει</span> <span class='ocrx_word' id='word_1_269' title='bbox 841 2073 889 2123; x_wconf 80' lang='grc' dir='ltr'>μὴ</span> <span class='ocrx_word' id='word_1_270' title='bbox 911 2072 964 2113; x_wconf 83' lang='grc' dir='ltr'>ὅν.</span> <span class='ocrx_word' id='word_1_271' title='bbox 987 2073 1196 2126; x_wconf 86' lang='grc' dir='ltr'>Ἅμαρτάνει</span> <span class='ocrx_word' id='word_1_272' title='bbox 1219 2074 1281 2125; x_wconf 76' lang='grc' dir='ltr'>μὲν</span> 
     </span>
     <span class='ocr_line' id='line_1_33' title="bbox 244 2128 1282 2186; baseline 0 -14"><span class='ocrx_word' id='word_1_273' title='bbox 244 2128 303 2172; x_wconf 70' lang='grc' dir='ltr'>οῧν</span> <span class='ocrx_word' id='word_1_274' title='bbox 324 2132 434 2186; x_wconf 84' lang='grc' dir='ltr'>ψυχή.</span> <span class='ocrx_word' id='word_1_275' title='bbox 463 2153 516 2162; x_wconf 94' lang='grc'><strong>-</strong></span> <span class='ocrx_word' id='word_1_276' title='bbox 535 2133 547 2157; x_wconf 80' lang='lat' dir='ltr'>f</span> <span class='ocrx_word' id='word_1_277' title='bbox 572 2132 624 2170; x_wconf 81' lang='grc' dir='ltr'>ὅτι</span> <span class='ocrx_word' id='word_1_278' title='bbox 644 2130 693 2182; x_wconf 85' lang='grc' dir='ltr'>μὴ</span> <span class='ocrx_word' id='word_1_279' title='bbox 733 2132 854 2183; x_wconf 81' lang='grc' dir='ltr'>πρώτη</span> <span class='ocrx_word' id='word_1_280' title='bbox 878 2130 970 2170; x_wconf 76' lang='grc' dir='ltr'>ἐστὶν</span> <span class='ocrx_word' id='word_1_281' title='bbox 998 2131 1122 2184; x_wconf 80' lang='grc' dir='ltr'>οὖσία]</span> <span class='ocrx_word' id='word_1_282' title='bbox 1148 2146 1282 2172; x_wconf 89' lang='lat' dir='ltr'>sensus</span> 
     </span>
     <span class='ocr_line' id='line_1_34' title="bbox 239 2194 1279 2243; baseline 0 -13"><span class='ocrx_word' id='word_1_283' title='bbox 239 2202 296 2231; x_wconf 81' lang='lat' dir='ltr'>est</span> <span class='ocrx_word' id='word_1_284' title='bbox 317 2207 326 2230; x_wconf 71' lang='grc' dir='ltr'>ε</span> <span class='ocrx_word' id='word_1_285' title='bbox 344 2201 479 2242; x_wconf 81' lang='lat' dir='ltr'>peccat</span> <span class='ocrx_word' id='word_1_286' title='bbox 496 2196 643 2229; x_wconf 77' lang='lat' dir='ltr'>animus</span> <span class='ocrx_word' id='word_1_287' title='bbox 652 2201 859 2242; x_wconf 82' lang='lat' dir='ltr'>propterea</span> <span class='ocrx_word' id='word_1_288' title='bbox 877 2194 976 2242; x_wconf 86' lang='lat' dir='ltr'>quod</span> <span class='ocrx_word' id='word_1_289' title='bbox 990 2205 1077 2240; x_wconf 82' lang='lat' dir='ltr'>non,</span> <span class='ocrx_word' id='word_1_290' title='bbox 1099 2202 1138 2230; x_wconf 84' lang='lat' dir='ltr'>ut</span> <span class='ocrx_word' id='word_1_291' title='bbox 1151 2198 1279 2243; x_wconf 74' lang='lat' dir='ltr'>prima</span> 
     </span>
     <span class='ocr_line' id='line_1_35' title="bbox 240 2254 1280 2301; baseline 0 -12"><span class='ocrx_word' id='word_1_292' title='bbox 240 2266 359 2289; x_wconf 79' lang='lat' dir='ltr'>rerum</span> <span class='ocrx_word' id='word_1_293' title='bbox 381 2256 543 2289; x_wconf 82' lang='lat' dir='ltr'>omnium</span> <span class='ocrx_word' id='word_1_294' title='bbox 560 2265 674 2287; x_wconf 80' lang='lat' dir='ltr'>causa</span> <span class='ocrx_word' id='word_1_295' title='bbox 687 2255 761 2287; x_wconf 73' lang='lat' dir='ltr'>sive</span> <span class='ocrx_word' id='word_1_296' title='bbox 777 2254 868 2288; x_wconf 77' lang='lat' dir='ltr'>deus·</span> <span class='ocrx_word' id='word_1_297' title='bbox 885 2260 1016 2289; x_wconf 78' lang='lat' dir='ltr'>cuncta</span> <span class='ocrx_word' id='word_1_298' title='bbox 1033 2254 1199 2301; x_wconf 76' lang='lat' dir='ltr'>providet</span> <span class='ocrx_word' id='word_1_299' title='bbox 1219 2262 1280 2289; x_wconf 85' lang='lat' dir='ltr'>at-</span> 
     </span>
    </p>
   </div>
   <div class='ocr_carea' id='block_1_3' title="bbox 254 2350 372 2355">
    <p class='ocr_par' dir='ltr' id='par_1_4' title="bbox 254 2350 372 2355">
     <span class='ocr_line' id='line_1_36' title="bbox 254 2350 372 2355; baseline 0 0"><span class='ocrx_word' id='word_1_300' title='bbox 254 2350 372 2355; x_wconf 95' lang='lat' dir='ltr'> </span> 
     </span>
    </p>
   </div>
   <div class='ocr_carea' id='block_1_4' title="bbox 239 2384 1317 2428">
    <p class='ocr_par' dir='ltr' id='par_1_5' title="bbox 239 2384 1317 2428">
     <span class='ocr_line' id='line_1_37' title="bbox 239 2384 1317 2428; baseline -0.001 -9"><span class='ocrx_word' id='word_1_301' title='bbox 239 2387 370 2428; x_wconf 87' lang='lat' dir='ltr'>quando</span> <span class='ocrx_word' id='word_1_302' title='bbox 385 2396 450 2419; x_wconf 93' lang='lat' dir='ltr'>non</span> <span class='ocrx_word' id='word_1_303' title='bbox 473 2384 762 2427; x_wconf 83' lang='lat' dir='ltr'>pecuniosissimus</span> <span class='ocrx_word' id='word_1_304' title='bbox 781 2386 922 2426; x_wconf 89' lang='lat' dir='ltr'>quisque</span> <span class='ocrx_word' id='word_1_305' title='bbox 941 2385 1063 2417; x_wconf 87' lang='lat' dir='ltr'>civium</span> <span class='ocrx_word' id='word_1_306' title='bbox 1076 2412 1084 2427; x_wconf 90' lang='lat'>‚</span> <span class='ocrx_word' id='word_1_307' title='bbox 1102 2386 1160 2418; x_wconf 87' lang='lat' dir='ltr'>sed</span> <span class='ocrx_word' id='word_1_308' title='bbox 1179 2396 1282 2428; x_wconf 88' lang='lat' dir='ltr'>popu·</span> <span class='ocrx_word' id='word_1_309' title='bbox 1312 2386 1317 2412; x_wconf 69' lang='grc' dir='ltr'><strong><em>ἴ</em></strong></span> 
     </span>
    </p>
   </div>
   <div class='ocr_carea' id='block_1_5' title="bbox 240 2444 834 2479">
    <p class='ocr_par' dir='ltr' id='par_1_6' title="bbox 240 2444 834 2479">
     <span class='ocr_line' id='line_1_38' title="bbox 240 2444 834 2479; baseline -0.003 0"><span class='ocrx_word' id='word_1_310' title='bbox 240 2446 293 2479; x_wconf 89' lang='lat' dir='ltr'>lus</span> <span class='ocrx_word' id='word_1_311' title='bbox 311 2446 457 2478; x_wconf 91' lang='lat' dir='ltr'>omnium</span> <span class='ocrx_word' id='word_1_312' title='bbox 474 2453 585 2478; x_wconf 89' lang='lat' dir='ltr'>rerum</span> <span class='ocrx_word' id='word_1_313' title='bbox 601 2444 753 2477; x_wconf 90' lang='lat' dir='ltr'>dominus</span> <span class='ocrx_word' id='word_1_314' title='bbox 772 2445 834 2477; x_wconf 84' lang='lat' dir='ltr'>est.</span> 
     </span>
    </p>
   </div>
   <div class='ocr_carea' id='block_1_6' title="bbox 676 2557 847 2597">
    <p class='ocr_par' dir='ltr' id='par_1_7' title="bbox 676 2557 847 2597">
     <span class='ocr_line' id='line_1_39' title="bbox 676 2557 847 2597; baseline 0.006 -10"><span class='ocrx_word' id='word_1_315' title='bbox 676 2557 754 2597; x_wconf 84' lang='lat' dir='ltr'>cap.</span> <span class='ocrx_word' id='word_1_316' title='bbox 774 2557 847 2588; x_wconf 76' lang='grc' dir='ltr'>ΧΠ.</span> 
     </span>
    </p>
   </div>
   <div class='ocr_carea' id='block_1_7' title="bbox 330 2655 1193 2690">
    <p class='ocr_par' dir='ltr' id='par_1_8' title="bbox 330 2655 1193 2690">
     <span class='ocr_line' id='line_1_40' title="bbox 330 2655 1193 2690; baseline -0.001 -4"><span class='ocrx_word' id='word_1_317' title='bbox 330 2656 414 2686; x_wconf 84' lang='lat' dir='ltr'>Unde</span> <span class='ocrx_word' id='word_1_318' title='bbox 438 2656 515 2685; x_wconf 86' lang='lat' dir='ltr'>mala</span> <span class='ocrx_word' id='word_1_319' title='bbox 530 2655 677 2690; x_wconf 84' lang='lat' dir='ltr'>oriantur,</span> <span class='ocrx_word' id='word_1_320' title='bbox 690 2656 720 2684; x_wconf 88' lang='lat' dir='ltr'>et</span> <span class='ocrx_word' id='word_1_321' title='bbox 737 2655 806 2683; x_wconf 80' lang='lat' dir='ltr'>mali</span> <span class='ocrx_word' id='word_1_322' title='bbox 829 2657 969 2685; x_wconf 80' lang='lat' dir='ltr'>naturam</span> <span class='ocrx_word' id='word_1_323' title='bbox 992 2656 1107 2684; x_wconf 85' lang='lat' dir='ltr'>nullam</span> <span class='ocrx_word' id='word_1_324' title='bbox 1123 2664 1193 2686; x_wconf 86' lang='lat' dir='ltr'>esse.</span> 
     </span>
    </p>
   </div>
   <div class='ocr_carea' id='block_1_8' title="bbox 244 2741 1289 3490">
    <p class='ocr_par' dir='ltr' id='par_1_9' title="bbox 244 2741 1289 3490">
     <span class='ocr_line' id='line_1_41' title="bbox 284 2741 1284 2786; baseline -0.002 -8"><span class='ocrx_word' id='word_1_325' title='bbox 284 2745 348 2778; x_wconf 87' lang='lat' dir='ltr'>Sed</span> <span class='ocrx_word' id='word_1_326' title='bbox 369 2753 432 2786; x_wconf 88' lang='lat' dir='ltr'>quo</span> <span class='ocrx_word' id='word_1_327' title='bbox 456 2743 552 2785; x_wconf 84' lang='lat' dir='ltr'>pacto</span> <span class='ocrx_word' id='word_1_328' title='bbox 564 2768 572 2782; x_wconf 85' lang='lat'>‚</span> <span class='ocrx_word' id='word_1_329' title='bbox 589 2751 689 2783; x_wconf 87' lang='lat' dir='ltr'>quum</span> <span class='ocrx_word' id='word_1_330' title='bbox 703 2741 747 2774; x_wconf 90' lang='lat' dir='ltr'>dii</span> <span class='ocrx_word' id='word_1_331' title='bbox 765 2742 842 2774; x_wconf 87' lang='lat' dir='ltr'>boni</span> <span class='ocrx_word' id='word_1_332' title='bbox 859 2743 924 2774; x_wconf 87' lang='lat' dir='ltr'>sint</span> <span class='ocrx_word' id='word_1_333' title='bbox 942 2743 1112 2784; x_wconf 82' lang='lat' dir='ltr'>omniaque</span> <span class='ocrx_word' id='word_1_334' title='bbox 1132 2743 1284 2783; x_wconf 83' lang='lat' dir='ltr'>efficiant,</span> 
     </span>
     <span class='ocr_line' id='line_1_42' title="bbox 245 2801 1286 2843; baseline -0.003 -5"><span class='ocrx_word' id='word_1_335' title='bbox 245 2805 329 2838; x_wconf 82' lang='lat' dir='ltr'>mala</span> <span class='ocrx_word' id='word_1_336' title='bbox 358 2804 435 2836; x_wconf 88' lang='lat' dir='ltr'>sunt</span> <span class='ocrx_word' id='word_1_337' title='bbox 455 2802 488 2835; x_wconf 92' lang='lat' dir='ltr'>in</span> <span class='ocrx_word' id='word_1_338' title='bbox 509 2801 654 2834; x_wconf 72' lang='lat' dir='ltr'>mundo?</span> <span class='ocrx_word' id='word_1_339' title='bbox 672 2804 738 2835; x_wconf 84' lang='lat' dir='ltr'>Aut</span> <span class='ocrx_word' id='word_1_340' title='bbox 761 2801 825 2833; x_wconf 86' lang='lat' dir='ltr'>hoe</span> <span class='ocrx_word' id='word_1_341' title='bbox 851 2802 959 2842; x_wconf 90' lang='lat' dir='ltr'>ipsum</span> <span class='ocrx_word' id='word_1_342' title='bbox 987 2802 1127 2843; x_wconf 88' lang='lat' dir='ltr'>primum</span> <span class='ocrx_word' id='word_1_343' title='bbox 1154 2803 1286 2843; x_wconf 88' lang='lat' dir='ltr'>quidem</span> 
     </span>
     <span class='ocr_line' id='line_1_43' title="bbox 244 2859 1286 2904; baseline -0.003 -8"><span class='ocrx_word' id='word_1_344' title='bbox 244 2863 309 2896; x_wconf 87' lang='lat' dir='ltr'>dici</span> <span class='ocrx_word' id='word_1_345' title='bbox 326 2861 471 2904; x_wconf 79' lang='lat' dir='ltr'>oportet,</span> <span class='ocrx_word' id='word_1_346' title='bbox 488 2869 589 2901; x_wconf 82' lang='lat' dir='ltr'>quum</span> <span class='ocrx_word' id='word_1_347' title='bbox 610 2860 656 2892; x_wconf 84' lang='lat' dir='ltr'>dii</span> <span class='ocrx_word' id='word_1_348' title='bbox 685 2859 760 2892; x_wconf 84' lang='lat' dir='ltr'>boni</span> <span class='ocrx_word' id='word_1_349' title='bbox 780 2859 845 2891; x_wconf 87' lang='lat' dir='ltr'>sint</span> <span class='ocrx_word' id='word_1_350' title='bbox 864 2860 1073 2901; x_wconf 87' lang='lat' dir='ltr'>omniumque</span> <span class='ocrx_word' id='word_1_351' title='bbox 1099 2869 1209 2894; x_wconf 89' lang='lat' dir='ltr'>rerum</span> <span class='ocrx_word' id='word_1_352' title='bbox 1224 2870 1286 2893; x_wconf 90' lang='lat' dir='ltr'>au-</span> 
     </span>
     <span class='ocr_line' id='line_1_44' title="bbox 245 2917 1286 2961; baseline -0.004 -7"><span class='ocrx_word' id='word_1_353' title='bbox 245 2924 353 2954; x_wconf 87' lang='lat' dir='ltr'>ctores</span> <span class='ocrx_word' id='word_1_354' title='bbox 366 2945 374 2961; x_wconf 94' lang='lat'>‚</span> <span class='ocrx_word' id='word_1_355' title='bbox 394 2919 518 2952; x_wconf 86' lang='lat' dir='ltr'>malum</span> <span class='ocrx_word' id='word_1_356' title='bbox 533 2920 649 2951; x_wconf 81' lang='lat' dir='ltr'>natura</span> <span class='ocrx_word' id='word_1_357' title='bbox 665 2927 729 2950; x_wconf 91' lang='lat' dir='ltr'>non</span> <span class='ocrx_word' id='word_1_358' title='bbox 746 2926 835 2957; x_wconf 84' lang='lat' dir='ltr'>esse,</span> <span class='ocrx_word' id='word_1_359' title='bbox 851 2917 909 2949; x_wconf 75' lang='lat' dir='ltr'>sed</span> <span class='ocrx_word' id='word_1_360' title='bbox 926 2917 1002 2949; x_wconf 90' lang='lat' dir='ltr'>boni</span> <span class='ocrx_word' id='word_1_361' title='bbox 1021 2917 1167 2951; x_wconf 83' lang='lat' dir='ltr'>absentia</span> <span class='ocrx_word' id='word_1_362' title='bbox 1181 2918 1266 2961; x_wconf 86' lang='lat' dir='ltr'>gigni</span> <span class='ocrx_word' id='word_1_363' title='bbox 1278 2944 1286 2960; x_wconf 89' lang='lat'>,</span> 
     </span>
     <span class='ocr_line' id='line_1_45' title="bbox 249 2974 1286 3020; baseline -0.002 -8"><span class='ocrx_word' id='word_1_364' title='bbox 249 2977 527 3020; x_wconf 84' lang='lat' dir='ltr'>quemadmodum</span> <span class='ocrx_word' id='word_1_365' title='bbox 550 2976 694 3009; x_wconf 81' lang='lat' dir='ltr'>tenebrae</span> <span class='ocrx_word' id='word_1_366' title='bbox 713 2983 844 3018; x_wconf 90' lang='lat' dir='ltr'>quoque</span> <span class='ocrx_word' id='word_1_367' title='bbox 874 2974 954 3017; x_wconf 81' lang='lat' dir='ltr'>ipsae</span> <span class='ocrx_word' id='word_1_368' title='bbox 981 2984 1038 3017; x_wconf 87' lang='lat' dir='ltr'>per</span> <span class='ocrx_word' id='word_1_369' title='bbox 1057 2984 1092 3008; x_wconf 90' lang='lat' dir='ltr'>se</span> <span class='ocrx_word' id='word_1_370' title='bbox 1113 2985 1176 3008; x_wconf 91' lang='lat' dir='ltr'>non</span> <span class='ocrx_word' id='word_1_371' title='bbox 1202 2976 1286 3017; x_wconf 86' lang='lat' dir='ltr'>sint,</span> 
     </span>
     <span class='ocr_line' id='line_1_46' title="bbox 248 3032 1288 3075; baseline -0.001 -6"><span class='ocrx_word' id='word_1_372' title='bbox 248 3037 304 3070; x_wconf 75' lang='lat' dir='ltr'>sed</span> <span class='ocrx_word' id='word_1_373' title='bbox 321 3035 406 3068; x_wconf 91' lang='lat' dir='ltr'>lucis</span> <span class='ocrx_word' id='word_1_374' title='bbox 417 3035 547 3068; x_wconf 81' lang='lat' dir='ltr'>defectu</span> <span class='ocrx_word' id='word_1_375' title='bbox 562 3033 763 3066; x_wconf 81' lang='lat' dir='ltr'>oboriantur.</span> <span class='ocrx_word' id='word_1_376' title='bbox 808 3035 867 3066; x_wconf 76' lang='lat' dir='ltr'>Est</span> <span class='ocrx_word' id='word_1_377' title='bbox 879 3032 965 3066; x_wconf 91' lang='lat' dir='ltr'>enim</span> <span class='ocrx_word' id='word_1_378' title='bbox 983 3042 1130 3075; x_wconf 87' lang='lat' dir='ltr'>necesse,</span> <span class='ocrx_word' id='word_1_379' title='bbox 1151 3034 1288 3068; x_wconf 88' lang='lat' dir='ltr'>simodo</span> 
     </span>
     <span class='ocr_line' id='line_1_47' title="bbox 246 3092 1286 3136; baseline -0.002 -8"><span class='ocrx_word' id='word_1_380' title='bbox 246 3095 369 3129; x_wconf 84' lang='lat' dir='ltr'>malum</span> <span class='ocrx_word' id='word_1_381' title='bbox 384 3094 435 3127; x_wconf 85' lang='lat' dir='ltr'>est</span> <span class='ocrx_word' id='word_1_382' title='bbox 446 3119 455 3135; x_wconf 90' lang='lat'>‚</span> <span class='ocrx_word' id='word_1_383' title='bbox 471 3095 530 3126; x_wconf 87' lang='lat' dir='ltr'>aut</span> <span class='ocrx_word' id='word_1_384' title='bbox 552 3093 585 3125; x_wconf 89' lang='lat' dir='ltr'>in</span> <span class='ocrx_word' id='word_1_385' title='bbox 601 3093 664 3125; x_wconf 91' lang='lat' dir='ltr'>diis</span> <span class='ocrx_word' id='word_1_386' title='bbox 675 3118 683 3134; x_wconf 95' lang='lat'>,</span> <span class='ocrx_word' id='word_1_387' title='bbox 701 3094 758 3125; x_wconf 83' lang='lat' dir='ltr'>aut</span> <span class='ocrx_word' id='word_1_388' title='bbox 775 3092 809 3124; x_wconf 90' lang='lat' dir='ltr'>in</span> <span class='ocrx_word' id='word_1_389' title='bbox 825 3092 1006 3132; x_wconf 85' lang='lat' dir='ltr'>mentibus,</span> <span class='ocrx_word' id='word_1_390' title='bbox 1022 3093 1081 3125; x_wconf 85' lang='lat' dir='ltr'>aut</span> <span class='ocrx_word' id='word_1_391' title='bbox 1097 3092 1131 3125; x_wconf 91' lang='lat' dir='ltr'>in</span> <span class='ocrx_word' id='word_1_392' title='bbox 1148 3093 1286 3136; x_wconf 87' lang='lat' dir='ltr'>animis,</span> 
     </span>
     <span class='ocr_line' id='line_1_48' title="bbox 248 3151 1289 3195; baseline -0.004 -8"><span class='ocrx_word' id='word_1_393' title='bbox 248 3156 306 3187; x_wconf 81' lang='lat' dir='ltr'>aut</span> <span class='ocrx_word' id='word_1_394' title='bbox 330 3153 365 3186; x_wconf 90' lang='lat' dir='ltr'>in</span> <span class='ocrx_word' id='word_1_395' title='bbox 383 3152 573 3195; x_wconf 88' lang='lat' dir='ltr'>corporibus</span> <span class='ocrx_word' id='word_1_396' title='bbox 589 3160 672 3185; x_wconf 88' lang='lat' dir='ltr'>esse.</span> <span class='ocrx_word' id='word_1_397' title='bbox 716 3152 758 3185; x_wconf 85' lang='lat' dir='ltr'>At</span> <span class='ocrx_word' id='word_1_398' title='bbox 775 3151 809 3183; x_wconf 90' lang='lat' dir='ltr'>in</span> <span class='ocrx_word' id='word_1_399' title='bbox 825 3151 888 3183; x_wconf 86' lang='lat' dir='ltr'>diis</span> <span class='ocrx_word' id='word_1_400' title='bbox 909 3159 974 3183; x_wconf 90' lang='lat' dir='ltr'>non</span> <span class='ocrx_word' id='word_1_401' title='bbox 993 3152 1064 3192; x_wconf 86' lang='lat' dir='ltr'>est,</span> <span class='ocrx_word' id='word_1_402' title='bbox 1090 3160 1192 3192; x_wconf 89' lang='lat' dir='ltr'>quum</span> <span class='ocrx_word' id='word_1_403' title='bbox 1206 3151 1289 3184; x_wconf 83' lang='lat' dir='ltr'>deus</span> 
     </span>
     <span class='ocr_line' id='line_1_49' title="bbox 247 3210 1287 3255; baseline -0.003 -9"><span class='ocrx_word' id='word_1_404' title='bbox 247 3212 383 3255; x_wconf 82' lang='lat' dir='ltr'>quilibet</span> <span class='ocrx_word' id='word_1_405' title='bbox 400 3212 507 3245; x_wconf 80' lang='lat' dir='ltr'>bonus</span> <span class='ocrx_word' id='word_1_406' title='bbox 537 3211 590 3245; x_wconf 90' lang='lat' dir='ltr'>sit.</span> <span class='ocrx_word' id='word_1_407' title='bbox 634 3211 759 3250; x_wconf 90' lang='lat' dir='ltr'>Quodsi</span> <span class='ocrx_word' id='word_1_408' title='bbox 783 3210 857 3252; x_wconf 90' lang='lat' dir='ltr'>quis</span> <span class='ocrx_word' id='word_1_409' title='bbox 885 3211 1028 3243; x_wconf 86' lang='lat' dir='ltr'>mentem</span> <span class='ocrx_word' id='word_1_410' title='bbox 1050 3210 1170 3243; x_wconf 85' lang='lat' dir='ltr'>malam</span> <span class='ocrx_word' id='word_1_411' title='bbox 1191 3211 1287 3252; x_wconf 89' lang='lat' dir='ltr'>dicit,</span> 
     </span>
     <span class='ocr_line' id='line_1_50' title="bbox 247 3269 1287 3312; baseline -0.001 -8"><span class='ocrx_word' id='word_1_412' title='bbox 247 3273 389 3305; x_wconf 83' lang='lat' dir='ltr'>mentem</span> <span class='ocrx_word' id='word_1_413' title='bbox 417 3270 568 3304; x_wconf 83' lang='lat' dir='ltr'>stolidam</span> <span class='ocrx_word' id='word_1_414' title='bbox 598 3270 755 3312; x_wconf 52' lang='lat' dir='ltr'>appellat,</span> <span class='ocrx_word' id='word_1_415' title='bbox 775 3270 825 3302; x_wconf 87' lang='lat' dir='ltr'>sin</span> <span class='ocrx_word' id='word_1_416' title='bbox 855 3269 1018 3310; x_wconf 88' lang='lat' dir='ltr'>animum,</span> <span class='ocrx_word' id='word_1_417' title='bbox 1041 3278 1175 3311; x_wconf 86' lang='lat' dir='ltr'>corpore</span> <span class='ocrx_word' id='word_1_418' title='bbox 1194 3270 1287 3303; x_wconf 88' lang='lat' dir='ltr'>dete-</span> 
     </span>
     <span class='ocr_line' id='line_1_51' title="bbox 246 3327 1285 3370; baseline -0.002 -7"><span class='ocrx_word' id='word_1_419' title='bbox 246 3331 365 3364; x_wconf 87' lang='lat' dir='ltr'>riorem</span> <span class='ocrx_word' id='word_1_420' title='bbox 384 3329 529 3363; x_wconf 88' lang='lat' dir='ltr'>animum</span> <span class='ocrx_word' id='word_1_421' title='bbox 547 3327 663 3369; x_wconf 58' lang='lat' dir='ltr'>saciet}</span> <span class='ocrx_word' id='word_1_422' title='bbox 683 3338 778 3362; x_wconf 91' lang='lat' dir='ltr'>omne</span> <span class='ocrx_word' id='word_1_423' title='bbox 798 3328 923 3361; x_wconf 85' lang='lat' dir='ltr'>scilieet</span> <span class='ocrx_word' id='word_1_424' title='bbox 949 3337 1065 3370; x_wconf 86' lang='lat' dir='ltr'>eorpus</span> <span class='ocrx_word' id='word_1_425' title='bbox 1089 3337 1146 3370; x_wconf 87' lang='lat' dir='ltr'>per</span> <span class='ocrx_word' id='word_1_426' title='bbox 1163 3337 1197 3361; x_wconf 92' lang='lat' dir='ltr'>se</span> <span class='ocrx_word' id='word_1_427' title='bbox 1217 3338 1285 3361; x_wconf 90' lang='lat' dir='ltr'>ma-</span> 
     </span>
     <span class='ocr_line' id='line_1_52' title="bbox 246 3387 1284 3430; baseline -0.002 -8"><span class='ocrx_word' id='word_1_428' title='bbox 246 3389 314 3422; x_wconf 90' lang='lat' dir='ltr'>lum</span> <span class='ocrx_word' id='word_1_429' title='bbox 331 3399 394 3422; x_wconf 92' lang='lat' dir='ltr'>non</span> <span class='ocrx_word' id='word_1_430' title='bbox 413 3390 530 3430; x_wconf 75' lang='lat' dir='ltr'>liabet3</span> <span class='ocrx_word' id='word_1_431' title='bbox 548 3389 576 3421; x_wconf 90' lang='lat' dir='ltr'>si</span> <span class='ocrx_word' id='word_1_432' title='bbox 590 3397 632 3422; x_wconf 83' lang='lat' dir='ltr'>ex</span> <span class='ocrx_word' id='word_1_433' title='bbox 649 3388 756 3421; x_wconf 89' lang='lat' dir='ltr'>animo</span> <span class='ocrx_word' id='word_1_434' title='bbox 780 3389 812 3421; x_wconf 86' lang='lat' dir='ltr'>et</span> <span class='ocrx_word' id='word_1_435' title='bbox 828 3396 961 3430; x_wconf 74' lang='lat' dir='ltr'>corpore</span> <span class='ocrx_word' id='word_1_436' title='bbox 989 3387 1077 3420; x_wconf 88' lang='lat' dir='ltr'>nasci</span> <span class='ocrx_word' id='word_1_437' title='bbox 1097 3387 1284 3428; x_wconf 83' lang='lat' dir='ltr'>affirmarit,</span> 
     </span>
     <span class='ocr_line' id='line_1_53' title="bbox 246 3446 1285 3490; baseline -0.004 -8"><span class='ocrx_word' id='word_1_438' title='bbox 246 3447 389 3482; x_wconf 86' lang='lat' dir='ltr'>absurda</span> <span class='ocrx_word' id='word_1_439' title='bbox 402 3458 453 3482; x_wconf 86' lang='lat' dir='ltr'>res</span> <span class='ocrx_word' id='word_1_440' title='bbox 470 3449 543 3489; x_wconf 85' lang='lat' dir='ltr'>erit,</span> <span class='ocrx_word' id='word_1_441' title='bbox 559 3457 634 3490; x_wconf 82' lang='lat' dir='ltr'>quae</span> <span class='ocrx_word' id='word_1_442' title='bbox 653 3449 803 3489; x_wconf 86' lang='lat' dir='ltr'>separata</span> <span class='ocrx_word' id='word_1_443' title='bbox 820 3446 905 3482; x_wconf 83' lang='lat' dir='ltr'>mala</span> <span class='ocrx_word' id='word_1_444' title='bbox 917 3455 981 3479; x_wconf 92' lang='lat' dir='ltr'>non</span> <span class='ocrx_word' id='word_1_445' title='bbox 997 3447 1090 3487; x_wconf 87' lang='lat' dir='ltr'>sunt,</span> <span class='ocrx_word' id='word_1_446' title='bbox 1109 3446 1180 3488; x_wconf 87' lang='lat' dir='ltr'>ipso</span> <span class='ocrx_word' id='word_1_447' title='bbox 1197 3446 1285 3479; x_wconf 88' lang='lat' dir='ltr'>coitu</span> 
     </span>
    </p>
   </div>
   <div class='ocr_carea' id='block_1_9' title="bbox 1339 304 2336 428">
    <p class='ocr_par' dir='ltr' id='par_1_10' title="bbox 1339 304 2336 428">
     <span class='ocr_line' id='line_1_54' title="bbox 1339 304 2336 372; baseline 0.002 -16"><span class='ocrx_word' id='word_1_448' title='bbox 1339 332 1408 369; x_wconf 85' lang='lat' dir='ltr'>que</span> <span class='ocrx_word' id='word_1_449' title='bbox 1437 320 1721 367; x_wconf 67' lang='lat' dir='ltr'>animadvertet,</span> <span class='ocrx_word' id='word_1_450' title='bbox 1741 321 1808 356; x_wconf 83' lang='lat' dir='ltr'>sed</span> <span class='ocrx_word' id='word_1_451' title='bbox 1824 331 1925 369; x_wconf 78' lang='lat' dir='ltr'>soepe</span> <span class='ocrx_word' id='word_1_452' title='bbox 1940 304 2111 365; x_wconf 50' lang='lat' dir='ltr'>fallitur.</span> <span class='ocrx_word' id='word_1_453' title='bbox 2133 338 2186 348; x_wconf 89' lang='lat'>—</span> <span class='ocrx_word' id='word_1_454' title='bbox 2211 321 2229 348; x_wconf 74' lang='lat'>⁸</span> <span class='ocrx_word' id='word_1_455' title='bbox 2254 316 2336 372; x_wconf 70' lang='grc' dir='ltr'>ἄρα(</span> 
     </span>
     <span class='ocr_line' id='line_1_55' title="bbox 1340 374 2105 428; baseline -0.003 -13"><span class='ocrx_word' id='word_1_456' title='bbox 1340 377 1509 416; x_wconf 87' lang='lat' dir='ltr'>correxit</span> <span class='ocrx_word' id='word_1_457' title='bbox 1524 377 1715 425; x_wconf 78' lang='lat' dir='ltr'>Orellius3</span> <span class='ocrx_word' id='word_1_458' title='bbox 1737 377 1856 426; x_wconf 83' lang='lat' dir='ltr'>vulgo</span> <span class='ocrx_word' id='word_1_459' title='bbox 1877 374 2010 427; x_wconf 83' lang='grc' dir='ltr'>ἀρεταί.</span> <span class='ocrx_word' id='word_1_460' title='bbox 2032 375 2105 428; x_wconf 82' lang='lat'>—-—)</span> 
     </span>
    </p>
   </div>
   <div class='ocr_carea' id='block_1_10' title="bbox 1568 478 2137 632">
    <p class='ocr_par' dir='ltr' id='par_1_11' title="bbox 1568 478 2137 632">
     <span class='ocr_line' id='line_1_56' title="bbox 1761 478 1950 534; baseline 0.011 -15"><span class='ocrx_word' id='word_1_461' title='bbox 1761 482 1852 534; x_wconf 82' lang='grc' dir='ltr'>Κεφ.</span> <span class='ocrx_word' id='word_1_462' title='bbox 1894 478 1950 531; x_wconf 82' lang='grc' dir='ltr'>ιγ’.</span> 
     </span>
     <span class='ocr_line' id='line_1_57' title="bbox 1568 591 2137 632; baseline -0.005 -8"><span class='ocrx_word' id='word_1_463' title='bbox 1568 595 1640 629; x_wconf 80' lang='grc' dir='ltr'>Πῶς</span> <span class='ocrx_word' id='word_1_464' title='bbox 1657 593 1695 624; x_wconf 83' lang='grc' dir='ltr'>τὰ</span> <span class='ocrx_word' id='word_1_465' title='bbox 1709 592 1794 624; x_wconf 74' lang='grc' dir='ltr'>ἀίδια</span> <span class='ocrx_word' id='word_1_466' title='bbox 1813 592 1931 632; x_wconf 80' lang='grc' dir='ltr'>λέγεται</span> <span class='ocrx_word' id='word_1_467' title='bbox 1949 591 2137 632; x_wconf 67' lang='grc' dir='ltr'>γίγνεσθαι.θ</span> 
     </span>
    </p>
   </div>
   <div class='ocr_carea' id='block_1_11' title="bbox 1341 669 2389 2247">
    <p class='ocr_par' dir='ltr' id='par_1_12' title="bbox 1341 669 2389 2247">
     <span class='ocr_line' id='line_1_58' title="bbox 1396 669 2375 728; baseline -0.001 -14"><span class='ocrx_word' id='word_1_468' title='bbox 1396 675 1484 728; x_wconf 78' lang='grc' dir='ltr'>Περὶ</span> <span class='ocrx_word' id='word_1_469' title='bbox 1503 676 1565 726; x_wconf 80' lang='grc' dir='ltr'>μὲν</span> <span class='ocrx_word' id='word_1_470' title='bbox 1583 669 1641 714; x_wconf 62' lang='grc' dir='ltr'>οὖν</span> <span class='ocrx_word' id='word_1_471' title='bbox 1657 677 1742 714; x_wconf 84' lang='grc' dir='ltr'>θεῶν</span> <span class='ocrx_word' id='word_1_472' title='bbox 1759 674 1818 714; x_wconf 81' lang='grc' dir='ltr'>καὶ</span> <span class='ocrx_word' id='word_1_473' title='bbox 1837 674 1970 725; x_wconf 79' lang='grc' dir='ltr'>κόσμου</span> <span class='ocrx_word' id='word_1_474' title='bbox 1990 673 2049 712; x_wconf 69' lang='grc' dir='ltr'>καὶ</span> <span class='ocrx_word' id='word_1_475' title='bbox 2069 675 2137 712; x_wconf 84' lang='grc' dir='ltr'>τῶν</span> <span class='ocrx_word' id='word_1_476' title='bbox 2153 672 2375 727; x_wconf 81' lang='grc' dir='ltr'>ἀνθρωπίνων</span> 
     </span>
     <span class='ocr_line' id='line_1_59' title="bbox 1342 731 2376 784; baseline 0.001 -14"><span class='ocrx_word' id='word_1_477' title='bbox 1342 732 1559 784; x_wconf 83' lang='grc' dir='ltr'>πραγμάτων</span> <span class='ocrx_word' id='word_1_478' title='bbox 1583 738 1655 776; x_wconf 85' lang='grc' dir='ltr'>τοῖς</span> <span class='ocrx_word' id='word_1_479' title='bbox 1681 732 1770 783; x_wconf 80' lang='grc' dir='ltr'>μήτε</span> <span class='ocrx_word' id='word_1_480' title='bbox 1793 731 1849 772; x_wconf 81' lang='grc' dir='ltr'>διὰ</span> <span class='ocrx_word' id='word_1_481' title='bbox 1880 731 2252 784; x_wconf 76' lang='grc' dir='ltr'>φιλοσοφίαςάχθῆναι</span> <span class='ocrx_word' id='word_1_482' title='bbox 2273 731 2376 771; x_wconf 83' lang='grc' dir='ltr'>δυνα-</span> 
     </span>
     <span class='ocr_line' id='line_1_60' title="bbox 1342 790 2376 845; baseline -0.002 -15"><span class='ocrx_word' id='word_1_483' title='bbox 1342 792 1476 842; x_wconf 84' lang='grc' dir='ltr'>μένοις,</span> <span class='ocrx_word' id='word_1_484' title='bbox 1509 791 1598 842; x_wconf 85' lang='grc' dir='ltr'>μηδὲ</span> <span class='ocrx_word' id='word_1_485' title='bbox 1630 790 1692 835; x_wconf 83' lang='grc' dir='ltr'>τὰς</span> <span class='ocrx_word' id='word_1_486' title='bbox 1727 791 1843 845; x_wconf 82' lang='grc' dir='ltr'>ψυχὰς</span> <span class='ocrx_word' id='word_1_487' title='bbox 1877 791 2049 838; x_wconf 87' lang='grc' dir='ltr'>ἀνιάτοις,</span> <span class='ocrx_word' id='word_1_488' title='bbox 2083 790 2224 844; x_wconf 85' lang='grc' dir='ltr'>ἀρκέσει</span> <span class='ocrx_word' id='word_1_489' title='bbox 2251 794 2376 831; x_wconf 77' lang='grc' dir='ltr'>ταῦτα.</span> 
     </span>
     <span class='ocr_line' id='line_1_61' title="bbox 1345 848 2378 902; baseline 0.001 -15"><span class='ocrx_word' id='word_1_490' title='bbox 1345 849 1433 902; x_wconf 83' lang='grc' dir='ltr'>Περὶ</span> <span class='ocrx_word' id='word_1_491' title='bbox 1449 848 1486 887; x_wconf 85' lang='grc' dir='ltr'>δὲ</span> <span class='ocrx_word' id='word_1_492' title='bbox 1511 851 1570 888; x_wconf 76' lang='grc' dir='ltr'>τοῦ</span> <span class='ocrx_word' id='word_1_493' title='bbox 1587 848 1604 873; x_wconf 80' lang='lat'>¹’</span> <span class='ocrx_word' id='word_1_494' title='bbox 1618 848 1666 899; x_wconf 81' lang='grc' dir='ltr'>μὴ</span> <span class='ocrx_word' id='word_1_495' title='bbox 1687 849 1844 901; x_wconf 89' lang='grc' dir='ltr'>γενέσθαι</span> <span class='ocrx_word' id='word_1_496' title='bbox 1862 853 1973 888; x_wconf 80' lang='grc' dir='ltr'>ταῦτα</span> <span class='ocrx_word' id='word_1_497' title='bbox 1987 848 2094 900; x_wconf 82' lang='grc' dir='ltr'>ποτέ,</span> <span class='ocrx_word' id='word_1_498' title='bbox 2110 849 2199 899; x_wconf 84' lang='grc' dir='ltr'>μηδὲ</span> <span class='ocrx_word' id='word_1_499' title='bbox 2217 848 2378 896; x_wconf 72' lang='grc' dir='ltr'>ἀλλήλων</span> 
     </span>
     <span class='ocr_line' id='line_1_62' title="bbox 1343 907 2381 960; baseline 0.001 -14"><span class='ocrx_word' id='word_1_500' title='bbox 1343 907 1551 960; x_wconf 86' lang='grc' dir='ltr'>χωρίζεσθαι</span> <span class='ocrx_word' id='word_1_501' title='bbox 1576 907 1735 946; x_wconf 84' lang='grc' dir='ltr'>λείπεται</span> <span class='ocrx_word' id='word_1_502' title='bbox 1754 908 1884 958; x_wconf 89' lang='grc' dir='ltr'>λέγειν,</span> <span class='ocrx_word' id='word_1_503' title='bbox 1907 908 2026 955; x_wconf 81' lang='grc' dir='ltr'>ἐπειδὴ</span> <span class='ocrx_word' id='word_1_504' title='bbox 2047 907 2106 946; x_wconf 88' lang='grc' dir='ltr'>καὶ</span> <span class='ocrx_word' id='word_1_505' title='bbox 2126 910 2226 959; x_wconf 83' lang='grc' dir='ltr'>ἡμεῖς</span> <span class='ocrx_word' id='word_1_506' title='bbox 2250 909 2285 946; x_wconf 76' lang='grc' dir='ltr'>ἐν</span> <span class='ocrx_word' id='word_1_507' title='bbox 2310 910 2381 952; x_wconf 82' lang='grc' dir='ltr'>τοῖς</span> 
     </span>
     <span class='ocr_line' id='line_1_63' title="bbox 1346 965 2376 1020; baseline 0.001 -15"><span class='ocrx_word' id='word_1_508' title='bbox 1346 966 1460 1018; x_wconf 85' lang='grc' dir='ltr'>λόγοις</span> <span class='ocrx_word' id='word_1_509' title='bbox 1479 965 1546 1005; x_wconf 78' lang='grc' dir='ltr'>ὑπὸ</span> <span class='ocrx_word' id='word_1_510' title='bbox 1564 967 1632 1004; x_wconf 83' lang='grc' dir='ltr'>τῶν</span> <span class='ocrx_word' id='word_1_511' title='bbox 1651 966 1797 1018; x_wconf 85' lang='grc' dir='ltr'>πρώτων</span> <span class='ocrx_word' id='word_1_512' title='bbox 1823 966 1867 1005; x_wconf 86' lang='grc' dir='ltr'>τὰ</span> <span class='ocrx_word' id='word_1_513' title='bbox 1887 966 2028 1020; x_wconf 84' lang='grc' dir='ltr'>δεύτερα</span> <span class='ocrx_word' id='word_1_514' title='bbox 2047 966 2190 1018; x_wconf 85' lang='grc' dir='ltr'>εἴπομεν</span> <span class='ocrx_word' id='word_1_515' title='bbox 2209 965 2376 1019; x_wconf 78' lang='grc' dir='ltr'>γίνεσθαι.</span> 
     </span>
     <span class='ocr_line' id='line_1_64' title="bbox 1347 1023 2378 1078; baseline 0 -16"><span class='ocrx_word' id='word_1_516' title='bbox 1347 1026 1426 1063; x_wconf 82' lang='grc' dir='ltr'>Πᾶν</span> <span class='ocrx_word' id='word_1_517' title='bbox 1451 1024 1491 1063; x_wconf 83' lang='grc' dir='ltr'>τὸ</span> <span class='ocrx_word' id='word_1_518' title='bbox 1509 1023 1686 1076; x_wconf 87' lang='grc' dir='ltr'>γινόμενον</span> <span class='ocrx_word' id='word_1_519' title='bbox 1706 1024 1727 1072; x_wconf 84' lang='grc' dir='ltr'><strong>ἢ</strong></span> <span class='ocrx_word' id='word_1_520' title='bbox 1747 1025 1871 1078; x_wconf 81' lang='grc' dir='ltr'>τέχνῃ,</span> <span class='ocrx_word' id='word_1_521' title='bbox 1891 1025 1913 1071; x_wconf 85' lang='grc' dir='ltr'>ἢ</span> <span class='ocrx_word' id='word_1_522' title='bbox 1935 1025 2056 1078; x_wconf 74' lang='grc' dir='ltr'>φύσει,</span> <span class='ocrx_word' id='word_1_523' title='bbox 2074 1024 2096 1072; x_wconf 84' lang='grc' dir='ltr'>ἢ</span> <span class='ocrx_word' id='word_1_524' title='bbox 2123 1024 2215 1063; x_wconf 79' lang='grc' dir='ltr'>κατὰ</span> <span class='ocrx_word' id='word_1_525' title='bbox 2235 1024 2378 1077; x_wconf 76' lang='grc' dir='ltr'>δύναμιν</span> 
     </span>
     <span class='ocr_line' id='line_1_65' title="bbox 1342 1077 2378 1136; baseline 0 -16"><span class='ocrx_word' id='word_1_526' title='bbox 1342 1082 1485 1134; x_wconf 89' lang='grc' dir='ltr'>γίνεται.</span> <span class='ocrx_word' id='word_1_527' title='bbox 1505 1082 1563 1121; x_wconf 84' lang='grc' dir='ltr'>Τὰ</span> <span class='ocrx_word' id='word_1_528' title='bbox 1590 1081 1654 1133; x_wconf 81' lang='grc' dir='ltr'>μὲν</span> <span class='ocrx_word' id='word_1_529' title='bbox 1685 1077 1742 1122; x_wconf 70' lang='grc' dir='ltr'>οὖν</span> <span class='ocrx_word' id='word_1_530' title='bbox 1769 1084 1861 1122; x_wconf 88' lang='grc' dir='ltr'>κατὰ</span> <span class='ocrx_word' id='word_1_531' title='bbox 1880 1083 2006 1136; x_wconf 85' lang='grc' dir='ltr'>τέχνην</span> <span class='ocrx_word' id='word_1_532' title='bbox 2034 1082 2057 1130; x_wconf 84' lang='grc' dir='ltr'>ἢ</span> <span class='ocrx_word' id='word_1_533' title='bbox 2086 1083 2188 1136; x_wconf 83' lang='grc' dir='ltr'>φύσιν</span> <span class='ocrx_word' id='word_1_534' title='bbox 2212 1085 2378 1122; x_wconf 71' lang='grc' dir='ltr'>ποιοῦντα</span> 
     </span>
     <span class='ocr_line' id='line_1_66' title="bbox 1345 1134 2382 1194; baseline 0.001 -16"><span class='ocrx_word' id='word_1_535' title='bbox 1345 1140 1496 1194; x_wconf 87' lang='grc' dir='ltr'>πρότερα</span> <span class='ocrx_word' id='word_1_536' title='bbox 1518 1134 1686 1180; x_wconf 70' lang='grc' dir='ltr'>εἶναιτῶν</span> <span class='ocrx_word' id='word_1_537' title='bbox 1703 1141 1916 1194; x_wconf 85' lang='grc' dir='ltr'>ποιουμένων</span> <span class='ocrx_word' id='word_1_538' title='bbox 1934 1142 2088 1194; x_wconf 88' lang='grc' dir='ltr'>ἀνάγκη·</span> <span class='ocrx_word' id='word_1_539' title='bbox 2105 1141 2150 1181; x_wconf 83' lang='grc' dir='ltr'>τὰ</span> <span class='ocrx_word' id='word_1_540' title='bbox 2165 1140 2202 1180; x_wconf 81' lang='grc' dir='ltr'>δὲ</span> <span class='ocrx_word' id='word_1_541' title='bbox 2220 1141 2312 1180; x_wconf 80' lang='grc' dir='ltr'>κατὰ</span> <span class='ocrx_word' id='word_1_542' title='bbox 2326 1138 2382 1180; x_wconf 80' lang='grc' dir='ltr'>δῦ·</span> 
     </span>
     <span class='ocr_line' id='line_1_67' title="bbox 1341 1198 2383 1252; baseline 0.002 -15"><span class='ocrx_word' id='word_1_543' title='bbox 1341 1213 1446 1251; x_wconf 87' lang='grc' dir='ltr'>ναμιν</span> <span class='ocrx_word' id='word_1_544' title='bbox 1467 1200 1542 1250; x_wconf 86' lang='grc' dir='ltr'>μεθ’</span> <span class='ocrx_word' id='word_1_545' title='bbox 1563 1201 1694 1238; x_wconf 82' lang='grc' dir='ltr'>ἑαυτῶν</span> <span class='ocrx_word' id='word_1_546' title='bbox 1711 1198 1895 1249; x_wconf 87' lang='grc' dir='ltr'>συνίστησι</span> <span class='ocrx_word' id='word_1_547' title='bbox 1913 1201 1957 1240; x_wconf 78' lang='grc' dir='ltr'>τὰ</span> <span class='ocrx_word' id='word_1_548' title='bbox 1975 1200 2162 1252; x_wconf 85' lang='grc' dir='ltr'>γινόμενα,</span> <span class='ocrx_word' id='word_1_549' title='bbox 2179 1198 2300 1248; x_wconf 74' lang='grc' dir='ltr'>ἐπειδὴ</span> <span class='ocrx_word' id='word_1_550' title='bbox 2313 1200 2383 1250; x_wconf 36' lang='grc' dir='ltr'>ς,καὶ</span> 
     </span>
     <span class='ocr_line' id='line_1_68' title="bbox 1342 1256 2382 1313; baseline 0.005 -19"><span class='ocrx_word' id='word_1_551' title='bbox 1342 1256 1405 1304; x_wconf 82' lang='grc' dir='ltr'>τὴν</span> <span class='ocrx_word' id='word_1_552' title='bbox 1425 1257 1570 1308; x_wconf 87' lang='grc' dir='ltr'>δύναμιν</span> <span class='ocrx_word' id='word_1_553' title='bbox 1587 1257 1782 1310; x_wconf 82' lang='grc' dir='ltr'>ἀχώριστον</span> <span class='ocrx_word' id='word_1_554' title='bbox 1798 1258 1888 1312; x_wconf 87' lang='grc' dir='ltr'>ἔχει·</span> <span class='ocrx_word' id='word_1_555' title='bbox 1903 1258 2023 1312; x_wconf 82' lang='grc' dir='ltr'>ὥσπερ</span> <span class='ocrx_word' id='word_1_556' title='bbox 2045 1259 2086 1307; x_wconf 83' lang='grc' dir='ltr'>δὴ</span> <span class='ocrx_word' id='word_1_557' title='bbox 2102 1258 2198 1307; x_wconf 85' lang='grc' dir='ltr'>ἥλιος</span> <span class='ocrx_word' id='word_1_558' title='bbox 2213 1258 2276 1311; x_wconf 83' lang='grc' dir='ltr'>μὲν</span> <span class='ocrx_word' id='word_1_559' title='bbox 2297 1261 2382 1313; x_wconf 73' lang='grc' dir='ltr'>φῶς,</span> 
     </span>
     <span class='ocr_line' id='line_1_69' title="bbox 1343 1312 2382 1370; baseline 0.004 -17"><span class='ocrx_word' id='word_1_560' title='bbox 1343 1319 1413 1367; x_wconf 83' lang='grc' dir='ltr'>πῦρ</span> <span class='ocrx_word' id='word_1_561' title='bbox 1434 1315 1469 1354; x_wconf 84' lang='grc' dir='ltr'>δὲ</span> <span class='ocrx_word' id='word_1_562' title='bbox 1501 1316 1717 1367; x_wconf 85' lang='grc' dir='ltr'>θερμότητα,</span> <span class='ocrx_word' id='word_1_563' title='bbox 1747 1316 1835 1369; x_wconf 84' lang='grc' dir='ltr'>χιὼν</span> <span class='ocrx_word' id='word_1_564' title='bbox 1858 1317 1893 1356; x_wconf 84' lang='grc' dir='ltr'>δὲ</span> <span class='ocrx_word' id='word_1_565' title='bbox 1923 1316 2138 1370; x_wconf 80' lang='grc' dir='ltr'>ψυχρότητα.</span> <span class='ocrx_word' id='word_1_566' title='bbox 2162 1319 2209 1357; x_wconf 87' lang='grc' dir='ltr'>Εἰ</span> <span class='ocrx_word' id='word_1_567' title='bbox 2235 1315 2299 1370; x_wconf 64' lang='grc' dir='ltr'>μὲν</span> <span class='ocrx_word' id='word_1_568' title='bbox 2322 1312 2382 1358; x_wconf 70' lang='grc' dir='ltr'>οὖν</span> 
     </span>
     <span class='ocr_line' id='line_1_70' title="bbox 1343 1369 2382 1427; baseline 0.004 -16"><span class='ocrx_word' id='word_1_569' title='bbox 1343 1372 1449 1426; x_wconf 83' lang='grc' dir='ltr'>τέχνῃ</span> <span class='ocrx_word' id='word_1_570' title='bbox 1478 1373 1536 1411; x_wconf 86' lang='grc' dir='ltr'>τὸν</span> <span class='ocrx_word' id='word_1_571' title='bbox 1568 1374 1697 1426; x_wconf 88' lang='grc' dir='ltr'>κόσμον</span> <span class='ocrx_word' id='word_1_572' title='bbox 1727 1380 1864 1414; x_wconf 82' lang='grc' dir='ltr'>ποιοῦσι</span> <span class='ocrx_word' id='word_1_573' title='bbox 1884 1375 1980 1427; x_wconf 80' lang='grc' dir='ltr'>θεοί,</span> <span class='ocrx_word' id='word_1_574' title='bbox 2008 1376 2047 1414; x_wconf 82' lang='grc' dir='ltr'>οὗ</span> <span class='ocrx_word' id='word_1_575' title='bbox 2067 1375 2108 1414; x_wconf 81' lang='grc' dir='ltr'>τὸ</span> <span class='ocrx_word' id='word_1_576' title='bbox 2137 1369 2251 1424; x_wconf 72' lang='grc' dir='ltr'>εἶναι,</span> <span class='ocrx_word' id='word_1_577' title='bbox 2278 1374 2320 1415; x_wconf 70' lang='grc' dir='ltr'>τὸ</span> <span class='ocrx_word' id='word_1_578' title='bbox 2345 1375 2382 1416; x_wconf 76' lang='grc' dir='ltr'>δὲ</span> 
     </span>
     <span class='ocr_line' id='line_1_71' title="bbox 1342 1425 2382 1487; baseline 0.003 -18"><span class='ocrx_word' id='word_1_579' title='bbox 1342 1431 1471 1470; x_wconf 80' lang='grc' dir='ltr'>τοιόνδε</span> <span class='ocrx_word' id='word_1_580' title='bbox 1486 1425 1572 1470; x_wconf 69' lang='grc' dir='ltr'>εἶναι</span> <span class='ocrx_word' id='word_1_581' title='bbox 1592 1436 1747 1471; x_wconf 79' lang='grc' dir='ltr'>ποιοῦσι·</span> <span class='ocrx_word' id='word_1_582' title='bbox 1766 1438 1866 1472; x_wconf 81' lang='grc' dir='ltr'>πᾶσα</span> <span class='ocrx_word' id='word_1_583' title='bbox 1881 1432 1948 1486; x_wconf 85' lang='grc' dir='ltr'>γὰρ</span> <span class='ocrx_word' id='word_1_584' title='bbox 1962 1434 2069 1487; x_wconf 84' lang='grc' dir='ltr'>τέχνη</span> <span class='ocrx_word' id='word_1_585' title='bbox 2088 1434 2127 1473; x_wconf 83' lang='grc' dir='ltr'>τὸ</span> <span class='ocrx_word' id='word_1_586' title='bbox 2143 1426 2230 1479; x_wconf 67' lang='grc' dir='ltr'>εἶδος</span> <span class='ocrx_word' id='word_1_587' title='bbox 2248 1443 2265 1463; x_wconf 69' lang='lat'><em>⁶</em></span> <span class='ocrx_word' id='word_1_588' title='bbox 2279 1441 2382 1474; x_wconf 83' lang='grc' dir='ltr'>ποιεῖ.</span> 
     </span>
     <span class='ocr_line' id='line_1_72' title="bbox 1345 1484 2384 1546; baseline 0.003 -18"><span class='ocrx_word' id='word_1_589' title='bbox 1345 1491 1455 1528; x_wconf 82' lang='grc' dir='ltr'>Πόθεν</span> <span class='ocrx_word' id='word_1_590' title='bbox 1475 1485 1533 1529; x_wconf 64' lang='lat' dir='ltr'>oliv</span> <span class='ocrx_word' id='word_1_591' title='bbox 1552 1490 1591 1528; x_wconf 83' lang='grc' dir='ltr'>τὺ</span> <span class='ocrx_word' id='word_1_592' title='bbox 1611 1484 1700 1529; x_wconf 65' lang='grc' dir='ltr'>εἶναι</span> <span class='ocrx_word' id='word_1_593' title='bbox 1724 1493 1774 1544; x_wconf 84' lang='grc' dir='ltr'>τῷ</span> <span class='ocrx_word' id='word_1_594' title='bbox 1791 1492 1936 1546; x_wconf 83' lang='grc' dir='ltr'>κόσμῳ;</span> <span class='ocrx_word' id='word_1_595' title='bbox 1967 1493 2012 1532; x_wconf 82' lang='grc' dir='ltr'>Εἰ</span> <span class='ocrx_word' id='word_1_596' title='bbox 2033 1491 2069 1530; x_wconf 87' lang='grc' dir='ltr'>δὲ</span> <span class='ocrx_word' id='word_1_597' title='bbox 2102 1491 2229 1546; x_wconf 80' lang='grc' dir='ltr'>φύσει,</span> <span class='ocrx_word' id='word_1_598' title='bbox 2254 1493 2329 1538; x_wconf 71' lang='grc' dir='ltr'>πῶς</span> <span class='ocrx_word' id='word_1_599' title='bbox 2345 1491 2384 1531; x_wconf 75' lang='grc' dir='ltr'>τὸ</span> 
     </span>
     <span class='ocr_line' id='line_1_73' title="bbox 1344 1548 2383 1605; baseline 0.004 -19"><span class='ocrx_word' id='word_1_600' title='bbox 1344 1548 1443 1601; x_wconf 81' lang='grc' dir='ltr'>φύσει</span> <span class='ocrx_word' id='word_1_601' title='bbox 1475 1553 1592 1588; x_wconf 79' lang='grc' dir='ltr'>ποιοῦν</span> <span class='ocrx_word' id='word_1_602' title='bbox 1623 1552 1688 1602; x_wconf 83' lang='grc' dir='ltr'>οὐχ</span> <span class='ocrx_word' id='word_1_603' title='bbox 1708 1554 1831 1589; x_wconf 78' lang='grc' dir='ltr'>ἑαυτοῦ</span> <span class='ocrx_word' id='word_1_604' title='bbox 1859 1566 1893 1589; x_wconf 87' lang='grc' dir='ltr'>τι</span> <span class='ocrx_word' id='word_1_605' title='bbox 1925 1550 2046 1590; x_wconf 85' lang='grc' dir='ltr'>δίδωσι</span> <span class='ocrx_word' id='word_1_606' title='bbox 2066 1549 2084 1574; x_wconf 76' lang='lat'>‘¹</span> <span class='ocrx_word' id='word_1_607' title='bbox 2112 1553 2163 1604; x_wconf 84' lang='grc' dir='ltr'>τῷ</span> <span class='ocrx_word' id='word_1_608' title='bbox 2190 1550 2383 1605; x_wconf 82' lang='grc' dir='ltr'>γινομένῳ;</span> 
     </span>
     <span class='ocr_line' id='line_1_74' title="bbox 1345 1607 2382 1661; baseline 0.004 -16"><span class='ocrx_word' id='word_1_609' title='bbox 1345 1609 1540 1657; x_wconf 88' lang='grc' dir='ltr'>ἀσωμάτων</span> <span class='ocrx_word' id='word_1_610' title='bbox 1561 1607 1595 1647; x_wconf 81' lang='grc' dir='ltr'>δὲ</span> <span class='ocrx_word' id='word_1_611' title='bbox 1617 1610 1701 1647; x_wconf 88' lang='grc' dir='ltr'>θεῶν</span> <span class='ocrx_word' id='word_1_612' title='bbox 1722 1608 1828 1647; x_wconf 79' lang='grc' dir='ltr'>ὄντων</span> <span class='ocrx_word' id='word_1_613' title='bbox 1850 1610 1958 1661; x_wconf 78' lang='grc' dir='ltr'>ἐχρῆν</span> <span class='ocrx_word' id='word_1_614' title='bbox 1977 1608 2039 1647; x_wconf 82' lang='grc' dir='ltr'>καὶ</span> <span class='ocrx_word' id='word_1_615' title='bbox 2059 1609 2118 1647; x_wconf 85' lang='grc' dir='ltr'>τὸν</span> <span class='ocrx_word' id='word_1_616' title='bbox 2136 1609 2267 1660; x_wconf 87' lang='grc' dir='ltr'>κόσμον</span> <span class='ocrx_word' id='word_1_617' title='bbox 2289 1608 2382 1649; x_wconf 82' lang='grc' dir='ltr'>ἀσώ-</span> 
     </span>
     <span class='ocr_line' id='line_1_75' title="bbox 1345 1659 2383 1720; baseline 0.005 -17"><span class='ocrx_word' id='word_1_618' title='bbox 1345 1681 1453 1716; x_wconf 89' lang='grc' dir='ltr'>ματον</span> <span class='ocrx_word' id='word_1_619' title='bbox 1471 1659 1571 1704; x_wconf 69' lang='grc' dir='ltr'>εἶναι.</span> <span class='ocrx_word' id='word_1_620' title='bbox 1599 1668 1642 1706; x_wconf 80' lang='grc' dir='ltr'>Εἰ</span> <span class='ocrx_word' id='word_1_621' title='bbox 1663 1665 1699 1704; x_wconf 83' lang='grc' dir='ltr'>δὲ</span> <span class='ocrx_word' id='word_1_622' title='bbox 1728 1666 1806 1711; x_wconf 79' lang='grc' dir='ltr'>τοὺς</span> <span class='ocrx_word' id='word_1_623' title='bbox 1827 1668 1923 1712; x_wconf 79' lang='grc' dir='ltr'>θεοὺς</span> <span class='ocrx_word' id='word_1_624' title='bbox 1939 1667 2090 1719; x_wconf 87' lang='grc' dir='ltr'>σώματα</span> <span class='ocrx_word' id='word_1_625' title='bbox 2105 1667 2202 1720; x_wconf 87' lang='grc' dir='ltr'>λέγοι</span> <span class='ocrx_word' id='word_1_626' title='bbox 2221 1684 2274 1712; x_wconf 81' lang='grc' dir='ltr'>τις</span> <span class='ocrx_word' id='word_1_627' title='bbox 2286 1698 2297 1720; x_wconf 83' lang='grc'>,</span> <span class='ocrx_word' id='word_1_628' title='bbox 2315 1668 2383 1708; x_wconf 86' lang='grc' dir='ltr'>πό-</span> 
     </span>
     <span class='ocr_line' id='line_1_76' title="bbox 1345 1725 2384 1781; baseline 0.004 -19"><span class='ocrx_word' id='word_1_629' title='bbox 1345 1729 1399 1763; x_wconf 89' lang='grc' dir='ltr'>θεν</span> <span class='ocrx_word' id='word_1_630' title='bbox 1416 1727 1483 1763; x_wconf 85' lang='grc' dir='ltr'>τῶν</span> <span class='ocrx_word' id='word_1_631' title='bbox 1505 1725 1702 1776; x_wconf 87' lang='grc' dir='ltr'>ἀσωμάτων</span> <span class='ocrx_word' id='word_1_632' title='bbox 1727 1729 1747 1772; x_wconf 89' lang='grc' dir='ltr'>ἡ</span> <span class='ocrx_word' id='word_1_633' title='bbox 1771 1725 1937 1776; x_wconf 83' lang='grc' dir='ltr'>δύναμις;</span> <span class='ocrx_word' id='word_1_634' title='bbox 1955 1726 2000 1766; x_wconf 72' lang='lat' dir='ltr'>Ei</span> <span class='ocrx_word' id='word_1_635' title='bbox 2025 1725 2061 1764; x_wconf 82' lang='grc' dir='ltr'>δὲ</span> <span class='ocrx_word' id='word_1_636' title='bbox 2080 1729 2181 1766; x_wconf 83' lang='grc' dir='ltr'>τοῦτο</span> <span class='ocrx_word' id='word_1_637' title='bbox 2201 1726 2384 1781; x_wconf 79' lang='grc' dir='ltr'>συγχωρή-</span> 
     </span>
     <span class='ocr_line' id='line_1_77' title="bbox 1346 1783 2384 1837; baseline 0.002 -16"><span class='ocrx_word' id='word_1_638' title='bbox 1346 1799 1490 1833; x_wconf 88' lang='grc' dir='ltr'>σαιμεν,</span> <span class='ocrx_word' id='word_1_639' title='bbox 1532 1784 1754 1837; x_wconf 83' lang='grc' dir='ltr'>φθειρομένου</span> <span class='ocrx_word' id='word_1_640' title='bbox 1809 1788 1868 1822; x_wconf 79' lang='grc' dir='ltr'>τοῦ</span> <span class='ocrx_word' id='word_1_641' title='bbox 1912 1784 2046 1836; x_wconf 86' lang='grc' dir='ltr'>κόσμου</span> <span class='ocrx_word' id='word_1_642' title='bbox 2086 1785 2144 1823; x_wconf 86' lang='grc' dir='ltr'>τὸν</span> <span class='ocrx_word' id='word_1_643' title='bbox 2187 1783 2384 1832; x_wconf 83' lang='grc' dir='ltr'>ποιήσαντα</span> 
     </span>
     <span class='ocr_line' id='line_1_78' title="bbox 1345 1841 2382 1896; baseline 0.001 -16"><span class='ocrx_word' id='word_1_644' title='bbox 1345 1843 1544 1896; x_wconf 85' lang='grc' dir='ltr'>φθείρεσθαι</span> <span class='ocrx_word' id='word_1_645' title='bbox 1565 1842 1719 1894; x_wconf 88' lang='grc' dir='ltr'>ἀνάγκη,</span> <span class='ocrx_word' id='word_1_646' title='bbox 1740 1843 1837 1895; x_wconf 89' lang='grc' dir='ltr'>εἴπερ</span> <span class='ocrx_word' id='word_1_647' title='bbox 1858 1842 1948 1882; x_wconf 84' lang='grc' dir='ltr'>κατὰ</span> <span class='ocrx_word' id='word_1_648' title='bbox 1966 1842 2065 1896; x_wconf 80' lang='grc' dir='ltr'>φύσιν</span> <span class='ocrx_word' id='word_1_649' title='bbox 2083 1847 2187 1883; x_wconf 92' lang='grc' dir='ltr'>ποιεῖ.</span> <span class='ocrx_word' id='word_1_650' title='bbox 2210 1844 2254 1883; x_wconf 68' lang='lat' dir='ltr'>Ei</span> <span class='ocrx_word' id='word_1_651' title='bbox 2276 1842 2310 1882; x_wconf 78' lang='grc' dir='ltr'>δὲ</span> <span class='ocrx_word' id='word_1_652' title='bbox 2332 1841 2382 1896; x_wconf 83' lang='grc' dir='ltr'>μὴ</span> 
     </span>
     <span class='ocr_line' id='line_1_79' title="bbox 1347 1899 2385 1954; baseline 0.002 -16"><span class='ocrx_word' id='word_1_653' title='bbox 1347 1900 1455 1953; x_wconf 88' lang='grc' dir='ltr'>τέχνῃ</span> <span class='ocrx_word' id='word_1_654' title='bbox 1487 1899 1575 1951; x_wconf 79' lang='grc' dir='ltr'>μηδὲ</span> <span class='ocrx_word' id='word_1_655' title='bbox 1603 1901 1703 1954; x_wconf 83' lang='grc' dir='ltr'>φύσει</span> <span class='ocrx_word' id='word_1_656' title='bbox 1723 1901 1780 1940; x_wconf 86' lang='grc' dir='ltr'>τὸν</span> <span class='ocrx_word' id='word_1_657' title='bbox 1802 1901 1931 1952; x_wconf 88' lang='grc' dir='ltr'>κόσμον</span> <span class='ocrx_word' id='word_1_658' title='bbox 1965 1905 2097 1940; x_wconf 79' lang='grc' dir='ltr'>ποιοῦσι</span> <span class='ocrx_word' id='word_1_659' title='bbox 2123 1901 2218 1952; x_wconf 75' lang='grc' dir='ltr'>θεοί,</span> <span class='ocrx_word' id='word_1_660' title='bbox 2240 1901 2385 1953; x_wconf 86' lang='grc' dir='ltr'>δυνάμει</span> 
     </span>
     <span class='ocr_line' id='line_1_80' title="bbox 1344 1958 2384 2013; baseline 0.001 -16"><span class='ocrx_word' id='word_1_661' title='bbox 1344 1958 1502 1997; x_wconf 88' lang='grc' dir='ltr'>λείπεται</span> <span class='ocrx_word' id='word_1_662' title='bbox 1523 1959 1638 2010; x_wconf 89' lang='grc' dir='ltr'>μόνον.</span> <span class='ocrx_word' id='word_1_663' title='bbox 1657 1961 1736 1999; x_wconf 83' lang='grc' dir='ltr'>Πᾶν</span> <span class='ocrx_word' id='word_1_664' title='bbox 1758 1959 1793 1998; x_wconf 80' lang='grc' dir='ltr'>δὲ</span> <span class='ocrx_word' id='word_1_665' title='bbox 1819 1959 1857 1997; x_wconf 87' lang='grc' dir='ltr'>τὸ</span> <span class='ocrx_word' id='word_1_666' title='bbox 1878 1958 2026 2010; x_wconf 83' lang='grc' dir='ltr'>δυνάμει</span> <span class='ocrx_word' id='word_1_667' title='bbox 2044 1958 2225 2011; x_wconf 83' lang='grc' dir='ltr'>γινόμενον</span> <span class='ocrx_word' id='word_1_668' title='bbox 2244 1961 2294 2013; x_wconf 83' lang='grc' dir='ltr'>τῷ</span> <span class='ocrx_word' id='word_1_669' title='bbox 2320 1958 2384 2007; x_wconf 78' lang='grc' dir='ltr'>τὴν</span> 
     </span>
     <span class='ocr_line' id='line_1_81' title="bbox 1346 2017 2386 2071; baseline 0.003 -15"><span class='ocrx_word' id='word_1_670' title='bbox 1346 2017 1488 2068; x_wconf 82' lang='grc' dir='ltr'>δύναμιν</span> <span class='ocrx_word' id='word_1_671' title='bbox 1521 2017 1636 2070; x_wconf 82' lang='grc' dir='ltr'>ἔχοντι</span> <span class='ocrx_word' id='word_1_672' title='bbox 1671 2018 1936 2071; x_wconf 81' lang='grc' dir='ltr'>συνυφίσταται.</span> <span class='ocrx_word' id='word_1_673' title='bbox 1972 2018 2045 2058; x_wconf 83' lang='grc' dir='ltr'>Καὶ</span> <span class='ocrx_word' id='word_1_674' title='bbox 2074 2017 2152 2057; x_wconf 78' lang='grc' dir='ltr'>οὐδὲ</span> <span class='ocrx_word' id='word_1_675' title='bbox 2194 2019 2386 2059; x_wconf 81' lang='grc' dir='ltr'>ἀπολέσθαι</span> 
     </span>
     <span class='ocr_line' id='line_1_82' title="bbox 1346 2076 2383 2129; baseline 0.001 -14"><span class='ocrx_word' id='word_1_676' title='bbox 1346 2076 1429 2115; x_wconf 84' lang='grc' dir='ltr'>ποτὲ</span> <span class='ocrx_word' id='word_1_677' title='bbox 1450 2076 1493 2116; x_wconf 83' lang='grc' dir='ltr'>τὰ</span> <span class='ocrx_word' id='word_1_678' title='bbox 1507 2077 1614 2122; x_wconf 78' lang='grc' dir='ltr'>οὕτως</span> <span class='ocrx_word' id='word_1_679' title='bbox 1630 2076 1793 2129; x_wconf 89' lang='grc' dir='ltr'>γινόμενα</span> <span class='ocrx_word' id='word_1_680' title='bbox 1810 2077 1976 2125; x_wconf 85' lang='grc' dir='ltr'>δύναται,</span> <span class='ocrx_word' id='word_1_681' title='bbox 1992 2078 2022 2115; x_wconf 88' lang='grc' dir='ltr'>εἷ</span> <span class='ocrx_word' id='word_1_682' title='bbox 2037 2076 2086 2126; x_wconf 82' lang='grc' dir='ltr'>μή</span> <span class='ocrx_word' id='word_1_683' title='bbox 2100 2092 2152 2122; x_wconf 87' lang='grc' dir='ltr'>τις</span> <span class='ocrx_word' id='word_1_684' title='bbox 2169 2079 2232 2116; x_wconf 77' lang='grc' dir='ltr'>τοῦ</span> <span class='ocrx_word' id='word_1_685' title='bbox 2247 2081 2383 2118; x_wconf 77' lang='grc' dir='ltr'>ποιοῦν-</span> 
     </span>
     <span class='ocr_line' id='line_1_83' title="bbox 1347 2135 2388 2189; baseline 0 -16"><span class='ocrx_word' id='word_1_686' title='bbox 1347 2151 1401 2179; x_wconf 90' lang='grc' dir='ltr'>τος</span> <span class='ocrx_word' id='word_1_687' title='bbox 1421 2135 1540 2189; x_wconf 79' lang='grc' dir='ltr'>ἀφέλοι</span> <span class='ocrx_word' id='word_1_688' title='bbox 1566 2135 1629 2183; x_wconf 79' lang='grc' dir='ltr'>τὴν</span> <span class='ocrx_word' id='word_1_689' title='bbox 1651 2135 1817 2187; x_wconf 76' lang='grc' dir='ltr'>δύναμιν·</span> <span class='ocrx_word' id='word_1_690' title='bbox 1838 2135 1928 2174; x_wconf 78' lang='grc' dir='ltr'>ὥστε</span> <span class='ocrx_word' id='word_1_691' title='bbox 1949 2137 1980 2175; x_wconf 79' lang='grc' dir='ltr'>οἳ</span> <span class='ocrx_word' id='word_1_692' title='bbox 2005 2136 2062 2175; x_wconf 82' lang='grc' dir='ltr'>τὸν</span> <span class='ocrx_word' id='word_1_693' title='bbox 2083 2135 2215 2186; x_wconf 89' lang='grc' dir='ltr'>κόσμον</span> <span class='ocrx_word' id='word_1_694' title='bbox 2235 2135 2388 2189; x_wconf 80' lang='grc' dir='ltr'>φθείρον-</span> 
     </span>
     <span class='ocr_line' id='line_1_84' title="bbox 1349 2186 2389 2247; baseline 0.003 -16"><span class='ocrx_word' id='word_1_695' title='bbox 1349 2209 1402 2237; x_wconf 88' lang='grc' dir='ltr'>τες</span> <span class='ocrx_word' id='word_1_696' title='bbox 1419 2198 1435 2216; x_wconf 80' lang='lat'><strong>⁰</strong></span> <span class='ocrx_word' id='word_1_697' title='bbox 1454 2194 1547 2238; x_wconf 80' lang='grc' dir='ltr'>θεοὺς</span> <span class='ocrx_word' id='word_1_698' title='bbox 1568 2193 1616 2244; x_wconf 81' lang='grc' dir='ltr'>μὴ</span> <span class='ocrx_word' id='word_1_699' title='bbox 1641 2187 1729 2232; x_wconf 64' lang='grc' dir='ltr'>εἶναι</span> <span class='ocrx_word' id='word_1_700' title='bbox 1748 2193 1929 2246; x_wconf 84' lang='grc' dir='ltr'>λέγουσιν,</span> <span class='ocrx_word' id='word_1_701' title='bbox 1953 2193 1975 2242; x_wconf 83' lang='grc' dir='ltr'>ἢ</span> <span class='ocrx_word' id='word_1_702' title='bbox 2005 2193 2099 2238; x_wconf 76' lang='grc' dir='ltr'>θεοὺς</span> <span class='ocrx_word' id='word_1_703' title='bbox 2119 2186 2207 2233; x_wconf 73' lang='grc' dir='ltr'>εἶναι</span> <span class='ocrx_word' id='word_1_704' title='bbox 2234 2194 2389 2247; x_wconf 85' lang='grc' dir='ltr'>λέγοντες</span> 
     </span>
    </p>
   </div>
   <div class='ocr_carea' id='block_1_12' title="bbox 1348 2246 2388 2303">
    <p class='ocr_par' dir='ltr' id='par_1_13' title="bbox 1348 2246 2388 2303">
     <span class='ocr_line' id='line_1_85' title="bbox 1348 2246 2388 2303; baseline 0.001 -13"><span class='ocrx_word' id='word_1_705' title='bbox 1348 2253 1406 2291; x_wconf 79' lang='grc' dir='ltr'>τὸν</span> <span class='ocrx_word' id='word_1_706' title='bbox 1433 2253 1506 2292; x_wconf 83' lang='grc' dir='ltr'>θεὸν</span> <span class='ocrx_word' id='word_1_707' title='bbox 1526 2256 1684 2292; x_wconf 80' lang='grc' dir='ltr'>ποιοῦσιν</span> <span class='ocrx_word' id='word_1_708' title='bbox 1706 2252 1890 2293; x_wconf 84' lang='grc' dir='ltr'>ἀδύνατον.</span> <span class='ocrx_word' id='word_1_709' title='bbox 1916 2252 2072 2303; x_wconf 89' lang='grc' dir='ltr'>Δυνάμει</span> <span class='ocrx_word' id='word_1_710' title='bbox 2093 2253 2157 2302; x_wconf 88' lang='grc' dir='ltr'>μὲν</span> <span class='ocrx_word' id='word_1_711' title='bbox 2184 2246 2243 2291; x_wconf 67' lang='grc' dir='ltr'>οὗν</span> <span class='ocrx_word' id='word_1_712' title='bbox 2271 2259 2388 2291; x_wconf 80' lang='grc' dir='ltr'>πάντα</span> 
     </span>
    </p>
   </div>
   <div class='ocr_carea' id='block_1_13' title="bbox 1345 2385 2393 3430">
    <p class='ocr_par' dir='ltr' id='par_1_14' title="bbox 1345 2385 2393 3430">
     <span class='ocr_line' id='line_1_86' title="bbox 1345 2385 2391 2429; baseline 0.001 -10"><span class='ocrx_word' id='word_1_713' title='bbox 1345 2386 1388 2419; x_wconf 90' lang='lat' dir='ltr'>ad</span> <span class='ocrx_word' id='word_1_714' title='bbox 1420 2387 1564 2429; x_wconf 84' lang='lat' dir='ltr'>aliquam</span> <span class='ocrx_word' id='word_1_715' title='bbox 1592 2387 1788 2429; x_wconf 83' lang='lat' dir='ltr'>pravitatem</span> <span class='ocrx_word' id='word_1_716' title='bbox 1820 2386 1942 2419; x_wconf 87' lang='lat' dir='ltr'>venire.</span> <span class='ocrx_word' id='word_1_717' title='bbox 1986 2387 2088 2418; x_wconf 90' lang='lat' dir='ltr'>Porro</span> <span class='ocrx_word' id='word_1_718' title='bbox 2123 2385 2152 2418; x_wconf 91' lang='lat' dir='ltr'>si</span> <span class='ocrx_word' id='word_1_719' title='bbox 2181 2386 2256 2427; x_wconf 89' lang='lat' dir='ltr'>quis</span> <span class='ocrx_word' id='word_1_720' title='bbox 2285 2386 2391 2420; x_wconf 80' lang='lat' dir='ltr'>malos</span> 
     </span>
     <span class='ocr_line' id='line_1_87' title="bbox 1345 2444 2386 2487; baseline -0.001 -8"><span class='ocrx_word' id='word_1_721' title='bbox 1345 2446 1453 2487; x_wconf 87' lang='lat' dir='ltr'>genios</span> <span class='ocrx_word' id='word_1_722' title='bbox 1480 2455 1554 2479; x_wconf 88' lang='lat' dir='ltr'>esse</span> <span class='ocrx_word' id='word_1_723' title='bbox 1576 2446 1639 2486; x_wconf 84' lang='lat' dir='ltr'>ait,</span> <span class='ocrx_word' id='word_1_724' title='bbox 1668 2445 1715 2478; x_wconf 91' lang='lat' dir='ltr'>illi</span> <span class='ocrx_word' id='word_1_725' title='bbox 1742 2444 1773 2477; x_wconf 91' lang='lat' dir='ltr'>si</span> <span class='ocrx_word' id='word_1_726' title='bbox 1799 2454 1820 2477; x_wconf 88' lang='lat' dir='ltr'>a</span> <span class='ocrx_word' id='word_1_727' title='bbox 1843 2444 1907 2477; x_wconf 91' lang='lat' dir='ltr'>diis</span> <span class='ocrx_word' id='word_1_728' title='bbox 1935 2444 2021 2477; x_wconf 76' lang='lat' dir='ltr'>vires</span> <span class='ocrx_word' id='word_1_729' title='bbox 2047 2446 2196 2485; x_wconf 82' lang='lat' dir='ltr'>sumunt,</span> <span class='ocrx_word' id='word_1_730' title='bbox 2214 2445 2292 2477; x_wconf 88' lang='lat' dir='ltr'>mali</span> <span class='ocrx_word' id='word_1_731' title='bbox 2322 2454 2386 2478; x_wconf 83' lang='lat' dir='ltr'>non</span> 
     </span>
     <span class='ocr_line' id='line_1_88' title="bbox 1345 2503 2388 2545; baseline 0 -8"><span class='ocrx_word' id='word_1_732' title='bbox 1345 2506 1458 2545; x_wconf 81' lang='lat' dir='ltr'>erunt3</span> <span class='ocrx_word' id='word_1_733' title='bbox 1476 2504 1505 2537; x_wconf 89' lang='lat' dir='ltr'>si</span> <span class='ocrx_word' id='word_1_734' title='bbox 1521 2504 1652 2537; x_wconf 84' lang='lat' dir='ltr'>aliunde</span> <span class='ocrx_word' id='word_1_735' title='bbox 1662 2529 1670 2545; x_wconf 90' lang='lat'>,</span> <span class='ocrx_word' id='word_1_736' title='bbox 1684 2512 1750 2537; x_wconf 90' lang='lat' dir='ltr'>non</span> <span class='ocrx_word' id='word_1_737' title='bbox 1767 2503 1875 2536; x_wconf 88' lang='lat' dir='ltr'>omnia</span> <span class='ocrx_word' id='word_1_738' title='bbox 1893 2503 1939 2536; x_wconf 88' lang='lat' dir='ltr'>dii</span> <span class='ocrx_word' id='word_1_739' title='bbox 1955 2503 2136 2545; x_wconf 85' lang='lat' dir='ltr'>procreant.</span> <span class='ocrx_word' id='word_1_740' title='bbox 2181 2503 2306 2542; x_wconf 82' lang='lat' dir='ltr'>Quodsi</span> <span class='ocrx_word' id='word_1_741' title='bbox 2323 2513 2388 2537; x_wconf 87' lang='lat' dir='ltr'>non</span> 
     </span>
     <span class='ocr_line' id='line_1_89' title="bbox 1345 2560 2389 2605; baseline 0.001 -10"><span class='ocrx_word' id='word_1_742' title='bbox 1345 2563 1454 2595; x_wconf 83' lang='lat' dir='ltr'>omnia</span> <span class='ocrx_word' id='word_1_743' title='bbox 1477 2564 1670 2605; x_wconf 85' lang='lat' dir='ltr'>procreant,</span> <span class='ocrx_word' id='word_1_744' title='bbox 1691 2563 1749 2595; x_wconf 82' lang='lat' dir='ltr'>aut</span> <span class='ocrx_word' id='word_1_745' title='bbox 1767 2562 1953 2595; x_wconf 86' lang='lat' dir='ltr'>volentibus</span> <span class='ocrx_word' id='word_1_746' title='bbox 1980 2561 2074 2594; x_wconf 80' lang='lat' dir='ltr'>deest</span> <span class='ocrx_word' id='word_1_747' title='bbox 2092 2560 2231 2594; x_wconf 74' lang='lat' dir='ltr'>facilitas</span> <span class='ocrx_word' id='word_1_748' title='bbox 2242 2586 2250 2602; x_wconf 88' lang='lat'>,</span> <span class='ocrx_word' id='word_1_749' title='bbox 2268 2563 2327 2595; x_wconf 85' lang='lat' dir='ltr'>aut</span> <span class='ocrx_word' id='word_1_750' title='bbox 2341 2560 2389 2596; x_wconf 80' lang='lat' dir='ltr'>fa-</span> 
     </span>
     <span class='ocr_line' id='line_1_90' title="bbox 1346 2621 2390 2663; baseline -0.002 -7"><span class='ocrx_word' id='word_1_751' title='bbox 1346 2624 1503 2657; x_wconf 82' lang='lat' dir='ltr'>cultatem</span> <span class='ocrx_word' id='word_1_752' title='bbox 1547 2623 1743 2656; x_wconf 84' lang='lat' dir='ltr'>habentibus</span> <span class='ocrx_word' id='word_1_753' title='bbox 1771 2622 1942 2661; x_wconf 81' lang='lat' dir='ltr'>voluntas·‚</span> <span class='ocrx_word' id='word_1_754' title='bbox 1973 2630 2113 2663; x_wconf 88' lang='lat' dir='ltr'>quorum</span> <span class='ocrx_word' id='word_1_755' title='bbox 2144 2623 2296 2654; x_wconf 87' lang='lat' dir='ltr'>neutrum</span> <span class='ocrx_word' id='word_1_756' title='bbox 2327 2621 2390 2658; x_wconf 86' lang='lat' dir='ltr'>deo</span> 
     </span>
     <span class='ocr_line' id='line_1_91' title="bbox 1346 2679 2389 2723; baseline -0.001 -8"><span class='ocrx_word' id='word_1_757' title='bbox 1346 2683 1500 2715; x_wconf 84' lang='lat' dir='ltr'>decorum</span> <span class='ocrx_word' id='word_1_758' title='bbox 1516 2683 1577 2715; x_wconf 88' lang='lat' dir='ltr'>est.</span> <span class='ocrx_word' id='word_1_759' title='bbox 1621 2681 1710 2714; x_wconf 86' lang='lat' dir='ltr'>Nihil</span> <span class='ocrx_word' id='word_1_760' title='bbox 1723 2681 1824 2723; x_wconf 82' lang='lat' dir='ltr'>igitur</span> <span class='ocrx_word' id='word_1_761' title='bbox 1845 2680 1879 2713; x_wconf 92' lang='lat' dir='ltr'>in</span> <span class='ocrx_word' id='word_1_762' title='bbox 1898 2680 2021 2713; x_wconf 91' lang='lat' dir='ltr'>mundo</span> <span class='ocrx_word' id='word_1_763' title='bbox 2044 2680 2162 2713; x_wconf 83' lang='lat' dir='ltr'>natura</span> <span class='ocrx_word' id='word_1_764' title='bbox 2178 2679 2302 2715; x_wconf 83' lang='lat' dir='ltr'>malum</span> <span class='ocrx_word' id='word_1_765' title='bbox 2317 2689 2389 2714; x_wconf 88' lang='lat' dir='ltr'>esse</span> 
     </span>
     <span class='ocr_line' id='line_1_92' title="bbox 1347 2738 2390 2782; baseline -0.001 -8"><span class='ocrx_word' id='word_1_766' title='bbox 1347 2750 1389 2774; x_wconf 83' lang='lat' dir='ltr'>ex</span> <span class='ocrx_word' id='word_1_767' title='bbox 1406 2741 1458 2773; x_wconf 89' lang='lat' dir='ltr'>his</span> <span class='ocrx_word' id='word_1_768' title='bbox 1480 2740 1574 2774; x_wconf 85' lang='lat' dir='ltr'>facile</span> <span class='ocrx_word' id='word_1_769' title='bbox 1596 2740 1792 2782; x_wconf 80' lang='lat' dir='ltr'>intelligitur.</span> <span class='ocrx_word' id='word_1_770' title='bbox 1838 2741 1961 2772; x_wconf 89' lang='lat' dir='ltr'>Verum</span> <span class='ocrx_word' id='word_1_771' title='bbox 1976 2738 2011 2771; x_wconf 91' lang='lat' dir='ltr'>in</span> <span class='ocrx_word' id='word_1_772' title='bbox 2024 2738 2194 2772; x_wconf 88' lang='lat' dir='ltr'>hominum</span> <span class='ocrx_word' id='word_1_773' title='bbox 2211 2747 2390 2782; x_wconf 85' lang='lat' dir='ltr'>eorumque</span> 
     </span>
     <span class='ocr_line' id='line_1_93' title="bbox 1348 2796 2388 2839; baseline 0 -8"><span class='ocrx_word' id='word_1_774' title='bbox 1348 2809 1410 2832; x_wconf 89' lang='lat' dir='ltr'>non</span> <span class='ocrx_word' id='word_1_775' title='bbox 1429 2799 1572 2833; x_wconf 91' lang='lat' dir='ltr'>omnium</span> <span class='ocrx_word' id='word_1_776' title='bbox 1600 2798 1798 2839; x_wconf 79' lang='lat' dir='ltr'>actionibus,</span> <span class='ocrx_word' id='word_1_777' title='bbox 1816 2806 1876 2831; x_wconf 86' lang='lat' dir='ltr'>nee</span> <span class='ocrx_word' id='word_1_778' title='bbox 1895 2799 2005 2830; x_wconf 83' lang='lat' dir='ltr'>tamen</span> <span class='ocrx_word' id='word_1_779' title='bbox 2023 2805 2162 2839; x_wconf 87' lang='lat' dir='ltr'>semper,</span> <span class='ocrx_word' id='word_1_780' title='bbox 2185 2796 2271 2830; x_wconf 78' lang='lat' dir='ltr'>mala</span> <span class='ocrx_word' id='word_1_781' title='bbox 2296 2806 2388 2831; x_wconf 89' lang='lat' dir='ltr'>com-</span> 
     </span>
     <span class='ocr_line' id='line_1_94' title="bbox 1347 2855 2389 2901; baseline -0.002 -10"><span class='ocrx_word' id='word_1_782' title='bbox 1347 2860 1472 2901; x_wconf 82' lang='lat' dir='ltr'>parent.</span> <span class='ocrx_word' id='word_1_783' title='bbox 1517 2859 1682 2896; x_wconf 88' lang='lat' dir='ltr'>Quantum</span> <span class='ocrx_word' id='word_1_784' title='bbox 1701 2857 1743 2890; x_wconf 89' lang='lat' dir='ltr'>ad</span> <span class='ocrx_word' id='word_1_785' title='bbox 1758 2856 1848 2898; x_wconf 81' lang='lat' dir='ltr'>haec,</span> <span class='ocrx_word' id='word_1_786' title='bbox 1864 2856 1893 2889; x_wconf 90' lang='lat' dir='ltr'>si</span> <span class='ocrx_word' id='word_1_787' title='bbox 1908 2857 2041 2898; x_wconf 89' lang='lat' dir='ltr'>propter</span> <span class='ocrx_word' id='word_1_788' title='bbox 2056 2856 2165 2897; x_wconf 86' lang='lat' dir='ltr'>ipsum</span> <span class='ocrx_word' id='word_1_789' title='bbox 2186 2855 2310 2889; x_wconf 84' lang='lat' dir='ltr'>malum</span> <span class='ocrx_word' id='word_1_790' title='bbox 2327 2855 2389 2889; x_wconf 83' lang='lat' dir='ltr'>ho·</span> 
     </span>
     <span class='ocr_line' id='line_1_95' title="bbox 1347 2914 2390 2958; baseline -0.002 -8"><span class='ocrx_word' id='word_1_791' title='bbox 1347 2917 1450 2950; x_wconf 83' lang='lat' dir='ltr'>mines</span> <span class='ocrx_word' id='word_1_792' title='bbox 1468 2917 1713 2958; x_wconf 83' lang='lat' dir='ltr'>delinquerent,</span> <span class='ocrx_word' id='word_1_793' title='bbox 1730 2915 1801 2958; x_wconf 88' lang='lat' dir='ltr'>ipsa</span> <span class='ocrx_word' id='word_1_794' title='bbox 1818 2915 1933 2956; x_wconf 87' lang='lat' dir='ltr'>utique</span> <span class='ocrx_word' id='word_1_795' title='bbox 1950 2915 2068 2947; x_wconf 82' lang='lat' dir='ltr'>natura</span> <span class='ocrx_word' id='word_1_796' title='bbox 2084 2914 2171 2946; x_wconf 88' lang='lat' dir='ltr'>mala</span> <span class='ocrx_word' id='word_1_797' title='bbox 2193 2914 2279 2947; x_wconf 80' lang='lat' dir='ltr'>foret</span> <span class='ocrx_word' id='word_1_798' title='bbox 2305 2926 2313 2947; x_wconf 74' lang='grc' dir='ltr'>ι</span> <span class='ocrx_word' id='word_1_799' title='bbox 2330 2914 2390 2948; x_wconf 84' lang='lat' dir='ltr'>sed</span> 
     </span>
     <span class='ocr_line' id='line_1_96' title="bbox 1349 2972 2392 3016; baseline -0.001 -8"><span class='ocrx_word' id='word_1_800' title='bbox 1349 2985 1450 3016; x_wconf 91' lang='lat' dir='ltr'>quum</span> <span class='ocrx_word' id='word_1_801' title='bbox 1478 2975 1606 3008; x_wconf 86' lang='lat' dir='ltr'>adulter</span> <span class='ocrx_word' id='word_1_802' title='bbox 1633 2974 1830 3008; x_wconf 83' lang='lat' dir='ltr'>adulterium</span> <span class='ocrx_word' id='word_1_803' title='bbox 1859 2972 1992 3015; x_wconf 87' lang='lat' dir='ltr'>quidem</span> <span class='ocrx_word' id='word_1_804' title='bbox 2019 2972 2158 3014; x_wconf 88' lang='lat' dir='ltr'>malum,</span> <span class='ocrx_word' id='word_1_805' title='bbox 2188 2973 2392 3016; x_wconf 81' lang='lat' dir='ltr'>voluptatem</span> 
     </span>
     <span class='ocr_line' id='line_1_97' title="bbox 1347 3030 2389 3075; baseline -0.003 -8"><span class='ocrx_word' id='word_1_806' title='bbox 1347 3033 1485 3075; x_wconf 88' lang='lat' dir='ltr'>bonam,</span> <span class='ocrx_word' id='word_1_807' title='bbox 1512 3032 1674 3067; x_wconf 86' lang='lat' dir='ltr'>homicida</span> <span class='ocrx_word' id='word_1_808' title='bbox 1692 3033 1815 3066; x_wconf 84' lang='lat' dir='ltr'>caedem</span> <span class='ocrx_word' id='word_1_809' title='bbox 1833 3031 1966 3074; x_wconf 89' lang='lat' dir='ltr'>quidem</span> <span class='ocrx_word' id='word_1_810' title='bbox 1993 3030 2132 3072; x_wconf 82' lang='lat' dir='ltr'>malam,</span> <span class='ocrx_word' id='word_1_811' title='bbox 2154 3031 2213 3064; x_wconf 88' lang='lat' dir='ltr'>sed</span> <span class='ocrx_word' id='word_1_812' title='bbox 2235 3031 2389 3074; x_wconf 74' lang='lat' dir='ltr'>pecunias</span> 
     </span>
     <span class='ocr_line' id='line_1_98' title="bbox 1348 3090 2390 3133; baseline -0.002 -8"><span class='ocrx_word' id='word_1_813' title='bbox 1348 3093 1450 3126; x_wconf 84' lang='lat' dir='ltr'>bonas</span> <span class='ocrx_word' id='word_1_814' title='bbox 1478 3093 1659 3133; x_wconf 85' lang='lat' dir='ltr'>existimat,</span> <span class='ocrx_word' id='word_1_815' title='bbox 1693 3093 1726 3125; x_wconf 85' lang='lat' dir='ltr'>et</span> <span class='ocrx_word' id='word_1_816' title='bbox 1752 3090 1809 3133; x_wconf 88' lang='lat' dir='ltr'>qui</span> <span class='ocrx_word' id='word_1_817' title='bbox 1833 3090 1975 3124; x_wconf 89' lang='lat' dir='ltr'>inimicis</span> <span class='ocrx_word' id='word_1_818' title='bbox 2000 3092 2097 3123; x_wconf 84' lang='lat' dir='ltr'>nocet</span> <span class='ocrx_word' id='word_1_819' title='bbox 2122 3099 2240 3124; x_wconf 85' lang='lat' dir='ltr'>nocere</span> <span class='ocrx_word' id='word_1_820' title='bbox 2258 3090 2390 3132; x_wconf 78' lang='lat' dir='ltr'>quidem</span> 
     </span>
     <span class='ocr_line' id='line_1_99' title="bbox 1349 3149 2392 3192; baseline -0.003 -7"><span class='ocrx_word' id='word_1_821' title='bbox 1349 3151 1472 3185; x_wconf 84' lang='lat' dir='ltr'>malum</span> <span class='ocrx_word' id='word_1_822' title='bbox 1485 3176 1493 3192; x_wconf 92' lang='lat'><em>‚</em></span> <span class='ocrx_word' id='word_1_823' title='bbox 1512 3152 1626 3185; x_wconf 88' lang='lat' dir='ltr'>ulcisci</span> <span class='ocrx_word' id='word_1_824' title='bbox 1654 3152 1764 3184; x_wconf 84' lang='lat' dir='ltr'>autem</span> <span class='ocrx_word' id='word_1_825' title='bbox 1791 3149 1940 3182; x_wconf 85' lang='lat' dir='ltr'>inimicos</span> <span class='ocrx_word' id='word_1_826' title='bbox 1960 3149 2081 3181; x_wconf 86' lang='lat' dir='ltr'>bonum</span> <span class='ocrx_word' id='word_1_827' title='bbox 2100 3157 2174 3182; x_wconf 86' lang='lat' dir='ltr'>esse</span> <span class='ocrx_word' id='word_1_828' title='bbox 2198 3150 2330 3190; x_wconf 82' lang='lat' dir='ltr'>censet,</span> <span class='ocrx_word' id='word_1_829' title='bbox 2357 3150 2392 3182; x_wconf 89' lang='lat' dir='ltr'>et</span> 
     </span>
     <span class='ocr_line' id='line_1_100' title="bbox 1350 3206 2391 3250; baseline -0.006 -6"><span class='ocrx_word' id='word_1_830' title='bbox 1350 3211 1411 3244; x_wconf 85' lang='lat' dir='ltr'>hac</span> <span class='ocrx_word' id='word_1_831' title='bbox 1428 3211 1554 3244; x_wconf 85' lang='lat' dir='ltr'>ratione</span> <span class='ocrx_word' id='word_1_832' title='bbox 1573 3211 1700 3243; x_wconf 88' lang='lat' dir='ltr'>animus</span> <span class='ocrx_word' id='word_1_833' title='bbox 1726 3218 1855 3242; x_wconf 90' lang='lat' dir='ltr'>omnem</span> <span class='ocrx_word' id='word_1_834' title='bbox 1873 3208 2000 3250; x_wconf 90' lang='lat' dir='ltr'>culpam</span> <span class='ocrx_word' id='word_1_835' title='bbox 2025 3207 2215 3247; x_wconf 84' lang='lat' dir='ltr'>committit,</span> <span class='ocrx_word' id='word_1_836' title='bbox 2235 3206 2391 3240; x_wconf 81' lang='lat' dir='ltr'>bonitatis</span> 
     </span>
     <span class='ocr_line' id='line_1_101' title="bbox 1349 3266 2392 3311; baseline -0.006 -8"><span class='ocrx_word' id='word_1_837' title='bbox 1349 3279 1445 3303; x_wconf 87' lang='lat' dir='ltr'>causa</span> <span class='ocrx_word' id='word_1_838' title='bbox 1461 3270 1549 3303; x_wconf 80' lang='lat' dir='ltr'>mala</span> <span class='ocrx_word' id='word_1_839' title='bbox 1565 3269 1666 3311; x_wconf 85' lang='lat' dir='ltr'>fiunt;</span> <span class='ocrx_word' id='word_1_840' title='bbox 1682 3269 1694 3310; x_wconf 92' lang='lat'>(</span> <span class='ocrx_word' id='word_1_841' title='bbox 1708 3267 2000 3310; x_wconf 89' lang='lat' dir='ltr'>quemadmodum,</span> <span class='ocrx_word' id='word_1_842' title='bbox 2017 3266 2097 3298; x_wconf 88' lang='lat' dir='ltr'>dum</span> <span class='ocrx_word' id='word_1_843' title='bbox 2113 3266 2204 3308; x_wconf 77' lang='lat' dir='ltr'>abest</span> <span class='ocrx_word' id='word_1_844' title='bbox 2215 3266 2268 3298; x_wconf 87' lang='lat' dir='ltr'>lux</span> <span class='ocrx_word' id='word_1_845' title='bbox 2280 3291 2288 3305; x_wconf 88' lang='lat'>,</span> <span class='ocrx_word' id='word_1_846' title='bbox 2303 3267 2392 3298; x_wconf 80' lang='lat' dir='ltr'>tene-</span> 
     </span>
     <span class='ocr_line' id='line_1_102' title="bbox 1350 3323 2391 3370; baseline -0.004 -10"><span class='ocrx_word' id='word_1_847' title='bbox 1350 3329 1417 3361; x_wconf 81' lang='lat' dir='ltr'>brae</span> <span class='ocrx_word' id='word_1_848' title='bbox 1429 3354 1438 3370; x_wconf 82' lang='lat'>,</span> <span class='ocrx_word' id='word_1_849' title='bbox 1456 3338 1532 3370; x_wconf 84' lang='lat' dir='ltr'>quae</span> <span class='ocrx_word' id='word_1_850' title='bbox 1546 3330 1664 3362; x_wconf 86' lang='lat' dir='ltr'>natura</span> <span class='ocrx_word' id='word_1_851' title='bbox 1678 3327 1775 3367; x_wconf 82' lang='lat' dir='ltr'>nullae</span> <span class='ocrx_word' id='word_1_852' title='bbox 1794 3328 1887 3367; x_wconf 86' lang='lat' dir='ltr'>sunt,</span> <span class='ocrx_word' id='word_1_853' title='bbox 1907 3325 2097 3358; x_wconf 87' lang='lat' dir='ltr'>oboriuntur</span> <span class='ocrx_word' id='word_1_854' title='bbox 2112 3323 2123 3366; x_wconf 92' lang='lat'>)</span> <span class='ocrx_word' id='word_1_855' title='bbox 2142 3323 2300 3365; x_wconf 84' lang='lat' dir='ltr'>delinquit</span> <span class='ocrx_word' id='word_1_856' title='bbox 2315 3333 2391 3366; x_wconf 83' lang='lat' dir='ltr'>ergo</span> 
     </span>
     <span class='ocr_line' id='line_1_103' title="bbox 1353 3383 2393 3430; baseline -0.006 -9"><span class='ocrx_word' id='word_1_857' title='bbox 1353 3389 1482 3421; x_wconf 83' lang='lat' dir='ltr'>animus</span> <span class='ocrx_word' id='word_1_858' title='bbox 1493 3413 1501 3429; x_wconf 89' lang='lat'>,</span> <span class='ocrx_word' id='word_1_859' title='bbox 1522 3389 1600 3430; x_wconf 84' lang='lat' dir='ltr'>quia</span> <span class='ocrx_word' id='word_1_860' title='bbox 1614 3388 1735 3421; x_wconf 86' lang='lat' dir='ltr'>bonum</span> <span class='ocrx_word' id='word_1_861' title='bbox 1760 3386 1902 3430; x_wconf 85' lang='lat' dir='ltr'>appetit,</span> <span class='ocrx_word' id='word_1_862' title='bbox 1920 3385 1978 3418; x_wconf 90' lang='lat' dir='ltr'>sed</span> <span class='ocrx_word' id='word_1_863' title='bbox 2003 3395 2022 3417; x_wconf 88' lang='lat' dir='ltr'>a</span> <span class='ocrx_word' id='word_1_864' title='bbox 2050 3384 2135 3417; x_wconf 89' lang='lat' dir='ltr'>bono</span> <span class='ocrx_word' id='word_1_865' title='bbox 2151 3384 2281 3417; x_wconf 83' lang='lat' dir='ltr'>aberrat</span> <span class='ocrx_word' id='word_1_866' title='bbox 2292 3407 2301 3423; x_wconf 91' lang='lat'>,</span> <span class='ocrx_word' id='word_1_867' title='bbox 2315 3383 2393 3426; x_wconf 89' lang='lat' dir='ltr'>quia</span> 
     </span>
    </p>
   </div>
   <div class='ocr_carea' id='block_1_14' title="bbox 1354 3441 2450 3489">
    <p class='ocr_par' dir='ltr' id='par_1_15' title="bbox 1354 3441 2450 3489">
     <span class='ocr_line' id='line_1_104' title="bbox 1354 3441 2450 3489; baseline -0.003 -10"><span class='ocrx_word' id='word_1_868' title='bbox 1354 3456 1417 3480; x_wconf 90' lang='lat' dir='ltr'>non</span> <span class='ocrx_word' id='word_1_869' title='bbox 1435 3449 1487 3481; x_wconf 88' lang='lat' dir='ltr'>est</span> <span class='ocrx_word' id='word_1_870' title='bbox 1506 3448 1609 3489; x_wconf 84' lang='lat' dir='ltr'>prima</span> <span class='ocrx_word' id='word_1_871' title='bbox 1625 3446 1816 3481; x_wconf 86' lang='lat' dir='ltr'>substantia.</span> <span class='ocrx_word' id='word_1_872' title='bbox 1861 3445 1924 3479; x_wconf 88' lang='lat' dir='ltr'>Sed</span> <span class='ocrx_word' id='word_1_873' title='bbox 1939 3453 1980 3478; x_wconf 88' lang='lat' dir='ltr'>ne</span> <span class='ocrx_word' id='word_1_874' title='bbox 1991 3453 2011 3477; x_wconf 85' lang='lat' dir='ltr'>a</span> <span class='ocrx_word' id='word_1_875' title='bbox 2030 3444 2142 3486; x_wconf 86' lang='lat' dir='ltr'>regula</span> <span class='ocrx_word' id='word_1_876' title='bbox 2156 3442 2285 3477; x_wconf 69' lang='lat' dir='ltr'>aberret</span> <span class='ocrx_word' id='word_1_877' title='bbox 2318 3442 2354 3476; x_wconf 74' lang='lat' dir='ltr'>et</span> <span class='ocrx_word' id='word_1_878' title='bbox 2366 3441 2398 3482; x_wconf 69' lang='lat' dir='ltr'>si</span> <span class='ocrx_word' id='word_1_879' title='bbox 2447 3458 2450 3460; x_wconf 32' lang='lat' dir='ltr'>v</span> 
     </span>
    </p>
   </div>
   <div class='ocr_carea' id='block_1_15' title="bbox 2475 0 2528 849">
    <p class='ocr_par' dir='ltr' id='par_1_16' title="bbox 2475 0 2528 849">
     <span class='ocr_line' id='line_1_105' title="bbox 2475 0 2528 849; baseline 0 0"><span class='ocrx_word' id='word_1_880' title='bbox 2475 0 2528 849; x_wconf 95' lang='lat' dir='ltr'> </span> 
     </span>
    </p>
   </div>
  </div>
 </body>
</html>
