2528 3788
233 236 285 290 54
1132 247 1200 287 DE
1230 247 1464 287 PLATONE

234 339 320 387 geni
341 335 581 375 Parmenidis
600 334 888 387 philosophiam
902 335 1099 388 profitenti
1114 349 1268 389 operam

233 395 353 436 dedit.
372 394 519 433 Deinde
553 407 671 445 quum
704 402 805 432 esset
839 407 1028 433 annorum
1065 395 1270 434 duodetri-

233 452 358 502 ginta,
380 453 507 491 varias
535 461 656 491 terras
678 452 934 505 regionesque
960 454 1154 494 lustravit.
1174 454 1268 493 Nam

234 525 311 550 non
331 511 455 550 solum
477 511 631 560 Megara
663 524 703 550 se
728 512 905 560 contulit,
928 521 970 551 ut
1001 526 1088 551 cum
1112 512 1270 552 Euclide

231 578 464 617 versaretur,
498 570 564 608 sed
595 570 711 609 etiam
732 570 903 622 Cyrenas
922 571 1118 622 profectus
1134 571 1267 611 Theo·

231 629 367 668 dorum
385 629 694 669 mathematicum
713 630 897 669 convenit
915 638 1028 681 atque
1042 630 1133 669 inde
1150 631 1270 683 petita

231 688 341 726 ltalia
357 688 563 739 Archytam
575 687 828 726 Tarentinum
839 697 876 727 et
889 688 1063 740 reliquos
1077 688 1269 740 Pythago-

231 759 316 786 reos
331 747 565 796 Philolaum,
586 747 790 798 Eurytum,
812 747 1056 786 Echecratem
1070 778 1080 798 ‚
1102 747 1270 798 denique

230 806 432 854 Timaeum,
448 815 485 845 et
498 806 705 846 Acrioncm
716 806 858 845 Locros
871 807 1066 857 cognovit.
1077 806 1271 852 Quemad-

231 865 386 903 modum
414 878 507 903 vero
530 866 571 903 in
590 864 739 903 Italiam
770 864 945 903 discendi
971 878 1085 904 causa
1111 874 1268 903 conten-

230 924 363 971 derat,
400 924 728 975 Pythagoreorum
778 924 1025 976 disciplinam
1063 924 1269 963 Socraticis

231 982 474 1021 sermonibus
505 982 759 1033 adjuncturus
781 996 789 1020 :
813 982 869 1020 sic
895 991 1029 1033 postea
1060 982 1265 1035 AEgyptum

230 1041 464 1092 peragravit,
480 1050 523 1080 ut
535 1054 557 1079 a
568 1039 832 1080 sacerdotibus
846 1041 1023 1080 barbaris
1034 1055 1214 1080 numeros
1236 1051 1270 1079 et

231 1100 401 1139 eoelestia
420 1101 623 1152 acciperet.
657 1100 849 1139 Statuerat
871 1100 1032 1153 insuper
1064 1101 1269 1140 Persarum

231 1172 364 1210 magos
384 1159 514 1206 adire,
540 1158 607 1197 sed
640 1158 715 1196 hoc
745 1158 951 1196 consilium
977 1167 1139 1210 propter
1169 1159 1272 1197 bella

230 1231 316 1269 quae
335 1226 416 1256 tum
432 1218 473 1256 in
489 1217 620 1256 Asiam
642 1218 873 1268 gerebantur
893 1217 1047 1268 abjecit.

282 1275 340 1314 Ex
359 1277 521 1328 AEgypto
536 1289 718 1315 reversus
734 1276 855 1314 Deliis
877 1276 1101 1326 explanavit
1118 1288 1270 1314 sensum

231 1336 399 1382 oraculi,
419 1349 496 1386 quo
516 1335 643 1374 Graeci
660 1334 910 1386 jubebantur,
933 1335 965 1373 si
986 1335 1273 1386 epraesentibus

232 1396 342 1434 malis
362 1408 401 1433 se
418 1407 612 1444 emergere
641 1394 804 1441 vellent,
835 1406 936 1430 aram
958 1394 999 1430 in
1026 1392 1152 1431 insula
1178 1392 1273 1430 Delo

231 1454 403 1505 Apollini
422 1461 679 1491 consecratam
703 1453 902 1503 duplicare
919 1452 950 1504 (1
963 1450 1010 1503 1).
1026 1451 1100 1489 Sed
1117 1452 1268 1502 plenam

230 1524 318 1549 eum
339 1519 395 1549 tot
414 1510 620 1549 itineribus
647 1511 754 1548 factis
775 1524 817 1548 ac
840 1517 896 1547 tot
917 1509 1116 1561 sapientiae
1135 1509 1270 1548 docto-

232 1569 342 1608 ribus
362 1570 502 1608 auditis
529 1568 668 1607 artium
700 1569 1055 1607 mathematicarum
1076 1569 1273 1617 cognitio-

231 1642 317 1666 nem
357 1637 602 1667 consecutum
636 1641 737 1674 esse,
771 1627 1002 1676 intelligitur
1033 1639 1081 1664 ex
1120 1627 1189 1664 illo
1213 1627 1272 1664 in-

233 1697 371 1734 vento,
395 1687 500 1738 quod
528 1686 700 1725 Vitruvii
733 1685 865 1724 verbis
885 1698 1092 1737 exponam.
1120 1685 1186 1723 Ait
1205 1686 1272 1724 ille

234 1747 320 1784 Lib.
346 1747 399 1784 IX
417 1760 502 1797 cap.
525 1760 540 1783 1
563 1761 571 1784 :
594 1763 610 1780 «
639 1745 686 1783 Et
706 1746 878 1796 primum
896 1745 1069 1783 Platonis
1096 1757 1116 1782 e
1138 1745 1270 1782 multis

234 1804 599 1843 ratiocinationibus
618 1804 836 1842 utilissimis
853 1816 967 1840 unam
983 1831 992 1849 ,
1017 1803 1272 1853 quemadmo-

232 1864 322 1901 dum
340 1863 387 1900 ab
402 1876 446 1900 eo
468 1863 659 1914 explicata
685 1861 755 1909 sit,
777 1874 931 1912 ponam.
951 1860 1075 1898 Locus
1098 1869 1162 1898 aut
1183 1873 1273 1910 ager

233 1922 395 1973 paribus
432 1921 615 1959 lateribus
648 1921 680 1959 si
714 1922 789 1958 erit
829 1919 1065 1973 quadratus,
1108 1932 1272 1970 eumque

233 2033 408 2073 sentiebat,
424 2033 467 2065 ad
478 2032 686 2065 Theodorum
700 2032 843 2072 Cyrenas
854 2057 861 2071 ,
883 2033 921 2063 ut
939 2031 1152 2072 geometriam
1168 2030 1276 2063 disce-

234 2085 283 2115 ret
295 2107 302 2121 ,
325 2084 374 2113 cst
406 2080 585 2122 profectus.
619 2082 658 2111 Et
690 2078 899 2120 astrologiam
922 2079 1069 2119 adusque
1099 2079 1274 2120 AEgyptum

234 2129 292 2160 ivit
309 2128 447 2169 petitum
459 2153 466 2166 ,
495 2130 531 2159 ut
547 2127 620 2158 inde
642 2125 881 2167 prophetarum
908 2125 1006 2157 etiam
1025 2125 1110 2157 ritus
1127 2124 1277 2157 addisce-

234 2177 294 2207 ret.
315 2176 353 2206 Et
368 2174 409 2206 ad
423 2174 552 2207 Italiam
567 2174 686 2205 iterum
700 2173 801 2212 venit,
822 2175 854 2204 et
878 2172 1101 2213 Pythagoreos
1115 2173 1277 2211 Eurytum

236 2221 445 2254 Tarentinum
477 2222 508 2252 et
530 2219 690 2251 seniorem
716 2219 892 2259 Archytam
922 2220 1085 2258 sectatur;
1112 2219 1210 2258 atque
1236 2216 1277 2250 ad

235 2268 334 2300 Indos
354 2271 386 2300 et
403 2276 514 2308 magos
538 2265 732 2298 intendisset
750 2267 907 2304 animum,
926 2265 988 2297 nisi
1004 2274 1080 2297 eum
1092 2264 1178 2297 bella
1197 2267 1276 2297 tunc

235 2315 414 2347 vetuissent
432 2313 583 2346 Asiatica.
608 2313 824 2352 Hieronymus
840 2312 896 2344 lib.
916 2314 959 2350 Il,
987 2311 1081 2352 epist.
1102 2314 1115 2342 1
1135 2310 1178 2343 ad
1193 2313 1278 2343 Pau-

236 2363 336 2394 linum
355 2375 362 2394 ι
381 2361 473 2393 Plato
493 2362 668 2401 AEgyptum
694 2362 725 2391 et
747 2358 927 2399 Archytam
954 2358 1167 2390 Tarentinum
1188 2366 1278 2390 eam-

235 2419 298 2450 que
312 2417 402 2441 oram
415 2408 533 2448 Italiae,
554 2416 628 2448 quae
641 2407 806 2447 quondam
820 2407 937 2447 Magna
955 2406 1082 2438 Graecia
1095 2405 1276 2447 dicebatur,

235 2455 488 2488 laboriosissime
516 2453 719 2496 peragravit,
737 2457 774 2485 ut
796 2454 853 2494 qui
871 2453 1007 2486 Athenis
1030 2452 1185 2494 magister
1205 2455 1275 2486 erat

236 2506 267 2535 et
281 2504 412 2543 potens,
432 2502 593 2543 cujusque
612 2501 794 2532 doctrinam
817 2500 1004 2533 Academiae
1021 2500 1190 2541 gymnasia
1207 2509 1278 2541 per-

237 2550 411 2588 sonabant,
446 2549 538 2580 tieret
577 2548 767 2589 peregrinus
796 2549 895 2588 atque
923 2547 1103 2589 discipulus
1115 2574 1122 2588 ,
1156 2547 1279 2580 malens

237 2597 340 2628 aliena
367 2595 549 2627 verecunde
572 2594 715 2634 discere,
748 2603 848 2634 quam
879 2594 1086 2636 impudenter
1120 2595 1280 2636 ingerere.

237 2642 349 2674 Cicero
367 2642 497 2674 Tuscul.
520 2643 547 2680 I,
575 2641 808 2674 17:Platonem
828 2640 952 2682 serunt,
982 2643 1019 2674 ut
1052 2642 1277 2682 Pythagoreos

237 2690 456 2730 cognosceret,
475 2689 508 2720 in
519 2687 650 2720 Italiam
666 2687 793 2719 venisse
811 2687 889 2719 etin
905 2697 942 2720 ea
955 2697 1031 2720 cum
1047 2687 1126 2720 alios
1144 2688 1276 2727 multos,

237 2737 308 2766 tum
328 2735 507 2776 Archytam
529 2734 754 2774 Timaeumque
773 2735 981 2775 cognovisse,
1000 2738 1032 2767 et
1048 2735 1199 2767 didicisse
1217 2737 1279 2776 Py-

214 2798 224 2813 t
237 2782 390 2822 thagorea
420 2781 545 2820 omnia,
577 2780 787 2822 primumque
815 2781 856 2813 de
883 2782 1064 2814 animorum
1097 2782 1279 2814 aeternitate

237 2837 300 2860 non
320 2828 425 2860 solum
438 2828 575 2860 sensisse
597 2827 684 2859 idem
707 2827 796 2868 quod
813 2828 1041 2870 Pythagoram,
1061 2830 1116 2862 sed
1135 2830 1279 2862 rationes

238 2875 337 2908 etiam
356 2875 515 2907 attulisse.
538 2874 584 2906 Cf.
605 2874 715 2906 defin.
736 2877 777 2912 V,
795 2877 844 2906 29.
864 2875 1015 2908 Valerius
1031 2877 1193 2908 Maximus
1211 2877 1272 2909 lib.

237 2924 280 2955 Vl
288 2925 316 2954 ΙΙ
333 2931 404 2963 cap.
421 2923 450 2952 7:
462 2922 555 2953 Plato
576 2923 687 2953 autem
706 2921 845 2961 patriam
870 2922 1025 2962 Athenas,
1044 2926 1278 2964 praeceptorem

238 2970 406 3002 Socratem
426 2970 580 3007 sortitus,
601 2970 634 2999 ct
647 2968 754 3000 locum
771 2970 804 2999 et
825 2968 989 3001 hominem
1005 2969 1163 3003 doetrinae
1187 2972 1279 3004 serti—

238 3015 416 3054 lissimum,
437 3015 555 3055 ingenii
577 3023 706 3055 quoque
730 3014 839 3046 divina
858 3015 1038 3048 instructus
1058 3016 1255 3049 abundantia
1269 3044 1276 3058 ,

237 3071 339 3102 quum
354 3062 497 3093 omnium
513 3062 581 3102 jam
597 3061 786 3093 mortalium
811 3062 1069 3101 sapientissimus
1087 3062 1275 3104 haberetur,

238 3119 275 3140 eo
289 3108 419 3149 quidem
436 3117 558 3149 usque,
588 3111 625 3140 ut
640 3109 669 3140 si
685 3109 755 3149 ipsc
779 3108 907 3149 Jupiter
926 3109 1008 3140 coelo
1034 3108 1275 3152 descendisset,

239 3165 296 3187 nec
323 3156 534 3197 elegantiore,
547 3164 606 3186 nec
622 3155 766 3187 beatiore
783 3155 934 3187 facundia
950 3164 1069 3187 usurus
1085 3155 1250 3188 videretur
1268 3182 1274 3189 .

239 3204 411 3244 AEgyptum
433 3202 634 3243 peragravit,
664 3202 742 3233 dum
779 3211 797 3234 a
829 3202 1053 3234 sacerdotibus
1081 3203 1150 3244 ejus
1174 3205 1278 3244 gentis

239 3250 423 3289 geometriae
440 3249 638 3294 multiplices
649 3258 800 3280 numeros
812 3251 910 3289 atque
927 3249 1108 3281 coelestium
1124 3250 1277 3282 observa-

240 3296 363 3328 tionum
389 3296 548 3329 rationem
567 3295 715 3336 percipit.
745 3298 885 3336 Quoque
916 3299 1061 3336 tempore
1086 3305 1104 3327 a
1123 3296 1277 3329 studiosis

235 3342 408 3383 juvenibus
426 3343 576 3375 certatim
592 3342 728 3375 Athenae
750 3343 917 3375 Platonem
934 3343 1101 3375 doctorem
1123 3353 1274 3384 ‹pia->ren-

238 3390 326 3421 tibus
346 3389 551 3430 petebantur,
583 3390 653 3431 ipse
682 3389 744 3421 Nili
772 3389 912 3421 fluminis
931 3389 1167 3430 inexplicabiles
1190 3391 1276 3432 ripas

239 3436 506 3477 vastissimosque
526 3446 676 3478 campos,
701 3436 840 3469 e'ffusam
860 3436 1042 3469 barbariem
1064 3439 1097 3469 et
1115 3438 1275 3470 flexuosos

240 3483 400 3515 fossarum
424 3483 566 3516 ambitus
587 3484 809 3526 AEgyptiorum
830 3492 944 3517 senum
959 3484 1139 3525 discipulus
1155 3486 1275 3518 lustra-

1335 336 1553 388 oportuerit
1583 336 1721 375 iterum
1752 348 1798 374 ex
1833 333 1996 387 paribus
2028 333 2216 374 lateribus
2240 334 2370 388 dupli-

1333 408 1441 445 care,
1467 395 1560 447 quia
1579 394 1619 433 id
1639 406 1779 445 genere
1798 392 1951 432 numeri
1975 405 2018 431 ac
2034 392 2371 444 multiplicationi-

1332 455 1406 494 bus
1424 467 1503 494 non
1522 454 1738 501 invenitur,
1760 466 1808 491 ex
1823 450 2152 503 descriptionibus
2179 452 2371 492 linearum

1333 513 1545 552 emendatis
1581 513 1789 564 reperitur.
1822 511 1888 550 Est
1924 519 2050 548 autem
2082 508 2167 561 ejus
2201 511 2257 549 rei
2289 509 2373 550 haec

1334 571 1609 611 demonstratio
1654 570 1870 616 Quadratus
1902 570 2033 618 locus,
2074 569 2142 620 qui
2183 570 2258 608 erit
2290 569 2376 610 lon-

1333 644 1404 681 gus
1419 639 1456 670 et
1476 632 1576 669 latus
1594 630 1711 683 pedes
1727 630 1846 668 denos
1858 658 1869 679 ,
1892 628 2012 668 efficit
2034 641 2132 666 areae
2151 628 2269 680 pedes
2288 631 2376 668 cen-

1333 698 1429 731 tum.
1447 690 1488 729 Si
1507 703 1600 740 ergo
1617 702 1715 741 opus
1732 689 1847 727 fuerit
1860 701 1946 726 eum
1963 687 2176 739 duplicare,
2193 695 2231 725 et
2246 690 2374 726 aream

1333 748 1475 800 pedum
1511 747 1763 787 ducentorum
1798 747 1888 785 item
1922 759 1970 784 ex
1997 745 2159 798 paribus
2184 736 2376 786 lateribus

1336 807 1458 845 facere
1476 836 1485 850 ,
1508 806 1759 858 quaerendum
1788 805 1882 854 erit,
1915 818 2029 856 quam
2067 817 2249 855 magnum
2277 803 2377 844 latus

1333 866 1417 917 ejus
1435 866 1614 917 quadrati
1635 867 1699 904 fiat
1714 895 1725 914 ,
1748 874 1790 904 ut
1806 878 1855 904 ex
1867 878 1914 903 eo
1933 865 2092 903 ducenti
2111 863 2228 916 pedes
2249 864 2379 916 dupli-

1334 924 1551 963 cationibus
1573 937 1668 962 areae
1689 923 1959 976 respondeant.
1995 923 2041 962 Id
2061 932 2190 962 autem
2211 935 2375 962 numero

1334 995 1447 1021 nemo
1477 991 1600 1034 potest
1628 982 1807 1021 invenire
1830 996 1838 1020 :
1873 994 2039 1033 namque
2062 982 2096 1020 si
2118 979 2204 1021 XIV
2232 980 2378 1034 consti-

1334 1050 1502 1091 tuentur,
1525 1050 1638 1080 erunt
1652 1040 1902 1092 multiplicati
1921 1040 2039 1091 pedes
2055 1038 2217 1080 CXCVi.
2234 1038 2277 1079 Si
2290 1036 2375 1089 XV,

1333 1100 1449 1152 pedes
1470 1100 1651 1141 CCXXV.
1673 1100 1777 1149 Ergo
1799 1099 1983 1150 quoniam
2005 1098 2049 1138 id
2068 1112 2148 1138 non
2163 1098 2380 1151 explicatur

1334 1172 1497 1198 numero
1519 1160 1559 1197 in
1579 1171 1626 1197 eo
1646 1158 1835 1210 quadrato
1862 1158 1985 1208 longo
2010 1166 2049 1197 et
2074 1157 2154 1197 lato
2171 1156 2290 1210 pedes
2308 1156 2379 1197 de-

1335 1230 1416 1255 cem
1440 1218 1486 1268 (a
1503 1215 1530 1255 b
1547 1231 1567 1255 c
1586 1217 1652 1268 d),
1674 1230 1759 1268 quae
1783 1216 1903 1256 fuerit
1933 1217 2037 1255 linea
2075 1215 2124 1255 ab
2145 1216 2288 1267 angulo
2305 1214 2380 1269 (b)

1335 1276 1382 1314 ad
1399 1276 1585 1325 angulum
1608 1275 1679 1326 (d)
1700 1274 1967 1326 diagoniostb
1987 1275 2033 1327 d)
2052 1275 2301 1326 perducatur,
2322 1274 2382 1315 uti

1335 1334 1533 1373 dividatur
1552 1334 1595 1372 in
1612 1333 1689 1371 duo
1718 1333 1874 1383 trigona
1902 1345 2012 1384 acqua
2038 1332 2306 1383 magnitudine
2334 1330 2379 1384 (b

1335 1406 1356 1430 a
1376 1392 1399 1430 d
1426 1401 1462 1430 et
1482 1394 1508 1429 b
1527 1407 1547 1430 c
1566 1391 1629 1444 d),
1656 1392 1809 1442 singula
1840 1403 1938 1430 areae
1965 1391 2107 1443 pedum
2139 1392 2379 1444 quinquaged

1335 1463 1427 1489 num
1461 1465 1469 1489 :
1504 1451 1551 1489 ad
1581 1451 1663 1500 ejus
1701 1450 1815 1489 lineae
1848 1450 2065 1502 diagonalis
2094 1450 2378 1502 longitudinem

1336 1510 1442 1547 locus
1478 1509 1693 1560 quadratus
1731 1509 1784 1561 (b
1817 1522 1838 1547 e
1871 1510 1890 1546 f
1907 1509 1954 1561 d)
1987 1509 2149 1562 paribus
2193 1509 2380 1550 lateribus

1335 1567 1589 1606 describatur.
1625 1568 1684 1606 Ita
1716 1581 1832 1619 quam
1859 1581 1996 1618 magna
2029 1569 2106 1607 duo
2139 1568 2295 1618 trigona
2333 1568 2376 1608 in

1336 1628 1489 1665 minore
1531 1627 1721 1678 quadrato
1756 1627 2074 1678 quinquagenum
2104 1627 2247 1680 pedum
2275 1627 2380 1667 linea

1336 1686 1519 1735 diagonia
1541 1686 1690 1724 fuerint
1708 1686 1930 1736 designata,
1955 1685 2086 1724 eadem
2101 1686 2379 1737 ‘magnitudine

1335 1753 1372 1782 et
1406 1744 1539 1783 eodem
1568 1745 1709 1795 pedum
1749 1756 1912 1782 numero
1948 1752 2119 1795 quatuor
2156 1744 2198 1782 in
2231 1743 2380 1796 majore

1335 1812 1448 1842 erunt
1467 1803 1616 1842 effecta.
1640 1802 1719 1840 Hac
1745 1803 1896 1840 ratione
1925 1802 2138 1853 duplicatio
2157 1803 2378 1852 grammicis

1336 1861 1552 1899 rationibus
1584 1873 1606 1898 a
1634 1860 1817 1908 Platone,
1854 1861 1908 1899 uti
1939 1869 1996 1898 est
2024 1860 2179 1900 schema
2209 1860 2378 1901 subscri-

1337 1928 1468 1971 ptum,
1491 1919 1563 1957 fuit
1578 1919 1778 1970 explicata.
1800 1933 1816 1952 ·»

1336 2031 1401 2063 bat.
1421 2033 1492 2069 Quo
1508 2031 1616 2063 minus
1638 2031 1737 2062 miror
1759 2029 1885 2062 eumin
1908 2029 2038 2063 Italiam
2062 2032 2315 2072 transgressum,
2341 2035 2378 2067 ut

1337 2078 1378 2109 ab
1394 2078 1538 2118 Archyta
1556 2077 1703 2116 Tarenti,
1731 2086 1750 2109 a
1769 2077 1892 2109 Timaeo
1912 2078 1946 2110 et
1963 2076 2081 2110 Arione
2101 2078 2135 2110 et
2155 2078 2250 2110 creto
2272 2078 2383 2111 Locris

1338 2124 1529 2164 Pythagorae
1551 2126 1716 2164 praecepta
1738 2124 1771 2155 et
1787 2123 1939 2156 instituta
1966 2123 2146 2166 acciperet.
2172 2125 2276 2158 Tanta
2296 2125 2382 2158 enim

1339 2170 1398 2210 vis,
1425 2171 1515 2202 tanta
1534 2169 1627 2211 copia
1654 2169 1839 2203 litterarum
1870 2169 2016 2210 undique
2044 2170 2227 2212 colligenda
2244 2173 2327 2211 erat,
2345 2174 2383 2204 ut

1337 2217 1476 2250 invicem
1496 2226 1552 2258 per
1567 2218 1675 2249 totum
1700 2218 1864 2249 terrarum
1895 2217 2009 2250 orbem
2030 2216 2175 2260 dispergi
2193 2220 2228 2251 et
2252 2218 2383 2251 dilataii

1337 2267 1456 2306 posset.
1474 2263 1694 2298 Philostratus
1720 2263 1775 2298 lib.
1794 2266 1810 2297 Ι
1830 2264 1933 2306 Apoll.
1957 2273 2029 2306 cap.
2057 2267 2070 2296 1
2093 2265 2227 2298 Πλάτων
2251 2265 2382 2308 βαδίσας

1337 2312 1378 2348 εἰς
1393 2311 1546 2352 Αἴγυπτον
1565 2312 1618 2343 καὶ
1645 2311 1745 2343 πολλὰ
1772 2314 1834 2343 τῶν
1864 2313 1930 2344 ἐκεῖ
1961 2315 2127 2354 προφητῶν
2147 2323 2180 2346 τε
2200 2313 2253 2346 καὶ
2276 2314 2383 2356 ἱερέων

1337 2358 1543 2399 ἐγκαταμίξας
1559 2361 1622 2394 τοῖς
1636 2359 1749 2390 ἑαυτοῦ
1771 2357 1884 2399 λόγοις.
1910 2358 2061 2391 Clemens
2086 2359 2329 2394 Alexandrinus
2345 2361 2379 2397 in

1338 2405 1567 2438 Admonitione
1593 2405 1634 2437 ad
1651 2407 1764 2447 gentes
1792 2413 1856 2447 pag
1885 2407 1927 2438 46
1953 2405 2004 2438 ed.
2030 2406 2181 2449 Sylbnrg.
2214 2406 2382 2441 Platonem

1339 2453 1505 2494 alloquens
1524 2457 1544 2486 ’ξ
1562 2452 1632 2484 οἶδά
1654 2464 1712 2485 σου
1742 2454 1814 2490 τοὺς
1838 2453 2063 2494 διδασκάλους,
2084 2455 2143 2497 κᾷν
2172 2455 2381 2498 ἀποκρύπτειν

1339 2500 1452 2540 ἐθέλῃς.
1488 2500 1683 2540 Γεωμετρίαν
1715 2499 1790 2541 παρ’
1818 2501 1999 2539 Αἰγυπτίων
2032 2501 2204 2542 μανθάνεις·
2234 2501 2380 2544 ἀστρονο.

1340 2546 1411 2587 μίαν
1434 2547 1518 2588 παρὰ
1544 2546 1764 2578 Βαῧυλωνίων·
1797 2548 1919 2589 ἐπῳδὰς
1936 2547 1990 2584 τὰς
2011 2549 2110 2588 ὑγιεῖς
2137 2549 2223 2590 παρὰ
2245 2550 2381 2591 Θρᾳκῶν

1338 2592 1516 2633 λαμὸάνεις·
1532 2593 1634 2629 πολλά
1651 2604 1687 2625 σε
1703 2594 1756 2625 καὶ
1779 2594 1934 2635 Ἀσσύριοι
1953 2594 2191 2628 πεπαιδεύκασι·
2217 2595 2331 2638 νόμους
2347 2597 2382 2630 δὲ

1337 2640 1408 2677 τοὺς
1424 2640 1493 2672 ὅσοι
1512 2639 1632 2678 ἀληθεῖς
1643 2664 1650 2678 ,
1666 2640 1719 2671 καὶ
1733 2639 1823 2677 δόξαν
1846 2642 1901 2680 τὴν
1917 2644 1974 2672 τοῦ
1992 2642 2060 2673 θεοῦ
2081 2641 2154 2683 παρ’
2174 2643 2279 2675 αὐτῶν
2297 2644 2381 2684 dipe-

1338 2688 1430 2725 λησαι
1447 2691 1508 2719 τῶν
1529 2687 1694 2728 ‘mmmm
1708 2687 1760 2720 Cf.
1777 2688 1967 2721 Lactantius
1987 2686 2043 2721 lib.
2062 2690 2110 2721 IV
2122 2689 2231 2722 Instit.
2255 2699 2327 2733 cap.
2348 2695 2379 2724 2.

1338 2734 1462 2775 —(11)
1494 2734 1687 2767 Plutarchus
1716 2735 1757 2767 de
1788 2735 1882 2777 genio
1919 2736 2062 2768 Socratis
2095 2744 2166 2778 cap.
2197 2738 2215 2768 7
2247 2738 2314 2771 vol.
2350 2741 2377 2772 Χ

1338 2790 1370 2822 p.
1390 2784 1449 2814 309
1466 2781 1517 2814 ed.
1540 2783 1678 2815 Hutten.
1700 2781 1736 2821 ἦν
1751 2782 1784 2815 δὲ
1801 2783 1939 2824 χρησμὸς
1958 2782 2082 2821 Δηλίοις
2113 2784 2167 2815 καὶ
2185 2788 2250 2821 τοῖς
2277 2784 2379 2822 ἄλλοις

1338 2829 1468 2867 Ἕλλησι
1485 2830 1605 2862 παῦλαν
1627 2831 1689 2862 τῶν
1706 2829 1868 2870 παρόντων
1884 2833 1992 2861 κακῶν
2006 2829 2132 2862 ἔσεσθαι
2150 2830 2379 2864 διπλασιάσασι

1338 2878 1391 2910 τὸν
1413 2877 1444 2908 ἐν
1467 2877 1559 2919 Δήλῳ
1585 2876 1703 2918 βωμόν.
1722 2874 1803 2908 Οὔτε
1815 2877 1848 2909 δὲ
1867 2877 1921 2915 τὴν
1944 2877 2081 2909 διάνοιαν
2101 2877 2376 2920 ἐκεῖνοι-συμὸάλ-

1338 2926 1400 2957 λειν
1416 2925 1597 2965 δυνάμενοι,
1612 2925 1664 2956 καὶ
1686 2925 1755 2965 περὶ
1769 2924 1824 2963 τήν
1842 2927 1898 2956 τοῦ
1923 2925 2034 2966 βωμοῦ
2047 2926 2248 2964 κατασκευὴν
2270 2929 2379 2966 γελοῖα

1339 2972 1528 3013 πάσχοντες,
1547 2972 1702 3013 (ἑκάστης
1721 2971 1779 3012 γὰρ
1795 2973 1856 3003 τῶν
1879 2972 2040 3013 τεσσάρων
2058 2972 2198 3013 πλευρῶν
2218 2973 2379 3006 διπλασια-

1338 3021 1463 3059 ζομένης
1477 3044 1484 3056 ,
1517 3020 1623 3050 ἔλαθον
1653 3022 1693 3059 τῇ
1723 3018 1848 3055 αὐξήσει
1884 3018 1979 3050 τόπον
2012 3018 2135 3061 στερεὸν
2167 3018 2378 3053 ὀκταπλάσιον

1339 3066 1587 3107 ἀπεργασάμενοι
1603 3090 1611 3105 ,
1633 3066 1671 3096 δι’
1687 3064 1828 3106 ἀπειρίαν
1845 3065 2028 3105 ἀναλογίας,
2053 3065 2072 3102 ἢ
2095 3068 2140 3106 τῷ
2156 3066 2247 3106 μήκει
2267 3066 2376 3100 ἃιπλάρ

1339 3124 1405 3144 σιον
1424 3112 1611 3154 παρέχεται)
1630 3112 1785 3144 Πλάτωνα
1811 3115 1864 3149 τῆς
1881 3111 2011 3153 ἀπορίας
2029 3108 2235 3146 ἐπεκαλοῦντο
2251 3114 2374 3155 βοηΘὸν.

1338 3160 1375 3190 Ὁ
1395 3160 1444 3199 δέ,
1470 3163 1527 3191 τοῦ
1550 3158 1718 3199 Αἰγυπτίου
1745 3159 1906 3200 μνησθείς,
1925 3159 2123 3199 προσπαίζειν
2153 3159 2210 3201 ἔφη
2228 3159 2282 3192 τὸν
2308 3161 2376 3194 θεὸν

1338 3207 1504 3245 Ἕλλησιν,
1528 3207 1712 3248 ὀλιγωροῦσι
1735 3207 1889 3246 παιδείας,
1915 3206 1984 3238 οἷον
2009 3206 2206 3249 ἐφυὸρίζοντα
2223 3207 2280 3245 τὴν
2293 3207 2378 3248 ἅμα·

1338 3254 1405 3285 θίαν
1434 3256 1537 3294 ἡμῶν,
1554 3256 1607 3286 καὶ
1624 3253 1787 3287 κελεύοντα
1808 3254 1996 3295 γεωμετρίας
2017 3254 2168 3287 ἅπτεσθαι
2194 3255 2237 3295 μὴ
2258 3255 2374 3296 παρέρ-

1338 3308 1410 3338 γως·
1432 3300 1468 3332 οὐ
1486 3300 1544 3342 γάρ
1565 3312 1613 3333 τοι
1630 3302 1743 3342 φαῦλον
1765 3301 1829 3334 οὐδ’
1842 3301 1942 3340 &aazia
1958 3301 2094 3338 διανοίας
2105 3301 2239 3343 ὁρώσης»
2267 3301 2369 3343 ἄκρως

1337 3347 1369 3378 δὲ
1394 3347 1446 3384 τὰς
1470 3349 1613 3389 γραμμὰς
1634 3348 1811 3389 ἠσκημένης
1837 3347 1923 3389 ἔργον
1949 3348 2046 3390 εἶναι,
2074 3348 2127 3380 καὶ
2157 3348 2240 3380 δυοῖν
2267 3347 2371 3389 μέσων

1337 3394 1485 3435 ἀνάλογον
1505 3396 1607 3436 λῆψιν·
1631 3395 1651 3437 ἦ
1673 3398 1752 3436 μόνῃ
1769 3395 2001 3432 διπλασιάζεται
2028 3398 2136 3437 σχῆμα
2156 3395 2286 3428 κυὸικυῦ
2306 3394 2373 3427 σώ-

1337 3452 1449 3483 ματος,
1475 3443 1509 3474 ἐκ
1532 3443 1634 3480 πάσης
1653 3443 1769 3484 ὁμοίως
1793 3442 1959 3482 αὐξόμενον
1980 3443 2183 3479 διαστάσεως·
2207 3445 2298 3474 τοῦτο
2317 3443 2372 3483 μὲν

1336 3487 1388 3519 οὗν
1406 3489 1539 3526 Εὔδοξον
1562 3490 1670 3525 αὐτοῖς
1690 3491 1741 3522 τόν
1762 3490 1883 3522 Κνίδιον
1909 3490 1929 3529 ἢ
1946 3491 1998 3522 τὸν
2025 3489 2199 3530 Κυζικηνὸν
2218 3489 2372 3521 Ἑλικῶνα
