2508 3776
299 200 380 238 468

270 325 273 329 ,
298 285 486 337 ὗπερὸολαὶ
508 283 683 336 μοχθηραί
703 287 770 323 εἶσι
799 285 859 324 καὶ
876 288 1026 340 ψεκταί·
1048 290 1101 330 ὅτι
1122 293 1167 331 τὰ
1186 297 1331 332 τοιαῦτα

298 346 410 396 ἀγαθὰ
432 345 491 395 ἀφ’
512 345 643 381 ἑαυτῶν
674 347 736 383 οῦκ
766 344 886 397 ἔχουσι
910 348 949 386 τὸ
977 355 1123 390 τοιαῦτα
1148 352 1170 399 ἢ
1192 368 1335 391 τοιαυτα

297 407 404 448 εἰναι,
425 402 515 439 ἀλλὰ
537 402 606 441 ἀπὸ
625 419 683 441 του
704 402 822 448 τέλους
839 405 924 456 πρὸς
944 405 962 445 ὃ
980 408 1164 450 τάττονται
1181 442 1190 458 ,
1208 411 1230 458 ἢ
1252 413 1337 462 ἀγα-

296 463 336 499 θά
359 462 443 498 εἰσιν
466 459 486 506 ἢ
509 462 615 500 κακοί.
649 462 718 501 Καὶ
740 463 795 501 διὰ
827 467 948 516 τοῦτο,
973 466 1014 505 ἂν
1037 469 1121 520 πρὸς
1143 469 1239 514 τέλος
1267 486 1336 509 τα-

295 522 406 571 χθῶσι
437 521 636 572 μοχθηρόν,
682 522 844 573 μοχθηρά
874 524 959 562 εἰσι·
1003 527 1187 565 τάττονται
1225 527 1260 566 δὲ
1288 530 1336 573 εἷς

295 579 471 630 μοχθηρὸν
492 580 588 622 τέλος
603 610 612 626 ,
634 579 715 617 ὅταν
739 583 813 630 μεθ’
845 582 1039 634 ὑπερὸολῆς
1071 585 1285 625 διώκωνται·
1317 589 1335 625 ὃ

292 636 359 687 γὰρ
379 636 646 688 ὓπερὸάλλων’
631 654 664 676 εν
695 641 738 689 τῇ
767 639 893 691 χρήσει
920 643 989 679 τῶν
1012 643 1152 691 σιτίων,
1183 645 1241 683 καὶ
1265 661 1334 684 των

292 694 515 743 ἐνδυμάτων,
538 696 596 733 καὶ
615 712 683 734 των
703 697 818 735 ἄλλων
839 700 1058 751 ἀναγκαίων,
1083 701 1143 740 καὶ
1164 702 1261 755 παρὰ
1277 705 1335 742 τὸν

290 752 388 804 ὀρθὸν
408 754 510 805 λόγον
535 756 650 799 αὐτοῖς
669 755 862 808 χρώμενος,
886 760 933 803 εἷς
954 759 1016 806 τὴν
1038 761 1231 800 ἀκολασίαν
1246 759 1334 798 αὐτὰ

290 812 420 851 τάττει.
451 813 518 852 Καὶ
544 815 600 852 διὰ
622 830 722 854 τουτο
741 815 756 839 ¹³
778 819 799 859 ἡ
821 817 951 856 τούτων
971 819 1136 858 ἁπάντων
1153 818 1332 874 υπερὸολὴ

291 871 502 924 μοχθηρία’
488 874 573 913 εστί.
596 876 708 914 Τινῶν
730 876 766 914 δὲ
783 877 883 915 κοιλ,ε
866 880 986 923 απλῶς
1008 881 1161 932 ἀκρασία
1183 881 1243 919 καὶ
1262 895 1333 932 χω-

290 929 339 981 ρὶς
360 930 588 982 προσθήκης,
612 934 693 985 περὶ
712 933 734 972 ἃ
763 934 823 973 καὶ
844 940 865 984 ἡ
889 938 1092 991 σωφροσύνη
1115 939 1190 979 ἐστὶ
1219 939 1279 979 καὶ
1309 943 1331 987 ἡ

289 987 475 1029 ἀκολασία.

341 1047 360 1067 *
381 1050 462 1087 'lov
485 1047 519 1087 δὲ
540 1048 638 1103 φύσει
658 1053 775 1090 κακῶν
795 1052 854 1092 καὶ
876 1053 987 1101 ἡδέων
1005 1057 1067 1108 οὔχ
1083 1057 1120 1095 ,αἱ
1142 1057 1330 1108 ὑπιρὸολαὶ

288 1108 466 1161 μοχθηραί
488 1110 595 1157 εἰσιν,
626 1111 703 1149 ἀλλ’
728 1111 848 1157 ἁπλῶς
870 1115 905 1151 αἱ
924 1116 1004 1166 περι
1028 1120 1138 1154 ταῦτα
1158 1116 1262 1166 ἕξεις,
1291 1117 1331 1155 αἵ

289 1167 375 1205 εἶσιν
406 1169 442 1205 αἱ
463 1169 663 1218 θηριώδεις·
688 1169 777 1222 ἅπερ
798 1170 874 1210 οὐδὲ
893 1172 992 1226 φύσει
1027 1174 1113 1220 ἡδέα
1145 1175 1224 1214 εἰσί.
1248 1178 1330 1215 Τῶν

287 1225 357 1285 γὰρ
380 1225 490 1272 ἡδέων
510 1226 555 1265 τὰ
573 1226 633 1277 μέν
657 1230 748 1266 ἐστιν
769 1229 855 1276 ἡδέα
876 1231 975 1284 φύσει
999 1232 1058 1270 καὶ
1075 1239 1163 1271 πᾶσι
1182 1234 1309 1286 ζῴοιςει
1313 1264 1323 1282 ,

287 1277 357 1322 οἷον
371 1284 535 1337 ,τροφή,
559 1285 617 1323 καὶ
638 1285 761 1335 ὕπνος,
780 1288 840 1326 καὶ
866 1288 910 1326 τὰ
937 1305 1100 1328 τοιαυτα·
1131 1293 1175 1329 τὰ
1198 1292 1232 1330 δὲ
1254 1292 1327 1342 φύ-

289 1357 341 1381 σει
377 1344 439 1395 μὲν
472 1343 640 1391 ἡδέα,οὖ
673 1352 762 1384 πᾶσι
794 1347 830 1385 δὲ
860 1347 971 1394 ἡδέα,
1003 1348 1123 1402 ὥσπερ
1158 1353 1178 1397 ἡ
1211 1351 1329 1389 τοιάδε

284 1401 418 1452 τροφή,
464 1396 549 1448 οἷον,
590 1403 630 1441 τὸ
665 1404 754 1441 πόαν
788 1407 911 1458 φαγεῖν
954 1405 975 1453 ἢ
1010 1407 1095 1458 κρέα
1126 1408 1225 1453 ἐνίοις
1260 1413 1330 1448 τῶν

284 1459 409 1512 ζῴων(1
428 1460 529 1512 φύσει
549 1463 634 1503 ἡδέα
657 1463 747 1511 εἰσί,
770 1465 814 1502 τὰ
844 1463 879 1502 δὲ
901 1466 1059 1516 οὐδαμῶς
1088 1466 1189 1519 φύσει
1216 1468 1324 1515 ἡδέα,

284 1499 414 1556 ἀλλὰ*
395 1535 417 1565 η
451 1519 506 1557 διὰ
535 1519 661 1570 ἔθη,
642 1537 664 1567 η
689 1522 745 1559 διὰ
780 1522 981 1576 πηρώσεις,
999 1524 1022 1571 ἢ
1048 1526 1103 1563 διὰ
1133 1528 1327 1580 μοχθηρίαν

285 1577 440 1630 φύσεως·
464 1578 566 1616 ἅτινά
587 1582 653 1619 εἶσι
672 1580 771 1632 φύσει
791 1582 897 1620 κακά.

334 1637 374 1660 **
402 1638 490 1689 Περὶ
523 1638 544 1676 ἃ
574 1639 778 1692 ἡθηριότης
811 1641 923 1679 ἐστίν·
955 1637 1023 1681 οἷον
1053 1643 1117 1691 τὴν
1146 1644 1325 1697 ἄνθρωπον

282 1696 416 1743 ἐκείνην
437 1697 577 1747 λέγουσι
597 1704 731 1746 ποιεῖν,
754 1701 814 1743 τὰς
835 1700 985 1746 κυούσας
1009 1703 1263 1754 ἀνασχίζουσαν
1280 1703 1323 1742 τὰ

280 1755 404 1793 παιδία
438 1755 652 1794 κατεσθίειν·
689 1755 710 1802 ἢ
742 1751 792 1800 οἷς
829 1757 954 1805 ἥδοντο
994 1761 1025 1798 οἳ
1064 1761 1324 1814 ἀπηγριωμέναι

280 1814 361 1867 περὶ
393 1814 451 1853 τὸν
498 1814 632 1854 Πόντον
671 1815 868 1868 ἅνθρωποι,
910 1820 940 1856 οἱ
979 1818 1041 1869 μὲν
1077 1822 1173 1871 ἰχθῦς
1210 1820 1326 1870 ὤμους

281 1872 473 1923 ἐσθίοντες,
493 1874 553 1912 καὶ
574 1873 660 1925 κρέα
689 1874 789 1925 ὠμοί,
812 1877 842 1913 οἱ
864 1876 899 1913 δὲ
926 1877 1134 1922 δανείζοντες
1157 1877 1201 1916 τὰ
1221 1878 1325 1917 τέκνα

281 1932 448 1978 ἀλλήλοις
471 1934 518 1976 εἷς
553 1933 764 1985 εὐωχίαν·ἢ
797 1933 815 1972 ὃ
846 1936 1009 1988 Φάλαρις
1038 1937 1179 1985 ἐποίησε
1205 1938 1324 1990 φαγὼν

279 1991 336 2028 τὸν
359 1993 481 2030 ἑαυτοῦ
502 1992 612 2029 παῖδα
627 2007 634 2014 ·
656 1996 804 2030 τοιαῦτα
827 1994 868 2041 δὴ
890 1995 933 2032 τὰ
951 1995 1043 2035 κακὰ
1068 1995 1128 2034 καὶ
1149 1996 1257 2045 ἡδέα,
1285 1999 1323 2036 οὗ

279 2049 382 2102 φύσει
412 2051 519 2098 ἡδέα,
555 2051 645 2089 ἀλλὰ
673 2051 729 2089 διὰ
761 2053 955 2104 μοχθηρίαν
989 2055 1124 2107 φύσεως
1156 2055 1240 2102 ἡδέα
1266 2057 1324 2094 δο-

278 2114 374 2147 κοῦσι
406 2113 531 2148 ταῦτα.
555 2112 639 2154 Τοῖς
660 2110 695 2148 δὲ
724 2110 780 2149 διὰ
803 2113 981 2165 πηρώσεις
1001 2115 1089 2158 τινὲς
1118 2114 1320 2164 ἥδονται,ἢ

279 2169 336 2206 διὰ
367 2168 518 2218 μανίαν,
542 2168 564 2215 ἢ
588 2169 699 2216 ἄλλην
730 2169 808 2207 τινὰ
835 2171 958 2210 νόσον·
988 2173 1045 2210 διὰ
1081 2173 1206 2224 μανίαν
1239 2174 1317 2224 μέν,

278 2226 397 2278 ὥσπερ
413 2230 431 2265 ὁ
453 2229 572 2275 μανεὶς
592 2227 653 2266 καὶ
674 2228 793 2280 φαγὼν
815 2233 875 2268 τοῦ
911 2231 1101 2269 συνδούλου
1130 2225 1240 2285 ἧπαρ,
1261 2231 1284 2279 ἢ
1305 2236 1322 2271 ὃ

276 2285 340 2331 τὴν
362 2285 498 2338 μητέρα
528 2286 758 2338 καθιερεύσας
786 2288 846 2326 καὶ
868 2290 1007 2340 φαγών·
1027 2289 1085 2327 διὰ
1112 2291 1211 2329 νόσον
1241 2290 1277 2328 δὲ
1305 2293 1321 2329 ὁ

279 2343 401 2382 ἐσθίων
419 2345 600 2398 ἀνθράκων
623 2346 680 2383 καὶ
698 2361 783 2397 γης·
803 2347 837 2392 ἐξ
863 2350 956 2391 ἐθους
980 2347 1016 2386 δὲ
1036 2347 1171 2399 γίνεται
1188 2349 1319 2401 θηριώ-

278 2403 354 2449 δης,
377 2404 394 2440 ὁ
411 2408 487 2447 ταῖς
500 2405 598 2456 παρὰ
618 2404 718 2457 φύσιν
734 2407 877 2453 ἡδοναῖς
898 2421 937 2444 εκ
956 2407 1149 2457 προοιμίων
1165 2422 1225 2446 του
1245 2407 1320 2460 βίου

278 2475 355 2498 συνε
359 2462 504 2509 θισθείς,
526 2462 586 2501 καὶ
605 2463 740 2516 χαίρων
763 2464 825 2514 μὲν
848 2464 987 2512 σιτίοις,
1004 2468 1053 2509 οἷς
1069 2466 1179 2510 οὐδεὶς
1197 2466 1320 2513 ἥδεται

278 2519 468 2568 ἀνθρώπων
501 2520 548 2570 μὴ
587 2524 655 2559 τῶν
693 2525 848 2576 φυσικῶν
882 2522 970 2576 ὅρων
1003 2523 1153 2575 εκστάς,
1189 2526 1319 2563 ἀκολα-

277 2577 424 2616 σταίνων
455 2578 489 2618 δὲ
521 2579 582 2625 τὴν
615 2581 713 2632 παρὰ
746 2581 847 2633 φύσιν
887 2582 1101 2621 ἀκολασίαν·
1122 2583 1252 2622 τούτων
1281 2583 1318 2622 δέ

276 2636 427 2674 ἐστικαὶ
459 2639 476 2674 ὃ
503 2638 636 2690 χαίρων
667 2643 797 2692 τριχῶν
819 2640 947 2689 τίλσει,
967 2639 988 2688 ἢ
1020 2642 1154 2694 ὀνύχων
1175 2641 1315 2696 τρώξει·

275 2710 385 2733 ταυτα
405 2695 441 2733 δὲ
461 2696 521 2734 καὶ
540 2697 595 2734 διὰ
613 2700 809 2758 μοχθηρίαν
821 2699 963 2752 φύσεως
981 2701 1125 2751 γίνεται.

327 2751 417 2775 ***“
420 2757 508 2793 Οσοι
530 2756 591 2805 μὲν
609 2759 665 2794 οὖν
684 2759 739 2795 διὰ
762 2759 956 2811 μοχθηρίαν
976 2759 1111 2812 φύσεως
1129 2777 1198 2805 τοις
1215 2759 1316 2814 φύσει

275 2815 392 2854 κακοῖς
416 2814 582 2865 ἥδονται,
603 2817 666 2853 οὐκ
687 2816 774 2855 εἰσὶν
797 2819 973 2870 ἀκρατεῖς·
996 2821 1034 2857 οὗ
1056 2821 1123 2872 γάρ
1145 2821 1238 2859 ἐστιν
1255 2823 1316 2859 αὖ·

279 2877 350 2915 τοῖς
368 2872 464 2925 ὀρθὸς
477 2845 610 2947 λόγοςἸ,
617 2868 645 2927 ᾡ
661 2876 902 2915 ἀνθίστανται·
923 2883 938 2902 ⁰
958 2879 1084 2928 ὁμοίως
1101 2878 1137 2917 δὲ
1160 2879 1236 2918 οὐδὲ
1251 2880 1317 2919 ὅσα

273 2930 307 2974 εξ
338 2931 497 2982 ἔθους,
478 2948 500 2978 η
528 2932 734 2981 νοσήματος,
767 2934 789 2981 ἢ
816 2937 961 2985 μανίας·
997 2937 1089 2976 ἀλλὰ
1109 2938 1148 2977 τὸ
1165 2938 1314 2986 ἥδεσθαι

272 2990 343 3033 τοῖς
373 2990 538 3035 τοιούτοις
573 2991 638 3037 ἔξω
670 2993 744 3032 ἐστὶ
779 2997 958 3040 παντελῶς
987 2999 1057 3034 τῶν
1099 3000 1160 3045 τῆς
1191 2999 1317 3044 κακίας

273 3049 373 3101 ὅρων.

325 3107 409 3131 *Μ*
431 3111 472 3148 Εἰ
494 3108 530 3147 δέ
547 3125 597 3153 τις
617 3109 747 3149 τούτων
767 3113 833 3149 τῶν
858 3114 1049 3163 ἐπιθυμιῶν
1065 3118 1123 3153 νῦν
1144 3114 1207 3165 μὲν
1230 3130 1316 3168 κρα-

273 3173 345 3219 τεῖ,
367 3171 426 3205 νῦν
446 3168 479 3206 δὲ
495 3171 660 3216 ἡττᾶται,
677 3171 715 3207 οὐ
734 3169 873 3222 λέγεται
892 3172 1044 3223 ἀκρατὴς
1066 3173 1199 3224 ἆπλως,
1223 3173 1313 3213 ἀλλὰ

275 3243 317 3278 με
304 3227 364 3264 ετὰ
394 3227 605 3279 προσθήκης,
627 3228 706 3267 οὐδὲ
739 3230 910 3282 ἐγκρατὴς
941 3231 1072 3279 ἁπλῶς,
1097 3232 1188 3272 ἀλλὰ
1224 3233 1314 3283 μετὰ

272 3286 488 3337 προσθήκης·
511 3289 595 3334 οἱον,
618 3287 789 3340 ἐγκρατὴς
808 3288 871 3335 τὴν
893 3290 1096 3340 θηριωδίαν,
1114 3291 1175 3329 καὶ
1197 3294 1310 3343 ἀκρα-

313 3399 328 3415 *
348 3399 425 3440 Cap.
446 3403 474 3431 5.
500 3399 568 3431 ἐπεὶ
588 3400 615 3432 δ’
633 3399 721 3431 ἐστὶν
744 3400 811 3432 ἔνια
827 3399 884 3441 μὲν
905 3401 985 3439 ἡδέα
1004 3402 1070 3433 κτλ.
1089 3418 1131 3424 -
1148 3402 1185 3419 ”
1205 3403 1299 3443 Λέγω
1316 3403 1351 3435 δὲ
1367 3403 1423 3440 τὰς
1442 3404 1609 3446 θηριώδεις
1625 3403 1694 3435 κτλ.
1715 3419 1756 3425 -
1769 3400 1844 3422 ***¹
1844 3400 1951 3437 Ὀσοις
1968 3400 2025 3442 μὲν
2052 3399 2107 3432 οὖν
2130 3400 2198 3432 κτλ

269 3444 294 3474 δ’
314 3445 432 3487 ἔχοντα
449 3450 581 3489 κρατεῖν
598 3448 618 3485 ἢ
634 3447 820 3489 κρατεῖσθαι
836 3448 904 3478 κτλ.

1122 205 1399 246 ANDRONICI
1429 205 1607 244 RHODII

1396 297 1576 330 cundarum
1607 299 1805 341 cupiditates
1817 300 1900 334 tales
1925 305 2012 337 sunt.
2037 305 2154 340 Nimiae
2178 308 2290 341 autem
2311 315 2452 350 rerum.-

1395 363 1470 396 quae
1493 355 1526 387 in
1546 355 1655 388 medio
1671 359 1767 396 sunt,
1793 357 1953 392 bonarum
1970 361 2168 403 cupiditates
2184 365 2281 399 malae
2304 367 2382 398 sunt
2402 366 2438 398 et

1397 410 1629 452 vituperabiles
1645 424 1652 444 ι
1672 413 1751 455 quia
1764 413 1926 455 ejusmodi
1945 415 2029 449 bona
2049 427 2113 452 non
2129 429 2188 462 per
2203 431 2237 455 se
2256 431 2295 456 eo
2314 421 2435 459 valent.

1396 470 1433 499 ut
1452 469 1534 501 talia
1552 470 1610 500 aut
1637 468 1715 501 talia
1742 468 1823 508 sint,
1847 470 1905 503 sed
1933 480 1952 503 a
1975 471 2038 505 fine
2057 474 2099 506 ad
2126 485 2226 518 quem
2251 477 2440 521 diriguntur

1396 525 1454 555 aut
1473 523 1653 557 bonitatem
1682 527 1740 558 aut
1771 526 1933 559 malitiam
1967 532 2114 564 sumunt.
2140 534 2319 574 Quocirca,
2339 535 2370 568 si
2395 533 2438 567 ad

1396 580 1520 612 malum
1543 580 1638 613 finem
1661 581 1858 624 diriguntur,
1877 584 1965 616 mala
1985 587 2061 618 sunt
2082 597 2090 618 ι
2116 587 2158 620 ad
2179 589 2304 623 malum
2327 593 2440 625 autem

1397 634 1494 666 tinem
1513 636 1678 676 spectant,
1714 637 1846 678 quando
1876 638 1974 671 nimis
2002 642 2202 682 expetuntur
2230 655 2240 676 ι
2268 642 2339 687 qui
2350 645 2439 679 enim

1397 686 1517 719 nimius
1550 689 1600 719 est
1633 687 1666 719 in
1686 697 1749 720 usu
1781 689 1930 723 ciborum
1955 693 1989 724 et
2012 693 2156 726 vestium
2180 696 2440 741 caeterarumque

1397 747 1508 771 rerum
1527 739 1804 782 necessariarum,
1829 742 1954 785 quique
1985 744 2026 777 iis
2047 748 2169 787 praeter
2191 748 2317 782 rectam
2337 747 2441 783 ratio-

1398 801 1471 824 nem
1492 791 1608 830 utitur,
1629 791 1672 825 ad
1695 791 1984 836 intemperantiam
2009 806 2047 830 ea
2073 797 2186 832 refert.
2218 800 2440 838 Quamobrem

1398 844 1499 877 nimia
1513 845 1631 878 horum
1647 847 1795 880 omnium
1814 849 1977 891 cupiditas
1996 851 2123 884 malitia
2141 854 2201 886 est.
2222 853 2440 892 Quorundam

1398 908 1475 932 vero
1492 900 1649 942 simplex,
1668 901 1758 934 nulla
1788 901 1967 944 adjectione
1989 903 2097 946 facta,
2115 905 2350 941 incontinentia
2373 910 2436 948 est,

1396 953 1430 986 in
1460 952 1583 995 quibus
1619 954 1834 996 temperantia
1865 964 1998 999 quoque
2027 958 2061 989 et
2086 956 2336 1001 intemperantia
2363 968 2441 994 ver-

1395 1007 1519 1039 santur.

1435 1060 1559 1091 Eorum
1583 1067 1662 1090 vero
1676 1067 1752 1101 quae
1783 1061 1901 1093 natura
1930 1060 2017 1094 mala
2046 1064 2124 1095 sunt
2155 1064 2189 1096 et
2206 1064 2354 1106 jucunda
2373 1076 2439 1101 non

1395 1109 1505 1142 nimiae
1524 1108 1721 1150 cupiditates
1753 1110 1849 1142 malae
1881 1113 1975 1151 sunt,
2009 1111 2068 1144 sed
2102 1112 2297 1156 simpliciter
2321 1116 2437 1151 eorum

1396 1161 1544 1197 habitus,
1567 1168 1652 1201 quos
1667 1159 1789 1192 ferinos
1806 1160 1948 1194 dicImus
1963 1175 1971 1194 :
1993 1171 2070 1203 quae
2085 1163 2221 1205 quidem
2242 1174 2304 1200 nec
2318 1169 2439 1202 natura

1390 1210 1536 1254 jucunda
1549 1212 1637 1242 sunt.
1654 1212 1778 1242 Eorum
1792 1211 1878 1243 enim
1895 1212 2126 1253 quaejucunda
2139 1216 2217 1247 sunt
2227 1214 2292 1249 alia
2305 1219 2435 1258 natura,

1393 1265 1427 1295 et
1449 1261 1584 1304 quidem
1605 1261 1758 1294 omnibus
1777 1261 1974 1295 animalibus
1989 1262 2136 1304 jucunda
2157 1267 2252 1305 sunt,
2273 1267 2314 1300 ut
2331 1267 2435 1306 cibus,

1393 1321 1527 1346 somnus
1549 1314 1582 1344 et
1605 1311 1732 1354 reliqua
1758 1312 1829 1353 ejus
1856 1313 1982 1354 generis
2015 1325 2024 1347 :
2054 1314 2118 1348 alia
2139 1318 2258 1350 natura
2281 1318 2435 1361 quidem,

1393 1364 1451 1396 sed
1470 1373 1534 1396 non
1549 1362 1702 1395 omnibus
1718 1365 1794 1395 sunt
1811 1363 1977 1404 jucunda,
1999 1364 2092 1398 velut
2116 1366 2192 1399 talis
2214 1367 2326 1408 cibus,
2343 1370 2437 1404 verbi

1393 1425 1509 1453 causa,
1535 1414 1671 1447 herbam
1691 1413 1864 1447 comedere
1886 1417 1944 1447 aut
1965 1424 2079 1448 carnes
2096 1418 2263 1452 nonnullis
2285 1419 2437 1454 animali-

1393 1468 1454 1500 bus
1476 1467 1593 1498 natura
1610 1464 1793 1506 Jucundum
1821 1467 1892 1505 est,
1912 1466 1975 1499 alia
2001 1476 2117 1500 rursus
2136 1477 2348 1512 nequaquam
2373 1479 2437 1504 na-

1393 1522 1485 1554 tura,
1518 1515 1573 1548 sed
1602 1515 1654 1548 vel
1679 1515 1723 1548 ob
1740 1516 2011 1549 consuetudinem
2036 1518 2090 1550 vel
2107 1518 2350 1555 mutilationem
2374 1522 2438 1555 ali·
2483 1517 2499 1534 “·

1390 1574 1505 1606 quam,
1544 1569 1602 1598 aut
1636 1569 1763 1599 naturae
1795 1567 1994 1609 pravitatem
2025 1571 2103 1635 sunt
2135 1569 2279 1611 jucunda
2307 1583 2317 1606 ε

1390 1619 1507 1649 natura
1522 1620 1598 1649 sunt
1613 1617 1710 1649 mala.

1432 1669 1468 1700 In
1496 1668 1619 1710 quibus
1643 1667 1788 1700 cernitur
1819 1666 1964 1701 feritas·
1983 1642 2124 1712 exempli
2141 1669 2258 1712 gratia,
2278 1671 2370 1714 quod
2392 1673 2435 1707 de

1389 1720 1525 1752 muliere
1541 1719 1596 1751 illa
1624 1721 1780 1757 narrant,
1802 1727 1878 1761 quoe
1898 1720 2135 1762 praegnantium
2157 1723 2287 1756 ventres
2308 1722 2432 1756 discin-

1388 1770 1476 1809 dere,
1504 1769 1671 1812 foetusque
1691 1778 1806 1802 earum
1839 1769 1998 1803 devorare
2030 1771 2155 1804 solebat
2186 1783 2193 1804 :
2220 1773 2275 1807 vel
2308 1773 2432 1816 quibus

1389 1821 1518 1855 efferati
1543 1821 1629 1854 circa
1659 1822 1802 1853 Pontum
1830 1821 1980 1854 homines
2004 1822 2262 1863 delectabantur,
2289 1834 2432 1868 quorum

1388 1872 1443 1905 alii
1459 1872 1563 1914 pisces
1591 1870 1711 1904 crudos
1739 1870 1979 1912 comedebant,
2000 1872 2057 1909 alii
2082 1881 2212 1914 carnes,
2239 1873 2296 1908 alii
2313 1874 2435 1908 liberos

1388 1933 1465 1956 suos
1483 1923 1568 1955 inter
1591 1931 1625 1954 se
1647 1923 1783 1953 mutuos
1801 1921 1836 1953 in
1858 1921 1973 1963 epulas
1993 1921 2115 1955 dabant
2134 1936 2142 1956 :
2162 1925 2220 1956 aut
2236 1924 2327 1967 quod
2343 1925 2433 1959 Pha-

1388 1974 1464 2006 laris
1482 1972 1638 2010 faciebat,
1659 1971 1717 2014 qui
1736 1971 1841 2004 lilium
1865 1980 1964 2004 suum
1983 1972 2126 2006 comedit
2144 1986 2152 2007 ι
2169 1974 2250 2010 talia
2262 1983 2339 2018 ergo
2355 1985 2431 2019 quae

1385 2026 1420 2058 et
1439 2024 1526 2056 mala
1545 2025 1622 2055 sunt
1642 2025 1676 2055 et
1691 2021 1858 2064 jucunda,
1879 2031 1943 2055 non
1962 2025 2080 2056 natura
2095 2027 2174 2057 sunt
2195 2025 2353 2068 jucunda.
2372 2027 2432 2061 sed

1385 2075 1427 2107 ob
1449 2074 1594 2115 aliquam
1623 2075 1751 2106 naturae
1778 2073 1978 2115 pravitatem
1995 2074 2142 2116 jucunda
2169 2075 2335 2109 videntur.
2358 2075 2432 2110 Alia

1386 2134 1503 2157 rursus
1523 2126 1617 2163 sunt,
1635 2124 1757 2166 quibus
1776 2123 1818 2156 ob
1843 2123 2086 2157 mutilationem
2110 2125 2256 2168 aliquam
2283 2125 2428 2161 nonnulli

1384 2178 1600 2216 delectantur,
1629 2178 1687 2209 aut
1711 2175 1884 2214 insaniam,
1921 2176 1980 2207 aut
2006 2174 2108 2208 alium
2141 2176 2307 2219 quendam
2335 2187 2429 2211 mor-
2482 2205 2484 2207 .

1385 2229 1465 2262 bum
1486 2241 1494 2260 :
1521 2227 1680 2260 insaniam
1700 2225 1847 2268 quidem,
1876 2226 1915 2257 ut
1935 2225 1993 2267 qui
2023 2225 2149 2259 insania
2173 2227 2318 2270 agitatus
2336 2228 2430 2271 Jecur
2485 2226 2489 2237 ’

1384 2281 1533 2314 conservi
1559 2279 1611 2312 sui
1629 2277 1829 2315 devorabat,
1853 2279 1911 2309 aut
1936 2277 1996 2319 qui
2015 2279 2158 2311 matrem
2182 2278 2366 2312 immolavit
2393 2279 2428 2312 e't

1383 2333 1526 2366 comedit
1544 2345 1551 2365 :
1570 2331 1723 2364 morbum
1739 2337 1819 2362 vero
1840 2329 1879 2359 ut
1897 2328 1957 2369 qui
1979 2328 2137 2361 carbones
2155 2328 2298 2361 comedit
2311 2330 2345 2361 et
2359 2330 2428 2361 ter-.

1383 2390 1453 2413 ram
1492 2392 1498 2412 :
1533 2389 1574 2413 ex
1601 2376 1839 2411 consuetudine
1869 2377 1982 2408 autem
2013 2375 2050 2407 fit
2082 2375 2266 2415 belluinus,
2297 2375 2356 2419 qui
2385 2375 2427 2408 ab

1383 2428 1514 2460 ineunte
1527 2429 1625 2459 aetate
1644 2423 1873 2467 voluptatibus
1889 2424 2017 2455 naturae
2034 2422 2294 2465 repugnantibus
2309 2432 2426 2456 assue-

1382 2475 1449 2512 vit,
1475 2475 1580 2515 iisque
1598 2472 1719 2514 gaudet
1738 2470 1820 2503 cibis
1834 2495 1841 2507 ,
1870 2470 1991 2512 quibus
2012 2478 2109 2502 nemo
2136 2470 2284 2504 omnium
2314 2471 2426 2504 homi-

1382 2531 1459 2554 num
1473 2521 1666 2557 delectatur,
1688 2518 1751 2551 nisi
1774 2518 1915 2560 quinon
1933 2516 2116 2550 observatis
2140 2517 2267 2559 legibus
2290 2520 2427 2552 natura-

1382 2570 1468 2603 libus
1492 2567 1744 2610 intemperantia
1758 2575 1834 2608 quae
1855 2568 1906 2599 cst
1922 2568 2044 2608 praeter
2060 2567 2212 2609 naturam
2228 2566 2350 2608 gaudet
2379 2579 2387 2600 z
2407 2576 2427 2601 e

1380 2628 1523 2661 quorum
1542 2625 1680 2650 numero
1697 2617 1730 2648 et
1751 2614 1801 2647 illi
1817 2616 1914 2652 sunt,
1931 2613 1990 2656 qui
2011 2613 2154 2656 pilorum
2175 2613 2345 2647 evulsione
2367 2615 2427 2646 aut

1381 2666 1539 2708 unguium
1571 2665 1698 2696 ›osione
1726 2662 1933 2695 delectantur
1960 2672 1967 2694 :
2004 2670 2080 2694 nam
2099 2663 2133 2694 et
2156 2661 2229 2694 hoec
2252 2670 2272 2694 a
2297 2662 2424 2695 naturae

1381 2713 1543 2756 pravitate
1561 2711 1825 2754 proficiscuntur.

1421 2760 1617 2802 Quicunque
1635 2768 1712 2800 ergo
1738 2757 1781 2791 ob
1804 2759 1932 2790 naturae
1950 2756 2150 2799 pravitatem
2174 2755 2274 2789 rebus
2304 2757 2423 2790 natura

1378 2813 1474 2846 malis
1495 2812 1712 2849 delectantur,
1737 2820 1801 2843 non
1818 2810 1896 2842 sunt
1921 2808 2188 2842 incontinentes.
2212 2807 2423 2850 nequeenim

1377 2863 1419 2896 iis
1451 2865 1542 2896 recta
1571 2863 1657 2895 ratio
1682 2864 1755 2903 est,
1796 2860 1850 2893 cui
1887 2859 2043 2892 resistant
2070 2871 2079 2893 z
2114 2857 2296 2900 eodemque
2324 2857 2423 2891 modo

1378 2924 1486 2957 neque
1507 2924 1561 2952 ea,
1584 2922 1661 2956 quae
1686 2923 1706 2946 a
1729 2910 1966 2946 consuetudine
1986 2911 2044 2942 aut
2071 2908 2187 2942 morbo
2209 2909 2268 2941 aut
2295 2907 2423 2966 insania

1377 2965 1639 3008 proficiscuntur,
1668 2961 1914 2997 incontinentiae
1943 2960 2118 2993 tribuenda
2144 2968 2154 2989 t
2177 2958 2236 2992 sed
2260 2958 2422 3002 ejusmodl

1377 3017 1475 3049 rebus
1505 3015 1661 3049 delectari
1689 3014 1821 3048 omnino
1849 3014 1901 3046 est
1925 3013 2019 3045 extra
2038 3010 2230 3044 vitiositatis
2259 3009 2422 3044 cancellos

1375 3070 1634 3162 pogiigd‘siessiaeis
1656 3127 1744 3151 nunc
1760 3117 1899 3160 imperat
1917 3116 1970 3149 his
1985 3113 2229 3157 voluptatibus,
2245 3122 2334 3147 nunc
2351 3121 2418 3147 ser—

1376 3179 1442 3216 vit,
1474 3188 1537 3211 non
1574 3178 1697 3210 dicitur
1724 3176 1874 3210 absolute
1900 3174 2120 3212 incontinens,
2141 3172 2200 3206 sed
2226 3181 2303 3206 cum
2327 3172 2420 3215 adje-

1375 3237 1499 3275 ctione,
1522 3246 1629 3279 neque
1652 3235 1802 3269 absolute
1828 3234 2008 3274 continens,
2027 3232 2086 3266 sed
2099 3239 2175 3265 cum
2202 3230 2385 3273 adjectione
2407 3243 2416 3264 ι

1377 3298 1470 3331 verbi
1487 3306 1602 3335 causa,
1630 3296 1798 3329 continens
1811 3294 1970 3332 feritatis,
1986 3293 2171 3336 itidemque
2188 3291 2392 3326 incontinens
2407 3305 2415 3325 :

2358 1581 2436 1616 quae

2224 3398 2311 3423 —*fi
2317 3398 2350 3415 t*
2368 3399 2412 3430 Τὸ
