2508 3776
288 284 762 338 ΑΝΔΡΟΝΙΚΟΥ
805 289 954 342 ΤΟΥ
997 294 1260 350 ΡΟΔΙΟΥ

424 412 663 458 ΗΘΙΚΩΝ
696 414 1131 467 ΝΙΚΟΜΑΧΕΙΩΝ

569 529 958 572 ΠΑΡΑΦΡΑΣΕΩΣ

551 627 766 660 ΒΙΒΛΙοΝ
793 630 988 698 TJ‘ITON.

674 802 765 851 Κεφ.
798 802 843 840 α’.

513 912 592 954 Περὶ
605 912 756 945 ἑκουσίου
773 914 827 945 καὶ
848 914 1015 947 ἀκουσίου.

302 1027 322 1050 *
342 1028 447 1069 Ἐπεὶ
468 1029 504 1068 δὲ
522 1033 543 1077 ή
567 1031 704 1084 ἀρετὴ’
688 1046 709 1078 η
727 1031 807 1084 περὶ
823 1033 916 1079 πάθη
940 1033 999 1072 καὶ
1018 1034 1157 1087 πράξεις
1183 1037 1265 1076 ἐστί
1271 1068 1281 1086 ,

246 1086 305 1125 καὶ
324 1085 416 1126 ἔστιν
438 1088 544 1141 ἀρετὴ
563 1089 688 1142 πρᾶξις
708 1090 821 1142 ἀγαθὴ
844 1090 998 1136 ἑκούσιος
1012 1122 1023 1143 ,
1044 1092 1104 1132 καὶ
1133 1097 1154 1141 ἡ
1175 1095 1281 1134 κακία

245 1148 460 1198 τούναντίον,
480 1149 540 1189 καὶ
555 1152 590 1189 ἐν
610 1155 659 1190 τῶ
689 1154 827 1206 ὁρισμῷ
849 1153 973 1198 κακίας
996 1153 1056 1192 καὶ
1079 1158 1203 1208 ἀρετῆς
1223 1157 1282 1195 καὶ

245 1206 286 1246 τὸ
307 1206 462 1247 ἑκούσιον
490 1210 833 1261 παραλαμὸοίνεται,
868 1211 924 1250 διὰ
945 1216 1049 1252 τοῦτο
1070 1217 1120 1266 τῷ
1148 1215 1281 1267 λέγοντι

246 1282 325 1319 περι
360 1269 484 1318 ἀρετῆς
516 1283 576 1305 και
605 1267 730 1312 κακίας
763 1269 898 1320 ἀνάγκη
930 1270 1009 1322 περὶ
1040 1272 1201 1311 ἑκουσίου
1222 1273 1281 1312 καὶ

245 1325 408 1364 ἀκουσίου
432 1325 623 1364 διαλαὸεῖν·
641 1329 690 1378 τῷ
710 1326 779 1380 γὰρ
799 1327 946 1381 ἑκουσίῳ
966 1330 1027 1368 καὶ
1050 1330 1200 1384 ἀκουσίῳ
1220 1332 1280 1376 τὰς

243 1383 383 1436 πράξεις
405 1383 578 1435 κρίνομεν.
619 1384 692 1423 Καὶ
725 1389 786 1429 τὰς
808 1385 871 1435 μὲν
899 1388 1083 1432 ἐπαινετὰς
1108 1388 1278 1442 λέγομεν,

245 1442 307 1485 τὰς
324 1440 359 1479 δὲ
380 1442 624 1493 συγγνωστάς,
640 1442 701 1486 τὰς
721 1442 757 1480 δὲ
779 1443 887 1495 ψόγου
909 1444 1019 1488 ἀξίας.
1047 1447 1119 1484 Καὶ
1134 1448 1197 1491 τὰς
1218 1449 1279 1497 μὲν

243 1500 406 1544 ἑκουσίως
432 1500 613 1549 γινομένας
642 1501 808 1554 ayaeaq’
793 1507 1012 1554 επαινοῦμεν·
1032 1506 1095 1549 τὰς
1121 1505 1158 1545 δὲ
1177 1509 1280 1546 ἑκου-

243 1559 326 1603 σίως
345 1559 496 1610 πονηρὰς
513 1558 678 1612 ψέγομεν·
709 1559 771 1603 τὰς
799 1560 836 1598 δὲ
863 1562 1032 1606 ἀκουσίως
1065 1564 1219 1617 πονηρὰς
1241 1567 1278 1604 οὗ

242 1618 392 1670 ψέγομεν
412 1617 502 1655 ἀλλὰ
517 1618 724 1668 συγγνώμης
745 1617 924 1669 ἀξιοῦμεν·
957 1620 1018 1664 τὰς
1046 1620 1082 1660 δὲ
1107 1622 1279 1668 ἀκουσίως

243 1675 397 1728 πονηρὰς
427 1676 487 1713 καὶ
519 1676 576 1715 ἐπὶ
615 1677 732 1730 βλάὸῃ
773 1679 842 1716 τῶν
875 1679 1063 1718 ποιούντων
1097 1682 1279 1733 γινομένας

243 1734 340 1773 ἐλέου
362 1734 457 1779 ἀξίας
470 1735 662 1786 ἡγούμεθα.
683 1736 751 1776 Διὰ
768 1740 869 1776 τοῦτο
881 1738 982 1791 ,ἐπεὶ
996 1739 1074 1791 περὶ
1094 1742 1160 1778 τῶν
1178 1743 1277 1780 ἐπαι-

244 1795 351 1831 νετῶν
371 1793 430 1831 καὶ
452 1796 519 1831 τῶν
535 1794 644 1846 ψόγου
659 1794 761 1839 ἀξίων
780 1798 798 1834 ὃ
815 1796 914 1846 λόγος
932 1800 1037 1847 ἡμῖν,
1058 1799 1131 1837 δέον
1153 1799 1277 1837 εἰδέναι

242 1851 321 1902 περὶ
336 1851 493 1889 ἑκουσίου
514 1853 574 1891 καὶ
595 1853 772 1894 ἀκουσίου.
798 1853 842 1894 Ὁ
864 1854 898 1893 δὲ
919 1855 997 1907 περὶ
1026 1855 1154 1894 τούτων
1178 1857 1277 1908 λόγος

242 1909 302 1947 καὶ
324 1915 394 1952 τοῖς
418 1911 637 1960 νομοθετοῦσι
656 1912 851 1963 χρήσιμος,
879 1913 947 1952 ἀπὸ
966 1915 1096 1952 τούτων
1125 1914 1192 1967 γὰρ
1224 1915 1276 1953 εἴ-

243 1983 362 2006 σονται
381 1968 476 2012 τίνας
496 1984 532 2006 τε
552 1969 710 2014 κολάζειν
733 1970 838 2019 ἄξιον,
857 1971 915 2009 καὶ
940 1971 1037 2016 τίνας
1055 1979 1161 2025 τιμᾷν
1178 2003 1190 2024 ‚
1213 1974 1274 2012 καὶ

241 2027 335 2071 τίνας
367 2026 479 2071 ἀξιοῦν
501 2028 731 2079 συγγνώμης,
753 2028 776 2076 ἢ
806 2029 919 2068 ἐλέου·
944 2029 963 2068 ὃ
983 2030 1023 2077 δὴ
1039 2033 1100 2077 τῆς
1118 2033 1153 2069 ἐν
1173 2035 1273 2071 πολι-

201 2103 205 2106 ·
240 2084 314 2138 τείᾳ
328 2084 452 2136 τέχνης
478 2085 666 2136 κεφάλαιόν
687 2087 774 2125 ἐστι·
806 2088 991 2140 διοριστέον
1012 2089 1076 2139 δὴ,
1109 2090 1143 2128 τί
1175 2093 1266 2130 ἐστιν

240 2144 394 2181 ἑκούσιον
418 2143 475 2181 καὶ
495 2143 530 2182 τί
550 2144 725 2184 ἀκούσιον.

291 2201 332 2225 **
353 2206 456 2240 Δοκεῖ
476 2201 588 2241 τοίνυν
605 2203 763 2242 ἀκούσιον
785 2197 873 2242 εἶναι
897 2204 935 2242 τὸ
961 2204 1093 2256 βίαιον,
1118 2203 1140 2252 ἢ
1161 2206 1205 2243 δι’
1229 2206 1273 2243 ἄ-

238 2275 354 2311 γνοιαν
375 2260 567 2311 γινόμενον.

290 2317 352 2342 ***
370 2318 489 2358 Βίαιον
504 2319 553 2368 δε,
574 2322 613 2358 οὗ
632 2322 653 2366 ἡ
675 2319 766 2372 ἀρχὴ
785 2322 845 2359 οὐκ
861 2323 894 2359 ἐν
917 2322 967 2373 τῷ
987 2325 1156 2370 ποιοῦντι,
1181 2322 1270 2361 ἀλλὰ

237 2376 382 2427 ἔξωθεν,
406 2379 442 2416 ἐν
461 2381 483 2425 ᾑ
517 2377 611 2416 οὐδὲν
645 2378 885 2428 συμὸάλλεται
906 2381 924 2417 ὃ
938 2380 1100 2432 πράττων
1120 2381 1142 2428 ἢ
1163 2383 1181 2419 ὃ
1201 2382 1270 2421 πά-

236 2447 346 2487 σχων·
367 2438 436 2474 οἷον
458 2435 494 2474 εἴ
506 2453 584 2475 τινα
597 2436 732 2481 κινήσει
747 2438 787 2476 τὸ
806 2442 969 2489 πνεῦμα,
995 2439 1054 2477 καὶ
1074 2439 1143 2478 ἀπὸ
1162 2439 1270 2478 τόπου

237 2495 283 2537 εἷς
305 2493 410 2531 τόπον
432 2495 577 2545 ἀγάγοι,
604 2495 626 2536 ἢ
644 2492 825 2548 ἅνθρωποι
845 2496 956 2548 κύριοι
970 2495 1064 2540 ὄντες
1085 2496 1145 2535 καὶ
1165 2497 1271 2535 δυνά-

236 2568 332 2600 μενοι
348 2555 452 2590 κινεῖν
475 2553 522 2602 μὴ
546 2554 767 2603 βουλόμενον.
787 2554 968 2594 Ἑκούσιον
987 2555 1036 2602 δέ,
1055 2556 1265 2603 τούναντίον,

234 2606 272 2649 οὗ
292 2613 314 2656 ἡ
332 2611 423 2662 ἀρχὴ
447 2613 481 2648 ἐν
501 2613 555 2663 τῷ
575 2615 727 2651 ποιοῦντι
753 2619 866 2654 πᾶσα.
904 2614 981 2654 Eiet
1002 2614 1038 2652 δέ
1069 2630 1146 2652 τινα
1180 2615 1269 2665 μήτε

236 2667 381 2706 ἀκούσια
392 2667 474 2706 ὄντα
496 2668 643 2719 κυρίως,
663 2670 753 2714 μήτε
765 2672 928 2723 ἑκούσια,
948 2673 1039 2711 ἀλλὰ
1059 2688 1150 2744 μεσα
1174 2674 1252 2713 τινά

235 2725 301 2763 εἶσὶ
319 2725 387 2763 δὲ
375 2724 439 2764 ο’σα
462 2727 518 2764 διὰ
517 2726 642 2786 φόὸον
662 2728 826 2773 μειζόνων
846 2733 965 2768 κακῶν
998 2731 1210 2782 πράττεται,
1242 2730 1265 2778 ἢ

236 2784 293 2823 διὰ
313 2784 417 2822 καλόν
435 2799 480 2822 τι·
503 2788 595 2832 οἷον,
617 2786 645 2823 εἷ
663 2785 825 2838 τύραννος
838 2787 1048 2840 προστάττοι
1071 2789 1214 2841 αἰσχρόν
1235 2805 1268 2829 τι

236 2848 383 2892 ποιῆσαι
398 2843 513 2896 κύριος
529 2844 576 2882 ὢν
593 2847 653 2883 καὶ
671 2847 788 2894 αὐτοῦ,
806 2847 865 2885 καὶ
883 2847 1030 2898 γονέων,
1049 2848 1108 2886 καὶ
1125 2848 1267 2898 τέκνων,

235 2903 294 2941 καὶ
317 2902 502 2952 δυνάμενος
525 2903 723 2954 πράττοντα
753 2904 815 2954 μὲν
847 2905 967 2950 σώζειν
995 2921 1055 2943 και
1074 2906 1175 2944 αὐτὸν
1209 2923 1267 2945 και

233 2961 310 3004 τοὺς
331 2962 451 3008 αὖτοῦ,
471 2959 519 3011 μὴ
522 2960 734 3033 πράττοντα
756 2961 818 3012 οέ,
836 2965 1052 3004 ἀποκτεῖναι.
1075 2967 1187 3003 'leuto
1200 2965 1266 3019 γὰρ

236 3017 536 3070 ἀμφισὸήτησιν’
518 3034 611 3070 εχει,
632 3032 775 3071 ποτερον
808 3020 962 3060 ἑκούσιόν
986 3024 1097 3070 ἐστιν,
1119 3022 1141 3069 ἢ
1161 3023 1264 3061 ἀκού·

233 3092 321 3117 σιον.
346 3078 510 3116 Τοιουτον
535 3076 603 3114 δέ’
588 3093 661 3115 εστι
682 3078 742 3115 καὶ
762 3078 800 3117 τὸ
818 3080 995 3130 γινόμενον
1023 3083 1056 3118 ἐν
1081 3084 1150 3125 τοῖς
1178 3083 1265 3120 κλυ-

233 3135 366 3180 δωνίοις
386 3135 450 3174 ὑπὸ
469 3137 537 3173 τῶν
556 3134 750 3183 ἓπιὸατῶν,
773 3135 929 3189 ῥίπτουσι
946 3138 1013 3191 γὰρ
1028 3139 1072 3177 τὰ
1090 3140 1264 3192 ἀγώγιμα·

234 3194 319 3246 ὅπερ
340 3192 417 3232 οὔτε
444 3193 595 3232 ἑκούσιον
618 3193 708 3232 εἴποι
728 3209 778 3237 τις
807 3195 847 3232 ἂν
867 3196 1026 3244 τελείως,
1055 3196 1133 3236 οὔτε
1155 3198 1262 3236 ἀκού-

237 3268 309 3292 σιον
325 3284 334 3299 ,
356 3253 433 3291 ἀλλ’
454 3252 614 3304 ἑκάτερον
636 3252 733 3304 παρὰ
756 3253 870 3305 μέρος.
893 3256 965 3293 Τοῦ
983 3255 1050 3306 γὰρ
1070 3255 1170 3308 ἔργου
1190 3257 1262 3295 ἐστὶ

1514 304 1906 369 ANDRONICI
1949 312 2205 375 RHODII

1445 431 1769 481 ETHICORUM
1801 435 2284 492 NICOMACHEORUM

1692 549 2036 594 PARAPHRASIS

1766 649 1892 682 manu
1910 652 1968 683 111.

1801 833 1879 875 Gap.
1903 835 1928 866 Ι.

1578 933 1620 960 De
1634 931 1805 960 voluntario
1818 935 1848 960 et
1861 938 1923 961 non
1938 932 2121 964 voluntario.

1385 1046 1495 1083 Quum
1511 1046 1545 1078 in
1567 1046 1869 1087 perturbationibus
1890 1048 1924 1080 et
1939 1047 2123 1082 actionibus
2142 1051 2292 1083 versetur
2307 1050 2377 1083 vir—

1343 1105 1408 1142 tus,
1423 1103 1601 1145 eademque
1617 1103 1660 1135 sit
1675 1103 1761 1135 actio
1777 1104 1861 1136 bona
1877 1106 1990 1146 sponte
2003 1106 2164 1148 suscepta,
2178 1106 2378 1140 munaum

1343 1161 1453 1192 autom
1478 1158 1640 1191 habeatur
1654 1157 1791 1196 vitium,
1811 1167 1980 1201 quumque
1995 1159 2031 1192 in
2048 1159 2234 1194 definitione
2250 1159 2326 1195 viffl
2344 1163 2379 1194 et

1342 1214 1476 1247 virtutis
1500 1212 1697 1245 adhibeatur
1714 1221 1796 1251 vox,
1825 1206 1960 1255 sponte}
1986 1215 2159 1256 propterea
2190 1215 2221 1248 ei
2246 1214 2306 1258 qui
2333 1216 2376 1251 de

1342 1269 1466 1301 virtute
1495 1270 1528 1301 et
1546 1267 1628 1300 vitio
1652 1267 1799 1309 disputat
1824 1276 1955 1301 necesse
1977 1270 2027 1301 est
2048 1268 2090 1301 de
2106 1268 2208 1302 rebus
2223 1268 2378 1303 volunta-

1341 1324 1399 1357 riis
1424 1325 1457 1356 et
1483 1332 1549 1355 non
1572 1322 1766 1355 voluntariis
1796 1332 1957 1365 exponere
1984 1334 1992 1356 ε
2026 1323 2189 1366 siquidem
2219 1333 2258 1358 eo
2286 1324 2378 1367 quod

1342 1379 1455 1419 sponte
1485 1379 1518 1409 et
1542 1376 1632 1419 quod
1648 1376 1751 1409 invite
1779 1376 1816 1409 fit
1840 1377 1984 1410 actiones
2005 1377 2202 1420 Judicamus.
2229 1379 2376 1417 Quarum

1341 1433 1422 1466 alias
1446 1431 1560 1472 laude,
1584 1432 1665 1465 alias
1682 1432 1795 1471 venia,
1824 1432 1904 1465 alias
1929 1433 2153 1476 objurgatione
2173 1433 2288 1475 dignas
2305 1442 2376 1468 esse

1340 1488 1491 1521 dicimus.
1514 1490 1557 1520 Et
1580 1488 1682 1521 bonas
1710 1488 1864 1530 quidem,
1897 1497 1973 1530 quae
2004 1490 2118 1530 sponte
2139 1489 2372 1532 suscipiuntur.

1341 1542 1484 1576 actiones
1501 1542 1674 1575 laudamus
1691 1552 1699 1574 :
1723 1544 1757 1574 at
1772 1542 1859 1575 mala
1880 1541 2034 1581 facinora,
2058 1551 2134 1585 quae
2149 1545 2262 1586 sponte
2278 1544 2374 1586 fiunt,

1339 1599 1585 1642 vituperamus3
1601 1607 1676 1640 quac
1695 1607 1773 1631 vero
1791 1598 1832 1631 ab
1848 1598 1962 1631 invitis
1974 1597 2174 1638 efficiuntur,
2198 1609 2264 1635 non
2283 1600 2375 1634 vitu-

1338 1664 1508 1698 peramus,
1539 1654 1597 1687 sed
1619 1653 1814 1695 ignoscenda
1845 1662 1915 1686 esse
1941 1653 2118 1687 statuimus
2141 1666 2150 1686 ι
2171 1663 2210 1688 ea
2231 1655 2375 1700 denique

1337 1714 1424 1748 mala
1439 1711 1602 1749 facinora,
1632 1718 1708 1751 quae
1723 1709 1805 1741 dum
1825 1708 1908 1741 fiunt
1926 1707 2122 1742 facientibus
2141 1709 2260 1743 damno
2277 1712 2371 1752 sunt,

1337 1767 1535 1804 miserabilia
1547 1774 1617 1799 esse
1634 1764 1796 1797 ducimus,
1820 1764 1979 1802 Quocirca
1995 1773 2100 1813 quum
2114 1765 2156 1799 de
2173 1766 2214 1799 iis
2227 1775 2304 1810 quoe
2315 1770 2373 1802 aut

1337 1820 1514 1856 laudabilia
1542 1819 1619 1851 sunt
1639 1819 1696 1850 aut
1715 1816 1948 1858 vituperanda,
1965 1826 2072 1850 sermo
2086 1818 2180 1851 nobis
2197 1819 2372 1854 institutus

1338 1879 1390 1916 sit,
1415 1875 1514 1910 simul
1537 1873 1618 1916 quid
1644 1873 1687 1905 sit
1713 1872 1936 1905 voluntarium
1964 1874 1998 1906 et
2033 1882 2098 1906 non
2127 1874 2368 1916 voluntarium,

1337 1931 1485 1974 wgnosci
1515 1930 1653 1972 oportet.
1683 1927 1755 1960 Erit
1781 1929 1892 1961 autem
1925 1928 2105 1971 disputatio
2131 1929 2173 1979 de
2194 1930 2248 1963 his
2271 1930 2372 1965 rebus

1334 1986 1447 2020 habita
1465 1984 1565 2018 etiam
1589 1983 1699 2025 legum
1716 1982 1877 2015 latoribus
1894 1983 2004 2022 utilis,
2025 1985 2104 2025 quia
2119 1993 2160 2018 ex
2180 1984 2234 2018 his
2246 1984 2371 2019 intelli-

1334 2043 1427 2082 gent,
1450 2042 1585 2083 quinam
1599 2038 1703 2080 poenis
1717 2039 1774 2070 aut
1792 2039 1906 2069 contra
1917 2037 2097 2071 honoribus
2114 2037 2277 2074 afficiendi
2291 2042 2367 2080 sint,

1334 2096 1392 2140 qui
1406 2096 1486 2129 item
1500 2094 1597 2127 venia
1612 2096 1670 2126 aut
1690 2092 1914 2125 misericordia
1929 2092 1996 2125 sint
2009 2092 2101 2134 digni
2116 2103 2126 2124 z
2146 2094 2238 2136 quod
2250 2097 2370 2138 praei..

1333 2161 1437 2195 puum
1457 2149 1638 2193 prudentiae
1663 2148 1769 2181 civilis
1787 2149 1886 2189 caput
1909 2149 1983 2181 est:
2009 2148 2231 2183 definiendum
2255 2151 2368 2194 igitur,

1333 2209 1415 2252 quid
1431 2208 1475 2241 sit
1489 2206 1711 2240 voluntarium
1726 2206 1759 2238 et
1773 2214 1838 2237 non
1851 2204 2084 2239 voluntarium.

1375 2267 1514 2300 Videtur
1528 2275 1604 2307 ergo
1622 2274 1687 2297 non
1705 2263 1929 2297 voluntarium
1942 2272 2012 2296 esse
2033 2263 2068 2297 id
2083 2265 2173 2307 quod
2188 2265 2369 2301 violentum
2414 2276 2416 2280 ’

1335 2328 1384 2359 est
1401 2328 1458 2358 aut
1484 2324 1574 2367 quod
1598 2333 1658 2366 per
1683 2323 1897 2365 ignorantiam
1917 2322 2036 2364 agitur.
2063 2323 2254 2357 Violentum
2267 2334 2364 2366 vero,

1333 2385 1427 2426 cujus
1441 2383 1635 2425 principium
1653 2391 1718 2415 non
1739 2382 1775 2414 in
1802 2384 1916 2423 agente
1945 2384 2012 2423 est,
2040 2382 2099 2415 sed
2122 2383 2236 2422 extra,
2265 2385 2367 2426 atque

1330 2442 1508 2485 ejusmodi,
1527 2443 1566 2474 ut
1589 2441 1672 2473 nihil
1690 2440 1871 2482 adjumenti
1895 2440 2015 2473 afferat
2031 2440 2062 2473 is
2080 2440 2139 2482 qui
2155 2440 2223 2483 agit
2235 2443 2293 2474 aut
2306 2442 2366 2484 qui

1331 2501 1455 2544 patitur
1473 2509 1480 2529 ε
1497 2498 1592 2532 verbi
1618 2498 1722 2540 gratia
1733 2523 1740 2536 ‚
1763 2498 1791 2530 si
1809 2507 1908 2539 quem
1934 2499 2053 2530 ventus
2071 2497 2243 2540 impulerit
2261 2500 2362 2542 atque

1330 2568 1348 2591 e
1363 2558 1433 2590 loco
1452 2557 1487 2590 in
1506 2557 1614 2589 locum
1632 2555 1836 2595 traduxerit,
1858 2555 1955 2587 aliive
1979 2555 2146 2595 homines,
2169 2556 2204 2588 in
2221 2565 2364 2599 quorum

1329 2617 1382 2650 vel
1395 2617 1557 2659 potestate
1575 2623 1707 2652 sumus,
1743 2613 1797 2647 vel
1827 2613 1886 2656 qui
1907 2613 2071 2646 nolentem
2098 2614 2196 2647 etiam
2225 2618 2363 2657 possunt

1327 2675 1503 2718 impellere.
1522 2673 1642 2707 Contra
1661 2680 1740 2705 vero
1761 2671 1983 2704 voluntarium
2000 2671 2036 2704 id
2059 2671 2282 2714 appellamus,
2301 2682 2360 2706 cu-

1325 2734 1380 2776 jus
1396 2733 1431 2765 in
1451 2733 1565 2774 agente
1584 2732 1692 2763 totum
1711 2732 1761 2763 est
1782 2729 1989 2772 principium.
2054 2731 2137 2763 Sunt
2158 2733 2269 2764 autem
2284 2741 2362 2765 non-

1327 2792 1434 2831 nulla,
1453 2800 1529 2833 quae
1544 2790 1674 2833 proprie
1685 2799 1791 2832 neque
1805 2799 1869 2822 non
1885 2789 2069 2822 voluntaria
2084 2788 2159 2827 sint,
2178 2797 2286 2831 neque
2299 2798 2360 2823 vo-

1327 2851 1487 2889 luntaria,
1510 2849 1567 2883 sed
1594 2848 1696 2882 medii
1717 2847 1890 2891 cujusdam
1917 2847 2044 2889 generis
2069 2857 2077 2876 τ
2105 2847 2190 2880 sicut
2219 2856 2258 2881 ea
2283 2856 2360 2890 quae

1326 2910 1418 2942 metu
1440 2907 1573 2950 majoris
1598 2907 1678 2940 mali
1700 2906 1783 2939 fiunt
1811 2907 1869 2939 aut
1897 2905 2029 2939 honesti
2059 2905 2199 2948 alicujus
2226 2907 2325 2940 causa
2345 2917 2356 2940 z

1326 2967 1466 3009 exempli
1484 2966 1607 3008 gratia,
1626 2966 1655 2999 si
1676 2965 1841 2998 hominem
1865 2964 1974 2998 nescio
1996 2973 2096 3007 quem
2120 2964 2280 3006 flagitium
2297 2965 2359 2999 ad-

1326 3027 1456 3059 mittere
1471 3024 1819 3068 jubeattyrannus,in
1842 3023 1937 3065 cujus
1952 3024 2114 3065 potestate
2131 3025 2204 3056 tum
2218 3023 2287 3066 ipse
2299 3024 2354 3064 sit,

1326 3088 1396 3118 tum
1414 3086 1564 3127 parentes
1581 3085 1652 3126 ejus
1671 3085 1704 3116 et
1717 3082 1831 3121 liberi,
1859 3082 1984 3124 quique
2005 3080 2179 3125 facientem
2202 3082 2265 3115 hoc
2279 3091 2355 3116 cum

1324 3144 1394 3177 suis
1415 3143 1568 3176 omnibus
1603 3150 1749 3180 servare,
1775 3150 1840 3174 non
1860 3139 2036 3174 facientem
2056 3142 2167 3173 autem
2190 3140 2294 3183 possit
2313 3139 2357 3174 dc
2390 3155 2396 3159 ·

1322 3202 1430 3235 medio
1447 3202 1571 3235 tollere.
1589 3203 1658 3234 Hoc
1673 3200 1778 3239 enim,
1796 3200 1910 3232 utrum
1931 3200 2045 3241 sponte
2058 3208 2100 3231 an
2115 3199 2217 3232 invite
2228 3199 2354 3232 factum

1324 3262 1383 3302 sit,
1410 3262 1560 3294 dubitare
1590 3261 1676 3294 licet.
1704 3259 1781 3293 Tale
1805 3260 1857 3292 est
1879 3257 1969 3301 quod
1989 3260 2101 3291 coorta
2122 3259 2318 3301 tempestate
2331 3268 2353 3292 a

275 3370 291 3387 *
306 3369 375 3401 Lib.
397 3370 455 3402 111.
476 3378 546 3410 cap.
570 3373 595 3402 1
618 3372 680 3409 Τῆς
697 3371 810 3414 ἀρετῆς
833 3372 871 3410 δὴ
890 3373 963 3414 περὶ
984 3373 1066 3411 πάθη
1087 3385 1122 3404 τε
1144 3375 1197 3405 καὶ
1215 3375 1340 3416 πράξεις
1357 3376 1425 3407 κτλ.
1460 3392 1492 3398 -
1510 3374 1544 3392 *¹*
1560 3377 1657 3406 Δοκεῖ
1681 3374 1716 3406 δὲ
1735 3373 1870 3405 ἀκούσια
1900 3372 1981 3405 εἶναι
1998 3373 2066 3406 κτλ.
2094 3389 2136 3396 --
2155 3372 2212 3391 ***
2232 3372 2354 3410 Βίαιυν

230 3416 264 3448 δὲ
284 3416 320 3448 οὗ
337 3418 356 3455 ἡ
375 3417 455 3458 ἀρχὴ
469 3418 537 3449 κτλ

1246 3480 1323 3519 348
