2528 3788
270 252 359 293 208

267 342 327 387 τ’ῆς
359 337 551 388 ἐπιστήμης
571 337 697 384 ταύτης
717 335 907 377 τελείωσιν.

268 415 335 438 των
355 398 516 448 νεώτερός
537 398 627 435 ἐστιν
650 395 854 443 Εὐκλείδης.

323 457 506 508 (Proclus
533 456 574 493 in
600 455 749 494 Euclid.
781 469 822 506 p.
853 469 899 505 ¹9
931 455 994 496 ed.
1024 457 1111 498 Bas.
1146 456 1205 497 Cf.
1231 457 1302 495 Fa-

267 515 408 554 bricius
428 512 531 551 Bibl.
548 512 670 550 Graec.
685 512 770 552 vol.
794 512 830 550 11
851 527 891 564 p.
916 514 1106 554 385-386.
1128 515 1301 566 Scripsi.

266 589 287 613 a
312 573 380 625 χρὴ
402 571 463 616 τὰς
483 572 593 624 ἀρχὰς
613 571 672 610 καὶ
691 573 759 609 τῶν
778 573 910 623 τεχνῶν
930 572 990 610 καὶ
1009 576 1078 612 τῶν
1103 574 1303 623 ἐπιστημῶν

266 632 366 684 πρὸς]
403 644 425 669 e
457 631 589 668 codice
631 630 852 669 Monacensi
892 631 995 682 apud
1030 633 1301 684 Spengelium·
1291 663 1301 683 ,

267 692 384 741 vulgo
400 690 469 742 χρὴ
493 689 551 728 καὶ
567 688 627 733 τὰς
646 689 755 742 ἀρχὰς
773 692 842 728 τῶν
865 692 997 742 τεχνῶν
1018 690 1115 742 πρὸς.
1135 691 1217 721 —·¹’
1238 707 1302 729 πα-

267 748 525 804 ραμετρήσεως]
547 762 568 787 e
591 749 677 789 cod.
700 748 861 797 Mona03
882 750 1000 799 vulgo
1021 750 1301 802 ἀναμετρήσεως.

263 831 318 842 -
340 816 354 833 ⁰
384 809 453 847 ἀπὸ
474 808 597 847 τούτου
625 808 682 847 ἐπὶ
699 812 776 847 νοῦν
795 812 817 856 ἡ
842 809 1049 861 μετάὸασις]
1070 823 1092 848 e
1113 811 1199 852 cod.
1216 811 1304 849 Mo-

266 883 354 918 nac3
385 869 504 918 vulgo
530 866 600 907 ἀπὸ
635 870 696 915 τῆς
727 869 749 914 ἡ
784 868 989 918 μετάὸασις.
1021 892 1074 902 -.-
1105 868 1123 892 ‘¹
1157 870 1302 922 πρῶτος]

965 338 1018 377 Οὔ
1042 337 1130 376 πολὺ
1160 336 1197 376 δὲ
1220 338 1300 376 τού-

267 928 380 967 codd.
401 929 554 978 πρῶτον.
577 949 628 955 —-
646 931 659 947 ⁰
679 928 725 971 ὡς
744 927 979 980 ἐφαψάμενος]
999 941 1086 966 cum
1107 927 1303 980 Fabrici03

266 986 385 1036 vulgo
405 985 440 1029 ὃς
460 985 694 1039 ἐφαψάμενος.
720 1009 774 1015 -
791 985 804 1009 ¹
825 989 870 1030 ὡς
891 985 946 1025 ἐπὶ
973 986 1168 1040 γεωμετρίᾳ
1189 960 1303 1043 δόξαν]

267 1059 353 1083 cum
379 1045 581 1093 Fabricio3
609 1045 705 1084 falso
724 1045 787 1085 ed.
820 1045 908 1085 Bas.
934 1047 980 1090 ὥς
1005 1045 1062 1084 ἐπὶ
1092 1047 1306 1100 γεωμετρίας

267 1103 365 1147 δόξαν
394 1114 432 1142 et
459 1103 546 1143 cod.
578 1104 684 1143 Mon.
717 1106 763 1147 ὡς
798 1103 854 1143 ἐπὶ
874 1105 1092 1157 γεωμετρίαν
1115 1105 1228 1151 δόξαν.
1252 1130 1304 1136 -

265 1168 281 1190 Β
304 1161 499 1215 ἀναλόγων]
521 1175 542 1200 e
566 1163 652 1200 cod.
681 1163 812 1201 nescio
833 1176 911 1213 quo
938 1164 1040 1214 apud
1066 1163 1305 1214 Fabricium3

267 1221 385 1271 vulgo
406 1221 554 1273 ἀλόγων.
567 1243 621 1251 -
633 1222 652 1247 ¹¹
664 1222 803 1259 πολλῶν
820 1220 976 1274 ἐφήψατο
991 1223 1058 1260 τῶν
1073 1221 1164 1260 κατὰ
1177 1239 1307 1275 γεωμε·

266 1280 377 1332 τρίαν]
397 1293 419 1318 e
438 1280 524 1319 cod.
550 1280 709 1328 Monac3
727 1280 846 1329 vulgo
878 1281 1017 1318 πολλῶν
1039 1279 1197 1333 ἐφήψατο
1215 1281 1306 1321 κατὰ

265 1338 500 1391 γεωμετρίαν.
523 1337 607 1368 ——i
632 1342 650 1378 ὁ
673 1338 731 1377 τὸν
750 1342 810 1377 τοῦ
837 1338 1006 1389 μηνίσκου
1025 1340 1306 1391 τετραγωνισμὸν

266 1398 389 1451 εὑρών,
413 1397 472 1435 καὶ
493 1398 675 1449 Θεόδωρος
698 1400 716 1435 ὁ
741 1398 952 1449 Κυρηναῖος]
973 1398 1054 1435 haec
1073 1397 1195 1436 verba
1214 1399 1308 1437 desi-

266 1457 450 1495 derantur
475 1456 518 1493 in
544 1455 676 1493 codice
695 1457 931 1502 Monacensi,
961 1469 1005 1493 ac
1026 1455 1192 1494 delenda
1217 1467 1308 1495 sunt

265 1516 342 1562 hic,
367 1528 486 1565 quum
507 1527 555 1552 ex
571 1514 827 1552 inferioribus
849 1515 947 1551 male
966 1514 1042 1552 huc
1062 1514 1306 1565 irrepserint,

266 1584 397 1627 utpote
415 1587 501 1624 quae
520 1572 771 1624 sequentibus
791 1581 939 1611 tantum
957 1574 1207 1614 conveniant.
1227 1575 1308 1614 Cae-

266 1643 389 1672 terum
411 1631 609 1670 FabrIcius
635 1631 778 1670 vitiose
805 1630 867 1679 τὴν
898 1635 958 1670 τοῦ
981 1631 1152 1682 μηνίσκου
1181 1648 1309 1687 τετρα-

265 1691 439 1744 γωνισμόν
457 1691 629 1742 scripsit.
650 1690 840 1729 Nimirum
860 1691 1110 1742 Anaxagoras
1130 1701 1168 1730 et
1186 1692 1307 1732 (Eno-

264 1752 388 1804 pides,
423 1764 503 1789 non
535 1749 766 1788 Theodorus
800 1763 824 1788 a
849 1750 1013 1789 Platone
1047 1751 1164 1790 initio
1196 1751 1308 1790 istius

265 1811 408 1862 dialogi
425 1818 789 1848 commemorantur.
807 1809 870 1848 Sic
886 1812 988 1848 enim
1004 1810 1130 1850 Rival.
1148 1824 1192 1862 p.
1218 1824 1233 1847 1
1244 1811 1306 1850 32.

265 1883 300 1910 a.
325 1867 529 1921 ἓφαινέσθην
555 1866 672 1917 μέντοι
691 1865 714 1913 ἢ
737 1866 818 1919 περὶ
837 1866 1067 1920 Ἀναξαγόρου
1091 1867 1114 1915 ἢ
1136 1867 1216 1919 περὶ
1240 1870 1309 1907 Οἷ-

266 1929 407 1968 νοπίδου
429 1929 568 1981 ἐρίζειν.
593 1950 645 1956 -
660 1924 690 1952 3
717 1927 768 1980 ἐφ’
791 1920 840 1972 οἷς
869 1926 1108 1981 Ἱπποκράτης
1136 1930 1154 1966 ὁ
1179 1929 1266 1973 Χῖος
1291 1933 1308 1968 ὁ

266 1988 324 2027 τὸν
346 1989 405 2025 τοῦ
427 1984 597 2037 μηνίσκου
618 1985 898 2037 τετραγωνισμὸν
916 1985 1023 2039 εὑρὼν
1049 1986 1109 2025 καὶ
1129 1986 1310 2040 Θεόδωρος

267 2050 285 2086 ὃ
313 2045 507 2098 Κυρηναῖος
534 2044 699 2098 ἐγένοντο
719 2046 803 2097 περὶ
829 2045 1045 2097 γεωμετρίαν
1076 2047 1265 2100 ἐπιφανεῖς]
1289 2062 1310 2087 e

268 2104 482 2151 codicibus,
522 2113 654 2156 spreta
685 2103 851 2143 Fabricii
887 2105 1109 2156 conjectura
1141 2107 1208 2157 qui
1247 2121 1310 2146 ex-

267 2174 412 2218 puncta
438 2164 738 2216 interpositione
765 2163 816 2214 ἐφ’
844 2158 893 2208 οἶς
921 2163 1155 2217 Ἱπποκράτης
1184 2169 1201 2204 ὁ
1222 2167 1310 2211 Χῖος

268 2224 401 2277 ἐγένετο
422 2223 503 2276 περὶ
529 2223 747 2277 γεωμετρίαν
781 2222 958 2275 ἐπιφανεὶς
978 2225 1122 2275 posuit.
1147 2245 1200 2254 —-
1221 2223 1231 2248 ¹
1252 2226 1310 2264 ἐπὶ

268 2283 418 2332 τούτοις]
447 2297 468 2320 e
489 2283 576 2322 cod.
605 2282 742 2320 Monac
759 2295 770 2330 3
789 2282 850 2320 ed.
870 2282 956 2320 Bas.
986 2281 1107 2320 τούτου
1124 2313 1134 2331 ,
1152 2283 1304 2323 Fabric.

268 2342 382 2377 τοῦτο.
403 2359 457 2366 -
476 2342 502 2358 ²³¹
521 2335 600 2388 περὶ
619 2335 742 2388 αὐτὴν]
762 2349 849 2373 cum
875 2335 1027 2375 Fabric.
1049 2345 1086 2374 et
1101 2336 1162 2376 ed.
1192 2337 1307 2377 Basu
1296 2367 1308 2386 ,

271 2397 358 2437 cod.
380 2396 534 2435 Monac.
558 2393 661 2435 αὐτὰ,
685 2417 737 2424 -
757 2399 774 2416 n
790 2394 825 2438 ὅς
840 2395 923 2447 που]
939 2408 960 2433 e
987 2395 1073 2433 cod.
1103 2395 1252 2436 Monac.
1273 2406 1311 2436 et

269 2457 333 2496 ed.
354 2457 440 2495 Bas.
458 2471 468 2503 3
500 2454 650 2493 Fabric.
678 2453 723 2498 ὥς
743 2469 824 2494 που.
846 2475 899 2483 -
916 2462 934 2482 ⁰
958 2460 1142 2507 πανταχοῦ
1164 2455 1204 2494 τὸ
1231 2457 1311 2509 περὶ

272 2514 379 2561 αὖτὴν
401 2518 520 2564 θαῦμα
537 2517 606 2552 τῶν
628 2513 831 2567 φιλοσοφίας
847 2513 1086 2565 ἀντεχομένων
1106 2514 1308 2568 ἐπεγείρων]

271 2586 292 2611 e
316 2573 402 2613 cod,
433 2574 585 2612 Monac.
609 2573 683 2610 nisi
708 2573 814 2623 quod
846 2585 933 2611 meo
952 2573 1076 2612 Marte
1108 2574 1218 2621 αὐτὴν
1246 2587 1310 2615 re-

271 2632 401 2679 stitui3
418 2632 537 2680 vulgo
563 2635 745 2683 πανταχοῦ
764 2631 803 2669 τὸ
818 2631 899 2683 περὶ
921 2631 1011 2670 αὐτὰ
1030 2632 1231 2683 θαυμαστὸν
1250 2649 1310 2687 φι-

271 2689 435 2742 λοσοφίας
465 2689 695 2742 ἀντεχόμενον
724 2689 927 2742 ἐπεγείρων.
955 2713 1008 2721 -·
1025 2697 1041 2722 P
1070 2692 1266 2742 Λεωδάμας
1294 2696 1311 2732 ὁ

274 2749 420 2800 Θάσιος]
437 2762 457 2787 c
474 2750 560 2787 cod·
583 2749 750 2798 Monac.,
763 2758 800 2787 et
814 2750 875 2788 ed.
895 2751 983 2789 Bas.
998 2763 1008 2800 3
1024 2751 1164 2790 vitiose
1177 2751 1312 2789 Fabri-

273 2809 357 2847 cIus
384 2807 570 2857 Λεοδάμας
596 2810 614 2846 ὁ
630 2808 773 2852 Θάσιος.
795 2831 846 2837 --
873 2813 890 2838 ‘1
915 2809 1111 2861 διορισμοὺς
1139 2810 1270 2863 εὑρεῖν]
1291 2824 1313 2849 e

275 2867 362 2905 cod.
384 2867 558 2914 Monac.;
581 2867 699 2916 vulgo
721 2867 897 2919 διορισμὸν
914 2870 1036 2919 εὑρεῖν.
1054 2868 1138 2898 —'²
1156 2869 1308 2922 ἑταῖρος]

273 2937 359 2964 cum
377 2924 557 2964 Fabricio
581 2933 618 2964 et
636 2925 695 2964 ed.
712 2926 798 2965 Bas.
814 2941 823 2973 3
841 2926 927 2966 cod.
947 2927 1097 2967 Monac.
1111 2926 1238 2980 ἕτερος.
1259 2949 1311 2958 --

316 3058 366 3089 85.
391 3053 427 3087 Si
446 3053 522 3086 duae
534 3054 634 3087 rectae
647 3053 742 3086 lineae
758 3063 793 3086 se
806 3054 947 3087 invicem
964 3056 1146 3095 secuerint,
1165 3038 1310 3098 anguIOS,

276 3112 334 3154 qui
350 3114 428 3147 eunt
449 3113 492 3146 ad
509 3110 683 3152 verticem,
708 3113 852 3155 aequales
870 3113 956 3147 inter
974 3123 1010 3148 se
1025 3115 1173 3149 reddent.

315 3174 387 3206 Hoc
405 3172 506 3214 igitur
530 3172 700 3205 theorema
715 3172 877 3211 declarat,
904 3173 933 3206 si
955 3174 1031 3207 duae
1044 3176 1144 3208 rectae
1160 3175 1256 3209 lineae
1279 3185 1314 3209 se

275 3232 416 3266 invicem
431 3230 611 3270 secuerint,
630 3231 782 3273 angulos,
804 3232 863 3274 qui
881 3234 958 3264 sunt
974 3232 1017 3266 ad
1039 3234 1214 3274 verticem,
1243 3244 1315 3269 esse

275 3290 441 3333 aequales,
468 3289 644 3323 inventum
668 3289 804 3333 quidem
838 3290 932 3330 illud,
953 3293 992 3324 ut
1013 3292 1059 3324 ait
1083 3292 1262 3333 Eudemus,
1295 3303 1315 3326 a

275 3350 410 3383 Thalete
442 3349 565 3392 primo,
603 3349 661 3383 sed
690 3348 969 3383 demonstratiOne
1000 3350 1144 3385 scientias
1185 3353 1315 3395 propria

277 3408 412 3449 dignum
432 3407 585 3441 habitum
607 3407 644 3441 in
672 3408 744 3450 eJus
770 3407 881 3447 libris,
915 3408 975 3451 qui
1006 3409 1316 3442 mathematicorum

280 3468 369 3502 initia
387 3466 533 3501 tradidit.
855 3454 858 3458 ”

923 247 1123 289 EUDEMI
1150 247 1330 290 RHODII
1358 247 1712 289 PERIPATETICI

1364 341 1378 361 ι
1392 338 1436 377 τὰ
1449 353 1492 375 πε
1498 337 1529 390 pl
1543 335 1607 384 τὴν
1622 334 1749 388 τομὴν]
1770 348 1858 373 cum
1871 329 2048 384 Fabricio
2061 347 2100 377 et
2116 338 2202 380 cod.
2217 338 2398 388 Monam&

1364 397 1427 436 ed.
1451 397 1533 435 Bas.
1562 394 1606 434 τὰ
1626 394 1688 441 τὴν
1711 392 1839 445 τομὴν.
1862 415 1915 424 -
1932 393 1945 418 ¹
1964 395 2182 451 Μέναιχμος]
2201 410 2288 436 cum
2315 395 2426 436 ΡΗ·
2464 411 2477 437 J

1839 454 1924 492 cod.
1967 454 2119 495 Monac.
2170 455 2402 508 Mdvoetxgm'ssz·
2471 511 2478 525 γ

1365 456 1464 494 bric.
1501 463 1537 492 et
1574 454 1635 492 ed.
1683 455 1796 500 Bas.;

1362 536 1418 544 —
1435 513 1615 556 “Θεύδιος
1641 511 1677 550 δὲ
1698 514 1715 549 ὁ
1737 512 1900 565 Μάγνης]
1927 526 2012 552 cum
2042 513 2220 553 Fabricio
2244 522 2284 553 et
2300 512 2390 554 cod.

1365 572 1541 618 Monac.;
1570 571 1632 611 ed.
1653 571 1738 610 Bas.
1759 570 1905 614 Θεύδιος
1931 573 1949 609 ὁ
1969 571 2231 623 Μάγνης,-’
2256 571 2399 643 Q

1366 643 1451 668 cum
1482 629 1659 667 Fabricio
1681 638 1718 668 et
1740 630 1802 669 ed.
1826 630 1927 679 Bas.;
1949 630 2035 669 cod.
2056 633 2221 670 Monac.
2234 630 2399 683 μιρυῦν.

1364 709 1418 719 -
1436 695 1454 711 ¹
1477 687 1661 742 Αθήναιος]
1685 702 1771 727 cum
1793 688 1993 737 Fabricio,
2024 689 2120 728 falso
2135 689 2223 730 cod.
2251 686 2401 730 m

1366 756 1409 785 et
1420 748 1483 786 ed.
1507 747 1593 786 Bas.
1614 746 1806 794 Ἀθηναῖος.
1824 769 1877 777 -
1893 754 1907 777 ¹
1922 746 2091 800 ἐπιφανὴς
2107 746 2256 800 ἐγένετο]
2275 745 2403 791 00⁰&

1366 807 1531 845 Monac.-
1523 807 1749 855 ,Fabricius
1769 816 1807 845 et
1826 807 1887 845 ed.
1920 809 2009 847 Bas.
2030 806 2232 858 καταφανὴς
2251 804 2399 857 affluo:

1437 868 1524 905 ‘im'
1547 865 1711 918 Εὐδόξου]
1739 879 1760 904 e
1780 865 1866 904 cod.
1885 865 2061 912 Monac.;
2086 867 2203 916 vulgo
2221 863 2310 918 ὑπὲρ
2328 862 2405 905 Εὗ-

1366 924 1475 971 δόξου.
1491 947 1544 956 —
1558 929 1590 949 ⁸⁰
1605 925 1800 977 Μεδμαῒος]
1813 939 1900 964 cum
1916 925 2112 974 Fabricio,
2129 925 2233 964 conf.
2247 923 2402 963 Martia.

1367 984 1414 1022 ad
1436 984 1589 1024 Theon
1618 984 1776 1036 Smyrn.
1804 998 1844 1036 p.
1870 992 1941 1032 423
1971 986 2114 1024 vitiose
2135 985 2195 1024 ed.
2226 985 2312 1023 Bas.
2337 998 2405 1034 με·-

1366 1048 1461 1087 ταῖος
1478 1051 1515 1080 et
1535 1044 1619 1081 cod.
1646 1043 1797 1082 Monac.
1821 1043 1896 1093 μὲν,
1916 1046 2026 1090 ταῖος,
2049 1043 2118 1082 sed
2140 1043 2419 1096 super-seripho·

1369 1103 1402 1150 8,
1429 1111 1471 1140 ut
1499 1103 1548 1140 sit
1576 1103 1763 1146 Μενδαῖος.
1786 1125 1839 1133 -
1858 1102 1894 1126 ¹¹⁶
1925 1103 1987 1156 εἷς]
2020 1116 2042 1141 e
2070 1103 2201 1142 codice
2234 1102 2401 1151 Monac.,

1368 1176 1483 1214 quam
1501 1163 1706 1201 lectionem
1724 1157 1839 1200 etiam
1861 1162 2061 1200 Fabricius
2081 1162 2220 1210 habet3
2226 1161 2308 1205 ed.
2318 1161 2404 1200 Bas.

1367 1224 1428 1266 ὡς
1450 1222 1565 1267 Quod
1581 1222 1772 1272 reliquum
1790 1230 1872 1269 est,
1891 1221 2028 1259 Suidas
2048 1219 2237 1271 μηνίσκους
2256 1220 2407 1258 laamas

1368 1294 1391 1318 a
1414 1281 1658 1332 philosophis
1677 1280 1811 1318 vocari
1828 1279 1963 1318 scribit
1991 1278 2035 1317 τὰ
2054 1282 2117 1318 τοῦ
2149 1277 2279 1318 κύκλου
2304 1276 2406 1330 eust-'-

1370 1354 1466 1388 ματα
1485 1342 1614 1375 circuli
1640 1346 1848 1388 segmenta.
1871 1337 2004 1376 Possis
2028 1337 2145 1376 etiam
2158 1337 2415 1376 semia-treuvas*
2478 1328 2480 1330 V
2515 1336 2521 1339 ’

1369 1398 1469 1435 1nte1
1472 1397 1634 1448 pietali
1655 1395 1665 1448 )

1427 1469 1475 1495 85.
1509 1453 1595 1494 Ἐὰν
1617 1453 1678 1494 δύο
1698 1456 1828 1494 εὐθεῖαι
1846 1454 2017 1504 τέμνωσιν
2039 1454 2209 1504 ἀλλήλας,
2237 1454 2308 1500 τὰς
2316 1427 2427 1496 mv&—
2488 1479 2501 1496 ω

1369 1516 1523 1570 κορυφὴν
1543 1514 1687 1612 γωνίαςΙ
1688 1514 1769 1560 ἴσας
1790 1514 1961 1562 ἀλλήλαις
1979 1514 2178 1563 ποιήσουσι.

1430 1575 1687 1627 (Euclides‚l
1693 1604 1702 1622 ‚
1729 1574 1806 1626 15).
2053 1607 2057 1610 .

1423 1636 1534 1673 Ἰοῧτο
1571 1634 1687 1673 τοίνυν
1721 1633 1761 1672 τὸ
1786 1633 1951 1686 θεώρημα
1980 1632 2168 1683 δείκνυσιν,
2189 1634 2242 1672 ὅτι
2268 1632 2410 1673 δύοοῦ-

1372 1695 1470 1733 θειῶν
1502 1692 1658 1739 ἀλλήλας
1690 1695 1892 1743 τεμνουσῶν
1924 1694 1959 1731 αἱ
1987 1692 2080 1732 κατὰ
2109 1691 2261 1745 κορυφὴν
2287 1691 2410 1743 γωνίαι

1369 1751 1446 1790 ἰ’σαι
1473 1750 1574 1801 εἰσίν,
1610 1749 1799 1802 εὑρημένον
1830 1750 1911 1802 μέν,
1945 1750 1991 1795 ὥς
2019 1765 2124 1803 φησιν
2153 1749 2316 1802 Εὔδημος
2343 1749 2411 1790 ὑπὸ

1371 1810 1494 1849 Θαλοῦ
1528 1808 1688 1862 πρώτου,
1729 1811 1791 1855 τῆς
1825 1807 1861 1847 δὲ
1894 1809 2169 1859 ἐπιστημονικῆς
2202 1806 2411 1853 ἀποδείξεως

1370 1867 1558 1918 ἠξιωμένον
1579 1867 1676 1921 παρὰ
1696 1869 1745 1905 τῶ
1772 1871 1995 1920 στοιχειωτῇ.

1414 1928 1609 1979 (Proclus
1628 1941 1665 1978 p.
1685 1925 1765 1977 79).

1424 1999 1475 2026 86.
1507 1985 1603 2037 Πρὸς
1622 1988 1665 2037 τῇ
1688 1983 1827 2037 δοθείσῃ
1844 1983 1959 2038 εὖθεία
1980 1983 2040 2023 καὶ
2059 1985 2111 2037 τῷ
2131 1983 2216 2037 πρὸς
2234 1983 2323 2036 αὖτῇ
2347 1965 2410 2031 ση-

1372 2044 1460 2099 μείω
1479 2048 1522 2098 τῇ
1543 2043 1679 2095 δοθείσῃ
1707 2043 1945 2097 εὐθυγράμμῳ
1972 2043 2084 2097 γωνία
2102 2042 2184 2091 ἴσην
2202 2042 2331 2096 γωνίαν
2350 2043 2408 2082 εὖ·

1372 2104 1576 2157 θύγραμμον
1599 2102 1857 2150 συστήσασθαι.

1426 2162 1635 2215 (Euclides,
1662 2162 1695 2211 Ι,
1701 2160 1799 2232 m23.)

1428 2219 1630 2273 Πρόὸλημα
1661 2234 1763 2259 τουτο
1791 2217 1981 2259 Οἰνοπίδου
2011 2217 2074 2269 μὲν
2099 2217 2236 2272 εὕρημα
2259 2217 2412 2269 μᾶλλω.

1372 2278 1419 2324 ὥς
1439 2294 1542 2332 φησιν
1564 2276 1742 2330 Εὔδημος.

1429 2337 1610 2390 (Proclus
1631 2351 1673 2389 p.
1703 2338 1766 2385 87.
1786 2336 1842 2374 De
1867 2335 2060 2387 OEnopide
2078 2335 2246 2374 uberius
2258 2334 2412 2378 disserit
2447 2347 2453 2367 ·.
2492 2306 2528 2319 :-

1378 2397 1581 2446 Menagius
1603 2391 1650 2434 ad
1665 2394 1834 2446 Diog.1
1835 2397 1928 2435 aert.
1951 2394 2016 2443 IX,
2038 2394 2102 2443 37.
2106 2396 2117 2447 )

1426 2469 1474 2495 87.
1507 2454 1591 2493 Ἐὰν
1609 2454 1668 2493 δύο
1688 2454 1842 2506 τρίγωνα
1862 2452 1923 2498 τὰς
1941 2454 2001 2492 δύο
2015 2453 2144 2504 γωνίας
2157 2457 2233 2497 ταῖς
2253 2451 2332 2492 δυσὶ
2345 2467 2413 2504 γω-

1372 2513 1459 2558 νίαις
1477 2513 1554 2557 ἴσας
1590 2513 1654 2566 ἔχῃ
1682 2512 1849 2565 ἑκατέραν
1881 2511 2050 2565 ἑκατέρᾳ,
2075 2511 2139 2564 ἔχῃ
2171 2509 2208 2550 δὲ
2238 2510 2297 2550 καὶ
2328 2513 2411 2561 μίαν

1373 2571 1526 2625 πλευρὰν
1549 2577 1613 2626 μιᾷ
1637 2573 1771 2624 πλευρᾷ
1792 2570 1891 2620 ἴσην,
1921 2570 1998 2619 ἤτοι
2024 2570 2088 2618 τὴν
2108 2570 2192 2624 πρὸς
2221 2572 2297 2614 ταῖς
2319 2568 2413 2615 ἴσαις
2450 2599 2466 2616 ,Α
2518 2558 2528 2591 '⁵-

1373 2631 1552 2684 γωνίαιςῆ
1574 2631 1637 2680 τὴν
1659 2630 1907 2670 ὑποτείνουσαν
1936 2629 2003 2669 ὑπὸ
2023 2628 2106 2680 μίαν
2133 2631 2202 2668 τῶν
2225 2627 2311 2668 ἴσων
2337 2645 2413 2682 γω-

1374 2694 1467 2740 νιῶν,
1489 2690 1549 2730 καὶ
1575 2691 1637 2735 τὰς
1663 2690 1785 2734 λοιπὰς
1811 2689 1964 2743 πλευρὰς
1985 2693 2060 2733 ταῖς
2087 2689 2227 2733 λοιπαῖς
2246 2690 2412 2742 πλευραῖς

1373 2750 1452 2794 ἴσας
1474 2750 1540 2796 ἕξει
1555 2749 1722 2802 ἑκατέραν
1737 2748 1899 2802 ἑκατέρᾳ,
1923 2748 1984 2787 καὶ
1997 2747 2059 2795 τὴν
2080 2746 2208 2795 λοιπὴν
2222 2747 2350 2801 γωνίαν
2363 2751 2407 2801 τῇ

1372 2809 1478 2862 λοιπῇ
1495 2807 1601 2862 γωνίᾳ
1620 2810 1716 2856 ἴσην.

1428 2867 1623 2921 (Euclides
1658 2868 1689 2917 Ι,
1727 2868 1793 2906 26.
1824 2867 1986 2905 Proclus
2021 2879 2059 2917 p.
2089 2879 2139 2916 92
2169 2869 2324 2904 τοσαῦτα
2345 2865 2409 2904 καὶ

1373 2927 1457 2981 πρὸς
1492 2926 1555 2974 τὴν
1586 2929 1654 2966 τῶν
1683 2924 1921 2980 προκειμένων
1951 2924 2133 2978 ἀκρίὸειαν
2166 2926 2184 2963 ὃ
2211 2922 2406 2977 Πορφύριος

1417 3060 1468 3091 86.
1492 3058 1594 3090 Juxta
1610 3056 1723 3090 datam
1737 3057 1862 3089 rectam
1879 3053 2000 3088 lineam
2025 3055 2059 3088 et
2076 3055 2238 3097 punctum
2258 3051 2291 3087 ci
2309 3043 2413 3096 appo-

1374 3115 1476 3150 situm
1495 3115 1573 3149 dato
1600 3116 1766 3148 rectarum
1791 3112 1952 3147 linearum
1977 3111 2096 3154 angulo
2115 3111 2253 3155 aequans
2274 3110 2414 3196 angulus

1374 3176 1407 3208 et
1421 3175 1492 3218 ipse
1509 3172 1610 3208 rectis
1627 3173 1721 3207 lineis
1736 3173 1889 3206 constans
1906 3170 2123 3205 describatur.

1414 3234 1588 3268 Problema
1618 3233 1682 3266 hoc
1696 3230 1868 3275 OEnopidia
1889 3230 2000 3274 potius
2017 3230 2190 3264 inventum
2215 3232 2287 3270 est,
2312 3229 2351 3262 ut
2366 3227 2414 3263 ait

1375 3292 1553 3326 Eudemus.

1417 3354 1467 3385 87.
1491 3351 1525 3385 Si
1544 3351 1611 3384 duo
1645 3349 1808 3392 triangula
1838 3348 1922 3382 duos
1958 3348 2095 3389 angulos
2122 3347 2254 3381 duobus
2284 3344 2415 3389 angulis

1376 3410 1518 3443 alterum
1538 3410 1635 3443 alteri
1661 3409 1805 3452 aequales
1822 3408 1960 3447 habent,
1986 3416 2089 3439 unum
2111 3415 2191 3440 vero
2206 3405 2307 3439 etiam
2324 3405 2415 3438 latus
2479 3429 2483 3432 ,
2499 3434 2502 3435 ⁷

1376 3467 1498 3505 habent
1532 3469 1590 3503 uui
1613 3468 1710 3502 lateri
1732 3467 1875 3511 aequale,
1909 3466 1979 3501 sive
1999 3465 2085 3499 illud
2110 3464 2202 3508 quod
2228 3462 2414 3507 aequalibus

2518 3526 2525 3534 .‹
2510 3411 2528 3491 ,enlm
