2528 3788
391 491 396 494 -
443 448 848 512 ΑΛΒΙΝΟΥ

179 599 455 650 ΕΙΣΔΓΩΓΗ
489 599 580 647 ΕΙΣ
614 605 757 648 ΤΟΥΣ
794 606 1104 650 ΠΛΑΤΩΝΟΣ

467 735 815 776 ΔΙΑΛΟΓΟΥΣ.

525 871 750 888 Μ...-

170 1006 207 1047 ᾱ’
211 1007 329 1050 .”οτι
347 1012 364 1037 ¹³
379 1009 430 1062 τῷ
449 1007 651 1062 με’λλοντι’
636 1025 709 1048 εντε
696 1008 852 1054 εὔξεσθαι
871 1010 943 1055 τοῖς
969 1010 1163 1055 Πλάτωνος

58 1020 290 1125 διαλόγοις
308 1067 481 1122 προσήκει
508 1069 675 1124 πρότερον
705 1069 915 1110 ἐπίστασθαι
935 1070 1020 1108 αὐτὸ
1038 1085 1141 1109 τουτο
1153 1101 1164 1122 ,

115 1126 152 1168 τί
167 1127 256 1171 ποτέ
271 1129 367 1169 ἐστιν
380 1129 400 1167 6
413 1126 585 1181 διάλογος.
640 1127 733 1168 Οὔτε
753 1128 858 1182 γὰρ”
836 1145 917 1168 ανευ
933 1129 1059 1182 τέχνης
1077 1130 1167 1174 τινὸς

8 1183 9 1186 “
67 1214 70 1215 ⁷
117 1184 376 1240 καὶδυνάμεως
395 1187 634 1245 γεγραμμένοι
654 1189 739 1227 εἰσίν
753 1219 765 1240 ,
785 1188 864 1228 οὔτε
885 1191 1053 1243 τεχνικῶς
1072 1205 1165 1242 γνω-

1011 1248 1045 1288 'A
1052 1248 1166 1302 ρέσκει

118 1246 216 1300 pleat
235 1245 421 1302 ῥᾴδιοντῷ
435 1262 475 1302 γε
497 1247 641 1301 θεωρίας
658 1248 809 1301 ἀπείρως
826 1247 955 1302 ἔχοντι.

64 1312 72 1320 ”
119 1305 157 1346 δὲ
175 1307 226 1358 τῷ
253 1304 433 1360 φιλοσόφῳ
450 1306 533 1360 περὶ
552 1306 682 1351 παντὸς
702 1309 901 1348 οὑτινοσοῦν
922 1314 937 1333 ‘²
957 1307 1021 1356 τὴν
1044 1307 1165 1361 σκέψιν

119 1362 326 1416 ποιούμενον
354 1363 419 1412 τὴν
451 1364 573 1403 οὐσίαν
615 1370 676 1405 του
721 1365 927 1418 πράγματος
975 1366 1166 1415 ἐξετάζειν,

118 1423 242 1463 ἔπειτα
261 1421 298 1463 τί
311 1426 415 1463 τοῦτο
433 1423 450 1448 ‘¹
470 1422 636 1470 δύναται,
657 1423 717 1463 καὶ
734 1425 769 1463 τί
790 1424 864 1476 μή,
885 1425 998 1486 πρὸςω
991 1425 1025 1472 ὅ,
1045 1429 1110 1463 τιθ
1129 1441 1167 1464 τε

116 1481 291 1536 χρήσιμον
302 1481 442 1556 πέφυκε
461 1481 522 1523 καὶ
539 1482 626 1537 πρὸς
642 1482 661 1521 ὃ
681 1482 744 1534 μή.
802 1482 907 1533 Λέγει
920 1483 957 1522 δὲ
971 1477 1057 1522 ὡδε-
1078 1485 1167 1537 Περι

118 1541 270 1589 παντός,
298 1557 329 1580 ω
347 1546 432 1590 παῖ,
454 1540 519 1592 μία
540 1541 635 1595 ἀρχὴ
655 1542 724 1586 τοῖς
747 1541 914 1593 μέλλουσι
940 1543 1056 1586 καλῶς
1083 1544 1166 1593 βου-

116 1600 300 1644 λεύεσθαι·
320 1600 490 1640 εἰδέναι
470 1606 522 1641 οεῖ
542 1601 623 1653 περὶ
642 1595 681 1640 οὗ
702 1600 744 1640 ἂν
765 1600 777 1625 ¹
795 1605 816 1654 ᾐ
838 1604 858 1649 ἡ
885 1602 1015 1654 βουλή,
1039 1601 1062 1649 ἢ
1088 1601 1168 1654 περὶ

117 1664 137 1692 ⁸
154 1661 258 1700 τοῦτο
276 1658 494 1713 ἅμαρτάνειν
513 1661 667 1712 ἀνάγκη·
693 1660 773 1705 τοὺς
794 1660 831 1700 δὲ
851 1660 998 1706 πολλοὺς
1024 1661 1167 1707 λέληθεν

117 1717 172 1759 ὅτι
188 1720 254 1760 οὔκ
269 1716 370 1759 ἴσασι
389 1718 453 1767 τὴν
473 1717 594 1759 οὐσίαν
618 1719 779 1761 ἑκάστου.
838 1719 905 1765 ςΩς
930 1715 989 1759 οῧν
1007 1720 1136 1764 εἰδότες
1150 1718 1168 1742 ¹¹

123 1777 201 1820 οιιι
219 1780 505 1832 διομολογουνται
525 1779 604 1818 ἐν’
584 1782 677 1833 αρχῇ
696 1783 760 1828 τ’ἧς
782 1780 957 1834 σκέψεως,
977 1779 1167 1832 προελθόν-

75 1876 84 1883 ,
117 1853 176 1883 τις
189 1836 228 1879 δὲ
243 1837 284 1877 τὸ
305 1837 397 1883 εἰκὸς
415 1836 659 1878 ἅποδιδόασιψ
681 1837 760 1877 οὔτε
777 1838 845 1892 γὰρ
864 1840 1001 1882 ἑαυτοῖς
1019 1837 1090 1876 οὔτ’
1111 1837 1170 1876 ἄλ-

24 1915 49 1944 ‹st
118 1899 191 1943 λοις
205 1897 448 1949 ὅμολογουσιν.

505 1894 584 1937 Ἵνα
599 1891 658 1936 ουν
679 1896 730 1948 μὴ
746 1901 848 1938 τοῦτο
867 1897 1033 1948 πάθωμεν
1051 1899 1170 1949 ἐντυγ-

116 1956 286 2010 χάνοντες
303 1961 375 2001 τοῖς
395 1955 588 2001 Πλάτωνος
616 1956 809 2009 διαλόγοις,
832 1955 917 1995 αὗτο
934 1958 1056 2004 τοῦτο,
1082 1954 1168 2008 ὅπερ

117 2015 229 2071 ἔφην,
249 2015 484 2070 σκεψώμεθα,
500 2014 535 2054 τί
549 2030 632 2054 ποτε
622 2015 738 2055 ’ἐστιν
758 2015 777 2039 ¹¹
796 2019 814 2055 6
827 2016 1004 2067 διάλογος.
1062 2013 1170 2055 Ἔστι

119 2074 130 2100 ¹
149 2073 265 2115 τοίνυν
289 2076 354 2115 οὔκ
373 2073 460 2114 ἄλλο
478 2089 535 2124 τι,
552 2074 575 2121 ἢ
595 2074 696 2125 λόγος
725 2075 759 2120 ἐξ
779 2075 981 2128 ἐρωτήσεως
1000 2074 1060 2113 καὶ
1078 2075 1170 2113 ἀπο-

122 2134 272 2188 κρίσεως
296 2133 522 2187 συγκείμενος
541 2132 621 2186 περί
637 2135 664 2151 '¹²
682 2149 774 2179 τινος
795 2136 864 2172 τῶν
893 2135 1083 2173 πολιτικῶν
1107 2128 1168 2171 καὶ

122 2193 321 2248 φιλοσόφων
337 2192 559 2246 πραγμάτοιν
579 2191 671 2243 μετὰ
692 2194 755 2240 τῆς
770 2192 972 2246 πρεπούσης
990 2191 1171 2239 ἠθοποιίας

119 2253 190 2293 τῶν
208 2251 584 2305 παραλαμβανομένων
610 2247 809 2304 προσώπων
828 2251 889 2291 καὶ
907 2254 970 2299 τῆς
989 2251 1078 2290 κατὰ
1107 2251 1170 2300 τὴν

117 2310 209 2359 λέξιν
229 2313 462 2359 κατασκευῆς.

171 2370 342 2426 (Scripsi
360 2383 370 2412 z
387 2375 405 2394 ⁸
420 2370 647 2411 ΑΛΒῙΝΟΥ
662 2369 915 2410 ΕΙΣΑΙῺΓΗ
926 2369 1021 2423 ,ΕΙΣ
1036 2371 1172 2410 ΤΟΥΣ

118 2430 406 2471 ΠΛΑΤΩΝΟΣ
427 2430 720 2470 ΔΙΑΛΟΓΟΥΣ
741 2443 827 2468 cum
858 2429 991 2468 codice
1016 2429 1170 2467 Holste-

116 2489 257 2539 nian05
267 2489 523 2531 ΕΙΣΑῙὩΓΗ
543 2489 631 2529 ΕΙΣ
645 2490 752 2529 ΤΗΝ
766 2489 871 2529 ΤΟΥ
888 2489 1171 2528 ΠΛΑΤΩΝΟΣ

1620 456 1765 514 ALB
1776 458 1798 514 Ι
1811 459 1851 515 Ν
1865 458 1887 516 l

1434 600 1678 647 lsAGOGE
1711 602 1770 647 IN
1803 602 2082 650 PLATONIS

1593 738 1916 780 DlALOGOS.

1228 1012 1424 1051 RIBAON.
1449 1012 1675 1050 ΑΛΒΙΝΟΥ
1699 1011 1972 1051 ΠΡΟΛΟΓΟΣ
1992 1011 2117 1049 codex
2134 1011 2282 1050 Lobco-

1226 1070 1419 1110 vicianus.
1442 1093 1495 1099 —-
1513 1073 1530 1096 ¹³
1554 1069 1606 1108 ὅτι
1636 1071 1722 1109 cod.
1749 1070 1891 1117 Holst.;
1912 1071 2056 1121 reliqui
2080 1070 2278 1111 omittunt.

1239 1150 1280 1160 ·-
1295 1137 1311 1156 ⁰
1327 1132 1485 1169 οὖτισοῦν
1503 1130 1590 1167 cod.
1609 1129 1663 1178 L;
1685 1129 1816 1174 οὔτινος
1833 1123 1892 1168 οὖν
1911 1130 1997 1168 cod.
2015 1130 2065 1169 H.
2081 1151 2135 1159 —-
2147 1127 2164 1151 ‘¹
2181 1132 2282 1167 τοῦτο

1227 1191 1315 1232 cod.
1335 1190 1391 1238 H;
1412 1184 1510 1234 οὗτος
1530 1189 1616 1230 cod.
1642 1193 1707 1238 L.‚
1721 1190 1789 1228 sed
1809 1191 1850 1227 in
1874 1189 2048 1238 margine
2067 1193 2167 1228 τοῦτο
2185 1202 2207 1227 a
2226 1202 2280 1228 m.

1228 1264 1305 1290 sec.
1337 1273 1390 1280 —
1410 1249 1478 1296 ³6,
1509 1264 1567 1297 τις
1597 1249 1710 1288 codd.
1734 1248 1776 1298 ὅ,
1809 1248 1858 1289 τί.
1878 1270 1931 1279 —
1956 1242 2133 1300 1’περὶοὺ
2154 1247 2196 1286 ἂν
2220 1264 2240 1298 ῃ
2261 1251 2282 1294 ἡ

1196 1328 1202 1341 ·
1230 1308 1338 1362 Βουλή
1360 1322 1408 1348 ex
1429 1308 1528 1347 Plat.
1553 1308 1707 1346 Phaed1.
1730 1323 1771 1360 p.
1789 1309 1886 1356 237·
1877 1337 1888 1356 ,
1910 1306 1991 1360 περὶ
2009 1303 2050 1346 ου
2070 1306 2112 1344 ἂν
2129 1310 2151 1355 ἡ
2175 1305 2283 1358 βουλὴ

1228 1372 1270 1416 ἠν
1290 1368 1377 1408 cod.
1401 1367 1454 1415 L3
1475 1367 1555 1421 περὶ
1576 1370 1615 1406 οὗ
1641 1366 1682 1406 ἂν
1705 1361 1858 1420 boul->1³71
1881 1367 1968 1407 cod.
1992 1367 2024 1404 H
2057 1387 2111 1395 —
2130 1370 2147 1395 8
2165 1364 2284 1418 ἢπερι

1230 1440 1316 1465 cum
1347 1426 1556 1475 Fischer-03
1581 1426 1680 1478 παρὰ
1700 1426 1816 1466 codd.
1838 1448 1892 1456 —
1916 1424 2086 1468 ιἐἰδότες
2116 1433 2159 1463 ut
2181 1425 2284 1477 apud

1229 1487 1430 1525 Platonem
1455 1487 1482 1526 l.
1510 1501 1569 1534 e.;
1591 1487 1653 1525 οὐκ
1672 1486 1797 1529 εἰδότες
1825 1485 1938 1525 codd.
1957 1507 2013 1515 —
2031 1482 2043 1508 ¹
2068 1486 2106 1523 οὔ
2128 1485 2286 1534 διομολο-

1229 1547 1371 1596 γοῦνται
1401 1544 1489 1582 cod.
1513 1544 1558 1585 L.
1587 1554 1625 1583 et
1648 1545 1759 1583 Plato
1789 1545 1816 1584 l.
1854 1558 1897 1592 c;
1922 1545 2005 1583 οὐδὲ
2040 1546 2285 1595 ὁμολογοῦντες

1230 1603 1315 1643 cod.
1340 1603 1389 1641 H.
1411 1626 1465 1633 —
1481 1602 1497 1625 ¹¹
1526 1603 1614 1642 ποτέ
1633 1604 1721 1643 cod.
1754 1604 1808 1652 L;
1836 1605 1915 1642 ποτ’
1940 1603 1988 1644 Η.
2005 1626 2057 1631 -
2080 1601 2090 1625 ¹
2111 1602 2281 1654 διάλογος.

1229 1661 1337 1702 Ἔστι
1359 1663 1446 1702 cod.
1478 1662 1532 1713 L;
1556 1661 1738 1714 διάλογος,
1763 1661 1842 1701 οὐδὲ
1860 1660 1928 1713 γὰρ
1951 1660 2032 1699 ἄνευ
2051 1661 2178 1713 τέχνης
2196 1659 2286 1703 τινὸς

1229 1721 1288 1760 καὶ
1308 1720 1486 1771 δυνάμεώς
1498 1723 1564 1761 εἶσι
1580 1721 1834 1774 γεγραμμένοι.
1892 1718 1998 1760 Ἔστι
2013 1720 2101 1760 cod.
2121 1720 2168 1758 H.
2189 1744 2239 1750 —
2258 1726 2285 1742 ¹¹¹

1230 1781 1454 1832 συγκείμενος
1482 1779 1563 1833 περί
1597 1796 1691 1824 τινος
1723 1781 1811 1821 cod.
1845 1780 1903 1829 H;
1927 1779 2151 1832 συγκείμενός
2177 1795 2280 1824 τινος.

1285 1896 1332 1951 β’.
1364 1898 1476 1949 Λόγος
1506 1897 1569 1950 μὲν
1592 1890 1651 1936 οἶν
1676 1891 1764 1936 εἶναι
1784 1901 1797 1918 ³
1824 1897 1965 1950 λέγεται
1985 1899 2002 1936 6
2022 1897 2202 1951 διάλογος,
2220 1913 2284 1936 κα·
2321 1899 2324 1902 ’

1231 1957 1341 2011 θάπερ
1363 1960 1381 1996 6
1412 1957 1594 2010 ἄνθρωπος
1625 1958 1724 2010 ζῷον.
1783 1957 1887 1998 Ἐπεὶ
1909 1957 1946 1996 δὲ
1975 1960 1994 1997 6
2021 1957 2124 2009 λόγος
2152 1956 2245 1997 ἐστὶν
2267 1959 2285 1995 6

1231 2014 1293 2068 μὲν
1314 2015 1526 2064 ἐνδιάθετος,
1545 2018 1563 2054 6
1584 2015 1619 2054 δὲ
1635 2018 1858 2070 προφορικός,
1882 2016 2103 2069 ἀκουσόμεθα
2120 2019 2183 2056 τοῦ
2199 2032 2286 2069 προ-

1232 2078 1398 2130 φορικοῦ,
1427 2075 1488 2115 καὶ
1514 2075 1591 2114 ἐπεὶ
1614 2075 1737 2114 τούτου
1769 2079 1786 2115 ὅ
1816 2074 1880 2126 μέν
1910 2077 1985 2114 ἐστι
2010 2075 2103 2115 κατὰ
2138 2075 2284 2121 διέξοδον
2327 2074 2330 2077 ’

1231 2135 1444 2188 λεγόμενος,
1466 2137 1484 2173 6
1501 2134 1537 2173 δὲ
1563 2136 1642 2174 κατ’
1663 2134 1832 2188 ἐρώτησιν
1850 2135 1867 2161 ¹)
1882 2135 1943 2174 καὶ
1965 2135 2173 2187 ἀπόκρισιν,
2199 2134 2285 2175 ἴδιον

1231 2209 1292 2233 του
1314 2194 1516 2246 διαλόγου’
1501 2193 1656 2246 ερωτῆσε
1661 2210 1688 2238 ις
1719 2194 1779 2233 καὶ
1801 2194 2027 2256 ἀποκρίσεις·
2049 2193 2104 2232 ὅθε
2090 2210 2123 2232 εν
2144 2196 2163 2233 6
2185 2193 2285 2246 λόγος

1231 2253 1265 2299 ἐξ
1289 2252 1490 2306 ἐρωτήσεως
1519 2268 1578 2291 και
1604 2253 1820 2304 ἀποκρίσεως
1843 2257 1931 2291 εἶναι
1959 2253 2111 2304 λέγεται.
2171 2251 2222 2293 Τὸ
2248 2254 2284 2292 δὲ

1235 2311 1316 2366 περί
1344 2327 1435 2356 τινος
1453 2314 1523 2350 τῶν
1552 2313 1740 2350 πολιτικῶν
1762 2311 1823 2351 καὶ
1844 2311 2040 2365 φιλοσόφων
2064 2312 2284 2364 πραγμάτων

1235 2370 1463 2424 πρόσκειται,
1493 2369 1579 2409 διότι
1609 2369 1738 2409 οἰκείαν
1763 2363 1853 2408 εἶναι
1886 2370 1938 2408 δεῖ
1957 2369 2020 2417 τὴν
2050 2369 2283 2422 ὑποκειμένην

1234 2429 1319 2477 ὕλην
1339 2431 1390 2483 τῷ
1406 2429 1570 2482 διαλόγῳ.
1630 2428 1730 2476 Αὕτη
1753 2428 1790 2467 δέ
1807 2430 1900 2467 ἐστιν
1920 2431 1942 2476 ἡ
1961 2429 2123 2477 πολιτικὴ
2146 2428 2207 2468 καὶ
2229 2445 2283 2483 φι-

1232 2489 1391 2542 λόσοφος.
1451 2489 1515 2533 (Ως
1532 2489 1600 2541 γὰρ
1623 2491 1665 2540 τῇ
1691 2487 1871 2541 τραγῳδίας
1892 2488 1952 2526 καὶ
1973 2486 2060 2533 ὅλως
2076 2491 2120 2540 τῇ
2141 2487 2281 2536 ποιήσει

158 2675 186 2710 1.
208 2673 354 2709 Platonis
379 2674 526 2716 dialogos
557 2673 723 2708 lecturum
753 2674 848 2708 decet
873 2675 963 2717 prius
988 2683 1084 2707 nosse
1105 2672 1168 2706 hoc
1233 2674 1449 2706 consentanea
1465 2673 1654 2715 loquantur.
1699 2674 1747 2706 Ne
1765 2673 1866 2714 igitur
1877 2673 1973 2706 nobis
1991 2673 2055 2706 hoc
2070 2672 2197 2708 accidat
2209 2674 2282 2708 Pla-—

113 2734 243 2780 ipsum,
263 2733 346 2777 quid
366 2733 498 2767 tandem
516 2733 560 2766 sit
579 2733 739 2776 dialogus.
761 2736 874 2776 Neque
889 2734 976 2767 enim
1002 2733 1069 2766 sine
1097 2735 1168 2766 arte

27 2799 36 2807 ⁵
87 2828 89 2837 <
115 2786 259 2839 quadam
275 2794 310 2828 et
327 2792 486 2827 facultate
506 2793 623 2836 scripti
642 2796 741 2834 sunt,
765 2802 872 2835 neque
890 2793 1038 2826 sollerter
1054 2793 1167 2825 decla-

58 2875 59 2878 =
78 2851 84 2855 ⁷
115 2860 191 2887 rare
207 2851 302 2886 facile
316 2852 368 2886 est
385 2851 465 2885 artis
481 2853 723 2895 praeceptorum
743 2852 906 2894 imperito.
927 2851 1039 2885 Placet
1055 2854 1166 2885 autem

11 2911 42 2939 ‘⁴3
114 2910 331 2956 flnloeopho,
351 2919 580 2954 quamcunque
598 2921 668 2945 rem
700 2910 903 2952 consideret,
918 2912 1070 2943 naturam
1096 2910 1167 2951 ejus

26 2982 32 2993 ³
47 2992 50 2994 -
114 2969 279 3015 aquirere
289 2996 298 3014 ‚
315 2971 388 3006 tum
402 2971 484 3014 quid
495 2971 600 3014 possit
613 2971 666 3004 vel
678 2980 742 3004 non
755 2971 873 3014 possit,
889 2979 1054 3012 quemque
1067 2979 1165 3003 usum

39 3022 42 3023 ⁷
113 3028 261 3075 minat
273 3031 309 3065 et
321 3039 422 3073 quem
437 3039 502 3064 non
517 3031 673 3074 praebeat.
719 3031 773 3064 Sic
792 3032 905 3064 autem
922 3030 968 3063 ait
986 3043 993 3062 :
1013 3031 1050 3062 In
1063 3029 1166 3063 omni-

24 3079 27 3082 *
43 3078 53 3090 '⁹
113 3086 194 3133 hun,
215 3097 237 3123 ο
260 3098 356 3134 puer,
375 3090 511 3124 unicum
539 3091 735 3134 principium
759 3091 800 3123 iis
815 3090 874 3132 qui
894 3090 977 3123 bene
997 3089 1164 3123 consulere

113 3147 247 3199 volunt,
266 3150 319 3183 est
338 3149 504 3193 cognitum
519 3150 641 3184 habere
653 3175 661 3191 ‚
679 3150 759 3192 quid
774 3150 857 3183 illud
875 3150 938 3191 sit,
958 3150 1000 3182 de
1017 3158 1082 3192 quo
1101 3149 1162 3183 de-

102 3206 282 3251 liberatur,
303 3209 463 3252 quidquid
478 3210 512 3243 id
539 3211 608 3251 est,
627 3209 680 3243 vel
698 3209 731 3243 in
755 3218 794 3243 eo
813 3219 923 3242 errare
942 3218 1075 3243 necesse
1090 3211 1160 3251 est3

110 3265 285 3312 plerosque
296 3277 376 3303 vero
390 3269 492 3312 latet,
508 3278 544 3303 se
557 3269 758 3312 singularum
776 3278 886 3302 rerum
906 3271 1056 3302 naturam
1069 3269 1162 3312 igno-

27 3330 30 3339 ‘
56 3363 59 3366 ,
113 3334 198 3361 me.
223 3326 394 3371 Tanquam
411 3329 512 3372 igitur
529 3329 670 3363 scientes
690 3329 723 3362 in
741 3328 989 3370 disceptationis
1004 3328 1162 3372 principio

113 3395 178 3420 non
196 3387 401 3422 constituunt
420 3388 456 3422 id
471 3388 512 3422 de
530 3398 597 3431 quo
612 3387 812 3431 disputaturi
833 3390 909 3421 sunt
921 3412 929 3427 ,
946 3387 1161 3430 procedentes

113 3452 193 3478 vero
209 3445 336 3487 justam
356 3446 451 3488 quasi
469 3456 602 3490 poenam
628 3447 778 3487 solvunt,
799 3449 838 3480 ut
858 3456 917 3480 nec
934 3439 996 3480 sibi
1013 3455 1072 3481 nec
1091 3447 1160 3480 aliis

1227 2732 1314 2766 tonis
1329 2732 1473 2775 dialogos
1488 2731 1671 2775 legentibus
1683 2758 1691 2773 ,
1708 2731 1743 2765 id
1761 2732 1872 2774 ipsum
1883 2757 1892 2773 ‚
1911 2732 2001 2774 quod
2017 2732 2183 2774 dicebam,
2200 2742 2280 2767 con-

1228 2792 1430 2833 sideremus,
1461 2792 1542 2834 quid
1569 2792 1702 2825 tandem
1736 2791 1780 2825 sit
1807 2790 1967 2834 dialogus.
2011 2793 2069 2826 Est
2097 2800 2174 2834 ergo
2201 2792 2283 2827 nihil

1228 2852 1319 2884 atiud
1340 2861 1441 2894 quam
1460 2860 1569 2886 sermo
1588 2853 1745 2885 constans
1760 2860 1802 2884 ex
1820 2851 2002 2893 quaestione
2021 2852 2055 2885 et
2070 2852 2282 2894 responsione

1226 2911 1268 2944 de
1283 2911 1383 2944 rebus
1405 2910 1557 2943 civilibus
1579 2911 1630 2943 vel
1643 2910 1900 2953 philosophicis,
1920 2911 1965 2943 ita
1982 2911 2022 2943 ut
2040 2919 2149 2943 mores
2165 2910 2282 2944 decen-

1226 2972 1276 3004 tes
1295 2970 1443 3014 personis
1465 2970 1622 3004 assumtis
1638 2970 1837 3011 tribuantur,
1866 2971 1900 3004 et
1923 2979 2105 3013 congruens
2123 2970 2279 3004 orationis

1226 3030 1423 3064 adhiheatur
1441 3030 1650 3073 compositio,

1267 3092 1311 3124 11.
1338 3091 1454 3124 Sermo
1477 3090 1520 3124 de
1550 3089 1678 3132 dialogo
1702 3090 1836 3130 dicitur,
1858 3090 1896 3123 ut
1915 3089 1956 3122 de
1983 3089 2115 3122 homine
2142 3089 2276 3123 animal.

1223 3151 1336 3189 Quum
1350 3158 1430 3184 vero
1451 3158 1559 3183 sermo
1578 3149 1662 3182 alius
1681 3150 1789 3182 animo
1809 3150 2005 3191 conceptus,
2024 3148 2107 3181 alius
2122 3148 2274 3181 enuntia-

1222 3210 1311 3243 tivus
1335 3209 1398 3250 sit,
1428 3218 1486 3242 ore
1507 3209 1674 3252 prolatum
1702 3208 1941 3250 intelligemus,
1971 3209 2005 3240 et
2034 3206 2189 3249 quoniam
2217 3206 2273 3240 hic

1221 3269 1343 3313 partim
1358 3269 1513 3303 continua
1539 3269 1686 3302 oratione
1703 3268 1867 3311 procedit,
1899 3267 2015 3310 partim
2040 3266 2218 3309 quaestionc
2239 3267 2273 3298 et

1222 3329 1433 3371 responsione
1446 3330 1586 3369 constat,
1606 3327 1735 3370 proprie
1751 3326 1872 3369 dialogi
1890 3325 1972 3358 liunt
1991 3324 2219 3365 interrogando
2238 3326 2269 3356 ct

1220 3388 1472 3430 respondendo,
1491 3388 1578 3421 unde
1598 3396 1707 3420 sermo
1731 3395 1772 3420 ex
1790 3386 1973 3428 quaestione
2003 3387 2035 3417 et
2062 3382 2270 3425 responsione

1220 3450 1370 3482 constare
1387 3448 1589 3491 perhibetur.
1635 3447 1745 3481 Verba
1761 3447 1802 3479 de
1819 3446 1920 3479 rebus
1941 3443 2100 3478 civilibus
2119 3442 2174 3476 vel
2186 3441 2268 3484 phi-

1168 3509 1221 3548 23
