2508 3776
279 198 355 237 382

279 282 470 327 ἀναλίσκει,
497 280 556 319 καὶ
575 279 694 333 ὥσπερ
714 281 752 319 οὗ
773 281 846 329 δεῖ,
868 280 929 319 καὶ
947 280 997 334 ἐφ’
1026 275 1074 326 οἷς
1088 283 1126 320 οὗ
1154 283 1219 322 δεῖ·
1245 283 1305 322 καὶ

277 343 332 381 διὰ
352 345 450 379 τοῦτο
465 339 691 390 ὑπερὸάλλειν
711 339 849 390 λέγεται
870 339 926 379 τὸν
942 343 1205 393 μεγαλοπρεπῆ.
1230 340 1302 380 Καὶ

275 400 341 452 γὰρ
361 399 500 452 φαύλων
521 397 622 436 ἕνεκα
638 397 760 450 ἔργων,
777 392 824 436 ὧν
839 400 861 445 ἠ
883 399 1020 446 δαπάνη
1039 399 1175 451 μετρία,
1189 398 1307 451 Ιπολλὰ

276 460 413 510 δαπανᾷ
442 456 501 495 καὶ
519 455 654 507 μεγάλα
666 485 675 503 ,
692 457 751 494 καὶ
770 457 1038 510 μεγαλοπρεπὴς
1066 459 1227 510 βούλεται
1257 459 1309 496 δο-

274 519 360 564 κεῖν,
379 515 476 568 παρὰ
487 514 525 552 τὸ
541 514 628 558 εἰκὸς
642 514 700 552 καὶ
715 514 752 552 τὸ
768 517 939 566 προσῆκον
959 519 999 568 τῇ
1014 513 1307 568 μεγαλοπρεπείᾳ·

273 570 356 624 οἷον,
375 572 554 626 ἐρανιστὰς
571 575 669 623 ἑστιᾷ
682 573 976 623 πολυτελέστατα,
996 573 1114 623 ὥσπερ
1129 574 1158 611 εἷ
1174 573 1307 624 γάμους

274 632 391 671 ἐποίει·
407 632 465 670 καὶ
479 637 547 675 τοῖς
560 632 738 684 κωμῳδοῖς
753 635 767 653 ⁸
784 635 945 684 χορηγῶν
963 637 1136 683 παριοῦσι,
1151 632 1209 669 καὶ
1221 629 1307 682 χρή-

273 706 367 742 ματα
383 690 569 744 φιλοτίμως
587 690 780 729 ἀναλίσκων
800 691 833 729 ἐν
849 691 980 738 αὖτοῖ·,
993 689 1111 741 ὥσπερ
1122 691 1169 732 εἷς
1190 688 1301 726 κοινὸν

271 750 403 803 ὄφελος·
427 748 449 795 ἢ
477 752 511 788 ἐν
533 754 608 792 ταῖς
634 748 834 800 κωμῳδίαις
856 748 931 786 ἀντὶ
966 747 1121 794 κωδίων,
1151 747 1173 785 ἃ
1193 762 1306 798 παρα-

272 808 481 857 πετάσματα
510 802 552 855 ἦν
587 807 645 846 ἐπὶ
677 810 738 854 τῆς
752 810 900 855 σκηνῆς,
934 806 1145 859 πορφυρίδας
1180 803 1308 857 ἔχων,Ῑ

271 867 428 919 καθάπερ
447 867 478 904 οἱ
507 866 691 918 Μεγαρεῖς.
713 866 782 905 Καὶ
803 870 916 904 ταῦτα
935 868 1028 903 ποιεῖ
1046 866 1084 902 οὐ
1113 868 1171 903 τοῦ
1192 865 1300 902 καλοῦ

271 925 371 963 ἕνεκα
384 957 392 971 ,
415 923 491 963 ἀλλ’
510 923 566 962 ἵνα
588 924 689 975 μόνον
713 925 923 972 ἐπιδείξηται
943 924 1000 962 τὸν
1030 925 1194 962 πλοῦτον.
1214 921 1302 961 Οἴε-

271 1000 328 1021 ται
348 983 415 1034 γὰρ
439 982 508 1021 ἀπὸ
525 983 646 1021 τούτου
667 983 865 1034 θαυμαστός
884 998 934 1026 τις
954 977 1041 1020 εἶναι
1069 981 1176 1026 δόξαι·
1197 980 1256 1019 καὶ
1270 982 1305 1019 ἐν

270 1036 319 1085 οἷς
339 1040 401 1091 μὲν
423 1042 554 1087 πολλῆς
572 1041 675 1092 χρεία
704 1042 883 1088 δαπάνης,
917 1041 1018 1088 ὀλίγα
1040 1040 1239 1087 ἀναλίσκει,
1270 1039 1305 1076 ἐν

270 1094 319 1144 οἷς
338 1099 373 1138 δὲ
394 1099 510 1151 ὀλίγης
522 1130 532 1149 ,
554 1101 679 1140 πολλά.
699 1103 863 1144 Τοιοῦτος
882 1099 943 1150 μὲν
960 1093 1019 1138 οὗν
1039 1103 1056 1138 ὁ
1074 1099 1303 1152 ὓπερὸάλλων

272 1158 328 1196 τὸν
353 1159 623 1210 μεγαλοπρεπῆ,
642 1157 677 1202 ὃς
697 1158 757 1196 καὶ
781 1158 951 1211 βάναυσος
970 1159 1142 1198 καλεῖται.

323 1216 341 1234 *
353 1217 396 1255 Ὁ
412 1216 446 1255 δὲ
467 1215 646 1267 ἐλλείπων,
665 1216 699 1261 ὃς
717 1216 776 1254 καὶ
786 1216 1025 1269 μικροπρεπὴς
1037 1218 1209 1264 καλεῖται,
1224 1214 1304 1267 περὶ

269 1275 385 1314 πάντα
410 1274 571 1321 ἔλλειπής
592 1276 698 1314 ἐστιν.
722 1275 932 1315 Ἀναλίσκων
952 1274 1019 1327 γὰρ
1034 1275 1132 1313 οὐδὲν
1163 1279 1221 1313 τοῦ
1241 1290 1306 1313 κα-

269 1336 330 1372 λοῦ
349 1333 448 1372 ἕνεκα
467 1363 476 1381 ,
494 1332 613 1370 ἔπειτα
637 1338 786 1380 σκοπεῖ,
808 1335 882 1375 πῶς
903 1332 942 1370 ἂν
964 1332 1041 1370 ὅσον
1060 1332 1240 1384 ἐνδέχεται
1259 1334 1302 1371 τὰ

270 1392 437 1444 ἐλάχιστα
465 1390 656 1429 ἀναλώσαι·
678 1390 738 1429 καὶ
758 1390 927 1434 πολλάκις
943 1390 988 1428 τὰ
1018 1390 1129 1428 πλείω
1149 1393 1210 1437 τ’ῆς
1238 1391 1301 1428 δα-

219 1495 221 1498 ⁴
269 1450 378 1497 πάνης
397 1448 599 1495 ἀναλώσας,
625 1449 683 1487 καὶ
698 1448 781 1499 πρὸς
796 1449 858 1495 τὴν
879 1447 1054 1486 τελείωσιν
1072 1448 1138 1495 ἤδη
1161 1447 1304 1501 βλέπον-

268 1523 324 1552 τος
357 1512 416 1546 τοῦ
450 1506 549 1559 ἔργου
562 1537 572 1555 ,
593 1507 651 1545 ὕπ’
675 1506 919 1559 ἀκριὸολογίας
957 1506 1142 1545 ἀτέλεστον
1179 1507 1302 1560 ἀφίησι

268 1566 324 1605 διὰ
345 1564 472 1618 μικρὰν
495 1565 668 1613 δαπάνην.
690 1567 758 1604 Καὶ
779 1565 894 1604 πάντα
920 1565 982 1613 δέ,
1013 1565 1077 1604 ὅσα
1099 1569 1191 1604 ποιεῖ
1207 1577 1223 1616 ,“
1249 1566 1303 1604 ἀεὶ

268 1624 404 1677 μέλλων
432 1623 492 1663 καὶ
520 1626 657 1662 σκοπῶν
688 1629 803 1675 ποιεῖ,
824 1625 884 1662 καὶ
916 1624 1069 1674 οἰόμενος
1097 1624 1158 1663 καὶ
1192 1626 1302 1663 πλείω

265 1688 326 1723 τοῦ
349 1684 479 1728 δέοντος
510 1683 708 1722 ἀναλίσκειν
723 1712 734 1731 ,
766 1683 826 1722 καὶ
861 1683 1068 1735 ὀδυρόμενος
1097 1683 1150 1722 ὅτι
1185 1683 1299 1723 πολλὰ

268 1743 462 1782 ἀνάλωσεν.

320 1801 352 1823 *⁴
371 1794 481 1839 Αῧται
496 1798 558 1849 μὲν
575 1792 632 1838 οῧν
648 1801 682 1838 αἱ
695 1799 790 1846 ἔξεις,
805 1799 873 1847 ἥτε
890 1798 1142 1852 μικροπρέπεια
1160 1798 1219 1837 καὶ
1232 1802 1299 1850 βα-

266 1859 387 1899 ναυσία
401 1889 411 1906 ,
431 1858 552 1897 κακίαι
571 1858 655 1897 εἷσίν
668 1888 677 1906 ,
698 1858 809 1906 ὀνείδη
830 1857 865 1896 δὲ
886 1859 948 1896 οὐκ
976 1858 1189 1910 ἐπιφέρουσι·
1214 1857 1300 1896 διότι

266 1918 344 1957 οὔτε
362 1916 532 1970 βλαὸεραί
553 1918 620 1955 εἶσι
641 1919 708 1954 τῶν
736 1916 865 1965 πέλας,
886 1916 964 1954 οὔτε
983 1917 1060 1954 λίαν
1082 1918 1225 1970 αἰσχραὶ
1240 1917 1300 1956 καὶ

267 1975 475 2028 ἀσχήμονες.
940 2010 944 2016 .

321 2035 487 2086 (Scripsi
500 2047 509 2072 ε
521 2038 535 2057 ⁸
551 2033 770 2088 ἀρχιθεώρῳ]
787 2033 873 2074 cod.
889 2034 1107 2085 ἀρχιθεωρῷ.
1120 2034 1199 2062 —¹’
1214 2033 1298 2080 ἀλή-

264 2095 331 2146 τῃ]
357 2094 492 2144 Odyss.
514 2093 640 2141 XVII,
674 2099 763 2137 420.
787 2115 840 2122 —
858 2098 872 2115 ⁶
893 2092 978 2131 ἄλλο
996 2092 1054 2144 τι]
1075 2094 1192 2143 vulgo
1214 2091 1299 2130 ἄλλό

263 2169 308 2192 τι.
334 2176 385 2182 -
404 2153 419 2176 ¹¹
433 2152 493 2190 καί
513 2152 603 2204 εἶσι]
631 2153 749 2201 vulgo
770 2151 828 2190 καὶ
857 2150 939 2190 εἶσὶ.
965 2157 1046 2179 -0
1072 2151 1297 2203 κωμῳδοῖς.]

262 2211 345 2250 cod.
370 2211 561 2262 κωμωδοῖς.
581 2231 633 2239 --
648 2209 659 2232 f
677 2208 791 2261 ἔχωνΙ
818 2209 904 2247 cod.
934 2207 1041 2260 ἔχειν.
1066 2210 1153 2259 --).

702 2334 791 2384 Κεφ.
825 2332 870 2371 δ’.

602 2446 677 2487 Περὶ
695 2445 940 2487 μεγαλοψυχίας.
964 2480 973 2487 ·

314 2542 366 2560 ***
388 2545 553 2595 Λέγωμεν
573 2544 608 2582 δὲ
629 2543 696 2590 ἤδη
713 2542 773 2581 καὶ
795 2542 874 2595 περὶ
895 2540 1168 2594 μεγαλοψυχίας.
1188 2539 1291 2580 Ἔστι

260 2603 372 2640 τοίνυν
393 2605 414 2648 ἡ
436 2602 679 2654 μεγαλοψυχία
699 2602 786 2653 περὶ.
803 2602 959 2654 μεγάλα,
980 2604 1025 2645 ὣς
1040 2601 1097 2639 καὶ
1121 2601 1159 2639 τὸ
1178 2600 1286 2651 ὄνομα

261 2660 396 2697 δίδωσιν
429 2660 586 2704 εἰκάζειν.
614 2659 704 2712 Περὶ
734 2665 818 2697 ποῖα
838 2660 872 2697 δὲ
901 2659 1061 2710 μεγάλα,
1089 2661 1290 2709 σκοπῶμεν.

260 2718 418 2769 Φανερὸν
440 2718 475 2755 δὲ
504 2717 556 2755 ὅτι
589 2717 712 2756 ταύτόν
741 2720 814 2756 ἐστι
851 2719 900 2769 τῷ
920 2716 1000 2767 περὶ
1030 2718 1294 2769 μεγαλοψυχίας

259 2776 318 2814 καὶ
336 2776 374 2813 τὸ
388 2775 466 2825 περὶ
487 2775 732 2829 μεγαλοψύχου
759 2779 912 2814 σκοπεῖν·
930 2774 1028 2813 οὐδὲν
1054 2774 1121 2828 γὰρ
1138 2775 1292 2828 διαφέρει

258 2834 320 2880 τὴν
346 2833 413 2877 ἕξιν
436 2833 578 2881 εἰδέναι,
600 2834 621 2880 ἢ
640 2833 697 2871 τὸν
715 2833 840 2885 ἔχοντα
859 2833 920 2880 τὴν
942 2832 1023 2879 ἕξιν.

312 2891 382 2909 ****
414 2889 519 2930 Ἔστι
549 2892 658 2930 τοίνυν
680 2893 920 2943 μεγαλόψυχος
936 2892 1014 2944 περὶ
1035 2892 1210 2943 μεγάλων·
1228 2907 1291 2942 με·

259 2951 350 3001 γάλα
369 2949 460 2988 δὲτὰ
475 2952 569 3003 αὐτῷ
587 2950 820 3002 προσήκοντα·
840 2950 920 2989 ὅταν
939 2950 1100 3002 μεγάλων
1119 2950 1209 2996 ἄξιος
1226 2949 1289 2999 ὤν,

260 3009 321 3048 καὶ
343 3008 443 3052 αὐτὸς
461 3008 559 3060 κρίνῃ
578 3013 592 3031 “
606 3009 724 3046 ἑαυτὸν
743 3008 903 3059 μεγάλων
922 3009 1014 3052 ἄξιον
1036 3004 1133 3048 εἶναι.
1157 3009 1201 3049 ‘O
1220 3009 1288 3060 γὰρ

260 3069 393 3118 μικρῶν
415 3066 504 3111 ἄξιος
523 3065 593 3114 ὤν,
627 3066 687 3103 καὶ
718 3069 848 3117 μικρῶν
868 3067 986 3105 ἑαυτὸν
1010 3066 1111 3111 ἀξιῶν
1134 3068 1171 3105 οὐ
1190 3066 1292 3118 λέγε-

263 3142 321 3164 ται
343 3126 612 3178 μεγαλόψυχος,
629 3123 719 3162 ἀλλὰ
741 3124 898 3175 σώφρων·
919 3127 940 3171 ἡ
961 3125 1031 3177 γὰρ
1046 3125 1289 3177 μεγαλοψυχία

258 3187 292 3224 ἐν
315 3184 449 3237 μεγέθει
478 3184 563 3222 ἐστί.
590 3185 754 3222 Τοιοῦτον
787 3182 853 3233 γὰρ
887 3183 988 3234 λόγον
1023 3183 1095 3236 ἔχει
1126 3184 1208 3236 πρὸς
1228 3183 1286 3222 τὸν

260 3241 424 3295 σώφρονα
445 3244 462 3280 ὃ
485 3241 746 3293 μεγαλόψυχος,
775 3234 842 3278 οἷον
867 3242 884 3277 ὁ
912 3240 1016 3284 καλὸς
1050 3241 1133 3293 πρὸς
1164 3242 1219 3279 τὸν
1247 3244 1288 3278 ἀ-

264 3311 2382 3330 ΜΜᾙ

1095 195 1305 236 ANDRON
1313 195 1376 236 lCI
1405 196 1582 239 RHODII

1366 292 1478 323 contra
1500 290 1645 324 officium
1657 316 1665 332 ‚
1687 301 1793 334 neque
1814 294 1852 326 ut
1867 296 1995 337 oportet
2007 321 2016 335 ‚
2037 305 2143 339 neque
2158 291 2398 340 inquae⁴opoeb

1366 337 1414 368 tet
1434 339 1564 370 sumtus
1579 337 1657 370 facit
1670 364 1677 378 ‚
1701 341 1734 371 et
1752 339 1872 372 idcirco
1889 342 1964 374 talis
1982 342 2079 376 homo
2102 353 2256 386 superare
2269 342 2398 389 magni-

1366 381 1464 416 ficum
1482 384 1613 418 dicitur.
1630 387 1666 417 In
1680 395 1732 418 res
1748 387 1833 418 enim
1855 387 1937 420 viles
1960 390 1994 420 et
2011 398 2087 430 quae
2105 399 2242 432 parvam
2267 387 2396 433 impen-

1367 438 1436 461 sam
1456 430 1661 470 desiderant,
1682 433 1822 465 multam
1846 434 2017 475 pecuniam
2041 435 2194 477 insumit,
2221 438 2256 471 et
2283 438 2398 470 eontra

1366 485 1466 517 quam
1486 478 1733 518 magnificentiae
1766 482 1923 522 congruat
1946 483 1979 513 et
2004 483 2175 516 conveniat
2203 483 2396 526 magnificus

1367 522 1471 555 videri
1497 525 1592 557 vult:
1614 527 1704 559 verbi
1721 536 1838 565 causa,
1868 527 2185 568 magnificentissimo
2203 529 2347 573 hospitio
2361 531 2396 566 et

1367 570 1459 610 quasi
1482 571 1586 612 epulis
1607 573 1808 615 nuptialibus
1830 574 1951 615 excipit
1969 583 2024 607 eos
2046 575 2104 617 qui
2129 575 2217 609 datis
2238 577 2396 619 symbolis

1368 615 1409 647 ad
1428 624 1551 649 coeuam
1565 622 1741 659 venerunt;
1767 621 1846 653 item
1863 620 2019 653 eomoedis
2035 621 2102 654 dux
2125 621 2216 655 chori
2235 631 2304 665 proe
2339 662 2342 665 Ι
2362 620 2395 655 ἰ-

1367 663 1422 694 tus
1439 663 1480 694 ad
1499 664 1589 697 chori
1612 666 1794 708 ingressum
1807 667 2030 700 exornandum
2055 668 2163 700 omnia
2193 667 2270 701 conf
2319 678 2336 708 ’,’
2359 663 2398 702 “et

1367 709 1536 744 ambitiose
1548 714 1719 753 pecuniam
1735 715 1768 746 in
1790 715 1900 752 ludos,
1922 717 2081 757 tanquam
2104 715 2138 748 in
2155 724 2226 748 rem
2245 714 2398 749 omnm

1366 756 1587 798 profuturam,
1617 760 1775 802 impendit
1800 774 1807 792 :
1841 764 1898 793 aut
1927 761 1961 793 in
1987 762 2154 794 comm-diis
2181 762 2398 804 agendissm)

1366 805 1520 845 pellibus,
1547 807 1668 848 quibus
1704 808 1899 849 sipariorum
1931 809 2001 840 loco
2024 809 2058 841 in
2087 818 2183 842 scena
2206 809 2395 850 utebantur.

1366 853 1603 893 Megarensium
1622 855 1771 896 exemplo
1793 864 1976 896 purpureas
2003 857 2113 888 vestes
2128 857 2268 890 mavult.
2289 857 2398 900 Atque

1366 899 1438 931 haec
1458 908 1530 931 non·
1538 901 1664 933 honesti
1691 911 1788 934 causa
1800 927 1807 940 ‚
1827 902 1884 934 sed
1904 901 1945 934 ad
1967 902 2185 936 ostendendas
2202 900 2332 936 tantum
2348 900 2397 936 di-

1365 946 1462 978 vitias
1480 946 1568 980 facit.
1585 949 1732 990 Namque
1757 958 1795 982 eo
1819 949 1916 981 modo
1934 958 1967 981 se
1990 949 2214 982 admirabilem
2230 950 2340 983 visum
2355 949 2398 983 in·

1365 993 1544 1026 arbitratur
1563 1006 1569 1026 ε
1598 998 1630 1028 et
1649 1005 1731 1037 quas
1758 995 1791 1027 in
1810 1005 1862 1028 res
1883 996 1990 1027 multa
2010 995 2196 1037 impendere
2217 996 2334 1035 debet,
2362 995 2398 1028 in

1365 1049 1420 1072 eas
1447 1050 1581 1082 parvam
1603 1042 1781 1083 impensam
1814 1041 1908 1079 facit.
1934 1042 1992 1075 ubi
2015 1051 2094 1075 vero
2116 1051 2218 1084 parva
2252 1043 2399 1087 impensa

1365 1086 1578 1126 desideratur,
1596 1088 1643 1121 ibi
1659 1089 1770 1129 largus
1785 1090 1818 1121 et
1838 1088 1993 1130 profusus
2005 1091 2065 1122 est.
2081 1089 2168 1129 Talis
2187 1089 2288 1132 igitur
2300 1091 2332 1124 is
2342 1090 2397 1123 'est

1365 1134 1423 1176 qui
1440 1134 1646 1176 magnificum
1663 1137 1796 1177 superat
1822 1138 1923 1178 atque
1939 1136 2062 1168 idcirco
2080 1135 2190 1178 inepte
2204 1135 2379 1178 mafflissou

1365 1182 1558 1223 appellatur.
2353 1189 2360 1199 ⁸
2371 1193 2374 1196 ⁴

1405 1241 1446 1271 At
1468 1248 1546 1272 vero
1560 1239 1589 1272 is
1605 1239 1664 1282 qui
1687 1239 1824 1272 modum
1842 1239 1981 1280 deserit,
2009 1241 2134 1284 quique
2151 1240 2303 1275 indecore
2320 1248 2398 1284 pan-

1365 1298 1423 1321 cus
1446 1291 1595 1329 vocatur,
1617 1289 1651 1321 in
1669 1290 1757 1321 omni
1772 1299 1807 1322 re
1822 1290 1912 1322 modi
1927 1290 2075 1323 desertor
2099 1292 2160 1323 est.
2179 1292 2292 1329 Quum
2309 1291 2399 1326 enim

1363 1340 1545 1372 honestatis
1564 1348 1662 1372 causa
1684 1342 1814 1374 sumtus
1836 1341 1945 1374 nullos
1963 1340 2079 1380 faciat,
2098 1343 2397 1378 tantum-conside·
2457 1369 2459 1377 s

1363 1393 1434 1430 rat,
1455 1391 1620 1433 quomodo
1638 1401 1738 1433 quam
1756 1392 1931 1426 minimum
1941 1394 2089 1426 sumtum
2104 1392 2296 1436 impendisti
2314 1389 2397 1434 quin

1368 1452 1593 1485 saepenumero
1614 1443 1671 1477 ubi
1683 1445 1860 1478 maximam
1881 1446 2029 1487 pecuniae
2050 1447 2178 1487 partem
2189 1445 2318 1486 inopus
2335 1442 2399 1476 nli-

1362 1494 1454 1536 quod
1469 1494 1615 1536 erogavit
1635 1519 1641 1532 ‚
1660 1494 1750 1536 quod
1772 1495 1841 1536 jam
1859 1495 1901 1528 ad
1927 1495 2023 1528 finem
2043 1495 2168 1537 vergit,
2187 1494 2269 1527 dum
2287 1493 2398 1527 omnia

1363 1544 1460 1578 nimis
1489 1544 1605 1585 exigue
1637 1546 1670 1575 et
1700 1544 1830 1576 exiliter
1861 1544 1902 1577 ad
1935 1544 2078 1577 calculos
2103 1545 2217 1583 vocat,
2245 1542 2330 1576 illud
2353 1545 2398 1579 ob

1362 1603 1498 1636 parvam
1513 1594 1693 1635 impensam
1706 1595 1935 1636 imperfectum
1959 1595 2125 1637 relinquit.
2149 1594 2216 1628 Sed
2237 1595 2271 1627 et
2286 1593 2397 1627 omnia

1361 1654 1437 1687 quae
1453 1645 1528 1686 agit,
1549 1653 1676 1686 semper
1689 1645 1941 1677 cunctabundus
1950 1645 2016 1686 agit
2031 1647 2064 1678 et
2080 1645 2205 1678 ratione
2221 1644 2303 1678 bene
2315 1641 2397 1675 sut>-

1362 1697 1461 1729 ducta
1472 1722 1480 1736 ‚
1498 1696 1590 1727 ratus
1606 1704 1641 1728 se
1669 1695 1744 1736 plus
1758 1704 1859 1737 quam
1881 1696 2010 1737 oportet
2030 1694 2227 1737 impendisse
2243 1699 2397 1735 magnofl-

1361 1756 1425 1789 que
1450 1747 1603 1789 sumptus
1619 1754 1654 1778 se
1672 1744 1787 1778 fecisse
1805 1754 2007 1787 conquerens
2027 1747 2061 1777 et
2079 1745 2271 1778 lamentans.

1402 1807 1444 1839 Hi
1474 1799 1551 1848 'ergo
1581 1806 1734 1845 habitus,
1759 1805 1912 1839 indecora
1945 1805 2102 1838 nimirum
2131 1804 2330 1848 parsimonia
2361 1805 2396 1837 et

1359 1866 1470 1908 inepta
1497 1865 1752 1907 magnificentia,
1783 1864 1864 1897 vitia
1879 1864 2014 1906 quidem
2034 1865 2130 1902 sunt,
2159 1863 2214 1896 sed
2237 1862 2394 1906 probrum

1360 1925 1482 1959 nemini
1509 1923 1655 1957 inferunt
1677 1935 1684 1956 :
1715 1923 1794 1966 quia
1824 1933 1930 1965 neque
1957 1925 2071 1956 nocent
2095 1922 2188 1961 aliis,
2206 1930 2313 1962 neque
2330 1919 2391 1954 ad-

1359 1987 1495 2019 modum
1522 1987 1636 2026 turpes
1659 1993 1697 2016 ac
1716 1982 1879 2016 deformes
1896 1985 1983 2015 sunt.

1800 2341 1877 2383 Gap.
1903 2341 1959 2373 IV.

1663 2456 1704 2483 De
1721 2453 1813 2482 animi
1832 2450 2046 2487 magnitudine.

1398 2546 1463 2579 Sed
1492 2547 1525 2578 et
1551 2544 1593 2578 de
1619 2543 1717 2576 animi
1735 2543 1960 2584 magnitudine
1980 2542 2050 2583 Jam
2066 2549 2211 2583 agamus.
2232 2541 2390 2574 Versatur

1354 2597 1456 2638 igitur
1474 2597 1508 2628 in
1536 2595 1663 2636 magnis
1693 2594 1793 2626 rebus
1815 2593 1916 2626 animi
1940 2592 2151 2635 magnitudo,
2173 2589 2390 2634 quemadmo-

1355 2647 1435 2679 dum
1452 2648 1551 2679 ctiam
1566 2646 1674 2687 ipsum
1694 2645 1765 2685 ejus
1784 2653 1901 2676 nomen
1920 2643 2075 2675 declarat.
2126 2640 2248 2680 Quales
2276 2641 2388 2672 autem

1354 2703 1480 2736 magnae
1500 2693 1566 2725 illae
1598 2700 1651 2724 res
1668 2691 1751 2728 sint,
1775 2689 2028 2722 consideremus.
2066 2689 2126 2720 Est
2145 2696 2223 2719 vero
2247 2684 2389 2718 manife-

1355 2744 1442 2775 stum
1453 2767 1460 2779 ‚
1479 2740 1566 2772 idem
1585 2739 1695 2771 valere
1707 2746 1889 2769 sermonem
1905 2736 1946 2768 de
1963 2734 2169 2776 magnanimo
2180 2733 2331 2766 habitum
2351 2740 2388 2763 ac

1355 2789 1381 2822 si
1399 2788 1440 2820 de
1460 2786 1559 2819 animi
1572 2784 1795 2826 magnitudine
1810 2791 1998 2825 quaeramus
2013 2793 2021 2812 ε
2039 2781 2122 2813 nihil
2137 2780 2224 2812 enim
2238 2779 2384 2816 interest,

1354 2838 1467 2868 utrum
1480 2832 1580 2866 animi
1591 2831 1741 2864 habitum
1753 2841 1793 2863 an
1806 2830 1968 2862 hominen·
1983 2838 2020 2861 eo
2030 2827 2208 2870 praeditum
2221 2826 2379 2859 norimus.

1394 2892 1621 2934 MagnanImus
1648 2890 1748 2932 igitur
1773 2890 1807 2921 in
1829 2887 1955 2930 magnis
1981 2886 2079 2920 rebus
2102 2887 2253 2919 versatur
2279 2893 2287 2914 ε
2309 2885 2387 2918 sunt

1354 2962 1432 2986 vero
1452 2960 1578 2993 magna>
1599 2959 1675 2992 quae
1693 2949 1800 2990 ipsum
1829 2946 1960 2984 decent,
1988 2945 2118 2988 quoties
2147 2944 2304 2977 nimirum
2333 2942 2387 2977 ui-

1352 3020 1435 3053 gnus
1456 3012 1506 3042 est
1521 3008 1647 3051 magnis
1668 3008 1867 3049 dignumque
1890 3014 1924 3037 se
1949 3005 1991 3037 iis
2006 3013 2077 3037 esse
2105 3002 2244 3046 judicat.
2269 3004 2386 3045 Neque

1352 3070 1437 3103 enim
1459 3069 1519 3111 qui
1545 3068 1662 3109 dignus
1679 3068 1729 3099 est
1747 3064 1875 3108 parvis,
1901 3063 2104 3106 dignumque
2127 3071 2161 3095 se
2176 3060 2288 3104 parvis
2297 3060 2385 3103 ¹iudi·

1351 3130 1424 3167 cat,
1441 3125 1668 3169 magnanimus
1685 3125 1817 3162 dicitur,
1838 3122 1895 3156 sed
1913 3124 2100 3164 temperans
2119 3130 2126 3150 =
2147 3120 2271 3163 quippe
2283 3119 2384 3153 animi

1349 3186 1539 3228 magnitudo
1571 3185 1605 3217 in
1636 3181 1858 3225 magnitudine
1881 3181 1944 3213 sita
1974 3182 2035 3212 cst.
2082 3181 2232 3221 Namque
2267 3177 2384 3211 eodem

1349 3246 1446 3280 modo
1461 3246 1504 3278 ad
1517 3246 1753 3287 temperantem
1769 3251 1804 3276 se
1827 3242 1927 3274 habet
1958 3240 2193 3283 magnanimus,
2223 3248 2290 3281 quo
2305 3238 2383 3281 pul-

298 3361 314 3376 *
339 3358 378 3392 Ὁ
395 3358 428 3391 δὲ
442 3359 658 3402 μικροπρεπὴς
672 3358 743 3399 περὶ
760 3357 868 3389 πάντα
889 3358 1019 3397 ἐλλείψει
1037 3359 1104 3388 κτλ.
1123 3374 1162 3379 ——
1183 3359 1217 3375 ¹¹*
1236 3360 1309 3390 Εἰσὶ
1330 3359 1386 3400 μὲν
1408 3358 1461 3391 οὖν
1482 3360 1513 3390 αἱ
1530 3360 1606 3396 ἕξεις
1628 3357 1723 3389 αὗται
1737 3354 1846 3387 κακίαι
1866 3356 1933 3386 κτλ.
1949 3371 1989 3377 —
2002 3353 2055 3370 ***
2077 3353 2155 3392 cap.
2179 3354 2209 3383 3.
2227 3353 2247 3390 ἡ
2269 3349 2303 3383 δὲ
2322 3361 2380 3392 με·

258 3407 438 3448 γαλοψυχία
454 3407 527 3447 περὶ
542 3405 664 3446 μεγάλα
681 3406 744 3437 κτλ.
761 3420 803 3427 -
818 3403 890 3423 ****
907 3406 1004 3435 Δοκεῖ
1018 3404 1050 3435 δὲ
1068 3405 1285 3448 μεγαλόψυχος
1305 3407 1375 3440 κτλ,-
2062 3414 2066 3418 ’

2283 3512 2325 3529 -.ἶ
