2508 3776
18 251 22 254 ⁴
60 263 65 267 ’
108 257 336 312 αὗτὰλόγων.
354 256 474 298 Ὅταν
493 253 608 294 τοίνυν
629 248 681 300 οἷς
701 253 765 307 μὲν
784 254 927 306 λέγουσι
946 251 1009 301 τὴν
1031 249 1160 299 ἡδονὴν

107 317 266 374 ψόγοισι,
281 317 327 359 δι’
346 311 397 357 ὧν
418 315 455 356 δὲ
472 319 611 355 ποιοῦσι
642 315 703 354 καὶ
721 313 921 368 πάσχουσιν
946 313 1138 352 ἐπαινῶσιν
1151 340 1163 359 ,

27 419 31 422 ,
107 378 244 423 ἑαυτοῖς
261 374 501 429 ἀντιλέγοντες
511 407 522 424 ,
541 375 609 415 ὑπὸ
622 376 691 414 τῶν
707 375 903 414 ἀκουόντων
925 371 987 414 καὶ
1002 372 1163 425 ὁρώντων

35 465 38 468 ·
106 437 397 491 καταγελῶνται·
423 436 485 476 καὶ
500 442 572 481 τοῖς
593 434 708 488 λόγοις
740 435 837 474 οὐδὲν
867 434 1002 486 μᾶλλον
1021 430 1162 480 ὤνησαν

19 510 54 543 j
105 494 186 543 τοὺς
199 495 372 547 πολλούς,
396 495 464 536 ὑπὸ
498 497 568 534 τῶν
585 494 807 548 πραγμάτων
828 488 1084 546 ἐλεγχομένοις.
1115 489 1163 530 Ὅ

47 559 54 582 's
105 556 175 612 γὰρ
195 555 314 612 ψέγων
349 556 412 605 τὴν
432 554 560 604 ἡδονὴν
588 554 704 610 ὀφθείς
736 569 822 594 ποτε
841 552 1019 606 ἐφιέμενος
1037 551 1160 598 αὐτῆς,

27 615 50 666 {³
107 615 309 656 ἆποκλίνιιν
343 617 440 656 δοκεῖ
469 614 554 670 πρὸς
586 613 718 665 αὐτήν,
744 612 805 652 καὶ
825 611 954 664 ἀγαθὸν
977 613 1162 662 ἡγεῖσθαι·

38 680 52 712 ί
105 675 166 716 καὶ
181 675 275 716 οὕτω
295 675 397 722 δόξαν
418 674 572 723 ἐντίθὴσι
605 674 679 718 τοῖς
705 674 837 726 δρῶσιν
854 672 894 712 οὔ
927 669 1005 710 τινὰ
1034 667 1162 717 ἡδονὴν

36 776 41 784 ἢ
106 736 237 789 ἀγαθὸν
258 730 348 777 εἶναι
362 765 375 786 ,
399 734 479 775 ἀλλ’
509 734 632 778 ἅπλῶς
669 730 811 772 ἅπασαν
839 731 1075 770 ἐπαινεῖσθαι.
1110 728 1165 768 Τὸ

35 792 42 814 ’“’
105 794 174 851 γὰρ
193 795 355 851 διορίζειν
388 794 450 835 καὶ
470 795 638 847 διαιρεῖν,
672 790 734 831 καὶ
766 790 807 830 τὸ
827 789 891 842 μὲν
915 787 1043 841 ἀγαθὸν
1075 779 1164 826 εἶναι

40 885 42 889 ·
105 856 259 910 κρίνειν,
286 855 491 910 ἰνδέχεσθαι
511 853 548 893 δὲ
568 851 681 901 ἄλλην
703 850 841 905 φαύλην
861 842 972 897 εἶναι,
995 850 1059 888 οὐκ
1090 847 1165 887 ἔστι

105 917 176 955 τῶν
209 917 349 958 πολλῶν
361 928 371 939 ·
401 916 480 955 ἀλλ’
523 911 600 965 ἅμα
631 927 668 951 τε
706 903 796 950 εἶδον
825 909 883 950 τὸν
917 911 996 948 νοῦν
1035 906 1164 961 ἔχοντα

36 977 45 1028 J
105 974 215 1029 ἡδονῇ
243 990 311 1015 τινι
341 974 512 1029 χαίροντα
527 1004 536 1020 ,
566 971 627 1011 καὶ
651 975 771 1010 πᾶσαν
793 967 922 1018 ἡδονὴν
951 968 1081 1019 ἀγαθὸν
1103 967 1166 1007 καὶ

106 1034 244 1089 αἱρετὸν
277 1033 445 1091 ᾠήθησαν
470 1026 583 1085 εἶναι,
614 1030 676 1072 καὶ
703 1030 812 1075 οὕτως
833 1032 872 1069 οὗ
893 1028 998 1082 μόνον
1018 1026 1042 1067 ἃ
1065 1027 1165 1068 ἐδού-

31 1103 45 1140 ’,
105 1095 208 1136 lom
225 1096 290 1136 οὒκ.
305 1095 470 1146 ἔπεισαν,
495 1093 589 1134 ἀλλὰ
605 1093 666 1133 καὶ
682 1092 746 1141 τὴν
770 1092 936 1142 ἀλήθειαν
969 1090 1164 1147 προσαπώ-

105 1154 216 1195 hcm

38 1211 42 1213 “
160 1213 310 1258 *Ὅθεν
341 1213 515 1270 φανερόν,
541 1213 595 1254 ὅτι
629 1213 660 1253 οἱ
692 1214 833 1261 ἀληθεῖς
862 1211 959 1265 λόγοι
996 1214 1036 1252 οὗ
1059 1212 1164 1264 μόνον

35 1287 59 1333 ‘43‘
91 1273 271 1330 πρὺςτὴν
285 1277 414 1331 γνῶσιν
423 1272 697 1330 χρησιμώτατοί
715 1273 797 1321 εἶσι,
821 1272 959 1322 πλάνης
979 1271 1163 1326 καθαίρον-

88 1334 167 1384 ’τίς
182 1333 346 1387 finde-qq,
368 1335 463 1375 ἀλλὰ
477 1334 538 1375 καὶ
557 1336 608 1388 τῷ
631 1332 697 1388 βίῳ
707 1334 947 1373 λυσιτελοῦσι·
977 1331 1159 1372 πιστεύον-

38 1430 42 1433 *
96 1392 167 1436 *m
179 1392 248 1451 γὰρ
263 1398 336 1440 τοῖς
350 1393 464 1449 ἔργοις
477 1395 763 1438 ἀκολουθοῦντες.

25 1467 28 1470 ·
55 1487 58 1491 .
161 1451 337 1509 (Scripsi
359 1467 369 1492 ι
390 1457 406 1477 ⁸
421 1454 462 1494 οὗ
492 1452 574 1494 τινὰ
596 1450 745 1501 ἡδονὴν]
777 1451 899 1504 vulgo
920 1450 959 1491 οὔ
984 1467 1062 1491 τινα
1082 1450 1163 1498 ἡδο-

45 1538 50 1540 -
93 1512 182 1562 ’νὴι
195 1510 265 1568 -”)
295 1515 298 1518 ’

554 1647 645 1699 Κεφ.
679 1645 727 1699 β’.

55 1692 60 1695 ’
94 1685 177 1707 (Aa,
247 1703 250 1705 ,

42 1764 49 1790 f
93 1748 192 1796 μἮ
201 1757 261 1796 τοῦ
277 1754 417 1798 Εὐδόξου
429 1759 501 1804 περὶ
514 1760 628 1800 ἡδονῆς
637 1759 806 1801 ὑπόληψις,
822 1757 876 1790 καὶ
892 1757 1079 1796 Πλάτωνος,

148 1809 205 1843 πάι
221 1809 336 1852 ἐτέρων
353 1817 363 1826 ·
380 1809 435 1842 καὶ
452 1808 500 1841 ἔτι
517 1809 565 1841 ὅτι
578 1809 694 1851 ἀγαθὸν
709 1809 729 1847 ἠ
743 1807 858 1846 ἡδονή.
870 1807 925 1840 καὶ
939 1806 977 1839 οὗ
991 1809 1083 1839 πᾶσα

150 1857 261 1902 αἱρετή
273 1867 282 1876 ·
296 1857 351 1890 καὶ
366 1857 455 1895 λύσις
466 1859 531 1890 τῶν
553 1857 704 1890 ἐναντίων
721 1856 838 1897 λόγων.

44 1984 50 2010 5
111 1952 138 2007 ..ᾖ
157 1953 200 1989 .**
215 1953 307 2008 Περὶ
326 1952 390 2006 μὲν
418 1951 552 1994 τούτων
576 1954 671 1999 ἅλις·
689 1951 848 2005 λέγωμεν
869 1951 905 1991 δὲ
925 1951 1006 2005 περὶ
1023 1951 1163 1999 ἡδονῆς.

35 2019 38 2021 ’
107 2013 341 2069 Κβὶψτρῶτον
366 2012 588 2064 ἐκθησόμεθα
609 2012 670 2058 τὰς
689 2014 759 2051 τῶν
776 2013 938 2052 παλαιῶν
959 2010 1040 2063 περὶ
1058 2012 1167 2059 αὐτῆς

109 2073 220 2121 δόξας.
240 2071 288 2113 ‘0
297 2070 362 2124 μὲν
377 2065 438 2112 οὗν
459 2071 609 2117 Εὔδοξος
624 2071 711 2111 αὐτὸ
719 2071 758 2111 τὸ
773 2071 922 2124 ἔσχατον
932 2070 1061 2122 ἀγαθὸν
1077 2069 1167 2124 ᾤετο

99 2190 248 2244 mummi
260 2190 408 2244 λογικά,
423 2190 486 2231 καὶ
503 2190 615 2244 ἄλογα
628 2205 638 2216 ·
653 2185 692 2231 οἶ
710 2191 747 2230 δὲ
758 2190 875 2231 πάντα
904 2192 1051 2244 ἐφίεται,
1064 2189 1166 2228 τοῦτό

38 2277 43 2280 -
74 2262 78 2267 ’
99 2250 246 2292 aina-eb
264 2250 410 2291 πάντων
421 2250 593 2305 ὑπερέχον
615 2253 684 2290 τῶν
707 2251 867 2304 ἀγαθῶν·
885 2248 974 2305 ᾤετο
989 2247 1057 2302 γὰρ
1076 2250 1165 2301 ἄγα-

45 2350 54 2356 „
72 2301 78 2323 ⁸
103 2309 255 2363 θὶινὲμὶν
268 2311 411 2366 ἑκάστῳ
433 2304 522 2351 εἶναι
545 2311 640 2356 ἰδίως
657 2310 676 2351 δ
696 2311 844 2356 ἕκαστος
865 2313 973 2359 ζητεῖ.
993 2310 1166 2363 Καθάπερ

47 2375 63 2424 g,
89 2367 174 2426 ὀιαὶ
208 2370 341 2426 τροφὴν
373 2369 520 2416 ἕκαστος
534 2375 551 2395 ⁸
579 2371 697 2411 διώκει
723 2371 786 2419 τὴν
817 2372 914 2425 αὐτῷ
945 2370 1080 2423 ἀγαθὴν
1107 2370 1167 2409 καὶ

58 2427 65 2467 s
104 2425 296 2488 ᾎἪσιτιλῆ·
313 2437 405 2471 πᾶσι
445 2430 483 2471 δὲ
513 2434 636 2478 κοινῶς
671 2431 801 2483 ἀγαθὸν
838 2425 876 2470 οὗ
899 2430 1016 2470 πάντα
1045 2431 1168 2475 κοινῶς

47 2499 75 2552 ³2³
107 2481 286 2558 ᾢίὲντᾷι,
306 2490 368 2543 καὶ
389 2489 543 2546 πορίζειν
568 2490 757 2545 βούλονται
776 2493 929 2536 ἑαυτοῖς·
952 2490 970 2530 ὃ
988 2489 1025 2530 δὲ
1056 2488 1166 2529 πᾶσίν

66 2553 74 2613 J·
110 2552 130 2598 ἰ
157 2568 213 2606 ’.ν’
224 2552 349 2606 ἅπλῶς
370 2551 521 2606 ἀγαθόν,
558 2551 620 2592 καὶ
640 2547 678 2593 οὗ
711 2552 830 2592 πάντα
869 2552 1031 2606 ἐφίεται,
1065 2554 1167 2591 τοῦτο

49 2606 66 2670 ᾖ
107 2607 276 2663 arnimaro
308 2609 460 2666 ἷσχατον
495 2612 647 2665 ἀγαθόν·
669 2615 784 2652 ταῦτα
821 2612 885 2664 μὲν
917 2606 975 2651 οὖν
1013 2610 1164 2656 Εὔδοξος

79 2699 82 2702 ·
106 2673 330 2724 &maistre
344 2671 426 2727 περὶ
445 2675 510 2721 τῆς
526 2673 663 2720 ἡδονῆς.
682 2671 934 2712 Ἐπιστεύοντο
962 2670 998 2710 δὲ
1020 2672 1051 2710 οἱ
1071 2671 1168 2722 λόγοι

54 2740 58 2778 j
75 2730 259 2781 4,τῦὶυτὴιι
277 2733 313 2772 ἦν
331 2734 382 2785 τῷ
396 2732 475 2780 ἤθει
495 2736 556 2772 τοῦ
573 2732 731 2784 λέγοντος
754 2731 882 2785 ἀρετὴν
905 2733 1060 2783 μᾶλλον,
1080 2730 1103 2778 ἢ
1125 2732 1168 2770 δι’

108 2789 256 2849 §moue
270 2802 278 2812 ·
305 2789 456 2845 σώφρων
475 2790 544 2844 γὰρ
563 2789 612 2830 ὤν
634 2791 866 2847 διαφερόντως
880 2821 892 2842 ,
922 2794 989 2845 οὐχ
1004 2795 1051 2836 ὥς
1070 2790 1168 2845 φίλος

62 2890 63 2895 ,
109 2853 176 2899 τῆς
193 2850 322 2898 ἡδονῆς
347 2849 461 2890 ἐδόκει
493 2853 608 2890 ταῦτα
644 2851 782 2904 λέγειν,
819 2852 911 2892 ἀλλὰ
952 2853 1003 2906 τῷ
1035 2851 1168 2906 σφόδρα

107 2910 174 2956 ἰἥς
203 2907 370 2957 ἆληθείας
400 2909 609 2964 φροντίζειν.
632 2907 717 2951 Ἔτι
739 2909 776 2950 δὲ
795 2912 856 2951 καὶ
878 2914 918 2952 ἐκ
932 2915 992 2951 τοῦ
1011 2910 1168 2951 ἐναντίου

50 2977 66 3027 ζ,
111 2968 156 3023 τῇ
176 2967 284 3021 ἡδονῇ
307 2970 369 3017 τῆς
384 2966 498 3019 λύπης
513 2970 662 3025 φανερὸν
684 2970 773 3026 ᾤετο
805 2965 895 3010 εἶναι
912 2988 921 2997 ·
939 2970 1004 3019 τὴν
1022 2970 1092 3025 γὰρ
1111 2970 1169 3010 λύ-

58 3079 65 3083 ,.
110 3041 186 3087 'gem
203 3026 321 3068 πάντα
335 3028 530 3084 φεύγοντα,
549 3029 614 3080 τὴν
637 3031 763 3080 ἡδονὴν
775 3032 932 3084 ἀνάγκην
951 3026 1039 3072 εἶναι
1053 3030 1168 3069 πάντα

48 3104 54 3126 ῑ
112 3082 264 3147 διῷκειν·
276 3088 341 3132 ὅδὲ
358 3089 476 3130 πάντα
489 3091 621 3141 διώκει,
638 3096 741 3132 τοῦτο
753 3085 842 3132 εἶναι
863 3093 903 3133 τὸ
920 3091 1065 3145 ἀγαθόν.
1083 3090 1167 3131 Ἔτι

61 3195 63 3198 ¹
112 3146 175 3196 ml
191 3146 302 3194 οὕτως
321 3150 501 3206 ἐπεχείρει
530 3151 663 3205 λέγων·
699 3152 855 3204 μάλιστα
882 3151 1020 3207 αἱρετὸν
1047 3144 1170 3191 εἶναιὸ

59 3230 68 3267 ‘3
112 3202 158 3253 δι’
171 3210 276 3251 ίαυτὸ
293 3212 430 3266 αἱρετόν
452 3215 542 3262 ἐστι,
567 3213 627 3253 καὶ
645 3212 664 3252 ὃ
683 3212 733 3264 μὴ
756 3213 800 3252 δι’
816 3213 933 3267 ἕτερον
950 3243 960 3265 ,
982 3212 1072 3265 μηδὲ
1091 3213 1169 3251 ἑτέ-

52 3315 65 3320 ‚,
115 3281 177 3322 pou
192 3268 299 3323 χάριν
317 3270 511 3325 αἱρούμεθα
527 3287 535 3296 ·
567 3275 721 3312 τοιοῦτον
747 3272 783 3312 δὲ
813 3275 969 3327 φανερῶς
993 3272 1058 3319 τὴν
1078 3272 1167 3320 ἡδο-

616 160 918 204 ETHICORUM
947 158 1398 202 NICOMAGHEORUM
1426 146 1804 201 PARAPHR‘ASIS.

41 2162 47 2171 2
97 2131 318 2184 ,fivsffiowlv
333 2125 436 2182 εἶναι,
451 2131 542 2172 διότι
561 2131 677 2171 πάντα
686 2131 780 2185 ἑώρα
800 2134 863 2178 τῆς
881 2131 1008 2179 ἡδονῆς
1028 2129 1176 2182 ἐφιέμε·’

2211 158 2290 197 543

1236 275 1314 308 ergo
1344 267 1453 300 verbis
1481 267 1618 309 quidem
1642 267 1852 310 voluptatem
1877 265 2081 309 vituperant,
2105 263 2294 298 actionibus

1238 328 1351 358 autem
1378 326 1448 359 suis
1479 336 1554 359 eam
1578 328 1613 359 et
1643 324 1822 359 affectibus
1852 323 2098 363 commendant,
2127 325 2228 365 atque
2255 332 2295 355 eo

1237 385 1338 418 modo
1361 384 1423 419 sibi
1451 385 1693 426 contradicunt,
1714 384 1756 418 ab
1777 383 1819 417 iis
1847 383 1907 427 qui
1927 382 2070 416 audiunt
2091 391 2131 416 ea
2155 384 2215 415 aut
2242 381 2295 415 vi-

1238 444 1330 486 dent,
1349 444 1502 478 ridentur
1520 458 1529 479 :
1554 455 1662 488 neque
1679 444 1866 488 quidquam
1881 443 2092 477 multitudini
2119 443 2162 476 iis
2183 441 2296 477 verbis

1237 507 1387 547 prosunt,
1406 514 1484 548 quae
1508 505 1609 539 rebus
1622 505 1703 548 ipsis
1718 504 1921 539 refutantur.

1279 566 1364 598 Nam
1387 565 1447 608 qui
1467 565 1674 608 voluptatem
1695 565 1878 608 vituperat,
1909 563 2093 607 siquando
2116 572 2190 596 eam
2217 571 2296 595 oon-

1238 624 1407 667 cupiseere
1428 625 1522 658 visus
1548 627 1621 667 est,
1651 624 1809 658 inclinare
1836 624 1879 658 ad
1898 633 1972 661 eam
1994 623 2184 666 bonumque
2204 621 2296 655 illam

1238 684 1430 719 existimare
1455 684 1590 718 videtur
1619 698 1626 719 :
1657 695 1725 728 quo
1755 684 1934 727 persuadet
1965 683 2199 727 praesentibus,
2231 691 2297 715 non

1238 745 1407 788 quandam
1438 747 1570 779 tanturn
1590 745 1798 788 voluptatem
1830 745 1951 778 bonam
1981 753 2063 783 esse,
2083 743 2142 777 sed
2163 742 2298 775 omnino

1237 815 1370 838 omnem
1387 805 1602 838 laudandam.
1616 804 1760 838 Definire
1776 804 1865 838 enim
1879 803 2010 846 aliquid
2026 812 2065 835 ae
2078 802 2295 844 d1stinguere‚

1239 868 1273 899 et
1293 865 1379 898 hane
1395 865 1534 908 quidem
1553 864 1674 898 bonam
1687 863 1851 907 iudicare,
1871 863 1963 897 illam
1984 871 2065 895 vero
2083 861 2207 894 malam
2225 869 2298 893 esse

1238 934 1345 967 posse,
1382 933 1447 957 non
1469 926 1521 958 est
1540 923 1632 966 vulgi
1656 936 1665 956 ε
1697 923 1756 956 sed
1788 922 1928 956 simulac
1960 922 2071 956 virum
2098 920 2299 964 prudentem

1239 984 1352 1027 aliqua
1368 984 1540 1026 voluptate
1568 983 1727 1016 delectari
1744 982 1915 1023 viderunt,
1932 991 2064 1015 omnem
2084 981 2187 1014 etiam
2205 980 2300 1014 volu-

1241 1046 1369 1087 ptatem
1388 1043 1510 1077 bonam
1532 1052 1604 1076 esse
1633 1044 1734 1085 atque
1759 1041 1979 1084 expetendam
2009 1042 2176 1080 statuunt,
2197 1041 2300 1082 atque

1239 1105 1287 1138 ita
1302 1113 1368 1137 non
1385 1103 1485 1137 modo
1500 1113 1566 1136 non
1580 1102 1765 1145 probarunt
1780 1110 1858 1144 quae
1873 1101 2042 1141 volebant,
2057 1100 2117 1134 sed
2129 1099 2231 1134 etiam
2241 1107 2299 1132 ve-

1238 1165 1374 1198 ritatem
1395 1163 1497 1197 simul
1517 1164 1721 1196 everterunt.

1280 1224 1375 1257 Unde
1403 1225 1507 1266 patet,
1531 1231 1630 1256 veros
1645 1230 1820 1255 sermones
1838 1230 1904 1254 non
1925 1219 2035 1253 solum
2065 1218 2108 1252 ad
2138 1218 2301 1261 cognitio-

1239 1295 1315 1318 nem
1331 1283 1530 1318 utilissimos
1547 1291 1630 1322 esse,
1655 1284 1773 1324 utpote
1786 1281 1878 1315 omni
1897 1289 2009 1314 errore
2028 1288 2090 1312 nos
2106 1278 2298 1316 liberantes,

1240 1344 1299 1378 sed
1315 1344 1418 1378 etiam
1445 1342 1489 1376 ad
1502 1342 1608 1376 vitam
1626 1341 1784 1386 prodesse
1803 1355 1811 1384 ;
1829 1340 2013 1376 creduntur
2028 1339 2128 1378 enim,
2147 1338 2227 1382 quia
2255 1336 2302 1371 fa-

1241 1404 1305 1438 ctis
1324 1404 1521 1447 congruunt.

1696 1662 1786 1704 cap„
1802 1662 1845 1694 11.

1242 1779 1357 1808 Eudoxi
1382 1782 1413 1806 et
1432 1776 1569 1807 Platonis
1585 1777 1622 1806 de
1642 1777 1802 1813 voluptate
1823 1776 1942 1812 opiniog
1960 1775 2035 1804 item
2048 1774 2182 1803 aliorum
2197 1783 2206 1802 ι
2223 1773 2299 1810 pr}-

1278 1831 1360 1855 terea
1378 1826 1493 1862 bonum
1506 1833 1573 1854 esse
1592 1826 1796 1860 voluptatem,
1811 1831 1911 1859 neque
1933 1830 2056 1852 omnem
2084 1827 2188 1851 tamen
2211 1830 2303 1858 expe-

1278 1874 1403 1902 tendam
1419 1880 1486 1901 esse
1503 1881 1512 1901 2
1530 1876 1596 1901 tum
1610 1871 1842 1901 contrariorum
1857 1874 2116 1907 argumentorum
2129 1869 2302 1898 dissolutio.

1281 1971 1325 2003 Et
1340 1970 1382 2003 de
1396 1970 1451 2003 his
1472 1969 1611 2013 quidem
1629 1969 1735 2003 satis:
1752 1969 1822 2011 jam
1847 1977 1928 2002 vero
1945 1967 1987 2001 de
2010 1967 2184 2010 voluptate
2210 1966 2301 1999 dica-

1241 2032 1327 2055 mus.
1353 2024 1400 2055 Ac
1415 2023 1561 2065 primum
1581 2022 1718 2064 quidem
1738 2023 1892 2055 veterum
1911 2021 1953 2054 de
1981 2030 2020 2053 ea
2045 2020 2217 2062 opiniones
2243 2028 2304 2052 ex-

1240 2086 1412 2119 ponemus.
1440 2076 1605 2110 Eudoxus
1624 2076 1726 2118 igitur
1754 2075 1865 2118 ipsum
1894 2064 2065 2107 summu‘m
2086 2074 2211 2106 bonum
2233 2082 2305 2105 esse

1241 2130 1448 2172 voluptatem
1479 2130 1631 2171 putabat,
1665 2128 1746 2170 quia
1768 2127 1880 2160 omnia
1909 2127 2077 2166 animalia,
2106 2129 2141 2159 et
2178 2125 2305 2158 ratione

1240 2183 1381 2226 proedita
1397 2185 1431 2215 et
1445 2183 1583 2216 rationis
1598 2182 1759 2225 expertia,
1777 2191 1851 2216 eam
1867 2183 2022 2223 appetere
2037 2179 2167 2213 videret
2187 2191 2195 2211 ε
2213 2178 2304 2222 quod

1240 2238 1320 2269 vero
1349 2236 1391 2269 ab
1412 2236 1568 2269 omnibus
1596 2236 1776 2278 appetitur,
1810 2234 1846 2268 id
1869 2234 2019 2267 omnium
2054 2234 2219 2266 bonorum
2253 2234 2305 2265 est

1183 2298 1186 2301 ’
1241 2291 1430 2324 extremum
1452 2301 1460 2322 ι
1479 2289 1709 2322 arbitrabatur
1739 2288 1839 2329 enim,
1866 2287 1957 2329 quod
1978 2287 2042 2320 sibi
2064 2287 2207 2329 quisque
2226 2295 2303 2328 pro-

1240 2342 1311 2384 prie
1329 2341 1464 2385 quaerit,
1506 2341 1541 2374 id
1561 2341 1591 2374 ei
1616 2341 1741 2374 bonum
1759 2349 1842 2373 esse.
1870 2340 1965 2372 Sicut
1992 2338 2055 2371 sibi
2084 2338 2227 2381 quisque
2242 2337 2302 2370 bo-

1240 2405 1322 2428 num
1351 2396 1385 2428 et
1414 2393 1627 2427 commodum
1659 2394 1771 2427 eibum
1794 2393 1947 2435 appetit:
1977 2391 2200 2425 communiter
2224 2401 2305 2425 vero

1240 2448 1364 2481 bonum
1381 2447 1547 2486 omnibus,
1571 2446 1663 2489 quod
1682 2446 1725 2479 ab
1741 2446 1897 2478 omnibus
1909 2444 2038 2488 petitur
2052 2446 2086 2477 et
2104 2443 2195 2487 quod
2213 2453 2306 2477 eom-

1240 2511 1358 2545 parare
1371 2501 1434 2534 sibi
1448 2501 1566 2534 volunt
1583 2512 1591 2533 z
1605 2500 1697 2543 quod
1710 2509 1790 2533 vero
1803 2498 1959 2532 omnibus
1970 2497 2166 2539 simpliciter
2179 2497 2304 2530 bonum

1241 2557 1293 2588 est
1306 2579 1316 2596 ,
1333 2556 1367 2587 et
1390 2553 1483 2596 quod
1511 2553 1624 2586 omnia
1646 2552 1854 2590 desiderant,
1874 2550 1908 2584 id
1928 2550 2093 2584 bonorum
2113 2551 2304 2583 extremum

1241 2618 1340 2642 esse:
1365 2610 1399 2642 et
1422 2608 1496 2640 hoee
1522 2607 1661 2650 quidem
1689 2608 1850 2641 Eudoxus
1883 2607 1926 2640 de
1954 2607 2129 2650 voluptate
2155 2615 2305 2649 pronun-

1242 2663 1358 2696 tiabat.
1379 2661 1494 2694 Fidem
1519 2670 1599 2694 vero
1630 2660 1773 2695 faciebat
1797 2662 1871 2694 haee
1900 2661 2008 2694 oratio
2034 2662 2171 2704 propter
2194 2659 2305 2693 dicen-

1242 2717 1297 2758 tis,
1316 2716 1380 2748 viri
1396 2715 1479 2748 bene
1502 2714 1635 2754 morati,
1658 2715 1821 2750 virtutem
1839 2717 1956 2759 magis,
1975 2726 2078 2760 quam
2095 2718 2231 2760 propter
2251 2725 2301 2751 se:

1241 2779 1346 2812 quum
1370 2768 1458 2801 enim
1476 2776 1607 2800 summa
1627 2766 1698 2808 ejus
1715 2768 1749 2801 in
1771 2770 1863 2802 victu
1880 2769 2101 2812 temperantia
2119 2771 2218 2809 esset,
2239 2778 2304 2802 non

1241 2828 1281 2859 ut
1303 2824 1489 2867 voluptatis
1511 2823 1640 2856 amicus
1658 2823 1769 2858 dicere
1800 2825 1873 2859 haec
1902 2825 2098 2869 putabatur,
2123 2826 2182 2859 sed
2213 2824 2305 2868 quod

1242 2880 1314 2914 veri
1336 2879 1451 2913 studio
1471 2878 1688 2912 vehementer
1721 2879 1867 2915 arderet.
1900 2880 1989 2919 Quin
2019 2880 2121 2914 etiam
2142 2890 2161 2913 e
2191 2880 2305 2913 dolore

1243 2935 1407 2980 voluptati
1435 2935 1604 2968 contrario
1633 2934 1669 2968 id
1691 2936 1905 2979 perspicuum
1936 2946 2009 2971 esse
2038 2936 2268 2970 arbitrabatur
2294 2950 2302 2970 ε

1241 3003 1347 3036 quum
1364 2991 1453 3025 enim
1469 2991 1581 3024 omnia
1595 2990 1743 3025 dolorem
1761 2991 1902 3034 fugiant,
1921 3001 2055 3026 necesse
2068 3001 2203 3035 quoque
2219 3001 2302 3030 esse,

1242 3052 1281 3083 ut
1311 3050 1518 3092 voluptatem
1540 3049 1652 3082 omnia
1685 3051 1920 3083 consectentur
1945 3049 2063 3093 :quod
2093 3059 2173 3083 vero
2192 3048 2303 3081 omnia

1242 3108 1485 3147 consectentur,
1504 3105 1539 3139 id
1554 3105 1678 3139 bonum
1691 3115 1774 3140 esse.
1791 3106 1857 3140 Sed
1875 3108 1909 3140 et
1922 3104 1989 3140 hoc
2012 3105 2113 3139 modo
2133 3113 2304 3146 argumen-

1242 3163 1307 3196 tari
1327 3161 1510 3196 conabatur
1533 3174 1541 3195 ι
1566 3162 1600 3195 id
1619 3163 1766 3197 maxime
1786 3162 2009 3205 expetendum
2033 3170 2118 3197 esse,
2138 3159 2228 3203 quod
2246 3169 2304 3202 per

1242 3228 1278 3252 se
1303 3217 1527 3261 expetendum
1549 3219 1612 3257 est,
1636 3218 1795 3261 quodque
1814 3228 1879 3251 non
1898 3219 1942 3251 ob
1961 3217 2064 3255 aliud,
2084 3225 2190 3258 neque
2217 3215 2303 3248 alius

1242 3274 1290 3308 rei
1317 3274 1423 3318 gratia
1443 3274 1631 3318 expetimus
1652 3286 1660 3307 z
1683 3275 1784 3307 talem
1807 3276 1921 3307 autem
1941 3272 2114 3316 perspicue
2140 3281 2213 3304 esse
2239 3280 2300 3304 vo-

78 3429 86 3435 -
156 3405 175 3424 *
201 3405 371 3441 Ἐοίκασιν
386 3407 442 3442 οὖν
457 3410 488 3442 οἱ
512 3409 645 3449 ἀληθεῖς
663 3411 732 3444 κτλ.
757 3427 795 3433 -
813 3410 854 3430 *4
874 3410 954 3453 Cap.
976 3413 1006 3443 2.
1027 3409 1166 3448 Εὔδοξος
1182 3408 1240 3452 μὲν
1257 3408 1313 3442 οὗν
1329 3409 1388 3448 τήν
1412 3408 1533 3448 ἡδονὴν
1555 3409 1626 3441 κτλ.
