2528 3788
254 248 280 284 8
1046 244 1244 288 EUSEBII
1272 244 1598 286 FRAGMENTA.

257 333 389 384 με’νοισι
403 332 541 387 παρεὼν
570 332 794 386 ἐλαφρύνοιμι
817 332 914 388 ἠπίῳ
938 332 998 373 καὶ
1021 334 1179 390 ἀκεσίμιρ
1193 334 1288 387 λόγῳ

256 391 316 436 τὰς
340 392 450 437 ἀνίας.
473 391 614 439 Εἰδείην
637 391 809 443 ἓμεωυτὸν
827 391 1013 434 αἷδέεσθαι.
1069 397 1152 434 Τῶν
1171 395 1288 433 καλῶν

250 451 481 525 φιλομαθείην
503 450 677 502 ἀσκέοιμι.
704 450 855 499 Ζητοίην
879 449 928 500 μὴ
946 449 991 490 τὰ
1010 452 1180 504 περισσά,
1200 450 1289 490 ἀλλὰ

255 503 381 560 περὶῗ
355 524 402 547 ων
428 509 588 561 ἄριστον,
613 507 671 547 καὶ
698 508 720 546 ἃ
747 507 866 560 μαθὼν
885 508 1143 562 ὠφελησοίμην.
1182 509 1291 553 Θεους

257 568 390 620 τιμῴην
409 567 469 606 καὶ
501 567 596 621 νόμῳ
621 566 740 612 πόλιος
760 567 820 606 καὶ
851 569 986 620 σπουδῇ
1014 568 1124 618 οἷκείῃ
1148 568 1207 606 καὶ
1222 567 1290 620 νόῳ

256 626 390 665 εὖσεὸέϊ
410 631 441 663 ¹¹.
465 627 542 665 Αἰεὶ
562 632 578 651 V
605 626 644 665 τὸ
676 628 711 665 ἐν
746 627 824 676 ἐμοὶ
855 625 1070 677 θυμούμενον
1104 626 1287 679 ἡμεροίην.

257 684 426 735 Ἐθίζοιμι
445 685 615 735 ἐμεωυτὸν
635 683 719 723 ἵλεω
739 678 826 724 εἶναι
838 713 848 733 ,
868 683 928 723 καὶ
943 683 992 734 μὴ
1015 683 1099 735 πρὸς
1115 682 1161 722 τὰ
1180 683 1291 756 πρηγ-

258 759 352 794 ματα
374 742 466 796 ἔχειν
486 742 667 786 δυσκόλως.
722 742 787 787 Τίς
806 744 975 795 πονηρός,
994 756 1053 780 και
1075 740 1142 780 τίνι
1162 741 1290 780 τούτων

256 801 290 839 τί
307 817 384 840 κοτε
416 801 635 855 πέπρηκται,
658 801 707 852 μὴ
731 801 830 852 μέλοι
851 815 911 851 μοι
929 804 965 825 ¹·
989 798 1117 847 εἰδείην
1149 799 1185 838 δὲ
1215 798 1292 844 τους

257 860 421 912 ἀγαθούς,
440 862 499 899 καὶ
520 860 659 905 τούτους
675 859 940 911 μεταδιώκοιμι.
998 858 1200 911 Ὀφείλοιμι
1220 875 1289 909 μη·

257 919 326 957 δενὶ
349 919 474 970 μηδέν’
496 921 524 958 εἰ
546 919 583 957 δέ
608 934 687 958 κοτε
708 920 768 957 ὑπ’
793 917 947 970 ἀνάγκης
968 917 1124 969 μεγάλης
1142 920 1173 962 ἐς
1192 922 1292 956 τοῦτο

261 976 498 1025 κατασταίην,
526 976 660 1028 γένοιτό
693 993 750 1028 μοι
775 976 926 1029 τάχιστα
950 976 1116 1030 ἐλευθέρῳ
1133 976 1292 1027 γενέσθαι

257 1037 457 1085 δυνηθῆναι.
475 1035 636 1088 Αἷνέοιμι
652 1035 729 1080 τοὺς
750 1034 896 1087 ἀγαθοὺς
917 1035 1088 1088 ἀφθόνως·
1107 1035 1291 1088 φιλόψογον

256 1094 291 1134 δὲ
319 1097 480 1147 γλῶσσαν
517 1094 643 1139 παντὸς
676 1094 924 1145 ἀποστυγοίην.
1006 1092 1148 1141 Εἷδείην
1175 1100 1290 1147 σιγᾶν,

255 1155 334 1207 περὶ
353 1149 401 1194 ὧν
423 1155 575 1207 ἄμεινον.

309 1213 502 1267 (Stobaeus
532 1214 638 1255 Flor.
681 1215 716 1262 l,
756 1214 823 1254 85.
853 1212 1040 1254 Εὐσεὸίου.
1073 1212 1221 1266 Scripsi
1251 1218 1293 1253 :⁸

254 1277 314 1312 τοῦ
333 1289 366 1311 τι
396 1275 599 1326 ἀντιδρᾶσαι
633 1287 720 1312 cum
745 1273 948 1320 Jacobsio;
987 1272 1082 1310 libri
1103 1276 1162 1311 τοῦ
1182 1288 1215 1311 τι
1249 1272 1291 1311 ἂν

256 1333 395 1384 δρᾶσαι.
419 1356 471 1362 -
490 1332 507 1356 ¹²
524 1332 751 1383 διδομένοισι;
772 1332 883 1371 codd.
902 1331 1090 1382 διδομένοις
1105 1332 1167 1370 vel
1193 1332 1290 1370 δεδο·

256 1391 383 1441 μένοις,
405 1395 488 1423 —·‘²
519 1390 628 1441 ἐμέο;
657 1390 767 1429 codd.
787 1392 886 1441 ἐμοῦ.
909 1412 963 1419 -
978 1389 996 1413 ‘¹
1014 1388 1060 1429 τὰ
1080 1389 1144 1441 μὲν
1169 1390 1294 1442 μέτρια

255 1464 342 1488 cum
371 1450 578 1499 Jacobsio;
610 1450 706 1489 libri
740 1449 782 1488 τὰ
803 1448 927 1501 μέτρια
947 1449 1010 1488 vel
1036 1450 1123 1500 μετὰ
1155 1447 1294 1502 μέτρια.

257 1521 334 1539 -ε
355 1511 467 1557 τοῖσι;
490 1509 604 1548 codd.
626 1511 711 1552 τοῖς.
734 1531 784 1537 —-
799 1506 812 1530 ¹
827 1506 949 1559 σχοίην
970 1518 1057 1546 cum
1075 1507 1292 1557 Meinekio;

255 1567 365 1606 codd.
383 1567 516 1620 ἐχοίην.
536 1573 606 1598 -8
626 1567 760 1619 μούνων
781 1566 816 1605 δὲ
829 1568 896 1605 τῶν
915 1565 1290 1616 cun1Valckenari03

254 1625 348 1664 libri
380 1625 515 1676 μούνων
550 1628 580 1664 θ’
615 1628 731 1663 αὑτῶν
759 1626 821 1663 vel
844 1623 977 1675 μούνων
1008 1623 1036 1662 0'
1054 1622 1076 1661 ἃ
1096 1626 1179 1663 τῶν.
1211 1627 1295 1654 —¹²

256 1683 323 1722 αἰεὶ
355 1684 510 1737 ἐφίεσθαι
549 1698 635 1723 cum
665 1684 875 1730 Jacobsi03
914 1682 1149 1721 membranae
1186 1682 1208 1720 ἃ
1246 1685 1295 1722 δεῖ

256 1744 407 1783 ἔσεσθαι.
428 1746 503 1773 ——1
539 1747 640 1797 τῇσι·,
670 1744 785 1783 codd.
807 1745 893 1784 ταῖς.
922 1765 975 1771 -
997 1748 1017 1772 k
1044 1745 1144 1794 τῇσι;
1179 1743 1293 1784 codd.

256 1805 346 1848 ταῖς.
368 1827 419 1834 -
439 1802 449 1826 ¹
479 1805 588 1852 τοῖσι;
622 1803 735 1842 codd.
769 1807 853 1845 τοῖς.
884 1824 936 1831 —
953 1806 978 1825 ¹¹²
998 1800 1155 1852 λόγοισι;
1179 1802 1291 1842 codd.

255 1862 380 1914 λόγοις.
402 1887 454 1892 -
475 1867 494 1886 ¹¹
516 1863 717 1909 ξυνιστᾶσι;
740 1862 855 1900 codd.
875 1860 1082 1906 ξυνιστᾶσιν.
1105 1883 1156 1890 -
1170 1866 1185 1883 ⁰
1204 1861 1269 1899 αἷεὶ
1282 1874 1294 1910 ;

255 1922 348 1960 libri
372 1923 441 1962 ἀεὶ.
463 1945 517 1952 -—-
534 1939 553 1964 p
573 1922 641 1961 αἷεὶ
666 1921 755 1960 τοῖσι
782 1921 960 1973 σώφροσις
991 1919 1102 1958 codd.
1136 1919 1190 1958 ἀεὶ
1220 1925 1297 1964 τοῖς

259 1973 450 2028 σώφροσιν.
466 1998 519 2006 -
534 1985 553 2010 <1
569 1974 769 2022 ἀπελθέειν;
792 1974 887 2012 libri
910 1973 1089 2012 ἀπελθεῖν.
1111 1978 1191 2002 —¹
1208 1979 1297 2012 τοῖσι

258 2035 468 2085 δεομένοισι;
501 2035 596 2074 libri
629 2040 698 2077 τοῖς
739 2034 924 2084 δεομένοις.
959 2055 1012 2062 -
1040 2036 1053 2054 ⁸
1085 2032 1295 2082 κινδύνοισι;

259 2094 371 2133 codd
402 2094 569 2138 κινδύνοις
584 2116 636 2124 —
655 2095 666 2118 ²
687 2095 747 2131 ἀπ’
767 2096 842 2141 ὡν;
867 2092 1036 2143 111)ι·ἰάφ’
1052 2094 1114 2130 ὧν.
1136 2096 1219 2120 —u
1242 2093 1295 2130 εὖ·

261 2152 380 2204 σεὸέϊ;
411 2154 506 2192 libri
540 2152 687 2193 εὖσεῧεῖ.
718 2156 801 2182 ——V
827 2151 895 2191 αἰεὶ
927 2150 966 2190 τὸ
1000 2164 1086 2189 cum
1120 2150 1296 2199 Halmi03

261 2212 373 2251 codd.
396 2211 449 2249 ἀεὶ
471 2211 542 2251 τὸν.
579 2231 631 2241 -—-
647 2216 663 2235 ¹
698 2210 796 2262 μέλοι
836 2225 894 2260 μοι
930 2223 1017 2248 cum
1054 2209 1298 2259 Hirschigi03

259 2271 378 2324 vulgo
400 2269 552 2321 μέλοιμι.
578 2270 656 2322 --“)

261 2419 382 2461 quibus
410 2419 542 2461 insuper
563 2418 693 2450 omnino
712 2417 834 2458 aliquid
860 2416 937 2450 boni
960 2414 1098 2459 adeptus
1121 2416 1299 2449 discedam.

262 2480 434 2519 Nunquam
448 2476 604 2516 adducar,
623 2478 662 2508 ut
676 2475 758 2508 lucri
779 2484 876 2508 causa
891 2484 1035 2517 peccem.
1081 2475 1212 2508 Amicos
1227 2474 1300 2508 dis-

265 2537 407 2570 sidentes
435 2535 653 2568 reconciliem.
698 2534 836 2575 Amicis,
858 2533 887 2566 si
914 2543 1051 2575 queam,
1072 2536 1106 2566 et
1130 2533 1300 2576 indigenti-

265 2596 327 2629 bus
345 2594 528 2628 necessaria
545 2593 758 2636 suppeditem.
802 2593 931 2625 Amicos
954 2593 988 2625 in
1007 2593 1152 2635 periculo
1166 2602 1300 2626 versan-

264 2657 314 2688 tes
328 2680 335 2692 ,
362 2655 390 2686 si
417 2662 533 2695 queam
558 2653 695 2694 juvare,
718 2661 883 2692 nunquam
911 2652 1070 2685 deseram.
1115 2652 1303 2684 Amicorum

265 2714 484 2753 calamitates,
515 2712 764 2753 quibuscunque
797 2711 896 2743 rebus
929 2710 999 2742 fieri
1033 2712 1161 2752 potest,
1195 2711 1306 2743 levare

267 2774 426 2806 studeam.
471 2770 663 2804 Dolentibus
677 2778 871 2802 conversans
881 2769 943 2801 leni
962 2772 995 2801 et
1011 2769 1149 2810 benigna
1160 2769 1305 2802 oratione

267 2841 382 2865 eorum
410 2838 582 2862 moerorem
615 2828 769 2860 minuam.
814 2827 924 2860 Norim
956 2836 1009 2859 me
1042 2827 1149 2868 ipsum
1185 2827 1303 2860 vereri.

268 2893 386 2925 Rerum
413 2889 624 2921 honestarum
643 2886 751 2918 studia
774 2885 889 2917 colam.
934 2886 1087 2922 Quaeram
1103 2894 1166 2917 non
1183 2894 1305 2927 super-

268 2957 430 2988 vacanea,
448 2946 506 2979 sed
524 2955 562 2978 ca
579 2946 619 2977 de
646 2944 766 2986 quibus
783 2943 905 2986 optime
931 2943 1089 2975 habeatur
1114 2943 1252 2984 quaestio
1272 2943 1306 2975 et

269 3017 344 3049 quae
369 3007 521 3049 percepta
541 3004 621 3036 mibi
639 3003 794 3045 prodesse
812 3004 977 3044 poterunt.
1020 3003 1108 3034 Deos
1124 3010 1259 3034 venerer
1274 3003 1308 3034 et

270 3067 337 3099 iitu
355 3065 496 3098 civitatis
510 3066 544 3096 ct
558 3063 688 3105 propria
706 3061 870 3102 diligentia
891 3062 923 3093 et
941 3063 1048 3092 mente
1066 3061 1129 3101 pia.
1174 3062 1308 3102 Semper

271 3127 351 3158 iram
367 3133 474 3157 meam
500 3122 647 3164 placabo.
693 3123 887 3153 Assuescam
910 3119 1056 3151 comitati
1080 3118 1305 3160 sacilitatique,

271 3185 317 3217 ita
336 3186 374 3216 ut
393 3191 445 3215 res
462 3188 668 3222 nequaquam
684 3180 794 3220 iniquo
817 3178 923 3210 animo
948 3178 1060 3209 seram.
1106 3177 1187 3215 Quis
1202 3177 1308 3209 malus

273 3243 317 3276 sit
341 3244 375 3275 et
406 3240 486 3282 quid
512 3239 644 3272 tandem
665 3238 705 3270 ab
724 3237 841 3269 horum
859 3235 975 3277 quovis
998 3236 1162 3277 patratum
1182 3234 1245 3274 sit,
1270 3244 1310 3267 ne

273 3311 405 3341 curem,
425 3299 529 3332 norim
551 3299 661 3330 autem
681 3297 782 3329 bonos
801 3303 923 3336 eosque
939 3295 1055 3327 secter.
1099 3294 1145 3325 Ne
1162 3293 1214 3324 cui
1230 3293 1310 3334 quid

273 3359 411 3393 debeam
443 3369 452 3389 ι
481 3355 539 3389 sed
565 3354 744 3396 siquando
774 3352 864 3384 fatali
891 3350 1083 3384 necessitate
1112 3351 1245 3381 coactus
1271 3357 1309 3380 eo

273 3416 488 3456 descendam,
508 3413 673 3456 contingat
686 3412 766 3445 mihi
779 3437 787 3450 ,
803 3413 842 3443 ut
859 3409 1015 3442 citissime
1030 3417 1147 3449 queam
1167 3406 1307 3439 liberari.

275 3475 418 3508 Laudem
432 3474 531 3506 bonos
548 3470 675 3513 copiose
694 3482 701 3502 ε
718 3469 910 3502 maledicam
923 3468 1032 3500 autem
1046 3464 1188 3505 linguam
1203 3465 1313 3506 quus·

1405 347 1434 375 a.
1458 332 1650 386 Ἄνθρωποι
1672 331 1889 382 πολυμαθίης
1908 329 1999 383 ἔχειν
2017 330 2117 374 δόξαν
2133 329 2156 378 ἢ
2171 333 2233 370 τοῦ
2262 330 2383 379 ἀληθί·

1351 395 1468 438 ζεσθαι
1484 391 1597 445 ἔρωτα
1617 393 1748 431 πλεῦνα
1771 389 1943 429 ἐκτέαται.
2001 388 2132 429 Πολλοὶ
2155 393 2237 442 γοῦν
2261 392 2351 430 τοῖσι
2370 401 2383 418 ·

1351 452 1420 503 πρὸ
1438 453 1574 490 ἑωυτῶν
1596 450 1751 494 ἐναντίας
1771 449 1869 494 δόξας
1889 447 2149 498 συστησάμενοι
2173 447 2236 496 τὴν
2258 450 2384 501 γνῶσιν

1352 514 1410 548 τοῦ
1444 510 1583 557 ἀληθέος
1610 509 1690 561 περὶ
1713 510 1780 548 τῶν
1810 508 2094 560 ἀναγκαιοτάτων
2125 506 2306 561 ἀφείλοντο
2333 509 2383 560 τῷ

1352 568 1415 616 τὴν
1435 568 1551 607 πίστιν
1584 567 1713 606 αὐτέων
1728 566 1745 591 ¹³
1775 566 1824 618 μὴ
1848 569 1883 606 ἐν
1917 566 2049 620 βεὸαίῳ
2069 565 2233 614 ἑστάναι,
2259 563 2384 609 ὑπὸδὲ

1351 632 1411 667 τοῦ
1431 627 1499 666 ἀπὸ
1517 630 1578 675 τῆς
1602 627 1772 680 προτέρης
1800 625 1898 674 δόξης
1925 625 2134 679 περιτρέψαι
2161 625 2196 670 ἐς
2213 629 2229 648 ⁰
2247 624 2387 665 τῶναν·
2418 633 2422 637 ’

1350 685 1434 735 τίον,
1455 686 1555 737 λόγον
1586 685 1915 739 παρασκευάσαντες
1946 688 1980 725 ἐν
2011 688 2061 739 τῷ
2086 681 2388 736 ἀσταθμητοτᾶτῳ

1352 744 1572 797 αἶωρέεσθαι.

1409 802 1612 854 (Stobaeus
1634 802 1735 842 Flor.
1759 802 1824 851 IV,
1849 816 1939 844 100.
1964 801 2153 843 Εὗσεὸίου.
2175 800 2324 854 Scripsi
2344 814 2354 839 z
2373 803 2390 823 ⁸

1351 862 1460 909 τοῖσι;
1483 861 1595 901 codd.
1617 867 1701 906 τοῖς.
1723 884 1778 892 -
1791 860 1809 886 Ῑ)
1829 861 1981 911 αὐτέων,
2007 860 2120 902 codd.
2150 861 2353 900 oeeffivoe-
2371 861 2388 881 ⁶

1354 920 1405 968 ἐς,
1429 921 1528 958 codd
1542 921 1600 964 εἷς.
1610 921 1622 972 )

1407 992 1438 1019 3.
1464 978 1594 1019 Πολλοὶ
1609 981 1678 1018 τῶν
1696 978 1885 1032 ἀνθρώπων
1905 981 1940 1018 ἐν
1956 982 2037 1031 τῇσι
2056 976 2307 1026 ε’σινζηϊήσεσι
2320 978 2388 1017 τῶν
2404 1023 2406 1026 .

1354 1038 1571 1090 πραγμάτων
1592 1038 1718 1089 ὁμοίως
1733 1043 1823 1078 τοῖσι
1841 1037 1996 1091 ἀλόγοισι
2021 1053 2090 1077 των
2109 1038 2170 1083 ζωῗ
2172 1053 2218 1076 ων
2235 1034 2254 1061 ι’
2271 1035 2390 1087 ὥσπερ

1355 1099 1469 1137 ἐκεῖνα
1491 1099 1693 1152 μαχόμενα,
1714 1099 1803 1138 οὕτω
1833 1099 1893 1139 καὶ
1912 1098 2010 1138 αὐτοὶ
2043 1099 2171 1151 μούνου
2201 1101 2264 1138 τοῦ
2289 1102 2389 1137 νικᾶν

1357 1158 1647 1207 μεταποιέονται·
1678 1157 1766 1202 ὅκως
1785 1158 1822 1197 δὲ
1848 1158 2000 1212 (τοῦπερ
2024 1158 2096 1211 χρὴ
2127 1157 2242 1197 πάντα
2280 1156 2391 1210 ἄνδρα

1356 1216 1613 1270 προμηθέεσθαι
1631 1217 1691 1256 καὶ
1712 1217 1857 1266 λέγοντα
1888 1217 1948 1256 καὶ
1969 1217 2196 1272 πρήσσοντα)
2220 1215 2270 1267 μὴ
2291 1215 2389 1267 παρὰ

1356 1274 1394 1313 τὸ
1413 1275 1582 1328 ξυμφέρον
1617 1276 1677 1314 καὶ
1709 1275 1821 1328 σφέων
1855 1277 1967 1315 αὐτῶν
1991 1275 2053 1315 καὶ
2075 1277 2143 1315 τῶν
2174 1273 2390 1327 παριὼτων,

1355 1333 1415 1372 καὶ
1435 1332 1526 1372 ὥστε
1547 1333 1597 1384 μὴ
1625 1334 1667 1373 τὸ
1686 1335 1811 1383 ἀληθὲς
1836 1334 1919 1373 αὐτὸ
1949 1334 2104 1388 βλάψαι,
2140 1332 2259 1374 οὗκὲτι
2287 1330 2392 1386 λόγον

1354 1391 1475 1431 τούτου
1495 1392 1684 1433 ποιέονται.

1410 1450 1606 1502 (Stobaeus
1631 1450 1732 1489 Flor.
1754 1449 1823 1497 IV,
1849 1465 1918 1490 101
1951 1454 2013 1490 τοῦ
2034 1453 2156 1492 αὐτοῦ.
2177 1450 2326 1503 Scripsi
2354 1455 2395 1490 ε·

1355 1511 1460 1560 effici}
1477 1509 1592 1548 codd.
1613 1512 1707 1547 ταῖσι
1725 1532 1779 1540 -
1794 1509 1810 1533 b
1842 1509 1999 1563 ἀλόγοισι
2025 1513 2094 1550 τῶν
2117 1506 2255 1560 ζωΐωνς
2277 1509 2392 1556 codd.

1360 1567 1498 1618 ἀλόγοις
1510 1570 1578 1606 τῶν
1601 1567 1711 1612 ζώων.
1728 1570 1802 1620 -—)

1409 1641 1442 1667 4.
1473 1625 1729 1678 Ἀνθρώποιο·ι“
1760 1627 1870 1680 ἔριδες
1891 1628 2115 1682 προσφιλέες,
2146 1628 2208 1668 καὶ
2233 1631 2294 1667 τοῦ
2311 1627 2395 1680 περὶ

1356 1686 1482 1729 παντὸς
1503 1688 1561 1723 τοῦ
1577 1685 1799 1737 προτεθέντος
1826 1686 2068 1738 ἀντιλέγοντας
2089 1687 2216 1726 ἐθέλειν
2234 1685 2392 1739 κρατέειν

1358 1744 1505 1788 ἄπλετος
1526 1743 1585 1782 καὶ
1608 1743 1730 1796 ἄλογος
1763 1746 1940 1797 ἐπιθυμίη·
1963 1745 2089 1785 ὃκότεὺ
2114 1745 2239 1786 πολλοὶ
2257 1746 2322 1784 οὔκ
2340 1747 2394 1785 αἲ-

1358 1803 1492 1843 δέονται
1509 1806 1524 1826 ‘2
1547 1803 1606 1842 md
1625 1804 1717 1843 κατὰ
1749 1807 1818 1843 τῶν
1853 1805 2160 1845 σπουδαιέστάτων
2180 1803 2241 1844 καὶ
2261 1806 2333 1844 τῶν
2353 1806 2393 1843 οὗ

1356 1861 1425 1915 χρὴ
1447 1864 1496 1914 τῷ
1515 1861 1645 1914 χείρονι
1672 1861 1766 1916 λόγῳ
1799 1870 1919 1913 νικᾶν,
1947 1866 2112 1910 νικῶντες
2134 1863 2233 1911 ἀξίην
2263 1865 2396 1912 κεκλῆ-

1357 1924 1435 1960 σθαι
1454 1920 1553 1967 νίκην
1575 1920 1817 1972 Καδμηΐηνᾱ.

1413 1979 1615 2033 (Stobaeus
1635 1979 1741 2019 Flor.
1765 1979 1832 2030 IV,
1864 1994 1938 2019 102
1959 1985 2019 2020 τοῦ
2040 1982 2159 2020 αὐτου.
2180 1981 2362 2033 Scripsi:
2382 1980 2395 2033 )

1360 2037 1587 2090 ἀνθρώποισι;
1618 2039 1732 2077 codd.
1761 2038 2007 2092 ἀνθρώποισιν.
2029 2064 2082 2071 ·-
2099 2039 2116 2064 δ
2138 2038 2256 2088 ὃκότε;
2278 2041 2392 2080 codd.

1359 2097 1475 2137 ὁπότε.
1495 2119 1547 2127 -
1561 2102 1575 2120 ⁰
1595 2098 1658 2136 οὔκ
1678 2097 1852 2136 αἷδέονται
1872 2112 1958 2136 cum
1984 2099 2171 2138 Jacobsio
2200 2099 2243 2139 in
2261 2099 2394 2141 Addit.

1360 2156 1407 2204 ad
1428 2156 1652 2195 Athenaeum
1673 2169 1762 2208 pag.
1795 2158 1890 2205 1863
1909 2157 2004 2196 libri
2032 2156 2111 2196 οὔτε
2132 2157 2281 2198 δέονται.
2313 2157 2415 2189 —‘¹=

1363 2213 1443 2261 νίκη
1473 2211 1645 2266 Καδμηΐη
1674 2215 1820 2253 dicitur
1849 2215 2014 2254 victoria
2049 2216 2148 2267 ipsis
2177 2215 2397 2255 victoribus

1362 2272 1563 2313 damnosa.
1583 2273 1672 2312 Vid.
1697 2272 1844 2313 Zenob.
1864 2273 2053 2314 Proverb'.
2076 2273 2236 2314 Centur.
2258 2273 2326 2322 lv,
2346 2275 2396 2319 45

1361 2419 1411 2452 vis
1427 2419 1563 2453 oderim.
1607 2422 1729 2453 Tacere
1745 2421 1862 2461 sciam,
1887 2420 1928 2454 de
1947 2420 2066 2462 quibus
2081 2421 2191 2454 tacere
2209 2421 2313 2454 satius
2333 2423 2395 2454 est..

1403 2485 1433 2513 2.
1457 2480 1613 2514 Homines
1631 2481 1734 2514 multa
1752 2481 1861 2523 potius
1887 2481 1971 2514 scire
1991 2480 2112 2520 videri,
2139 2489 2240 2522 quam
2265 2489 2400 2514 volaces

1363 2542 1434 2567 esse
1450 2535 1597 2576 cupiunt.
1640 2535 1736 2567 Multi
1754 2535 1863 2576 igitur,
1881 2533 1961 2567 dum
1984 2533 2017 2566 in
2038 2533 2145 2566 medio
2168 2534 2294 2576 ponunt
2322 2542 2399 2567 sen-

1362 2588 1478 2621 tentias
1496 2588 1663 2621 veteribus
1678 2588 1877 2628 contrarias,
1898 2586 1964 2620 veri
1978 2585 2239 2628 perspicientiam
2253 2585 2288 2618 in
2301 2586 2401 2620 rebus

1363 2640 1504 2673 maxime
1522 2640 1715 2673 necessariis
1730 2640 1868 2677 tollunt,
1887 2638 1935 2671 ita
1949 2639 1987 2671 ut
1999 2647 2111 2671 earum
2127 2637 2209 2671 fides
2226 2637 2398 2680 haudqua-

1364 2701 1461 2735 quam
1479 2695 1570 2727 certa
1597 2694 1657 2734 sit,
1677 2694 1734 2727 sed
1751 2693 1904 2735 quoniam
1922 2700 1963 2724 ex
1986 2690 2121 2733 antiqua
2143 2691 2352 2732 persuasione
2367 2691 2400 2724 in

1364 2747 1561 2780 contrariam
1577 2748 1735 2786 mutatur,
1753 2745 1862 2779 verbis
1883 2744 1926 2778 ad
1939 2744 2033 2777 illum
2052 2743 2151 2776 finem
2170 2744 2399 2777 accommoda—

1363 2802 1407 2836 tis
1419 2828 1427 2842 ,
1446 2801 1589 2835 instabili
1604 2800 1803 2834 volutatione
1820 2798 1969 2841 pendeat.
2123 2801 2127 2805 '

1407 2865 1437 2896 3.
1460 2861 1556 2895 Multi
1582 2859 1730 2893 homines
1756 2859 1790 2891 in
1805 2866 1914 2891 rerum
1937 2855 2182 2896 investigatione
2199 2855 2289 2888 haud
2306 2864 2401 2889 secus

1366 2926 1402 2949 ac
1420 2917 1518 2949 bruta
1547 2914 1696 2947 animalia
1718 2913 1897 2955 pugnantes
1916 2909 2019 2943 solam
2036 2909 2099 2942 sihi
2117 2908 2284 2941 victoriam
2310 2917 2399 2942 asse.

1365 2970 1442 3001 runt
1460 2982 1468 3001 :
1486 2976 1528 3000 ne
1551 2966 1631 3008 quid
1650 2966 1759 2998 autem
1777 2962 1890 3010 (quod
1913 2968 2179 3002 unumquemque
2195 2959 2229 2992 in
2254 2959 2351 2992 dictis
2369 2962 2402 2993 et-

1366 3021 1461 3055 sactis
1481 3028 1596 3053 curare
1615 3017 1767 3060 oportet.)
1785 3016 1906 3058 praeter
1929 3013 2104 3046 utilitatem
2130 3014 2202 3044 tum
2218 3020 2312 3043 suam
2329 3013 2400 3044 tum

1366 3073 1576 3114 praesentium
1602 3071 1770 3105 hominum
1795 3067 1937 3107 accidat,
1958 3075 2038 3099 neve
2057 3065 2179 3098 veritas
2202 3064 2273 3106 ipsa
2290 3065 2402 3097 infrin-

1367 3128 1475 3168 gatur,
1498 3135 1568 3167 ejus
1583 3125 1632 3158 rei
1643 3131 1846 3165 nequaquam
1866 3120 2021 3152 rationem
2037 3117 2170 3150 habent.

1409 3190 1440 3221 4.
1466 3188 1575 3221 Gratae
1605 3187 1681 3219 sunt
1710 3183 1894 3217 hominibus
1921 3179 2140 3213 contentiones
2168 3180 2202 3211 et
2231 3178 2319 3210 omni
2349 3179 2398 3211 rei

1368 3244 1543 3287 propositae
1563 3238 1855 3275 contradicentibus
1878 3236 2036 3267 immensa
2057 3235 2155 3275 atque
2179 3219 2293 3264 insana
2324 3230 2398 3263 vin-

1370 3300 1462 3331 cendi
1487 3296 1666 3338 eupiditas;
1692 3291 1843 3335 quoniam
1871 3287 1966 3320 multi
1985 3296 2047 3319 non
2071 3286 2225 3319 verentur
2247 3284 2345 3317 etiam
2366 3283 2399 3315 in

1371 3351 1469 3384 rebus
1493 3347 1710 3391 gravissimis,
1729 3347 1763 3379 in
1781 3343 1899 3384 quibus
1918 3339 2112 3372 deteriorem
2133 3337 2324 3370 sententiam
2341 3345 2400 3368 su-

1370 3417 1481 3449 perare
1507 3415 1572 3439 non
1604 3402 1768 3443 convenit,
1796 3397 1981 3436 victoriam,
2000 3395 2038 3427 ut
2060 3394 2192 3431 dicitur,
2217 3401 2292 3426 vere
2313 3390 2400 3423 cad-

1379 3474 1482 3496 meam
1500 3464 1631 3495 referre.
