2528 3788
227 230 278 269 84
1166 222 1422 263 SPEUSIPPl

229 319 450 370 ἀναιρεθῆναι
498 313 708 365 κακούργους
749 311 810 350 καὶ
850 310 1073 364 παρανόμους
1086 341 1096 361 ,
1139 310 1261 351 Ἱππο-

225 377 359 414 κόωντα
371 375 433 425 (2⁹)
454 372 516 423 μὲν
536 373 570 410 ἐν
598 369 746 422 Σπάρτῃ
777 369 963 422 τύραννον,
989 368 1175 409 Ἀλκυονέα
1193 370 1259 422 (30)

225 432 260 471 δὲ
284 436 318 472 ἐν
340 431 526 482 Πολλήνῃ,
548 429 607 468 καὶ
635 428 803 481 Σπάρτην
830 429 893 478 μὲν
916 428 1124 482 Τυνδάρεῳ,
1150 428 1262 467 Ποτί-

226 493 324 530 δαιαν
358 490 393 528 δὲ
423 489 481 528 καὶ
509 487 573 535 τὴν
604 488 713 534 ἄλλην
728 487 926 538 ΙΠαλλήνην
959 489 1089 527 Σιθῶνι
1119 489 1182 540 (al)
1213 491 1262 542 τῷ

227 551 441 592 Ποσειδῶνος
460 545 773 600 παρακαταθέσθαι
788 546 864 599 (82),
890 547 949 585 καὶ
965 546 1029 595 τὴν
1051 547 1113 597 μὲν
1131 550 1262 587 Λακω-

223 609 320 657 νικὴν
339 607 416 651 τοὺς
437 606 688 660 Ἀριστοδήμου
709 607 836 650 παῖδας
859 607 893 645 ἐν
913 608 988 650 ταῖς
1013 605 1260 658 Ἡρακλειδῶν

224 668 379 712 καθόδοις
398 666 607 714 ἀπολαὸεἷν,
634 665 830 712 Παλλήνην
848 665 883 703 δὲ
907 665 1095 718 Ἐρετριεῖς
1115 665 1174 704 καὶ
1190 667 1260 705 Κο-

225 727 384 777 ρινθίους,
404 726 463 765 καὶ
479 724 556 769 τοὺς
571 724 641 764 ἀπὸ
666 725 793 778 Τροίας
817 723 997 776 Ἀχαιούς,
1018 723 1260 775 Ἡρακλειδῶν

223 781 328 824 οὖσαν
348 790 553 837 κατασχεῖν.
624 783 696 823 Τὸν
719 782 820 822 αὐτὸν
847 782 883 820 δὲ
903 781 1028 835 τρόπον
1063 781 1261 835 ἐξαγγέλλει

225 843 285 898 (33)
305 846 384 896 περὶ
406 844 468 892 τὴν
487 843 690 895 Τορωναίαν
716 841 794 887 τοὺς
817 841 1023 894 Πρωτείδας
1039 843 1087 892 (34
1102 841 1115 892 )
1133 842 1261 893 τυράν-

223 920 311 951 νους,
329 905 478 954 Τμῶλον
492 905 558 956 (35)
579 902 640 941 καὶ
658 900 854 954 Τηλέγονον
871 903 918 946 ὡς
935 901 1114 953 Ἡρακλῆς
1133 901 1260 949 ἀνέλοι,

223 961 282 999 καὶ
297 961 377 1014 περὶ
397 960 613 1013 Ἀμὸρακίαν
630 959 783 1007 Κλείδην
803 958 956 1003 καὶτοὺς
973 959 1122 999 Κλείδου
1136 959 1261 1002 παῖδας

223 1019 450 1067 ἀποκτείνας,
477 1019 723 1073 Ἀριστομάχῳ
754 1019 817 1071 μὲν
850 1021 900 1070 τῷ
931 1020 1082 1062 Σιθῶνος
1105 1017 1166 1064 τὴν
1195 1019 1261 1056 Το-

223 1078 372 1129 ρωναίαν
393 1080 512 1129 τηρεῖν
537 1077 782 1131 προστάξειεν,
805 1078 845 1125 ἣν
872 1077 1061 1120 Χαλκιδεῖς
1091 1076 1260 1129 ὑμετέραν

221 1130 325 1175 οὖσαν
361 1137 576 1189 κατῴκισαν’
611 1136 750 1190 Λαδίκῃ
769 1136 804 1175 δὲ
827 1136 887 1175 καὶ
920 1135 1089 1188 Χαράττῃ
1106 1134 1170 1187 (36)
1197 1134 1260 1181 τὴν

222 1195 460 1247 Ἀμὸρακικὴν
480 1195 599 1248 χώραν
621 1194 845 1249 ἐγχειρίσειεν
861 1195 927 1248 (37)
948 1194 1049 1239 ἀξιῶν
1070 1194 1262 1250 ἀποδοῦναι

221 1253 283 1297 τὰς
300 1254 601 1306 παρακαταθήκας
632 1257 702 1298 τοῖς
731 1256 792 1292 ἀπ’
814 1256 919 1292 αὐτοῦ
942 1254 1156 1306 γιγνομένοις
1181 1253 1259 1303 (38).

222 1312 326 1350 Ἀλλὰ
349 1311 417 1361 μὴν
438 1311 572 1355 καὶτὰς
592 1313 776 1363 ὑπογυίους
796 1311 1020 1364 Ἀλεξάνδρου
1049 1313 1110 1357 τῆς
1137 1310 1259 1349 εΗδω-

220 1373 287 1409 νῶν
319 1370 433 1423 χώρας
476 1370 614 1418 κτήσεις
645 1370 843 1415 Μακεδόνες
872 1371 997 1414 πάντες
1031 1369 1160 1408 ἴσασιν·
1201 1371 1260 1409 καὶ

220 1429 331 1468 ταῦτά
358 1430 450 1467 ἐστιν
470 1431 509 1468 οὗ
535 1430 723 1482 προφάσεις
752 1430 996 1482 Ἰσοκράτους,
1033 1428 1110 1467 οὐδὲ
1139 1429 1263 1480 ὀνομά-

221 1503 288 1526 των
317 1488 425 1541 ψόφος
443 1488 518 1540 (39),
545 1489 636 1527 ἀλλὰ
655 1488 750 1538 λόγοι
771 1489 953 1538 δυνάμενοι
976 1486 1037 1534 τὴν
1057 1486 1123 1535 σὴν
1145 1488 1258 1540 ἀρχὴν

223 1546 382 1598 ὠφελεῖν,
414 1545 564 1593 Ἐπειδὴ
600 1546 636 1587 δὲ
669 1547 728 1585 καὶ
760 1546 839 1598 περὶ
874 1549 941 1585 τῶν
964 1546 1261 1600 Ἀμφικτυονικῶν

221 1605 438 1656 πραγμάτων
460 1606 561 1652 δῆλος
582 1599 614 1643 εἷ
632 1605 859 1654 σπουδάζων,
885 1604 1076 1653 ἕὸουλήθην
1097 1621 1152 1644 σοι
1169 1605 1257 1658 φρά-

222 1678 282 1701 σαι
303 1666 410 1713 μῧθον
430 1663 529 1714 παρὰ
547 1663 798 1715 Ἀντιπάτρου,
818 1664 895 1701 τίνα
912 1663 1038 1716 τρόπον
1068 1666 1206 1715 πρῶτον
1228 1668 1258 1703 οἳ

222 1720 467 1773 Ἀμφικτύονες
484 1721 700 1768 συνέστησαν
725 1722 806 1771 (4ο),
833 1721 987 1766 καὶπῶς
1014 1722 1109 1766 ὄντες
1136 1721 1259 1775 Ἄμφι-

222 1778 361 1823 κτύονες
382 1779 542 1830 Φλεγύαι
558 1778 620 1830 μὲν
642 1779 708 1818 ὑπὸ
729 1779 945 1822 ’Λπόλλωνος
965 1781 1023 1832 (41)
1047 1780 1201 1832 Δρύοπες
1221 1779 1257 1818 δὲ

223 1916 297 1947 nen,
317 1908 375 1940 sed
399 1907 521 1947 Dicaoo,
540 1907 627 1948 Sylei
640 1907 735 1940 fratri
788 1908 937 1948 Phyllida
966 1909 1132 1948 regionem
1157 1913 1266 1943 custo-

223 1965 374 1999 diendam
390 1966 544 1998 traditam
560 1974 632 1999 esse
644 1990 654 2007 2
670 1968 705 1999 et
723 1967 894 1999 Messenen
912 1966 1025 1999 multis
1045 1967 1175 2000 saeculis
1190 1970 1266 2010 post

224 2024 266 2056 ad
288 2024 512 2066 Cresphonten
538 2023 744 2066 pervenisse,
780 2024 1043 2066 Amphipolitana
1072 2027 1185 2059 autem
1217 2036 1266 2059 re-

224 2083 340 2124 gione,
361 2091 436 2124 qua>
465 2082 711 2117 Heraclidamm
731 2084 813 2122 erat,
838 2082 1050 2116 Athenienses
1073 2087 1108 2116 et
1133 2084 1263 2117 Chalci-

224 2142 341 2175 denses
358 2151 430 2175 esse
447 2142 580 2183 potitos.
613 2142 768 2175 Similiter
783 2142 824 2174 ab
842 2143 980 2175 Hercule
1000 2144 1262 2185 Hippocoontem

225 2202 472 2242 Spartanorum,
503 2201 583 2233 item
616 2201 814 2242 Alcyoneum
841 2202 1079 2235 Pallenaeorum
1107 2204 1266 2243 tyrannos

226 2258 424 2291 facinorosos
445 2259 594 2299 jurisque
622 2258 796 2292 violatores
812 2261 1037 2300 obtruncatos,
1056 2269 1094 2293 ac
1113 2262 1265 2302 Spartam

225 2317 414 2358 Tyndareo,
443 2317 624 2349 Potidaeam
652 2319 685 2349 et
701 2317 859 2359 reliquam
884 2319 1035 2352 Pallenen
1053 2318 1177 2353 sithoni
1200 2321 1265 2352 Ne-

225 2376 318 2417 ptuni
334 2375 402 2408 filio
417 2375 620 2408 concreditas
631 2385 714 2416 esse,
732 2377 925 2410 Laconicam
940 2386 1018 2410 vero
1037 2377 1071 2410 in
1084 2378 1267 2411 Heraclida-

226 2443 301 2466 rum
327 2434 437 2466 reditu
454 2433 653 2466 Aristodemi
671 2433 755 2466 filios
770 2443 981 2476 recuperasse
1001 2444 1008 2462 τ
1035 2434 1187 2467 Pallenen
1206 2435 1265 2467 de-

226 2491 324 2533 nique
352 2492 554 2525 Eretrienses
586 2494 684 2533 atque
719 2493 905 2525 Corinthios
947 2493 1174 2535 Achivosquc,
1211 2493 1267 2534 qui

226 2551 322 2592 Troja
339 2554 514 2590 venerant,
540 2551 787 2583 Heraclidarum
807 2561 911 2592 quum
935 2553 1023 2585 esset
1037 2577 1045 2592 ,
1074 2561 1264 2594 occupasse.

227 2608 348 2642 Eadem
367 2610 492 2641 ratione
514 2609 623 2641 Protei
640 2609 725 2642 filios
748 2611 904 2650 tyrannos
916 2635 923 2649 ‚
946 2610 1100 2643 Tmolum
1116 2612 1150 2644 et
1172 2610 1265 2644 Tele-

227 2676 348 2708 gonum
371 2668 457 2700 circa
485 2668 678 2699 Toronaeam
693 2667 795 2700 refert
811 2669 853 2700 ab
873 2669 1013 2702 Hercule
1030 2669 1154 2702 occisos
1170 2678 1243 2703 esse
1255 2696 1263 2711 ,

227 2725 284 2766 qui
299 2724 399 2758 etiam
427 2725 461 2756 in
486 2725 661 2757 Ambracia
681 2725 771 2759 Glide
796 2727 932 2768 ejusque
962 2727 1039 2760 filiis
1060 2728 1242 2762 interemtis
1255 2755 1263 2770 ,

228 2783 455 2816 aristomacho
471 2783 613 2816 Sithonis
629 2784 712 2825 filio,
733 2786 771 2817 ut
791 2787 979 2820 Toronaeam
997 2791 1154 2829 servaret,
1173 2799 1265 2822 man-

228 2842 353 2875 daverit
365 2866 374 2882 ,
388 2851 486 2883 qnam
514 2842 746 2875 Chalcidenses
758 2868 766 2883 ‚
784 2846 894 2876 vestra
908 2854 1010 2886 quum
1026 2849 1114 2879 esset
1126 2872 1134 2886 ‚
1152 2847 1267 2881 incolis

228 2899 480 2940 frequentarunt
502 2913 510 2931 z
533 2900 661 2933 Ladicae
681 2902 792 2934 autem
811 2903 844 2934 et
859 2902 1027 2936 Charattae
1046 2904 1121 2938 fidei
1132 2906 1265 2940 Ambra-

229 2958 313 2990 ciam
347 2958 512 2999 regionem
534 2959 755 3001 commiserit,
788 2969 827 2992 eo
862 2961 970 2994 animo
991 2964 1030 2995 ut
1049 2963 1143 3005 stirpi
1163 2974 1202 2998 ex
1231 2975 1266 2999 se

229 3016 352 3048 relictae
383 3017 569 3058 depositum
603 3018 788 3051 redderent.
850 3019 962 3057 Quid?
995 3022 1084 3062 quod
1120 3026 1267 3058 recentes

230 3084 361 3117 quoque
383 3076 560 3108 Alexandri
579 3065 791 3110 He'donorum
813 3078 899 3118 regis
920 3080 1141 3119 possessiones
1158 3084 1261 3116 Mace-

230 3132 332 3166 dones
351 3143 464 3166 0mnes
479 3136 601 3168 norunt
622 3148 630 3167 =
657 3137 757 3176 atque
782 3136 855 3168 haec
874 3145 938 3168 non
960 3139 1036 3170 sunt
1058 3139 1263 3182 velamenta,

232 3200 307 3232 quae
323 3192 486 3225 Isocrates
513 3192 652 3226 orationi
683 3203 752 3227 suae
780 3195 990 3236 quaesiverit,
1028 3205 1135 3238 neque
1163 3198 1267 3233 inanis

233 3250 409 3284 verborum
438 3251 584 3292 sonitus,
615 3253 672 3285 sed
703 3256 896 3295 argumenta
929 3254 971 3286 ad
1005 3255 1266 3291 confirmandum

230 3309 404 3351 imperium
420 3312 514 3343 tuum
529 3312 785 3345 accommodata.
830 3313 894 3346 Sed
914 3313 1044 3354 quando
1067 3316 1101 3347 et
1128 3316 1161 3347 in
1187 3321 1263 3349 Am-

231 3367 439 3410 phictyonum
464 3368 563 3416 rebus
582 3372 694 3413 aperte
714 3380 846 3413 operam
871 3372 983 3413 ponis,
1002 3373 1099 3406 allata
1123 3383 1165 3406 ex
1180 3376 1269 3408 Anti-

232 3433 327 3468 patro
352 3427 463 3463 tabula
482 3428 540 3462 tibi
571 3438 731 3471 exponere
756 3431 856 3472 volui,
886 3441 951 3473 qua
983 3432 1109 3465 ratione
1139 3433 1269 3475 Amphi-

1323 315 1391 354 ὑπὸ
1408 314 1624 367 Ἡρακλέους
1653 315 1729 367 (42),
1752 317 1938 368 Κρισσαῑοι
1961 315 1996 353 δὲ
2013 315 2079 355 ὑπὸ
2101 316 2358 371 Ἀμφικτυόνων

1322 375 1537 429 ἀνῃρέθησαν
1560 375 1639 425 (aa).
1662 368 1770 412 Οὗτοι
1786 371 1854 426 γὰρ
1883 372 2009 418 πάντες
2033 374 2280 428 Ἀμφικτύονες
2299 391 2360 428 γε·

1321 434 1458 484 νόμενοι
1473 435 1541 472 τῶν
1559 431 1682 487 ψήφων
1701 430 1943 485 ἀφῃρέθησαν,
1961 431 2073 485 ἕτεροι
2093 433 2129 472 δὲ
2147 433 2210 478 τὰς
2228 434 2357 474 τούτων

1322 493 1456 546 ψήφους
1486 490 1654 536 λαὸόντες
1683 494 1744 538 τῆς
1770 493 1838 529 τῶν
1872 489 2131 543 Ἀμφικτυόνων
2161 492 2359 538 συντελείας

1328 551 1513 602 μετέσχον,
1540 543 1588 589 ὧν
1610 549 1717 594 ἐνίους
1736 549 1776 588 σε’
1806 564 1892 602 φησι
1930 552 2175 600 μεμιμῆσθαι,
2206 551 2267 590 καὶ
2289 552 2361 590 λα-

1325 609 1399 650 θεῖν
1435 604 1537 648 ’ἆθλον
1556 609 1698 653 Πυθίοις
1717 611 1778 656 τῆς
1807 610 1853 652 εἷς
1875 607 2029 662 Δελφοὺς
2052 607 2235 661 στρατείας
2257 608 2356 662 παρὰ

1323 670 1391 708 τῶν
1413 667 1670 722 Ἀμφικτυόνων
1698 666 1759 711 τὰς
1777 667 1836 705 δύο
1857 666 2014 706 Φωκέων
2030 666 2090 719 (44)
2109 666 2260 720 ψήφους.
2289 659 2360 706 Ὧν

1323 729 1341 765 ὃ
1359 728 1403 765 τὰ
1419 726 1556 766 παλαιὰ
1574 728 1698 769 καινῶς
1713 726 1790 778 (45),
1810 725 1870 765 καὶ
1887 725 1932 764 τὰ
1953 724 2057 764 καινὰ
2075 727 2234 771 παλαιῶς
2249 726 2362 777 ἐπαγ-

1322 785 1524 838 γελλόμενος
1536 785 1708 824 διδάσκειν
1725 816 1736 836 ,
1752 785 1845 837 λέγει
1866 788 1924 823 νῦν
1940 783 2018 823 οὔτε
2028 783 2088 828 τὰς
2105 783 2253 837 ἀρχαίας
2265 782 2361 836 πρά·-

1324 844 1404 896 ξεις,
1422 843 1501 883 οὔτε
1517 843 1577 887 τὰς
1591 843 1658 882 ὑπὸ
1673 846 1734 883 σοῦ
1748 844 1872 882 νεωστὶ
1888 842 2183 895 διαγωνισθείσας,
2205 842 2283 882 οὔτε
2297 841 2360 885 τὰς

1322 906 1391 947 τοῖς
1421 903 1557 956 χρόνοις
1597 902 1726 952 μεταξὺ
1759 903 1943 954 γενομένας
1978 902 2188 953 μεμύθευκε.
2228 901 2360 948 Καίτοι

1323 962 1416 1001 δοκεῖ
1430 961 1492 1005 τὰς
1514 961 1575 1009 μὲν
1597 963 1658 1000 οὔκ
1676 961 1888 1008 ἀκηκοέναι,
1912 961 1973 1004 τὰς
1991 960 2027 999 δὲ
2046 962 2108 999 οὐκ
2127 961 2269 1008 εἰδέναι,
2285 961 2358 999 τῶν

1322 1020 1357 1059 δὲ
1393 1022 1633 1066 ἐπιλελῆσθαι.
1700 1020 1812 1073 ’Πρὸς
1847 1019 1883 1058 δὲ
1914 1018 2046 1063 τούτοις
2072 1019 2130 1057 ἐπὶ
2158 1018 2298 1072 πράξεις
2322 1033 2360 1057 σε

1322 1078 1456 1123 δικαίας
1478 1080 1692 1130 παρακαλῶν
1713 1082 1731 1117 ὁ
1751 1078 1917 1131 σοφιστής
1931 1108 1941 1126 ,
1962 1077 2025 1125 τὴν
2046 1077 2108 1136 μὲν
2132 1076 2356 1118 Ἀλκιὸιάδου

1322 1136 1431 1190 φυγὴν
1462 1136 1521 1175 καὶ
1542 1137 1689 1176 κάθοδον
1721 1139 1892 1184 ἐπαινῶν,
1916 1139 1950 1176 ἐν
1979 1135 2240 1188 παραδείγματι
2258 1133 2363 1189 δεδή-

1321 1199 1435 1245 λωκε,
1457 1194 1501 1232 τὰ
1522 1194 1557 1232 δὲ
1579 1189 1687 1245 μείζω
1711 1195 1771 1232 καὶ
1800 1194 1938 1232 καλλίω
1970 1193 2164 1246 ’πράγματα
2182 1197 2232 1246 τῷ
2254 1191 2364 1245 πατρί

1321 1269 1383 1292 σου
1403 1253 1601 1305 πραχθέντα
1621 1252 1830 1305 παρέλιπεν.
1877 1251 2103 1299 Ἀλκιὸιάδης
2127 1252 2189 1304 (46)
2211 1250 2276 1302 μὲν
2293 1249 2363 1303 γὰρ

1323 1313 1378 1349 ἐπ’
1398 1311 1541 1364 ἀσεὸείᾳ
1562 1310 1697 1364 φυγών,
1712 1311 1771 1349 καὶ
1792 1312 1940 1349 πλεῖστα
1962 1310 2024 1358 τὴν
2047 1311 2199 1363 πατρίδα
2215 1309 2279 1358 τὴν
2299 1311 2362 1349 αὖ·

1322 1374 1383 1409 τοῦ
1403 1371 1519 1414 κακῶς
1538 1370 1687 1416 ποιήσας
1701 1399 1711 1416 ,
1731 1371 1778 1413 εἷς
1802 1369 1909 1416 αὐτὴν
1930 1370 2114 1416 κατῆλθεν·
2134 1369 2306 1421 Ἀμύντας
2322 1369 2360 1408 δὲ

1321 1428 1406 1482 ὑπὲρ
1433 1428 1615 1480 βασιλείας
1644 1428 1765 1467 στάσει
1786 1428 1850 1480 (47)
1881 1428 2032 1477 νικηθεὶς
2066 1426 2201 1481 βραχὺν
2236 1427 2360 1482 χρόνον

1321 1486 1555 1540 ὑποχωρήσας
1580 1486 1659 1539 (48),
1684 1487 1773 1538 μετὰ
1792 1490 1904 1525 ταῦτα
1930 1487 2037 1526 πάλιν
2058 1487 2279 1538 Μακεδονίας
2296 1480 2362 1539 ἦρ-

1322 1546 1387 1592 ξεν.
1412 1539 1486 1586 Εἶθ’
1506 1549 1523 1584 ὁ
1539 1547 1600 1597 μὲν
1621 1546 1724 1584 πάλιν
1747 1545 1864 1598 φυγὼν
1886 1547 2040 1599 αἰσχρῶς
2059 1546 2118 1585 τὸν
2135 1545 2209 1599 βίον
2223 1545 2363 1586 ἐτελεύ-

1322 1620 1439 1656 τησεν,
1456 1607 1473 1642 ὃ
1496 1605 1532 1643 δὲ
1553 1604 1610 1649 σὸς
1624 1602 1741 1656 πατὴρ
1757 1603 1948 1657 βασιλεύων
1964 1604 2217 1656 κατεγήρασεν.
2239 1603 2363 1658 Παρή-

1325 1678 1422 1714 νεγκε
1440 1663 1476 1703 δέ
1492 1679 1546 1702 σοι
1568 1663 1627 1702 καὶ
1645 1662 1708 1711 τὴν
1724 1662 1904 1702 Διονυσίου
1925 1663 1994 1715 (49)
2021 1661 2228 1715 μοναρχίαν,
2242 1661 2362 1714 ὥσπερ

1320 1721 1494 1774 προσῆκόν
1506 1737 1559 1760 σοι
1572 1720 1651 1764 τοὺς
1666 1720 1933 1769 ἀσεὸεστάτους,
1949 1719 2026 1758 ἀλλ’
2036 1721 2074 1758 οὗ
2085 1719 2163 1764 τοὺς
2173 1720 2360 1759 σπουδαιο-

1321 1781 1442 1824 τάτους
1464 1780 1708 1830 μιμήσασθαι,
1730 1779 1790 1818 καὶ
1806 1777 1967 1827 ζηλωτὴν
1983 1780 2052 1816 τῶν
2074 1777 2264 1824 κακίστων,
2285 1777 2363 1816 ἀλλ’

1325 1909 1460 1949 ctyones
1478 1907 1616 1949 primum
1635 1907 1823 1940 societatem
1851 1906 2002 1946 coierint,
2025 1909 2059 1938 et
2077 1905 2242 1947 quomodo
2263 1914 2367 1947 quum

1325 1965 1582 2007 Amphictyones
1598 1967 1708 1998 essent
1730 1965 1883 2007 Phlegyae
1903 1965 1945 1997 ab
1966 1964 2116 2006 Apolline
2129 1989 2137 2005 ,
2155 1966 2304 2006 Dryopes
2323 1963 2367 1996 ab

1326 2026 1482 2065 Hercule,
1502 2025 1634 2058 Crissaei
1648 2026 1688 2058 ab
1706 2025 1998 2066 Amphictyonibus
2015 2025 2115 2057 deleti
2131 2024 2210 2057 sint.
2222 2024 2267 2057 m
2278 2023 2368 2058 enim

1326 2092 1439 2115 omnes
1456 2083 1515 2124 qui
1535 2082 1790 2124 Amphictyones
1814 2084 1925 2115 essent
1949 2081 2104 2123 suffragio
2127 2081 2245 2123 privati
2269 2082 2366 2123 sunt,

1328 2141 1448 2182 aliique
1468 2140 1599 2174 illorum
1614 2140 1686 2173 loco
1705 2141 1776 2181 jam
1804 2139 1961 2181 suffragia
1978 2140 2123 2173 ferentes
2147 2139 2364 2182 Amphictyo-

1327 2209 1403 2232 num
1436 2198 1570 2231 concilio
1610 2201 1838 2239 accesserunt,
1878 2207 2020 2240 quorum
2052 2199 2228 2232 nonnullos
2253 2198 2301 2232 ait
2332 2199 2367 2232 te

1326 2258 1488 2290 imitatum
1503 2257 1630 2299 Pythiis
1644 2257 1811 2299 Delphicae
1830 2257 2047 2299 expeditionis
2061 2257 2235 2299 praemium
2255 2257 2367 2299 dupli-

1326 2327 1398 2351 cem
1407 2317 1625 2351 Phocensium
1646 2317 1807 2350 calculum
1826 2316 1866 2350 ab
1885 2317 2177 2359 Amphictyombus
2186 2318 2362 2360 accepisse.

1326 2378 1407 2414 Quae
1427 2376 1535 2410 omnia
1549 2375 1729 2416 homnine,
1746 2375 1803 2417 qui
1819 2384 1854 2408 se
1867 2376 2001 2417 antiqua
2016 2384 2102 2408 novo
2122 2375 2233 2417 modo,
2253 2384 2364 2410 iocen-

1325 2435 1371 2468 tia
1401 2444 1460 2478 per
1489 2434 1632 2477 speciem
1658 2434 1834 2467 vetustatis
1867 2434 1984 2467 docere
2018 2433 2208 2476 profitetur,
2238 2434 2368 2468 silentio

1325 2493 1482 2535 praeterit,
1497 2493 1616 2535 quippe
1639 2493 1698 2535 qui
1712 2501 1819 2535 neque
1845 2493 2009 2534 maJorum
2029 2494 2122 2535 gesta
2132 2516 2142 2533 ‚
2158 2501 2264 2534 neque
2281 2493 2366 2526 foci-

1325 2560 1405 2584 nora
1428 2559 1531 2593 nuper
1546 2560 1566 2584 a
1584 2552 1619 2584 te
1652 2550 1780 2583 fortiter
1801 2551 1835 2583 et
1853 2550 1998 2583 animose
2014 2551 2099 2584 sacta
2111 2575 2120 2590 ,
2141 2559 2255 2593 neque,
2268 2559 2368 2594 opera

1315 2610 1515 2653 ⁴interposito
1536 2610 1642 2652 spatio
1667 2610 1755 2644 edita
1784 2610 1998 2643 enarraverit.
2042 2612 2250 2652 Quamquam
2279 2611 2363 2645 mihi

1325 2670 1456 2704 videtur
1470 2680 1509 2704 ea
1525 2671 1645 2713 partim
1660 2679 1725 2703 non
1747 2670 1895 2704 audivise
1907 2695 1916 2710 ,
1932 2670 2055 2712 partim
2070 2679 2136 2703 non
2154 2679 2274 2712 nosse,
2287 2679 2364 2713 par-

1324 2728 1385 2760 tim
1402 2728 1561 2762 oblivioni
1591 2729 1733 2762 dedisse.
1790 2729 1955 2762 praeterea
1976 2737 2078 2770 quum
2098 2728 2228 2763 dicendi
2245 2729 2366 2763 artifex

1325 2788 1359 2820 te
1370 2786 1413 2820 ad
1424 2787 1580 2821 honestas
1595 2787 1743 2821 actiones
1767 2787 2010 2828 adhortaretur,
2033 2778 2208 2821 Alcibiadis
2230 2788 2365 2830 quidem

1326 2845 1476 2879 exsilium
1508 2847 1606 2887 atque
1631 2846 1666 2878 in
1694 2846 1834 2888 patriam
1862 2845 2010 2879 reditum
2027 2845 2167 2879 mirifice
2194 2846 2366 2880 laudamm

1326 2903 1385 2937 tibi
1410 2906 1569 2946 tanquam
1596 2905 1782 2946 exemplum
1810 2905 1992 2946 proposuit,
2012 2904 2072 2937 sed
2096 2905 2221 2946 majora
2240 2905 2275 2939 et
2294 2905 2367 2947 pul-

1326 2962 1456 2999 chriora
1473 2964 1576 3006 patris
1604 2963 1655 2996 tui
1673 2962 1760 2995 facta
1786 2962 2009 3004 praetermisit.
2076 2962 2260 2996 Alcibiades
2277 2963 2366 2996 enim

1325 3022 1476 3062 quamvis
1490 3022 1532 3054 oh
1550 3021 1753 3064 impietatem
1775 3021 1892 3054 exsilio
1920 3021 2081 3053 multatus
2099 3021 2187 3054 esset
2207 3021 2365 3063 plurima-

1326 3089 1390 3121 que
1403 3080 1600 3114 detrimenta
1617 3080 1732 3123 patriae
1748 3080 1970 3122 importasset,
1987 3080 2099 3118 tamen
2117 3088 2191 3112 eam
2207 3081 2339 3122 repetiit
2354 3094 2363 3114 ι

1326 3141 1481 3180 Amyntas
1497 3141 1607 3173 autem
1634 3139 1669 3172 in
1695 3147 1794 3182 regno
1825 3138 2018 3179 occupando
2037 3137 2181 3180 primum
2205 3138 2366 3173 seditione

1327 3199 1499 3239 superatus
1531 3207 1712 3241 parumper
1743 3197 1843 3230 cessit
1856 3221 1864 3237 ,
1887 3196 2005 3230 deinde
2029 3197 2151 3230 iterum
2174 3197 2264 3239 regni
2293 3200 2362 3231 Ma-

1294 3292 1298 3302 ,
1328 3257 1477 3290 cedonici
1502 3259 1626 3300 potitus
1652 3258 1718 3291 est.
1767 3256 1886 3290 Postea
1913 3257 1953 3289 ut
1984 3255 2040 3290 ille
2070 3265 2190 3290 rursus
2224 3257 2360 3291 exilium

1327 3314 1451 3355 ejectus
1466 3316 1607 3357 turpiter
1625 3316 1728 3349 vitam
1740 3314 1847 3348 finivit
1867 3327 1876 3347 ι
1890 3314 1937 3347 ita
1950 3315 2032 3354 tuus
2049 3315 2144 3356 pater
2157 3314 2192 3348 in
2205 3315 2295 3363 regia
2307 3325 2366 3359 po-

1327 3374 1446 3406 testate
1460 3375 1641 3408 consenuit.
1665 3375 1766 3407 Porro
1783 3372 1929 3414 Dionysii
1938 3371 2194 3407 dominationem
2211 3373 2273 3408 tibi
2285 3384 2362 3426 pro-

1328 3430 1456 3471 posuit,
1473 3432 1629 3472 tanquam
1656 3432 1686 3464 si
1699 3434 1733 3464 te
1755 3431 1884 3464 deceret
1902 3430 2132 3473 nequissimos,
2152 3441 2217 3466 non
2232 3432 2362 3474 probis·
