2508 3776
323 191 401 231 338

317 278 442 330 ρέτως,
476 276 534 314 καὶ
557 274 600 313 τὰ
633 274 724 313 ἄλλα
756 272 939 326 πάσχομεν
969 274 1109 325 ὁμοίως·
1144 276 1202 316 ἐπὶ
1222 277 1257 316 δὲ
1281 281 1345 326 τῆς

316 340 439 388 ἀρετῆς
457 334 517 373 καὶ
542 336 602 380 τῆς
622 332 744 376 κακίας
763 334 827 384 οὐχ
843 332 960 377 οὕτως·
981 335 1044 373 οὔκ
1060 334 1128 387 ἄρα
1152 336 1219 376 εἶσὶ
1236 336 1345 384 πάθη.

312 392 394 433 ”En
415 393 499 446 πρὸς
528 392 572 430 τὰ
602 392 696 438 ποίθη
726 394 764 430 οὐ
795 391 967 443 λεγόμεθα
1002 394 1220 442 διακεῖσθαι,
1255 394 1348 433 ἀλλὰ

315 453 446 498 μᾶλλον
466 451 542 488 κατ’
563 450 650 487 αὐτὰ
669 454 852 488 κινεῖσθαι·
874 450 958 503 πρὸς
981 450 1016 490 δὲ
1037 451 1100 499 τὴν
1123 453 1248 505 ἀρετὴν
1271 455 1348 492 δια-

312 512 446 549 κεῖσθαι
468 508 638 561 λεγόμεθα
657 507 718 547 καὶ
742 508 827 561 πρὸς
855 508 916 557 τὴν
942 509 1082 550 κακίαν·
1104 513 1167 550 οὐκ
1185 512 1255 565 ἄρα
1275 512 1345 551 εἶσὶ

312 566 422 614 πάθη.

366 623 387 646 *
409 622 477 663 Διὰ
498 623 544 662 τὰ
569 624 658 664 αὐτὰ
679 623 716 663 δὲ
743 624 820 663 οὐδὲ
844 625 1006 677 δυνάμεις
1034 626 1132 667 εἰσίν.
1160 626 1252 667 Οὔτε
1280 628 1347 680 γὰρ

315 682 480 736 φαῦλοιῆ
517 682 642 735 ἀγαθοὶ
673 683 846 735 λεγόμεθα
879 687 929 735 τῷ
957 684 1124 725 δύνασθαι
1147 687 1348 739 ὀργισθῆναι

313 741 451 792 ἅπλῶς,
484 740 563 780 οὔτε
596 742 832 792 ἐπαινούμεθα
868 742 890 790 ἢ
926 744 1118 797 ψεγόμεθα.
1159 744 1252 784 Οὔτε
1298 747 1348 798 τῷ

312 805 557 854 προαιρεῖσθαι
584 802 761 853 δυνάμεθα
784 803 1010 855 ὀργισθῆναι,
1035 803 1193 857 καθάπερ
1212 805 1268 844 ἐπὶ
1286 807 1348 852 τῆς

312 860 436 911 ἀρετῆς
456 858 497 911 ἔχ
503 874 551 908 ει,
573 860 663 898 ἀλλὰ
684 861 817 910 μᾶλλον
832 863 882 914 τῷ
902 862 1111 914 πεφυκέναι·
1137 862 1260 915 ἀγαθοὶ
1279 862 1347 915 γὰρ

311 916 334 964 ἢ
359 918 461 955 κακοὶ
481 919 518 955 οὗ
539 918 704 970 γινόμεθα
723 919 846 973 φύσει,
865 920 982 964 καθὼς
999 922 1032 959 ἐν
1054 926 1124 965 τοῖς
1143 920 1347 975 προειρημέ-

312 992 380 1020 νοις
395 976 549 1030 ἐδείχθη.

367 1035 410 1059 **
439 1038 484 1075 Εἰ
505 1030 562 1075 οῧν
600 1036 688 1088 μήτε
707 1037 802 1083 πάθη
831 1039 867 1077 αἱ
887 1038 1028 1093 ἀρεταί,
1052 1038 1142 1090 μήτε
1160 1039 1320 1089 δυνάμεις
1333 1069 1344 1090 ,

310 1093 466 1133 λείπεται
482 1098 550 1133 τῶν
566 1094 666 1139 ἕξεων
679 1095 786 1139 αὐτὰς
801 1090 902 1136 εἶναι·
923 1097 957 1136 τί
974 1097 1036 1149 μὲν
1057 1091 1115 1137 οῧν
1130 1100 1223 1137 ἐστιν
1241 1098 1346 1151 ἀρετὴ

322 1154 371 1206 τῷ
391 1153 504 1205 γένει,
527 1153 676 1205 εἴρηται·
690 1153 764 1192 ἔστι
781 1155 848 1208 γὰρ
864 1155 946 1200 ἕξις.

365 1211 428 1234 ***
447 1214 512 1250 Δεῖ
531 1212 566 1251 δὲ
583 1212 632 1262 μὴ
653 1213 756 1263 μόνον
773 1212 838 1258 ἕξιν
866 1214 973 1260 αὐτὴν
995 1209 1083 1253 εἶναι
1099 1214 1228 1266 λέγειν,
1257 1214 1348 1254 ἀλλὰ

311 1270 534 1322 προστιθέναι
552 1272 590 1308 τὸ
610 1271 726 1310 τοιάδε
743 1288 794 1315 τις
808 1304 817 1321 ,
835 1275 931 1311 τοῦτ’
955 1274 1048 1312 ἔστιν
1064 1278 1078 1296 ⁰
1096 1273 1222 1324 ἀγαθή·
1243 1276 1264 1320 ἡ
1281 1273 1348 1325 γὰρ

312 1329 417 1367 κακία
438 1329 503 1374 ἕξις
524 1329 598 1368 ἐστί
620 1330 771 1382 πονηρά.
794 1330 941 1376 Ῥητέον
972 1326 1029 1370 οὖν
1047 1332 1127 1383 περὶ
1147 1335 1208 1378 τῆς
1225 1334 1348 1384 ἀρετῆς

312 1389 444 1437 ἐκεῖνο,
476 1386 529 1426 ὅτι
549 1393 646 1426 πᾶσα
674 1389 780 1440 ἀρετὴ
812 1388 898 1427 αὐτό
925 1405 962 1428 τε
981 1392 1108 1439 κοσμεῖ
1127 1390 1166 1428 τὸ
1186 1389 1264 1442 ἔχον
1285 1390 1347 1438 τὴν

312 1445 459 1496 ἀρετήν,
479 1445 540 1484 καὶ
558 1448 671 1490 καλῶς
693 1447 784 1499 ἔχειν
802 1449 913 1498 ποιεῖ,
935 1447 999 1486 καὶ
1014 1448 1051 1486 τὸ
1073 1447 1171 1501 ἔργον
1188 1450 1292 1487 αὐτοῦ
1309 1449 1348 1488 τὸ

313 1503 357 1539 δι’
388 1504 493 1549 αὐτῆς
523 1503 769 1554 ἐνεργούμενον
803 1497 843 1542 εῧ
875 1504 1084 1553 διατίθησιν.
1119 1501 1203 1544 Οἶον
1239 1510 1261 1554 ἡ
1290 1511 1348 1546 τοῦ

313 1561 494 1612 ὀφθαλμοῦ
516 1561 622 1613 ἀρετὴ
639 1563 702 1601 καὶ
723 1562 829 1601 αὐτὸν
856 1564 913 1603 τὸν
933 1563 1111 1615 ὀφθαλμὸν
1131 1566 1271 1614 τελειοῖ,
1289 1566 1348 1605 καὶ

311 1618 404 1656 ποιεῖ
423 1619 567 1669 ἀγαθόν,
586 1620 645 1658 καὶ
674 1620 712 1658 τὸ
732 1619 832 1673 ἔργον
858 1623 961 1660 αὐτοῦ
976 1652 986 1672 ,
1007 1622 1166 1670 δηλονότι
1188 1623 1228 1662 τὸ
1252 1625 1348 1677 ὁρᾷν·

311 1679 355 1727 τῇ
374 1678 441 1729 γὰρ
460 1681 520 1715 τοῦ
536 1679 718 1729 ὀφθαλμοῦ
741 1682 847 1733 ἀρετῇ
878 1674 916 1719 εῧ
943 1683 1094 1733 ὁρῶμεν.
1114 1681 1270 1733 Ὁμοίως
1290 1682 1348 1722 καὶ

310 1738 333 1782 ἠ
354 1740 414 1774 τοῦ
435 1735 546 1774 ἵππου
582 1737 689 1789 ἀρετὴ
721 1738 824 1777 αὐτόν
855 1755 892 1777 τε
910 1739 970 1777 τὸν
1002 1741 1109 1780 ἵππον
1142 1745 1268 1792 κοσμεῖ
1287 1741 1348 1781 καὶ

311 1795 439 1845 ἀγαθὸν
460 1801 571 1845 ποιεῖ,
590 1795 703 1834 καὶτὸ
724 1796 822 1849 ἔργον
843 1799 960 1836 αὐτοῦ·
981 1799 1040 1836 καὶ
1059 1798 1126 1851 γὰρ
1141 1802 1183 1851 τῇ
1203 1799 1346 1852 τοιαύτῃ

312 1855 418 1904 ἀρετῇ
433 1852 577 1891 δύναται
593 1855 743 1906 ἐνεγκεῖν
763 1855 879 1899 καλῶς
900 1855 1093 1904 ἐπιὸάτην,
1111 1856 1171 1895 καὶ
1189 1859 1347 1909 δραμεῖν,

311 1910 372 1950 καὶ
393 1912 506 1962 μεῖναι
535 1912 612 1956 τοὺς
632 1912 833 1964 πολεμίους.
855 1914 959 1954 Ἐπεὶ
983 1916 1019 1953 δὲ
1041 1914 1151 1959 οὕτως
1171 1915 1230 1955 ἐπὶ
1249 1915 1348 1954 πάν-

311 1985 379 2008 των
407 1970 502 2022 ἔχει,
525 1970 586 2009 καὶ
606 1975 629 2019 ἡ
653 1971 851 2023 ἀνθρωπίνη
876 1972 1003 2023 ὁμοίως
1036 1972 1078 2011 ἂν
1099 1973 1187 2026 ἔχοι·
1208 1973 1270 2013 καὶ
1295 1975 1347 2023 εἴη

311 2027 352 2067 ἂν
369 2031 390 2076 ἡ
412 2029 609 2080 ἀνθρωπίνη
631 2029 764 2083 ἀρετή,
793 2029 859 2075 ἕξις
877 2032 937 2083 ἀφ’
956 2026 998 2078 ἧς
1017 2033 1035 2069 ὁ
1056 2031 1235 2083 ἅνθρωπος
1255 2035 1346 2085 ἀγα-

311 2087 366 2132 θὸς
381 2087 529 2139 γίνεται,
557 2088 617 2127 καὶ
638 2090 695 2141 ἀφ’
728 2085 769 2136 ἧς
799 2089 838 2127 τὸ
861 2089 1076 2142 ἀνθρώπινον
1104 2089 1203 2143 ἔργον
1226 2086 1264 2129 εῧ
1284 2091 1347 2129 καὶ

311 2148 426 2191 καλῶς
459 2147 675 2196 ἀποτελέσει.
717 2150 801 2191 Πῶς
833 2148 870 2186 δὲ
901 2147 999 2187 ἔσται
1029 2149 1113 2199 ἡμῖν
1144 2152 1166 2196 ἡ
1195 2149 1345 2197 τοιαύτη

313 2205 398 2256 ἕξις;
422 2205 561 2258 εἴρηται
583 2206 646 2257 μὲν
668 2206 727 2244 καὶ
748 2206 815 2259 πρὸ
840 2206 970 2258 ὀλίγου·
1003 2208 1169 2258 ἐλέγομεν
1193 2207 1260 2261 γὰρ
1280 2211 1343 2255 τῆς

314 2264 502 2315 μεσότητος
525 2264 578 2303 ἀεὶ
606 2264 837 2316 στοχάζεσθαι
864 2268 932 2304 τῶν
963 2265 1020 2303 ἐπὶ
1051 2265 1096 2303 τὰ
1121 2266 1215 2313 πάθη
1248 2265 1349 2313 κινή-
1374 2248 1380 2300 ί

312 2338 415 2374 σεων,
435 2322 497 2362 καὶ
517 2323 640 2361 ἑαυτὸν
660 2322 777 2368 ἐθίζειν
796 2325 830 2362 ἐν
844 2330 914 2368 τοῖς
930 2324 1095 2368 τοιούτοις
1109 2325 1167 2363 τὸν
1189 2328 1223 2363 ἐν
1241 2327 1348 2378 ἀρετῇ

311 2383 372 2427 ζῆν
393 2382 678 2434 προαιρούμενον·
697 2381 748 2420 ἔτι
770 2380 806 2420 δὲ
823 2381 884 2421 καὶ
903 2381 969 2422 ἀπὸ
988 2385 1058 2421 τῶν
1074 2383 1343 2435 λεχθησομένων

311 2439 409 2478 ἔσται
440 2439 597 2492 φανερόν,
620 2440 678 2478 ἐὰν
710 2439 964 2493 θεωρήσωμεν,
988 2441 1071 2480 ποία
1089 2442 1140 2486 τίς
1167 2444 1258 2482 ἐστιν
1276 2442 1293 2465 ‘¹
1317 2445 1339 2490 ἡ

311 2498 410 2550 φύσις
427 2503 488 2546 τῆς
511 2501 646 2551 ἀρετῆς.
664 2502 858 2549 Σκοπῶμεν
876 2501 910 2538 δὲ
933 2502 1054 2544 οὕτως.

365 2557 448 2580 ****
468 2558 529 2597 Ἐν
550 2557 656 2597 παντὶ
677 2561 837 2611 συνεχεῖ,
857 2552 925 2599 οἷον
944 2562 1114 2614 γραμμῇ,
1137 2560 1319 2613 ἐπιφανείᾳ
1333 2591 1344 2610 ‚

311 2614 467 2666 σώματι,
486 2615 509 2663 ἢ
525 2616 618 2669 λόγῳ
631 2646 641 2664 ,
661 2616 812 2671 ἢχρόνῳ
825 2647 835 2666 ,
857 2617 916 2656 καὶ
944 2618 1031 2662 ὅλως
1050 2619 1083 2656 ἐν
1111 2618 1218 2657 παντὶ
1242 2620 1344 2658 δυνα-

311 2675 404 2726 μένῳ
438 2676 648 2727 διαιρεθῆναι
678 2675 798 2713 λαὸεῖν
831 2677 906 2714 ἐστι
933 2676 1052 2727 τὸμὲν
1081 2679 1219 2725 πλεῖον,
1251 2678 1291 2716 τὸ
1311 2678 1346 2716 δὲ

310 2731 475 2782 ἔλαττον,
494 2731 534 2770 τὸ
551 2731 586 2769 δὲ
604 2731 689 2770 ἴσον·
710 2727 778 2770 οἷον
799 2733 855 2771 ἐπὶ
883 2737 943 2772 τοῦ
973 2738 1153 2786 συνεχοῦς,
1174 2737 1203 2774 εἷ
1222 2734 1345 2786 τὸμὲν
1372 2767 1377 2776 .

310 2790 492 2842 δεκάπηχυ
511 2789 599 2828 πολύ
614 2821 625 2842 ,
643 2790 683 2828 τὸ
698 2789 734 2828 δὲ
754 2790 883 2843 δίπηχυ
903 2792 1031 2842 ὀλίγον,
1050 2792 1123 2831 ἴσον
1145 2793 1243 2832 ἔσται
1256 2796 1294 2831 τὸ
1311 2794 1346 2839 ἓξ
1372 2778 1377 2846 ί

310 2847 391 2900 ἔχον
422 2847 605 2899 πήχεις,ὃ
633 2847 693 2886 καὶ
727 2848 831 2899 μέσον
863 2852 1042 2899 καλεῖται,
1068 2851 1122 2890 ὅτι
1141 2846 1170 2903 ᾧ
1193 2851 1346 2891 ἐλλείπει
1373 2847 1376 2850 ’

309 2909 368 2944 τοῦ
389 2904 625 2957 δεκαπήχεος,
646 2908 808 2960 ὑπερέχει
837 2913 895 2946 τοῦ
917 2909 1094 2962 διπήχεος.
1134 2909 1288 2960 ‘Op-olom
1307 2910 1343 2950 δὲ

311 2964 371 3005 καὶ
391 2965 449 3003 ἐπὶ
461 2968 520 3003 τοῦ
539 2965 765 3018 διωρισμένου
782 2971 901 3005 ποσοῦ·
925 2970 952 3006 εἷ
967 2969 1033 3021 γὰρ
1047 2969 1155 3007 εἴκοσι
1175 2970 1278 3018 πολύ,
1301 2969 1344 3008 τὰ

311 3022 347 3061 δὲ
370 3022 454 3061 δέκα
482 3023 617 3075 ὀλίγον,
631 3023 705 3062 ἴσον
726 3025 824 3063 ἔσται
844 3025 888 3063 τὰ
919 3027 1118 3065 δεκαπέντε·
1133 3035 1146 3052 ⁶
1167 3026 1220 3066 δ’τι
1239 3023 1268 3081 ᾧ
1289 3030 1345 3067 ἐλ-

308 3081 424 3120 λείπει
444 3088 502 3121 τοῦ
525 3083 703 3134 μείζονος,
733 3084 893 3137 ὑπερέχει
921 3090 980 3123 τοῦ
1010 3087 1202 3132 ἐλάττονος·
1231 3089 1270 3127 τὸ
1303 3088 1339 3126 δὲ

309 3145 461 3180 τοιοῦτον
491 3140 564 3181 ἴσον
592 3142 698 3194 μέσον
717 3143 890 3183 καλεῖται·
915 3145 974 3182 καὶ
1010 3147 1032 3192 ἡ
1053 3147 1196 3194 τοιαύτη
1227 3146 1342 3196 τάξις,

310 3198 520 3252 ἀριθμητικὴ
550 3200 731 3253 ἀναλογία.
755 3201 827 3239 Καὶ
848 3202 905 3241 ἐπὶ
935 3204 996 3252 μὲν
1030 3207 1088 3242 τοῦ
1113 3205 1342 3258 διωρισμένου

1131 186 1416 229 ANDRONICI
1437 189 1625 230 -RHODII

1408 283 1708 327 perturbationibus
1725 283 1840 316 eodem
1856 284 1954 318 modo
1968 285 2167 322 incitamur:
2183 287 2319 323 virtutis
2333 279 2446 329 unffi
2475 281 2477 286 Α

1409 344 1442 375 et
1455 342 1528 375 vitii
1541 352 1605 375 non
1621 341 1735 375 endem
1752 341 1836 374 ratio
1855 344 1904 375 est
1920 352 2018 386 :ergo
2039 355 2104 379 non
2126 348 2204 380 sunt
2224 345 2447 390 perturbatus,
2478 349 2483 374 ἵ

1409 410 1476 434 nes.
1491 403 1660 433 Postremo
1682 401 1981 443 perturbationibus
1998 412 2062 436 non
2078 404 2218 438 dicimur
2237 405 2460 449 conformor-h

1409 459 1467 492 sed
1481 460 1590 501 potius
1602 459 1643 492 iis
1655 459 1781 492 moveri
1795 473 1804 493 ε
1825 461 1858 492 at
1877 460 2002 494 virtute
2015 464 2048 494 et
2060 463 2142 496 vitio
2155 463 2350 499 conformari
2361 464 2446 501 dicia-
2491 487 2495 494 ι

1408 526 1503 559 mur3
1523 526 1600 560 ergo
1612 527 1678 551 non
1698 520 1776 552 sunt
1796 519 2067 562 perturbationes.

1449 629 1582 663 Eisdem
1612 639 1691 664 vero
1721 631 1764 664 de
1796 631 1903 665 causis
1929 641 1971 665 ne
1998 631 2176 667 facultates
2194 633 2338 678 quidem
2353 637 2442 671 sunt.
2502 637 2508 678 ξ

1408 690 1523 731 Neque
1538 689 1624 722 enim
1641 689 1721 723 mali
1735 691 1793 723 aut
1808 690 1883 723 boni
1902 690 2053 730 dicimur,
2073 692 2238 734 quatenus
2253 692 2445 736 simplicitet

1407 746 1503 791 irasci
1519 756 1705 790 possumus,
1722 757 1783 782 nec
1797 748 1972 782 laudamur
1983 751 2042 782 aut
2058 749 2296 792 vituperamur.
2308 749 2374 785 sod
2385 759 2446 785 nec

1409 807 1558 840 consulto
1581 816 1756 850 possumus
1783 808 1891 848 irasci,
1912 809 1998 842 sicut
2012 809 2048 842 in
2070 809 2196 843 virtute
2213 818 2267 844 res
2281 809 2444 849 sehabet,

1409 866 1467 899 sed
1485 867 1595 909 potius
1613 867 1768 910 quoniam
1786 867 1833 900 ita
1851 870 2037 910 comparata
2062 870 2114 902 est
2138 868 2224 902 ratio
2244 869 2374 903 nature
2384 878 2447 904 no-

1409 927 1487 958 strae
1508 935 1516 957 :
1538 934 1644 968 quum
1659 927 1772 958 contra
1789 935 1896 969 neque
1907 926 1985 960 boni
1998 928 2117 960 natura
2138 927 2252 967 simus,
2272 936 2335 962 nec
2351 927 2442 967 mali,

1409 984 1686 1027 quemadmodum
1706 985 1741 1018 in
1756 985 1979 1027 superioribus
1999 985 2212 1020 ostendimus.

1449 1042 1573 1081 Quodsi
1588 1042 1729 1075 virtutes
1740 1051 1800 1076 nec
1808 1043 2070 1085 perturbationes
2082 1045 2170 1083 sunt,
2184 1052 2246 1077 nec
2254 1043 2440 1082 ssmlmtes.

1409 1101 1606 1143 relinquitur
1618 1102 1658 1134 ut
1673 1100 1716 1134 ad
1728 1101 1862 1135 habitus
1880 1101 2065 1135 referantur
2085 1111 2094 1134 t
2108 1101 2191 1145 quid
2201 1101 2360 1145 igitursit
2374 1102 2445 1136 vir-

1408 1161 1464 1192 tus
1483 1168 1609 1202 genere,
1627 1159 1698 1202 J'am
1713 1159 1859 1193 diximus
1878 1171 1886 1192 :
1907 1162 1957 1193 est
1971 1160 2058 1193 enim
2070 1160 2216 1195 habitus.

1449 1217 1513 1250 Sed
1536 1227 1602 1250 non
1625 1218 1705 1250 satis
1720 1220 1770 1251 est
1789 1218 1835 1250 ita
1856 1217 1975 1257 dicere,
1996 1218 2156 1252 virtutem
2178 1218 2331 1257 habitum
2351 1227 2442 1259 esse,

1408 1285 1525 1309 verum
1543 1276 1643 1309 etiam
1659 1276 1845 1309 addendum
1865 1278 1925 1316 est,
1947 1277 2048 1310 talem
2062 1286 2152 1317 esse,
2175 1276 2211 1310 id
2223 1278 2274 1311 est
2292 1277 2416 1314 bonum
2435 1287 2443 1308 ·.

1410 1334 1572 1376 siquidem
1583 1335 1703 1368 vitium
1717 1337 1767 1368 est
1775 1335 1908 1368 habitus
1919 1336 2036 1369 malus.
2052 1335 2234 1369 Dicendum
2247 1335 2350 1378 igitur
2359 1335 2447 1374 illud

1409 1392 1450 1426 de
1466 1393 1591 1427 virtute
1612 1403 1744 1427 omnem
1758 1394 1919 1427 virtutem
1938 1396 2011 1427 tum
2024 1394 2060 1427 id
2075 1394 2110 1427 in
2131 1404 2199 1437 quo
2221 1394 2307 1428 inest
2330 1402 2447 1434 ornare

1409 1452 1558 1494 beneque
1577 1452 1735 1486 affectum
1758 1453 1915 1495 reddere,
1930 1455 2003 1485 tum
2032 1461 2116 1495 opus
2137 1461 2270 1496 quoque
2284 1453 2356 1496 eJus
2369 1461 2448 1490 cum

1410 1510 1535 1544 virtute
1547 1510 1674 1544 factum
1691 1512 1863 1554 perpolite.
1875 1511 2025 1554 Exempli
2035 1512 2140 1554 gratia
2146 1511 2234 1545 oculi
2247 1511 2357 1546 virtus
2368 1520 2446 1546 cum
2474 1524 2479 1530 ·

1409 1570 1542 1602 oculum
1553 1569 1662 1612 ipsum
1674 1570 1802 1612 perficit
1818 1569 1983 1612 efficitque
1997 1570 2147 1612 probum,
2170 1571 2244 1603 tum
2258 1578 2343 1613 opus
2361 1569 2444 1613 eju&

1408 1628 1443 1660 id
1460 1630 1512 1661 est
1520 1629 1652 1662 visum:
1669 1629 1755 1661 oculi
1777 1629 1864 1662 enim
1880 1629 2006 1662 virtute
2021 1629 2103 1662 bene
2124 1628 2288 1662 videmus.
2301 1627 2446 1663 Eodem-

1409 1695 1474 1728 que
1501 1686 1599 1719 modo
1625 1687 1703 1729 equi
1722 1687 1830 1720 virtus
1857 1696 1923 1719 non
1947 1686 2046 1719 modo
2067 1686 2177 1728 ipsum
2201 1695 2326 1730 equum
2347 1688 2445 1720 ornat

2488 1532 2508 1547 x*

1409 1744 1597 1787 bonumque
1619 1744 1729 1777 reddit
1742 1744 1829 1785 ,sed
1853 1744 1953 1777 etiam
1970 1753 2052 1787 opus
2074 1745 2167 1787 eJus;
2185 1745 2250 1778 hac
2273 1744 2360 1779 enim
2377 1744 2447 1778 vir-
2505 1744 2508 1745 ⁷

1408 1804 1481 1836 tute
1498 1805 1529 1836 et
1551 1803 1695 1845 equitem
1713 1803 1795 1836 bene
1813 1803 1934 1836 vehere
1950 1804 2059 1845 potest
2076 1804 2110 1836 et
2126 1811 2259 1836 currere
2283 1805 2317 1837 el.
2334 1802 2448 1838 kostel
2492 1804 2508 1818 ⁹*

1409 1863 1610 1903 exspectare.
1655 1862 1766 1899 Quum
1779 1862 1891 1894 autem
1904 1869 1958 1894 res
1971 1860 2007 1894 in
2019 1860 2172 1894 omnibus
2193 1859 2242 1894 ita
2255 1869 2291 1894 se
2310 1860 2443 1901 habeat,

1409 1921 1509 1954 etiam
1525 1922 1670 1954 humana
1687 1921 1795 1954 virtus
1808 1920 1958 1954 similiter
1975 1929 2011 1954 se
2026 1920 2161 1955 habebit
2178 1934 2188 1954 ι
2209 1930 2288 1964 quae
2298 1920 2383 1954 nihil
2394 1922 2447 1955 eat
2482 1966 2484 1969 .
2503 1934 2508 1942 ’-

1409 1978 1518 2018 aliud,
1548 1988 1651 2022 quam
1683 1979 1836 2018 habitus,
1868 1988 1935 2022 quo
1952 1979 2059 2012 bonus
2089 1978 2148 2012 fiat
2174 1979 2292 2019 homo,
2318 1980 2354 2013 et
2378 1988 2446 2022 quo

1407 2037 1590 2070 humanum
1616 2046 1700 2080 opus
1723 2039 1812 2071 recte
1829 2039 1863 2071 et
1879 2037 1962 2071 bene
1983 2037 2114 2071 efficiat.
2135 2037 2307 2078 Quomodo
2333 2040 2446 2084 autem
2499 2068 2508 2089 Ἦ,

1407 2097 1510 2130 talem
1535 2097 1629 2130 nobis
1644 2097 1905 2139 comparabimus
1920 2096 2071 2130 habitum
2080 2098 2096 2130 ἲ
2107 2098 2181 2130 Jam
2198 2097 2334 2140 quidem
2346 2097 2446 2141 paulo
2483 2143 2485 2146 Ι

1408 2158 1485 2189 ante
1498 2156 1645 2189 diximus
1664 2166 1672 2187 z
1687 2155 1941 2190 ostendebamus
1959 2155 2047 2189 enim
2057 2155 2224 2190 hominem
2234 2164 2310 2189 cum
2321 2155 2446 2190 virtute

1407 2215 1521 2249 vivere
1551 2215 1766 2248 meditantem
1798 2223 1928 2257 semper
1967 2214 2148 2248 consectari
2186 2214 2446 2248 mediocritatem

1407 2276 1560 2307 motuum
1583 2283 1643 2307 nos
1666 2274 1709 2307 ad
1733 2274 1996 2317 perturbationes
2014 2273 2255 2316 impellentium
2267 2274 2378 2318 iisque
2393 2274 2447 2307 in-

1408 2342 1558 2366 suescere
1577 2343 1585 2365 ε
1601 2333 1659 2366 sed
1674 2335 1707 2366 et
1722 2333 1810 2366 idem
1820 2342 1862 2366 ex
1877 2332 2090 2375 sequentihus
2098 2332 2234 2374 patebit,
2247 2332 2276 2366 si
2289 2332 2446 2367 nimirum

1407 2392 1667 2433 consideremus,
1691 2391 1799 2434 qualis
1813 2391 1856 2425 sit
1880 2390 2016 2425 virtutis
2037 2392 2166 2424 natura.
2185 2389 2224 2424 Id
2245 2392 2358 2425 antem
2381 2390 2445 2424 hoc

1406 2451 1505 2485 modo
1522 2450 1704 2484 videamus.

1449 2566 1486 2597 In
1499 2563 1587 2597 omni
1597 2573 1634 2597 re
1649 2563 1801 2596 continua
1814 2589 1822 2603 ,
1847 2563 1955 2606 qualis
1971 2564 2021 2597 est
2037 2563 2133 2602 linea,
2153 2562 2352 2605 superficies,
2367 2571 2443 2598 cor-

1405 2632 1479 2664 pus,
1500 2622 1605 2655 oratio
1624 2624 1659 2655 et
1676 2624 1808 2664 tempus
1830 2621 2028 2664 omninoque
2051 2621 2086 2654 in
2116 2621 2236 2664 quavis
2251 2630 2288 2655 re
2305 2621 2443 2656 dividua

1405 2681 1495 2714 aliud
1526 2681 1601 2723 plus
1633 2681 1723 2714 aliud
1750 2680 1859 2714 minus
1871 2706 1879 2720 ,
1908 2677 1999 2714 aliud
2021 2681 2148 2723 aequale
2181 2688 2310 2714 sumere
2341 2680 2440 2717 licet:

1405 2739 1547 2781 exempli
1566 2739 1670 2780 gratia
1685 2739 1719 2771 in
1732 2748 1769 2771 re
1785 2738 1948 2777 continua,
1968 2738 1997 2771 si
2016 2738 2106 2780 quod
2124 2738 2238 2771 decem
2255 2738 2443 2772 cubitorum

1407 2800 1467 2837 est,
1494 2798 1638 2831 multum
1662 2799 1723 2836 est,
1752 2797 1929 2830 bicubitale
1951 2798 2063 2829 autem
2087 2805 2216 2838 parum,
2235 2796 2364 2839 aequale
2379 2797 2442 2830 erit

1407 2856 1497 2901 quod
1517 2865 1576 2890 sex
1594 2856 1782 2889 cubitorum
1799 2857 1861 2897 est,
1875 2854 1965 2898 quod
1977 2856 2010 2888 et
2027 2854 2174 2888 medium
2191 2857 2340 2895 vocatur,
2363 2855 2442 2899 quia

1405 2926 1473 2959 qua
1492 2917 1585 2958 parte
1610 2915 1720 2948 minus
1744 2916 1795 2947 est
1812 2923 1914 2956 quam
1929 2913 1966 2947 id
1990 2913 2079 2956 quod
2097 2915 2147 2947 est
2173 2913 2288 2947 decem
2312 2913 2442 2948 cubito-

1403 2984 1490 3014 rum!
1509 2974 1623 3007 eadem
1640 2973 1746 3016 maJus
1766 2975 1816 3007 est
1834 2982 1936 3015 quam
1954 2971 2140 3006 bicubitale.
2158 2972 2315 3007 Similiter
2341 2972 2442 3009 etiam

1402 3044 1457 3068 res
1473 3044 1508 3067 se
1520 3034 1623 3068 habet
1643 3034 1677 3067 in
1700 3034 1887 3076 quantitate
1908 3032 2042 3066 definita
2064 3043 2072 3065 :
2092 3032 2220 3066 sienim
2239 3032 2346 3066 multa
2363 3032 2442 3067 sunt

1402 3092 1528 3135 viginti,
1537 3102 1641 3135 pauca
1650 3101 1729 3125 vero
1742 3091 1855 3125 decem
1865 3117 1873 3130 ,
1889 3091 2030 3133 aequalia
2040 3093 2141 3130 erunt
2151 3090 2348 3134 quindecim,
2361 3091 2440 3134 quia

1403 3161 1468 3193 qua
1484 3160 1522 3185 re
1533 3151 1654 3184 cedunt
1671 3150 1798 3192 majori,
1817 3149 1932 3182 eadem
1950 3149 2068 3182 minori
2084 3151 2264 3192 praestant:
2278 3148 2441 3196 eiusmodi

1402 3211 1514 3242 autem
1529 3209 1656 3252 aequale
1673 3208 1820 3242 medium
1834 3208 1982 3247 vocatur,
1997 3217 2036 3240 ac
2047 3207 2124 3240 talis
2141 3207 2222 3240 ordo
2233 3206 2439 3241 arithmetica

350 3355 365 3371 *
391 3355 453 3386 Διὰ
466 3358 568 3387 ταῦτα
582 3355 616 3387 δὲ
632 3356 704 3388 οὐδὲ
726 3357 872 3398 δυνάμεις
893 3357 985 3397 εἰσίν,
1000 3359 1067 3391 κτλ,
1084 3375 1126 3382 -
1145 3358 1184 3379 *²⁴²
1202 3361 1242 3392 Εἰ
1265 3359 1320 3392 οὖν
1344 3359 1426 3402 μήτε
1438 3359 1521 3398 πάθη
1536 3358 1634 3399 εἰσίν,
1652 3359 1721 3391 κτλ.
1742 3374 1784 3381 -
1801 3356 1856 3375 ***
1874 3356 1951 3397 Gap.
1980 3358 2008 3387 6.
2027 3356 2086 3387 Δεῖ
2106 3355 2140 3387 δὲ
2159 3354 2202 3396 μὴ
2221 3353 2318 3395 μόνον
2336 3352 2441 3388 οὕτως

311 3402 411 3434 εἰπεῖν
426 3402 475 3434 ὅτι
489 3403 549 3440 ἕξις
562 3404 620 3435 κτλ
647 3419 685 3425 -—
699 3403 779 3423 *W*
798 3403 850 3436 Ἐν
867 3405 964 3436 παντὶ
980 3406 1017 3444 δὴ
1035 3408 1168 3448 συνεχεῖ
1187 3407 1256 3439 κτλ.

2494 3245 2501 3258 ”
2493 3091 2508 3191 '‘⁷⁴¹“
2504 3067 2508 3078 1
