2508 3776
294 235 371 271 452

289 323 348 358 τοῦ
373 319 466 361 ἔθους
493 315 554 358 τὰς
582 316 693 368 ἀρχὰς
730 317 1022 369 περιγενομένας,
1057 321 1201 372 βεὸαίας
1233 318 1322 364 εἶναι

288 377 485 427 συμὸαίνει·
512 375 595 419 ἕξεις
614 375 681 427 γάρ
707 378 786 414 εἶσι·
810 376 870 414 καὶ
901 377 996 415 οὐδὲν
1016 381 1149 428 μᾶλλον
1177 382 1326 422 ἀπὸτοῦ

286 438 409 475 εἰδέναι
429 434 473 472 τὰ
493 433 585 471 καλὰ
604 435 664 471 καὶ
679 434 797 472 δίκαιοι
814 436 1001 487 πρακτικοὶ
1020 439 1133 478 αὐτῶν
1157 440 1324 492 γίνονται·

283 492 402 545 ὥσπερ
426 492 504 531 οὐδὲ
536 493 671 543 ὑγιεινοὶ
705 492 728 540 ἢ
756 495 927 533 εὖεκτικοὶ
956 496 1144 547 γινόμεθα,
1175 500 1324 539 ἀπὸτοῦ

281 553 396 595 καλῶς
416 551 543 590 εἰδέναι
562 551 606 590 τὰ
624 551 756 601 ὑγιεινὰ
777 551 837 590 καὶ
854 553 1034 602 εὐεκτικά,
1053 557 1142 595 ἀλλὰ
1161 560 1211 611 τῷ
1230 558 1323 612 ἔχειν

281 610 347 655 ἕξιν
365 610 493 661 ὑγιείας
511 609 571 647 καὶ
592 610 730 654 εὐεξίας·
751 611 789 648 οὗ
809 609 877 663 γὰρ
903 613 920 648 ὁ
947 611 1081 660 πύκτης
1097 618 1322 655 πυκτικώτε-

281 685 335 722 ρος
354 669 484 719 γίνεται
502 667 558 706 διὰ
578 669 617 707 τὸ
637 668 764 708 εἰδέναι
786 670 819 708 τί
837 671 911 708 ἐστι
928 670 968 709 τὸ
985 664 1023 709 eff
1040 673 1099 709 καὶ
1120 674 1237 718 καλῶς
1256 691 1322 713 πυ-

279 729 422 767 κτεύειν·
451 729 488 766 οὐ
509 726 577 779 γὰρ
596 730 646 780 τῷ
667 727 818 778 εἰδέναι,
841 728 932 766 ἀλλὰ
958 731 1008 781 τῷ
1030 729 1100 774 ἕξιν
1133 730 1224 784 ἔχειν
1253 749 1322 772 πυ-

278 791 398 833 κτικῆς
431 786 607 825 πυκτεύει·
635 786 760 838 ὁμοίως
779 786 815 826 δὲ
847 787 907 825 καὶ
938 789 956 825 ὁ
992 790 1192 837 παλαιστὴς
1223 792 1319 831 καὶὸ

277 845 452 898 δρομικός·
477 845 535 884 καὶ
566 845 634 898 γάρ
663 861 715 885 τοι
735 845 797 884 καὶ
828 848 1034 898 ὁγυμνικὸς
1066 848 1123 886 διὰ
1156 850 1218 899 τὴν
1251 851 1318 897 ἕξιν

274 905 439 956 γυμνικός
472 907 587 953 ἐστιν,
612 905 650 943 οὐ
671 904 728 943 διὰ
759 905 797 944 τὸ
829 905 957 944 εἰδέναι
985 907 1029 945 τὰ
1062 909 1225 948 εὖεκτικὰ
1257 912 1317 950 καὶ

272 964 438 1015 γυμνικοὶ·
453 964 544 1014 λέγω
565 963 599 1002 δὲ
618 965 781 1003 εὗεκτικὰ
801 965 862 1002 καὶ
883 964 1037 1015 γυμνικὰ
1057 964 1079 1013 ἢ
1104 968 1256 1018 ὑγιεινά,
1278 971 1316 1008 οὐ

272 1022 318 1061 τὰ
338 1021 505 1071 ποιητικὰ
526 1022 654 1067 εὐεξίας
678 1022 698 1070 ἢ
719 1023 872 1073 ὑγιείας,
894 1025 973 1062 ἀλλ’
995 1024 1017 1063 ἃ
1042 1026 1134 1064 ποιεῖ
1160 1029 1178 1064 ὁ
1201 1028 1316 1080 ὑγιαί-

272 1097 357 1130 νων,
386 1081 406 1128 ἢ
439 1085 456 1120 ὁ
486 1083 656 1129 εὖεκτῶν,
691 1082 760 1121 ἀπὸ
777 1086 835 1120 τοῦ
865 1081 932 1127 ἕξιν
966 1083 1097 1134 ὑγιείας
1127 1084 1149 1131 ἢ
1186 1086 1317 1132 εὐεξίας

271 1141 377 1194 ἔχειν·
397 1141 518 1194 ὥσπερ
537 1141 649 1180 τοίνυν
673 1142 730 1180 ἐπὶ
746 1144 814 1180 τῶν
834 1142 1024 1194 εἰρημένων
1042 1142 1143 1188 ἕξεων
1165 1146 1196 1183 οἱ
1216 1144 1315 1197 ἔχον-

269 1216 325 1244 τες
345 1201 406 1238 οὐκ
432 1199 472 1238 ἂν
504 1199 662 1249 ἀμείνους
695 1199 847 1251 γένοιντο
879 1200 936 1239 διὰ
966 1201 1006 1239 τὸ
1027 1203 1177 1253 εἰδέναι,
1208 1205 1315 1250 οὕτως

269 1257 345 1297 οὐδὲ
360 1261 378 1296 ὃ
395 1258 579 1301 σπουδαῖος
596 1258 748 1296 καλλίων
765 1259 844 1309 περὶ
862 1256 924 1305 τὴν
946 1260 1070 1310 ἀρετὴν
1092 1261 1233 1311 γε’νοιτο
1257 1265 1314 1302 διὰ

269 1318 331 1365 τὴν
363 1317 542 1369 φρόνησιν·
574 1319 603 1355 εἰ
622 1316 657 1354 δὲ
677 1317 750 1360 τοῖς
788 1318 989 1361 σπουδαίοις
1010 1318 1107 1356 οὐδὲν
1131 1321 1216 1372 πρὸς
1249 1321 1313 1370 τὴν

269 1376 392 1429 ἀρετὴν
413 1379 434 1422 ἠ
458 1380 622 1429 φρόνησις
642 1376 820 1424 συντελεῖ,
839 1377 1000 1415 λείπεται
1027 1376 1069 1424 δὴ
1090 1376 1168 1422 τοὺς
1187 1379 1236 1429 μὴ
1254 1380 1312 1420 ὅν-

266 1452 326 1479 τας
342 1435 547 1477 σπουδαίους
566 1437 628 1480 τὴν
647 1433 810 1487 φρόνησιν
829 1435 991 1478 καλλίους
1005 1441 1130 1474 ποιεῖν’
1152 1438 1213 1476 καὶ
1230 1442 1310 1479 τού-

267 1509 344 1537 τους
365 1493 400 1532 δὲ
421 1495 459 1531 οὗ
487 1492 618 1545 σφόδρα
639 1495 831 1544 ἀναγκαῖον
855 1492 1040 1546 φρονίμους
1058 1489 1146 1532 εἶναι
1170 1497 1255 1548 πρὸς
1271 1500 1309 1537 τὸ

264 1554 423 1604 γενέσθαι
456 1552 679 1595 σπουδαίους·
711 1551 856 1590 δυνατὸν
889 1551 957 1604 γὰρ
990 1553 1049 1591 καὶ
1080 1553 1164 1605 παρ’
1190 1556 1307 1595 ἄλλων

270 1612 443 1662 μαθόντας
474 1611 532 1650 τὸν
566 1612 645 1663 περὶ
668 1612 793 1663 ἀρετῆς
824 1610 924 1663 λόγον
947 1612 1006 1650 καὶ
1026 1614 1227 1659 πεισθέντας
1247 1619 1308 1655 αὒ-

262 1673 331 1715 τοῗς
354 1671 562 1714 σπουδαίους
578 1670 750 1722 γενέσθαι·
767 1669 887 1721 ὥσπερ
907 1670 1108 1722 βουλόμενοι
1127 1674 1305 1725 ὑγιαίνειν,

262 1733 323 1769 οὐκ
341 1731 437 1769 αὐτοὶ
465 1730 686 1781 μανθάνομεν
718 1729 880 1782 ἰατρικήν
897 1759 907 1777 ,
936 1730 1031 1787 ἀλλὸι
1063 1730 1143 1776 τοὺς
1170 1734 1307 1787 ἰατροὺς

261 1792 444 1843 ἐρωτῶμεν
457 1819 466 1836 ,
486 1788 547 1827 καὶ
568 1790 665 1827 οὐδὲν
686 1789 813 1828 κωλύει
830 1787 1011 1845 ὑγιαίνειν·
1024 1795 1136 1829 ταῦτα
1155 1793 1218 1842 μὲν
1239 1790 1298 1834 οὖν

261 1850 468 1901 ἀπορήσειεν
486 1848 527 1886 ἄν
547 1864 598 1892 τις
616 1848 696 1901 περὶ
716 1850 777 1895 τῆς
793 1849 992 1901 φρονήσεως
1007 1848 1067 1887 καὶ
1087 1853 1148 1897 τῆς
1169 1853 1304 1905 σοφίας,

260 1910 306 1952 εἷς
344 1908 376 1946 τί
413 1909 614 1947 συντελοῦσι
648 1912 719 1951 τοῖς
752 1907 946 1960 ἀνθρώποις
974 1908 1035 1947 καὶ
1067 1910 1153 1962 πρὸς
1183 1911 1217 1949 τί
1237 1916 1304 1955 εἰσι

258 1966 444 2019 χρήσιμοι.

311 2026 328 2044 *
348 2024 430 2066 Ἔτι
448 2026 483 2065 δὲ
499 2025 559 2065 καὶ
580 2027 690 2064 ἐκεῖνο
707 2026 757 2064 δεῖ
776 2028 891 2074 ζητεῖν
909 2027 989 2081 περὶ
1004 2031 1067 2075 τ’ῆς
1085 2027 1170 2081 πρὸς
1194 2027 1303 2075 ἀλλή-

255 2086 334 2128 λους
354 2086 467 2123 αὐτῶν
490 2084 662 2137 σχέσεως,
689 2085 820 2137 ποτέρα
847 2086 1007 2136 βελτίων.
1029 2089 1134 2125 Δοκεῖ
1155 2087 1217 2137 μὲν
1234 2087 1301 2140 γὰρ

255 2148 277 2191 ἡ
311 2144 415 2198 σοφία
454 2143 598 2196 βελτίων
636 2146 698 2190 τῆς
734 2143 952 2196 φρονήσεως,
986 2144 1062 2183 καθ’
1084 2143 1164 2184 ὅσον
1181 2145 1198 2169 b
1232 2148 1300 2185 τῶν

255 2203 453 2256 ἀναγκαίων
486 2203 558 2241 ἐστὶ
582 2205 720 2255 γνῶσις·
749 2204 841 2242 δοκεῖ
865 2203 900 2241 δὲ
925 2206 945 2250 ἡ
968 2204 1130 2256 φρόνησις
1153 2204 1298 2256 βελτίων

253 2267 315 2311 τ’ῆς
335 2263 476 2316 σοφίας,
499 2261 575 2301 καθ’
596 2261 674 2301 ὅσον
692 2268 706 2285 ⁰
731 2263 824 2316 ἀρχή
848 2264 921 2302 ἐστι
949 2262 1129 2315 πράξεως,
1152 2265 1211 2303 καὶ
1241 2265 1298 2303 διὰ

252 2327 354 2362 τοῦτο
381 2322 573 2375 κυριωτέρα
593 2325 655 2369 τῆς
686 2322 831 2374 σοφίας,
858 2322 935 2369 ἥτις
965 2323 1067 2372 μόνον
1102 2324 1296 2376 θεωρητική

253 2384 357 2420 ἔστιν·
379 2385 399 2428 ἦ
421 2382 486 2434 γὰρ
515 2379 692 2434 πρακτικὴ
713 2379 782 2427 ἕξις
811 2380 914 2434 ἄρχει
939 2380 999 2419 καὶ
1022 2382 1198 2420 ἐπιτάττει
1218 2383 1296 2435 περὶ

253 2440 398 2480 ἕκαστον

307 2499 339 2515 **
355 2501 476 2538 Ταῦτα
498 2500 559 2550 μὲν
581 2493 638 2537 οὖν
658 2499 834 2550 ἠπόρηται
853 2499 932 2552 περὶ
951 2499 1074 2552 σοφίας
1088 2500 1147 2539 καὶ
1165 2499 1293 2553 φρονή-

252 2572 349 2601 σεως·
378 2558 498 2609 ῥητέον
532 2556 566 2595 δὲ
593 2557 679 2610 πρὸς
702 2562 834 2606 ταῦτα,
867 2558 927 2597 καὶ
957 2561 1096 2611 πρῶτον
1126 2560 1205 2611 περὶ
1234 2564 1293 2599 τοῦ

251 2616 400 2668 πρώτου’
422 2618 557 2668 πρῶτον
581 2615 641 2667 μὲν
664 2610 721 2654 οὖν
744 2619 773 2656 εἷ
791 2617 850 2655 καὶ
868 2617 952 2670 πρὸς
968 2617 1075 2668 μηδὲν
1097 2612 1185 2666 ἦσαν
1205 2618 1293 2671 χρή-

252 2690 348 2724 σιμοι
367 2677 401 2712 αἱ
423 2679 582 2713 τοιαῦται
610 2675 750 2727 ἀρεταί,
777 2676 866 2714 ἀλλὰ
885 2678 931 2715 δι’
957 2675 1081 2720 ἑαυτὰς
1102 2679 1292 2730 ἀναγκαῖον

251 2734 391 2785 αἱρετὰς
414 2734 519 2775 αὐτὰς
541 2728 640 2773 εἶναι·
672 2734 793 2787 ἀρεταὶ
821 2735 887 2787 γάρ
917 2737 1001 2774 εἰσιν
1024 2735 1176 2790 ἑκατέρα
1203 2738 1292 2775 ἑκα-

249 2792 349 2845 τέρου
370 2797 428 2831 τοῦ
453 2794 668 2839 διανοητικοῦ
682 2823 693 2842 ,
717 2793 832 2837 καθὼς
848 2794 997 2847 εἴρηται·
1017 2802 1116 2835 πᾶσα
1141 2795 1177 2835 δὲ
1201 2798 1290 2851 ἀρε-

248 2850 292 2898 τὴ
315 2851 451 2903 αἱρετόν
473 2851 507 2888 τί
530 2853 636 2890 ἐστιν.
655 2851 672 2874 ‘¹

302 2910 356 2927 *¹⁸*
377 2906 529 2948 ’Ἔπειτα
542 2910 600 2947 καὶ
612 2909 783 2962 χρήσιμοί
798 2912 863 2949 εἶσι
879 2912 963 2963 πρὸς
972 2912 1034 2960 τὴν
1048 2912 1268 2963 εὐδαιμονίαν
1280 2945 1290 2962 ,

253 2971 319 3022 οὐχ
333 2969 452 3021 ὥσπερ
473 2969 611 3021 ἰατρικὴ
632 2968 715 3020 πρὸς
736 2970 881 3018 ὑγίειαν·
903 2972 981 3009 ἀλλ’
997 2971 1117 3024 ὥσπερ
1134 2975 1156 3019 ἡ
1173 2972 1287 3024 ὑγίεια

247 3028 331 3080 πρὸς
351 3028 482 3079 ὑγίειαν
505 3028 601 3080 ἔχει,
622 3028 711 3066 οὕτω
733 3029 836 3080 σοφία
862 3030 921 3067 καὶ
940 3032 1102 3082 φρόνησις
1121 3031 1205 3084 πρὸς
1227 3033 1287 3070 εὔ-

247 3086 431 3137 δαιμονίαν
451 3087 621 3140 χρήσιμοί
652 3088 748 3125 εἶσιν·
775 3091 797 3134 ἠ
830 3088 890 3137 μὲν
911 3089 978 3142 γὰρ
996 3091 1144 3129 καθόλου
1169 3092 1287 3129 εὐδαι-

248 3147 350 3198 μονία
369 3151 391 3195 ἡ
409 3145 581 3193 παντελής
603 3148 693 3185 ἐστιν
716 3146 844 3197 ἀρετή,
866 3147 970 3200 σοφία
991 3150 1026 3187 δὲ
1045 3149 1103 3186 καὶ
1125 3150 1287 3203 φρόνησις

247 3206 350 3258 μέρος
374 3205 440 3243 εἶσὶΙ
459 3209 520 3251 τ’ἧς
541 3205 623 3252 ὅλης
658 3207 794 3258 ἄρετ’ἧς·
825 3205 916 3243 ὥστε
938 3207 1040 3257 μέρος
1061 3209 1127 3247 εἶσὶ
1148 3213 1206 3256 τῆς
1229 3213 1287 3248 ἀν-

249 3265 424 3314 θρωπίνης
459 3263 679 3315 εὐδαιμονίας
713 3264 816 3316 σοφία
852 3265 911 3302 καὶ
942 3267 1130 3317 φρόνησις,
1157 3270 1217 3307 καὶ
1245 3268 1284 3306 τὸ

245 3323 375 3367 ταύτας
409 3323 501 3375 ἔχειν
535 3322 623 3373 μετὰ
651 3325 720 3360 τῶν
751 3322 867 3360 ἄλλων
895 3325 1026 3375 ἀρετῶν
1064 3325 1283 3375 εὐδαιμονεῖν

245 3383 318 3420 ἔστι
335 3381 397 3429 τὴν
421 3382 505 3430 ὅλην
526 3381 761 3433 εὐδαιμονίαν.

2442 3448 2447 3458 ,

1111 232 1323 278 ANDRON
1330 238 1391 278 [CI
1426 239 1600 279 RHODII

1389 332 1475 365 enim
1498 333 1592 366 bonis
1606 342 1711 376 quum
1731 345 1773 370 ex
1787 341 2022 376 consuetudine
2033 343 2090 377 illa
2103 347 2292 391 contingant
2305 349 2428 393 priuci-

1388 382 1456 423 pia,
1473 381 1567 415 firma
1583 392 1717 427 quoque
1740 394 1811 420 esse
1833 391 1963 422 constat
1986 403 1996 424 ι
2025 401 2141 436 nempe
2166 396 2300 432 habitus
2323 401 2425 434 suut:

1387 431 1488 464 nihilo
1501 436 1613 467 autem
1637 436 1679 468 ad
1701 437 1826 478 agenda
1852 447 1890 471 ea
1913 449 1991 483 quas
2011 442 2150 479 honesta
2173 450 2206 481 et
2226 450 2320 491 justa
2347 451 2426 485 sunt

1386 482 1528 524 aptiores
1544 493 1659 518 eorum
1684 487 1867 528 cognitione
1893 490 2084 527 efficiuntur
2114 509 2122 529 ε
2144 499 2425 540 quemadmodum

1386 541 1445 564 nec
1473 535 1732 571 convalescimus
1762 542 1820 571 aut
1855 541 1988 575 firmum
2025 553 2145 587 corpus
2185 550 2404 585 nanciscimur

1385 585 1557 624 propterea
1572 586 1662 628 quod
1677 597 1730 621 res
1753 591 1847 623 nohis
1865 592 2012 626 salubres
2035 597 2068 627 et
2087 595 2130 629 ad
2153 602 2298 641 corporis
2316 580 2423 636 firmi,-

1385 634 1487 667 tatem
1518 637 1719 678 pertinentes
1748 641 1850 682 probe
1872 644 2043 683 novimus,
2078 646 2136 680 sed
2162 649 2240 691 quia
2269 650 2422 687 habitum

1384 684 1488 718 firmae
1504 688 1704 723 valetudinis
1721 694 1755 724 et
1777 693 1918 726 salubris
1942 696 2086 738 corporis
2104 697 2264 733 habemus
2284 713 2295 734 ε
2315 706 2423 746 nem

1382 738 1469 770 enim
1493 740 1584 782 pugil
1615 742 1777 783 pugilatui
1803 746 1910 787 aptior
1934 747 1991 789 fit,
2021 748 2048 781 si
2074 749 2158 782 sciat
2179 750 2261 792 quid
2278 751 2322 786 sit
2338 752 2423 792 bene

1381 791 1536 832 recteque
1553 793 1679 824 certare
1704 795 1822 836 pugnis
1849 809 1855 828 ε
1883 797 2040 831 nimirum
2066 809 2132 833 non
2164 804 2331 844 quatenus
2356 805 2421 840 hoc

1381 839 1459 878 scit,
1483 840 1543 873 sed
1567 845 1733 883 quatenus
1753 846 1906 880 habitum
1924 849 2137 892 pugilationis
2161 851 2278 892 habet,
2302 858 2422 899 pugnis

1378 894 1484 925 certat
1496 902 1504 922 t
1516 893 1696 937 eademque
1710 899 1743 930 et
1758 898 1929 934 luctatoris
1947 905 1980 935 et
1993 903 2136 938 cursoris
2153 907 2204 938 est
2217 906 2302 941 ratio
2320 917 2420 944 znam

1379 950 1412 981 et
1427 951 1598 990 gymnicus
1617 962 1682 985 non
1707 953 1750 986 ob
1771 962 1882 987 rerum
1904 955 1946 988 ad
1961 957 2106 999 corporis
2123 956 2312 994 firmitatem
2326 963 2361 995 et
2375 963 2419 997 ad

1379 1001 1547 1041 gymnasia
1564 1003 1798 1044 pertinentium
1817 1005 2052 1046 cognitionem,
2084 1007 2142 1041 sed
2164 1012 2300 1053 propter
2317 1011 2417 1047 habi-

1379 1049 1451 1081 tum
1466 1050 1635 1092 gymnicus
1654 1055 1704 1085 est
1723 1065 1730 1085 :
1756 1053 1830 1087 dico
1844 1057 1955 1088 autem
1971 1065 2025 1089 res
2043 1056 2086 1090 ad
2111 1059 2258 1100 corporis
2273 1058 2422 1095 &mita-⁷

1378 1100 1444 1132 tem
1461 1103 1493 1133 et
1506 1103 1742 1143 gymnasticam
1757 1107 1862 1138 artem
1880 1107 2080 1148 pertinentes
2092 1111 2150 1141 aut
2159 1109 2256 1144 nobis
2269 1111 2419 1147 salubres

1377 1161 1440 1184 non
1453 1152 1528 1184 boni
1547 1153 1683 1187 habitus
1698 1157 1756 1187 aut
1772 1156 1924 1189 sanitatis
1938 1156 2124 1191 effectrices
2134 1184 2142 1198 ‚
2165 1159 2224 1193 sed
2239 1160 2298 1195 illa
2306 1164 2417 1199 omnia

1375 1210 1451 1243 quae
1469 1203 1568 1235 homo
1590 1213 1690 1236 sanus
1705 1208 1762 1238 aut
1781 1207 1875 1238 firmo
1890 1216 2025 1250 corpore
2042 1209 2204 1250 praeditus
2215 1209 2296 1245 facit
2307 1238 2316 1252 ,
2336 1215 2417 1256 quia

1374 1253 1525 1286 habitum
1552 1254 1702 1287 sanitatis
1720 1258 1778 1288 aut
1803 1256 1888 1289 firmi
1910 1258 2056 1300 corporis
2074 1259 2177 1293 habet
2197 1271 2204 1292 z
2230 1261 2318 1296 sicut
2334 1273 2413 1310 ergo

1374 1299 1408 1332 in
1434 1301 1476 1333 iis
1498 1311 1582 1343 quos
1600 1302 1746 1336 diximus
1773 1304 1942 1338 habitibus
1955 1331 1963 1345 ,
1986 1306 2045 1348 qui
2066 1316 2122 1340 eos
2149 1311 2319 1345 consecuti
2337 1319 2415 1351 sunt

1374 1351 1632 1394 haudquaquam
1647 1354 1799 1387 meliores
1820 1355 1890 1397 ipsa
1912 1356 2048 1390 scientia
2065 1357 2264 1400 efficiuntur,
2287 1359 2338 1397 lta
2353 1373 2415 1400 uec

1373 1402 1425 1435 vir
1458 1403 1563 1436 bonus
1584 1405 1627 1438 ad
1662 1405 1822 1438 virtutem
1848 1406 1965 1439 melior
1997 1407 2160 1441 efficietur
2194 1410 2371 1452 prudentia
2401 1426 2410 1448 ε

1371 1453 1489 1494 quodsi
1510 1454 1591 1487 viris
1611 1454 1704 1488 bonis
1732 1455 1813 1487 nihil
1833 1455 1876 1488 ad
1901 1457 2061 1490 virtutem
2080 1458 2254 1500 prudentia
2266 1462 2411 1506 prodest,

1370 1506 1473 1536 restat
1487 1506 1525 1536 ut
1543 1504 1602 1546 qui
1616 1505 1678 1537 viri
1694 1505 1770 1538 boni
1786 1515 1850 1538 non
1868 1509 1963 1547 sunt,
1989 1517 2045 1541 eos
2067 1509 2220 1544 meliores
2238 1511 2414 1554 prudentia

1370 1553 1489 1588 efficiat
1505 1564 1512 1583 ε
1527 1555 1621 1597 atqui
1641 1565 1681 1588 ne
1696 1556 1756 1588 hos
1772 1556 1907 1598 quidem
1927 1557 2107 1592 admodum
2121 1569 2254 1595 necesse
2270 1564 2323 1596 est
2336 1573 2413 1608 pru·

1369 1604 1484 1637 dentes
1498 1614 1584 1644 esse,
1608 1608 1646 1638 ut
1661 1605 1725 1639 viri
1742 1606 1817 1638 boni
1843 1606 2030 1640 efficiantur
2046 1619 2053 1639 ι
2071 1613 2211 1652 possunt
2230 1606 2352 1655 quippe
2369 1612 2412 1647 ab

1369 1653 1441 1686 aliis
1459 1654 1584 1688 discere
1604 1665 1642 1689 ea
1654 1665 1730 1698 quae
1747 1655 1788 1688 de
1801 1656 1924 1689 virtute
1946 1658 2142 1698 traduntur,
2165 1659 2274 1703 iisque
2285 1660 2411 1694 obtem-

1367 1713 1498 1748 perare,
1535 1708 1636 1749 atque
1663 1706 1710 1739 ita
1729 1706 1792 1740 viri
1808 1706 1884 1740 boni
1900 1707 1970 1740 fieri
1991 1721 1998 1740 ι
2022 1718 2088 1742 non
2104 1718 2200 1744 secus
2221 1719 2260 1743 ac
2275 1711 2305 1744 si
2327 1710 2412 1744 bene

1366 1761 1477 1794 valere
1501 1762 1691 1802 cupientes,
1714 1771 1778 1794 non
1802 1763 1865 1805 ipsi
1890 1763 2088 1797 medicinam
2107 1765 2329 1806 addiscimus,
2352 1767 2411 1800 sed

1366 1811 1511 1844 medicos
1528 1811 1748 1850 consulimus,
1767 1821 1874 1854 neque
1888 1813 2072 1856 quidquam
2089 1815 2210 1854 obstat,
2236 1815 2318 1859 quin
2335 1825 2410 1850 con·

1365 1860 1571 1893 valescamus
1590 1873 1598 1893 z
1619 1862 1690 1894 haec
1716 1862 1817 1903 igitur
1842 1864 1939 1902 sunt,
1963 1872 2039 1905 quae
2057 1863 2099 1898 de
2118 1864 2295 1907 prudentia
2309 1867 2343 1900 et
2355 1874 2411 1900 sa-

1364 1911 1486 1952 pientia
1501 1911 1618 1944 disseri
1633 1915 1756 1954 queant
1772 1912 1872 1945 allata
1885 1912 2109 1953 dubitatione,
2125 1914 2207 1957 quid
2221 1915 2411 1949 hominibus

1365 1964 1491 2005 prosint
1508 1964 1540 1996 et
1553 1973 1654 2005 quam
1674 1963 1854 1996 utilitatem
1877 1963 2030 1997 afferant.

1406 2025 1471 2059 Sed
1486 2027 1520 2059 et
1537 2025 1623 2058 illud
1643 2025 1685 2058 de
1701 2025 1876 2068 utriusque
1901 2026 1943 2059 ad
1969 2026 2108 2059 alteram
2130 2026 2288 2061 relatione
2301 2029 2410 2072 quoeri

1362 2084 1513 2125 oportet,
1542 2084 1618 2115 utra
1647 2082 1689 2115 sit
1713 2082 1931 2124 praestantior.
1964 2082 2106 2116 Videtur
2130 2084 2219 2118 enim
2246 2085 2406 2129 sapientia

1364 2142 1548 2184 prudentiae
1566 2143 1742 2184 praestare,
1765 2143 1930 2185 quatenus
1946 2142 2206 2177 necessariorum
2227 2145 2279 2178 est
2293 2145 2408 2187 cogni-

1363 2202 1409 2235 tio
1427 2215 1434 2234 2
1449 2210 1566 2234 rursus
1587 2201 1763 2244 prudentia
1785 2202 1920 2235 videtur
1938 2202 2106 2244 sapientiae
2121 2205 2296 2246 praestare,
2317 2213 2405 2248 qua—

1361 2261 1458 2293 tenus
1472 2259 1610 2292 actionis
1627 2261 1678 2292 est
1703 2259 1917 2302 principium,
1937 2260 2077 2303 ideoque
2098 2261 2174 2304 plus
2195 2272 2292 2306 posse
2303 2272 2407 2307 quam

1361 2319 1531 2362 sapientia,
1553 2328 1628 2361 quae
1651 2319 1685 2351 in
1701 2319 1769 2351 sola
1786 2327 1898 2352 rerum
1915 2321 2191 2363 contemplatione
2213 2321 2321 2364 posita
2333 2325 2419 2366 est;>¹

1360 2379 1489 2411 activus
1515 2377 1638 2420 quippe
1671 2377 1811 2411 habitus
1841 2378 1876 2411 in
1904 2379 2125 2421 singularibus
2154 2381 2344 2415 dominatur
2370 2384 2404 2416 et

1359 2439 1483 2479 regnat.

1400 2498 1480 2530 Haec
1495 2496 1598 2537 igitur
1611 2495 1652 2529 de
1665 2495 1824 2538 sapientia
1846 2497 1880 2529 et
1893 2495 2069 2538 prudentia
2083 2497 2184 2532 allata
2196 2498 2403 2534 dubitatione

1358 2555 1526 2598 disputata
1552 2557 1629 2588 sunt
1651 2555 1719 2588 :ad
1733 2564 1810 2598 quae
1831 2555 2095 2598 respondendum
2114 2559 2184 2597 est,
2205 2560 2240 2591 et
2257 2558 2403 2601 primum

1358 2615 1493 2659 quidem
1517 2614 1558 2648 de
1576 2614 1682 2657 primo
1699 2626 1708 2647 z
1731 2613 1876 2656 primum
1892 2623 1970 2656 ergo
1982 2639 1992 2656 ‚
2012 2614 2143 2649 etiamsi
2155 2615 2197 2648 ad
2213 2616 2295 2650 nibil
2311 2617 2402 2650 aliud

1355 2675 1409 2708 hae
1424 2675 1565 2708 virtutes
1587 2674 1791 2716 conferrent,
1818 2676 1928 2708 tamen
1956 2683 2013 2717 per
2039 2683 2074 2708 se
2099 2676 2282 2709 necessario
2298 2685 2401 2720 expe-

1356 2735 1464 2769 tendae
1496 2734 1604 2768 forent
1639 2748 1647 2768 :
1671 2735 1750 2776 quia
1797 2734 1940 2767 virtutes
1971 2735 2068 2776 sunt,
2104 2736 2222 2778 estque
2258 2737 2402 2778 utraque

1354 2796 1529 2838 utriusque
1546 2804 1622 2838 quae
1643 2795 1747 2828 menti
1772 2794 1932 2827 tribuitur
1947 2794 2052 2837 partis
2067 2793 2264 2836 cogitatione
2282 2794 2397 2829 valen-

1353 2855 1413 2896 tis,
1429 2858 1467 2889 ut
1483 2855 1629 2888 diximus
1645 2868 1652 2888 :
1676 2854 1783 2887 omnis
1799 2856 1912 2887 autem
1937 2853 2044 2886 virtus
2058 2853 2242 2896 expetenda
2256 2856 2318 2889 est.

1398 2915 1524 2949 Deinde
1538 2915 1639 2948 etiam
1657 2914 1699 2947 ad
1711 2914 1816 2947 vitam
1832 2914 1963 2947 beatam
1982 2911 2167 2952 conferunt,
2189 2923 2255 2947 non
2271 2915 2310 2947 ut
2324 2921 2396 2948 me-

1351 2974 1460 3007 dicina
1492 2974 1534 3007 ad
1572 2974 1773 3008 sanitatem:
1800 2973 1858 3006 sed
1881 2974 1920 3005 ut
1952 2973 2076 3006 sanitas
2095 2973 2138 3006 ad
2159 2973 2336 3006 sanitatem
2362 2982 2398 3007 se

1351 3034 1467 3073 habet,
1489 3035 1541 3078 ita⁴
1564 3033 1725 3077 sapientia
1753 3034 1786 3066 et
1802 3031 1980 3075 prudentia
1996 3032 2039 3065 ad
2058 3031 2301 3066 beatitudinem
2318 3041 2397 3066 con-

1350 3093 1442 3125 ducit
1468 3106 1475 3126 :
1499 3103 1575 3126 nam
1596 3092 1767 3126 beatitudo
1792 3091 1990 3124 universalis
2016 3090 2162 3134 perfecta
2186 3092 2296 3125 virtus
2324 3093 2393 3130 est,

1350 3153 1508 3195 sapientia
1529 3155 1642 3185 autem
1659 3154 1692 3186 et
1710 3151 1884 3194 prudentia
1897 3150 2034 3184 virtutis
2052 3151 2155 3184 totius
2168 3153 2279 3193 partes
2295 3153 2392 3184 sunt:

1348 3212 1561 3253 quamobrem
1587 3220 1663 3254 pars
1687 3211 1787 3244 etiam
1805 3210 1973 3243 felicitatis
1995 3211 2150 3243 humanae
2179 3209 2338 3253 sapientia
2360 3211 2394 3242 et

1348 3270 1521 3312 prudentia
1545 3272 1614 3308 est,
1636 3271 1670 3303 et
1684 3269 1742 3312 qui
1763 3269 1805 3301 iis
1824 3277 1900 3300 cum
1923 3268 2129 3310 reliquarum
2151 3261 2316 3301 virtutum
2336 3275 2393 3300 co-

1345 3330 1465 3362 mitatu
1484 3329 1645 3371 praeditus
1662 3331 1732 3369 est,
1754 3328 1784 3360 is
1812 3329 1971 3370 perpetua
1990 3326 2148 3360 felicitate
2166 3326 2217 3359 uti
2235 3325 2391 3369 perhibe-

1345 3391 1411 3421 tur.

284 3499 302 3517 *
320 3500 406 3543 Πρὸς
421 3501 454 3534 δὲ
477 3500 605 3538 τούτοις
620 3501 740 3533 ἄτοπον
758 3501 826 3532 κτλ.
847 3515 888 3526 --
908 3500 950 3520 *⁴*
962 3501 1042 3542 Περὶ
1059 3501 1099 3539 δὴ
1111 3500 1236 3533 τούτων
1256 3501 1387 3533 λεκτέον
1405 3502 1472 3533 κτλ.
1494 3516 1537 3526 --
1556 3501 1617 3538 *Ἴ*
1635 3500 1773 3534 Ἔπειτα
1789 3499 1844 3532 καὶ
1862 3502 1993 3532 ποιοῦσι
2006 3500 2074 3531 κτλ.
