2508 3776
325 309 428 346 τοῦτο
445 305 623 358 Περικλέα
639 305 699 344 καὶ
714 305 796 350 τους
808 304 985 349 τοιούτους
1005 301 1192 358 φρονίμους

280 356 424 412 εἶναι,
442 364 531 404 διότι
544 364 589 403 τὰ
613 365 750 408 ἑαυτοῖς
769 364 884 415 ἀγαθὰ
907 362 969 402 καὶ
986 363 1030 401 τὰ
1049 363 1122 405 τοῖς
1141 359 1204 399 ἄλ·

303 424 446 479 ’ρώποις
478 422 643 462 ἐδύναντο
673 424 826 476 θεωρειν·
846 422 1020 467 τοιούτους
1047 420 1084 459 δὲ
1116 412 1205 459 εἶναι

296 496 333 523 α
355 483 434 528 τους
456 482 696 535 οἷκονομικους
712 484 774 522 καὶ
795 481 1008 525 πολιτικούς

178 551 219 572 *2
226 545 379 585 Τοῦτο
399 543 436 583 δὲ
457 560 516 584 και
538 543 609 583 ἀπὸ
635 558 695 582 του
716 542 886 594 ὀνόματος
904 545 966 589 τῆς
982 538 1205 594 σωφροσύνης

164 591 189 608 ”
273 603 438 651 ιδῆλον·
466 607 484 644 ὁ
511 602 580 656 γὰρ
611 601 762 655 σώφρων
793 601 978 653 φυλάττων
1010 599 1051 638 τὸ
1079 600 1205 637 ἑαυτοῦ

225 660 388 711 “vv-’viv
406 661 575 715 φρόνησιν
594 660 734 712 λέγεται
757 658 891 704 σώζειν·
913 658 974 697 καὶ
993 656 1056 705 τὴν
1074 670 1207 709 σωφρο-

114 718 280 772 T'w‘m’o,
300 723 348 766 ὣς
379 722 566 768 σώζουσαν
585 718 648 766 τὴν
671 717 862 792 φρόνησιν,
894 715 1008 771 τούτῳ
1027 729 1204 768 προσαγο-

139 811 148 833 3
271 783 366 839 τῷ
384 780 544 853 ὀνόματι·
561 777 623 818 καὶ
643 776 712 830 γὰρ
726 781 744 816 ὁ
755 777 948 820 ἀκόλαστος
960 774 1126 825 οὐδεμίαν
1138 776 1206 812 τῶν

94 851 95 854 ’
282 838 446 893 γνώσεων
463 841 508 892 τῇ
529 839 636 891 ἡδονῇ
652 835 853 890 διαφθείρει,
874 837 904 875 εἰ
927 835 997 909 μὴν
1001 835 1063 882 τὴν
1082 832 1207 887 φρόνη-

171 887 356 952 ἱεμένην·
376 899 460 937 ἀλλ’
494 894 574 935 οὔτε
603 895 672 943 τὴν
675 894 924 966 ἐπιστήμην,
959 894 1038 934 οὔτε
1058 893 1122 941 τὴν
1147 892 1203 931 τέ-

147 964 159 971 ”
184 961 230 1000 -,ῐ
253 984 273 1007 ,
297 957 379 999 οὔτε
409 957 522 1004 ἄλλην
543 954 624 995 τινὰ
650 957 720 994 τῶν
741 954 1057 1007 ἄπηριθμημένων·
1095 957 1118 1002 ἡ
1136 953 1204 1006 γὰρ

191 1007 202 1012 ’⁴
254 1017 392 1058 οὐδὲν
410 1013 540 1056 κωλύει
569 1013 697 1054 εἰδέναι
730 1014 772 1054 τὸ
809 1013 976 1068 τρίγωνον
1009 1013 1071 1053 δύο
1101 1013 1203 1068 ὀρθὰς

250 1074 380 1130 ὅπερ
399 1073 476 1115 ἐστὶ
507 1076 569 1122 τῆς
599 1072 816 1125 ἐπιστήμης·
835 1071 911 1113 οὐδὲ
945 1075 1019 1118 πῶς
1044 1073 1096 1112 δεῖ
1121 1079 1204 1113 ναῦν

260 1138 425 1193 ἧσαι,
443 1133 468 1183 ἢ
489 1133 577 1173 ἄλλο
609 1148 643 1171 τι
662 1134 677 1159 ¹³
712 1136 860 1182 ποιῆσαι
891 1133 1077 1187 τεχνητόν·
1113 1133 1204 1174 ἀλλὰ

212 1193 491 1249 wbwpuxtov
506 1191 724 1246 διαστρέφει,
740 1196 821 1246 περὶ
832 1192 883 1242 aa
881 1193 1067 1271 ..φρόνησίς
1089 1195 1200 1233 ἐστιν·

275 1254 402 1310 ἀρχαὶ
421 1252 482 1294 καὶ
501 1250 545 1292 τὰ
564 1252 662 1292 αἴτια
675 1268 744 1293 των
758 1256 926 1307 πρακτῶν
945 1253 991 1294 τα
1002 1254 1086 1303 τέλη
1104 1255 1204 1302 εἰσίν,

98 1256 330 1370 ὗν,
264 1313 580 1368 ,κα-πράττονται·
602 1311 700 1357 τέλος
719 1312 756 1353 δέ
785 1315 877 1352 ἔστιν
895 1313 1038 1368 ἑκάστῳ
1058 1317 1206 1368 πρακτῷ

105 1372 345 1434 ἕῑ-’ῂᾶγαθὸν
361 1389 424 1414 του
442 1372 656 1426 πράττοντος
673 1388 870 1426 προσεχως,
889 1372 975 1426 ὅπερ
993 1376 1024 1412 εἷ
1039 1374 1209 1426 ἀγνοήσε-

101 1433 295 1490 μι,ιδ
313 1433 471 1489 πρακτὸν
486 1432 744 1486 διαστρέφεται·
767 1435 943 1484 ἀγνοεῖται
959 1433 1019 1487 δέ,
1035 1433 1118 1474 ὅταν
1131 1440 1208 1479 τιςθ

103 1490 215 1551 Q’
249 1494 400 1546 ἡδονῆς,
436 1491 461 1540 ἢ
485 1491 600 1540 λύπης
633 1492 860 1567 διαφθαρείς,
885 1494 901 1519 d
921 1493 944 1540 ἢ
975 1493 1083 1533 ἄλλου
1117 1494 1209 1539 τινὸς

97 1526 312 1611 Q
316 1553 476 1603 οἴηται·
494 1550 558 1600 τὴν
579 1551 708 1599 ἡδονὴν
729 1544 818 1590 ειναι
838 1552 878 1590 τὸ
907 1553 1060 1603 ἀγαθόν,
1090 1553 1152 1592 καὶ
1170 1554 1210 1593 τὸ

108 1613 266 1674 ἕψῃς
269 1613 315 1658 τὸ
332 1626 511 1667 προσηκον
531 1609 620 1650 αὐτὸ
639 1610 766 1664 νομίζῃ
780 1643 790 1661 ,
812 1609 899 1650 ’καὶ
928 1613 975 1656 εἷς
993 1611 1102 1660 αὐτὴν
1119 1612 1209 1651 ruit-

154 1688 182 1722 j·
187 1676 241 1725 j„
254 1668 320 1723 ᾡς
336 1671 491 1726 πράξεις·
508 1670 570 1710 καὶ
585 1670 678 1711 οὕτω
693 1669 884 1725 διαφθείρει
900 1670 942 1710 τὸ
970 1674 1095 1711 ἑαυτου
1114 1674 1206 1723 ἀγα-

119 1756 137 1783 a
242 1730 398 1786 ,ilcan
419 1731 460 1772 τὸ
477 1730 576 1775 τέλος
588 1746 650 1770 και
671 1733 690 1779 ἡ
710 1730 938 1807 προσήκουιὶα
954 1734 1023 1771 τῶν
1044 1734 1211 1785 πρακτῶν

105 1806 114 1840 1
134 1839 138 1841 -
203 1785 270 1846 ’τ’
276 1792 365 1858 ,ἐστι
394 1791 464 1846 γὰρ
497 1793 521 1839 ἡ
547 1790 655 1830 κακία
687 1791 862 1845 φθαρτικὴ
898 1808 1025 1845 αρχης.
1050 1791 1124 1832 Καὶ
1154 1792 1211 1833 διὰ

118 1856 124 1867 “
202 1848 239 1874 ⁵*
275 1854 342 1902 m
358 1852 558 1903 ᾄκολάστου
577 1849 775 1906 φθείροντος
803 1851 866 1900 τὴν
888 1852 1052 1906 φρόνησιν
1066 1881 1076 1900 ,
1099 1854 1118 1891 ὁ
1138 1853 1214 1891 δια-

297 1910 449 1966 σῷφρων
481 1909 653 1950 καλεῖται·
677 1908 768 1949 ὥστε
789 1909 925 1962 ἀνάγκη
957 1911 1021 1960 τὴν
1045 1911 1212 1965 φρόνησιν

203 2015 205 2018 Α
241 1986 355 2025 ,μνη
382 1969 476 2024 μετὰ
510 1967 618 2023 λόγου
650 1970 789 2018 ἀληθῆ,
823 1969 903 2023 περὶ
930 1969 978 2010 τὰ
1010 1971 1213 2026 ἀνθρώπινα

248 2042 263 2081 j
304 2027 526 2085 πρακτικήν.
563 2031 680 2077 Δῆλον
701 2029 766 2082 μὲν
786 2024 845 2070 ουν
879 2031 978 2069 καὶ’
959 2031 1028 2071 απὸ
1054 2031 1184 2072 τούτων
1199 2063 1211 2082 ,

218 2090 325 2148 ,mo
341 2088 417 2143 ἒστὶ
434 2089 534 2144 παρὰ
563 2089 628 2138 τὴν
655 2088 876 2142 ἐπιστήμην,
901 2089 962 2129 καὶ
982 2089 1044 2139 τὴν
1064 2090 1212 2145 τέχνην,

133 2146 224 2204 μὶ
239 2148 303 2203 τᾲς
327 2138 438 2196 ἄλλας
449 2147 611 2201 γνώσεις.

167 2242 184 2252 .;,
191 2205 296 2258 pm*
274 2209 367 2249 Em
376 2206 428 2258 δέ,
438 2223 500 2256 της
513 2206 576 2260 μὲν
589 2207 714 2262 τέχνης
728 2207 804 2248 ἐστὶ
819 2206 880 2246 καὶ
898 2206 1006 2247 κακία
1019 2223 1079 2248 και
1095 2207 1214 2262 ἀρετή·

130 2267 225 2321 -ῑμὶ
235 2246 471 2326 ,γᾴρδυνιετον
500 2267 563 2308 καὶ
582 2266 711 2321 αγαθὸν
732 2262 822 2307 εἶναι
840 2267 1003 2322 τεχνίτην
1022 2268 1082 2308 καὶ
1102 2284 1214 2318 πονη-

98 2320 260 2386 ψ·
269 2325 474 2383 φρονήσεως
507 2327 543 2367 δὲ
564 2326 643 2367 οὔτε
665 2326 774 2367 κακία
805 2327 901 2367 ἐστὶν
927 2327 1118 2380 (ἀδύνατον
1146 2329 1216 2383 γὰρ

90 2383 334 2450 W
363 2401 444 2427 τινα
464 2387 611 2440 φαῦλον
619 2379 743 2439 εἶναι)
781 2385 861 2427 οὔτε
886 2387 1006 2441 ἀρετή·
1028 2386 1118 2436 αὗτὴ
1148 2387 1215 2443 γάρ

94 2445 269 2502 ''⁸3⁸’‘
292 2443 421 2502 ᾀριτή·
444 2445 553 2499 ἀρετὴ
590 2444 628 2485 δὲ
665 2447 790 2499 ἀρετῆς
821 2447 885 2486 οὖκ
921 2446 1034 2495 ἔστιν,
1070 2448 1109 2486 οὗ
1147 2446 1216 2502 γὰρ

79 2523 111 2562 ⁴⁵«
249 2519 317 2562 4,ἐς
330 2503 551 2554 ..μεσότητος
589 2502 695 2553 Ἔτι,
732 2508 751 2545 ὃ
787 2506 850 2558 μὲν
870 2505 964 2546 κατὰ
988 2505 1052 2555 τὴν
1084 2507 1212 2561 τέχνην

96 2560 116 2575 ²
136 2562 162 2579 ³¹
272 2562 486 2618 ἅμαρτᾶνων
508 2563 656 2617 βελτίων
676 2580 738 2604 του
760 2564 944 2610 σ’ίκοντοςε
926 2565 1212 2618 αμαρτοίνοντος,

79 2664 83 2666 ,
136 2661 143 2670 ,
234 2657 247 2670 ,
248 2620 486 2698 Ιτφν-’Ῐίστὶ
488 2622 664 2677 τεχνίτης·
685 2623 744 2663 ἐπι
777 2624 813 2664 δὲ
842 2627 905 2673 τῆς
934 2623 1131 2680 φρονήσεως
1150 2625 1216 2678 οὐχ

123 2683 131 2706 ³
153 2690 170 2708 ¹*
278 2679 404 2735 yffi&
431 2682 640 2724 τούναντίον
674 2685 693 2723 ὃ
726 2683 796 2738 γὰρ
830 2684 918 2724 ἑκὼν
950 2684 1028 2748 xilv„
1048 2685 1214 2740 φρόνησιν

392 2740 522 2797 χείρων
557 2746 619 2783 τοῦ
653 2743 809 2788 ἄκοντος.
843 2747 959 2792 Δῆλον
988 2749 1073 2794 οὖν,
1109 2744 1162 2784 ὅτι
1193 2748 1216 2794 ἡ

134 385 146 399 ι

108 405 258 442 'arafa-1

202 469 272 514 ξεςῑ

114 1175 253 1190 ιιι

119 2867 226 2908 2⁴03
243 2862 465 2908 δοξαστικοῦ.

100 2900 142 2970 J?
148 2937 178 2964 ι
173 2930 191 2949 ⁷*
210 2921 289 2947 W
309 2925 415 2964 Δυοέν
426 2922 494 2976 γὰρ
515 2921 626 2963 ὄντοιν
639 2925 710 2962 τῶν
731 2923 869 2998 λόγον’
854 2924 1006 2977 εχόντων
1025 2941 1088 2973 της
1100 2927 1217 2980 ψυχης

174 3006 177 3013 .
167 2990 222 3014 'v-
239 2998 299 3036 ν,
314 2986 383 3022 του
397 2998 436 3023 τε
453 2981 471 3006 ¹¹
487 2983 712 3031 διανοητικου
731 2984 790 3024 καὶ
811 3001 870 3024 του
893 2984 1119 3034 δοξαστικου,
1137 2985 1216 3034 ἤτοι

110 3044 137 3105 f
201 3037 499 3119 Δ,ζἰβοινλευτιιιου,
510 3042 551 3083 τὸ
565 3043 722 3097 δεύτερον
740 3045 820 3097 περὶ
836 3045 881 3084 τὰ
899 3045 1110 3098 ἐνδεχόμενά
1123 3049 1213 3094 ἐστι,

264 3091 288 3143 ἀ
307 3102 370 3146 καὶ
391 3105 412 3152 ἡ
431 3102 610 3157 φρόνησις.
645 3102 752 3144 Ἔστι
770 3104 806 3143 δὲ
832 3108 854 3153 ἡ
875 3104 1040 3159 φρόνησις
1060 3105 1128 3159 οὐχ
1149 3104 1216 3151 ἕξις

199 3188 202 3195 ι
238 3187 243 3194 ·
244 3153 380 3215 μετὰ
391 3162 520 3239 λόγου
524 3163 721 3213 ἄληθής,”
696 3181 817 3218 ωσπερ
849 3169 870 3214 ἡ
891 3165 998 3219 τέχνη
1015 3196 1026 3217 ,
1059 3163 1142 3205 ὅταν
1150 3166 1214 3218 μὴ

110 3224 259 3291 m
263 3224 290 3265 ὃ
301 3222 464 3278 τεχνίτης
484 3222 528 3262 τὰ
547 3225 703 3277 τεχνητὰ
718 3225 835 3279 (οὐδὲν
855 3225 924 3278 γὰρ
940 3225 1067 3264 κωλύει
1084 3225 1144 3265 καὶ
1164 3225 1214 3278 μὴ

115 3276 332 3337 *ffmn
351 3281 518 3335 τεχνίτην
539 3277 652 3332 εἶναι,
670 3300 730 3324 και
750 3284 880 3338 τέχνην
907 3285 972 3333 τὴν
993 3284 1084 3336 μετὰ
1109 3285 1215 3337 λόγου

53 3264 106 3398 ‘ij
102 3338 105 3343 ⁸
162 3334 235 3387 ξιν
212 3340 388 3401 ἆληθῆ)
408 3341 471 3399 τὴν
486 3341 524 3382 δὲ
537 3344 703 3398 φρόνησιν
719 3344 774 3385 ἀεὶ
793 3337 1040 3399 πρακτικὴντ
1008 3361 1097 3385 ειναι
1115 3351 1215 3385 πᾶσα

162 3507 294 3534 —**''*
305 3511 406 3544 Δυοῖν
428 3511 456 3543 δ’
475 3511 582 3546 ὄντοιν
600 3516 714 3557 μεροῖν
731 3514 788 3554 τῆς
803 3515 906 3557 ψυχῆς
924 3516 995 3548 κτλ.

643 214 949 256 ETHICORUM
976 208 1427 254 NICOMACHEORUM
1447 209 1827 274 PARAPHRASIS.

218 2783 245 2816 ἰ
282 2818 330 2848 ς
355 2802 465 2857 ἀρετή
483 2802 536 2849 τίς
554 2805 628 2843 ἐστι
657 2804 720 2844 καὶ
749 2805 789 2843 οὗ
808 2804 930 2858 τέχνη·
958 2803 1065 2859 ἀρετὴ
1084 2805 1124 2844 δέ
1139 2807 1226 2846 ἐστι·

2237 209 2317 249 439

1269 305 1416 340 minibus
1432 305 1517 339 bona
1546 305 1654 339 forent
1681 306 1843 349 dispicere
1873 306 2053 349 potuerunt
2069 303 2188 337 z‘tales
2209 303 2321 336 autem

1267 374 1324 399 eos
1344 367 1506 409 putamus
1525 374 1619 405 esse,
1635 366 1693 408 qui
1716 366 1764 399 rei
1781 365 1954 398 familiaris
1970 363 2104 398 tuendae
2120 363 2235 406 reique
2259 371 2323 405 pu-

1266 425 1362 458 hlioae
1389 425 1659 459 administrandae
1678 425 1775 468 periti
1794 427 1881 458 sunt.

1251 533 1254 536 ·
1309 523 1404 563 Quod
1422 523 1559 567 quidem
1577 525 1629 558 vel
1644 534 1685 558 ex
1704 525 1932 568 temperantiae
1946 525 2077 558 nornine
2100 524 2296 566 intelligitur
2312 535 2321 557 ι

1270 585 1458 627 temperans
1471 584 1559 617 enim
1578 610 1585 622 ,
1601 594 1707 627 quum
1722 584 1845 618 bonum
1867 593 1964 618 suum
1977 583 2166 622 custodiat,
2181 582 2320 626 pruden-

1269 643 1348 676 tiam
1369 651 1565 676 conservare
1582 643 1716 683 dicitur,
1735 643 1876 686 ideoque
1896 642 2149 686 temperantiam
2166 643 2327 684 tanquam

1269 702 1454 745 prudentiae
1487 702 1784 744 conservatricem,
1821 704 1884 736 hoc
1918 702 2051 736 nomine
2086 701 2293 744 appellamus
2314 712 2324 734 ε

1270 762 1391 795 etenim
1407 762 1631 804 intemperans
1647 763 1773 796 nullam
1790 763 1890 796 aliam
1915 763 2134 805 cognitionem
2157 760 2328 803 voluptate

1270 822 1472 864 corrumpit,
1498 822 1562 855 nisi
1577 823 1681 856 solam
1697 823 1908 866 prudentiam
1931 834 1939 855 ε
1959 832 2077 865 nempe
2094 830 2204 865 neque
2218 821 2327 854 scien-

1271 881 1371 919 tiam,
1400 890 1508 923 neque
1537 884 1664 920 artem,
1702 892 1810 925 neque
1849 882 1953 916 ullam
1981 882 2079 915 aliam
2107 890 2222 914 earum
2243 887 2329 922 quas

1270 939 1540 972 enumeravimus
1563 924 1762 973 facultatum
1782 951 1791 972 ε
1809 949 1916 982 neque
1932 939 2020 973 enim
2036 940 2148 973 obstat
2159 939 2326 982 voluptas,

1271 999 1450 1042 quominus
1469 999 1613 1032 sciamus
1627 999 1830 1042 triangulum
1844 998 1930 1032 duas
1943 1001 2053 1032 rectas
2068 999 2191 1032 habere
2202 998 2325 1032 lineas:

1271 1060 1362 1103 quod
1378 1062 1430 1093 est
1460 1060 1607 1093 scientiae
1626 1073 1634 1093 :
1657 1062 1720 1093 aut
1753 1060 1920 1103 quomodo
1944 1060 2040 1093 navis
2059 1059 2251 1094 fabricanda
2266 1060 2328 1101 sit,

1271 1121 1331 1152 aut
1349 1119 1414 1152 alia
1430 1128 1484 1152 res
1500 1118 1679 1152 artificiosa
1701 1117 1789 1152 effici
1810 1119 1930 1152 debeat
1948 1129 1958 1151 ι
1975 1118 2034 1152 sed
2055 1119 2163 1152 solum
2178 1118 2214 1152 id
2240 1117 2331 1161 quod

1272 1175 1335 1208 sub
1352 1174 1514 1207 actionem
1528 1174 1637 1213 cadit,
1661 1174 1822 1216 pervertit
1837 1199 1846 1214 ‚
1867 1174 1901 1207 in
1921 1183 1990 1217 quo
2003 1176 2158 1207 versatur
2176 1173 2325 1216 pruden-

1272 1233 1320 1266 tia
1348 1245 1356 1265 ι
1385 1233 1544 1266 nimirum
1564 1232 1727 1275 prIncipia
1756 1234 1790 1265 et
1815 1241 1927 1265 causae
1946 1241 2059 1265 rerum
2078 1232 2142 1265 sub
2168 1231 2331 1264 actionem

1273 1289 1463 1323 cadentium
1485 1292 1564 1323 sunt
1584 1290 1666 1323 fines
1691 1298 1837 1332 quorum
1850 1291 1957 1322 'causa
1979 1298 2033 1322 res
2056 1289 2122 1322 illae
2145 1290 2330 1331 geruntur:

1274 1351 1411 1394 singulis
1427 1354 1541 1384 autem
1558 1360 1635 1394 quae
1660 1351 1723 1385 sub
1744 1351 1909 1385 actionem
1938 1351 2081 1391 cadunt,
2108 1350 2182 1383 tinis
2204 1352 2254 1383 est
2271 1350 2333 1383 bo-

1273 1420 1355 1444 num
1371 1408 1559 1453 praesertim
1577 1408 1649 1451 ejus
1664 1408 1724 1452 qui
1742 1408 1826 1451 agit,
1847 1408 1939 1451 quod
1957 1408 1984 1442 si
2005 1408 2186 1450 ignoratur,
2203 1416 2333 1450 perver-

1275 1467 1359 1501 titur
1375 1466 1410 1500 id
1426 1466 1518 1509 quod
1536 1466 1600 1499 sub
1621 1466 1784 1499 actionem
1802 1466 1913 1500 cadit:
1931 1466 2103 1509 ignoratur
2118 1475 2208 1504 vero,
2226 1475 2334 1509 quum

1275 1525 1352 1567 quis
1372 1524 1546 1566 voluptate
1577 1524 1636 1556 aut
1659 1523 1773 1556 dolore
1798 1525 1858 1556 aut
1879 1523 1946 1556 alio
1978 1522 2106 1556 affectu
2132 1525 2330 1566 corruptus,

1278 1586 1486 1628 voluptatem
1505 1584 1628 1617 bonum
1651 1592 1725 1616 esse
1740 1583 1934 1622 arbitratur,
1956 1583 2133 1626 ipsumque
2151 1583 2250 1617 finem
2272 1583 2335 1616 sibi

1276 1641 1484 1685 propositum
1502 1649 1575 1674 esse
1591 1640 1780 1678 existimat,
1799 1639 1842 1672 ad
1866 1648 2006 1682 eamque
2023 1640 2170 1673 actiones
2185 1648 2265 1672 suas
2279 1648 2336 1672 re-

1275 1702 1342 1736 fert
1359 1715 1368 1736 :
1387 1704 1490 1745 atque
1505 1701 1553 1734 ita
1577 1700 1701 1734 bonum
1719 1708 1818 1732 suum
1835 1700 2037 1741 corrumpit,
2061 1699 2119 1742 qui
2138 1699 2212 1732 finis
2231 1700 2283 1732 est
2301 1700 2336 1732 et

1276 1759 1461 1803 legitimum
1481 1767 1597 1792 eorum
1617 1766 1694 1800 quae
1710 1756 1772 1790 sub
1794 1756 1959 1790 actionem
1971 1756 2096 1789 cadunt
2113 1756 2333 1798 principium:

1276 1817 1429 1862 principii
1462 1816 1618 1850 videlicet
1648 1814 1838 1857 corruptrix
1859 1814 2056 1857 improbitas
2075 1816 2137 1847 est.
2164 1813 2335 1852 Quamob-

1277 1886 1348 1909 rem
1364 1884 1471 1918 quum
1487 1872 1700 1916 prudentiam
1718 1872 1911 1913 corrumpat
1929 1871 2170 1914 intemperans,
2189 1870 2249 1913 qui
2262 1879 2336 1904 eam

1278 1933 1451 1967 conservat
1468 1933 1656 1972 temperans
1671 1930 1823 1968 vocatur,
1838 1928 1878 1960 ut
1894 1936 2028 1960 necesse
2048 1927 2109 1968 sit,
2124 1927 2336 1969 prudentiam

1277 2000 1349 2025 esse
1368 1989 1522 2023 habitum
1543 1996 1662 2020 verum
1682 1994 1761 2018 cum
1778 1984 1906 2018 ratione
1926 1984 2154 2027 conjunctum,
2175 1984 2218 2016 ad
2233 1994 2335 2027 agen-

1278 2048 1361 2082 dum
1379 2045 1536 2079 idoneum
1550 2068 1560 2085 ‚
1577 2043 1613 2076 in
1641 2042 1735 2075 bonis
1763 2041 1920 2074 humanis
1939 2032 2258 2084 occupatum-Ergo
2283 2041 2337 2074 vel
2350 2058 2370 2060 ⁷<

1279 2105 1357 2138 hinc
1385 2104 1542 2146 apparet,
1576 2100 1789 2144 prudentiam
1809 2108 1828 2132 a
1858 2099 2017 2138 scientia,
2044 2100 2117 2132 arte
2138 2099 2336 2142 caeterisque

1279 2156 1406 2192 notitiis
1425 2154 1571 2189 differre.

1320 2218 1487 2251 Praeterea
1502 2215 1584 2248 artis
1600 2216 1651 2248 est
1668 2213 1787 2247 vitium
1806 2215 1841 2246 et
1861 2212 1971 2246 virtus
1991 2225 2000 2246 ε
2024 2212 2190 2255 siquidem
2215 2212 2337 2247 artifex

1279 2278 1314 2311 et
1331 2277 1439 2310 bonus
1458 2284 1531 2310 esse
1548 2276 1658 2318 potest
1681 2275 1715 2307 et
1730 2273 1840 2306 malus
1857 2287 1865 2306 ι
1886 2271 2075 2315 prudentiae
2093 2275 2208 2307 autern
2227 2283 2338 2317 neque

1281 2337 1403 2371 vitium
1438 2337 1489 2369 est
1520 2334 1620 2377 (quia
1646 2333 1718 2366 fieri
1751 2333 1887 2376 nequit,
1920 2334 1959 2365 ut
1998 2333 2099 2366 homo
2124 2333 2270 2376 prudens
2294 2333 2338 2366 sit

1279 2394 1413 2436 malus)
1434 2403 1542 2436 neque
1575 2392 1686 2425 virtus
1715 2402 1724 2424 ι
1758 2391 1831 2434 ipsa
1852 2390 1940 2424 enim
1975 2390 2085 2425 virtus
2116 2393 2168 2425 est
2196 2392 2338 2426 :virtus

1281 2464 1362 2489 vero
1383 2453 1522 2488 virtutis
1538 2462 1602 2485 non
1621 2453 1689 2491 est,
1707 2451 1793 2485 sicut
1810 2460 1872 2485 nec
1890 2451 2104 2485 mediocritas
2120 2452 2337 2486 mediocrita-

1280 2516 1334 2549 tis.
1376 2513 1567 2553 Quinetiam
1588 2512 1647 2556 qui
1675 2511 1710 2545 in
1739 2513 1811 2545 arte
1836 2513 1954 2554 sponte
1974 2513 2064 2545 errat
2091 2512 2210 2546 melior
2226 2514 2278 2547 est
2298 2523 2338 2547 eo

1279 2575 1339 2620 qui
1366 2574 1493 2608 invitus
1511 2572 1648 2611 labitur,
1679 2574 1846 2615 quatenus
1865 2570 1986 2605 artifex
2007 2573 2059 2605 est
2083 2585 2091 2605 :
2112 2572 2146 2605 in
2161 2573 2338 2616 prudentia

1281 2646 1361 2671 vero
1389 2645 1456 2669 non
1474 2634 1542 2675 ita,
1562 2633 1621 2667 sed
1643 2632 1811 2666 contrario
1838 2631 1938 2665 modo
1969 2641 2005 2665 se
2027 2641 2082 2665 res
2106 2631 2208 2666 habet
2231 2646 2240 2666 ε
2260 2643 2338 2666 nam

1280 2697 1338 2741 qui
1360 2697 1476 2740 sponte
1498 2693 1710 2738 prudentiam
1740 2691 1949 2735 corrumpit,
1978 2691 2123 2726 deterior
2148 2694 2200 2726 est
2216 2702 2256 2726 eo
2278 2693 2338 2736 qui

1281 2740 1406 2790 invitus
1424 2755 1488 2789 hoc
1511 2754 1598 2788 facit.
1617 2753 1776 2796 sequitur
1791 2761 1870 2795 ergo
1883 2779 1891 2791 ,
1910 2751 2121 2794 prudentiam
2144 2762 2216 2787 esse
2234 2753 2338 2786 virtu-

1281 2820 1369 2856 tem,
1391 2825 1456 2849 non
1475 2817 1582 2848 artem
1613 2825 1622 2846 ι
1653 2813 1765 2847 virtus
1796 2814 1910 2846 autem
1932 2812 2006 2855 ejus
2035 2814 2088 2846 est
2109 2813 2211 2846 animi
2233 2813 2338 2856 partis

1283 2886 1359 2921 quae
1375 2876 1418 2910 ad
1437 2874 1640 2919 opinandum
1659 2872 1785 2907 valet.

1323 2939 1436 2976 Quum
1455 2935 1544 2970 enim
1561 2934 1639 2969 duoe
1656 2934 1723 2968 sint
1740 2932 1841 2967 animi
1859 2934 1974 2976 partes
1994 2932 2132 2966 rationis
2147 2933 2335 2977 participes,

1282 2997 1456 3041 cogitando
1471 2996 1587 3030 valens
1603 2997 1638 3030 et
1654 2994 1810 3038 opinandi
1824 2994 1857 3027 vi
1876 2993 2037 3037 praedita,
2063 2994 2099 3027 id
2122 2995 2190 3034 est,
2209 2994 2337 3028 delibe-

1281 3058 1410 3097 rativa,
1432 3057 1539 3090 altera
1563 3055 1599 3090 in
1623 3054 1892 3097 contingentibus
1914 3056 2078 3093 versatur,
2097 3054 2132 3087 in
2163 3054 2287 3097 quibus
2304 3057 2338 3087 et

1280 3117 1467 3162 prudentia.
1497 3118 1559 3151 Est
1586 3119 1699 3151 autem
1737 3116 1914 3160 prudentia
1944 3124 2010 3149 non
2037 3117 2168 3148 tantum
2201 3115 2338 3148 habitus

1280 3187 1382 3213 verus
1408 3187 1486 3211 cum
1501 3178 1630 3221 ratione
1655 3177 1875 3221 conjunctus,
1903 3176 1991 3210 sicut
2010 3184 2083 3214 ars,
2108 3184 2213 3218 quum
2239 3183 2338 3215 opera

1281 3238 1458 3272 artificiosa
1489 3236 1612 3272 artifex
1640 3247 1707 3271 non
1731 3237 1832 3271 etflcit
1851 3238 1861 3276 (
1873 3237 1955 3270 nihil
1981 3236 2067 3269 enim
2094 3235 2225 3272 obstat,
2250 3242 2336 3276 quo-

1280 3298 1408 3338 minus,
1429 3298 1507 3332 licet
1539 3297 1622 3332 nihil
1646 3297 1787 3336 efficiat,
1809 3297 1852 3331 sit
1875 3296 1997 3330 artifex
2011 3322 2019 3335 ,
2038 3297 2072 3329 et
2084 3294 2220 3327 habitus
2236 3302 2337 3326 verus

1279 3366 1359 3390 cum
1378 3356 1510 3390 ratione
1527 3356 1726 3399 coniunctus
1751 3355 1794 3388 sit
1814 3356 1888 3396 ars)
1905 3355 1940 3387 at
1965 3352 2176 3396 prudentiam
2206 3358 2336 3394 semper

179 3452 240 3481 ‘¹⁴‘
244 3461 307 3495 Διὰ
318 3458 418 3496 τουτο
437 3464 603 3507 Περικλέα
620 3466 690 3498 κτλ.
717 3484 756 3490 -—
774 3466 810 3484 **
835 3466 947 3499 Ἔνθεν
973 3467 1028 3499 καὶ
1044 3466 1102 3506 τὴν
1135 3466 1349 3510 σωφροσύνην
1370 3466 1440 3500 κτλ.
1460 3482 1503 3491 -·
1523 3465 1585 3485 ⁴⁸*
1619 3464 1713 3500 Ἀλλὰ
1739 3466 1799 3507 μὴν
1816 3475 1932 3507 τεχνης
1948 3475 2005 3506 μεν
2024 3463 2113 3496 ἐστιν
2145 3461 2244 3505 ἀρετή
2261 3461 2331 3494 κτλ·
