2508 3776
291 202 370 242 354

290 286 561 340 προαιρέσεωςῆ
583 289 862 340 παρακολουθεῖ,
889 291 927 329 οὗ
948 289 1004 329 διὰ
1022 294 1125 331 τοῦτο
1147 294 1271 332 ταύτὸν
1292 295 1325 333 ἔ-

286 420 372 456 φορα
390 408 490 443 εἰναι.

340 464 511 515 (Scripsi
538 478 546 501 :
565 465 602 515 a)
622 466 718 517 ζῷα]
741 466 827 504 cod.
850 468 936 511 ζῶα.
957 491 1008 496 -
1023 467 1038 491 b
1065 470 1151 519 μετὰ
1175 472 1322 524 βουλῆς]

285 535 370 558 cum
396 523 574 572 l·leinsio;
611 524 735 562 codex
766 525 976 573 μεταὸολῆς.
1004 547 1058 556 -
1079 533 1093 550 ⁰
1115 531 1239 579 αὑτοῦ]
1277 544 1325 568 ex

279 581 514 629 Aristotele3
531 582 616 622 cod.
641 583 762 622 αὐτοῦ.
791 605 844 612 -
860 583 874 606 ‘¹
894 585 954 622 καί
975 585 1109 639 φαμεν]
1127 590 1246 637 vulgo
1262 587 1323 625 καὶ

278 638 405 690 φαμὲν.
438 662 492 670 -
511 645 525 662 ⁰
553 639 676 694 μόνον]
699 642 784 682 cod.
814 642 941 690 μόνων.
970 665 1022 672 -
1039 643 1051 666 f
1077 644 1171 683 ποιοί
1206 644 1321 698 τινες]

277 698 396 748 vulgo
413 698 507 737 ποῖοί
525 714 628 744 τινες.
647 720 701 729 -
718 706 734 730 ⁸
754 701 840 739 ἄλλο
859 706 914 749 τι]
939 703 1061 752 vulgo
1080 702 1165 742 ἄλλό
1185 719 1234 744 τι.
1252 703 1318 746 —l

713 832 802 883 Κεφ.
835 829 880 869 δ’.

272 938 352 981 Περὶ
370 938 610 982 προαιρέσεως,
635 938 666 971 τί
688 939 759 971 ἐστι
785 940 839 972 καὶ
861 940 936 983 περὶ
955 939 1041 981 τίνα,
1065 939 1121 972 καὶ
1143 942 1217 985 περὶ
1241 943 1319 985 βου-

721 987 887 1024 λεύσεως..

324 1084 346 1108 *
368 1083 473 1124 Ἐπεὶ
489 1084 524 1123 δὲ
547 1083 624 1123 οὔτε
646 1085 812 1135 ἐπιθυμία
833 1086 928 1125 ἐστὶν
946 1089 967 1133 ἡ
992 1087 1215 1142 προαίρεσις,
1237 1088 1316 1128 οὔτε

272 1144 397 1194 θυμός,
418 1141 495 1182 οὔτε
519 1143 682 1196 βούλησις
695 1174 706 1195 ,
727 1143 804 1184 οὔτε
830 1145 935 1194 δόξα,
955 1146 1119 1194 ζητητέον
1141 1148 1175 1185 τί
1195 1149 1288 1186 ἐστιν
1301 1180 1312 1198 ‚

271 1199 294 1247 ἢ
321 1201 418 1239 ποῖόν
445 1201 478 1239 τί
513 1204 600 1242 ἐστι.
618 1209 634 1226 ¹¹
660 1202 833 1241 Φαίνεται
870 1203 932 1254 μὲν
965 1199 1045 1252 οῧν,
1078 1204 1130 1243 ὅτι
1162 1205 1315 1245 ἑκούσιόν

270 1261 386 1308 ἔστιν,
408 1261 471 1298 οὐκ
500 1260 583 1298 αὐτὸ
604 1259 643 1299 τὸ
670 1261 848 1309 ἑκούσιον,
872 1261 987 1307 καΟὼς
1014 1263 1166 1316 εἴρηται·
1188 1265 1227 1302 οὗ
1247 1264 1314 1318 γὰρ

270 1325 340 1358 πᾶν
375 1319 532 1358 ἑκούσιον
562 1320 780 1372 προαιρετόν·
805 1321 897 1359 ἀλλὰ
913 1323 981 1359 τῶν
1014 1321 1180 1360 ἑκουσίων
1201 1324 1313 1361 ἐκεῖνο

270 1377 373 1428 μόνον
396 1377 601 1430 προαιρετὸν
616 1380 795 1426 καλεῖται,
815 1378 833 1417 ὃ
853 1379 1169 1432 προδουλευόμενοι
1192 1384 1312 1420 ποιοῦ-

268 1450 346 1487 μεν·
362 1438 385 1482 ἡ
401 1437 467 1488 γὰρ
487 1436 688 1488 προαίρεσις
704 1437 794 1486 μετὰ
813 1438 916 1490 λόγου
932 1436 992 1475 καὶ
1013 1437 1183 1481 διανοίας.
1208 1440 1311 1478 Φαί-

265 1508 360 1532 νεται
382 1494 418 1532 δὲ
434 1493 493 1532 καὶ
514 1494 583 1532 ἀπὸ
600 1498 658 1532 τοῦ
679 1494 860 1544 ὀνόματος·
880 1495 919 1534 τὸ
939 1495 1007 1548 γὰρ
1025 1497 1231 1549 προαιρετὸν
1250 1498 1311 1536 δο-

266 1558 320 1592 κεῖ
339 1552 523 1603 σημαίνειν
541 1552 580 1591 τὸ
601 1553 668 1605 πρὸ
688 1554 814 1606 ἑτέρων
834 1555 986 1607 αἱρετόν.

320 1611 364 1635 **
381 1611 525 1651 Τούτων
543 1611 579 1649 δὲ
595 1613 850 1663 ὑποκειμένων,
866 1615 1053 1663 ζητητέον,
1067 1615 1213 1668 πότερον
1231 1615 1313 1668 περὶ

265 1669 406 1709 πάντων
427 1669 570 1708 δυνατὸν
593 1671 870 1722 βουλεύσασθαι,
888 1671 908 1719 ἢ
932 1673 1010 1724 περὶ
1031 1673 1130 1711 ἐνίων
1148 1675 1186 1711 οὖ
1209 1674 1313 1711 δυνα-

263 1729 337 1768 τόν·
358 1728 416 1769 ἵνα
438 1731 576 1780 γνῶμεν
593 1730 747 1768 ἐντεῦθεν
761 1759 770 1777 ,
790 1731 893 1769 τίνων
917 1731 1011 1770 ἐστὶν
1039 1734 1059 1778 ἡ
1080 1730 1283 1785 προαίρεσις
1299 1762 1309 1778 ,

263 1788 325 1826 καὶ
347 1787 448 1826 τίνων
469 1788 532 1826 οὒκ
552 1786 639 1826 ἔστι.
663 1789 744 1827 Τῶν
760 1788 827 1841 γὰρ
847 1791 1040 1841 βουλευτῶν
1061 1790 1120 1828 καὶ
1138 1793 1160 1838 ἡ
1184 1791 1311 1842 προαί-

266 1846 358 1898 ρεσίς
378 1847 463 1886 ἐστι.
481 1845 675 1885 Βουλευτὸν
693 1847 727 1884 δὲ
739 1848 847 1899 λέγω,
867 1849 948 1901 περὶ
970 1843 1010 1887 οἷ
1029 1849 1230 1902 βουλεύεται
1249 1851 1312 1888 οὐκ

263 1905 396 1952 ἠλίθιος
416 1905 438 1951 ἢ
461 1903 689 1956 μαινόμενος,
718 1906 794 1944 ἀλλ’
816 1909 833 1944 ὁ
850 1911 926 1945 νοῦν
949 1906 1055 1959 ἔχων.

317 1963 377 1987 ***
394 1963 443 2003 ‘H
465 1962 578 2002 τοίνυν
592 1963 700 2016 βουλὴ
712 1963 790 2004 οὔτε
801 1966 881 2018 περὶ
892 1969 961 2004 τῶν
974 1966 1093 2004 ἀϊδίων
1107 1965 1214 2006 ἐστίν·
1227 1959 1309 2015 οἷον,

262 2022 342 2076 περὶ
363 2025 423 2061 τοῦ
445 2021 592 2073 κόσμου·
616 2022 724 2067 οὐδεὶς
754 2023 821 2076 γὰρ
848 2023 1049 2076 βουλεύεται
1074 2027 1149 2069 πῶς
1170 2026 1221 2063 δεῖ
1250 2040 1306 2062 κι-

260 2083 391 2122 νεῖσθαι
422 2080 467 2119 τὰ
497 2081 642 2131 οὐράνια
670 2081 835 2133 σώματα·
865 2082 888 2130 ἢ
912 2083 992 2136 περὶ
1019 2086 1087 2122 τῶν
1121 2083 1300 2122 ἀδυνάτων

261 2140 377 2183 ἄλλως
409 2133 510 2177 εἶναι·
540 2131 612 2178 οἷον
631 2140 712 2192 περὶ
731 2143 793 2187 τῆς
823 2142 976 2192 πλευρᾶς
1009 2145 1068 2179 τοῦ
1087 2141 1306 2194 τετραγώνου

263 2199 323 2238 καὶ
359 2202 420 2245 τ’ῆς
454 2198 665 2251 διαμέτρου,
693 2202 840 2246 ποιῆσαι
870 2199 973 2250 λόγον
996 2199 1075 2239 τινὰ
1107 2199 1200 2252 ἔχειν
1221 2201 1307 2254 πρὸς

261 2257 434 2305 ἀλλήλας,
457 2256 494 2295 ὃν
523 2258 665 2311 ἀριθμὸς
685 2258 772 2310 πρὸς
790 2259 952 2311 ἀριθμόν.

311 2316 394 2340 ****
427 2316 521 2356 Οὔτε
542 2316 621 2369 περὶ
644 2320 714 2356 τῶν
735 2317 947 2369 κινουμένων
968 2319 1022 2357 ἀεὶ
1050 2317 1240 2365 ὡσαύτως,
1276 2317 1299 2364 ἢ

260 2377 394 2428 ἀνάγκῃ
407 2405 416 2422 ,
438 2375 460 2422 ἢ
482 2375 603 2427 φύσει,
624 2375 646 2422 ἢ
674 2377 719 2414 δι’
736 2376 846 2424 ἄλλην
867 2380 944 2415 τινὰ
965 2376 1095 2415 αἰτίαν·
1122 2370 1193 2416 οἷον
1224 2392 1302 2429 τρο·

259 2437 333 2473 πῶν
355 2435 414 2472 καὶ
439 2436 632 2473 ἀνατολῶν.

312 2493 418 2516 *****
449 2493 546 2532 Ἀλλ’
572 2494 650 2532 οὐδὲ
676 2495 757 2548 περὶ
776 2497 845 2533 τῶν
865 2495 992 2534 ἄλλοτε
1013 2495 1127 2540 ἄλλως
1146 2496 1296 2549 ἐχόντων

260 2550 535 2604 βουλευσόμεθα·
552 2546 622 2590 οἶον
652 2554 799 2605 αὐχμῶν
826 2553 888 2592 καὶ
908 2553 1064 2607 ὄμὸρων.

310 2609 433 2633 ******
452 2609 546 2649 Οὖδὲ
565 2612 644 2664 περὶ
657 2615 724 2651 τῶν
740 2612 809 2651 ἀπὸ
819 2616 880 2659 τῆς
900 2615 1023 2665 τύχης·
1039 2613 1055 2636 b
1075 2606 1146 2652 οἷον
1164 2615 1301 2660 θησαυ-

259 2673 316 2721 ροῦ
337 2667 517 2720 εὑρέσεως·
539 2668 590 2707 ὅτι
618 2669 714 2710 οὐδὲν
745 2671 875 2711 τούτων
897 2672 952 2725 ἐφ’
981 2676 1065 2723 ἡμῖν
1087 2673 1199 2721 ἔστιν,
1223 2672 1300 2711 οὐδὲ

259 2727 488 2779 ἀνθρώπινον.

310 2785 458 2808 *******
474 2785 544 2824 Καὶ
559 2786 628 2836 μὴν
642 2787 717 2825 οὐδὲ
735 2788 814 2841 περὶ
830 2791 899 2827 τῶν
915 2791 1141 2843 ἀνθρωπικῶν
1157 2790 1298 2829 πάντων

259 2844 528 2897 βουλευσόμεθα,
549 2845 639 2883 ἀλλὰ
657 2846 760 2895 μόνον
771 2848 851 2899 περὶ
864 2850 931 2887 τῶν
947 2849 1000 2901 ἐφ’
1016 2853 1118 2900 ἡμῖν,
1134 2848 1194 2887 καὶ
1208 2849 1298 2902 ἅπερ

257 2902 298 2940 ἂν
319 2903 414 2941 αὐτοὶ
432 2902 624 2954 πράξαιμεν
639 2935 647 2951 ,
670 2904 692 2951 ἢ
716 2904 760 2942 δι’
776 2909 876 2957 ἡμῶν
900 2909 1012 2946 αὐτῶν
1034 2907 1056 2954 ἢ
1079 2908 1122 2946 δι’
1148 2907 1294 2959 ἑτέρων·

255 2962 294 2999 οὐ
322 2960 390 3011 γὰρ
418 2961 689 3009 Λακεδαιμόνιοι
717 2964 796 3015 περὶ
837 2968 898 3012 τῆς
922 2969 990 3004 τῶν
1015 2968 1161 3005 Σκυθῶν
1195 2968 1298 3005 πολι-

255 3018 350 3063 τείας
365 3019 623 3072 βουλεύσονται,
642 3023 714 3064 πῶς
726 3021 765 3059 ἂν
782 3024 917 3062 Σκύθαι
930 3027 1036 3078 ὀρθῶς
1048 3024 1296 3066 πολιτεύοιντο.

256 3078 369 3118 Οὐδὲν
391 3078 458 3129 γὰρ
481 3080 549 3115 τῶν
571 3079 761 3130 εἰρημένων
778 3080 819 3118 δι’
834 3084 935 3128 ἡμῶν
954 3082 995 3121 ἂν
1015 3084 1162 3133 γένοιτο.

307 3136 472 3161 ********
498 3136 743 3187 Βουλευόμεθα
776 3137 811 3177 δὲ
832 3139 914 3192 περὶ
934 3143 1001 3180 τῶν
1020 3143 1074 3195 ἐφ’
1097 3145 1182 3194 ἡμῖν
1202 3157 1299 3196 πρα-

255 3196 359 3235 κτῶν·
379 3194 479 3235 ἅτινα
498 3193 718 3246 γνωσόμεθα.

294 3347 313 3365 *
330 3347 369 3380 Τί
381 3347 436 3380 οὖν
453 3348 473 3387 ἢ
492 3347 586 3380 ποῖόν
599 3348 632 3380 τί
651 3348 721 3380 ἐστι
742 3348 811 3380 κτλ.
824 3364 867 3371 --
886 3348 922 3365 *¹*
948 3342 1024 3390 Cap.
1042 3352 1072 3382 3.
1089 3351 1302 3383 Βουλεῡονται
1319 3351 1355 3382 δὲ
1373 3350 1498 3394 πότερα
1516 3351 1590 3393 περὶ
1602 3349 1729 3382 πάντων
1746 3350 1816 3382 κτλ.
1840 3365 1883 3371 ·-
1908 3348 1962 3367 ***
1976 3349 2056 3392 Περὶ
2074 3349 2107 3381 δὲ
2120 3349 2187 3381 τῶν
2206 3348 2316 3381 ἀϊδίων
2331 3347 2396 3391 οὔῆ
2440 3391 2443 3396 μ

254 3393 318 3430 δεὶς
343 3393 528 3434 βουλεύεται
547 3395 617 3427 κτλ.
640 3410 682 3417 ·—
701 3393 778 3413 *Μ’*
803 3392 880 3426 Ἀλλ’
912 3395 984 3427 οὐδὲ
1000 3396 1072 3438 περὶ
1101 3398 1166 3428 τῶν
1193 3397 1226 3428 ἐν
1246 3398 1371 3436 κινήσει
1397 3398 1467 3430 κτλ.
1486 3414 1528 3420 -
1555 3396 1652 3415 *****
1670 3396 1754 3428 Οὐδὲ
1784 3396 1858 3438 περὶ
1889 3397 1953 3427 τῶν
1981 3395 2093 3427 ἄλλοτε
2120 3396 2221 3431 ἄλλως
2247 3395 2319 3427 aar).
2346 3394 2402 3418 -*
2429 3418 2436 3437 γ
2484 3399 2488 3401 ’

253 3439 370 3459 *”’*”’
391 3439 477 3473 Οὐδὲ
507 3441 581 3484 περὶ
609 3441 676 3474 τῶν
695 3440 759 3472 ἀπὸ
777 3439 874 3483 τύχης
899 3442 969 3474 κτλ.
987 3458 1028 3464 -
1045 3441 1154 3460 ******
1171 3441 1248 3475 Ἀλλ’
1262 3442 1335 3475 οὐδὲ
1347 3444 1421 3486 περὶ
1435 3447 1499 3477 τῶν
1513 3444 1722 3486 ἀνθρωπικῶν
1741 3443 1810 3475 κτλ.
1823 3461 1865 3468 -
1879 3440 2008 3460 *******
2026 3441 2250 3484 Βουλευὸμεθα
2265 3438 2301 3474 δὲ
2315 3436 2386 3473 κτλ.
2443 3443 2490 3487 χά

1070 206 1344 248 ANDRONICI
1373 209 1552 252 RHODII

1390 303 1477 338 idem
1508 305 1617 346 opinio
1645 307 1678 338 et
1703 306 1885 342 eonsilium.
1913 310 2037 349 Quodsi
2067 319 2293 356 saepenumero
2315 293 2451 358 opt*

288 363 366 385 σται
387 346 466 406 δόξα
484 347 541 385 καὶ
558 348 768 400 προαίρεσις·
784 352 886 387 τοῦτο
901 348 968 402 γὰρ
982 351 1078 390 οὐδὲν
1098 354 1327 392 κωλύειδιά-
1386 363 1558 396 eonsilium
1582 364 1745 398 antecedit
1774 366 1829 399 vel
1860 367 2089 412 subsequitur,
2115 381 2180 406 non
2204 375 2326 406 tamen'
2342 360 2439 416 ffi-

1386 425 1497 464 pterea
1515 422 1603 456 idem
1625 423 1688 457 erit
1706 426 1884 468 utrumque
1902 438 1909 459 z
1925 437 1989 462 non
2012 430 2099 463 enim
2118 432 2181 465 hoc
2197 433 2324 474 obstat,
2339 422 2424 483 ᾳίῶ-
2455 430 2462 464 ἶ

1385 480 1494 514 minus
1518 480 1604 514 inter
1626 491 1662 515 se
1682 482 1848 517 differant.
1868 491 1870 494 ·

1827 836 1907 878 Gap.
1931 838 1987 870 lv.

1380 945 1422 972 De
1437 942 1579 979 consilio,
1594 943 1666 980 quid
1678 944 1717 974 sit
1729 947 1759 973 et
1776 945 1806 973 in
1820 946 1928 982 quibus
1945 948 2099 986 versetur,
2116 948 2250 988 itemque
2258 950 2298 981 de
2310 946 2423 984 delibe-

1833 993 1963 1023 ratione.

1422 1096 1533 1133 Quum
1553 1097 1664 1128 autem
1695 1105 1802 1138 neque
1834 1097 1998 1139 cupiditas
2026 1099 2070 1131 sit
2093 1099 2291 1142 consilium,
2315 1110 2424 1146 neque

1378 1142 1429 1175 ira
1440 1169 1448 1181 ,
1466 1151 1528 1175 nec
1541 1143 1696 1175 voluntas
1707 1168 1715 1183 ,
1735 1152 1842 1185 neque
1864 1144 1993 1186 opinio,
2012 1145 2254 1187 dispiciendum
2269 1150 2325 1186 est,
2338 1149 2423 1197 quid

1380 1190 1423 1222 sit
1440 1191 1498 1222 aut
1517 1190 1625 1231 quale.
1653 1192 1795 1232 Apparet
1811 1191 1911 1232 igitur
1928 1201 2000 1225 esse
2023 1192 2183 1235 quiddam
2199 1192 2290 1237 quod
2305 1196 2424 1243 sponte

1378 1236 1453 1274 fiat,
1473 1246 1537 1268 non
1550 1239 1659 1269 tamen
1677 1238 1786 1278 ipsum
1800 1238 2043 1278 voluntarium,
2065 1242 2104 1272 ut
2120 1240 2248 1274 dictum
2266 1243 2319 1275 est
2332 1244 2343 1272 τ’
2355 1240 2420 1277 non

1379 1284 1466 1316 enlm
1488 1284 1652 1326 quidquid
1668 1287 1783 1326 sponte
1807 1285 1856 1324 fit,
1876 1286 1917 1318 de
1940 1295 1980 1319 eo
2001 1287 2175 1321 consilium
2189 1291 2416 1332 captum-est,

1379 1331 1437 1363 sed
1457 1340 1498 1363 ex
1512 1331 1564 1369 iis,
1587 1340 1662 1373 quaa
1690 1332 1876 1365 voluntaria
1905 1335 2000 1372 sunt,
2031 1333 2117 1368 illud
2143 1335 2251 1370 solum
2267 1339 2420 1375 consilto

1377 1376 1503 1410 factum
1525 1379 1728 1420 appellatur,
1742 1379 1833 1421 quod
1849 1380 1975 1413 ratione
1998 1380 2081 1414 inita
2099 1383 2133 1415 et
2160 1383 2325 1420 subducta
2339 1383 2423 1423 faci-‚-

1377 1433 1452 1457 mus
1470 1437 1478 1457 :
1508 1425 1585 1466 quia
1601 1426 1774 1458 consilium
1789 1436 1865 1459 cum
1879 1427 2005 1460 ratione
2025 1429 2060 1461 et
2078 1429 2263 1471 cognitione
2287 1431 2422 1476 conjuu·
2443 1434 2460 1448 ’-

1377 1476 1469 1506 ctum
1484 1475 1545 1505 est.
1561 1473 1657 1512 Quod
1673 1473 1808 1515 quidem
1817 1483 1859 1507 ex
1874 1475 1945 1516 ipso
1956 1475 2087 1509 nomine
2104 1476 2301 1520 intelligitur
2316 1479 2418 1513 ruam
2451 1500 2463 1513 x

1377 1520 1528 1552 consulto
1545 1518 1671 1552 factum
1689 1520 1822 1553 videtur
1839 1521 2020 1563 significare
2034 1522 2070 1556 id
2083 1523 2175 1566 quod
2189 1524 2320 1559 caeteris
2329 1527 2419 1570 post-

1375 1567 1498 1600 habitis
1519 1567 1759 1609 amplectimur.
2348 1587 2351 1590 ·

1416 1626 1477 1659 His
1495 1626 1611 1668 positis
1634 1629 1735 1669 atque
1750 1628 1929 1667 concessis,
1943 1629 2117 1671 quaeritur,
2133 1631 2247 1670 utrum
2257 1631 2300 1666 de
2310 1633 2419 1671 omni-
2506 1638 2508 1669 i

1375 1672 1437 1705 bus
1453 1672 1630 1705 deliberari
1650 1674 1772 1715 possit,
1803 1683 1845 1706 an
1865 1674 1907 1706 de
1918 1675 2083 1708 nonnullis
2104 1679 2270 1719 nequeat:
2290 1680 2328 1711 ut
2343 1679 2420 1714 inde

1374 1718 1615 1760 intelligamus,
1638 1719 1681 1751 de
1701 1720 1824 1761 quibus
1841 1720 1940 1753 rebus
1965 1721 2141 1755 consilium
2158 1723 2310 1765 capiatur
2327 1724 2418 1759 etde
2478 1718 2483 1735 ³
2506 1739 2508 1755 ;

1374 1766 1496 1809 quibus
1516 1776 1580 1799 non
1599 1767 1760 1809 capiatur.
1787 1769 1937 1810 Namque
1955 1768 1998 1801 ad
2015 1778 2069 1802 res
2092 1769 2128 1802 in
2149 1769 2419 1806 deliberationem

1374 1814 1528 1848 cadentes
1548 1815 1649 1847 etiam
1662 1815 1835 1848 consilium
1851 1816 2005 1857 pertinet.
2021 1816 2086 1850 Sed
2097 1817 2130 1850 in
2149 1817 2418 1853 deliberationem
2475 1838 2484 1851 ν.
2494 1803 2508 1807 ἰ

1373 1862 1492 1894 cadens
1518 1861 1603 1894 illud
1619 1871 1718 1901 voco,
1743 1861 1785 1895 de
1810 1872 1878 1905 quo
1901 1872 1966 1896 non
1984 1863 2125 1897 stolidus
2150 1864 2272 1908 aliquis
2289 1868 2348 1900 aut
2370 1866 2420 1902 in-
2459 1881 2467 1898 1

1373 1918 1488 1948 sanus,
1509 1909 1568 1942 sed
1590 1909 1619 1942 is
1633 1909 1693 1952 qui
1715 1910 1837 1942 mentis
1852 1912 1903 1943 est
1923 1919 2075 1953 compos,
2099 1911 2270 1946 deliberat.

1413 1970 1460 2001 Ac
1484 1968 1631 2010 primum
1654 1977 1763 2010 neque
1786 1967 1828 2001 de
1849 1969 1982 2002 aeternis
2000 1971 2052 2003 est
2080 1969 2292 2014 deliberatio,
2312 1971 2351 2005 ut
2371 1971 2414 2006 de

1373 2026 1499 2059 mundo
1518 2036 1527 2058 ε
1545 2035 1654 2069 neque
1673 2026 1761 2059 enim
1785 2026 1953 2069 quomodo
1964 2029 2089 2061 aeterna
2106 2037 2244 2071 corpora
2256 2037 2415 2066 movean-
2466 2059 2469 2061 .
2505 2037 2508 2047 ·’

1370 2086 1436 2124 tur,
1455 2085 1636 2128 quisquam
1658 2085 1818 2119 deliberat
1843 2098 1851 2118 :
1879 2088 1939 2119 aut
1957 2085 1999 2119 de
2022 2086 2064 2120 iis
2079 2095 2156 2130 quae
2182 2087 2282 2121 aliter
2307 2097 2343 2122 se
2358 2089 2417 2138 ba-
2455 2098 2476 2123 .:

1368 2144 1447 2178 bere
1467 2154 1532 2177 non
1554 2145 1711 2187 possunt,
1727 2144 1871 2187 exempli
1894 2145 2000 2187 gratia
2021 2145 2066 2179 de
2089 2145 2246 2189 quadrati
2263 2146 2368 2183 latere
2381 2149 2417 2198 et
2455 2176 2476 2194 ἦ,
2505 2155 2508 2195 ’ᾗ

1368 2204 1549 2243 diametro,
1570 2203 1599 2236 si
1614 2203 1793 2246 quis·velit
1814 2203 1961 2244 efficere,
1989 2206 2026 2238 ut
2041 2204 2181 2239 eandem
2201 2205 2289 2240 inter
2307 2215 2343 2240 se
2358 2216 2415 2256 ¹3·-
2505 2250 2508 2263 Ι

1367 2263 1492 2296 tionem
1509 2263 1654 2296 habeant
1664 2288 1672 2302 ‚
1688 2271 1790 2305 quam
1806 2272 1967 2296 numerus
1984 2263 2028 2296 ad
2038 2273 2227 2299 numerum.
2262 2293 2265 2295 ,

1387 2358 1389 2364 χ
1408 2324 1523 2364 Neque
1546 2322 1588 2355 de
1614 2321 1656 2354 iis
1681 2330 1759 2364 quae
1782 2330 1911 2364 semper
1936 2322 2054 2355 eodem
2086 2322 2185 2356 modo
2221 2326 2409 2370 moventur,
2464 2311 2471 2332 ⁵

1367 2381 1439 2414 sive
1453 2380 1667 2422 necessitate,
1693 2381 1764 2414 sive
1774 2382 1909 2420 natura,
1928 2381 1998 2414 sive
2008 2382 2144 2424 propter
2155 2382 2254 2416 aliam
2266 2383 2412 2427 aliquam
2478 2377 2483 2380 ⁴

1366 2449 1518 2479 causam,
1540 2441 1579 2472 ut
1591 2440 1633 2472 de
1651 2438 1729 2472 solis
1746 2439 2016 2477 conversionibus
2030 2441 2064 2473 et
2082 2440 2220 2475 ortibus.

1407 2501 1473 2534 Sed
1487 2509 1594 2542 neque
1609 2499 1651 2533 de
1661 2499 1704 2533 fis
1714 2525 1722 2539 ‚
1739 2509 1816 2542 quae
1834 2500 1915 2534 alias
1929 2500 2026 2534 aliter
2038 2510 2073 2535 se
2091 2501 2226 2542 habent,
2244 2502 2410 2541 delibera·
2471 2478 2475 2480 -
2505 2519 2508 2527 Δ

1363 2560 1493 2601 bimus;
1514 2561 1553 2592 ut
1568 2558 1610 2591 de
1624 2557 1830 2592 siccitatibus
1842 2561 1876 2592 et
1890 2560 2062 2594 imbribus.

1402 2623 1519 2664 Neque
1537 2621 1579 2654 de
1596 2620 1638 2654 iis
1664 2628 1741 2662 quae
1763 2619 1903 2654 fortuito
1930 2621 2106 2663 eveniunt,
2129 2623 2168 2655 ut
2189 2622 2232 2656 de
2257 2624 2408 2659 thesauri

1360 2681 1549 2715 inventione
1562 2707 1571 2723 ,
1592 2682 1672 2725 quia
1693 2691 1802 2726 neque
1817 2681 1937 2715 horum
1950 2681 2135 2725 quidquam
2152 2682 2187 2715 in
2210 2684 2324 2716 nostra
2341 2692 2404 2726 po-

1361 2742 1502 2782 testate,
1516 2750 1624 2784 neque
1646 2742 1830 2775 humanum
1846 2743 1908 2775 est.

1401 2803 1507 2834 Immo
1525 2810 1566 2834 ne
1582 2801 1623 2834 de
1643 2802 1796 2834 omnibus
1818 2800 1956 2843 quidem
1977 2800 2078 2833 rebus
2095 2799 2251 2833 humanis
2274 2799 2403 2838 delibe-

1359 2850 1507 2882 rabimus
1524 2874 1532 2890 ‚
1554 2858 1671 2882 verum
1687 2849 1727 2882 de
1749 2849 1790 2882 iis
1811 2850 1943 2881 tantum
1955 2855 2032 2890 quae
2055 2847 2091 2880 in
2115 2849 2228 2880 nostra
2244 2849 2323 2880 sunt
2338 2855 2400 2889 po-

1359 2898 1496 2934 testate,
1517 2896 1581 2928 hoc
1601 2898 1670 2934 est,
1694 2904 1778 2938 quas
1802 2897 1860 2927 aut
1889 2894 1953 2936 ipsi
1980 2903 2039 2936 per
2063 2903 2125 2927 nos
2150 2896 2209 2927 aut
2234 2902 2294 2936 per
2320 2892 2403 2927 alios

1359 2943 1488 2977 efficere
1503 2951 1664 2985 queamus
1683 2954 1690 2972 =
1711 2942 1949 2978 Lacedaemonii
1967 2941 2054 2974 enim
2075 2941 2118 2974 de
2133 2941 2332 2982 Scytharum
2345 2949 2402 2974 re-

1358 2990 1492 3033 publica
1512 2999 1577 3021 non
1594 2989 1841 3028 deliberabunt,
1857 2998 1925 3031 quo
1943 2989 2041 3030 pacto
2062 2989 2152 3022 reete
2174 2987 2309 3030 Scythae
2326 2996 2399 3021 eam
2462 2969 2496 3030 ς’.

1359 3037 1590 3071 administrare
1623 3036 1759 3079 possint.
1789 3036 1879 3069 Nihil
1912 3036 2000 3068 enim
2027 3035 2165 3075 horum,
2201 3044 2279 3078 quae
2309 3034 2399 3082 dicta
2459 3058 2487 3071 v.

1358 3087 1453 3125 sunt,
1498 3094 1533 3117 er
1548 3093 1608 3117 nos
1624 3083 1709 3117 effici
1721 3083 1835 3125 possit.

1398 3128 1441 3159 At
1487 3135 1504 3159 e
1517 3125 1557 3158 iis
1580 3125 1816 3163 deliberamus,
1833 3132 1910 3166 quae
1923 3133 2028 3166 quum
2041 3123 2084 3156 ad
2097 3123 2256 3158 effectum
2276 3121 2397 3156 adduci

1357 3170 1500 3210 queant,
1532 3169 1604 3199 tum
1626 3166 1661 3199 in
1693 3167 1805 3199 nostra
1830 3167 1908 3198 sunt
1930 3167 2093 3207 potestate
2111 3177 2120 3198 ι
2147 3173 2225 3208 quoe
2246 3164 2318 3208 jam
2337 3173 2398 3198 ω..
2460 3173 2495 3210 ζ

1355 3217 1560 3252 gnoscemus.
2397 3236 2401 3241 1
2506 3216 2508 3223 ,
