2528 3788
279 240 355 279 108
392 214 394 216 ’

276 328 430 366 civitate
450 324 650 363 donandus
673 321 754 375 (77)
785 321 997 371 videretur,
1018 328 1146 358 tamen
1177 320 1307 359 virum

275 387 491 436 egregium,
530 383 622 433 quia
672 379 957 431 inquilinorum
1002 377 1191 416 tributum
1242 378 1311 416 ali-

275 445 429 497 quando
450 442 617 494 pendere
629 439 714 478 ‘non
734 447 888 491 posset,
920 437 1179 477 vendiderunt
1211 438 1309 489 (78).

276 501 370 543 Eum
391 515 485 541 vero
505 499 724 538 Demetrius
750 498 958 537 Phalereus
984 497 1079 535 emit
1098 505 1135 536 et
1159 497 1314 549 utrique

276 560 468 598 succurrit
500 571 509 597 ε
536 557 745 596 Xenocrati
790 556 892 595 enim
928 555 1145 594 libertatem
1185 556 1312 595 statim

275 619 463 668 reddidit,
490 615 786 655 Atheniensium
816 624 942 653 autem
973 614 1201 666 reipublicae
1231 615 1316 653 col-

275 678 350 715 lato
365 676 509 714 tributo
531 674 693 726 profuit.
715 674 809 712 Post
828 674 946 711 vitam
966 673 1236 714 honestissime
1252 688 1314 714 ac-

275 743 348 772 tam
363 732 616 785 philosophus
630 734 832 783 repentina
848 741 971 770 morte
987 732 1099 771 obiit.
1113 733 1317 784 Octoginta

275 794 371 831 duos
391 793 538 831 scilicet
559 803 681 829 annos
701 798 814 829 natus
829 799 946 829 noctu
966 791 1090 842 capite
1109 791 1158 830 ad
1174 805 1314 830 aeneam

276 852 421 903 pelvim
443 851 591 888 offenso
607 858 644 887 et
663 850 789 889 fronte
807 850 1011 889 vulnerata
1024 851 1191 889 animam
1208 851 1316 890 effla-

275 910 354 956 vit,
376 909 490 947 tertio
513 908 756 959 Olympiadis
776 909 848 946 116
873 921 974 946 anno
993 910 1090 960 (79).
1109 909 1253 948 Verum
1276 919 1318 948 ut

277 971 369 1006 vivo
397 968 566 1015 inimici,
593 968 648 1005 ita
679 976 834 1006 mortuo
865 980 1021 1019 quoque
1043 969 1317 1008 obtrectatores

278 1040 355 1064 non
383 1026 600 1064 defuerunt.
627 1026 754 1071 Quum
781 1026 885 1064 enim
911 1027 1040 1078 primo
1073 1028 1318 1079 Olympiadis

283 1087 354 1123 118
388 1098 488 1123 anno
521 1085 718 1123 Demetrio
752 1086 941 1124 Phalereo
974 1088 1130 1126 civitate
1155 1088 1318 1139 expulso

276 1143 433 1194 ejusque
453 1143 586 1181 statuis
615 1144 761 1182 eversis
786 1144 985 1195 sapientiae
1012 1145 1188 1184 doctores
1204 1146 1319 1183 etiam

277 1197 416 1239 exsilio
441 1201 683 1239 afficerentur
710 1202 789 1252 (80)
818 1215 827 1241 :
851 1203 1019 1241 comicos
1062 1212 1194 1255 poetas
1230 1203 1320 1254 phi-

279 1260 532 1312 losophorum
565 1260 783 1297 auctoritati
824 1268 861 1298 et
904 1262 1107 1313 praeceptis
1149 1262 1321 1300 illusisse

280 1327 451 1370 apparet.
477 1318 574 1359 Hinc
593 1319 727 1357 Alexis
745 1319 917 1357 comicus
935 1320 977 1357 in
999 1320 1164 1370 quadam
1192 1320 1321 1358 fabula

280 1378 335 1416 sic
349 1378 522 1416 invectus
541 1377 655 1415 estin
676 1375 927 1415 Xenocratem
948 1377 1025 1430 (81)
1043 1393 1051 1415 ε

339 1490 444 1527 Τοῦτ’
468 1488 558 1527 ἔστιν
579 1487 815 1539 Ἀκαδήμεια,
839 1491 941 1526 τοῦτο
962 1488 1186 1541 Ξενοκράτης
1193 1499 1206 1539 ;

335 1547 433 1586 πόλλ’
455 1546 568 1599 ἀγαθὰ
588 1547 676 1585 δοῖεν
697 1548 728 1584 οἳ
748 1545 817 1585 θεοὶ
837 1546 1056 1600 Δημητρίῳ,

337 1605 396 1643 καὶ
415 1607 485 1650 τοῖς
503 1603 702 1656 νομοθέταις
717 1635 727 1656 ,
751 1604 838 1644 διότι
859 1603 937 1649 τοὺς
955 1605 1018 1649 τὰς
1036 1607 1105 1643 τῶν
1125 1605 1238 1657 λόγων
1251 1637 1259 1653 ,

338 1664 384 1708 ὥς
409 1679 516 1715 φασι,
538 1663 700 1715 δυνάμεις
716 1663 972 1714 παραδιδόντας
990 1666 1060 1707 τοῖς
1079 1663 1166 1708 νέοις

339 1724 370 1767 ἐς
400 1722 551 1774 κόρακας
571 1722 681 1775 ἔρῤειν
702 1721 806 1775 φασὶν
828 1724 866 1760 ἐκ
885 1723 946 1767 τῆς
965 1722 1137 1770 Ἀττικῆς.

290 1828 449 1867 Narrata
463 1827 691 1866 Xenocratis
707 1827 957 1866 Chalcedonii
976 1829 1072 1876 vita,
1094 1829 1330 1880 relinquitur

290 1896 332 1925 ut
368 1900 489 1938 pauca
519 1887 566 1925 de
605 1887 691 1925 aliis
719 1887 839 1934 viris,
872 1886 1015 1937 quibus
1043 1887 1145 1925 idem
1189 1901 1330 1926 nomen

296 1945 387 1991 fuit,
403 1944 590 1982 dicamus.
609 1944 798 1993 Diogenes
814 1943 990 1981 Laertius
1014 1944 1091 1994 (82)
1110 1945 1181 1983 lib.
1194 1945 1260 1995 lV,
1283 1947 1328 1982 15

294 2016 360 2041 sex
381 2003 477 2041 alios
499 2011 790 2040 enumeraturus
810 2001 1044 2040 Xenocrates
1063 2002 1234 2054 primum
1263 2015 1331 2054 po-

293 2061 642 2113 nit-perantiquum
665 2060 882 2111 disciplinae
903 2060 1052 2098 bellicae
1077 2061 1330 2113 scriptorem,

298 2119 406 2170 cujus
438 2119 650 2169 discipulos
680 2119 796 2156 fuisse
828 2118 1046 2156 Hecataeum
1074 2118 1267 2157 Milesium
1299 2129 1336 2157 et

296 2179 548 2218 Menecraten]
568 2177 730 2215 Elaitam
751 2185 885 2216 auctor
913 2186 970 2216 est
989 2177 1125 2215 Strabo
1145 2177 1216 2216 lib.
1246 2178 1334 2226 XII,

302 2249 389 2288 pag.
415 2236 491 2274 550
514 2235 576 2273 his
597 2235 728 2274 verbis
757 2250 766 2274 :
790 2236 924 2274 ἐπαινεῖ
946 2236 982 2275 δὲ
1003 2236 1157 2286 μάλιστα
1179 2237 1219 2288 [ὃ
1241 2238 1337 2284 Σκή-

299 2298 374 2347 ψιος
391 2295 405 2345 ]
426 2293 489 2341 τὴν
509 2293 697 2333 Ἑκαταίου
723 2297 785 2332 τοῦ
810 2294 986 2341 Μιλησίου
1016 2293 1076 2333 καὶ
1097 2296 1339 2349 Μενεκράτους

300 2356 358 2390 τοῦ
387 2348 579 2401 Ἔλαΐτου,
613 2353 680 2390 τῶν
712 2352 951 2404 Ξενοκράτους
974 2352 1158 2405 γνωρίμων
1196 2355 1338 2407 ἀνδρός,

302 2410 415 2455 δόξαν.
436 2411 652 2448 Secundum
671 2421 847 2449 numerat
861 2413 985 2450 nostri
1003 2412 1229 2462 philosophi
1247 2427 1338 2464 pro-

303 2522 503 2563 περίινασθαι.
519 2522 570 2554 Cf.
589 2522 773 2562 Hesychius
787 2522 932 2554 Milesius
944 2532 977 2554 v.
998 2522 1204 2564 Ξενοκράτης.
1220 2541 1261 2546 -
1274 2523 1339 2564 (77)

306 2568 503 2600 Plutarchus
521 2569 577 2600 vit.
597 2567 752 2600 Phocion.
771 2578 841 2610 cap.
864 2572 902 2601 29
920 2571 998 2612 ὁρῶν
1019 2570 1052 2601 δὲ
1074 2570 1128 2602 τὸν
1145 2569 1342 2612 Ξενοκράτην

306 2615 455 2646 τελοῦντα
481 2615 516 2646 τὸ
551 2615 725 2655 μετοίκιον,
752 2616 897 2648 ἐὸούλετο
935 2618 1050 2659 γράψαι
1082 2617 1212 2655 πολίτην
1225 2626 1232 2634 ·
1271 2619 1288 2649 ὁ
1317 2617 1345 2650 δ’

308 2661 440 2701 ἀπεῖπε,
460 2662 580 2702 φήσας,
608 2663 666 2693 οὐκ
693 2663 729 2693 ἂν
756 2667 924 2703 μετασχεῖν
949 2665 1063 2702 ταύτης
1087 2668 1142 2703 τῆς
1167 2665 1344 2704 πολιτείας,

309 2708 377 2748 περὶ
394 2707 430 2746 ἦς
446 2708 647 2748 ἐπρέσὸευεν,
664 2708 715 2739 ἵνα
729 2710 770 2748 μὴ
787 2710 923 2748 γένηται.
940 2727 979 2734 —-
997 2712 1062 2750 (78)
1079 2710 1239 2751 Diogenes
1255 2713 1348 2744 Laer-

314 2754 376 2786 tius
392 2754 447 2785 lib.
474 2755 531 2793 lv,
553 2757 588 2785 14
602 2754 749 2792 Ἀθηναῖοι
768 2754 794 2786 δ’
810 2755 894 2796 ὅμως
917 2757 1010 2788 αὐτὸν
1026 2757 1099 2788 ὄντα
1119 2761 1260 2790 τοιοῦτον
1278 2757 1347 2790 ἐπί-

312 2800 453 2841 πρασκόν
472 2811 569 2840 ποτε,
588 2800 624 2832 τὸ
642 2800 796 2839 μετοίκιον
818 2801 1028 2834 ἀδυνατοῦντα
1045 2805 1152 2836 θεῖναι.
1172 2805 1234 2836 Καὶ
1250 2805 1346 2836 αὐτὸν

314 2851 438 2881 ὠνεῖται
453 2849 628 2889 Δημήτριος
646 2848 663 2878 ὁ
676 2848 849 2889 Φαληρεύς,
862 2850 916 2880 καὶ
933 2850 1078 2891 ἑκάτερον
1092 2850 1347 2890 ἀποκατέστησε·

316 2894 501 2937 Ξενοκράτει
526 2895 580 2935 μὲν
601 2895 656 2933 τὴν
674 2895 843 2936 ἐλευθερίαν
857 2920 865 2934 ,
880 2896 1045 2933 Ἀθηναίοις
1068 2898 1100 2929 δὲ
1122 2899 1158 2930 τὸ
1180 2899 1347 2936 μετοίκιον.

314 2942 361 2974 Cf.
385 2940 567 2981 Hesychius
580 2940 725 2973 Milesius
742 2951 768 2972 s.
784 2950 816 2973 v.
836 2941 1041 2982 Ξενοκράτης.
1060 2959 1102 2967 -
1115 2944 1179 2985 (79)
1194 2946 1352 2985 Diogenes

315 2988 464 3021 Laertius
477 2987 533 3021 lib.
549 2989 605 3029 IV,
623 2990 658 3021 14
670 2987 811 3019 ἐτελεύτα
826 2989 857 3019 δὲ
867 2988 991 3026 νυκτός,
1005 2990 1117 3031 λεκάνῃ
1135 2993 1352 3032 προσπταίσας

317 3036 383 3072 ἔτος
407 3035 466 3074 ἤδη
482 3038 616 3076 γεγονὼς
642 3036 780 3076 δεύτερον
803 3037 855 3067 καὶ
878 3036 1099 3075 ὀγδοηκοστόν.
1121 3040 1228 3080 Φαμὲν
1247 3040 1279 3071 δὲ
1302 3042 1353 3072 καὶ

318 3085 360 3121 εἰς
376 3084 471 3116 αὐτὸν
497 3082 633 3115 οὑτωσί·
658 3083 766 3123 Χαλκῇ
791 3083 1005 3122 προσπταίσας
1024 3084 1136 3125 λεκάνῃ
1153 3087 1228 3118 ποτὲ
1243 3089 1296 3119 καὶ
1318 3088 1354 3119 τὸ

321 3132 463 3173 μέτωπον
483 3131 626 3170 Πλήξας,
652 3129 741 3170 ἴαχεν
767 3130 794 3160 ὢ
812 3129 958 3161 σύντονον
970 3153 978 3167 ,
996 3130 1051 3161 εἶτ’
1079 3133 1199 3173 ἔθανεν,
1220 3135 1236 3165 ὁ
1255 3135 1356 3165 πάντα

321 3177 420 3214 πάντη
442 3176 637 3217 Ξενοκράτης
664 3176 739 3216 ἀνὴρ
761 3176 871 3215 γεγώς.
892 3192 933 3198 -
955 3175 1020 3217 (80)
1033 3177 1192 3218 Diogenes
1212 3181 1358 3212 Laertius

321 3224 378 3257 lib.
398 3226 440 3263 V,
459 3225 517 3262 383
535 3222 654 3254 Pollux
671 3223 725 3255 lib.
749 3224 805 3262 IX,
823 3226 894 3263 ca'p.
915 3226 944 3254 5.
966 3239 1005 3245 —
1026 3225 1091 3265 (81)
1108 3226 1285 3259 Athenaeus
1300 3227 1357 3259 lib.

324 3271 411 3310 xm,
426 3279 461 3312 p.
473 3272 551 3302 610.
570 3270 683 3306 Ἄλεξις
699 3274 772 3310 γοῦν
795 3270 824 3301 ἐν
841 3270 947 3310 Ἵππῳ
962 3269 1055 3310 φησί·
1076 3271 1159 3303 τοῦτ’
1175 3272 1257 3306 ἔστιν
1273 3273 1360 3307 Ἀκα-

325 3320 437 3357 ὄήμεια
461 3318 535 3349 κτλ·
559 3318 610 3348 καὶ
625 3318 779 3357 Σοφοκλῆς
799 3317 831 3348 δέ
853 3328 897 3352 τις
910 3317 1084 3357 ψηφίσματι
1102 3319 1229 3356 ἐξήλασε
1246 3321 1361 3358 πάντας

326 3363 511 3405 φιλοσόφους
532 3367 586 3402 τῆς
609 3363 764 3403 Ἀττικῆς,
788 3365 862 3395 καθ’
887 3363 923 3395 οὗ
950 3363 1042 3404 λόγον
1063 3365 1176 3405 ἔγραψε
1194 3368 1319 3406 Φίλων,
1347 3370 1363 3399 ὁ

327 3410 551 3452 Ἀριστοτέλους
567 3410 731 3452 γνώριμος.
750 3409 824 3442 Vid.
848 3410 977 3442 Luzacii
994 3412 1095 3442 Lectt.
1112 3412 1210 3443 Attic.
1230 3415 1314 3445 Sect.
1337 3416 1348 3445 Ι

329 3457 348 3500 §
369 3461 386 3490 5
407 3466 478 3498 pag.
504 3459 572 3490 126.
589 3476 622 3480 -
1338 3479 1342 3483 -

1140 229 1207 270 DE
1237 227 1562 269 XENOCRATE.

1372 318 1560 370 pinquum
1593 325 1632 355 et
1665 316 1814 364 civem,
1851 316 1962 364 eique
1995 313 2162 364 assignat
2191 311 2407 353 orationem

1372 375 1655 416 Arsinoeticam
1669 402 1682 422 ‚
1719 372 1768 411 de
1801 371 1967 410 Arsinoe
2000 371 2177 410 defuncta
2205 370 2405 422 scriptam.

1372 434 1548 473 Tertium
1572 432 1819 472 librariorum
1845 429 2093 480 indiligentia
2114 429 2259 468 omisit.
2279 428 2409 475 Quar-

1373 502 1454 531 tum
1473 492 1592 531 fuisse
1610 490 1740 543 prodit
1751 488 2026 540 philosophum
2040 516 2051 537 ,
2065 487 2198 538 elegiae
2214 495 2409 526 auctorem

1374 565 1452 590 non
1466 551 1559 590 satis
1568 548 1787 602 probatum,
1801 549 1863 586 cui
1877 547 2037 585 fortasse
2049 558 2135 584 cum
2147 544 2326 584 Fabricio
2336 543 2413 599 (83)

1381 609 1667 649 attribuendum
1686 616 1744 646 est
1762 607 2000 658 epigramma
2012 605 2055 644 in
2074 603 2259 643 Mercurii
2277 603 2416 654 imagi-

1382 682 1468 708 nem
1505 670 1668 714 factum‚
1689 665 1794 716 quod
1825 672 1948 703 exstat
1978 662 2224 713 Anthologiae
2250 659 2322 702 lib.
2350 658 2415 702 lv.

1381 727 1460 765 Tit.
1485 740 1521 766 2.
1540 725 1589 764 el.
1611 725 1672 769 34.
1686 723 1872 769 Quintum
1895 721 2121 761 statuarium
2142 721 2336 768 nominat,
2352 717 2420 758 Ti-

1376 784 1527 824 sim-atis
1537 783 1598 822 vel
1610 781 1854 832 Euthycratis
1865 780 2099 832 discipulum
2116 778 2209 832 (84),
2223 777 2421 816 Ptolemaei

1379 842 1623 892 Philadelphi
1643 840 1883 892 temporibus
1905 840 2051 878 clarum
2081 837 2163 891 (85)
2183 850 2194 877 ε
2223 848 2340 889 quem
2371 835 2421 875 de

1381 900 1569 940 toreutice
1587 907 1884 938 commentatum
1900 910 1983 937 esse
2002 897 2121 936 refert
2138 896 2286 934 Plinius
2304 895 2348 934 in
2362 894 2421 933 in-

1383 961 1468 999 dice
1489 959 1586 997 libri
1617 956 1780 996 xxxin
1807 966 1844 996 et
1863 957 1911 996 de
1941 965 2024 995 arte
2048 956 2232 995 statuaria
2259 966 2422 1006 compo-

1383 1020 1506 1058 suisse
1538 1016 1741 1055 volumina
1767 1015 1838 1054 lib.
1863 1014 2033 1063 XXXIV,
2047 1027 2129 1067 cap.
2159 1014 2183 1052 8
2215 1013 2292 1062 ait,
2310 1020 2350 1052 et
2373 1012 2423 1050 de

1380 1079 1534 1128 pictura
1566 1075 1710 1113 librum
1746 1074 1957 1113 confecisse
1975 1082 2135 1113 testatur
2162 1072 2233 1111 lib.
2268 1069 2420 1118 XXXV,

1384 1150 1468 1188 cap.
1487 1148 1533 1174 10
1548 1132 1640 1187 (86).
1655 1134 1812 1172 Sextum
1825 1132 2008 1184 denique,
2021 1132 2252 1171 Aristoxene
2267 1138 2423 1170 alletore

1381 1193 1555 1240 laudato,
1571 1200 1749 1244 poemata
1767 1190 1988 1229 condidisse
1999 1190 2130 1229 tradit.
2148 1188 2219 1227 His
2235 1186 2423 1239 adjunga-

1382 1265 1467 1291 mus
1490 1259 1648 1290 caeteros
1667 1250 1776 1288 viros
1796 1249 2050 1300 cognomines
2063 1279 2075 1301 ,
2095 1247 2165 1299 qui
2181 1247 2232 1286 ab
2255 1246 2425 1298 antiquis

1385 1317 1662 1348 memorantur.
1696 1307 1783 1346 Fuit
1809 1308 1931 1357 igitur
1956 1307 2142 1358 septimus
2167 1306 2421 1355 Xenocrates,

1383 1367 1677 1417 Agrigentinus,
1701 1365 1969 1404 Isthmionices
1981 1394 1992 1412 ,
2016 1364 2230 1403 celebratus
2243 1376 2265 1402 a
2279 1362 2426 1403 Pinda-

1385 1439 1428 1463 ro
1446 1426 1617 1464 carmine
1643 1424 1806 1463 Isthmio
1833 1423 2118 1474 secundo'(87).
2143 1422 2311 1462 Octavus
2335 1420 2427 1476 (88),

1386 1483 1497 1535 cujus
1515 1485 1653 1536 πρῶτον
1672 1483 1855 1535 Χρονικῶν
1879 1483 1969 1520 citat
1991 1481 2245 1533 Etymologus
2263 1479 2426 1532 Magnus

1390 1556 1427 1581 v.
1452 1542 1633 1594 Ἀσσυρία.
1654 1541 1811 1590 Nonus,
1833 1541 2078 1588 Boeotarcha,
2101 1541 2148 1579 de
2176 1553 2255 1591 quo
2285 1540 2429 1580 Pausa-

1386 1602 1472 1640 nias
1489 1600 1567 1639 lib.
1596 1600 1662 1648 lv,
1700 1613 1785 1652 cap.
1812 1601 1878 1647 32,
1901 1600 1924 1637 6
1945 1608 1983 1637 et
2010 1598 2083 1639 lib.
2110 1597 2179 1646 IX,
2200 1611 2273 1650 cap
2317 1598 2381 1646 13,
2403 1599 2428 1636 6

1390 1659 1559 1698 disserit.
1593 1658 1800 1706 Decimus,
1835 1658 1945 1706 qu'us
1974 1655 2230 1696 Οἷκοσκοπικὺν
2255 1655 2429 1706 οἰώνισμα

1392 1726 1579 1756 memorat
1600 1716 1739 1756 Suidas
1764 1730 1803 1755 v.
1826 1712 2055 1768 ’Ξενοκράτης
2074 1714 2259 1767 φιλόσοφος
2276 1722 2316 1753 et
2331 1713 2431 1752 Οἰω-

1391 1775 1542 1822 νιστική.
1583 1776 1650 1814 Est
1674 1776 1778 1814 enim
1809 1772 2052 1813 οἷκοσκοπικὸν
2083 1772 2277 1824 οἰώνισμα,
2311 1785 2431 1824 quum

1392 1835 1657 1874 observantur
1678 1847 1723 1873 ea
1744 1847 1831 1886 quae
1858 1833 1966 1872 domi
1986 1832 2181 1872 accidunt.
2193 1831 2308 1871 Velut
2333 1831 2369 1871 si
2390 1830 2435 1870 iu

1392 1902 1491 1932 tecto
1513 1894 1735 1946 apparuerit
1753 1892 1917 1932 mustela
1942 1891 2002 1929 vel
2023 1902 2202 1942 serpens,
2224 1898 2291 1929 aut
2307 1891 2432 1929 oleum

1391 1953 1559 1992 effusum
1581 1953 1696 1991 fuerit
1710 1983 1720 2002 ‚
1744 1960 1810 1990 aut
1836 1951 1937 1998 mel,
1960 1958 2026 1988 aut
2042 1949 2204 1997 vinum,
2226 1958 2290 1988 aut
2310 1961 2432 2000 aqua,

1394 2015 1460 2045 aut
1494 2007 1593 2045 cinis
1627 2021 1636 2044 ·.
1667 2018 1732 2044 aut
1762 2010 1912 2054 lignum
1944 2007 2163 2053 crepuerit,
2192 2015 2258 2040 aut
2285 2005 2436 2052 aliquid

1395 2065 1502 2103 aliud
1536 2064 1740 2110 acciderit,
1770 2064 1846 2100 hoc
1877 2061 1937 2099 vel
1967 2059 2069 2098 illud
2100 2058 2308 2109 significat.
2343 2061 2436 2096 Haec

1396 2122 1581 2161 vaticinia
1616 2122 1794 2160 tractavit
1841 2119 2089 2157 Xenocrates.
2133 2117 2193 2157 Cf.
2238 2115 2436 2155 Casaubo-

1399 2194 1472 2220 nus
1499 2182 1604 2221 Lect.
1633 2179 1835 2218 Theocrit.
1871 2191 1955 2229 cap.
1984 2177 2022 2217 5.
2056 2170 2294 2214 Undecimu's
2325 2187 2439 2226 supe-

1400 2239 1576 2278 rioribus
1626 2239 1773 2277 accedit
1819 2236 1990 2286 ejusdem
2043 2234 2215 2272 nominis
2267 2233 2439 2272 medicus

1400 2298 1720 2350 Aphrodisiensis
1728 2328 1742 2347 ‚
1764 2297 1833 2348 qui
1848 2294 2012 2333 Tiberio
2033 2294 2250 2344 imperante
2269 2291 2386 2331 vixit.
2401 2290 2441 2330 Is

1401 2357 1586 2396 inclaruit
1605 2357 1709 2395 edito
1741 2369 1858 2407 opere
1878 2354 1925 2392 de
1945 2351 2199 2405 percipienda
2222 2364 2271 2389 ex
2290 2350 2440 2389 anima-

1401 2415 1506 2453 libus
1524 2415 1689 2456 utilitate
1707 2413 1718 2466 (
1735 2413 1816 2464 περὶ
1840 2415 1902 2458 τῆς
1923 2411 1992 2450 ἀπὸ
2021 2413 2087 2449 τῶν
2108 2408 2203 2463 ζῴων
2224 2407 2414 2462 ὠφελείας)
2428 2437 2440 2460 ,

1447 2554 1455 2567 x
1481 2525 1511 2565 ἢ.)
1529 2527 1551 2555 I.
1571 2533 1689 2565 ogenes
1706 2525 1855 2556 Laertius
1867 2523 1923 2555 lib.
1938 2524 1996 2562 IV,
2022 2525 2059 2554 15
2074 2521 2223 2562 γεγόνασι
2237 2520 2270 2553 δὲ
2289 2520 2344 2553 καὶ
2356 2520 2443 2552 ἄλλοι

1405 2571 1606 2612 Ξενοκράτεις
1628 2569 1670 2607 ς’.
1694 2571 1710 2602 ὅ
1727 2582 1760 2602 τε
1780 2570 1945 2608 τακτικός,
1960 2570 2090 2610 ἀρχαῖος
2105 2568 2226 2610 σφόδρα
2239 2577 2246 2584 ·
2260 2568 2313 2600 καὶ
2331 2568 2349 2600 ὁ
2370 2577 2446 2609 συγ-

1405 2619 1493 2659 γενὴς
1514 2617 1581 2658 ἅμα
1602 2618 1656 2649 καὶ
1676 2617 1802 2654 πολίτης
1823 2619 1869 2658 τῷ
1893 2615 2109 2657 προειρημένῳ
2128 2614 2306 2657 φιλοσόφον
2325 2614 2446 2656 φέρεται

1408 2667 1441 2698 δὲ
1470 2665 1567 2697 αὐτοῦ
1595 2665 1685 2704 λόγος
1702 2663 1950 2706 Ἀρσινοητικός,
1973 2662 2184 2704 γεγραμμένος
2198 2663 2266 2704 περὶ
2294 2661 2448 2704 Ἀρσινόης

1407 2712 1635 2750 ἀποθανούσης.
1654 2712 1806 2753 Τέταρτος
1821 2735 1829 2750 ,
1851 2710 2016 2752 φιλόσοφος
2027 2734 2037 2750 ,
2053 2709 2191 2750 ἐλεγείαν
2206 2710 2369 2750 γεγραφὼς
2391 2709 2449 2742 οὐκ

1408 2761 1580 2800 ἐπιτυχῶς·
1598 2758 1678 2791 ἴδιον
1702 2759 1746 2790 δέ.
1770 2759 1903 2795 Ποιηταὶ
1925 2758 1980 2799 μὲν
2010 2757 2069 2798 γὰρ
2097 2756 2333 2798 ἐπιδαλλὸμενοι
2360 2759 2449 2794 πεζο-

1408 2809 1550 2847 γραφεῖν,
1572 2804 1834 2846 ἐπιτυγχάνουσι·
1860 2804 2046 2846 πεζογράφοι
2065 2802 2098 2835 δὲ
2123 2802 2327 2842 ἐπιτιθέμενοι
2355 2813 2448 2840 ποιη-

1409 2856 1502 2894 τικῇ,
1522 2852 1687 2885 πταίουσι·
1720 2853 1811 2890 δῆλον
1827 2852 1864 2884 τὸ
1889 2852 1944 2892 μὲν
1967 2851 2089 2892 φύσεως
2108 2849 2204 2888 εἶναι,
2222 2849 2259 2882 τὸ
2287 2849 2320 2881 δὲ
2341 2849 2451 2891 τέχνης

1412 2900 1511 2940 ἔργον.
1531 2901 1680 2941 Πέμπτος
1692 2922 1700 2938 ,
1720 2898 1989 2940 ἀνδριαντοποιός·
2005 2897 2112 2936 ἕκτος,
2131 2896 2260 2938 ᾄσματα
2279 2896 2450 2938 γεγραφώς,

1413 2948 1453 2983 ὥς
1488 2957 1579 2987 φησιν
1610 2945 1829 2987 Ἀριστόξενος.
1859 2962 1900 2968 -·—
1928 2946 1993 2984 (83)
2031 2941 2202 2976 Fabricius
2229 2941 2313 2977 Bibl.
2346 2941 2450 2976 Graec.

1414 2994 1477 3026 vol.
1499 2994 1559 3034 ΙΙΙ,
1575 3002 1648 3035 pag.
1672 2994 1728 3024 193
1742 2992 1794 3024 ed.
1812 2991 1941 3023 Harles.
1960 3009 2001 3017 -
2023 2990 2088 3031 (84)
2105 2988 2227 3022 Plinius
2247 2987 2304 3022 lib.
2323 2989 2455 3022 XXXIV

1389 3068 1393 3072 ,
1415 3049 1484 3081 cap.
1504 3043 1534 3073 8.
1566 3057 1606 3064 —
1631 3038 1697 3080 (85)
1714 3037 1797 3071 Vide
1818 3037 1974 3069 vossium
1996 3036 2038 3068 de
2057 3035 2230 3068 Historicis
2252 3034 2374 3068 Graecis
2400 3034 2454 3067 lib.

1418 3090 1476 3128 111,
1494 3097 1567 3129 pag.
1587 3089 1656 3119 192.
1673 3107 1710 3113 -
1731 3086 1797 3126 (86)
1816 3086 1881 3117 Pro
1899 3082 2235 3121 Xenocratefortasse
2245 3081 2456 3123 Hypsicrates

1419 3136 1471 3166 hic
1489 3132 1706 3166 nominandus
1722 3133 1804 3164 erat.
1829 3130 1909 3163 Vide
1928 3129 2107 3171 Diogenem
2120 3127 2285 3161 Laertium
2304 3123 2359 3162 lib.
2382 3129 2455 3168 VII,

1422 3184 1489 3214 188.
1514 3181 1563 3213 Cf.
1588 3180 1708 3213 Junius
1728 3179 1769 3211 de
1788 3177 1916 3220 pictura
1934 3177 2086 3209 veterum
2101 3175 2159 3208 lib.
2181 3175 2225 3214 11,
2247 3181 2317 3215 cap.
2342 3175 2360 3205 8
2377 3172 2458 3205 etin

1421 3229 1568 3268 catalogo
1610 3226 1883 3266 architectorum,
1915 3222 2183 3255 mechanicorum
2220 3222 2254 3254 et
2297 3220 2459 3262 pictorum

1421 3283 1494 3317 pag.
1510 3277 1589 3315 2783
1612 3274 1691 3307 item
1705 3270 1878 3306 Fabricius
1890 3270 1974 3303 Bibl.
1993 3270 2048 3303 Gr.
2067 3269 2133 3302 vol.
2153 3270 2214 3311 ΙΙΙ,
2235 3277 2308 3311 pag.
2328 3269 2386 3301 193
2403 3270 2458 3303 ed·

1422 3322 1549 3354 Harles.
1570 3339 1610 3345 -
1629 3320 1698 3363 (87)
1721 3319 1770 3352 Gs.
1793 3318 1923 3351 Goeller
1937 3317 1977 3349 dc
1995 3317 2120 3358 origine
2139 3318 2171 3348 et
2185 3323 2356 3357 progressu
2369 3316 2463 3356 Syra-

1424 3378 1577 3401 cusarum
1591 3377 1665 3410 pag.
1684 3370 1735 3399 24.
1757 3386 1799 3394 —
1816 3366 1879 3406 (88)
1895 3363 2107 3406 Etymologus
2122 3364 2260 3404 Magnus
2282 3370 2314 3403 p.
2335 3365 2405 3402 1⁵7,
2421 3365 2460 3394 53

1429 3414 1595 3455 Ἀσσυρία,
1615 3416 1635 3454 ἠ
1653 3413 1847 3447 Βαὸυλωνία.
1870 3413 1914 3444 Τὸ
1933 3411 1986 3449 μὲν
2000 3413 2122 3452 πρῶτον
2139 3410 2279 3443 ἐκαλεῖτο
2298 3410 2460 3450 Εὔφρατις,

1425 3462 1554 3502 ὕστερον
1579 3463 1610 3494 δὲ
1643 3462 1799 3500 Χαλδαία,
1825 3461 1860 3492 τὸ
1891 3460 2064 3491 τελευταῖον
2087 3457 2119 3489 δὲ
2148 3457 2210 3489 ἀπὸ
2234 3455 2380 3498 Ἀσούρου
2407 3457 2463 3487 τοῦ
