2528 3788
166 1669 271 1710 οῦδὲν
291 1669 328 1709 δὲ
343 1672 461 1722 μεῖζον
477 1674 538 1710 τοῦ
562 1669 720 1723 ἀπείρου.

162 1727 264 1775 ,λέξει
282 1728 388 1782 φησὶν
417 1733 436 1769 6
455 1729 697 1783 Ἀλέξανδρος·
721 1729 774 1769 ὅτι
790 1730 827 1769 δὲ
850 1732 916 1784 οὐχ
940 1734 985 1775 ὡς
1004 1730 1224 1784 Ἀλέξανδρος

1080 226 1412 267 FRAGMENTA.
2242 227 2322 265 229

172 317 240 370 ,οὐκ
258 314 358 369 ἕχει,
380 323 569 365 praeterea
593 314 633 354 τὸ
651 314 688 354 ὃν
709 313 873 362 τελευτὴν
899 315 963 352 οὒκ
982 313 1074 366 ἔχει,
1097 326 1219 365 porro

171 376 217 445 τὸ
231 367 270 415 ὃν
289 373 468 427 ἅπειρόν’
452 390 543 422 εστι,
560 375 729 426 denique
748 373 823 412 τὸ*
805 389 842 412 ον
859 370 926 411 ἕν’
910 388 996 419 εστι,
1021 381 1218 424 postiemo

169 426 215 488 ,16
239 430 279 473 ὃν
303 431 468 500 ἀκίνητόν
495 435 594 480 ἐστι,
616 447 638 472 e
657 433 799 484 quibus
817 431 1041 470 Aristoteles
1068 440 1219 483 postie-

169 501 296 540 mum,
312 491 347 530 si
365 505 477 529 unum
492 493 556 540 sit,
574 494 761 530 immobile
774 504 856 530 esse
873 498 1009 540 negat:
1026 488 1220 530 Eudemus

167 550 287 599 enam
311 552 558 602 praecedens,
577 553 610 590 si
627 554 826 617 infinitum·
831 550 900 596 sit,
923 563 1034 586 unum
1055 562 1138 588 esse
1152 563 1211 588 ne

166 622 341 653 messano
356 623 434 648 non
449 611 558 662 sequi
578 611 644 650 ait.
702 604 776 656 Qui
793 609 828 648 si
842 611 955 660 plura
965 609 1214 657 confutasset„

173 668 240 707 vix
255 681 303 708 ea
317 667 543 720 Simplicius
565 668 791 718 omisisset.)

175 769 177 771 ,
229 740 277 770 10.
308 725 460 768 Ἔπειτα
490 727 551 767 καὶ
583 726 640 766 διὰ
666 725 701 765 τί
732 725 917 774 ἀκίνητον,
951 727 982 764 εἷ
1010 725 1066 772 ἕν;
1098 725 1219 780 ὥσπερ

172 784 244 838 γὰρ
272 786 334 825 καὶ
360 785 400 825 τὸ
426 785 530 840 μέρος
555 784 591 825 ἓν
618 785 676 834 ὄν,
695 784 769 824 τοδὶ
794 784 834 823 τὸ
859 783 952 836 ὕδωρ
968 814 979 832 ,
1006 790 1152 823 κινεῖται
1183 787 1218 824 ἐν

171 844 289 896 ἐαυτῷ
301 871 313 891 ,
335 843 392 882 διὰ
411 843 447 884 τί
464 848 503 884 οὐ
519 843 580 883 καὶ
593 843 634 884 τὸ
653 849 724 883 πᾶν
741 860 752 893 ;
769 843 889 883 ἔπειτα
910 844 1096 888 ἀλλοίωσις
1113 843 1170 882 διὰ
1185 844 1219 883 τί

171 903 236 945 οὔκ
251 902 294 942 ἂν
313 901 392 954 εἴης

227 961 476 1015 (Aristoteles
496 962 615 1014 Phys.
647 962 715 1002 lib.
741 962 759 1000 l
785 976 871 1014 cap.
893 963 914 1000 3
943 975 1033 1014 pag.
1062 964 1158 1011 186,
1181 977 1216 1002 a.

166 1009 227 1077 ἰο
242 1019 306 1061 ed.
328 1021 492 1061 Bekker.
507 1021 730 1072 Simplicius
755 1021 824 1062 fol.
849 1027 896 1066 αι.
920 1020 1220 1066 <connsch011a

171 1082 213 1125 in
236 1080 398 1120 Aristot.
427 1093 512 1132 pag.
539 1081 628 1121 331.
650 1094 684 1120 a.
710 1081 773 1120 ed.
796 1081 1024 1127 B1·andis.)e‘2
1046 1079 1220 1124 Μέλισσος

172 1137 286 1184 δείξας
301 1138 341 1178 τὸ
358 1138 502 1192 ἄπειρον
522 1139 560 1178 ἐκ
575 1143 635 1178 τοῦ
657 1138 747 1189 „fite
761 1139 874 1192 ἀρχὴν
893 1138 983 1190 μήτε
997 1138 1094 1183 τέλος
1113 1138 1219 1192 ἔχειν,

172 1197 213 1236 ἐκ
232 1196 268 1236 δὲ
289 1200 350 1236 τοῦ
371 1197 515 1251 ἀπείρου
533 1198 573 1237 τὸ
591 1197 626 1236 ἓν
645 1214 753 1247 ειναι,
776 1197 896 1247 ἐφεξῆς
912 1198 972 1236 καὶ
989 1197 1041 1237 ὅτι
1057 1197 1219 1246 ἀκίνητον

173 1256 346 1296 δείκνυσιν
360 1284 373 1307 ,
391 1258 438 1302 ὣς
458 1259 476 1295 6
503 1257 723 1311 Ἀλέξανδρός
742 1273 852 1311 φησι,
871 1259 922 1309 τῷ
949 1256 988 1295 τὸ
1016 1257 1219 1308 κινούμενον

172 1313 198 1362 ἢ
217 1317 275 1354 διὰ
293 1315 449 1368 πλήρους
467 1316 615 1369 ὀφείλειν
644 1314 877 1366 κινεῖσθαι,
857 1332 881 1363 η
910 1316 966 1355 διὰ
992 1319 1112 1354 κενοῦ·
1133 1332 1223 1355 ουτω

174 1373 212 1413 δὲ
241 1373 302 1414 καὶ
329 1374 417 1414 ἄλλο
448 1390 482 1413 τι
509 1373 662 1415 ἔσεσθαι.
717 1371 805 1415 οὈτι
830 1373 867 1413 δὲ
892 1373 949 1413 διὰ
974 1373 1037 1425 μὲν
1070 1374 1222 1428 πλήρους

173 1435 241 1487 οὔχ
263 1426 341 1474 οἷόν
371 1433 411 1472 τέ
435 1449 469 1472 τι
494 1437 701 1483 κινηθῆναι,
726 1433 823 1473 κενόν
854 1450 892 1473 τε
920 1433 970 1484 μὴ
992 1433 1158 1472 δύνασθαι
1187 1436 1222 1473 ἐν

175 1498 244 1551 τοῖς
271 1486 369 1533 ουσιν
400 1486 511 1532 εἶναι·
529 1493 619 1546 μηδὲ
622 1510 639 1531 ν
664 1493 731 1566 γὰρ
757 1488 846 1533 εἶναι
868 1494 907 1532 τὸ
933 1493 1052 1542 κενόν,
1070 1493 1168 1538 ὄντος
1187 1494 1223 1533 δὲ

174 1550 304 1604 μηκέτι
323 1551 509 1592 ἔσεσθαι”
485 1568 631 1606 απειρον
651 1553 691 1591 τὸ
709 1553 766 1592 ὄν·
783 1555 814 1592 εἷ
830 1554 898 1606 γὰρ
920 1554 973 1601 εἴη
993 1554 1223 1605 μεθίστασθαι

173 1610 366 1663 δυνάμενον
389 1613 423 1651 ἐν
448 1613 588 1666 ἑαυτῷ,
618 1613 723 1659 δῆλον
745 1615 791 1657 ὡς
812 1615 928 1664 μεῖζον
954 1613 995 1652 ἂν
1018 1615 1123 1651 αὑτοῦ
1143 1613 1197 1660 εἴη
1211 1644 1221 1662 ,

777 1671 903 1710 Ταῦτα
924 1671 986 1723 μὲν
1004 1671 1112 1716 οὕτως
1135 1674 1223 1726 αὒτῇ

173 1789 347 1838 ἤκουσεν,
372 1788 480 1835 οὕτως
500 1793 523 1838 ἡ
543 1789 716 1835 ἀπόδειξις
738 1792 933 1843 προῆλθεν,
957 1791 996 1829 ἐκ
1018 1793 1079 1828 τοῦ
1101 1789 1141 1829 τὸ
1165 1805 1223 1829 κι-

173 1846 340 1900 νούμενον
369 1845 393 1896 ἢ
414 1847 473 1887 διὰ
501 1843 657 1902 πλήρους
682 1848 832 1902 ὀφείλειν
857 1852 1029 1888 κινεῖσθαι
1050 1847 1073 1895 ἢ
1094 1848 1151 1887 διὰ
1170 1865 1226 1888 κε-

167 1910 251 1956 νοῦ,
271 1907 350 1947 ἀλλ’
375 1901 429 1946 ὅτι
458 1908 511 1946 δεῖ
536 1907 620 1946 αὐτὸ
640 1907 680 1946 τὸ
699 1906 735 1946 ὂν
756 1908 887 1960 πλῆρες
911 1911 1000 1947 εἰναι
1013 1909 1140 1957 ,δηλοῖ
1163 1907 1223 1946 και

175 1968 195 2004 6
222 1965 388 2018 Εὔδημος
420 1965 548 2018 λέγων.
606 1983 623 2001 α
646 1965 824 2012 Ἀκίνητον
850 1966 886 2005 δὲ
915 1965 957 2014 δὴ
991 1968 1085 2015 πῶς;
1116 1965 1139 2013 ἢ
1171 1966 1224 2006 ὅτι

178 2027 322 2078 πλῆρες·
348 2027 480 2079 πλῆρες
500 2025 537 2064 δὲ
563 2024 618 2064 ὅτι
645 2026 707 2064 οὐκ
737 2025 837 2064 ἔσται
863 2030 965 2067 κενοῦ
996 2027 1174 2080 μετέχον).
1207 2047 1223 2062 υ

229 2097 278 2123 u.
310 2083 385 2124 Καὶ
410 2084 496 2137 πρὸς
518 2083 746 2138 Παρμενίδην
770 2084 806 2123 δὲ
830 2087 847 2123 ὁ
874 2085 975 2130 αὐτὸς
1004 2086 1130 2138 τρόπος
1154 2090 1223 2127 τῶν

178 2143 314 2195 λόγων,
338 2141 398 2182 καὶ
428 2142 461 2182 εἴ
488 2158 577 2188 τινες
603 2143 704 2183 ἄλλοι
725 2143 827 2182 ἴδιοι·
856 2144 917 2182 καὶ
936 2148 958 2192 ἡ
979 2145 1075 2190 λύσις
1095 2142 1138 2198 τῇ
1161 2146 1224 2197 μὲν

174 2202 231 2241 ὅτι
254 2201 384 2256 ψευδὴς
403 2205 447 2255 τῇ
474 2202 511 2241 δὲ
532 2201 587 2242 ὅτι
616 2204 655 2242 οὗ
680 2203 974 2255 συμπεραίνεται,
1005 2204 1134 2257 ψευδὴς
1162 2205 1225 2256 μὲν

175 2257 200 2312 ᾗ
225 2262 347 2306 ἁπλῶς
381 2261 559 2312 λαμὸάνει
586 2261 628 2301 τὸ
654 2261 692 2300 ὂν
717 2262 904 2313 λέγεσθαι,
922 2262 1113 2314 λεγομένου
1137 2267 1226 2303 πολ-

174 2322 315 2374 λαχῶς,
335 2320 602 2374 ἀσυμπέραντος
624 2321 659 2359 δὲ
680 2321 754 2368 ὅτι,
787 2323 816 2359 εἰ
830 2321 931 2368 ’μόνα
956 2319 1002 2359 τὰ
1026 2322 1134 2361 λευκὰ
1155 2323 1223 2371 λη-

149 2419 151 2423 ,
171 2378 292 2434 φθείη,
311 2378 540 2430 σημαίνοντος
560 2379 596 2419 ἓν
617 2384 675 2419 τοῦ
697 2382 840 2428 λευκοῦ,
863 2379 962 2419 οὐθὲν
983 2375 1089 2428 ἧττον
1110 2381 1226 2421 πολλὰ

160 2437 220 2491 Ἰϊᾶ
235 2437 345 2478 λευκὰ
361 2438 423 2477 καὶ
442 2440 508 2492 οὐχ
523 2438 576 2478 ἕν·
595 2438 674 2479 οὔτε
690 2439 758 2493 γὰρ
777 2442 821 2492 τῇ
839 2439 1001 2493 συνεχείᾳ
1018 2438 1053 2478 ἓν
1074 2439 1225 2480 ἔσταιτὸ

165 2497 301 2553 ,λευκὸν
319 2497 398 2538 οὔτε
417 2501 467 2551 τῷ
480 2499 585 2555 λόγῳ.

641 2498 749 2538 Ἄλλο
760 2498 860 2552 γὰρ’
842 2514 942 2537 εσται
952 2499 993 2538 τὸ
1006 2495 1094 2539 εἶναι
1110 2501 1224 2553 λευκῷ

174 2556 237 2596 καὶ
254 2556 295 2596 τὸ
313 2556 509 2630 δεδεγμένῳ
521 2589 532 2611 ,
553 2574 614 2598 και
633 2561 696 2599 οὐκ
722 2558 823 2599 ἔσται
841 2556 940 2612 παρὰ
961 2558 1000 2597 τὸ
1019 2559 1143 2598 λευκὸν
1165 2561 1222 2598 οὖ-

177 2614 233 2656 θὲν
261 2616 454 2671 χωριστόν·
478 2619 517 2656 οὗ
550 2617 618 2670 γὰρ
649 2614 674 2672 ᾗ
704 2618 898 2692 χωριστόν,
933 2619 1026 2658 ἀλλὰ
1059 2620 1111 2673 τῷ
1136 2613 1225 2658 εἶναι

174 2674 291 2729 ἕτερον
311 2676 351 2716 τὸ
371 2676 493 2716 λευκὸν
513 2677 613 2717 καὶ
593 2694 622 2732 ῳ
640 2679 806 2732 ὑπάρχει.
864 2677 970 2717 Ἀλλὰ
990 2683 1091 2718 τοῦτο
1115 2681 1218 2733 Παρ-

173 2734 317 2785 μενίδης
335 2734 434 2775 οὔπω
455 2737 561 2790 ἑώρα.
861 2737 863 2739 ’

230 2794 624 2849 (AristotelesPhys.
646 2797 718 2836 lib.
743 2797 760 2836 1
789 2811 873 2850 cap.
899 2799 920 2837 3
946 2812 1036 2851 pag.
1065 2799 1154 2836 186.
1187 2813 1222 2838 a.

175 2853 306 2894 ned.
325 2853 488 2898 Bekker.
507 2855 731 2908 Simplicius
748 2857 816 2896 fol.
841 2856 890 2894 25
907 2858 954 2901 ὡς
973 2859 991 2896 6
1005 2856 1224 2911 Ἀλέξανδρος

1282 316 1435 367 ἱστορεῖ,
1467 318 1485 353 6
1516 315 1578 364 μὲν
1608 316 1831 370 Θεόφραστος
1863 315 1972 361 οὕτως
2008 313 2178 354 ἐκτίθεται
2211 313 2247 351 ἐν
2275 313 2326 365 τῷ

1282 373 1412 426 πρώτῳ
1440 375 1502 419 τῆς
1520 377 1669 426 φυσικῆς
1690 376 1859 428 ἱστορίας·
1880 375 1919 413 τὸ
1939 374 2035 427 παρὰ
2055 373 2094 412 τὸ
2120 374 2157 412 ὂν
2178 373 2241 411 οὐκ
2262 371 2323 420 ὄν,

1279 431 1320 469 τὸ
1339 434 1402 471 οὐκ
1421 431 1459 470 ὂν
1483 431 1578 471 οὐδέν
1591 449 1598 457 ·
1619 433 1655 471 ἓν
1677 433 1745 485 ἄρα
1772 434 1811 472 τὸ
1832 434 1885 473 ὄν.
1910 434 2070 483 Εὔδημος
2085 430 2124 470 δὲ
2143 429 2265 473 οὕτως·
2287 428 2326 467 τὸ

1280 489 1377 538 παρὰ
1397 489 1437 529 τὸ
1463 490 1500 530 ὃν
1517 492 1579 530 οὐκ
1597 493 1633 530 ὄν
1647 508 1654 516 ·
1679 492 1769 530 ἀλλὰ
1787 492 1846 531 καὶ
1870 495 2032 545 μοναχῶς
2049 491 2188 542 λέγεται
2211 490 2251 528 τὸ
2270 489 2325 529 ὄν·

1280 548 1359 588 ἓν”
1336 565 1405 603 :pot
1421 549 1461 588 τὸ
1483 548 1535 591 ὄν.
1558 552 1712 590 Τοῦτο“
1693 551 1728 590 οὲ
1749 552 1874 624 εἰμὲν
1886 553 2044 604 ἀλλαχοῦ
2064 567 2131 590 που
2155 549 2328 602 γέγραφεν

1280 607 1388 653 οὕτως
1402 610 1544 663 ἀσαφῶς
1557 612 1575 648 6
1587 612 1617 650 E
1619 609 1763 660 ὕδημος,
1778 611 1842 649 οὗκ
1856 609 1928 662 ἔχω
1942 611 2096 684 λέγειν,’
2081 625 2115 648 εν
2131 624 2200 652 τοις
2215 607 2330 648 Φυσι-

1280 673 1353 713 κοῖς
1367 667 1403 706 δὲ
1423 668 1502 719 περὶ
1521 671 1632 722 Παρμ
1636 685 1680 707 εν·
1676 669 1744 708 ’δου
1760 669 1842 708 τάδε
1858 669 1998 722 γράφει,
2017 662 2092 713 ἐξῗ
2066 684 2114 707 ων
2133 667 2215 711 ἴσως
2229 665 2332 705 συνά-

1280 743 1351 779 γειν
1367 727 1406 766 τὸ
1420 727 1601 780 εἰρημένον
1619 729 1781 766 δυνατόν·
1798 746 1813 764 «ι
1833 727 2013 782 Παρμενίδ
2000 743 2055 773 ης
2067 726 2102 765 δὲ
2117 727 2155 765 οὗ
2170 724 2330 778 φαίνεται

1281 786 1463 836 δεικνύειν,
1490 786 1544 825 ὅτι
1564 785 1600 824 ἓν
1619 786 1659 824 τὸ
1678 785 1737 836 ὄν,
1758 786 1830 824 οὐδ’
1850 784 1882 823 εἴ
1902 801 1952 830 τις
1971 787 2065 836 αὐτῷ
2090 782 2330 836 συγχιιφήσειε

1282 846 1445 918 μοναχῶς
1465 844 1628 896 λέγεσθαι
1646 844 1687 883 τὸ
1707 843 1766 893 ὄν,
1787 846 1817 882 εἷ
1847 843 1896 893 μὴ
1915 843 1955 881 τὸ
1980 842 2016 882 ὂν
2040 846 2075 882 ἐν
2094 845 2144 895 τῷ
2167 842 2201 881 τί
2219 856 2330 887 κατη-

1280 903 1488 976 γορούμενον
1505 902 1654 942 ἑκάστου
1670 903 1767 943 ιὐσπε
1772 906 1872 974 ρτῶν
1893 902 2000 956 ἀνθρι’
1999 917 2084 942 »πων
2104 905 2122 941 ὑ
2141 901 2318 954 ἄνθρωπος
2306 930 2332 947 ,

1281 962 1341 1001 καὶ
1364 962 1624 1013 ἀποδιδομένων
1647 965 1716 1001 τῶν
1742 962 1854 1014 λόγων
1881 964 1958 1001 καθ’
1980 961 2126 1000 ἕκαστον
2149 959 2333 1012 ἐνυπάρξει

1281 1024 1299 1060 6
1312 1027 1372 1061 τοῦ
1387 1021 1483 1066 ὄντος
1498 1021 1632 1073 λόγος’
1618 1039 1651 1061 εν
1671 1022 1802 1061 ἅπασιν
1818 1025 1864 1065 εἷς
1886 1022 1945 1060 καὶ
1967 1024 1985 1059 6
2000 1022 2115 1067 αὐτός,
2121 1019 2254 1094 ωσπερ
2272 1018 2333 1057 καὶ

1281 1085 1299 1120 6
1318 1086 1378 1121 τοῦ
1395 1081 1483 1135 ζῴου
1504 1083 1539 1120 ἐν
1557 1087 1629 1126 τοῖς
1650 1081 1761 1134 ζώοις.
1819 1080 1996 1134 ζὨσπερ
1978 1079 2014 1118 οὲ
2032 1083 2061 1119 εἷ
2081 1080 2196 1120 πάντα
2216 1077 2268 1125 εἴη
2289 1076 2333 1116 τὰ

1281 1140 1365 1180 ὄντα
1395 1127 1487 1180 καλὰ
1514 1141 1574 1179 καὶ
1603 1141 1712 1190 μηθὲν
1741 1141 1794 1188 εἴη
1820 1140 1942 1179 λαὸεἷν
1972 1139 1990 1178 ὃ
2015 1141 2077 1178 οὐκ
2104 1138 2180 1177 ἔστι
2207 1136 2334 1184 καλόν,

1282 1201 1373 1240 καλὰ
1394 1199 1455 1251 μὲν
1475 1200 1574 1240 ἔσται
1595 1200 1737 1247 πάντα,
1766 1201 1804 1238 οὐ
1826 1199 1895 1250 μὴν
1916 1198 1950 1237 ἕν
1972 1214 2011 1249 γε
2030 1199 2070 1238 τὸ
2089 1196 2218 1244 καλόν,
2242 1194 2334 1235 ἀλλὰ

1281 1260 1414 1300 πολλά·
1433 1260 1472 1298 τὸ
1494 1260 1556 1311 μὲν
1576 1260 1644 1313 γὰρ
1664 1261 1794 1312 χρῶμα
1813 1257 1920 1298 καλὸν
1942 1256 2042 1297 ἔσται
2054 1287 2065 1308 ,
2089 1258 2130 1295 τὸ
2156 1254 2193 1295 δὲ
2212 1254 2336 1301 ἐπιτή-

1284 1321 1415 1370 δευμα,
1442 1319 1483 1359 τὸ
1508 1318 1544 1357 δὲ
1574 1318 1615 1367 ὅ,
1642 1335 1676 1357 τι
1705 1319 1857 1367 δήποτε,
1889 1317 1980 1356 οὕτω
2007 1315 2049 1364 δὴ
2072 1316 2132 1354 και
2163 1314 2249 1353 ὄντα
2271 1313 2333 1365 μὲν

1283 1379 1401 1418 πάντα
1420 1378 1540 1430 ἔσται,
1564 1379 1641 1417 ἀλλ’
1660 1380 1725 1431 οὐχ
1743 1377 1779 1416 ἓν
1805 1377 1882 1417 οὐδὲ
1899 1376 2024 1416 ταύτό·
2045 1375 2160 1428 ἕτερον
2184 1373 2245 1421 μὲν
2267 1373 2334 1425 γὰρ

1283 1439 1324 1478 τὸ
1341 1437 1452 1489 ὕδωρ,
1474 1438 1561 1477 ἄλλο
1580 1436 1615 1476 δὲ
1634 1437 1674 1476 τὸ
1694 1441 1779 1491 πῦρ.
1838 1435 2062 1490 Παρμενίδου
2083 1434 2145 1486 μὲν
2162 1426 2220 1472 οὖν
2239 1436 2334 1484 ἀγα-

1285 1499 1382 1547 σθείη
1401 1514 1451 1542 τις
1470 1497 1510 1536 ἂν
1532 1497 1788 1543 ἀναξιοπίστοις
1805 1496 2105 1543 ἀκολουθήσαντος
2123 1494 2254 1546 λόγοις,
2275 1509 2335 1531 και

1285 1559 1353 1597 ὑπὸ
1374 1557 1540 1596 τοιούτων
1560 1551 1818 1604 ἀπατηθέντος,
1841 1556 1863 1594 ἃ
1891 1554 1989 1594 οὔπω
2018 1553 2096 1592 τότε
2123 1553 2333 1604 διεσαφεῖτο.

1285 1615 1378 1655 Οὔτε
1396 1615 1462 1668 γὰρ
1488 1615 1528 1654 τὸ
1544 1617 1733 1669 πολλαχῶς
1754 1615 1860 1666 [add.
1885 1613 1940 1665 ὂν]
1958 1613 2076 1664 ἔλεγεν
2096 1611 2224 1660 οὐδείς,
2245 1609 2336 1648 ἀλλὰ

1287 1675 1443 1715 Πλάτων
1474 1677 1610 1726 πρῶτος
1637 1676 1676 1713 τὸ
1705 1674 1822 1713 δισσὸν
1851 1672 2059 1724 εἰσήγαγεν,
2081 1669 2159 1710 οὔτε
2191 1670 2230 1708 τὸ
2255 1670 2334 1707 καθ’

1286 1734 1371 1773 αὑτὸ
1401 1733 1462 1773 καὶ
1492 1733 1584 1772 κατὰ
1617 1732 1839 1785 συμὸεὸηκὸς
1865 1733 1977 1783 (scil.
2006 1730 2092 1781 ὂν),
2121 1727 2278 1782 φαίνεταί
2298 1742 2336 1766 τε

1286 1793 1354 1832 ὑπὸ
1376 1793 1508 1832 τούτων
1530 1794 1797 1846 διαψευσθῆναι.
1822 1824 1824 1827 .
1855 1793 1982 1831 Ταῦτα
2013 1789 2049 1829 δὲ
2075 1791 2115 1828 ἐκ
2135 1791 2203 1826 τῶν
2222 1786 2336 1839 λόγων

1286 1852 1346 1890 καὶ
1364 1853 1404 1891 ἐκ
1420 1855 1488 1891 τῶν
1507 1853 1711 1904 ἀντιλογιῶν
1730 1851 1905 1904 ἐθεωρήθη
1919 1850 1980 1889 καὶ
1998 1850 2037 1889 τὸ
2054 1847 2337 1900 συλλογίζεσθαι·

1285 1913 1323 1950 οὐ
1342 1912 1411 1982 γὰρ
1433 1912 1664 1965 συνεχωρεῖτο
1684 1912 1714 1949 εἷ
1740 1913 1789 1962 μὴ
1819 1910 1975 1964 φαίνοιτο
2002 1909 2217 1960 ἀναγκαῖον,
2238 1907 2268 1943 οἱ
2301 1905 2337 1943 δὲ

1285 1969 1447 2022 πρότεροι
1481 1969 1738 2013 ἀναποδείκτως
1771 1969 2066 2022 ἀπεφαίνοντο.»
2126 1965 2198 2005 Καὶ
2231 1964 2338 2017 μέχρι

1286 2028 1410 2067 τούτου
1432 2028 1476 2067 τὰ
1493 2029 1574 2082 περὶ
1595 2029 1822 2082 Παρμενίδην
1842 2027 2055 2090 προαγαγὼν
2077 2025 2133 2065 ἐπὶ
2149 2023 2335 2076 Ἀναξαγό-

1288 2103 1350 2141 ραν
1381 2087 1529 2140 μετέὸη.
1589 2088 1712 2133 Οὕτως
1738 2088 1800 2135 μὲν
1829 2091 1888 2126 οὐν
1921 2090 1958 2126 αι
1987 2085 2080 2126 κατὰ
2109 2084 2337 2138 Θεόφραστον

1286 2147 1472 2217 προτάσεις
1490 2149 1627 2200 ψευδεῖς
1654 2150 1755 2186 οὖσαι
1777 2147 2032 2199 διελέγχονται.
2090 2144 2152 2188 Ὡς
2173 2143 2202 2182 δ’
2225 2145 2335 2192 ἀσυμ-

1286 2207 1472 2258 πέραντοι,
1497 2206 1550 2245 ὅτι
1577 2208 1616 2244 τὸ
1645 2205 1707 2256 μὲν
1735 2206 1930 2249 ἀκολούθως
1958 2204 2173 2255 ἐπαγόμενον
2194 2202 2338 2253 συμπέ-

1288 2281 1410 2318 ρασμα
1430 2269 1473 2314 ἠν
1486 2295 1497 2316 ,
1519 2266 1558 2304 τὸ
1571 2266 1669 2318 παρὰ
1685 2265 1725 2304 τὸ
1744 2264 1782 2304 ὂν
1802 2264 1910 2312 οὐδέν,
1926 2266 1946 2302 6
1962 2263 1997 2302 δὲ
2018 2263 2194 2314 ἐπήγαγεν
2216 2260 2251 2299 ἓν
2268 2261 2337 2313 ἄρα

1286 2323 1327 2362 τὸ
1342 2324 1392 2363 ὅν.
1450 2323 1530 2363 Κᾶν
1551 2327 1714 2376 μοναχῶς
1728 2323 1766 2362 δέ
1786 2339 1837 2367 τις
1854 2322 2025 2371 ὑπόθηται
2043 2322 2083 2361 τὸ
2097 2319 2134 2360 ὂν
2148 2320 2334 2372 λέγεσθαι,

1287 2385 1334 2427 ὣς
1356 2383 1568 2434 μνημονεύει
1587 2387 1605 2422 ὁ
1626 2385 1805 2433 Εὔδημος,
1821 2383 1944 2437 ψεῦδος
1962 2382 2023 2420 καὶ
2039 2380 2129 2420 οὕτω
2147 2379 2335 2430 λαμὸοίνει.

1287 2443 1341 2482 Οὐ
1368 2442 1436 2496 γὰρ
1464 2445 1628 2515 μοναχῶς
1656 2443 1696 2481 τὸ
1726 2442 1788 2491 ὄν,
1808 2442 1878 2494 εἴγε
1911 2443 2088 2495 δεκαχῶς,
2118 2440 2239 2480 ἔπειτα
2259 2439 2335 2479 οὐδὲ

1286 2501 1378 2540 οὕτω
1398 2501 1627 2556 συμπεραίνει
1646 2500 1698 2539 ὅτι
1718 2500 1755 2539 ἓν
1769 2501 1810 2540 τὸ
1827 2499 1880 2541 ὄν.
1941 2501 2019 2540 Κᾶν
2042 2501 2214 2547 ὑπόθηται
2230 2499 2267 2538 δέ
2285 2515 2337 2544 τις

1287 2560 1395 2612 μηδὲν
1426 2561 1513 2601 ἄλλο
1533 2560 1631 2614 παρὰ
1650 2561 1713 2608 τὴν
1734 2561 1855 2599 οὐσίαν
1884 2555 1990 2609 εἶναι,
2008 2559 2105 2600 οὐδὲν
2125 2559 2238 2599 κωλῦε
2225 2575 2253 2597 ει
2282 2560 2338 2598 οὗ·

1288 2620 1366 2664 σίας
1387 2619 1449 2671 μὲν
1471 2635 1558 2658 ειναι
1579 2619 1686 2671 μόνας
1699 2649 1710 2670 ,
1733 2620 1823 2658 πολ)
1826 2617 1866 2663 ὰς
1883 2620 1918 2658 δὲ
1937 2618 2085 2669 ταύτας,
2101 2617 2222 2671 ὥσπερ
2241 2617 2300 2657 καὶ
2319 2621 2338 2657 ὁ

1290 2678 1455 2730 Εὔδημος
1481 2679 1636 2726 ἐδήλωσε
1662 2678 1720 2717 διὰ
1739 2682 1799 2717 τοῦ
1820 2695 1836 2713 ι
1858 2678 1935 2717 οὐδὲ
1954 2679 1986 2718 εἴ
2003 2695 2053 2723 τις
2080 2679 2175 2732 αὐτῷ
2196 2692 2336 2730 συγχω-

1289 2739 1388 2792 ρήσοι
1403 2741 1566 2792 μοναχῶς
1580 2737 1744 2791 λέγεσθαι
1763 2738 1803 2777 τὸ
1822 2736 1878 2787 ὄν,
1894 2738 1954 2777 καὶ
1973 2738 2012 2777 τὸ
2031 2737 2108 2786 ἑξῆς
2130 2737 2184 2778 δέ·
2201 2739 2247 2781 ὡς
2268 2736 2337 2790 γὰρ

1288 2800 1317 2838 εἷ
1345 2798 1462 2837 πάντα
1486 2799 1530 2837 τὰ
1559 2797 1643 2838 ὄντα
1668 2798 1762 2838 καλὰ
1787 2797 1840 2846 εἴη
1863 2799 1923 2838 καὶ
1945 2797 2053 2849 μηθὲν
2075 2797 2129 2844 εἴη
2153 2796 2298 2844 λαὸεῖν,
2318 2795 2336 2834 ὃ

1287 2859 1349 2896 οὖν.
1374 2858 1448 2896 ἐστι
1472 2856 1598 2903 καλόν,
1615 2857 1708 2897 καλὰ
1735 2856 1798 2908 μὲν
1819 2855 1918 2895 ἔσται
1938 2855 2077 2905 πάντα,
2094 2856 2133 2895 οὗ
2151 2853 2221 2907 μὴν
2241 2854 2277 2894 ἔν
2297 2869 2339 2907 γε

219 3004 269 3038 1ο.
291 3002 417 3038 Deinde
448 3012 508 3038 em·
534 3003 563 3038 si
590 3006 641 3038 est
665 3014 786 3047 unum,
819 3005 920 3038 etiam
948 3005 1117 3039 immobiie
1147 3007 1222 3039 est?

151 3072 153 3074 ·
173 3062 220 3096 m
239 3063 435 3106 enim,quae
455 3073 521 3097 una
540 3066 592 3097 est
616 3073 711 3107 pars,
737 3065 808 3098 haec
827 3074 931 3108 aqua,
948 3065 983 3099 in
1001 3073 1038 3099 so
1057 3065 1130 3108 ipsa
1149 3074 1225 3098 mo-

176 3122 284 3164 vetur,
312 3131 373 3156 cur
397 3131 464 3156 non
487 3125 524 3157 et
555 3123 748 3158 universum
779 3124 896 3159 eodem
926 3124 1026 3168 pulsu
1056 3125 1225 3168 agitatum

131 3185 137 3197 ³
177 3180 337 3216 Pmterea
353 3192 413 3216 eur
429 3183 601 3217 conversio
620 3193 686 3216 non
709 3184 797 3218 erit?

165 3256 169 3257 ν
221 3241 272 3275 11.
295 3241 385 3275 mem
396 3244 430 3276 et
446 3241 481 3275 in
498 3243 727 3277 parmenidem
741 3243 893 3277 convenit
905 3243 1028 3277 modus
1044 3245 1226 3287 rationum,

175 3301 213 3333 a·
225 3299 256 3334 si
268 3299 328 3343 qui
352 3300 408 3334 aiii
425 3301 551 3344 proprii
565 3303 652 3335 sunt.
697 3304 744 3336 Ae
760 3302 884 3336 solutio
902 3304 953 3335 est
973 3303 1094 3346 partim
1109 3313 1151 3337 ex
1167 3314 1224 3346 eo,

175 3358 256 3400 quin
263 3357 346 3392 feisa
364 3359 487 3400 sumit,
506 3361 625 3404 partim
639 3370 676 3395 ex
692 3370 732 3395 eo
750 3362 829 3406 quia
842 3371 906 3395 non
920 3362 1097 3396 concludit.
1142 3366 1224 3399 Nam

178 3414 262 3451 mh·
277 3418 411 3460 quidun
429 3419 548 3462 sumit,
566 3423 733 3463 quatenus
752 3431 811 3455 ens
827 3421 1020 3464 simpliciter
1031 3422 1098 3456 diei
1112 3422 1221 3466 ponit,

175 3481 283 3519 quum
298 3476 527 3521 mutipliciter
540 3479 683 3515 dicatur.
728 3483 800 3514 Non
821 3481 990 3516 concludit
1006 3483 1128 3524 autem,
1146 3483 1224 3525 qnia

1286 3006 1314 3038 si
1332 3005 1402 3038 sola
1420 3005 1496 3038 alba
1508 3006 1695 3046 sumantur,
1721 3006 1793 3048 ipso
1818 2999 1891 3038 nl'bo
1916 3013 2018 3038 unum
2044 3003 2262 3048 significante,
2284 3003 2335 3036 ni-

1284 3064 1465 3099 hilominus
1480 3064 1556 3100 alba
1573 3065 1680 3099 multa
1695 3066 1809 3107 erunt,
1829 3066 1863 3099 et
1874 3073 1940 3099 non
1959 3073 2074 3098 unum.
2119 3065 2203 3097 Nam
2223 3063 2335 3096 album

1285 3134 1347 3158 nec
1371 3124 1616 3159 continuatione
1640 3134 1742 3158 unum
1767 3124 1849 3161 erit.
1873 3133 1934 3158 nee
1963 3123 2100 3157 ratione.
2145 3123 2218 3156 Alia
2248 3123 2335 3156 enim

1286 3185 1370 3218 ratio
1383 3184 1447 3218 erit
1464 3184 1546 3226 albi,
1562 3185 1624 3218 ana
1643 3184 1715 3226 ejus
1729 3185 1818 3227 quod
1830 3184 1943 3219 album
1958 3183 2102 3227 accepit3
2119 3190 2228 3227 neque
2237 3180 2335 3226 qnid-

1285 3253 1385 3285 quam
1408 3245 1531 3286 praeter
1549 3244 1664 3278 album
1680 3245 1787 3287 ipsum
1803 3243 1986 3287 separabile
1999 3243 2073 3276 erit.
2119 3244 2230 3283 Neque
2247 3240 2334 3274 enim

1285 3296 1450 3346 quatenus
1477 3304 1659 3347 separabile
1682 3306 1752 3346 est,
1773 3304 1832 3338 sed
1857 3304 1929 3347 ipsa
1954 3302 2141 3336 susbstantia
2165 3301 2254 3334 aliud
2282 3303 2334 3334 est

1283 3363 1393 3410 album
1406 3389 1415 3405 ,
1431 3363 1522 3398 aliud
1533 3364 1569 3398 id
1588 3365 1643 3399 cui
1662 3364 1760 3399 inest.
1805 3364 1870 3398 Sed
1885 3364 1949 3397 hoc
1965 3361 2176 3396 Parmenides
2187 3360 2334 3394 nondum

1282 3423 1427 3458 videbat.
