2508 3776
142 257 213 312 ai
236 246 303 272 στα
334 231 438 280 ὄντα,
462 245 503 270 το
523 232 570 275 ὡς
601 230 659 269 ἐπὶ
678 230 717 270 τὸ
745 229 881 270 πλέον(ἰ
915 229 1114 282 λαμὸάνει,

129 283 168 321 '3'
241 293 353 332 τουτο
373 287 513 344 βλέπων
534 295 725 342 νομοθετεῖ·
755 290 816 329 καὶ
836 290 899 329 οὔκ
924 291 1057 366 ἀγνοῶν
1076 288 1116 329 τὸ

91 396 93 398 v
245 353 300 390 6
314 348 504 402 νομοθέτης
525 349 814 402 ἀπροσδιόριστον
836 350 950 403 ἀφηκε
973 347 1032 388 τὸν
1051 347 1116 400 [νό-

85 410 110 428 ““’
148 402 178 456 4
175 399 252 444 ἦ
283 409 341 450 διὰ
354 410 396 461 τὸ
413 409 462 462 μὴ
481 408 628 448 δυνατὸν
651 412 740 448 εἶναι
766 407 829 456 τὴν
856 410 926 446 τῶν
946 407 1116 461 πραγμά·

214 486 261 512 ν
293 471 465 526 διορισμῷ
497 468 812 530 καθυποὸληθῆναι
846 467 971 506 ἄλλοτε
1003 466 1118 511 ἄλλως

148 549 288 647 Σέξίχει
300 589 363 635 τὰς
383 587 598 643 μεταὸολάς.
621 590 690 628 Διὰ
718 602 820 627 τουτο
839 590 909 626 τῶν
932 590 979 633 ὡς
1001 587 1059 626 ἐπὶ
1077 588 1118 628 τὸ

98 697 102 703 ,
178 659 184 662 ”
248 648 514 705 συμβαινόντων
536 649 568 686 οἱ
598 646 786 698 νομοθέται
809 647 1055 699 στοχάζονται·
1077 647 1118 686 τὸ

97 706 99 709 ’
126 721 152 735 ⁸
207 723 248 751 ον
266 706 327 749 ἐπὶ
349 707 391 748 τὸ
409 712 524 760 τεῖχος
546 706 687 746 ἀνιόντα
714 705 808 745 κατὰ
823 705 883 745 τὸν
907 707 1028 760 καιρὸν
1056 711 1118 747 τοῦ

190 766 302 818 -τὴν
321 767 422 807 πόλιν
442 767 650 821 ὠφελῆσαι,
681 767 735 805 ἐπ’
757 764 933 818 ἐλάχιστα
962 766 1117 818 συμὸαί-

235 826 307 868 δὲ
329 826 509 880 ἐνδέχεται
537 825 630 865 κατὰ
648 827 712 872 τῆς
740 823 874 869 πόλεως
895 825 1114 879 ἀνέρχεσθαι.

113 881 130 894 ⁴
144 841 304 928 ίᾼτοίνυν
323 886 516 938 ἀναγκαῖον
537 883 665 923 εἰδέναι
685 899 758 928 πως
780 884 835 922 δεῖ
849 898 928 928 τους
946 884 1122 929 τοιούτους

55 941 56 944 ¹
94 932 159 999 *⁸15⁸
204 951 347 1001 τηρεῖν,
362 945 425 986 καὶ
443 943 523 995 ὅτε,
545 943 606 983 καὶ
635 942 696 982 ἐπὶ
715 942 830 992 τίσιν,
852 942 923 982 ἔδει
943 942 1022 983 τινὰ
1045 942 1114 989 ἕξιν

101 995 106 1003 ¹
217 1005 248 1047 0‘
259 1005 311 1056 ἣν·
321 1003 543 1056 δυνησόμεθα
556 1002 602 1043 τὰ
614 1018 762 1042 τοιαυτα
775 1003 1020 1056 ἐπανορθουν
1003 1019 1122 1056 αμαρ-

112 1070 185 1111 ⁸
192 1079 222 1099 ⁹
244 1064 335 1115 αὕτη
354 1064 392 1105 δι’
410 1066 504 1105 ἐστιν
523 1067 547 1113 ἡ
569 1063 763 1112 ἐπιείκεια,
783 1063 862 1101 καθ’
879 1062 922 1111 ἣν
942 1061 983 1101 τὸ
1004 1063 1120 1102 ἐλλεῖ-

90 1166 130 1199 'ft
128 1125 432 1182 ἀναπληροῦται
474 1127 536 1164 τοῖ’»
580 1122 713 1175 νόμου,
744 1138 805 1163 και
840 1121 880 1162 τὸ
922 1122 1121 1178 ἁμάρτημα

136 1187 344 1240 ρθῶται,
364 1184 426 1225 καὶ
445 1186 464 1224 6
483 1182 774 1238 προσδιορισμός,
793 1188 809 1207 ⁸
840 1181 878 1222 ὃν
900 1183 1030 1228 ἐκεῖνος
1050 1198 1118 1222 πα-

67 1299 73 1303 .
100 1255 211 1296 ἳπι,
229 1243 288 1285 διὰ
307 1244 348 1284 τὸ
365 1243 482 1284 πάντα
514 1243 607 1284 κατὰ
628 1243 733 1297 μέρος
755 1243 819 1282 οὖκ
839 1242 991 1292 εἰδέναι,
1011 1258 1122 1296 προσ-

81 1351 86 1354 ,
131 1311 134 1314 ’
201 1318 213 1331 ·
236 1305 311 1359 ἰριῖ
327 1302 397 1358 γὰρ
417 1306 436 1344 6
453 1302 631 1352 ἐπιεικής,
651 1302 771 1342 πάντα
791 1302 852 1342 τὸν
872 1301 1013 1342 ἀνιόντα
1028 1302 1121 1350 ξένον

118 1411 120 1414 y
147 1375 150 1380 ¹
202 1379 322 1416 σαιιν,
346 1363 420 1418 εἴγε
449 1361 733 1405 ἐπιδουλεύσων(
754 1365 924 1412 ἀνῆλθεν,
946 1361 1030 1402 εἰδὲ
1050 1361 1125 1416 ἠρί-

161 1448 164 1452 «
221 1454 236 1476 ,
257 1424 298 1463 οὔ
315 1425 420 1476 μόνον
441 1423 642 1478 σωτηρίας,
667 1421 762 1462 ἀλλὰ
793 1422 854 1462 καὶ
874 1425 988 1476 γερῶν
1011 1421 1117 1468 ἀξιω-

87 1477 168 1542 ’γ’
164 1487 308 1525 ταῦτα
327 1483 366 1524 δὲ
381 1483 443 1523 καὶ
458 1484 560 1528 αὐτὸς
587 1481 628 1522 ἂν
649 1474 744 1521 εἶπεν
760 1483 779 1520 6
808 1482 998 1533 νομοθέτης
1012 1511 1023 1531 ,
1052 1480 1123 1533 εἴγε

120 1546 126 1550 ’
221 1543 285 1584 καὶ
313 1546 344 1583 οἶ
373 1543 475 1598 ᾔδει,
496 1541 746 1596 ἐνομοθέτησεν
774 1541 832 1583 ἄν.
868 1542 941 1582 Ἰὸν
961 1542 1067 1582 αὐτὸν
1086 1541 1122 1580 δὲ

84 1597 145 1648 [⁵⁸³-
168 1628 182 1638 r·
198 1604 275 1645 ’καὶ
293 1603 372 1649 τοὺς
391 1602 518 1648 ἄλλους
536 1602 613 1647 τους
626 1602 767 1654 ὁμοίους
785 1602 910 1653 νόμους
930 1604 949 1641 6
970 1601 1126 1649 ἐπιεικὴς

79 1662 86 1721 ἐ
208 1663 364 1704 ficerat.
383 1662 452 1704 Διὰ
467 1666 571 1703 τοῦτο
589 1665 613 1710 ἡ
629 1662 799 1702 ἐπιείκεια
819 1658 952 1702 δίκαιον
967 1662 1031 1713 μέν
1053 1664 1127 1702 ἐστι

113 1735 134 1752 *¹
152 1748 179 1758 ἰ
213 1738 318 1768 τινος
335 1722 486 1762 δικαίου·
508 1724 546 1761 οὐ
576 1736 637 1761 του
665 1722 814 1762 καθόλου
846 1721 1001 1772 δικαίου,
1037 1722 1127 1761 ἀλλὰ

73 1813 75 1815 -
243 1785 290 1816 0⁸
300 1813 314 1835 ,
331 1785 393 1822 τοῦ
413 1780 473 1821 διὰ
498 1782 539 1822 τὸ
571 1782 722 1822 καθόλου
748 1782 1027 1836 ἁμαρτάνοντος.
1053 1782 1126 1823 Και

48 1840 74 1893 {-
144 1840 280 1892 αὕτη
298 1845 324 1891 ἡ
342 1841 444 1896 φύσις
474 1845 497 1890 ἡ
522 1845 584 1881 τοῦ
605 1845 778 1887 ἐπιεικους
809 1842 1045 1895 ἐπανόρθωμα
1069 1845 1126 1882 τοῦ

44 1901 207 1959 Q,
220 1901 299 1943 καθ’
319 1899 400 1941 ὅσον
421 1900 620 1953 ἁμαρτάνει
640 1917 701 1940 και
723 1900 867 1949 ἐλλιπής
881 1908 897 1933 8
916 1903 992 1941 ἐστι
1013 1901 1071 1940 διὰ
1089 1900 1130 1941 τὸ

131 1976 133 1978 ·
151 1972 169 1992 ·*
191 1985 215 1994 ιι
247 1965 364 2002 τοῦτο
386 1961 456 2014 γὰρ
477 1960 587 1999 αἴτιον
610 1961 685 1998 καὶ·
700 1965 761 2000 τοῦ
785 1961 834 2012 μὴ
860 1961 975 1999 πάντα
995 1960 1041 1998 τὰ
1074 1961 1128 1999 δι-

171 2020 363 2075 γινόμενα
378 2018 471 2060 κατὰ
486 2018 593 2071 νόμον
610 2023 726 2070 εἶναι,
743 2020 796 2058 ὅτι
814 2018 964 2059 καθόλου
980 2019 1040 2058 και
1058 2021 1127 2058 τῶν

35 2066 121 2126 Διὸς
138 2080 199 2122 ἰπὶ
216 2080 258 2120 τὸ
272 2082 436 2119 πλεῖστον
456 2081 487 2117 οἱ
506 2078 624 2130 νόμοι.
645 2078 720 2119 Καὶ
745 2077 803 2117 διὰ
819 2094 921 2117 τουτο
941 2079 1128 2131 ψηφισμά-

73 2153 153 2179 των
160 2136 318 2188 ἐδέησαν,
336 2136 360 2176 ἃ
379 2139 538 2176 ποιοῦσιν
556 2138 588 2175 οἱ
610 2137 909 2188 πολιτευόμενοι’
893 2151 930 2174 εν
949 2136 1020 2180 τοῖς
1038 2135 1132 2175 κατὰ

38 2212 42 2214 ’
77 2197 434 2252 μέροςπρᾶγμασιν,
467 2195 596 2235 ἄλλοτε
626 2197 742 2240 ἄλλως
761 2195 821 2234 καὶ
852 2196 969 2240 αὐτοῖς
996 2193 1127 2248 ἔχουσι·

34 2261 53 2301 ζ
77 2259 151 2297 τῶν
172 2255 210 2296 δὲ
232 2256 405 2310 ἀορίστων
439 2254 598 2309 ἀόριστος
622 2256 683 2294 καὶ
711 2259 729 2295 6
749 2271 864 2295 κανων
886 2258 991 2296 ἐστιν·
1007 2255 1129 2308 ὥσπερ

39 2315 221 2364 ,καὶτῆς
238 2313 396 2360 Δισὸίας
413 2315 600 2366 οἰκοδομῆς
625 2318 644 2355 6
667 2315 875 2367 μολύὸδινος
896 2314 914 2339 ¹¹
936 2314 1073 2364 κανών,
1095 2314 1130 2359 ὃς

159 2381 293 2416 ἰνεῖτο
311 2374 398 2427 πρὸς
428 2374 469 2414 τὸ
488 2378 614 2428 σχῆμα
632 2380 693 2416 τοῦ
729 2376 839 2416 λίθου·
860 2376 918 2416 τὸν
935 2377 1041 2417 αὔτὸν
1065 2377 1134 2431 γὰρ

223 2433 287 2475 καὶ
303 2436 351 2473 τὰ
380 2433 595 2488 ψηφίσματα
616 2433 702 2488 πρὸς
731 2435 777 2475 τὰ
797 2436 993 2489 πράγματα
1022 2453 1132 2489 μετα-

44 2508 49 2515 s
109 2503 134 2523 ⁷
222 2508 284 2534 αι.

131 2551 147 2570 ¹*
165 2550 215 2598 Τί
232 2551 299 2605 μὲν
317 2546 379 2593 ουν
397 2553 473 2592 ἐστι
494 2553 535 2592 τὸ
557 2553 706 2599 ἐπιεικὲς
726 2554 787 2594 καὶ
810 2558 832 2603 ἡ
855 2555 1048 2607 ἐπιείκεια,
1071 2556 1134 2596 καὶ

24 2611 176 2665 {5¹:⁸⁸
188 2611 350 2664 Ὓδέκαιον
370 2611 432 2653 καὶ
451 2615 527 2658 πῶς
548 2613 623 2667 ἔχει
641 2613 727 2665 πρὸς
752 2613 792 2653 τὸ
808 2614 959 2655 καθόλου
985 2615 1131 2664 δίκαιον,

26 2668 250 2727 ιρὶιόνος
286 2673 425 2728 βίλτιον
461 2674 621 2723 δικαίου,
658 2673 808 2727 εἴρηται.
845 2676 959 2723 Δῆλος
1006 2675 1043 2715 δὲ
1065 2676 1136 2715 ἀπὸ

49 2731 212 2794 ,ἐξω
228 2732 292 2774 καὶ
310 2735 330 2773 ὁ
348 2733 526 2784 ἐπιεικής,
547 2733 599 2779 τίς
615 2735 725 2774 ἐστιν·
758 2734 834 2774 ἔστι
854 2734 922 2788 γὰρ
953 2738 972 2775 6
995 2752 1065 2775 των
1084 2737 1132 2774 εἷ-

52 2814 79 2851 νς,
137 2819 139 2824 ⁷
163 2840 166 2843 ,
199 2819 214 2828 .‚
258 2794 502 2849 προαιρετικὸς
519 2811 578 2835 και
608 2795 824 2848 πρακτικός,
844 2795 905 2834 καὶ
926 2799 945 2835 6
966 2794 1056 2847 μὴ’
1036 2812 1135 2849 ακρι-

56 2851 82 2884 5
113 2854 115 2858 ⁴
134 2865 147 2884 ἐι
182 2869 258 2900 αιος
277 2853 337 2894 ἐπὶ
353 2853 394 2894 τὸ
411 2860 529 2908 χεῖρον
542 2884 553 2903 ,
587 2853 679 2893 ἀλλὰ
708 2855 939 2899 ἐλαττωτικός
959 2885 970 2903 ,
1004 2854 1134 2909 καίπερ

56 2937 97 2977 ,⁴
99 2922 172 2961 ιον
193 2913 252 2955 τὸν
269 2913 375 2967 νόμον
396 2914 534 2991 βοηθόν·
559 2914 621 2954 καὶ
655 2918 678 2963 ἡ
714 2913 781 2961 ἕξις
819 2914 908 2963 αὕτη
944 2915 1134 2964 ἐπιείκεια,

114 3032 327 3088 &ieme
347 3034 428 3081 ἕξις.

63 3035 344 3150 zffifflpsiz
334 3101 379 3120 ··
396 3094 438 3135 τό
454 3110 494 3135 τε
526 3094 587 3148 ἓν]
604 3095 725 3147 vulgo
744 3094 798 3144 τό,
818 3110 857 3134 τε
874 3093 927 3136 ἓν.
951 3121 995 3128 -
1018 3092 1133 3133 Ι”καθ

45 3142 248 3209 Μ]
268 3154 356 3194 cod.
378 3153 598 3195 καθέκαστα.
634 3179 682 3185 --
702 3153 782 3193 οτόι
804 3153 842 3193 δὲ
867 3155 946 3193 καθ
981 3152 1138 3207 ἕκαστα]

47 3211 176 3254 Fnd.
188 3211 236 3254 τὺ
250 3212 290 3254 δὲ
305 3212 520 3256 καθέκαστα.
541 3217 661 3245 -d‘
643 3231 689 3260 ως
706 3214 807 3254 ἐπὶ
776 3230 815 3253 το
830 3212 964 3268 πλέον]
982 3227 1069 3266 quae
1082 3223 1138 3254 est

33 3267 364 3326 pfflmmque
394 3274 619 3314 Aristotelis
653 3274 970 3314 membranarum
1001 3274 1136 3323 lecti03

129 3449 151 3471 ⁴¹
167 3451 315 3496 Φανερὸν
329 3450 360 3486 δ’
375 3451 412 3486 ἐκ
427 3452 544 3488 τούτου
558 3454 628 3487 κτλ.

549 140 852 181 ETHICORUM
882 138 1332 182 NIGOMAGHEORUM
1366 141 1429 181 ΡΑ
1440 139 1744 182 RAPHRASIS.

221 529 428 584 Αόριστος
441 528 511 582 γάρ
529 530 622 568 ἐστιν
641 532 664 578 ἡ
680 530 748 567 τῶν
762 542 930 581 πρακτων
951 526 1017 577 ὕλη
1029 557 1040 579 ,
1057 528 1118 567 καὶ
1141 544 1144 547 ’

2153 139 2230 178 42⁷

1158 235 1360 286 'praescribit
1390 246 1398 266 ε
1417 244 1523 279 neque
1545 238 1718 279 propterea
1740 234 1832 277 quod
1855 243 2002 269 errorem
2029 233 2157 276 ignoret
2184 231 2234 267 le-

1177 310 1257 344 gum
1281 300 1377 340 lator,
1400 300 1506 343 legem
1519 300 1724 334 indefinitam
1743 299 1867 341 edidit,
1881 298 1940 333 sed
1953 299 2034 342 quia
2050 296 2233 332 definitioni

1179 366 1297 410 subjici
1308 375 1374 399 non
1389 367 1499 408 potest
1514 374 1625 399 rerum
1643 367 1763 399 natura
1774 391 1783 407 ,
1798 374 1905 409 quum
1921 364 2004 398 alias
2018 364 2115 398 aliter
2131 373 2166 398 se
2180 365 2236 398 ha-

1179 431 1289 465 beant.
1312 430 1485 464 Indefinita
1511 431 1600 464 enim
1623 433 1674 464 est
1701 440 1814 465 rerum
1841 430 2045 474 agendarum
2074 430 2234 471 materia,

1181 497 1373 539 multasque
1387 495 1489 529 habet
1512 495 1725 530 mutationes.
1747 495 1972 535 Quamobrem
1995 503 2073 539 quae
2089 495 2239 539 plerum-

1180 573 1247 608 que
1269 563 1424 597 accidunt
1444 564 1554 606 legum
1582 563 1705 597 latores
1734 564 1915 606 respiciunt
1940 577 1948 597 ε
1969 573 2047 597 nam
2072 563 2240 597 rarissime

1181 628 1307 667 evenit,
1328 630 1367 661 ut
1376 628 1569 671 peregrinus
1583 628 1663 662 belli
1676 630 1824 671 tempore
1837 637 1952 662 muros
1968 627 2125 662 ascendat
2138 630 2240 672 atque

1182 702 1226 727 ex
1242 693 1284 726 iis
1299 693 1374 727 urbi
1403 693 1566 727 auxilium
1591 693 1678 727 ferat
1701 706 1710 727 ε
1729 694 1850 738 saepius
1867 695 1980 728 autem
1996 703 2061 727 usu
2081 693 2184 733 venit,
2203 695 2242 727 ut

1183 758 1258 792 urbi
1277 758 1399 791 damno
1417 758 1460 792 sit
1474 759 1547 801 ejus
1568 768 1734 793 ascensus.
1760 761 1871 798 Quum
1898 768 1975 802 ergo
1988 759 2072 793 illud
2087 768 2239 793 necessa-

1184 824 1233 857 rio
1255 824 1299 857 sit
1333 823 1521 863 sciendum,
1550 833 1619 868 quo
1645 827 1743 868 pacto
1762 825 1925 868 eiusmodi
1955 825 2043 868 leges
2070 824 2243 859 servandae

1184 890 1250 924 sint
1261 916 1269 930 ,
1284 892 1447 933 praeterea
1466 890 1601 933 quando
1623 892 1658 924 et
1675 892 1708 924 in
1719 891 1844 934 quibus
1856 917 1864 933 ,
1878 893 2010 934 oportet
2023 901 2160 935 quoque
2182 891 2245 926 ha-

1183 956 1293 989 bitum
1318 965 1392 989 esse
1419 956 1580 999 aliquem,
1601 966 1670 1000 quo
1699 956 1892 1000 huJusmodi
1921 967 2050 992 errores
2069 958 2246 992 emendare

1183 1030 1371 1065 queamus:
1389 1021 1467 1054 talis
1482 1031 1562 1055 vero
1577 1023 1629 1055 est
1642 1022 1805 1065 aequitas,
1824 1032 1892 1066 qua
1907 1022 2058 1057 defectus
2071 1024 2153 1067 legis
2170 1034 2246 1068 sup-

1184 1089 1306 1132 pletur,
1322 1090 1356 1122 et
1370 1098 1462 1122 error
1477 1088 1686 1139 emendatur,
1704 1091 1738 1136 et
1754 1098 1842 1122 nova
1856 1089 2007 1122 definitio
2017 1116 2025 1129 ,
2044 1099 2148 1133 quam
2159 1099 2248 1133 prae-

1185 1153 1331 1188 termisit
1342 1153 1402 1187 illa
1411 1178 1421 1195 ‚
1435 1153 1516 1197 quia
1529 1153 1707 1197 singularia
1721 1163 1788 1187 non
1800 1156 1912 1197 potest
1932 1163 2029 1189 nosse
2048 1155 2170 1194 omnia,
2187 1154 2248 1188 ad-

1182 1221 1322 1265 jicitur:
1349 1220 1439 1254 dicet
1459 1220 1549 1254 enim
1577 1220 1631 1254 vir
1661 1229 1781 1264 aequus
1804 1220 2032 1264 peregrinum,
2057 1221 2249 1264 quicunque

1187 1287 1364 1327 ascendat,
1383 1287 1469 1320 mori
1484 1286 1606 1321 debere
1618 1313 1626 1326 ‚
1643 1287 1674 1321 si
1689 1287 1732 1321 ad
1743 1286 1882 1321 insidias
1901 1286 2079 1320 struendas
2092 1286 2252 1320 ascende-

1188 1356 1252 1395 rit,
1274 1355 1326 1389 sin
1343 1353 1423 1388 forti
1440 1354 1551 1388 animo
1570 1354 1801 1398 dimicaverit,
1831 1364 1898 1388 non
1922 1354 2022 1388 modo
2038 1353 2249 1394 conservari,

1190 1421 1249 1456 sed
1263 1421 1410 1466 praemiis
1424 1421 1528 1454 etiam
1542 1419 1629 1455 affici
1649 1420 1773 1455 debere
1794 1430 1802 1452 ε
1824 1429 1903 1464 quae
1923 1419 2040 1454 eadem
2056 1421 2090 1454 et
2114 1420 2185 1462 ipse
2202 1419 2253 1453 le-

1189 1499 1269 1533 gum
1284 1489 1370 1522 lator
1393 1487 1552 1527 dixisset,
1572 1487 1600 1521 si
1620 1487 1751 1521 adesset
1768 1500 1777 1520 2
1794 1489 1855 1520 aut
1879 1486 1908 1520 si
1925 1487 1990 1521 hoc
2011 1486 2122 1530 ipsum
2141 1486 2254 1520 scivis-

1193 1557 1258 1594 set,
1287 1553 1391 1587 talem
1418 1553 1524 1596 legem
1547 1553 1692 1587 tulisset.
1711 1552 1839 1587 Eodem
1863 1554 1977 1587 autem
2004 1552 2104 1586 modo
2129 1552 2254 1586 similes

1192 1620 1294 1655 etiam
1322 1618 1404 1652 alias
1431 1618 1520 1661 leges
1553 1618 1605 1652 vir
1630 1627 1750 1662 aequus
1775 1617 1974 1652 emendabit.
2005 1617 2167 1656 Quocirca
2198 1617 2254 1660 ius

1192 1680 1363 1726 quoddam
1386 1681 1421 1713 et
1442 1678 1514 1722 ipso
1529 1679 1605 1722 jure
1623 1679 1740 1713 melior
1764 1681 1817 1713 est
1836 1680 1979 1724 aequitas
2000 1687 2007 1707 ε
2025 1688 2092 1712 non
2118 1677 2252 1712 univer-

1192 1747 1255 1782 sali
1268 1746 1346 1785 illo,
1365 1744 1425 1778 sed
1442 1744 1608 1787 legitimo,
1627 1745 1719 1788 quod
1744 1747 1879 1789 propter
1913 1745 2100 1779 universale
2126 1746 2252 1788 peccat.

1192 1815 1301 1856 Atque
1317 1813 1389 1846 haec
1408 1811 1578 1854 aequitatis
1596 1813 1716 1844 natura
1731 1811 1814 1854 legis
1839 1810 2026 1845 emendatio
2046 1812 2117 1844 est:
2132 1811 2254 1854 quate-

1191 1889 1256 1914 nus
1281 1880 1341 1912 aut
1356 1878 1471 1921 peccat
1498 1878 1633 1919 propter
1657 1876 1846 1911 universale
1864 1878 1924 1911 aut
1947 1885 2066 1910 manca
2083 1875 2253 1910 habetur:

1193 1945 1317 1989 quippe
1342 1944 1416 1977 haec
1433 1951 1533 1976 causa
1565 1943 1636 1981 est,
1667 1951 1728 1975 cur
1754 1952 1820 1976 non
1838 1939 1948 1977 omnia
1969 1951 2047 1987 quae
2067 1941 2156 1985 juste
2171 1939 2257 1974 fiunt

1194 2011 1322 2054 legibus
1339 2010 1537 2052 congruant,
1559 2008 1640 2051 quia
1658 2008 1865 2044 universales
1888 2011 1923 2044 et
1947 2018 2066 2044 eorum
2087 2017 2165 2052 quae
2184 2008 2256 2051 ple-

1194 2085 1338 2120 rumque
1355 2075 1461 2116 fiunt,
1479 2075 1558 2108 sunt
1574 2074 1673 2117 leges.
1696 2077 1808 2114 Quare
1833 2078 1868 2110 et
1892 2075 2037 2110 decretis
2054 2074 2256 2118 quibusdam

1196 2151 1281 2186 opus
1306 2140 1390 2180 fuit,
1420 2149 1496 2183 quae
1516 2140 1733 2183 magistratus
1763 2141 1799 2174 in
1823 2141 1962 2185 singulis
1980 2142 2081 2175 rebus
2105 2141 2252 2179 faciunt,

1197 2218 1303 2254 quum
1318 2207 1374 2242 hae
1386 2210 1422 2242 et
1446 2207 1529 2251 ipsae
1543 2206 1628 2240 alias
1650 2206 1748 2240 aliter
1764 2216 1799 2241 se
1817 2208 1962 2243 habeant
1982 2222 1990 2242 :
2011 2219 2128 2243 eorum
2143 2210 2257 2242 autem

1196 2289 1273 2323 quae
1285 2275 1456 2312 indefinita
1471 2274 1570 2311 sunt,
1600 2271 1770 2306 indefinita
1787 2283 1921 2317 quoque
1941 2275 1993 2308 est
2011 2273 2126 2316 regula
2142 2282 2150 2301 =
2168 2274 2208 2305 ut
2221 2272 2257 2305 et

1197 2344 1423 2381 aedificationis
1436 2344 1562 2378 Leshiae
1575 2343 1731 2387 plumbea
1743 2343 1795 2376 est
1813 2340 1945 2384 regula,
1964 2349 2040 2382 quae
2055 2339 2098 2373 ad
2117 2339 2257 2382 figuram

1201 2413 1321 2458 lapidis
1335 2411 1511 2446 transferri
1536 2414 1640 2455 atque
1657 2410 1782 2444 inflecti
1798 2409 1925 2443 solebat
1942 2422 1951 2443 ε
1967 2408 2123 2442 nimirum
2141 2407 2257 2442 eodem

1198 2487 1298 2522 modo
1315 2486 1359 2520 ad
1371 2494 1426 2519 res
1438 2484 1527 2526 ipsas
1545 2480 1680 2514 decreta
1699 2475 1958 2511 transferuntur.

1240 2547 1330 2588 Quid
1341 2555 1418 2588 ergo
1437 2543 1482 2577 sit
1496 2544 1572 2575 tum
1584 2548 1719 2583 aequum
1735 2539 1810 2571 tum
1821 2536 1974 2580 aequitas,
1992 2538 2154 2579 praeterea
2165 2535 2257 2578 quod

1200 2609 1255 2651 jus
1272 2607 1316 2640 sit
1334 2608 1368 2640 et
1381 2602 1549 2648 quomodo
1575 2601 1620 2634 ad
1646 2599 1835 2632 universale
1850 2598 1907 2640 jus
1924 2606 1960 2630 se
1980 2596 2120 2636 habeat,
2138 2597 2172 2629 et
2191 2604 2259 2638 quo

1197 2670 1273 2711 jure
1286 2669 1330 2702 sit
1346 2667 1484 2707 melius,
1499 2666 1568 2708 jam
1580 2663 1709 2696 dictum
1725 2662 1785 2694 est.
1810 2660 1863 2692 Ex
1875 2657 1929 2690 his
1946 2666 2028 2690 vero
2047 2656 2149 2689 etiam
2163 2654 2260 2689 facile

1201 2730 1352 2772 apparet,
1372 2726 1450 2771 quis
1471 2727 1515 2760 sit
1546 2732 1690 2767 aequus:
1715 2721 1793 2755 talis
1816 2718 1905 2753 enim
1934 2719 2005 2756 est,
2030 2716 2089 2759 qui
2116 2725 2156 2750 ea
2181 2724 2260 2759 quae

1199 2788 1291 2822 dicta
1308 2789 1387 2821 sunt
1409 2785 1560 2820 consulto
1576 2783 1725 2817 sectatur
1742 2781 1844 2822 atque
1859 2777 1947 2821 agit,
1962 2785 2070 2820 neque
2089 2784 2259 2809 summum

1197 2849 1273 2891 jus,
1298 2847 1390 2891 quod
1408 2847 1443 2880 in
1454 2845 1550 2890 pejus
1565 2842 1754 2886 detorquet,
1786 2839 1950 2883 sequitur,
1969 2837 2029 2871 sed
2054 2836 2098 2870 de
2110 2837 2186 2879 J'ure
2199 2845 2260 2870 suo

1200 2909 1349 2948 decedit,
1373 2907 1505 2942 etiamsi
1522 2906 1606 2950 legis
1622 2903 1748 2938 auxilio
1765 2902 1828 2936 niti
1845 2899 1981 2944 possit:
2007 2900 2110 2941 atque
2127 2897 2182 2931 hic
2197 2897 2259 2930 ha-

204 2973 284 3023 sty„
307 2989 360 3020 tte
387 2967 499 3025 0302,
518 2973 580 3015 καὶ
602 2975 668 3015 οὒκ
693 2974 784 3023 ἄλλη
809 2990 845 3014 τι,
848 2990 862 3020 ς
882 2973 982 3029 παρὰ
1003 2974 1135 3022 ταύτην
1201 2969 1291 3003 bitus
1307 2969 1451 3012 aequitas
1467 2967 1666 3012 appellatur,
1678 2973 1756 3008 quae
1778 2961 1910 3006 justitia
1925 2958 2082 3004 quaedam
2097 2959 2168 2998 est,
2193 2966 2260 2990 non

1202 3038 1281 3063 vero
1295 3028 1450 3063 diversus
1465 3027 1508 3062 ab
1526 3036 1565 3061 ea
1577 3028 1611 3061 et
1629 3025 1716 3059 alius
1730 3022 1878 3058 habitus.
