2508 3776
225 184 305 223 534

221 285 299 309 ται
320 271 364 313 ὡς
385 268 420 307 δὲ
442 269 473 307 οἳ
497 265 700 317 πολλοι,οὐ
722 264 818 318 χρή·
839 263 932 309 ὅπως
953 263 1017 314 μὲν
1034 258 1093 304 ουν
1119 265 1169 304 δεῖ
1191 264 1258 316 μά·

221 330 324 367 λιστα
346 330 455 380 φιλεῖν
477 325 624 372 ἑαυτόν,
646 323 705 363 ἐπὶ
725 326 886 362 τοσοῦτον
910 323 1075 376 εἰρήσθω.

279 385 446 439 (Scripsi
471 390 511 421 :³
541 381 707 436 κάκεῖνο]
737 382 823 422 cod.
859 384 1013 436 κάκεῖνο.
1041 405 1095 414 -
1113 377 1262 435 quo’t]

223 446 309 484 cod.
332 459 452 497 φησιν.
475 464 527 472 -
544 459 557 477 c
576 441 676 486 πόλις
707 440 806 495 ἐστὶ]
828 442 916 483 cod.
940 441 1074 487 πόλις’
1059 458 1148 484 εστι.
1179 443 1263 472 —‘¹

227 503 444 554 ἀπαντήσει]
470 502 557 541 cod.
579 500 811 548 ἀπαντήσειν.
831 507 906 532 -0
933 501 1071 554 οὐκέτι]
1093 502 1181 542 cod.
1203 504 1264 541 οὐκ

222 564 286 602 ἔτι.
311 586 363 592 —-
379 563 390 587 s
408 564 443 600 ἐν
460 567 531 606 τοῖς
551 562 692 614 ἀγαθοῖς
712 560 774 600 καὶ
795 559 1016 616 σπουδαίοις]
1032 561 1120 604 cod.
1140 562 1175 601 ἐν
1195 563 1265 605 τοῖς

223 623 364 674 ἀγαθοῖς
385 620 598 666 σπουδαίοις.
619 621 693 672 -)

666 746 758 797 Κεφ.
789 749 831 780 ι’.

366 873 438 905 Ὃτι
455 871 509 904 καὶ
523 870 682 912 εὐδαίμων
698 869 795 912 φίλων
816 865 995 902 σπουδαίων
1020 864 1139 903 δεήσει.

280 974 297 991 *
316 973 609 1027 Ἀμφισὸητεῖται
638 970 674 1011 δὲ
695 987 755 1011 και
776 985 856 1023 περι
887 970 955 1006 τῶν
977 964 1217 1016 εὐδαιμόνων,
1238 964 1267 1003 εἷ

223 1034 341 1083 δεήσει
362 1033 470 1087 φίλων
493 1033 628 1084 αὐτοῖς,
648 1030 671 1079 ἢ
693 1029 757 1082 μή.
781 1028 879 1069 Φασὶ
900 1027 967 1080 γὰρ
990 1025 1038 1078 μὴ
1070 1024 1192 1078 χρείαν
1210 1027 1263 1062 εἰ-

221 1109 279 1131 ναι
309 1093 380 1137 τοῒς
413 1091 598 1146 μακαρίοις
632 1089 691 1129 καὶ
727 1089 958 1142 αὐτάρκεα-ιν·
984 1085 1167 1138 αὐτάρκεις
1199 1083 1266 1136 γὰρ

221 1152 337 1202 ὄντες,
361 1151 421 1190 καὶ
447 1149 571 1190 πάντα·
584 1149 722 1202 ἔχοντες
748 1148 791 1187 τὰ
814 1147 952 1199 ἀγαθά,
976 1148 1051 1190 πῶς
1084 1144 1125 1183 ἂν
1148 1143 1263 1183 ἄλλων

222 1211 375 1259 δέοιντο;
406 1209 467 1249 καὶ
498 1209 566 1262 γὰρ
593 1211 624 1248 οἱ
656 1207 749 1261 φίλοι
781 1206 916 1245 δεονται
948 1207 1017 1244 τῶν
1053 1203 1188 1257 φίλων,
1208 1202 1268 1240 καὶ

223 1285 449 1324 καρπουνται
470 1270 513 1307 δι’
546 1267 685 1307 ἐκείνων
717 1267 740 1306 ἃ
770 1266 813 1305 δι’
847 1266 979 1304 ἑαυτῶν
1007 1265 1047 1302 οὐ
1097 1262 1265 1301 δύνανται

222 1333 390 1369 κτᾶσθαι·
407 1328 467 1367 καὶ
491 1326 559 1380 γὰρ
579 1329 597 1366 ὃ
631 1326 728 1380 φίλος
761 1325 863 1368 ἄλλος
883 1322 997 1367 αὐτός.
1019 1321 1123 1362 Ἐπεὶ
1152 1320 1188 1360 δὲ
1207 1322 1268 1359 αὖ-

223 1395 295 1433 τοῖς
316 1392 347 1427 οἳ
367 1386 568 1438 εὐδαίμονες
590 1388 775 1439 ἀρκοῦσιν,
797 1386 835 1423 οὐ
854 1381 975 1436 χρείαν
993 1380 1111 1435 ἔχουσι
1135 1379 1261 1434 φίλων,

223 1446 281 1485 διὰ
297 1445 397 1485 τοῦτό
418 1460 542 1498 φασιν,

304 1536 405 1574 ’Ὀταν
424 1542 441 1573 ὁ
455 1539 576 1589 δαίμων
595 1538 630 1572 εὗ
644 1538 733 1579 διδῷ,
747 1536 777 1570 τί
795 1537 844 1569 δεῖ
864 1535 981 1578 <pawn

224 1625 280 1665 διὰ
310 1641 422 1664 ταυτα
450 1625 511 1677 μὲν
532 1618 589 1665 οὐν
614 1626 707 1665 δοκεῖ
731 1624 780 1677 μὴ
807 1624 928 1679 χρείαν
951 1617 1038 1663 εἶναι
1059 1628 1128 1669 τοῖς
1145 1621 1263 1662 εὐδαί-

224 1700 307 1736 μοσι
329 1684 451 1737 φίλων.

297 1744 422 1784 *Καθ’
437 1742 552 1798 ἕτερον
571 1744 606 1783 δὲ
624 1743 766 1796 λόγον’
744 1758 871 1784 ατοπον
882 1742 991 1782 ἔοικεν
1000 1735 1138 1782 εἶναιτὸ
1152 1739 1268 1779 πάντα

224 1802 464 1855 ἀπονέμοντας
477 1803 522 1842 τὰ
540 1803 656 1855 ἀγαθὰ
673 1805 722 1856 τῷ
738 1802 940 1853 εὐδαίμονι,
968 1803 1086 1862 φίλους
1111 1799 1159 1851 μὴ
1175 1803 1266 1839 ἀπο-

223 1863 378 1913 διδόναι,
401 1862 420 1902 ὃ
441 1865 508 1902 τῶν
531 1862 625 1907 ἐκτὸς
643 1842 782 1914 ἀγαθῶν
804 1862 843 1901 τὸ
861 1862 1022 1914 μέγιστον
1044 1863 1132 1900 εἶναι
1153 1859 1260 1898 δοκεῖ.

220 1894 378 1965 ''A‘Ahnc
373 1937 412 1960 τε
431 1922 491 1960 καὶ
511 1921 562 1961 ὅτι
588 1922 628 1961 τὸ
665 1921 728 1973 μὲν
760 1924 951 1975 εὐεργετεῖν
972 1918 1160 1973 ἀναγκαῖόν
1192 1920 1266 1956 ἐστι

226 1979 311 2032 πρὸς
341 1979 404 2027 τὴν
434 1980 680 2031 εὐδαιμονίαν,
717 1985 740 2030 ἡ
761 1979 798 2019 δὲ
828 1979 1000 2028 καλλίστη
1023 1979 1083 2018 καὶ
1115 1977 1268 2028 μάλιστα

227 2038 461 2090 ἐπαινουμένη
496 2040 676 2092 εὐεργεσία
706 2039 791 2092 πρὸς
819 2038 898 2084 τοὺς
931 2039 1048 2093 φίλους
1066 2035 1269 2078 ἐστίν·ὥστε

226 2100 277 2137 δεῖ
306 2098 414 2150 φίλων
435 2099 504 2143 τοῖς
532 2099 750 2150 εὐδαίμοσιν,
785 2098 860 2138 ἐπεὶ
896 2099 999 2172 χρεία
1031 2097 1094 2145 τὴν
1123 2096 1267 2149 ἀρίστην

225 2158 431 2233 εὐεργεσίαν
456 2160 668 2234 εὐεργετεῖν.
703 2157 873 2198 Μάλιστα
894 2158 962 2211 γὰρ
985 2156 1074 2211 φίλῳ
1096 2156 1267 2210 προσήκει

225 2217 265 2256 τὸ
284 2221 319 2256 εὖ
339 2221 470 2265 ποιεῖν,
492 2219 552 2257 καὶ
572 2219 611 2258 τὸ
629 2222 666 2258 εὖ
686 2219 855 2272 πάσχειν·
881 2218 942 2258 καὶ
967 2219 1108 2258 κάλλιον
1130 2223 1270 2293 εὐεργε-

225 2280 295 2313 τεῖν
314 2274 491 2327 φίλους,
472 2292 494 2323 η
518 2277 665 2322 ὀθνείους
684 2277 744 2317 καὶ
765 2279 936 2330 ἀγνωτας,
952 2279 1013 2318 καὶ
1030 2278 1138 2329 μηδὲν
1160 2278 1270 2332 πρόσῑ

227 2334 394 2384 ήκοντας,
428 2334 506 2374 οὔτε
539 2339 607 2375 τῶν
629 2338 721 2384 ἠθῶν
741 2336 864 2386 ἕνεκα,
899 2337 976 2377 οὔτε
998 2340 1058 2384 τῆς
1078 2336 1268 2381 πολιτείας.

226 2392 293 2432 Διὰ
314 2398 424 2433 ταῦτα
445 2394 487 2442 δὴ
507 2395 666 2448 φαίνεται
689 2396 821 2434 δεῖσθαι
845 2396 954 2449 φίλων
980 2397 1036 2435 τὸν
1061 2397 1270 2448 εὐδαίμονα,

227 2451 286 2491 καὶ
321 2452 443 2492 τούτου
479 2453 578 2493 ἕνεκα
615 2455 674 2494 καὶ
706 2455 879 2505 ζητεῖται,
915 2457 1060 2511 πότερον
1108 2460 1143 2498 ἓν
1173 2459 1273 2497 εὐτυ-

227 2513 320 2564 χίαις
351 2512 453 2586 χρεία
484 2514 591 2567 φίλων
632 2517 792 2568 μᾶλλον,
829 2514 852 2563 ἢ
899 2517 933 2556 ἐν
964 2517 1136 2571 ἀτυχίαις.
1212 2519 1274 2556 Δεῖ

228 2571 295 2624 γὰρ
334 2571 393 2610 καὶ
435 2573 619 2645 ἀτυχοῦντι
661 2574 770 2628 φίλων
812 2579 1028 2628 βοηθούντων
1082 2577 1143 2617 καὶ
1185 2578 1274 2615 ἐπα-

229 2629 438 2683 νορθουντων
475 2633 570 2686 αὐτῳ
602 2633 666 2681 τὴν
705 2633 842 2687 τύχην·
870 2636 930 2675 καὶ
963 2638 1013 2690 τῶ
1055 2637 1272 2690 εὐτυχοῦντι,

228 2686 285 2727 ἵνα
305 2690 492 2742 εὐεργετεῖν
510 2692 666 2739 δύνηται.
692 2692 775 2733 Ἔτι
796 2694 872 2734 δὲ’
850 2710 977 2734 ατοπον
999 2696 1140 2734 κάκεῖνο
1161 2705 1175 2722 ³
1189 2694 1275 2743 ,τὸν

231 2747 390 2799 μονώτην
413 2749 472 2786 καὶ
493 2752 605 2788 ἑαυτῶ
625 2751 719 2804 μόνῳ
745 2754 858 2797 ζῶντα
884 2754 1056 2806 μακάριον
1079 2753 1228 2793 οἴεσθαι·
1252 2756 1273 2801 ἦ

231 2809 293 2861 μὲν
308 2808 376 2861 γὰρ
395 2809 595 2860 εὐδαιμονία
624 2810 773 2864 αἱρετόν·
796 2812 836 2851 τὸ
858 2812 894 2851 δὲ
920 2811 1080 2864 μονώτης
1100 2806 1188 2852 εἶναι
1215 2813 1274 2851 οὐ·

231 2868 298 2913 δεὶς
318 2867 359 2906 ἂν
380 2867 505 2906 ἕλοιτο·
525 2870 634 2914 οὐδεὶς
654 2870 719 2923 γὰρ
742 2871 902 2924 βούλεται
921 2874 998 2911 καθ’
1020 2872 1141 2912 ἑαυτὸν
1159 2872 1275 2911 πάντα

231 2926 325 2980 ἔχειν
347 2927 391 2965 τὰ
414 2927 529 2979 ἀγαθά
544 2943 552 2952 ·
581 2930 758 2968 πολιτικὸν
780 2930 847 2983 γὰρ
868 2932 1080 2985 ὃάνθρωπος
1095 2961 1105 2979 ,
1128 2931 1188 2970 καὶ
1207 2931 1276 2986 φύ-

233 3003 286 3026 σει
311 2986 468 3039 ὀρέγεται
494 2986 584 3037 μετὰ
604 2988 718 3026 ἄλλων
746 2993 820 3037 ζῆν.
846 2992 968 3030 Ταῦτα
988 2991 1022 3030 δὲ
1044 2991 1195 3044 ὐπάρχει
1215 2991 1276 3030 καὶ

232 3049 282 3099 τῷ
312 3045 515 3098 εὐδαίμονι,
552 3047 612 3086 καὶ
647 3050 751 3095 συζῆν
787 3049 969 3101 βούλεται·
1007 3052 1051 3090 τὰ
1074 3050 1142 3103 γὰρ
1175 3050 1276 3103 φύσει

234 3106 348 3158 ἀγαθὰ
366 3106 428 3145 καὶ
447 3105 549 3151 αὐτὸς
568 3106 658 3159 ἔχει·
679 3110 709 3146 εἰ
739 3106 773 3145 δὲ
795 3110 899 3156 συζῆν
922 3110 1057 3161 ἀνάγκη
1078 3109 1134 3148 τὸν
1157 3110 1274 3148 εὐδαί-

234 3182 343 3223 μονα,
379 3166 548 3220 φανερόν,
582 3166 635 3205 ὅτι
663 3167 732 3211 τοῖς
762 3168 954 3220 βελτίστοις
982 3172 1049 3208 τῶν
1085 3170 1276 3222 ἀνθρώπων

233 3225 293 3265 καὶ
314 3225 535 3269 οἰκειοτάτοις
551 3240 559 3249 ·
576 3227 608 3265 οἱ
639 3225 674 3264 δέ
692 3227 777 3265 εἰσιν
798 3227 830 3264 οἱ
851 3227 942 3278 φίλοι
959 3229 1019 3267 καὶ
1042 3229 1073 3268 οἱ
1092 3230 1274 3280 ἐπιεικεῖς,

236 3288 311 3336 μεθ’
333 3289 381 3324 ὡν
405 3285 540 3335 βέλτιον
560 3284 620 3324 καὶ
644 3284 741 3333 ἥδιον
768 3286 1012 3337 συνημερεύειν
1029 3318 1040 3339 ,
1069 3288 1092 3334 ἢ
1123 3288 1212 3339 μετὰ
1241 3290 1278 3326 ὂ-

1054 175 1337 217 ANDRONICI
1368 175 1544 216 RHODlI

1327 278 1399 302 esse
1425 269 1530 307 decet,
1556 267 1614 301 sed
1631 268 1670 301 ut
1685 268 1816 310 vulgus,
1839 277 1904 301 non
1921 270 2051 311 oportet
2065 281 2073 301 =
2087 266 2368 312 quemadmodum

1327 337 1403 371 ergo
1426 327 1547 371 aliquis
1568 329 1673 362 semet
1699 327 1810 371 ipsum
1829 327 1974 362 maxime
2001 336 2112 361 amare
2131 327 2267 366 debeat,
2288 326 2369 360 hac-

1327 389 1425 422 tenus
1442 387 1570 421 dictum
1591 386 1644 421 sit.
1711 388 1716 393 '

1769 758 1860 791 GAP.
1883 758 1922 791 X.

1540 869 1640 899 Etiam
1650 869 1771 899 beatum
1783 869 1889 899 amicis
1910 869 2045 899 honestIs
2060 875 2160 905 egere.

1369 971 1549 1005 Dubitatur
1568 971 1679 1010 etiam,
1708 972 1823 1003 utrum
1848 970 1938 1004 beati
1961 970 2076 1003 amicis
2093 971 2220 1012 egeant,
2245 978 2306 1004 nec
2319 978 2372 1004 ne.

1329 1033 1454 1073 Negant
1473 1030 1562 1064 enim
1581 1030 1632 1069 iis,
1654 1030 1714 1072 qui
1741 1029 1898 1069 felicitate
1926 1029 2040 1062 florent
2055 1031 2088 1062 et
2106 1029 2260 1063 omuibus
2275 1029 2376 1064 rebus

1329 1090 1514 1139 abundant,
1537 1088 1652 1122 amicis
1666 1097 1750 1131 opus
1763 1098 1835 1121 esse
1856 1100 1863 1120 ε
1882 1097 2002 1131 nempe
2017 1097 2129 1121 rerum
2143 1088 2239 1130 copia
2263 1089 2373 1122 abun-

1329 1152 1445 1188 dantes
1460 1152 1494 1183 et
1510 1149 1663 1182 omnibus
1680 1149 1775 1181 bonis
1790 1148 1946 1181 instructi
1961 1147 2128 1190 quomodo
2146 1149 2263 1191 egeant
2277 1146 2377 1182 aliis?

1329 1210 1450 1244 etenim
1463 1209 1558 1242 amici
1575 1212 1670 1250 egent
1687 1207 1812 1248 amicis,
1826 1216 2007 1249 eorumque
2023 1207 2184 1240 beneficio
2198 1207 2241 1241 iis
2257 1206 2377 1242 fruun-

1330 1271 1386 1301 tur
1403 1277 1479 1311 quae
1496 1277 1555 1310 per
1576 1276 1610 1300 se
1630 1275 1820 1309 comparare
1843 1266 1906 1300 sibi
1930 1275 1996 1299 non
2018 1268 2157 1309 possunt
2177 1279 2186 1300 :
2207 1266 2373 1310 siquidem

1331 1326 1456 1360 amicus
1474 1325 1558 1359 alter
1581 1325 1670 1358 idem
1692 1327 1754 1358 est.
1778 1327 1890 1364 Quum
1914 1326 2028 1358 autem
2051 1325 2141 1359 beati
2165 1325 2236 1360 suis
2257 1325 2378 1370 opibus

1333 1384 1477 1419 contenti
1496 1384 1572 1426 sint,
1598 1383 1713 1417 amicis
1729 1393 1794 1417 non
1814 1385 1920 1426 egent,
1946 1383 2088 1427 ideoque
2110 1383 2231 1423 dicunt.

1439 1539 1583 1568 Fortuna
1598 1544 1696 1574 quum
1707 1537 1803 1575 favet,
1821 1539 1896 1574 quid
1913 1538 2021 1568 amicis
2038 1544 2116 1573 opus
2131 1522 2175 1567 est
2185 1538 2202 1568 ι’

1333 1621 1493 1660 Quocirca
1506 1620 1598 1654 beati
1616 1630 1682 1653 non
1699 1619 1855 1653 videntur
1875 1620 1998 1653 amicos
2013 1620 2211 1655 desiderare.

1375 1753 1440 1787 Sed
1462 1752 1557 1785 aliter
1576 1761 1647 1785 rem
1673 1750 1878 1785 existimanti
1908 1751 2090 1785 absurdum
2105 1751 2249 1792 videtur,
2270 1753 2380 1788 omnia

1332 1812 1417 1846 bona
1435 1812 1532 1845 beato
1557 1811 1741 1844 tribuentes
1756 1821 1821 1844 non
1849 1811 1929 1844 dare
1956 1811 2097 1848 amicos,
2116 1811 2208 1854 quod
2231 1812 2382 1846 omnium

1331 1873 1492 1906 bonorum
1503 1873 1715 1904 externorum
1721 1870 1905 1903 maximum
1911 1871 2072 1912 habetur3
2084 1871 2382 1921 praesertimquum

1333 1934 1415 1967 bene
1442 1933 1551 1966 facere
1574 1932 1796 1966 necessarium
1812 1932 1855 1964 sit
1874 1932 1917 1965 ad
1942 1931 2192 1972 beatitudinem,
2215 1925 2383 1967 honestis-

1334 1994 1453 2026 simum
1465 1994 1578 2025 autem
1592 1991 1803 2034 maximeque
1818 1991 2067 2034 praedicandum
2087 1990 2284 2026 beneficium
2298 1992 2382 2026 illud

1334 2052 1389 2094 sit,
1411 2051 1501 2095 quod
1518 2051 1551 2084 in
1563 2051 1686 2084 amicos
1700 2051 1870 2083 confertur
1889 2063 1897 2082 ι
1925 2051 2147 2093 quamobrem
2160 2050 2276 2084 amicis
2295 2061 2380 2095 quo·

1334 2117 1400 2152 que
1431 2108 1527 2149 egent
1556 2106 1666 2146 beati,
1693 2105 1773 2148 quia
1800 2105 2023 2138 necessarium
2044 2105 2125 2148 ipsis
2152 2107 2215 2145 cst,
2246 2106 2383 2149 amplis-

1335 2164 1455 2197 simum
1472 2162 1668 2196 beneficium
1697 2162 1780 2194 bene
1811 2161 1981 2194 collocare.
2003 2160 2148 2195 Maxime
2173 2161 2262 2195 enim
2287 2161 2382 2196 decet

1335 2220 1477 2253 amicum
1505 2218 1587 2252 bene
1608 2217 1728 2250 mereri
1764 2216 1806 2250 de
1832 2216 1937 2250 altero
1963 2218 1997 2250 et
2020 2216 2178 2250 beneficia
2203 2217 2351 2261 accipere
2370 2226 2379 2249 ι

1335 2279 1368 2310 et
1384 2274 1556 2318 pulchrius
1579 2272 1715 2316 quidem
1735 2273 1785 2305 est
1804 2271 1845 2304 de
1875 2271 1990 2305 amicis
2009 2271 2092 2305 bene
2120 2271 2252 2311 mereri,
2279 2281 2383 2315 quam

1334 2331 1376 2364 de
1403 2329 1518 2363 alienis
1548 2330 1581 2361 et
1597 2327 1716 2369 ignotis
1735 2335 1843 2368 neque
1861 2326 1929 2359 ullo
1943 2326 1996 2359 vel
2019 2335 2150 2359 morum
2167 2326 2223 2360 vel
2238 2325 2384 2360 civitatis
2399 2316 2401 2318 ’

1335 2387 1467 2420 vinculo
1510 2384 1681 2417 nobiscum
1712 2383 1907 2425 conjunctis.
1943 2384 2054 2421 Quare
2088 2382 2212 2416 amicos
2250 2381 2384 2416 videtur

1334 2443 1521 2477 desiderare
1549 2442 1682 2479 beatus,
1709 2442 1810 2482 atque
1832 2439 1956 2472 idcirco
1988 2437 2172 2481 quaeritur,
2200 2439 2315 2471 utrum
2349 2438 2385 2471 in

1335 2501 1434 2534 rebus
1460 2498 1612 2532 secundis
1639 2497 1754 2539 magis,
1775 2506 1818 2530 an
1845 2496 1880 2529 in
1914 2495 2063 2528 adversis
2082 2495 2181 2528 amici
2207 2494 2384 2538 requiran-

1336 2562 1402 2594 tur.
1421 2559 1504 2591 Nam
1539 2558 1573 2589 et
1605 2555 1634 2588 ei
1656 2555 1715 2597 qui
1743 2564 1820 2587 cum
1842 2553 1983 2587 adversa
2013 2552 2222 2586 conflictatur
2252 2553 2384 2587 fortuna

1336 2614 1450 2648 amieis
1484 2622 1567 2656 opus
1606 2614 1674 2650 est,
1706 2611 1765 2654 qui
1796 2610 1990 2644 succurrant
2027 2609 2189 2653 illamque
2215 2609 2385 2643 fortunam

1336 2668 1580 2712 quodammodo
1599 2666 1738 2700 fulciant
1760 2680 1768 2700 ε
1790 2668 1823 2699 et
1842 2665 1901 2708 qui
1918 2664 2075 2698 felicitate
2095 2665 2213 2704 utitur,
2230 2666 2269 2697 ut
2279 2663 2386 2708 possit

1336 2725 1418 2758 bene
1449 2723 1567 2756 facere.
1587 2723 1676 2761 Quin
1703 2721 1804 2755 etiam
1833 2720 1918 2754 illud
1945 2719 2128 2753 absurdum
2149 2721 2211 2759 est,
2229 2729 2306 2753 eum
2325 2719 2385 2763 qui

1338 2779 1506 2813 solitarius
1528 2778 1571 2811 sit
1589 2779 1622 2811 et
1648 2777 1711 2811 sibi
1731 2779 1863 2810 tantum
1886 2775 1989 2815 vivat,
2020 2775 2152 2810 felicem
2167 2775 2382 2810 existimare:

1339 2840 1389 2871 est
1409 2838 1495 2870 enim
1511 2835 1683 2870 beatitudo
1700 2845 1753 2868 res
1772 2835 1956 2878 expetenda
1978 2846 1985 2867 :
2003 2834 2169 2868 solitarius
2185 2836 2299 2869 autem
2314 2843 2386 2868 esse

1338 2907 1434 2931 nemo
1460 2896 1642 2929 constituat
1663 2907 1670 2927 ε
1689 2904 1785 2928 nemo
1811 2895 1898 2928 enim
1918 2894 2008 2927 solus
2025 2894 2111 2928 bona
2138 2894 2248 2927 omnia
2265 2893 2385 2927 habere

1339 2953 1412 2986 vult
1428 2965 1435 2985 ι
1458 2938 1579 2994 quippe
1598 2951 1696 2983 homo
1710 2950 1806 2983 civile
1822 2951 1943 2984 animal
1957 2952 2007 2983 est
2029 2951 2063 2983 et
2078 2951 2198 2986 natura
2214 2949 2385 2982 convictus

1338 3000 1506 3051 cupidum.
1528 3010 1607 3040 Haec
1625 3009 1738 3040 autem
1759 3006 1859 3040 habet
1874 3008 1907 3040 et
1922 3006 2050 3044 bcatus,
2076 3005 2134 3048 qui
2153 3004 2289 3047 quidem
2307 3014 2384 3039 cum

1339 3064 1411 3097 aliis
1446 3064 1558 3096 vivere
1587 3063 1661 3095 vult
1687 3075 1695 3095 ι
1726 3071 1802 3104 quae
1825 3061 1911 3095 enim
1938 3063 2059 3106 natura
2083 3060 2169 3093 bona
2189 3061 2283 3102 sunt,
2314 3060 2384 3103 ipse

1338 3129 1470 3164 quoque
1495 3119 1596 3152 habet
1630 3131 1639 3151 :
1673 3117 1792 3161 quodsi
1822 3127 1898 3150 cum
1926 3117 1999 3150 aliis
2030 3116 2142 3151 vivere
2172 3125 2304 3150 necesse
2333 3117 2384 3150 est
2412 3158 2413 3161 Ἰ

1338 3177 1488 3214 beatum,
1520 3176 1657 3218 apparet
1694 3180 1771 3207 eum
1788 3182 1882 3213 ‚cum
1902 3172 2037 3215 optimis
2059 3173 2092 3205 et
2121 3171 2384 3205 familiarissimis
2415 3166 2417 3169 ’

1339 3231 1526 3265 hominibus
1546 3230 1734 3264 convictum
1752 3228 1946 3262 habiturum
1963 3239 1971 3259 :
1990 3227 2040 3260 illi
2063 3228 2176 3260 autem
2195 3226 2293 3260 amici
2305 3229 2383 3260 sunt

1340 3290 1373 3320 et
1395 3286 1459 3320 viri
1492 3286 1580 3327 honi,
1611 3285 1810 3327 quibuscum
1833 3282 1957 3317 versari
1981 3283 2120 3324 praestat
2139 3281 2312 3324 multoque
2326 3281 2381 3324 ju-

279 3423 295 3438 *
312 3423 390 3463 Cap.
408 3423 438 3455 9.
462 3420 725 3465 Ἀμφισὸητεῖται
743 3423 776 3456 δὲ
797 3424 851 3457 καὶ
871 3425 945 3468 περὶ
961 3425 1016 3458 τὸν
1037 3424 1230 3468 εὐδαίμονα)
1249 3426 1317 3460 κτλ.
1336 3442 1378 3452 —
1394 3425 1431 3445 **
1447 3425 1559 3459 Ἐοικε
1576 3426 1603 3458 δ’
1618 3424 1750 3468 ἀτόπῳ,
1773 3424 1811 3457 τὸ
1826 3423 1930 3456 πάντα
1950 3422 2171 3464 ἀπονέμοντας
2186 3423 2255 3455 κτλ.
