2528 3788
294 229 346 269 96
1238 235 1492 277 SPEUSIPPI

293 314 425 359 ὕδατος·
451 315 616 354 θάλλουσι
645 315 711 368 γὰρ
729 315 834 365 πλέον
853 318 887 356 ἐν
914 320 1023 371 αὐτῷ.
1051 320 1113 360 Διὸ
1129 322 1188 360 καὶ
1208 323 1324 375 πηγὰς

1440 338 1503 364 214.
1534 324 1606 365 Καὶ
1641 326 1864 369 Σπεύσιππος
1895 325 1924 363 δ’
1945 326 1979 363 ἐν
1999 321 2146 381 δευτέρῳ
2172 326 2326 379 Ὁμοίων
2349 326 2416 366 διί-

290 369 541 427 προανέῤῥηξεν
567 373 698 413 ὑδάτων
711 404 722 423 ,
741 377 787 421 ὡς
812 376 932 431 ἐῤῥέθη
943 407 956 428 ,
978 372 1025 417 ὧν
1042 378 1149 433 χωρὶς
1166 382 1228 420 οὐκ
1252 380 1326 420 ἔστι
1386 395 1509 429 στησιν
1527 382 1633 428 αὐτὰς
1650 385 1716 421 τῶν
1741 383 1882 422 θύννων.

290 432 425 470 θάλλειν
444 432 546 472 αὐτά.
560 432 573 482 )

343 505 410 532 210.
437 491 663 537 Σπεύσιππος
682 493 712 531 δ’
733 495 768 534 ἐν
798 500 870 541 τοῖς
905 496 1062 548 Ὁμοίοις
1087 500 1144 539 τὸν
1180 500 1316 540 πέπονα

288 552 389 588 καλεῖ
418 549 551 589 σικύαν·
585 553 735 600 Διοκλῆς
759 553 795 592 δὲ
822 556 957 595 πέπονα
983 558 1156 608 ὀνομάσας
1182 561 1244 599 οὔκ
1271 560 1323 599 ἔτι

287 611 386 647 καλεῖ
406 608 542 648 σικύαν.
571 610 632 650 καὶ
651 612 670 649 ὁ
683 613 909 658 Σπεύσιππος
928 614 964 654 δὲ
991 616 1112 655 σικύαν
1132 618 1239 658 εἰπὼν
1259 619 1324 659 πέ-

285 682 374 705 πονα
395 668 456 707 οὔκ
478 669 652 719 ὀνομάζει.

339 726 564 776 (Athenaeus
583 728 651 768 lib.
671 728 707 766 ll
728 742 813 780 pag.
829 732 895 772 68.
918 732 979 784 e.)

338 792 402 818 211.
425 779 650 825 Σπεύσιππος
667 781 695 819 δ’
718 783 752 821 ἐν
775 783 925 838 δευτέρῳ
947 784 1105 835 Ὁμοίων
1130 788 1320 839 παραπλή-

288 852 344 875 ςια
363 830 452 876 εἶναι
471 837 647 890 κήρυκας,
668 841 868 895 πορφύρας,
889 843 1105 895 στραὸήλους
1119 875 1130 896 ,
1158 846 1320 899 κόγχους.

278 897 366 935 ΔΤῶν
390 896 597 947 στραὸήλων
620 901 830 949 μνημονεύει
857 902 916 940 καὶ
943 904 1123 957 Σοφοκλῆς
1142 904 1174 941 ἔν
1205 906 1324 953 Καμι-

286 952 372 996 κίοις
391 953 510 998 οὕτως·

366 1030 470 1067 Ἀλίας
484 1031 662 1073 στραὸήλου
677 1034 774 1072 τῆσδε
787 1035 894 1067 τέκνον
913 1035 939 1067 εἷ
957 1048 1026 1068 τινα

366 1076 523 1118 δυναίμεθ’
540 1079 660 1120 εὑρεῖν.

283 1140 362 1180 Ἔτι
376 1144 393 1179 ὃ
411 1141 637 1187 Σπεύσιππος
656 1142 731 1191 ἑξῆς
746 1144 850 1183 πάλιν
871 1147 941 1201 ἰδία
960 1150 1226 1198 καταριθμεῖται
1240 1148 1319 1198 κόγ·

283 1215 387 1251 χους,
415 1200 560 1247 κτένας,
592 1205 679 1252 μῦς,
710 1202 850 1252 πίννας,
880 1206 1056 1252 σωλῆνας,
1081 1205 1139 1243 καὶ
1171 1207 1204 1243 ἐν
1225 1205 1320 1258 ἄλλῳ

285 1258 381 1310 μέρει
401 1258 525 1310 ὄστρεα
538 1289 548 1306 ,
566 1259 731 1303 λεπάδας.

338 1317 568 1367 (Athenaeus
587 1318 658 1358 lib.
680 1319 732 1358 111
751 1333 839 1370 pag.
857 1322 920 1360 86.
936 1335 970 1359 c.
990 1321 1049 1372 d.)

336 1388 401 1413 212.
437 1376 664 1420 Σπεύσιππος
684 1375 719 1414 δὲ
739 1378 772 1414 ἐν
793 1378 939 1430 δευτέρῳ
959 1377 1112 1429 Ὁμοίων
1131 1378 1317 1430 παραπλή-

283 1434 341 1473 σιά
361 1449 464 1486 φησιν
481 1427 566 1472 εἶναι
586 1436 662 1472 τῶν
687 1435 987 1489 μαλακοστράκων
1006 1436 1182 1488 κάραὸον,
1205 1439 1314 1475 ἀστα-

282 1492 340 1531 κόν
355 1522 365 1539 ,
388 1490 542 1543 νύμφην,
565 1492 711 1544 ἄρκτον,
734 1492 918 1542 καρκίνον,
945 1494 1134 1546 πάγουρον.

338 1549 567 1599 (Αῐὴεηεευε,
579 1549 652 1588 lib.
671 1549 729 1587 111
747 1564 836 1602 pag.
861 1551 947 1591 105.
967 1552 1006 1591 b.
1023 1552 1169 1604 Scripsi
1190 1562 1316 1591 autem

281 1607 435 1659 κάραὸον
457 1621 543 1645 cum
563 1607 734 1646 Gesnero
752 1609 798 1647 de
818 1611 991 1660 Aquatil.
1016 1624 1054 1661 p.
1082 1612 1179 1659 3003
1203 1612 1316 1651 codd.

281 1666 461 1718 κόρακον.)

335 1737 401 1764 213.
428 1724 666 1776 Ἀριστοτέλης
688 1726 721 1763 ἓν
751 1728 800 1778 τῷ
821 1726 899 1777 περὶ
927 1724 1022 1778 ζῴων
1052 1727 1112 1764 καὶ
1140 1726 1317 1766 Σπεύσιπ<

281 1796 343 1825 πος
379 1783 610 1834 παραπλήσιά
654 1798 757 1836 φησιν
795 1778 882 1823 εἶναι
923 1786 1052 1836 φάγρον
1066 1814 1075 1832 ,
1122 1786 1294 1837 ἐρυθρῖνον
1307 1816 1318 1837 ,

280 1839 425 1886 ἥπατον.

336 1899 563 1948 (Athenaeus
583 1899 655 1939 lib.
676 1899 746 1937 Vll
766 1914 854 1952 pag.
878 1902 966 1940 300.
988 1915 1022 1938 e.
1043 1902 1182 1940 Eadem
1199 1903 1316 1942 verba

282 1965 506 2007 repetuntur
524 1971 611 2008 pag.
637 1959 728 2007 327,
757 1974 804 2008 c.,
823 1959 901 1997 nisi
920 1959 1026 2010 quod
1054 1960 1316 2010 comprehen—

284 2018 431 2057 sionem
451 2018 507 2055 sic
525 2018 676 2055 orditur
708 2022 875 2070 scriptor
894 2033 903 2056 2
933 2018 1161 2063 Σπεύσιππος
1181 2020 1214 2056 ἐν
1241 2019 1317 2056 δευ-

283 2074 370 2127 τέρῳ
395 2075 549 2125 Ὁμοίων
566 2075 799 2125 παραπλήσιά
820 2090 922 2128 φησιν
954 2078 1034 2115 κτλ.
1065 2077 1202 2114 Priore
1231 2077 1317 2114 loco

282 2135 451 2187 ἐρυθρῖνον
475 2134 556 2185 jam
580 2134 815 2184 Dindorfius
825 2135 982 2186 posuit,
1010 2149 1129 2186 quum
1147 2136 1319 2186 ἐρύθρινον

283 2192 486 2242 legeretur.
506 2194 682 2243 Denique
703 2206 789 2244 pag.
813 2194 902 2232 301.
920 2208 953 2233 c.
980 2194 1023 2231 in
1042 2194 1201 2231 eandem
1231 2207 1319 2231 sen-

282 2252 436 2288 tentiam
465 2251 671 2289 Athenaeus
686 2251 802 2302 paulo
822 2252 980 2290 brevius
1003 2251 1140 2290 scribit
1167 2266 1176 2289 :
1196 2251 1319 2290 Σπεύ-

280 2323 405 2352 σιππος
422 2308 450 2347 δ’
470 2308 586 2359 ὅμοιον
603 2308 728 2361 φάγρῳ
747 2308 804 2347 τὸν
825 2308 997 2360 ἥπατον.)

351 2456 426 2482 Sunt
437 2454 496 2491 apii
510 2456 598 2490 atque
610 2454 645 2482 sii
664 2455 778 2483 circum
796 2454 967 2483 mollissima
980 2457 1074 2491 prata.

322 2515 404 2546 Nam
427 2513 513 2545 sium
534 2522 612 2545 cum
633 2513 707 2554 apio
723 2514 825 2553 nasci,
844 2522 909 2546 non
930 2514 1042 2546 autem
1062 2513 1175 2546 violas.

323 2575 396 2605 210.
417 2571 615 2613 Speusippus
626 2571 659 2603 in
672 2571 921 2604 similitudinum
938 2572 1027 2604 libris
1044 2581 1202 2614 peponem
1217 2580 1318 2604 cucu-

282 2639 406 2663 merem
420 2631 536 2670 vocat,
559 2629 689 2662 Diocles
712 2631 823 2662 autem
846 2632 1016 2671 postquam
1038 2639 1198 2672 peponem
1218 2629 1322 2662 nomi-

283 2688 372 2721 navit
384 2697 450 2721 non
471 2688 610 2729 amplius
629 2687 811 2720 cucumeris
836 2688 966 2720 nomine
990 2688 1114 2729 utitur,
1141 2688 1198 2721 sed
1221 2690 1319 2730 Speu-

283 2746 395 2788 sippus
412 2745 471 2788 qui
485 2754 693 2779 cucumerem
703 2745 784 2778 dixit
797 2755 873 2779 eum
887 2746 1030 2778 fructum
1044 2747 1178 2788 peponis
1193 2746 1322 2778 nomine

283 2814 347 2837 non
363 2804 511 2846 appellat.
1022 2837 1025 2839 .

327 2866 398 2895 211.
431 2862 630 2904 Speusippus
653 2863 796 2895 secundo
818 2862 1068 2895 similitudinum
1085 2864 1167 2896 libro
1187 2863 1322 2895 finitima

284 2931 355 2955 esse
371 2921 450 2954 dicit
468 2921 615 2960 buccina,
629 2930 801 2962 purpuraS,
818 2921 978 2962 cochleas,
994 2921 1144 2954 conchas.
1166 2921 1323 2954 Cochlea-

284 2990 358 3012 rum
372 2979 519 3012 meminit
536 2979 634 3012 etiam
648 2979 825 3021 Sophocles
841 2979 874 3011 in
892 2979 1042 3013 Gamiciis
1057 2980 1102 3012 ita
1123 2989 1131 3010 ι

355 3043 483 3072 Conchae
503 3043 593 3078 hujus
608 3043 732 3071 marium
745 3043 769 3071 si
786 3051 874 3079 quem
897 3043 990 3072 fetum

354 3096 500 3133 possimus
513 3095 667 3125 invenire.

287 3157 447 3189 Praeterca
478 3155 678 3198 Speusippus
706 3155 855 3198 deinceps
883 3165 997 3188 rursus
1028 3156 1212 3197 singulatim
1239 3165 1321 3189 enu-

286 3216 389 3247 merat
412 3214 570 3254 conchas,
603 3214 764 3256 pectines,
786 3214 937 3254 mytilos,
972 3214 1103 3255 pinnas,
1136 3224 1260 3256 ungues
1287 3216 1320 3247 et

287 3273 362 3306 alibi
380 3274 486 3306 ostrea
497 3298 506 3313 ,
522 3272 663 3314 lepades.

328 3334 400 3365 212.
426 3331 628 3373 Speusippus
652 3331 793 3363 secundo
817 3329 1066 3363 slmilitudinum
1087 3330 1170 3363 libro
1186 3331 1322 3364 finitima

294 3398 364 3424 esse
383 3389 430 3422 ait
446 3389 532 3423 inter
558 3388 707 3432 animalia
725 3389 843 3421 crustis
867 3388 1020 3421 mollibus
1047 3389 1195 3421 contecta
1219 3388 1311 3422 locu-

306 3452 384 3489 tam,
401 3449 562 3489 astacum,
580 3447 768 3490 nympham,
782 3456 902 3487 ursam,
922 3456 1086 3486 cancrum,
1108 3455 1276 3488 pagurum.

1441 441 1671 493 (Athenaeus
1689 442 1761 483 lib.
1788 441 1861 479 vll
1882 455 1971 494 pag.
2007 443 2097 482 303.
2120 443 2161 482 d.
2185 443 2327 489 Θυννίς.
2347 446 2421 486 Tou

1387 498 1528 552 ἄῤῥενος
1557 499 1688 548 ταύτην
1721 499 1807 554 φησὶ
1845 500 2018 553 διαφέρειν
2048 502 2066 539 ὁ
2111 500 2346 553 Ἀριστοτέλης
2369 506 2422 557 τῷ

1385 555 1477 609 ἔχειν
1497 558 1563 597 ὑπὸ
1582 562 1626 612 τῇ
1657 559 1781 612 γαστρὶ
1810 559 2010 611 πτερύγιον,
2031 558 2051 598 ὃ
2082 560 2266 599 καλεῖσθαι
2294 561 2418 615 ἀθέρα.

1388 614 1449 655 Ἔν
1468 615 1504 655 δὲ
1523 619 1573 670 τῷ
1597 618 1676 670 περὶ
1694 616 1792 671 ζῴων
1817 618 1945 672 μορίων
1966 617 2099 663 διιστὰς
2130 618 2236 666 αὐτὴν
2256 621 2318 659 τοῦ
2340 619 2424 660 θύν-

1385 689 1444 714 νου
1461 675 1549 729 φησὶ
1565 679 1626 715 τοῦ
1652 676 1769 728 θέρους
1787 676 1916 717 τίκτειν
1937 677 2018 731 περ).
2044 676 2103 716 τὸν
2122 676 2422 728 Ἑκατομὸαιῶνα

1386 734 1621 781 θυλακοειδές,
1656 736 1691 773 ἓν
1725 728 1754 788 ᾧ
1781 735 1896 774 πολλὰ
1924 735 2080 788 γίνεσθαι
2113 734 2235 790 μικρὰ,
2253 735 2318 790 ῷά.
2349 735 2424 776 Καὶ
2466 778 2472 782 ,

1385 792 1614 837 Σπεύσιππος
1634 795 1709 831 κτλ.

1436 866 1504 892 215.
1528 852 1755 896 Σπεύσιππος
1787 853 1818 890 δ’
1836 853 1871 890 ἐν
1904 852 2054 906 δευτέρῳ
2075 851 2231 905 Ὁμοίων
2262 854 2422 906 ἐμφερεῖς

1385 927 1487 964 φησιν
1506 906 1593 950 εἶναι
1613 910 1822 963 μελάνουρον
1838 910 1897 949 καὶ
1912 916 2108 963 κορακῖνον.

1436 970 1660 1021 (Athenaeus
1677 970 1747 1009 lib.
1767 969 1838 1008 VII
1858 982 1943 1021 pag.
1968 970 2058 1010 308.
2074 969 2136 1023 d.)

1429 1042 1500 1068 21⁶.
1522 1026 1748 1071 Σπεύσιππος
1767 1025 1803 1065 δὲ
1831 1028 1866 1065 ἐν
1886 1028 2034 1081 δευτέρῳ
2056 1026 2208 1078 Ὁμοίων
2223 1027 2329 1079 ὅμοιά
2353 1033 2423 1080 φη-ἰ

1384 1103 1436 1125 σιν
1457 1081 1544 1125 εἶναι
1563 1090 1606 1140 τῇ
1627 1086 1759 1137 μαινίδι
1781 1084 1897 1138 βόακα
1920 1086 1981 1124 καὶ
2007 1085 2188 1138 σμαρίδας.
2307 1092 2313 1097 ”

1438 1145 1662 1197 (Athenaeus
1682 1145 1751 1183 lib.
1774 1143 1846 1182 Vll
1863 1157 1952 1195 pag.
1976 1145 2065 1185 313.
2091 1157 2127 1184 a.
2156 1146 2225 1196 qui
2251 1149 2331 1184 haec
2349 1145 2418 1183 ad-

1382 1204 1438 1241 dit
1462 1215 1473 1242 :
1506 1196 1554 1241 ὦν
1591 1200 1820 1254 μνημονεύειν
1855 1203 1914 1240 καὶ
1951 1201 2178 1255 Ἐπίχαρμον
2203 1205 2236 1241 ἐν
2280 1204 2336 1256 Γᾷ
2360 1202 2420 1241 καὶ

1382 1261 1560 1314 Θαλάσσᾳ
1587 1260 1707 1304 οὕτως·
1727 1254 1816 1311 ’Ὦχ’
1849 1262 1912 1312 ὁρῇ
1934 1259 2050 1312 βώκας
2069 1259 2155 1314 [τε]
2185 1259 2336 1305 πολλοὺς
2360 1260 2422 1300 καὶ

1382 1318 1564 1370 σμαρίδας.
1586 1319 1696 1358 conf.
1718 1318 1934 1370 Epicharm.
1959 1318 2095 1368 fragm.
2113 1318 2156 1357 in
2171 1319 2326 1368 Philus.
2347 1319 2420 1361 Gr.

1383 1377 1532 1427 Fragm.
1553 1376 1640 1416 Vol.
1660 1377 1678 1414 1
1703 1390 1789 1428 pag.
1815 1377 1928 1428 135.)

1435 1448 1503 1476 217.
1523 1434 1672 1488 Πέρκαι.
1693 1435 1836 1474 Τούτων
1856 1435 2030 1485 μέμνηται
2060 1437 2211 1484 Διοκλῆς
2227 1435 2288 1475 καὶ
2307 1435 2422 1476 Σπεύ·

1383 1508 1509 1538 σιππος
1529 1496 1562 1532 ἐν
1593 1492 1742 1547 δευτέρῳ
1762 1492 1942 1544 Ὁμοίων,
1970 1495 2220 1547 παραπλησίας
2241 1488 2328 1534 εἶναι
2357 1494 2416 1534 λέ-

1384 1567 1453 1602 γων
1474 1551 1628 1603 πέρκην,
1651 1551 1804 1602 χάνναν,
1820 1551 1960 1604 φυκίδα.

1437 1610 1653 1663 (Athenaeus
1669 1610 1739 1648 lib.
1754 1611 1824 1648 Vll
1845 1624 1933 1662 pag.
1957 1613 2046 1662 319.
2065 1612 2130 1664 b.)

1436 1682 1501 1707 218.
1525 1669 1756 1713 Σπεύσιππος
1775 1668 1811 1707 δὲ
1834 1670 1867 1707 ἐν
1886 1669 2035 1722 δευτέρῳ
2063 1669 2218 1720 Ὁμοίων
2237 1673 2286 1714 ὡς
2305 1685 2422 1724 παρα-

1387 1726 1521 1773 πλήσια
1542 1726 1714 1765 ἐκτίθεται
1743 1726 1891 1780 κέστραν
1904 1756 1914 1774 ,
1939 1727 2103 1780 βελόνην,
2124 1727 2286 1780 σαυρίδα.

1436 1784 1655 1835 (Athenaeus
1668 1784 1737 1823 lib.
1758 1784 1830 1822 VII
1850 1798 1938 1837 pag.
1963 1786 2053 1826 323.
2076 1786 2136 1836 a.)

1435 1856 1503 1882 219.
1538 1844 1654 1881 Τοῦτο
1686 1842 1722 1880 δὲ
1758 1842 1973 1893 σημειωτέον
1998 1844 2082 1897 πρὸς
2114 1842 2343 1884 Σπεύσιππον
2362 1844 2421 1884 λέ-

1383 1915 1487 1952 γοντα
1509 1893 1597 1938 εἶναι
1613 1901 1716 1951 ὅμοια
1738 1900 1869 1947 σηπίαν
1891 1901 1950 1939 καὶ
1971 1901 2122 1941 τευθίδα.
2232 1912 2234 1914 “

1434 1957 1661 2008 (Athenaeus
1676 1958 1747 1997 lib.
1772 1959 1842 1996 Vll
1858 1972 1946 2010 pag.
1982 1961 2073 1999 323.
2102 1960 2127 1998 f.
2149 1959 2371 2012 Ἐπίχαρμος
2390 1959 2421 1998 δ’

1387 2017 1421 2054 ἐν
1440 2014 1562 2059 ςἪὸας
1578 2016 1683 2068 γάμῳ
1700 2016 1785 2067 φησὶ
1801 2017 1975 2054 Πωλύποι
1990 2031 2028 2054 τε
2049 2018 2173 2063 σηπίαι
2185 2031 2224 2054 τε
2237 2018 2298 2054 καὶ
2308 2031 2420 2055 ποτα-

1381 2073 1437 2111 ναὶ
1462 2072 1625 2116 τευθίδες.
1657 2075 1770 2111 Τοῦτο
1793 2073 1829 2111 δὲ
1851 2074 2063 2124 σημειωτέον
2084 2074 2169 2126 πρὸς
2190 2074 2420 2114 Σπεύσιππον

1381 2133 1461 2172 κτλ.
1503 2131 1616 2170 conf.
1654 2130 1874 2182 Epicharm.
1912 2132 2047 2182 fragm.
2088 2133 2144 2171 in‘
2162 2133 2312 2174 Philus.
2347 2133 2418 2171 Gr.

1383 2190 1532 2239 Fragm.
1548 2189 1632 2228 Vol.
1654 2189 1731 2241 lp.
1757 2203 1846 2241 pag.
1873 2191 1978 2242 137.)
2038 2203 2040 2205 ’

1434 2262 1500 2289 220.
1532 2247 1761 2291 Σπεύσιππος
1784 2246 1814 2286 δ’
1834 2248 1868 2287 ἐν
1892 2247 2039 2300 δευτέρῳ
2056 2247 2211 2299 Ὁμοίων
2231 2248 2421 2302 παραπλή-

1380 2307 1439 2345 σιά
1457 2322 1560 2360 φησιν
1584 2300 1674 2345 εἶναι
1694 2308 1848 2358 ψῆτταν,
1875 2305 2118 2357 βούγλωσσον,
2138 2307 2289 2347 ταινίαν.

1423 2457 1496 2487 213.
1529 2453 1722 2486 Aristoteles
1753 2452 1789 2485 in
1817 2452 1983 2485 volumine
2010 2452 2052 2485 de
2082 2453 2294 2494 animalibus,
2331 2454 2421 2487 sicut
2483 2457 2487 2460 “

1382 2513 1591 2555 Speusippus,
1610 2511 1730 2544 similes
1750 2519 1823 2544 esse
1843 2510 1956 2543 scribit
1984 2511 2164 2553 phagrum,
2184 2511 2417 2555 rubellionem,

1382 2571 1490 2613 hepar.

1422 2632 1494 2662 214.
1526 2627 1723 2671 Speusippus
1745 2636 1879 2670 quoque
1908 2628 2052 2661 secundo
2070 2628 2320 2670 similitudinum
2334 2629 2419 2664 libro

1382 2697 1438 2721 cas
1455 2697 1475 2720 a
1489 2686 1622 2728 thynnis
1638 2686 1784 2720 maribus
1804 2685 1954 2728 sejungit.

1424 2749 1495 2780 215.
1525 2745 1726 2788 Speusippus
1753 2746 1863 2779 autem
1874 2744 2029 2778 »secundo
2055 2745 2305 2779 similitudinum
2331 2746 2417 2781 libro

1380 2805 1583 2838 melanurum
1605 2806 1640 2838 et
1654 2803 1841 2837 coracinum
1859 2803 1984 2837 similes
1998 2812 2071 2837 esse
2089 2804 2147 2837 ait.

1422 2867 1494 2898 216.
1518 2864 1716 2907 Speusippus
1732 2862 1874 2896 secundo
1892 2862 2143 2895 similitudinum
2165 2863 2248 2896 libro
2267 2864 2367 2898 hocas
2385 2866 2419 2898 et

1381 2923 1538 2956 smarides
1557 2922 1680 2956 similes
1693 2930 1766 2955 esse
1782 2921 1897 2954 maenis
1912 2921 2065 2954 affirmat.

1423 2984 1495 3015 217.
1527 2983 1650 3014 Percae.
1678 2982 1803 3013 Harum
1835 2978 1982 3012 meminit
2012 2979 2145 3012 Diocles
2165 2981 2200 3013 et
2220 2979 2419 3023 Speusippus

1381 3039 1525 3073 secundo
1549 3039 1798 3072 similitudinum
1819 3037 1920 3078 libro,
1951 3037 2074 3071 similes
2105 3046 2179 3070 esse
2205 3038 2316 3071 dicens
2338 3047 2416 3080 per-

1381 3108 1470 3140 cam,
1492 3098 1648 3138 channen,
1666 3097 1857 3140 phycidem.

1424 3161 1495 3191 218.
1516 3157 1714 3200 Speusippus
1735 3155 1878 3189 secundo
1895 3154 2143 3187 similitudinum
2159 3154 2242 3187 libro
2259 3157 2414 3196 tanquam

1381 3215 1503 3248 similes
1523 3215 1628 3257 pisces
1639 3214 1731 3257 ponit
1744 3213 1870 3255 sudem,
1896 3212 2043 3252 helenen,
2063 3213 2230 3245 lacertum.

1358 3275 1364 3283 “
1424 3278 1495 3309 219.
1515 3277 1585 3307 Hoc
1597 3276 1707 3307 autem
1730 3273 1909 3306 notandum
1931 3273 1982 3305 est
2001 3271 2159 3305 adversus
2181 3271 2414 3316 Speusippum),

1381 3333 1439 3373 qui
1456 3333 1562 3375 sepias
1580 3335 1615 3365 et
1629 3332 1775 3374 loligines
1793 3330 1916 3364 similes
1929 3339 2000 3364 esse
2018 3330 2161 3363 dicebat.
2410 3350 2413 3353 -

1423 3394 1495 3423 220.
1528 3391 1728 3433 Speusippus
1748 3389 1890 3423 secundo
1915 3388 2163 3422 similitudinum
2182 3389 2266 3422 libro
2291 3386 2414 3424 similos

1382 3457 1453 3481 esse
1471 3449 1516 3482 ait
1533 3450 1716 3490 rhombum,
1734 3448 1865 3489 soleam,
1882 3447 2021 3481 taeniam·

2454 276 2458 279 ,
2503 201 2515 277 i

2507 273 2515 290 i

2509 297 2515 308 ι

2509 303 2528 334 «1

2514 371 2517 381 n
