2528 3788
0 3078 23 3113 -'
105 3060 236 3129 *fm-
254 3079 310 3121 Τῷ
338 3078 441 3122 χρόνῳ
457 3079 510 3120 δέ

1027 179 1097 219 DE
1126 179 1426 224 SPEUSIPPO.

22 310 25 318 ¹
136 265 356 311 confectum
377 274 414 305 et
430 279 598 306 moerore
619 268 804 307 afflictum
824 267 1047 311 voluntaria
1064 278 1190 308 morte

67 360 79 368 ..
126 322 289 373 obiisse
308 334 469 365 narrant
485 326 609 380 (137).
628 327 735 366 Hanc
762 326 1023 366 narrationem
1051 327 1191 366 verisi-

63 371 97 427 &J
134 382 274 427 uilem·
285 398 386 439 esse,
398 399 511 425 nemo
525 400 606 426 non
615 386 736 427 videt.
745 386 874 433 Quare
891 385 1089 437 scaligero
1096 401 1186 439 pro·

86 444 99 466 “’
136 442 253 486 batur
269 444 319 483 ad
334 443 473 485 Euseb.
492 441 638 486 Chron.
654 459 742 498 pag.
758 445 836 484 425
857 445 964 498 (133)
978 454 1016 484 et
1035 445 1084 484 ab
1100 447 1188 498 ipso

20 533 24 542 .
46 533 54 536 -
76 494 127 563 ᾖ,
124 503 293 549 Laertio
313 505 486 544 carmine
505 505 702 544 celebrata
720 513 798 551 est,
821 505 928 557 quod
962 518 983 543 e
1012 505 1187 545 Jacobsii

20 560 22 598 ἓ
57 562 121 606 ’Ϊέ
122 561 410 605 'emendatione
427 564 534 617 (139)
555 565 613 604 sic
629 556 843 604 scribitur:

19 623 23 643 ἃ
188 621 284 664 Ἀλλ’
296 624 328 664 εἰ
346 622 398 674 μὴ
419 623 652 664 Σπεύσιππον
673 623 867 675 ἐμάνθανον
883 617 953 663 ὦδε
975 624 1182 674 θανεῖσθαι,

246 683 311 722 οὐκ
328 681 376 722 ἂν
393 681 512 724 ἔπεισέ
533 682 579 735 μέ
602 699 655 728 τις
672 683 751 723 τόδε
769 682 894 735 λέξαι,

193 743 240 788 ὥς
255 735 298 790 ἦν
314 740 397 796 οὐχὶ
415 742 586 783 Πλάτωνι
603 742 691 796 πρὸς
720 741 883 796 αἵματος·
903 744 943 783 οὖ
955 743 1024 797 γὰρ
1045 746 1188 795 ἀθυμῶν

61 856 71 864 .
84 850 90 857 s
243 801 420 842 κάτθανεν
440 801 483 842 ἂν
503 802 561 842 διαί
578 818 612 841 τι
625 801 762 858 σφόδρα
782 803 919 856 μικρόν.

136 861 330 904 liemon-ia
344 862 478 914 lapsus
501 871 560 902 est
580 863 798 914 Diogenes,
817 863 887 915 qui
907 863 1046 902 famam
1072 864 1187 902 etiam

127 921 260 963 -hisse
277 921 356 970 ait,
381 921 644 976 Speusippum
670 922 812 961 morbo
843 922 1062 975 pediculari
1098 937 1189 962 con-

58 977 67 1014 *
82 1003 86 1030 ;
137 990 307 1023 sumtum
337 995 422 1022 esse
459 991 575 1035 atque
601 982 688 1035 ejus
724 983 782 1022 rei
809 992 1009 1022 auctorem
1038 983 1191 1023 Plutar-

57 1035 81 1079 [s
133 1040 254 1083 chum
273 1041 420 1082 laudat.
442 1041 540 1081 Nam
572 1042 649 1081 tale
678 1043 774 1094 quid
805 1043 910 1095 apud
938 1043 1188 1082 Plutarchum

68 1096 73 1105 ”
137 1113 264 1155 neque
281 1100 327 1140 in
343 1100 539 1154 Lysandri
559 1115 685 1153 neque
701 1103 743 1140 in
764 1101 882 1141 Sullae
899 1102 995 1147 vita,
1027 1110 1072 1140 ut
1091 1103 1188 1141 Dio-

141 1172 261 1213 genes
275 1161 377 1211 vult,
392 1161 556 1200 relatum
570 1161 715 1211 legitur
731 1161 764 1214 (1
773 1162 850 1214 4ο).
863 1161 916 1200 Ut
930 1170 1056 1200 autem
1071 1162 1189 1201 rebus

137 1219 419 1261 commenticiis
455 1220 573 1260 fidem
609 1220 824 1272 adjungere
852 1235 934 1259 non
964 1220 1152 1261 debemus
1175 1235 1185 1260 .·

137 1280 195 1319 ita
217 1291 298 1318 non
318 1278 536 1318 audiendus
569 1288 628 1319 est
644 1279 912 1319 Tertullianus
944 1278 1013 1331 qui
1039 1281 1188 1332 Apolo-

137 1346 214 1391 get.
233 1350 321 1391 cap.
349 1339 400 1383 46
418 1352 428 1376 :
444 1341 574 1387 audio,
593 1339 738 1390 inquit,
756 1349 793 1377 et
812 1342 1000 1389 quendam
1014 1341 1190 1391 Speusip-

51 1400 53 1402 ’
121 1445 126 1449 ¹
133 1411 228 1450 pum
257 1399 307 1436 de
346 1399 525 1436 Platonis
561 1399 696 1436 schola
730 1403 769 1436 in
797 1400 985 1437 adulterio
1010 1403 1188 1449 periisse.

138 1458 313 1512 Tempus
335 1457 527 1510 denique,
559 1472 639 1510 quo
661 1471 711 1497 ex
731 1459 936 1497 hominum
957 1459 1040 1496 vita
1067 1458 1191 1497 demi-

14 1534 19 1550 ν
58 1519 88 1563 J.
138 1518 270 1570 gravit
321 1516 587 1570 Speusippus,
628 1517 713 1556 sine
753 1517 876 1556 dubio
912 1527 999 1555 ante
1033 1517 1190 1556 tertium

15 1571 19 1587 ⁵
68 1586 113 1632 ζ’
137 1575 386 1631 Olympiadis
409 1589 480 1614 111
503 1589 649 1615 annum
675 1577 740 1620 vei
769 1585 858 1615 ante
880 1576 973 1616 Chr.
997 1576 1072 1621 334
1092 1577 1188 1628 poni

16 1646 18 1653 ’
83 1646 110 1683 12³1
138 1644 317 1690 oportet,
348 1648 429 1687 quo
460 1648 564 1674 anno
596 1635 825 1675 Aristoteles
855 1648 990 1675 rursus
1024 1635 1192 1675 Athenas

15 1727 19 1742 ,
70 1699 79 1740 f}
138 1689 353 1737 habitatum
375 1695 586 1743 concessit,
613 1704 652 1733 et
681 1708 802 1746 quum
836 1694 1076 1734 Xenocrates
1112 1709 1193 1734 aca-

15 1747 18 1784 ἶ
137 1754 308 1796 damiam
327 1762 504 1807 regeret,
534 1754 579 1793 in
610 1754 723 1807 lyceo
753 1754 900 1794 scholis
928 1754 1074 1807 apertis
1099 1755 1195 1793 alter

16 1795 21 1840 3‘
138 1812 252 1924 guasi
276 1812 453 1854 Platonis
471 1825 673 1853 successor
702 1813 900 1853 nominari
930 1813 1050 1866 coepit
1067 1813 1189 1866 (141).

93 1870 106 1905 's
271 1881 316 1913 ut
328 1885 454 1926 pauca
471 1872 747 1926 superioribus
763 1873 1038 1926 adjungamus,
1056 1882 1195 1912 natura

81 1948 94 1971 ε.
139 1930 366 1989 ,Speusippo
385 1945 529 1985 corpus
555 1933 673 1972 molle
706 1941 744 1971 et
765 1933 930 1973 fluidum
958 1933 1065 1983 (142)
1085 1934 1194 1971 attri-

16 2031 18 2035 ,
70 1990 94 2047 [J
138 1990 238 2034 buit.
262 1991 391 2032 Porro
422 1992 556 2031 minus
575 1991 678 2030 bene
709 2000 883 2031 moratus
919 1992 1007 2031 fuit.
1038 1991 1136 2030 Nam
1158 2001 1196 2030 et

64 2048 87 2096 ,⁴
120 2051 372 2092 iracundum
389 2060 430 2090 et
448 2051 718 2103 voluptarium
753 2051 873 2090 fuisse
897 2051 1098 2090 hominem
1120 2064 1193 2089 ve—

67 2130 76 2156 ,·
141 2119 245 2151 teres
261 2119 465 2151 testantur.
485 2109 575 2157 Quo
595 2110 638 2149 in
664 2122 807 2161 genere
823 2110 1019 2161 Diogenes
1045 2119 1193 2158 narrat,

141 2183 232 2211 eum
278 2169 488 2222 aliquando
534 2169 596 2208 ira
652 2168 935 2208 inflammatum
979 2169 1194 2208 caniculam

141 2243 251 2271 suam
278 2230 322 2270 in
341 2239 502 2284 puteum
533 2228 725 2281 abjecisse
756 2229 878 2282 (143).
914 2229 1004 2282 Ipse
1036 2229 1194 2280 quidem

16 2331 21 2345 ,
86 2309 96 2341 1
145 2289 251 2343 apud
263 2289 502 2329 Clementem
518 2289 633 2328 docet
655 2289 687 2340 (ι
701 2290 777 2340 44),
801 2290 834 2328 si
852 2288 942 2340 quis
960 2288 1097 2327 beatus
1112 2301 1197 2327 esse

15 2347 21 2366 ⁴
66 2355 74 2371 ”
143 2349 264 2396 velit,
291 2362 382 2389 eum
408 2357 559 2388 naturae
581 2357 844 2399 congruenter
872 2350 1008 2388 vivere
1036 2349 1179 2388 debere

0 2487 3 2492 ·
18 2436 23 2466 ζ
145 2463 244 2502 σκέλη
261 2461 412 2503 Διογένης
429 2461 593 2503 ἐξαγαγεῖν
607 2462 702 2494 αὑτὸν
720 2463 777 2494 τοῦ
799 2461 870 2503 βίου
887 2462 1037 2504 παρῄνει,
1054 2463 1072 2495 ὅ
1088 2462 1141 2503 δέ,
1165 2462 1204 2495 0⁶

5 2508 21 2523 ”
147 2513 213 2549 τοῖς
230 2510 395 2550 σκέλεσιν,
415 2508 492 2551 ἐφη,
509 2512 626 2550 ζῶμεν,
653 2509 732 2542 ἀλλὰ
747 2512 794 2552 τῷ
807 2512 864 2551 νῷ.
882 2526 926 2534 -
938 2508 1028 2552 (137)
1041 2509 1205 2552 DiOgeness

77 2559 91 2579 .2
112 2567 118 2581 s
146 2554 300 2592 mnus
317 2556 376 2596 lv,
393 2557 414 2588 3
425 2555 480 2588 καὶ
498 2555 585 2593 τέλος
598 2555 662 2588 ὑπὸ
684 2555 817 2597 ἀθυμίας
831 2557 912 2589 ἑκὼν
928 2567 984 2590 τον
998 2556 1067 2599 βίον
1087 2556 1203 2598 μετήλ

78 2630 85 2635 .
98 2580 435 2658 μλώγηραιὸςῶν
448 2602 594 2645 -(138)
609 2602 664 2635 Cf.
683 2603 802 2636 Petav.
820 2604 884 2636 rat
900 2605 1040 2646 tempor.
1058 2602 1118 2636 lib.
1140 2605 1205 2645 ΙΙΙ,

70 2661 74 2668 ·
98 2638 286 2696 i..18pag
309 2648 830 2692 1⁰2.-(139)Anthol.graec.
859 2651 1013 2689 V11‚101
1044 2658 1119 2692 pag.
1139 2653 1200 2684 293

17 2741 20 2748 Ι
92 2678 204 2763 {pd-
223 2697 372 2732 Dubner.
398 2715 439 2722 —
459 2695 548 2740 (140)
566 2696 728 2740 Diogenes
750 2696 900 2730 Laertius
921 2699 1018 2737 1v‚4
1047 2697 1204 2740 Πλούταρ-

120 2753 207 2791 χοε
226 2746 260 2780 δί
277 2757 372 2789 φησιν
384 2745 416 2779 ἂν
432 2747 480 2787 τῷ
495 2744 682 2788 Λυσάνδρου
706 2744 767 2787 βίῳ
791 2746 845 2777 καὶ
866 2745 968 2777 Σύλλα
986 2746 1124 2788 φθειρσὶν
1149 2746 1203 2778 ἐκ·

20 2791 23 2838 ᾖ
69 2775 133 2839 ⁷⁷3
151 2796 240 2836 ζίσαι
255 2793 363 2828 αὐτόν.
385 2810 428 2818 -
444 2791 534 2835 (141)
552 2792 671 2826 David.
691 2792 843 2835 Prolegg.
869 2792 904 2825 in
928 2791 1064 2826 Aristot.
1090 2793 1203 2835 Gateg.

247 2844 288 2877 24
306 2841 360 2876 ed.
376 2839 531 2875 Bmdis.
551 2841 667 2874 ἐκεῖθεν
680 2841 714 2874 δὲ
725 2841 932 2900 ὑποστρέψας
951 2842 969 2874 ὁ
990 2841 1206 2884 Ἀριστοτέλης

262 2899 331 2922 sm
349 2889 408 2929 τὴν
421 2888 540 2933 σχολὴν
551 2891 610 2922 τοῦ
624 2888 831 2922 Σπευσίππου
845 2889 903 2922 συν
919 2888 1131 2931 Ξενοκράτει,
1150 2891 1206 2923 καὶ

16 2973 23 2994 ι
91 2925 98 2935 ⁷
101 2906 322 3019 ἶέιὴιφότιρσι
337 2937 481 2978 ἐλέγοντο
495 2937 742 2979 Περιπατητικοὶ
759 2940 822 2973 τοῖς
833 2935 941 2973 τόποις
955 2937 1160 2979 διαφέροντες·
1176 2941 1206 2971 οἰ

0 2994 23 3009 ‚
91 2992 96 2995 .

225 2982 469 3027 γὰρῦκαλοΰντο
488 2985 617 3018 Acmon
634 2985 879 3026 Περιπατητικοὶ
905 2986 946 3021 ὡς
970 2985 1000 3016 οἱ
1030 2983 1205 3026 Ἀριστοτέ-

184 3029 255 3072 ποί,
270 3032 302 3064 ol
317 3031 352 3065 δὲ
380 3031 605 3074 Ἆκαδημιακοὶ
631 3032 881 3074 Περιπατητικοὶ
908 3033 937 3063 οἱ
963 3034 1019 3063 τοῦ
1045 3031 1204 3073 Ξενοκρά·

537 3078 591 3111 οἶα
622 3079 804 3120 συμὸαίνει.
831 3079 949 3115 ἐξέλιπε
974 3079 1030 3121 μὲν
1047 3079 1084 3111 τὸ
1107 3079 1207 3119 ὄνομα

89 3138 95 3148 Δ
119 3126 211 3159 ποῦ
227 3123 327 3159 τόπου
340 3128 394 3160 καὶ
412 3127 585 3160 ἐκαλοῦντο
611 3126 857 3169 Περιπατητικοὶ
880 3126 976 3168 χωρὶς
999 3129 1056 3158 τοῦ
1076 3127 1206 3160 Λύκειοι

86 3202 87 3206 ,
114 3172 185 3206 d
198 3171 452 3215 Ἀριστοτελικοί,
471 3175 535 3205 τῶν
552 3173 628 3205 δὲ’·
603 3173 838 3215 ..ενοκρατείων
858 3173 976 3210 ἐξέλιπε
997 3173 1033 3205 τὸ
1050 3176 1105 3211 τῆς
1119 3173 1206 3215 ἐνερ-

16 3227 21 3251 ἰ
86 3220 123 3265 1²⁷
142 3218 418 3262 γιίαςόνομακαὶ
434 3221 604 3254 ἐκαλοῦντο
623 3221 861 3263 Ἆκαδημιακοί.
882 3238 920 3243 -
943 3219 1032 3262 (142)
1046 3219 1206 3262 Diogenes

128 3288 130 3290 ν
151 3265 307 3302 mus
317 3268 378 3308 IV,
398 3269 419 3302 4
442 3267 480 3309 ἦν
495 3268 530 3301 δὲ
545 3269 598 3301 καὶ
618 3269 655 3301 τὸ
685 3272 780 3310 σῶμα
806 3269 1051 3310 διακεχυμένος,
1070 3268 1111 3305 ὥς
1128 3279 1206 3309 φησι

143 3310 308 3357 ’Τιμόθεος
322 3315 358 3350 ἐν
371 3318 420 3358 τῷ
432 3316 501 3359 περὶ
515 3315 605 3358 βίων.
624 3333 669 3341 -—-

96 3372 106 3382 Γ
199 3362 290 3405 (ua)
308 3362 472 3406 Diogenes
488 3363 639 3397 Laertius
654 3363 712 3397 lib.
742 3366 801 3404 lv,
838 3367 850 3397 1
876 3364 913 3397 οὗ
939 3364 999 3405 μὴν
1017 3363 1054 3397 τό
1078 3374 1115 3405 γε
1134 3364 1209 3405 ἦθος

14 3423 21 3435 ·’
68 3402 70 3404 ⁷
84 3413 107 3450 f,
161 3410 294 3452 διέμεινε
307 3414 449 3449 τοιοῦτος
467 3411 552 3453 (aloc
567 3412 586 3444 ὁ
603 3412 737 3445 Πλάτων
747 3411 768 3453 )·
786 3413 839 3444 καὶ
860 3412 920 3454 γὰρ
936 3411 1056 3454 ὀργίλος
1072 3413 1125 3445 καὶ
1137 3413 1210 3451 ἠδο-

25 3464 31 3472 ·
82 3453 114 3474 ’”
161 3461 224 3492 νῶν
239 3458 388 3502 κρείττων
404 3459 454 3500 ἦν.
476 3460 562 3495 Φασὶ
583 3463 659 3502 γοῦν
685 3460 780 3494 αὐτὸν
812 3461 874 3493 ὑπὸ
900 3461 998 3502 θυμοῦ
1015 3461 1051 3494 τὸ
1073 3460 1209 3494 κυνίδιον

2241 185 2292 226 Ἶ3

1253 284 1296 309 ac
1315 272 1350 311 si
1382 272 1430 310 ad
1459 273 1573 311 talem
1604 274 1724 312 vitam
1754 274 1867 313 simul
1897 274 2061 313 virtutes
2087 274 2285 323 adjecerit,

1252 327 1406 368 beatum
1428 330 1522 370 fore.
1552 330 1629 368 Sed
1650 332 1745 371 mihi
1768 347 1895 373 mores
1924 333 2151 386 philosophi
2171 335 2295 373 nostri

1252 401 1338 427 cum
1370 390 1574 441 praeceptis
1604 390 1689 441 ejus
1729 393 1977 432 contendenti
2013 404 2107 431 vere
2139 392 2298 431 videtur

1251 446 1369 489 Corn.
1392 449 1522 501 Nepos
1544 449 1649 501 apud
1670 450 1910 491 Lactantium
1929 453 2056 493 divin.
2079 452 2202 492 instit.
2226 453 2294 493 lib.

1252 504 1306 545 111
1326 520 1413 559 cap.
1446 506 1492 545 15
1514 507 1561 546 de
1580 507 1908 561 philosophorum
1938 513 2057 560 vulgo
2083 510 2294 562 judicasse.

1257 581 1273 599 α
1297 565 1465 604 Tantum
1488 565 1610 615 abest,
1630 568 1779 619 inquit,
1805 578 1847 607 ut
1876 583 1949 619 ego
1971 570 2195 619 magistram
2216 582 2299 608 esse

1251 633 1384 676 putem
1404 626 1495 664 vitae
1521 627 1809 680 philosophiam
1846 628 2042 679 beataeque
2068 629 2156 668 vitae
2177 630 2300 680 perfe-

1253 684 1428 731 ctricem,
1458 694 1502 723 ut
1535 687 1654 725 nullis
1686 688 1808 738 magis
1833 688 2051 726 existimem
2082 701 2181 739 opus
2215 701 2298 726 esse

1257 745 1463 794 magistros
1500 746 1682 794 vivendi,
1715 760 1831 797 quam
1857 748 2054 799 plerisque
2086 747 2155 798 qui
2185 747 2227 785 in
2255 760 2300 785 ea

1252 802 1487 854 disputanda
1501 814 1721 845 versantur.
1743 806 1867 844 Video
1887 807 1991 844 enim
2014 819 2190 856 magnam
2212 819 2301 857 par-

1253 870 1328 900 tem
1345 875 1482 900 eorum
1511 864 1580 913 qui
1605 865 1645 902 in
1661 865 1796 903 schola
1817 865 1864 903 de
1879 866 2029 917 pudore
2049 874 2086 904 et
2101 866 2302 904 continen-

1253 922 1306 960 tia
1327 922 1557 974 praecipiant
1577 924 1845 973 argutissime,
1873 925 2029 963 eosdem
2062 925 2104 962 in
2126 924 2301 962 omnium

1253 980 1464 1019 libidinum
1490 982 1777 1034 cupiditatibus
1804 984 1954 1022 vivere.
1982 1000 1998 1018 »
2021 982 2156 1034 Neque
2177 991 2303 1022 tamen

1252 1041 1498 1080 diffitendum
1519 1050 1596 1088 est,
1627 1041 1803 1079 Platonis
1822 1041 2073 1093 disciplinam
2103 1042 2151 1079 ad
2170 1055 2304 1081 emen-

1252 1100 1401 1139 dandos
1424 1101 1635 1152 Speusippi
1666 1113 1796 1139 mores
1815 1101 1982 1139 multum
2000 1101 2190 1150 valuisse,
2209 1102 2305 1142 adeo

1253 1168 1295 1198 ut
1311 1158 1496 1198 omnibus
1516 1159 1670 1198 artibus
1690 1159 1839 1212 politus
1862 1169 1900 1198 et
1924 1160 2070 1198 facetus
2103 1161 2305 1199 existima-

1252 1227 1372 1259 retur.
1394 1218 1545 1258 (litetur
1564 1219 1673 1258 testis
1690 1220 1796 1257 Dion
1816 1220 1885 1271 qui
1907 1219 2071 1258 Athenis
2091 1220 2304 1272 Speusippi

1253 1278 1426 1318 amicitia
1466 1292 1559 1318 usus
1597 1289 1656 1318 est
1692 1279 1974 1331 discedensque
2011 1292 2060 1318 ex
2100 1279 2168 1318 illa
2209 1280 2307 1318 urbe

1255 1353 1391 1391 agrum
1414 1347 1525 1378 antea
1542 1347 1688 1378 emtum
1708 1339 1746 1378 ei
1765 1338 1926 1377 donavit
1947 1338 1977 1389 (ι
1986 1338 2065 1389 45).

1305 1399 1368 1439 Ad
1385 1399 1467 1438 haec
1488 1413 1576 1450 quae
1591 1399 1695 1451 apud
1715 1399 1956 1451 Hesychium
1972 1406 2128 1437 exstant
2150 1398 2273 1437 verba
2295 1413 2303 1436 z

1254 1456 1438 1502 Συῧώτας·
1465 1456 1697 1502 Σπεύσιππος
1728 1460 1747 1496 ὃ
1772 1456 1974 1512 φιλόσοφος·
2000 1458 2089 1510 ζῷόν
2111 1474 2170 1506 τι,
2191 1472 2213 1497 a
2242 1473 2311 1498 ne-

1256 1517 1361 1556 mine
1392 1517 1655 1569 probabiliter
1690 1518 1893 1569 exposita,
1915 1517 2100 1555 mutanda
2128 1526 2310 1569 putamus

1254 1579 1294 1615 in
1314 1577 1468 1631 τροφίας·
1492 1577 1723 1620 Σπεύσιππος
1742 1579 1760 1616 ὁ
1781 1578 1981 1630 φιλόσοφος·
2004 1575 2091 1627 ζῷόν
2112 1592 2159 1617 τι.
2185 1576 2312 1617 Facile

1255 1636 1439 1675 videlicet
1458 1637 1696 1677 ΤΡΟΦΙΑΣ
1728 1637 1771 1674 in
1804 1637 2050 1676 ΣΥΒΩΤΑΣ
2069 1636 2179 1676 abire
2201 1646 2310 1688 pote-

1255 1705 1331 1735 rat.
1350 1695 1536 1735 Errorem
1553 1704 1683 1735 autem
1705 1709 1785 1733 non
1811 1695 2066 1734 librariorum
2079 1725 2090 1744 ,
2104 1697 2171 1734 sed
2186 1696 2312 1748 ipsius

1260 1755 1448 1807 Hesychii
1468 1756 1728 1806 coarguimus,
1751 1754 1820 1805 qui
1837 1767 1972 1793 vocem
1988 1754 2174 1793 mendose
2203 1756 2305 1794 scri-

1258 1823 1367 1868 ptam
1386 1827 1459 1853 nec
1490 1815 1584 1854 satis
1615 1813 1851 1852 intellectam
1876 1813 2001 1852 lexico
2022 1827 2094 1852 suo
2124 1814 2308 1854 inseruit.

1254 1876 1371 1922 Quod
1385 1883 1579 1926 superest,
1602 1886 1718 1912 nemo
1736 1873 1999 1926 Speusippum
2021 1873 2122 1912 illud
2140 1873 2313 1913 vocabu-

1259 1936 1340 1973 lum.
1360 1946 1571 1985 usurpasse
1594 1932 1810 1971 mirabitur
1831 1934 1902 1984 qui
1924 1933 2174 1972 Aristotelem
2195 1935 2311 1972 etiam

1258 1993 1363 2032 libro
1387 2001 1526 2031 octavo
1543 1991 1718 2031 historiae
1747 1992 1976 2030 animalium
2006 2004 2053 2031 eo
2076 2005 2192 2031 usum
2223 2005 2308 2035 esse

1259 2052 1493 2092 meminerit.

1335 2109 1539 2160 Frigidum
1576 2110 1692 2149 nobis
1724 2118 1762 2148 et
1790 2109 1971 2161 jejunum
2006 2110 2177 2162 videtur,
2210 2111 2316 2162 quod

1260 2170 1483 2210 Platonicus
1501 2169 1761 2222 philosophus
1780 2169 1932 2207 homini
1952 2169 2139 2220 opulento
2156 2170 2226 2221 qui
2246 2170 2315 2209 de·-

1261 2230 1424 2268 sormem
1459 2228 1663 2267 mulierem
1699 2236 1866 2275 amaret,
1908 2227 2056 2266 dixisse
2092 2228 2260 2267 traditur
2297 2243 2306 2266 :

1261 2292 1363 2339 Quid
1376 2294 1450 2327 ista
1467 2291 1534 2327 tibi
1551 2303 1643 2339 opus
1662 2291 1744 2326 est?
1763 2302 1832 2340 ego
1846 2290 1914 2325 tibi
1924 2291 2052 2325 decem
2073 2291 2225 2326 talentis
2232 2288 2319 2336 for-

1264 2353 1456 2387 mosiorem
1476 2352 1669 2386 inveniam
1694 2346 1815 2399 (146).

1264 2462 1308 2498 είς
1323 2462 1359 2494 τὸ
1378 2461 1472 2503 φρέαρ
1503 2461 1603 2502 ῥῖψαι.
1636 2457 1756 2492 suidas
1783 2467 1818 2491 v.
1844 2458 2059 2496 Σπεύσιππος·
2098 2459 2255 2501 αὐστηρὸς
2270 2467 2326 2506 τὴν

1263 2509 1408 2550 γνώμην,
1430 2509 1472 2544 εις
1483 2507 1578 2548 ἄκρον
1595 2507 1755 2547 ὀξύθυμος.
1774 2523 1818 2530 --

1309 2556 1396 2598 (144)
1414 2555 1565 2589 Clemens
1586 2554 1829 2587 Alexandrinus
1854 2554 1975 2586 strom
2017 2553 2075 2586 lib.
2087 2555 2121 2587 11
2144 2563 2219 2595 pag
2238 2557 2316 2588 418.

1265 2606 1300 2639 d.
1315 2604 1372 2638 ed.
1394 2603 1544 2645 Sylburg.
1561 2603 1761 2639 Σπεύσιππός
1773 2614 1820 2642 τε,
1841 2603 1858 2634 ὁ
1871 2601 2039 2638 Πλάτωνος
2050 2602 2247 2644 ἀδελφιδοῦς,
2266 2604 2322 2642 τὴν

1267 2652 1467 2694 εὐδαιμονίαν
1481 2652 1574 2693 φησὶν
1596 2652 1656 2689 ἕξιν
1670 2653 1750 2685 εἶναι
1761 2651 1883 2683 τελείαν
1898 2650 1931 2683 ἐν
1941 2652 2005 2686 τοῖς
2023 2650 2106 2682 κατὰ
2123 2650 2214 2690 φύσιν
2230 2650 2323 2694 ἔχου·

1266 2714 1316 2734 σιν
1332 2727 1339 2742 ,
1358 2702 1379 2740 ἢ
1396 2700 1457 2738 ἕξιν
1470 2700 1609 2741 ἀγαθῶν·
1622 2700 1659 2741 ἧς
1674 2701 1712 2740 δὴ
1726 2697 1954 2735 καταστάσεως
1972 2697 2113 2734 ἅπαντας
2134 2698 2190 2739 μὲν
2203 2698 2321 2741 ἀνθρώ-

1265 2762 1343 2787 πους
1356 2749 1456 2788 ὄρεξιν
1472 2749 1575 2790 ἔχειν,
1590 2749 1799 2790 στοχάζεσθαι
1824 2747 1857 2779 δὲ
1872 2747 1944 2783 τοὺς
1965 2746 2103 2787 ἀγαθοὺς
2123 2750 2177 2784 τῆς
2198 2747 2319 2788 &osm-

1267 2798 1349 2835 σίας.
1370 2797 1445 2829 Εἶεν
1462 2795 1489 2829 δ’
1516 2797 1554 2829 ἂν
1580 2798 1612 2829 αἱ
1639 2796 1744 2840 ἀρεταὶ
1768 2799 1825 2834 τῆς
1848 2793 2048 2836 εὐδαιμονίας
2078 2794 2321 2834 ἀπεργαστικαί.

1266 2844 1344 2879 vid.
1358 2845 1475 2888 fragm.
1506 2847 1579 2881 194.
1598 2862 1640 2871 —

1311 2896 1398 2937 (145)
1416 2895 1615 2930 Plutarchus
1635 2896 1732 2929 Dion.
1766 2904 1841 2938 cap.
1863 2898 1899 2929 17
1930 2895 2005 2928 Vol.
2033 2897 2080 2928 VI
2103 2904 2136 2936 p.
2179 2897 2237 2927 ¹82
2269 2892 2322 2926 ed·

1267 2949 1407 2980 Hutten.
1423 2946 1512 2980 ταῦτ’
1537 2949 1682 2991 ἐπειρᾶτο
1705 2950 1805 2980 ποιεῖν
1828 2947 1982 2984 Πλάτων,
2005 2946 2060 2978 καὶ
2077 2946 2186 2978 Δίωνα
2207 2946 2318 2988 τρέψας

1267 2998 1316 3030 ἐπὶ
1341 2996 1535 3039 φιλοσοφίαν,
1553 2998 1587 3031 ἐν
1611 2997 1787 3040 Ἀκαδημίᾳ
1803 3000 1957 3040 συνεῖχεν·
1979 2997 2056 3039 ᾤκει
2082 2996 2138 3037 μὲν
2160 2995 2215 3029 οὖν
2234 2997 2266 3029 ἐν
2283 2995 2322 3028 ἄ-

1268 3059 1335 3081 στει
1348 3049 1433 3092 παρὰ
1445 3047 1622 3090 Καλλίππῳ
1642 3049 1700 3082 τινὶ
1721 3052 1783 3080 τῶν
1797 3047 1975 3090 γνωρίμων·
1999 3046 2095 3088 ἀγρὸν
2111 3046 2146 3078 δὲ
2163 3047 2323 3089 διαγωγῆς

1267 3098 1356 3141 χάριν
1375 3099 1565 3140 .ἐκτήσατο,
1599 3100 1653 3131 καὶ
1685 3101 1795 3131 τοῦτον
1821 3098 1951 3140 ὕστερον
1979 3098 2024 3134 εἰς
2054 3095 2196 3130 Σικελίαν
2220 3098 2323 3130 πλέων

1267 3152 1464 3196 Σπευσίππῳ
1475 3153 1595 3195 δωρεὰν
1611 3152 1738 3185 ἔδωκεν.
1758 3151 1812 3184 Ὦι
1833 3152 1971 3194 μάλιστα
1986 3153 2049 3183 τῶν
2062 3150 2209 3191 Ἀθήνῃσι
2228 3149 2323 3191 φίλων

1269 3205 1405 3247 ἐχρῆτο,
1428 3206 1482 3238 καὶ
1501 3206 1713 3247 συνιδιῃτᾶτο,
1732 3203 1923 3246 βουλομένου
1937 3206 1995 3235 τοῦ
2020 3202 2191 3238 Πλάτωνος
2212 3202 2322 3242 ὁμιλίᾳ

1268 3256 1359 3300 χάριν
1375 3258 1515 3301 ἐχούσῃ,
1536 3258 1590 3291 καὶ
1613 3258 1740 3294 παιδιᾶς
1761 3256 1913 3297 ἐμμελοῦς
1937 3255 2019 3287 κατὰ
2036 3255 2145 3297 καιρὸν
2162 3254 2322 3295 ἁπτομένῃ

1267 3308 1490 3351 κεραννύμενον
1510 3309 1718 3351 ἀφηδύνεσθαι
1741 3310 1798 3339 τοῦ
1813 3305 1933 3343 Δίωνος
1950 3306 1988 3338 τὸ
2007 3305 2094 3345 ἦθος.
2113 3305 2265 3339 Τοιοῦτος
2286 3304 2321 3335 δέ

1272 3368 1320 3395 τις
1339 3359 1357 3391 ὁ
1372 3359 1575 3397 Σπεύσιππος
1603 3359 1652 3399 ἦν·
1671 3358 1691 3399 ἦ
1707 3358 1762 3391 καὶ
1779 3358 1910 3399 σκῶψαι
1938 3356 2054 3397 ἀγαθὸν
2078 3354 2171 3386 αὐτὸν
2200 3354 2231 3385 ἐν
2260 3357 2323 3391 τοῖς

1270 3408 1387 3448 Σίλλοις
1403 3411 1422 3444 6
1435 3410 1544 3453 Τίμων
1557 3409 1821 3451 προσηγόρευσεν.

1312 3461 1404 3505 (146)
1421 3462 1583 3504 Diogenes
1599 3460 1749 3494 Laertius
1764 3459 1824 3493 lib.
1849 3460 1913 3500 IV,
1941 3460 1958 3490 4
1983 3457 2090 3495 οὗτος,
2111 3456 2185 3497 φησὶ
2206 3454 2323 3496 (Τιμό-
