2528 3788
259 224 337 262 230

261 310 302 349 rb
316 310 420 348 καλόν
434 337 443 355 ,
466 307 554 345 ἀλλὰ
580 304 712 344 πολλά·
731 303 770 342 τὸ
791 302 853 355 μὲν
872 304 940 357 γὰρ
964 306 1092 358 χρῶμα
1121 304 1227 344 καλὸν
1260 302 1296 342 ἔ-

263 384 364 414 σται,
394 367 433 404 τὸ
460 365 494 403 δὲ
525 363 760 413 ἐπιτήδευμα,
789 362 829 401 τὸ
857 361 893 402 δὲ
924 362 964 410 ὅ,
992 380 1025 402 τι
1053 363 1205 412 δήποτε,
1242 364 1298 414 (rb

263 428 293 465 δ’
314 426 394 464 αὐτὸ
414 425 470 462 ἐπὶ
489 427 549 461 τοῦ
569 424 690 461 λευκοῦ
712 421 836 466 ἔδειξεν
856 424 874 460 ὁ
896 421 1178 474 Ἀριστοτέλης),
1202 421 1293 460 οὕτω

263 485 303 531 δὴ
328 483 427 521 ml*
407 498 488 521 οντα
521 481 581 531 μὲν
608 480 723 518 πάντα
749 479 869 527 ἔσται,
896 481 971 518 ἀλλ’
994 481 1059 533 οὐχ
1089 479 1124 520 ἓν
1153 479 1231 519 οὐδὲ
1259 479 1297 518 τὸ

264 541 366 579 αὐτό·
389 558 403 573 n
424 539 482 578 καὶ
512 537 638 591 ψευδὴς
662 541 684 584 ἡ
707 536 853 591 ἐπιφορὰ
883 540 905 584 ἡ
930 537 1097 588 λέγουσα,
1117 537 1154 577 ἓν
1174 538 1241 590 ἄρα
1260 536 1299 576 rb

263 599 318 648 ὄν,
336 605 394 638 καὶ
409 601 470 637 οὔκ
486 599 524 636 ἐκ
542 600 610 635 τῶν
632 597 800 648 κειμένων
818 596 1030 647 συνηγμένη.
1063 596 1138 636 Κᾶν
1155 596 1224 649 γὰρ
1237 612 1299 647 μο-

264 661 377 710 ναχῶς
391 657 429 695 τὸ
449 656 498 704 ὄν,
515 657 576 694 οὐκ
590 655 656 703 ἤδη
676 654 710 694 ἓν
725 654 764 694 rb
783 654 833 695 ὄν.
892 656 1068 706 Μοναχῶς
1083 654 1150 707 γὰρ
1164 653 1301 705 λέγεται

264 717 323 754 καὶ
353 715 443 767 γένει
468 714 526 754 καὶ
558 713 639 753 εἴδει
653 743 663 762 ,
684 713 852 766 ἑκατέρως
873 713 908 751 δὲ
927 713 1060 760 πολλοί,
1082 713 1140 752 καὶ
1161 712 1300 764 συμὸή-

268 789 363 812 σεται
391 774 430 812 rb
458 774 514 811 ἐπὶ
540 776 599 811 τοῦ
625 771 715 812 κατὰ
741 772 779 811 τὸ
805 771 911 811 καλὸν
933 772 1212 824 παραδείγματος
1234 771 1302 809 ὑπὸ

266 836 325 870 τοῦ
349 831 514 883 Εὗδήμου
543 833 743 884 εἰρημένον,
763 832 815 870 ὅτι
846 831 936 870 καλὰ
958 830 1019 881 μὲν
1050 830 1147 869 ἔσται
1170 830 1301 877 πάντα,

266 906 303 928 ου
331 890 397 940 μὴν
423 890 458 928 ἓν
485 889 524 929 τὸ
542 890 649 928 καλὸν
667 906 716 928 τι)
739 892 897 942 ἀριθμῷ·
918 889 962 928 τὰ
981 888 1049 942 γὰρ
1072 892 1121 941 τῷ
1143 888 1235 940 λόγῳ
1267 887 1302 926 ἓν

267 951 326 987 οὐκ
346 949 413 997 ἤδη
435 949 493 987 καὶ
514 951 563 1001 τῷ
581 951 716 1002 ἀριθμῶ
736 948 785 989 ἕν.
845 948 901 988 Τὰ
921 948 955 987 δὲ
974 947 1061 987 αὐτὰ
1079 948 1135 987 ἐπὶ
1156 951 1214 986 τοῦ
1215 948 1302 985 λευ-

266 1011 327 1045 κοῦ
348 1007 538 1058 συνήγαγεν
559 1009 575 1044 ὁ
591 1006 839 1059 Ἀριστοτέλης,
855 1006 914 1045 καὶ
927 1006 1023 1045 οὐδὲν
1044 1010 1084 1053 ἠν
1105 1006 1303 1056 θαυμαστὸν

268 1064 344 1108 τοὺς
377 1065 521 1108 κανόνας
550 1067 618 1103 τῶν
652 1065 765 1116 λόγων
798 1064 905 1115 μήπω
941 1064 1017 1102 τότε
1048 1063 1304 1115 διακεκρίσθαι,

270 1121 358 1160 ἀλλὰ
386 1123 604 1174 φωραθέντας
625 1121 767 1174 ὕστερον
797 1121 830 1167 ἐξ
854 1124 967 1160 αὐτῶν
995 1125 1063 1160 τῶν
1089 1120 1306 1174 πραγμάτων

269 1180 374 1224 οὕτως
388 1180 604 1232 ἐξενεχθῆναι
618 1181 701 1232 πρὸς
713 1181 854 1220 πλείονα
867 1183 1108 1223 συντελοῦντας
1116 1179 1306 1231 ἀκρίὸειαν,

270 1240 315 1282 ὡς
335 1238 394 1276 καὶ
414 1241 431 1275 ὃ
451 1237 613 1288 Εὔδημος
634 1240 799 1290 μαρτυρεῖ
817 1237 944 1289 λέγων·
965 1255 980 1272 α
1004 1236 1224 1289 Παρμενίδου
1245 1235 1307 1287 μὲν

271 1291 328 1334 οὖν
365 1295 531 1347 ἀγασθείη
568 1296 608 1333 ἄν
641 1313 690 1340 τις
725 1295 977 1340 ἀναξιοπίστοις
1014 1295 1307 1342 ἀκολουθήσαντος

269 1354 383 1406 λόγοις
415 1354 474 1393 καὶ
500 1354 566 1392 ὑπὸ
592 1354 752 1394 τοιούτων
786 1355 1020 1402 ἀπατηθέντος
1054 1354 1076 1392 ἃ
1104 1353 1201 1392 οὔπω
1229 1353 1307 1393 τότε

273 1413 529 1465 διασεσάφητο·
550 1412 627 1450 οὔτε
657 1412 722 1464 γὰρ
753 1412 791 1451 τὸ
819 1414 1005 1464 πολλαχῶς
1033 1411 1148 1463 ἔλεγεν
1177 1411 1299 1458 οὐδείς,

271 1471 362 1509 ἀλλὰ
389 1470 540 1509 Πλάτων
565 1473 700 1522 πρῶτον
725 1470 763 1508 τὸ
791 1471 905 1508 δισσὸν
932 1471 1133 1523 εἰσήγαγεν,
1159 1469 1236 1508 οὔτε
1270 1470 1308 1508 τὸ

270 1531 348 1567 καθ’
371 1528 453 1567 αὑτὸ
483 1528 542 1566 καὶ
570 1529 610 1566 τὸ
628 1527 720 1567 κατὰ
746 1528 986 1578 συμὸεὸηκός·
1003 1528 1161 1583 φαίνεται
1188 1528 1224 1566 δὲ
1244 1529 1309 1567 ὑπὸ

270 1587 399 1625 τούτων
430 1588 693 1639 διαψευσθῆναι.
753 1589 875 1626 Ταῦτα
900 1586 936 1625 δὲ
964 1588 1003 1625 ἐκ
1027 1589 1094 1625 τῶν
1122 1587 1231 1639 λόγων
1250 1587 1309 1625 καὶ

270 1648 336 1684 τῶν
357 1646 558 1697 ἀντιλογιῶν
576 1645 750 1698 ἐθεωρήθη
765 1646 825 1684 καὶ
841 1647 879 1684 τὸ
894 1645 1153 1697 συλλογιστικόν
1165 1659 1175 1670 ·
1189 1646 1226 1684 οὗ
1242 1645 1319 1698 γὰρ,

271 1709 499 1757 συνεχωρεῖτο
520 1705 548 1741 εἰ
569 1703 616 1754 μὴ
638 1703 791 1757 φαίνοιτο
812 1705 1019 1756 ἀναγκαῖον,
1045 1706 1076 1743 οἱ
1097 1703 1133 1743 δὲ
1148 1703 1309 1757 πρότεροι

273 1762 528 1804 ἀναποδείκτως
567 1762 814 1816 ἀπεφαίνοντο.
855 1780 869 1797 υ
943 1763 1036 1802 Ἀλλ’
1074 1762 1308 1816 Ἀριστοτέλης

275 1820 464 1873 βιαιότερόν
480 1837 551 1863 πως
565 1820 734 1867 ἐδουλήθη
752 1821 809 1859 καὶ
829 1821 886 1859 ἐπὶ
902 1824 962 1860 τοῦ
977 1823 1080 1859 αὐτοῦ
1097 1824 1140 1868 τῆ
1155 1821 1308 1859 ὑποστά-

271 1896 346 1927 σει,
367 1882 413 1923 ὡς
432 1879 488 1919 ἐπὶ
507 1883 566 1918 τοῦ
586 1882 708 1918 λευκοῦ
730 1880 891 1930 σώματος
913 1879 1042 1928 δεῖξαι,
1059 1879 1111 1917 ὅτι
1130 1879 1169 1918 τὸ
1187 1879 1306 1920 λευκὸν

269 1939 383 1978 πολλά
402 1940 474 1977 ἐστι
503 1941 552 1986 τῷ
572 1938 664 1990 λόγῳ
683 1938 721 1976 τό
749 1955 786 1977 τε
813 1940 858 1982 ὡς
879 1939 1100 1989 ὑποκείμενον
1127 1939 1185 1976 καὶ
1205 1937 1243 1976 τὸ
1263 1941 1307 1981 ὡς

267 1998 300 2035 ἐν
335 1997 567 2050 ὑποκειμένῳ.
627 1997 752 2036 Καίτοι
794 1998 870 2036 οὐδὲ
910 1997 1062 2047 τοῦνομα
1100 1997 1230 2037 τούτων
1266 1998 1306 2036 rb

270 2054 373 2093 αὐτό·
396 2056 435 2093 rb
451 2055 517 2105 γὰρ
538 2054 762 2104 ὑποκείμενον
780 2056 901 2093 λευκὸν
919 2057 981 2094 οὐκ
1003 2055 1092 2094 ἔστιν
1114 2056 1189 2095 οὐδὲ
1207 2055 1304 2106 λέγε-

270 2129 327 2151 ται
347 2115 424 2151 καθ’
447 2113 550 2158 αὓτό,
575 2112 634 2150 ἐὰν
654 2113 701 2162 μὴ
722 2113 779 2151 ὅτε
799 2114 890 2166 (leg.
914 2112 1016 2164 ὅταν)
1036 2113 1096 2152 σὺν
1119 2117 1160 2165 τῇ
1180 2113 1307 2153 λευκό-

270 2187 346 2218 τητι
372 2171 508 2223 ληφθῇ,
527 2170 617 2209 ὥστε
647 2171 743 2223 εἴπερ
764 2171 831 2223 ἄρα
862 2171 900 2210 τὸ
930 2172 1012 2210 αὐτὸ
1031 2172 1140 2221 ὄνομά
1160 2175 1250 2211 ἐστιν
1272 2175 1305 2211 ἕν

269 2229 441 2281 διαφόροις
457 2228 566 2280 λόγοις
578 2259 588 2279 ,
605 2229 680 2281 οὐχὶ
701 2234 758 2268 τοῦ
774 2231 807 2267 ἐν
828 2230 1044 2284 ὑποκειμένῳ
1060 2231 1119 2269 καὶ
1137 2234 1197 2269 τοῦ
1218 2233 1305 2270 ὑπο-

268 2287 446 2339 κειμένου,
470 2287 559 2326 ἀλλὰ
576 2291 636 2326 τοῦ
659 2288 935 2341 συναμφοτέρου.
993 2289 1090 2328 Διότι
1110 2290 1169 2328 καὶ
1189 2290 1227 2329 rb
1244 2308 1303 2342 με·

269 2346 369 2398 τέχον
389 2346 510 2384 λευκὸν
533 2345 674 2395 λέξομεν
703 2345 791 2396 μετὰ
811 2350 871 2394 τῆς
891 2347 1056 2396 μεθέξεως
1075 2348 1135 2386 καὶ
1159 2349 1243 2389 αὐτὸ
1267 2350 1306 2389 τὸ

269 2407 395 2456 χρῶμα
422 2404 461 2441 τὸ
488 2403 735 2455 μετεχόμενον.
796 2404 1132 2459 Ἀκριὸολογουμένῳ
1164 2406 1199 2445 δὲ
1230 2408 1304 2447 οὐδὲ

270 2461 398 2500 τούτων
420 2460 458 2499 τὸ
476 2461 560 2500 αὐτό
577 2463 667 2502 ἐστιν
686 2461 809 2513 ὄνομα,
831 2463 927 2515 εἴπερ
944 2463 983 2502 rb
1002 2464 1063 2515 μὲν
1083 2464 1203 2503 λευκὸν
1216 2465 1255 2504 τὸ
1270 2467 1305 2505 δὲ

268 2519 448 2567 λευκότης,
470 2520 527 2558 καὶ
549 2520 585 2567 rb
615 2519 674 2570 μὲν
696 2520 792 2559 ποιὸν
823 2522 861 2559 τὸ
884 2521 919 2560 δὲ
947 2522 1098 2570 ποιότης.
1153 2523 1216 2563 Διὸ
1246 2526 1304 2565 καὶ

269 2577 453 2630 ὁριζόμεθα
490 2576 551 2623 τὴν
594 2577 654 2628 μὲν
695 2578 887 2626 λευκότητα
925 2595 1053 2632 χρ()μα
1093 2581 1303 2633 διακριτικὸν

269 2635 378 2687 ὅῶεως
392 2665 402 2683 ,
442 2635 481 2673 rb
499 2636 559 2696 ,δὲ
597 2636 718 2674 λευκὸν
756 2639 860 2688 σῶμα
898 2639 1101 2687 λευκότητος
1140 2641 1298 2692 μετέχον.

268 2696 392 2733 Ταῦτα
419 2693 460 2741 δὴ
481 2697 539 2732 οὖν
561 2693 677 2732 ἷδὼν“
661 2710 706 2738 ως
730 2695 837 2734 ἔοικεν
862 2696 1025 2749 Εὔδημος
1053 2699 1115 2736 οὐκ
1135 2698 1303 2738 ἒὸιάσατο

269 2752 325 2790 ἐπὶ
346 2768 404 2790 του
425 2752 497 2795 ἑνὸς
518 2768 559 2804 τῃ
580 2752 770 2792 υποστοίσει
791 2754 897 2800 δεῖξαι
916 2756 978 2803 τὴν
999 2758 1065 2794 τῶν
1086 2756 1196 2808 λόγων
1226 2759 1302 2795 δια-

269 2809 400 2883 φοράν,
433 2811 509 2849 ἀλλ’
539 2812 608 2848 ἀπὸ
634 2827 750 2850 κοινου
779 2828 867 2856 τινος
898 2829 956 2852 του
981 2815 1088 2852 καλοῦ
1113 2814 1174 2861 τὴν
1202 2813 1302 2859 δεῖξιν

271 2869 458 2916 ἐποιησατο
486 2869 624 2911 πολλοῖς
649 2869 738 2907 κατὰ
759 2871 856 2942 λόγον
884 2871 984 2933 διαφέ
968 2888 1099 2925 ερουσιν
1129 2873 1285 2926 ἐφαρμότ-

269 2941 405 2974 τοντος,
426 2926 516 2964 ὥστε
537 2927 575 2965 rb
593 2928 710 2965 δοκοῦν
726 2929 829 2967 πάλιν
851 2929 885 2967 ἓν
909 2934 995 2968 εἶναι
1012 2946 1112 2970 τουτο
1132 2931 1223 2970 κατὰ
1239 2931 1301 2979 τὴν

270 2984 454 3032 κοινότητα
471 2985 583 3023 πολλὰ
606 2988 692 3023 εἰναι
713 2986 801 3024 κατὰ
822 2987 897 3031 τοὺς
916 2988 1048 3039 λόγους.
1108 2990 1239 3043 Γράφει
1268 2990 1302 3029 δὲ

269 3181 271 3186 ¹
310 3170 358 3202 12.
383 3167 447 3202 Sed
476 3167 539 3200 hoc
559 3167 768 3202 Parmenides
794 3167 1099 3206 nondum'videbat.
1160 3176 1299 3209 Necesse

266 3227 367 3270 igitur
382 3226 433 3259 est
451 3233 507 3259 eos
522 3235 651 3259 sumere
666 3226 724 3269 qui
738 3227 773 3260 id
791 3228 880 3269 quod
898 3231 948 3262 est
964 3240 1062 3263 unum
1082 3241 1152 3265 esse
1169 3234 1299 3276 dicunt,

266 3294 331 3319 non
346 3285 450 3318 solum
469 3294 571 3317 unum
594 3284 774 3326 significare
800 3286 831 3319 id
851 3288 940 3329 quod
958 3290 1024 3328 est,
1044 3290 1085 3322 de
1101 3300 1302 3334 quocunque

266 3344 518 3389 praedicabitur3
542 3345 598 3377 sed
623 3345 720 3378 ctiam
734 3347 823 3388 quod
844 3348 973 3389 proprie
995 3351 1045 3381 est
1061 3359 1135 3389 ens,
1157 3354 1190 3384 et
1214 3353 1301 3393 quod

266 3405 398 3449 proprie
420 3411 520 3437 unum
547 3405 609 3436 est.
652 3404 813 3438 Accidens
844 3405 930 3438 enim
955 3406 996 3438 de
1022 3407 1169 3447 subjecto
1192 3410 1301 3451 aliquo

267 3462 395 3496 dicitur.
441 3465 548 3499 Quare
566 3459 663 3502 illud,
679 3462 731 3495 cui
751 3463 783 3495 id
800 3465 886 3505 quod
905 3466 955 3497 est
972 3465 1110 3504 accidit,
1132 3475 1196 3499 non
1216 3468 1277 3501 erit

929 215 1125 256 EUDEMI
1153 215 1332 255 RHODlI
1365 213 1721 254 PERIPA'I'ETICI

1360 303 1484 348 οὕτως·
1505 320 1521 337 «ι
1540 301 1660 354 ὥσπερ
1690 300 1725 340 δὲ
1757 301 1787 340 εἷ
1814 299 1928 340 πάντα
1956 301 2009 350 εἴη
2035 303 2079 342 τὰ
2108 302 2190 342 ὄντα
2210 303 2302 344 καλὰ
2328 317 2390 353 κη

1359 360 1464 412 μηθὲν
1491 360 1544 410 εἴη
1570 360 1690 399 λαὸεἶν
1720 359 1739 398 ὃ
1759 360 1821 398 οὐκ
1848 358 1923 398 ἔστι
1942 360 2070 410 καλόν,
2090 362 2183 401 καλὰ
2204 361 2265 413 μὲν
2293 362 2392 402 ἔσται

1358 421 1491 470 πάντα,
1511 422 1549 459 οὗ
1569 419 1637 470 μὴν
1657 419 1692 458 ἔν
1713 434 1753 471 γε
1776 417 1814 457 rb
1842 418 1949 457 καλὸν
1978 419 2067 458 ἀλλὰ
2086 420 2218 459 πολλά·
2234 422 2310 460 τόδε
2328 421 2392 473 μὲν

1359 478 1427 532 γὰρ
1451 480 1578 532 χρῶμα
1602 478 1706 517 καλόν
1738 478 1834 525 ἔστι,
1857 476 1934 516 τόδε
1960 477 1995 516 δὲ
2027 479 2260 530 ἐπιτήδευμα,
2288 478 2392 520 τὸδὲ

1361 537 1398 585 ὅ,
1417 553 1452 576 τι
1480 536 1629 584 δήποτε,
1651 535 1741 575 οὕτω
1773 535 1814 582 δὴ
1843 534 1902 573 καὶ
1929 534 2014 574 ὄντα
2044 533 2106 586 μὲν
2130 536 2246 574 πάντα
2274 534 2392 586 ἔσται,

1362 596 1438 636 ἀλλ’
1458 598 1524 648 οὐχ
1537 595 1572 634 ἓν
1593 595 1669 635 οὐδὲ
1686 595 1724 634 τὸ
1746 594 1829 633 αὖτό
1842 610 1850 618 ·
1875 593 1992 648 ἕτερον
2012 593 2074 645 μὲν
2094 593 2161 647 γὰρ
2179 594 2395 648 ὕδωρῳῆᾨρ

1361 654 1397 694 δὲ
1416 654 1455 694 τὸ
1473 658 1556 707 πῦρ.
1577 673 1593 689 ι»
1647 651 1753 697 Ἴσως
1777 651 1813 692 δὲ
1841 667 1959 691 τουτον
1980 651 2211 705 παρῃτήσατο
2229 653 2287 692 τὸν
2308 653 2396 708 1·μῦ-

1361 728 1424 752 πον
1444 715 1505 760 τῆς
1536 711 1739 757 ἀποδείξεως
1759 710 2021 764 Ἀριστοτέλης,
2043 710 2147 750 διότι
2155 711 2186 750 εἰ
2211 713 2258 756 ὣς
2283 710 2395 752 κοινὸν

1362 770 1398 810 ἓν
1417 769 1593 808 υπετίθετο
1619 769 1657 807 τὸ
1677 768 1713 808 ὂν
1737 768 1804 807 εἴτε
1834 770 1880 813 ὡς
1898 767 2012 820 γένος,
2032 768 2101 807 εἴτε
2130 770 2177 812 ὡς
2202 763 2308 817 εἶδος,
2325 767 2397 809 εἴτε
2454 775 2459 780 “

1362 831 1407 872 ὡς
1423 828 1604 879 ὁμώνυμος
1624 827 1719 880 φωνή
1732 857 1743 875 ,
1765 826 1861 870 ευθὺς
1884 826 1943 864 καὶ
1962 826 2006 866 τὰ
2025 827 2139 866 πολλὰ
2158 826 2396 880 συνεισήγιτο·

1363 888 1401 926 τὸ
1419 887 1487 940 γὰρ
1502 887 1613 925 κοινὸν
1627 888 1692 925 πλε
1678 886 1794 925 ειόνων
1814 879 1901 925 εἶναι
1918 885 2030 925 κοινὸν
2053 885 2203 938 ἀνάγκη.
2261 885 2399 927 Arban}

1363 948 1410 990 ὣς
1434 947 1570 999 ἀριθμῶ
1593 945 1628 983 ἓν
1649 944 1856 993 ὑποθέμενος
1882 945 2002 993 ἐπειδὴ
2028 946 2068 985 τὸ
2088 949 2237 985 τοιοῦτον
2256 944 2292 985 ἓν
2311 944 2336 994 ἢ
2353 947 2401 990 ὡς

1365 1003 1506 1057 συνεχές
1525 1005 1617 1042 ἐστιν
1637 1003 1671 1042 ἓν
1688 1003 1710 1049 ἢ
1728 1005 1772 1047 ὥς
1792 1006 1841 1056 τῷ
1860 1004 1953 1056 λόγῳ
1977 1004 2015 1043 rb
2036 1004 2120 1044 αὐτὸ
2137 1003 2159 1052 ἢ
2178 1007 2226 1050 ὣς
2246 1004 2400 1059 ἀδιαίρε-

1364 1078 1442 1111 τον,
1461 1061 1587 1107 ἔδειξεν
1606 1061 1660 1101 ὅτι
1681 1061 1758 1101 οὔτε
1787 1062 1832 1105 ὥς
1853 1062 1994 1114 συνεχὲς
2011 1063 2088 1102 οὔτε
2113 1065 2159 1108 ὡς
2183 1066 2233 1117 τῷ
2247 1063 2401 1118 λόγῳᾼτὸ

1366 1120 1468 1169 αὖτό,
1486 1119 1526 1158 τὸ
1544 1121 1579 1158 δὲ
1596 1122 1641 1164 ὥς
1661 1119 1854 1172 ἀδιαίρετον
1870 1122 1916 1165 ὣς
1933 1122 2083 1173 ἐναργῶς
2099 1121 2226 1162 ἄτοπον
2244 1124 2401 1175 παρῆκεν

1367 1178 1516 1218 εὐθύνειν
1535 1180 1582 1222 ὣς
1602 1182 1803 1229 σωματικοῦ
1819 1178 1965 1231 πέρατος
1981 1179 2198 1224 ὑποτιθέντος
2216 1182 2279 1219 τοῦ
2292 1181 2403 1221 &mt-

1389 1237 1498 1289 έτου).

1368 1253 1386 1290 ρ
1422 1309 1469 1334 12.
1500 1294 1606 1334 Ἀλλὰ
1622 1298 1724 1333 τοῦτο
1741 1294 1965 1346 Παρμενίδης
1982 1294 2082 1334 οὔπω
2095 1295 2201 1349 ἑώρα.
2253 1294 2404 1348 Ἀνάγκη

1369 1353 1409 1401 δὴ
1437 1353 1555 1392 λαὸεῒν
1589 1351 1637 1403 μὴ
1668 1351 1771 1403 μόνον
1790 1352 1825 1391 ἓν
1854 1353 2035 1403 σημαίνειν
2058 1354 2098 1394 τὸ
2117 1353 2175 1403 ὂν,
2202 1353 2280 1395 καθ’
2305 1348 2344 1395 οὗ
2361 1354 2404 1395 ἂν

1369 1415 1615 1465 κατηγορηθῇ,
1638 1410 1729 1450 ἀλλα
1753 1411 1814 1449 καὶ
1845 1411 1967 1465 ὅπερ
1949 1428 1986 1452 ον
2019 1412 2080 1452 καὶ
2099 1411 2184 1466 ὅπερ
2208 1413 2262 1453 ἕν·
2279 1413 2320 1453 rb
2337 1413 2404 1490 γὰρ

1369 1470 1480 1521 συμὸε
1484 1470 1588 1517 ὅηκὸς
1608 1472 1685 1509 καθ’
1706 1470 1934 1521 ὑποκειμένου
1953 1471 2044 1516 τινὸς
2071 1471 2224 1523 λέγεται.
2246 1470 2367 1512 ’Ὥστε
2376 1489 2406 1526 ῳ

1369 1529 1569 1580 συμὸέὸηκε
1595 1529 1634 1567 rb
1666 1528 1724 1575 ὄν,
1747 1529 1809 1567 οὒκ
1829 1528 1954 1568 ἔσται·
1970 1528 2086 1582 ἕτερον
2110 1529 2178 1583 γὰρ
2203 1546 2262 1569 του
2290 1529 2404 1576 ὄντος·

1369 1587 1467 1626 ἔσται
1493 1603 1526 1626 τι
1546 1588 1612 1640 ἄρα
1644 1586 1747 1626 οὐχ’
1727 1602 1781 1625 ον·
1814 1588 1852 1625 οὗ
1880 1587 1921 1634 δὴ
1949 1587 2048 1627 ἔσται
2068 1587 2164 1642 ἄλλῳ
2185 1589 2343 1642 ὁτι-ἄρχον
2365 1588 2406 1628 τὸ

1369 1645 1432 1684 ὅπε
1475 1646 1527 1686 ὅν.

1424 1662 1670 1757 (ρΑΥἱεῐοῑεΙοε
1688 1704 1804 1755 Phys.
1837 1703 1904 1742 lib.
1931 1705 1947 1743 1
1971 1718 2056 1756 cap.
2082 1706 2103 1743 3
2131 1719 2216 1758 pag.
2244 1707 2333 1747 186.
2363 1719 2400 1746 a·

1370 1764 1415 1802 31
1439 1764 1498 1802 ed.
1529 1764 1685 1802 Bekker.
1710 1762 1930 1813 Simplicius
1951 1763 2016 1802 fol.
2040 1777 2090 1814 29
2109 1763 2170 1802 καὶ
2197 1765 2216 1802 ὃ
2241 1763 2406 1815 Εὔδημος

1370 1821 1407 1860 δὲ
1427 1825 1476 1875 τῷ
1493 1819 1722 1874 Ἀριστοτέλει
1742 1820 1858 1859 πάντα
1880 1821 2144 1861 κατακολουθῶν
2162 1825 2222 1861 τοῦ
2242 1821 2328 1876 ὅπερ
2349 1821 2407 1862 ὄν-

1368 1896 1423 1925 τος
1440 1882 1565 1923 ἐκῒενος
1584 1880 1679 1933 (leg.
1697 1879 1834 1931 ἐκείνῳ)
1855 1881 1917 1918 οὐκ
1931 1879 2077 1927 ἤκουσεν
2094 1882 2139 1926 ὡς
2154 1880 2284 1933 γένους.
2344 1881 2407 1922 Ἐν

1367 1941 1447 1990 γοῦν
1468 1941 1516 1991 τῷ
1538 1938 1666 1991 πρώτῳ
1686 1940 1755 1976 τῶν
1771 1940 1939 1978 Φυσικῶν
1955 1939 2035 1992 περὶ
2054 1939 2277 1991 Παρμενίδου
2293 1938 2406 1992 λέγων

1368 2000 1477 2034 ταῦτα
1495 1997 1665 2049 γέγραφεν
1683 1998 1729 2040 ὡς
1742 1995 1959 2048 Ἀλέξανδρός
1973 2011 2092 2047 φησιν.
2149 1996 2248 2048 Ἐγὼ
2261 1996 2329 2051 γὰρ
2342 2001 2408 2052 οὐχ

1368 2058 1465 2107 εὖρον
1486 2056 1520 2093 ἐν
1550 2057 1599 2107 τῶ
1624 2054 1793 2108 Εὖδημίῳ
1814 2054 1906 2107 (leg.
1936 2054 2124 2129 Εὗδημείῳ
2147 2065 2213 2094 aut
2231 2056 2405 2112 Εὖδῆμω)

1367 2113 1428 2160 τὴν
1453 2112 1541 2159 λέξιν
1566 2112 1716 2161 ταύτην·
1737 2131 1754 2147 «ι
1780 2112 1819 2151 τὸ
1840 2112 1901 2163 μὲν
1921 2107 1979 2151 ουν
2006 2113 2116 2152 κοινὸν
2143 2115 2206 2153 οὐκ
2225 2113 2270 2153 ἂν
2290 2115 2406 2168 λέγοι

1367 2171 1445 2211 οὔτε
1468 2171 1535 2224 γαρ
1568 2170 1721 2219 ἐζητεῖτό
1743 2186 1799 2210 πω
1826 2171 1870 2209 τὰ
1896 2176 2061 2220 τοιαῦτα,
2086 2171 2222 2212 ἀλλὰ“’
2203 2182 2344 2226 υστερον
2367 2175 2406 2214 ἐκ

1367 2233 1435 2268 τῶν
1463 2231 1573 2282 λόγων
1603 2232 1794 2282 προῆλθεν,
1816 2229 1895 2269 οὔτε
1919 2230 2122 2284 ἐπιδέχοιτο’
2144 2231 2186 2271 ἂν
2213 2231 2235 2271 ἃ
2257 2236 2308 2287 τῷ
2326 2233 2405 2279 Δὄντι

1368 2289 1531 2341 ἐπιλέγει.
1589 2291 1672 2333 Πῶς
1697 2288 1764 2342 γὰρ
1791 2288 1890 2327 ἔσται
1922 2292 2026 2328 τοῦτο
2047 2289 2213 2340 μεσσόθεν
2242 2289 2422 2335 ἷσοπαλὲς·
2448 2329 2450 2332 .

1366 2348 1426 2387 καὶ
1446 2349 1488 2387 τὰ
1511 2362 1676 2396 τοιαυτας
1698 2364 1746 2400 τῳ
1768 2347 1803 2386 δὲ
1829 2349 1963 2400 οὖρανῢ
1977 2377 1987 2397 ,
2009 2347 2114 2400 φησί,
2137 2347 2260 2400 σχεδὸν
2279 2347 2405 2394 πάντες

1367 2408 1621 2460 ἐφαρμόσουσιν
1641 2409 1672 2445 οἱ
1694 2421 1841 2445 τοιουτοι
1861 2406 1957 2457 λόγοι
1963 2405 2030 2476 „”)'

1420 2469 1551 2506 13.οὐ
1579 2466 1645 2539 γὰρ
1673 2467 1772 2504 ἔσται
1793 2465 1864 2504 ὄντι
1895 2467 1988 2518 αὐτῶ
2009 2457 2116 2514 εἶναι,
2142 2467 2172 2505 εἶ
2205 2465 2254 2517 μὴ
2287 2467 2403 2507 πολλὰ

1365 2526 1404 2565 τὸ
1429 2525 1466 2564 ὂν
1485 2525 1649 2576 σημαίνει
1675 2524 1780 2569 οὕτως
1804 2523 1894 2562 ωστε
1915 2517 2003 2562 εἶναί
2031 2539 2064 2562 τι
2069 2522 2249 2599 ἕκαστον.
2305 2525 2399 2566 Ἀλλ’

1365 2583 1543 2622 υπόκειται
1563 2583 1602 2621 rb
1619 2582 1655 2621 ὂν
1678 2582 1860 2632 σημαίνειν
1882 2581 1931 2622 εν.
1993 2583 2036 2621 Εἰ
2051 2576 2109 2621 ουν
2126 2582 2166 2621 τὸ
2180 2582 2267 2636 ὅπερ
2286 2582 2324 2623 ὃν
2338 2599 2404 2635 μη-

1366 2642 1435 2681 δενὶ
1454 2641 1676 2692 συμὸέὸηκεν
1693 2669 1704 2688 ,
1730 2642 1807 2679 ἀλλ’
1833 2640 1975 2693 ἐκείνῳ,
1994 2643 2028 2679 τί
2050 2642 2182 2692 μᾶλλον
2199 2642 2239 2682 rb
2257 2641 2343 2696 ὅπερ
2363 2641 2402 2682 ὃν

1365 2699 1527 2749 σημαίνει
1545 2701 1584 2739 τὸ
1608 2699 1644 2739 ὂν
1663 2700 1685 2747 ἢ
1717 2698 1805 2750 μὴ’
1786 2715 1843 2749 ον;

1418 2758 1667 2811 (Aristoteles
1688 2758 1805 2810 Phys.
1835 2758 1903 2798 lib.
1931 2759 1946 2797 1
1966 2771 2049 2808 cap.
2084 2759 2105 2796 3
2125 2769 2215 2809 pag.
2251 2759 2340 2799 186.
2357 2759 2398 2798 b.

1366 2831 1403 2855 2.
1426 2817 1681 2869 Simplicius
1671 2831 1712 2855 in
1734 2817 1848 2858 Arist.
1869 2817 1989 2869 Phys.
2013 2817 2079 2856 sol.
2104 2818 2149 2855 31
2177 2816 2230 2856 ὅτι
2251 2816 2315 2870 μὲν
2340 2811 2400 2856 ουν

1364 2877 1401 2914 οὗ
1419 2878 1486 2915 τῶν
1507 2876 1695 2929 γινομένων
1716 2893 1750 2916 τι
1766 2892 1825 2915 και
1842 2877 2070 2930 φθειρομένων
2087 2878 2105 2915 ὁ
2125 2876 2350 2929 Παρμενίδης
2363 2876 2399 2916 ἓν

1364 2934 1403 2972 rb
1423 2933 1459 2973 ὂν
1481 2935 1632 2983 τίθεται,
1664 2936 1763 2983 δηλοῖ
1777 2934 1816 2974 τὸ
1836 2935 1976 2985 σημεῖον
2002 2936 2104 2973 αὐτοῦ
2128 2933 2164 2973 ἓν
2178 2935 2218 2974 τὸ
2235 2935 2400 2989 ἀγένητον

1365 2992 1423 3032 καὶ
1456 2993 1628 3047 ἄφθαρτον
1652 2993 1797 3046 λέγων’
1782 3010 1816 3033 εν
1843 2988 1892 3038 οἷς
1915 3009 2019 3047 φησι·
2042 2993 2144 3046 μόνος
2169 2994 2198 3034 δ’
2225 2993 2276 3034 ἔτι
2297 3000 2401 3046 μῦθος

1292 3482 1300 3502 ,
1326 3442 1334 3504 Ι

1362 3179 1414 3210 est
1426 3167 1512 3211 enim
1531 3178 1697 3225 diversum
1714 3179 1755 3211 ab
1773 3187 1811 3211 eo
1831 3178 1922 3220 quod
1940 3179 2001 3211 est.
2047 3179 2116 3212 Erit
2135 3187 2212 3222 ergo
2233 3179 2399 3223 quippiam

1361 3236 1451 3276 quod
1474 3245 1536 3269 non
1561 3238 1612 3269 est
1640 3249 1648 3269 ι
1677 3237 1933 3279 haudquaquam
1968 3246 2046 3279 ergo
2075 3236 2128 3279 id,
2151 3238 2240 3280 quod
2269 3237 2398 3281 proprie

1362 3295 1413 3327 est
1430 3303 1504 3334 ens,
1524 3295 1580 3327 alii
1594 3295 1702 3337 inerit.

1405 3355 1454 3386 13.
1477 3354 1592 3396 Neque
1613 3354 1699 3387 enim
1720 3353 1805 3387 entis
1829 3354 1988 3386 rationem
2013 3354 2153 3396 subibit,
2170 3355 2233 3388 nisi
2253 3355 2287 3388 id
2308 3356 2397 3397 quod

1361 3415 1411 3445 est
1431 3414 1526 3455 plura
1549 3414 1707 3456 significet
1725 3415 1788 3447 hoc
1812 3415 1928 3456 pacto,
1946 3416 1984 3447 ut
2006 3402 2253 3457 unumquidque
2273 3410 2404 3462 aliquid

1361 3470 1414 3504 sit.
1458 3473 1501 3505 At
1529 3472 1563 3505 id
1584 3473 1684 3515 quod
1717 3474 1785 3514 est,
1816 3481 1918 3506 unum
1950 3473 2133 3515 significare
2166 3474 2307 3515 ponitur.
2360 3475 2395 3508 Si
