2508 3776
277 182 354 220 544

274 270 334 316 νὴν
352 273 455 306 εἰναι·
448 266 527 305 ·καὶ
542 266 610 319 γὰρ
627 266 734 310 οὖδεις
751 267 882 339 {pon-&w
881 265 973 311 τίνος
991 267 1092 307 ἕνεκα
1105 268 1169 317 τὴν
1183 269 1309 317 ἡδονὴν

275 327 489 380 βουλόμεθα,
515 326 606 364 ἀλλὰ
638 325 719 378 περὶ
741 326 804 376 μὲν
836 329 904 364 τῶν
937 325 1052 366 ἄλλων
1074 329 1308 381 ἐρωτώμεθα,

272 382 359 434 οἷον,
381 385 461 438 φέρε
482 387 606 432 εἰπεῖν,
624 384 715 428 τίνος
738 383 839 423 ἕνεκα
856 385 900 424 τὰ
921 402 1115 438 χρηματα,
1134 387 1192 435 ἢὴ
1214 387 1311 438 τιμή,

271 445 350 496 περὶ
380 445 415 482 δὲ
432 447 493 490 τῆς
516 445 643 492 ἡδονης
664 441 780 482 οὐκέτι
797 445 965 489 1’·οὗδεὶς
993 445 1061 498 γὰρ
1081 445 1186 484 δώσει
1211 462 1248 484 τε
1241 447 1310 489 λος

271 507 331 551 τῆς
350 505 487 550 ἡδονῆς,
506 505 580 541 ἀνθ’
603 503 682 551 ὅτου
704 500 867 555 βούλεται
894 502 1060 552 ἥδεσθαι,
1091 504 1183 543 ἀλλὰ
1205 504 1312 550 αὐτὴν

272 565 423 615 αἱρεῖται
451 564 529 602 καθ’
565 562 715 610 ἑαυτήν,
748 564 795 606 ὡς
827 564 906 601 καθ’
934 562 1061 610 ἑαυτὴν
1087 558 1215 603 οὖσαν·
1237 564 1314 602 ἐπεὶ

272 621 308 661 δὲ
339 623 378 661 τὸ
407 624 486 661 καθ’
517 621 620 660 ἑαυτὸ
642 620 779 672 αἱρετὸν
801 622 840 659 τὸ
855 621 950 665 τέλος
972 620 1047 659 ἐστὶ
1079 621 1117 659 τὸ
1141 622 1311 675 ἔσχατον,

270 697 330 720 και
346 682 385 720 τὸ
409 681 536 733 ἀγαθὸν
554 681 697 729 αὐτό,
680 681 741 719 διὰ
760 696 860 719 τουτο
882 683 1009 732 συνῆγε
1040 680 1103 728 τὴν
1124 681 1250 730 ἡδονὴν
1275 682 1315 720 τὸ

271 741 419 793 ἔσχατον
436 741 563 792 ἀγαθὸν
581 744 682 779 εἶναι.
700 736 784 781 Ἔτι
807 739 841 777 δὲ
861 738 922 779 καὶ
943 740 1069 778 ἐκεῖθεν
1098 741 1202 787 δῆλον
1225 744 1314 779 εἶναι

270 800 358 854 ὤετο
372 801 410 839 τὸ
430 800 681 853 προκείμενον·
700 797 956 851 προστιθεμένη
980 799 1046 852 γὰρ
1067 801 1089 846 ἡ
1111 799 1216 847 ἡδονὴ
1247 802 1315 838 τῶν

273 862 411 911 ἀγαθῶν
435 863 584 913 ὁτῳοῦν,
618 859 845 912 αἱρετώτερον
866 860 961 896 ποιεῖ
991 858 1050 896 καὶ
1078 858 1197 910 ἐφετὸν
1220 860 1313 910 μᾶλ-

270 920 329 957 λον
343 933 350 941 ·
372 922 394 966 ἡ
411 920 478 972 γὰρ
508 918 714 972 σωφροσύνη
733 917 796 964 τὴν
827 917 955 964 ἡδονὴν
977 917 1230 969 προσλαὸοῦσα
1249 917 1271 964 ἢ
1292 920 1314 965 ἡ

271 979 492 1027 δικαιοσύνη,
510 977 658 1025 ἡδίων”
642 993 740 1016 εσται
757 977 819 1015 καὶ
841 975 1056 1028 αἱρετωτέρα
1076 978 1222 1023 ἑαυτης·
1241 975 1259 1015 ὃ
1279 977 1314 1014 δὲ

268 1038 537 1092 προστιθέμενον
560 1052 665 1076 παντι
692 1037 813 1088 ἀγαθῳ
838 1034 973 1088 βέλτιον
1007 1034 1153 1073 δύναται
1182 1039 1316 1083 ποιεῖν,

269 1103 370 1137 τοῦτο
391 1096 544 1148 ἐνόμιζεν
562 1099 650 1134 εἶναι
670 1095 709 1133 τὸ
731 1095 879 1148 ἔσχατον
903 1093 1047 1147 ἀγαθόν.
1071 1092 1178 1146 Ἔχει
1200 1093 1235 1132 δὲ
1253 1096 1317 1146 οὐχ

269 1155 389 1201 ούτως.
414 1154 465 1194 Ο
490 1156 552 1207 γὰρ
570 1153 840 1207 προστιθέμενον
863 1155 982 1206 ἀγαθω
1015 1153 1148 1206 βέλτιον
1171 1153 1315 1191 δύναται

268 1221 394 1263 ποιεῖν,
413 1214 574 1269 φαίνεται
591 1213 643 1252 ὅτι
660 1213 787 1265 ἀγαθόν
807 1215 916 1252 ἐστιν·
934 1214 997 1252 οὐκ
1022 1213 1157 1265 ἀνάγκη
1179 1212 1216 1250 δὲ
1231 1210 1315 1250 αὐτὸ

269 1269 358 1314 εἶναι
376 1275 413 1313 τὸ
434 1274 583 1327 ἔσχατον
621 1273 767 1325 ἀγαθόν,
788 1274 811 1320 ἢ
840 1273 958 1326 ἑτέρου
989 1275 1130 1311 ὁτουοῦν
1161 1271 1314 1323 βέλτιον·

267 1342 337 1375 πᾶν
362 1336 428 1387 γὰρ
450 1335 574 1386 ἀγαθὸν
599 1333 706 1385 ἑτέρῳ
732 1332 917 1386 προστεθὲν
941 1333 1063 1384 ἀγαθῷ
1084 1329 1312 1383 αἱρετώτερον

269 1400 381 1434 ποιεῖ·
402 1396 517 1445 μεῖζον
536 1393 603 1446 γὰρ
621 1393 659 1431 τὸ
677 1392 755 1431 ὅλον
776 1397 835 1432 τοῦ
855 1391 978 1444 μέρους
994 1391 1050 1430 ἐπὶ
1072 1389 1218 1436 παντός.
1242 1389 1316 1429 Καὶ

269 1453 291 1492 ἃ
311 1453 373 1504 μὲν
396 1453 506 1492 εδόκει
526 1454 575 1490 τῶ
592 1451 734 1503 Εὐδόξῳ
751 1450 832 1504 περὶ
848 1452 992 1498 ἡδονῆς,
1010 1452 1136 1488 ταῦτα.

322 1513 338 1529 *
361 1513 510 1552 Πλάτων
542 1512 577 1549 δὲ
609 1513 670 1549 οὐκ
691 1514 780 1549 εἶναι
798 1509 951 1563 ἔφασκεν
975 1510 1084 1556 αὐτὴν
1105 1507 1145 1547 τὸ
1165 1507 1313 1560 ἔσχατον

269 1572 397 1624 ἀγαθόν
415 1603 424 1623 ,
446 1571 516 1609 ἀπὸ
545 1587 614 1609 των
638 1571 752 1608 αὐτῶν
781 1571 967 1623 ἐπιχειρῶν
985 1568 1125 1620 λόγων,
1149 1569 1224 1606 ὅθεν
1246 1567 1315 1607 Εὔ-

269 1631 391 1677 δοξος’
378 1636 540 1683 επειρατο
558 1629 598 1668 τὸ
611 1629 757 1682 ἔσχατον
778 1630 905 1681 ἀγαθὸν
921 1627 983 1675 τὴν
1005 1627 1133 1675 ἡδονὴν
1153 1626 1308 1681 ἀποφαί

267 1707 350 1730 νειν.
375 1689 479 1730 Επεὶ
504 1687 571 1742 γὰρ
596 1690 659 1727 οὐκ
694 1688 788 1739 ἔστι,
819 1687 948 1742 φησίν,
981 1686 1110 1739 ἀγαθὸν
1139 1685 1312 1738 ἔσχατον,

268 1755 305 1789 οὓ
326 1749 503 1803 ενδέχεται
527 1749 641 1798 μεῖζον
663 1747 845 1800 γενέσθαι·
865 1746 950 1786 αὐτὸ
966 1745 1033 1799 γὰρ
1056 1746 1145 1790 εἰκὸς
1166 1749 1254 1784 εἰναι
1275 1745 1314 1784 τὸ

270 1810 433 1861 μέγιστον
457 1807 603 1860 ἀγαθόν·
626 1810 655 1844 ω
681 1807 749 1859 ἄρα
773 1808 893 1858 αγαθῶ
914 1805 1000 1843 ἄλλο
1017 1804 1145 1856 ἀγαθον
1162 1819 1311 1857 προστε-

268 1869 322 1907 θὲν
339 1870 485 1919 μεῖζον’
471 1867 610 1915 εποίησε
635 1866 695 1905 καὶ
718 1864 963 1940 αἱρετώτερον,
981 1867 1083 1905 τοῦτο
1102 1865 1166 1903 οὐκ
1187 1863 1261 1902 ἔστι
1274 1863 1314 1901 τὸ

267 1927 415 1980 ἔσχατον
428 1926 576 1978 ἀγαθόν·
600 1928 637 1964 06
658 1926 726 1977 γάρ
751 1926 824 1963 ἐστι
848 1926 887 1963 τὸ
907 1924 1070 1976 μέγιστον
1104 1917 1313 1975 ἀγαθόν,οὓ

268 1987 384 2037 μεῖζον
408 1985 495 2024 ἄλλο
516 1985 659 2024 δύναται
679 1984 855 2036 γενέσθαι·
877 1987 898 2031 ἡ
925 1983 959 2022 δὲ
980 1982 1087 2031 ἡδονὴ
1109 1982 1271 2029 τοιαύτη·
1296 1984 1314 2020 ὁ

265 2044 333 2097 γὰρ
346 2044 427 2091 ἡδὺς
442 2044 512 2097 βίος
521 2043 714 2098 φρόνησιν-ἢ
730 2042 954 2096 σωφροσύνην
964 2041 1192 2094 προσλαβών,
1206 2041 1312 2088 ἡδίων

266 2103 395 2154 γίνεται
414 2103 473 2141 καὶ
494 2103 741 2156 αἱρετώτερος·
755 2101 848 2140 ἔστιν
859 2100 970 2154 ἄρατι
996 2100 1131 2152 βέλτιον
1152 2116 1214 2151 τῃς
1228 2101 1312 2148 ἡδο-

265 2175 345 2208 νης·
368 2163 430 2200 οὐκ
451 2163 520 2215 ἄρα
539 2167 560 2209 ἠ
578 2161 720 2209 ἡδονή’
705 2177 779 2200 εστι
812 2160 852 2199 τὸ
874 2160 1022 2213 ἔσχατον
1044 2158 1197 2212 ἀγαθόν,
1222 2157 1313 2197 ἀλλὰ
1335 2167 1337 2169 “

266 2221 394 2272 ἀγαθόν
405 2221 439 2260 τί
460 2223 533 2260 ἐστι
556 2226 731 2269 τοιοῦτον,
755 2223 811 2259 οἵα
827 2219 941 2271 ἀγαθά
956 2220 1042 2257 εἶσιν
1057 2220 1093 2257 αἱ
1110 2218 1231 2272 ἀρεταὶ
1253 2219 1312 2257 καὶ

266 2282 301 2318 αἱ
317 2282 530 2330 ἐπιστημαι,
557 2281 618 2319 καὶ
635 2280 771 2328 τᾶλλα,
795 2283 844 2318 ὧν
869 2278 928 2317 καὶ
944 2279 1044 2329 ἡμεῖς
1066 2293 1310 2327 κοινωνουμεν.

265 2340 380 2377 Ἰοῦτο
398 2338 466 2391 γὰρ
497 2339 557 2377 καὶ
594 2341 764 2388 ζητοῦμεν
796 2338 853 2377 ἐπὶ
884 2341 943 2375 τοῦ
984 2336 1153 2389 παρόντος
1178 2335 1312 2381 δεῖξαι·

265 2398 394 2436 τούτων
415 2401 484 2436 τῶν
503 2397 680 2450 ἀγαθων“
661 2414 697 2436 εν
718 2413 752 2436 τι
772 2400 862 2435 εἶναι
882 2396 944 2443 τὴν
964 2395 1116 2443 ἡδονήν·
1141 2394 1253 2448 ἕτεροι
1275 2395 1311 2434 δὲ

266 2457 486 2508 ἐνιστάμενοι
517 2457 602 2510 πρὸς
621 2455 699 2501 τους
726 2460 787 2495 τοῦ
811 2455 963 2500 Εὐδόξου
1000 2454 1125 2504 λόγους
1161 2453 1310 2508 ἔφασκον

267 2516 316 2566 μὴ
338 2519 425 2554 εῖναι
441 2517 589 2569 ἀγαθόν,
609 2521 646 2554 ου
661 2515 775 2554 πάντα
794 2514 950 2577 ἐφίεται·
978 2514 1119 2567 λέγουσι
1140 2513 1175 2551 δὲ
1197 2513 1308 2555 οὐδέν.

266 2573 405 2614 Ἐκεῖνο
421 2576 488 2628 γάρ
506 2591 626 2649 φαμεν
636 2575 743 2622 ἀληθὲ
747 2592 761 2619 ς
782 2579 892 2623 εἰναι,
918 2574 936 2614 ὃ
952 2581 1040 2614 πᾶσι
1064 2577 1156 2615 δοκεῖ
1173 2575 1310 2623 ἀληθές·

266 2634 329 2672 ὅδὲ
352 2634 483 2681 ταύτην
501 2637 649 2708 ἀναιρων
665 2634 728 2682 τὴν
746 2634 863 2682 κοινὴν
886 2634 1005 2685 δόξαν,
1020 2634 1081 2673 καὶ
1101 2634 1165 2683 τὴν
1184 2635 1311 2674 ἔκειθεν

267 2693 517 2745 ἀποσειόμενος
550 2694 666 2733 πίστιν
703 2697 776 2737 πῶς
808 2693 849 2732 ἂν
873 2694 1011 2733 δύναιτο
1045 2694 1234 2748 πιστότερα
1253 2695 1311 2733 λε’-

265 2768 361 2804 γειν;
384 2768 437 2791 οτι
473 2753 508 2791 δὲ
539 2754 666 2804 ἀγαθόν
698 2756 789 2796 ἐστιν
818 2757 857 2791 οὑ
893 2754 1009 2793 πάντα
1045 2754 1199 2807 ἐφίεται,
1219 2760 1308 2792 πᾶσι

266 2812 336 2855 τοῖς
372 2813 406 2850 ἐν
429 2811 716 2859 αἷσθήσειδοκεῖ·
743 2812 784 2850 δι’
808 2816 856 2851 ὧν
884 2813 950 2865 γὰρ
979 2814 1026 2857 εἷς
1047 2814 1130 2852 αὐτὸ
1149 2813 1310 2866 φέρονται

267 2869 465 2910 διώκουσιν·
494 2874 540 2915 ὡς
568 2870 637 2923 ἄρα
671 2871 798 2923 ἀγαθον
837 2872 1034 2922 νομίζουσιν
1058 2876 1158 2913 εἰναι.
1183 2874 1225 2912 Εἰ
1247 2871 1309 2923 μὲν

265 2929 332 2981 γὰρ
363 2930 407 2968 τὰ
433 2930 561 2978 ἀνόητα
593 2930 696 2982 μόνον
718 2931 888 2983 ὠρέγοντο
913 2933 1039 2978 αὐτου,
1066 2932 1180 2975 αὐτοῖς
1207 2947 1248 2970 αν
1268 2935 1310 2978 ἠν

267 2988 397 3040 ἀγαθὸν
418 2989 539 3040 μόνον,
570 2990 629 3028 καὶ
664 2993 686 3037 ἡ
725 2992 836 3043 ψῆφος
867 2991 930 3029 οὖκ
951 2990 992 3028 ἂν
1019 2995 1062 3038 ἠν
1091 2990 1218 3043 βεὸαία
1241 2992 1308 3028 τῶν

267 3048 447 3099 ἀνοήτων,
465 3050 534 3088 οὐδ’
560 3049 623 3087 δινο
653 3049 765 3088 ἐδόκει
788 3050 915 3102 ἀγαθὸν
939 3052 1075 3096 ἀληθῶς
1093 3054 1201 3089 εἶναι’
1226 3053 1308 3089 ὅταν

266 3107 301 3145 δὲ
321 3106 382 3146 καὶ
403 3107 448 3146 τὰ
471 3108 621 3158 ἀνόητα,
643 3108 704 3147 και
725 3109 768 3147 τὰ
789 3108 938 3162 φρόνιμα
959 3113 1056 3162 κοινῇ
1073 3110 1189 3149 πάντα
1211 3109 1306 3160 νομί-

265 3167 368 3211 ζωσιν
389 3169 514 3220 ἀγαθὸν
531 3162 620 3207 εἶναι
634 3199 645 3221 ,
668 3170 712 3207 δι’
736 3162 783 3206 ὧν
806 3170 964 3215 ζητοῦσιν
986 3168 1093 3218 αὐτό,
1116 3168 1150 3208 τί
1166 3170 1216 3208 ἔτι
1232 3184 1309 3207 κω-

265 3225 339 3265 λύει
364 3228 492 3279 ἀγαθὸν
514 3230 650 3277 ἀληθῶς
675 3221 785 3279 sivum
814 3226 874 3266 καὶ
896 3227 962 3280 γὰρ
982 3227 1041 3267 καὶ
1062 3230 1096 3266 ἓν
1115 3231 1182 3272 τοῖς
1203 3227 1306 3274 ἀνοή-

265 3301 335 3330 τοις
355 3287 430 3326 ἕστί
455 3304 488 3326 τι
520 3287 666 3342 φυσικὸν
689 3286 840 3339 ἀγαθόν,
862 3286 924 3333 τὴν
955 3286 1159 3339 φαυλότητα
1191 3287 1305 3325 αὐτῶν

1086 179 1367 222 ANDRONICI
1394 182 1574 222 RHODlI

1383 276 1544 317 luptatem
1562 289 1570 317 ;
1591 285 1686 309 nemo
1702 277 1790 310 enim
1809 279 1914 319 rogat,
1943 271 2045 321 quam
2061 279 2104 313 ob
2120 289 2254 313 causam
2274 275 2435 323 volupta-'

1384 331 1451 361 tem
1473 331 1678 370 expetamus,
1703 339 1808 372 quum
1825 330 1866 363 de
1887 331 1960 364 aliis
1980 331 2079 365 rebus
2102 333 2353 375 interrogemur,
2375 335 2427 376 ut,

1384 382 1476 414 verbi
1493 383 1608 423 gratia,
1623 393 1785 426 quorsum
1801 385 1853 417 hae
1871 386 2019 427 pecuniae
2033 386 2087 419 vel
2103 387 2157 420 hic
2173 388 2298 422 honor?
2315 388 2358 421 de
2370 397 2427 422 vo·

1384 438 1511 480 luptate
1533 442 1645 472 autem
1671 450 1736 473 non
1763 441 1845 474 item
1865 453 1872 474 :
1896 452 1992 474 nemo
2011 442 2099 475 enim
2128 443 2309 486 voluptatis
2330 445 2428 478 finem

1385 494 1490 536 dabit,
1509 498 1643 537 propter
1659 505 1760 538 quem
1780 506 1819 530 ea
1840 496 1927 530 affici
1948 499 2033 537 vult,
2053 498 2111 532 sed
2133 499 2238 541 ipsam
2255 509 2314 543 per
2326 509 2363 534 se
2377 509 2430 534 ex-

1384 550 1478 592 petit,
1514 553 1552 582 ut
1577 560 1653 595 quae
1676 561 1734 594 per
1772 562 1807 586 se
1833 553 1989 595 optabilis
2009 554 2082 587 sit:
2115 565 2220 597 quum
2249 558 2361 590 autem
2394 555 2431 589 id

1385 605 1475 649 quod
1493 615 1551 647 per
1570 615 1604 638 se
1622 609 1672 639 est
1690 608 1912 649 expetendum
1930 608 2004 641 finis
2017 609 2060 642 sit
2074 612 2244 644 extremus
2251 611 2430 655 ipsumque

1359 691 1363 694 .
1387 660 1468 693 adeo
1489 661 1623 701 bonum,
1652 663 1729 695 hinc
1751 663 1925 705 colligebat
1949 664 2152 707 voluptatem
2174 675 2246 699 esse
2270 666 2432 700 bonorum

1386 715 1581 746 extremum.
1613 715 1677 747 Sed
1709 717 1742 747 et
1769 715 1846 748 hinc
1886 715 2100 750 manifestum
2140 727 2212 751 esse
2236 718 2377 760 putabat
2396 716 2431 751 id

1386 766 1476 808 quod
1495 767 1699 809 propositum
1723 771 1774 804 cst
1804 782 1811 801 :
1833 770 1988 811 voluptas
2023 771 2110 803 enim
2135 771 2321 815 cuicunque
2347 771 2432 806 bono

1387 823 1524 862 accedit,
1558 824 1737 865 optabilius
1763 825 1846 858 illud
1876 826 1954 858 facit
1978 826 2148 869 magisque
2176 826 2398 870 expetendum
2421 840 2431 860 ι

1387 879 1507 921 quippe
1529 880 1756 922 temperantia,
1786 881 1813 914 si
1837 881 1996 924 adjungas
2023 882 2053 915 ei
2070 883 2288 925 voluptatem,
2309 884 2369 917 aut
2375 883 2430 926 ju-

1388 935 1491 975 slitia,
1511 935 1688 976 jucundior
1714 939 1747 968 et
1767 936 1944 978 optabilior
1964 946 1998 970 se
2020 937 2090 979 ipsa
2117 936 2280 970 efficietur
2304 949 2313 971 ε
2341 937 2433 981 quod

1388 1001 1467 1023 vero
1482 991 1679 1034 cuicumque
1694 992 1780 1024 bono
1797 993 1923 1025 accedit
1944 993 2064 1026 melius
2081 993 2164 1026 illud
2182 993 2290 1027 facere
2310 995 2431 1036 potest,

1387 1047 1449 1079 hoc
1470 1048 1631 1080 bonorum
1662 1050 1849 1080 extremum
1879 1058 1950 1081 esse
1978 1049 2199 1083 existimabat.
2226 1051 2292 1082 Res
2321 1050 2432 1082 autem

1388 1115 1452 1142 non
1476 1105 1523 1136 ita
1547 1114 1582 1137 se
1600 1105 1710 1137 habet.
1735 1107 1858 1147 Nempe
1890 1105 1981 1147 quod
2006 1115 2112 1147 quum
2133 1105 2262 1139 accedit
2288 1105 2374 1140 hono
2398 1105 2434 1138 in

1387 1161 1507 1194 melius
1526 1161 1609 1194 illud
1630 1164 1761 1206 mutare
1777 1163 1897 1203 potest,
1915 1162 2038 1194 bonum
2059 1171 2131 1194 esse
2150 1163 2286 1204 apparet
2301 1174 2312 1196 ε
2327 1170 2435 1204 neque

1390 1219 1499 1249 tamen
1516 1226 1648 1249 necesse
1667 1219 1716 1249 est
1745 1217 1809 1249 hoc
1838 1221 2006 1249 summum
2028 1220 2099 1250 esse
2123 1217 2258 1256 bonum,
2282 1218 2342 1250 aut
2370 1217 2436 1249 alio

1388 1274 1536 1315 quolibet
1559 1274 1678 1306 melius
1707 1286 1715 1306 ι
1739 1283 1836 1306 0111110
1864 1274 1951 1306 0111111
1975 1274 2098 1307 1101111111
2119 1274 2176 1307 alii
2205 1273 2292 1308 bono
2315 1273 2435 1318 1111]ηο-

1389 1329 1481 1360 ctum
1500 1327 1605 1368 magis
1632 1327 1854 1370 expetendum
1873 1327 1957 1360 illud
1980 1327 2078 1360 efficit
2097 1341 2105 1369 ς
2121 1327 2328 1361 niinirumin
2345 1326 2437 1373 omn-i

1388 1393 1423 1417 re
1440 1386 1549 1417 totum
1570 1385 1679 1427 majus
1706 1387 1757 1417 est
1775 1387 1879 1427 parte.
1907 1386 1950 1418 Et
1972 1384 2044 1418 haec
2070 1384 2207 1428 quidem
2233 1383 2363 1420 Eudoxi
2392 1383 2435 1419 de

1390 1445 1560 1488 voluptate
1584 1447 1677 1478 erant
1690 1445 1822 1488 placita.

1429 1504 1524 1537 Plato
1542 1507 1655 1537 autem
1674 1514 1746 1537 eam
1765 1514 1933 1537 summum
1951 1503 2074 1537 bonum
2104 1513 2176 1538 esse
2200 1503 2351 1548 negabat,
2375 1503 2436 1547 qui
2469 1512 2473 1517 ²
2504 1501 2508 1507 '

1388 1560 1506 1593 iisdem
1524 1561 1559 1593 id
1578 1561 1717 1603 probare
1745 1561 1926 1594 conabatur
1945 1562 2158 1603 argumentis,
2185 1561 2308 1604 quibus
2335 1560 2434 1593 finem

1388 1616 1549 1649 bonorum
1574 1626 1645 1650 esse
1665 1617 1871 1658 voluptatem
1895 1616 2051 1649 Eudoxus
2074 1616 2299 1654 demonstrare
2325 1605 2432 1649 tenta-

1388 1671 1454 1704 bat.
1478 1674 1590 1710 Quum
1611 1671 1699 1704 enim
1719 1681 1784 1704 non
1815 1672 1869 1711 sit,
1890 1672 2008 1714 inquit,
2031 1681 2198 1705 summum
2215 1671 2349 1710 bonum,
2366 1680 2435 1713 quo

1388 1728 1464 1770 fingi
1481 1728 1588 1769 majus
1613 1728 1724 1770 possit,
1746 1728 1825 1770 quia
1844 1728 1928 1761 illud
1944 1728 2054 1770 ipsum
2074 1728 2343 1762 maximumesse
2355 1738 2434 1762 con-

1388 1783 1580 1814 sentaneum
1596 1785 1646 1815 est
1664 1795 1672 1814 ι
1692 1783 1758 1815 tale
1774 1782 1827 1814 oui
1847 1782 1969 1815 bonum
1983 1783 2011 1815 si
2029 1782 2223 1825 adjunctum
2235 1776 2336 1816 fuerit
2350 1783 2434 1816 alte—

1387 1846 1477 1878 rum,
1495 1837 1604 1879 majus
1635 1837 1718 1869 illud
1753 1839 1855 1879 atque
1874 1837 2053 1879 optabilius
2069 1836 2160 1879 facit,
2179 1839 2269 1871 certe
2295 1847 2361 1871 non
2383 1839 2434 1870 est

1388 1901 1555 1926 summum
1574 1894 1722 1926 bonum:
1749 1902 1855 1935 neque
1881 1892 1969 1926 enim
1992 1892 2066 1926 finis
2093 1893 2255 1926 bonorum
2281 1895 2344 1934 est,
2367 1902 2434 1936 quo
2468 1927 2470 1931 Δ

1387 1949 1494 1990 majus
1513 1957 1584 1981 esse
1601 1949 1711 1990 potest
1731 1947 1824 1979 aliud
1841 1960 1850 1980 z
1872 1947 1949 1980 talis
1964 1949 2077 1980 autem
2095 1949 2146 1980 est
2167 1948 2321 1991 voluptas
2338 1959 2346 1980 ε
2365 1948 2434 1980 vita

1387 2006 1475 2040 enim
1492 2003 1652 2046 jucunda,
1676 2003 1703 2035 si
1722 2002 1932 2044 prudentiam
1961 2004 2019 2042 aut
2042 2003 2294 2045 temperantiam
2313 2002 2430 2044 adjun-

1388 2073 1455 2105 gas,
1477 2060 1652 2104 jucundior
1672 2059 1709 2091 fit
1725 2061 1759 2092 et
1780 2058 1957 2101 optabilior
1985 2071 1994 2091 ι
2022 2060 2073 2092 est
2091 2068 2168 2101 ergo
2187 2058 2314 2102 aliquid
2333 2059 2431 2095 volu-

1385 2120 1478 2162 ptate
1496 2115 1709 2159 praestantius
1728 2127 1735 2146 :
1758 2124 1861 2156 quare
1878 2114 2030 2156 voluptas
2046 2124 2111 2148 non
2126 2117 2178 2148 est
2193 2114 2354 2148 bonorum
2369 2124 2432 2147 ex-

1387 2179 1543 2213 tremum,
1565 2171 1623 2204 sed
1642 2171 1708 2203 tale
1727 2170 1897 2213 quoddam
1909 2172 1960 2202 est
1975 2170 2110 2212 bonum,
2127 2171 2240 2214 qualia
2254 2171 2340 2205 bona
2355 2173 2432 2204 sunt

1389 2233 1530 2266 virtutes
1549 2238 1587 2262 ac
1611 2227 1770 2260 doctrinae
1800 2229 1834 2260 et
1859 2227 1987 2269 reliqua
2005 2237 2147 2270 quorum
2173 2237 2234 2261 nos
2257 2228 2433 2271 participes

1390 2296 1517 2322 sumuS.
1538 2287 1622 2319 Nam
1650 2285 1684 2317 et
1709 2284 1773 2316 1100
1804 2283 1838 2316 111
1866 2284 2040 2325 praesentia
2065 2284 2237 2317 ostendere
2262 2293 2429 2323 conamur,

1388 2354 1491 2378 unum
1517 2340 1686 2384 quoddam
1701 2349 1741 2372 ex
1758 2339 1811 2372 his
1831 2334 1924 2372 Bonis
1942 2349 2013 2372 esse
2031 2340 2233 2382 voluptatem
2255 2352 2264 2372 2
2283 2341 2340 2374 alii
2364 2342 2429 2372 Eu·
2459 2357 2463 2361 -

1387 2398 1465 2432 doxi
1485 2395 1669 2429 rationibus
1687 2395 1900 2427 adversantes
1922 2394 2084 2435 negabant
2103 2394 2187 2427 illud
2202 2404 2274 2428 esse
2294 2394 2428 2435 bonum,

1387 2454 1479 2498 quod
1495 2451 1604 2485 omnia
1622 2450 1811 2483 desiderant
1831 2463 1838 2482 :
1857 2450 1916 2492 qui
1934 2453 2046 2483 tamen
2060 2450 2143 2482 nihil
2159 2450 2284 2483 dicunt.
2304 2451 2431 2494 Quippe

1387 2508 1471 2542 illud
1490 2516 1606 2540 verum
1636 2514 1707 2538 esse
1728 2505 1882 2544 dicimus,
1910 2505 2000 2547 quod
2024 2505 2177 2538 omnibus
2203 2504 2337 2538 videtur
2359 2515 2431 2539 esse

1388 2580 1506 2603 verum
1523 2583 1531 2602 ε
1560 2569 1619 2611 qui
1633 2576 1711 2599 vero
1742 2564 1829 2596 hanc
1849 2572 2055 2595 communem
2075 2561 2259 2605 opinionem
2275 2562 2430 2596 convellit

1386 2629 1419 2659 et
1438 2625 1594 2658 traditam
1613 2623 1688 2656 inde
1704 2619 1948 2664 persuasionem
1973 2617 2162 2658 labefactat,
2179 2617 2344 2660 quomodo
2359 2617 2429 2660 ipse

1387 2680 1605 2723 probabiliora
1631 2678 1740 2710 dicere
1759 2675 1886 2718 queat?
1904 2676 2030 2706 Bonum
2045 2673 2157 2705 autem
2175 2671 2210 2704 id
2235 2681 2316 2710 esse,
2338 2671 2428 2714 quod

1386 2736 1497 2770 omnia
1521 2734 1721 2771 desiderant,
1743 2731 1896 2764 omnibus
1918 2727 2082 2761 communi
2099 2736 2198 2760 sensu
2212 2727 2360 2770 praeditis
2375 2727 2428 2759 vi-

1386 2795 1485 2827 detur
1507 2807 1514 2826 :
1530 2803 1568 2826 ea
1586 2791 1743 2824 nimirum
1758 2788 1880 2831 quihus
1897 2796 1935 2819 eo
1951 2785 2119 2828 pervenire
2131 2786 2265 2827 queant,
2283 2792 2428 2826 sequun-

1386 2853 1441 2883 tur
1473 2860 1482 2880 =
1515 2849 1670 2893 quocirca
1688 2847 1770 2890 quin
1796 2846 1918 2878 bonum
1944 2852 2015 2876 esse
2046 2841 2258 2880 arbitrentur,
2286 2849 2350 2873 non
2377 2841 2427 2872 est

1385 2907 1535 2941 dubium.
1559 2907 1594 2941 Si
1617 2906 1703 2939 enim
1726 2905 1825 2937 bruta
1848 2902 1979 2934 tantum
1998 2897 2151 2931 animalia
2171 2896 2206 2934 id
2224 2898 2424 2939 appeterent,

1383 2963 1436 2995 his
1456 2963 1535 2995 solis
1558 2961 1643 2994 foret
1661 2961 1795 2998 bonum,
1821 2957 1879 2990 sed
1900 2964 2013 2989 eorum
2027 2962 2132 2996 neque
2157 2951 2350 2992 suffragium
2368 2950 2426 2982 111·-

1383 3028 1475 3050 11111111
1495 3019 1593 3058 esset,
1616 3025 1723 3058 neque
1740 3023 1854 3048 revera
1874 3012 1996 3044 honum
2020 3017 2091 3042 esse
2106 3007 2298 3039 videretur:
2319 3014 2425 3047 quan-

1383 3074 1426 3106 do
1446 3083 1525 3106 vero
1541 3072 1641 3105 simul
1659 3073 1692 3104 et
1715 3071 1815 3103 bruta
1839 3066 1992 3101 animalia
2015 3066 2048 3114 et
2064 3064 2191 3096 naturae
2209 3060 2424 3102 intelligentes

1383 3128 1601 3161 communiter
1619 3127 1653 3158 id
1674 3126 1797 3158 bonum
1823 3133 1894 3156 esse
1913 3120 2063 3164 judicant
2081 3118 2122 3150 iis
2143 3115 2325 3149 rationibus
2345 3114 2420 3157 qui-

1382 3185 1444 3218 bus
1464 3183 1550 3216 illud
1581 3183 1823 3218 consectantur,
1851 3177 1934 3220 quid
1958 3176 2068 3208 adhuc
2102 3173 2223 3211 obstat,
2247 3170 2422 3214 quominus

1382 3242 1425 3274 sit
1444 3249 1559 3273 revera
1578 3238 1725 3272 bonum?
1740 3239 1823 3269 Nam
1840 3236 1874 3267 et
1892 3234 1925 3265 in
1941 3230 2050 3264 brutis
2065 3227 2261 3262 animalibus
2274 3225 2421 3259 naturale

1381 3295 1515 3338 aliquod
1534 3295 1658 3328 bonum
1676 3294 1738 3332 est,
1768 3290 1887 3324 melius
1912 3297 2013 3331 quam
2033 3286 2180 3327 ipsorum
2208 3283 2251 3316 sit
2278 3281 2418 3321 inscitia,

280 3351 2417 3374 Μ

308 3406 327 3424 ⁴*
352 3406 500 3449 Τοιούτῳ
522 3406 561 3445 δὴ
581 3406 667 3449 λόγῳ
690 3406 745 3438 καὶ
762 3405 902 3439 Πλάτων
920 3405 1068 3447 ἀναιρεῖ,
1094 3404 1168 3436 κτλ.
