2528 3788
265 219 346 257 264

257 306 317 345 ed.
338 305 497 343 Bekker.
519 302 744 354 Simplicius
774 303 843 342 fol.
873 309 965 354 294·
986 304 1030 344 b.
1055 305 1126 356 (cf.
1148 305 1292 347 sehon.

258 367 299 403 in
329 364 487 402 Aristot.
510 375 549 413 p.
582 367 669 407 440.
692 375 728 400 a.
753 361 816 402 ed.
848 362 1042 415 Brandis.)
1066 364 1177 410 δείξας
1197 367 1294 417 πρῶ-

256 437 329 468 τον,
353 420 405 459 ὅτι
423 419 494 458 ἔστι
509 419 640 467 κίνησις
658 419 722 468 ἀεί,
743 422 802 458 καὶ
822 420 900 459 οὔτε
920 421 1040 473 γέγονέ
1058 438 1142 461 ποτε
1162 423 1295 469 κίνησις

255 479 421 550 πρότερον
442 476 490 528 μὴ
511 471 610 526 οῧσα,
629 476 706 516 οὔτε
725 477 899 531 φθείρεταί
913 494 1012 529 ποτε,
1031 479 1122 519 ὥστε
1142 480 1191 531 μὴ
1207 484 1294 519 εἰναι

256 538 414 585 κίνησιν,
444 552 517 575 ειτα
550 535 669 591 ἐφεξῆς
702 536 824 586 δείξας,
857 538 909 576 ὅτι
941 538 999 576 τὸ
1007 539 1154 591 πρώτως
1180 542 1294 578 κινοῦν

257 598 333 634 καθ’
367 594 515 642 ἑκάστην
548 595 698 642 κίνησιν,
730 597 777 639 ὡς
808 598 826 633 ὁ
848 594 1013 667 Εὔδημος
1042 598 1292 650 προστίθησιν,

257 654 432 726 ἀκίνητονη
447 646 535 691 εἶναι
563 651 632 706 χρὴ
653 654 712 692 καὶ
742 655 821 693 καθ’
845 655 928 694 αὑτὸ
951 655 1009 693 καὶ
1037 655 1128 694 κατὰ
1159 655 1294 707 συμὸε-

257 711 377 761 ὅηκός,
401 716 487 750 εἶναι
510 711 546 750 δὲ
567 728 628 750 και
650 709 759 751 ἀΐδιον
782 715 828 757 ὡς
852 713 965 752 ἀϊδιου
982 714 1153 762 κινήσεως
1173 714 1294 764 αἴτιον,

257 771 392 823 ἀνάγκη
428 764 520 810 εἷναί
546 787 631 824 φησι
659 771 700 810 τὸ
734 772 880 826 πρώτως
911 772 1110 824 κινούμενον
1142 774 1209 813 ὑπὸ
1235 778 1295 814 τοῦ

258 831 420 878 ἀκινητου
443 830 502 868 καὶ
526 831 638 870 ἀϊδίου
659 836 837 879 κινητικοῦ
859 831 966 871 ἀίδιον
997 832 1055 870 καὶ
1077 831 1162 871 αὐτὸ
1189 825 1295 871 εἶναι·

260 889 473 942 συνυπάρχει
497 889 565 942 γὰρ
587 891 748 938 ἀλλήλοις
767 891 806 929 τὸ
826 895 941 930 κινοῦν
966 893 1012 935 ὡς
1031 894 1148 930 κινοῦν
1169 891 1230 930 καὶ
1257 892 1309 931 τὸ

258 949 457 1000 κινούμενον
478 952 524 994 ὡς
543 950 759 1000 κινούμενον.
818 950 930 995 Αὐτὸς
948 951 983 991 δὲ
999 951 1059 990 καὶ
1078 951 1188 998 ἄλλην
1208 950 1296 990 ἀπό-

259 1008 360 1053 δειξιν
375 1008 499 1048 τούτου
514 1009 732 1063 προστίθησι.
790 1009 920 1049 Λαὸων
935 1009 1002 1061 γὰρ
1019 1009 1295 1062 ὁμολογούμενον

258 1067 297 1106 τὸ
320 1071 408 1106 εἶναι
431 1067 564 1120 γένεσιν
586 1068 644 1107 καὶ
665 1067 826 1122 φθορὰν’
811 1084 846 1107 εν
868 1072 939 1114 τοῖς
959 1063 1051 1118 ουσι,
1076 1068 1296 1119 συνημμένον

258 1141 293 1165 τι
316 1129 471 1165 τοιοῦτον
491 1127 622 1179 ἐπάγει.
679 1129 723 1166 Ei
740 1128 788 1178 μὴ
811 1127 885 1166 ἔστι
913 1144 945 1166 τι
970 1130 1004 1166 ἀι
992 1127 1077 1166 ’διον
1098 1127 1297 1178 κινούμενόν

255 1204 294 1228 τε
311 1184 371 1224 καὶ
389 1190 519 1238 κινοῦν,
537 1188 599 1225 οὐκ
612 1186 653 1225 ἂν
669 1188 723 1235 εἴη
736 1188 866 1238 γένεσις
888 1188 941 1226 ἀεὶ
961 1188 1020 1226 καὶ
1037 1187 1160 1240 φθορά.
1193 1186 1298 1225 Ἀλλὰ

266 1243 370 1295 μὴν”
353 1260 428 1283 εστι
458 1249 587 1285 ταῦτα·
611 1247 702 1285 ἔστιν
733 1246 803 1300 ἄρα
831 1244 940 1285 ἀίδιόν
966 1262 999 1284 τι
1032 1244 1232 1296 κινούμενόν
1260 1260 1298 1283 τε

261 1303 320 1344 καὶ
342 1303 490 1356 κινοῦν.)

319 1374 366 1399 8¹.
396 1360 500 1401 Ἐπει
532 1362 560 1401 δ’
591 1363 625 1400 ἐν
658 1367 727 1405 τοῖς
758 1356 853 1400 οὖσιν
887 1361 1020 1413 ἀνάγκη
1051 1361 1183 1408 κίνησιν
1213 1355 1300 1399 εἶναι

254 1421 410 1471 συνεχῆ,
435 1418 523 1466 αύτη
547 1419 582 1458 δὲ
610 1418 674 1469 μία
696 1418 802 1467 ἐστίν,
829 1419 964 1471 ἀνάγκη
986 1418 1021 1457 δὲ
1041 1418 1106 1466 τὴν
1136 1419 1217 1470 μίαν
1240 1434 1301 1469 με·

262 1476 380 1523 γέΟους
399 1477 436 1515 τέ
463 1493 554 1522 τινος
575 1481 665 1516 εἶναι
695 1477 756 1530 (οὐ
785 1477 851 1550 γὰρ
880 1483 1028 1516 κινεῖται
1055 1477 1094 1516 τὸ
1115 1477 1298 1530 ἀμέγεθες)

264 1534 324 1575 καὶ
355 1536 429 1580 ἑνος
450 1536 522 1575 καὶ
530 1536 586 1590 ὑφ’
618 1535 708 1580 ἑνός·
741 1538 778 1574 06
809 1535 876 1589 γὰρ
910 1536 1010 1575 ἔσται
1042 1538 1200 1590 συνεχής,
1225 1538 1301 1576 ἀλλ’

265 1594 415 1646 ἐχομένη
436 1596 540 1648 ἑτέρα
561 1595 679 1648 ἑτέρας
695 1594 754 1634 καὶ
780 1595 991 1648 διῃρημένη.
1049 1595 1101 1635 Τὸ
1125 1595 1166 1643 δὴ
1185 1599 1301 1635 κινοῦν

263 1652 296 1691 εἰ
314 1651 364 1701 ἕν,
385 1652 408 1701 ἢ
437 1653 636 1705 κινούμενον
657 1658 743 1692 κινεῖ
771 1651 793 1700 ἢ
816 1653 974 1701 ἀκίνητον
997 1654 1050 1694 ὄν.
1109 1656 1155 1694 Εἰ
1175 1655 1238 1704 μὲν
1260 1653 1301 1701 δὴ

265 1711 485 1763 κινούμενον,
503 1714 764 1752 συνακολουθεῖν
785 1713 903 1761 δεήσει
918 1713 978 1752 καὶ
994 1713 1304 1765 συμμεταὸάλλειν

265 1770 364 1821 αὐτό,
385 1770 462 1823 ἅμα
482 1771 519 1810 δὲ
538 1772 707 1810 κινεῖσθαι
728 1771 796 1810 ὑπό
816 1787 927 1816 τινος’
946 1771 1036 1810 ὥστε
1057 1772 1225 1818 στήσεται
1245 1773 1305 1811 καὶ

262 1829 341 1876 ἥξει
367 1831 414 1874 εἷς
433 1829 472 1869 τὸ
499 1833 668 1870 κινεῖσθαι
686 1830 753 1869 ὑπὸ
783 1831 964 1878 ἀκινήτου.
1022 1833 1136 1871 Τοῦτο
1155 1830 1222 1883 γὰρ
1243 1833 1305 1870 οὔκ

269 1888 402 1941 ἀνάγκη
422 1889 742 1940 συμμεταὸάλλειν,
763 1889 840 1928 ἀλλ’
860 1890 914 1929 ἀεί
934 1906 972 1929 τε
990 1890 1176 1937 δυνήσεται
1194 1891 1303 1929 κινεῖν

275 1945 420 1998 (ἄπονον
440 1948 507 2001 γὰρ
528 1948 568 1987 τὸ
587 1948 676 1987 οὕτω
699 1950 832 2022 κινεῖν)
848 1949 907 1987 καὶ
928 1949 1063 2000 ὁμαλὴς
1083 1948 1173 1996 αὕτη
1198 1953 1220 1996 ἡ
1251 1949 1306 1988 κί-

234 2013 242 2025 ’·
269 2023 366 2058 γησις
394 2006 417 2054 ἢ
440 2006 528 2058 μόνη
551 2006 574 2053 ἢ
597 2006 837 2058 μάλιστα·οὗ
866 2007 934 2060 γὰρ
954 2007 1029 2060 ἔχει
1049 2007 1247 2058 μεταὸολὴν
1269 2023 1308 2047 το

271 2071 385 2106 κινοῦν
410 2066 588 2117 οὐδεμίαν.
645 2069 708 2106 Δεῖ
740 2067 776 2105 δὲ
810 2067 886 2105 οὐδὲ
918 2066 957 2105 τὸ
988 2066 1188 2118 κινούμενον
1217 2066 1308 2119 πρὸς

271 2124 402 2166 ἐκείνου
442 2124 534 2178 ἔχειν
571 2125 785 2199 μεταὸολην,
823 2141 877 2163 ινα
909 2125 1013 2175 ὁμοία
1044 2128 1066 2177 ᾖ
1102 2128 1123 2172 ἠ
1141 2125 1307 2200 ”xiva-lotz.

275 2180 423 2235 Ἀνάγκη
452 2182 493 2232 δὴ
522 2183 602 2231 ἢέν
622 2183 719 2236 μέσῳ
739 2182 761 2230 ἢ
787 2185 821 2222 ἐν
842 2182 961 2237 κύκλῳ
989 2179 1096 2222 εἶναι·
1120 2187 1223 2222 αὗται
1243 2183 1309 2235 γὰρ

277 2244 315 2281 αἱ
335 2241 458 2295 ἀρχαί.
516 2241 624 2282 Ἀλλὰ
644 2242 799 2295 τάιχιστα
819 2243 966 2281 κινεῖται
988 2241 1031 2281 τὰ
1052 2242 1227 2295 ἐγγύτατα
1249 2245 1310 2281 τοῦ

273 2303 460 2346 κινοῦντος.
518 2300 675 2349 Τοιαύτη
694 2301 724 2339 δ’
743 2304 765 2349 ἡ
787 2305 848 2340 τοῦ
867 2300 948 2340 ὅλου
969 2301 1123 2348 κίνησις·
1149 2303 1223 2340 ’ἐκεῖ
1243 2301 1311 2354 ἄρα

270 2357 311 2397 τὸ
339 2363 470 2399 κινοῦν.

333 2414 570 2467 (Aristoteles
587 2419 709 2470 Phys.
729 2420 801 2460 lcib.
826 2419 915 2457 Vlll
935 2433 1019 2472 cap.
1043 2434 1089 2458 10
1110 2435 1135 2472 p
1165 2422 1255 2468 267.
1273 2433 1307 2461 a.

281 2490 321 2513 21
339 2477 401 2514 ed.
417 2477 580 2516 Bekker.
607 2478 675 2528 (cf.
698 2478 843 2518 Scholl.
860 2480 902 2517 in
921 2479 1084 2519 Aristot-
1103 2493 1144 2531 p.
1163 2480 1254 2524 453.
1277 2493 1310 2518 a.

274 2534 334 2577 ed.
363 2535 553 2588 Brandis.)
575 2536 682 2575 εἰπὼν
717 2537 835 2576 ὁποῖόν
856 2537 929 2576 ἐστὶ
960 2538 1000 2576 τὸ
1019 2537 1165 2590 πρώτως
1199 2540 1311 2576 κινοῦν

273 2592 334 2632 καὶ
367 2593 407 2632 τὸ
443 2595 644 2643 κινούμενον
678 2595 742 2643 τὴν
780 2595 890 2634 ἀίδιον
929 2596 1064 2642 κίνησιν
1080 2627 1090 2645 ,
1124 2595 1182 2634 καὶ
1219 2595 1312 2640 ὅπως

270 2654 398 2702 ἔχοντα
416 2651 501 2703 πρὸς
517 2653 665 2701 ἄλληλα,
688 2653 805 2700 ἐπειδὴ
823 2656 936 2701 ζητεῖν
954 2653 1027 2698 ἔθος
1046 2648 1105 2703 ἦν,
1124 2656 1170 2698 ὡς
1188 2653 1311 2703 ἔοικεν,

273 2713 339 2749 ποῦ
359 2708 398 2748 τὸ
419 2714 535 2750 κινοῦν
556 2710 613 2749 τὸν
631 2711 773 2763 οὐρανόν
795 2715 882 2760 ἐστι,
905 2712 964 2750 καὶ
986 2712 1058 2763 οἵγε
1079 2712 1313 2765 Πυθαγόρειοι

947 211 1150 256 EUDEMI
1179 214 1357 257 RHODII
1386 215 1741 257 PERIPATETICI

1360 310 1393 346 ἐν
1413 309 1463 360 τῶ
1484 306 1580 359 μέσῳ
1600 304 1733 376 λέγεινω
1731 301 1868 345 ἐδόκουν
1883 307 1984 360 αὖτό,
1991 300 2059 349 ικαὶ
2074 313 2175 349 τοῦτο
2190 311 2399 363 προσθεῖῆο·

1359 367 1429 408 τοῖς
1450 364 1528 417 περὶ
1559 368 1618 402 τοῦ
1639 366 1813 408 κινοῦντος
1839 364 1953 417 λόγοις
1972 338 2194 420 ἐδοκίμασεν,
2216 370 2278 410 καὶ
2298 371 2395 423 λίγα

1358 424 1412 462 ὅτι
1437 423 1571 474 ἀνάγκη
1602 422 1685 461 αὐτὸ
1717 426 1751 462 ἐν
1779 426 1822 476 τῇ
1854 425 1948 477 ἀρχῇ
1981 419 2072 465 εἶναι
2093 431 2153 467 τοῦ
2173 429 2392 481 κινουμένοὺ,

1360 479 1445 555 ὅπερ
1478 481 1691 534 κυριώτατόν
1719 483 1826 524 ἐστιν.
1884 483 1956 522 Δύο
1985 483 2021 523 δὲ
2041 486 2146 559 ἀρχαί
2174 488 2258 527 εἰσιν
2287 489 2338 527 32:
2343 490 2395 543 τῇ

1357 540 1507 594 σφαίρα,
1528 541 1568 580 τό
1584 557 1622 579 τε
1639 540 1742 592 μέσον
1762 541 1821 580 καὶ
1846 541 1884 580 τὸ
1903 542 2019 595 πέριξ·
2039 544 2173 596 ἀνάγκη
2200 540 2269 585 ουν
2283 561 2392 600 φμιν

1362 600 1396 638 ἐν
1416 598 1548 639 τούτων
1572 599 1638 638 τινὶ
1663 603 1750 638 εἶναι
1772 599 1809 638 τὸ
1829 605 1958 642 κινοῦν.
2016 600 2108 641 Ἀλλ’
2129 604 2248 651 ἐπειδὴ
2273 602 2394 656 §hd-p

1362 658 1496 709 γύτατα
1510 662 1570 697 τοῦ
1590 662 1761 702 κινοῦντος
1776 659 1926 713 τάχιστα
1943 662 2076 711 μᾶλλον
2093 666 2252 710 κινεῖται,
2266 660 2400 716 nx&

1363 717 1400 757 δὲ
1429 722 1452 766 ἡ
1484 722 1543 758 τοῦ
1566 719 1693 758 κύκλου
1719 720 1795 770 (al.
1821 718 1923 771 ὅλου)
1952 720 2102 767 κίνησις,
2123 723 2218 760 τοῦτ’
2237 719 2312 760 ἐστι
2334 724 2408 771 ἅμ

1362 778 1601 831 περιφερείας,
1625 779 1697 816 ἐκεῖ
1717 777 1756 816 τὸ
1783 782 1898 817 κινοῦν
1926 778 1979 825 εἴη
2005 779 2062 819 ἄν.
2119 779 2172 819 Τὸ
2198 778 2265 833 γὰρ
2292 779 2397 832 meu

1364 836 1523 883 ἀκίνητον
1547 835 1584 875 ὂν
1614 837 1651 875 οὗ
1683 838 1777 875 δοκεῖ
1804 853 1890 889 προς
1917 837 1955 875 τὸ
1988 841 2101 876 κινοῦν
2131 837 2264 880 οἰκείως
2289 836 2405 892 ἔχειν.

1376 895 1469 934 Οδὲ
1495 894 1693 945 Εὔδημος’
1678 911 1712 934 εν
1736 911 1787 948 τω
1806 895 1958 949 μεγίστῳ
1979 896 2097 949 κύκλῳ
2114 911 2221 948 φησιν
2241 890 2330 936 εἶναι
2344 899 2400 952 τῷ

1365 953 1422 992 διὰ
1453 970 1521 992 των
1551 953 1688 993 πόλων·
1708 957 1807 998 ουτος
1836 953 1903 1007 γὰρ
1932 956 2082 1007 τάχιστα
2112 961 2272 1002 κινεῖται,
2291 955 2332 995 τὸ
2362 936 2398 994 διὲ

1366 1016 1480 1051 κινοῦν
1503 1013 1595 1051 δοκεῖ
1626 1012 1811 1065 ἄρχεσθαι,
1834 1012 1908 1051 ὅθεν
1929 1013 2080 1065 τάχιστα
2102 1013 2142 1051 ἂν
2173 1013 2312 1060 κινήσαι
2338 1014 2415 1060 ιιιιιὶμ

1367 1074 1493 1123 ῥᾷρτα.
1552 1070 1690 1121 Ἀπορεϊ
1711 1070 1747 1109 δὲ
1775 1073 1792 1108 ὁ
1812 1070 2033 1123 Ἀλέξανδρος
2062 1070 2222 1123 καὶπρὸς
2240 1071 2304 1118 τὴν
2333 1071 2399 1117 ἔξω

1364 1129 1584 1182 περιφέρειαν
1606 1128 1665 1167 καὶ
1685 1128 1770 1180 πρὸς
1790 1129 1849 1167 τὸν
1872 1128 2034 1180 μέγιστον
2050 1130 2195 1178 κύκλον,
2216 1131 2248 1170 εἰ
2265 1126 2400 1171 &566-

1365 1203 1433 1225 των
1458 1187 1565 1238 (Ald.
1589 1186 1719 1238 τούτῳ)
1740 1186 1807 1225 τινί
1826 1188 1898 1226 ἐστι
1919 1187 1958 1226 τὸ
1987 1191 2101 1226 κινοῦν
2122 1187 2244 1237 αἴτιον,
2267 1191 2400 1241 wago&

1365 1245 1546 1293 κινήσεται
1581 1243 1673 1283 κατὰ
1697 1244 1929 1293 συμὸεὸηκός.
1985 1245 2059 1285 Καὶ
2088 1245 2195 1285 εἰπὼν
2216 1246 2401 1296 381655111

1367 1305 1416 1356 μὴ
1436 1304 1563 1351 ταύτης
1582 1302 1674 1342 κατὰ
1693 1306 1772 1347 τους
1791 1303 1955 1348 πόλους’
1940 1304 2050 1350 εστίν,
2076 1305 2244 1359 ἐπαπορει
2272 1305 2328 1347 ὅτι
2340 1305 2406 1350 καὶ

1368 1363 1426 1402 δύο
1447 1366 1541 1401 οὗτοι
1564 1363 1621 1401 καὶ
1644 1361 1814 1410 ἀκίνητοι,
1832 1362 2071 1414 Ἀριστοτέλης
2094 1363 2130 1402 δὲ
2157 1379 2218 1403 και
2243 1363 2404 1416 Ευδημός

1368 1436 1454 1474 φασι
1482 1421 1521 1459 τὸ
1552 1420 1726 1473 ἐγγυτέρω
1750 1425 1810 1460 τοῦ
1839 1425 2013 1465 κινοῦντος
2039 1421 2191 1475 τάχιστα
2220 1426 2403 1465 κινεῖσθαι.
2414 1458 2417 1459 ⁷

1368 1480 1471 1519 Λύων
1493 1478 1528 1518 δὲ
1548 1479 1610 1526 τὴν
1640 1479 1787 1532 ἀπορίαν
1807 1479 1902 1532 λέγει
1922 1479 1973 1518 ὅτι
2002 1481 2030 1518 εἷ
2051 1479 2112 1531 μὲν
2138 1482 2173 1519 ἐν
2206 1481 2317 1535 μορίῳ
2335 1481 2404 1523 τινὶ

1369 1538 1422 1587 εἴη
1442 1542 1503 1586 τ’ῆς
1533 1539 1753 1592 περιφερείας
1781 1554 1842 1587 της
1872 1538 2053 1588 ἐξωτάτω,
2085 1545 2214 1580 κινοῖτο
2244 1539 2286 1579 ἂν
2311 1539 2405 1582 κατὰ

1371 1596 1617 1649 συμὸεὸηκός,
1647 1599 1696 1635 τῶ
1717 1597 1808 1636 κατὰ
1836 1596 1941 1649 μόρια
1972 1596 2034 1644 τὴν
2058 1597 2193 1645 κίνησιν
2225 1591 2314 1642 εἶναι
2341 1601 2404 1647 τῆς

1371 1655 1537 1708 σφαίρας·
1558 1656 1587 1692 εἷ
1605 1654 1695 1693 δὲέν
1714 1655 1810 1707 πάσῃ
1831 1658 1874 1708 τῇ
1896 1654 2117 1709 περιφερεία,
2133 1654 2234 1695 ἔσται
2249 1670 2288 1695 τι
2302 1657 2339 1695 ἐν
2353 1658 2405 1710 τῷ

1368 1714 1522 1765 τάχιστα
1553 1712 1752 1766 φερομένῳ,
1772 1713 1831 1752 καὶ
1851 1698 1966 1752 οὐκέτι
1991 1712 2031 1752 ἂν
2051 1719 2180 1753 κινοῖτο
2197 1713 2291 1753 κατὰ.
2316 1729 2405 1766 σομε

1370 1770 1530 1819 ὅεὸηκός,
1558 1774 1608 1824 τῷ
1640 1777 1758 1811 πᾶσαν
1792 1771 1854 1819 τὴν
1886 1771 2107 1825 περιφέρειαν
2136 1770 2186 1823 μὴ
2210 1774 2410 1821 κυεῖσθαι.

1370 1829 1458 1881 μηδὲ
1490 1829 1678 1869 ἀλλάσσειν
1698 1845 1756 1868 τον
1777 1829 1895 1878 τόπον,
1924 1831 2002 1869 ἀλλ’
2034 1831 2070 1868 ἐν
2099 1831 2148 1884 τῷ
2174 1831 2270 1883 αὐτῷ
2290 1829 2417 1881 μένειν,

1370 1890 1437 1928 ἀεί.
1500 1889 1676 1942 Ἔγκρίνει
1699 1893 1757 1928 οὖν
1776 1882 1867 1927 εἶναι
1889 1889 1972 1928 αὐτὸ
1993 1891 2026 1928 ἐν
2049 1889 2146 1941 πάσῃ
2163 1892 2206 1941 τῇ
2228 1892 2301 1937 τῆς
2307 1889 2409 1935 ἐκτὸς

1370 1949 1523 2003 σφαίρας
1533 1947 1753 2001 περιφερεία·
1770 1947 1861 1987 ουτω
1876 1948 1962 2002 γάρ,
1978 1948 2095 2002 φησίν,
2113 1948 2212 1988 ἔσται
2227 1948 2406 2000 ἐγγυτάτω

1370 2013 1429 2048 τοῦ
1449 2007 1603 2060 τάχιστα
1622 2007 1827 2058 κινουμένου
1847 2007 1906 2046 καὶ
1927 2008 1976 2058 μὴ
1999 2007 2088 2046 κατὰ
2112 2006 2336 2059 συμὸεὸηκὸς
2351 2023 2405 2046 κι-

1375 2067 1538 2118 νούμενον
1558 2065 1618 2104 καὶ
1638 2065 1699 2112 τὴν
1727 2065 1833 2112 αὐτὴν
1863 2066 1916 2104 ἀεὶ
1943 2065 2063 2118 σχέσιν
2087 2066 2167 2118 ἔχον
2188 2065 2275 2118 πρὸς
2292 2065 2332 2106 τὸ
2351 2081 2406 2105 κι-

1370 2125 1536 2176 νούμενον
1567 2126 1627 2163 ὕπ’
1650 2125 1780 2174 αὐτοῦ,
1811 2123 1862 2162 διὸ
1883 2124 1942 2164 καὶ
1963 2123 2086 2175 ὁμοίαν
2110 2124 2164 2162 ἀεὶ
2189 2124 2324 2171 κίνησιν
2353 2140 2411 2166 κι-

1371 2183 1484 2230 νήσει.
1544 2185 1670 2222 Ταῦτα
1702 2181 1881 2234 ἠπόρησεν
1911 2184 1930 2220 ὃ
1959 2181 2180 2234 Ἀλέξανδρος
2200 2181 2261 2221 καὶ
2287 2182 2405 2230 ἔλυσεν

1372 2242 1500 2292 οὕτως,
1537 2241 1652 2280 καίτοι
1682 2240 1847 2294 πρότερον
1879 2242 1995 2285 καλῶς
2026 2240 2157 2289 εἰπών,
2186 2239 2239 2280 ὅτι
2265 2242 2331 2293 οὐχ
2361 2243 2408 2285 ὡς

1372 2301 1476 2340 τόπον
1521 2300 1600 2339 τινὰ
1645 2299 1852 2351 κατέχοντος
1893 2302 1952 2338 τοῦ
1987 2303 2168 2343 κινοῦντος
2200 2298 2404 2341 ἀκουστέον·

1375 2359 1502 2421 ἀμερὲς
1519 2359 1586 2411 γὰρ
1610 2359 1766 2410 ἐδείχθη,
1789 2357 1865 2396 ἀλλ’
1883 2355 1998 2396 οὗδὲ“
1980 2373 2026 2401 ως
2047 2356 2158 2400 εἴδους
2176 2356 2272 2401 ὄντος
2290 2359 2350 2395 τοῦ
2370 2358 2405 2396 ἐν
2454 2364 2457 2365 ’

1373 2422 1400 2472 ᾧ
1421 2421 1536 2467 ἐστιν,
1557 2419 1634 2457 ἀλλ’
1657 2419 1702 2460 ὡς
1722 2416 1839 2459 οὐσίας
1861 2416 2049 2466 ἀσωμάτου
2071 2416 2178 2462 αὐτῆς
2202 2413 2280 2453 καθ’
2299 2414 2407 2463 αὑτὴν

1373 2480 1407 2517 ἐν
1438 2476 1553 2528 οὐσίᾳ.
1613 2475 1691 2515 Κᾶν
1714 2474 1782 2527 γὰρ
1804 2474 1986 2528 ἔμψυχον,
2008 2473 2136 2526 φησίν,
2157 2472 2194 2512 ὂν
2214 2474 2254 2513 τὸ
2282 2474 2411 2521 κυκλο-,

1373 2535 1557 2589 φορητικὸν
1588 2537 1691 2584 σῶμα
1715 2536 1854 2580 κινῆται
1886 2531 2061 2579 κατὰτὴν
2081 2535 2115 2571 ἐν
2148 2533 2244 2585 αὐτῷ
2273 2531 2408 2585 ψυχήν,
2451 2576 2455 2580 ,

1374 2595 1464 2635 ἀλλὰ
1485 2594 1544 2633 καὶ
1574 2593 1680 2632 ἄλλου
1701 2592 1791 2636 τινὸς
1813 2591 1864 2630 δεῖ
1881 2591 1943 2638 τὴν
1964 2591 2076 2643 ἀρχὴν
2099 2593 2194 2643 αὐτῷ
2222 2593 2284 2638 τῆς
2309 2590 2418 2637 κινή-·
2437 2588 2444 2594 ”

1374 2669 1460 2698 σεως
1479 2651 1710 2705 παρέχοντος·
1733 2650 1791 2689 ἐπὶ
1807 2649 1946 2689 πάντων
1967 2648 2034 2701 γὰρ
2053 2650 2122 2687 τῶν
2142 2648 2312 2701 ἐμψύχων
2329 2647 2420 2693 ἔξω·γ

1374 2712 1429 2752 θέν
1449 2727 1483 2750 τι
1502 2711 1539 2750 ὂν
1561 2710 1669 2749 αἴτιον
1697 2711 1810 2753 αὐτοῖς
1828 2709 1887 2748 καὶ
1904 2708 1995 2761 ἀρχὴ
2012 2708 2145 2761 γίνεται
2163 2711 2224 2755 τῆς
2243 2707 2410 2755 κινήσεως

274 2857 359 2890 illud
383 2858 475 2900 quod
503 2858 544 2891 ab
567 2867 605 2890 eo
620 2858 763 2900 primum
788 2862 940 2892 movetur
962 2845 1159 2902 perpetuum
1174 2870 1245 2894 esse
1260 2870 1315 2894 ne-

276 2918 442 2950 cesse-est.

318 2979 369 3010 81.
392 2976 554 3014 Quoniam
571 2978 683 3009 autem
708 2977 743 3009 in
766 2977 807 3010 iis
825 2987 901 3020 quae
931 2980 1026 3018 sunt,
1046 2979 1221 3012 continuus
1240 2989 1316 3012 mo-

276 3037 333 3068 tus
358 3035 541 3069 necessario
563 3036 666 3075 inest,
685 3036 740 3069 hic
766 3046 845 3070 vero
869 3039 919 3070 est
938 3048 1040 3078 unus,
1058 3049 1163 3072 unum
1187 3041 1317 3072 motum

276 3094 511 3136 magnitudinis
535 3095 718 3137 qu'uspiam
739 3105 811 3128 esse
834 3105 966 3129 neeesse
993 3099 1042 3130 ost
1057 3098 1142 3139 (non
1167 3098 1255 3131 enim
1281 3098 1318 3131 id

277 3155 440 3192 movetur,
461 3153 550 3196 quod
569 3154 793 3194 magnitudine
812 3157 919 3194 caret)
948 3158 982 3188 et
1005 3156 1103 3189 unius
1117 3166 1189 3190 esse
1217 3159 1318 3199 atque

279 3213 321 3246 ab
342 3222 407 3245 uno
427 3223 435 3244 :
457 3212 579 3254 alioqui
599 3213 772 3246 continuus
787 3223 852 3246 non
868 3214 949 3253 erit,
971 3215 1029 3248 sed
1047 3215 1218 3249 adhaerens
1234 3216 1318 3249 alius

280 3269 336 3303 alii
351 3278 390 3312 ao
410 3268 548 3302 divisus.
567 3269 607 3302 Id
619 3279 716 3312 porro
738 3270 828 3312 quod
844 3273 975 3310 movet,
1003 3272 1031 3304 si
1054 3282 1158 3305 unum
1174 3275 1239 3312 est,
1260 3275 1318 3306 aut

279 3330 373 3361 motu
392 3328 553 3370 agitatum
579 3330 692 3362 movet
716 3330 775 3361 aut
804 3329 973 3362 immobile
1001 3340 1145 3363 manens.
1164 3332 1199 3364 Si
1216 3331 1318 3373 igitur

280 3390 374 3421 motu
388 3389 563 3430 agitatum,
582 3388 681 3421 simul
697 3390 854 3431 sequatur
870 3389 978 3431 ipsum
991 3391 1090 3431 atque
1108 3392 1265 3428 mutetur,
1284 3392 1316 3422 et

285 3448 417 3489 insuper
433 3449 475 3480 ab
494 3446 605 3489 aliquo
624 3448 798 3479 moveatur
823 3448 962 3490 oportet.
980 3448 1200 3485 Quamobrem
1217 3447 1318 3480 stabit

1375 2862 1475 2903 atque
1502 2859 1538 2893 id
1569 2859 1798 2906 consequotur,
1826 2857 1866 2889 ut
1887 2856 2060 2888 moveatur
2085 2854 2127 2887 ab
2145 2853 2318 2888 immobili.
2340 2855 2418 2887 noo
2448 2899 2451 2901 ,

1375 2919 1463 2953 onim
1490 2927 1556 2951 non
1567 2926 1700 2951 necesse
1715 2917 1766 2950 est
1784 2912 1883 2948 simul
1907 2914 2047 2953 mutari,
2067 2913 2126 2947 sed
2140 2913 2262 2956 poterit
2283 2920 2411 2955 sempor

1370 2976 1531 3022 movere(
1546 2975 1643 3008 facile
1657 2973 1744 3007 enim
1759 2974 1826 3011 est,
1848 2971 1912 3005 hoc
1925 2973 2026 3014 pacto
2042 2972 2197 3012 movere)
2214 2973 2248 3004 et
2260 2971 2316 3004 hic
2335 2977 2417 3003 ιιιο-

1374 3036 1430 3067 tus
1445 3036 1503 3068 aut
1525 3034 1614 3068 solus
1632 3035 1690 3066 aut
1710 3032 1853 3065 maxime
1871 3032 1921 3065 est
1936 3029 2110 3072 aequabilis
2131 3040 2140 3062 z
2164 3028 2200 3062 id
2215 3029 2304 3063 enim
2320 3028 2408 3071 quod

1374 3095 1485 3127 movet
1493 3119 1502 3132 ‚
1519 3093 1644 3126 nullam
1658 3091 1758 3124 hahet
1772 3089 2000 3123 mutationem.
2015 3089 2155 3135 Oportet
2167 3096 2247 3121 vero
2261 3085 2411 3121 etiamid

1375 3153 1465 3195 quod
1489 3153 1532 3186 ab
1565 3152 1623 3184 illo
1648 3151 1810 3188 movetur,
1835 3151 1875 3181 ut
1905 3149 2016 3181 motus
2048 3147 2092 3180 sit
2126 3146 2256 3185 similis,
2286 3144 2411 3183 nullam

1376 3212 1498 3246 habere
1516 3209 1745 3243 mutationem.
1769 3207 1871 3250 Atqui
1897 3205 1981 3240 illud
2008 3208 2067 3239 aut
2090 3206 2126 3239 in
2146 3205 2271 3244 medio,
2298 3206 2358 3239 aut
2375 3204 2413 3239 in

1376 3271 1498 3304 circulo
1517 3279 1588 3303 esse
1609 3277 1740 3302 necesse
1758 3268 1809 3301 est
1824 3266 1922 3299 ihaeo
1950 3265 2037 3298 enim
2058 3264 2216 3308 principia
2232 3265 2321 3298 sunt.
2345 3262 2412 3298 sed

1378 3329 1546 3362 celerrime
1571 3327 1747 3361 moventur
1763 3334 1840 3368 quae
1871 3324 2021 3366 proxima
2040 3325 2118 3356 sunt
2144 3322 2302 3357 moventi.
2323 3322 2413 3358 Talin

1379 3390 1490 3421 autem
1525 3388 1576 3420 est
1603 3384 1750 3431 universi
1783 3385 1894 3417 motus
1919 3393 1927 3414 :
1952 3382 2021 3415 iliic
2044 3382 2146 3423 igitur
2179 3382 2230 3423 est
2255 3379 2290 3414 id
2321 3381 2407 3429 quoq

1376 3447 1498 3480 movet.
