2508 3776
307 167 385 204 434

306 253 518 304 πράττομεν·
542 248 633 287 ἀλλὰ
660 247 825 295 ποιητικὴ
847 248 994 296 μᾶλλον·
1024 247 1104 300 πρὶν
1130 247 1196 299 γὰρ
1216 247 1346 299 πρᾶξαι

305 309 563 363 προαιρούμεθα
577 337 587 355 ,
603 306 642 344 τὸ
662 306 697 345 δὲ
716 307 812 350 τέλος
832 306 922 355 μετὰ
941 306 1003 353 τὴν
1024 305 1161 359 πρᾶξιν·
1183 306 1346 359 προαιρέ-

306 384 392 412 σεως
408 368 443 406 δὲ
467 366 577 419 ἀρχή,
592 365 701 418 ὄρεξις
722 365 782 403 καὶ
803 363 925 415 λόγος,
949 364 1024 413 ἥτις
1044 364 1137 405 ἐστὶν
1153 368 1175 412 ἠ
1203 365 1345 417 βούλευ-

306 443 370 470 σις.
397 427 449 466 Τὸ
469 426 584 477 ἕτερον
607 429 664 464 τοῦ
698 426 840 475 λογικοῦ
861 424 962 476 μέρος
991 425 1030 462 τὸ
1062 425 1259 475 λογιστικὸν
1288 422 1347 462 καὶ

306 484 523 537 βουλευτικόν
537 516 547 535 ,
569 484 587 523 ὃ
603 483 663 531 τὴν
688 484 852 531 ἀλήθειαν
871 484 968 531 ζητεῖ
992 483 1055 533 μέν
1069 513 1079 531 ,
1101 487 1138 522 οὐ
1157 484 1201 522 δι’
1217 483 1343 529 ἑαυτὴν

304 545 340 583 δέ
353 575 364 595 ,
387 545 477 583 ἀλλὰ
494 547 554 590 τῆς
574 543 730 596 πράξεως
745 547 807 582 τοῦ
828 545 959 594 ἀγαθοῦ
973 543 1089 596 χάριν·
1108 543 1163 583 διὰ
1178 547 1279 582 τοῦτο
1300 541 1347 590 δέ,

303 604 355 643 ὅτι
370 606 387 641 ὃ
406 602 505 654 λόγος
527 603 586 642 καὶ
602 606 622 649 ἡ
645 603 752 675 ὄρεξις
774 618 835 649 της
850 602 1085 655 προαιρέσεώς
1106 604 1191 641 εἰσιν
1214 601 1345 654 ἀρχαί,

303 662 380 701 οὐδὲ
402 661 544 700 δυνατὸν
565 661 765 737 προαίρεσιν
792 654 879 699 εἶναι
904 661 983 700 ἄνευ
1015 660 1167 704 διανοίας
1186 659 1247 699 καὶ
1267 662 1346 707 ἠθι-

303 725 366 768 κῆς
384 721 496 766 ἕξεως·
520 721 588 760 ἀπὸ
607 721 674 773 γὰρ
694 736 756 767 της
777 722 933 768 ἠθικῆς
921 719 1022 765 ε’ξεως
1036 722 1058 766 ἡ
1079 719 1191 772 ὄρεξις
1217 719 1348 771 γίνεται

303 780 361 814 τοῦ
383 781 512 829 ἀγαθοῦ
533 778 555 826 ἢ
572 782 631 817 τοῦ
651 783 774 818 κακοῦ.

357 836 374 853 *
390 839 488 877 Καθὸ
507 837 543 876 δὲ
564 839 755 890 θεωρητικὴ
777 842 799 886 ἠ
816 838 963 887 διάνοια,
981 837 1115 882 οὐδενός
1132 839 1225 876 ἐστιν
1236 836 1346 889 ἀρχή,

303 895 399 935 οὐδὲν
418 895 486 949 γὰρ
506 898 615 948 κινεῖ,
631 899 722 935 ἀλλὰ
744 897 847 949 μόνον
867 896 954 936 καθὸ
969 895 1148 949 πρακτικὴ
1166 897 1234 933 τῶν
1250 896 1349 946 εἰρη-

305 955 416 1006 μένων
437 955 529 995 ἐστὶν
559 956 650 1009 ἀρχὴ
680 960 741 1004 τῆς
761 972 798 995 τε
818 956 958 1009 ὀρέξεως
974 986 984 1006 ,
1013 958 1152 1001 καὶτῆς
1180 952 1349 1007 προαιρέ-

305 1028 416 1064 σεως,
435 1015 493 1053 καὶ
512 1017 573 1062 τῆς
592 1014 760 1066 πράξεως·
786 1015 837 1054 ἔτι
860 1015 895 1053 δὲ
917 1014 976 1053 καὶ
998 1017 1059 1061 τῆς
1080 1016 1263 1060 ποιητικῆς
1286 1013 1348 1086 ἀρ·

304 1072 352 1124 χή
382 1074 473 1111 ἐστιν
500 1076 522 1120 ἡ
559 1074 737 1126 πρακτικὴ
770 1074 858 1121 αυτη
895 1074 1044 1112 διάνοια.
1080 1071 1248 1125 Διαφέρει
1283 1070 1349 1122 γὰρ

303 1132 468 1179 ποιητικὴ
489 1146 699 1185 πρακτικης·
722 1137 744 1180 ἢ
761 1132 823 1183 μὲν
843 1133 911 1185 γὰρ
932 1132 1107 1204 πρακτικὴ
1130 1135 1190 1170 τοῦ
1221 1133 1350 1182 ἀγαθοῦ

304 1189 438 1234 τέλος”
420 1206 513 1243 εχει,
538 1191 621 1230 αὐτὸ
638 1207 677 1230 το
697 1195 732 1229 εὖ
737 1191 921 1253 πράττειν
938 1192 977 1230 τὸ
995 1192 1138 1243 ἀγαθόν·
1164 1206 1223 1228 και
1243 1188 1348 1241 μέχρι

303 1252 427 1289 τούτου
445 1253 586 1297 σκοπεῖ,
608 1251 700 1295 ὅπως
721 1254 757 1289 εὐ
780 1251 896 1303 πράξῃ
917 1255 961 1290 τὰ
979 1254 1021 1302 τῇ
1039 1250 1148 1303 ὀρέςει
1169 1250 1355 1288 δοκοῦντα·

305 1312 328 1357 ἡ
356 1308 392 1348 δὲ
421 1310 584 1358 ποιητικὴ
619 1308 703 1348 αὐτό
726 1310 860 1347 ἔστιτὸ
883 1309 1048 1361 πράττειν
1071 1312 1107 1346 εὖ
1139 1307 1179 1345 τὸ
1208 1306 1350 1358 ἀγαθόν·

306 1369 366 1407 καὶ
387 1368 520 1412 τέλος
504 1384 576 1420 εχει
599 1368 663 1415 τὴν
697 1367 916 1421 ἀνθρωπίνην
948 1366 1188 1417 εὐδαιμονίαν.
1220 1364 1294 1404 Καὶ
1314 1364 1353 1403 τὸ

307 1427 370 1477 μὲν
393 1427 489 1470 τέλος
508 1431 570 1474 τῆς
601 1429 799 1479 πρακτικῆς
820 1429 898 1464 καθ’
917 1423 1001 1464 αὑτό
1021 1426 1108 1462 ἐστι·
1135 1424 1175 1463 τὸ
1205 1422 1241 1465 δὲ
1257 1424 1354 1467 τέλος

305 1489 367 1532 τῆς
400 1489 584 1532 ποιητικῆς
609 1485 693 1537 πρός
714 1499 758 1523 τι·
780 1484 840 1523 καὶ
871 1484 938 1537 γὰρ
973 1483 1059 1536 πρὸς
1083 1483 1141 1522 τὸν
1164 1482 1350 1534 ἄνθρωπον

307 1545 529 1597 ἀναφέρεται·
561 1545 623 1591 τὴν
649 1545 717 1597 γὰρ
747 1544 916 1595 ὠφέλειαν
945 1546 1005 1581 τοῦ
1035 1543 1220 1596 ἀνθρώπου
1241 1544 1348 1589 ζητεῖ.

307 1602 409 1641 Ἐπεὶ
430 1602 543 1640 τοίνυν
569 1602 653 1676 ὅπερ
677 1602 749 1654 ἔχει
769 1602 866 1646 τέλος
887 1605 908 1649 ἡ
937 1600 1115 1654 πρακτικὴ
1138 1602 1273 1639 διάνοια
1293 1601 1352 1638 καὶ

305 1665 344 1700 οὗ
367 1665 458 1699 ἐστιν
480 1660 573 1712 ἀρχὴ
590 1662 649 1700 καὶ
672 1661 767 1699 αἰτία
780 1661 866 1708 ,τὴν
883 1661 1005 1713 πρᾶξιν
1022 1660 1114 1711 λέγω
1130 1663 1188 1698 τοῦ
1205 1661 1352 1710 ἀγαθοῦ,

303 1724 405 1759 τοῦτο
438 1720 549 1773 ἀρχὴν
579 1719 651 1772 ἔχει
683 1736 744 1759 του
766 1719 851 1758 ἰδίου
872 1720 992 1764 τέλους
1020 1722 1042 1766 ἢ
1065 1718 1233 1767 ποιητικὴ
1256 1717 1355 1770 (ἀπὸ

304 1780 371 1831 γὰρ
395 1796 458 1826 της
491 1781 622 1831 ἀγαθῆς
654 1779 811 1831 πράξεως
841 1782 863 1826 ἡ
886 1778 1088 1832 ἀνθρωπίνη
1124 1776 1350 1829 ευδαιμονία)

274 1873 276 1875 ,
305 1838 362 1877 διὰ
380 1842 481 1876 τοῦτο
502 1855 560 1876 και
582 1841 686 1885 αὐτης
706 1838 796 1890 ἀοχη
824 1837 976 1890 λέγεται.

358 1896 392 1913 **
413 1896 516 1937 Ἐπεὶ
537 1898 572 1935 δὲ
592 1897 687 1950 ἀρχή
705 1899 794 1936 ἐστιν
813 1900 835 1944 ἡ
854 1897 987 1935 διάνοια
1008 1899 1070 1943 τ’ἥς
1092 1895 1253 1948 ὀρέξεως,
1270 1897 1292 1942 ἠ
1314 1894 1350 1933 δὲ

304 1959 412 2012 ὄρεξις
436 1976 498 2007 της
517 1959 773 2011 προαιρέσεως,
805 1958 858 2005 εἴη
882 1974 922 1997 αν
943 1962 966 2007 ἡ
996 1959 1203 2011 προαίρεσις
1232 1956 1254 2004 ἢ
1276 1958 1355 2006 ὄρε-

304 2018 422 2062 κτικὸς
452 2022 529 2062 νοῦς
561 2017 711 2071 ἢόρεξις
742 2016 958 2065 διανοητική·
981 2021 1092 2056 ταῦτα
1119 2017 1147 2056 δ’
1171 2016 1212 2056 ἂν
1242 2017 1296 2064 εἴη
1317 2017 1351 2054 ἐν

307 2078 402 2131 μόνῳ
427 2080 477 2116 τῶ
492 2079 624 2131 λογικῳ
646 2076 758 2130 ζώῳ*
780 2076 815 2121 ὅς
839 2079 931 2116 ἐστιν
947 2076 1139 2130 ἄνθρωπος.

359 2137 565 2189 (Sci-ipsi:
590 2134 744 2188 “)ζῴῳ]
766 2135 852 2174 cod.
868 2134 961 2187 ζώῳ.
979 2134 1055 2186 -)

746 2243 836 2293 Κεφ.
867 2239 910 2279 δ’.

306 2351 386 2394 Περὶ
405 2350 517 2393 τέχνης
530 2375 537 2389 ,
558 2349 736 2390 ἐπιστήμης
749 2374 756 2388 ,
778 2348 976 2391 φρονήσεως,
1001 2347 1115 2388 σοφίας
1129 2347 1185 2378 καὶ
1205 2348 1272 2378 νοῦ·
1299 2345 1353 2377 καὶ

483 2398 546 2429 τίνι
563 2398 704 2440 διαφέρει
726 2397 792 2427 τῶν
812 2397 935 2428 λοιπῶν
957 2398 976 2434 ἡ
998 2395 1171 2435 ἐπιστήμη.

363 2493 414 2510 ***
435 2492 481 2531 ‘H
506 2492 567 2543 μὲν
586 2485 645 2531 οῦν
662 2490 860 2545 προαίρεσις
882 2489 1043 2538 τοιαύτη·
1074 2488 1266 2541 προαιρετὰ
1290 2489 1350 2538 δέ,

309 2552 466 2599 δηλονότι
482 2552 503 2589 ἃ
520 2551 696 2602 δυνάμεθα
714 2554 970 2604 προαιρεῖσθαι,
982 2549 1026 2588 τὰ
1046 2548 1257 2601 ἐνδεχόμενα
1275 2551 1352 2597 εἶσι,

308 2611 513 2651 καὶτούτων
541 2611 585 2649 τὰ
606 2610 794 2661 μέλλοντα·
824 2610 903 2662 περὶ
923 2609 994 2662 γὰρ
1023 2611 1091 2647 τῶν
1113 2609 1355 2661 παρελθόντων

310 2670 419 2712 οὐδεὶς
453 2669 655 2720 βουλεύεται
687 2671 715 2707 εἷ
737 2670 790 2708 δεῖ
819 2672 979 2716 ποιῆσαι·
1008 2668 1088 2722 περὶ
1118 2662 1165 2707 ὧν
1189 2667 1223 2706 δὲ
1247 2667 1356 2711 οὐδεὶς

312 2727 536 2781 βουλεύεται,
566 2728 642 2766 οὐδὲ
672 2734 907 2780 προαιρεῖται·
940 2727 985 2766 τὰ
1006 2727 1074 2780 γὰρ
1107 2727 1275 2780 βουλευτὰ
1296 2726 1355 2765 καὶ

310 2787 522 2839 προαιρετά,
552 2789 597 2830 ὡς
623 2788 656 2825 ἐν
677 2793 746 2830 τοῖς
768 2788 848 2840 περὶ
865 2786 1100 2840 προαιρέσεως
1121 2785 1269 2838 εἴρηται·
1292 2786 1354 2823 οὖ-

311 2846 380 2888 δεις
397 2846 462 2897 γὰρ
478 2851 696 2906 προαιρεῖται
710 2843 821 2885 Ἴλιον
841 2845 1115 2898 πεπορθηκέναι·
1140 2845 1193 2884 διὸ
1211 2846 1318 2924 ὀρθῶς
1337 2846 1355 2883 ὁ

310 2904 465 2956 Ἀγάθων
485 2907 571 2941 εἶπε·

392 2973 503 3008 Μόνου
513 2979 526 2995 ³
538 2974 597 3014 γὰρ
611 2974 710 3006 αυτοῦ
721 2977 775 3007 καὶ
790 2976 858 3012 θεὸς
875 2975 1089 3018 στερίσκεται,

396 3021 538 3062 ἀγένητα
550 3024 655 3053 ποιεῖν
677 3022 752 3053 &oo-²
770 3023 808 3053 ἂν
826 3022 845 3063 ᾔ
863 3022 1087 3064 πεπραγμένα.

314 3091 388 3132 Καὶ
407 3094 518 3129 ταῦτα
539 3090 600 3141 μὲν
620 3090 728 3135 οὕτως
745 3090 839 3143 ἔχει·
861 3090 1019 3142 λέγοιμεν
1035 3092 1052 3114 ¹³
1073 3089 1109 3128 δὲ
1128 3088 1208 3140 περὶ
1221 3091 1280 3127 τοῦ
1305 3088 1358 3139 ἔρ-

313 3166 375 3203 γου
396 3154 456 3190 τοῦ
475 3165 512 3188 τε
531 3156 544 3173 ⁰
566 3151 838 3200 ἐπιστημονικοῦ
859 3151 1096 3199 διανοητικοῦ,
1117 3149 1177 3188 καὶ
1195 3152 1254 3187 τοῦ
1279 3150 1357 3200 βου·

313 3211 474 3250 λευτικοῦ
496 3207 755 3262 ἀκριὸέστερον.

331 3303 2455 3324 ——-—-—-—-—-——-—-———-———--——-——-—
2506 3295 2508 3297 ,

1121 158 1399 206 ANDRONICI
1428 158 1610 199 RHODII

1407 261 1483 284 mus
1512 250 1600 285 ‚sed
1627 249 1772 283 efficiens
1789 251 1941 293 potius.
1965 252 2157 299 priusquam
2185 253 2271 287 enim
2415 269 2446 297 3

1409 308 1582 341 consilium
1598 307 1762 350 capimus,
1779 307 1852 340 finis
1868 312 1947 340 vero
1965 310 2039 350 post
2062 309 2223 343 actionem
2243 312 2323 343 est:
2339 297 2474 373 cong-22

1407 367 1442 399 lii
1461 369 1573 400 autem
1607 365 1805 409 principium
1838 366 2004 408 appetitus
2034 367 2177 402 hahetur
2195 371 2228 402 et
2253 369 2359 410 ratio,
2373 376 2450 419 qna

1408 426 1544 469 quidem
1567 427 1618 459 est
1650 425 1854 458 deliberatio.
1891 425 2002 458 Altera
2029 429 2139 461 autem
2170 428 2339 462 rationalis
2375 408 2479 477 ῥῷθ

1410 484 1639 516 ratiocinativa
1658 486 1691 517 et
1707 483 1924 518 deliberativa
1941 487 2008 526 est,
2024 495 2100 529 quae
2119 487 2254 530 quidem
2276 479 2462 532 vern-atam

1409 545 1548 587 quaerit,
1577 554 1642 577 non
1675 547 1787 578 tamen
1819 555 1878 590 per
1906 556 1960 588 se,
1981 547 2038 582 sed
2073 547 2210 581 actionis
2240 547 2347 594 ipsine
2375 546 2452 593 boni

1411 613 1510 638 causa
1537 615 1544 638 :
1575 615 1614 638 ac
1641 608 1812 649 propterea
1849 607 1938 649 quod
1966 606 2091 640 consilii
2127 605 2286 649 principia
2306 602 2392 641 rath
2421 607 2455 639 et

1411 667 1576 709 appetitus
1593 670 1671 701 sunt
1684 694 1692 709 ‚
1716 678 1757 702 ne
1773 677 1846 701 esse
1863 668 1998 710 quidem
2022 667 2092 699 sine
2113 665 2308 708 cogitatione
2323 659 2454 713 etmo-

1410 725 1471 758 rali
1499 726 1615 759 habitu
1638 727 1810 760 consilium
1835 728 1982 770 potest:
2004 725 2126 768 quippe
2153 734 2173 758 a
2197 722 2324 766 morali
2334 711 2452 759 habitu
2500 758 2505 762 y,

1411 784 1464 818 vel
1481 785 1558 825 boni
1574 786 1628 819 vel
1649 787 1728 819 mali
1748 787 1914 829 appetitus
1935 785 2053 818 oritur.

1453 847 1624 883 Quatenus
1658 856 1736 880 veio
1764 844 2038 893 contemplativa
2073 845 2125 877 est
2157 833 2299 877 mentis
2306 820 2454 899 agitatio,

1410 905 1534 939 nullius
1552 906 1748 949 principium
1771 915 1843 939 esse
1873 906 1999 947 potest,
2021 903 2104 937 nihil
2127 902 2214 937 enim
2238 903 2371 945 movet,
2397 900 2458 934 sed

1413 965 1544 997 tantum
1563 968 1728 1007 quatenus
1756 964 1863 997 activa
1879 966 1948 1003 est,
1970 972 2083 996 eorum
2102 970 2179 1005 quae
2195 959 2342 997 diximus
2367 957 2454 1003 prin-

1412 1023 1535 1066 cipium
1556 1026 1622 1062 est,
1653 1023 1821 1066 appetitus
1845 1022 1938 1061 dico,
1970 1021 2098 1055 consilii
2125 1022 2160 1054 et
2180 1018 2319 1054 actionis
2339 1032 2349 1053 ι
2371 1027 2460 1062 prae-

1413 1085 1503 1116 terea
1525 1083 1701 1123 efficientis
1714 1082 1912 1125 principium
1929 1083 1981 1115 est
2000 1081 2108 1114 activa
2122 1081 2194 1114 hoec
2212 1076 2335 1114 menti&
2351 1076 2460 1120 ragita-

1414 1143 1470 1175 tio.
1495 1145 1644 1186 Namque
1674 1142 1820 1176 efficiens
1840 1142 1882 1174 ab
1909 1141 2019 1174 activa
2039 1139 2155 1173 differt
2174 1149 2183 1172 ε
2205 1138 2330 1182 quippe
2351 1137 2460 1173 activa

1413 1202 1490 1235 boni
1506 1204 1602 1236 tinem
1623 1202 1743 1241 habet,
1764 1203 1802 1235 ut
1827 1201 1910 1234 bene
1929 1202 2004 1242 agat
2023 1200 2058 1233 id
2076 1198 2167 1242 quod
2181 1196 2372 1232 bonumeet
2391 1209 2408 1239 ι,
2426 1198 2462 1229 et

1415 1264 1551 1294 eatenus
1571 1262 1716 1303 spectat,
1737 1262 1775 1292 ut
1793 1261 1875 1292 bene
1893 1261 1967 1301 agat
1988 1267 2065 1301 quae
2084 1257 2245 1300 appetitui
2259 1254 2431 1300 placebant
2449 1266 2458 1288 :

1415 1322 1559 1355 efficiens
1576 1323 1689 1354 autem
1707 1322 1756 1353 est
1776 1320 1847 1363 ipsa
1864 1319 1922 1352 illa
1944 1319 2027 1351 bene
2045 1317 2162 1360 agendi
2177 1316 2212 1351 id
2230 1312 2462 1360 quod‘bonum

1415 1384 1467 1415 est
1484 1382 1570 1415 actio
1590 1394 1598 1414 ι
1614 1381 1781 1423 finemque
1795 1379 1895 1412 habet
1910 1378 2091 1411 humanam
2109 1375 2315 1419 felicitatem.
2330 1373 2376 1414 Et
2388 1373 2464 1409 finis
2506 1399 2508 1422 3

1416 1441 1553 1484 quidem
1574 1440 1691 1473 activae
1711 1448 1769 1481 per
1792 1448 1827 1472 se
1848 1440 1898 1471 est
1919 1450 1927 1470 ε
1950 1436 2024 1470 finis
2043 1445 2124 1470 vero
2139 1434 2313 1470 efficientis
2327 1431 2465 1474 alterius

1416 1503 1568 1542 respectu
1585 1513 1593 1532 :
1611 1499 1734 1542 quippe
1753 1498 1796 1530 ad
1814 1497 1982 1530 hominem
2002 1495 2147 1529 refertur
2164 1506 2172 1527 ε
2197 1495 2269 1537 ejus
2292 1493 2381 1529 enim
2395 1486 2482 1527 uti-⁸
2500 1503 2508 1519 -‘

1416 1559 1505 1592 litati
1535 1558 1647 1591 servit.
1681 1557 1845 1596 Quoniam
1870 1565 1947 1597 ergo
1978 1563 2076 1597 quein
2101 1554 2202 1587 finem
2226 1552 2328 1587 habet
2357 1551 2466 1586 activa

1417 1618 1540 1651 mentis
1570 1616 1727 1658 agitatio,
1767 1615 1929 1657 cujusque
1963 1615 2014 1646 est
2042 1612 2240 1655 principium
2277 1613 2311 1645 et
2344 1619 2462 1650 causa,

1419 1678 1525 1719 ipsam
1544 1677 1621 1710 boni
1641 1676 1804 1708 actionem
1819 1674 1913 1711 dico,
1935 1674 1999 1706 hoc
2021 1672 2095 1705 finis
2116 1671 2168 1704 sui
2186 1670 2387 1714 principium
2403 1670 2466 1703 ha-

1419 1738 1474 1771 bet
1500 1737 1646 1770 efficiens
1687 1737 1726 1775 (a
1757 1734 1842 1767 bona
1871 1733 1959 1766 enim
1991 1732 2118 1766 actione
2148 1731 2293 1764 bumana
2325 1729 2467 1764 felicitas

1418 1791 1663 1836 proficiscitur)
1683 1791 1768 1824 hanc
1783 1790 1826 1824 ob
1849 1798 1982 1822 causam
2004 1787 2075 1830 ejus
2086 1795 2221 1830 quoque
2238 1785 2362 1821 dicitur
2375 1785 2467 1828 prin-

1419 1852 1552 1895 cipium.
2401 1842 2405 1847 ’

1458 1911 1542 1949 Quia
1566 1919 1645 1943 vero
1673 1908 1840 1951 appetitus
1864 1905 2064 1949 principium
2089 1906 2140 1938 est
2165 1904 2286 1938 mentis
2308 1902 2463 1946 agitatio.
2491 1931 2494 1934 Δ

1417 1969 1543 2002 consilii
1565 1970 1677 2001 autem
1702 1967 1894 2010 appetitus:
1915 1965 1989 1998 ideo
2007 1963 2179 1997 consilium
2205 1964 2265 1996 aut
2285 1971 2380 1996 mens
2402 1963 2466 1996 erit

1416 2031 1458 2063 ad
1485 2027 1706 2071 appetendum
1732 2026 1899 2064 excitans,
1927 2026 1986 2057 aut
2011 2022 2177 2066 appetitus
2205 2020 2370 2065 cogitandi
2395 2021 2465 2058 vim

1416 2089 1540 2123 habens
1564 2100 1571 2120 ε
1599 2088 1672 2120 haec
1696 2087 1809 2119 autem
1825 2085 1859 2118 in
1877 2085 1985 2118 solum
2014 2084 2112 2117 illum
2129 2082 2328 2117 animantem
2338 2074 2466 2116 ratione
2484 2115 2485 2118 ,

1417 2147 1594 2188 praeditum
1613 2146 1754 2184 cadunt,
1775 2145 1834 2187 qui
1855 2146 1905 2178 est
1922 2144 2032 2177 homo.

1861 2256 1940 2296 Gap.
1966 2255 2024 2286 IV.

2410 2307 2421 2324 ‘t

2420 2330 2427 2340 ἰ

1417 2360 1463 2387 De
1484 2359 1561 2393 arte,
1578 2356 1716 2391 scientia,
1732 2354 1906 2393 prudentia,
1922 2353 2066 2390 sapientia
2086 2354 2118 2383 et
2128 2355 2231 2384 mente
2245 2361 2252 2382 =
2273 2355 2308 2383 et
2323 2359 2383 2390 qm
2397 2359 2431 2384 te

1735 2402 1859 2438 reliquis
1872 2402 1994 2431 scientia
2010 2403 2144 2438 praestet.

1461 2498 1641 2533 Consilium
1661 2496 1797 2540 quidem
1822 2498 1872 2529 est
1890 2495 1982 2528 tale:
2013 2494 2186 2528 arbitraria
2203 2503 2299 2533 vero,
2326 2493 2389 2527 hoc
2413 2495 2463 2526 est
2490 2505 2508 2538 j

1416 2565 1454 2588 ea
1475 2555 1516 2588 de
1543 2555 1666 2597 quibus
1686 2553 1858 2586 consilium
1879 2560 1995 2594 capere
2017 2560 2193 2594 possumus
2207 2575 2216 2592 ‚
2239 2549 2461 2592 contingentia

1417 2612 1494 2644 sunt
1513 2611 1546 2642 et
1563 2618 1603 2642 ex
1620 2609 1672 2641 his
1691 2608 1805 2640 futura
1823 2621 1831 2640 :
1852 2607 1974 2649 quippe
1987 2605 2028 2638 de
2043 2604 2219 2648 praeteritis
2234 2631 2240 2644 ,
2257 2614 2299 2638 an
2314 2603 2463 2638 facienda

1417 2663 1501 2703 sint,
1522 2670 1617 2694 nemo
1630 2661 1790 2693 deliberat
1809 2670 1816 2692 :
1833 2660 1874 2692 de
1898 2658 2020 2701 quibus
2038 2659 2150 2690 autem
2170 2666 2266 2690 nemo
2281 2656 2459 2694 deliberat,
2486 2684 2491 2691 .

1417 2724 1455 2747 ea
1475 2723 1515 2746 ne
1541 2722 1635 2754 agere
1651 2711 1787 2754 quidem
1808 2710 1985 2753 quisquam
2007 2708 2180 2741 constituit
2201 2720 2209 2740 :
2230 2716 2308 2750 quae
2325 2707 2463 2740 enimin

1417 2764 1683 2798 deliberationem
1706 2761 1847 2800 cadunt,
1871 2761 1971 2793 etiam
1993 2759 2166 2792 arbitraria
2182 2759 2272 2796 sunt.
2291 2759 2330 2790 ut
2352 2757 2387 2794 in
2404 2766 2463 2790 su-

1416 2815 1533 2860 periori
1557 2815 1598 2847 de
1611 2813 1746 2846 consilio
1762 2812 1985 2854 disputatione
2005 2810 2173 2843 diximus·
2191 2807 2348 2849 nimirum
2363 2816 2460 2840 nemo

1417 2868 1591 2900 consilium
1608 2866 1710 2908 capit,
1733 2865 1830 2898 llium
1855 2864 2013 2898 evertisse
2047 2875 2054 2895 =
2089 2862 2203 2905 itaque
2222 2862 2314 2895 recte
2335 2857 2462 2902 Agatho

1418 2918 1501 2951 dixit
1523 2931 1530 2949 :

1490 2977 1557 3006 Una
1569 2976 1623 3005 bac
1635 2975 1718 3005 enim
1734 2982 1767 3004 re
1776 2974 1867 3003 etiam
1879 2973 1954 3003 deus
1966 2972 2170 3009 {Ji-natusest,

1489 3022 1600 3052 inlecta
1614 3022 1720 3057 iacere,
1736 3020 1813 3050 facta
1832 3027 1899 3056 quae
1915 3022 1995 3052 sunt,
2015 3019 2051 3047 ut
2065 3019 2166 3054 queat.

1418 3096 1462 3127 Et
1483 3095 1554 3127 baec
1570 3093 1704 3135 quidem
1725 3092 1772 3124 ita
1798 3100 1833 3124 se
1853 3090 1999 3122 habent:
2019 3090 2177 3121 caeterum
2200 3086 2243 3120 de
2269 3094 2366 3129 opere
2387 3068 2461 3118 tum
2484 3078 2508 3144 ᾗ

1421 3154 1560 3187 scienter
1579 3152 1701 3185 effecto
1720 3153 1753 3183 et
1779 3149 1965 3191 ingenioso,
1983 3149 2057 3179 tum
2082 3148 2157 3188 post
2180 3145 2329 3180 habitam
2355 3144 2396 3178 de
2422 3152 2461 3176 eo
2486 3146 2508 3171 22¹

1419 3210 1689 3244 deliberationem
1703 3208 1792 3242 facto
1811 3206 1948 3240 uberius
1966 3205 2177 3257 disseramus.
2501 3199 2508 3209 ’“

359 3375 375 3392 *
398 3375 534 3407 Διάνοια
559 3373 588 3406 δ’
616 3359 698 3411 αὐτὴ
731 3372 822 3406 οὐθὲν
851 3375 946 3414 κινεῖ,
973 3375 1040 3405 κτλ.
1061 3389 1101 3397 -
1121 3372 1159 3391 **
1179 3371 1236 3404 Διὸ
1252 3373 1273 3410 ἢ
1291 3370 1456 3415 ὀρεκτικὸς
1479 3373 1555 3408 νοῦς
1573 3369 1643 3402 κτλ.
1662 3385 1702 3392 -
1726 3366 1783 3411 *ff
1802 3366 1873 3407 0ρκ
1895 3364 1966 3398 ἔστι
1983 3364 2018 3397 δὲ
2037 3363 2233 3408 προαιρετὸν
2248 3354 2340 3396 οὐθὲν
2359 3372 2456 3404 γεγο-

318 3423 381 3464 νός,
398 3425 468 3456 κτλ.
