2508 3776
640 177 944 222 ETHICORUM
974 176 1428 218 NICOMACHEORUM
1456 177 1835 223 PARAPHRASIS.

153 279 216 318 θοῧ
231 292 267 317 τι
286 276 442 330 ἀμυδρὸν
460 276 568 330 ἴχνος·
588 277 630 316 δι’
646 277 664 317 ὃ
683 278 803 331 ἔχεται
818 282 879 327 τῆς
895 278 944 330 μὴ
960 280 1065 333 ὀρθῆς
1079 294 1205 331 προαι-

155 337 281 391 ρέσεως
295 335 358 376 καὶ
376 339 438 384 τῆς
458 338 605 391 ψευδοῦς
627 337 727 385 δόξης
740 368 751 387 ,
773 341 820 383 ὡς
841 340 945 391 ὀρθῆς
962 338 1022 377 καὶ
1041 339 1205 397 ἀληθοῦς,

153 396 259 442 Ἐπεὶ
273 395 389 436 τοίνυν
413 397 450 435 οὗ
473 398 518 435 δι’
548 398 656 436 ἑαυτὰ
678 401 831 450 αἱρεῖται
856 397 879 436 ἃ
906 398 1058 450 αἱρεῖται
1078 396 1139 436 καὶ
1159 398 1210 440 οἱς

153 456 324 508 ἐμμένει,
352 455 445 495 ἀλλὰ
467 455 524 494 διὰ
548 457 588 496 τὸ
612 456 768 508 ἀγαθόν,
801 458 841 496 οὔ
864 458 942 496 καθ’
970 457 1056 495 αὖτὸ
1076 458 1207 508 ἐγκρα-

16 523 26 527 “
87 551 90 556 ,
152 515 216 564 τῆς
232 516 339 564 ἐστιν,
353 516 445 555 ἀλλὰ
465 516 555 555 κατὰ
573 515 815 568 συμὸεὸηκός·
838 515 997 567 Ὁμοίως
1015 515 1052 555 δὲ
1072 515 1133 554 καὶ
1150 513 1208 553 ἐπὶ

151 575 222 614 τῶν
244 574 494 625 ἀντικειμένων
525 575 610 629 ἔχει·
638 574 714 619 πὼς
728 574 744 598 ¹³
766 575 829 626 μὲν
850 575 1008 628 ἀκρατὴς
1027 578 1045 614 ὁ
1067 575 1116 623 μὴ
1139 576 1207 625 ἔμ-

86 671 106 682 ⁴·
153 633 267 686 μένων
288 636 455 687 ὁποιᾳοῦν
490 634 594 688 δόξῃ,
618 633 740 677 ἅπλῶς
771 632 807 672 δὲ
835 636 854 672 ὁ
883 633 933 684 μὴ
968 634 1131 685 ἐμμένων
1161 637 1207 687 τῇ

152 695 250 748 ὀρθῇ·
270 694 310 734 τὸ
327 693 396 748 γὰρ
417 693 538 738 ἅπλῶς
557 694 616 732 καὶ
630 694 670 733 τὸ
688 692 767 732 καθ’
788 693 874 732 αὑτὸ
891 693 1018 732 ταύτόν
1042 695 1150 734 ἐστιν.

209 753 374 807 (Scripsi
404 759 453 792 :⁸
483 753 654 805 κάκεῖνο]
687 752 776 793 cod.
809 754 964 807 κᾴκεῖνο.
988 774 1043 785 -
1063 754 1082 778 ¹’
1109 752 1207 806 πὼς]

153 813 239 855 cod.
259 815 349 858 πῶς.
365 816 441 864 -)

584 924 676 978 Κεφ.
710 922 766 964 ιε’.

152 1029 229 1065 Ὀτι
252 1030 284 1064 οἳ
306 1019 595 1075 ῑᾱυροῃώμονες
617 1031 673 1064 καὶ
695 1030 934 1089 ἰδιογνώμονες
961 1031 1022 1064 οὐκ
1044 1031 1127 1064 εἰσὶν
1153 1031 1206 1073 ἐγ-

628 1089 773 1122 κρατεις.

203 1161 284 1202 Ὀἱ
304 1161 340 1202 δὲ
365 1161 576 1214 καλούμενοι
598 1161 902 1217 ἰσχυρογνώμονες
929 1161 1119 1213 ἐμμένουσι
1142 1161 1206 1213 μὲν

150 1219 232 1275 δόξῃ
251 1219 343 1270 τινί,
363 1220 471 1261 ἐνίοτε
493 1221 528 1262 δὲ
548 1222 607 1261 καὶ
623 1222 749 1269 ἀληθεῖ
770 1222 830 1261 καὶ
849 1224 964 1276 ἀγαθῇ
983 1220 1201 1275 προαιρέσει,

149 1280 331 1335 ἐγκρατεῖς
347 1280 383 1320 δὲ
403 1283 467 1321 οὔκ
491 1281 591 1321 εἰσίν·
625 1280 703 1322 ἀλλ’
718 1280 840 1334 ὥσπερ
860 1284 893 1321 οἱ
917 1280 1052 1320 ἄσωτοι
1069 1279 1206 1320 ἐοίκασι

148 1345 220 1385 τοῖς
246 1339 473 1393 ἐλευθερίοις,
496 1341 558 1380 καὶ
580 1342 612 1380 οἱ
647 1344 786 1393 θρασεῖς
821 1341 892 1385 τοῖς
916 1339 1109 1392 ἀνδρείοις,
1146 1340 1204 1401 τὸν

148 1399 254 1439 αὗτὸν
276 1399 404 1453 τρόπον
417 1400 479 1439 καὶ
500 1393 595 1440 οὗτοι
613 1406 684 1445 τοῖς
704 1400 903 1453 ἐγκρατέσι·
915 1400 976 1440 καί
993 1401 1080 1439 εἶσιν
1100 1403 1115 1422 ⁸
1133 1402 1204 1438 οἷον

148 1457 353 1498 δύσπειστοί
371 1474 482 1508 τινες,
501 1458 563 1499 καὶ
593 1460 656 1498 οὐκ
690 1458 973 1510 εὖμετάπειστοι.
1010 1456 1102 1498 Καθ’
1122 1458 1203 1497 ὅσον

149 1517 212 1568 μὲν
231 1511 292 1558 οὗν
323 1518 546 1570 ἔμμενετικοί
578 1521 687 1566 εἰσιν,
717 1518 851 1558 ἐοίκασι
881 1524 954 1563 τοῖς
987 1516 1204 1570 ἐγκρατέσιν·

147 1578 227 1616 ἀλλ’
251 1578 284 1616 οἱ
313 1577 377 1629 μὲν
398 1578 581 1631 ἐγκρατεῖς
603 1576 891 1628 μεταὸάλλονται
922 1577 990 1616 ὑπὸ
1011 1577 1117 1629 λόγου
1142 1591 1204 1615 τι-

144 1636 201 1679 νὸς
219 1635 279 1675 καὶ
298 1639 461 1687 πειθοῦς,
477 1637 509 1675 οἱ
527 1636 563 1676 δὲ
592 1635 898 1689 ἷσχυρογνώμονες
921 1636 989 1675 ὑπὸ
1011 1633 1075 1687 μὲν
1098 1635 1203 1687 λόγου

145 1696 185 1736 οὗ
211 1693 498 1748 μεταὸἄλλονται
512 1725 524 1745 ,
557 1695 626 1734 ὑπὸ
660 1694 697 1734 δὲ
732 1695 921 1746 ἐπιθυμίας
964 1694 1026 1734 καὶ
1061 1696 1202 1744 ἡδονῶν

143 1753 270 1794 πολλοὶ
290 1753 422 1794 τούτων
442 1753 603 1806 ἄγονται.
637 1752 717 1793 Εἰσὶ
738 1753 774 1792 δὲ
808 1754 1114 1807 ἷσχυρογνώμονες
1142 1753 1203 1794 καὶ

145 1813 179 1854 οἶ
202 1813 472 1868 ἶδιογνώμονες,
504 1813 567 1854 καὶ
587 1815 620 1853 οἱ
635 1816 803 1866 ἀμαθεῖς,
827 1814 887 1853 καὶ
917 1816 949 1854 οἵ
975 1814 1144 1866 ἄγροικοι·
1170 1815 1202 1854 οἱ

145 1873 211 1926 μὲν
230 1875 376 1925 ἀμαθεῖς
393 1873 456 1914 καὶ
484 1873 664 1928 ἄγροικοι,
685 1874 742 1913 διὰ
765 1874 806 1914 τὸ
837 1873 887 1924 μὴ
909 1873 1040 1913 εἰδέναι
1059 1874 1122 1919 τὰς
1139 1875 1202 1927 ἀρ-

142 1933 212 1987 χὰς
230 1932 307 1974 ὅθεν
325 1937 513 1981 πεισθῆναι
543 1932 702 1973 δυνατόν·
735 1935 767 1973 οἱ
797 1934 833 1972 δὲ
865 1933 1111 1987 ἷδιογνώμονες
1142 1933 1201 1974 διὰ

135 1992 272 2042 ’ἡδονὴν
297 1991 359 2032 καὶ
383 1992 500 2040 λύπην
519 1993 558 2031 οὗ
576 1991 864 2043 μεταπείθονται·
885 1992 1034 2041 ἥδονται
1055 1993 1124 2046 γὰρ
1150 1992 1200 2043 μὴ

141 2052 340 2104 ἡττώμενοι
359 2055 430 2092 τῶν
444 2051 578 2092 πείθειν
600 2052 874 2108 ἐπιχειρούντων
893 2087 900 2100 ,
922 2054 983 2092 καὶ
1003 2054 1199 2092 λυποῦνται

143 2111 204 2152 ἐὰν
225 2112 339 2166 ἄκυρα
359 2111 532 2166 γένωνται
548 2114 593 2151 τὰ
616 2114 733 2152 αὐτῶν
752 2111 874 2164 ὥσπερ
894 2111 1121 2166 ψηφίσματα·
1137 2112 1200 2152 καὶ

141 2171 203 2214 διὰ
234 2173 340 2212 τοῦτο
367 2172 504 2224 μᾶλλον
531 2171 667 2211 ἐοίκασι
685 2173 703 2196 ¹³
729 2177 801 2216 τοῖς
825 2172 1014 2224 ἆκρατέσιν
1049 2173 1081 2210 οἱ
1108 2172 1195 2210 ἰδιο-

142 2229 319 2286 γνώμονες
334 2228 358 2279 ἢ
374 2237 448 2276 τοῖς
462 2231 679 2284 ἐγκρατέσιν·
695 2233 733 2270 οὔ
753 2231 822 2285 γὰρ
843 2231 958 2285 λόγῳ,
975 2229 1069 2270 ἀλλὰ
1089 2231 1199 2271 πάθε-

141 2305 197 2330 σιν
217 2291 483 2338 ἀκολουθοῦσιν,
503 2289 626 2343 ὥσπερ
651 2291 793 2332 ἐκεῖνοι.

195 2347 231 2366 **
250 2349 332 2390 Εἰσὶ
349 2349 388 2388 δέ
407 2365 508 2398 τινες,
528 2348 563 2389 οἳ
577 2349 767 2401 ἐμμένουσι
785 2354 856 2394 τοῖς
873 2348 1093 2401 δεδογμένοις
1111 2349 1199 2396 ἀλη-

140 2409 238 2450 θέσιν
249 2438 260 2458 ,
272 2407 296 2456 ἢ
311 2411 375 2448 οὐκ
392 2408 584 2460 ἐμμένουσι
599 2414 671 2454 τοῖς
691 2408 836 2462 ψευδέσι
857 2408 902 2448 δι’
916 2409 1045 2457 ἡδονήν
1057 2440 1067 2459 ,
1083 2408 1117 2447 οἳ
1136 2410 1199 2448 οὐκ

138 2467 208 2508 εἶσὶ
227 2469 387 2522 φαῦλοι,
416 2467 471 2507 ὅτι
495 2467 555 2507 διὰ
577 2468 704 2516 ἡδονὴν
723 2468 910 2516 ἐπαινετὴν
941 2468 1150 2520 ἐμμένουσιν
1175 2467 1197 2516 ἢ

140 2529 204 2569 οὔκ
222 2527 449 2580 ὂμμίνουσιν.
481 2525 627 2581 Ὥσπερ
650 2530 669 2566 ὁ
689 2528 938 2579 Νεοπτόλεμος
960 2528 1136 2574 ἐποίησεν·
1159 2529 1197 2567 οὔ

137 2586 208 2643 γὰρ
223 2587 396 2639 ἐνέμεινεν
412 2581 464 2633 οἷς
482 2586 646 2626 συνέθετο
667 2590 717 2640 τῷ
730 2585 922 2639 Ὀδυσσεῖ,
940 2587 999 2626 καὶ
1018 2587 1079 2626 οὐκ
1099 2586 1197 2633 ἠπά-

54 2691 55 2694 ,
137 2661 224 2695 τησε
242 2647 304 2688 τὸν
331 2646 562 2695 Φιλοκτήτην
592 2647 834 2700 ψευσάμενος,
855 2648 900 2686 δι’
929 2646 1058 2695 ἡδονὴν
1081 2646 1193 2694 καλὴν

55 2699 59 2732 Ᾰ
75 2713 78 2716 ’
122 2708 199 2747 mel
219 2707 259 2747 οὐ
275 2707 427 2761 φαύλην·
445 2709 484 2747 οὗ
497 2707 567 2759 γὰρ
591 2709 610 2745 ὃ
624 2706 671 2745 δι’
692 2705 819 2754 ἡδονήν
845 2722 880 2745 τι
905 2710 1016 2747 ποιῶν
1046 2706 1168 2749 ἁπλῶς
1182 2735 1192 2754 ,

136 2767 353 2815 qumo-2,
374 2766 398 2815 ἢ
420 2764 591 2821 φαῦλοςῆ
615 2765 790 2819 ἀκρατής,
824 2765 905 2806 ἀλλ’
931 2768 951 2804 ὁ
972 2767 1016 2806 δι’
1043 2765 1194 2818 αἰσχρὰν

135 2825 286 2875 ἡδονήν,
306 2820 406 2871 οὗτος
426 2825 586 2880 ψέγεται.

53 2919 76 2934 ,,
189 2883 334 2938 Scripsi
359 2900 369 2924 τ
392 2890 407 2909 ⁸
436 2885 499 2925 καί
529 2886 638 2936 εἰσιν]
675 2885 747 2924 cod
771 2885 833 2925 καὶ
863 2886 963 2928 εἰσὶν.
1000 2910 1055 2920 -
1073 2887 1092 2913 ¹²
1123 2889 1194 2930 ἐοί-

107 2989 109 2998 .
136 2945 245 2998 κασι]
265 2945 356 2986 cod.
375 2943 545 2988 ἐοίκασιν.
562 2945 646 2999 -)

568 3046 661 3101 Κεφ.
696 3046 757 3092 ις’.

81 3159 83 3161 ’
131 3146 220 3201 Περὶ
241 3160 298 3198 τῆς
323 3155 511 3200 ἀκρατείας,
528 3159 600 3195 πῶς
626 3158 694 3202 ἔχει
716 3160 796 3203 πρὸς
819 3159 878 3199 τὴν
894 3162 1121 3205 σωφροσύνην·
1135 3164 1192 3197 καὶ

132 3244 138 3250 ,
155 3227 158 3231 -
191 3202 268 3237 τίνα
282 3203 405 3248 τρόπον
423 3205 442 3237 ὁ
458 3205 601 3248 ἀκρατὴς
614 3207 709 3240 δοκεῖ
724 3208 879 3251 φρόνιμος
897 3209 1002 3242 ἐνίοτε
1026 3210 1124 3244 εἶναι.

149 3347 153 3350 ,
181 3300 235 3320 Μ
246 3300 351 3343 Ἐπεὶ
362 3304 399 3344 δὲ
414 3308 437 3353 ἡ
449 3306 636 3360 ἐγκράτεια
647 3307 714 3352 ἕξις
725 3307 818 3347 ἐστὶν
829 3310 1013 3360 ἐπαινετή,
1035 3312 1191 3362 μεσότης

2240 189 2321 228 477

1269 271 1404 315 aliquod
1420 272 1497 306 boni
1519 274 1695 317 vestigium
1713 275 1748 308 in
1759 285 1799 309 eo
1815 278 1973 319 apparet:
1991 276 2133 321 ideoque
2150 278 2326 314 consilium

1269 341 1334 365 non
1350 334 1479 366 rectum
1498 336 1531 367 et
1544 333 1662 368 falsam
1684 336 1870 378 opinionem
1891 340 2051 381 tanquam
2070 341 2195 372 rectam
2215 342 2249 373 et
2268 349 2327 374 ve-

1269 400 1341 424 ram
1358 392 1580 434 amplectitur.
1627 395 1789 433 Quoniam
1803 405 1880 438 ergo
1893 406 1958 430 non
1978 407 2036 440 per
2053 407 2088 432 se
2107 399 2235 442 expetit
2248 410 2326 444 quae

1269 451 1395 493 expetit
1413 453 1447 485 et
1466 452 1499 485 in
1517 453 1641 495 quibus
1666 457 1807 497 perstat,
1833 456 1892 489 sed
1914 460 2048 500 propter
2065 459 2188 493 bonum
2218 461 2315 501 illud,

1268 520 1333 543 non
1352 521 1412 554 per
1433 521 1485 551 se,
1504 513 1561 546 sed
1580 523 1638 556 per
1661 515 1813 549 accidens
1831 518 1881 549 est
1901 518 2083 553 continens.
2107 521 2268 555 Similiter
2288 523 2325 554 et

1268 569 1303 603 in
1326 572 1486 614 oppositis
1503 582 1538 606 se
1556 583 1610 606 res
1634 574 1734 608 habet
1763 587 1770 608 z
1794 577 2040 619 quodammodo
2065 581 2152 614 enim
2181 581 2321 615 inconti-

1269 639 1365 670 nens,
1388 632 1492 674 quiin
1506 633 1656 675 qualibet
1674 635 1825 678 opinione
1845 646 1910 670 non
1924 642 2107 681 permanet,
2129 640 2327 684 simpliciter

1270 699 1348 723 vero
1373 691 1431 734 qui
1453 692 1487 725 in
1504 696 1594 726 recta
1613 703 1678 727 non
1702 700 1893 738 perseverat
1913 711 1922 731 ε
1951 698 2149 742 simpliciter
2172 702 2261 734 enim
2291 702 2327 734 et

1268 759 1328 792 per
1345 759 1381 784 se
1402 750 1491 784 idem
1519 752 1619 787 valet.

1708 921 1788 966 Gap.
1813 924 1883 958 XV.

1267 1028 1328 1056 Eos
1347 1033 1424 1064 quos
1440 1028 1613 1065 pertinaces
1631 1032 1746 1060 vocant
1766 1033 1798 1060 et
1822 1032 1875 1069 qui
1892 1039 1978 1062 suam
1999 1036 2122 1065 tantum
2143 1038 2327 1069 sententiam

1521 1078 1658 1111 tuentur,
1675 1085 1739 1107 non
1753 1086 1815 1108 esse
1831 1080 2036 1110 continentes.

1309 1159 1402 1196 Quos
1429 1166 1509 1190 vero
1532 1158 1718 1200 pertinaces
1749 1163 1885 1200 vocant,
1909 1161 1933 1194 ii
1950 1163 2088 1206 quidem
2111 1166 2145 1200 in
2173 1168 2327 1211 opinione

1267 1209 1382 1253 aliqua
1399 1212 1632 1252 perseverant,
1655 1213 1689 1243 et
1702 1220 1942 1256 nonuunquam
1959 1215 1993 1248 in
2010 1218 2149 1252 consilio
2169 1230 2248 1254 vero
2266 1222 2329 1256 bo-

1266 1271 1377 1306 noque
1387 1265 1553 1305 perstant,
1569 1262 1628 1296 sed
1643 1263 1851 1299 continentes
1870 1275 1936 1300 non
1951 1271 2031 1302 sunt
2046 1279 2054 1300 τ
2077 1280 2193 1305 verum
2212 1283 2327 1317 quem-

1266 1316 1448 1351 admodum
1475 1316 1603 1359 prodigi
1634 1318 1827 1352 liberalibus
1850 1323 1928 1354 sunt
1958 1322 2099 1363 similes.
2130 1329 2164 1359 et
2183 1328 2328 1363 audaces

1265 1370 1426 1409 fortibus,
1443 1370 1559 1404 eodem
1572 1371 1672 1404 modo
1687 1373 1723 1406 hi
1741 1382 1877 1416 quoque
1894 1377 2141 1413 continentibus
2156 1393 2163 1413 :
2183 1384 2328 1425 suntque

1266 1426 1354 1459 sicut
1369 1424 1418 1457 illi
1442 1424 1567 1467 quibus
1591 1424 1772 1459 difficulter
1799 1427 1928 1470 aliquid
1955 1433 2177 1473 persuadetur
2200 1437 2328 1480 quique

1266 1488 1331 1511 non
1356 1476 1452 1510 facile
1471 1477 1513 1510 de
1535 1479 1699 1511 sententia
1726 1479 1952 1517 deducuntur.
1985 1487 2159 1523 Quatenus
2184 1497 2263 1532 ergo
2291 1490 2327 1523 in

1266 1531 1431 1566 sententia
1448 1533 1604 1571 manent,
1624 1532 1750 1566 similes
1767 1538 1846 1568 sunt
1868 1537 2116 1573 continentibus
2137 1554 2145 1574 ι
2162 1545 2197 1575 at
2217 1543 2327 1577 conti-

1265 1588 1382 1619 nentes
1400 1585 1528 1618 ratione
1544 1588 1578 1618 et
1608 1588 1822 1628 persuasione
1853 1593 2047 1635 mutantur,
2068 1595 2160 1628 nulla
2179 1605 2260 1630 vero
2277 1607 2327 1632 ra-

1266 1639 1356 1672 tione
1377 1638 1564 1681 pertinaces
1579 1642 1766 1682 mutantur,
1786 1643 1886 1677 multi
1912 1647 2026 1679 autem
2049 1656 2165 1681 eorum
2191 1650 2324 1692 cupidi-

1265 1695 1336 1727 tate
1359 1695 1394 1726 et
1419 1693 1650 1735 voluptatibus
1676 1695 1868 1730 trahuntur.
1893 1698 1977 1732 Sunt
2001 1702 2114 1733 autem
2138 1702 2326 1744 pertinaces

1264 1750 1298 1781 et
1313 1746 1456 1790 propriis
1481 1747 1684 1789 quibusdam
1703 1750 1876 1783 sententiis
1896 1752 1990 1794 quasi
2010 1753 2135 1787 addicti
2158 1758 2193 1788 et
2207 1765 2325 1790 conse-

1265 1801 1366 1842 crati,
1384 1803 1418 1834 et
1428 1800 1554 1833 indocti
1573 1803 1606 1834 et
1620 1805 1767 1844 agrestes
1785 1818 1793 1836 :
1812 1804 1869 1837 alii
1881 1805 2019 1848 quidem
2036 1806 2161 1840 indocti
2177 1811 2211 1842 et
2227 1819 2323 1852 agre-

1264 1856 1343 1893 stes,
1359 1853 1440 1896 quia
1455 1853 1616 1896 principia
1627 1855 1669 1887 ad
1685 1856 1954 1898 persuadendum
1969 1860 2219 1894 accommodata
2235 1861 2326 1903 igno-

1264 1909 1340 1940 rant
1353 1917 1360 1935 :
1373 1906 1430 1939 alii
1443 1915 1523 1939 vero
1533 1907 1675 1949 propriis
1688 1908 1889 1951 quibusdam
1907 1912 2082 1945 sententiis
2089 1913 2187 1955 quasi
2200 1914 2326 1949 addicti

1264 1963 1401 2005 propter
1420 1961 1628 2005 voluptatem
1643 1972 1683 1995 ac
1701 1963 1847 1996 dolorem
1865 1965 2063 1999 sententiam
2086 1976 2151 2000 non
2166 1970 2299 2002 mutant
2314 1981 2321 2002 :

1263 2016 1328 2050 hoc
1344 2015 1419 2058 ipso
1444 2016 1532 2050 enim
1547 2017 1639 2060 quod
1659 2017 1859 2060 persuadere
1878 2019 2006 2063 aliquid
2035 2021 2232 2055 conantibus
2253 2033 2318 2057 non

1264 2070 1502 2109 succumbant,
1520 2070 1747 2110 delectantur,
1767 2074 1950 2115 contraque
1969 2072 2101 2112 dolent,
2124 2074 2151 2107 si
2176 2074 2324 2118 ipsorum

1262 2123 1369 2156 veluti
1389 2123 1524 2156 decreta
1548 2124 1779 2157 rescindantur
1810 2136 1817 2157 :
1839 2124 1983 2169 ideoque
2007 2127 2158 2161 homines
2176 2129 2322 2171 propriis

1265 2176 1438 2209 sententiis
1454 2176 1578 2209 addicti
1607 2177 1890 2211 incontinentibus
1917 2179 2094 2214 similiores
2120 2184 2199 2214 sunt
2218 2191 2322 2225 quam

1261 2229 1509 2263 continentibus
1530 2239 1617 2263 :non
1631 2231 1719 2264 enim
1733 2231 1911 2271 rationem,
1934 2233 1992 2266 sed
2012 2233 2156 2269 affectus
2180 2244 2323 2279 sequun-

1262 2285 1319 2316 tur
1338 2286 1377 2316 ut
1392 2283 1453 2323 illi,

1305 2344 1391 2377 Sunt
1407 2345 1521 2377 autem
1537 2343 1705 2384 nonnulli,
1725 2345 1785 2388 qui
1803 2346 1838 2379 in
1862 2346 1951 2380 veris
1972 2348 2146 2382 sententiis
2165 2349 2236 2383 suis
2250 2359 2318 2384 ma-

1260 2402 1355 2440 nent,
1385 2403 1444 2434 aut
1461 2401 1495 2435 in
1519 2401 1614 2435 falsis
1634 2403 1846 2445 opinionibus
1871 2414 1936 2438 non
1959 2410 2195 2448 perseverant,
2217 2408 2320 2452 idque

1259 2459 1489 2494 delectationis
1509 2471 1625 2501 causa,
1646 2463 1785 2505 quinon
1802 2466 1881 2498 sunt
1894 2465 2054 2509 improbi,
2070 2465 2151 2510 quia
2167 2467 2321 2501 laudabi-

1260 2520 1302 2553 lis
1326 2521 1556 2554 delectationis
1577 2531 1678 2555 causa
1703 2525 1762 2556 aut
1775 2528 1991 2566 perseverant
2007 2528 2067 2559 aut
2085 2536 2151 2560 non
2170 2536 2321 2569 perseve-

1259 2583 1346 2614 rant.
1369 2581 1463 2614 Sicut
1479 2582 1715 2624 Neoptolemus
1743 2582 1823 2617 fecit
1851 2594 1860 2614 τ
1888 2594 1997 2627 neque
2012 2586 2100 2619 enim
2120 2587 2268 2630 perstitit
2285 2588 2320 2621 in

1258 2638 1300 2672 iis
1316 2648 1392 2682 quae
1403 2639 1491 2672 Ulixi
1505 2640 1672 2683 pollicitus
1689 2644 1774 2683 erat,
1796 2651 1906 2686 neque
1922 2644 2129 2678 Philocteten
2147 2645 2321 2680 mendacio

1260 2699 1387 2740 fefellit,
1403 2701 1505 2745 idque
1515 2712 1579 2735 non
1593 2712 1695 2746 prava
1711 2703 1884 2746 voluptate
1901 2703 2069 2745 inductus,
2083 2705 2142 2738 sed
2157 2706 2295 2739 honesta
2310 2715 2318 2738 :

1258 2770 1366 2804 neque
1393 2762 1481 2795 enim
1499 2762 1559 2805 qui
1581 2762 1778 2805 simpliciter
1799 2766 1934 2806 propter
1956 2764 2166 2807 voluptatem
2192 2765 2319 2807 aliquid

1258 2821 1355 2862 facit,
1371 2823 1597 2866 intemperans
1614 2823 1829 2867 improbusve
1844 2827 1895 2858 est
1909 2827 1969 2858 aut
1982 2825 2189 2860 incontinens
2205 2826 2320 2860 dicen·-

1257 2882 1323 2916 dus
1334 2909 1343 2924 ‚
1361 2883 1420 2917 sed
1433 2883 1492 2927 qui
1509 2886 1646 2927 propter
1662 2886 1795 2927 turpem
1811 2885 2037 2928 voluptatem,
2056 2886 2087 2920 is
2105 2886 2243 2921 demum
2264 2887 2317 2920 vi-

1257 2945 1443 2986 tuperatur.

1684 3061 1762 3105 Gap.
1788 3063 1873 3096 XVI.

1257 3164 1298 3192 De
1306 3163 1541 3200 incontinentia,
1549 3164 1705 3200 quomodo
1716 3164 1756 3195 ad
1771 3164 2007 3202 temperantiam
2017 3171 2050 3193 se
2063 3164 2172 3193 habeat
2188 3174 2196 3192 ι
2209 3166 2240 3193 et
2252 3171 2314 3201 quo

1285 3214 1375 3249 pacto
1389 3213 1442 3250 qui
1459 3212 1655 3243 incontinens
1677 3215 1722 3243 est
1741 3213 1876 3251 prudens
1884 3212 2052 3248 aliquando
2062 3219 2127 3241 esse
2139 3210 2288 3239 videatur.

1294 3321 1406 3358 Quum
1430 3322 1544 3354 autem
1575 3320 1779 3354 continentia
1807 3319 1943 3354 habitus
1974 3320 2073 3353 laude
2099 3319 2219 3362 dignus
2246 3319 2302 3357 sit,

103 3431 106 3434 ·
175 3418 194 3436 *
210 3420 282 3454 Εἰσὶ
295 3422 331 3455 δέ
349 3433 434 3462 τινες
453 3426 483 3457 οἱ
498 3425 705 3468 ἐμμενετικοὶ
722 3432 762 3469 τῇ
781 3429 856 3471 δόξῃ
874 3430 943 3462 κτλ.
962 3447 1005 3454 -—
1019 3430 1055 3449 ¹¹*
1066 3431 1140 3464 Εἰσὶ
1155 3431 1190 3464 δέ
1203 3442 1287 3470 τινες
1303 3433 1358 3474 ,οἳ
1377 3437 1447 3471 τοῖς
1466 3433 1595 3472 δόξασιν
1613 3435 1682 3467 κτλ.
1701 3451 1743 3457 -
1756 3434 1809 3451 *¹⁵*
1826 3434 1915 3468 Ἐπεὶ
1933 3435 1960 3467 δ’
1979 3433 2049 3466 ἐστί
2063 3444 2110 3471 τις
2125 3433 2181 3466 καὶ
2198 3435 2309 3466 τοιοῦ-

134 3475 208 3508 τος,
224 3469 295 3502 κτλ.
