2528 3788
4 253 25 394 ..afflue-v-
15 211 24 235 -,,

7 382 17 405 i

413 340 767 403 ATTIKOY

324 471 438 515 ΓΟΥ
470 472 873 518 ΠΛΑΤΩΝΙΚΟΥ

379 588 807 628 ΑῐιοΣιιΑΣΜΑΤιΑ.

68 852 69 855 ’
127 863 155 891 1.
185 850 303 904 Τριχῆ
323 849 436 890 τοίνυν
457 850 700 904 διαιρουμένης
719 854 782 899 τῆς
767 854 957 896 ςέντελοῧς
978 853 1116 906 φιλοσο-

76 907 173 965 φίας,
194 908 243 954 εἷς
267 924 306 949 τε
333 908 391 949 τὸν
413 908 533 957 ἠθικὸν
566 910 781 962 καλούμενον
803 912 952 965 τρόπον,
974 927 1034 951 και
1059 911 1117 950 τὸν

75 965 236 1022 φυσικόν,
270 966 380 1007 xci*
360 983 411 1007 ετι
430 967 488 1007 τὸν
517 969 668 1021 λογικόν·
701 969 762 1009 καὶ
789 974 851 1010 τοῦ
884 970 946 1022 μὲν
977 969 1116 1023 πρώτου

20 1035 21 1038 ’
70 1026 390 1073 κατασκευάζοντος
408 1029 510 1079 ἡμῶν
527 1027 674 1068 ἕκαστον
688 1029 793 1068 καλὸν
810 1028 869 1069 καὶ
894 1028 1036 1080 ἀγαθόν,
1056 1029 1117 1066 καὶ

69 1085 148 1132 τοὺς
163 1086 275 1132 οἴκους
293 1086 395 1132 ὅλους
424 1088 472 1131 εἰς
485 1086 526 1126 τὸ
550 1087 692 1142 ἄριστον
725 1090 996 1142 ἐπανορθοῦντας
1010 1119 1020 1136 ,
1046 1087 1113 1135 ἤδη

19 1160 21 1183 ι
71 1144 112 1185 δὲ’
146 1145 207 1184 καὶ
234 1145 347 1197 δῆμον
375 1144 565 1196 σύμπαντα
603 1147 764 1202 πολιτείᾳ
799 1151 844 1201 τῇ
880 1148 1116 1203 διαφερούσῃ,

69 1204 130 1246 καὶ
153 1204 270 1258 νόμοις
289 1210 360 1251 τοῖς
380 1204 647 1258 ἀκριὸεστᾶτοις
665 1211 890 1258 κοσμοῦντος·
911 1213 972 1248 τοῦ
996 1208 1116 1247 δευτέ-

70 1281 130 1321 ρου
165 1265 204 1305 δὲ
234 1263 320 1320 πρὸς
349 1263 415 1313 τὴν
435 1264 515 1318 περὶ
543 1267 613 1304 τῶν
633 1265 734 1305 θείων
755 1269 882 1321 γνῶσιν
915 1266 1115 1315 διήκοντος.

69 1324 185 1364 αὐτῶν
204 1339 243 1364 τε
277 1325 346 1364 τῶν
371 1322 546 1377 πρώτων,
574 1326 635 1364 καὶ
665 1328 735 1365 τῶν
765 1327 912 1378 αἰτίων,
947 1326 1008 1366 καὶ
1042 1329 1112 1364 τῶν

69 1383 208 1431 ἄλλων,
231 1382 298 1422 ὅσα
323 1385 365 1423 ἐκ
392 1383 526 1423 τούτων
553 1384 711 1436 γίνεται,
746 1385 768 1424 ἃ
800 1386 843 1434 δὴ
867 1386 949 1441 περὶ
980 1386 1116 1439 φύσεως

72 1442 226 1499 ἱστορίαν
245 1445 264 1483 ὃ
283 1443 438 1484 Πλάτων
456 1444 653 1496 ὠνόμακεν·
684 1447 732 1490 εἷς
749 1446 784 1485 δὲ
806 1446 870 1495 τὴν
889 1446 969 1499 περὶ
985 1445 1116 1485 τούτων

69 1500 278 1555 ἀμφοτέρων
299 1501 471 1556 διάκρισίν
489 1518 526 1542 τε
546 1503 607 1542 καὶ
623 1503 758 1558 εὕρεσιν
778 1507 840 1542 τοῦ
863 1504 980 1557 τρίτου
998 1520 1117 1556 παρα-

67 1559 349 1612 λαμὸανομένου·
364 1560 418 1602 ὅτι
437 1562 499 1613 μὲν
521 1562 672 1602 Πλάτων
694 1564 781 1616 πρῶ
783 1578 832 1608 τος
845 1593 856 1612 ,
877 1564 936 1602 καὶ
959 1564 1091 1614 μάλιστ

15 1642 19 1646 ·
68 1621 277 1676 συναγείρας
303 1624 351 1668 εἰς
381 1622 419 1662 ἓν
449 1623 566 1663 πάντα
597 1625 640 1663 τὰ
675 1627 737 1671 τῆς
770 1625 973 1679 φιλοσοφίας
1009 1624 1115 1678 μέρη,

5 1679 7 1681 ’
67 1681 156 1726 τέως
181 1681 424 1733 ἐσκεδασμένοι
451 1682 512 1722 καὶ
542 1683 590 1722 διε
600 1684 725 1736 ’ῥιμμέ
727 1700 792 1732 να,
829 1683 926 1722 ὥσπε
932 1700 950 1736 ρ
981 1683 1025 1722 τὰ
1057 1687 1116 1722 τοῦ

68 1740 231 1787 Πενθέως
248 1740 339 1792 μέλη
351 1771 362 1790 ,
385 1741 545 1796 καθάπερ
569 1758 585 1781 ε
602 1743 646 1782 πέ
664 1757 736 1793 τις,
753 1742 858 1793 σῶμά
875 1759 913 1782 τε
942 1741 1002 1781 καὶ
1031 1743 1117 1794 ζῷον

67 1799 295 1855 ὁλόκληρον
275 1799 430 1855 απέφηνε
448 1800 510 1848 τὴν
531 1800 737 1855 φιλοσοφίαν
751 1831 762 1850 ,
782 1802 872 1849 δῆλα
892 1800 998 1840 παντὶ
1014 1801 1116 1853 λεγό·

69 1875 174 1912 μονα.
230 1857 328 1900 Οὔτε
346 1858 414 1914 γὰρ
429 1862 460 1901 οἳ
486 1860 568 1914 περὶ
587 1862 715 1908 Θαλῆν
737 1860 1038 1913 καὶἈναξιμένην
1058 1862 1117 1900 καὶ

69 1917 300 1974 Ἀναξαγόραν
313 1950 325 1970 ,
345 1920 404 1959 καὶ
424 1920 500 1961 ὅσοι
519 1921 611 1960 κατὰ
629 1920 755 1960 ταύτὸν
772 1920 934 1973 γεγόνασι
956 1921 1088 1965 τούτοις
1106 1953 1116 1970 ,

7 2011 10 2013 .
70 1981 275 2032 ἀγνοοῦνται
296 1979 375 2031 περὶ
398 1978 509 2031 μόνην
530 1979 592 2027 τὴν
613 1979 701 2032 ὓπὲρ
727 1982 789 2028 τ’ἧς
809 1979 943 2033 φύσεως
962 1982 1030 2019 τῶν
1057 1979 1116 2019 ὄν-

69 2053 139 2078 των
157 2037 280 2092 σκέψιν
298 2037 558 2092 διατρίψαντες.
589 2040 642 2078 Οὔ
663 2038 733 2090 μὴν
749 2039 826 2078 οὐδὲ
843 2039 1037 2088 Πιττακός,
1055 2039 1116 2079 καὶ

71 2096 302 2151 Περίανδρος,
321 2097 386 2136 καὶ
414 2098 563 2148 Σόλων,
587 2098 648 2137 καὶ
665 2099 887 2152 Λυκοῦργος,
912 2099 973 2138 καὶ
993 2100 1026 2138 οἱ
1047 2115 1116 2138 πα-

70 2156 259 2211 ραπλήσιοι
277 2156 431 2208 τούτοις,
446 2156 655 2196 λανθάνουσί
674 2172 770 2202 τινας
791 2157 855 2207 τὴν
877 2159 992 2197 αὑτῶν
1013 2159 1113 2212 φιλο-

69 2215 192 2270 σοφίαν
209 2218 258 2262 εἷς
276 2215 456 2256 πολιτείαν
475 2217 695 2261 καταθέντες.
755 2217 878 2266 Ζήνων
900 2216 935 2256 δὲ
962 2218 1023 2256 καὶ
1044 2222 1114 2255 πᾶν

69 2275 110 2315 τὸ
130 2273 337 2316 Ἐλεατικὸν
354 2279 458 2316 τοῦτο
489 2276 732 2316 διδασκαλεῖον
746 2306 756 2325 ,
779 2276 838 2316 καὶ
867 2276 953 2316 αὐτὸ
983 2276 1115 2331 γνώρι-

114 2395 144 2426 t.
167 2394 280 2432 Quum
297 2392 396 2435 igitur
414 2395 482 2427 tres
499 2393 532 2426 in
548 2396 660 2437 partes
675 2394 802 2437 integra
813 2395 1023 2437 perfectaque
1037 2393 1114 2437 phi-

27 2481 29 2483 .
70 2451 219 2495 losephia
238 2451 418 2495 dividatur,
434 2453 469 2487 id
485 2456 537 2487 est
551 2453 584 2486 in
601 2463 750 2495 morum,
769 2456 898 2488 naturae
916 2454 1117 2488 disserendi-

0 2532 1 2560 3
69 2518 134 2553 que
163 2509 370 2553 doctrinam
390 2520 531 2554 quarum
556 2512 662 2554 prima
691 2511 748 2545 illa
774 2521 839 2546 non
852 2512 996 2555 singulos
1022 2513 1120 2546 modo

0 2564 1 2587 ³
69 2569 218 2602 nostrum
234 2568 338 2602 bonos
355 2577 396 2602 ac
413 2570 536 2612 probos
566 2570 706 2612 efficiat,
725 2580 842 2604 verum
864 2571 963 2605 etiam
982 2572 1119 2605 familias

69 2627 158 2660 tutas
175 2627 219 2660 ad
241 2627 508 2662 honestissimam
529 2629 607 2662 vitae
642 2629 803 2664 rationem
830 2630 1003 2671 informet,
1018 2632 1116 2664 adeo-

69 2693 134 2728 que
151 2685 308 2730 populum
334 2686 524 2721 universum
556 2688 729 2722 excellenti
761 2689 903 2731 quodam
929 2690 1117 2732 reipublicae

69 2753 188 2789 genere
205 2747 239 2779 et
256 2746 515 2780 accuratissimis
532 2748 658 2790 legibus
683 2748 834 2783 instituat
851 2762 859 2782 :
882 2750 1024 2783 secunda
1042 2759 1118 2783 vero

68 2803 112 2838 ad
125 2813 239 2838 rerum
255 2804 442 2840 divinarum
459 2807 677 2850 cognitionem
693 2807 740 2841 ita
760 2809 940 2851 pertineat,
964 2810 1001 2842 ut
1020 2809 1118 2842 simul

68 2865 104 2898 et
128 2863 287 2908 principia
307 2865 379 2908 ipsa
391 2867 426 2899 et
449 2875 568 2900 causas
591 2868 805 2909 caeterarum,
826 2878 966 2911 quaeque
994 2878 1033 2901 ex
1055 2869 1117 2901 illis

13 2923 15 2926 ⁴
70 2923 154 2956 tiunt
172 2923 314 2965 reliquas
333 2933 446 2958 omnes
463 2926 722 2969 contempletur,
743 2937 842 2970 quam
866 2930 991 2961 naturae
1010 2927 1114 2960 histo-

8 3024 13 3034 *
69 2981 154 3016 riam
167 2981 262 3015 Plato
278 2982 457 3026 appellavit
477 2997 487 3018 ε
505 2985 602 3018 tertia
627 2986 769 3029 denique
795 2987 837 3019 ad
854 2987 1027 3019 certiorem
1058 2997 1114 3020 su·

14 3053 17 3060 Δ
69 3038 205 3083 perieris
219 3038 392 3084 utriusque
407 3042 657 3077 {estimationem
673 3047 706 3078 et
723 3045 944 3078 inventionem
968 3055 1116 3079 assuma-

70 3099 127 3132 tur
147 3112 156 3134 ς
172 3099 341 3135 Platonem
356 3101 523 3136 exstitisse
541 3103 686 3147 prImum
704 3105 760 3146 qui
777 3107 888 3148 partes
906 3105 978 3138 illas
1005 3115 1117 3139 omnes

14 3156 19 3211 ζ
71 3157 287 3204 philosophia
316 3161 490 3204 dissipatas
518 3164 615 3196 antea
646 3166 745 3207 atque
772 3165 942 3206 disjectas,
974 3166 1022 3198 sic
1048 3167 1118 3199 tan-

69 3225 169 3260 quam
187 3218 323 3258 Penthei
334 3221 482 3254 membra
493 3246 501 3262 ‚
522 3223 560 3254 ut
574 3222 685 3255 nescio
697 3222 771 3265 quis
792 3222 893 3263 dixit,
907 3223 960 3255 vel
975 3223 1117 3257 maxime

69 3270 274 3314 ronmtexns,
289 3272 529 3317 philosophiam
546 3275 579 3308 in
596 3275 694 3309 unius
713 3276 882 3318 cujusdam
900 3276 1046 3319 corporis
1064 3279 1114 3309 at·

69 3327 136 3371 que
151 3329 268 3373 integri
283 3331 458 3366 animantis
478 3333 617 3367 sormam
644 3334 824 3376 redegerit,
842 3343 956 3368 omnes
975 3344 1041 3368 uno
1059 3345 1115 3369 ore

70 3388 288 3423 mutiunt.
332 3390 461 3434 Quippe
487 3401 583 3426 nemo
605 3393 748 3435 ignorat,
779 3394 966 3435 Thaletem,
994 3395 1112 3427 Anaxi·

66 3452 218 3488 punem,
235 3449 456 3491 Anaxagoram
478 3453 512 3484 et
529 3454 693 3494 quotquot
713 3454 872 3495 praeterea
890 3453 1004 3486 eodem
1029 3454 1112 3487 tem·

72 3508 151 3542 'zore
162 3505 324 3548 vixerunt,
343 3507 375 3541 in
393 3509 461 3542 sola
479 3519 590 3544 rerum
611 3513 737 3545 naturas
761 3511 1020 3547 consideratione
1042 3523 1114 3548 esse

1586 341 1821 402 ATTlCl

1372 472 1664 520 PLATONICI
1700 475 2030 521 PHILOSOPHI

1535 589 1862 631 FRAGMENTA.

1181 867 1244 904 μον
1280 852 1336 890 ἐπὶ
1372 868 1414 904 τῃ
1440 851 1545 904 τέχνῃ
1572 853 1640 890 τῶν
1673 851 1785 903 λόγων
1819 852 1972 902 μάλιστα
2007 854 2221 893 σπουδάσαν.

1178 910 1322 955 Τουτοις
1348 910 1385 950 δὲ
1417 910 1657 963 ἐπιγενόμενος
1691 911 1866 958 Πλάτων,
1901 912 1988 984 ἀνὴρ
2021 916 2059 952 ἐκ
2092 914 2224 966 φύσεως

1178 970 1382 1023 ἅρτιτελης,
1408 969 1468 1008 καὶ
1488 968 1576 1008 πολυ
1595 968 1798 1019 διενεγκών,
1818 973 1873 1008 οἷα
1889 971 2103 1022 κατάπεμπτ
2108 989 2158 1022 ος,
2178 974 2224 1015 ὡς

1178 1029 1334 1077 ἀληθῶς,
1368 1030 1408 1067 ἐκ
1440 1030 1548 1077 θεῶν,
1587 1026 1631 1065 ἵν’
1656 1028 1844 1080 ὁλόκληρος
1876 1031 1962 1081 ὀφθῇ
1995 1030 2036 1068 δι’
2068 1032 2171 1069 αὐτοῦ
2201 1033 2223 1077 ἡ

1178 1087 1427 1141 φιλοσοφία*
1380 1117 1390 1137 ,
1431 1097 1434 1100 ’
1451 1087 1587 1140 παρῆκέ
1607 1104 1645 1126 τε
1664 1087 1761 1126 οὐδέν
1774 1118 1783 1136 ,
1803 1088 1861 1126 καὶ
1883 1088 2015 1127 ἔκαστοι
2034 1089 2224 1142 ἠκρίὸωσε,

1178 1147 1267 1198 μήτε
1300 1147 1468 1186 ἐλλείπων
1501 1147 1587 1199 πρὸς
1614 1146 1655 1185 τὸ
1687 1148 1875 1199 ἀναγκαῖον
1895 1179 1906 1197 ,
1943 1147 2033 1197 μήτε
2066 1149 2151 1200 πρὸς
2185 1149 2224 1187 τὸ

1178 1206 1356 1260 ἄχρηστον
1390 1205 1590 1259 ἐξενεχθείς.
1650 1206 1752 1245 Ἐπεὶ
1781 1206 1896 1245 τοίνυν
1931 1207 2071 1246 πάντων
2091 1207 2223 1263 ἔφαμεν

1178 1272 1334 1317 μετεῖναι
1351 1269 1402 1320 τῷ
1420 1266 1639 1317 Πλατωνικῷ
1651 1294 1661 1312 ,
1683 1265 1743 1303 καὶ
1765 1267 2045 1318 φυσιολογοῦντι,
2065 1267 2126 1305 καὶ
2143 1266 2225 1319 πὲρὶ

1177 1328 1270 1374 ἠθῶν
1293 1325 1455 1376 λέγοντι,
1487 1323 1546 1363 καὶ
1571 1323 1831 1377 διαλεγομένῳ,
1855 1325 1957 1378 φέρε,
1983 1328 2061 1364 καθ’
2081 1324 2225 1366 ἕκαστον

1179 1384 1465 1438 ἐπισκεψώμεθα.
1522 1384 1648 1422 Ταῦτα
1667 1382 1730 1433 μὲν
1746 1386 1764 1422 ὃ
1786 1383 1957 1427 Ἀττικός.

1231 1445 1447 1497 (Eusebius
1468 1444 1596 1496 Praep.
1618 1445 1769 1494 Evang.
1804 1443 1872 1482 lib.
1893 1443 1962 1492 XI,
1979 1458 2064 1497 cap.
2087 1460 2125 1486 α.
2149 1445 2223 1485 Ἀτ-

1178 1508 1275 1545 τικοῧ
1295 1504 1376 1557 περὶ
1399 1507 1460 1543 τοῦ
1479 1505 1663 1556 τριμεροῦς
1687 1505 1750 1549 τῆς
1778 1501 1871 1540 κατὰ
1892 1502 2069 1542 Πλάτωνα
2088 1506 2226 1572 φιλοσο-

1178 1565 1270 1618 φίας.
1292 1565 1348 1602 De
1367 1563 1443 1601 hoc
1469 1571 1595 1601 autem
1624 1563 1681 1600 sic
1698 1562 1847 1611 judicat
1874 1562 2096 1602 Eusebius
2085 1577 2127 1601 ιιι
2150 1565 2226 1604 fine

1178 1624 1317 1676 capitis
1335 1623 1485 1675 primi:
1508 1621 1603 1669 θήσω
1624 1620 1659 1659 δὲ
1676 1621 1719 1660 τὰ
1743 1621 1935 1674 ἀρέσκοντα
1951 1622 2136 1673 Πλάτωνι,
2158 1623 2226 1663 ἀπὸ

1178 1678 1248 1722 τῶν
1280 1681 1325 1721 τὰ
1355 1683 1460 1720 αὐτοῦ
1488 1680 1776 1734 πρεσὸευόντων,
1804 1685 1852 1720 ὡν
1873 1679 2028 1726 Ἀττικὸς
2057 1683 2226 1757 διαφανὴς

1180 1742 1266 1795 ἀνὴρ
1298 1743 1366 1780 τῶν
1404 1743 1640 1780 Πλατωνικῶν
1673 1740 1893 1802 φιλοσόφων,
1913 1735 1984 1781 ωδέ
2016 1757 2066 1790 πη
2091 1742 2136 1781 τὰ
2169 1744 2224 1781 δο-

1177 1816 1306 1840 κουντα
1326 1801 1376 1853 τῶ
1396 1800 1494 1853 ἀνδρι
1526 1798 1706 1847 διέξεισιν,
1735 1801 1769 1839 ἐν
1798 1803 1846 1840 οἱς
1874 1798 2017 1839 ἵσταται
2037 1816 2122 1854 προς
2148 1818 2227 1847 τους

1178 1859 1235 1899 διὰ
1258 1861 1326 1898 τῶν
1346 1858 1600 1912 Ἀριστοτέλους
1614 1858 1656 1897 τὰ
1672 1859 1892 1903 Πλάτωνος“
1879 1860 2226 1913 υπι·σ·,(.νουμένους.”ι

1177 1919 1325 1971 Scripsi
1342 1920 1385 1957 δι’
1409 1920 1514 1957 αὐτοῦ
1532 1921 1553 1965 ἦ
1570 1917 1756 1971 φιλοσοφία
1774 1932 1847 1970 pro
1865 1918 2040 1957 codicum
2062 1919 2228 1958 lectione

1178 1981 1200 2026 ἡ
1221 1979 1265 2017 δι’
1288 1979 1392 2016 αὐτοῦ
1415 1976 1634 2030 φιλοσοφία.)

1231 2052 1261 2077 2.
1293 2040 1369 2085 Τῆς
1401 2037 1469 2090 γὰρ
1490 2038 1679 2087 συμπάσης
1709 2037 1934 2091 φιλοσοφίας,
1972 2041 2071 2091 κοινῇ
2103 2038 2226 2091 γνώμῃ

1180 2098 1248 2136 τῶν
1281 2095 1613 2150 φιλοσοφησάντων,
1647 2095 1709 2144 τὴν
1743 2097 1964 2148 ἀνθρωπίνην
2000 2098 2226 2149 εὐδαιμονίαν

1176 2157 1475 2209 ὓπισχνουμένης,
1496 2158 1600 2210 τριχῆ
1622 2156 1658 2195 δὲ
1679 2157 1941 2210 διαιρουμένης,
1966 2157 2058 2196 κατὰ
2078 2157 2139 2205 τὴν
2158 2160 2226 2197 τῶν

1176 2214 1265 2255 ὅλων
1281 2214 1466 2264 ποιητικὴν
1494 2214 1711 2266 διανέμησιν·
1729 2219 1890 2255 τοσοῦτον
1910 2215 2066 2255 ἀποδέων
2087 2217 2121 2255 ἐν
2143 2216 2227 2256 τού-

1175 2291 1246 2321 τοις
1267 2278 1326 2315 τοῖῐ
1346 2275 1519 2315 διδάσκειν
1544 2290 1576 2312 τι
1595 2278 1666 2314 τῶν
1686 2274 1876 2319 Πλάτωνος
1900 2278 1918 2314 ὁ
1946 2275 2228 2329 Περιπατητικὸς

1180 2395 1341 2427 versatos.
1385 2392 1535 2425 Pittacus
1553 2394 1665 2425 autem
1678 2418 1686 2432 ,
1721 2392 1908 2433 Periander,
1929 2393 2043 2434 Solon,
2060 2395 2228 2437 Lyeurgus

1179 2461 1219 2486 ac
1237 2452 1347 2485 caeteri
1366 2452 1396 2484 id
1417 2461 1520 2494 genus
1542 2451 1783 2494 philosophiam
1799 2461 1892 2485 suam
1910 2452 1951 2485 ad
1971 2453 2159 2495 reipublicae
2173 2463 2228 2488 cu-

1180 2520 1250 2544 ram
1270 2519 1308 2544 ac
1330 2510 1477 2543 studium
1500 2512 1612 2553 aperte
1637 2511 1854 2544 contulerunt.
1900 2513 2061 2545 Zenonem
2084 2513 2226 2555 denique

1179 2571 1213 2603 et
1229 2579 1358 2603 omnem
1376 2570 1465 2603 illam
1481 2570 1659 2603 Eleaticam
1689 2571 1835 2604 scholam
1855 2571 1887 2604 in
1911 2571 2093 2605 disserendi
2122 2574 2227 2606 artem

1178 2629 1383 2673 potissimum
1400 2629 1598 2670 incubuisse,
1610 2632 1725 2664 notum
1741 2632 1803 2664 est.
1824 2632 1865 2664 At
1877 2640 1955 2664 vero
1968 2631 2021 2667 his
2039 2631 2131 2665 Plato
2149 2641 2224 2665 suc-

1178 2690 1314 2727 cedens,
1337 2689 1389 2722 vir
1411 2691 1529 2722 natura
1547 2690 1695 2732 partibus
1723 2690 1875 2739 omnibus
1896 2699 1934 2723 ac
1949 2691 2096 2724 numeris
2125 2693 2221 2726 abso-

1179 2748 1276 2782 lutus
1299 2748 1457 2791 longeque
1471 2748 1600 2782 caeteris
1615 2749 1823 2791 antecellens,
1841 2750 1957 2792 utpote
1976 2750 2114 2784 deorum
2131 2752 2226 2794 plane

1177 2816 1314 2841 munere
1334 2817 1372 2840 ac
1396 2807 1482 2841 dono
1506 2807 1539 2840 in
1560 2809 1682 2842 terram
1698 2808 1879 2850 demissus,
1903 2818 1963 2851 per
1978 2819 2078 2852 quem
2099 2810 2225 2853 integra

1176 2866 1309 2899 tandem
1339 2866 1516 2909 aliquando
1544 2867 1750 2910 philosophia
1775 2870 1986 2909 cerneretur,
2015 2871 2049 2902 et
2064 2870 2223 2911 pr'aeteriit

1176 2926 1307 2959 omnino
1322 2926 1414 2966 nihil,
1431 2929 1466 2959 et
1479 2926 1603 2969 singula
1620 2929 1688 2960 tam
1703 2927 1873 2971 diligenter
1888 2928 2099 2970 examinavit,
2111 2932 2150 2962 ut
2165 2939 2222 2963 ne·

1177 2994 1241 3027 que
1256 2986 1428 3020 necessarii
1442 2986 1624 3029 quidquam
1644 2986 1835 3028 desiderari,
1854 2997 1960 3030 neque
1974 2989 2167 3024 abstrahhse
2183 2990 2225 3022 ad

1176 3045 1305 3079 inutilia
1323 3047 1502 3088 pateretur.
1547 3047 1709 3086 Quoniam
1728 3047 1827 3089 igitur
1846 3047 2004 3081 Platonici
2036 3048 2220 3090 philosophi

1175 3105 1339 3148 propriam
1354 3105 1439 3138 hanc
1450 3105 1549 3139 trium
1565 3105 1696 3140 illorum
1712 3107 1970 3149 conjunctionem
1987 3116 2059 3140 esse
2075 3108 2223 3141 defendi-

1175 3173 1267 3205 mus,
1285 3166 1323 3197 ut
1338 3164 1380 3197 de
1392 3173 1502 3198 rerum
1518 3167 1634 3199 natura
1650 3166 1813 3209 disputet,
1830 3167 1872 3199 de
1887 3167 2034 3199 moribus
2060 3170 2224 3209 praecepta

1176 3223 1250 3263 det,
1268 3232 1307 3256 ac
1326 3223 1424 3257 simul
1442 3223 1475 3257 in
1499 3224 1670 3259 dialectica
1688 3226 1847 3268 sapientia
1869 3228 2031 3266 versetur,
2053 3228 2133 3270 aget,
2156 3227 2223 3259 sin-

1177 3281 1253 3323 gula
1275 3290 1333 3324 per
1348 3291 1421 3317 sese
1434 3283 1615 3317 videamus.
1637 3285 1716 3318 Haec
1737 3284 1878 3318 Atticus.

1219 3344 1250 3372 2.
1273 3342 1384 3379 Quum
1411 3341 1497 3375 enim
1515 3342 1556 3375 de
1580 3343 1745 3376 communi
1766 3343 2035 3387 philosophorum
2065 3344 2225 3377 sententia

1176 3398 1354 3433 humanam
1371 3400 1607 3436 beatitudinem
1630 3403 1782 3436 universa
1800 3403 2005 3445 philosophIa
2021 3403 2222 3445 polliceatur,

1179 3468 1284 3500 eaque
1298 3459 1460 3494 trifariam
1475 3471 1535 3505 pro
1552 3462 1607 3495 illa
1626 3471 1733 3496 rerum
1759 3463 1904 3496 omnium
1929 3462 2096 3495 eft'ectrice
2115 3462 2225 3495 distri-

1175 3517 1308 3552 butione
1326 3519 1495 3553 dividatur
1515 3533 1523 3552 ε
1543 3522 1672 3554 tantum
1692 3520 1802 3560 abest,
1825 3522 1860 3555 ut
1878 3521 1910 3554 in
1930 3521 2018 3554 hisce
2034 3522 2134 3555 rebus
2154 3522 2224 3555 Plav

1114 3578 1186 3616 185
