2508 3776
335 314 810 368 ΑΝΔΡΟΝΙΚΟΥ
854 314 1005 368 ΤΟΥ
1048 315 1316 371 ΡΟΔΙΟΥ

393 450 630 496 ΗΘΙΚΩΝ
663 450 787 496 ΤΩΝ
821 449 1258 500 ΝΙΚΟΜΑΧΕΙΩΝ

629 565 1017 606 ῙῙΑΡΑΦΡΑΣΕΩΣ

573 671 779 704 ΒῙΒΛΙΟΝ
811 673 836 703 Δ
850 671 1067 705 ΕΚΑΤΟΝ.

737 793 909 808 -οομ-

727 909 820 961 Κεφ.
853 914 902 944 α’.

708 1019 784 1060 Περὶ
809 1019 931 1056 ἡδονῆς.

352 1126 367 1141 *
386 1124 487 1164 Μετὰ
504 1123 539 1163 δὲ
558 1128 669 1164 ταῦτα
695 1125 775 1178 περὶ
799 1126 923 1173 ἡδονῆς
941 1123 1128 1163 ἀκόλουθόν
1150 1125 1223 1163 ἐστι
1240 1124 1340 1164 διελ-

297 1186 365 1222 θεῖν
377 1183 582 1238 τελεώτερον
595 1186 670 1223 ‘nod
680 1184 748 1239 γὰρ
758 1184 962 1237 συμπέφυκέ
977 1200 1051 1228 πως
1067 1184 1125 1222 καὶ
1146 1198 1340 1236 συνῳκειω-

297 1243 383 1294 με’νη
403 1248 452 1297 τῷ
481 1245 572 1297 γένει
599 1249 712 1298 ἡμῶν.
734 1247 800 1287 Διὰ
821 1250 922 1286 τοῦτο
945 1248 1003 1286 καὶ
1039 1247 1340 1297 παιδαγωγοῦντες

295 1303 372 1348 τοὺς
410 1303 505 1349 νέους
540 1306 669 1358 ἄγομεν
705 1307 811 1360 ἡδονῇ
849 1306 909 1345 καὶ
943 1305 1058 1358 λύπῃ,
1094 1304 1151 1343 διὰ
1188 1304 1250 1356 μὲν
1281 1307 1341 1352 τῆς

296 1362 408 1410 λύπης
438 1364 630 1416 ἀπάγοντες
663 1369 732 1404 τῶν
767 1365 937 1418 φαύλων,
975 1364 1032 1403 διὰ
1063 1363 1100 1402 δὲ
1119 1365 1191 1410 ’τῆς
1218 1364 1343 1410 ἡδονῆς

296 1423 343 1466 εἷς
361 1423 400 1462 τὸ
426 1423 554 1475 ἀγαθὸν
577 1425 867 1478 προτρεπόμενοι·
907 1424 984 1462 ὅθεν
1018 1424 1138 1471 δῆλον,
1170 1423 1222 1461 ὅτι
1242 1422 1342 1476 φύσει

294 1481 358 1528 τὴν
395 1481 458 1533 μὲν
499 1483 612 1531 λύπην
661 1484 852 1538 φεύγομεν,
891 1483 956 1531 τὴν
1005 1481 1040 1520 δὲ
1087 1481 1213 1530 ἡδονὴν
1259 1482 1342 1520 διώ-

294 1556 413 1590 κομεν.
454 1542 556 1582 Ἐπεὶ
589 1542 624 1581 δὲ
654 1543 735 1594 περὶ
774 1545 843 1581 τῶν
879 1540 1101 1594 ἀνθρωπίνων
1133 1544 1254 1580 παθῶν
1283 1541 1343 1580 καὶ

295 1600 452 1653 πράξεων
477 1604 494 1639 ὁ
524 1602 624 1653 λόγος
656 1606 762 1654 ἡμῖν,
804 1601 863 1640 καὶ
885 1601 965 1654 περὶ
986 1603 1047 1647 τῆς
1068 1601 1194 1673 ἡδονῆς
1218 1601 1341 1639 διαλα-

296 1662 368 1711 βεῖν
389 1660 477 1704 εἰκὸς
497 1660 537 1699 ἂν
559 1660 673 1711 εἴη,κ
651 1661 711 1700 καὶ
731 1661 862 1714 πρέπον
902 1663 946 1713 τῇ
971 1659 1211 1713 πραγματείᾳ.
1240 1661 1316 1699 (boos
1305 1677 1341 1691 -

294 1733 390 1757 νεται
404 1719 439 1758 δὲ
457 1720 509 1759 ὁτι
529 1721 567 1758 οὐ
597 1720 706 1773 μικρὰ
723 1720 1009 1771 συλλαμὸάνεται
1027 1718 1112 1771 πρὸς
1137 1718 1198 1765 τὴν
1219 1721 1341 1766 κτῆσιν

294 1781 355 1825 τῆς
374 1781 496 1826 ἠθικῆς
528 1782 651 1833 ἀρετῆς
671 1796 709 1819 το
747 1780 882 1833 χαίρειν
911 1782 960 1823 οἱς
981 1778 1117 1831 χαίρειν
1146 1778 1339 1830 προσήκει,

294 1838 354 1875 καὶ
372 1840 485 1889 μισεῖν
515 1839 538 1877 ἃ
558 1838 632 1878 δέον
662 1839 735 1880 ἐστι
754 1844 882 1891 μισεῖν.
906 1841 1031 1878 Ταῦτα
1054 1836 1121 1911 γὰρ
1142 1853 1341 1891 συμπαρεκ-

294 1896 442 1936 τείνεται
465 1901 514 1936 τῶ
541 1899 743 1951 ἀνθρωπίνω
774 1899 865 1952 βιῳ·
885 1897 944 1936 καὶ
966 1903 1034 1941 τοῖς
1069 1897 1130 1948 μὲν
1148 1898 1339 1949 χαίρομεν,

296 1962 365 2000 τοῖς
383 1957 418 1995 δὲ
436 1957 665 2009 λυπούμεθα·
683 1958 743 1997 καὶ
766 1957 922 2010 μεγάλην
952 1954 1094 2009 ῥοπὴν”
1078 1970 1150 2008 εχει
1167 1955 1252 2008 πρὸς
1277 1956 1341 2004 τὴν

298 2016 424 2069 ἀρετὴν
445 2033 504 2056 και
538 2017 595 2056 τὸν
599 2017 810 2068 ἐὐδαίμονα
838 2016 925 2070 βίον,
943 2019 1003 2069 εὖ,
1032 2031 1092 2054 και
1113 2017 1248 2063 καλῶς,
1281 2015 1340 2054 καὶ

297 2075 388 2114 κατὰ
407 2077 465 2115 τὸν
500 2078 599 2128 ὀρθὸν
628 2078 794 2152 γινόμενα
813 2077 928 2128 λόγον.

350 2135 486 2197 ”Hs-:pi
502 2137 537 2175 δὲ
524 2139 617 2175 ετῶν
628 2139 789 2177 τοιούτων
812 2137 860 2188 μὴ
876 2137 990 2190 λέγειν
1011 2138 1138 2186 ἥκιστα
1164 2136 1203 2175 ἂν
1219 2136 1323 2183 δόξει·
1326 2153 1343 2175 ν

297 2194 385 2239 εἰκὸς
401 2198 504 2244 εἰναι,
527 2197 602 2235 ἐπεὶ
623 2197 711 2247 μηδὲ
742 2196 875 2242 ἁπλοῦς
908 2197 996 2247 μηδὲ
1018 2196 1196 2250 προφανὴς
1218 2198 1236 2234 ὃ
1263 2197 1343 2249 περι

295 2257 356 2301 τῆς
370 2256 494 2302 ἡδονῆς
514 2254 680 2307 Myos-,⁶
655 2271 746 2294 ωστε
768 2256 817 2307 μὴ
843 2257 974 2294 δεῖσθαι
994 2257 1132 2295 πολλῶν
1152 2271 1212 2294 και
1230 2271 1340 2295 σπου-

297 2313 402 2352 δαίων
423 2314 553 2366 λόγων
577 2314 666 2354 ἀλλὰ
684 2314 775 2354 οὕτω
809 2315 945 2362 πολλήν
968 2331 1046 2354 τινα
1066 2314 1128 2361 τὴν
1166 2313 1343 2368 ἀμφισὸή-

297 2388 394 2418 τησιν
432 2373 524 2426 ἔχει,
559 2372 649 2412 ὥστε
687 2375 717 2413 οι
747 2374 812 2427 μὲν
850 2375 936 2414 αὐτὸ
980 2375 1020 2413 τὸ
1060 2372 1209 2427 ἔσχατον
1249 2376 1338 2426 ἀγα-

296 2431 352 2470 θὸν
369 2434 431 2479 τὴν
454 2432 579 2481 ἡδονὴν
601 2426 827 2486 εἶναίφασιν,
843 2436 874 2473 οἱ
894 2434 930 2472 δὲ
949 2432 1019 2472 οὐδ’
1043 2433 1172 2485 ἀγαθὸν
1201 2432 1339 2480 ἇπλως,

296 2492 373 2530 ἀλλ’
395 2492 459 2537 ἐξ’
445 2492 600 2537 εναντίας
630 2495 757 2545 κομιδῇ
786 2495 932 2549 φαυλον.
966 2492 1037 2532 Καὶ
1075 2495 1144 2531 τῶν
1173 2493 1341 2545 λεγοντων

295 2552 424 2623 φαῦλον
460 2553 605 2602 ἡδονήν,
631 2555 661 2591 οἱ
694 2551 757 2602 μὲν
792 2555 851 2592 καὶ
872 2553 970 2592 αὐτοὶ
1017 2566 1198 2613 φρονουσιν
1233 2551 1341 2596 οὕτως

296 2608 407 2661 ἔχειν,
427 2611 486 2649 καὶ
505 2612 731 2663 πεπεισμένοι
757 2612 823 2651 εἰσὶ
845 2613 974 2666 φαῦλον
1000 2610 1107 2658 αὐτὴν
1130 2605 1341 2649 atvar-018}

296 2673 453 2739 φρονοῦσι
488 2670 550 2720 μὲν
572 2670 704 2722 ἀγαθήν
721 2687 799 2710 τινα
828 2670 952 2718 ἡδονὴν
984 2674 1092 2718 εἰναι,
1116 2670 1195 2714 τους
1215 2670 1340 2714 ἄλλους

296 2725 332 2764 δὲ
351 2727 504 2767 ἑθελουσι
530 2729 658 2768 πείθειν
688 2732 819 2792 φαυλον
837 2730 956 2775 ἁπλῶς
983 2729 1125 2768 ἅπασαν
1155 2733 1262 2778 εἶναι,
1282 2730 1340 2769 νο-

296 2785 448 2835 μίζοντες
475 2787 580 2831 οὕτος)
607 2789 739 2840 βέλτιον
766 2793 926 2843 εἶναιτῷ
960 2792 1049 2845 βίῳ,
1083 2807 1142 2830 και
1160 2788 1341 2830 λυσιτελε-

296 2860 415 2899 στερον
425 2852 496 2890 τοῖς
509 2847 770 2899 ἀνθρώποιςτὴν
786 2849 911 2898 ἡδονὴν
936 2849 1067 2889 οἴεσθαι
1081 2852 1212 2904 φαῦλον
1231 2853 1339 2887 εἶναι·

295 2902 395 2963 φύσει
414 2904 480 2958 γὰρ
500 2905 632 2949 πάντας
649 2906 847 2960 ἀνθρώπους
876 2911 923 2953 εἷς
947 2909 1055 2957 αὐτὴν
1080 2909 1245 2969 ῥέποντας
1267 2908 1303 2947 δέ
1289 2922 1340 2945 εον

295 2961 383 3000 εἶναί
411 2978 514 3015 φασιν
536 2966 582 3008 εἷς
612 2966 806 3005 τούναντίον
841 2967 982 3017 ἕλκειν,
1018 2968 1078 3008 καὶ
1099 2968 1141 3006 δι’
1163 2971 1209 3006 ὧν
1232 2966 1341 3012 ἔξεστι

295 3020 455 3066 καθάπαξ
474 3024 541 3060 τῶν
575 3024 707 3070 ἡδονῶν
738 3026 904 3078 ἀπάγειν,
928 3026 986 3064 ι’να
1023 3028 1214 3075 δυνηθῶσιν
1238 3027 1284 3070 εἷς
1303 3025 1341 3064 τὸ

296 3079 403 3129 μέσον
421 3083 543 3130 ἐλθεῖν,
560 3099 619 3122 και
639 3085 684 3128 ὡς
700 3085 751 3122 δεῖ
766 3085 852 3137 πρὸς
869 3085 932 3133 τὴν
946 3085 1074 3133 ἡδονὴν
1091 3085 1198 3138 ἔχειν.
1217 3087 1341 3125 Ταῦτα

296 3138 331 3175 δὲ
349 3141 388 3177 οὐ
421 3143 534 3185 καλῶς
555 3142 731 3193 λέγουσιν·
756 3145 794 3182 οὗ
813 3143 880 3196 γὰρ
915 3143 1005 3183 οὕτω
1025 3144 1231 3192 δυνήσονται
1264 3142 1341 3187 τοὺς

295 3199 442 3245 πολλοὺς
459 3203 528 3240 τῶν
549 3202 691 3256 φαύλων
719 3205 913 3254 ἀπαγαγεῖν
941 3204 1086 3251 ἡδονῶν.
1113 3203 1169 3244 Τὰ
1192 3202 1260 3257 γὰρ
1282 3204 1339 3241 ἀν-

295 3259 451 3311 θρώπινα
468 3261 563 3310 πάθη
579 3291 590 3311 ,
610 3262 669 3301 καὶ
683 3262 705 3301 ἃ
725 3262 858 3314 δρῶσι,
880 3262 1071 3315 πιστότερά
1093 3264 1159 3302 εἶσι
1178 3265 1247 3301 τῶν
1262 3261 1342 3315 περὶ

2455 0 2508 172 1

1580 314 1974 393 ANDRONICI
2023 335 2279 396 Raonu
2480 156 2508 397 11

1505 459 1833 511 ETHICORUM
1866 464 2361 516 NICOMACHEORUM

1752 581 2111 624 PARAPHRAsls

1717 689 1763 728 L,1
1775 690 1874 723 BER
1896 692 2143 726 DEG1MUS.

1867 913 1945 956 Gap.
1963 916 1994 948 I.

1819 1031 1862 1058 De
1882 1031 2046 1067 voluptate.

1407 1133 1415 1139 ‘
1451 1132 1531 1163 Post
1549 1131 1621 1164 haec
1641 1141 1719 1165 vero
1741 1137 1902 1176 superest.
1921 1138 1961 1167 ut
1987 1136 2028 1168 de
2045 1136 2216 1179 voluptate
2233 1114 2369 1171 uberius
2385 1136 2456 1170 dis-

1408 1198 1556 1222 seramus
1574 1203 1581 1222 :
1601 1199 1744 1234 namque
1758 1192 1831 1225 haec
1843 1194 1952 1235 generi
1970 1196 2082 1227 nostro
2100 1195 2345 1238 quodammodo
2356 1195 2456 1231 insita

1380 1270 1390 1279 .
1409 1250 1460 1281 est
1488 1251 1521 1281 et
1541 1250 1724 1292 conjuncta.
1748 1253 1863 1293 Itaque
1888 1252 1924 1285 in
1955 1253 2168 1287 instituendis
2194 1254 2456 1292 adolescentibus

1407 1308 1578 1350 voluptate
1607 1318 1664 1342 eos
1691 1319 1729 1342 ac
1747 1310 1860 1344 dolore
1886 1311 2108 1355 moderamur,
2143 1313 2256 1348 dolore
2279 1313 2416 1359 quidem
2437 1324 2457 1348 a

1408 1367 1505 1399 malis
1520 1370 1717 1408 avertentes,
1748 1369 1918 1412 voluptate
1941 1373 2054 1407 autem
2078 1371 2121 1404 ad
2141 1371 2265 1406 bonum
2283 1372 2455 1420 impellen-

1410 1428 1478 1467 tes3
1501 1427 1589 1460 unde
1622 1430 1773 1470 apparet,
1795 1431 1915 1462 natura
1943 1432 1977 1463 et
2003 1430 2152 1464 dolorem
2175 1441 2241 1472 nos,
2263 1430 2394 1474 fugere,
2421 1434 2455 1465 et

1409 1484 1614 1527 voluptatem
1633 1486 1737 1529 sequi.
1771 1487 1835 1520 Sed
1854 1488 2011 1530 quoniam
2032 1498 2109 1522 cum
2139 1489 2182 1522 de
2197 1488 2374 1524 affectibus
2389 1490 2508 1527 hu-a..

1408 1544 1526 1583 manis,
1541 1546 1614 1577 tum
1630 1545 1672 1578 de
1688 1546 1873 1580 actionibus
1887 1557 1993 1581 senno
2008 1550 2075 1588 est,
2088 1548 2187 1583 simul
2200 1549 2301 1582 etiam
2317 1558 2454 1583 consen-

1417 1606 1553 1636 taneum
1572 1603 1674 1637 fuerit
1694 1607 1728 1638 et
1745 1606 1822 1638 huic
1846 1607 2000 1640 tractatui
2019 1607 2315 1649 accommodatum,
2335 1617 2395 1642 nos
2415 1608 2457 1642 de

1408 1664 1578 1706 voluptate
1597 1664 1778 1707 disputare.
1812 1666 1952 1699 Videtur
1980 1669 2092 1700 autem
2118 1677 2182 1700 non
2199 1676 2316 1710 parum
2344 1667 2454 1702 valere

1409 1724 1451 1756 ad
1468 1723 1731 1766 consequendam
1750 1725 1908 1758 moralem
1935 1726 2094 1760 virtutem
2123 1727 2165 1760 iis
2181 1727 2281 1761 rebus
2299 1725 2458 1761 delectari

1410 1783 1532 1825 quibus
1551 1782 1709 1815 delectari
1735 1782 1840 1824 decet,
1863 1794 1985 1827 easque
2012 1785 2122 1820 odisse
2139 1796 2216 1830 quae
2249 1787 2326 1822 odio
2349 1785 2456 1828 dignae

1410 1845 1497 1876 sunt.
1522 1845 1601 1876 Haec
1620 1843 1707 1875 enim
1726 1852 1785 1885 per
1800 1853 1930 1876 omnem
1953 1844 2133 1878 humanam
2150 1845 2255 1879 vitam
2275 1843 2452 1888 pertinent,

1410 1902 1573 1944 siquidem
1601 1902 1675 1934 aliis
1708 1901 1923 1942 delectamur,
1962 1903 2037 1936 aliis
2066 1903 2216 1937 dolemus
2245 1917 2254 1937 z
2284 1913 2362 1947 quae
2387 1903 2455 1936 duo

1410 1970 1566 2002 magnum
1584 1962 1790 1994 momentum
1817 1961 1859 1994 ad
1883 1961 2043 1995 virtutem
2065 1963 2099 1995 et
2121 1962 2164 1996 ad
2189 1962 2321 1996 beatam
2350 1962 2455 1995 vitam

1410 2020 1545 2062 habent,
1563 2020 1689 2053 sibene
1704 2022 1806 2063 atque
1832 2021 1979 2062 honeste,
2003 2023 2168 2065 rectaeque
2185 2021 2304 2055 rationi
2332 2030 2455 2055 conve-

1407 2079 1533 2112 nienter
1548 2079 1642 2113 fiunt.

1448 2134 1498 2166 De
1525 2133 1648 2167 talibus
1679 2137 1790 2167 autem
1809 2137 1917 2168 tacere
1941 2135 2076 2169 minime
2101 2135 2255 2170 videatur
2283 2135 2456 2169 consenta-

1408 2195 1508 2218 neum
1536 2195 1619 2225 esse,
1649 2187 1834 2229 praesertim
1853 2197 1958 2230 quum
1988 2197 2095 2231 neque
2114 2188 2162 2222 ita
2189 2188 2328 2231 simplex
2348 2195 2455 2229 neque

1409 2240 1491 2272 adeo
1507 2242 1621 2282 aperta
1639 2240 1681 2273 de
1705 2241 1875 2285 yoluptate
1893 2241 2075 2284 disputatio
2101 2242 2154 2280 sit,
2182 2244 2222 2275 ut
2247 2251 2312 2275 non
2338 2239 2455 2274 multis

1410 2295 1442 2325 et
1461 2293 1618 2334 gravibus
1635 2293 1677 2326 ad
1695 2302 1767 2327 eam
1787 2294 2033 2336 intelligendam
2059 2295 2244 2329 rationibus
2261 2303 2414 2337 egeamus
2443 2305 2453 2326 ε

1411 2346 1468 2379 sed
1484 2349 1576 2379 tanta
1594 2346 1635 2380 de
1653 2356 1691 2379 eo
1703 2349 1896 2389 argumento
1917 2348 2138 2381 controversia
2162 2349 2224 2387 est,
2247 2349 2289 2381 ut
2307 2347 2365 2380 alii
2390 2355 2454 2380 vo-

1409 2400 1570 2441 luptatem
1606 2399 1716 2441 ipsum
1767 2409 1935 2432 summum
1966 2399 2089 2432 bonum
2123 2409 2195 2433 esse
2232 2400 2360 2438 dicant,
2397 2397 2455 2431 alii

1409 2454 1540 2486 omnino
1556 2463 1596 2486 ne
1607 2453 1731 2486 bonum
1750 2452 1897 2495 quidem,
1914 2452 1972 2485 sed
1985 2455 2098 2486 contra
2108 2462 2245 2495 prorsus
2261 2453 2400 2487 malum.
2412 2453 2455 2484 Et

1409 2517 1450 2540 ex
1472 2507 1512 2539 iis
1531 2505 1666 2548 quidem
1690 2505 1750 2547 qui
1778 2505 1903 2538 malum
1925 2514 1997 2538 esse
2025 2505 2140 2538 dicunt
2157 2505 2376 2548 voluptatem,
2397 2503 2454 2536 alii

1410 2562 1473 2594 hoc
1504 2561 1649 2593 sentiunt
1677 2569 1748 2592 rem
1774 2559 1821 2591 ita
1842 2568 1877 2591 se
1896 2558 2028 2598 habere,
2060 2558 2190 2601 sibique
2219 2558 2454 2601 persuaserunt

1408 2614 1533 2647 malum
1551 2622 1623 2646 eam
1645 2621 1716 2644 csse
1737 2622 1745 2644 z
1763 2611 1820 2644 alii
1842 2620 1921 2644 vero
1939 2610 2090 2653 judicant
2112 2610 2247 2652 quidem
2261 2610 2381 2643 bonam
2396 2608 2454 2642 ali-

1408 2676 1509 2708 quam
1537 2675 1609 2699 esse
1637 2664 1852 2705 voluptatem,
1889 2663 1948 2696 sed
1975 2662 2049 2695 aliis
2074 2662 2272 2705 persuadere
2293 2662 2454 2694 conantur

1407 2718 1600 2761 simpliciter
1618 2716 1743 2749 malum
1772 2725 1904 2748 omnem
1931 2724 2014 2756 esse,
2034 2714 2099 2748 rati
2131 2715 2178 2747 sic
2195 2714 2275 2747 vitm
2298 2714 2452 2746 humanae

1409 2772 1604 2812 conducere,
1623 2773 1656 2802 et
1672 2770 1788 2802 utilius
1806 2768 1994 2801 hominihus
2010 2778 2080 2802 esse
2101 2767 2306 2810 voluptatem
2326 2766 2452 2800 malum

1407 2827 1622 2860 existimare:
1646 2834 1751 2867 quum
1768 2822 1855 2855 enim
1870 2831 1983 2854 omnes
2001 2821 2044 2854 ad
2071 2831 2144 2854 eam
2168 2822 2289 2855 natura
2300 2819 2451 2863 propensi

1407 2880 1472 2913 sint
1488 2881 1647 2921 homines,
1665 2882 1698 2914 in
1716 2879 1917 2914 contrarium
1934 2887 1990 2910 eos
2008 2874 2248 2920 pertrahendos
2259 2882 2331 2906 esse
2345 2872 2454 2917 ajunt,

1405 2935 1438 2966 et
1451 2943 1584 2975 quoquo
1599 2934 1698 2966 modo
1714 2942 1851 2976 prorsus
1864 2941 1883 2964 a
1894 2927 2123 2971 voluptatibus
2133 2924 2338 2963 avertendos,
2354 2926 2392 2956 ut
2408 2923 2450 2956 ad

1404 2986 1438 3019 id
1461 2987 1551 3029 quod
1570 2987 1717 3019 medium
1736 2988 1786 3018 est
1804 2983 1975 3027 pervenire
1993 2984 2027 3014 et
2051 2978 2332 3023 quemadmodum
2352 2986 2450 3020 opor-

1404 3045 1452 3076 tet
1480 3053 1556 3085 erga
1580 3043 1788 3085 voluptatem
1816 3040 1929 3074 affecti
1955 3048 2026 3072 esse
2058 3037 2190 3079 queant.
2212 3035 2295 3072 Quae
2313 3033 2448 3076 quidem

1403 3109 1467 3133 non
1491 3101 1579 3134 recte
1611 3099 1727 3132 dicunt
1758 3111 1766 3131 :
1798 3106 1904 3139 neque
1929 3094 2016 3128 enim
2044 3092 2108 3124 ha'c
2130 3090 2256 3123 ratione
2281 3088 2446 3131 improbo-

2493 420 2497 448 1

1402 3165 1478 3188 rum
1493 3155 1614 3198 vulgus
1627 3165 1645 3187 a
1661 3152 1890 3196 voluptatibus
1905 3148 2098 3183 abstrahere
2112 3146 2267 3189 poterunt
2286 3143 2445 3179 homines.
2490 3153 2491 3157 ¹

1402 3210 1546 3242 Humani
1567 3209 1689 3252 quippe
1714 3207 1855 3240 affectus
1873 3207 1907 3238 et
1921 3213 1998 3247 quae
2021 3203 2122 3245 agunt
2151 3199 2315 3239 homines,
2343 3198 2445 3240 maJ'o-

1403 3275 1472 3299 rem
1487 3266 1586 3299 fidem
1600 3265 1726 3298 faciunt
1740 3272 1843 3306 quam
1857 3270 1933 3304 quae
1953 3260 1994 3292 de
2012 3259 2052 3291 iis
2069 3258 2293 3300 disputantur.
2307 3253 2448 3293 Quando

312 3336 2445 3361 Μ

337 3399 355 3417 *
374 3399 445 3431 Lib.
464 3401 501 3438 X,
523 3408 593 3442 cap.
613 3402 640 3432 1.
659 3398 753 3432 Μετὰ
771 3399 805 3432 δὲ
820 3401 924 3431 ταῦτα
939 3399 1014 3443 περὶ
1037 3399 1154 3438 ἡδονῆς
1175 3399 1243 3431 κτλ.
1264 3415 1303 3421 -
1321 3397 1356 3415 **
1383 3396 1477 3438 Ὑπὲρ
1494 3395 1529 3428 δὲ
1548 3399 1612 3427 τῶν
1633 3393 1787 3426 τοιούτων
1813 3392 1934 3430 ἥκιστα
1956 3389 1994 3421 ἂν
2012 3388 2112 3427 δόξειε
2125 3387 2195 3419 κτλ·

1328 3458 1408 3497 542
