2528 3788
303 200 328 249 ij
1192 193 1479 238 PRAEFATm.

368 286 598 331 Nimirum
640 286 823 348 optime
867 285 927 331 de
966 284 1181 332 humano
1216 302 1387 348 genere
1424 288 1597 334 meruit
1625 286 1950 351 philosophia,
1991 303 2016 333 e
2056 285 2189 351 cujus
2231 304 2354 353 prae-

302 370 449 433 ceptis
490 385 611 414 unus
652 368 751 414 dies
785 377 917 414 actus
945 366 1171 432 'peccanti
1203 369 1548 418 immortalitati
1584 370 1950 435 anteponendus
1996 380 2080 417 est.
2121 373 2357 429 Quocirca

301 451 577 516 philosophi
605 451 702 498 sive
736 451 920 498 virtutis
945 451 1151 514 magistri
1173 451 1233 498 ab
1259 453 1420 516 aequis
1447 453 1715 501 studiorum
1734 453 2083 517 hominumque
2118 454 2359 517 judicibus

301 535 560 581 inhonore
597 551 784 599 semper
819 533 1136 582 habebantur.
1178 537 1357 599 Nempe
1399 535 1549 582 virtus
1599 536 1788 595 omnia,
1830 552 1934 599 quae
1972 534 2143 582 cadere
2184 537 2235 583 in
2264 536 2356 584 ho-

303 618 478 663 minem
528 627 755 681 possunt,
802 615 1092 680 despiciens,
1146 633 1281 664 casus
1323 618 1561 666 humanos
1599 620 1893 679 contemnit,
1941 619 2176 684 culpaque
2226 622 2360 668 omni

300 689 483 759 carens,
519 710 689 763 praeter
738 715 787 745 se
831 699 983 763 ipsam
1023 699 1139 746 nihil
1173 710 1332 747 censet
1375 701 1437 749 ad
1481 719 1529 748 se
1572 697 1825 767 pertinere.
1874 705 2036 766 Itaque
2082 702 2218 750 multi
2261 719 2361 766 gra-

300 782 495 828 vissimis
547 782 730 828 casibus
788 780 1005 828 defuncti
1068 799 1332 847 magnaque
1395 795 1672 851 tempestate
1715 785 1879 849 jactati
1930 787 1980 832 in
2045 785 2362 851 philosophiae'

299 875 492 929 portum
554 882 602 912 se
647 865 969 912 contulerunt.
1020 868 1133 923 Quae
1175 884 1324 931 quum
1359 868 1423 914 ita
1467 869 1589 928 sint,
1633 868 1749 915 libet
1791 868 1910 915 mihi
1947 885 2056 916 cum
2102 871 2165 917 M.
2209 857 2362 916 Tullio

301 948 566 995 exclamare
598 968 611 994 .-
653 969 674 991 a
705 951 747 995 O
785 950 895 996 vitae
925 949 1231 1014 philosophia
1272 947 1390 996 dux!
1436 968 1465 997 o
1506 951 1695 998 virtutis
1732 951 1994 1015 indagatrix
2033 951 2362 1016 expultrixque

303 1032 550 1080 vitiorum!
591 1034 709 1098 quid
754 1041 852 1081 non
897 1034 1044 1080 modo
1082 1051 1191 1093 nOS,
1232 1034 1315 1081 sed
1352 1033 1551 1081 omnino
1592 1033 1684 1079 vita
1725 1032 1980 1079 hominum
2021 1032 2121 1078 sine
2166 1041 2214 1078 te
2260 1048 2363 1079 esse

301 1116 557 1179 putuisset?
598 1126 648 1163 tu
687 1115 829 1162 urbes
869 1117 1093 1180 peperisti
1130 1134 1139 1162 ε
1182 1126 1233 1163 tu
1277 1116 1526 1180 dissipatos
1573 1115 1792 1163 homines
1830 1116 1880 1161 in
1927 1115 2201 1161 societatem
2259 1114 2364 1161 vitae

305 1200 573 1246 convocasti
610 1217 620 1245 z
662 1208 712 1244 tu
742 1215 822 1245 eos
846 1199 971 1245 inter
999 1215 1047 1245 se
1082 1200 1239 1262 primo
1279 1199 1555 1255 domiciliis,
1599 1197 1772 1245 deinde
1806 1196 2067 1260 conjugiis,
2103 1205 2207 1242 tum
2239 1194 2363 1242 litte-

302 1297 462 1327 rarum
513 1291 560 1328 et
598 1298 770 1327 vocum
802 1281 1143 1328 communione
1181 1282 1377 1345 junxisti
1416 1299 1426 1327 z
1469 1291 1521 1328 tu
1558 1280 1796 1327 inventrix
1835 1279 2015 1341 legum,
2058 1288 2111 1324 tu
2143 1278 2365 1340 magistra

306 1381 495 1410 morum
530 1375 576 1410 et
617 1364 881 1429 disciplinae
916 1364 1058 1411 fuisti.
1097 1365 1167 1411 Ad
1197 1374 1244 1410 te
1286 1363 1586 1424 confugimus
1627 1380 1637 1407 :
1673 1378 1700 1407 a
1726 1371 1951 1425 teflopem
1989 1361 2197 1424 petimus
2231 1375 2242 1404 t
2278 1358 2365 1406 tibi

302 1463 414 1507 nos,
454 1456 508 1493 ut
540 1456 676 1493 antea
715 1463 885 1510 magna
918 1464 973 1493 ex
1007 1457 1166 1510 parte,
1195 1447 1260 1493 sic
1305 1463 1434 1493 nunc
1474 1446 1665 1510 penitus
1707 1454 1929 1508 totosque
1957 1442 2206 1491 tradimus.
2238 1463 2261 1487 ³>

368 1533 529 1594 Neque
562 1541 721 1577 tamen
748 1546 1037 1594 quemquam
1075 1547 1102 1575 a
1145 1530 1390 1594 sapientiae
1425 1529 1582 1576 studio
1626 1527 1879 1574 doctorum
1931 1527 2147 1574 virorum
2177 1525 2238 1573 de
2269 1526 2362 1574 dif-

306 1612 525 1659 ficillimis
566 1612 910 1676 quaestionibus
946 1612 1238 1659 dissensione
1283 1612 1514 1659 deterreri
1556 1620 1773 1675 oportet,
1812 1611 1924 1673 quia
1964 1626 2052 1656 nec
2086 1608 2257 1657 modus
2297 1619 2368 1657 est

302 1696 424 1742 ullus
469 1695 787 1758 investigandi
822 1696 947 1754 veri,
994 1695 1086 1741 nisi
1129 1695 1389 1754 inveneris,
1418 1704 1464 1740 et
1501 1692 1743 1757 quaerendi
1788 1692 2059 1756 defatigatio
2097 1693 2249 1758 turpis
2278 1692 2365 1740 ha·

302 1777 456 1824 betur.
491 1777 695 1835 Quando
741 1779 882 1841 igitur
911 1794 1076 1823 omnes
1114 1777 1352 1824 trahimur
1385 1788 1431 1825 et
1474 1777 1694 1824 ducimur
1727 1776 1787 1824 ad
1829 1776 2113 1839 cognitionis
2145 1786 2194 1824 et
2217 1777 2368 1824 scien-

305 1862 383 1909 tiae
410 1860 752 1925 cupiditatem,
786 1861 834 1906 in
874 1877 966 1923 qua
1004 1859 1230 1906 excellere
1254 1860 1535 1925 praeclarum
1564 1869 1814 1924 putamus,
1855 1858 1951 1905 labi
1976 1868 2160 1918 autem,
2188 1875 2363 1917 errare,

303 1945 546 2007 ignorare,
575 1943 729 2007 decipi
763 1954 809 1990 et
843 1943 1017 1990 malum
1041 1954 1088 1990 et
1130 1954 1268 2008 turpe
1294 1943 1514 1990 ducimus
1551 1961 1560 1989 :
1606 1959 1749 1990 omne
1783 1959 1928 2006 genus
1964 1942 2363 2008 philosophorum

301 2027 603 2091 pervolutare
642 2028 990 2074 consuevimus.
1039 2030 1196 2085 Quare
1241 2027 1462 2090 leguntur
1513 2023 1780 2070 avidissime
1814 2022 1945 2088 apud
1988 2040 2075 2070 nos
2126 2040 2154 2069 e
2195 2024 2368 2071 Graecis

303 2120 480 2156 naturae
506 2109 844 2174 interpretibus
875 2109 1140 2174 iisdemque
1161 2108 1456 2171 intelligendi
1482 2117 1527 2154 et
1554 2106 1746 2153 dicendi
1777 2105 2061 2168 gravissimis
2092 2105 2368 2153 auctoribus

304 2208 402 2237 non
438 2200 623 2237 tantum
660 2191 899 2255 principes
937 2192 1006 2238 illi
1039 2192 1170 2238 Plato
1206 2202 1252 2238 et
1290 2190 1588 2250 AristoteleS,
1618 2206 1738 2254 quos
1770 2199 1944 2253 praeter
1975 2189 2181 2236 materiae
2217 2189 2369 2252 gravi·

305 2285 449 2320 tatem
488 2290 674 2320 summa
710 2275 941 2339 sapientia
981 2285 1027 2321 et
1070 2292 1237 2338 magna
1270 2274 1541 2338 eloquentia
1586 2272 1892 2320 commendat
1928 2291 1940 2319 :
1981 2282 2063 2318 aut
2099 2271 2168 2318 illi
2204 2273 2371 2336 primis

303 2357 509 2420 proximi
552 2360 717 2403 Sextus
767 2356 1056 2421 Empiricus‘,
1106 2358 1326 2417 Proclus,
1380 2357 1605 2415 Plotinus,
1660 2365 1742 2402 aut
1785 2354 1865 2401 alii
1916 2354 2067 2402 multo
2119 2354 2369 2402 deterioris

304 2448 426 2485 notae
473 2438 727 2501 scriptores
769 2439 851 2501 qui
893 2439 1009 2484 nihil
1051 2449 1247 2486 ornatus
1290 2441 1350 2487 ad
1391 2439 1709 2505 philosophiae
1748 2438 2111 2503 explicationem
2144 2437 2368 2484 adhibue-

303 2530 439 2579 runt,
469 2519 551 2566 sed
583 2520 723 2565 etiam
755 2519 843 2578 illi,
878 2537 1083 2583 quorum
1113 2521 1373 2584 fragmenta
1412 2539 1468 2569 ex
1501 2523 1700 2570 aliorum
1726 2521 1910 2585 scriptis
1941 2520 2137 2567 collecta
2170 2531 2366 2568 exstant.

369 2605 625 2663 Postquam
660 2602 801 2662 igitur
839 2601 936 2647 duo
975 2603 1133 2665 priora
1172 2604 1311 2668 hujus
1348 2607 1505 2671 operis
1541 2605 1812 2662 volumina,
1861 2603 2034 2667 quibus
2073 2614 2175 2650 tum
2212 2605 2368 2668 poesis

310 2684 650 2748 philosophica
681 2694 1054 2749 caeterorumque
1097 2688 1180 2750 qui
1226 2699 1335 2735 ante
1378 2692 1621 2736 Socratem
1662 2687 1927 2734 floruerunt
1970 2686 2369 2750 philosophorum

307 2768 543 2831 reliquiae,
580 2777 683 2813 tum
710 2767 1127 2830 Pythagoreorum,
1162 2771 1509 2835 Sophistarum,
1545 2771 1851 2834 Cynicorum,
1876 2770 2244 2832 Cyrenaicorum
2273 2769 2367 2816 fra-

305 2859 493 2913 gmenta
525 2850 847 2906 continentur,
873 2851 1009 2896 annis
1036 2855 1311 2899 MDCCCLX
1332 2865 1378 2900 et
1407 2854 1768 2901 MDCCCLXVH
1797 2851 1921 2898 edita
1949 2851 2061 2897 viris
2083 2851 2238 2898 doctis
2259 2852 2366 2916 pla-

313 2933 462 2979 cuisse
495 2932 592 2979 vidi
631 2950 640 2977 :
681 2932 798 2978 nihil
829 2932 945 2978 mihi
980 2935 1140 2997 potius
1187 2935 1296 2992 fuit,
1345 2954 1488 3001 quam
1523 2947 1578 2983 ut
1620 2946 1832 2982 tenerem
1876 2935 2179 2999 propositum
2227 2945 2371 3000 atque

312 3015 588 3063 inchoatum
622 3031 741 3078 opus
767 3015 1014 3063 absolvere
1048 3034 1263 3066 conarer.

372 3098 598 3155 Quamvis
630 3108 787 3144 autem
815 3116 1072 3163 sperassem
1099 3100 1199 3147 fore
1239 3111 1290 3148 ut
1328 3102 1487 3148 omnia
1530 3101 1774 3166 sapientiae
1810 3100 2075 3147 antistitum
2105 3101 2368 3163 fragmenta

308 3179 459 3227 tribus
505 3180 824 3228 voluminibus
881 3184 1420 3248 comprehenderentur,
1475 3195 1637 3248 postea
1684 3194 1843 3231 tamen
1905 3183 2221 3230 animadverti
2272 3184 2367 3230 hoc
2418 3179 2420 3181 ’

306 3279 429 3326 opus
476 3263 608 3325 quod
652 3280 806 3327 neque
850 3265 1033 3311 molesti
1083 3283 1238 3330 neque
1284 3267 1535 3331 injucundi
1584 3266 1758 3314 laboris
1806 3276 1900 3326 est,
1954 3267 2096 3312 etiam
2144 3267 2369 3330 quartum

309 3344 534 3391 volumen
569 3346 855 3394 desiderare.
899 3351 1055 3405 Quare
1094 3350 1210 3413 quid
1248 3351 1298 3396 in
1334 3352 1472 3398 tertio
1513 3351 1608 3398 hoc
1643 3360 1775 3397 tomo
1815 3350 1903 3413 qui·
1930 3366 2058 3396 nunc
2100 3349 2369 3412 divulgatur

309 3428 626 3491 praestiterim,
649 3429 856 3477 breviter
886 3432 1058 3495 exponi
1083 3434 1321 3479 convenit.

374 3515 531 3569 Quum
569 3529 594 3558 e
628 3513 1032 3578 philosophorum
1060 3516 1196 3562 sectis
1228 3515 1582 3564 Platonicorum
1610 3526 1656 3563 et
1681 3515 2104 3580 Peripateticorum
2141 3480 2366 3562 lucubra-
