2508 3776
266 237 346 276 388

263 327 385 376 χωρεῖ.
407 323 480 360 Τοῦ
498 319 565 373 γὰρ
584 320 699 368 ἤθους,
719 320 840 374 ὥσπερ
860 320 1012 374 εἴρηται,
1032 325 1148 376 χεῖρον
1170 325 1291 362 διατε-

264 383 393 427 θέντος,
409 381 468 418 καὶ
490 381 529 418 τὸ
552 380 714 432 φρόνημα
737 381 957 419 ἐλαττοῦται·
991 386 1051 420 τοῦ
1072 385 1293 436 φρονήματος

263 441 297 477 δὲ
319 439 582 487 ἐλαττωθέντος,
598 438 658 476 καὶ
676 442 694 477 ὃ
715 439 841 490 τρόπος
860 439 994 490 γίνεται
1013 441 1154 494 χείρων,
1171 442 1231 481 καὶ
1253 442 1292 479 τὸ

262 498 422 551 φρόνημα
443 496 500 535 διὰ
527 499 666 535 τοῦτον·
705 496 765 534 καὶ
787 496 895 541 οὕτως
927 500 950 544 ἡ
987 499 1203 552 μικροψυχία
1238 499 1292 537 ἀεὶ

260 561 448 608 προχωρεῖ.
479 554 548 594 Καὶ
569 554 638 593 ἀπὸ
667 558 729 601 τῆς
750 554 875 607 πείρας
903 555 940 593 δὲ
964 558 982 594 ὃ
1011 558 1230 610 μικρόψυχος
1250 559 1288 596 οὗ

259 615 388 666 γίνεται
405 613 565 666 βελτίων·
575 606 624 657 οἷς
634 613 701 666 γὰρ
715 612 827 666 ἔργοις
841 616 1023 666 ἐπιχειρεῖ,
1040 615 1165 668 ῥαδίως
1175 621 1287 654 ταῦτα

259 671 431 725 περαίνων
454 671 585 723 (μικρὰ
616 671 684 723 γὰρ
717 671 779 710 καὶ
807 675 869 718 τῆς
904 672 1085 722 δυνάμεως
1126 671 1291 725 ἐλάττω)

257 731 320 778 τὴν
340 731 430 769 ἰδίαν
448 730 577 782 ἀρετὴν
599 728 719 782 ὥσπερ
741 732 871 782 ἀγνοεῖ.
905 730 976 771 Καὶ
997 731 1102 781 τιμὴν
1120 731 1156 770 δὲ
1179 733 1291 779 ζητῶν

259 790 393 829 ἐλάττω
423 792 483 836 τῆς
502 788 598 833 ἀξίας
631 788 754 838 οὐδένα
782 789 897 836 λυπεῖ,
917 789 977 827 καὶ
1000 789 1058 828 διὰ
1089 794 1194 829 τοῦτο
1214 790 1291 829 οὐδὲ

258 847 521 900 ἐξελεγχόμενος
541 845 797 899 θεραπεύεται,
820 846 982 899 καθάπερ
1005 850 1023 886 ὁ
1050 852 1192 901 χαῦνος.
1217 848 1288 888 Διὰ

256 911 365 945 ταῦτα
385 906 496 944 τοίνυν
524 909 546 952 ἡ
575 905 818 959 μικροψυχίαι
850 906 967 957 χεῖρόν
992 907 1066 945 ἐστι
1094 907 1200 946 κακὸν
1229 911 1292 954 τ’ῆς

255 964 465 1017 χαυνότητος
491 964 551 1002 καὶ
570 964 953 1016 δυσαπαλλακτότερον·
979 965 1052 1003 ὅθεν
1072 966 1204 1014 μᾶλλον
1224 967 1288 1004 ἀν·

254 1025 403 1063 τίκειται
417 1026 460 1076 τῇ
482 1021 740 1075 μεγαλοψυχίᾳ.

307 1082 479 1135 (Scripsi
502 1082 564 1132 2¹)
582 1082 647 1133 οὐχ
667 1081 902 1134 ὓπερὸάλλει]
929 1083 1016 1123 cod.
1039 1083 1101 1120 οὐκ
1115 1083 1289 1135 ὖπερὸάλ-

253 1134 319 1182 λει.
339 1140 416 1171 —b
441 1141 569 1191 κόσμος
594 1140 664 1192 τις]
683 1140 769 1178 cod.
797 1140 927 1190 κόσμός
946 1156 1009 1184 τις.
1039 1163 1092 1170 -
1107 1146 1122 1165 ⁶
1141 1141 1288 1196 ἔχουσι]

255 1200 338 1238 cod.
361 1199 513 1251 ἔχουσιν.
534 1221 588 1227 -
608 1202 623 1225 ‘¹
653 1199 843 1249 προσῆκεν]
866 1199 891 1237 i.
911 1212 944 1238 e.
966 1200 1150 1251 προσήκει.
1176 1200 1289 1239 Recte

253 1258 356 1296 enim
386 1256 556 1294 Thomas
587 1255 767 1304 Magister
797 1269 837 1306 p.
869 1257 941 1304 751
977 1269 986 1295 :
1009 1257 1049 1294 τὸ
1083 1256 1119 1294 δὲ
1151 1260 1287 1309 προσῆ-

251 1331 332 1366 κεν,
349 1315 429 1354 ἀντὶ
459 1317 518 1352 τοῦ
553 1315 722 1365 προσήκει
746 1313 1043 1364 λαμὸανόμενον,
1077 1314 1216 1354 ἀττικόν
1244 1318 1284 1354 ἐ-

254 1389 341 1413 στιν.
360 1381 435 1403 -e
455 1374 539 1423 παρ’
558 1371 731 1424 Ὁμήρῳ]
751 1373 969 1411 Eustratius
990 1373 1148 1412 :Thetis
1167 1375 1282 1422 enim,

252 1442 294 1471 ut
312 1432 415 1484 apud
436 1432 647 1469 Homerum
664 1439 734 1480 est,
757 1443 877 1480 quum
894 1431 1070 1468 maximis
1087 1431 1287 1472 beneficiis

251 1493 383 1530 lovem
399 1490 605 1536 affecisset,
622 1501 787 1538 eumque
802 1501 824 1526 a
838 1488 1109 1539 conjuratione
1125 1491 1287 1530 aliorum

251 1551 412 1588 deorum
430 1547 651 1592 liberasset,
684 1546 723 1583 id
743 1546 850 1596 quod
870 1547 977 1584 filius
1004 1547 1092 1598 ejus
1122 1549 1290 1588 declarat

251 1610 310 1647 his
327 1607 505 1648 versibus
525 1619 534 1644 :
552 1607 686 1643 ἐλθοῦσ’
700 1603 932 1654 Οὔλυμπόνδε
949 1604 1015 1644 Δία
1028 1606 1140 1654 λίσαι,
1159 1606 1190 1645 εἴ
1205 1623 1288 1647 ποτε

251 1668 293 1714 δή
313 1683 347 1705 τι
366 1667 444 1704 κτλ.
465 1664 600 1717 (Iliad.
620 1665 651 1709 l,
671 1664 862 1714 394-406)
878 1677 956 1701 non
976 1664 1016 1702 id
1036 1665 1190 1714 quidem
1207 1666 1290 1716 ipsa

249 1726 416 1777 explicat
435 1723 536 1774 apud
556 1723 710 1769 lovem,
733 1735 854 1772 quum
873 1721 922 1759 ab
943 1734 989 1759 eo
1015 1723 1126 1773 petit,
1151 1731 1194 1760 ut
1210 1724 1289 1761 filio

249 1797 321 1822 suo
338 1783 524 1821 honorem
540 1789 578 1819 et
597 1781 760 1830 gloriam
786 1779 923 1817 afferat
933 1809 946 1828 ,
977 1779 1042 1817 sed
1063 1788 1210 1818 tantum
1228 1782 1284 1818 la-

249 1851 372 1881 tenter
387 1841 580 1890 significat
599 1854 607 1876 :
627 1840 693 1878 Ζεῦ
713 1837 838 1889 πάτερ,
855 1836 887 1875 εἴ
900 1853 983 1876 ποτε
997 1837 1037 1883 δή
1052 1852 1091 1875 σε
1105 1840 1181 1888 μετ’
1200 1841 1287 1878 ἀθα-

249 1901 401 1940 νάτοισιν
425 1898 535 1945 ὄνησα
561 1898 635 1936 κτλ.
662 1896 773 1934 Iliad.
796 1896 828 1942 l,
852 1896 1036 1936 503-510.
1051 1918 1105 1925 —-
1122 1897 1134 1921 ¹
1167 1897 1199 1934 οἳ
1218 1899 1288 1936 Λά-

248 1959 375 2011 κωνες]
407 1956 623 1996 Eustratius
661 1970 670 1993 z
708 1969 726 1992 «
759 1954 1062 2002 Lacedaemonii,
1090 1963 1133 1992 ut
1171 1956 1288 1994 refert

248 2017 503 2056 Callisthenes
539 2016 582 2053 in
618 2015 743 2066 primo
778 2013 950 2052 historiae
986 2025 1123 2062 graecae
1159 2013 1282 2059 libro,

248 2090 368 2128 quum
385 2074 563 2113 Thebani
583 2073 623 2110 in
642 2073 869 2111 Laconicam
883 2071 1015 2110 hostili
1038 2073 1211 2110 exercitu
1231 2077 1287 2110 in-

249 2136 439 2173 vasissent
457 2162 468 2181 ,
496 2133 544 2170 ad
563 2132 814 2170 Athenienses
835 2130 971 2168 auxilii
991 2130 1144 2181 petendi
1170 2143 1284 2168 causa

247 2192 432 2245 profecti,
456 2190 756 2238 beneficiorum,
776 2189 917 2240 quibus
944 2188 1196 2227 Athenienses
1224 2191 1284 2227 af-

248 2253 427 2296 fecerant,
449 2250 594 2288 nullam
615 2262 779 2300 prorsus
799 2249 921 2286 fecere
940 2248 1171 2285 mentionem
1187 2277 1198 2296 ‚
1214 2249 1280 2286 sed

246 2323 329 2361 quae
349 2310 423 2360 ipsi
441 2309 489 2347 ab
517 2309 597 2346 illis
623 2316 852 2359 acceperant
881 2307 1082 2356 magnifice
1106 2320 1280 2346 comme-

246 2377 464 2416 morarunt,
483 2377 527 2406 ut
545 2381 589 2405 ea
606 2368 854 2417 potissimum
874 2367 1024 2405 ratione
1046 2380 1279 2417 generosum

246 2428 537 2466 Atheniensium
561 2427 733 2465 animum
753 2427 800 2464 ad
832 2426 1027 2464 ferendam
1062 2425 1136 2463 sibi
1167 2440 1281 2477 opem

245 2495 403 2538 possent
417 2487 611 2524 inducere.
634 2504 648 2519 υ
669 2485 888 2536 Xenophon
903 2493 1030 2522 tamen
1053 2485 1147 2522 Hist.
1166 2498 1278 2534 graec.

243 2546 310 2584 lib.
325 2546 375 2583 VI
401 2558 482 2596 cap.
513 2545 552 2592 5,
575 2546 623 2583 33
645 2546 783 2583 collata
812 2546 855 2582 in
876 2545 1136 2582 Athenienses
1158 2544 1278 2583 bene-

246 2605 333 2642 ficia
365 2604 574 2654 Spartanos
601 2616 843 2641 enumerasse
873 2603 1023 2643 scribit.
1046 2625 1100 2633 —
1115 2608 1131 2632 ⁸
1147 2600 1280 2647 Ἄλλως

244 2661 296 2715 τε]
316 2662 403 2700 cod.
419 2662 609 2701 Ἄλλωστε.
622 2660 695 2691 —¹¹
714 2660 962 2713 πρωτεύουσιν]
984 2662 1072 2701 cod.
1091 2661 1278 2713 προτεύου-

245 2734 312 2759 σιν.
339 2721 412 2749 -5
440 2718 674 2772 λυμήνασθαι]
693 2721 778 2758 cod.
797 2719 1033 2772 λυμήνασθαι.
1055 2720 1135 2748 —l‘
1162 2719 1279 2763 ἄλλως

241 2779 301 2831 τε]
322 2778 406 2817 cod.
427 2778 600 2818 ἄλλωστε.
631 2780 699 2809 -1
729 2778 968 2831 μικροψυχία]
989 2780 1079 2818 cod.
1106 2781 1279 2832 μικροψυ-

241 2837 319 2889 χίᾳ·
343 2836 420 2889 -)

675 2967 768 3018 Κεφ.
799 2965 846 3009 ς’.

471 3078 548 3118 Περὶ
563 3081 619 3116 τῆς
636 3078 668 3110 ἐν
687 3078 847 3121 φιλοτιμίᾳ
865 3079 1048 3120 μεσότητος.

296 3175 314 3193 *
327 3174 374 3215 Ἢ
396 3175 458 3226 μὲν
474 3170 532 3215 οῦν
547 3175 791 3227 μεγαλοψυχία
801 3176 881 3227 περὶ
894 3176 999 3225 τιμὴν
1013 3177 1168 3229 μεγάλην
1183 3179 1272 3228 ἔστί,

241 3234 354 3278 καθὼς
373 3235 524 3286 εἴρηται.
543 3233 650 3274 Ἔστι
670 3234 705 3272 δὲ
724 3236 782 3272 καὶ
803 3235 892 3282 ἄλλη
912 3251 962 3279 τις
983 3236 1088 3289 ἀρετὴ
1108 3237 1188 3287 περὶ
1210 3236 1272 3282 τὴν

239 3293 362 3341 τιμήν,
386 3293 463 3340 ἥτις
480 3294 580 3346 λόγον
601 3293 675 3345 ἔχει
694 3294 778 3345 πρὸς
800 3293 864 3339 τὴν
891 3294 1170 3347 μεγαλοψυχίαν,
1188 3294 1226 3333 ὃν
1250 3298 1271 3342 ἡ

279 3407 300 3426 ⁴¹
314 3408 393 3452 Gap.
407 3413 439 3444 4.
462 3410 574 3443 Ἐοικε
589 3411 624 3443 δὲ
642 3411 784 3454 καὶπερὶ
803 3411 921 3449 ταύτην
939 3412 1021 3443 εἶναι
1035 3412 1132 3452 ἀρετή
1152 3423 1197 3450 τις
1213 3414 1281 3445 κτλ.

1078 236 1356 276 ANDRONICI
1385 235 1562 275 RHODIl

1353 330 1430 361 vata
1455 329 1526 371 ejus
1547 329 1647 361 etiam
1663 329 1706 362 de
1723 338 1758 362 se
1775 330 1883 372 opinio
1901 330 2085 366 decrescit=
2105 332 2256 376 opinione
2272 333 2386 368 autem

1351 387 1558 420 decrescente
1572 396 1680 420 mores
1692 396 1826 430 quoque
1840 388 1874 421 in
1890 389 2035 431 pejorem
2053 393 2182 433 partem
2200 393 2382 433 mutantur.

1352 447 1385 478 et
1400 447 1534 487 propter
1553 454 1610 478 eos
1622 446 1730 488 opinio
1746 447 1870 488 :atque
1890 446 1937 480 ita
1950 447 2120 481 humilitas
2138 458 2264 492 semper
2275 458 2386 493 proee-

1351 502 1413 536 dit.
1466 503 1531 536 Sed
1561 513 1622 536 nec
1644 504 1842 546 experientia
1875 504 1905 538 is
1929 504 1989 548 qui
2015 505 2133 539 humili
2160 507 2387 552 imbecilloque

1352 561 1460 594 animo
1476 562 1544 602 est,
1565 561 1727 604 resipiscit
1755 575 1764 597 ι
1790 572 1869 596 nam
1891 572 1996 606 quum
2026 572 2064 597 ea
2089 573 2167 607 quae
2194 565 2383 610 φιν-(Πισι-

1351 628 1449 661 opera
1469 618 1564 653 facile
1581 620 1728 662 perficiat
1745 622 1866 664 (parva
1892 621 1981 654 enim
2003 624 2080 655 sunt
2099 624 2292 666 viribusque
2313 622 2387 667 ejus

1351 677 1498 721 minora)
1517 678 1675 712 virtutem
1690 689 1784 713 suam
1807 681 1904 723 quasi
1929 681 2068 724 ignerat.
2101 681 2166 716 Sed
2181 684 2215 716 et
2228 682 2387 717 honorem

1350 745 1454 779 quum
1479 739 1570 779 petat
1589 738 1749 772 minorem
1780 749 1882 782 quam
1901 749 1971 782 quo
1986 740 2105 783 dignus
2127 742 2194 779 est,
2221 739 2386 774 neminem

1351 794 1504 837 offendit,
1518 795 1657 839 ideoque
1676 806 1717 830 ne
1748 798 1879 840 repulsa
1899 799 2034 841 quidem
2053 808 2154 842 quam
2168 808 2188 832 a
2201 797 2323 841 populo
2335 799 2388 841 tu-

1351 854 1390 887 lit
1404 855 1448 888 ad
1465 854 1592 897 frugem
1612 857 1831 898 compellitur,
1862 859 1901 890 ut
1919 858 2092 900 superbus.
2126 858 2177 891 Ob
2194 858 2256 890 has
2282 855 2386 899 igitur

1350 921 1466 946 causas
1482 915 1652 948 humilitas
1665 915 1758 957 pejus
1775 916 1902 949 malum
1915 919 1965 949 est
1977 925 2079 959 quam
2094 915 2248 958 superbia
2264 915 2388 957 minus·

1349 980 1415 1013 que
1431 973 1574 1007 sanabile
1591 974 1702 1007 :unde
1721 974 1821 1007 etiam
1842 974 1948 1016 magis
1965 974 2066 1007 animi
2085 972 2304 1016 magnitudini
2321 972 2386 1006 ad·

1349 1031 1510 1064 versatur.

1765 2991 1841 3031 Gap.
1866 2991 1925 3026 VI.

1419 3094 1461 3120 De
1473 3091 1676 3122 mediocritate
1694 3099 1760 3128 quae
1773 3091 1805 3119 in
1817 3091 1969 3119 honorum
1983 3090 2126 3127 cupidine
2137 3090 2274 3120 consistit

1376 3185 1413 3216 ln
1429 3193 1546 3227 magno
1564 3193 1640 3226 ergo
1660 3183 1782 3216 honore
1794 3209 1802 3222 ‚
1826 3182 1911 3215 sicut
1934 3182 2062 3215 dictum
2081 3184 2131 3215 est
2145 3209 2152 3222 ,
2174 3182 2273 3215 animi
2289 3180 2366 3215 alti-

1334 3241 1415 3275 tudo
1427 3243 1582 3276 cernitur.
1599 3242 1664 3277 Sed
1685 3243 1718 3275 et
1732 3241 1796 3274 alia
1808 3241 1916 3273 virtus
1939 3241 1974 3273 in
1988 3240 2111 3273 honore
2127 3242 2283 3283 occupata
2301 3241 2362 3283 est.

1334 3310 1411 3342 quae
1439 3301 1576 3334 eandem
1601 3300 1763 3334 rationem
1793 3300 1837 3333 ad
1864 3299 1965 3332 animi
1995 3299 2216 3332 excelsitatem
2239 3297 2359 3336 hahet,

2498 1655 2500 1659 Ἴ
2477 1367 2508 1633 ·n'—...-.‘L1..ss.2a=„.-
2498 1316 2508 1354 -=2
2498 1280 2508 1284 ‹.
2504 1256 2506 1260 .
2506 1198 2508 1206 -
