2508 3776
272 209 348 248 334

277 297 372 347 μεῖον
391 293 512 347 γένοιτ’
533 292 574 332 ἂν
591 293 658 331 τῶν
693 291 843 344 ἐχόντων
859 292 919 337 τὰς
939 291 1040 342 ἔξεις,
1061 294 1083 342 ἢ
1103 298 1171 334 τῶν
1193 296 1300 346 μήπω

269 352 520 404 κτησαμένων;
540 351 634 390 οὐδὲν
666 351 750 389 ἄλλο
759 380 771 398 ,
794 349 817 398 ἢ
840 354 861 398 ἡ
885 351 941 390 ἐπὶ
974 353 1043 396 τοῖς
1068 354 1143 392 κατ’
1177 354 1299 406 ἀρετὴν

268 413 378 465 ἔργοις
398 409 500 457 ἡδονή
519 425 556 448 τε
584 409 644 447 καὶ
672 408 780 456 λύπη.
839 409 880 448 Ὁ
906 409 968 461 μὲν
998 411 1066 463 γὰρ
1085 412 1301 465 ἀπεχόμενος

266 473 334 509 τῶν
364 470 570 518 σωματικῶν
597 468 741 515 ἡδονῶν,
764 467 823 506 καὶ
854 470 903 522 τῷ
930 468 1121 521 ἀπέχεσθαι
1142 471 1296 523 χαίρων,

265 525 360 572 οὗτος
377 528 522 580 σώφρων
543 527 646 566 ἐστίν·
673 529 691 564 ὁ
716 526 751 564 δὲ
773 526 986 579 ἀχθόμενος,
1007 530 1198 572 ἀκόλαστος
1231 528 1296 568 ἔτι.

266 587 338 628 Καὶ
360 589 378 626 ὁ
400 588 463 638 μὲν
496 586 678 637 ὑπομένων
706 584 750 623 τὰ
777 584 893 633 δεινά,
926 587 984 625 καὶ
1011 586 1160 639 χαίρων,
1192 586 1213 633 ἢ
1251 588 1300 638 μὴ

265 645 476 697 λυπούμενός
497 660 555 696 γε,
575 646 744 697 ἀνδρεῖος·
764 647 781 682 ὁ
799 644 833 683 δὲ
855 645 1081 695 λυπούμενος,
1102 644 1212 689 δειλὸς
1230 645 1294 683 ἔτι.

317 709 337 728 ⁴*
358 705 446 759 Περὶ
466 704 589 752 ἡδονὰς
603 704 669 756 γὰρ
690 704 748 742 καὶ
764 703 875 748 λύπας
894 704 986 743 ἐστὶν
1007 707 1028 751 ἡ
1050 704 1154 752 ἠθικὴ
1176 703 1298 756 ἀρετή.

264 764 331 806 Διὰ
352 765 414 816 μὲν
433 764 500 816 γὰρ
521 763 582 808 τὴν
604 762 729 810 ἡδονὴν
748 762 791 800 τὰ
811 764 926 813 φαῦλα
951 762 1167 815 πράττομεν·
1186 762 1242 801 διὰ
1264 762 1299 800 δὲ

263 825 325 872 τὴν
344 823 460 871 λύπην
479 825 547 860 τῶν
569 823 684 860 καλῶν
706 823 923 874 ἀπεχόμεθα.
953 820 1022 860 Διὰ
1042 826 1142 861 τοῦτο
1163 823 1215 859 δεῖ
1232 823 1300 858 τῶν

265 886 403 936 ἀγαθῶν
427 884 512 920 ἐθῶν
542 881 602 919 καὶ
631 880 791 932 πράξεων
825 880 921 923 εὐθὺς
951 881 989 918 ἐκ
1021 880 1155 919 παίδων
1193 879 1300 918 πολὺν

262 945 474 989 ποιήσασθαι
489 939 613 991 λόγον,
636 942 680 982 ὡς
700 941 718 976 ὃ
743 939 891 978 Πλάτων
910 939 1014 992 φησί,
1036 939 1095 977 καὶ
1114 938 1300 988 ἀνάγεσθαι

262 1005 388 1044 παῖδας
407 999 508 1042 ὄντας
545 1003 613 1041 τοῖς
642 997 806 1040 τοιούτοις
833 998 962 1044 ἔθεσιν,
990 996 1081 1036 ὥστε
1114 998 1300 1044 δυνηθῆναι

234 1055 240 1059 “
261 1060 395 1113 χαίρειν
418 1058 479 1110 μὲν
494 1051 543 1100 οἷς
562 1058 614 1094 δεῖ
628 1087 637 1104 ,
666 1058 854 1094 λυπεῖσθαι
883 1054 918 1094 δὲ
939 1049 990 1100 οἷς
1009 1055 1180 1109 προσήκει
1200 1060 1214 1078 '³
1234 1057 1298 1093 λυ-

262 1123 411 1158 πεῖσθαι·
444 1121 466 1164 ἠ
499 1116 565 1167 γὰρ
593 1116 676 1167 ὀρθὴ
709 1117 770 1153 καὶ
802 1115 893 1154 κατὰ
913 1115 1013 1167 λόγον
1039 1114 1180 1152 παιδεία
1210 1114 1298 1161 αὕτη

261 1178 367 1219 ἐστίν.
391 1177 473 1216 Ἔτι
491 1205 501 1224 ,
522 1175 596 1214 ἐπεὶ
623 1178 659 1214 αἱ
680 1174 801 1227 ἀρεταὶ
819 1173 957 1227 πράξεις
974 1173 1059 1212 εἰσὶν
1080 1172 1102 1219 ἢ
1120 1173 1228 1220 πάθη,
1251 1167 1300 1217 οἷς

262 1237 298 1275 δέ
326 1253 375 1280 τις
401 1234 548 1286 πράττει
568 1232 590 1279 ἢ
613 1233 763 1284 πάσχει,
797 1231 820 1279 ἢ
850 1232 966 1284 χαίρει
999 1232 1057 1270 ἐὰν
1093 1231 1299 1283 βουλόμενος

260 1297 397 1349 πράττῃ
413 1294 436 1341 ἢ
455 1293 598 1345 πάσχῃ,
621 1292 643 1339 ἢ
667 1294 828 1331 λυπεῖται
848 1291 907 1331 ἐὰν
928 1292 1034 1330 ἄλλου
1065 1289 1268 1342 βιαζομένου
1285 1319 1295 1337 ,

261 1355 405 1408 φανερὸν
427 1351 479 1390 ὅτι
497 1358 593 1389 πᾶσα
616 1350 719 1404 ἀρετὴ
741 1352 820 1403 περὶ
837 1351 963 1397 ἡδονὰς
984 1349 1043 1388 καὶ
1060 1348 1175 1392 λύπας
1192 1347 1296 1386 ἐστίν.

260 1417 343 1456 Ἔτι
362 1414 398 1453 δὲ
417 1412 477 1451 καὶ
499 1411 567 1449 ἀπὸ
587 1413 652 1448 τῶν
675 1413 708 1449 ἐν
727 1413 802 1454 ταῖς
820 1409 1007 1453 πολιτείαις
1032 1408 1208 1447 κολάσεων
1228 1423 1296 1459 φα-

259 1473 366 1518 νερόν·
386 1470 462 1513 τοὺς
482 1469 547 1520 γὰρ
569 1469 637 1511 τοῖς
657 1469 817 1518 πονηροῖς
837 1468 1029 1518 ἡδομένους
1049 1467 1240 1509 λυποῦντες
1263 1468 1297 1505 οἳ

258 1519 442 1580 νομοθέται
459 1528 614 1565 πείθουσι
635 1524 679 1563 τὰ
707 1526 767 1576 μὲν
787 1527 903 1578 φαῦλα
934 1529 1049 1574 μισεῖν
1065 1553 1076 1573 ,
1099 1522 1242 1570 ἥδεσθαι
1261 1523 1296 1562 δὲ

259 1595 328 1633 τοῖς
346 1589 487 1639 ἀγαθοῖς
507 1584 629 1636 ἔργοις·
651 1584 711 1621 καὶ
740 1583 847 1628 οὕτως
866 1582 1058 1622 ἐντιθέασιν
1082 1584 1196 1625 αὐτοῖς
1225 1582 1297 1621 ἐθί-

259 1651 372 1694 ζοντες
390 1644 453 1692 τὴν
469 1644 522 1682 ἐπ’
541 1644 647 1695 ἀρετῇ
665 1642 803 1688 ἡδονήν.
824 1644 870 1681 Αἰ
883 1643 951 1695 γὰρ
966 1645 1124 1680 τοιαῦται
1139 1640 1298 1684 κολάσεις

259 1707 341 1760 πρὸς
359 1705 437 1747 τοὺς
464 1705 649 1745 νοσοῦντας
668 1700 713 1739 τὰ
731 1702 897 1740 πολιτικὰ
917 1702 1078 1753 ἷατρειῶν
1097 1702 1216 1752 ἔχουσι
1235 1699 1295 1738 λό-

258 1782 330 1818 γον.
354 1763 425 1803 Καὶ
444 1761 603 1810 καθάπερ
626 1759 770 1803 ἐκείναις
790 1759 943 1797 ἐναντίαι
964 1761 999 1796 αἳ
1019 1757 1114 1797 νόσοι
1137 1757 1177 1801 ἃς
1192 1761 1293 1810 θερα-

259 1824 428 1871 πεύουσι,
449 1819 509 1859 καὶ
530 1818 588 1857 ἐὰν
617 1817 747 1868 ἴδωμεν
770 1818 886 1870 ἰατρὸν
906 1816 1044 1870 ψυχρὰν
1076 1815 1296 1867 προσάγοντα

259 1881 443 1936 θεραπείαν
459 1910 469 1930 ,
491 1877 705 1930 γινώσκομεν
735 1875 834 1919 εὐθὺς
865 1875 927 1922 τὴν
958 1874 1055 1913 νόσον
1080 1875 1149 1913 ἀπὸ
1169 1874 1297 1925 θέρμης

259 1946 448 1990 συστῆναι,
469 1938 560 1977 οὕτω
580 1935 642 1975 καὶ
662 1934 731 1972 ἀπὸ
751 1936 820 1972 τῶν
847 1932 1023 1971 κολάσεων
1046 1933 1220 1983 ὀδυνηρῶν
1241 1933 1297 1970 οὒ-

260 2007 328 2044 σῶν
348 2000 581 2054 γινώσκομεν,
603 1994 656 2034 ὅτι
681 1992 955 2046 θεραπευόμεναι
976 1992 1097 2030 κακίαι
1126 1991 1196 2030 ἀπὸ
1213 1992 1296 2038 ἡδο-

259 2067 318 2111 νῆς
338 2061 503 2112 γίνονται.
522 2055 629 2102 Ἔτι,
645 2053 758 2096 καθὼς
779 2051 916 2104 εἴρηται
931 2080 941 2098 ,
959 2057 1060 2088 πᾶσα
1077 2052 1191 2102 ψυχῆς
1211 2049 1292 2095 ἕξις,

260 2122 314 2162 ὑφ’
336 2115 383 2159 ὧν
399 2117 575 2161 τίκτεται,
596 2111 656 2151 καὶ
678 2110 823 2164 βελτίων
840 2109 862 2156 ἢ
883 2110 1008 2162 χείρων
1029 2108 1187 2160 γίνεται,
1211 2108 1296 2159 πρὸς

260 2164 371 2218 τάῧτα
390 2175 453 2222 τὴν
474 2173 574 2226 φύσιν
595 2171 690 2223 ἔχει,
710 2167 769 2207 καὶ
787 2170 820 2206 ἐν
837 2169 952 2210 αὐτοῖς
973 2167 1187 2205 συνίσταται·
1207 2166 1295 2203 ἀλλὰ

261 2238 331 2277 ἀπὸ
352 2239 412 2282 τῆς
432 2235 555 2281 ἡδονῆς
586 2229 647 2269 καὶ
680 2231 741 2276 τῆς
773 2225 886 2274 λύπης
918 2227 954 2263 αἱ
982 2227 1112 2278 φαῦλαι
1142 2223 1297 2277 γίνονται

262 2298 367 2346 ἕξεις,
391 2292 525 2340 δηλαδὴ
545 2293 603 2328 τοῦ
626 2288 761 2326 διώκειν
782 2285 845 2332 τὴν
863 2285 1010 2332 ἡδονήν,
1031 2283 1149 2336 ὥσπερ
1170 2285 1208 2321 οὐ
1226 2284 1295 2331 δεῖ,

260 2357 320 2396 καὶ
336 2353 392 2392 ὅτε
412 2353 448 2390 οὒ
470 2350 540 2397 δεῖ,
573 2348 631 2386 καὶ
651 2347 757 2386 πάλιν
788 2343 924 2398 φεύγειν
947 2345 1009 2390 τὴν
1031 2343 1146 2390 λύπην
1168 2342 1224 2382 ὅτε
1258 2345 1296 2381 οὗ

263 2418 335 2462 δεῖ,
351 2414 410 2451 καὶ
432 2413 478 2453 ὥς
499 2411 537 2447 οὒ
557 2409 629 2454 δεῖ,
663 2405 724 2445 καὶ
744 2408 830 2444 ὅπου
850 2405 888 2442 οὐ
921 2404 982 2441 δεῖ·
1005 2403 1063 2442 καὶ
1085 2402 1163 2440 ὅσαι
1192 2402 1296 2440 ἄλλαι

263 2473 482 2526 περιστάσεις
499 2466 650 2518 πονηρὰν
668 2468 806 2502 ποιοῦσι
828 2462 889 2509 τὴν
912 2462 1055 2509 ζήτησιν
1077 2464 1136 2507 τῆς
1155 2461 1295 2510 ἡδονῆς,

263 2533 286 2580 ἢ
305 2531 366 2576 τὴν
389 2528 497 2581 φυγὴν
519 2529 580 2572 τῆς
602 2524 728 2571 λύπης·
753 2522 880 2573 ὁμοίως
902 2522 936 2560 δὲ
960 2522 1020 2559 καὶ
1046 2521 1103 2559 ἐπὶ
1131 2523 1191 2567 τῆς
1213 2523 1296 2572 ἀρε-

265 2592 324 2636 τῆς
345 2588 428 2639 ἔχει·
448 2585 647 2623 συνίσταται
666 2582 732 2633 γὰρ
760 2581 826 2618 ἀπὸ
845 2583 906 2619 τοῦ
928 2579 1061 2618 διώκειν
1082 2579 1139 2617 καὶ
1161 2580 1295 2632 φεύγειν

263 2648 324 2694 τὴν
345 2644 468 2692 ἡδονὴν
486 2644 545 2681 καὶ
565 2642 628 2688 τὴν
648 2641 763 2686 λύπην
783 2642 828 2683 ὥς
848 2641 922 2687 δεῖ,
939 2640 999 2678 καὶ
1027 2639 1082 2677 ὅτε
1103 2640 1165 2679 δεῖ.
1185 2638 1296 2677 εΏστε

265 2703 430 2761 φανερόν,
451 2701 504 2739 ὅτι
528 2701 607 2749 περὶ
635 2699 763 2742 ταύτας
783 2700 818 2736 αἱ
848 2697 932 2742 ἕξεις
951 2699 1013 2742 τὴν
1035 2697 1134 2751 φύσιν
1154 2698 1295 2749 ἔχουσι,

264 2763 324 2803 καὶΙ
344 2765 376 2800 ἐν
398 2760 515 2802 αὐταῖς
535 2758 771 2796 συνίστανται.
790 2756 856 2795 Διὰ
873 2760 974 2794 τοῦτο
992 2756 1052 2793 καί
1067 2771 1154 2799 τινες
1167 2755 1295 2808 ὁρίζον-

265 2838 322 2861 ται
342 2821 404 2862 τάς
430 2816 573 2869 ἀρετάς,
591 2815 757 2858 ἀπαθείας
777 2815 836 2852 καὶ
860 2814 1001 2866 ἠρεμίας
1024 2807 1130 2861 εἶναι,
1148 2814 1217 2851 ἀπὸ
1237 2816 1298 2860 τῆς

266 2881 388 2928 ἡδονῆς
421 2876 479 2914 τὸν
508 2873 649 2926 ὁρισμὸν
682 2872 931 2919 λαμὸάνοντες·
966 2871 1080 2910 καίτοι
1111 2872 1150 2910 οὔ
1183 2872 1297 2915 καλῶς

265 2939 445 2991 ὁρίζονται·
475 2936 527 2972 ὅτι
554 2932 673 2976 ἁπλῶς
707 2930 788 2968 ἄνευ
808 2929 1007 2982 προσθήκης
1032 2933 1211 2969 ποιοῦνται
1239 2929 1296 2968 τὸν

264 2995 428 3050 ὁρισμόν,
460 2992 509 3044 μὴ
535 2989 774 3043 προστιθέντες
802 2991 844 3039 τῇ
873 2988 1005 3040 ἠρεμίᾳ
1039 2988 1099 3027 καὶ
1121 2987 1294 3040 ἀπαθείᾳ,

267 3056 305 3094 τὸ
322 3056 368 3098 ὣς
388 3053 459 3101 δεῖ,
480 3050 540 3090 καὶ
565 3049 622 3087 ὅτε
649 3049 721 3096 δεῖ,
748 3048 809 3085 καὶ
831 3046 892 3090 τὰς
922 3046 1030 3090 ἄλλας
1057 3046 1293 3098 περιστάσεις,

264 3111 472 3153 Ὑπόκειται
492 3109 559 3163 ἄρα
574 3110 597 3155 ἡ
615 3106 719 3159 ἀρετὴ
742 3100 830 3144 εἶναι
852 3108 873 3151 ἣ
902 3105 967 3150 ἕξις
992 3109 1015 3153 ἢ
1035 3104 1144 3148 οὕτως
1167 3103 1295 3156 ἔχουσα

264 3172 344 3225 περὶ
377 3170 501 3219 ἡδονὰς
533 3168 593 3208 καὶ
629 3167 767 3214 λύπας,
795 3163 908 3208 καθὼς
941 3163 1266 3215 προσδιωρισάμεθα
1283 3191 1293 3209 ,

264 3234 331 3271 τῶν
370 3227 558 3282 βελτίστων
597 3223 785 3278 πρακτική.
808 3223 855 3262 Ἡ
883 3222 918 3260 δὲ
947 3222 1053 3260 κακία
1081 3220 1293 3259 τούναντίον.

267 3289 440 3340 Γνοίημεν
462 3287 491 3326 δ’
521 3286 562 3325 ἂν
579 3285 631 3323 ἔτι
654 3283 788 3336 βέλτιον
814 3281 894 3334 περὶ
913 3282 981 3318 τῶν
1004 3279 1193 3332 εἰρημένων
1207 3308 1216 3325 ,
1239 3278 1293 3315 καὶ

268 3356 1890 3394 Ν,-

307 3439 324 3456 *
341 3437 419 3479 Περὶ
436 3434 550 3474 ἡδονὰς
567 3432 629 3476 γὰρ
647 3432 702 3465 καὶ
714 3430 812 3467 λύπας
827 3430 896 3462 κτλ.

1086 206 1366 250 ANDRONICI
1393 209 1573 252 RHODII

1363 301 1424 334 bus
1438 301 1615 346 fungimur,
1632 313 1698 347 quo
1711 304 1803 347 signo
1814 305 2038 348 judicabimus
2055 308 2199 351 aliquem
2213 309 2272 342 aut
2284 303 2403 345 comb-
2444 303 2446 307 ’

1362 355 1476 386 cutum
1487 362 1558 386 esse
1568 354 1655 387 hunc
1664 354 1823 395 habitum,
1838 359 1896 389 aut
1907 357 2052 390 nondum
2063 367 2138 391 eum
2150 359 2270 392 habere
2277 359 2292 391 ’ἒ
2300 356 2400 393 Nullo
2451 376 2453 378 ·

1362 405 1451 435 certe
1463 403 1527 435 alio
1545 413 1646 445 quam
1659 404 1829 447 voluptate
1842 414 1883 438 ex
1903 406 2046 440 honestis
2058 408 2240 442 actionibus
2253 410 2311 441 aut
2328 415 2383 443 mc
2432 428 2441 431 -

1363 452 1456 486 lestia
1470 455 1575 495 capta.
1595 456 1677 486 Nam
1691 455 1749 496 qui
1763 464 1797 488 se
1808 465 1827 488 a
1841 457 1986 498 corporis
1999 457 2226 499 voluptatibus
2238 457 2394 496 abstinet,
2454 468 2455 472 ¹

1362 503 1489 545 hacque
1513 503 1582 545 ipsa
1596 504 1791 537 abstinentia
1807 505 2000 544 delectatur,
2016 506 2045 538 is
2063 508 2247 548 temperans
2263 509 2325 547 est,
2338 505 2395 550 qui

1365 565 1441 588 vero
1457 557 1641 596 molestiam
1656 557 1731 590 inde
1752 559 1866 597 trahit,
1883 561 1933 591 est
1950 559 2057 591 adhuc
2074 558 2303 602 intemperans.
2323 561 2398 597 dam

1362 609 1419 650 qui
1433 618 1485 642 res
1498 619 1614 650 graves
1625 612 1658 643 et
1675 611 1808 644 acerbas
1821 611 1943 653 perfert
1959 612 2065 654 iisque
2078 612 2219 652 laetatur,
2240 613 2299 647 aut
2310 613 2399 647 oerie

1362 670 1426 694 non
1442 661 1542 702 dolet,
1558 662 1653 696 fortis
1670 665 1720 696 est
1739 675 1745 695 :
1767 664 1823 705 qui
1846 673 1923 696 vero
1943 664 2042 702 dolet,
2059 663 2170 698 adhuc
2183 664 2234 697 est
2247 655 2396 699 timflus.

1405 715 1530 758 Quippe
1542 716 1575 748 in
1594 717 1820 759 voluptatibus
1836 719 1869 749 et
1878 717 2046 750 doloribus
2062 716 2168 750 omnis
2182 715 2317 750 moralia
2327 723 2403 750 ver-

1362 776 1454 806 satur
1473 775 1600 815 virtus3
1618 775 1781 818 siquidem
1810 776 1990 818 voluptatis
2012 785 2111 808 causa
2133 774 2243 818 turpia
2257 773 2396 817 facinora

1361 831 1510 871 facimus,
1530 833 1652 866 doloris
1667 842 1766 866 causa
1782 835 1893 865 autem
1912 843 1931 865 a
1954 834 2041 866 recte
2066 831 2162 865 factis
2185 825 2399 867 abstinemus.

1361 893 1567 933 Quapropter
1588 901 1706 933 magna
1735 901 1866 924 morum
1882 893 2037 933 recteque
2065 889 2229 923 factorum
2246 887 2360 922 statim
2377 897 2398 922 a

1360 951 1480 992 pueris,
1496 952 1534 983 ut
1550 951 1596 983 ait
1608 951 1712 989 Plato,
1729 951 1878 983 habenda
1891 953 1940 983 est
1949 950 2052 982 ratio:
2070 948 2243 982 aetatibus
2252 945 2403 981 moribus

1361 1011 1511 1041 assuetos
1520 1009 1653 1041 educari
1663 1009 1813 1041 convenit
1829 1017 1958 1050 pueros,
1975 1010 2012 1040 ut
2022 1007 2144 1050 quibus
2151 1006 2250 1040 rebus
2257 1005 2401 1048 oportet,

1359 1066 1401 1100 iis
1410 1068 1508 1100 rebus
1525 1067 1630 1100 laetari
1648 1069 1680 1100 et
1696 1067 1806 1100 dolere
1817 1066 1941 1109 possint
1954 1079 1962 1099 z
1975 1066 2046 1098 haec
2061 1065 2149 1098 enim
2160 1066 2253 1098 reeta
2268 1061 2409 1103 rationi-

1359 1137 1424 1170 que
1444 1137 1623 1170 congruens
1635 1127 1786 1160 educatio
1800 1129 1861 1160 est.
1885 1129 2048 1159 Praeterea
2060 1151 2068 1164 ‚
2080 1124 2236 1168 quoniam
2247 1124 2283 1158 in
2291 1123 2399 1157 actio-

1359 1186 1456 1218 nibus
1468 1186 1709 1228 affectibusque
1725 1186 1908 1218 consistunt
1923 1184 2075 1223 virtutes,
2088 1183 2130 1216 iis
2145 1191 2227 1216 vero
2237 1190 2316 1225 qun
2328 1181 2399 1224 agit

1360 1244 1480 1286 aliquis
1494 1246 1552 1276 aut
1567 1244 1690 1286 quibus
1703 1243 1856 1282 afficitur,
1877 1243 1929 1276 vel
1941 1241 2062 1284 gaudet
2077 1241 2106 1274 si
2129 1241 2241 1274 volens
2265 1248 2304 1274 eu
2318 1239 2402 1282 agit,

1362 1303 1413 1335 vel
1426 1303 1525 1341 dolet,
1544 1303 1573 1335 si
1585 1302 1626 1335 ab
1642 1302 1706 1334 alio
1719 1303 1864 1343 cogatur,
1877 1300 1957 1333 satis
1965 1298 2176 1332 manifestum
2188 1300 2250 1338 est,
2261 1297 2297 1331 in
2307 1297 2411 1334 volu-

1358 1362 1504 1403 ptatibus
1514 1363 1547 1394 et
1560 1361 1727 1394 doloribus
1736 1369 1865 1394 omnem
1875 1359 2000 1392 versari
2012 1358 2181 1391 virtutem.
2195 1356 2261 1392 Sed
2271 1355 2399 1391 etidem

1360 1431 1401 1454 ex
1418 1421 1523 1464 poenis
1538 1422 1604 1454 illis
1630 1430 1714 1464 quas
1734 1421 1768 1453 in
1790 1420 1957 1463 republica
1973 1418 2111 1462 proponi
2127 1417 2302 1459 videmus,
2317 1416 2398 1450 satis
2456 1428 2458 1444 ¹-
2476 1407 2490 1433 ‘,

1359 1482 1494 1522 apparet
1514 1493 1521 1512 :
1536 1480 1692 1512 nimirum
1705 1489 1760 1513 eos
1776 1479 1834 1522 qui
1846 1479 1941 1511 malis
1957 1477 2155 1510 facinoribus
2174 1475 2335 1519 gaudent,
2357 1475 2398 1509 ut
2420 1526 2422 1528 q

1359 1540 1399 1572 ab
1426 1539 1466 1572 iis
1482 1539 1698 1578 abhorreant,
1718 1540 1897 1580 contraque
1923 1536 2070 1570 honestis
2091 1534 2275 1568 actionibus
2306 1533 2398 1568 dele-

1357 1599 1500 1639 ctentur,
1517 1597 1628 1630 dolore
1642 1598 1752 1639 legum
1767 1597 1886 1629 latores
1899 1596 2004 1628 solent
2024 1594 2188 1628 adducere
2205 1603 2213 1623 =
2233 1592 2339 1636 atque
2347 1592 2396 1625 ita

1358 1655 1603 1689 assuefaciendo
1618 1657 1823 1698 voluptatem
1839 1664 1857 1688 e
1875 1654 1998 1687 virtute
2019 1652 2209 1696 capiendam
2225 1650 2396 1694 paullatim

1356 1715 1398 1748 iis
1413 1715 1585 1749 instillant.
1607 1717 1730 1756 Nempe
1756 1712 1916 1756 ejusmodi
1937 1721 2040 1754 poenae
2055 1720 2159 1754 aegros
2177 1711 2213 1743 in
2229 1709 2396 1753 republica

1358 1775 1474 1806 curant
1487 1799 1495 1813 ,
1522 1782 1560 1806 ac
1580 1773 1750 1806 medicinae
1765 1772 1836 1804 loco
1855 1772 1943 1804 sunt.
1962 1772 2006 1803 Et
2025 1768 2304 1812 quemadmodum
2319 1776 2395 1805 cum

1356 1832 1520 1866 medicina
1539 1834 1685 1874 pugnant
1702 1831 1805 1863 morbi
1824 1839 1908 1872 quos
1929 1829 2090 1862 medicina
2109 1829 2204 1861 curat
2215 1854 2223 1866 ‚
2244 1828 2279 1861 et
2291 1835 2397 1870 quum

1358 1891 1511 1933 frigidam
1529 1890 1724 1923 medicinam
1739 1899 1759 1922 a
1777 1889 1905 1922 medico
1927 1887 2078 1923 adhiberi
2096 1887 2258 1926 videmus,
2283 1885 2396 1919 statim

1357 1950 1568 1992 intelligimus
1586 1949 1738 1982 morbum
1756 1958 1774 1981 a
1804 1949 1911 1981 calore
1938 1957 2009 1981 esse
2026 1949 2140 1979 natum
2153 1972 2161 1985 ‚
2187 1945 2235 1978 ita
2258 1944 2358 1979 etiam
2377 1954 2396 1979 e

1356 2005 1459 2048 poenis
1475 2005 1600 2038 acerbis
1627 2004 1838 2046 intelligimus
1849 2028 1859 2045 ‚
1878 2003 1964 2036 mala
1987 2011 2063 2044 quoe
2077 2002 2234 2034 curantur
2253 2009 2274 2034 a
2299 1999 2396 2032 volu-

1356 2063 1448 2103 ptate
1467 2062 1539 2092 orta
1563 2068 1643 2092 esse.
1660 2060 1834 2096 Praeterea,
1864 2057 1950 2090 sicut
1965 2065 2065 2099 supra
2087 2055 2252 2093 diximus,
2273 2053 2395 2096 quibus
2422 2076 2425 2080 ›

1357 2114 1455 2146 rebus
1473 2112 1579 2144 omnis
1602 2111 1702 2144 animi
1719 2111 1854 2144 habitus
1869 2112 1903 2145 et
1917 2110 2075 2149 nascitur,
2090 2110 2124 2142 et
2136 2107 2252 2142 melior
2266 2106 2322 2141 vel
2335 2105 2396 2142 do-
2419 2126 2421 2135 ε

1357 2168 1458 2201 terior
1477 2167 1533 2205 fit,
1551 2166 1593 2199 ad
1619 2175 1674 2199 eas
1688 2175 1742 2199 res
1767 2166 1838 2208 ejus
1864 2167 1983 2198 natura
1994 2163 2147 2207 pertinet,
2165 2165 2198 2196 et
2217 2162 2252 2195 in
2267 2161 2309 2194 iis
2323 2169 2396 2195 con-

1358 2224 1468 2256 sistit:
1503 2225 1537 2255 at
1561 2232 1581 2255 a
1602 2222 1772 2263 voluptate
1796 2223 1829 2254 et
1855 2220 1967 2253 dolore
1991 2217 2162 2261 repetendi
2189 2217 2266 2250 sunt
2285 2214 2394 2249 vitiosi
2416 2255 2419 2263 Δ

1358 2278 1490 2311 habitus
1517 2277 1610 2309 nobis
1628 2276 1826 2318 ingenerati,
1847 2277 1885 2307 ut
1911 2273 2068 2306 nimirum
2084 2272 2272 2314 voluptates
2286 2277 2396 2302 conse-
2459 2255 2508 2296 ›⁴³³ss

1358 2336 1485 2367 ctemur
1501 2342 1596 2366 secus
1613 2342 1714 2374 quam
1727 2332 1863 2373 oportet,
1886 2332 1919 2362 et
1934 2338 2039 2371 quum
2058 2336 2124 2360 non
2142 2326 2281 2368 oportet,
2299 2323 2395 2357 dolo-
2428 2333 2433 2341 ·<

1357 2397 1428 2420 rem
1443 2388 1556 2419 contra
1577 2394 1682 2428 quum
1700 2394 1765 2416 non
1781 2384 1926 2425 oportet,
1950 2388 2110 2422 secusque
2126 2387 2228 2421 quam
2253 2376 2392 2419 oportet,

1358 2442 1390 2472 et
1406 2439 1463 2472 ubi
1478 2447 1542 2470 non
1563 2437 1691 2478 oportet
1715 2435 1889 2476 fugiamus,
1917 2435 1951 2465 et
1977 2432 2003 2464 si
2020 2440 2095 2473 quae
2112 2429 2186 2462 alias
2209 2427 2395 2462 occasiones

1357 2493 1477 2526 malam
1496 2490 1620 2523 faciunt
1638 2488 1690 2521 vel
1711 2486 1890 2528 voluptatis
1909 2483 2182 2517 consectationem
2197 2480 2251 2514 vel
2268 2479 2392 2513 doloris

1357 2547 1468 2588 fugam
1487 2557 1495 2576 z
1514 2543 1628 2576 eodem
1643 2541 1741 2574 modo
1757 2542 1790 2573 et
1814 2539 1848 2571 in
1862 2539 1988 2571 virtute
2004 2545 2039 2569 se
2060 2544 2113 2568 res
2125 2534 2225 2567 habet
2243 2545 2251 2566 τ
2272 2542 2348 2575 quae
2361 2532 2396 2565 iu

1357 2597 1537 2640 voluptatis
1563 2594 1802 2628 consectatione
1821 2594 1855 2625 et
1879 2589 2001 2623 doloris
2020 2588 2117 2631 fuga,
2138 2589 2177 2620 ut
2192 2587 2322 2630 oportet
2334 2610 2342 2625 ,
2361 2586 2395 2618 et

1357 2660 1461 2694 quum
1476 2650 1615 2691 oportet,
1631 2645 1790 2678 consistit.
1808 2645 1858 2676 Ex
1877 2651 1944 2685 quo
1957 2642 2101 2683 apparet,
2117 2639 2151 2671 in
2160 2638 2290 2671 duabus
2306 2637 2395 2671 hisce

1357 2705 1456 2738 rebus
1475 2700 1600 2735 versari
1617 2699 1791 2732 habituum
1806 2698 1957 2728 naturam
1974 2695 2008 2726 et
2029 2691 2216 2725 consistere.
2235 2689 2395 2728 Quocirca

1357 2755 1504 2790 nonnulli
1521 2762 1650 2786 omnem
1669 2751 1828 2784 virtutem
1843 2747 2026 2781 affectuum
2045 2743 2244 2776 vacuitatem
2253 2743 2288 2775 et
2302 2743 2394 2774 tran-

1358 2809 1556 2853 quillitatem
1585 2803 1764 2841 definiunt,
1794 2809 1895 2843 quam
1927 2796 2146 2831 definitionem
2179 2803 2199 2827 a
2224 2793 2394 2836 voluptate

1357 2863 1552 2897 mutuantur
1573 2871 1580 2891 ε
1602 2867 1662 2890 nec
1678 2858 1790 2889 tamen
1803 2855 1893 2887 recte
1910 2850 2088 2888 definiunt,
2110 2848 2188 2891 quia
2203 2845 2394 2898 simpliciter

1357 2920 1391 2951 et
1408 2916 1477 2949 sine
1498 2911 1679 2954 adjectione
1696 2909 1764 2941 ulla
1782 2908 1846 2940 hoc
1869 2904 1996 2938 faciunt
2009 2928 2016 2942 ,
2042 2911 2106 2935 non
2127 2898 2284 2933 addentes
2302 2900 2395 2932 tran-

1357 2967 1513 3013 quillitati
1541 2966 1574 2996 et
1606 2962 1787 2996 affectuum
1814 2956 1983 2996 vacuitati,
2006 2956 2046 2987 ut
2072 2953 2201 2995 oportet
2229 2952 2263 2984 et
2289 2958 2394 2993 quum

1357 3022 1482 3064 oporiet
1504 3021 1536 3052 et
1549 3017 1694 3059 reliquas
1709 3011 1903 3046 occasiones.
1920 3010 1991 3042 Hoc
2005 3015 2081 3048 ergo
2094 3007 2252 3047 tanquam
2265 3010 2394 3035 conces-

1358 3085 1429 3108 sum
1449 3073 1593 3116 ponitur,
1618 3069 1777 3101 virtutem
1791 3072 1860 3097 esse
1876 3061 2027 3095 habitum
2039 3084 2047 3096 .
2063 3066 2138 3100 quae
2155 3064 2259 3098 quum
2277 3055 2314 3088 in
2332 3062 2394 3087 vo-

1357 3126 1539 3169 luptatibus
1565 3124 1597 3156 et
1613 3119 1780 3154 doloribus
1809 3116 1967 3151 versetur,
1999 3108 2278 3154 quemadmodum
2305 3105 2393 3140 dm-

1356 3189 1441 3217 mus,
1461 3177 1584 3219 optima
1602 3180 1744 3215 quaeque
1770 3170 1854 3210 agat.
1872 3166 1998 3199 Vitium
2018 3165 2130 3196 autem
2142 3163 2268 3194 contra.
2290 3159 2392 3193 Goete-

1357 3242 1431 3265 rum
1448 3231 1489 3263 de
1504 3229 1557 3262 his
1572 3226 1670 3269 ipsis,
1693 3223 1734 3256 de
1761 3221 1882 3263 quibus
1906 3219 1972 3260 jam
1998 3215 2100 3248 locuti
2119 3222 2254 3253 sumus,
2286 3210 2392 3244 multo

1356 3282 1577 3324 incorruptius
1590 3288 1608 3312 e
1624 3269 2072 3319 sequentibusjudicabimus.
2092 3269 2203 3305 Quum
2222 3264 2307 3298 enim
2326 3262 2390 3296 tria

2497 3377 2508 3450 amna.
