2528 3788
28 425 38 468 Τι’

20 574 37 610 1

19 1101 25 1109 ν

22 151 43 158 -u

21 476 38 568 ἐ

27 613 67 668 ss
91 612 156 664 τὴν
169 614 344 670 ιῦγένειόν
363 626 381 652 ο
397 613 574 666 σώζουσις

23 658 34 712 ί
59 686 61 689 ’
93 678 111 699 ¹
127 673 337 720 κακοποιοδς
353 673 514 726 λέγοντες
531 671 636 712 πάλιν
658 673 817 709 ποιοῦσιν
846 667 1019 721 ἀγαθούς,
1041 669 1141 722 φιλο-

95 734 221 790 σοφίαν
235 749 276 775 τε
287 732 349 775 καὶ
365 730 548 787 βασιλείαν
559 760 570 780 ,
587 728 799 784 στρατηγίας
811 743 849 767 τε
867 725 930 767 καὶ
947 726 1143 780 θησαυροὺς

26 795 32 842 ζ
95 796 144 840 εἷς
158 793 311 838 ’ἐκείνους
330 793 533 846 ἀνάγοντες
551 792 596 832 Εἰ
612 789 648 829 δὲ
665 789 817 843 τρίγωνα
837 787 897 827 καὶ
914 787 1119 841 τετράγωνα
1133 791 1146 810 ⁸

23 860 30 906 ξ
93 852 271 904 λέξουσίν,
289 853 418 892 ἄτοπον
437 850 502 900 τὴν
523 849 586 903 μὲν
610 847 833 903 ἀνθρωπίνην
856 845 984 900 ἀρετὴν
1008 861 1145 886 παντα-

26 911 29 919 ’
58 907 258 971 χῧῖτὴν
290 910 399 961 αὗτὴν
429 910 570 963 μένειν,
593 907 672 952 τοὺς
693 908 730 946 δὲ
753 906 849 951 θεοὺς
869 908 909 946 ἐκ
938 907 1007 944 τῶν
1030 904 1145 944 τόπων

14 979 29 1032 :ss
55 970 81 1002 ³³5³
96 972 394 1028 μξταὸάλλεσθαι.
409 970 464 1012 Τὸ
477 970 514 1010 δὲ
528 969 590 1009 καὶ
608 967 770 1021 πατέρων
791 965 964 1020 εὐγένειαν
982 964 1005 1013 ἢ
1021 964 1145 1017 δυσγέ-

22 1033 27 1046 ³
56 1035 82 1073 ’,ᾗ
94 1039 191 1078 vestm
217 1036 231 1061 ²
251 1032 434 1086 προλέγειν
447 1061 459 1081 ,
480 1032 528 1075 ὥς
547 1030 586 1068 οὗ
615 1028 733 1067 πάντα
754 1023 946 1064 ποιούντων
962 1054 972 1073 ,
1003 1023 1081 1063 τινὰ
1110 1023 1146 1062 δὲ

11 1139 25 1168 ⁵¹
88 1149 218 1193 ἃΐΓτὰ
248 1149 318 1207 πρὸ
347 1153 411 1199 τῆς
441 1148 608 1200 γενέσεως
630 1149 670 1187 ἐκ
697 1150 760 1195 τῆς
790 1143 958 1197 γενέσεως
989 1143 1144 1196 γένοιτο;

23 1227 25 1230 ·
92 1205 237 1266 Ὥσπερ
257 1210 370 1251 τοίνυν
396 1208 542 1263 πρόνοια
575 1206 637 1247 καὶ
659 1204 860 1260 εἱμαρμένη
891 1203 965 1242 ἐστὶ
987 1202 1047 1242 καὶ
1067 1202 1146 1248 περὶ

95 1269 178 1319 ἔθνη
196 1269 258 1310 καὶ
275 1268 415 1321 πόλεις,
433 1267 509 1307 ἔστι
536 1265 654 1307 δέκα]
671 1264 755 1318 περὶ
775 1263 924 1303 ἕκαστον
944 1261 1124 1314 ἄνθρωπον
1137 1275 1146 1285 ·

20 1370 23 1378 ,,
95 1329 188 1370 οὕτω
203 1329 265 1370 καὶ
279 1328 392 1383 τύχη,
410 1321 551 1381 napi-31⁶<
566 1326 629 1367 καὶ
647 1325 761 1377 λέγειν
783 1323 989 1362 ἀκόλουθον.
1007 1320 1056 1360 ‘H
1073 1320 1148 1359 τοί-

10 1417 22 1433 ε
94 1405 155 1430 νυν
172 1389 217 1430 τὰ
236 1387 387 1442 διάφορα
403 1387 463 1427 καὶ
477 1385 523 1426 τὰ
537 1385 622 1438 παρ’
639 1383 763 1424 ἐλπίδα
781 1381 948 1434 γινόμενα
965 1379 1051 1433 πρὸς
1066 1380 1150 1431 ἀγα·

815 224 882 264 DE
912 223 1012 263 DIIS
1043 223 1108 262 ΕΤ
1135 223 1318 264 MUNDO
1347 223 1514 264 LIBER.

62 318 346 375 φθονιστέρως
363 320 456 375 ἔχειν
477 319 522 358 τὰ
538 318 636 371 παρὰ
655 320 715 365 τῆς
730 314 944 368 εἱμαρμένης
960 313 1076 366 ἀγαθὰ
1093 315 1140 358 εἷς

28 396 39 413 ὲ
54 376 265 439 1ὒ’χιῑρον
283 377 499 430 μεταὸάλλει
510 392 520 402 ·
538 375 658 429 ὥσπερ
676 372 735 414 τὸν
755 372 855 422 ἥλιον
877 375 894 395 ⁰
911 370 1040 424 ἀγαθὸν
1058 370 1141 410 ὄντα

102 483 104 486 ,
191 468 205 488 ,
225 438 559 492 τοῑςόφθαλμιῶσιν
580 434 602 483 ἢ
623 431 836 489 πυρέσσουσι
858 430 1029 484 βλαὸερὸν
1051 424 1142 469 εἶναι

52 486 295 554 ϊὶἱἰιιιῐὶόαίνει
318 497 386 538 Διὰ
405 497 440 535 τί
459 495 527 549 γὰρ
548 492 786 546 Μασσαγέται
802 496 819 521 Ρ
843 491 907 542 μὲν
927 488 1006 534 τοὺς
1030 489 1142 528 πατέ-

65 548 157 615 ’ἱράς
173 557 368 610 teotonem,
385 555 551 609 Ἕὸραῖοι
574 554 609 593 δὲ
632 551 924 605 περιτέμνονται,
946 547 1085 602 Πέρσαι
1107 547 1142 587 δὲ

600 613 674 656 πῶς
689 609 725 650 δὲ
749 609 884 663 Κρόνον
901 624 938 647 τε
955 608 1016 648 καὶ
1034 607 1142 660 Ἄρην

56 1082 74 1130 {-
94 1091 340 1145 σῆμᾰινόντων
363 1090 467 1142 μόνον
484 1091 552 1128 τῶν
571 1087 726 1141 ἀστέρων
749 1084 907 1125 διδάσκει
919 1090 938 1109 ¹¹
954 1099 963 1108 ·
983 1085 1059 1128 πῶς
1079 1083 1146 1136 γὰρ

97 1449 156 1488 θὸν
167 1447 348 1488 τάττουσα
372 1445 518 1497 δύναμις
535 1447 604 1485 τῶν
633 1445 719 1482 θεῶν
736 1441 828 1494 τύχη
843 1439 1024 1490 νομίζεται
1043 1443 1071 1486 V,
1090 1436 1151 1475 καὶ

42 1511 63 1558 ζῐῖ
98 1508 158 1550 διὰ
177 1511 279 1548 τοῦτο
300 1507 459 1558 μάλιστα
478 1507 579 1558 κοινῇ
600 1502 663 1547 τὰς
682 1501 802 1544 πόλεις
829 1499 894 1547 τὴν
920 1498 996 1538 θεὸν
1018 1495 1152 1550 προσή-

42 1567 74 1630 {g}
97 1570 153 1610 κει
179 1573 307 1621 τιμᾶν·
328 1572 428 1605 πᾶσα
450 1563 519 1618 γὰρ
541 1564 642 1608 πόλις
672 1564 711 1601 ἐκ
731 1559 907 1614 διαφόρων
928 1556 1151 1611 πραγμάτων

20 1646 21 1649 ’
37 1622 69 1680 ’ἶῇ
98 1625 319 1669 συνίσταται.
337 1625 405 1665 Ἐν
420 1627 492 1669 τοῖς
510 1623 580 1663 ὕπὸ
594 1620 744 1669 σελήνην
760 1619 798 1658 δὲ
813 1618 877 1666 τὴν
892 1616 1039 1667 δύναμιν
1062 1615 1149 1668 ἔχει,

100 1685 220 1735 ἐπειδὴ
239 1683 328 1738 ὑπὲρ
349 1683 500 1732 σελήνην
522 1681 600 1721 οὐδὲ
620 1680 656 1720 ἓν
675 1682 715 1719 ἐκ
733 1679 842 1730 τύχης
863 1676 906 1715 ἂν
920 1675 1068 1728 γένοιτο.
1108 1675 1153 1712 Εἰ

57 1750 65 1781 ³>
99 1745 135 1787 δὲ
153 1745 256 1787 κακοὶ
275 1746 339 1796 μὲν
365 1745 570 1797 εὖτυχοῧσιν
584 1747 628 1790 W,
653 1738 779 1792 ἀγαθοὶ
798 1737 834 1776 δὲ
850 1736 1040 1783 πένονται,
1065 1737 1154 1772 θαυ-

99 1806 221 1858 μάζειν
240 1807 279 1846 οὔ
300 1805 373 1844 δεῖ·
401 1805 434 1843 οἳ
464 1802 528 1854 μὲν
561 1800 631 1853 γὰρ
653 1799 796 1846 πάντα,
821 1798 853 1836 οἱ
878 1795 915 1834 δὲ
951 1794 995 1834 δι’
1017 1793 1155 1836 οὐδενὸς

27 1869 35 1874 ’
99 1867 249 1906 πλοῦτον
269 1866 422 1904 ποιοῦσι.
447 1860 520 1902 Καὶ
546 1862 615 1899 τῶν
645 1856 707 1910 μὲν
731 1858 849 1897 κακῶν
880 1858 903 1903 ἡ
927 1851 1073 1906 εὖτυχία
1093 1852 1155 1890 οὒκ

100 1923 144 1965 ἂν
165 1923 288 1979 ἀφέλοι
307 1943 326 1970 y
345 1921 411 1971 τὴν
430 1919 560 1961 κακίαν
574 1949 585 1969 ,
603 1922 674 1962 τοῖς
696 1915 733 1955 δὲ
755 1915 896 1968 ἀγαθοῖς
917 1917 940 1962 ἡ
959 1910 1068 1965 ἀρετὴ
1090 1909 1153 1962 μό-

100 1995 158 2024 νον
171 1981 316 2037 ἀρκέσει
329 1989 356 2020 ².

153 2046 171 2067 ⁸
188 2041 254 2091 τὴν
276 2039 314 2081 δὲ
331 2042 404 2080 τῶν
437 2039 524 2078 θεῶν
556 2034 751 2090 πρόνοιαν]
775 2034 825 2074 cf.
851 2033 1016 2072 Procius
1037 2030 1155 2068 theol.

101 2100 200 2143 Pht.
227 2100 299 2141 lib.
329 2100 352 2140 I
374 2111 460 2150 cap.
486 2096 549 2136 15.
580 2115 634 2124 -
657 2097 675 2122 ὓ
696 2092 843 2144 ὄμματα
863 2090 1046 2143 διαφανῆ]
1067 2087 1155 2129 Vid.

104 2159 282 2214 Xenoph.
307 2155 523 2198 Memorab.
549 2153 621 2193 lib.
644 2153 662 2191 1
685 2165 770 2204 cap.
794 2150 861 2200 IV,
889 2152 928 2190 6.
960 2169 1015 2179 —
1034 2153 1049 2173 ⁰
1073 2163 1158 2198 μαν-

103 2222 196 2260 τεῖαι
216 2217 278 2259 καὶ
298 2212 512 2272 θεραπεῖαι]
534 2213 700 2252 Proclus
721 2212 764 2250 in
783 2210 887 2250 Tim.
909 2207 980 2248 lib.
1003 2208 1018 2247 Ι
1040 2221 1083 2260 p.
1106 2213 1157 2258 49

104 2288 311 2332 utramque
331 2275 533 2317 scientiam
565 2273 755 2311 Minervae
769 2300 780 2319 ,
812 2271 888 2309 hoc
916 2276 974 2307 est
988 2297 999 2316 ,
1020 2267 1157 2320 provi-

103 2338 245 2379 dentiae
276 2335 423 2376 divinae
456 2344 619 2372 munera
646 2343 730 2370 esse
752 2329 875 2368 docet.
899 2326 961 2368 Cf.
990 2324 1152 2365 Iambli-

105 2391 201 2436 chus
220 2395 269 2434 de
284 2393 401 2446 Myst.
423 2393 552 2443 Segm.
574 2388 631 2428 111
654 2402 738 2442 cap.
770 2389 807 2428 3.
829 2409 882 2417 —
898 2385 915 2410 ‘¹
937 2385 1156 2434 πονοῦντας]

107 2455 251 2509 scripsi
266 2467 356 2494 cum
375 2451 498 2492 Galeo
509 2464 520 2501 ;
541 2449 655 2490 codd.
678 2451 879 2492 ποιοῦντας.
897 2467 951 2477 -
967 2450 981 2467 ⁰
1005 2446 1073 2483 τῶν
1095 2459 1162 2482 σω-

106 2514 228 2567 μάτων
249 2512 295 2553 τὰ
315 2511 462 2564 δύναμιν
484 2508 641 2564 ἔχοντα]
663 2507 783 2562 posui
804 2520 892 2546 cum
913 2504 1087 2550 Orelli03
1110 2503 1158 2542 li-

38 2596 51 2602 ²>
103 2575 170 2616 bri
185 2576 254 2615 τῶν
269 2573 444 2624 σωμάτων
459 2569 523 2618 τὴν
542 2569 690 2621 δύναμιν
705 2568 872 2621 ἐχόντων.
892 2587 947 2596 —-
963 2564 976 2591 ¹
995 2564 1089 2617 αὖτῷ
1108 2563 1160 2616 τῷ

27 2634 50 2642 ,μ

40 2656 69 2665 =
106 2637 196 2676 εἶναι
206 2633 300 2674 ποιεῖ
310 2632 333 2672 ἃ
342 2633 452 2684 ποιεῖ]
465 2629 632 2670 Proclus
643 2629 825 2668 element.
841 2625 961 2665 theol.
979 2637 1065 2676 cap.
1087 2637 1101 2661 1
1110 2636 1159 2661 20

107 2709 216 2749 seqq.
234 2691 333 2738 ὄντες
353 2691 422 2746 γὰρ
454 2690 512 2745 (οἳ
546 2686 641 2741 θεοὶ)
664 2685 764 2726 οῦδὲν
793 2685 880 2724 ἄλλο
912 2682 936 2731 ἢ
966 2680 1160 2734 ἀγαθότης,

31 2939 58 2970 ⁸⁶.

16 3036 49 3061 ,Ι-

21 3147 23 3151 ·
38 3137 56 3159 2«

26 3162 43 3173 m

15 3174 50 3227 »ε

12 3229 50 3308 3

0 3306 58 3530 «ξ

0 3574 37 3651 (i

109 2756 205 2811 αὐτῷ
226 2751 278 2807 τῷ
306 2746 398 2793 εἶναι
427 2754 502 2796 τοῖς
533 2755 643 2788 πᾶσιν
666 2745 824 2801 ἀφθόνως
855 2745 887 2783 τ’
911 2741 1026 2794 ἀγαθὰ
1051 2756 1159 2794 799*-

36 2771 48 2778 ,

28 2788 58 2871 ἑ

24 2867 37 2885 ιτ
46 2870 49 2872 >

107 2818 230 2870 Ἴγοῦοίν
247 2836 302 2847 -
325 2818 344 2845 ⁸
364 2807 543 2867 πρόνοια]
566 2809 620 2849 cf.
641 2808 808 2848 Procius
824 2804 943 2844 theol.
965 2803 1064 2841 Plat.
1085 2799 1159 2841 lib.

59 2916 62 2918 ,
108 2877 128 2919 1
158 2889 246 2930 cap.
274 2873 320 2914 15
340 2886 431 2926 pag.
451 2878 518 2918 41.
541 2891 594 2901 —
613 2871 632 2896 ¹³
651 2865 849 2921 παρέχειν]
878 2863 1070 2916 Epicurus
1100 2874 1161 2912 ap.

108 2936 222 2989 Diog.
236 2935 366 2975 Laert.
384 2932 435 2981 X,
460 2933 533 2982 139
555 2930 596 2969 τὸ
614 2928 786 2982 μακάριον
810 2924 870 2964 καὶ
891 2923 1067 2977 ἄφθαρτον
1082 2919 1162 2959 οὔτε

20 2981 65 3023 ἶ
109 2994 196 3037 αὗτδ
215 2993 412 3047 πράγματα
435 2990 532 3046 ἔχει,
555 2987 635 3028 οὔτε
658 2986 756 3040 ἄλλῳ
782 2982 931 3037 παρέχει
953 2980 1000 3020 cf.
1023 2979 1161 3018 Cicero

16 3095 21 3106 ἶ
109 3055 254 3097 donat.
274 3054 383 3094 deor.
398 3052 434 3104 1,
460 3065 520 3100 17.
536 3047 613 3080 —i
630 3045 828 3101 εἱμαρμένη
851 3040 1043 3093 καλεῖται]
1061 3036 1161 3078 Vide

42 3130 46 3131 ⁷
109 3107 292 3160 Proetum
327 3114 370 3153 in
407 3112 512 3152 Tim.
547 3125 590 3163 p.
615 3111 690 3149 321
724 3120 805 3158 seq.
828 3111 867 3145 et
898 3100 1158 3142 Iamblichum

556 3264 637 3305 Cap.
662 3264 716 3295 lx.

362 3364 406 3392 De
420 3358 628 3398 providentia,
650 3356 714 3387 fato
727 3358 758 3386 et
778 3354 914 3386 fortuna.

2202 225 2255 264 39

1202 316 1306 367 apud
1327 314 1521 354 Stobaeum
1547 314 1679 365 Eclog.
1707 314 1774 353 lib.
1799 315 1813 352 1
1843 328 1927 366 cap.
1957 313 2005 351 1v
2031 327 2070 365 p.
2102 316 2173 362 178
2195 315 2256 353 ed.

1202 375 1366 415 Heeren.
1387 397 1441 403 —
1461 373 1478 397 Κ
1502 376 1536 413 ἐν
1564 380 1635 418 τοῖς
1655 374 1826 426 σώμασι]
1848 374 2003 413 correxi
2031 387 2121 412 cum
2147 372 2257 412 Orel-

1202 433 1279 482 li0;
1304 435 1426 484 vulgo
1446 438 1516 477 τοῖς
1538 432 1696 483 σώμασι.
1720 457 1771 463 -
1794 433 1801 455 ¹
1826 432 1927 472 θείων
1953 430 2157 487 σωμάτων]
2195 433 2255 472 si-

1203 495 1296 533 dera
1316 493 1515 544 intelligit.
1538 515 1591 522 —
1607 495 1635 514 ¹¹²
1658 492 1697 531 τὸ
1719 493 1753 531 δὲ
1774 493 1910 537 ἀδικίας
1933 509 1971 532 τε
1991 491 2050 532 καὶ
2072 492 2256 546 ἀσελγείας

1203 555 1251 598 εἷς
1268 553 1333 602 τὴν
1348 551 1566 605 εἱμαρμένην
1583 552 1816 605 ἀποδιδόναι]
1837 552 2012 600 correxi3
2032 552 2147 592 codd.
2165 550 2205 590 τὸ
2219 551 2255 590 δὲ

1205 612 1342 658 ἀδικίας
1361 629 1399 652 τε
1420 613 1479 651 καὶ
1511 612 1693 665 ἀσελγείας
1717 614 1755 651 ἐκ
1777 615 1837 659 τῆς
1861 612 2075 664 εἱμαρμένης
2105 611 2252 651 διδόναι.

1203 697 1257 705 -
1286 678 1305 697 ¹¹
1337 674 1393 714 ἐπ’
1428 674 1549 726 ἀγαθῷ
1582 672 1714 725 γίνεται
1757 673 1902 724 πάντα]
1937 671 2175 711 lamblichus
2209 672 2258 711 de

1205 734 1321 786 Myst.
1344 733 1512 784 Segm.l
1543 746 1626 785 cap.
1665 735 1734 785 ¹83
1757 733 1849 771 item
1873 731 2000 782 Segm.
2031 732 2080 769 lv
2115 745 2198 784 cap.
2234 738 2254 776 l,

1205 807 1313 846 seqq.
1337 792 1391 833 ὅτι
1409 791 1522 831 τοίνυν
1543 794 1623 831 οὔτε
1639 792 1771 832 τούτων
1795 793 1884 843 (τῶν
1907 790 2055 842 ἀδίκων)
2082 790 2256 829 αἰτιατέον

1205 851 1283 897 τοὺς
1303 851 1421 900 θεούς,
1442 847 1583 890 αὐτόθεν
1600 851 1662 902 μὲν
1679 852 1852 905 πρόδηλον
1868 866 1876 875 ·
1896 852 1928 889 οἱ
1947 850 2016 904 γὰρ
2032 851 2154 902 ἀγαθοὶ
2172 854 2259 902 ἀγα-

1205 914 1276 951 θῶν
1309 912 1396 950 εἰσιν
1424 910 1551 949 αἴτιοι·
1581 910 1642 949 καὶ
1664 913 1695 950 οἱ
1729 910 1800 949 θεοὶ
1820 912 1901 949 κατ’
1924 911 2044 948 οὐσίαν
2079 910 2195 963 ἔχουσι
2218 910 2259 948 τὸ

1208 970 1338 1021 ἀγαθόν
1354 986 1362 995 ·
1387 970 1485 1008 οὐδὲν
1519 969 1586 1022 ἄρα
1609 969 1727 1008 ἄδικον
1750 972 1904 1008 ποιοῦσι.
1934 991 1987 998 —
2016 973 2032 991 ⁰
2054 967 2174 1021 ὥσπερ
2195 969 2254 1007 τὸν

1205 1030 1334 1082 ἥλιον]
1362 1030 1422 1068 Cf.
1464 1029 1705 1068 lamblichus
1736 1029 1810 1068 lib.
1834 1028 1849 1065 l
1872 1028 2000 1078 Segni.
2024 1028 2107 1066 XVI
2130 1043 2168 1078 p.
2195 1030 2257 1066 32.

1205 1112 1258 1120 —
1274 1097 1291 1121 Ρ
1309 1085 1569 1141 Μασσαγέται]
1587 1088 1675 1128 Vid.
1695 1089 1861 1140 Dionys.
1882 1087 2090 1125 Alexandr.
2105 1087 2257 1136 Perieg.

1207 1164 1266 1189 vs.
1294 1151 1370 1200 739
1387 1162 1470 1202 seq.
1492 1157 1530 1187 et
1557 1147 1756 1200 Porphyr.
1785 1147 1832 1186 de
1859 1146 2004 1185 abstin.
2028 1146 2092 1193 IV,
2117 1160 2182 1184 21.
2204 1168 2254 1190 ‚—

1207 1220 1226 1246 <1
1244 1209 1417 1262 εὐγένειαν
1438 1207 1600 1258 σώζουσι]
1622 1209 1668 1246 cf.
1690 1208 1874 1246 Herodot.
1894 1206 1935 1254 l,
1962 1207 2048 1251 134.
2062 1227 2115 1235 —
2130 1210 2142 1226 Γ
2165 1204 2262 1257 Κρό-

1208 1285 1266 1310 νον
1290 1286 1328 1310 τε
1349 1269 1410 1309 καὶ
1444 1265 1553 1321 Ἄρην
1576 1266 1810 1317 κακοποιοὺς]
1846 1266 1956 1304 Hanc
1977 1265 2261 1314 astrologorum

1211 1331 1439 1383 opinionem
1455 1328 1626 1378 exagitat
1641 1326 1883 1365 lamblichus
1904 1325 2032 1375 Segm.
2055 1326 2073 1363 1
2094 1337 2176 1376 cap.
2200 1326 2260 1362 18.

1210 1390 1270 1429 Cf.
1308 1389 1490 1427 Manetho
1524 1387 1749 1439 apotelesm.
1789 1384 1862 1434 111,
1905 1385 1951 1422 18
1973 1392 2010 1422 et
2034 1385 2080 1422 61
2108 1396 2191 1434 seq.
2218 1383 2266 1421 de

1211 1450 1369 1488 Saturni
1391 1457 1429 1486 et
1447 1447 1585 1485 Martis
1603 1447 1745 1485 stellis.
1778 1467 1829 1474 —
1849 1449 1861 1467 ⁸
1887 1443 2040 1498 τρίγωνα
2060 1443 2120 1481 καὶ
2141 1443 2263 1496 τετρά-

1212 1509 1335 1560 γωνα]
1352 1508 1381 1548 i.
1404 1521 1439 1547 e.
1469 1507 1502 1545 si
1523 1506 1613 1557 quis
1633 1506 1723 1544 coeli
1743 1514 1782 1544 et
1801 1505 1999 1543 stellarum
2019 1502 2168 1552 status,
2188 1517 2267 1554 quo

1213 1568 1293 1606 nati
1316 1568 1396 1606 sint
1414 1566 1596 1604 homines
1611 1595 1622 1614 ,
1645 1565 1914 1603 diversitatem
1944 1577 1966 1601 a
1994 1563 2201 1612 triangulis
2231 1571 2268 1600 et

1213 1627 1413 1678 quadratis
1435 1633 1596 1676 repetat.
1613 1624 1701 1663 Vid.
1723 1623 1872 1662 Plotin.
1897 1622 2072 1661 Ennead.
2102 1621 2172 1660 lib.
2195 1622 2267 1659 111.

1215 1686 1251 1724 II
1283 1699 1368 1738 cap.
1394 1687 1431 1724 3.
1462 1705 1516 1714 —
1543 1691 1555 1713 t
1581 1683 1760 1735 εὐγένειαν
1783 1682 1805 1728 ἢ
1826 1681 2028 1733 δυσγένειαν
2050 1681 2264 1734 προλέγειν]

1214 1745 1302 1785 Vid.
1327 1746 1538 1796 Origenem
1570 1757 1631 1795 ap.
1654 1742 1798 1781 Euseb.
1831 1743 1898 1779 Pr.
1925 1741 2070 1792 Evang.
2105 1741 2176 1779 lib.
2201 1738 2267 1778 vl.

1214 1820 1255 1857 p.
1286 1819 1374 1856 19²·
1397 1826 1451 1834 —-
1473 1810 1488 1828 ¹¹
1517 1802 1704 1854 διδάσκει]
1737 1801 1898 1853 scripsi;
1932 1801 2047 1841 codd.
2076 1800 2266 1839 διδάσκειν,

1218 1885 1270 1893 -
1290 1867 1304 1885 v
1324 1863 1416 1916 τύχη
1436 1862 1648 1914 νομίζεται]
1669 1861 1812 1899 Differt
1830 1873 1852 1898 a
1875 1860 2034 1899 fortuna
2054 1872 2166 1898 casus
2186 1860 2269 1898 sive

1215 1924 1436 1976 ταυτόματον
1451 1954 1461 1972 ,
1485 1925 1540 1963 ita
1556 1931 1598 1962 ut
1613 1922 1768 1960 fortuna
1788 1929 2012 1973 opponatur
2031 1920 2081 1958 iis
2101 1933 2185 1971 quae
2206 1919 2267 1957 ho-

1216 1985 1341 2024 mines
1360 1984 1568 2023 intendunt
1590 1998 1599 2021 τ
1622 1995 1733 2021 casus
1748 1982 1799 2020 iis
1815 1994 1900 2032 quae
1919 1989 2057 2018 natura
2078 1980 2163 2018 fieri
2179 1974 2268 2018 con-

1218 2052 1444 2083 sueverunt.
1466 2065 1520 2072 —
1537 2047 1563 2066 w
1583 2040 1687 2081 κακοὶ
1709 2039 1773 2092 μὲν
1794 2042 1999 2093 εὐτυχοῦσιν
2017 2040 2031 2092 ]
2052 2040 2141 2080 Vid.
2166 2041 2268 2079 Plo-

1216 2104 1288 2150 tin.
1311 2103 1485 2144 Ennead.
1505 2099 1562 2140 Ill
1588 2102 1656 2139 lib.
1674 2100 1711 2138 11
1730 2114 1814 2151 cap.
1839 2102 1879 2147 6,
1903 2114 1922 2147 7
1939 2109 1977 2138 et
2002 2100 2063 2139 15.
2083 2107 2165 2128 -—¹
2184 2102 2215 2138 οἵ
2234 2100 2270 2140 δὲ

1218 2164 1261 2203 δι’
1281 2163 1417 2208 οὐδενὸς
1430 2164 1582 2201 πλοῦτον
1603 2161 1769 2212 ποιοῦσι]
1791 2159 1956 2211 scripsi3
1974 2159 2087 2198 codd.
2108 2162 2140 2198 οἱ
2163 2159 2198 2198 δὲ
2219 2162 2271 2199 οὖ-

1220 2222 1313 2268 δενὸς
1334 2224 1484 2261 πλοῦτον
1509 2224 1666 2260 ποιοῦσι.
1691 2219 1881 2258 Caeterum
1906 2221 2046 2257 ποιοῦσι
2070 2217 2144 2256 huc
2159 2231 2271 2257 seusu

1219 2296 1294 2335 pro
1311 2283 1497 2321 ποιοῦνται
1515 2280 1616 2319 dixit
1636 2280 1750 2318 etiam
1777 2277 1904 2318 Thuc.
1926 2277 1973 2324 V,
1997 2283 2061 2322 42.
2080 2298 2133 2306 —
2153 2282 2170 2306 Ὺ
2189 2277 2272 2330 ἀφέ-

1218 2340 1301 2396 λοι]
1321 2343 1348 2382 i.
1372 2354 1409 2381 e.
1427 2340 1607 2394 ἀφέλοιτο.
1629 2360 1683 2369 -
1707 2343 1720 2363 ²
1743 2335 1911 2390 ἀρκέσει]
1935 2350 2021 2375 cum
2045 2337 2268 2387 llolstcni03

1220 2401 1360 2456 ἀρέσκει
1380 2400 1467 2439 Gal.
1487 2401 1498 2447 )

1665 2524 1757 2575 Κεφ.
1792 2522 1828 2563 ι’.

1535 2641 1610 2683 Περὶ
1630 2640 1739 2682 ἀρετῆς
1757 2639 1812 2672 καὶ
1835 2638 1960 2675 κακίας.

1276 2740 1323 2781 Οἱ
1343 2737 1380 2779 δὲ
1398 2738 1479 2793 περὶ
1498 2741 1559 2785 τῆς
1577 2739 1701 2790 ἀρετῆς
1721 2735 1782 2776 καὶ
1798 2735 1924 2781 κακίας
1938 2735 2034 2787 λόγοι
2048 2739 2062 2757 ⁰
2078 2734 2183 2773 πάλιν
2206 2737 2272 2773 τῶν

1223 2799 1305 2852 περὶ
1343 2801 1459 2854 ψυχῆς
1481 2796 1634 2838 δέονται.
1671 2798 1746 2845 Τῆς
1767 2795 1836 2849 γὰρ
1864 2794 1991 2847 ἀλόγου
2013 2793 2132 2843 ἰούσης
2152 2796 2200 2839 εἷς
2232 2794 2275 2833 τὰ

1223 2858 1374 2912 σώματα
1399 2857 1460 2897 καὶ
1480 2856 1589 2908 θυμὸν
1618 2854 1718 2901 εὖθὺς
1739 2854 1800 2894 καὶ
1824 2854 2012 2907 ἐπιθυμίαν
2033 2854 2201 2902 ποιούσης
2215 2884 2226 2903 ,
2250 2857 2272 2902 ἡ

1222 2916 1349 2970 λογικὴ
1380 2916 1514 2962 τούτοις
1536 2917 1749 2969 ἐφεστηκυῖα
1770 2917 1917 2968 τριμερῆ
1937 2916 2032 2954 ποιεῖ
2049 2913 2112 2961 τὴν
2133 2913 2273 2967 ψυχήν,

1225 2980 1265 3017 ἐκ
1284 2976 1391 3029 λόγου
1411 2975 1471 3016 καὶ
1500 2978 1613 3029 θυμοῦ
1634 2975 1694 3014 καὶ
1725 2973 1926 3025 ἐπιθυμίας.
1952 2971 2073 3025 Ἀρετὴ
2105 2972 2141 3011 δὲ
2169 2972 2275 3026 λόγου

1226 3037 1290 3090 μὲν
1313 3036 1478 3091 φρόνησις
1494 3035 1531 3086 ¹³,
1549 3038 1659 3086 θυμοῦ
1681 3034 1717 3075 δὲ
1735 3033 1876 3087 ἀνδρεία
1892 3039 1929 3084 ⁰,
1947 3031 2134 3083 ἐπιθυμίας
2155 3032 2190 3070 δὲ
2207 3047 2276 3071 σω-

1227 3095 1381 3151 φροσύνη
1397 3095 1430 3144 ⁶,
1451 3094 1534 3143 ὅλης
1563 3093 1598 3134 δὲ
1618 3097 1681 3143 τ’ἠς
1709 3096 1823 3148 ψυχῆς
1845 3093 2048 3139 δικαιοσύνη
2080 3097 2109 3132 ⁰.
2129 3095 2194 3132 Δεῖ
2209 3092 2276 3145 γὰρ

1228 3247 1347 3280 naret?
1363 3245 1429 3285 Qui
1450 3245 1490 3279 fit
1503 3245 1603 3278 etiam
1615 3269 1624 3286 ‚
1642 3246 1681 3277 ut
1696 3243 1806 3276 omnia
1820 3243 1913 3284 alicuj
1920 3253 1957 3275 us
1973 3242 2021 3275 rei
2038 3251 2138 3275 causa
2159 3242 2277 3284 produ-

1227 3307 1355 3348 cantur,
1373 3305 1466 3340 verbi
1485 3313 1586 3338 causa
1603 3304 1711 3337 anima
1724 3302 1939 3345 irrationalis,
1956 3304 1994 3336 ut
2014 3311 2128 3336 sensus
2147 3301 2207 3340 sit,
2227 3309 2277 3332 ra-

1226 3367 1370 3409 tionalis,
1383 3368 1423 3400 ut
1438 3368 1526 3400 terra
1542 3367 1700 3399 ornetur?
1714 3365 1800 3403 Quin
1814 3364 1912 3398 etiam
1925 3373 1943 3397 e
1959 3372 2069 3396 rerum
2083 3361 2279 3395 naturalium

155 3443 302 3477 neotum
316 3437 555 3483 providentiam
577 3436 611 3470 et
629 3444 669 3468 ex
690 3434 742 3467 his
761 3432 912 3473 colligere
935 3429 1023 3462 licet.
1069 3427 1164 3461 Unde
1228 3435 1307 3460 cura
1326 3425 1465 3469 intelligi
1485 3426 1606 3469 potest.
1652 3425 1782 3467 Quippe
1800 3426 1872 3457 tum
1888 3423 1974 3457 oculi
1993 3421 2146 3465 pellucidi
2165 3420 2206 3453 ad
2224 3418 2279 3453 vi-

118 3500 207 3535 enim
227 3496 350 3533 mundo
366 3496 557 3530 nasceretus
585 3493 686 3534 ordo,
708 3491 735 3525 si
754 3490 835 3525 nihil
856 3491 944 3524 esset
968 3487 1053 3530 quod
1075 3485 1166 3519 ordi-

1230 3485 1375 3520 denduin
1407 3485 1518 3520 effecti
1549 3486 1643 3525 sunt,
1663 3485 1735 3518 tum
1765 3493 1862 3517 nares
1889 3491 1987 3524 super
2016 3490 2053 3514 os
2075 3480 2213 3521 locatae,
2241 3481 2281 3511 ut
