2528 3788
335 193 391 236 34

332 285 381 323 ad
418 284 537 324 animi
565 287 756 335 actiones,
779 287 1000 336 facultates,
1023 289 1246 330 affectiones
1278 305 1367 344 spe-

332 352 433 382 ctant
445 374 456 393 ,
475 344 692 396 cujusmodi
708 354 765 384 est
784 347 1065 396 elegantissima
1079 349 1147 388 illa
1161 350 1209 389 de
1229 351 1369 390 Amore

333 413 354 439 e
373 401 497 454 Poro,
521 402 744 441 divitiarum
770 403 843 442 deo
857 435 865 451 ‚
893 414 930 444 et
949 406 1093 456 Penia,
1122 408 1163 446 id
1184 417 1241 448 est
1265 423 1367 462 pau-

332 469 501 511 pertate,
535 470 646 510 nato,
678 462 818 500 tradita
849 477 870 501 a
889 464 1047 505 Platone
1075 466 1250 519 Sympos.
1280 484 1364 521 cap.

329 519 477 567 XXIII,
501 521 693 573 explicata
720 535 742 560 a
762 523 918 563 Plotino
949 525 1117 566 Ennead.
1146 526 1204 564 111
1230 528 1297 568 lib.
1318 530 1367 568 VI

327 591 410 629 cap.
440 579 510 618 IX.
534 600 586 609 —
615 578 632 603 ‘¹
660 581 692 619 οἱ
713 581 899 633 Αἰγύπτιοι
930 583 973 621 δι’
1005 585 1231 625 ἀπαιδευσίαν
1263 588 1367 640 ἐχρή-

326 637 456 690 σαντο]
479 637 565 678 Vid.
586 638 797 678 Eusebium
818 641 943 693 Praep.
965 642 1112 694 Evang.
1142 644 1211 683 lib.
1235 646 1253 684 Ι
1278 661 1362 700 cap.

324 709 369 745 9,
385 697 477 735 item
498 697 568 736 lib.
594 697 629 735 II
653 711 737 749 cap.
763 714 807 737 12
835 709 872 738 et
890 700 960 741 lib.
984 702 1018 741 V
1039 716 1123 754 cap.
1146 704 1192 752 3;
1215 704 1363 744 Macro-

268 758 270 761 '
321 753 431 792 bium
452 754 469 792 1
491 754 567 793 Sat.
597 769 679 807 cap.
701 771 772 806 213
797 758 1049 798 Plutarchum
1069 760 1176 800 libro
1196 762 1244 800 de
1262 762 1365 804 Iside

322 821 360 851 et
391 814 546 852 Osiride
577 823 615 853 et
647 815 854 867 Synesium
887 818 989 856 libro
1022 819 1069 858 de
1099 821 1358 871 providentia.

321 870 405 909 Huc
436 873 603 923 pertinet
631 875 745 913 etiam
777 875 981 915 Iamblichi
1016 878 1125 917 loeus
1162 879 1209 918 de
1250 881 1362 933 Myst.

321 943 440 980 segm.
462 931 531 969 Vll
547 945 631 984 cap.
656 948 671 971 1
692 927 783 973 οῧτοι
800 934 862 982 τὴν
884 934 984 989 φύσιν
1004 939 1062 974 τοῦ
1079 938 1204 983 παντὸς
1221 941 1279 979 καὶ
1300 940 1361 988 τὴν

320 989 548 1042 δημιουργίαν
572 991 803 1044 μιμούμενοι,
826 994 886 1032 καὶ
909 994 1005 1034 αὐτοὶ
1027 995 1038 1048 (
1056 996 1268 1052 Αἰγύπτιοι)
1291 1002 1360 1039 τῶν

320 1053 499 1098 μυστικῶν
525 1050 586 1089 καὶ
607 1052 927 1106 ἀποκεκρυμμένων
949 1053 1009 1092 καὶ
1039 1055 1180 1108 ἀφανῶν
1207 1058 1359 1107 νοήσεων

318 1106 453 1152 εἰκόνας
485 1109 581 1154 τινὰς
603 1110 659 1148 διὰ
688 1111 876 1162 συμὸόλων
899 1112 1118 1165 ἐκφαίνουσιν
1130 1143 1143 1161 ,
1162 1113 1281 1169 ὥσπερ
1300 1117 1359 1156 καὶ

317 1166 339 1211 ἡ
361 1165 461 1218 φύσις
479 1172 548 1210 τοῖς
571 1168 756 1221 ε’μφανέσιν
778 1170 884 1209 εἴδεσι
903 1170 982 1216 τοὺς
1003 1174 1143 1225 ἀφανεῖς
1163 1173 1285 1225 λόγους
1304 1176 1359 1215 διὰ

318 1224 503 1276 συμὸόλων
526 1227 654 1278 τρόπον
681 1228 758 1268 τινὰ
782 1230 1050 1270 ἀνετυπώσατο·
1071 1234 1093 1279 ἡ
1126 1229 1163 1270 δὲ
1182 1235 1251 1271 τῶν
1273 1236 1358 1273 θεῶν

317 1285 528 1337 δημιουργία
548 1285 611 1332 τὴν
633 1286 799 1334 ἀλήθειαν
820 1291 888 1327 τῶν
913 1290 1013 1328 ἰδεῶν
1033 1289 1090 1328 διὰ
1113 1292 1182 1330 τῶν
1201 1295 1357 1344 φανερῶν

314 1342 455 1382 εἰκόνων
478 1344 718 1398 ὑπεγράψατο,
740 1351 820 1376 -θ
850 1346 940 1401 γῆν]
963 1348 989 1389 i.
1009 1361 1041 1388 e.
1068 1347 1132 1397 τὴν
1162 1348 1353 1400 Αἴγυπτον.

313 1402 389 1431 —t
407 1401 447 1441 τὸ
470 1402 595 1455 ὑγρόν]
623 1404 649 1443 i.
680 1418 713 1444 e.
743 1404 802 1443 τὸν
823 1407 962 1447 Νεῖλον.
988 1428 1041 1437 —-
1069 1411 1087 1437 8
1103 1407 1286 1459 καρποὺς]
1304 1411 1352 1451 cf.

314 1461 508 1499 Cornutus
526 1461 669 1512 deluat.
687 1463 795 1501 deor.
810 1477 893 1515 cap.
913 1466 962 1502 28
977 1474 1014 1503 et
1038 1466 1279 1516 Porphyrius
1294 1481 1353 1518 ap.

312 1518 453 1558 Euseb.
474 1520 598 1571 Praep.
616 1521 765 1570 Evang.
789 1522 846 1559 111
864 1536 948 1574 cap.
972 1537 1030 1561 11.
1045 1525 1127 1552 —¹¹
1142 1527 1173 1562 οἱ
1197 1523 1259 1573 μὲν
1283 1529 1353 1564 θεο-

309 1576 442 1627 λογικοὶ
458 1578 670 1632 φιλοσόφοις]
686 1580 848 1618 Proclus
862 1581 978 1620 theol.
993 1581 1090 1620 Plat.
1106 1582 1178 1623 lib.
1197 1584 1214 1622 I
1229 1597 1311 1634 cap.
1333 1590 1353 1629 4

312 1637 380 1674 τῶν
400 1636 436 1674 δέ
456 1652 495 1688 γε
517 1639 678 1676 παλαιῶν
708 1639 863 1686 ποιητῶν
885 1639 1139 1692 τραγικώτερον
1161 1641 1354 1679 συντιθέναι

251 1730 253 1732 ,
310 1695 372 1738 τὰς
397 1694 475 1746 περὶ
497 1698 563 1734 τῶν
586 1699 670 1734 θεῶν
697 1698 913 1750 ἀπορρήτους
944 1697 1121 1750 θεολογίας
1143 1698 1327 1744 ἀξιούντων
1343 1731 1353 1751 ,

311 1755 370 1793 καὶ
390 1754 447 1792 διὰ
469 1757 570 1793 τοῦτο
588 1756 722 1800 πλάνας
747 1759 832 1795 θεῶν
861 1757 920 1795 καὶ
943 1757 1072 1807 τομάς,
1093 1757 1153 1796 καὶ
1182 1759 1353 1809 πολέμους

312 1813 371 1851 καὶ
406 1813 654 1865 σπαραγμούς,
692 1814 753 1852 καὶ
789 1814 951 1867 ἁρπαγὰς
986 1816 1046 1853 καὶ
1082 1816 1262 1867 μοιχείας,
1293 1818 1352 1855 καὶ

312 1871 427 1910 πολλὰ
449 1871 539 1910 ἄλλα
559 1874 704 1911 τοιαῦτα
726 1872 887 1923 σύμὸολα
907 1873 1123 1923 ποιουμένων
1143 1877 1205 1921 τῆς
1226 1876 1351 1914 ἀποκε-

250 1946 259 1953 ·
314 1929 514 1982 κρυμμένης
535 1932 616 1983 παρ’
640 1932 747 1978 αὐτῆς
770 1935 851 1983 περὶ
871 1934 939 1970 τῶν
961 1931 1060 1971 θείων
1085 1933 1272 1982 ἀληθείας,
1294 1933 1351 1972 τὸν

314 1996 376 2045 μὲν
397 1999 548 2033 τοιοῦτον
577 1994 704 2047 τρόπον
725 1998 786 2042 τῆς
809 1995 1015 2046 μυθολογίας
1041 2000 1059 2035 ὁ
1078 1996 1231 2035 Πλάτων
1255 2000 1350 2036 ἀπο-

311 2054 536 2105 σκευάζεται,
566 2054 625 2092 καὶ
656 2055 740 2106 πρὸς
761 2053 921 2093 παιδείαν
950 2048 1038 2092 εἷναί
1065 2069 1148 2106 φησι
1171 2056 1350 2101 παντελῶς

311 2111 604 2164 ἀλλοτριώτατον.
642 2113 891 2165 Πιθανώτερον
912 2113 949 2152 δὲ
981 2113 1042 2151 καὶ
1069 2112 1154 2165 πρὸς
1186 2113 1350 2160 ἀλήθειαν

308 2171 367 2209 καὶ
387 2171 572 2223 φιλόσοφον
583 2170 657 2216 ’ἕξιν
673 2171 880 2224 οἰκειότερον
898 2171 1060 2210 πλάττων
1076 2171 1350 2224 παρακελεύεται

309 2227 388 2272 τοὺς
407 2228 488 2280 περὶ
508 2231 576 2266 τῶν
607 2231 691 2267 θεῶν
711 2229 833 2281 λόγους
855 2231 889 2268 ἐν
913 2229 1029 2280 μύθων
1060 2229 1243 2282 σχήμασι,
1264 2230 1349 2268 πάν-

309 2302 377 2325 των
399 2285 460 2338 μὲν
483 2289 619 2339 ἀγαθῶν
641 2288 680 2326 τὸ
701 2290 790 2327 θεῖον
813 2288 1058 2340 αἰτιωμένους,
1078 2292 1188 2327 κακοῦ
1208 2288 1243 2327 δὲ
1260 2289 1352 2327 οὐδε-

310 2345 388 2398 νός,
412 2345 613 2397 μεταὸολῆς
631 2346 695 2398 μὲν
717 2347 856 2396 ἁπάσης
879 2347 1023 2401 ἄμοιρον
1036 2376 1046 2395 ,
1065 2346 1118 2386 ἀεὶ
1139 2347 1175 2386 δὲ
1192 2347 1253 2394 τὴν
1269 2349 1350 2386 ἑαυ-

310 2407 369 2442 τοῦ
400 2403 494 2449 τάξιν
528 2404 699 2457 ἄτρεπτον
730 2406 962 2460 διαφυλάττον
978 2437 987 2455 ,
1011 2405 1069 2444 καὶ
1091 2408 1151 2453 τ’ἥς
1174 2405 1237 2457 μὲν
1261 2407 1346 2453 ἀλη-

311 2462 402 2507 θείας
423 2464 457 2501 siv
491 2465 605 2516 ἑαυτῷ
629 2463 691 2511 τὴν
722 2464 840 2516 πηγὴν
873 2463 1127 2518 προσειληφός,
1159 2464 1295 2512 ἀπάτης
1316 2465 1351 2503 δὲ

312 2520 473 2571 οὐδεμιᾶς
494 2521 609 2566 ἄλλοις
630 2523 739 2561 αἴτιον
761 2523 953 2575 γινόμενον.
971 2522 1158 2567 Τοιούτους
1178 2522 1245 2575 γὰρ
1265 2527 1348 2574 ἡμῖν

312 2580 487 2631 θεολογίας
501 2579 630 2625 τύπους
646 2583 664 2619 ὃ
680 2582 714 2619 ἐν
732 2582 898 2635 Πολιτείᾳ
921 2583 1112 2634 Σωκράτης
1129 2581 1345 2636 ὑφηγήσατο.

310 2638 386 2669 —i
402 2641 433 2677 οἱ
454 2638 490 2676 δὲ
516 2639 656 2691 φυσικοὶ
672 2640 732 2678 καὶ
751 2641 894 2694 ψυχικοὶ
908 2642 1091 2692 ποιηταῖς]
1112 2641 1208 2679 Vide
1229 2641 1350 2679 Hera-

311 2698 445 2736 clitum
462 2698 504 2736 in
518 2698 642 2748 Alleg.
657 2700 829 2747 Homer.;
844 2699 1052 2738 Eusebium
1066 2700 1138 2740 lib.
1155 2699 1211 2739 ΙΙΙ
1225 2700 1349 2751 Praep.

310 2756 457 2806 Evang.
485 2770 569 2807 cap.
605 2757 625 2793 3
646 2770 752 2808 seqq.
780 2767 817 2795 et
839 2758 1099 2807 Augustinum
1121 2758 1169 2796 de
1187 2758 1265 2797 civ.
1287 2758 1350 2795 dei

311 2815 385 2855 lib.
412 2815 463 2853 Vl
489 2829 574 2866 cap.
606 2816 644 2855 8.
671 2836 724 2846 ·-—
740 2820 759 2844 k
778 2816 867 2854 vid.
893 2817 1094 2856 lamblich.
1124 2819 1171 2856 de
1189 2826 1348 2869 myster.

310 2886 430 2923 segni.
450 2872 482 2911 V
499 2886 584 2925 cap.
602 2875 650 2912 23
668 2888 709 2926 p.
735 2877 819 2913 136.
834 2874 908 2904 —¹
928 2875 992 2923 τὴν
1012 2875 1145 2928 μητέρα
1160 2878 1228 2914 τῶν
1247 2874 1347 2929 θεῶν]

310 2932 369 2971 Cf.
399 2931 580 2970 Julianus
611 2933 829 2984 Imperator
857 2942 956 2973 orat.
975 2934 1005 2971 V
1026 2934 1067 2972 in
1087 2934 1247 2972 deorum
1268 2948 1350 2972 ma-

310 2998 407 3029 trem
425 3005 465 3042 p.
487 2991 560 3028 302
575 3024 584 3042 ‚
604 2992 799 3030 Arnobius
815 2992 888 3031 lib.
906 2993 941 3032 V
958 3006 1043 3044 cap.
1066 2994 1089 3030 6
1104 3006 1213 3044 seqq.
1235 3002 1269 3031 et
1281 2992 1352 3031 Da-

756 3188 834 3228 Cap.
859 3190 898 3219 V.

698 3275 738 3302 Dc
752 3272 849 3309 prima
862 3280 965 3303 causa.

351 3343 504 3385 Sequitur
519 3343 674 3385 posthac,
693 3345 729 3376 ut
745 3343 885 3385 primam
901 3352 1032 3376 causam
1055 3345 1089 3378 et
1113 3345 1347 3386 subsequentes
1408 3351 1443 3383 in
1471 3351 1630 3384 mundum
1657 3349 1870 3392 irrepserint,
1905 3349 2088 3382 videamus.
2130 3349 2256 3381 Horum
2287 3347 2447 3390 quidlibet
2470 3371 2472 3374 -
2518 3391 2522 3394 ἡ

1408 3409 1522 3442 multis
1541 3412 1574 3443 et
1590 3409 1694 3452 longis
1713 3408 1917 3442 sermonibus
1935 3407 2079 3448 indiget,
2094 3406 2154 3440 sed
2168 3408 2206 3440 ut
2222 3406 2336 3449 paucis
2354 3406 2444 3440 dica-
2507 3407 2511 3412 '

309 3403 446 3437 deorum
478 3401 609 3435 ordines
644 3411 896 3442 cognoscamus,
926 3403 997 3435 tum
1029 3403 1142 3436 mundi
1177 3407 1327 3439 naturam

1275 199 1538 246 S'ALLUSTu

1429 293 1596 331 mascius
1612 293 1654 331 in
1668 294 1751 331 vita
1765 293 1907 331 Isidori
1925 306 1983 345 ap.
2000 294 2179 333 Photium
2201 308 2286 346 pag.
2306 294 2395 344 573.
2409 314 2466 327 ·—·
2523 298 2528 346 j

1431 353 1459 373 ¹¹¹
1481 349 1713 405 δημιουργός]
1729 351 1785 390 Cf.
1802 351 2046 402 Porphyrius
2059 365 2119 404 ap.
2141 351 2279 392 Euseb.
2296 353 2366 394 lib.
2388 352 2447 394 111

1429 410 1555 462 Praep.
1575 412 1724 461 Evang.
1745 423 1828 462 cap.
1848 409 1902 448 XI
1917 423 2002 462 pag.
2023 425 2094 449 1-10
2112 420 2149 450 et
2164 412 2388 452 Damascius
2399 425 2460 464 ap.

1431 468 1544 508 Phot.
1574 469 1674 507 Bibl.
1702 482 1740 521 p.
1768 475 1877 517 1074.
1897 490 1949 498 —
1974 473 1992 491 ¹¹
2020 471 2145 522 σῶμα]
2171 470 2392 510 Macrobius
2419 471 2462 509 in

1429 525 1562 568 Somn.
1584 526 1692 579 Scip.
1714 526 1755 575 1,
1785 541 1846 568 12.
1877 527 1976 566 Hinc
1996 537 2032 565 et
2049 528 2290 580 Pythagoras
2309 537 2418 581 putat
2441 542 2462 567 a

1428 584 1548 623 lacteo
1565 585 1712 623 circulo
1726 585 1905 624 deorsum
1927 586 2100 637 incipere
2116 587 2218 626 Ditis
2239 588 2459 640 imperium,

1427 644 1519 692 quia
1540 645 1678 683 animae
1698 645 1790 683 inde
1812 645 1925 696 lapsae
1946 645 2129 685 videntur
2147 645 2228 697 jam
2259 659 2281 684 a
2312 647 2462 698 superis

1427 703 1649 749 recessisse,
1669 703 1759 741 ideo
1793 703 1959 755 primam
1982 705 2230 744 nascentibus
2251 703 2387 743 offerri
2408 705 2461 743 ait

1423 757 1535 798 lactis
1554 760 1797 810 alimoniam
1815 761 1909 812 quia
1921 763 2071 813 primus
2086 764 2140 801 eis
2157 772 2281 802 motus
2299 775 2321 801 e
2341 762 2461 801 lacteo

1424 817 1571 857 circulo
1592 819 1724 871 incipit
1756 820 1799 859 in
1821 834 1985 872 corpora
2005 829 2158 861 terrena
2177 820 2458 861 delabentibus.

1424 875 1536 914 Unde
1556 885 1593 915 et
1613 877 1789 929 Scipioni
1811 878 1964 930 (Somn.
1991 879 2095 931 Scip.
2131 894 2217 933 cap.
2243 879 2288 932 3)
2310 880 2359 919 de
2377 880 2460 918 ani-

1423 937 1497 975 mis
1529 936 1731 975 beatorum
1755 945 1909 975 ostenso
1932 938 2052 976 lacteo
2075 938 2219 977 dictum
2239 947 2297 978 est
2321 951 2331 978 z
2360 938 2460 976 Hinc

1422 996 1587 1047 profecti
1607 996 1683 1034 huc
1715 1004 1972 1038 revertentur.
1997 997 2236 1049 Porphyrius
2268 997 2316 1036 de
2347 1005 2459 1036 antro

1421 1055 1581 1106 nymph.
1607 1055 1716 1105 δῆμος
1735 1054 1771 1093 δὲ
1793 1054 1932 1108 ὀνείρων
1949 1055 2040 1095 κατὰ
2059 1056 2268 1110 Πυθαγόραν
2282 1057 2318 1095 αἱ
2333 1055 2458 1110 ψυχαί,

1421 1114 1460 1159 ἃς
1481 1114 1689 1166 συνάγεσθαί
1711 1129 1813 1166 φασιν
1832 1115 1881 1159 εἰς
1897 1115 1954 1154 τὸν
1974 1114 2141 1167 γαλαξίαν
2162 1114 2220 1154 τὸν
2241 1113 2331 1154 οὕτω
2349 1129 2457 1167 προσ·

1420 1173 1668 1227 αγορευόμενον
1690 1172 1758 1211 ἀπὸ
1784 1174 1853 1211 τῶν
1874 1173 2023 1224 γάλακτι
2052 1173 2270 1226 τρεφομένων
2283 1203 2294 1223 ,
2313 1172 2392 1211 ὅταν
2412 1173 2459 1217 εἰς

1418 1231 1550 1283 γε’νεσιν
1580 1230 1747 1271 πέσωσιν.
1780 1253 1832 1261 -
1861 1239 1876 1254 ⁰
1908 1230 2031 1285 πῖλος]
2053 1234 2182 1270 Gestat
2209 1240 2247 1270 et
2265 1231 2457 1270 Vulcanus

1418 1290 1565 1341 pileum
1582 1291 1805 1337 caeruleum,
1822 1291 1913 1341 puri
1927 1299 1964 1328 et
1977 1291 2145 1329 coelestis
2163 1290 2266 1341 ignis
2287 1289 2454 1340 signum,

1418 1356 1460 1384 ut
1490 1356 1597 1385 notat
1622 1348 1861 1399 Porphyrius
1887 1361 1948 1399 ap.
1981 1347 2121 1387 Euseb.
2144 1348 2274 1400 Praep.
2305 1347 2452 1399 Evang.

1418 1405 1485 1442 lib.
1513 1405 1569 1442 III
1593 1418 1674 1456 cap.
1697 1405 1749 1442 XI
1780 1420 1820 1457 p.
1846 1420 1934 1447 112.
1969 1427 2022 1436 —
2056 1415 2074 1439 Ρ
2104 1405 2144 1444 τὸ
2164 1405 2343 1458 γινόμενον
2378 1408 2455 1460 ῥεῖ]

1417 1462 1594 1501 Plotinus
1617 1464 1787 1501 Ennead.
1814 1463 1850 1502 II
1870 1463 1940 1501 lib.
1966 1462 1982 1500 1
2004 1477 2088 1515 cap.
2113 1478 2135 1502 2
2156 1478 2194 1516 p.
2217 1478 2266 1515 97
2290 1465 2359 1516 qui
2378 1465 2455 1504 He-

1417 1521 1594 1559 raclitum
1612 1522 1801 1571 dogmatis
1818 1530 2011 1560 auctorem
2028 1522 2133 1562 citat.
2151 1543 2204 1553 ·—
2218 1527 2238 1553 ’ἶ
2252 1525 2377 1571 στῆναι
2391 1523 2455 1571 τὴν

1416 1578 1577 1630 γένεσιν]
1597 1579 1693 1617 Vide
1721 1578 1934 1618 Cornutum
1965 1580 2013 1618 de
2040 1589 2120 1618 nat.
2143 1580 2251 1621 deor.
2274 1593 2360 1630 cap.
2383 1581 2454 1622 Vl.

1414 1657 1467 1666 —
1487 1641 1500 1659 ¹·
1516 1635 1550 1681 ἐξ
1566 1638 1740 1689 οὐρανοῦ]
1760 1637 1844 1676 Vid.
1865 1637 2085 1689 Empedocl.
2103 1652 2160 1678 vs.
2185 1652 2273 1677 1-10
2292 1639 2334 1677 in
2354 1639 2454 1678 Phil.

1416 1695 1485 1733 Gr.
1504 1695 1656 1746 Fragm.
1674 1696 1757 1736 vol.
1777 1696 1794 1734 Ι
1811 1710 1901 1748 pag.
1929 1710 1960 1736 1.
1979 1717 2032 1726 —
2052 1700 2065 1718 ⁸
2080 1695 2204 1750 σίτου]
2228 1697 2285 1737 Cf.
2309 1697 2454 1736 Cornu—

1418 1762 1480 1792 tus
1509 1754 1557 1791 de
1578 1763 1654 1792 nat.
1678 1755 1785 1794 deor.
1821 1768 1904 1806 cap.
1933 1756 1998 1794 28.
2031 1755 2117 1793 Vid.
2149 1756 2376 1795 Boissonad.
2405 1757 2453 1795 ad

1413 1811 1556 1850 Marini
1577 1813 1697 1850 vitam
1715 1813 1844 1851 Procli
1859 1827 1898 1864 p.
1926 1813 1996 1850 105
2016 1827 2096 1865 seq·
2116 1822 2154 1852 et
2168 1814 2288 1852 Orell.
2305 1815 2354 1853 ad
2376 1817 2454 1854 Ar·-

1413 1869 1503 1907 nob.
1521 1869 1592 1909 lib.
1614 1870 1645 1907 V
1668 1884 1752 1922 cap.
1785 1873 1831 1910 16
1854 1880 1944 1909 tom.
1963 1871 1999 1909 II
2029 1886 2065 1923 p.
2094 1886 2185 1923 297.
2207 1894 2260 1903 —
2281 1875 2294 1898 ²
2313 1874 2451 1925 τομαί]

1414 1928 1518 1966 festis
1546 1929 1691 1979 Magnae
1723 1930 1857 1968 matris
1884 1938 1921 1967 et
1945 1930 2086 1968 Attidis
2118 1930 2254 1969 diebus
2275 1931 2390 1983 pinus
2413 1932 2451 1970 in

1413 1986 1524 2025 silvis
1550 1988 1678 2025 excisa
1709 1988 1947 2026 inferebatur
1968 1988 2010 2025 in
2040 1987 2206 2039 Cybeles
2235 1990 2447 2028 saci-atium

1413 2053 1506 2082 teste
1521 2044 1679 2083 Juliano
1694 2046 1801 2085 Orat.
1823 2046 1867 2094 V,
1885 2060 1923 2097 p.
1953 2046 2041 2085 168.
2064 2067 2117 2075 —
2137 2051 2156 2070 ¹¹
2176 2045 2360 2100 στέφανοι]
2388 2048 2448 2086 Cf.

1412 2103 1608 2141 Arnobius
1636 2104 1706 2142 lib.
1736 2102 1766 2141 V
1795 2118 1877 2155 cap.
1913 2105 1973 2144 16.
2007 2125 2060 2134 ·—
2084 2109 2102 2128 v
2129 2104 2273 2156 καιρός]
2308 2105 2450 2144 hilaria

1414 2175 1543 2200 mense
1559 2162 1698 2200 Martio
1715 2162 2026 2202 celebrabantur.
2044 2162 2132 2202 vid.
2147 2162 2287 2214 interp.
2309 2163 2357 2202 ad
2378 2164 2450 2202 Ar-

1412 2220 1504 2259 nob.
1527 2221 1554 2260 l.
1574 2235 1608 2259 c.
1624 2241 1677 2250 ·—
1696 2227 1711 2244 ¹
1732 2220 1919 2272 γενέσθαι]
1953 2221 2123 2261 Joannes
2151 2220 2283 2272 Lydus
2302 2236 2340 2274 p.
2377 2223 2448 2260 123

1412 2293 1492 2330 seq.
1524 2279 1599 2317 hoc
1620 2280 1755 2318 festum
1774 2293 1808 2320 a.
1830 2280 1868 2318 d.
1889 2279 1939 2316 VI
1958 2280 2060 2320 Non.
2082 2280 2168 2319 Oct.
2192 2282 2314 2332 ponit.
2336 2281 2451 2319 Caete-

1412 2351 1498 2376 rum
1518 2338 1762 2390 Porphyrius
1784 2339 1886 2389 apud
1917 2337 2126 2377 Eusebium
2147 2338 2272 2390 Praep.
2300 2339 2448 2389 Evang.

1414 2397 1483 2437 lib.
1502 2397 1558 2435 111
1580 2411 1664 2448 cap.
1682 2396 1735 2434 XI
1757 2410 1835 2434 non
1854 2397 1902 2434 de
1923 2397 2141 2435 animorum
2156 2397 2364 2446 descensu,
2382 2398 2450 2437 sed

1413 2456 1460 2494 de
1481 2456 1698 2495 seminibus
1725 2465 1840 2494 terrae
1864 2455 2054 2494 mandatis
2081 2456 2262 2508 explicat.
2295 2478 2348 2486 —
2367 2461 2385 2486 δ’
2413 2459 2450 2496 αἱ

1414 2514 1525 2567 ψυχαὶ
1542 2513 1627 2567 ἵλεῳ
1649 2512 1822 2567 γένοιντο]
1843 2514 1983 2553 Poetas
2001 2515 2186 2565 intelligit
2205 2515 2342 2554 divino
2367 2515 2451 2567 spi-

1413 2575 1492 2612 ritu
1512 2574 1731 2613 instinctos.
1757 2572 1817 2612 Cf.
1837 2586 1920 2624 cap.
1939 2572 2043 2611 XVII
2060 2572 2190 2612 finem.
2208 2573 2289 2626 —)

1851 2684 1940 2734 Κεφ.
1972 2682 2009 2720 ε’.

1720 2793 1794 2834 Περὶ
1811 2796 1866 2830 τῆς
1885 2792 2007 2833 πρώτης
2018 2793 2138 2828 αἰτίας.

1468 2873 1666 2913 Ἀκόλουθον
1700 2873 1736 2911 δὲ
1765 2873 1899 2917 τούτοις
1927 2872 2002 2911 ἐστὶ
2023 2873 2086 2920 τήν
2106 2888 2144 2911 τε
2164 2872 2307 2925 πρώτην
2330 2873 2446 2913 αἰτίαν

1414 2932 1540 2972 εἰδέναι
1552 2963 1564 2983 ,
1583 2932 1641 2971 καὶ
1657 2931 1719 2977 τὰς
1733 2931 1808 2984 μετ’
1822 2931 1954 2979 ἐκείνην
1969 2930 2081 2976 τάξεις
2097 2933 2165 2970 τῶν
2181 2932 2286 2981 θεῶν,
2300 2932 2358 2971 καὶ
2375 2932 2440 2981 τὴν

1415 2993 1546 3043 κόσμου
1565 2991 1665 3045 φύσιν
1680 3021 1691 3043 ,
1709 2994 1767 3030 νοῧ
1783 3006 1821 3029 τε
1837 2989 1895 3029 καὶ
1918 2992 2032 3044 ψυχῆς
2052 2989 2113 3034 τὰς
2129 2989 2265 3039 οὐσίας,
2285 2990 2447 3045 πρόνοιάν

1409 3175 1529 3208 mentis
1544 3175 1705 3215 animique
1732 3173 1946 3207 substantiam
1959 3199 1966 3212 ‚
1990 3173 2107 3206 deinde
2124 3172 2375 3215 providentiam,
2396 3173 2445 3205 sa-

1409 3234 1482 3267 tum
1499 3236 1533 3266 et
1553 3234 1716 3266 fortunam
1729 3258 1737 3273 ,
1764 3233 1920 3265 virtutem
1949 3234 1983 3264 et
2001 3231 2116 3264 vitium
2138 3233 2296 3273 natasque
2316 3239 2356 3264 ex
2384 3230 2447 3264 illis

1409 3294 1515 3325 rectas
1530 3294 1564 3325 et
1580 3301 1698 3334 pravas
1713 3291 1883 3324 civitatum
1904 3291 2024 3322 formas
2036 3315 2044 3330 ‚
2061 3291 2095 3322 et
2110 3289 2198 3322 unde
2213 3288 2344 3323 tandem
2360 3289 2447 3322 mala
