<?xml version="1.0" encoding="UTF-8"?>
<!DOCTYPE html PUBLIC "-//W3C//DTD XHTML 1.0 Transitional//EN"
    "http://www.w3.org/TR/xhtml1/DTD/xhtml1-transitional.dtd">
<html xmlns="http://www.w3.org/1999/xhtml" xml:lang="en" lang="en">
 <head>
  <title>
</title>
<meta http-equiv="Content-Type" content="text/html;charset=utf-8" />
  <meta name='ocr-system' content='tesseract 3.04.00' />
  <meta name='ocr-capabilities' content='ocr_page ocr_carea ocr_par ocr_line ocrx_word'/>
</head>
<body>
  <div class='ocr_page' id='page_1' title='image "./fragmentaphiloso03mulluoft/fragmentaphiloso03mulluoft_0510.png"; bbox 0 0 2508 3776; ppageno 0'>
   <div class='ocr_carea' id='block_1_1' title="bbox 270 185 349 222">
    <p class='ocr_par' dir='ltr' id='par_1_1' title="bbox 270 185 349 222">
     <span class='ocr_line' id='line_1_1' title="bbox 270 185 349 222; baseline 0 0"><span class='ocrx_word' id='word_1_1' title='bbox 270 185 349 222; x_wconf 77' lang='lat'>494</span> 
     </span>
    </p>
   </div>
   <div class='ocr_carea' id='block_1_2' title="bbox 269 326 1307 500">
    <p class='ocr_par' dir='ltr' id='par_1_2' title="bbox 269 326 1307 500">
     <span class='ocr_line' id='line_1_2' title="bbox 269 326 1307 381; baseline 0.005 -15"><span class='ocrx_word' id='word_1_2' title='bbox 269 329 405 381; x_wconf 80' lang='grc' dir='ltr'>μάρπτε</span> <span class='ocrx_word' id='word_1_3' title='bbox 417 355 427 374; x_wconf 90' lang='grc'>,</span> <span class='ocrx_word' id='word_1_4' title='bbox 441 326 564 379; x_wconf 74' lang='grc' dir='ltr'>πικρὸν</span> <span class='ocrx_word' id='word_1_5' title='bbox 584 328 611 364; x_wconf 88' lang='grc' dir='ltr'>δ’</span> <span class='ocrx_word' id='word_1_6' title='bbox 630 326 687 366; x_wconf 78' lang='grc' dir='ltr'>ἐπὶ</span> <span class='ocrx_word' id='word_1_7' title='bbox 713 327 835 380; x_wconf 81' lang='grc' dir='ltr'>πικρὸν</span> <span class='ocrx_word' id='word_1_8' title='bbox 864 326 1005 380; x_wconf 82' lang='grc' dir='ltr'>ὄρουσεν</span> <span class='ocrx_word' id='word_1_9' title='bbox 1019 358 1030 380; x_wconf 95' lang='grc'>,</span> <span class='ocrx_word' id='word_1_10' title='bbox 1049 328 1108 375; x_wconf 79' lang='grc' dir='ltr'>ὀξὺ</span> <span class='ocrx_word' id='word_1_11' title='bbox 1129 330 1157 369; x_wconf 89' lang='grc' dir='ltr'>δ’</span> <span class='ocrx_word' id='word_1_12' title='bbox 1179 333 1232 370; x_wconf 85' lang='grc' dir='ltr'>ἐπ’</span> <span class='ocrx_word' id='word_1_13' title='bbox 1250 331 1307 377; x_wconf 78' lang='grc' dir='ltr'>ὀξὺ</span> 
     </span>
     <span class='ocr_line' id='line_1_3' title="bbox 274 385 1306 441; baseline 0.004 -15"><span class='ocrx_word' id='word_1_14' title='bbox 274 387 354 436; x_wconf 76' lang='grc' dir='ltr'>ἔὸη,</span> <span class='ocrx_word' id='word_1_15' title='bbox 383 385 506 438; x_wconf 84' lang='grc' dir='ltr'>θερμὸν</span> <span class='ocrx_word' id='word_1_16' title='bbox 529 386 558 423; x_wconf 85' lang='grc' dir='ltr'>δ’</span> <span class='ocrx_word' id='word_1_17' title='bbox 586 385 772 438; x_wconf 82' lang='grc' dir='ltr'>ἐποχεύετο</span> <span class='ocrx_word' id='word_1_18' title='bbox 791 389 918 440; x_wconf 84' lang='grc' dir='ltr'>θερμῷ.</span> <span class='ocrx_word' id='word_1_19' title='bbox 933 387 1010 417; x_wconf 69' lang='lat' dir='ltr'>-d</span> <span class='ocrx_word' id='word_1_20' title='bbox 1029 389 1076 441; x_wconf 86' lang='grc' dir='ltr'>ἡ]</span> <span class='ocrx_word' id='word_1_21' title='bbox 1104 390 1189 428; x_wconf 89' lang='lat' dir='ltr'>cod.</span> <span class='ocrx_word' id='word_1_22' title='bbox 1205 391 1241 438; x_wconf 78' lang='grc' dir='ltr'>ἢ</span> <span class='ocrx_word' id='word_1_23' title='bbox 1257 413 1306 420; x_wconf 89' lang='grc'>-</span> 
     </span>
     <span class='ocr_line' id='line_1_4' title="bbox 269 443 1263 500; baseline 0.006 -18"><span class='ocrx_word' id='word_1_24' title='bbox 269 451 282 467; x_wconf 75' lang='lat'>⁰</span> <span class='ocrx_word' id='word_1_25' title='bbox 298 444 329 492; x_wconf 80' lang='grc' dir='ltr'>ὅ,</span> <span class='ocrx_word' id='word_1_26' title='bbox 349 443 405 498; x_wconf 88' lang='grc' dir='ltr'>τι]</span> <span class='ocrx_word' id='word_1_27' title='bbox 423 445 507 483; x_wconf 88' lang='lat' dir='ltr'>cod.</span> <span class='ocrx_word' id='word_1_28' title='bbox 531 444 599 484; x_wconf 80' lang='grc' dir='ltr'>ὅτι.</span> <span class='ocrx_word' id='word_1_29' title='bbox 621 467 673 475; x_wconf 93' lang='grc'>-</span> <span class='ocrx_word' id='word_1_30' title='bbox 686 447 789 484; x_wconf 60' lang='grc' dir='ltr'>(καθ’</span> <span class='ocrx_word' id='word_1_31' title='bbox 809 445 907 500; x_wconf 85' lang='grc' dir='ltr'>ὅσον]</span> <span class='ocrx_word' id='word_1_32' title='bbox 926 447 1013 486; x_wconf 87' lang='lat' dir='ltr'>cod.</span> <span class='ocrx_word' id='word_1_33' title='bbox 1032 448 1191 488; x_wconf 82' lang='grc' dir='ltr'>καθόσον.</span> <span class='ocrx_word' id='word_1_34' title='bbox 1210 471 1263 480; x_wconf 91' lang='grc'><strong>-</strong></span> 
     </span>
    </p>
   </div>
   <div class='ocr_carea' id='block_1_3' title="bbox 703 573 871 627">
    <p class='ocr_par' dir='ltr' id='par_1_3' title="bbox 703 573 871 627">
     <span class='ocr_line' id='line_1_5' title="bbox 703 573 871 627; baseline 0 -14"><span class='ocrx_word' id='word_1_35' title='bbox 703 574 793 627; x_wconf 82' lang='grc' dir='ltr'>Κεφ.</span> <span class='ocrx_word' id='word_1_36' title='bbox 824 573 871 625; x_wconf 82' lang='grc' dir='ltr'>γ’.</span> 
     </span>
    </p>
   </div>
   <div class='ocr_carea' id='block_1_4' title="bbox 262 680 1301 774">
    <p class='ocr_par' dir='ltr' id='par_1_4' title="bbox 262 680 1301 774">
     <span class='ocr_line' id='line_1_6' title="bbox 262 680 1301 726; baseline 0.005 -14"><span class='ocrx_word' id='word_1_37' title='bbox 262 681 336 723; x_wconf 87' lang='grc' dir='ltr'>Περὶ</span> <span class='ocrx_word' id='word_1_38' title='bbox 351 685 405 720; x_wconf 87' lang='grc' dir='ltr'>τῆς</span> <span class='ocrx_word' id='word_1_39' title='bbox 425 680 477 713; x_wconf 80' lang='grc' dir='ltr'>διὰ</span> <span class='ocrx_word' id='word_1_40' title='bbox 497 681 530 713; x_wconf 87' lang='grc' dir='ltr'>τὸ</span> <span class='ocrx_word' id='word_1_41' title='bbox 552 681 708 724; x_wconf 83' lang='grc' dir='ltr'>χρήσιμον</span> <span class='ocrx_word' id='word_1_42' title='bbox 727 683 847 724; x_wconf 81' lang='grc' dir='ltr'>φιλίας,</span> <span class='ocrx_word' id='word_1_43' title='bbox 868 684 922 716; x_wconf 79' lang='grc' dir='ltr'>καὶ</span> <span class='ocrx_word' id='word_1_44' title='bbox 955 687 1010 724; x_wconf 81' lang='grc' dir='ltr'>τῆς</span> <span class='ocrx_word' id='word_1_45' title='bbox 1025 685 1076 717; x_wconf 81' lang='grc' dir='ltr'>διὰ</span> <span class='ocrx_word' id='word_1_46' title='bbox 1096 686 1152 725; x_wconf 79' lang='grc' dir='ltr'>τὴν</span> <span class='ocrx_word' id='word_1_47' title='bbox 1171 686 1301 726; x_wconf 84' lang='grc' dir='ltr'>ἡδονήν·</span> 
     </span>
     <span class='ocr_line' id='line_1_7' title="bbox 466 730 1087 774; baseline 0.006 -13"><span class='ocrx_word' id='word_1_48' title='bbox 466 730 515 762; x_wconf 85' lang='grc' dir='ltr'>ὅτι</span> <span class='ocrx_word' id='word_1_49' title='bbox 534 730 650 768; x_wconf 79' lang='grc' dir='ltr'>ἀτελεῖς</span> <span class='ocrx_word' id='word_1_50' title='bbox 666 731 744 762; x_wconf 79' lang='grc' dir='ltr'>εἰσιν</span> <span class='ocrx_word' id='word_1_51' title='bbox 763 734 795 763; x_wconf 83' lang='grc' dir='ltr'>αἱ</span> <span class='ocrx_word' id='word_1_52' title='bbox 809 730 956 764; x_wconf 87' lang='grc' dir='ltr'>τοιαῦται</span> <span class='ocrx_word' id='word_1_53' title='bbox 977 733 1087 774; x_wconf 71' lang='grc' dir='ltr'>φιλίαι.</span> 
     </span>
    </p>
   </div>
   <div class='ocr_carea' id='block_1_5' title="bbox 254 841 1303 3319">
    <p class='ocr_par' dir='ltr' id='par_1_5' title="bbox 255 841 1303 1964">
     <span class='ocr_line' id='line_1_8' title="bbox 315 841 1303 897; baseline 0.004 -16"><span class='ocrx_word' id='word_1_54' title='bbox 315 842 329 855; x_wconf 74' lang='grc'><strong><em>’</em></strong></span> <span class='ocrx_word' id='word_1_55' title='bbox 348 842 525 891; x_wconf 83' lang='grc' dir='ltr'>Ζητητέον</span> <span class='ocrx_word' id='word_1_56' title='bbox 543 841 578 882; x_wconf 79' lang='grc' dir='ltr'>δὲ</span> <span class='ocrx_word' id='word_1_57' title='bbox 593 843 672 896; x_wconf 80' lang='grc' dir='ltr'>περὶ</span> <span class='ocrx_word' id='word_1_58' title='bbox 690 844 835 884; x_wconf 82' lang='grc' dir='ltr'>ἑκάστου</span> <span class='ocrx_word' id='word_1_59' title='bbox 846 845 967 890; x_wconf 84' lang='grc' dir='ltr'>εἴδους.</span> <span class='ocrx_word' id='word_1_60' title='bbox 986 848 1031 886; x_wconf 84' lang='grc' dir='ltr'>Οἱ</span> <span class='ocrx_word' id='word_1_61' title='bbox 1047 845 1109 897; x_wconf 86' lang='grc' dir='ltr'>μὲν</span> <span class='ocrx_word' id='word_1_62' title='bbox 1122 841 1179 885; x_wconf 69' lang='grc' dir='ltr'>οὖν</span> <span class='ocrx_word' id='word_1_63' title='bbox 1197 846 1303 886; x_wconf 81' lang='grc' dir='ltr'>διὰτὸ</span> 
     </span>
     <span class='ocr_line' id='line_1_9' title="bbox 259 899 1302 956; baseline 0.003 -15"><span class='ocrx_word' id='word_1_64' title='bbox 259 900 433 954; x_wconf 81' lang='grc' dir='ltr'>χρήσιμον</span> <span class='ocrx_word' id='word_1_65' title='bbox 450 905 628 956; x_wconf 74' lang='grc' dir='ltr'>φιλοῦντες</span> <span class='ocrx_word' id='word_1_66' title='bbox 647 904 817 951; x_wconf 84' lang='grc' dir='ltr'>ἀλλήλους</span> <span class='ocrx_word' id='word_1_67' title='bbox 844 907 906 943; x_wconf 79' lang='grc' dir='ltr'>οὐκ</span> <span class='ocrx_word' id='word_1_68' title='bbox 924 905 1045 950; x_wconf 81' lang='grc' dir='ltr'>αὐτοὺς</span> <span class='ocrx_word' id='word_1_69' title='bbox 1064 908 1141 944; x_wconf 86' lang='grc' dir='ltr'>καθ’</span> <span class='ocrx_word' id='word_1_70' title='bbox 1162 899 1302 950; x_wconf 77' lang='grc' dir='ltr'>ἑαυτοὺς</span> 
     </span>
     <span class='ocr_line' id='line_1_10' title="bbox 260 961 1297 1014; baseline 0.005 -15"><span class='ocrx_word' id='word_1_71' title='bbox 260 961 433 1010; x_wconf 79' lang='grc' dir='ltr'>ἀλλήλους</span> <span class='ocrx_word' id='word_1_72' title='bbox 453 964 624 1013; x_wconf 77' lang='grc' dir='ltr'>φιλοῦσιν,</span> <span class='ocrx_word' id='word_1_73' title='bbox 646 963 737 1001; x_wconf 77' lang='grc' dir='ltr'>ἀλλὰ</span> <span class='ocrx_word' id='word_1_74' title='bbox 768 964 825 1002; x_wconf 82' lang='grc' dir='ltr'>διὰ</span> <span class='ocrx_word' id='word_1_75' title='bbox 851 964 890 1002; x_wconf 83' lang='grc' dir='ltr'>τὸ</span> <span class='ocrx_word' id='word_1_76' title='bbox 912 966 1062 1014; x_wconf 79' lang='grc' dir='ltr'>ἀγαθόν,</span> <span class='ocrx_word' id='word_1_77' title='bbox 1090 964 1113 1012; x_wconf 82' lang='grc' dir='ltr'>ἢ</span> <span class='ocrx_word' id='word_1_78' title='bbox 1144 965 1184 1003; x_wconf 82' lang='grc' dir='ltr'>τὸ</span> <span class='ocrx_word' id='word_1_79' title='bbox 1207 965 1297 1014; x_wconf 80' lang='grc' dir='ltr'>ἡδύ,</span> 
     </span>
     <span class='ocr_line' id='line_1_11' title="bbox 260 1019 1297 1077; baseline 0.004 -19"><span class='ocrx_word' id='word_1_80' title='bbox 260 1019 344 1072; x_wconf 82' lang='grc' dir='ltr'>πρὸς</span> <span class='ocrx_word' id='word_1_81' title='bbox 362 1019 380 1059; x_wconf 81' lang='grc' dir='ltr'>ὃ</span> <span class='ocrx_word' id='word_1_82' title='bbox 397 1021 569 1074; x_wconf 83' lang='grc' dir='ltr'>χρήσιμοί</span> <span class='ocrx_word' id='word_1_83' title='bbox 586 1024 664 1070; x_wconf 83' lang='grc' dir='ltr'>εἶσι,</span> <span class='ocrx_word' id='word_1_84' title='bbox 695 1022 753 1061; x_wconf 81' lang='grc' dir='ltr'>καὶ</span> <span class='ocrx_word' id='word_1_85' title='bbox 776 1024 931 1076; x_wconf 77' lang='grc' dir='ltr'>φιλοῦσιν</span> <span class='ocrx_word' id='word_1_86' title='bbox 950 1024 1012 1068; x_wconf 78' lang='grc' dir='ltr'>ἕως</span> <span class='ocrx_word' id='word_1_87' title='bbox 1034 1023 1074 1062; x_wconf 84' lang='grc' dir='ltr'>ἂν</span> <span class='ocrx_word' id='word_1_88' title='bbox 1100 1023 1248 1077; x_wconf 85' lang='grc' dir='ltr'>ἔρχηταί</span> <span class='ocrx_word' id='word_1_89' title='bbox 1265 1040 1297 1062; x_wconf 89' lang='grc' dir='ltr'>τι</span> 
     </span>
     <span class='ocr_line' id='line_1_12' title="bbox 258 1080 1301 1133; baseline 0.005 -16"><span class='ocrx_word' id='word_1_90' title='bbox 258 1080 373 1124; x_wconf 75' lang='grc' dir='ltr'>αὐτοῖς</span> <span class='ocrx_word' id='word_1_91' title='bbox 388 1082 473 1132; x_wconf 85' lang='grc' dir='ltr'>παρ’</span> <span class='ocrx_word' id='word_1_92' title='bbox 493 1081 654 1129; x_wconf 85' lang='grc' dir='ltr'>ἀλλήλων</span> <span class='ocrx_word' id='word_1_93' title='bbox 672 1082 811 1133; x_wconf 79' lang='grc' dir='ltr'>ἀγαθόν·</span> <span class='ocrx_word' id='word_1_94' title='bbox 833 1082 958 1132; x_wconf 83' lang='grc' dir='ltr'>ὁμοίως</span> <span class='ocrx_word' id='word_1_95' title='bbox 975 1082 1011 1120; x_wconf 85' lang='grc' dir='ltr'>δὲ</span> <span class='ocrx_word' id='word_1_96' title='bbox 1030 1082 1087 1121; x_wconf 78' lang='grc' dir='ltr'>καὶ</span> <span class='ocrx_word' id='word_1_97' title='bbox 1106 1085 1137 1122; x_wconf 79' lang='grc' dir='ltr'>οἱ</span> <span class='ocrx_word' id='word_1_98' title='bbox 1155 1084 1198 1122; x_wconf 88' lang='grc' dir='ltr'>δι’</span> <span class='ocrx_word' id='word_1_99' title='bbox 1218 1084 1301 1131; x_wconf 85' lang='grc' dir='ltr'>ἡδο-</span> 
     </span>
     <span class='ocr_line' id='line_1_13' title="bbox 257 1137 1298 1195; baseline 0.005 -19"><span class='ocrx_word' id='word_1_100' title='bbox 257 1137 318 1186; x_wconf 79' lang='grc' dir='ltr'>νὴν</span> <span class='ocrx_word' id='word_1_101' title='bbox 340 1140 511 1187; x_wconf 79' lang='grc' dir='ltr'>ἀλλήλους</span> <span class='ocrx_word' id='word_1_102' title='bbox 528 1142 723 1191; x_wconf 80' lang='grc' dir='ltr'>φιλοῦντες,</span> <span class='ocrx_word' id='word_1_103' title='bbox 753 1143 790 1180; x_wconf 77' lang='grc' dir='ltr'>οὗ</span> <span class='ocrx_word' id='word_1_104' title='bbox 809 1141 885 1180; x_wconf 82' lang='grc' dir='ltr'>καθ’</span> <span class='ocrx_word' id='word_1_105' title='bbox 912 1140 1054 1186; x_wconf 78' lang='grc' dir='ltr'>ἑαυτοὺς</span> <span class='ocrx_word' id='word_1_106' title='bbox 1077 1143 1244 1195; x_wconf 72' lang='grc' dir='ltr'>φιλοῦσιν·</span> <span class='ocrx_word' id='word_1_107' title='bbox 1259 1144 1298 1181; x_wconf 86' lang='grc' dir='ltr'>οὐ</span> 
     </span>
     <span class='ocr_line' id='line_1_14' title="bbox 257 1198 1300 1254; baseline 0.001 -18"><span class='ocrx_word' id='word_1_108' title='bbox 257 1198 323 1250; x_wconf 83' lang='grc' dir='ltr'>γὰρ</span> <span class='ocrx_word' id='word_1_109' title='bbox 344 1198 463 1243; x_wconf 81' lang='grc' dir='ltr'>ἁπλῶς</span> <span class='ocrx_word' id='word_1_110' title='bbox 476 1198 530 1238; x_wconf 77' lang='grc' dir='ltr'>ὅτι</span> <span class='ocrx_word' id='word_1_111' title='bbox 549 1200 643 1247; x_wconf 73' lang='grc' dir='ltr'>ἡδεῖς</span> <span class='ocrx_word' id='word_1_112' title='bbox 660 1202 726 1239; x_wconf 79' lang='grc' dir='ltr'>εἶσι</span> <span class='ocrx_word' id='word_1_113' title='bbox 753 1199 810 1239; x_wconf 83' lang='grc' dir='ltr'>διὰ</span> <span class='ocrx_word' id='word_1_114' title='bbox 829 1204 930 1239; x_wconf 88' lang='grc' dir='ltr'>τοῦτο</span> <span class='ocrx_word' id='word_1_115' title='bbox 956 1202 1133 1254; x_wconf 89' lang='grc' dir='ltr'>φιλοῦσιν,</span> <span class='ocrx_word' id='word_1_116' title='bbox 1151 1200 1228 1239; x_wconf 84' lang='grc' dir='ltr'>ἀλλ’</span> <span class='ocrx_word' id='word_1_117' title='bbox 1249 1199 1300 1238; x_wconf 80' lang='grc' dir='ltr'>ὅτι</span> 
     </span>
     <span class='ocr_line' id='line_1_15' title="bbox 262 1255 1297 1312; baseline 0.002 -17"><span class='ocrx_word' id='word_1_118' title='bbox 262 1258 376 1302; x_wconf 81' lang='grc' dir='ltr'>αὐτοῖς</span> <span class='ocrx_word' id='word_1_119' title='bbox 394 1259 488 1306; x_wconf 81' lang='grc' dir='ltr'>ἡδεῖς</span> <span class='ocrx_word' id='word_1_120' title='bbox 513 1260 612 1306; x_wconf 83' lang='grc' dir='ltr'>εἰσιν,</span> <span class='ocrx_word' id='word_1_121' title='bbox 635 1261 665 1298; x_wconf 86' lang='grc' dir='ltr'>εἷ</span> <span class='ocrx_word' id='word_1_122' title='bbox 682 1259 749 1312; x_wconf 84' lang='grc' dir='ltr'>γὰρ</span> <span class='ocrx_word' id='word_1_123' title='bbox 779 1261 896 1304; x_wconf 83' lang='grc' dir='ltr'>ἄλλοις</span> <span class='ocrx_word' id='word_1_124' title='bbox 919 1262 1011 1308; x_wconf 84' lang='grc' dir='ltr'>ἡδεῖς</span> <span class='ocrx_word' id='word_1_125' title='bbox 1029 1255 1141 1308; x_wconf 72' lang='grc' dir='ltr'>ἦσαν,</span> <span class='ocrx_word' id='word_1_126' title='bbox 1165 1261 1228 1300; x_wconf 80' lang='grc' dir='ltr'>οὐκ</span> <span class='ocrx_word' id='word_1_127' title='bbox 1257 1258 1297 1297; x_wconf 81' lang='grc' dir='ltr'>ἂν</span> 
     </span>
     <span class='ocr_line' id='line_1_16' title="bbox 258 1316 1296 1372; baseline 0.003 -18"><span class='ocrx_word' id='word_1_128' title='bbox 258 1316 407 1369; x_wconf 83' lang='grc' dir='ltr'>ἐφίλουν·</span> <span class='ocrx_word' id='word_1_129' title='bbox 429 1317 514 1356; x_wconf 80' lang='grc' dir='ltr'>οἵτε</span> <span class='ocrx_word' id='word_1_130' title='bbox 534 1322 549 1340; x_wconf 81' lang='lat'>¹¹</span> <span class='ocrx_word' id='word_1_131' title='bbox 570 1317 611 1364; x_wconf 80' lang='grc' dir='ltr'>δὴ</span> <span class='ocrx_word' id='word_1_132' title='bbox 632 1317 689 1356; x_wconf 83' lang='grc' dir='ltr'>διὰ</span> <span class='ocrx_word' id='word_1_133' title='bbox 708 1319 747 1356; x_wconf 88' lang='grc' dir='ltr'>τὸ</span> <span class='ocrx_word' id='word_1_134' title='bbox 775 1318 950 1371; x_wconf 85' lang='grc' dir='ltr'>χρήσιμον</span> <span class='ocrx_word' id='word_1_135' title='bbox 972 1321 1148 1372; x_wconf 83' lang='grc' dir='ltr'>φιλοῦντες</span> <span class='ocrx_word' id='word_1_136' title='bbox 1161 1349 1171 1367; x_wconf 92' lang='grc'>,</span> <span class='ocrx_word' id='word_1_137' title='bbox 1186 1318 1245 1357; x_wconf 84' lang='grc' dir='ltr'>καὶ</span> <span class='ocrx_word' id='word_1_138' title='bbox 1264 1320 1296 1357; x_wconf 80' lang='grc' dir='ltr'>οἱ</span> 
     </span>
     <span class='ocr_line' id='line_1_17' title="bbox 258 1374 1300 1430; baseline 0.002 -18"><span class='ocrx_word' id='word_1_139' title='bbox 258 1374 314 1413; x_wconf 85' lang='grc' dir='ltr'>διὰ</span> <span class='ocrx_word' id='word_1_140' title='bbox 333 1374 373 1412; x_wconf 83' lang='grc' dir='ltr'>τὸ</span> <span class='ocrx_word' id='word_1_141' title='bbox 393 1374 484 1423; x_wconf 80' lang='grc' dir='ltr'>ἡδύ,</span> <span class='ocrx_word' id='word_1_142' title='bbox 503 1376 570 1427; x_wconf 80' lang='grc' dir='ltr'>οὐχ</span> <span class='ocrx_word' id='word_1_143' title='bbox 585 1375 705 1419; x_wconf 82' lang='grc' dir='ltr'>ἁπλῶς</span> <span class='ocrx_word' id='word_1_144' title='bbox 730 1376 786 1415; x_wconf 90' lang='grc' dir='ltr'>διὰ</span> <span class='ocrx_word' id='word_1_145' title='bbox 802 1377 842 1416; x_wconf 87' lang='grc' dir='ltr'>τὸ</span> <span class='ocrx_word' id='word_1_146' title='bbox 858 1378 985 1427; x_wconf 81' lang='grc' dir='ltr'>ἀγαθὸν</span> <span class='ocrx_word' id='word_1_147' title='bbox 1005 1375 1028 1423; x_wconf 87' lang='grc' dir='ltr'>ἢ</span> <span class='ocrx_word' id='word_1_148' title='bbox 1049 1377 1088 1415; x_wconf 86' lang='grc' dir='ltr'>τὸ</span> <span class='ocrx_word' id='word_1_149' title='bbox 1108 1377 1173 1424; x_wconf 82' lang='grc' dir='ltr'>ἡδὺ</span> <span class='ocrx_word' id='word_1_150' title='bbox 1197 1376 1300 1430; x_wconf 84' lang='grc' dir='ltr'>στέρ-</span> 
     </span>
     <span class='ocr_line' id='line_1_18' title="bbox 255 1434 1301 1487; baseline 0.004 -16"><span class='ocrx_word' id='word_1_151' title='bbox 255 1448 365 1485; x_wconf 70' lang='grc' dir='ltr'>γουσι,</span> <span class='ocrx_word' id='word_1_152' title='bbox 380 1434 438 1472; x_wconf 78' lang='grc' dir='ltr'>καὶ</span> <span class='ocrx_word' id='word_1_153' title='bbox 456 1436 493 1472; x_wconf 81' lang='grc' dir='ltr'>οὐ</span> <span class='ocrx_word' id='word_1_154' title='bbox 511 1435 596 1472; x_wconf 83' lang='grc' dir='ltr'>διότι</span> <span class='ocrx_word' id='word_1_155' title='bbox 617 1436 634 1472; x_wconf 79' lang='grc' dir='ltr'>ὁ</span> <span class='ocrx_word' id='word_1_156' title='bbox 649 1435 854 1487; x_wconf 84' lang='grc' dir='ltr'>φιλούμενος</span> <span class='ocrx_word' id='word_1_157' title='bbox 872 1435 974 1479; x_wconf 77' lang='grc' dir='ltr'>αὐτὸς</span> <span class='ocrx_word' id='word_1_158' title='bbox 983 1436 1133 1480; x_wconf 88' lang='grc' dir='ltr'>τοιοῦτός</span> <span class='ocrx_word' id='word_1_159' title='bbox 1153 1439 1225 1475; x_wconf 80' lang='grc' dir='ltr'>ἐστι</span> <span class='ocrx_word' id='word_1_160' title='bbox 1245 1436 1301 1475; x_wconf 80' lang='grc' dir='ltr'>διὰ</span> 
     </span>
     <span class='ocr_line' id='line_1_19' title="bbox 255 1494 1299 1548; baseline 0.004 -18"><span class='ocrx_word' id='word_1_161' title='bbox 255 1496 355 1530; x_wconf 86' lang='grc' dir='ltr'>τοῦτο</span> <span class='ocrx_word' id='word_1_162' title='bbox 373 1495 539 1545; x_wconf 78' lang='grc' dir='ltr'>φιλοῦσιν,</span> <span class='ocrx_word' id='word_1_163' title='bbox 561 1495 638 1532; x_wconf 87' lang='grc' dir='ltr'>ἀλλ’</span> <span class='ocrx_word' id='word_1_164' title='bbox 666 1494 718 1532; x_wconf 79' lang='grc' dir='ltr'>ὅτι</span> <span class='ocrx_word' id='word_1_165' title='bbox 739 1495 856 1539; x_wconf 79' lang='grc' dir='ltr'>αὐτοῖς</span> <span class='ocrx_word' id='word_1_166' title='bbox 879 1495 960 1542; x_wconf 79' lang='grc' dir='ltr'>ἡδύς</span> <span class='ocrx_word' id='word_1_167' title='bbox 980 1497 1053 1534; x_wconf 79' lang='grc' dir='ltr'>ἔστι</span> <span class='ocrx_word' id='word_1_168' title='bbox 1083 1495 1142 1533; x_wconf 84' lang='grc' dir='ltr'>καὶ</span> <span class='ocrx_word' id='word_1_169' title='bbox 1170 1495 1299 1548; x_wconf 80' lang='grc' dir='ltr'>χρήσι-</span> 
     </span>
     <span class='ocr_line' id='line_1_20' title="bbox 257 1549 1302 1607; baseline 0.003 -17"><span class='ocrx_word' id='word_1_170' title='bbox 257 1550 455 1602; x_wconf 64' lang='grc' dir='ltr'>μος.”Ώστε</span> <span class='ocrx_word' id='word_1_171' title='bbox 479 1554 595 1601; x_wconf 83' lang='grc' dir='ltr'>δῆλον,</span> <span class='ocrx_word' id='word_1_172' title='bbox 608 1552 664 1591; x_wconf 80' lang='grc' dir='ltr'>ὅτι</span> <span class='ocrx_word' id='word_1_173' title='bbox 688 1555 723 1592; x_wconf 81' lang='grc' dir='ltr'>αἱ</span> <span class='ocrx_word' id='word_1_174' title='bbox 744 1554 856 1607; x_wconf 76' lang='grc' dir='ltr'>φιλίαι</span> <span class='ocrx_word' id='word_1_175' title='bbox 877 1549 980 1593; x_wconf 62' lang='grc' dir='ltr'>αὗται</span> <span class='ocrx_word' id='word_1_176' title='bbox 1002 1554 1094 1594; x_wconf 85' lang='grc' dir='ltr'>κατὰ</span> <span class='ocrx_word' id='word_1_177' title='bbox 1116 1555 1302 1606; x_wconf 69' lang='grc' dir='ltr'>συμὸεὸη-</span> 
     </span>
     <span class='ocr_line' id='line_1_21' title="bbox 255 1611 1297 1668; baseline 0.005 -19"><span class='ocrx_word' id='word_1_178' title='bbox 255 1612 313 1656; x_wconf 85' lang='grc' dir='ltr'>κός</span> <span class='ocrx_word' id='word_1_179' title='bbox 335 1613 434 1650; x_wconf 82' lang='grc' dir='ltr'>εἰσιν·</span> <span class='ocrx_word' id='word_1_180' title='bbox 461 1612 499 1650; x_wconf 82' lang='grc' dir='ltr'>οὗ</span> <span class='ocrx_word' id='word_1_181' title='bbox 530 1611 587 1650; x_wconf 88' lang='grc' dir='ltr'>διὰ</span> <span class='ocrx_word' id='word_1_182' title='bbox 622 1617 724 1652; x_wconf 85' lang='grc' dir='ltr'>τοῦτο</span> <span class='ocrx_word' id='word_1_183' title='bbox 745 1613 812 1666; x_wconf 75' lang='grc' dir='ltr'>γὰρ</span> <span class='ocrx_word' id='word_1_184' title='bbox 847 1615 999 1666; x_wconf 87' lang='grc' dir='ltr'>φιλεῖται</span> <span class='ocrx_word' id='word_1_185' title='bbox 1024 1619 1042 1654; x_wconf 85' lang='grc' dir='ltr'>ὁ</span> <span class='ocrx_word' id='word_1_186' title='bbox 1069 1614 1297 1668; x_wconf 81' lang='grc' dir='ltr'>φιλούμενος,</span> 
     </span>
     <span class='ocr_line' id='line_1_22' title="bbox 255 1669 1298 1726; baseline 0.004 -17"><span class='ocrx_word' id='word_1_187' title='bbox 255 1669 305 1709; x_wconf 75' lang='grc' dir='ltr'>ὅτι</span> <span class='ocrx_word' id='word_1_188' title='bbox 326 1670 458 1710; x_wconf 85' lang='grc' dir='ltr'>τοιόσδε</span> <span class='ocrx_word' id='word_1_189' title='bbox 478 1671 528 1716; x_wconf 90' lang='grc' dir='ltr'>τίς</span> <span class='ocrx_word' id='word_1_190' title='bbox 546 1673 639 1710; x_wconf 80' lang='grc' dir='ltr'>ἐστιν</span> <span class='ocrx_word' id='word_1_191' title='bbox 659 1672 780 1719; x_wconf 78' lang='grc' dir='ltr'>αὐτός,</span> <span class='ocrx_word' id='word_1_192' title='bbox 804 1672 895 1711; x_wconf 83' lang='grc' dir='ltr'>ἀλλὰ</span> <span class='ocrx_word' id='word_1_193' title='bbox 922 1673 1008 1712; x_wconf 89' lang='grc' dir='ltr'>διότι</span> <span class='ocrx_word' id='word_1_194' title='bbox 1036 1673 1170 1726; x_wconf 84' lang='grc' dir='ltr'>πορίζει</span> <span class='ocrx_word' id='word_1_195' title='bbox 1194 1677 1212 1712; x_wconf 84' lang='grc' dir='ltr'><strong><em>ὃ</em></strong></span> <span class='ocrx_word' id='word_1_196' title='bbox 1236 1674 1298 1724; x_wconf 82' lang='grc' dir='ltr'>μὲν</span> 
     </span>
     <span class='ocr_line' id='line_1_23' title="bbox 256 1729 1297 1782; baseline 0.006 -15"><span class='ocrx_word' id='word_1_197' title='bbox 256 1729 382 1782; x_wconf 74' lang='grc' dir='ltr'>ἀγαθόν</span> <span class='ocrx_word' id='word_1_198' title='bbox 396 1762 407 1781; x_wconf 86' lang='grc'>,</span> <span class='ocrx_word' id='word_1_199' title='bbox 441 1733 459 1769; x_wconf 84' lang='grc' dir='ltr'>ὁ</span> <span class='ocrx_word' id='word_1_200' title='bbox 494 1730 529 1769; x_wconf 82' lang='grc' dir='ltr'>δὲ</span> <span class='ocrx_word' id='word_1_201' title='bbox 565 1731 707 1778; x_wconf 81' lang='grc' dir='ltr'>ἡδονήν.</span> <span class='ocrx_word' id='word_1_202' title='bbox 747 1732 818 1771; x_wconf 78' lang='grc' dir='ltr'>Καὶ</span> <span class='ocrx_word' id='word_1_203' title='bbox 844 1733 1039 1773; x_wconf 81' lang='grc' dir='ltr'>εὐδιάλυτοι</span> <span class='ocrx_word' id='word_1_204' title='bbox 1073 1734 1110 1772; x_wconf 86' lang='grc' dir='ltr'>δέ</span> <span class='ocrx_word' id='word_1_205' title='bbox 1144 1736 1229 1773; x_wconf 80' lang='grc' dir='ltr'>εἰσιν</span> <span class='ocrx_word' id='word_1_206' title='bbox 1262 1738 1297 1773; x_wconf 82' lang='grc' dir='ltr'>αἱ</span> 
     </span>
     <span class='ocr_line' id='line_1_24' title="bbox 255 1789 1299 1846; baseline 0.006 -19"><span class='ocrx_word' id='word_1_207' title='bbox 255 1793 412 1828; x_wconf 86' lang='grc' dir='ltr'>τοιαῦται</span> <span class='ocrx_word' id='word_1_208' title='bbox 435 1789 560 1843; x_wconf 89' lang='grc' dir='ltr'>φιλίαι·</span> <span class='ocrx_word' id='word_1_209' title='bbox 585 1792 616 1829; x_wconf 78' lang='lat' dir='ltr'>ot</span> <span class='ocrx_word' id='word_1_210' title='bbox 645 1791 712 1845; x_wconf 83' lang='grc' dir='ltr'>γὰρ</span> <span class='ocrx_word' id='word_1_211' title='bbox 743 1793 839 1839; x_wconf 82' lang='grc' dir='ltr'>ἡδεῖς</span> <span class='ocrx_word' id='word_1_212' title='bbox 870 1793 931 1832; x_wconf 81' lang='grc' dir='ltr'>καὶ</span> <span class='ocrx_word' id='word_1_213' title='bbox 951 1791 1121 1846; x_wconf 80' lang='grc' dir='ltr'>χρήσιμοι</span> <span class='ocrx_word' id='word_1_214' title='bbox 1149 1795 1212 1832; x_wconf 84' lang='grc' dir='ltr'>οὐκ</span> <span class='ocrx_word' id='word_1_215' title='bbox 1246 1793 1299 1833; x_wconf 84' lang='grc' dir='ltr'>ἀεί</span> 
     </span>
     <span class='ocr_line' id='line_1_25' title="bbox 255 1849 1297 1905; baseline 0.005 -18"><span class='ocrx_word' id='word_1_216' title='bbox 255 1849 342 1887; x_wconf 86' lang='grc' dir='ltr'>εἰσιν</span> <span class='ocrx_word' id='word_1_217' title='bbox 358 1851 450 1896; x_wconf 84' lang='grc' dir='ltr'>ἡδεῖς</span> <span class='ocrx_word' id='word_1_218' title='bbox 469 1849 530 1887; x_wconf 81' lang='grc' dir='ltr'>καὶ</span> <span class='ocrx_word' id='word_1_219' title='bbox 546 1849 729 1903; x_wconf 83' lang='grc' dir='ltr'>χρήσιμοι·</span> <span class='ocrx_word' id='word_1_220' title='bbox 746 1850 875 1890; x_wconf 89' lang='grc' dir='ltr'>ἄλλοτε</span> <span class='ocrx_word' id='word_1_221' title='bbox 895 1852 962 1905; x_wconf 81' lang='grc' dir='ltr'>γὰρ</span> <span class='ocrx_word' id='word_1_222' title='bbox 985 1852 1104 1897; x_wconf 88' lang='grc' dir='ltr'>ἄλλοις</span> <span class='ocrx_word' id='word_1_223' title='bbox 1124 1852 1297 1905; x_wconf 83' lang='grc' dir='ltr'>ἡδόμεθα,</span> 
     </span>
     <span class='ocr_line' id='line_1_26' title="bbox 255 1907 966 1964; baseline 0.006 -18"><span class='ocrx_word' id='word_1_224' title='bbox 255 1907 314 1946; x_wconf 81' lang='grc' dir='ltr'>καὶ</span> <span class='ocrx_word' id='word_1_225' title='bbox 330 1908 456 1947; x_wconf 89' lang='grc' dir='ltr'>ἄλλοτε</span> <span class='ocrx_word' id='word_1_226' title='bbox 476 1907 562 1947; x_wconf 84' lang='grc' dir='ltr'>ἄλλο</span> <span class='ocrx_word' id='word_1_227' title='bbox 591 1908 665 1948; x_wconf 82' lang='grc' dir='ltr'>ἐστὶ</span> <span class='ocrx_word' id='word_1_228' title='bbox 679 1911 695 1932; x_wconf 72' lang='lat' dir='ltr'>b</span> <span class='ocrx_word' id='word_1_229' title='bbox 715 1909 754 1948; x_wconf 84' lang='grc' dir='ltr'>τὸ</span> <span class='ocrx_word' id='word_1_230' title='bbox 777 1911 966 1964; x_wconf 84' lang='grc' dir='ltr'>χρήσιμον.</span> 
     </span>
    </p>

    <p class='ocr_par' dir='ltr' id='par_1_6' title="bbox 254 1962 1301 2961">
     <span class='ocr_line' id='line_1_27' title="bbox 311 1962 1300 2026; baseline 0.004 -20"><span class='ocrx_word' id='word_1_231' title='bbox 311 1968 346 1984; x_wconf 65' lang='lat'>*¹*</span> <span class='ocrx_word' id='word_1_232' title='bbox 363 1967 425 2016; x_wconf 86' lang='grc' dir='ltr'>Μὴ</span> <span class='ocrx_word' id='word_1_233' title='bbox 453 1967 714 2021; x_wconf 83' lang='grc' dir='ltr'>παραμένοντος</span> <span class='ocrx_word' id='word_1_234' title='bbox 733 1962 791 2007; x_wconf 66' lang='grc' dir='ltr'>οῦν</span> <span class='ocrx_word' id='word_1_235' title='bbox 813 1973 872 2008; x_wconf 87' lang='grc' dir='ltr'>τοῦ</span> <span class='ocrx_word' id='word_1_236' title='bbox 895 1970 1004 2010; x_wconf 82' lang='grc' dir='ltr'>αἰτίου</span> <span class='ocrx_word' id='word_1_237' title='bbox 1022 1973 1084 2018; x_wconf 74' lang='grc' dir='ltr'>τῆς</span> <span class='ocrx_word' id='word_1_238' title='bbox 1100 1970 1216 2026; x_wconf 86' lang='grc' dir='ltr'>φιλίας</span> <span class='ocrx_word' id='word_1_239' title='bbox 1240 1970 1300 2010; x_wconf 75' lang='grc' dir='ltr'>καὶ</span> 
     </span>
     <span class='ocr_line' id='line_1_28' title="bbox 256 2026 1299 2081; baseline 0.005 -16"><span class='ocrx_word' id='word_1_240' title='bbox 256 2026 344 2074; x_wconf 86' lang='grc' dir='ltr'>αὐτὴ</span> <span class='ocrx_word' id='word_1_241' title='bbox 375 2028 414 2066; x_wconf 83' lang='grc' dir='ltr'>οὐ</span> <span class='ocrx_word' id='word_1_242' title='bbox 442 2027 586 2067; x_wconf 85' lang='grc' dir='ltr'>δύναται</span> <span class='ocrx_word' id='word_1_243' title='bbox 618 2027 834 2081; x_wconf 83' lang='grc' dir='ltr'>παραμένειν</span> <span class='ocrx_word' id='word_1_244' title='bbox 848 2060 856 2076; x_wconf 88' lang='grc'>,</span> <span class='ocrx_word' id='word_1_245' title='bbox 891 2031 981 2069; x_wconf 85' lang='grc' dir='ltr'>ἀλλὰ</span> <span class='ocrx_word' id='word_1_246' title='bbox 1016 2031 1216 2077; x_wconf 84' lang='grc' dir='ltr'>διαλύεται,</span> <span class='ocrx_word' id='word_1_247' title='bbox 1252 2033 1299 2074; x_wconf 83' lang='grc' dir='ltr'>ὡς</span> 
     </span>
     <span class='ocr_line' id='line_1_29' title="bbox 255 2081 1299 2139; baseline 0.002 -16"><span class='ocrx_word' id='word_1_248' title='bbox 255 2081 342 2124; x_wconf 72' lang='grc' dir='ltr'>οῧσα</span> <span class='ocrx_word' id='word_1_249' title='bbox 375 2087 459 2139; x_wconf 80' lang='grc' dir='ltr'>πρὸς</span> <span class='ocrx_word' id='word_1_250' title='bbox 493 2089 631 2137; x_wconf 84' lang='grc' dir='ltr'>ἐκεῖνα,</span> <span class='ocrx_word' id='word_1_251' title='bbox 661 2086 721 2125; x_wconf 81' lang='grc' dir='ltr'>καὶ</span> <span class='ocrx_word' id='word_1_252' title='bbox 748 2091 860 2126; x_wconf 87' lang='grc' dir='ltr'>ταῦτα</span> <span class='ocrx_word' id='word_1_253' title='bbox 889 2087 1020 2139; x_wconf 79' lang='grc' dir='ltr'>ἔχουσα</span> <span class='ocrx_word' id='word_1_254' title='bbox 1051 2088 1148 2136; x_wconf 84' lang='grc' dir='ltr'>τέλη.</span> <span class='ocrx_word' id='word_1_255' title='bbox 1185 2087 1231 2125; x_wconf 86' lang='grc' dir='ltr'>Ἡ</span> <span class='ocrx_word' id='word_1_256' title='bbox 1264 2087 1299 2125; x_wconf 82' lang='grc' dir='ltr'>δὲ</span> 
     </span>
     <span class='ocr_line' id='line_1_30' title="bbox 254 2143 1300 2201; baseline 0.001 -18"><span class='ocrx_word' id='word_1_257' title='bbox 254 2143 396 2194; x_wconf 77' lang='grc' dir='ltr'>τοιαύτη</span> <span class='ocrx_word' id='word_1_258' title='bbox 425 2145 522 2199; x_wconf 85' lang='grc' dir='ltr'>φιλία</span> <span class='ocrx_word' id='word_1_259' title='bbox 544 2149 565 2192; x_wconf 79' lang='grc' dir='ltr'>ἡ</span> <span class='ocrx_word' id='word_1_260' title='bbox 588 2145 822 2196; x_wconf 73' lang='grc' dir='ltr'>εὐμετάὸολος</span> <span class='ocrx_word' id='word_1_261' title='bbox 856 2147 1011 2197; x_wconf 79' lang='grc' dir='ltr'>μάλιστα</span> <span class='ocrx_word' id='word_1_262' title='bbox 1034 2148 1127 2187; x_wconf 81' lang='grc' dir='ltr'>δοκεῖ</span> <span class='ocrx_word' id='word_1_263' title='bbox 1146 2147 1300 2201; x_wconf 87' lang='grc' dir='ltr'>γίνεσθαι</span> 
     </span>
     <span class='ocr_line' id='line_1_31' title="bbox 256 2204 1300 2259; baseline 0.003 -16"><span class='ocrx_word' id='word_1_264' title='bbox 256 2207 290 2243; x_wconf 81' lang='grc' dir='ltr'>ἐν</span> <span class='ocrx_word' id='word_1_265' title='bbox 311 2207 378 2249; x_wconf 84' lang='grc' dir='ltr'>τοῖς</span> <span class='ocrx_word' id='word_1_266' title='bbox 399 2204 622 2258; x_wconf 73' lang='grc' dir='ltr'>πρεσὸύταις’</span> <span class='ocrx_word' id='word_1_267' title='bbox 646 2206 683 2244; x_wconf 81' lang='grc' dir='ltr'>οὗ</span> <span class='ocrx_word' id='word_1_268' title='bbox 705 2205 772 2259; x_wconf 86' lang='grc' dir='ltr'>γὰρ</span> <span class='ocrx_word' id='word_1_269' title='bbox 792 2206 832 2244; x_wconf 73' lang='grc' dir='ltr'>τὸ</span> <span class='ocrx_word' id='word_1_270' title='bbox 851 2207 916 2254; x_wconf 78' lang='grc' dir='ltr'>ἡδὺ</span> <span class='ocrx_word' id='word_1_271' title='bbox 939 2208 970 2246; x_wconf 77' lang='grc' dir='ltr'>οἳ</span> <span class='ocrx_word' id='word_1_272' title='bbox 991 2208 1190 2254; x_wconf 84' lang='grc' dir='ltr'>τηλικοῦτοι</span> <span class='ocrx_word' id='word_1_273' title='bbox 1211 2205 1300 2245; x_wconf 85' lang='grc' dir='ltr'>διώ-</span> 
     </span>
     <span class='ocr_line' id='line_1_32' title="bbox 255 2264 1300 2318; baseline 0.004 -16"><span class='ocrx_word' id='word_1_274' title='bbox 255 2279 393 2313; x_wconf 88' lang='grc' dir='ltr'>κουσιν,</span> <span class='ocrx_word' id='word_1_275' title='bbox 411 2265 486 2304; x_wconf 85' lang='grc' dir='ltr'>οὔτε</span> <span class='ocrx_word' id='word_1_276' title='bbox 508 2264 660 2317; x_wconf 79' lang='grc' dir='ltr'>σφόδρα,</span> <span class='ocrx_word' id='word_1_277' title='bbox 681 2264 758 2304; x_wconf 73' lang='grc' dir='ltr'>οὔτε</span> <span class='ocrx_word' id='word_1_278' title='bbox 779 2268 943 2318; x_wconf 83' lang='grc' dir='ltr'>συνεχῶς·</span> <span class='ocrx_word' id='word_1_279' title='bbox 963 2266 1022 2304; x_wconf 86' lang='grc' dir='ltr'>καὶ</span> <span class='ocrx_word' id='word_1_280' title='bbox 1045 2265 1102 2304; x_wconf 83' lang='grc' dir='ltr'>διὰ</span> <span class='ocrx_word' id='word_1_281' title='bbox 1121 2269 1221 2304; x_wconf 83' lang='grc' dir='ltr'>τοῦτο</span> <span class='ocrx_word' id='word_1_282' title='bbox 1240 2268 1300 2306; x_wconf 75' lang='grc' dir='ltr'>καὶ</span> 
     </span>
     <span class='ocr_line' id='line_1_33' title="bbox 257 2323 1301 2378; baseline 0.004 -17"><span class='ocrx_word' id='word_1_283' title='bbox 257 2324 455 2363; x_wconf 81' lang='grc' dir='ltr'>ἐλλείπουσι</span> <span class='ocrx_word' id='word_1_284' title='bbox 473 2327 534 2372; x_wconf 79' lang='grc' dir='ltr'>τῆς</span> <span class='ocrx_word' id='word_1_285' title='bbox 555 2326 632 2362; x_wconf 84' lang='grc' dir='ltr'>καθ’</span> <span class='ocrx_word' id='word_1_286' title='bbox 649 2323 773 2371; x_wconf 73' lang='grc' dir='ltr'>ἡδονὴν</span> <span class='ocrx_word' id='word_1_287' title='bbox 789 2324 925 2378; x_wconf 80' lang='grc' dir='ltr'>φιλίας,</span> <span class='ocrx_word' id='word_1_288' title='bbox 942 2325 980 2364; x_wconf 85' lang='grc' dir='ltr'>τὸ</span> <span class='ocrx_word' id='word_1_289' title='bbox 997 2325 1171 2378; x_wconf 81' lang='grc' dir='ltr'>ὠφέλιμον</span> <span class='ocrx_word' id='word_1_290' title='bbox 1190 2324 1225 2364; x_wconf 82' lang='grc' dir='ltr'>δὲ</span> <span class='ocrx_word' id='word_1_291' title='bbox 1247 2326 1301 2365; x_wconf 80' lang='grc' dir='ltr'>ἀεὶ</span> 
     </span>
     <span class='ocr_line' id='line_1_34' title="bbox 258 2382 1301 2438; baseline 0.002 -17"><span class='ocrx_word' id='word_1_292' title='bbox 258 2383 359 2433; x_wconf 85' lang='grc' dir='ltr'>μόνον</span> <span class='ocrx_word' id='word_1_293' title='bbox 377 2386 571 2431; x_wconf 87' lang='grc' dir='ltr'>ζητοῦντες,</span> <span class='ocrx_word' id='word_1_294' title='bbox 585 2382 676 2422; x_wconf 81' lang='grc' dir='ltr'>κατὰ</span> <span class='ocrx_word' id='word_1_295' title='bbox 695 2384 734 2422; x_wconf 81' lang='grc' dir='ltr'>τὸ</span> <span class='ocrx_word' id='word_1_296' title='bbox 748 2384 921 2437; x_wconf 84' lang='grc' dir='ltr'>χρήσιμόν</span> <span class='ocrx_word' id='word_1_297' title='bbox 943 2386 1009 2422; x_wconf 86' lang='grc' dir='ltr'>εἶσι</span> <span class='ocrx_word' id='word_1_298' title='bbox 1022 2384 1127 2437; x_wconf 86' lang='grc' dir='ltr'>φίλοι.</span> <span class='ocrx_word' id='word_1_299' title='bbox 1149 2384 1221 2423; x_wconf 80' lang='grc' dir='ltr'>Καὶ</span> <span class='ocrx_word' id='word_1_300' title='bbox 1235 2387 1301 2438; x_wconf 81' lang='grc' dir='ltr'>οὐχ</span> 
     </span>
     <span class='ocr_line' id='line_1_35' title="bbox 257 2441 1299 2493; baseline 0.002 -14"><span class='ocrx_word' id='word_1_301' title='bbox 257 2443 287 2479; x_wconf 83' lang='grc' dir='ltr'>οἷ</span> <span class='ocrx_word' id='word_1_302' title='bbox 314 2441 508 2493; x_wconf 72' lang='grc' dir='ltr'>πρεσὸῦται</span> <span class='ocrx_word' id='word_1_303' title='bbox 526 2449 539 2465; x_wconf 81' lang='lat'><strong>⁰</strong></span> <span class='ocrx_word' id='word_1_304' title='bbox 557 2442 659 2492; x_wconf 86' lang='grc' dir='ltr'>μόνον</span> <span class='ocrx_word' id='word_1_305' title='bbox 672 2472 682 2489; x_wconf 88' lang='grc'>,</span> <span class='ocrx_word' id='word_1_306' title='bbox 706 2442 797 2481; x_wconf 84' lang='grc' dir='ltr'>ἀλλὰ</span> <span class='ocrx_word' id='word_1_307' title='bbox 811 2442 871 2480; x_wconf 79' lang='grc' dir='ltr'>καὶ</span> <span class='ocrx_word' id='word_1_308' title='bbox 893 2445 962 2481; x_wconf 82' lang='grc' dir='ltr'>τῶν</span> <span class='ocrx_word' id='word_1_309' title='bbox 983 2443 1067 2481; x_wconf 85' lang='grc' dir='ltr'>νέων</span> <span class='ocrx_word' id='word_1_310' title='bbox 1085 2442 1159 2481; x_wconf 78' lang='grc' dir='ltr'>ὅσοι</span> <span class='ocrx_word' id='word_1_311' title='bbox 1178 2443 1215 2480; x_wconf 82' lang='grc' dir='ltr'>οὐ</span> <span class='ocrx_word' id='word_1_312' title='bbox 1237 2443 1299 2490; x_wconf 83' lang='grc' dir='ltr'>τὴν</span> 
     </span>
     <span class='ocr_line' id='line_1_36' title="bbox 257 2500 1300 2554; baseline 0.002 -16"><span class='ocrx_word' id='word_1_313' title='bbox 257 2500 401 2548; x_wconf 85' lang='grc' dir='ltr'>ἡδονήν,</span> <span class='ocrx_word' id='word_1_314' title='bbox 419 2501 509 2539; x_wconf 84' lang='grc' dir='ltr'>ἀλλὰ</span> <span class='ocrx_word' id='word_1_315' title='bbox 526 2501 564 2539; x_wconf 81' lang='grc' dir='ltr'>τὸ</span> <span class='ocrx_word' id='word_1_316' title='bbox 578 2503 752 2554; x_wconf 80' lang='grc' dir='ltr'>ὠφέλιμον</span> <span class='ocrx_word' id='word_1_317' title='bbox 769 2504 940 2548; x_wconf 85' lang='grc' dir='ltr'>ζητοῦσιν·</span> <span class='ocrx_word' id='word_1_318' title='bbox 962 2503 993 2541; x_wconf 85' lang='grc' dir='ltr'>οἱ</span> <span class='ocrx_word' id='word_1_319' title='bbox 1008 2505 1155 2541; x_wconf 77' lang='grc' dir='ltr'>τοιοῦτοι</span> <span class='ocrx_word' id='word_1_320' title='bbox 1174 2502 1208 2539; x_wconf 81' lang='grc' dir='ltr'>δὲ</span> <span class='ocrx_word' id='word_1_321' title='bbox 1223 2502 1300 2541; x_wconf 77' lang='grc' dir='ltr'>οὐδὲ</span> 
     </span>
     <span class='ocr_line' id='line_1_37' title="bbox 257 2559 1301 2613; baseline 0.005 -18"><span class='ocrx_word' id='word_1_322' title='bbox 257 2559 346 2597; x_wconf 87' lang='grc' dir='ltr'>πάνυ</span> <span class='ocrx_word' id='word_1_323' title='bbox 367 2563 496 2605; x_wconf 81' lang='grc' dir='ltr'>συζῶσι</span> <span class='ocrx_word' id='word_1_324' title='bbox 517 2560 592 2611; x_wconf 85' lang='grc' dir='ltr'>μετ’</span> <span class='ocrx_word' id='word_1_325' title='bbox 614 2561 789 2608; x_wconf 85' lang='grc' dir='ltr'>ἀλλήλων·</span> <span class='ocrx_word' id='word_1_326' title='bbox 824 2561 929 2599; x_wconf 84' lang='grc' dir='ltr'>ἐνίοτε</span> <span class='ocrx_word' id='word_1_327' title='bbox 959 2560 1027 2613; x_wconf 88' lang='grc' dir='ltr'>γὰρ</span> <span class='ocrx_word' id='word_1_328' title='bbox 1049 2560 1126 2599; x_wconf 76' lang='grc' dir='ltr'>οὐδὲ</span> <span class='ocrx_word' id='word_1_329' title='bbox 1156 2559 1301 2607; x_wconf 81' lang='grc' dir='ltr'>ἥδονται</span> 
     </span>
     <span class='ocr_line' id='line_1_38' title="bbox 259 2618 1300 2673; baseline 0.003 -18"><span class='ocrx_word' id='word_1_330' title='bbox 259 2618 430 2665; x_wconf 78' lang='grc' dir='ltr'>ἀλλήλοις·</span> <span class='ocrx_word' id='word_1_331' title='bbox 447 2624 636 2665; x_wconf 83' lang='grc' dir='ltr'>τηνικαῦτα</span> <span class='ocrx_word' id='word_1_332' title='bbox 656 2620 723 2672; x_wconf 79' lang='grc' dir='ltr'>γὰρ</span> <span class='ocrx_word' id='word_1_333' title='bbox 743 2619 885 2667; x_wconf 73' lang='grc' dir='ltr'>ἥδονται</span> <span class='ocrx_word' id='word_1_334' title='bbox 906 2620 1068 2666; x_wconf 87' lang='grc' dir='ltr'>ἀλλήλοις</span> <span class='ocrx_word' id='word_1_335' title='bbox 1081 2650 1092 2670; x_wconf 90' lang='grc'>,</span> <span class='ocrx_word' id='word_1_336' title='bbox 1109 2621 1165 2658; x_wconf 80' lang='grc' dir='ltr'>ὅτε</span> <span class='ocrx_word' id='word_1_337' title='bbox 1180 2620 1300 2673; x_wconf 76' lang='grc' dir='ltr'>ὠφέλι-</span> 
     </span>
     <span class='ocr_line' id='line_1_39' title="bbox 259 2676 1299 2732; baseline 0.003 -18"><span class='ocrx_word' id='word_1_338' title='bbox 259 2692 318 2726; x_wconf 88' lang='grc' dir='ltr'>μοι</span> <span class='ocrx_word' id='word_1_339' title='bbox 341 2676 515 2728; x_wconf 85' lang='grc' dir='ltr'>γίνονται,</span> <span class='ocrx_word' id='word_1_340' title='bbox 538 2678 559 2724; x_wconf 88' lang='grc' dir='ltr'>ἢ</span> <span class='ocrx_word' id='word_1_341' title='bbox 578 2679 718 2722; x_wconf 83' lang='grc' dir='ltr'>ἐλπίδας</span> <span class='ocrx_word' id='word_1_342' title='bbox 738 2678 951 2731; x_wconf 80' lang='grc' dir='ltr'>παρέχουσιν</span> <span class='ocrx_word' id='word_1_343' title='bbox 973 2678 1160 2732; x_wconf 76' lang='grc' dir='ltr'>ὠφελείας,</span> <span class='ocrx_word' id='word_1_344' title='bbox 1181 2679 1240 2716; x_wconf 83' lang='grc' dir='ltr'>τὸν</span> <span class='ocrx_word' id='word_1_345' title='bbox 1264 2679 1299 2717; x_wconf 78' lang='grc' dir='ltr'>δὲ</span> 
     </span>
     <span class='ocr_line' id='line_1_40' title="bbox 260 2735 1299 2788; baseline 0.002 -15"><span class='ocrx_word' id='word_1_346' title='bbox 260 2735 363 2774; x_wconf 89' lang='grc' dir='ltr'>ἄλλον</span> <span class='ocrx_word' id='word_1_347' title='bbox 383 2735 506 2788; x_wconf 84' lang='grc' dir='ltr'>χρόνον</span> <span class='ocrx_word' id='word_1_348' title='bbox 520 2737 644 2775; x_wconf 77' lang='grc' dir='ltr'>οὐκέτι·</span> <span class='ocrx_word' id='word_1_349' title='bbox 666 2746 680 2770; x_wconf 90' lang='lat' dir='ltr'>d</span> <span class='ocrx_word' id='word_1_350' title='bbox 701 2738 762 2775; x_wconf 74' lang='grc' dir='ltr'>οὐκ</span> <span class='ocrx_word' id='word_1_351' title='bbox 778 2737 871 2781; x_wconf 84' lang='grc' dir='ltr'>ὄντες</span> <span class='ocrx_word' id='word_1_352' title='bbox 889 2738 924 2775; x_wconf 84' lang='grc' dir='ltr'>δὲ</span> <span class='ocrx_word' id='word_1_353' title='bbox 948 2738 1109 2785; x_wconf 84' lang='grc' dir='ltr'>ἀλλήλοις</span> <span class='ocrx_word' id='word_1_354' title='bbox 1127 2739 1220 2784; x_wconf 78' lang='grc' dir='ltr'>ἡδεῖς</span> <span class='ocrx_word' id='word_1_355' title='bbox 1241 2738 1299 2775; x_wconf 82' lang='grc' dir='ltr'>οὔ-</span> 
     </span>
     <span class='ocr_line' id='line_1_41' title="bbox 260 2790 1298 2851; baseline 0.004 -19"><span class='ocrx_word' id='word_1_356' title='bbox 260 2793 296 2833; x_wconf 80' lang='grc' dir='ltr'>δὲ</span> <span class='ocrx_word' id='word_1_357' title='bbox 317 2794 480 2833; x_wconf 84' lang='grc' dir='ltr'>δύνανται</span> <span class='ocrx_word' id='word_1_358' title='bbox 507 2799 691 2836; x_wconf 85' lang='grc' dir='ltr'>συνοικεῖν.</span> <span class='ocrx_word' id='word_1_359' title='bbox 717 2796 894 2844; x_wconf 82' lang='grc' dir='ltr'>Τοιαύτην</span> <span class='ocrx_word' id='word_1_360' title='bbox 929 2797 964 2835; x_wconf 85' lang='grc' dir='ltr'>δέ</span> <span class='ocrx_word' id='word_1_361' title='bbox 994 2813 1098 2851; x_wconf 84' lang='grc' dir='ltr'>φασιν</span> <span class='ocrx_word' id='word_1_362' title='bbox 1129 2790 1298 2836; x_wconf 70' lang='grc' dir='ltr'>εἶναικαὶ</span> 
     </span>
     <span class='ocr_line' id='line_1_42' title="bbox 258 2853 1299 2909; baseline 0.002 -18"><span class='ocrx_word' id='word_1_363' title='bbox 258 2853 320 2900; x_wconf 81' lang='grc' dir='ltr'>τὴν</span> <span class='ocrx_word' id='word_1_364' title='bbox 340 2853 474 2901; x_wconf 81' lang='grc' dir='ltr'>ξενικὴν</span> <span class='ocrx_word' id='word_1_365' title='bbox 491 2854 620 2907; x_wconf 88' lang='grc' dir='ltr'>φιλίαν·</span> <span class='ocrx_word' id='word_1_366' title='bbox 636 2856 693 2893; x_wconf 78' lang='grc' dir='ltr'>καὶ</span> <span class='ocrx_word' id='word_1_367' title='bbox 712 2854 799 2902; x_wconf 78' lang='grc' dir='ltr'>αὕτη</span> <span class='ocrx_word' id='word_1_368' title='bbox 816 2855 884 2909; x_wconf 88' lang='grc' dir='ltr'>γὰρ</span> <span class='ocrx_word' id='word_1_369' title='bbox 905 2856 961 2894; x_wconf 81' lang='grc' dir='ltr'>διὰ</span> <span class='ocrx_word' id='word_1_370' title='bbox 977 2857 1017 2895; x_wconf 84' lang='grc' dir='ltr'>τὸ</span> <span class='ocrx_word' id='word_1_371' title='bbox 1031 2855 1204 2908; x_wconf 86' lang='grc' dir='ltr'>χρήσιμον</span> <span class='ocrx_word' id='word_1_372' title='bbox 1217 2871 1299 2894; x_wconf 92' lang='grc' dir='ltr'>συν-</span> 
     </span>
     <span class='ocr_line' id='line_1_43' title="bbox 260 2913 686 2961; baseline 0.005 -9"><span class='ocrx_word' id='word_1_373' title='bbox 260 2913 415 2961; x_wconf 83' lang='grc' dir='ltr'>έστηκεν.</span> <span class='ocrx_word' id='word_1_374' title='bbox 682 2930 686 2934; x_wconf 94' lang='grc'><strong><em>·</em></strong></span> 
     </span>
    </p>

    <p class='ocr_par' dir='ltr' id='par_1_7' title="bbox 260 2971 1302 3319">
     <span class='ocr_line' id='line_1_44' title="bbox 314 2971 1302 3026; baseline 0.004 -17"><span class='ocrx_word' id='word_1_375' title='bbox 314 2972 367 2990; x_wconf 86' lang='lat'>***</span> <span class='ocrx_word' id='word_1_376' title='bbox 378 2971 424 3011; x_wconf 85' lang='lat' dir='ltr'>‘H</span> <span class='ocrx_word' id='word_1_377' title='bbox 440 2972 475 3010; x_wconf 83' lang='grc' dir='ltr'>δὲ</span> <span class='ocrx_word' id='word_1_378' title='bbox 493 2972 589 3026; x_wconf 84' lang='grc' dir='ltr'>φιλία</span> <span class='ocrx_word' id='word_1_379' title='bbox 604 2976 671 3011; x_wconf 75' lang='grc' dir='ltr'>τῶν</span> <span class='ocrx_word' id='word_1_380' title='bbox 691 2973 776 3011; x_wconf 84' lang='grc' dir='ltr'>νέων</span> <span class='ocrx_word' id='word_1_381' title='bbox 792 2977 836 3017; x_wconf 83' lang='grc' dir='ltr'>ὡς</span> <span class='ocrx_word' id='word_1_382' title='bbox 852 2974 908 3013; x_wconf 82' lang='grc' dir='ltr'>ἐπὶ</span> <span class='ocrx_word' id='word_1_383' title='bbox 926 2973 965 3013; x_wconf 82' lang='grc' dir='ltr'>τὸ</span> <span class='ocrx_word' id='word_1_384' title='bbox 981 2975 1145 3014; x_wconf 82' lang='grc' dir='ltr'>πλεῖστον</span> <span class='ocrx_word' id='word_1_385' title='bbox 1162 2975 1204 3013; x_wconf 90' lang='grc' dir='ltr'>δι’</span> <span class='ocrx_word' id='word_1_386' title='bbox 1217 2976 1302 3022; x_wconf 85' lang='grc' dir='ltr'>ἡδο-</span> 
     </span>
     <span class='ocr_line' id='line_1_45' title="bbox 260 3028 1299 3084; baseline 0.002 -14"><span class='ocrx_word' id='word_1_387' title='bbox 260 3031 322 3078; x_wconf 83' lang='grc' dir='ltr'>νήν</span> <span class='ocrx_word' id='word_1_388' title='bbox 343 3033 428 3070; x_wconf 82' lang='grc' dir='ltr'>ἐστι.</span> <span class='ocrx_word' id='word_1_389' title='bbox 452 3031 555 3070; x_wconf 83' lang='grc' dir='ltr'>Κατὰ</span> <span class='ocrx_word' id='word_1_390' title='bbox 576 3031 683 3076; x_wconf 85' lang='grc' dir='ltr'>πάθος</span> <span class='ocrx_word' id='word_1_391' title='bbox 716 3033 782 3084; x_wconf 85' lang='grc' dir='ltr'>γὰρ</span> <span class='ocrx_word' id='word_1_392' title='bbox 803 3028 895 3071; x_wconf 63' lang='grc' dir='ltr'>οὗτοι</span> <span class='ocrx_word' id='word_1_393' title='bbox 925 3036 1034 3081; x_wconf 81' lang='grc' dir='ltr'>ζῶσι,</span> <span class='ocrx_word' id='word_1_394' title='bbox 1056 3034 1116 3072; x_wconf 83' lang='grc' dir='ltr'>καὶ</span> <span class='ocrx_word' id='word_1_395' title='bbox 1144 3034 1299 3084; x_wconf 85' lang='grc' dir='ltr'>μάλιστα</span> 
     </span>
     <span class='ocr_line' id='line_1_46' title="bbox 261 3089 1297 3146; baseline 0.002 -18"><span class='ocrx_word' id='word_1_396' title='bbox 261 3090 424 3128; x_wconf 84' lang='grc' dir='ltr'>διώκουσι</span> <span class='ocrx_word' id='word_1_397' title='bbox 451 3089 490 3128; x_wconf 79' lang='grc' dir='ltr'>τὸ</span> <span class='ocrx_word' id='word_1_398' title='bbox 509 3090 597 3137; x_wconf 80' lang='grc' dir='ltr'>ἡδύ,</span> <span class='ocrx_word' id='word_1_399' title='bbox 620 3090 679 3129; x_wconf 86' lang='grc' dir='ltr'>καὶ</span> <span class='ocrx_word' id='word_1_400' title='bbox 710 3093 748 3129; x_wconf 82' lang='grc' dir='ltr'>οὐ</span> <span class='ocrx_word' id='word_1_401' title='bbox 776 3090 838 3137; x_wconf 88' lang='grc' dir='ltr'>τὴν</span> <span class='ocrx_word' id='word_1_402' title='bbox 880 3092 1076 3141; x_wconf 85' lang='grc' dir='ltr'>μέλλουσαν</span> <span class='ocrx_word' id='word_1_403' title='bbox 1101 3092 1297 3146; x_wconf 81' lang='grc' dir='ltr'>ὠφέλειαν,</span> 
     </span>
     <span class='ocr_line' id='line_1_47' title="bbox 263 3149 1300 3203; baseline 0.003 -16"><span class='ocrx_word' id='word_1_404' title='bbox 263 3150 352 3188; x_wconf 84' lang='grc' dir='ltr'>ἀλλὰ</span> <span class='ocrx_word' id='word_1_405' title='bbox 374 3149 436 3196; x_wconf 87' lang='grc' dir='ltr'>τὴν</span> <span class='ocrx_word' id='word_1_406' title='bbox 466 3153 647 3202; x_wconf 83' lang='grc' dir='ltr'>παροῦσαν</span> <span class='ocrx_word' id='word_1_407' title='bbox 684 3149 826 3196; x_wconf 75' lang='grc' dir='ltr'>ἡδονήν·</span> <span class='ocrx_word' id='word_1_408' title='bbox 864 3151 1021 3196; x_wconf 81' lang='grc' dir='ltr'>αἰσθήσει</span> <span class='ocrx_word' id='word_1_409' title='bbox 1057 3151 1123 3203; x_wconf 83' lang='grc' dir='ltr'>γὰρ</span> <span class='ocrx_word' id='word_1_410' title='bbox 1145 3152 1300 3202; x_wconf 79' lang='grc' dir='ltr'>μάλιστα</span> 
     </span>
     <span class='ocr_line' id='line_1_48' title="bbox 262 3207 1296 3260; baseline 0.003 -15"><span class='ocrx_word' id='word_1_411' title='bbox 262 3210 386 3253; x_wconf 85' lang='grc' dir='ltr'>ζῶντες</span> <span class='ocrx_word' id='word_1_412' title='bbox 412 3209 462 3260; x_wconf 80' lang='grc' dir='ltr'>τῷ</span> <span class='ocrx_word' id='word_1_413' title='bbox 479 3207 627 3260; x_wconf 87' lang='grc' dir='ltr'>παρόντι</span> <span class='ocrx_word' id='word_1_414' title='bbox 647 3208 830 3260; x_wconf 75' lang='grc' dir='ltr'>χαίρουσι,</span> <span class='ocrx_word' id='word_1_415' title='bbox 846 3208 905 3246; x_wconf 80' lang='grc' dir='ltr'>καὶ</span> <span class='ocrx_word' id='word_1_416' title='bbox 924 3208 943 3246; x_wconf 82' lang='grc' dir='ltr'>ὃ</span> <span class='ocrx_word' id='word_1_417' title='bbox 958 3209 1017 3255; x_wconf 82' lang='grc' dir='ltr'>τὴν</span> <span class='ocrx_word' id='word_1_418' title='bbox 1038 3209 1198 3256; x_wconf 84' lang='grc' dir='ltr'>αἴσθησιν</span> <span class='ocrx_word' id='word_1_419' title='bbox 1217 3208 1296 3248; x_wconf 79' lang='grc' dir='ltr'>θέλ-</span> 
     </span>
     <span class='ocr_line' id='line_1_49' title="bbox 261 3266 1297 3319; baseline 0.002 -15"><span class='ocrx_word' id='word_1_420' title='bbox 261 3282 328 3318; x_wconf 80' lang='grc' dir='ltr'>γει.</span> <span class='ocrx_word' id='word_1_421' title='bbox 352 3269 427 3314; x_wconf 77' lang='grc' dir='ltr'>Τῆς</span> <span class='ocrx_word' id='word_1_422' title='bbox 452 3266 590 3314; x_wconf 85' lang='grc' dir='ltr'>ἡλικίας</span> <span class='ocrx_word' id='word_1_423' title='bbox 609 3266 646 3304; x_wconf 84' lang='grc' dir='ltr'>δὲ</span> <span class='ocrx_word' id='word_1_424' title='bbox 673 3266 959 3317; x_wconf 83' lang='grc' dir='ltr'>μεταπιπτούσης</span> <span class='ocrx_word' id='word_1_425' title='bbox 990 3267 1048 3305; x_wconf 79' lang='grc' dir='ltr'>καὶ</span> <span class='ocrx_word' id='word_1_426' title='bbox 1077 3268 1120 3305; x_wconf 86' lang='grc' dir='ltr'>τὰ</span> <span class='ocrx_word' id='word_1_427' title='bbox 1139 3267 1224 3314; x_wconf 80' lang='grc' dir='ltr'>ἡδέα</span> <span class='ocrx_word' id='word_1_428' title='bbox 1247 3268 1297 3319; x_wconf 90' lang='grc' dir='ltr'>γί-</span> 
     </span>
    </p>
   </div>
   <div class='ocr_carea' id='block_1_6' title="bbox 268 180 1571 325">
    <p class='ocr_par' dir='ltr' id='par_1_8' title="bbox 268 180 1571 325">
     <span class='ocr_line' id='line_1_50' title="bbox 1082 180 1571 226; baseline 0.006 -4"><span class='ocrx_word' id='word_1_429' title='bbox 1082 180 1368 225; x_wconf 81' lang='lat' dir='ltr'>&#39;ANDRONICI</span> <span class='ocrx_word' id='word_1_430' title='bbox 1394 185 1571 226; x_wconf 80' lang='lat' dir='ltr'>RHODH</span> 
     </span>
     <span class='ocr_line' id='line_1_51' title="bbox 268 267 1349 325; baseline 0.004 -17"><span class='ocrx_word' id='word_1_431' title='bbox 268 270 490 321; x_wconf 82' lang='lat' dir='ltr'>Empedocl.</span> <span class='ocrx_word' id='word_1_432' title='bbox 510 268 636 306; x_wconf 84' lang='lat' dir='ltr'>Carm.</span> <span class='ocrx_word' id='word_1_433' title='bbox 658 281 714 308; x_wconf 90' lang='lat' dir='ltr'>vs.</span> <span class='ocrx_word' id='word_1_434' title='bbox 737 269 911 318; x_wconf 79' lang='lat'>338-339</span> <span class='ocrx_word' id='word_1_435' title='bbox 927 267 974 313; x_wconf 86' lang='grc' dir='ltr'>ὣς</span> <span class='ocrx_word' id='word_1_436' title='bbox 986 269 1094 321; x_wconf 83' lang='grc' dir='ltr'>γλυκὺ</span> <span class='ocrx_word' id='word_1_437' title='bbox 1116 271 1178 322; x_wconf 86' lang='grc' dir='ltr'>μὲν</span> <span class='ocrx_word' id='word_1_438' title='bbox 1195 272 1304 325; x_wconf 79' lang='grc' dir='ltr'>γλυκὺ</span> <span class='ocrx_word' id='word_1_439' title='bbox 1347 298 1349 300; x_wconf 88' lang='lat'>·</span> 
     </span>
    </p>
   </div>
   <div class='ocr_carea' id='block_1_7' title="bbox 1814 590 1975 631">
    <p class='ocr_par' dir='ltr' id='par_1_9' title="bbox 1814 590 1975 631">
     <span class='ocr_line' id='line_1_52' title="bbox 1814 590 1975 631; baseline 0.006 -9"><span class='ocrx_word' id='word_1_440' title='bbox 1814 590 1890 631; x_wconf 78' lang='lat' dir='ltr'>Gap.</span> <span class='ocrx_word' id='word_1_441' title='bbox 1918 591 1975 623; x_wconf 78' lang='grc' dir='ltr'>ΙΙΙ.</span> 
     </span>
    </p>
   </div>
   <div class='ocr_carea' id='block_1_8' title="bbox 1368 688 2409 774">
    <p class='ocr_par' dir='ltr' id='par_1_10' title="bbox 1368 688 2409 774">
     <span class='ocr_line' id='line_1_53' title="bbox 1368 688 2409 731; baseline 0.007 -15"><span class='ocrx_word' id='word_1_442' title='bbox 1368 689 1408 717; x_wconf 86' lang='lat' dir='ltr'>De</span> <span class='ocrx_word' id='word_1_443' title='bbox 1420 695 1467 723; x_wconf 86' lang='lat' dir='ltr'>ea,</span> <span class='ocrx_word' id='word_1_444' title='bbox 1481 694 1547 731; x_wconf 80' lang='lat' dir='ltr'>quae</span> <span class='ocrx_word' id='word_1_445' title='bbox 1563 691 1615 717; x_wconf 85' lang='lat' dir='ltr'>aut</span> <span class='ocrx_word' id='word_1_446' title='bbox 1629 688 1773 721; x_wconf 67' lang='lat' dir='ltr'>utilitatis,</span> <span class='ocrx_word' id='word_1_447' title='bbox 1790 692 1842 718; x_wconf 86' lang='lat' dir='ltr'>aut</span> <span class='ocrx_word' id='word_1_448' title='bbox 1857 690 2020 727; x_wconf 82' lang='lat' dir='ltr'>voluptatis</span> <span class='ocrx_word' id='word_1_449' title='bbox 2031 697 2120 720; x_wconf 84' lang='lat' dir='ltr'>causa</span> <span class='ocrx_word' id='word_1_450' title='bbox 2140 691 2318 730; x_wconf 74' lang='lat' dir='ltr'><strong>instituitur,</strong></span> <span class='ocrx_word' id='word_1_451' title='bbox 2335 692 2409 723; x_wconf 72' lang='lat' dir='ltr'>ami·</span> 
     </span>
     <span class='ocr_line' id='line_1_54' title="bbox 1524 736 2178 774; baseline 0.005 -10"><span class='ocrx_word' id='word_1_452' title='bbox 1524 736 1594 764; x_wconf 87' lang='lat' dir='ltr'>citia</span> <span class='ocrx_word' id='word_1_453' title='bbox 1606 747 1612 770; x_wconf 89' lang='grc'><strong>;</strong></span> <span class='ocrx_word' id='word_1_454' title='bbox 1628 743 1734 772; x_wconf 85' lang='lat' dir='ltr'>easque</span> <span class='ocrx_word' id='word_1_455' title='bbox 1746 736 1889 765; x_wconf 74' lang='lat' dir='ltr'>amicitias</span> <span class='ocrx_word' id='word_1_456' title='bbox 1900 736 2093 774; x_wconf 73' lang='lat' dir='ltr'>imperfectas</span> <span class='ocrx_word' id='word_1_457' title='bbox 2105 745 2178 768; x_wconf 90' lang='lat' dir='ltr'>esse.</span> 
     </span>
    </p>
   </div>
   <div class='ocr_carea' id='block_1_9' title="bbox 1359 845 2410 2174">
    <p class='ocr_par' dir='ltr' id='par_1_11' title="bbox 1360 845 2410 1945">
     <span class='ocr_line' id='line_1_55' title="bbox 1406 845 2409 891; baseline 0.002 -13"><span class='ocrx_word' id='word_1_458' title='bbox 1406 845 1471 878; x_wconf 85' lang='lat' dir='ltr'>Sed</span> <span class='ocrx_word' id='word_1_459' title='bbox 1489 845 1530 878; x_wconf 90' lang='lat' dir='ltr'>de</span> <span class='ocrx_word' id='word_1_460' title='bbox 1558 855 1756 889; x_wconf 81' lang='lat' dir='ltr'>unaquaque</span> <span class='ocrx_word' id='word_1_461' title='bbox 1776 847 1882 889; x_wconf 86' lang='lat' dir='ltr'>specie</span> <span class='ocrx_word' id='word_1_462' title='bbox 1909 847 2125 889; x_wconf 82' lang='lat' dir='ltr'>quaereudum</span> <span class='ocrx_word' id='word_1_463' title='bbox 2153 850 2219 882; x_wconf 83' lang='lat' dir='ltr'>est,</span> <span class='ocrx_word' id='word_1_464' title='bbox 2241 848 2308 888; x_wconf 85' lang='lat' dir='ltr'>Qui</span> <span class='ocrx_word' id='word_1_465' title='bbox 2330 857 2409 891; x_wconf 80' lang='lat' dir='ltr'>ergo</span> 
     </span>
     <span class='ocr_line' id='line_1_56' title="bbox 1366 894 2410 950; baseline 0.005 -14"><span class='ocrx_word' id='word_1_466' title='bbox 1366 904 1518 937; x_wconf 80' lang='lat' dir='ltr'>utilitatis</span> <span class='ocrx_word' id='word_1_467' title='bbox 1534 914 1632 938; x_wconf 85' lang='lat' dir='ltr'>causa</span> <span class='ocrx_word' id='word_1_468' title='bbox 1648 915 1683 938; x_wconf 87' lang='lat' dir='ltr'>se</span> <span class='ocrx_word' id='word_1_469' title='bbox 1696 909 1814 938; x_wconf 90' lang='lat' dir='ltr'>mutuo</span> <span class='ocrx_word' id='word_1_470' title='bbox 1832 907 1983 948; x_wconf 86' lang='lat' dir='ltr'>diligunt,</span> <span class='ocrx_word' id='word_1_471' title='bbox 2003 917 2066 940; x_wconf 91' lang='lat' dir='ltr'>non</span> <span class='ocrx_word' id='word_1_472' title='bbox 2081 907 2228 950; x_wconf 83' lang='lat' dir='ltr'>ipsorum</span> <span class='ocrx_word' id='word_1_473' title='bbox 2244 917 2344 941; x_wconf 80' lang='lat' dir='ltr'>causa</span> <span class='ocrx_word' id='word_1_474' title='bbox 2357 894 2410 941; x_wconf 62' lang='grc' dir='ltr'>ἰεί-</span> 
     </span>
     <span class='ocr_line' id='line_1_57' title="bbox 1363 966 2408 1010; baseline 0.004 -14"><span class='ocrx_word' id='word_1_475' title='bbox 1363 966 1414 996; x_wconf 90' lang='lat' dir='ltr'>ter</span> <span class='ocrx_word' id='word_1_476' title='bbox 1445 974 1479 996; x_wconf 82' lang='lat' dir='ltr'>se</span> <span class='ocrx_word' id='word_1_477' title='bbox 1512 967 1640 1006; x_wconf 85' lang='lat' dir='ltr'>amant,</span> <span class='ocrx_word' id='word_1_478' title='bbox 1667 966 1726 998; x_wconf 85' lang='lat' dir='ltr'>sed</span> <span class='ocrx_word' id='word_1_479' title='bbox 1754 968 1887 1008; x_wconf 87' lang='lat' dir='ltr'>propter</span> <span class='ocrx_word' id='word_1_480' title='bbox 1920 966 2042 999; x_wconf 90' lang='lat' dir='ltr'>bonum</span> <span class='ocrx_word' id='word_1_481' title='bbox 2063 969 2121 1000; x_wconf 88' lang='lat' dir='ltr'>aut</span> <span class='ocrx_word' id='word_1_482' title='bbox 2143 966 2345 1010; x_wconf 89' lang='lat' dir='ltr'>jucundum,</span> <span class='ocrx_word' id='word_1_483' title='bbox 2365 966 2408 1000; x_wconf 84' lang='lat' dir='ltr'>ad</span> 
     </span>
     <span class='ocr_line' id='line_1_58' title="bbox 1362 1024 2409 1069; baseline 0.005 -14"><span class='ocrx_word' id='word_1_484' title='bbox 1362 1033 1462 1065; x_wconf 83' lang='lat' dir='ltr'>quam</span> <span class='ocrx_word' id='word_1_485' title='bbox 1481 1033 1551 1056; x_wconf 86' lang='lat' dir='ltr'>rem</span> <span class='ocrx_word' id='word_1_486' title='bbox 1564 1024 1611 1056; x_wconf 89' lang='lat' dir='ltr'>ilii</span> <span class='ocrx_word' id='word_1_487' title='bbox 1628 1024 1783 1066; x_wconf 81' lang='lat' dir='ltr'>prodesse</span> <span class='ocrx_word' id='word_1_488' title='bbox 1801 1026 1971 1067; x_wconf 90' lang='lat' dir='ltr'>videntur,</span> <span class='ocrx_word' id='word_1_489' title='bbox 1993 1028 2170 1069; x_wconf 86' lang='lat' dir='ltr'>amantque</span> <span class='ocrx_word' id='word_1_490' title='bbox 2195 1026 2299 1060; x_wconf 89' lang='lat' dir='ltr'>donec</span> <span class='ocrx_word' id='word_1_491' title='bbox 2323 1026 2409 1060; x_wconf 80' lang='lat' dir='ltr'>alter</span> 
     </span>
     <span class='ocr_line' id='line_1_59' title="bbox 1363 1082 2407 1128; baseline 0.003 -14"><span class='ocrx_word' id='word_1_492' title='bbox 1363 1082 1404 1114; x_wconf 90' lang='lat' dir='ltr'>ab</span> <span class='ocrx_word' id='word_1_493' title='bbox 1419 1083 1522 1115; x_wconf 89' lang='lat' dir='ltr'>altero</span> <span class='ocrx_word' id='word_1_494' title='bbox 1547 1083 1674 1125; x_wconf 78' lang='lat' dir='ltr'>aliquid</span> <span class='ocrx_word' id='word_1_495' title='bbox 1700 1083 1777 1116; x_wconf 90' lang='lat' dir='ltr'>boni</span> <span class='ocrx_word' id='word_1_496' title='bbox 1801 1085 1988 1126; x_wconf 80' lang='lat' dir='ltr'>acceperit:</span> <span class='ocrx_word' id='word_1_497' title='bbox 2015 1085 2196 1128; x_wconf 88' lang='lat' dir='ltr'>eodemque</span> <span class='ocrx_word' id='word_1_498' title='bbox 2222 1084 2322 1119; x_wconf 89' lang='lat' dir='ltr'>modo</span> <span class='ocrx_word' id='word_1_499' title='bbox 2347 1085 2407 1128; x_wconf 76' lang='lat' dir='ltr'>qui</span> 
     </span>
     <span class='ocr_line' id='line_1_60' title="bbox 1362 1140 2405 1186; baseline 0.005 -13"><span class='ocrx_word' id='word_1_500' title='bbox 1362 1141 1542 1183; x_wconf 83' lang='lat' dir='ltr'>voluptatis</span> <span class='ocrx_word' id='word_1_501' title='bbox 1555 1151 1655 1174; x_wconf 86' lang='lat' dir='ltr'>causa</span> <span class='ocrx_word' id='word_1_502' title='bbox 1671 1141 1758 1175; x_wconf 89' lang='lat' dir='ltr'>inter</span> <span class='ocrx_word' id='word_1_503' title='bbox 1779 1152 1813 1176; x_wconf 86' lang='lat' dir='ltr'>se</span> <span class='ocrx_word' id='word_1_504' title='bbox 1831 1146 1963 1182; x_wconf 81' lang='lat' dir='ltr'>amant,</span> <span class='ocrx_word' id='word_1_505' title='bbox 1986 1153 2050 1176; x_wconf 91' lang='lat' dir='ltr'>non</span> <span class='ocrx_word' id='word_1_506' title='bbox 2063 1153 2120 1186; x_wconf 89' lang='lat' dir='ltr'>per</span> <span class='ocrx_word' id='word_1_507' title='bbox 2135 1153 2171 1177; x_wconf 85' lang='lat' dir='ltr'>se</span> <span class='ocrx_word' id='word_1_508' title='bbox 2186 1146 2299 1177; x_wconf 86' lang='lat' dir='ltr'>amant</span> <span class='ocrx_word' id='word_1_509' title='bbox 2317 1154 2325 1175; x_wconf 90' lang='lat'><strong>:</strong></span> <span class='ocrx_word' id='word_1_510' title='bbox 2344 1140 2405 1178; x_wconf 82' lang='lat' dir='ltr'>ne-</span> 
     </span>
     <span class='ocr_line' id='line_1_61' title="bbox 1361 1199 2404 1244; baseline 0.004 -12"><span class='ocrx_word' id='word_1_511' title='bbox 1361 1209 1426 1242; x_wconf 91' lang='lat' dir='ltr'>que</span> <span class='ocrx_word' id='word_1_512' title='bbox 1434 1199 1521 1233; x_wconf 91' lang='lat' dir='ltr'>enim</span> <span class='ocrx_word' id='word_1_513' title='bbox 1537 1200 1627 1242; x_wconf 89' lang='lat' dir='ltr'>quod</span> <span class='ocrx_word' id='word_1_514' title='bbox 1641 1200 1977 1244; x_wconf 82' lang='lat' dir='ltr'>simplieiterjucundi</span> <span class='ocrx_word' id='word_1_515' title='bbox 1990 1202 2066 1241; x_wconf 84' lang='lat' dir='ltr'>sint,</span> <span class='ocrx_word' id='word_1_516' title='bbox 2077 1201 2201 1235; x_wconf 83' lang='lat' dir='ltr'>idcirco</span> <span class='ocrx_word' id='word_1_517' title='bbox 2213 1211 2270 1235; x_wconf 85' lang='lat' dir='ltr'>eos</span> <span class='ocrx_word' id='word_1_518' title='bbox 2282 1204 2404 1242; x_wconf 82' lang='lat' dir='ltr'>amant,</span> 
     </span>
     <span class='ocr_line' id='line_1_62' title="bbox 1363 1247 2405 1304; baseline 0.004 -13"><span class='ocrx_word' id='word_1_519' title='bbox 1363 1259 1421 1292; x_wconf 86' lang='lat' dir='ltr'>sed</span> <span class='ocrx_word' id='word_1_520' title='bbox 1435 1259 1515 1302; x_wconf 87' lang='lat' dir='ltr'>quia</span> <span class='ocrx_word' id='word_1_521' title='bbox 1529 1259 1609 1301; x_wconf 85' lang='lat' dir='ltr'>ipsis</span> <span class='ocrx_word' id='word_1_522' title='bbox 1627 1259 1766 1301; x_wconf 88' lang='lat' dir='ltr'>jucundi</span> <span class='ocrx_word' id='word_1_523' title='bbox 1785 1247 1881 1302; x_wconf 80' lang='lat' dir='ltr'>sunt3</span> <span class='ocrx_word' id='word_1_524' title='bbox 1897 1260 1925 1293; x_wconf 86' lang='lat' dir='ltr'>si</span> <span class='ocrx_word' id='word_1_525' title='bbox 1942 1261 2029 1293; x_wconf 91' lang='lat' dir='ltr'>enim</span> <span class='ocrx_word' id='word_1_526' title='bbox 2046 1259 2121 1294; x_wconf 88' lang='lat' dir='ltr'>aliis</span> <span class='ocrx_word' id='word_1_527' title='bbox 2132 1261 2270 1304; x_wconf 86' lang='lat' dir='ltr'>jucundi</span> <span class='ocrx_word' id='word_1_528' title='bbox 2284 1262 2405 1301; x_wconf 76' lang='lat' dir='ltr'>essent,</span> 
     </span>
     <span class='ocr_line' id='line_1_63' title="bbox 1362 1319 2405 1364; baseline 0.004 -14"><span class='ocrx_word' id='word_1_529' title='bbox 1362 1327 1419 1351; x_wconf 86' lang='lat' dir='ltr'>eos</span> <span class='ocrx_word' id='word_1_530' title='bbox 1439 1327 1505 1350; x_wconf 91' lang='lat' dir='ltr'>non</span> <span class='ocrx_word' id='word_1_531' title='bbox 1520 1320 1668 1351; x_wconf 87' lang='lat' dir='ltr'>amarent</span> <span class='ocrx_word' id='word_1_532' title='bbox 1684 1331 1692 1351; x_wconf 75' lang='grc' dir='ltr'><strong><em>ε</em></strong></span> <span class='ocrx_word' id='word_1_533' title='bbox 1708 1328 1784 1361; x_wconf 86' lang='lat' dir='ltr'>ergo</span> <span class='ocrx_word' id='word_1_534' title='bbox 1800 1321 1833 1352; x_wconf 88' lang='lat' dir='ltr'>et</span> <span class='ocrx_word' id='word_1_535' title='bbox 1855 1319 1903 1351; x_wconf 89' lang='lat' dir='ltr'>illi</span> <span class='ocrx_word' id='word_1_536' title='bbox 1922 1320 1979 1362; x_wconf 90' lang='lat' dir='ltr'>qui</span> <span class='ocrx_word' id='word_1_537' title='bbox 2000 1319 2152 1353; x_wconf 79' lang='lat' dir='ltr'>utilitatis</span> <span class='ocrx_word' id='word_1_538' title='bbox 2183 1319 2291 1364; x_wconf 86' lang='lat' dir='ltr'>etqui</span> <span class='ocrx_word' id='word_1_539' title='bbox 2305 1320 2405 1354; x_wconf 83' lang='lat' dir='ltr'>volu-</span> 
     </span>
     <span class='ocr_line' id='line_1_64' title="bbox 1361 1377 2406 1423; baseline 0.004 -14"><span class='ocrx_word' id='word_1_540' title='bbox 1361 1377 1463 1419; x_wconf 86' lang='lat' dir='ltr'>ptatis</span> <span class='ocrx_word' id='word_1_541' title='bbox 1479 1386 1578 1410; x_wconf 89' lang='lat' dir='ltr'>causa</span> <span class='ocrx_word' id='word_1_542' title='bbox 1598 1379 1729 1419; x_wconf 86' lang='lat' dir='ltr'>amant,</span> <span class='ocrx_word' id='word_1_543' title='bbox 1748 1388 1812 1410; x_wconf 90' lang='lat' dir='ltr'>non</span> <span class='ocrx_word' id='word_1_544' title='bbox 1835 1378 2026 1420; x_wconf 86' lang='lat' dir='ltr'>simpliciter</span> <span class='ocrx_word' id='word_1_545' title='bbox 2038 1379 2080 1412; x_wconf 91' lang='lat' dir='ltr'>ob</span> <span class='ocrx_word' id='word_1_546' title='bbox 2097 1378 2221 1412; x_wconf 90' lang='lat' dir='ltr'>bonum</span> <span class='ocrx_word' id='word_1_547' title='bbox 2239 1381 2274 1413; x_wconf 84' lang='lat' dir='ltr'>et</span> <span class='ocrx_word' id='word_1_548' title='bbox 2284 1380 2406 1423; x_wconf 80' lang='lat' dir='ltr'>jucun·</span> 
     </span>
     <span class='ocr_line' id='line_1_65' title="bbox 1361 1437 2403 1483; baseline 0.004 -13"><span class='ocrx_word' id='word_1_549' title='bbox 1361 1437 1443 1471; x_wconf 89' lang='lat' dir='ltr'>dum</span> <span class='ocrx_word' id='word_1_550' title='bbox 1462 1438 1622 1480; x_wconf 88' lang='lat' dir='ltr'>diligunt,</span> <span class='ocrx_word' id='word_1_551' title='bbox 1647 1448 1707 1472; x_wconf 90' lang='lat' dir='ltr'>nec</span> <span class='ocrx_word' id='word_1_552' title='bbox 1723 1439 1813 1482; x_wconf 85' lang='lat' dir='ltr'>quod</span> <span class='ocrx_word' id='word_1_553' title='bbox 1826 1440 1925 1472; x_wconf 89' lang='lat' dir='ltr'>homo</span> <span class='ocrx_word' id='word_1_554' title='bbox 1940 1440 1999 1483; x_wconf 89' lang='lat' dir='ltr'>qui</span> <span class='ocrx_word' id='word_1_555' title='bbox 2011 1442 2143 1473; x_wconf 75' lang='lat' dir='ltr'>amatur</span> <span class='ocrx_word' id='word_1_556' title='bbox 2160 1439 2231 1483; x_wconf 81' lang='lat' dir='ltr'>ipse</span> <span class='ocrx_word' id='word_1_557' title='bbox 2250 1440 2328 1474; x_wconf 73' lang='lat' dir='ltr'>talis</span> <span class='ocrx_word' id='word_1_558' title='bbox 2340 1440 2403 1480; x_wconf 80' lang='lat' dir='ltr'>sit,</span> 
     </span>
     <span class='ocr_line' id='line_1_66' title="bbox 1361 1498 2407 1542; baseline 0.003 -13"><span class='ocrx_word' id='word_1_559' title='bbox 1361 1499 1533 1539; x_wconf 87' lang='lat' dir='ltr'>propterea</span> <span class='ocrx_word' id='word_1_560' title='bbox 1553 1500 1680 1537; x_wconf 87' lang='lat' dir='ltr'>amant,</span> <span class='ocrx_word' id='word_1_561' title='bbox 1712 1499 1769 1531; x_wconf 88' lang='lat' dir='ltr'>sed</span> <span class='ocrx_word' id='word_1_562' title='bbox 1795 1499 1875 1541; x_wconf 88' lang='lat' dir='ltr'>quia</span> <span class='ocrx_word' id='word_1_563' title='bbox 1896 1498 1976 1542; x_wconf 89' lang='lat' dir='ltr'>ipsis</span> <span class='ocrx_word' id='word_1_564' title='bbox 1993 1499 2160 1541; x_wconf 85' lang='lat' dir='ltr'>jucundus</span> <span class='ocrx_word' id='word_1_565' title='bbox 2186 1501 2288 1542; x_wconf 85' lang='lat' dir='ltr'>atque</span> <span class='ocrx_word' id='word_1_566' title='bbox 2314 1499 2407 1533; x_wconf 84' lang='lat' dir='ltr'>utilis</span> 
     </span>
     <span class='ocr_line' id='line_1_67' title="bbox 1361 1556 2406 1600; baseline 0.003 -11"><span class='ocrx_word' id='word_1_567' title='bbox 1361 1558 1422 1589; x_wconf 87' lang='lat' dir='ltr'>est.</span> <span class='ocrx_word' id='word_1_568' title='bbox 1442 1556 1537 1590; x_wconf 87' lang='lat' dir='ltr'><strong>Unde</strong></span> <span class='ocrx_word' id='word_1_569' title='bbox 1567 1559 1728 1599; x_wconf 76' lang='lat' dir='ltr'>apparet,⁴</span> <span class='ocrx_word' id='word_1_570' title='bbox 1753 1559 1882 1590; x_wconf 86' lang='lat' dir='ltr'>tantum</span> <span class='ocrx_word' id='word_1_571' title='bbox 1906 1567 1964 1600; x_wconf 89' lang='lat' dir='ltr'>per</span> <span class='ocrx_word' id='word_1_572' title='bbox 1984 1558 2135 1591; x_wconf 87' lang='lat' dir='ltr'>accidens</span> <span class='ocrx_word' id='word_1_573' title='bbox 2159 1559 2220 1592; x_wconf 87' lang='lat' dir='ltr'>has</span> <span class='ocrx_word' id='word_1_574' title='bbox 2244 1558 2406 1592; x_wconf 82' lang='lat' dir='ltr'>amicitias</span> 
     </span>
     <span class='ocr_line' id='line_1_68' title="bbox 1361 1616 2406 1660; baseline 0.002 -12"><span class='ocrx_word' id='word_1_575' title='bbox 1361 1624 1432 1648; x_wconf 86' lang='lat' dir='ltr'>esse</span> <span class='ocrx_word' id='word_1_576' title='bbox 1451 1625 1458 1646; x_wconf 91' lang='lat'><strong>:</strong></span> <span class='ocrx_word' id='word_1_577' title='bbox 1476 1625 1582 1658; x_wconf 88' lang='lat' dir='ltr'>neque</span> <span class='ocrx_word' id='word_1_578' title='bbox 1601 1616 1686 1648; x_wconf 90' lang='lat' dir='ltr'>enim</span> <span class='ocrx_word' id='word_1_579' title='bbox 1703 1617 1761 1658; x_wconf 92' lang='lat' dir='ltr'>qui</span> <span class='ocrx_word' id='word_1_580' title='bbox 1788 1619 1929 1656; x_wconf 83' lang='lat' dir='ltr'>amatur,</span> <span class='ocrx_word' id='word_1_581' title='bbox 1951 1617 2026 1650; x_wconf 89' lang='lat' dir='ltr'>ideo</span> <span class='ocrx_word' id='word_1_582' title='bbox 2046 1619 2187 1656; x_wconf 85' lang='lat' dir='ltr'>amatur,</span> <span class='ocrx_word' id='word_1_583' title='bbox 2211 1617 2303 1660; x_wconf 86' lang='lat' dir='ltr'>quod</span> <span class='ocrx_word' id='word_1_584' title='bbox 2327 1617 2406 1651; x_wconf 77' lang='lat' dir='ltr'>talis</span> 
     </span>
     <span class='ocr_line' id='line_1_69' title="bbox 1361 1674 2405 1721; baseline 0.002 -15"><span class='ocrx_word' id='word_1_585' title='bbox 1361 1674 1403 1706; x_wconf 88' lang='lat' dir='ltr'>sit</span> <span class='ocrx_word' id='word_1_586' title='bbox 1421 1674 1491 1716; x_wconf 90' lang='lat' dir='ltr'>ipse</span> <span class='ocrx_word' id='word_1_587' title='bbox 1503 1700 1510 1713; x_wconf 91' lang='lat'><em>,</em></span> <span class='ocrx_word' id='word_1_588' title='bbox 1532 1674 1590 1707; x_wconf 89' lang='lat' dir='ltr'>sed</span> <span class='ocrx_word' id='word_1_589' title='bbox 1605 1674 1684 1717; x_wconf 88' lang='lat' dir='ltr'>quia</span> <span class='ocrx_word' id='word_1_590' title='bbox 1699 1674 1824 1717; x_wconf 85' lang='lat' dir='ltr'>aliquid</span> <span class='ocrx_word' id='word_1_591' title='bbox 1842 1675 1976 1717; x_wconf 82' lang='lat' dir='ltr'>praebet,</span> <span class='ocrx_word' id='word_1_592' title='bbox 1995 1676 2051 1708; x_wconf 88' lang='lat' dir='ltr'>ille</span> <span class='ocrx_word' id='word_1_593' title='bbox 2065 1675 2245 1721; x_wconf 78' lang='lat' dir='ltr'>utilitatem</span> <span class='ocrx_word' id='word_1_594' title='bbox 2255 1701 2263 1715; x_wconf 81' lang='lat'><em>‚</em></span> <span class='ocrx_word' id='word_1_595' title='bbox 2280 1675 2336 1708; x_wconf 88' lang='lat' dir='ltr'>hic</span> <span class='ocrx_word' id='word_1_596' title='bbox 2350 1685 2405 1709; x_wconf 87' lang='lat' dir='ltr'>vo-</span> 
     </span>
     <span class='ocr_line' id='line_1_70' title="bbox 1360 1732 2406 1775; baseline 0.003 -10"><span class='ocrx_word' id='word_1_597' title='bbox 1360 1733 1532 1775; x_wconf 86' lang='lat' dir='ltr'>luptatem.</span> <span class='ocrx_word' id='word_1_598' title='bbox 1555 1733 1620 1767; x_wconf 85' lang='lat' dir='ltr'>Sed</span> <span class='ocrx_word' id='word_1_599' title='bbox 1635 1735 1668 1766; x_wconf 87' lang='lat' dir='ltr'>et</span> <span class='ocrx_word' id='word_1_600' title='bbox 1684 1732 1778 1767; x_wconf 86' lang='lat' dir='ltr'>facile</span> <span class='ocrx_word' id='word_1_601' title='bbox 1791 1734 1875 1767; x_wconf 82' lang='lat' dir='ltr'>tales</span> <span class='ocrx_word' id='word_1_602' title='bbox 1894 1734 2047 1767; x_wconf 74' lang='lat' dir='ltr'>amicitiae</span> <span class='ocrx_word' id='word_1_603' title='bbox 2065 1734 2267 1768; x_wconf 87' lang='lat' dir='ltr'>dirimuntur</span> <span class='ocrx_word' id='word_1_604' title='bbox 2285 1744 2292 1765; x_wconf 90' lang='lat'>:</span> <span class='ocrx_word' id='word_1_605' title='bbox 2310 1743 2406 1768; x_wconf 79' lang='lat' dir='ltr'>nam-</span> 
     </span>
     <span class='ocr_line' id='line_1_71' title="bbox 1360 1792 2405 1838; baseline 0.004 -14"><span class='ocrx_word' id='word_1_606' title='bbox 1360 1802 1425 1835; x_wconf 85' lang='lat' dir='ltr'>que</span> <span class='ocrx_word' id='word_1_607' title='bbox 1442 1792 1592 1826; x_wconf 87' lang='lat' dir='ltr'>homines</span> <span class='ocrx_word' id='word_1_608' title='bbox 1611 1793 1749 1835; x_wconf 87' lang='lat' dir='ltr'>jucundi</span> <span class='ocrx_word' id='word_1_609' title='bbox 1770 1796 1802 1826; x_wconf 87' lang='lat' dir='ltr'>et</span> <span class='ocrx_word' id='word_1_610' title='bbox 1824 1794 1924 1827; x_wconf 87' lang='lat' dir='ltr'>utiles</span> <span class='ocrx_word' id='word_1_611' title='bbox 1950 1803 2016 1827; x_wconf 90' lang='lat' dir='ltr'>non</span> <span class='ocrx_word' id='word_1_612' title='bbox 2031 1803 2160 1837; x_wconf 83' lang='lat' dir='ltr'>semper</span> <span class='ocrx_word' id='word_1_613' title='bbox 2177 1796 2254 1827; x_wconf 83' lang='lat' dir='ltr'>sunt</span> <span class='ocrx_word' id='word_1_614' title='bbox 2264 1793 2405 1838; x_wconf 83' lang='lat' dir='ltr'>jucundi</span> 
     </span>
     <span class='ocr_line' id='line_1_72' title="bbox 1360 1852 2406 1898; baseline 0.002 -14"><span class='ocrx_word' id='word_1_615' title='bbox 1360 1854 1394 1884; x_wconf 85' lang='lat' dir='ltr'>et</span> <span class='ocrx_word' id='word_1_616' title='bbox 1409 1852 1507 1886; x_wconf 88' lang='lat' dir='ltr'>utiles</span> <span class='ocrx_word' id='word_1_617' title='bbox 1522 1864 1530 1884; x_wconf 88' lang='lat'>:</span> <span class='ocrx_word' id='word_1_618' title='bbox 1549 1852 1629 1885; x_wconf 82' lang='lat' dir='ltr'>alias</span> <span class='ocrx_word' id='word_1_619' title='bbox 1649 1852 1736 1886; x_wconf 89' lang='lat' dir='ltr'>enim</span> <span class='ocrx_word' id='word_1_620' title='bbox 1752 1853 1824 1886; x_wconf 80' lang='lat' dir='ltr'>aliis</span> <span class='ocrx_word' id='word_1_621' title='bbox 1847 1853 2050 1886; x_wconf 81' lang='lat' dir='ltr'>delectamur</span> <span class='ocrx_word' id='word_1_622' title='bbox 2066 1855 2100 1888; x_wconf 86' lang='lat' dir='ltr'>et</span> <span class='ocrx_word' id='word_1_623' title='bbox 2118 1853 2200 1898; x_wconf 80' lang='lat' dir='ltr'>alias</span> <span class='ocrx_word' id='word_1_624' title='bbox 2213 1852 2306 1888; x_wconf 82' lang='lat' dir='ltr'>aliud</span> <span class='ocrx_word' id='word_1_625' title='bbox 2322 1852 2406 1887; x_wconf 86' lang='lat' dir='ltr'>utile</span> 
     </span>
     <span class='ocr_line' id='line_1_73' title="bbox 1361 1914 1422 1945; baseline -0.016 0"><span class='ocrx_word' id='word_1_626' title='bbox 1361 1914 1422 1945; x_wconf 87' lang='lat' dir='ltr'>est.</span> 
     </span>
    </p>

    <p class='ocr_par' dir='ltr' id='par_1_12' title="bbox 1359 1970 2408 2174">
     <span class='ocr_line' id='line_1_74' title="bbox 1401 1970 2405 2016; baseline 0.005 -14"><span class='ocrx_word' id='word_1_627' title='bbox 1401 1973 1512 2010; x_wconf 91' lang='lat' dir='ltr'>Quum</span> <span class='ocrx_word' id='word_1_628' title='bbox 1524 1970 1679 2004; x_wconf 77' lang='lat' dir='ltr'>amicitiae</span> <span class='ocrx_word' id='word_1_629' title='bbox 1693 1970 1795 2013; x_wconf 86' lang='lat' dir='ltr'>igitur</span> <span class='ocrx_word' id='word_1_630' title='bbox 1808 1981 1906 2005; x_wconf 87' lang='lat' dir='ltr'>causa</span> <span class='ocrx_word' id='word_1_631' title='bbox 1924 1982 1989 2005; x_wconf 90' lang='lat' dir='ltr'>non</span> <span class='ocrx_word' id='word_1_632' title='bbox 2013 1975 2220 2016; x_wconf 84' lang='lat' dir='ltr'>permaneat,</span> <span class='ocrx_word' id='word_1_633' title='bbox 2235 1972 2307 2016; x_wconf 82' lang='lat' dir='ltr'>ipsa</span> <span class='ocrx_word' id='word_1_634' title='bbox 2319 1982 2405 2015; x_wconf 88' lang='lat' dir='ltr'>quo-</span> 
     </span>
     <span class='ocr_line' id='line_1_75' title="bbox 1360 2023 2406 2068; baseline 0.003 -13"><span class='ocrx_word' id='word_1_635' title='bbox 1360 2032 1425 2065; x_wconf 87' lang='lat' dir='ltr'>que</span> <span class='ocrx_word' id='word_1_636' title='bbox 1441 2023 1585 2056; x_wconf 88' lang='lat' dir='ltr'>amicitia</span> <span class='ocrx_word' id='word_1_637' title='bbox 1611 2034 1800 2066; x_wconf 83' lang='lat' dir='ltr'>permanere</span> <span class='ocrx_word' id='word_1_638' title='bbox 1816 2025 1949 2068; x_wconf 87' lang='lat' dir='ltr'>nequit,</span> <span class='ocrx_word' id='word_1_639' title='bbox 1962 2053 1966 2058; x_wconf 93' lang='lat'>.</span> <span class='ocrx_word' id='word_1_640' title='bbox 1979 2025 2038 2059; x_wconf 82' lang='lat' dir='ltr'>sed</span> <span class='ocrx_word' id='word_1_641' title='bbox 2054 2025 2264 2064; x_wconf 83' lang='lat' dir='ltr'>dissolvitur,</span> <span class='ocrx_word' id='word_1_642' title='bbox 2291 2027 2406 2068; x_wconf 85' lang='lat' dir='ltr'>utpote</span> 
     </span>
     <span class='ocr_line' id='line_1_76' title="bbox 1359 2077 2406 2120; baseline 0.002 -10"><span class='ocrx_word' id='word_1_643' title='bbox 1359 2086 1435 2119; x_wconf 84' lang='lat' dir='ltr'>quae</span> <span class='ocrx_word' id='word_1_644' title='bbox 1455 2087 1493 2110; x_wconf 89' lang='lat' dir='ltr'>eo</span> <span class='ocrx_word' id='word_1_645' title='bbox 1516 2080 1640 2119; x_wconf 83' lang='lat' dir='ltr'>spectet</span> <span class='ocrx_word' id='word_1_646' title='bbox 1657 2087 1799 2120; x_wconf 88' lang='lat' dir='ltr'>eumque</span> <span class='ocrx_word' id='word_1_647' title='bbox 1813 2077 1908 2111; x_wconf 79' lang='lat' dir='ltr'>finem</span> <span class='ocrx_word' id='word_1_648' title='bbox 1928 2078 2060 2112; x_wconf 87' lang='lat' dir='ltr'>habeat.</span> <span class='ocrx_word' id='word_1_649' title='bbox 2081 2078 2169 2112; x_wconf 82' lang='lat' dir='ltr'>Talis</span> <span class='ocrx_word' id='word_1_650' title='bbox 2190 2081 2303 2113; x_wconf 85' lang='lat' dir='ltr'>autem</span> <span class='ocrx_word' id='word_1_651' title='bbox 2322 2078 2406 2112; x_wconf 84' lang='lat' dir='ltr'>ami-</span> 
     </span>
     <span class='ocr_line' id='line_1_77' title="bbox 1360 2129 2408 2174; baseline 0.002 -12"><span class='ocrx_word' id='word_1_652' title='bbox 1360 2130 1436 2163; x_wconf 87' lang='lat' dir='ltr'>citia</span> <span class='ocrx_word' id='word_1_653' title='bbox 1463 2139 1538 2172; x_wconf 80' lang='lat' dir='ltr'>quae</span> <span class='ocrx_word' id='word_1_654' title='bbox 1560 2129 1655 2163; x_wconf 80' lang='lat' dir='ltr'>facile</span> <span class='ocrx_word' id='word_1_655' title='bbox 1676 2133 1827 2163; x_wconf 85' lang='lat' dir='ltr'>mutatur</span> <span class='ocrx_word' id='word_1_656' title='bbox 1854 2130 1888 2163; x_wconf 90' lang='lat' dir='ltr'>in</span> <span class='ocrx_word' id='word_1_657' title='bbox 1908 2132 2042 2164; x_wconf 85' lang='lat' dir='ltr'>senibus</span> <span class='ocrx_word' id='word_1_658' title='bbox 2065 2131 2275 2174; x_wconf 82' lang='lat' dir='ltr'>potissimum</span> <span class='ocrx_word' id='word_1_659' title='bbox 2301 2132 2408 2165; x_wconf 82' lang='lat' dir='ltr'>inesse</span> 
     </span>
    </p>
   </div>
   <div class='ocr_carea' id='block_1_10' title="bbox 1361 2182 2407 2281">
    <p class='ocr_par' dir='ltr' id='par_1_13' title="bbox 1361 2182 2407 2281">
     <span class='ocr_line' id='line_1_78' title="bbox 1361 2182 2407 2229; baseline 0.004 -14"><span class='ocrx_word' id='word_1_660' title='bbox 1361 2182 1519 2215; x_wconf 85' lang='lat' dir='ltr'>videtur:</span> <span class='ocrx_word' id='word_1_661' title='bbox 1540 2193 1684 2226; x_wconf 84' lang='lat' dir='ltr'>namque</span> <span class='ocrx_word' id='word_1_662' title='bbox 1709 2183 1859 2216; x_wconf 90' lang='lat' dir='ltr'>homines</span> <span class='ocrx_word' id='word_1_663' title='bbox 1883 2186 1982 2217; x_wconf 73' lang='lat' dir='ltr'>aetate</span> <span class='ocrx_word' id='word_1_664' title='bbox 2011 2185 2158 2227; x_wconf 82' lang='lat' dir='ltr'>provecti</span> <span class='ocrx_word' id='word_1_665' title='bbox 2182 2185 2218 2218; x_wconf 88' lang='lat' dir='ltr'>id</span> <span class='ocrx_word' id='word_1_666' title='bbox 2244 2185 2334 2229; x_wconf 83' lang='lat' dir='ltr'>quod</span> <span class='ocrx_word' id='word_1_667' title='bbox 2349 2184 2407 2227; x_wconf 85' lang='lat' dir='ltr'>ju-</span> 
     </span>
     <span class='ocr_line' id='line_1_79' title="bbox 1362 2236 2403 2281; baseline 0 -13"><span class='ocrx_word' id='word_1_668' title='bbox 1362 2236 1507 2268; x_wconf 90' lang='lat' dir='ltr'>cundum</span> <span class='ocrx_word' id='word_1_669' title='bbox 1526 2239 1576 2269; x_wconf 82' lang='lat' dir='ltr'>est</span> <span class='ocrx_word' id='word_1_670' title='bbox 1592 2246 1699 2279; x_wconf 87' lang='lat' dir='ltr'>neque</span> <span class='ocrx_word' id='word_1_671' title='bbox 1718 2237 1929 2269; x_wconf 84' lang='lat' dir='ltr'>vehementer</span> <span class='ocrx_word' id='word_1_672' title='bbox 1942 2246 2049 2279; x_wconf 87' lang='lat' dir='ltr'>neque</span> <span class='ocrx_word' id='word_1_673' title='bbox 2062 2237 2176 2270; x_wconf 86' lang='lat' dir='ltr'>crebro</span> <span class='ocrx_word' id='word_1_674' title='bbox 2189 2239 2375 2281; x_wconf 83' lang='lat' dir='ltr'>sequuntur</span> <span class='ocrx_word' id='word_1_675' title='bbox 2395 2248 2403 2268; x_wconf 91' lang='lat'>:</span> 
     </span>
    </p>
   </div>
   <div class='ocr_carea' id='block_1_11' title="bbox 1361 2289 2425 2387">
    <p class='ocr_par' dir='ltr' id='par_1_14' title="bbox 1361 2289 2425 2387">
     <span class='ocr_line' id='line_1_80' title="bbox 1362 2289 2413 2334; baseline 0.001 -12"><span class='ocrx_word' id='word_1_676' title='bbox 1362 2289 1500 2332; x_wconf 87' lang='lat' dir='ltr'>ideoque</span> <span class='ocrx_word' id='word_1_677' title='bbox 1527 2289 1762 2329; x_wconf 16' lang='lat' dir='ltr'>minuslidonei</span> <span class='ocrx_word' id='word_1_678' title='bbox 1782 2292 1858 2324; x_wconf 85' lang='lat' dir='ltr'>sunt</span> <span class='ocrx_word' id='word_1_679' title='bbox 1878 2290 1920 2323; x_wconf 83' lang='lat' dir='ltr'>ad</span> <span class='ocrx_word' id='word_1_680' title='bbox 1946 2290 2207 2324; x_wconf 82' lang='lat' dir='ltr'>contrahendam</span> <span class='ocrx_word' id='word_1_681' title='bbox 2229 2300 2304 2324; x_wconf 86' lang='lat' dir='ltr'>eam</span> <span class='ocrx_word' id='word_1_682' title='bbox 2327 2299 2413 2334; x_wconf 62' lang='lat' dir='ltr'>quae,</span> 
     </span>
     <span class='ocr_line' id='line_1_81' title="bbox 1361 2342 2425 2387; baseline 0.003 -12"><span class='ocrx_word' id='word_1_683' title='bbox 1361 2343 1542 2384; x_wconf 85' lang='lat' dir='ltr'>voluptatis</span> <span class='ocrx_word' id='word_1_684' title='bbox 1559 2352 1658 2375; x_wconf 88' lang='lat' dir='ltr'>causa</span> <span class='ocrx_word' id='word_1_685' title='bbox 1667 2342 1854 2375; x_wconf 88' lang='lat' dir='ltr'>instituitur</span> <span class='ocrx_word' id='word_1_686' title='bbox 1870 2343 2069 2384; x_wconf 78' lang='lat' dir='ltr'>amicitiam3</span> <span class='ocrx_word' id='word_1_687' title='bbox 2085 2344 2164 2387; x_wconf 83' lang='lat' dir='ltr'>quia</span> <span class='ocrx_word' id='word_1_688' title='bbox 2177 2344 2263 2377; x_wconf 88' lang='lat' dir='ltr'>enim</span> <span class='ocrx_word' id='word_1_689' title='bbox 2277 2344 2312 2378; x_wconf 83' lang='lat' dir='ltr'>id</span> <span class='ocrx_word' id='word_1_690' title='bbox 2329 2347 2406 2378; x_wconf 79' lang='lat' dir='ltr'>tau-</span> <span class='ocrx_word' id='word_1_691' title='bbox 2423 2343 2425 2345; x_wconf 77' lang='grc'><strong>’</strong></span> 
     </span>
    </p>
   </div>
   <div class='ocr_carea' id='block_1_12' title="bbox 1360 2395 2406 3256">
    <p class='ocr_par' dir='ltr' id='par_1_15' title="bbox 1360 2395 2406 2962">
     <span class='ocr_line' id='line_1_82' title="bbox 1362 2395 2405 2439; baseline 0.003 -13"><span class='ocrx_word' id='word_1_692' title='bbox 1362 2397 1432 2427; x_wconf 89' lang='lat' dir='ltr'>tum</span> <span class='ocrx_word' id='word_1_693' title='bbox 1453 2395 1543 2437; x_wconf 89' lang='lat' dir='ltr'>quod</span> <span class='ocrx_word' id='word_1_694' title='bbox 1558 2404 1576 2427; x_wconf 85' lang='lat' dir='ltr'>e</span> <span class='ocrx_word' id='word_1_695' title='bbox 1594 2404 1628 2427; x_wconf 86' lang='lat' dir='ltr'>re</span> <span class='ocrx_word' id='word_1_696' title='bbox 1644 2404 1703 2427; x_wconf 89' lang='lat' dir='ltr'>sua</span> <span class='ocrx_word' id='word_1_697' title='bbox 1716 2397 1780 2434; x_wconf 85' lang='lat' dir='ltr'>est,</span> <span class='ocrx_word' id='word_1_698' title='bbox 1800 2398 1965 2437; x_wconf 85' lang='lat' dir='ltr'>quaerunt,</span> <span class='ocrx_word' id='word_1_699' title='bbox 1984 2395 2106 2428; x_wconf 88' lang='lat' dir='ltr'>idcirco</span> <span class='ocrx_word' id='word_1_700' title='bbox 2123 2405 2257 2439; x_wconf 89' lang='lat' dir='ltr'>quoque</span> <span class='ocrx_word' id='word_1_701' title='bbox 2271 2399 2405 2439; x_wconf 88' lang='lat' dir='ltr'>propter</span> 
     </span>
     <span class='ocr_line' id='line_1_83' title="bbox 1360 2447 2406 2489; baseline 0.004 -11"><span class='ocrx_word' id='word_1_702' title='bbox 1360 2447 1618 2479; x_wconf 86' lang='lat' dir='ltr'>emolumentum</span> <span class='ocrx_word' id='word_1_703' title='bbox 1637 2456 1735 2479; x_wconf 90' lang='lat' dir='ltr'>suum</span> <span class='ocrx_word' id='word_1_704' title='bbox 1754 2447 1849 2479; x_wconf 89' lang='lat' dir='ltr'>amici</span> <span class='ocrx_word' id='word_1_705' title='bbox 1863 2449 1950 2480; x_wconf 84' lang='lat' dir='ltr'>sunt.</span> <span class='ocrx_word' id='word_1_706' title='bbox 1969 2449 2011 2479; x_wconf 76' lang='lat' dir='ltr'>At</span> <span class='ocrx_word' id='word_1_707' title='bbox 2021 2457 2085 2480; x_wconf 91' lang='lat' dir='ltr'>non</span> <span class='ocrx_word' id='word_1_708' title='bbox 2099 2447 2205 2480; x_wconf 85' lang='lat' dir='ltr'>solum</span> <span class='ocrx_word' id='word_1_709' title='bbox 2224 2457 2329 2489; x_wconf 85' lang='lat' dir='ltr'>senes,</span> <span class='ocrx_word' id='word_1_710' title='bbox 2346 2448 2406 2482; x_wconf 82' lang='lat' dir='ltr'>sed</span> 
     </span>
     <span class='ocr_line' id='line_1_84' title="bbox 1360 2499 2405 2543; baseline 0.003 -12"><span class='ocrx_word' id='word_1_711' title='bbox 1360 2499 1460 2532; x_wconf 85' lang='lat' dir='ltr'>etiam</span> <span class='ocrx_word' id='word_1_712' title='bbox 1481 2500 1619 2541; x_wconf 87' lang='lat' dir='ltr'>juvenes</span> <span class='ocrx_word' id='word_1_713' title='bbox 1647 2499 1695 2532; x_wconf 91' lang='lat' dir='ltr'>illi</span> <span class='ocrx_word' id='word_1_714' title='bbox 1724 2499 1783 2542; x_wconf 87' lang='lat' dir='ltr'>qui</span> <span class='ocrx_word' id='word_1_715' title='bbox 1815 2509 1878 2532; x_wconf 92' lang='lat' dir='ltr'>non</span> <span class='ocrx_word' id='word_1_716' title='bbox 1899 2499 2119 2543; x_wconf 85' lang='lat' dir='ltr'>voluptatem,</span> <span class='ocrx_word' id='word_1_717' title='bbox 2152 2499 2405 2535; x_wconf 79' lang='lat' dir='ltr'>sedutilitatem</span> 
     </span>
     <span class='ocr_line' id='line_1_85' title="bbox 1361 2551 2404 2596; baseline 0.002 -12"><span class='ocrx_word' id='word_1_718' title='bbox 1361 2553 1509 2594; x_wconf 87' lang='lat' dir='ltr'>spectant</span> <span class='ocrx_word' id='word_1_719' title='bbox 1530 2561 1538 2580; x_wconf 79' lang='lat' dir='ltr'>t</span> <span class='ocrx_word' id='word_1_720' title='bbox 1558 2552 1642 2584; x_wconf 86' lang='lat' dir='ltr'>tales</span> <span class='ocrx_word' id='word_1_721' title='bbox 1670 2551 1757 2584; x_wconf 84' lang='lat' dir='ltr'>enim</span> <span class='ocrx_word' id='word_1_722' title='bbox 1785 2551 1917 2584; x_wconf 91' lang='lat' dir='ltr'>omnino</span> <span class='ocrx_word' id='word_1_723' title='bbox 1943 2561 1985 2584; x_wconf 91' lang='lat' dir='ltr'>ne</span> <span class='ocrx_word' id='word_1_724' title='bbox 2011 2552 2245 2585; x_wconf 86' lang='lat' dir='ltr'>commercium</span> <span class='ocrx_word' id='word_1_725' title='bbox 2269 2553 2404 2596; x_wconf 81' lang='lat' dir='ltr'>quidem</span> 
     </span>
     <span class='ocr_line' id='line_1_86' title="bbox 1361 2604 2405 2648; baseline 0.003 -12"><span class='ocrx_word' id='word_1_726' title='bbox 1361 2614 1437 2637; x_wconf 86' lang='lat' dir='ltr'>cum</span> <span class='ocrx_word' id='word_1_727' title='bbox 1453 2604 1526 2637; x_wconf 89' lang='lat' dir='ltr'>aliis</span> <span class='ocrx_word' id='word_1_728' title='bbox 1543 2604 1667 2637; x_wconf 89' lang='lat' dir='ltr'>habent</span> <span class='ocrx_word' id='word_1_729' title='bbox 1685 2616 1693 2636; x_wconf 77' lang='lat' dir='ltr'>z</span> <span class='ocrx_word' id='word_1_730' title='bbox 1709 2604 1876 2637; x_wconf 88' lang='lat' dir='ltr'>interdum</span> <span class='ocrx_word' id='word_1_731' title='bbox 1894 2605 1982 2637; x_wconf 88' lang='lat' dir='ltr'>enim</span> <span class='ocrx_word' id='word_1_732' title='bbox 1999 2614 2039 2637; x_wconf 91' lang='lat' dir='ltr'>ne</span> <span class='ocrx_word' id='word_1_733' title='bbox 2052 2607 2170 2637; x_wconf 83' lang='lat' dir='ltr'>mutuo</span> <span class='ocrx_word' id='word_1_734' title='bbox 2188 2605 2324 2648; x_wconf 87' lang='lat' dir='ltr'>quidem</span> <span class='ocrx_word' id='word_1_735' title='bbox 2342 2606 2405 2639; x_wconf 84' lang='lat' dir='ltr'>sihi</span> 
     </span>
     <span class='ocr_line' id='line_1_87' title="bbox 1360 2657 2404 2702; baseline 0.002 -12"><span class='ocrx_word' id='word_1_736' title='bbox 1360 2657 1445 2700; x_wconf 87' lang='lat' dir='ltr'>grati</span> <span class='ocrx_word' id='word_1_737' title='bbox 1467 2659 1545 2690; x_wconf 85' lang='lat' dir='ltr'>sunt</span> <span class='ocrx_word' id='word_1_738' title='bbox 1567 2667 1574 2687; x_wconf 92' lang='lat'><strong>:</strong></span> <span class='ocrx_word' id='word_1_739' title='bbox 1608 2657 1763 2690; x_wconf 86' lang='lat' dir='ltr'>nimirum</span> <span class='ocrx_word' id='word_1_740' title='bbox 1792 2659 1864 2690; x_wconf 91' lang='lat' dir='ltr'>tum</span> <span class='ocrx_word' id='word_1_741' title='bbox 1892 2657 2027 2690; x_wconf 90' lang='lat' dir='ltr'>demum</span> <span class='ocrx_word' id='word_1_742' title='bbox 2059 2658 2145 2700; x_wconf 86' lang='lat' dir='ltr'>grati</span> <span class='ocrx_word' id='word_1_743' title='bbox 2167 2660 2263 2697; x_wconf 84' lang='lat' dir='ltr'>sunt,</span> <span class='ocrx_word' id='word_1_744' title='bbox 2299 2668 2404 2702; x_wconf 87' lang='lat' dir='ltr'>quum</span> 
     </span>
     <span class='ocr_line' id='line_1_88' title="bbox 1361 2710 2405 2754; baseline 0.002 -12"><span class='ocrx_word' id='word_1_745' title='bbox 1361 2711 1459 2754; x_wconf 81' lang='lat' dir='ltr'>utiles</span> <span class='ocrx_word' id='word_1_746' title='bbox 1478 2719 1611 2752; x_wconf 87' lang='lat' dir='ltr'>quoque</span> <span class='ocrx_word' id='word_1_747' title='bbox 1627 2719 1698 2743; x_wconf 85' lang='lat' dir='ltr'>esse</span> <span class='ocrx_word' id='word_1_748' title='bbox 1711 2712 1867 2752; x_wconf 72' lang='lat' dir='ltr'>possunt,</span> <span class='ocrx_word' id='word_1_749' title='bbox 1890 2712 1948 2743; x_wconf 86' lang='lat' dir='ltr'>aut</span> <span class='ocrx_word' id='word_1_750' title='bbox 1973 2710 2117 2752; x_wconf 86' lang='lat' dir='ltr'>aliquam</span> <span class='ocrx_word' id='word_1_751' title='bbox 2138 2711 2256 2743; x_wconf 82' lang='lat' dir='ltr'>saltem</span> <span class='ocrx_word' id='word_1_752' title='bbox 2276 2711 2405 2744; x_wconf 85' lang='lat' dir='ltr'>utilita-</span> 
     </span>
     <span class='ocr_line' id='line_1_89' title="bbox 1361 2762 2405 2806; baseline -0.001 -10"><span class='ocrx_word' id='word_1_753' title='bbox 1361 2764 1404 2796; x_wconf 88' lang='lat' dir='ltr'>tis</span> <span class='ocrx_word' id='word_1_754' title='bbox 1420 2772 1511 2806; x_wconf 86' lang='lat' dir='ltr'>spem</span> <span class='ocrx_word' id='word_1_755' title='bbox 1527 2764 1694 2805; x_wconf 74' lang='lat' dir='ltr'>praebent,</span> <span class='ocrx_word' id='word_1_756' title='bbox 1711 2764 1793 2796; x_wconf 86' lang='lat' dir='ltr'>alias</span> <span class='ocrx_word' id='word_1_757' title='bbox 1810 2773 1887 2796; x_wconf 87' lang='lat' dir='ltr'>vero</span> <span class='ocrx_word' id='word_1_758' title='bbox 1915 2773 1978 2796; x_wconf 92' lang='lat' dir='ltr'>non</span> <span class='ocrx_word' id='word_1_759' title='bbox 1992 2763 2070 2796; x_wconf 89' lang='lat' dir='ltr'>item</span> <span class='ocrx_word' id='word_1_760' title='bbox 2090 2772 2098 2793; x_wconf 78' lang='grc' dir='ltr'>τ</span> <span class='ocrx_word' id='word_1_761' title='bbox 2116 2772 2223 2806; x_wconf 85' lang='lat' dir='ltr'>quum</span> <span class='ocrx_word' id='word_1_762' title='bbox 2246 2773 2324 2797; x_wconf 83' lang='lat' dir='ltr'>vero</span> <span class='ocrx_word' id='word_1_763' title='bbox 2342 2762 2405 2797; x_wconf 83' lang='lat' dir='ltr'>sihi</span> 
     </span>
     <span class='ocr_line' id='line_1_90' title="bbox 1361 2815 2402 2859; baseline 0.002 -11"><span class='ocrx_word' id='word_1_764' title='bbox 1361 2819 1479 2849; x_wconf 90' lang='lat' dir='ltr'>mutuo</span> <span class='ocrx_word' id='word_1_765' title='bbox 1497 2826 1562 2849; x_wconf 92' lang='lat' dir='ltr'>non</span> <span class='ocrx_word' id='word_1_766' title='bbox 1578 2817 1642 2849; x_wconf 87' lang='lat' dir='ltr'>sint</span> <span class='ocrx_word' id='word_1_767' title='bbox 1655 2816 1804 2858; x_wconf 73' lang='lat' dir='ltr'>Jueundi,</span> <span class='ocrx_word' id='word_1_768' title='bbox 1827 2825 1868 2849; x_wconf 90' lang='lat' dir='ltr'>ne</span> <span class='ocrx_word' id='word_1_769' title='bbox 1880 2816 1993 2849; x_wconf 84' lang='lat' dir='ltr'>vivere</span> <span class='ocrx_word' id='word_1_770' title='bbox 2011 2815 2147 2858; x_wconf 88' lang='lat' dir='ltr'>quidem</span> <span class='ocrx_word' id='word_1_771' title='bbox 2165 2826 2231 2850; x_wconf 77' lang='lat' dir='ltr'>una</span> <span class='ocrx_word' id='word_1_772' title='bbox 2252 2820 2402 2859; x_wconf 83' lang='lat' dir='ltr'>possunt.</span> 
     </span>
     <span class='ocr_line' id='line_1_91' title="bbox 1360 2868 2401 2911; baseline 0.001 -10"><span class='ocrx_word' id='word_1_773' title='bbox 1360 2869 1472 2902; x_wconf 81' lang='lat' dir='ltr'>Talem</span> <span class='ocrx_word' id='word_1_774' title='bbox 1499 2871 1610 2901; x_wconf 86' lang='lat' dir='ltr'>autem</span> <span class='ocrx_word' id='word_1_775' title='bbox 1636 2869 1736 2901; x_wconf 86' lang='lat' dir='ltr'>etiam</span> <span class='ocrx_word' id='word_1_776' title='bbox 1763 2868 1958 2910; x_wconf 84' lang='lat' dir='ltr'>hospitalem</span> <span class='ocrx_word' id='word_1_777' title='bbox 1979 2868 2157 2901; x_wconf 86' lang='lat' dir='ltr'>amicitiam</span> <span class='ocrx_word' id='word_1_778' title='bbox 2184 2877 2256 2902; x_wconf 83' lang='lat' dir='ltr'>esse</span> <span class='ocrx_word' id='word_1_779' title='bbox 2281 2869 2401 2911; x_wconf 82' lang='lat' dir='ltr'>ajunt:</span> 
     </span>
     <span class='ocr_line' id='line_1_92' title="bbox 1361 2920 2266 2962; baseline 0.001 -9"><span class='ocrx_word' id='word_1_780' title='bbox 1361 2931 1437 2953; x_wconf 86' lang='lat' dir='ltr'>nam</span> <span class='ocrx_word' id='word_1_781' title='bbox 1454 2922 1487 2953; x_wconf 85' lang='lat' dir='ltr'>et</span> <span class='ocrx_word' id='word_1_782' title='bbox 1504 2920 1576 2953; x_wconf 87' lang='lat' dir='ltr'>haec</span> <span class='ocrx_word' id='word_1_783' title='bbox 1594 2920 1755 2953; x_wconf 84' lang='lat' dir='ltr'>commodi</span> <span class='ocrx_word' id='word_1_784' title='bbox 1770 2920 1910 2962; x_wconf 85' lang='lat' dir='ltr'>alicujus</span> <span class='ocrx_word' id='word_1_785' title='bbox 1929 2929 2027 2953; x_wconf 85' lang='lat' dir='ltr'>causa</span> <span class='ocrx_word' id='word_1_786' title='bbox 2049 2920 2266 2954; x_wconf 59' lang='lat' dir='ltr'>contrahitur,</span> 
     </span>
    </p>

    <p class='ocr_par' dir='ltr' id='par_1_16' title="bbox 1361 2979 2404 3256">
     <span class='ocr_line' id='line_1_93' title="bbox 1402 2979 2404 3022; baseline 0.002 -10"><span class='ocrx_word' id='word_1_787' title='bbox 1402 2981 1444 3012; x_wconf 85' lang='lat' dir='ltr'>At</span> <span class='ocrx_word' id='word_1_788' title='bbox 1463 2988 1542 3012; x_wconf 89' lang='lat' dir='ltr'>vero</span> <span class='ocrx_word' id='word_1_789' title='bbox 1557 2980 1718 3021; x_wconf 74' lang='lat' dir='ltr'>juvenum</span> <span class='ocrx_word' id='word_1_790' title='bbox 1735 2979 1878 3011; x_wconf 85' lang='lat' dir='ltr'>amicitia</span> <span class='ocrx_word' id='word_1_791' title='bbox 1898 2979 2079 3020; x_wconf 84' lang='lat' dir='ltr'>voluptatis</span> <span class='ocrx_word' id='word_1_792' title='bbox 2093 2988 2192 3012; x_wconf 86' lang='lat' dir='ltr'>causa</span> <span class='ocrx_word' id='word_1_793' title='bbox 2209 2979 2404 3022; x_wconf 87' lang='lat' dir='ltr'>pierumque</span> 
     </span>
     <span class='ocr_line' id='line_1_94' title="bbox 1361 3037 2404 3080; baseline 0.001 -9"><span class='ocrx_word' id='word_1_794' title='bbox 1361 3038 1576 3071; x_wconf 85' lang='lat' dir='ltr'>contrahitur.</span> <span class='ocrx_word' id='word_1_795' title='bbox 1588 3041 1671 3070; x_wconf 77' lang='lat' dir='ltr'>Nam</span> <span class='ocrx_word' id='word_1_796' title='bbox 1681 3037 1857 3070; x_wconf 85' lang='lat' dir='ltr'>affectibus</span> <span class='ocrx_word' id='word_1_797' title='bbox 1863 3038 1917 3070; x_wconf 88' lang='lat' dir='ltr'>isti</span> <span class='ocrx_word' id='word_1_798' title='bbox 1929 3038 1961 3070; x_wconf 92' lang='lat' dir='ltr'>in</span> <span class='ocrx_word' id='word_1_799' title='bbox 1969 3038 2038 3070; x_wconf 85' lang='lat' dir='ltr'>vita</span> <span class='ocrx_word' id='word_1_800' title='bbox 2046 3038 2291 3080; x_wconf 83' lang='lat' dir='ltr'>obtemperant:</span> <span class='ocrx_word' id='word_1_801' title='bbox 2301 3039 2404 3072; x_wconf 86' lang='lat' dir='ltr'>maxi-</span> 
     </span>
     <span class='ocr_line' id='line_1_95' title="bbox 1361 3095 2400 3140; baseline 0 -10"><span class='ocrx_word' id='word_1_802' title='bbox 1361 3107 1480 3140; x_wconf 88' lang='lat' dir='ltr'>meque</span> <span class='ocrx_word' id='word_1_803' title='bbox 1495 3097 1529 3130; x_wconf 87' lang='lat' dir='ltr'>id</span> <span class='ocrx_word' id='word_1_804' title='bbox 1548 3097 1638 3139; x_wconf 89' lang='lat' dir='ltr'>quod</span> <span class='ocrx_word' id='word_1_805' title='bbox 1657 3096 1841 3139; x_wconf 87' lang='lat' dir='ltr'>jucundum</span> <span class='ocrx_word' id='word_1_806' title='bbox 1857 3099 1925 3137; x_wconf 84' lang='lat' dir='ltr'>est,</span> <span class='ocrx_word' id='word_1_807' title='bbox 1953 3105 2012 3129; x_wconf 90' lang='lat' dir='ltr'>nec</span> <span class='ocrx_word' id='word_1_808' title='bbox 2028 3095 2176 3129; x_wconf 83' lang='lat' dir='ltr'>futuram</span> <span class='ocrx_word' id='word_1_809' title='bbox 2201 3097 2380 3130; x_wconf 85' lang='lat' dir='ltr'>utilitatem</span> <span class='ocrx_word' id='word_1_810' title='bbox 2392 3124 2400 3136; x_wconf 84' lang='lat'>,</span> 
     </span>
     <span class='ocr_line' id='line_1_96' title="bbox 1361 3154 2403 3198; baseline 0.001 -9"><span class='ocrx_word' id='word_1_811' title='bbox 1361 3157 1418 3189; x_wconf 86' lang='lat' dir='ltr'>sed</span> <span class='ocrx_word' id='word_1_812' title='bbox 1440 3158 1635 3198; x_wconf 76' lang='lat' dir='ltr'>praesentem</span> <span class='ocrx_word' id='word_1_813' title='bbox 1658 3155 1865 3198; x_wconf 86' lang='lat' dir='ltr'>voluptatem</span> <span class='ocrx_word' id='word_1_814' title='bbox 1890 3157 2075 3197; x_wconf 86' lang='lat' dir='ltr'>sequuntur</span> <span class='ocrx_word' id='word_1_815' title='bbox 2093 3154 2272 3188; x_wconf 81' lang='lat' dir='ltr'>:nimirum</span> <span class='ocrx_word' id='word_1_816' title='bbox 2298 3165 2403 3198; x_wconf 88' lang='lat' dir='ltr'>quum</span> 
     </span>
     <span class='ocr_line' id='line_1_97' title="bbox 1361 3212 2403 3256; baseline 0 -10"><span class='ocrx_word' id='word_1_817' title='bbox 1361 3223 1459 3247; x_wconf 89' lang='lat' dir='ltr'>sensu</span> <span class='ocrx_word' id='word_1_818' title='bbox 1469 3213 1677 3256; x_wconf 86' lang='lat' dir='ltr'>potissimum</span> <span class='ocrx_word' id='word_1_819' title='bbox 1692 3213 1818 3253; x_wconf 86' lang='lat' dir='ltr'>vivant,</span> <span class='ocrx_word' id='word_1_820' title='bbox 1831 3222 1958 3255; x_wconf 88' lang='lat' dir='ltr'>semper</span> <span class='ocrx_word' id='word_1_821' title='bbox 1967 3212 2185 3254; x_wconf 78' lang='lat' dir='ltr'>praesentibus</span> <span class='ocrx_word' id='word_1_822' title='bbox 2196 3213 2354 3254; x_wconf 84' lang='lat' dir='ltr'>gaudent,</span> <span class='ocrx_word' id='word_1_823' title='bbox 2368 3215 2403 3246; x_wconf 83' lang='lat' dir='ltr'>et</span> 
     </span>
    </p>
   </div>
   <div class='ocr_carea' id='block_1_13' title="bbox 1360 3271 2403 3315">
    <p class='ocr_par' dir='ltr' id='par_1_17' title="bbox 1360 3271 2403 3315">
     <span class='ocr_line' id='line_1_98' title="bbox 1360 3271 2403 3315; baseline -0.001 -10"><span class='ocrx_word' id='word_1_824' title='bbox 1360 3273 1395 3305; x_wconf 88' lang='lat' dir='ltr'>id</span> <span class='ocrx_word' id='word_1_825' title='bbox 1409 3272 1499 3315; x_wconf 88' lang='lat' dir='ltr'>quod</span> <span class='ocrx_word' id='word_1_826' title='bbox 1507 3273 1650 3305; x_wconf 83' lang='lat' dir='ltr'>delectat</span> <span class='ocrx_word' id='word_1_827' title='bbox 1662 3281 1803 3310; x_wconf 87' lang='lat' dir='ltr'>sensum,</span> <span class='ocrx_word' id='word_1_828' title='bbox 1817 3271 2070 3313; x_wconf 83' lang='lat' dir='ltr'>amplectuntur.</span> <span class='ocrx_word' id='word_1_829' title='bbox 2082 3271 2147 3305; x_wconf 88' lang='lat' dir='ltr'>Sed</span> <span class='ocrx_word' id='word_1_830' title='bbox 2158 3272 2284 3306; x_wconf 82' lang='lat' dir='ltr'>inilexu</span> <span class='ocrx_word' id='word_1_831' title='bbox 2293 3272 2403 3306; x_wconf 70' lang='lat' dir='ltr'>aetatis</span> 
     </span>
    </p>
   </div>
   <div class='ocr_carea' id='block_1_14' title="bbox 306 3420 2254 3464">
    <p class='ocr_par' dir='ltr' id='par_1_18' title="bbox 306 3420 2254 3464">
     <span class='ocr_line' id='line_1_99' title="bbox 306 3420 2254 3464; baseline 0 -10"><span class='ocrx_word' id='word_1_832' title='bbox 306 3422 323 3439; x_wconf 86' lang='lat'><strong>*</strong></span> <span class='ocrx_word' id='word_1_833' title='bbox 342 3424 381 3454; x_wconf 82' lang='lat' dir='ltr'>Oi</span> <span class='ocrx_word' id='word_1_834' title='bbox 397 3421 454 3463; x_wconf 81' lang='grc' dir='ltr'>μὲν</span> <span class='ocrx_word' id='word_1_835' title='bbox 475 3420 532 3454; x_wconf 83' lang='grc' dir='ltr'>οὗν</span> <span class='ocrx_word' id='word_1_836' title='bbox 545 3421 597 3454; x_wconf 87' lang='grc' dir='ltr'>διὰ</span> <span class='ocrx_word' id='word_1_837' title='bbox 616 3422 654 3454; x_wconf 88' lang='grc' dir='ltr'>τὸ</span> <span class='ocrx_word' id='word_1_838' title='bbox 669 3421 829 3464; x_wconf 87' lang='grc' dir='ltr'>χρήσιμον</span> <span class='ocrx_word' id='word_1_839' title='bbox 848 3422 915 3454; x_wconf 84' lang='grc' dir='ltr'>κτλ.</span> <span class='ocrx_word' id='word_1_840' title='bbox 936 3438 977 3445; x_wconf 95' lang='grc'>--</span> <span class='ocrx_word' id='word_1_841' title='bbox 996 3421 1033 3440; x_wconf 68' lang='lat'>⁴¹*</span> <span class='ocrx_word' id='word_1_842' title='bbox 1048 3423 1092 3454; x_wconf 85' lang='grc' dir='ltr'>Τὸ</span> <span class='ocrx_word' id='word_1_843' title='bbox 1111 3422 1144 3454; x_wconf 82' lang='grc' dir='ltr'>δὲ</span> <span class='ocrx_word' id='word_1_844' title='bbox 1165 3422 1327 3464; x_wconf 84' lang='grc' dir='ltr'>χρήσιμον</span> <span class='ocrx_word' id='word_1_845' title='bbox 1350 3422 1387 3454; x_wconf 84' lang='grc' dir='ltr'>οὐ</span> <span class='ocrx_word' id='word_1_846' title='bbox 1402 3422 1544 3463; x_wconf 86' lang='grc' dir='ltr'>διαμένει</span> <span class='ocrx_word' id='word_1_847' title='bbox 1565 3423 1633 3454; x_wconf 65' lang='grc' dir='ltr'>κιλ.</span> <span class='ocrx_word' id='word_1_848' title='bbox 1652 3439 1690 3445; x_wconf 91' lang='grc'>-</span> <span class='ocrx_word' id='word_1_849' title='bbox 1706 3421 1762 3439; x_wconf 51' lang='grc' dir='ltr'>*Η</span> <span class='ocrx_word' id='word_1_850' title='bbox 1781 3421 1821 3454; x_wconf 85' lang='grc' dir='ltr'>Ἣ</span> <span class='ocrx_word' id='word_1_851' title='bbox 1843 3421 1878 3453; x_wconf 82' lang='grc' dir='ltr'>δὲ</span> <span class='ocrx_word' id='word_1_852' title='bbox 1895 3422 1960 3453; x_wconf 83' lang='grc' dir='ltr'>τῶν</span> <span class='ocrx_word' id='word_1_853' title='bbox 1981 3421 2060 3455; x_wconf 85' lang='grc' dir='ltr'>νέων</span> <span class='ocrx_word' id='word_1_854' title='bbox 2078 3421 2167 3464; x_wconf 81' lang='grc' dir='ltr'>φιλία</span> <span class='ocrx_word' id='word_1_855' title='bbox 2185 3422 2254 3454; x_wconf 78' lang='grc' dir='ltr'>κτλ.</span> 
     </span>
    </p>
   </div>
   <div class='ocr_carea' id='block_1_15' title="bbox 2479 44 2506 206">
    <p class='ocr_par' dir='ltr' id='par_1_19' title="bbox 2479 44 2506 206">
     <span class='ocr_line' id='line_1_100' title="bbox 2479 44 2506 206; textangle 90"><span class='ocrx_word' id='word_1_856' title='bbox 2484 199 2494 206; x_wconf 69' lang='lat'><strong><em>¹</em></strong></span> <span class='ocrx_word' id='word_1_857' title='bbox 2479 65 2506 157; x_wconf 34' lang='lat' dir='ltr'>*nm-L„</span> <span class='ocrx_word' id='word_1_858' title='bbox 2503 44 2505 53; x_wconf 82' lang='grc'>-</span> 
     </span>
    </p>
   </div>
  </div>
 </body>
</html>
