2528 3788
260 196 312 235 72
1122 202 1188 243 DE
1220 203 1515 250 SPEUSIPPO.

310 297 357 326 1³.
392 284 475 338 πρὸς
502 283 669 336 Γρύλλον,
690 283 735 325 α’.

311 343 371 396 (14)
404 343 649 396 Ἀρίστιππος,
670 342 719 383 α’.

311 404 372 454 (15)
404 403 547 455 Τεχνῶν
567 401 728 455 ἔλεγχος,
752 402 800 442 α’.

310 463 367 513 (16)
400 461 706 512 Ὑπομνηματικοὶ
720 462 887 515 διάλογοι.

307 521 368 571 (17)
397 519 643 572 Τεχνικόν,α’

308 579 368 631 (18)
399 578 564 632 Διαλογοι
579 594 647 618 των
664 580 746 632 περὶ
766 579 829 627 τὴν
859 582 1103 633 πραγματείαν
1130 585 1282 636 ὁμοίων,

454 635 851 691 Μνβνγῖδνενς
874 639 1110 688 ζᾞιηνθῑ

248 697 543 748 Amplissimum
561 710 666 766 opus·
691 710 712 735 e
743 698 872 736 decem
894 698 1006 738 libris
1027 703 1283 753 compositum

248 765 361 806 atque
380 756 507 795 omnis
537 757 689 809 generis
715 757 989 797 similitudines
1016 761 1280 812 complexum,

247 814 356 864 cujus
374 815 597 853 memoriam
616 815 752 854 crebro
773 825 934 868 usurpat
956 817 1170 859 Athenaeus.
1191 820 1279 862 vid.

246 874 380 924 fragm.
403 889 587 925 209-210.
612 889 684 912 211
708 884 745 913 et
765 889 850 927 quae
870 886 1081 927 sequuntur
1100 892 1222 930 usque
1235 881 1282 918 ad

247 932 335 971 225.
357 933 464 974 Adde
485 933 640 972 Suidam
659 947 743 975 voc.
776 934 897 982 πηνίον
915 935 983 974 ubi
1003 937 1279 977 restituendum

253 999 310 1029 est
329 993 363 1030 ἐν
395 993 444 1045 τῷ
475 990 509 1044 β’
531 1006 603 1044 pro
632 991 695 1044 ιβ’.
722 992 832 1032 Conf.
854 993 982 1032 Photii
1015 995 1167 1034 lexicon
1189 1011 1277 1048 pag.

243 1050 329 1087 316.
349 1050 408 1090 ed.
434 1050 642 1090 Hermann.

296 1108 358 1161 (19)
378 1109 576 1163 Διαιρέσεις
592 1111 653 1149 καὶ
673 1110 757 1163 πρὸς
777 1110 819 1149 τὰ
837 1109 941 1162 ὅμοια
962 1111 1153 1157 ὑποθέσεις.

295 1167 357 1219 (2ο)
389 1168 469 1221 περὶ
482 1171 589 1220 γενῶν
603 1169 662 1208 καὶ
683 1170 783 1208 εἱδῶν
803 1170 1110 1222 παραδειγμάτων.
1141 1172 1197 1210 De
1217 1186 1279 1223 ge-

243 1226 402 1265 neribus
412 1235 448 1265 et
466 1227 599 1265 formis
617 1228 894 1278 exemplorum.
912 1229 996 1266 Huc
1009 1238 1153 1280 spectat
1169 1230 1277 1269 locus

239 1285 341 1335 apud
359 1286 601 1337 Simplicium
621 1287 662 1324 in
678 1286 896 1325 Aristotelis
913 1287 1131 1336 Categorias
1150 1288 1215 1326 fol.
1236 1303 1272 1327 2.

238 1343 286 1383 cf,
321 1343 463 1386 Scholl.
502 1346 618 1383 Arist.
665 1357 750 1396 pag.
788 1350 833 1389 41
877 1345 936 1383 ed.
973 1346 1147 1386 Brandis.
1188 1346 1274 1386 vid.

240 1400 373 1453 fragm.
395 1403 483 1440 208.

291 1461 351 1513 (21)
379 1462 466 1514 πρὸς
485 1460 542 1500 τὸν
564 1459 795 1513 Ἀμάρτυρον.

238 1519 380 1558 Confer
414 1534 498 1571 quae
530 1521 613 1558 dixi
651 1520 698 1558 de
744 1518 982 1558 Antisthenis
1012 1520 1274 1571 disputatione

236 1578 320 1629 πρὸς
337 1579 394 1617 τὸν
419 1579 637 1632 Ἰσοκράτους
664 1578 883 1632 Ἀμάρτυρον
905 1579 947 1617 in
975 1578 1124 1619 philos.
1146 1580 1271 1621 Graec.

235 1637 319 1676 Vol.
339 1637 377 1676 ΙΙ
399 1652 487 1690 pag.
516 1653 604 1687 270.
626 1638 790 1676 Videtur
819 1638 922 1676 enim
941 1639 1100 1677 eandem
1121 1638 1271 1682 Isocra—

235 1695 283 1733 tis
305 1696 518 1735 orationem
539 1710 624 1747 quae
655 1697 871 1734 Antistheni
900 1697 1121 1747 displicuit,
1152 1702 1271 1750 Speu-

234 1754 370 1805 sippus
390 1767 546 1805 quoque
566 1755 781 1804 composito
805 1755 942 1792 libello
961 1758 1187 1805 exagitasse.

288 1812 352 1864 (22)
383 1812 574 1855 Πλάτωνος
598 1811 788 1863 ἐγκώμιον.

288 1870 352 1923 (23)
380 1870 589 1910 Ἐπιστολαὶ
604 1871 689 1923 πρὸς
702 1870 835 1918 Δίωνα,
849 1870 1046 1920 Διονύσιον,
1071 1872 1267 1913 Φίλιππον.

232 1944 254 1962 ‘-
287 1930 347 1983 (24)
377 1930 467 1982 Περὶ
488 1930 703 1980 νομοθεσίας.

234 2009 237 2015 ·
289 1990 353 2039 (25)
383 1987 653 2039 Μαθηματικός.

287 2047 346 2100 (26)
378 2046 658 2098 Μανδρόὸουλος.

286 2106 341 2144 Cf.
373 2106 534 2145 Lucian.
557 2107 721 2144 merced.
755 2107 841 2144 cod.
867 2120 928 2145 21.
961 2105 1132 2156 Alciphr.
1168 2120 1204 2154 1,
1228 2121 1264 2157 9,

231 2164 375 2205 Zenob.
400 2165 436 2215 3,
460 2165 522 2203 82.

288 2225 334 2260 At
354 2224 474 2261 codex
493 2223 772 2261 Laurentianus
801 2222 920 2261 LXIX
952 2222 1098 2273 praebet
1129 2222 1269 2276 Ἀνδρό-

231 2283 364 2325 ὅουλος.
387 2282 445 2319 Cf.
473 2281 655 2319 Herodot.
678 2280 757 2328 VII,
781 2287 864 2326 141.
885 2282 957 2319 Res
976 2282 1122 2320 incerta
1141 2292 1211 2320 est.

286 2341 343 2392 (27)
374 2339 520 2383 Λυσίας.

286 2400 345 2450 (28)
372 2395 489 2450 ‘'Opot.

284 2457 540 2495 Definitiones
553 2485 562 2503 ‚
580 2470 664 2507 quae
685 2465 831 2494 aetatem
856 2457 1026 2494 tulerunt
1039 2485 1048 2503 ‚
1076 2457 1118 2493 in
1134 2456 1263 2494 decem

232 2517 404 2555 Platonis
429 2515 627 2553 codicibus
656 2516 850 2564 leguntur.
878 2515 1025 2553 Eorum
1052 2527 1155 2553 unus
1174 2514 1266 2553 Vin-

229 2575 464 2614 dobonensis
495 2575 541 2610 32
575 2573 727 2611 titulum
758 2573 863 2611 addit
885 2571 991 2625 ἰὈροι
1035 2573 1266 2612 Σπευσίππου

230 2636 289 2671 τοῦ
306 2631 495 2674 Πλάτωνος
517 2633 728 2669 recentiore
751 2644 862 2669 manu
892 2633 1077 2683 scriptum
1091 2661 1102 2681 ‚
1137 2632 1203 2682 qui
1224 2632 1266 2670 in

231 2691 394 2743 reliquis
411 2689 645 2727 membranis
665 2690 919 2729 desideratur.
951 2690 1035 2727 Non
1054 2690 1267 2728 audiendus

229 2760 286 2789 est
299 2749 525 2788 Ammonius
539 2749 579 2785 in
600 2762 695 2786 voce
714 2748 893 2792 παίδευσις
916 2749 1069 2786 Platoni
1091 2748 1265 2786 libellum

228 2810 332 2847 hunc
358 2805 547 2845 tribuens.
571 2806 695 2844 Verba
727 2807 812 2857 ejus
834 2817 922 2845 sunt
954 2822 962 2847 :
991 2808 1169 2852 παίδευσις
1208 2809 1266 2847 καὶ

227 2869 368 2909 παιδεία
388 2868 561 2922 διαφέρει,
580 2867 625 2911 ὥς
643 2883 727 2920 φησι
749 2868 899 2907 Πλάτων
922 2871 955 2907 ἐν
985 2868 1088 2920 ὅροις.
1115 2870 1262 2908 Παιδεία

269 3016 356 3058 (132)
379 3015 454 3048 Vid.
477 3015 590 3056 fragm.
612 3018 682 3048 193.
698 3032 738 3038 —
759 3017 842 3054 (133)
864 3016 1021 3057 Diogenes
1038 3011 1185 3050 Laertius
1207 3019 1262 3050 lib.

227 3065 284 3104 IX,
299 3067 337 3096 23
351 3064 392 3100 ὥς
411 3074 485 3103 φησι
503 3063 700 3098 Σπεύσιππος
720 3063 751 3094 ἐν
763 3066 809 3103 τῷ
827 3063 894 3103 περὶ
911 3064 1100 3106 φιλοσόφων.
1119 3082 1158 3088 -
1174 3062 1263 3104 (134)

227 3112 387 3152 Diogenes
407 3110 553 3142 Laertius
579 3109 636 3142 lib.
667 3111 724 3148 IV,
755 3113 775 3141 5
802 3109 905 3151 στίχοι
923 3110 1078 3151 ,μ,γσόἐ’.
1102 3113 1153 3143 Ita
1178 3110 1263 3142 enim

227 3157 363 3193 emendo
378 3157 543 3199 vulgatam
556 3156 750 3198 scripturam
764 3156 916 3196 μ’γ’δόἐ’.
939 3159 1032 3190 Patet
1049 3160 1159 3190 autem
1177 3157 1264 3190 codi-

229 3206 276 3239 cis
295 3204 500 3239 Laui-entiam
515 3205 660 3236 monstra
678 3203 779 3244 στίχοι
796 3205 950 3245 μγ,κβ,δοε
970 3204 1046 3236 ferri
1061 3205 1150 3237 nullo
1165 3205 1263 3236 modo

253 3261 337 3285 osse.
352 3270 396 3276 —

230 3263 250 3295 p
273 3299 362 3342 (135)
378 3299 539 3340 Diogenes
565 3298 712 3330 Laertius
730 3297 786 3329 lib.
809 3300 862 3337 lv,
881 3302 899 3330 3
922 3298 981 3336 ἤδη
997 3299 1028 3330 δὲ
1043 3298 1104 3330 ὑπὸ
1125 3298 1262 3339 παραλύ-

231 3359 310 3383 σεως
327 3346 380 3379 καὶ
393 3345 429 3377 τὸ
447 3348 542 3386 σῶμα
557 3345 735 3386 διέφθαρτο,
750 3345 803 3376 καὶ
822 3345 896 3384 πρὸς
924 3344 1119 3386 Ξενοκράτην
1138 3344 1263 3385 διεπέμ-

230 3405 304 3427 πετο
321 3394 508 3435 παρακαλῶν
536 3391 628 3424 αὒτὸν
654 3392 747 3424 ἐλθεῖν
764 3391 817 3423 καὶ
837 3391 891 3429 τὴν
916 3392 1032 3431 σχολὴν
1054 3391 1262 3427 διαδέξασθαι.

231 3441 388 3474 Themist.
407 3438 488 3472 orat.
509 3440 578 3470 XXI
593 3448 667 3481 pag.
695 3442 754 3470 255
770 3435 826 3470 ed.
853 3438 962 3470 Petav.
984 3437 1035 3469 διὰ
1058 3441 1147 3470 τοῦτο
1167 3438 1265 3470 Σπεύ-

1351 294 1413 344 μὲν
1433 296 1499 348 γάρ
1528 297 1601 335 ἐστι
1620 296 1765 348 δύναμις
1789 298 2019 350 θεραπευτικὴ
2050 302 2186 354 ψυχῆς,
2205 300 2384 349 παίδευσις

1349 353 1385 393 δὲ
1402 354 1561 399 παιδείας
1579 355 1677 395 καὶ’
1658 360 1782 409 αρετῆς
1807 355 2009 409 παράδοσις,
2023 359 2084 398 καὶ
2105 361 2142 398 ἐκ
2160 360 2322 405 παιδὸς’
2302 377 2384 415 αρε-

1347 413 1430 461 τὴ’
1415 413 1469 453 επ’
1494 414 1616 467 ἀρετὴν
1637 415 1820 468 ὁδηγουσα.
1841 416 1933 454 Nam
1957 418 2028 456 etsi
2052 419 2111 457 hae
2138 419 2382 462 definitiones

1347 485 1367 509 e
1387 471 1559 512 Platonis
1575 474 1738 524 dialogis
1758 475 1926 513 collectae
1942 485 2049 524 sunt,
2066 486 2191 516 tamen
2202 478 2382 532 Speusip-

1347 544 1420 581 pus
1448 533 1577 583 potius
1609 546 1722 583 quam
1751 535 1833 585 ipse
1860 534 1969 572 Plato
1988 547 2052 574 eas
2078 536 2279 587 collegisse
2310 551 2379 590 pu-

1347 589 1419 628 tati
1453 590 1575 630 debet.
1609 591 1741 642 ltaque
1775 592 1847 630 sub
1879 592 2085 645 Speusippi
2116 596 2271 634 nomine
2297 595 2380 647 jam

1345 648 1494 699 pridem
1514 650 1631 688 latine
1650 663 1672 688 a
1690 663 1731 689 se
1753 664 1879 689 versas
1906 652 2028 690 edidit
2048 653 2128 691 Mai
2131 654 2242 693 silius
2271 653 2379 694 Fici-

1347 720 1431 747 nus.
1450 707 1545 746 Vide
1565 708 1733 747 Fab1icii
1753 709 1854 747 Bibl
1871 710 1994 749 Gr.aec
2015 710 2100 752 Vol.
2121 711 2176 751 ΙΙΙ
2195 725 2283 764 pag.
2305 726 2380 764 109

1343 778 1400 816 sq.
1423 775 1460 804 et
1483 767 1551 815 187
1570 767 1631 805 ed.
1654 767 1757 808 Harl.

1395 817 1455 870 (29)
1446 819 1639 868 )Τάξεις’
1626 821 1899 871 υπομνημάτων.

1394 877 1533 916 Omisit
1563 879 1754 929 Diogenes
1782 880 1956 920 Laertius
1990 881 2111 920 libros
2146 881 2232 935 πρὸς
2262 883 2378 922 Κλεο-

1341 938 1457 988 φῶντα
1473 945 1703 975 memoratos
1720 950 1741 975 a
1752 938 1944 976 Clemente
1956 939 2218 979 Alexandrino
2234 939 2376 980 strom.

1342 994 1411 1032 lib.
1441 993 1476 1031 ΙΙ
1493 1008 1578 1046 pag.
1607 997 1695 1044 357.
1723 1009 1755 1034 a.
1779 996 1839 1036 ed.
1878 996 2058 1047 Sylburg.
2089 996 2212 1050 (132).
2245 999 2377 1038 Possis

1339 1053 1453 1091 etiam
1473 1052 1681 1104 Speusippi
1699 1054 1855 1105 scriptis
1875 1053 2044 1104 adjicere
2060 1056 2376 1095 commentarium

1340 1111 1420 1164 περὶ
1442 1111 1658 1164 φιλοσόφων,
1681 1112 1791 1163 cujus
1815 1113 1992 1150 meminit
2010 1112 2185 1159 Laertius
2203 1113 2276 1156 lib.
2298 1114 2374 1167 lx,

1341 1171 1388 1207 23
1411 1169 1534 1221 (133),
1552 1170 1628 1208 nisi
1650 1170 1747 1207 forte
1765 1171 2063 1209 existimandum
2077 1180 2149 1220 est,
2166 1171 2263 1211 illud
2277 1186 2376 1225 opus

1340 1239 1419 1263 non
1453 1226 1571 1264 fuisse
1597 1227 1793 1266 diversum
1830 1229 1878 1267 ab
1907 1243 1952 1267 eo
1987 1229 2049 1268 cui
2070 1229 2149 1282 περὶ
2169 1230 2374 1284 φιλοσοφίας

1336 1285 1470 1324 titulus
1487 1295 1581 1325 erat.
1608 1287 1726 1325 Multa
1756 1288 1957 1339 scripsisse
1985 1288 2243 1340 Speusippum
2268 1289 2375 1329 indi·

1335 1352 1395 1381 cat
1426 1344 1542 1381 etiam
1573 1357 1753 1382 versuum
1775 1359 1974 1393 numerus,
1996 1359 2018 1384 e
2034 1346 2177 1397 quibus
2196 1348 2278 1396 ejus
2301 1361 2374 1386 vo-

1337 1402 1484 1440 lumina
1510 1402 1751 1443 constabant.
1777 1403 1946 1442 Fuerunt
1984 1404 2103 1453 igitur
2143 1404 2372 1456 quadragies

1337 1469 1392 1497 ter
1406 1461 1512 1498 mille
1528 1461 1684 1498 ducenti
1699 1462 1938 1512 septuaginta
1954 1463 2127 1513 quinque
2147 1463 2265 1513 (134).
2288 1463 2372 1502 Cae-

1334 1527 1454 1556 terum
1476 1532 1561 1569 quae
1588 1520 1726 1557 horum
1763 1520 1950 1558 librorum
1978 1521 2188 1570 fragmenta
2217 1521 2264 1560 ad
2299 1535 2375 1560 no-

1331 1585 1448 1628 stram
1468 1578 1691 1615 memoriam
1709 1587 1943 1624 manserunt,
1965 1578 2094 1617 omnia
2109 1579 2213 1618 infra
2230 1593 2373 1632 propo·

1333 1648 1433 1676 nam.

1385 1694 1578 1741 Quamdiu
1616 1707 1685 1745 per
1728 1695 1988 1732 valetudinem
2036 1695 2168 1743 licuit,
2219 1695 2374 1743 videtur

1330 1752 1571 1806 Speusippus
1612 1753 1752 1792 scholae
1792 1753 1999 1790 Platonicae
2041 1752 2264 1804 praefuisse;
2306 1755 2372 1793 sed

1329 1820 1532 1863 postquam
1555 1809 1692 1849 morbo
1722 1811 1919 1849 articulari
1953 1811 2116 1850 afflictus
2145 1821 2228 1860 est,
2253 1814 2370 1852 colle·

1329 1883 1414 1920 gam
1429 1878 1542 1920 atque
1550 1871 1645 1907 adeo
1657 1881 1916 1909 successorem
1935 1866 2224 1921 circumspexit.
2237 1869 2370 1922 Itaque

1329 1928 1580 1967 Xenocratem
1623 1928 1933 1979 peregrinantem
1974 1941 2043 1980 per
2070 1927 2217 1967 litteras
2250 1929 2370 1978 adiit,

1328 1999 1494 2037 eumque
1514 1986 1629 2024 etiam
1647 1994 1761 2037 atque
1783 1988 1898 2025 etiam
1915 1988 2067 2037 rogavit
2079 2015 2090 2035 ‚
2105 1996 2148 2026 ut
2167 1987 2370 2027 academiae

1329 2045 1504 2095 regendae
1538 2044 1782 2096 provinciam
1812 2045 2037 2096 deposituro
2077 2044 2156 2084 sibi
2191 2045 2371 2085 succede-

1328 2113 1386 2142 ret
1401 2103 1516 2156 (135).
1541 2104 1731 2142 Successit
1754 2103 1987 2142 Xenocrates
2018 2103 2236 2156 Speusippo
2256 2103 2368 2156 Lysi·

1330 2162 1502 2200 machide
1554 2161 1656 2213 apud
1707 2161 1958 2200 Athenienses
2001 2172 2165 2214 praetore
2202 2164 2370 2204 secundo

1328 2220 1568 2272 Olympiadis
1606 2233 1678 2258 110
1710 2233 1811 2258 anno
1839 2221 1900 2259 vel
1931 2229 2017 2260 ante
2045 2221 2136 2262 Chr.
2168 2223 2259 2273 339.
2281 2221 2371 2262 Haec

1328 2279 1499 2317 animum
1534 2278 1745 2326 inclinant,
1771 2287 1814 2316 ut
1845 2277 2106 2331 Speusippum
2137 2280 2251 2319 etiam
2280 2291 2370 2333 post

1327 2338 1425 2376 illud
1445 2347 1595 2388 tempus
1615 2338 1657 2375 in
1685 2337 1766 2374 vita
1794 2337 1980 2375 mansisse
2006 2338 2182 2386 credam,
2212 2340 2367 2390 quando

1327 2409 1415 2435 eum
1433 2396 1629 2435 interdum
1658 2396 1839 2447 plostello
1862 2405 2015 2435 vectum
2041 2396 2284 2436 Academiam
2305 2399 2367 2437 vi-

1328 2456 1419 2494 sisse
1435 2455 1632 2506 proditum
1652 2462 1721 2492 est.
1742 2453 1804 2491 Ibi
1828 2454 2013 2492 accidisse
2033 2454 2163 2505 ajunt,
2185 2464 2228 2493 ut
2248 2466 2376 2507 quum*

1329 2514 1494 2564 Diogeni
1515 2513 1663 2563 Cynico
1689 2512 1900 2563 aliquando
1920 2512 2076 2551 obviam
2103 2513 2222 2552 factus
2242 2514 2367 2554 homi-

1327 2585 1413 2610 nem
1465 2570 1698 2609 inurbanum
1743 2570 1889 2608 salvere
1935 2570 2134 2621 jussisset,
2188 2571 2358 2623 Cynicus

1326 2632 1454 2683 ipsum
1465 2629 1639 2668 ludibrio
1648 2628 1819 2667 haberet.
1837 2628 2050 2680 Respondit
2064 2630 2167 2668 enim
2186 2644 2194 2669 :
2213 2640 2256 2668 at
2267 2640 2305 2669 tu
2319 2647 2367 2671 ne

1325 2693 1445 2736 salve,
1464 2694 1526 2740 qui
1540 2691 1652 2726 talem
1662 2693 1782 2725 vitam
1801 2691 1936 2739 degere
1954 2693 2153 2736 sustineas,
2169 2689 2366 2731 hortatus-

1326 2763 1401 2799 que
1420 2758 1490 2797 est,
1512 2757 1554 2787 ut
1573 2747 1841 2798 mortemipse
1869 2746 1946 2785 sibi
1978 2747 2243 2788 conscisceret.
2265 2747 2365 2788 Tum

1326 2809 1392 2846 ille
1412 2823 1419 2846 ;
1439 2810 1526 2846 Νοη
1544 2809 1729 2853 omnbus,
1761 2805 1910 2856 inquit,
1931 2810 2114 2854 vivimus,
2143 2809 2213 2844 sed
2228 2817 2362 2848 mente.

1330 2868 1434 2918 (136)
1454 2866 1714 2905 Nihilominus
1743 2873 1936 2916 postremo
1957 2864 2233 2915 philosophum
2254 2866 2364 2905 senio

1325 3027 1437 3052 σιππος
1465 3014 1500 3046 ἐκ
1522 3011 1720 3050 Χαλκηδόνος
1744 3011 1954 3052 μετεπέμπετο
1985 3010 2189 3051 Ξενοκράτην.
2221 3010 2363 3043 Galenus

1325 3062 1365 3095 de
1381 3061 1493 3094 histor.
1515 3058 1596 3101 phil.
1621 3066 1690 3099 cap.
1714 3061 1732 3090 2
1761 3057 1863 3097 (tom.
1894 3058 1967 3089 XIX
1986 3065 2058 3098 pag.
2085 3060 2144 3089 226
2170 3056 2220 3089 ed.
2243 3057 2360 3098 Kuhn)

1326 3113 1521 3147 Σπεύσιππος
1543 3110 1597 3152 μὲν
1611 3108 1665 3141 οὖν
1687 3107 1797 3150 χρόνον
1812 3107 1880 3140 τινὰ
1897 3107 2012 3148 βραχὺν
2029 3107 2080 3138 ἐπὶ
2099 3109 2153 3143 τῆς
2172 3105 2265 3145 αὐτῆς
2281 3107 2362 3149 <2195-

1325 3172 1402 3196 σεως
1417 3157 1667 3200 διαμεμενηκώς,
1685 3155 1866 3196 ἀρθριτικοῖς
1880 3154 1913 3185 δὲ
1932 3153 2091 3193 νοσήμασι
2111 3153 2328 3194 περιπεσὼν’““
2302 3165 2360 3186 ,ιε-

1324 3206 1471 3247 νοκράτην
1493 3205 1558 3237 ἀντ’
1581 3204 1676 3235 αὐτοῦ
1698 3202 1888 3240 κατεστησε,
1917 3203 1980 3232 τῶν
2009 3200 2217 3233 Πλατωνικῶν
2239 3201 2357 3241 δογμά-

1323 3265 1384 3285 των
1401 3253 1560 3293 ἐξηγητὴν.
1591 3250 1681 3283 Adde
1699 3249 1812 3289 fragm.
1837 3250 1906 3280 189.
1934 3249 2004 3279 190.
2027 3265 2065 3272 -
2083 3245 2172 3288 (136)
2199 3246 2359 3287 Diogenes

1322 3300 1468 3332 Laertius
1485 3299 1543 3331 lib.
1572 3300 1628 3331 IV.
1658 3300 1676 3330 3
1697 3296 1782 3328 Φασὶ
1804 3295 1836 3327 δὲ
1862 3294 1908 3336 ἐφ’
1925 3293 2056 3335 ἀμαξίου
2083 3293 2177 3326 αὐτὸν
2196 3293 2359 3335 φερόμενον

1325 3348 1365 3382 εἰς
1386 3346 1439 3385 τὴν
1464 3345 1652 3385 Ἀκαδημίαν
1681 3346 1870 3381 συναντῆσαι
1894 3341 2034 3382 Διογένει
2058 3340 2111 3372 και
2126 3340 2223 3382 Χαῖρε
2243 3337 2356 3381 εἰπεῖν,

1323 3394 1374 3424 τὸν
1400 3393 1433 3424 δὲ
1447 3392 1556 3433 φάναι,
1573 3391 1662 3424 Ἀλλὰ
1680 3392 1721 3432 μὴ
1736 3390 1776 3423 σύ
1791 3400 1846 3431 γε,
1865 3388 1949 3426 ὅστις
1971 3387 2132 3429 ὑπομένεις
2153 3390 2206 3429 ζῇν
2220 3390 2358 3424 τοιοῦτος

1324 3439 1548 3472 ὤν.5101)δε115
1567 3438 1675 3470 Floril.
1694 3437 1806 3477 ΟΧΙΧ,
1830 3437 1865 3468 17
1892 3434 2082 3475 Σπευσίππῳ
2100 3433 2302 3475 παραλυθέντι
2317 3431 2357 3464 τὰ
