2508 3776
240 168 319 206 512

240 253 331 293 κατὰ
359 251 499 291 πλείονα
527 250 746 289 κοινωνοῦσιν
779 248 959 297 ἀλλήλοις.
992 248 1162 289 Μάλιστα
1191 250 1227 290 δὲ
1255 253 1279 298 ἡ

240 311 407 364 ἀδελφικὴ
431 309 555 363 φιλία·
589 307 774 358 συμὸαίνει
798 306 866 361 γὰρ
891 308 979 360 αὐτῇ
1009 308 1148 358 πάντα,
1170 309 1194 348 ἃ
1220 309 1281 349 καὶ

239 375 282 423 τῇ
303 372 480 421 ἑταιρικῇ,
503 367 562 406 καὶ
589 367 722 417 μᾶλλον
754 368 866 420 αὐτῇ,
902 365 924 414 ἢ
963 366 1096 420 ἐκείνῃ·
1129 368 1190 407 καὶ
1224 368 1282 407 διὰ

238 445 337 469 τουτο
357 431 386 467 εἷ
406 428 565 470 ἐπιεικεῖς
585 420 650 465 εἶεν
673 427 705 464 οἳ
734 425 876 479 ἀδελφοὶ
907 427 967 465 καὶ
992 425 1118 501 ὁζμοιοι,
1146 429 1280 480 μᾶλλον

239 489 440 542 φιλήσουσιν
466 485 655 533 ἀλλήλους,
686 484 709 532 ἢ
739 486 770 524 οἱ
792 487 951 538 ἑταῖροι·
986 487 1187 540 οἰκειότεροι
1212 487 1281 540 γάρ

240 551 323 587 εἰσιν
352 547 513 594 ἀλλήλοις
536 546 595 584 καὶ
618 545 834 598 ὃμοιότεροι,
857 545 919 584 καὶ
938 547 978 584 ἐκ
1001 549 1140 598 γενετῆς
1169 547 1282 594 ἀλλή-

238 608 318 652 λους
350 606 551 658 στέργουσι,
579 604 640 643 καὶ
673 603 920 656 ὁμοηθέστεροί
950 606 1060 653 εἰσιν,
1081 604 1134 643 ὅτι
1163 605 1222 644 καὶ
1243 606 1282 644 ἐκ

237 669 306 705 τῶν
328 668 438 704 αὐτῶν
459 665 615 734 ἔφυσαν,
635 663 695 702 καὶ
726 662 853 713 ὁμοίως
872 663 1153 711 ἐπαιδεύθησαν·
1178 664 1237 702 καὶ
1259 666 1280 711 ἡ

239 725 332 765 κατὰ
346 724 403 764 τὸν
422 724 546 778 χρόνον
570 723 758 775 δοκιμασία
790 723 916 773 μείζων
938 724 1110 772 ἐνταῦθα,
1139 723 1200 762 καὶ
1221 726 1280 776 βε-

240 783 419 837 δαιοτέρα
442 783 488 822 Ἣ
505 782 567 835 μὲν
586 785 643 821 οὖν
665 781 814 834 μεγίστη
843 783 877 820 ἐν
897 787 971 826 ταῖς
987 788 1207 834 συγγενικαῖς
1227 799 1282 836 φι-

238 844 297 883 λία
319 847 337 891 ἡ
356 842 556 897 ἀδελφική’
541 857 654 881 εστιν·
673 843 709 881 αἱ
729 841 764 881 δὲ
782 842 886 881 ἄλλαι
908 841 1077 896 ἀνάλογον
1098 841 1217 896 ἔχουσι
1236 846 1280 896 τῇ

238 902 331 942 κατὰ
343 902 439 954 γένος
462 901 664 950 οἰκειότητι.

291 962 309 980 ”
323 962 436 1015 Ἀνδρὶ
452 962 559 1001 δὲκαὶ
575 961 714 1014 γυναικὶ
732 961 831 1015 φιλία
848 961 940 1001 δοκεῖ
953 961 1045 1001 κατὰ
1053 960 1154 1016 φύσιν
1172 961 1282 1017 ὑπάρ-

238 1037 327 1074 χειν.
355 1019 554 1074 Ἄνθρωπος
571 1020 638 1074 γὰρ
658 1024 701 1073 τῇ
724 1021 823 1074 φύσει
845 1021 1126 1069 τεκνοποιητικὸν
1147 1024 1280 1072 μᾶλλον

239 1081 262 1128 ἢ
282 1080 480 1128 πολιτικόν,
499 1079 571 1134 ὅσῳ
595 1080 761 1133 πρότερον
794 1080 854 1119 καὶ
889 1079 1156 1133 ἀναγκαιότερον
1188 1079 1281 1119 οἰκία

238 1140 392 1188 πόλεως,
420 1139 481 1179 καὶ
512 1140 583 1193 ὅσῳ
614 1139 806 1192 κοινότερον
843 1138 940 1192 ζῴοις
967 1142 981 1160 ‘³
1008 1139 1227 1185 τεκνοποιία,
1257 1138 1279 1186 ἢ

238 1200 409 1239 πολιτεία.
431 1199 485 1239 Τὸ
504 1198 566 1250 μὲν
593 1198 660 1251 γὰρ
680 1205 769 1237 πᾶσι
790 1198 887 1251 ζῴοις
910 1197 1061 1246 ἔνεστιν,
1084 1202 1106 1245 ἡ
1128 1199 1163 1236 δὲ
1182 1200 1283 1237 πολι-

238 1258 312 1297 τεία
334 1258 448 1308 μόνοις
466 1260 536 1302 τοῖς
556 1257 769 1310 ἀνθρώποις·
790 1263 860 1301 τοῖς
881 1256 943 1308 μὲν
957 1251 1016 1295 οὖν
1042 1257 1157 1300 ἄλλοις
1179 1256 1280 1308 ζῴοις

239 1318 297 1356 ἐπὶ
314 1322 476 1357 τοσοῦτον
503 1317 606 1368 μόνον
626 1321 648 1364 ἡ
671 1316 832 1355 κοινωνία
855 1315 946 1354 ἐστίν
959 1345 968 1363 ,
986 1317 1039 1368 ἐφ’
1058 1313 1137 1354 ὅσον
1155 1315 1204 1353 ἔνι
1226 1331 1282 1353 τε-

239 1380 464 1424 κνοποιῆσαι,
484 1376 554 1419 τοῖς
577 1373 613 1413 δὲ
634 1373 822 1426 ἀνθρώποις
841 1375 878 1411 οὗ
896 1376 957 1419 τῆς
981 1374 1198 1418 τεκνοποιίας
1216 1374 1283 1426 χοὶ-

240 1451 291 1488 ριν
312 1435 414 1485 μόνον
434 1437 455 1481 ἡ
479 1433 641 1473 κοινωνία
652 1433 764 1480 ἐστίν,
782 1431 873 1471 ἀλλὰ
890 1433 948 1470 καὶ
963 1435 1031 1471 τῶν
1047 1434 1093 1477 εἷς
1107 1434 1165 1472 τὸν
1186 1433 1259 1485 βίον
1272 1448 1281 1457 ·

239 1493 334 1537 εὐθὺς
354 1492 421 1544 γὰρ
442 1492 603 1543 διῄρηται
622 1492 735 1529 αὐτῶν
752 1489 797 1528 τὰ
819 1491 924 1542 ἔργα,
943 1490 1004 1528 καὶ
1022 1490 1114 1530 ἄλλα
1136 1491 1181 1530 τὰ
1199 1491 1284 1544 ἔργα

238 1557 298 1591 τοῦ
317 1553 437 1605 ἀνδρός
451 1581 461 1599 ,
482 1551 541 1590 καὶ
564 1550 665 1602 ἕτερα
687 1549 848 1602 γυναικός
864 1564 873 1573 ·
900 1551 1112 1603 ἐπαρκοῦσιν
1136 1545 1193 1590 οῧν
1217 1552 1282 1590 ἀλ-

237 1610 357 1656 λήλοις
378 1612 424 1654 εἷς
443 1610 482 1649 τὸ
502 1609 614 1649 κοινὸν
636 1610 782 1653 τιθέντες
809 1608 854 1647 τὰ
874 1608 961 1648 ἴδια.
985 1609 1053 1648 Διὰ
1082 1612 1194 1649 ταῦτα
1223 1613 1284 1650 καὶ

238 1670 278 1708 τὸ
294 1669 484 1722 χρήσιμον,
503 1668 614 1708 καὶτὸ
628 1668 692 1716 ἡδὺ
714 1670 748 1708 ἐν
766 1668 877 1720 ταύτῃ
898 1671 940 1720 τῇ
959 1667 1060 1721 φιλίᾳ
1073 1661 1162 1706 εἶναι
1178 1669 1284 1708 δοκεῖ·

239 1728 293 1776 εἴη
311 1728 340 1766 δ’
362 1728 404 1766 ἂν
422 1728 481 1767 καὶ
502 1727 541 1766 τὸ
557 1727 707 1779 ἀγαθόν,
724 1727 782 1765 καὶ
801 1730 821 1774 ἡ
837 1727 966 1780 ἀρετή,
980 1729 1010 1765 εἷ
1024 1728 1186 1772 ἐπιεικεῖς
1203 1723 1283 1767 elev·

239 1787 314 1826 ἔστι
333 1788 402 1841 γὰρ
429 1787 594 1840 ἑκατέρου
616 1786 747 1840 ἀρετή·
769 1786 829 1824 καὶ
854 1788 884 1825 εἷ
906 1787 1091 1831 σπουδαῖος
1122 1786 1175 1834 εἴη
1204 1788 1288 1826 ἑκά-

239 1862 334 1900 τερος
353 1847 415 1894 τὴν
440 1847 686 1898 προσήκουσαν
718 1847 866 1898 ἀρετήν,
888 1845 1046 1898 χαίροιεν
1076 1844 1119 1883 ἂν
1151 1846 1210 1885 καὶ
1230 1846 1287 1885 διὰ

239 1910 342 1945 τοῦτο
363 1906 537 1953 ἀλλήλοις·
565 1905 756 1956 σύνδεσμος
789 1903 825 1943 δὲ
851 1908 894 1956 τῇ
922 1905 1066 1957 τοιαύτῃ
1096 1905 1196 1958 φιλίᾳ
1225 1906 1285 1945 καὶ

239 1966 283 2004 τὰ
312 1965 417 2004 τέκνα
451 1966 544 2004 δοκεῖ
568 1958 655 2004 εἶναι
673 1980 682 1989 ·
713 1964 766 2003 διὸ
794 1968 918 2003 θᾶττον
964 1966 995 2002 οἱ
1032 1964 1169 2003 ἄτεκνοι
1208 1965 1286 2003 δια-

239 2025 405 2064 λύονται·
436 2025 479 2063 τὰ
505 2025 571 2078 γὰρ
592 2024 696 2064 τέκνα
717 2024 830 2063 κοινὸν
860 2024 988 2075 ἀγαθὸν
1012 2027 1139 2077 ἀμφοῖν
1158 2040 1167 2050 ·
1187 2025 1227 2064 τὸ
1249 2024 1286 2063 δὲ

240 2085 352 2124 κοινὸν
379 2085 517 2137 συνέχει
534 2083 579 2123 τὰ
600 2088 842 2124 κοινωνοῦντα.

293 2143 467 2195 (Scripsi
489 2147 506 2166 ‘¹
527 2143 789 2196 συνῳκείωται]
810 2141 896 2181 cod.
925 2142 1178 2182 συνωκείωται.
1203 2166 1254 2171 -

239 2202 431 2253 γενόμενα]
457 2203 545 2240 cod.
580 2202 784 2254 γεννόμενα.
810 2225 864 2230 -
881 2206 895 2225 ⁰
917 2203 1026 2256 φασι]
1056 2202 1145 2242 cod.
1164 2217 1284 2256 φασιν.

240 2257 326 2291 —d

1269 2140 1287 2165 b

240 2319 327 2360 cod.
349 2320 446 2365 ζώοις
467 2329 510 2359 ut
531 2321 697 2371 reliquis
717 2322 830 2360 locis.
855 2321 929 2374 —)

673 2438 765 2490 Κεφ.
799 2436 857 2481 ιζ’.

299 2553 378 2596 Περὶ
393 2556 455 2585 τῶν
467 2554 499 2585 ἐν
517 2556 556 2594 τῇ
574 2552 656 2584 κατὰ
669 2551 706 2584 τὸ
723 2552 881 2593 χρήσιμον
896 2549 984 2594 φιλίᾳ
1002 2547 1224 2590 ἐγκλημάτων.

299 2656 381 2697 Πῶς
401 2653 435 2691 δὲ
457 2652 672 2702 συμὸιωτέον
691 2651 789 2703 ἀνδρὶ
813 2651 899 2703 πρὸς
918 2656 1086 2703 γυναῖκα,
1106 2651 1167 2687 καὶ
1188 2650 1288 2687 ἀδελ-

244 2716 299 2766 φῷ
312 2712 397 2765 πρὸς
418 2710 562 2763 ἀδελφόν
575 2741 585 2758 ‚
608 2710 666 2748 καὶ
686 2709 774 2753 ὅλως
793 2709 882 2762 φίλῳ
904 2710 989 2761 πρὸς
1013 2709 1112 2763 φίλον
1127 2737 1137 2756 ,
1160 2707 1286 2747 ταύτόν

244 2774 319 2812 ἐστι
350 2788 400 2821 τῳ
422 2774 496 2814 πῶς
527 2770 674 2808 δίκαιον
704 2767 859 2808 “Erret-ott
890 2768 956 2821 γὰρ
992 2769 1090 2820 πάσῃ
1123 2767 1286 2821 κοινωνία

245 2830 423 2878 ἀναλόγως
450 2833 492 2881 τῇ
528 2829 626 2882 φιλίᾳ
653 2829 712 2867 καὶ
746 2828 786 2866 τὸ
814 2828 969 2872 δίκαιον,
998 2828 1116 2879 ὥσπερ
1151 2827 1287 2879 εἴρηται

244 2889 439 2932 πολλάκις·
458 2887 517 2925 καὶ
539 2902 577 2924 ου
596 2887 719 2924 ταύτὸν
742 2886 899 2938 φαίνεται
930 2890 1018 2924 εἰναι
1041 2886 1173 2925 δίκαιον
1197 2886 1287 2939 φίλῳ

244 2949 329 3001 πρὸς
352 2947 472 2999 φίλον,
502 2946 561 2984 καὶ
583 2945 639 2983 τὸν
669 2947 795 2983 ὀθνεῖον
812 2976 821 2992 ,
847 2945 867 2992 ἢ
889 2946 946 2984 τὸν
981 2945 1150 2999 ἀδελφόν,
1175 2944 1198 2992 ἢ
1229 2944 1288 2984 τὸν

246 3010 403 3060 ἑταῖρον,
424 3005 484 3045 καὶ
503 3006 559 3044 τὸν
572 3004 836 3079 Μσυμφοιτητήν.

299 3066 334 3083 **
350 3067 467 3118 Τριῶν
488 3065 530 3111 δὴ
550 3066 660 3103 οὐσῶν
679 3066 747 3101 τῶν
770 3065 911 3116 φιλι(ι,)ν
930 3063 986 3102 δια
1001 3063 1040 3102 τὸ
1058 3063 1204 3115 ἀγαθόν,
1226 3056 1283 3103 διὰ

244 3123 284 3161 τὸ
299 3122 378 3171 ἡδύ,
393 3123 454 3162 καὶ
468 3122 523 3161 διὰ
544 3124 583 3160 τὸ
593 3121 782 3174 χρήσιμον,
802 3122 862 3160 καὶ
877 3122 953 3159 καθ’
969 3122 1123 3170 ἑκάστην
1136 3125 1205 3161 τῶν
1222 3122 1286 3173 μὲν

247 3184 282 3221 ἐν
302 3182 435 3230 ἰσότητι
455 3182 563 3235 φίλων
585 3180 711 3227 ὄντων,
731 3183 799 3219 τῶν
818 3179 854 3218 δὲ
882 3182 959 3218 καθ’
989 3180 1165 3233 ὑπεροχὴν
1186 3196 1195 3204 ·
1227 3181 1289 3221 καὶ

247 3242 314 3295 γὰρ
331 3241 483 3294 γίνονται
502 3241 595 3294 φίλοι
616 3240 674 3278 καὶ
695 3241 726 3278 οἳ
740 3238 868 3290 ὅμοιοι,
884 3242 898 3260 ²¹
917 3238 938 3285 ἢ
964 3240 1055 3278 κατὰ
1075 3239 1114 3277 τὸ
1134 3239 1286 3291 ἀγαθόν,

347 2260 622 2314 συνῳκείωνται]
654 2264 738 2301 cod.
766 2260 1035 2302 συνωκείωνται.
1051 2284 1105 2291 —
1123 2267 1139 2286 e
1159 2261 1286 2315 ζῴοις]
1335 2306 1337 2308 ,

1037 159 1316 203 ANDRONICl
1344 161 1520 202 RHODH

1342 264 1519 297 genarum,
1542 263 1610 297 quo
1631 254 1732 288 etiam
1751 254 1833 289 vitae
1859 258 2095 292 communitate
2121 259 2225 302 magis
2243 260 2331 294 inter
2345 245 2383 294 se
2402 254 2409 257 ⁷
2436 294 2452 298 ,

1342 310 1485 344 devincti
1502 312 1599 349 sunt,
1620 311 1737 352 utpote
1762 311 1821 354 qui
1840 311 2059 353 plurimorum
2078 313 2164 347 inter
2186 323 2222 348 se
2246 313 2386 357 partici-

1341 374 1399 407 pes
1417 364 1492 397 sint.
1508 364 1652 398 Maxime
1671 374 1750 398 vero
1770 364 1918 398 fraterna
1935 366 2080 399 amicitia
2100 378 2107 399 z
2123 368 2288 411 siquidem
2306 368 2386 402 huic

1340 419 1398 452 illa
1416 419 1526 452 omnia
1539 419 1705 459 eveniunt,
1725 429 1802 463 quae
1814 420 1915 453 etiam
1931 420 2103 461 sodalitiae,
2119 424 2292 467 magisque
2307 423 2386 457 huic

1341 485 1443 518 quam
1460 476 1513 508 illi
1534 485 1543 504 t
1566 476 1706 519 ideoque
1725 476 1753 509 si
1776 477 1868 519 probi
1889 477 1955 510 sint
1971 477 2092 512 fratres
2107 481 2141 513 et.
2154 479 2288 520 similes,
2313 490 2387 515 mn-

1341 531 1391 573 gis
1409 531 1495 563 inter
1517 540 1551 564 se
1570 531 1729 564 amabunt
1745 557 1751 570 ,
1772 541 1873 574 quam
1896 531 2025 566 sodales
2045 542 2054 563 τ
2075 533 2232 576 quoniam
2252 535 2387 579 propin-

1341 586 1474 628 quiores
1488 586 1575 619 iuter
1597 595 1631 618 se
1647 588 1725 619 sunt
1744 588 1778 619 et
1803 586 1994 627 similiores,
2011 589 2046 621 et
2065 582 2106 622 e'x
2124 597 2192 631 quo
2217 589 2290 623 nati
2306 591 2386 625 sunt

1342 648 1378 672 se
1406 641 1525 672 mutuo
1548 640 1752 679 dilexerunt,
1778 642 1812 673 et
1844 640 2057 674 similioribus
2079 642 2229 676 moribus
2257 641 2390 686 prnditi

1343 696 1436 733 sunt,
1464 703 1568 737 quum
1601 702 1643 726 ex
1669 693 1785 727 iisdem
1822 694 1889 727 sint
1922 693 2006 733 nati,
2043 704 2082 727 ac
2113 694 2213 728 simili
2243 704 2325 729 cura
2350 703 2390 728 nc

1341 746 1510 789 diligentia
1527 746 1649 780 eruditi
1671 759 1678 779 :
1699 747 1780 789 quin
1808 747 1908 780 etiam
1924 747 2075 790 probatio
2088 757 2127 781 ea
2148 756 2226 791 quae
2243 750 2391 793 tempore

1342 803 1471 834 constat
1486 801 1590 843 maj0r
1603 800 1658 833 hic
1678 802 1711 833 et
1730 800 1854 833 firmior
1880 803 1941 834 est.
1962 802 2185 844 cognatarum
2203 810 2281 844 ergo
2299 800 2388 837 ami-

1342 853 1496 886 citiarum
1510 853 1655 886 maxima
1672 854 1723 886 est
1746 851 1891 886 fraterna
1913 866 1921 886 ι
1941 855 2072 887 caeterae
2092 862 2174 888 vero
2191 853 2235 888 ad
2255 853 2391 899 propin-

1343 905 1481 949 quitatis
1502 905 1686 948 portionem
1712 905 1913 938 modificatae
1937 908 2034 940 sunt..

1384 967 1486 998 Porro
1506 974 1582 1007 quae
1603 965 1688 998 inter
1706 965 1817 998 virum
1845 967 1879 998 et
1909 974 2048 999 uxorem
2075 965 2221 999 amicitia
2249 967 2301 999 est
2329 973 2391 998 na-

1342 1027 1428 1058 turae
1444 1033 1622 1066 congruere
1639 1023 1783 1058 videtur.
1806 1026 1912 1057 Homo
1938 1024 2026 1058 enim
2050 1024 2094 1058 ad
2116 1024 2297 1058 liberorum
2311 1023 2392 1067 pro-'-

1344 1084 1542 1117 creationem
1559 1083 1665 1126 aptior
1685 1085 1736 1116 est
1764 1085 1884 1116 natura
1902 1093 2004 1126 quam
2021 1083 2065 1117 ad
2094 1083 2292 1118 societatem
2307 1078 2392 1116 civi-

1343 1143 1426 1184 lem,
1447 1145 1572 1185 quanto
1597 1142 1686 1184 prior
1713 1142 1883 1185 magisque
1906 1142 2092 1176 necessaria
2117 1142 2255 1176 civitate
2272 1141 2392 1176 domus

1343 1204 1404 1240 est,
1421 1203 1611 1244 quantoque
1623 1201 1802 1234 liberorum
1815 1196 2001 1243 procreatio
2015 1201 2233 1234 animantium
2244 1200 2392 1234 omnium

1344 1261 1548 1293 communior
1560 1262 1623 1301 est,
1641 1270 1740 1302 quam
1759 1261 1955 1303 respublica.
1987 1261 2101 1294 Altera
2111 1259 2200 1294 enim
2215 1250 2270 1293 res
2283 1257 2392 1292 omni·

1344 1321 1407 1353 bus
1433 1319 1673 1360 animantibus,
1702 1321 1887 1362 respublica
1909 1329 1988 1354 vero
2002 1320 2082 1353 solis
2105 1318 2295 1354 hominihus
2311 1326 2393 1351 con—

1345 1379 1436 1412 venit
1455 1389 1463 1411 :
1490 1388 1530 1412 ac
1545 1378 1682 1421 reliquis
1702 1379 1838 1421 quidem
1856 1379 2078 1413 animantibus
2101 1381 2237 1414 eatenus
2259 1378 2393 1411 tantum

1345 1448 1406 1471 sua
1425 1439 1475 1471 est
1499 1438 1707 1477 communio,
1727 1441 1893 1481 quatenus
1921 1439 2008 1473 setus
2033 1449 2208 1482 procreare
2231 1443 2390 1484 possunt,

1346 1497 1535 1530 hominibus
1555 1506 1634 1530 vero
1647 1506 1713 1530 non
1734 1500 1865 1531 tantum
1883 1498 1927 1531 ad
1948 1498 2069 1532 liberos
2089 1499 2310 1541 procreandos
2333 1509 2393 1534 sua

1345 1559 1396 1590 cst
1415 1558 1599 1591 communio
1612 1584 1619 1596 ,
1655 1558 1715 1591 sed
1743 1558 1843 1591 etiam
1866 1560 2001 1601 propter
2026 1568 2080 1592 res
2097 1558 2140 1592 ad
2157 1559 2262 1593 vitam
2278 1569 2393 1594 neces-

1345 1616 1449 1649 sarias
1468 1617 1608 1650 :statim
1630 1617 1718 1650 enim
1747 1617 1855 1650 divisa
1884 1619 1962 1650 sunt
1989 1627 2108 1651 eorum.
2127 1627 2227 1661 opera
2252 1618 2393 1662 aliasque

1346 1679 1424 1709 suut
1443 1677 1525 1716 viri,
1552 1677 1625 1710 aliae
1653 1677 1800 1711 mulieris
1825 1680 1936 1720 partes
1954 1690 1962 1710 :
1980 1678 2168 1712 inserviunt
2189 1671 2292 1722 igitur
2308 1678 2393 1713 alter

1346 1735 1443 1770 alteri
1474 1745 1535 1769 sua
1563 1736 1598 1768 in
1620 1737 1767 1769 medium
1798 1736 1987 1770 afferentes.
2019 1737 2246 1776 Quamobrem
2267 1737 2303 1771 in
2329 1738 2393 1772 hac

1347 1795 1490 1828 amicitia
1519 1798 1553 1829 et
1567 1796 1694 1829 utilitas
1711 1797 1817 1830 inesse
1841 1797 1977 1831 videtur
1993 1799 2026 1831 et
2039 1797 2195 1840 voluptas
2210 1809 2218 1831 :
2243 1797 2303 1832 sed
2315 1797 2391 1832 ine-

1346 1855 1392 1887 rit
1407 1855 1441 1888 in
1460 1865 1497 1888 ea
1514 1856 1616 1888 etiam
1632 1856 1756 1889 bonum
1774 1858 1808 1890 et
1834 1857 1944 1890 virtus
1957 1882 1965 1895 ,
1989 1856 2018 1890 si
2041 1857 2136 1900 probi
2164 1855 2288 1891 fuerint
2305 1867 2313 1890 :
2341 1859 2392 1892 est

1347 1915 1433 1947 enim
1452 1914 1629 1958 utriusque
1643 1915 1777 1949 virtus:
1799 1925 1837 1948 ac
1855 1915 1883 1948 si
1896 1917 2039 1958 uterque
2051 1916 2212 1950 honestus
2228 1925 2268 1950 ac
2280 1915 2393 1950 debita

1346 1973 1471 2006 virtute
1494 1974 1654 2015 praeditus
1669 1973 1792 2013 fuerit,
1818 1974 1941 2007 idcirco
1968 1974 2053 2008 alter
2067 1974 2172 2008 altero
2191 1974 2362 2009 laetabitur
2380 1987 2391 2009 z

1346 2032 1502 2065 videntur
1522 2035 1635 2065 autem
1654 2033 1732 2065 talis
1753 2033 1906 2066 amicitiae
1929 2033 2098 2066 vinculum
2124 2034 2158 2066 et
2175 2033 2272 2067 liberi
2292 2042 2364 2067 esse
2381 2045 2390 2066 z

1347 2099 1451 2133 quare
1469 2091 1569 2123 citius
1589 2091 1816 2125 dissolvuntur
1837 2091 1895 2134 qui
1917 2091 2032 2125 liberis
2056 2093 2170 2125 carent
2193 2100 2202 2120 ι
2219 2100 2393 2126 commune

1347 2149 1435 2182 enim
1450 2149 1623 2182 amborum
1639 2150 1762 2183 bonum
1781 2151 1859 2182 sunt
1870 2149 1967 2183 liberi
1985 2159 1993 2179 ε
2013 2149 2104 2192 quod
2117 2158 2197 2184 vero
2219 2158 2393 2184 commune

1348 2211 1398 2242 est
1418 2218 1457 2242 ea
1472 2217 1549 2251 quae
1566 2209 1752 2243 consociata
1765 2211 1843 2243 sunt
1861 2208 2019 2242 continet.

1767 2436 1845 2478 Gap.
1868 2436 1970 2468 xvn.

1386 2535 1430 2562 De
1446 2532 1577 2570 querelis
1595 2532 1627 2561 in
1643 2531 1777 2561 amicitia
1798 2531 1926 2568 propter
1936 2528 2177 2559 emolumentum
2197 2529 2356 2558 contracta

1825 2578 1912 2607 ortis.

1389 2650 1562 2689 Quomodo
1581 2652 1692 2683 autem
1715 2649 1835 2682 marito
1860 2658 1936 2681 cum
1963 2657 2083 2687 uxore,
2109 2646 2207 2680 fratri
2231 2655 2308 2679 cum
2325 2644 2394 2678 fta-

1348 2710 1416 2747 tre,
1436 2709 1542 2742 amico
1557 2709 1700 2751 denique
1717 2709 1759 2741 sit
1779 2717 1855 2740 cum
1882 2706 1987 2739 amico
2005 2704 2203 2744 vivendum,
2225 2712 2388 2747 quierem,

1347 2768 1429 2802 nihil
1453 2768 1545 2801 aliud
1568 2770 1633 2806 est,
1656 2777 1758 2811 quam
1779 2765 1945 2809 quomodo
1965 2774 2024 2798 nos
2042 2764 2157 2799 vivere
2181 2763 2310 2798 deceat.
2333 2763 2395 2797 Re-

1347 2829 1485 2872 spondet
1497 2829 1584 2862 enim
1596 2828 1685 2861 omni
1695 2827 1915 2871 communioni
1928 2836 1969 2860 ex
1982 2826 2138 2859 amicitiae
2152 2825 2285 2874 ratione¹
2293 2825 2393 2860 etiam

1344 2889 1415 2932 jus,
1446 2891 1484 2922 ut
1504 2898 1590 2931 saepe
1607 2888 1734 2921 dictum
1755 2889 1805 2920 est
1823 2901 1832 2921 ι
1863 2895 1971 2929 neque
1995 2885 2085 2919 enim
2105 2884 2194 2919 idem
2214 2885 2271 2928 J'us
2289 2884 2399 2918 amico

1348 2947 1383 2980 in
1401 2947 1546 2980 amicum
1556 2949 1596 2980 'et
1621 2947 1652 2979 in
1668 2946 1876 2988 peregrinum
1889 2971 1896 2983 ,
1917 2947 1975 2977 aut
1991 2944 2026 2977 in
2043 2942 2182 2978 fratrem
2193 2969 2202 2983 ,
2218 2945 2277 2977 aut
2292 2942 2328 2976 in
2344 2952 2394 2976 so·

1348 3006 1457 3040 dalem
1480 3009 1513 3040 et
1533 3007 1567 3040 in
1580 3005 1842 3047 condiscipulum
1859 3004 1993 3037 videtur
2014 3012 2097 3037 esse.

1390 3068 1502 3104 Quum
1526 3075 1603 3107 ergo
1618 3068 1686 3098 tres
1701 3065 1766 3098 sint
1780 3063 1935 3096 amicitiae
1952 3062 2087 3104 species,
2106 3071 2182 3104 quae
2202 3061 2291 3101 boni,
2315 3071 2391 3104 quae

1347 3125 1530 3167 voluptatis
1544 3126 1578 3158 et
1594 3133 1670 3166 quae
1684 3123 1840 3156 utilitatis
1859 3131 1958 3155 causa
1979 3120 2169 3154 instituitur
2183 3147 2189 3159 ‚
2212 3120 2294 3153 etin
2309 3130 2393 3154 una-

1347 3192 1481 3225 quaque
1499 3182 1556 3214 alii
1582 3182 1648 3214 siut
1678 3190 1774 3224 pares
1800 3177 1915 3218 amici,
1943 3178 2000 3211 alii
2022 3177 2215 3220 praestantia
2245 3178 2392 3220 quadam

1347 3242 1434 3275 inter
1449 3251 1484 3275 se
1509 3240 1668 3275 differant
1683 3252 1691 3273 ε
1710 3250 1788 3274 nam
1808 3241 1842 3273 et
1863 3238 1923 3281 qui
1941 3237 2066 3271 similes
2083 3238 2161 3270 sunt
2175 3237 2228 3271 vel
2243 3237 2321 3270 boni
2337 3237 2391 3270 vel

260 3328 2384 3348 Μ

292 3402 307 3421 ⁴¹
330 3401 431 3446 Ἀνδρὶ
446 3402 549 3434 δὲκαὶ
566 3401 695 3444 γυναικὶ
712 3399 798 3442 φιλία
811 3400 902 3432 δοκεῖ
924 3399 994 3431 κτλ.
1018 3413 1060 3422 -·
1074 3397 1115 3418 μ
1130 3398 1207 3440 Gap,
1229 3401 1277 3431 13.
1300 3396 1446 3439 Τριττῶν
1461 3395 1500 3434 δὴ
1520 3394 1626 3427 οὐσῶν
1648 3393 1760 3436 φιλιῶν
1778 3391 1848 3425 κτλ.
