2528 3788
309 234 386 275 220

246 356 249 359 Α
306 321 419 365 λόντες
448 320 682 373 Ἀριστοτέλην
699 335 853 360 τοσουτοι
882 322 1077 374 γεγόνασιν.
1098 316 1167 363 ’Ὧν
1197 325 1228 363 οἳ
1259 325 1324 375 μὲν

304 380 395 418 κατὰ
410 396 486 423 τους
506 379 625 423 αὐτους
644 383 732 426 ἠσαν
753 379 914 431 χρόνους,
935 383 966 420 οἱ
986 381 1021 420 δὲ
1043 382 1165 434 μικρὸν
1183 383 1326 436 ὕστερον

303 437 468 487 ἐγένοντο.
489 438 644 498 Πάντες
677 438 710 476 δὲ
735 439 919 491 σοφισταί,
954 439 1014 478 καὶ
1046 441 1239 491 ἐριστικοί,
1271 442 1330 480 καὶ

303 496 421 549 ῥήτορε
427 511 441 539 ς
455 525 465 542 ,
485 499 531 534 ων·
560 495 620 534 καὶ
638 495 682 535 τὰ
710 495 864 546 ὀνόματα
892 497 951 536 καὶ
973 497 1017 536 τὰ
1047 498 1165 550 βιὸλία
1186 499 1329 546 τέθνηκε

300 557 366 592 τῶν
391 554 561 603 σωμάτων
580 555 726 605 μᾶλλον.
749 553 839 598 'leuc
859 555 920 606 μὲν
939 555 1006 608 γὰρ
1026 557 1114 606 μετὰ
1137 562 1246 597 ταῦτα
1268 573 1330 608 γε-

298 615 437 664 γονότας
449 641 458 659 ,
481 611 503 658 ἢ
523 612 566 651 τὰ
582 611 639 651 ὑπ’
653 612 792 652 ἐκείνων
809 613 976 665 εἰρημένα
998 614 1172 666 λέγοντας,
1188 617 1329 654 παντά-

298 686 403 708 πασιν
422 672 479 708 ἐᾶν
499 671 550 708 δεῖ
564 670 716 723 χαίρειν,
735 672 794 709 καὶ
817 671 971 721 μάλιστα
989 672 1064 716 τοὺς
1082 673 1165 723 μηδ’
1189 675 1327 714 ἐντετυ-

297 728 448 781 χηκότας
473 735 540 772 τοῖς
575 729 720 781 βιὸλίοις
753 732 891 778 αὐτῶν,
924 732 1003 769 ἀλλ’
1038 733 1326 784 αὐτοσχεδιάζον-

296 803 369 831 τας·
402 787 512 826 ὁποῖοί
546 790 611 826 εἶσι
644 788 702 826 καὶ
740 791 771 835 οἱ
805 789 963 842 λέγοντες
1001 790 1204 842 τριακοσίας
1233 791 1325 844 ἔχειν

295 845 448 888 λοπάδας
484 845 601 884 αὐτόν.
632 846 755 890 Οὐδεὶς
780 847 845 898 γὰρ
880 846 919 884 ἂν
939 847 1091 899 εὑρεθείη
1120 848 1199 900 περὶ
1221 850 1327 888 αὐτοῦ

295 919 444 943 τοιουτον
471 904 597 943 οὐδὲνῦ
630 905 775 958 εἶρηκως
795 908 862 943 τῶν
883 905 961 944 τότε
994 906 1101 945 ὄντων
1120 937 1129 955 ,
1152 906 1168 929 ‘¹
1199 908 1251 945 ὅτι
1275 909 1324 959 μὴ

295 962 431 1000 Λύκων
456 956 567 1006 Οὗτος
596 962 736 1012 μέντοι,
774 962 932 1016 καθάπερ
969 962 1074 1016 ἔφην,
1099 963 1233 1016 εἴρηκεν
1265 968 1326 1004 εὑ-

296 1024 418 1069 ρησθαι
439 1021 588 1059 λοπάδια
607 1021 705 1059 πέντε
722 1022 780 1060 καὶ
805 1022 1060 1072 ἑὸδομήκοντα.
1093 1025 1147 1062 Οὐ
1167 1023 1268 1073 μόνον
1291 1023 1326 1062 δὲ

295 1079 353 1117 καὶ
390 1082 428 1118 ἐκ
475 1082 542 1117 τῶν
575 1081 730 1132 χρόνων,
779 1080 838 1118 καὶ
871 1082 910 1118 ἐκ
939 1082 1005 1118 τῶν
1041 1081 1325 1129 διαὸεὸληκότων

294 1138 506 1191 τεκμήραιτό
525 1154 575 1183 τις
596 1138 662 1186 ἄν,
699 1139 751 1178 ὅτι
786 1139 895 1191 ψευδῆ
933 1138 1047 1177 πάντα
1081 1139 1125 1178 τὰ
1159 1139 1324 1190 εἰρημένα

293 1198 367 1237 ἐστί
382 1227 391 1245 ,
415 1197 504 1236 ἀλλὰ
524 1199 593 1236 κάκ
614 1201 672 1236 τοῦ
699 1197 747 1248 μὴ
772 1197 904 1240 πάντας
925 1197 969 1235 τὰ
990 1197 1077 1235 αὐτὰ
1111 1197 1323 1246 διαὸάλλειν,

294 1258 370 1294 ἀλλ’
394 1256 538 1294 ἕκαστον
570 1255 640 1294 ἴδιά
666 1271 742 1293 τινα
761 1255 883 1307 λέγειν·
908 1249 1022 1308 ὦνπερ
1043 1258 1071 1294 εἷ
1097 1250 1137 1303 ἦν
1157 1255 1192 1293 ἓν
1213 1258 1322 1294 ὁτιοῦν

293 1313 435 1360 ἀληθές,
459 1315 563 1365 ἐχρῆν
583 1313 693 1360 δήπου
717 1314 900 1365 μυριάκις,
935 1314 1011 1352 ἀλλ’
1033 1314 1097 1366 οὐχ
1122 1313 1216 1358 ἅπαξ
1252 1317 1316 1352 αὐ-

291 1373 347 1411 τὸν
364 1372 429 1410 ὑπὸ
449 1376 517 1410 τῶν
542 1372 619 1410 τότε
642 1372 873 1411 ἀπολωλέναι.
909 1371 1068 1424 Φανερὸν
1099 1366 1155 1410 οὖν
1174 1371 1226 1409 ὅτι
1246 1387 1315 1410 κα--

294 1431 402 1483 θάπερ
434 1431 575 1473 πολλοῖς
614 1430 672 1468 καὶ
705 1430 838 1476 ἄλλοις,
874 1430 962 1467 οὕτω
1000 1429 1060 1467 καὶ
1097 1430 1322 1481 Ἀριστοτέλει

291 1488 437 1535 συνέὸη,
458 1488 514 1526 διά
535 1504 572 1526 τε
604 1487 663 1532 τὰς
694 1489 776 1539 πρὸς
796 1486 872 1531 τοὺς
903 1488 1056 1539 βασιλεῖς
1093 1489 1228 1540 φιλίας,
1261 1488 1320 1526 καὶ
1350 1528 1355 1542 γ

290 1546 428 1593 διὰτὴν
453 1548 486 1584 ἐν
520 1549 591 1590 τοῖς
610 1545 723 1595 λόγοις
745 1545 942 1597 ὑπεροχήν,
971 1546 1039 1584 ὑπὸ
1071 1549 1138 1584 τῶν
1169 1546 1246 1585 τότε
1266 1563 1321 1585 σο-

294 1607 421 1657 φιστῶν
454 1608 663 1657 φθονεῖσθαι.
693 1607 754 1643 Δεῖ
773 1603 808 1642 δὲ
825 1603 901 1647 τοὺς
927 1598 965 1641 εὖ
982 1608 1187 1657 φρονοῦντας
1208 1604 1256 1654 μὴ
1277 1606 1322 1649 εἷς

288 1663 363 1707 τοὺς
386 1662 636 1706 διαὸάλλοντας
669 1661 879 1700 ἀποὸλέπειν
911 1662 1035 1712 μόνον,
1059 1662 1149 1700 ἀλλὰ
1184 1663 1243 1700 καὶ
1278 1665 1322 1706 εἰς

288 1721 366 1765 τοὺς
388 1723 609 1764 ἐπαινουντας
622 1720 682 1759 καὶ
699 1723 887 1769 ζηλοῦντας
907 1721 1094 1760 αὐτόν.οὖ
1115 1723 1228 1773 μικρῷ
1248 1721 1315 1772 γὰρ

287 1780 423 1823 πλείους
446 1780 505 1817 καὶ
528 1783 564 1830 βε
552 1779 681 1822 ελτίους
714 1783 879 1851 ευρεθεῖεν
911 1778 951 1817 ἂν
971 1774 1064 1817 οὗτοί
1086 1795 1138 1830 γε.
1165 1779 1221 1818 'lei
1254 1795 1296 1829 με
1300 1797 1316 1817 ν

289 1843 343 1878 οὖν
366 1838 455 1876 ἄλλα
486 1838 668 1889 προδήλως
689 1831 902 1878 πέπλασται.
925 1838 994 1877 Δύο
1022 1837 1057 1876 δὲ
1089 1842 1200 1876 ταῦτα
1222 1839 1321 1876 δοκεῖ

1292 1933 1386 1940 -.ψ-

287 1973 452 2013 rhetores,
470 1982 609 2014 quorum
630 1973 755 2006 nomina
772 1973 871 2005 simul
888 1975 987 2013 atquo
1003 1972 1079 2004 libri
1097 1972 1199 2012 magis
1220 1972 1319 2004 etiam

275 2031 478 2063 interierunt
500 2040 598 2072 quam
620 2040 764 2073 corpora.
809 2033 887 2064 Nam
913 2030 968 2073 qui
994 2029 1203 2072 postmodnm
1220 2029 1320 2062 exsti-

290 2091 421 2130 terunt,
441 2090 500 2122 aut
524 2089 580 2131 qui
602 2090 671 2131 jam
700 2090 740 2122 ab
766 2090 830 2122 illis
850 2090 976 2130 objecta
996 2088 1171 2127 refricant,
1195 2087 1216 2120 ii
1241 2096 1321 2120 vero

286 2149 436 2182 mittendi
457 2157 589 2190 prorsus
607 2158 645 2181 ac
668 2148 848 2189 negligendi
871 2149 965 2188 sunt,
984 2148 1031 2180 illi
1051 2147 1244 2189 praesertim,
1261 2147 1318 2187 qui

286 2217 389 2248 quum
410 2216 449 2239 ne
473 2206 678 2248 superiorum
698 2207 830 2247 quidem
857 2206 959 2239 libros
986 2206 1171 2247 attigerint,
1196 2208 1318 2238 temere

286 2266 430 2298 conferre
442 2265 615 2298 maledicta
630 2265 663 2297 in
671 2265 751 2297 alios
760 2265 985 2297 sustinuerunt
1002 2277 1010 2296 ι
1026 2264 1211 2304 cujusmodi
1228 2265 1316 2303 sunt,

285 2323 339 2363 qui
364 2324 524 2354 trecentas
541 2322 610 2361 ejus
630 2322 767 2363 patellas
793 2323 973 2354 numerant.
1018 2323 1120 2353 Nemo
1149 2321 1235 2354 enim
1271 2330 1316 2353 ae·

285 2382 427 2423 qualium
443 2383 635 2423 scriptorum
657 2382 714 2424 qui
740 2383 803 2414 tale
820 2382 899 2424 quid
914 2382 954 2414 de
976 2391 1014 2414 eo
1030 2381 1171 2421 dixerit,
1187 2384 1319 2423 excepto

286 2442 411 2481 Lycone
427 2465 435 2480 ,
454 2440 645 2473 inveniatur.
693 2440 752 2473 Hic
765 2442 874 2473 autern
888 2465 895 2480 ‚
918 2442 956 2472 ut
972 2449 1067 2481 supra
1086 2439 1172 2480 dixi,
1185 2439 1320 2481 patellas

285 2500 412 2531 tantum
445 2499 590 2540 quinque
633 2502 663 2532 et
694 2499 900 2541 septuaginta
930 2500 1074 2539 repertas
1104 2507 1175 2530 esse
1196 2487 1316 2531 narrat.

268 2557 394 2594 ¹Quid?
410 2557 500 2598 quod
519 2566 582 2589 non
602 2558 699 2589 modo
714 2566 755 2589 ex
778 2560 973 2599 temporum,
992 2558 1050 2589 aut
1069 2555 1314 2588 criminatorum

284 2614 429 2655 ipsorum
456 2615 601 2654 ratione,
626 2616 704 2647 falsa
732 2624 803 2648 esre
827 2614 964 2646 crirnina
989 2614 1046 2646 illa
1072 2613 1225 2655 colligas,
1261 2613 1317 2644 sed

285 2674 383 2705 etiam
403 2682 445 2705 ex
461 2682 499 2705 eo
515 2673 604 2714 quod
625 2683 687 2706 non
706 2674 791 2706 idem
815 2673 854 2705 ab
879 2672 1044 2710 omnibus,
1071 2672 1128 2704 sed
1146 2681 1165 2704 a
1184 2671 1318 2713 singulis

285 2731 404 2771 aliquid
419 2731 585 2772 proprium
606 2741 644 2763 ac
662 2732 824 2773 peculiare
844 2731 966 2764 homini
985 2730 1155 2772 objiciatur
1174 2743 1182 2762 ε
1203 2730 1316 2770 cujus-

285 2788 375 2821 modi
392 2789 418 2821 si
440 2789 490 2821 vel
506 2798 607 2820 unuin
628 2789 749 2830 aliquid
768 2799 882 2822 verum
899 2791 986 2822 esset
998 2814 1005 2828 ,
1024 2789 1205 2821 sexcenties
1229 2797 1314 2827 eum,

285 2856 348 2878 non
378 2847 480 2879 semel
510 2847 551 2878 ab
572 2847 612 2879 iis
638 2848 694 2887 qui
721 2849 792 2880 tum
813 2848 983 2888 vivebant,
1014 2847 1223 2879 intersectum
1245 2855 1317 2879 esse

284 2905 463 2946 oportebat.
512 2906 625 2946 Liquet
651 2906 760 2946 igitur,
791 2907 876 2947 qumi
898 2906 969 2938 aliis
989 2905 1121 2946 multis,
1139 2905 1228 2938 idem
1245 2904 1317 2936 Ari-

284 2964 393 2996 stoteli
424 2973 554 3005 quoque
578 2964 752 3004 accidisse,
782 2967 819 2996 ut
852 2967 981 3006 propter
1014 2973 1125 3004 regum
1159 2963 1318 2996 amicitias

283 3032 321 3056 ac
355 3032 514 3055 summam
543 3023 732 3055 eruditionis
757 3023 983 3056 excellentiam
1011 3023 1187 3065 aequalium
1205 3023 1333 3064 sophi-.

284 3083 407 3115 stamm
427 3081 547 3114 invidia
568 3082 741 3114 laboraret.
786 3083 827 3114 At
840 3082 925 3121 aequi
949 3092 1056 3115 rerum
1079 3082 1317 3115 existimatoris

283 3139 397 3180 suerit,
417 3148 480 3172 non
506 3139 592 3172 solos
609 3139 747 3172 hominis
776 3140 1042 3182 calumniatores,
1061 3142 1115 3173 sed
1135 3141 1315 3173 laudatores

284 3199 382 3231 etiarn
401 3199 436 3231 et
453 3199 586 3232 aemulos
606 3199 765 3241 respicere
786 3212 794 3231 ι
813 3199 870 3240 qui
890 3207 966 3232 saue
985 3200 1072 3233 haud
1088 3201 1183 3241 paulo
1198 3199 1314 3241 plures

284 3268 323 3290 ac
342 3257 492 3290 meliores
507 3257 720 3299 reperiantur.
750 3260 795 3289 Ae
814 3259 931 3290 caetera
949 3258 1079 3299 quidem
1093 3258 1316 3290 commenticia

284 3325 355 3348 esse
375 3317 508 3358 apparet
526 3328 534 3348 z
558 3316 623 3349 duo
651 3315 748 3348 modo
771 3318 870 3356 sunt,
887 3325 906 3348 a
926 3316 1088 3348 nonnullis
1106 3318 1139 3349 in
1156 3325 1195 3349 ec
1210 3326 1317 3358 repre-

263 3416 266 3419 .
285 3375 382 3407 tuendi
408 3375 523 3415 Solita,
547 3383 623 3416 quae
649 3374 738 3407 credi
757 3375 944 3414 videantur;
962 3374 1120 3415 alterum,
1138 3375 1228 3416 quod
1255 3378 1315 3417 Py-

285 3433 446 3474 thiadem,
475 3434 613 3467 Hermiae
642 3436 758 3468 natura
791 3442 954 3475 sororem,
988 3433 1161 3475 adoptione
1191 3434 1313 3475 tiliam,

1036 236 1323 277 ARISTOCLIS
1353 237 1708 281 PERIPATETICI

1395 326 1640 376 πιστεύεσθαι,
1663 328 1707 367 δι’
1727 328 1749 366 ἃ
1780 328 1926 382 ψέγουσί
1952 343 2041 375 τινες
2066 331 2180 372 αὐτόν·
2204 331 2239 372 ἓν
2263 333 2354 383 με’ν,
2369 321 2419 375 ὅτ

1393 386 1456 435 τὴν
1476 387 1640 439 Ἑρμείου
1674 403 1799 438 γημειε
1824 387 1925 440 φύσει
1957 387 2018 438 μὲν
2046 391 2233 444 ἀδελφήν,
2253 393 2353 441 θετὴν
2381 391 2428 436 δξ

1394 444 1562 498 θυγατέρα
1584 445 1764 519 Πυθιάδα,
1778 446 1974 487 κολακεύων
1994 448 2109 489 αὗτόν.
2134 451 2319 504 Θεόκριτος
2337 455 2419 507 γοῦν

1393 505 1410 540 ὁ
1428 505 1544 547 Χῖος’
1530 504 1687 552 εποίησεν
1709 504 1914 556 ἐπιγραμμα
1931 503 2095 545 τοιοῦτον·

1472 609 1600 650 Ἑρμίου
1618 619 1630 635 e
1644 610 1793 649 εὐνούχου
1807 621 1839 642 τε
1854 611 1906 642 καὶ
1928 610 2087 642 Εὐὸούλου
2104 611 2175 643 τόδε
2193 609 2304 644 δούλου

1514 659 1620 696 μνῆμα
1632 657 1720 688 κενὸν
1740 657 1893 698 κενόφρων
1908 658 1998 695 θῆκεν
2023 656 2244 699 Ἀριστοτέλης·

1472 701 1504 738 ὃς
1518 702 1569 734 διὰ
1583 702 1638 740 τὴν
1659 703 1775 743 ἀκρατῆ
1796 705 1926 743 γαστρὸς
1946 704 2037 745 φύσιν
2060 704 2161 736 εἵλετο
2179 704 2277 737 ναίειν
2331 721 2335 725 ·

1513 748 1578 781 ἀντ’
1591 749 1790 790 Ἀκαδημείας
1810 751 1968 792 Βορὸόρου
1980 752 2013 783 ἐν
2026 754 2191 792 προχοαῖς.

1389 841 1503 891 ἕτερον
1519 841 1578 890 δέ,
1606 842 1657 881 ὅτι
1687 843 1907 895 ἠχαρίστησε
1933 845 2110 885 Πλάτωνι.
2145 845 2248 918 Περὶ
2264 843 2330 894 μὲν
2359 838 2417 888 ουν

1389 899 1554 951 Ἑρμείου
1585 901 1644 939 καὶ
1673 905 1734 949 τῆς
1764 903 2019 952 Ἀριστοτέλους
2055 903 2140 956 πρὸς
2171 904 2273 943 αὐτὸν
2300 905 2417 958 φιλίας

1387 957 1486 996 ἄλλοι
1505 974 1542 996 τε
1562 960 1684 998 πολλοὶ
1704 962 1986 1015 συγγεγράφασι,
2019 978 2078 1001 και
2102 962 2144 1008 δὴ
2178 963 2235 1002 καὶ
2259 963 2419 1004 'Auam-

1388 1032 1476 1064 κων,
1496 1011 1535 1054 οὗ
1555 1018 1623 1062 τοῖς
1648 1018 1793 1070 βιὸλίοις
1815 1023 1832 1059 ὁ
1849 1020 2000 1074 ἐντυχων
2020 1021 2240 1060 πεπαύσεται
2259 1023 2419 1075 βλασφη

1387 1079 1460 1127 μῶν
1483 1077 1602 1120 αὐτούς
1643 1078 1729 1151 Περι
1760 1077 1795 1115 δὲ
1823 1083 1882 1117 τοῦ
1903 1079 2018 1151 γάμου
2038 1083 2097 1117 τοῦ
2129 1079 2300 1124 Πυθιάδος
2323 1082 2416 1120 ἄπο-

1386 1135 1547 1188 χρώντως
1576 1136 1676 1180 αὐτος
1696 1139 1730 1174 έν
1749 1143 1827 1180 ταῖς
1857 1138 1940 1188 πρὸς
1959 1137 2185 1190 Ἀντίπατρον
2221 1140 2419 1185 ἐπιστολαῖς

1387 1193 1655 1244 ἀπολελόγηται.
1675 1196 1870 1238 Τεθνεωτος
1885 1195 1956 1268 γὰρ
1978 1194 2144 1247 Ἑρμείου
2166 1196 2222 1235 διὰ
2246 1197 2309 1245 τὴν
2334 1213 2362 1242 π
2364 1199 2419 1252 pt<

1385 1254 1513 1291 ἐκεῖνον
1536 1251 1668 1290 εὔνοιαν
1700 1252 1828 1302 ἔγημεν
1860 1253 1986 1302 αὐτήν,
2017 1253 2130 1298 ἄλλως
2160 1254 2222 1305 μὲν
2255 1254 2418 1309 σώφρονα

1385 1310 1444 1347 καὶ
1467 1308 1598 1363 ἀγαθὴν
1621 1325 1748 1358 ουσαν,
1775 1311 1971 1363 ἀτυχοῦσαν
1999 1311 2115 1361 μέντοι
2141 1312 2198 1351 διὰ
2226 1313 2288 1358 τὰς
2307 1330 2418 1359 κατα·

1383 1367 1560 1412 λαὸούσας
1589 1367 1767 1420 συμφορὰς
1798 1369 1854 1407 τὸν
1888 1369 2034 1422 ἀδελφὸν
2071 1371 2192 1418 αὐτῆς.
2232 1367 2308 1412 Εἶθ’
2338 1373 2414 1421 ἑξης

1385 1441 1480 1478 φησι·
1511 1426 1599 1476 μετὰ
1630 1426 1664 1464 δὲ
1682 1427 1743 1472 τὴν
1771 1427 1943 1471 Πυθιάδος
1965 1432 2025 1475 τῆς
2058 1428 2227 1481 Ἑρμείου
2245 1432 2411 1478 τελευτὴν

1384 1484 1658 1536 Ἂριστοτέλης”
1641 1501 1766 1535 εγημεν
1795 1485 2014 1537 Ἕρπυλλίδα
2051 1489 2293 1540 Σταγειρῖτιν,
2315 1488 2367 1535 ἐξ
2377 1484 2418 1537 ἧς

1383 1544 1453 1587 υἱὸς
1484 1544 1575 1595 αὗτῳ
1610 1543 1812 1595 Νικόμαχος
1843 1547 1898 1596 ἐγε
1884 1545 1987 1584 ’.νετο
2020 1548 2151 1586 Τουτον
2172 1548 2208 1586 δέ
2228 1563 2332 1601 φασιν
2353 1550 2414 1603 ὀρ-

1383 1602 1488 1655 φανὸν
1511 1603 1683 1655 τραφέντα
1712 1603 1807 1655 παρὰ
1837 1605 2073 1656 Θεοφράστῳ,
2103 1605 2163 1644 καὶ
2191 1607 2232 1654 δὴ
2252 1609 2415 1660 μειρακί-

1386 1676 1466 1699 σκον
1489 1660 1571 1699 ὄντα
1594 1663 1813 1699 ἀποθανεῖν’
1799 1678 1832 1700 εν
1862 1662 2016 1715 πολέμῳ.
2037 1662 2142 1701 Ἀλλὰ
2162 1667 2272 1704 ταῦτα
2294 1663 2390 1715 μὲν’
2373 1681 2413 1704 εκ

1383 1723 1443 1766 τῆς
1467 1719 1676 1766 δηλωθείσης
1698 1719 1950 1772 Ἀριστοκλέους
1967 1721 2143 1771 -ἐγκείσθω
2169 1725 2314 1776 γραφῆς·
2345 1722 2414 1770 ἤδη

1383 1778 1418 1817 δὲ
1438 1778 1497 1817 καὶ
1516 1778 1578 1825 τὴν
1597 1779 1808 1830 δογματικὴν
1831 1778 2084 1830 Ἀριστοτέλους
2104 1776 2306 1834 φιλοσοφίαν
2326 1785 2412 1820 θεω-

1384 1841 1486 1890 ρῆσαι
1507 1836 1636 1889 καιρός.

1383 1979 1518 2003 uxorem
1549 1969 1699 2010 duxerit,
1725 1969 1865 2002 hominis
1898 1970 2035 2010 gratiam
2061 1979 2100 2003 eo
2119 1971 2204 2004 sacto
2228 1972 2289 2005 sibi
2306 1974 2415 2007 conci·

1381 2028 1473 2061 lians.
1518 2030 1599 2060 Nam
1613 2028 1803 2061 Theocritus
1823 2028 1927 2061 Chius
1946 2029 2009 2062 tale
2025 2029 2100 2062 fecit
2120 2030 2319 2071 epigramma
2333 2044 2348 2064 :v

1451 2104 1578 2134 Hermiae
1593 2103 1720 2133 eunuchi
1735 2106 1765 2133 et
1781 2104 1880 2132 ramuli
1894 2104 2000 2133 Eubuli
2019 2110 2138 2142 quoque
2152 2106 2272 2136 inanem

1486 2151 1568 2180 bunc
1582 2151 1728 2179 tumulum
1745 2151 1846 2188 posuit
1858 2159 1953 2180 vanus
1967 2151 2142 2182 Aristoteles
2158 2161 2167 2182 ι

1450 2206 1537 2235 quem
1557 2205 1612 2233 pro
1630 2198 1784 2227 Academia
1798 2218 1807 2234 ,
1822 2199 1918 2227 volvit
1932 2198 1991 2235 qua
2006 2200 2160 2233 Borbotus
2178 2201 2283 2236 undas,

1485 2245 1567 2274 dirus
1582 2251 1668 2273 amor
1681 2245 1792 2273 ventris
1808 2245 1896 2280 jussit
1913 2245 2020 2275 habere
2036 2246 2172 2275 domum.

1381 2316 1548 2354 Alterum,
1579 2315 1666 2356 quod
1687 2315 1832 2356 ingratus
1858 2316 1890 2347 in
1909 2316 2074 2348 Platonem
2097 2316 2208 2349 suerit.
2250 2318 2412 2351 Caeterum

1379 2374 1468 2415 quod
1488 2374 1601 2407 attinet
1616 2374 1658 2405 ad
1673 2374 1836 2406 Hermiam
1860 2375 1894 2406 et
1909 2374 2093 2407 Aristotelis
2117 2384 2195 2407 cum
2213 2383 2252 2408 eo
2269 2384 2413 2413 consue-

1378 2432 1541 2472 tudinem,
1557 2442 1631 2465 cum
1649 2433 1702 2465 alii
1717 2433 1779 2464 hac
1794 2432 1835 2464 de
1854 2441 1890 2464 re
1906 2432 2003 2465 multi
2020 2433 2198 2474 scripsere,
2223 2435 2296 2467 tum
2313 2435 2411 2477 Apel-

1378 2489 1441 2522 lico
1456 2490 1679 2531 potissimum,
1703 2491 1796 2530 cujus
1820 2490 1985 2523 volumina
2012 2490 2067 2532 qui
2095 2491 2225 2532 legerit,
2253 2502 2313 2526 eos
2327 2473 2412 2533 calu-

1378 2548 1492 2581 mniari
1507 2548 1642 2583 desinet.
1657 2551 1705 2581 De
1717 2549 1923 2582 matrimonio
1940 2551 2051 2582 autem
2064 2559 2141 2582 cum
2157 2551 2316 2592 Pythiade
2330 2561 2407 2586 con·

1378 2609 1482 2640 tracto
1508 2608 1628 2649 ipsein
1651 2608 1796 2650 epistolis
1825 2608 1867 2640 ad
1893 2609 2100 2650 Antipatrum
2119 2609 2206 2643 datis
2224 2610 2353 2645 abunde
2373 2621 2409 2645 se

1378 2666 1542 2708 purgavit.
1593 2667 1718 2708 Quippe
1750 2668 1880 2699 Hermia
1906 2668 1974 2709 jam
1999 2668 2068 2700 vita
2085 2668 2244 2702 defuncto
2261 2679 2320 2711 pro
2350 2680 2410 2704 sua

1378 2734 1451 2766 erga
1476 2725 1567 2756 illum
1593 2725 1816 2757 benevolentia
1840 2734 1975 2758 uxorem
2001 2725 2085 2758 hanc
2107 2726 2213 2767 duxit,
2236 2726 2408 2762 honestam

1378 2792 1456 2816 sane
1473 2793 1512 2815 ac
1527 2784 1661 2825 probam
1679 2783 1800 2825 alioqui
1822 2784 1972 2817 seminam
1985 2809 1993 2823 ,
2012 2784 2070 2817 sed
2088 2794 2164 2826 quae
2177 2786 2316 2820 ,duriore
2337 2788 2410 2820 tum

1377 2843 1502 2874 fortuna
1518 2843 1650 2883 propter
1670 2842 1843 2875 adversum
1869 2842 1977 2875 fratris
1997 2844 2046 2875 sui
2069 2851 2184 2876 casum
2210 2844 2408 2878 conflictare-

1376 2902 1441 2934 tur.
1487 2903 1565 2934 Haec
1583 2901 1780 2942 Aristocles,
1799 2901 1918 2942 quibus
1939 2901 2003 2934 ista
2016 2901 2156 2944 subiicit.
2179 2903 2258 2936 Post
2275 2903 2410 2944 Pythia-

1376 2960 1425 2992 dis
1440 2960 1581 2993 Hermiae
1597 2960 1675 2992 filice
1699 2960 1825 2997 obitum
1847 2960 2066 3001 Herpyllidem
2082 2961 2275 2995 Aristoteles
2298 2961 2407 3003 duxit,

1375 3020 1478 3061 patria
1495 3019 1731 3061 Stagiritfflem,
1750 3029 1785 3051 ex
1803 3028 1866 3059 qua
1879 3019 2113 3052 Nicomachum
2130 3019 2232 3052 lilium
2249 3021 2406 3063 suscepit.

1376 3079 1499 3111 orbum
1519 3079 1707 3120 huncapud
1725 3078 1988 3120 Theophrastum
2014 3079 2190 3112 educatum
2211 3088 2284 3112 esse
2296 3066 2405 3122 ajunt,

1375 3139 1473 3179 atque
1490 3137 1768 3170 adolescentulum
1784 3137 1818 3169 in
1838 3137 1921 3170 bello
1937 3137 2082 3178 periisse.
2126 3138 2190 3171 Sed
2203 3138 2274 3171 haec
2291 3138 2406 3172 bacte-

1375 3204 1436 3228 nus
1453 3205 1493 3228 ex
1521 3196 1576 3229 illo
1592 3221 1598 3236 ,
1618 3184 1886 3237 quussmeminL
1914 3195 2215 3238 Aristoelisssopere.
2232 3197 2308 3228 Jam
2330 3204 2406 3228 vcro

1373 3256 1501 3296 tempus
1517 3256 1578 3297 est,
1597 3255 1664 3296 ipsa
1679 3253 1888 3302 philosophiae
1902 3254 2106 3287 Aristoteleae
2123 3254 2255 3287 decreta
2271 3262 2404 3296 perpen-

1374 3315 1461 3347 dere.
