2508 3776
641 131 949 174 ETHICORUM
976 131 1436 174 NICOMAGHEORUM
1467 132 1845 175 PARAPHRASIS.

67 213 73 223 ι
91 239 93 241 ’
158 222 394 277 προαιρέσεως
415 220 469 260 ἐπ’
482 220 591 267 αὐτὰς
610 221 747 276 τρέχων
761 253 772 272 ,
795 224 834 262 οὗ
863 224 907 262 δι’
931 223 1018 262 ἄλλο
1039 230 1120 269 τι,ὶ
1149 221 1207 262 δό-

156 282 240 330 ξαν,
261 281 344 336 φέρε
371 282 505 329 εἰπεῖν,
532 281 556 329 ἢ
585 281 724 335 κέρδος,
746 281 838 321 ἀλλὰ
864 283 973 327 αὐτὰς
996 283 1042 322 δι’
1065 282 1210 330 ἑαυτάς,

154 340 362 386 ἀκόλαστος·
377 341 436 381 τὸν
455 344 609 381 τοιοῦτον
629 341 699 394 γὰρ
718 343 856 394 ἀνάγκη
879 342 930 394 μὴ
949 341 1212 405 μεταμέλεσθαι

123 435 125 438 ⁴
156 399 253 458 μετὰ
267 401 333 450 τὴν
351 400 479 450 ἡδονήν
495 431 505 449 ,
536 402 596 440 καὶ
616 402 674 441 διὰ
693 405 795 442 τοῦτο
815 403 957 442 ἀνίατον
985 406 1086 442 εἰναι·
1109 405 1128 441 6
1145 402 1212 455 γὰρ

44 514 47 517 1
64 471 77 485 “’
96 464 130 507 f,
144 460 427 515 ἑμίταμέλῆτος
447 461 600 506 ἀνίατος·
631 464 786 506 τοιοῦτος
806 462 843 501 δὲ
862 465 881 501 6
911 462 1116 506 ἀκόλαστος·
1137 465 1155 501 6
1175 461 1212 501 δὲ

23 521 39 559 ἶ
72 519 94 563 ⁷}
111 515 123 530 '⁴
153 520 301 564 θιαττον
322 524 383 561 τοῦ
408 520 543 566 δέοντος
562 522 607 560 τὰ
629 524 778 561 τοιαῦτα
806 524 945 569 ζητῶν,
977 525 996 561 6
1023 523 1064 560 ἐκ
1087 522 1210 573 διαμέ-

53 596 99 633 -J
122 603 127 607 ⁷
154 595 238 634 τρου
259 580 520 633 ἀντικείμενος,
547 580 583 626 ὅς
604 582 697 620 ἐστιν
721 581 943 630 ἀναίσθητος·
966 583 985 619 6
1009 580 1045 620 δὲ
1066 578 1173 632 μέσος
1193 584 1212 621 6

155 640 307 696 σώφρων
328 640 439 682 ἐστίν.
461 641 516 698 Ορ
540 640 645 692 μόνον
662 640 697 680 δὲ
721 643 740 680 6
759 639 895 680 διώκων
915 641 978 685 τὰς
997 641 1207 692 σωματικὰς

154 700 302 750 ἡδονάς,
323 699 361 740 δν
391 698 529 755 εἴρηται
574 699 724 753 τρόπον,
749 699 944 744 ἀκόλαστός
977 702 1095 751 ἐστιν,
1118 700 1211 740 ἀλλὰ

153 759 248 807 καὶὸ
265 759 404 815 φεύγων
423 758 486 804 τὰς
507 759 714 810 σωματικὰς
743 757 879 806 λύπας,
911 760 979 812 οὐχ
1004 759 1208 811 ἡττώμενος

155 820 292 868 αὖτῶν,
314 818 408 859 ἀλλὰ
434 818 714 872 προαιρούμενος
734 819 864 869 ὁμοίως
890 818 1086 862 ἀκόλαστός
1115 820 1206 858 ἐστι.

85 922 88 927 ,
152 880 238 925 Τῶν
267 877 304 918 δὲ
325 877 570 931 ἀπροαιρέτως
597 877 655 917 ἐπὶ
685 876 730 916 τὰ
753 876 840 924 ἡδέα
862 875 1063 930 φερομένων
1078 908 1088 928 ,
1111 880 1129 916 6
1147 877 1212 928 μὲν

151 935 295 992 φέρεται
310 934 370 976 διὰ
389 935 453 984 τὴν
473 935 624 985 ἡδονήν,
654 939 673 976 6
693 935 729 975 δὲ
759 936 817 975 ἵνα
838 935 936 997 φύγῃ.
962 935 1026 983 τὴν
1056 937 1128 976 ἀπὸ
1148 940 1210 984 τῆς

50 993 93 1054 5]-
150 995 337 1049 ζπιθυμίας
368 995 496 1044 λύπην·
526 995 618 1036 ὥστε
638 994 863 1050 διαφέρουσιν
897 999 993 1035 οὗτοι
1023 995 1210 1045 ἀλλήλων,

50 1051 57 1064 ‘
150 1052 228 1113 {nt
245 1053 283 1094 δὲ
299 1055 318 1094 6
344 1053 406 1103 μὲν
425 1054 482 1095 διὰ
502 1053 542 1094 τὸ
561 1055 700 1109 φεύγειν
734 1055 797 1102 τὴν
816 1055 933 1102 λύπην
953 1051 998 1093 τὰ
1017 1055 1105 1101 ἡδέα
1127 1056 1207 1094 διώ-

150 1130 247 1165 κων,
264 1115 447 1166 μαλακός,
470 1117 490 1155 6
511 1114 548 1154 δὲ
572 1116 616 1154 δι’
643 1115 772 1162 ἡδονὴν
795 1115 966 1168 ἀκρατής.
1004 1114 1212 1154 Ἀντίκειται

152 1168 190 1227 δὲ
217 1172 237 1210 6
254 1171 319 1222 μὲν
340 1174 498 1227 ἀκρατὴς
529 1177 579 1228 τῷ
605 1176 790 1229 ἐγκρατεῖ,
819 1177 837 1214 6
857 1174 894 1214 δὲ
925 1176 1132 1228 καρτερικὸς
1159 1178 1210 1228 τῷ

151 1230 319 1286 μαλακῷ·
339 1234 362 1280 ἡ
379 1233 442 1285 μὲν
458 1234 528 1287 γὰρ
551 1235 720 1288 καρτερία
743 1234 838 1275 ἐστὶν
863 1236 898 1273 ἐν
915 1237 966 1288 τῷ
989 1234 1164 1288 ἀντέχειν,
1187 1238 1209 1283 ἡ

152 1289 189 1338 δὲ
208 1289 397 1343 ἐγκράτεια
429 1293 466 1332 ἐν
483 1295 534 1347 τῷ
567 1294 726 1344 κρατεῖν·
757 1292 876 1346 ἕτερον
909 1293 946 1333 δὲ
976 1293 1016 1333 τὸ
1050 1294 1209 1347 ἀντέχειν

41 1360 47 1362 “
95 1362 114 1404 J,
150 1351 214 1388 τοῦ
233 1356 398 1404 κρατεῖν,
427 1351 550 1406 ὥσπερ
575 1353 636 1392 καὶ
669 1357 728 1392 τοῦ
760 1354 810 1405 μὴ
831 1357 1007 1402 ἡττᾶσθαι
1030 1354 1069 1392 τὸ
1097 1360 1210 1407 νικᾷν·

150 1404 205 1447 διὸ
225 1409 362 1463 βέλτιον
387 1413 448 1452 καὶ
472 1413 702 1466 αἱρετώτερον
726 1416 749 1461 ἡ
782 1414 971 1466 ἐγκράτεια
993 1416 1058 1461 τῆς
1078 1429 1207 1467 καρτε-

152 1467 240 1521 ρίας·
261 1469 398 1523 βέλτιον
417 1471 486 1526 γὰρ
507 1479 605 1526 νικᾷν
625 1471 648 1519 ἢ
671 1471 721 1523 μὴ
760 1475 948 1520 ἡττᾶσθαι.
977 1473 1155 1513 Φαίνεται
1173 1473 1211 1512 δὲ

151 1525 209 1567 ὅτι
228 1529 289 1569 καὶ
311 1533 332 1578 ἡ
354 1531 530 1572 ἀκολασία
560 1531 687 1585 χείρων
715 1535 778 1580 τῆς
801 1531 974 1585 ἀκρασίας
1006 1532 1094 1573 ε’στί.
1122 1535 1206 1573 Φα-

151 1586 250 1641 νίρὸν
271 1587 342 1643 γὰρ
355 1595 465 1630 πᾶσιν
483 1592 530 1636 ὡς
546 1591 675 1644 χείρων
693 1591 790 1630 ἐστὶν
812 1594 831 1630 6
845 1590 981 1630 διώκων
997 1591 1062 1639 τὴν
1082 1592 1209 1639 ἡδονὴν

75 1692 79 1693 ⁷
149 1648 452 1701 προαιρούμενος,
477 1649 540 1689 καὶ
564 1650 589 1698 ἢ
615 1650 666 1702 μὴ
690 1653 871 1702 ἐπιθυμῶν
893 1650 917 1697 ἢ
949 1650 1068 1703 ἠρέμα
1089 1650 1150 1690 καὶ
1169 1653 1209 1690 οὐ

79 1735 82 1738 «
149 1706 451 1760 τυραννούμενος,
485 1713 547 1749 τοῦ
587 1709 655 1749 ὕπὸ
690 1710 938 1764 σφοδροτάτων
953 1708 972 1732 ¹
1016 1713 1210 1761 ἐπιθυμιῶν

149 1766 445 1820 τυραννουμένου·
466 1767 542 1808 ἔστι
562 1769 599 1808 δὲ
619 1771 638 1809 6
658 1769 723 1820 μὲν
743 1772 884 1822 πρῶτος
912 1772 931 1808 6
957 1769 1176 1820 ἀκόλαστος,
1191 1772 1210 1808 6

150 1825 189 1867 δὲ
217 1825 380 1880 δεύτερος
406 1831 426 1868 6
447 1828 616 1882 ἀκρατής·
639 1829 733 1868 ὥστε
754 1834 777 1878 ἡ
797 1829 972 1869 ἀκολασία
994 1829 1126 1882 χείρων
1146 1833 1209 1877 τῆς

151 1885 326 1939 ἀκρασίας
356 1886 467 1929 ἐστίν.
494 1888 541 1929 ‘0
564 1888 628 1939 μὲν
649 1882 708 1928 οὗν
728 1889 902 1942 ἐγκρατὴς
923 1889 984 1928 καὶ
1008 1889 1211 1943 καρτερικὸς

150 1945 244 1985 οὕτω
263 1946 508 2000 διαφέρουσιν,
534 1949 592 1987 καὶ
624 1947 737 1994 οὕτως
766 1950 998 2003 αἱρετώτερον
1022 1949 1210 2002 ἐγκράτεια

153 2005 361 2058 καρτερίας,
380 2008 442 2048 καὶ
460 2008 618 2061 ἀκρασία
640 2009 836 2054 ἀκολασίας
858 2009 1101 2062 ἀνεκτότερον.

207 2065 382 2118 (Scripsi
409 2080 420 2108 τ
444 2073 463 2091 ⁸
491 2068 637 2121 πάντη]
674 2071 796 2120 vulgo
825 2069 956 2122 πάντῃ.
985 2069 1073 2100 —¹’
1106 2070 1211 2121 δῆλον

151 2122 208 2162 ὅτι
224 2122 238 2175 l
252 2125 373 2176 vulgo
397 2127 568 2175 δηλονότι.
583 2149 637 2158 -
654 2143 668 2160 c
688 2128 766 2168 καθ’
785 2129 886 2181 ὅσον]
908 2130 1028 2179 vulgo
1045 2129 1207 2168 καθόσον.

222 2182 241 2207 ‘¹
274 2183 318 2223 ἂν
343 2189 438 2228 κακὰ
459 2188 658 2239 ποιήσειεν]
682 2203 731 2228 cx
751 2190 988 2237 A1·istotele;
1017 2189 1103 2230 cod.
1132 2195 1210 2228 An-

153 2240 312 2284 dronici
334 2244 377 2285 ἂν
398 2245 593 2295 ποιήσειεν.
616 2271 671 2278 -
692 2254 707 2271 ⁰
721 2249 833 2288 λῦπαί
855 2249 944 2300 εἶσι]
966 2250 1055 2288 cod.
1083 2248 1209 2289 λύπαὶ.

153 2324 208 2334 -
225 2311 238 2337 ¹
268 2305 448 2359 ἐγκρατεῖς
469 2307 564 2359 εἶσι]
595 2309 683 2348 cod.
727 2309 909 2362 ἐγκρατεῖς
931 2309 1014 2348 εἷτὶ.
1033 2330 1088 2338 -
1105 2314 1121 2339 ⁸
1147 2311 1211 2362 ῥᾳ-

153 2361 257 2416 δίως]
274 2365 361 2406 cod.
383 2366 523 2421 ῥαδίως.
545 2368 628 2400 --¹¹
647 2369 684 2407 αἱ
705 2368 742 2408 δὲ
764 2368 856 2421 οὔκ]
875 2368 997 2418 vulgo
1015 2369 1051 2406 αἱ
1071 2367 1108 2407 δὲ
1131 2370 1209 2408 οὐκ.

153 2424 337 2466 -ὶᾶλλο
359 2427 424 2480 τι]
458 2427 576 2479 vulgo
615 2427 706 2467 ἄλλό
735 2444 784 2467 τι.
821 2450 874 2459 -
889 2428 903 2452 ¹
937 2427 1208 2482 σφοδροτάτων]

49 2481 67 2522 ’.
135 2486 243 2526 eod.
267 2485 541 2540 σφοδρωτᾶτων.
568 2488 639 2540 -)
693 2499 701 2505 ·

586 2595 676 2646 Κεφ.
708 2594 771 2646 ιβ’.

314 2697 371 2740 Τίς
389 2704 411 2742 ἡ
431 2703 628 2745 συγγνωστή
652 2703 798 2746 ἀκρασία
816 2704 872 2737 καὶ
895 2703 1049 2746 μαλακία.

208 2806 231 2828 *
252 2801 337 2846 Ἔτι
368 2803 407 2843 δὲ
428 2803 619 2858 διοριστέον
642 2803 724 2856 περὶ
753 2805 881 2843 αὐτῶν.
912 2804 1114 2858 Ἐγκρατὴς
1145 2804 1208 2856 μὲν

154 2859 215 2906 οἷν
247 2865 344 2904 ἔστιν
378 2866 399 2903 6
418 2867 557 2917 κρατῶν
586 2866 656 2903 τῶν
691 2865 909 2916 ἐπιθυμιῶν,
938 2864 1144 2918 καρτερικὸς
1174 2866 1212 2906 δέ

43 2921 74 2962 ’ἶ
156 2926 252 2966 ἐστιν
270 2926 290 2964 6
306 2924 465 2978 ἀντέχων
491 2923 578 2977 πρὸς
605 2922 713 2968 αὐτὰς
734 2926 794 2963 καὶ
818 2923 868 2975 μὴ
901 2923 1116 2975 ἧττώμενος’
1137 2927 1155 2962 ὁ
1173 2922 1210 2962 δὲ

83 2978 89 3003 Ῑ
99 3001 103 3004 -
154 2983 392 3041 χαυνούμενος
410 2983 497 3046 πρὸς
517 2983 541 3022 ἃ
563 2985 594 3023 οἱ
613 2982 738 3023 πολλοὶ
762 2983 992 3023 ἀντιτείνουσι
1010 2983 1070 3022 καὶ
1091 2983 1210 3023 δύναν-

154 3058 214 3084 ται
234 3043 372 3099 φέρειν,
410 3047 508 3088 οὗτος
540 3042 702 3095 μαλακὸς
739 3045 799 3083 καὶ
819 3045 974 3097 τρυφῶν·
1004 3043 1065 3082 καὶ
1092 3043 1160 3096 γὰρ
1187 3047 1209 3091 ἡ

154 3102 270 3159 τρυφὴ
292 3102 454 3156 μαλακία
472 3101 524 3148 τίς
541 3106 646 3143 ἐστιν.
667 3103 735 3147 “Oq
761 3097 820 3143 οὖν
839 3110 856 3127 ⁸
875 3103 970 3142 ἕλκει
990 3102 1030 3142 τὸ
1049 3102 1188 3153 ἱμοίτιον
1200 3136 1209 3152 ,

155 3162 215 3203 ἵνα
230 3162 281 3215 μὴ
301 3162 441 3216 πονήσῃ
463 3161 527 3211 τὴν
548 3163 619 3202 ἀπὸ
633 3169 693 3204 τοῦ
716 3164 826 3216 αἴρειν
843 3163 975 3211 λύπην,
996 3162 1056 3201 καὶ
1075 3163 1208 3213 μιμού-

150 3237 262 3273 »μενος
281 3222 340 3262 τὸν
370 3223 603 3274 ἐκλελυμένον
632 3223 702 3263 ὑπὸ
720 3224 824 3264 νόσου
838 3254 849 3273 ,
871 3225 935 3262 οὐκ
956 3222 1068 3261 οἴεται
1093 3222 1210 3267 ἄθλιος

158 3275 269 3331 εἶναι,
291 3282 401 3337 ἀθλίῳ
418 3285 536 3335 ὅμοιος
557 3284 618 3322 ὤν·
642 3284 702 3322 τὸν
725 3285 828 3323 αὐτὸν
862 3284 898 3322 δὲ
918 3283 1047 3336 τρόπον
1071 3282 1132 3320 καὶ
1152 3282 1210 3322 ἐπὶ

203 3419 221 3436 *
245 3419 285 3454 ‘O
301 3420 337 3454 δὲ
352 3421 504 3456 ἐλλείπων
522 3423 602 3466 πρὸς
623 3423 643 3454 ἃ
661 3424 690 3455 οἱ
706 3423 818 3455 πολλοὶ
834 3422 890 3454 καὶ
911 3422 1131 3454 ἀντιτείνουσι
1150 3423 1219 3454 κτλ.

2242 133 2320 172 473

1272 227 1380 261 lenter
1398 227 1466 261 illis
1494 228 1660 268 trahatur,
1692 227 1751 262 sed
1777 227 1930 261 consulto
1955 227 1997 260 ad
2010 236 2067 261 eas
2094 227 2165 270 ipse
2183 227 2320 269 tendat,

1272 297 1380 330 neque
1395 290 1529 330 propter
1548 287 1640 320 aliud
1659 287 1844 330 quidquam
1858 312 1867 328 ,
1887 287 1979 320 verbi
1996 295 2098 320 causa
2113 286 2252 329 gloriam
2274 287 2326 320 vel

1272 347 1421 386 lucrum,
1445 347 1501 381 sed
1524 347 1614 390 ipsas
1633 350 1770 390 propter
1785 356 1820 380 se
1837 347 1939 390 petit,
1962 347 1991 379 is
2007 348 2058 380 est
2078 346 2323 389 intemperans:

1273 407 1374 440 talem
1387 407 1475 440 enim
1496 416 1628 440 necesse
1642 409 1690 440 est
1710 417 1881 450 nunquam
1904 407 2045 449 expletae
2058 415 2128 439 suae
2145 405 2328 449 voluptatis

1273 467 1452 511 poenitere,
1472 467 1614 510 ideoque
1634 468 1850 501 insanabilem
1871 476 1944 501 esse
1964 479 1971 499 z
2000 477 2100 510 quem
2116 467 2203 500 enim
2220 466 2328 500 facto-

1273 536 1348 560 rum
1365 537 1502 560 suorum
1520 537 1584 560 non
1606 527 1747 570 poenitet
1758 552 1766 567 ,
1784 527 1814 560 is
1828 527 2022 561 insanabilis
2035 530 2106 560 est:
2121 527 2198 560 talis
2214 529 2328 560 autem

1273 587 1416 621 habetur
1442 587 1667 630 intemperans
1688 601 1696 620 ε
1715 588 1773 630 qui
1793 596 1872 621 vero
1894 587 2006 620 minus
2028 596 2131 630 quam
2154 586 2252 620 decet
2275 596 2329 620 res

1270 647 1435 691 jucundas
1450 650 1673 689 consectatur,
1693 648 1721 680 is
1736 650 1787 680 est
1803 647 1862 690 qui
1876 647 2001 680 directe
2017 647 2207 690 opponitur,
2227 656 2327 690 quem

1272 707 1443 750 stupidum
1469 709 1588 740 vocant
1607 721 1614 740 :
1646 705 1779 740 medius
1790 708 1910 739 autem'
1926 708 1977 738 est
1990 708 2188 748 temperans.
2213 707 2331 748 Neque

1272 777 1352 801 vero
1380 768 1489 800 solum
1511 768 1571 810 qui
1598 767 1764 809 corporis,
1796 766 2082 809 quemadmodum
2107 766 2237 799 dictum
2255 767 2324 804 est,

1272 825 1464 868 voluptates
1478 825 1641 868 sequitur,
1661 827 1712 857 est
1741 824 1986 867 intemperans,
2005 823 2063 857 sed
2081 824 2174 857 etiam
2192 823 2251 867 qui
2267 822 2329 856 do-

1272 884 1357 918 lores
1375 885 1517 927 corporis
1531 883 1632 926 fugit,
1662 893 1727 916 non
1753 883 1843 926 quod
1865 884 1906 916 iis
1931 884 2093 923 vincatur,
2115 883 2174 917 sed
2193 883 2270 925 quia
2284 883 2329 916 ita

1273 944 1383 977 vivere
1409 944 1545 981 statuit,
1574 943 1727 976 similiter
1745 943 1964 986 intemperans
1991 946 2053 976 est.
2075 944 2200 976 Eorum
2220 945 2328 976 autem

1271 1004 1329 1046 qui
1345 1003 1531 1037 inconsulto
1548 1003 1590 1036 ad
1604 1003 1833 1045 resjucundas
1848 1003 2011 1044 tendunt,
2024 1003 2080 1035 alii
2100 1002 2331 1036 delectationis

1274 1073 1375 1097 causa
1393 1064 1429 1097 id
1452 1063 1598 1103 faciunt,
1629 1063 1686 1096 alii
1711 1065 1749 1096 ut
1778 1063 1909 1105 fugiant
1931 1063 2081 1096 dolorem
2103 1073 2122 1096 e
2147 1062 2331 1105 cupiditate

1272 1126 1460 1158 nascentem
1480 1134 1488 1154 :
1508 1122 1622 1165 itaque
1655 1123 1688 1155 hi
1707 1123 1792 1155 inter
1820 1131 1856 1155 se
1878 1121 2063 1162 differunt,
2084 1124 2244 1155 caeterum
2271 1122 2330 1165 qui

1272 1183 1402 1226 fugiens
1423 1182 1568 1215 dolorem
1582 1181 1625 1215 ad
1641 1191 1695 1214 res
1713 1181 1879 1224 jucundas
1896 1180 2019 1219 tendit,
2035 1180 2162 1219 mollis,
2178 1181 2236 1222 qui
2251 1190 2330 1213 vero

1270 1241 1500 1277 delectationis
1516 1251 1616 1274 causa
1635 1241 1695 1274 hoc
1714 1240 1813 1280 facit,
1833 1240 2040 1273 incontinens
2059 1242 2207 1273 vocatur.
2226 1242 2328 1273 Porro

1272 1302 1477 1335 incontinens
1489 1300 1686 1338 continenti,
1708 1299 1837 1342 patiens
1862 1299 1956 1332 molli
1974 1299 2153 1342 opponitur
2175 1311 2183 1331 ε
2207 1298 2330 1332 etenim

1275 1361 1309 1394 in
1322 1359 1506 1394 resistendo
1528 1359 1701 1403 patientia,
1724 1359 1756 1391 in
1783 1358 1973 1402 superando
1992 1361 2106 1391 autem
2129 1357 2331 1390 continentia

1273 1421 1446 1454 cernitur:
1468 1419 1558 1453 aliud
1587 1421 1700 1452 autem
1723 1418 1882 1452 resistere
1902 1420 1954 1452 est
1977 1428 2016 1451 ac
2044 1427 2217 1461 superare,
2246 1417 2331 1450 sicut

1272 1479 1364 1514 aliud
1382 1480 1515 1513 vincere
1540 1482 1574 1512 et
1589 1489 1654 1512 non
1684 1478 1772 1511 vinci
1801 1489 1809 1508 ε
1827 1487 1931 1520 quare
1953 1480 1988 1511 et
2015 1478 2132 1511 melior
2153 1480 2186 1511 et
2209 1475 2331 1520 praefe-

1273 1540 1375 1574 renda
1399 1539 1567 1583 patientiae
1592 1541 1644 1572 est
1665 1538 1878 1577 continentia,
1906 1537 2071 1580 siquidem
2093 1539 2231 1580 praestat
2254 1536 2331 1569 vin-

1273 1609 1367 1638 cere,
1387 1609 1490 1642 quam
1509 1608 1575 1632 non
1598 1598 1697 1631 vinci.
1719 1600 1817 1641 Pejor
1835 1600 1948 1631 autem
1967 1607 2070 1640 quam
2090 1597 2329 1631 incontinentia

1272 1659 1407 1693 videtur
1424 1668 1496 1692 esse
1512 1658 1778 1701 intemperantia.
1797 1657 1963 1691 Omnibus
1972 1657 2095 1700 quippe
2114 1656 2330 1690 manifestum

1272 1718 1342 1754 est,
1357 1714 1556 1748 deteriorem
1575 1723 1647 1747 esse
1666 1722 1743 1746 eum
1757 1713 1815 1755 qui
1836 1712 2006 1750 consulto,
2024 1714 2058 1744 et
2073 1711 2127 1744 vel
2144 1711 2215 1745 sine
2236 1711 2332 1754 cupi-

1271 1775 1378 1809 ditate
1390 1801 1397 1814 ,
1412 1774 1467 1807 vel
1489 1774 1603 1816 quiete
1621 1782 1730 1816 neque
1752 1773 1821 1805 ulla
1847 1772 1881 1805 vi
1896 1775 2033 1806 coactus
2048 1772 2256 1814 voluptatem
2276 1780 2332 1805 se-

1272 1835 1399 1878 quitur,
1418 1843 1522 1877 quam
1540 1834 1600 1876 qui
1613 1833 1761 1866 maxima
1778 1832 2002 1875 cupiditatum
2018 1832 2053 1866 vi
2073 1831 2202 1874 cogitur
2219 1845 2226 1864 z
2242 1831 2332 1874 prior

1273 1897 1386 1928 autem
1413 1894 1535 1926 horum
1562 1893 1806 1935 intemperans,
1835 1891 1998 1934 posterior
2017 1891 2223 1925 incontinens
2252 1892 2329 1923 est:

1271 1954 1489 1998 quamobrem
1519 1952 1775 1995 intemperantia
1797 1951 1945 1985 deterior
1973 1961 2076 1994 quam
2095 1951 2332 1984 incontinentia

1272 2017 1335 2048 est.
1380 2013 1560 2048 continens
1579 2022 1657 2054 ergo
1682 2014 1716 2045 et
1742 2012 1872 2055 patiens
1891 2012 1956 2045 hoc
1984 2011 2083 2045 modo
2098 2010 2281 2050 differunt,
2296 2013 2332 2044 et

1272 2074 1326 2108 hae
1341 2076 1420 2107 sunt
1439 2082 1566 2110 causae,
1586 2075 1723 2114 propter
1746 2082 1833 2115 quas
1862 2070 2069 2114 praeferenda
2096 2071 2268 2114 patientiae
2287 2070 2331 2103 sit

1273 2133 1473 2167 continentia
1486 2159 1494 2172 ‚
1514 2131 1751 2166 incontinentia
1770 2141 1850 2166 vero
1870 2131 2073 2166 tolerabilior
2089 2141 2192 2175 quam
2207 2131 2330 2165 intem-

1273 2192 1421 2239 perantia
1434 2191 1599 2225 habeatnr

1712 2596 1790 2638 Gap.
1817 2597 1891 2628 xu.

1415 2716 1491 2751 Quae
1503 2714 1727 2744 incontinentia
1738 2716 1770 2743 et
1782 2713 1926 2743 mollities
1942 2712 2122 2742 excusabilis
2134 2712 2184 2742 sit.

1315 2811 1381 2846 Sed
1401 2811 1445 2845 de
1459 2810 1502 2844 iis
1518 2810 1654 2853 insuper
1675 2808 1918 2852 disputandum
1938 2809 2013 2843 erit.
2041 2810 2103 2843 Est
2129 2818 2207 2852 ergo
2223 2810 2331 2843 conti-

1272 2881 1353 2905 nens
1372 2871 1433 2914 qui
1456 2872 1592 2913 superat
1614 2869 1833 2913 cupiditates,
1859 2869 1990 2912 patiens
2015 2878 2096 2903 vero
2118 2869 2179 2912 qui
2205 2869 2331 2902 resistit

1273 2932 1314 2965 iis
1330 2941 1390 2965 nec
1406 2933 1584 2974 superatur
1605 2943 1614 2962 2
1632 2930 1692 2973 qui
1709 2931 1822 2963 autem
1846 2929 2014 2962 insolescit
2030 2929 2072 2962 iis
2088 2928 2213 2972 quibus
2229 2929 2331 2971 pleri-

1271 3001 1339 3035 que
1356 2991 1523 3024 obsistunt
1542 2992 1576 3023 et
1596 2998 1674 3032 quae
1688 2988 1776 3022 ferre
1797 2991 1956 3032 possunt,
1976 2988 2006 3022 is
2022 2988 2133 3022 mollis
2151 2998 2190 3022 ac
2206 2988 2331 3022 delica-

1273 3054 1329 3084 tus
1350 3053 1402 3084 est
1432 3063 1440 3082 z
1468 3049 1626 3094 quaedam
1652 3049 1741 3083 enim
1769 3048 1927 3083 mollities
1956 3050 2034 3082 sunt
2060 3047 2199 3081 deliciae.
2242 3047 2332 3080 Talis

1271 3111 1373 3152 igitur
1391 3112 1442 3143 est
1458 3110 1518 3153 qui
1534 3111 1664 3143 vestem
1680 3109 1803 3148 trahit,
1821 3118 1862 3143 ne
1877 3108 1959 3152 quid
1978 3108 2013 3141 in
2030 3117 2068 3141 ea
2085 3107 2268 3141 attollenda
2281 3107 2331 3139 la-

1272 3170 1363 3204 boris
1385 3171 1544 3214 suscipiat
1576 3180 1616 3204 ac
1648 3170 1775 3205 doloris
1798 3173 1832 3204 et
1854 3180 1960 3214 quum
1986 3169 2138 3203 imitetur
2163 3167 2330 3201 hominem

1274 3230 1365 3273 gravi
1382 3230 1499 3264 morbo
1522 3229 1682 3264 affectum
1695 3256 1703 3270 ‚
1721 3230 1881 3263 miserum
1905 3239 1941 3263 se
1956 3238 2029 3262 esse
2048 3237 2112 3260 non
2135 3226 2326 3261 arbitratur,

1271 3290 1331 3333 qui
1347 3292 1460 3324 tamen
1476 3290 1599 3324 misero
1616 3290 1734 3324 similis
1756 3291 1800 3323 sit
1818 3305 1826 3324 :
1842 3290 2025 3331 eodemque
2044 3286 2143 3321 modo
2162 3286 2205 3319 de
2224 3286 2331 3319 conti-
