2528 3788
321 171 362 197 w
1211 151 1327 192 PRAE
1334 150 1498 192 FATIO.

326 247 527 296 Berolini
564 245 700 310 1748,
733 243 999 307 germanice
1031 246 1105 289 Jo.
1137 244 1310 305 Georg.
1341 242 1631 289 Schultesius
1654 242 1810 289 Turici
1846 259 1983 306 1779.
2022 244 2078 289 At
2108 243 2176 290 illi
2205 251 2398 294 omnes*

323 329 550 377 Holstenii
586 326 910 373 recensionem
952 326 1101 372 secuti
1145 324 1289 372 verba
1336 326 1579 389 scriptoris
1624 342 1722 372 non
1774 325 2120 390 expoliverunt.
2170 329 2369 375 Verum-

322 415 566 462 enimvero
612 419 773 457 nostra
815 419 952 457 aetate
994 408 1194 456 multam
1243 425 1440 474 operam
1484 407 1703 454 Sallustio
1743 418 1789 455 et
1837 407 2002 455 utilem
2054 409 2272 473 praebuit,
2295 415 2368 460 Jo.

322 507 462 550 Conr.
499 499 701 547 Orellius
739 498 823 562 qui
852 507 952 543 tum
989 497 1206 561 plurimis
1240 497 1357 544 locis
1390 506 1655 544 correctum
1687 507 1789 544 tum
1822 498 1914 543 suis
1956 507 2004 543 et
2028 497 2232 546 aliorum
2271 501 2375 547 ani-

323 582 732 632 madversionibus
765 580 1051 628 illustratum
1089 596 1236 643 graece
1265 590 1313 627 et
1351 580 1495 638 latine
1527 580 1683 626 Turici
1717 596 1846 626 anno
1892 580 2006 627 1821
2054 581 2369 645 pervulgavit.

322 668 415 715 Sed
456 665 764 732 expetebatur
801 665 898 729 jam
936 664 1200 710 accuratior
1244 662 1534 710 Sallustianae
1570 663 1843 727 scriptionis
1882 664 2029 711 editio
2060 675 2107 712 et
2140 682 2265 712 nova
2301 666 2375 713 in-

323 749 599 814 terpretatio
640 747 814 807 latina,
870 762 974 810 quae
1026 745 1310 792 Allatianam
1347 745 1588 808 diligentia
1640 747 1867 794 vinceret.
1924 751 2183 812 Utramque
2234 749 2378 812 igitur

323 831 575 879 lectoribus
602 829 815 887 exhibui,
858 829 1087 893 appositis
1114 829 1261 889 notis,
1298 827 1470 892 quibus
1499 830 1672 894 partim
1698 830 1956 878 lectionum
1997 831 2171 896 partim
2210 831 2374 879 decre-

322 925 481 962 torum
521 914 675 960 fontes
699 912 979 960 indicarem.

385 1001 502 1044 Tum
539 996 598 1042 de
631 996 839 1050 Platone,
861 996 1055 1059 ejusque
1091 995 1334 1061 discipulis
1368 1006 1415 1043 et
1457 997 1810 1044 successoribus
1851 997 1924 1060 egi
1953 996 2135 1059 adjecta
2181 998 2374 1063 copiosa

321 1082 378 1128 de
409 1081 664 1145 Spensippi
708 1080 825 1138 vita,
863 1079 1050 1143 scriptis
1085 1089 1227 1143 atque
1277 1081 1328 1126 in
1386 1079 1742 1145 philosophiam
1797 1081 1977 1127 meritis
2031 1079 2368 1144 disputatione,

322 1174 574 1229 propterea
611 1163 742 1227 quod
768 1162 867 1226 ejus
901 1162 1161 1225 Fragmenta
1209 1163 1392 1226 primus
1431 1162 1624 1225 collegi,
1660 1164 1901 1223 recensui,
1929 1164 2049 1210 verti
2077 1172 2125 1209 et
2151 1162 2371 1226 explicui.

387 1251 496 1294 Post
531 1256 691 1292 autem
724 1245 783 1292 de
823 1248 1087 1292 Xenocrate
1123 1255 1474 1292 commentatus
1520 1262 1650 1305 sum,
1687 1245 1820 1308 cujus
1861 1245 2032 1303 vitam,
2082 1260 2261 1308 mores,
2310 1244 2376 1290 in·

322 1331 445 1396 genii
491 1339 799 1376 monumenta
836 1327 1140 1386 adumbravi,
1181 1328 1414 1386 collectis,
1466 1327 1742 1383 emendatiS,
1804 1328 1853 1373 in
1913 1327 2110 1372 latinam
2164 1326 2374 1390 denique

320 1412 529 1474 linguam
558 1411 794 1458 translatis
831 1412 930 1475 ejus
958 1411 1186 1474 reliquiis.
1223 1415 1449 1456 Praeterea
1478 1410 1720 1456 Crantoris
1764 1407 2059 1467 Academici,
2091 1407 2371 1455 nobilissimi

323 1494 598 1557 scriptoris,
635 1494 916 1540 memoriam
954 1495 1208 1553 renovavi,
1249 1493 1383 1556 cujus
1412 1493 1472 1539 de
1521 1493 1653 1539 luctu
1687 1492 1810 1539 liber
1851 1493 1889 1538 si
1930 1501 2157 1552 exstaret,
2197 1493 2371 1557 sempi-

321 1587 510 1623 ternum
547 1592 801 1639 graecarum
833 1576 1098 1623 litterarum
1134 1586 1502 1624 monumentum
1538 1576 1812 1622 haberetur.
1865 1575 1971 1620 Fuit
2002 1583 2163 1620 autem
2190 1572 2375 1620 libellus

323 1676 419 1706 non
455 1675 653 1721 magnus
685 1658 763 1704 ille
790 1659 1012 1722 quidem,
1039 1659 1122 1706 sed
1154 1670 1205 1706 ut
1248 1660 1453 1706 Panaetio
1479 1669 1526 1705 et
1550 1659 1783 1717 Ciceroni,
1805 1657 1855 1704 id
1879 1667 1950 1704 est
1981 1657 2135 1703 doctis
2157 1665 2204 1702 et
2231 1655 2372 1702 intel-

321 1741 573 1804 ligentibus
602 1741 766 1787 talium
795 1757 955 1787 rerum
984 1742 1408 1801 existimatoribus,
1440 1741 1594 1787 visum
1626 1751 1718 1799 est,
1752 1739 1971 1786 aureolus
2004 1747 2051 1785 et
2084 1737 2146 1784 ad
2175 1736 2374 1785 verbum

320 1823 616 1871 ediscendus.
655 1824 747 1870 Sed
784 1840 1079 1887 quaecunque
1124 1826 1239 1870 tanti
1266 1818 1352 1871 viri
1387 1825 1514 1871 dicta
1555 1833 1602 1870 et
1633 1824 1896 1887 fragmenta
1934 1838 2021 1886 per
2065 1821 2375 1885 antiquorum

321 1907 468 1954 libros
486 1923 642 1971 sparsa
669 1907 900 1966 feruntur,
930 1906 1141 1970 undique
1167 1907 1365 1954 collecta
1387 1906 1619 1954 subtiliter
1638 1906 1855 1954 recensui
1875 1915 2018 1969 atque
2037 1904 2375 1969 interpretatus

322 2007 444 2036 sum.

385 2075 531 2117 Porro
558 2080 812 2134 antequam
838 2071 899 2116 ad
931 2072 1263 2136 Peripateticos
1297 2073 1561 2131 transirem,
1585 2073 1762 2131 Severi,
1792 2071 1930 2118 Attici
1956 2081 2003 2117 et
2027 2070 2249 2117 Numenii
2279 2069 2374 2117 fra-

319 2155 473 2223 gmina
513 2153 753 2215 recognita
781 2163 828 2199 et
865 2153 1007 2200 latine
1044 2172 1174 2201 versa
1216 2157 1469 2219 proposui,
1514 2156 1740 2218 adjuncta
1773 2155 1833 2201 de
1875 2154 1950 2200 his
1988 2154 2230 2218 sapientiae
2272 2153 2364 2200 do-

318 2235 529 2282 ctoribus
555 2236 973 2282 commentatione.
1010 2237 1225 2301 Denique
1259 2255 1319 2284 ne
1348 2238 1463 2301 quid
1490 2239 1601 2284 huic
1628 2238 1751 2284 libro
1772 2237 1977 2296 deesset,
2011 2236 2143 2300 quod
2177 2236 2239 2282 ad
2263 2253 2375 2284 con·
2400 2241 2405 2245 ’

318 2317 608 2382 sequendam
645 2317 906 2381 pleniorem
946 2320 1112 2366 veteris
1151 2322 1390 2384 sapientiae
1427 2322 1750 2384 cognitionem
1785 2320 1989 2379 valeret,
2030 2319 2090 2366 de
2127 2319 2374 2366 Aristotele

318 2402 510 2464 ejusque
536 2400 783 2463 discipulis
808 2410 855 2446 et
891 2402 1239 2449 successoribus
1266 2404 1481 2450 Eudemo
1505 2402 1710 2460 Rhodio,
1730 2402 2006 2448 Andronico
2037 2400 2242 2460 Rhodio,
2267 2401 2372 2447 Ari-

317 2483 463 2529 stocle
477 2483 725 2541 Messenio,
745 2482 844 2528 aliis
860 2483 1049 2530 uberius
1072 2485 1191 2544 dixi,
1212 2487 1446 2551 simulque
1469 2487 1704 2533 Aristoclis
1731 2486 1862 2532 locos
1887 2484 2122 2549 quosdam
2153 2493 2200 2530 et
2217 2485 2371 2548 capita

318 2585 374 2615 ex
400 2567 588 2613 Eusebii
613 2568 954 2630 Praeparatione
987 2571 1267 2632 Evangelica
1304 2572 1352 2615 in
1391 2569 1602 2616 medium
1629 2568 1808 2633 protuli
1850 2578 1991 2631 atque
2032 2567 2371 2631 interpretatus

320 2667 449 2709 sum,
491 2649 787 2713 eandemque
833 2668 1028 2715 operam
1073 2665 1180 2718 post
1219 2654 1333 2701 alios
1377 2653 1590 2699 virorum
1635 2651 1890 2698 doctorum
1929 2649 2117 2696 labores
2158 2649 2371 2696 Eudemo

320 2733 508 2780 Rhodio
547 2733 732 2779 navavi.
776 2734 961 2779 Etenim
1011 2738 1194 2799 primus
1244 2736 1497 2783 Christian.
1558 2738 1671 2797 Aug.
1734 2732 2003 2779 Brandisius
2057 2732 2110 2778 in
2167 2731 2371 2778 Scholiis

320 2815 606 2862 Aristoteleis
634 2815 835 2862 Berolini
874 2834 1000 2864 anno
1038 2820 1157 2866 1836
1185 2819 1382 2883 vulgatis
1421 2828 1602 2883 partem
1626 2817 1748 2864 illius
1782 2805 2157 2880 fragmentorum
2195 2815 2368 2874 edidit,

319 2899 499 2961 reliqua
542 2899 592 2944 in
637 2899 828 2944 tertium
885 2900 1187 2947 historiarum
1232 2901 1549 2966 philosophiae
1593 2911 1777 2948 tomum
1824 2915 1952 2946 anno
2011 2898 2131 2954 1860
2172 2898 2366 2962 recepit.

319 2981 547 3027 Inchoato
588 2982 723 3045 operi
763 2984 986 3030 successit
1025 2985 1298 3031 Leonardus
1340 2985 1617 3049 Spengelius
1654 2985 1737 3049 qui
1778 2983 1980 3030 excussis
2027 2981 2208 3027 scriniis
2246 2981 2370 3027 anti-

319 3065 423 3127 quis
449 3069 659 3128 σύντοιγμα
695 3066 743 3110 in
788 3066 881 3112 hoc
920 3084 1090 3129 genere
1125 3069 1350 3115 omnibus
1388 3068 1483 3114 suis
1519 3068 1727 3114 numeris
1776 3076 1823 3112 et
1867 3063 2081 3129 partibus
2133 3062 2371 3127 expletum

322 3147 523 3193 Berolini
556 3164 681 3194 anno
722 3149 842 3195 1866
887 3160 934 3196 et
972 3152 1146 3197 iterum
1193 3152 1312 3214 1870
1354 3151 1477 3196 foras
1518 3150 1666 3196 dedit.
1699 3149 1792 3206 Qui
1832 3146 2048 3212 quamvis
2092 3145 2273 3208 optime
2310 3143 2370 3189 de

319 3228 534 3276 Eudemo
572 3241 694 3276 esset
734 3232 950 3291 meritus,
981 3243 1141 3279 tamen
1176 3233 1487 3278 nihilominus
1525 3242 1682 3278 totum
1714 3248 1836 3295 opus
1876 3226 2233 3277 retractandum
2266 3241 2367 3272 sus-

320 3313 441 3376 cepi.

382 3399 547 3459 ltaque
593 3411 743 3459 pauca
789 3395 1087 3442 voluminum
1125 3394 1467 3442 Eudemiorum
1511 3397 1692 3461 capita,
1738 3413 1842 3460 quae
1878 3394 2098 3441 consulto
2146 3392 2370 3438 omiserat

316 3478 616 3543 Spengelius,
659 3477 827 3540 adjeci,
870 3478 1014 3526 verba
1052 3495 1201 3541 graeca
1239 3481 1448 3539 correxi,
1492 3480 1749 3544 depravata
1794 3479 1996 3537 restitui,
2027 3477 2234 3538 denique
2268 3491 2374 3522 non-

2508 267 2528 338 {1
