2528 3788
1114 198 1182 238 DE
1217 198 1476 242 PLATONE.
2276 212 2282 217 ·
2295 197 2351 239 53

194 286 358 340 reliquis
386 286 535 326 artibus
571 287 758 326 musicam
793 285 936 338 adJecit
951 315 963 334 ‚
1002 299 1080 337 qua
1106 286 1234 326 Draco

195 346 442 386 Atheniensis
473 355 510 384 et
531 346 709 387 Metellus
734 345 1014 397 Agrigentinus
1033 345 1242 384 Plutarcho

195 414 292 445 teste
320 418 408 444 eum
437 406 692 445 instituerunt
720 404 790 458 (8).
859 405 935 444 Sed
968 405 1031 444 his
1057 404 1243 444 omnibus

193 463 333 503 studiis
349 464 534 516 depositis
551 465 694 516 viginti
714 478 836 504 annos
849 473 961 504 natus
976 465 1092 506 tertio
1106 464 1240 515 Olym-

193 522 324 575 piadis
342 537 392 575 92
410 537 513 563 anno
529 524 726 563 Socratem
747 524 883 564 audire
899 525 1035 577 coepit.
1053 523 1243 563 Narratur

195 595 290 629 vero
312 585 509 634 Socrates,
531 593 739 635 antequam
770 584 883 623 Plato
906 583 956 623 ad
974 585 1106 637 ipsum
1124 597 1147 622 a
1171 596 1243 636 pa—

194 650 253 681 tre
264 641 534 691 deduceretur,
552 642 842 694 jucundissimo
860 657 953 683 usus
974 657 1056 683 esse
1071 644 1240 683 somnio.

194 699 303 740 Vidit
324 701 430 741 enim
453 701 497 740 in
530 714 668 740 somno
699 702 816 752 cygni
842 702 994 754 pullum
1023 703 1246 755 relinquere

193 772 324 809 aram,
358 760 445 813 quae
478 760 519 800 in
555 760 764 800 Academia
799 762 983 813 Cupidini
1025 771 1246 801 consecrata

106 808 127 852 ¹-
190 825 294 868 erat,
313 818 406 858 dein
435 819 554 858 celeri
576 819 709 859 volatu
735 820 926 870 gremium
960 834 1072 859 suum
1093 830 1244 873 petere,

196 891 290 917 mox
304 878 499 918 sedentem
519 891 640 931 supra
655 892 780 930 genua
795 879 1035 932 plumescere
1046 909 1058 928 ‚
1091 888 1246 931 postre-

197 951 264 980 mo
280 938 426 978 alatum
453 939 612 978 avolare
643 941 785 982 coelum
813 952 858 978 ac
885 947 1008 977 terras
1034 947 1148 977 cantu
1177 952 1248 977 suo

197 998 445 1040 mulcentem.
472 998 670 1038 Postridie
692 996 745 1050 (9)
768 998 918 1037 Socrati
936 998 1063 1037 visum
1086 998 1185 1036 illud
1205 998 1247 1038 in

1304 297 1499 327 conventu
1517 289 1723 327 hominum
1748 289 1931 328 referenti
1957 287 2089 328 Aristo
2119 285 2245 325 filium
2262 298 2352 324 eru-

1306 341 1491 380 diendum
1513 342 1684 381 tradidit.
1707 343 1829 389 Quem
1849 351 2055 394 postquam
2069 340 2221 392 aspexit
2242 348 2357 390 atque

1306 414 1355 440 ex
1376 401 1473 440 facie
1490 401 1668 440 divinum
1695 402 1782 453 ejus
1810 399 2011 452 ingenium
2036 410 2246 452 auguratus
2266 408 2323 438 est
2343 413 2352 437 :

1307 461 1379 499 Hic
1408 461 1476 500 ille
1491 470 1592 510 erat,
1616 462 1755 509 amici,
1781 463 1909 513 inquit
1925 490 1937 509 ,
1969 475 2017 501 ex
2050 462 2258 502 Academia
2277 460 2357 499 Cu-

1308 520 1458 571 pidinis
1491 534 1654 572 cygnus.
1685 522 1804 560 Addit
1829 521 2017 572 Origenes
2050 521 2124 562 lib.
2153 521 2204 559 vl
2226 529 2360 560 contra

1308 579 1461 619 Celsum
1483 594 1521 632 p.
1548 581 1624 619 280
1638 580 1841 620 Platonem
1861 581 1991 633 ipsum
2015 581 2130 620 tertio
2150 580 2264 621 oculo
2281 577 2360 619 sibi

1309 649 1464 679 auctum
1483 653 1567 679 esse
1581 653 1725 684 visum.

1364 699 1509 746 Quanti
1529 709 1656 739 autem
1674 700 1780 739 hunc
1803 713 1924 739 unum
1945 699 2174 749 magistrum
2195 699 2359 746 faceret,

1310 770 1394 809 ipse
1425 771 1691 811 saepenumero
1720 759 1953 808 declaravit,
1977 759 2176 811 multaque
2211 757 2361 797 amoris

1310 830 1403 867 erga
1433 830 1522 856 eum
1557 818 1789 856 documenta
1819 826 1955 870 postea
1985 817 2029 856 in
2061 817 2220 867 scriptis
2241 815 2361 857 dedit.

1311 876 1466 916 Mortuo
1493 877 1652 917 Socrate
1673 877 1771 931 (10),
1802 890 1918 928 quem
1949 886 2090 928 quarto
2114 874 2362 928 Olympiadis

1313 942 1364 987 94
1382 949 1485 974 anno
1509 948 1558 974 ex
1577 937 1657 976 vita
1688 936 1894 975 hominum
1926 936 2163 986 demigrasse
2191 943 2363 983 constat,

1313 997 1424 1035 Plato
1442 999 1582 1048 partim
1598 997 1755 1048 Cratylo
1776 996 1994 1034 Heracliteo
2006 1025 2016 1043 ‚
2039 999 2180 1047 partim
2199 995 2364 1034 Hermo-

201 1131 382 1165 ὰπεδύσατο
411 1130 463 1163 ἐπὶ
482 1129 681 1172 φιλοσοφίαν.
701 1148 741 1158 -
771 1128 818 1171 (8)
840 1129 1035 1162 Plutarchus
1054 1128 1096 1162 de
1123 1128 1251 1160 musica

196 1185 269 1221 σοι).
291 1179 387 1212 xvn
410 1177 486 1212 vol.
503 1179 581 1212 HV
597 1186 670 1219 pag.
694 1178 755 1210 224
769 1176 824 1210 ed.
841 1177 979 1210 Hutten.
999 1177 1082 1209 πάνυ
1099 1176 1159 1218 γὰρ
1175 1187 1250 1218 προ-

196 1223 274 1268 έοχι
309 1227 349 1267 τῇ
364 1228 502 1267 μουσικῇ
526 1225 687 1265 ἐπιστήμῃ
712 1223 868 1265 Πλάτων,
897 1224 1054 1260 ἀκουστὴς
1084 1222 1251 1264 γενόμενος

195 1272 372 1316 Δράκοντος
386 1275 444 1305 τοῦ
464 1271 627 1312 Ἀθηναίου
646 1272 702 1305 καὶ
731 1271 892 1304 Μετέλλου
914 1274 971 1303 τοῦ
994 1270 1248 1312 Ἀκραγαντίνου.

195 1318 397 1362 Porphyrius
419 1319 508 1362 apud
523 1319 685 1361 cyrillum
696 1318 756 1353 lib.
777 1321 795 1352 Ι
818 1321 934 1351 contra
952 1317 1120 1351 Julianum
1139 1318 1251 1351 ιέπαι-

195 1366 289 1406 aeeon
305 1366 340 1400 δὲ
354 1367 374 1399 ό
390 1367 523 1401 Πλάτων
539 1367 628 1408 παρὰ
645 1366 702 1408 μὲν
723 1365 883 1407 Διονυσίῳ
907 1365 1089 1407 γράμματα,
1113 1365 1202 1407 παρὰ
1219 1365 1252 1397 δὲ

200 1413 383 1457 Ἀρίστωνι,
401 1415 450 1458 τῷ
474 1413 605 1456 Ἀργείῳ
633 1415 812 1456 παλαιστῇ,
832 1413 873 1446 τὰ
896 1412 981 1445 κατὰ
1004 1413 1060 1451 τὴν
1077 1423 1251 1453 γυμναστι-

195 1461 266 1500 κήν.
285 1461 538 1503 Olympiodoms
552 1461 612 1493 vit.
630 1460 717 1493 Plat.
732 1462 898 1498 Μουσικῆς
915 1460 949 1492 δὲ
965 1459 1156 1493 διδάσκαλον
1176 1462 1253 1503 ἔσχε

197 1508 363 1552 Δράκοντα
385 1509 440 1542 τὸν
453 1508 609 1550 Δάμωνος
638 1509 790 1549 μαθητήν·
814 1507 970 1549 μέμνηται
987 1507 1021 1539 δὲ
1035 1508 1149 1540 τούτου
1164 1509 1195 1540 ἐν
1213 1513 1251 1550 τῇ

197 1555 360 1598 Πολιτείᾳ.
375 1555 453 1600 ’Ῑζρία
471 1556 504 1588 δὲ
521 1555 575 1588 καὶ
590 1557 691 1587 ταῦτα
706 1554 908 1589 ἐπαιδεύοντο
922 1557 952 1587 οἱ
970 1555 1119 1594 Ἀθήνῃσι
1133 1555 1251 1592 παῖδες·

198 1605 279 1648 φημὶ
292 1603 541 1646 ὀὲὙράμματα,
573 1602 747 1644 μουσικήν,
775 1603 934 1635 παλαίειν·
953 1603 1015 1644 οὐχ
1036 1602 1155 1639 ἁπλῶς·
1177 1603 1254 1634 ἀλλὰ

196 1651 371 1695 γράμματα
386 1651 442 1692 μὲν
455 1651 509 1694 διὰ
521 1649 559 1683 τὸ
573 1653 708 1691 κοσμεῖν
721 1651 776 1682 τὸν
792 1650 887 1690 λόγον
911 1650 966 1684 τὸν
985 1650 1016 1682 ἐν
1039 1650 1157 1690 αὐτοῖς,
1173 1661 1251 1691 μου-

194 1698 288 1736 σικὴν
310 1697 344 1730 δὲ
365 1697 417 1729 διὰ
437 1697 474 1729 τὸ
492 1697 688 1729 τιθασσεύειν
705 1697 760 1730 τὸν
782 1697 898 1738 θυμόν,
918 1697 1065 1729 παλαίειν
1078 1697 1112 1729 δὲ
1128 1698 1182 1730 καὶ
1197 1708 1246 1736 γυ-

194 1745 363 1790 μνάζεσθαι
381 1744 434 1777 διὰ
449 1745 486 1778 τὸ
509 1743 742 1787 ἀναῤῥωννύναι
766 1745 803 1778 τὸ
828 1749 883 1783 τῆς
909 1744 1074 1786 ἐπιθυμίας
1096 1745 1252 1787 χαλαρόν,

194 1789 280 1837 (Καί
301 1793 319 1824 ό
337 1791 538 1830 ’Δλκιὸιάδης
560 1791 594 1824 δὲ
612 1791 687 1833 παρ’
708 1792 796 1834 αὐτῷ
826 1792 867 1824 τὰ
887 1791 957 1834 τρία
986 1795 1087 1824 ταῦτα
1116 1791 1254 1834 φαίνεται

192 1838 441 1879 παιδευθείς··διὸ
456 1838 511 1872 καί
523 1850 598 1882 φησι
612 1840 687 1881 πρὸς
702 1839 796 1872 αὐτὸν
811 1839 978 1881 Σωκράτης
988 1864 996 1878 ,
1012 1839 1122 1872 Αὐλεῖν
1143 1839 1175 1871 δὲ
1189 1840 1247 1872 οὐκ

192 1887 340 1928 ἐδούλου,
352 1886 407 1919 καὶ
420 1886 459 1918 τὰ
475 1886 578 1928 ἑξῆς.)
594 1885 761 1928 Ἐφοίτησε
779 1887 812 1920 δὲ
825 1888 878 1920 καὶ
894 1887 980 1928 παρὰ
991 1890 1156 1929 γραφεῦσι,
1171 1889 1244 1928 παρ’

194 1936 239 1969 ὧν
257 1935 401 1976 ὠφελήθη
419 1934 475 1973 τὴν
491 1935 570 1976 μῖξιν
583 1937 646 1967 τῶν
668 1934 864 1977 χρωμάτων,
884 1934 928 1967 ὧν
941 1935 972 1967 ἐν
986 1935 1112 1977 Τιμαίῳ
1130 1936 1250 1977 μέμνη-

191 1994 256 2017 ται.
273 1983 363 2016 Μετὰ
374 1985 475 2015 ταῦτα
491 1982 524 2015 δὲ
536 1982 591 2014 καὶ
613 1983 698 2024 παρὰ
713 1985 776 2019 τοῖς
796 1985 953 2024 τραγικοῖς
974 1982 1140 2020 ἐπαιδεύθη
1155 2008 1163 2023 ,
1178 1994 1252 2014 παι-

191 2031 314 2067 δευταῖς
325 2029 534 2071 νομιζομένοις
549 2030 628 2063 εἶναι
649 2033 704 2069 τῆς
719 2030 877 2067 Ἑλλάδος.
894 2031 1062 2072 Προσῆλθε
1081 2030 1114 2062 δὲ
1130 2031 1250 2068 τούτοις

193 2077 245 2111 διὰ
259 2077 296 2110 τὸ
314 2076 378 2109 ἀπὸ
394 2080 447 2116 τῆς
462 2082 610 2118 τραγικῆς
631 2079 789 2119 γνωμικὸν
808 2078 862 2110 καὶ
886 2078 1000 2119 σεμνόν
1011 2103 1019 2118 ,
1034 2079 1087 2109 καὶ
1115 2079 1251 2119 ἡρωῑκὸν

193 2129 256 2158 τῶν
272 2125 465 2157 ὑποθέσεων.
483 2126 546 2157 Καὶ
561 2127 628 2162 τοῖς
645 2125 843 2167 διθυράμὸοις
860 2125 893 2157 δὲ
906 2125 982 2166 πρὸς
998 2125 1091 2166 τιμὴν
1106 2129 1162 2156 τοῦ
1175 2128 1248 2158 Διο-

193 2173 291 2205 νύσου
301 2197 310 2214 ,
320 2170 432 2212 ἐφόρου
440 2171 608 2212 λεγομένου
618 2175 672 2210 τῆς
685 2173 848 2213 γενέσεως,
866 2171 1019 2213 ὡμίλησε·
1037 2173 1139 2214 τούτῳ
1153 2173 1214 2212 γὰρ
1236 2172 1253 2202 ὑ

194 2219 380 2262 διθύραμὸος
389 2219 542 2260 ἀνέκειτο,
556 2219 608 2261 ἀφ’
618 2219 656 2252 οὗ
666 2221 719 2252 καὶ
727 2220 761 2252 τὸ
770 2219 870 2261 ὄνομα
881 2219 959 2259 εἶχε.
981 2221 1174 2262 Διθύραμὸος
1191 2222 1251 2263 γὰρ

194 2270 213 2301 ό
225 2267 392 2307 Διόνυσος,
407 2268 451 2304 ὡς
463 2267 501 2299 ἐκ
508 2266 569 2299 δύο
583 2268 682 2310 θυρῶν
695 2268 824 2305 ἐξελθών
833 2293 842 2307 ,
856 2270 911 2306 τῆς
925 2278 959 2299 τε
973 2269 1107 2307 Σεμέλης
1126 2269 1178 2300 καὶ
1195 2273 1250 2302 τοῦ

193 2317 294 2357 μηροῦ
302 2313 388 2351 Διός.
397 2314 572 2347 Εἶώθεισαν
579 2314 640 2357 γὰρ
653 2316 682 2347 οἱ
693 2315 821 2357 ἀρχαῖοι
832 2313 873 2346 τὰ
881 2314 1007 2346 αἰτιατὰ
1018 2315 1180 2355 ὀνομάζειν
1187 2319 1251 2355 τοῖς

192 2365 256 2396 τῶν
276 2361 386 2408 αἰτίων
403 2361 556 2403 ὀνόμασι,
574 2362 717 2404 καθάπερ
729 2362 782 2394 καὶ
804 2362 859 2394 τὸν
875 2361 1027 2394 Διόνυσον
1041 2363 1184 2395 καλοῦσι·
1203 2364 1252 2395 διὸ

192 2415 247 2444 καὶ
259 2411 278 2443 ὁ
292 2409 432 2452 Πρόκλος
445 2410 514 2451 περὶ
526 2409 647 2442 τούτων
666 2409 774 2452 φησίν,
792 2409 891 2442 Ὅσσ’
905 2409 989 2441 εἶδον
1007 2411 1167 2443 τεκέεσσιν
1181 2411 1254 2450 ἐφη-

193 2457 320 2501 μίξαντα
332 2461 454 2496 τοκῆες.
467 2457 541 2490 Ὀτι
555 2457 589 2490 δὲ
607 2457 679 2494 τοὺς
701 2457 905 2500 διθυράμὸους
924 2458 941 2489 ὁ
957 2458 1091 2489 Πλάτων
1109 2459 1249 2501 ἤσκητο,

193 2504 286 2544 δῆλον
305 2503 343 2537 ἐκ
359 2506 415 2538 τοῦ
436 2503 577 2547 Φαίδρου
598 2508 654 2537 τοῦ
671 2503 818 2545 διαλόγου
831 2529 840 2544 ,
866 2503 948 2536 πάνυ
966 2505 1111 2542 πνέοντος
1126 2509 1181 2538 τοῦ
1200 2508 1250 2539 δι-

195 2552 417 2595 θυραμδῶδους
434 2557 642 2594 χαρακτῆρος·
665 2553 721 2585 ἅτε
734 2555 790 2584 τοῦ
813 2552 981 2589 Πλάτωνος
999 2557 1108 2585 τοῦτον
1127 2558 1250 2596 πρῶτον

194 2598 369 2643 γράψαντος
394 2599 560 2641 διάλογον,
583 2601 626 2637 ὡς
651 2601 786 2641 λέγεται.
810 2598 966 2637 Ἐποίησε
985 2599 1018 2631 δὲ
1043 2601 1096 2632 καὶ
1116 2602 1249 2642 τραγικὰ

193 2646 355 2686 ποιήματα
367 2646 419 2678 καὶ
437 2645 646 2688 διθυραμὸικά
656 2671 664 2687 ,
682 2647 736 2678 καὶ
750 2646 829 2679 ἄλλα
841 2645 928 2687 τινά,
944 2646 1023 2688 ἅπερ
1037 2647 1140 2679 πάντα
1156 2650 1250 2681 κατέ-

5 2626 16 2647 ,

6 2651 21 2675 Ξ*
70 2671 71 2674 ,
88 2671 107 2675 ,,

7 2725 16 2750 ὶ
193 2704 295 2733 κανόσι
311 2697 365 2734 τῆς
382 2693 568 2736 Σωκράτους
586 2695 740 2736 πειραθεὶς
755 2694 912 2736 διατριὸῆς
924 2718 933 2733 ,
954 2695 1051 2727 εἰπών
1067 2707 1096 2727 τι
1109 2701 1248 2729 τοιοῦτον

0 2766 4 2772 η,
18 2766 26 2788 5
92 2775 96 2783 ,
119 2746 131 2751 ”
194 2741 477 2784 ἔπος,Ἤφαιστε,
498 2741 630 2784 πρόμολ’
650 2742 723 2774 ὦδε·
740 2742 874 2775 Πλάτων
897 2743 933 2774 νύ
961 2753 991 2774 τι
1018 2747 1088 2775 σεῖο
1115 2745 1246 2784 χατίζει.

0 2775 19 2845 i
52 2785 82 2809 Ψ
192 2806 238 2816 -·
252 2788 300 2832 (9)
329 2789 492 2831 Diogenes
518 2790 670 2823 Laertius
699 2792 766 2831 ΠΙ,
799 2794 818 2823 5
841 2791 963 2833 λέγεται
988 2791 1021 2823 δὲ
1049 2791 1095 2823 ὅτι
1125 2793 1250 2834 Σωκρά-

192 2848 248 2877 της
261 2836 336 2879 ὄναρ
356 2837 436 2870 εἶδεν
459 2837 576 2870 κύκνου
594 2838 718 2871 νεοττὸν
732 2838 763 2870 ἐν
785 2841 851 2875 τοῖς
870 2838 1000 2879 γόνασιν
1019 2839 1118 2880 ἔχειν,
1137 2839 1172 2871 ὃν
1193 2841 1246 2871 καὶ

195 2886 388 2925 παραχρῆμα
404 2884 662 2925 πτεροφυήσαντα
679 2885 854 2923 ἀναπτῆναι
870 2910 878 2926 ,
898 2885 956 2923 ἡδὺ
981 2885 1167 2924 κλάγξαντα·
1193 2888 1246 2918 καὶ

196 2927 263 2972 μεθ’
277 2930 394 2972 ἡμέραν
407 2931 566 2964 Πλάτωνα
584 2932 670 2974 αὐτῷ
685 2936 850 2972 συστῆναι·
873 2933 926 2964 τὸν
948 2932 999 2972 δέ,
1021 2935 1130 2964 τοῦτον
1150 2934 1247 2965 εἰπεῖν

196 2976 276 3017 εἶναι
287 2977 342 3010 τὸν
359 2977 454 3022 ὄρνιν.
479 2978 661 3011 Pausanias
676 2979 732 3012 lib.
752 2981 780 3019 Ι,
799 2988 870 3021 cap.
901 2981 998 3019 XXX,
1019 2982 1038 3012 3
1058 2980 1248 3022 Ἀκαδημίας

195 3022 231 3058 ἃ
245 3025 285 3058 ού
297 3023 406 3068 πόῤῥω
430 3025 598 3063 Πλάτωνος
615 3027 722 3069 μνῆμά
740 3027 823 3060 ἐστιν
834 3053 843 3068 ,
859 3027 885 3069 ᾧ
905 3027 1132 3070 προεσήμαινεν
1149 3029 1166 3059 ὁ
1183 3030 1248 3066 θεὸς

194 3070 322 3115 ἄριστον
347 3073 389 3107 τὰ
412 3073 442 3111 ἐς
460 3074 641 3116 φιλοσοφίαν
666 3074 804 3108 ἔσεσθαι.
828 3076 1048 3117 Προεσήμαινε
1073 3075 1107 3108 δὲ
1136 3077 1245 3114 οὕτως.

198 3121 373 3164 Σωκράτης,
392 3125 431 3163 τῇ
452 3123 588 3165 προτέρᾳ
611 3124 698 3155 νυκτὶ
719 3124 740 3162 ἢ
769 3123 904 3155 Πλάτων
922 3123 1046 3164 ἔμελλεν
1066 3121 1193 3155 ἔσεσθαί
1218 3124 1247 3154 οἱ

88 3159 122 3188 ⁴¹⁹
182 3169 356 3211 μαθητής,
381 3169 535 3209 ἐσπτῆναί
559 3172 589 3203 οἱ
608 3170 722 3204 κύκνον
747 3173 776 3208 ἐς
797 3172 849 3203 τὸν
876 3171 994 3203 κόλπον
1016 3171 1097 3203 εἶδεν
1116 3171 1246 3213 ὄνειρον·

195 3215 315 3256 ἕστιζδὲ
334 3215 441 3259 κύκνῳ
464 3220 510 3258 τῷ
532 3217 628 3258 ὄρνιθι
661 3221 812 3260 μουσικῆς
845 3218 938 3257 δόξα,
964 3218 1011 3251 ὅτι
1034 3218 1161 3259 Λιγύων
1186 3222 1248 3252 τῶν

202 3261 368 3305 Ἠριδανοῦ
396 3265 490 3305 πέραν
518 3264 626 3308 [ὑπὲρ]
655 3269 711 3307 γῆς
739 3269 792 3305 τῆς
827 3267 974 3304 Κελτικῆς
1001 3266 1122 3298 Κύκνον
1154 3265 1249 3308 ἄνδρα

198 3311 349 3351 μουσικὸν
362 3312 505 3352 γενέσθαι
523 3313 657 3354 βασιλέα
672 3313 766 3356 φασί,
786 3314 1019 3352 τελευτήσαντα
1038 3314 1071 3345 δὲ
1091 3313 1249 3347 Ἀπόλλω-

197 3366 249 3394 νος
260 3357 371 3399 γνώμῃ
390 3359 575 3399 μεταὸαλεῖν
597 3361 741 3401 λέγουσιν
762 3362 859 3394 αὐτὸν
877 3362 905 3397 ἐς
919 3361 971 3393 τὸν
989 3360 1104 3402 ὄρνιθα.
1127 3360 1249 3403 Apule-

193 3402 367 3446 ‘iusdoetln
384 3405 465 3438 Plat.
488 3406 557 3438 init.
577 3409 742 3451 somnipm
762 3408 862 3440 etiam
887 3407 1030 3441 Socratis
1059 3407 1180 3441 scitum
1199 3408 1248 3442 se-

197 3452 285 3484 runt.
302 3453 383 3485 Nam
398 3453 521 3487 vidisse
535 3453 602 3486 sihi·
615 3455 704 3487 visus
722 3458 771 3488 est
790 3455 885 3497 cygni
906 3455 1034 3497 pullum
1059 3464 1100 3488 ex
1119 3455 1236 3496 altari,

1311 1128 1401 1170 quod
1414 1128 1447 1160 in
1463 1127 1640 1161 Academia
1670 1127 1824 1169 Cupidini
1836 1130 2063 1160 consecratum
2083 1130 2145 1168 est,
2163 1128 2312 1169 volasse,
2334 1132 2368 1162 et

1311 1176 1346 1208 in
1365 1177 1434 1218 ejus
1454 1175 1542 1218 (leg.
1562 1174 1648 1217 suo)
1669 1175 1794 1217 gremio
1818 1175 1982 1208 resedisse
2008 1184 2017 1205 τ
2046 1178 2080 1208 et
2105 1178 2222 1218 postea
2243 1176 2368 1208 olorem

1311 1223 1404 1256 illum
1422 1223 1539 1265 pennis
1560 1222 1681 1256 eoelum
1698 1222 1847 1264 petiisse,
1869 1231 1986 1255 canore
2008 1223 2136 1255 musico
2157 1223 2291 1255 auditus
2307 1223 2368 1255 ho-

1311 1271 1438 1303 minum
1457 1270 1662 1312 deorumque
1681 1269 1891 1302 mulcentem.
1915 1271 2026 1307 Quum
2043 1270 2107 1302 hoc
2121 1279 2199 1312 ergo
2217 1272 2368 1302 Socrates

1312 1319 1346 1352 in
1363 1319 1528 1352 conventu
1546 1318 1717 1351 hominum
1733 1317 1882 1358 referret,
1901 1317 2012 1350 Aristo
2029 1317 2199 1350 Platonem
2214 1326 2366 1359 puerum,

1313 1366 1484 1398 oblaturus
1515 1365 1642 1399 Socrati
1665 1365 1824 1406 magistro
1856 1365 2068 1398 commodum
2093 1365 2365 1407 prosequebatur.

1314 1416 1422 1452 Quem
1434 1413 1492 1446 ubi
1510 1413 1635 1455 aspexit
1650 1413 1716 1452 ille,
1736 1412 1969 1454 ingeniumque
1980 1412 2135 1446 intimum
2154 1411 2196 1446 de
2214 1413 2370 1446 exteriori

1314 1459 1523 1502 conspicatus
1549 1460 1603 1492 est
1628 1459 1711 1491 facie
1730 1467 1738 1489 :
1769 1458 1831 1492 HIc
1847 1458 1901 1491 ille
1926 1459 2017 1499 erat,
2047 1459 2160 1499 amici,
2181 1458 2308 1502 inquit,
2327 1460 2370 1493 de

1315 1507 1494 1541 Academia
1509 1507 1672 1549 cupidinis
1683 1515 1819 1549 cygnus.
1835 1506 2089 1549 olympiodorus
2101 1507 2162 1540 vit.
2181 1508 2264 1542 plat.
2281 1510 2370 1542 Φασὶ

1314 1557 1342 1588 δ’
1360 1557 1421 1596 ὅτι,
1440 1555 1534 1595 ἡνίκα
1550 1556 1568 1588 ό
1587 1555 1754 1598 Σωκράτης
1781 1555 1896 1596 ἤμελλε
1920 1555 2086 1596 δέχεσθαι,
2105 1555 2180 1597 ὄναρ
2203 1557 2300 1593 εἶδεν.
2320 1557 2368 1589 ὅτι

1314 1603 1424 1640 κύκνος
1435 1603 1565 1646 ἄπτερος
1576 1603 1607 1635 ἐν
1621 1605 1684 1639 τοῖς
1698 1602 1827 1643 γόνασιν
1838 1602 1935 1634 αὐτοῦ
1947 1604 2100 1644 καθῆστο,
2113 1604 2166 1636 καὶ
2177 1609 2370 1647 παραχρῆμα

1313 1652 1530 1693 πτεροφυήσας
1551 1651 1667 1689 ἀνέπτη
1687 1650 1729 1687 εἰς
1751 1650 1805 1683 τὸν
1823 1650 1921 1691 ἀέρα,
1951 1650 2004 1681 καὶ
2023 1649 2151 1690 ἔκλαγξέ
2173 1663 2202 1683 τι
2222 1652 2369 1694 λιγυρόν,

1314 1711 1357 1736 ως
1377 1699 1494 1735 πάντας
1513 1699 1613 1735 θέλξαι
1627 1698 1698 1734 τοὺς
1717 1697 1899 1735 ἀκούοντας·
1920 1701 2017 1730 τοῦτο
2035 1699 2068 1730 δὲ
2088 1699 2203 1737 ἐδήλου
2224 1700 2280 1739 τήν
2295 1702 2368 1741 μέλ·

1313 1749 1430 1779 λουσαν
1449 1746 1540 1783 δόξαν
1556 1747 1613 1777 τοῦ
1630 1744 1748 1786 ἀνδρός.
1770 1761 1813 1768 -
1825 1744 1893 1785 (10)
1911 1745 2072 1786 Diogenes
2090 1747 2241 1779 Laertius
2256 1750 2318 1788 ΠΙ,
2335 1752 2371 1780 6-

1316 1797 1346 1827 7.
1377 1794 1547 1826 Τούτεῢθεν
1581 1793 1619 1831 δὴ
1647 1793 1803 1832 γεγονώς,
1830 1793 1943 1833 φασίν.
1981 1793 2100 1826 εἴκοσιν
2127 1795 2199 1835 ἔτη,
2221 1796 2370 1833 διήκουσε

1315 1842 1512 1884 Σωκράτους.
1546 1840 1689 1874 Ἔκείνου
1702 1840 1729 1872 δ’
1748 1840 1933 1878 ἀπελθόντος
1946 1843 2096 1883 προσεῖχε
2112 1843 2264 1884 Κρατύλῳ
2279 1854 2312 1875 τε
2325 1847 2370 1884 τῷ

1313 1889 1556 1932 Ἡρακλειτείῳ,
1582 1889 1638 1921 καὶ
1657 1889 1838 1930 Ἑρμογένει
1865 1891 1912 1926 τῷ
1939 1887 1982 1920 τὰ
2012 1888 2210 1930 Παρμενίδου
2245 1891 2372 1930 φιλοσο-

1313 1941 1431 1976 φοῦντι.
1446 1936 1580 1969 Ἔπειτα
1592 1934 1755 1976 γενόμενος
1772 1934 1857 1967 ὀκτὼ
1873 1935 1927 1967 καὶ
1944 1934 2063 1967 εἴκοσιν
2078 1935 2168 1976 ἐτῶν,
2183 1936 2265 1967 καθά
2278 1948 2371 1977 φησιν

1313 1984 1525 2028 Ἑρμόδωρος,
1559 1985 1601 2020 εἰς
1622 1983 1755 2024 Μέγαρα,
1781 1983 1857 2024 πρὸς
1893 1982 2062 2021 Εὐκλείδην
2099 1983 2155 2015 σὺν
2177 1983 2282 2019 ἄλλοις
2307 1985 2371 2016 τισὶ

1314 2034 1523 2074 Σωκρατικοῖς
1542 2030 1761 2071 ὑπεχώρησεν.
1776 2029 1912 2061 Ἔπειτα
1927 2030 1971 2067 εἰς
1995 2030 2141 2071 Κυρήνην
2159 2030 2278 2067 ἀπῆλθε
2294 2031 2370 2071 πρὸς

1314 2081 1475 2123 Θεόδωρον
1493 2079 1548 2112 τὸν
1567 2077 1800 2120 μαθηματικόν·
1821 2077 1967 2109 κάκεῖθεν
1988 2079 2031 2114 εἷς
2051 2077 2190 2110 Ἰταλίαν
2207 2078 2284 2120 πρὸς
2301 2079 2371 2116 τοὺς

1313 2126 1570 2168 Πυθαγορικούς,
1585 2125 1742 2160 Φιλόλαον
1759 2125 1811 2156 καὶ
1832 2124 1982 2166 Εὔρυτον·
2006 2125 2091 2157 ἔνθεν
2107 2136 2140 2156 τε
2157 2125 2200 2161 εἰς
2213 2125 2371 2166 Αἴγυπτον

1313 2175 1400 2217 παρὰ
1413 2176 1486 2210 τοὺς
1508 2175 1677 2215 προφήτας.
1698 2172 1820 2212 Διέγνω
1838 2173 1876 2211 δὴ
1895 2173 1912 2204 ὁ
1932 2173 2070 2205 Πλάτων
2093 2173 2149 2205 καὶ
2174 2176 2239 2210 τοῖς
2260 2173 2370 2214 μάγοις

1313 2223 1486 2263 συμμῖξαι,
1511 2221 1564 2252 διὰ
1578 2221 1611 2253 δὲ
1626 2221 1700 2257 τοὺς
1718 2223 1772 2258 τῆς
1792 2219 1897 2256 Ἀσίας
1919 2220 2076 2261 πολέμους
2102 2220 2237 2257 ἀπέστη.
2258 2220 2371 2260 Olym-

1312 2268 1473 2311 piodorus
1492 2268 1551 2300 vit.
1572 2267 1656 2300 Plat.
1677 2266 1770 2299 Μετὰ
1786 2266 1821 2298 δὲ
1839 2267 1894 2305 τὴν
1907 2267 2054 2306 τελευτὴν
2077 2267 2264 2307 Σωκράτους
2286 2267 2370 2299 διδα-

1313 2316 1423 2358 σκάλῳ
1449 2316 1542 2348 πάλιν
1561 2315 1719 2357 ἐχρήσατο
1749 2313 1904 2355 Κρατύλῳ
1933 2317 1980 2356 τῷ
2009 2313 2253 2356 εΗρακλειτιείκρ,
2273 2315 2317 2351 εἷς
2336 2314 2371 2346 ὃν

1313 2365 1366 2395 καὶ
1385 2362 1527 2402 διάλογον
1553 2362 1719 2402 ὁμώνυμον
1744 2358 1911 2400 ἐποίησεν,
1938 2361 2113 2402 ἐπιγράψας
2145 2361 2320 2402 Κρατύλος,
2351 2363 2371 2399 ἢ

1313 2412 1380 2455 περὶ
1396 2410 1561 2452 ὀρθότητος
1582 2408 1759 2450 ὀνομάτων.
1791 2407 1879 2441 Μετὰ
1906 2411 2017 2441 τοῦτον
2044 2409 2076 2441 δὲ
2095 2408 2188 2440 πάλιν
2211 2409 2372 2442 στέλλεται

1312 2461 1354 2496 εἷς
1371 2459 1504 2492 Ἰταλίαν
1516 2482 1525 2498 ,
1543 2458 1597 2490 καὶ
1611 2458 1835 2490 διδασκαλεῖον
1854 2457 1954 2499 εὑρὼν
1970 2456 2038 2489 ἐκεῖ
2061 2458 2122 2488 τῶν
2141 2457 2366 2497 Πυθαγορείων

1312 2506 1536 2548 συνιστάμενον
1556 2506 1724 2548 Ἀρχύταν,
1742 2504 1833 2536 πάλιν
1852 2504 1929 2546 ἔσχε
1942 2504 2135 2536 διδάσκαλον
2147 2505 2201 2536 τὸν
2220 2505 2371 2545 Πυθαγό-

1311 2564 1391 2595 ρειον
1411 2554 1587 2594 ὁμώνυμον·
1620 2553 1694 2585 ἔνθα
1715 2552 1771 2584 καὶ
1802 2551 1951 2592 Ἀρχύτου
1981 2551 2148 2592 μέμνηται“
2175 2550 2254 2592 (leg.
2289 2553 2370 2585 ἔνθεν

1310 2601 1366 2633 καὶ
1379 2601 1445 2632 κτλ.
1463 2600 1475 2642 )
1499 2600 1694 2632 Aristoteles
1711 2598 1856 2640 Metaph.
1890 2601 1916 2639 Ι,
1945 2602 1964 2631 6
1982 2599 2062 2641 μετὰ
2080 2599 2112 2630 δὲ
2132 2599 2187 2636 τὰς
2206 2600 2370 2640 εἰρημένας
2418 2599 2422 2602 ’

1311 2648 1494 2690 φιλοσοφίας
1530 2650 1550 2687 ἡ
1581 2647 1755 2684 Πλάτωνος
1783 2647 1948 2688 ἐπεγένετο
1981 2646 2203 2689 πραγματεία,
2239 2647 2279 2678 τὰ
2314 2648 2371 2689 μὲν

1310 2696 1412 2728 πολλὰ
1438 2697 1559 2734 τούτοις
1580 2696 1818 2736 ἀκολουθοῦσα,
1841 2695 1881 2727 τὰ
1894 2695 1927 2727 δὲ
1946 2696 1999 2726 καὶ
2035 2694 2102 2726 ἴδια
2123 2695 2211 2736 παρὰ
2223 2695 2279 2733 τὴν
2304 2699 2368 2728 τῶν

1310 2744 1474 2776 Ἰταλικῶν
1501 2744 1624 2786 ἔχουσα
1659 2743 1856 2786 φιλοσοφίαν.
1890 2743 1945 2775 Ἐκ
1967 2743 2040 2775 νέου
2073 2753 2106 2774 τε
2142 2742 2203 2784 γὰρ
2235 2744 2370 2782 συνήθης

1310 2791 1472 2833 γενόμενος
1496 2795 1620 2833 πρῶτον
1647 2791 1800 2833 Κρατύλῳ
1819 2791 1874 2823 καὶ
1890 2794 1957 2827 ταῖς
1976 2790 2220 2831 Ἡρακλειτείοις
2244 2790 2346 2828 δόξαις
2359 2817 2367 2832 ,

1310 2837 1359 2877 ὡς’
1372 2839 1518 2870 ἁπάντων
1534 2841 1598 2870 τῶν
1620 2839 1780 2878 αἰσθητῶν
1800 2838 1849 2871 ἀεὶ
1876 2838 2009 2880 ῥεόντων
2028 2838 2081 2870 καὶ
2108 2838 2281 2877 ἐπιστήμης
2298 2839 2368 2879 περὶ

1310 2887 1414 2918 αὐτῶν
1431 2887 1489 2918 οὐκ
1515 2886 1630 2926 οὔσης,
1654 2890 1754 2918 ταῦτα
1779 2887 1834 2927 μὲν
1854 2887 1909 2919 καὶ
1937 2886 2068 2927 ὕστερον
2093 2886 2192 2922 οὕτως
2212 2887 2366 2918 ὑπέλαὸεν

1309 2935 1377 2965 κτλ.
1397 2934 1554 2975 Apulejiis
1568 2933 1673 2966 doctr.
1692 2933 1775 2966 Plat.
1793 2935 1823 2973 Ι,
1846 2935 1873 2966 1.
1892 2934 1930 2965 Et
1946 2935 2042 2965 antea
2058 2932 2193 2974 quidem
2210 2932 2367 2965 Heracliti

1309 2982 1398 3014 secta
1415 2980 1522 3013 fuerat
1544 2981 1702 3013 imbutus.
1725 2982 1850 3013 Verum
1867 2989 1974 3022 quum
1992 2989 2028 3012 se
2054 2980 2181 3012 Socrati
2201 2979 2363 3020 dedisset,

1308 3037 1373 3061 non
1388 3028 1495 3061 solum
1516 3028 1645 3071 ingenio
1663 3030 1763 3071 atque
1785 3027 1938 3061 doctrina
1954 3029 2092 3060 caeteros
2110 3028 2294 3060 socraticos
2316 3028 2366 3059 vi-

1308 3075 1370 3116 cit,
1390 3084 1505 3109 verum
1521 3077 1621 3109 etiam
1648 3076 1759 3108 labore
1787 3077 1820 3108 et
1839 3075 2000 3117 elegantia
2015 3074 2206 3108 illustravit.
2229 3076 2364 3117 Sapien-

1306 3123 1389 3156 tiam
1406 3123 1448 3156 ab
1474 3132 1514 3156 eo
1534 3123 1599 3156 sibi
1627 3123 1786 3156 traditam
1814 3123 1929 3156 labore
1948 3132 2081 3165 quoque
2100 3132 2248 3156 asserere
2272 3124 2363 3155 nisus

1307 3172 1378 3212 est,
1411 3172 1445 3204 et
1477 3171 1619 3213 eleganti
1651 3180 1775 3213 perque
1804 3173 1943 3203 venusta
1974 3171 2148 3212 majestate
2187 3171 2361 3204 verborum

1307 3218 1486 3260 plurimum
1497 3218 1529 3251 ei
1552 3217 1704 3251 adhibuit
1722 3218 1902 3260 dignitatis.
1923 3218 1987 3251 Sed
2006 3220 2222 3260 posteaquam
2241 3222 2360 3250 Socra-

1307 3269 1358 3299 tes
1375 3266 1524 3299 homines
1555 3265 1705 3308 reliquit,
1738 3265 1893 3308 quaesivit
1907 3290 1915 3306 ‚
1931 3266 2019 3298 unde
2054 3265 2240 3307 proficeret,
2263 3268 2295 3296 ct
2319 3265 2359 3296 ad

1309 3314 1505 3356 Pythagorae
1533 3313 1740 3356 disciplinam
1768 3322 1804 3346 se
1832 3312 1980 3346 contulit.
2007 3316 2115 3351 Quam
2145 3312 2205 3344 etsi
2233 3312 2359 3344 ratione

1306 3360 1453 3402 diligenti
1475 3363 1508 3394 et
1526 3359 1698 3403 magnifica
1714 3361 1912 3393 instructam
1930 3359 2081 3399 videbat,
2114 3368 2225 3391 rerum
2250 3361 2359 3391 tamen

1307 3408 1543 3440 continentiam
1571 3411 1605 3439 et
1634 3407 1823 3440 castitatem
1842 3407 1946 3449 magis
1973 3407 2127 3447 cupiebat
2158 3405 2290 3437 imitari.
2319 3408 2358 3437 Et

1311 3456 1395 3498 quod
1426 3456 1706 3497 Pythagoreorum
1722 3455 1887 3496 ingenium
1907 3455 2058 3496 adJutum
2085 3453 2158 3486 aliis
2177 3452 2359 3496 disciplinis
