2528 3788
324 271 402 310 ‘2⁶28

323 358 359 395 τέ
372 360 445 395 ἐστι
463 355 638 405 καὶσῶμα
656 355 764 407 ἔχων·
778 355 854 394 ἀντὶ
870 356 907 395 δὲ
921 360 979 396 τοῦ
995 363 1118 406 νοητοῦ
1130 359 1188 398 καὶ
1205 360 1353 412 ἀμεροῦς

318 414 358 452 τὸ
388 414 580 465 ἀγένητον,
610 417 656 458 ὡς
675 415 734 453 καὶ
762 419 863 454 τοῦτο
883 417 988 456 πάλιν
1012 420 1030 456 ὁ
1063 418 1232 470 Πλάτων,
1253 419 1288 457 τί
1316 418 1354 457 τὸ

318 472 354 510 ὂν
376 472 449 518 ἀεί,
464 472 594 522 γένεσιν
616 472 651 510 δὲ
668 475 730 511 οὐκ
752 473 856 526 ἔχον;
878 474 959 514 ὅταν
981 469 1039 514 οὗν
1057 476 1142 528 λέγῃ
1160 477 1198 515 τὸ
1214 477 1354 526 γενητὸν

319 531 431 583 ἀρχὴν
454 531 544 584 ἔχειν
559 561 570 583 ,
591 532 631 571 τὸ
648 534 810 580 αἰσθητόν
834 549 918 587 φησι
933 536 992 574 καὶ
1010 537 1192 575 διαστατὸν
1213 537 1275 576 ἅτε
1289 553 1352 576 πε-

320 593 441 644 ρανθὲν
461 592 572 647 ἀρχὴν
588 594 680 648 ἔχειν
695 594 753 633 καὶ
767 595 889 649 πέρας·
906 598 944 636 οὗ
961 597 1029 650 γάρ
1047 599 1120 637 ἐστι
1135 601 1238 649 σῶμα
1255 598 1354 637 ἄπει-

319 666 391 703 ρον.
451 654 523 692 Καὶ
542 654 740 692 συντίθεται
758 653 818 693 καὶ
838 657 856 693 ὃ
881 655 1044 706 Εὔδημος
1064 657 1117 696 ὅτι
1135 657 1200 696 κᾶν
1219 657 1279 696 καὶ
1299 660 1353 697 ἐπ’

318 710 432 749 ἄλλων
450 716 550 751 τινῶν
570 713 695 764 ὀλίγων
709 716 863 765 γενητῶν
883 714 946 753 οὔκ
970 716 1056 755 εἰσιν
1079 717 1187 770 ἀρχαὶ
1207 718 1244 755 αἱ
1261 717 1352 755 κατὰ

315 769 354 807 τὸ
373 776 544 823 πρᾶγμα,
570 771 647 810 ἀλλ’
667 772 719 825 ἐφ’
737 767 776 811 οὗ
803 774 1060 825 σημαινομένου
1078 775 1253 826 λαμὸάνει
1273 777 1350 816 Μέ-

314 828 447 876 λισσος,
472 829 553 870 εἶσί.
610 831 743 884 Γράφει
769 831 804 870 δὲ
833 831 959 877 οὕτως·
986 851 1002 867 «ι
1023 834 1100 873 ἀλλ’
1119 834 1201 879 ἴσως
1227 835 1351 886 ὀλίγων

314 885 376 936 μὲν
398 889 460 926 οὐκ
483 889 569 928 εἰσὶν
586 890 717 943 ἀρχαί,
737 892 791 943 ἔφ’
810 885 857 930 ὧν
877 892 913 930 δὲ
937 892 1112 943 λαμὸάνει
1131 894 1270 944 εὔλογον
1291 887 1349 932 ε’ἷ-

312 960 387 983 ναι·
405 947 458 985 διὸ
473 950 574 986 τοῦτο
591 948 655 998 μὲν
671 949 965 1002 παραχωρητέον,
987 950 1050 998 τὴν
1068 951 1103 990 δὲ
1122 951 1350 1000 ἀκολούθησιν

313 1005 555 1045 ἐπισκεπτέον.
581 1025 596 1040 ν
653 1006 768 1047 ’Ὅταν
789 1009 824 1046 δὲ
846 1013 864 1048 ὁ
883 1010 1057 1054 Μέλισσος
1076 1008 1218 1063 ἐπιφέρῃ
1243 1011 1282 1050 τὸ
1299 1011 1348 1061 μὴ

311 1062 490 1125 γινόμενον
513 1065 624 1117 ἀρχὴν
641 1067 703 1104 οὒκ
723 1066 816 1119 ἔχει,
837 1067 915 1106 τότε
940 1069 1033 1120 λέγει
1052 1069 1106 1109 ὅτι
1123 1070 1162 1108 τὸ
1185 1070 1291 1115 ὄντως
1309 1069 1347 1110 ὂν

311 1122 439 1175 ἀμερές
468 1125 621 1162 ἐστικαὶ
647 1124 726 1163 οὔτε
750 1126 862 1179 ἀρχὴν
882 1127 956 1179 ἔχει
985 1127 1062 1167 οὔτε
1090 1128 1276 1175 τελευτήν,
1296 1130 1349 1168 διὸ

309 1180 370 1219 καὶ
398 1184 554 1234 ἄπειρον.
613 1183 684 1222 Καὶ
714 1184 820 1229 οὕτως
848 1185 1022 1238 οὐδέτερον
1043 1188 1113 1225 τῶν
1139 1186 1347 1237 ἀξιωμάτων

308 1241 442 1292 ψευδῶς
459 1240 640 1287 εἴληπται·
663 1242 728 1281 κᾶν
745 1244 811 1295 γάρ
832 1245 924 1283 ἔστιν
944 1244 1075 1295 ἀθρόως
1098 1245 1265 1294 γενομένη
1286 1247 1347 1283 ἀλ-

307 1299 463 1347 λοίωσις,
486 1301 639 1350 μάλιστα
657 1300 719 1351 μὲν
739 1304 768 1339 εἷ
791 1303 851 1340 καὶ
874 1302 990 1340 πάντα
1010 1303 1053 1340 τὰ
1074 1302 1163 1354 μέρη
1189 1305 1347 1341 ἀλλοιοῦ-

306 1372 384 1408 ται,
405 1359 482 1396 ἀλλ’
509 1361 574 1411 οὐχ
600 1360 674 1410 ἅμα
701 1366 802 1398 πᾶσα
827 1365 848 1409 ἡ
880 1361 1064 1404 ἀλλοίωσις
1083 1361 1236 1411 γίνεται,
1268 1361 1347 1400 ἀλλ’

307 1415 380 1467 ἔχει
399 1416 458 1455 καὶ
489 1417 577 1465 αὐτὴ
599 1418 710 1470 ἀρχὴν
731 1419 790 1456 καὶ
816 1420 996 1465 τελευτήν.
1051 1418 1204 1457 Ἔπειτα
1224 1420 1283 1458 καὶ
1311 1424 1345 1459 ἐν

304 1476 348 1524 τῇ
369 1475 551 1528 ἀλλοιώσει
579 1475 618 1514 τὸ
646 1477 892 1527 ἀλλοιούμενον
918 1478 994 1529 οὐχὶ
1017 1481 1039 1524 ἡ
1059 1479 1223 1524 λευκότης
1253 1478 1346 1517 ἐστὶν

305 1533 396 1570 ἀλλὰ
414 1533 452 1570 τὸ
469 1535 573 1580 σῶμα
590 1535 681 1573 κατὰ
696 1535 759 1582 τὴν
777 1536 982 1584 λευκότητα,
999 1536 1039 1574 τὸ
1054 1536 1089 1575 δὲ
1107 1539 1210 1587 σῶμα
1231 1537 1344 1589 ἀρχὴν

305 1590 378 1643 ἔχει
408 1591 467 1629 καὶ
496 1592 606 1645 πέρας
629 1593 669 1631 τὸ
697 1594 941 1645 ἀλλοιούμενον
962 1596 1021 1634 καὶ
1041 1595 1217 1646 γινόμενον
1238 1596 1344 1640 οὕτως

302 1651 349 1692 ὣς
375 1649 635 1701 ἀλλοιούμενον.
696 1652 766 1690 Καὶ
796 1652 835 1690 τὸ
861 1653 1026 1703 ἀγένητον
1056 1653 1092 1691 δὲ
1123 1654 1214 1692 κατὰ
1245 1658 1344 1693 τοῦτο

302 1708 340 1746 τὸ
360 1708 613 1760 σημαινόμενον
632 1710 768 1757 ἀληθῶς
788 1710 922 1761 εἴρηται
940 1711 1051 1764 ἀρχὴν
1069 1711 1118 1762 μὴ
1141 1712 1231 1764 ἔχειν
1250 1713 1345 1752 ἀδιά-

302 1782 424 1805 στατον
455 1767 513 1805 καὶ
543 1767 668 1820 ἀμερὲς
699 1769 871 1820 ὑπάρχον.
931 1769 976 1808 ‘O
1010 1770 1076 1822 γὰρ
1114 1771 1254 1823 οὐρανὸς
1284 1773 1342 1810 καὶ

300 1826 355 1864 ὅδε
385 1829 402 1863 ὁ
431 1827 562 1876 κόσμος
589 1829 727 1865 πολλῶν
757 1828 816 1866 καὶ
845 1828 1027 1881 μακαρίων
1056 1829 1226 1882 τετύχηκε
1246 1830 1343 1882 παρὰ

300 1887 361 1921 τοῦ
383 1883 630 1936 γεννήσαντος,
654 1885 744 1937 ἀτὰρ
770 1887 999 1934 κεκοινώνηκέ
1030 1902 1069 1938 γε
1093 1887 1270 1938 σώματος,
1291 1888 1342 1926 διὸ

302 1943 390 1995 μέρη
412 1943 567 1995 ἔχεικαὶ
595 1943 707 1996 ἀρχὴν
739 1944 799 1982 καὶ
830 1945 937 1990 τέλος.
994 1944 1080 1984 τὈτι
1112 1947 1145 1983 δὲ
1176 1947 1340 1997 ἀγένητον

298 2001 337 2039 τὸ
370 2002 407 2041 ὄν
441 2004 514 2040 ἐστι
545 2001 605 2040 καὶ
632 2002 870 2055 Ἀριστοτέλης
902 2011 1077 2058 συγχωρεῖ
1104 2005 1165 2044 καὶ
1191 2006 1275 2044 αὐτὸ
1302 2007 1341 2044 τὸ

299 2060 413 2111 δόγμα
437 2060 666 2111 ε’νασμενίζων
696 2062 756 2100 καὶ
775 2062 839 2110 τὴν
868 2063 1046 2103 Μελίσσου
1077 2065 1233 2117 περὶτοῦ
1261 2064 1339 2117 δόγ-

298 2133 406 2169 ματος
442 2118 628 2162 ἀπόδειξιν.
687 2120 759 2158 Καὶ
783 2122 802 2157 ὃ
835 2119 996 2171 Εὔδημος
1022 2120 1058 2159 δὲ
1090 2122 1128 2159 τὸ
1157 2123 1274 2166 ἁπλῶς
1302 2122 1338 2161 ὂν

297 2175 461 2226 ἀγένητον
483 2170 570 2214 εἶναι
600 2183 773 2229 συγχωρεῖ
799 2178 929 2228 λέγων·
952 2197 967 2214 α
999 2178 1037 2216 τὸ
1062 2179 1124 2230 μὲν
1146 2181 1214 2232 γὰρ
1246 2180 1338 2219 ἅπαν

297 2233 335 2271 τὸ
365 2233 402 2272 ὂν
433 2234 563 2287 ἀθρόως
586 2235 633 2285 μὴ
669 2235 822 2286 γίνεσθαι
852 2239 968 2280 καλῶς
996 2236 1088 2289 ἔχειν
1125 2241 1216 2288 (leg.
1249 2239 1338 2292 ἔχει)

296 2299 489 2344 συγχωρεῖν
502 2324 512 2343 ,
536 2294 654 2342 ἐπειδὴ
675 2295 738 2346 οὐχ
758 2288 827 2333 οἶόν
845 2311 884 2333 τε
907 2298 945 2334 ἐκ
975 2296 1023 2346 μὴ
1053 2296 1146 2340 ὄντος
1165 2297 1249 2335 αὐτὸ
1275 2313 1338 2349 γε-

296 2351 424 2399 νέσθαι,
443 2351 531 2390 ἀλλὰ
547 2352 637 2391 κατὰ
657 2353 757 2405 μέρος
774 2355 926 2405 γίνεσθαι
941 2354 1054 2393 πολλὰ
1070 2355 1130 2393 καὶ
1144 2355 1337 2408 φθείρεσθαι

297 2410 434 2462 εὔλογον
454 2412 563 2457 δήπου
584 2410 668 2458 ἐστί,
689 2412 748 2450 καὶ
770 2415 902 2465 ὁρῶμεν
921 2416 1037 2454 τοῦτο.
1063 2431 1078 2448 »
1138 2414 1208 2452 Καὶ
1230 2414 1336 2459 οὕτως

296 2471 331 2505 ιιῖ
361 2470 422 2519 μὲν
456 2470 640 2522 προτάσεις
669 2471 864 2523 ἐλήφθησαν
894 2472 1041 2517 ἀληθῶς.
1099 2471 1170 2510 Καὶ
1197 2476 1218 2519 ἡ
1241 2474 1338 2511 ἀντι-

295 2529 428 2582 στροφὴ
450 2528 485 2566 δὲ
511 2528 567 2566 ἐπὶ
587 2532 655 2566 τῶν
681 2529 906 2574 ἑξισαζόντων
928 2531 966 2568 οὔ
994 2530 1167 2569 κωλύεται
1189 2531 1258 2569 ἀπὸ
1276 2536 1335 2571 τοῦ

295 2586 485 2638 ἡγουμένου
518 2587 690 2638 γίνεσθαι,
721 2590 767 2631 ὡς
799 2587 880 2627 δ’ταν
914 2588 1065 2640 εἴπωμεν
1098 2591 1128 2627 εἷ
1159 2589 1336 2641 ἅνθρωπός

295 2645 389 2693 ἐστι,
410 2645 467 2683 καὶ
489 2647 574 2697 ζῷον
593 2645 731 2697 λογικὸν
748 2648 868 2694 θνητόν
887 2649 980 2698 ἐστι,
1001 2647 1061 2686 καὶ
1078 2649 1108 2686 εἷ
1129 2648 1178 2698 μὴ
1200 2648 1335 2701 ἄνθρω-

294 2718 375 2751 πος,
394 2703 470 2741 οὐδὲ
492 2705 577 2756 ζῷον
600 2705 738 2754 λογικὸν
758 2705 892 2752 θνητόν.
950 2708 995 2746 E}
1008 2708 1120 2745 τοίνυν
1139 2706 1178 2745 τὸ
1192 2707 1333 2758 γενητὸν

294 2760 441 2807 ἔξισάζει
457 2763 542 2815 πρὸς
561 2763 599 2800 τὸ
620 2765 731 2814 ἀρχὴν
753 2763 831 2817 ἔχον
850 2764 910 2803 καὶ
931 2765 1045 2812 τέλος,
1065 2765 1160 2804 οὐδὲν
1182 2765 1334 2818 διαφέρει

293 2821 353 2859 καὶ
375 2821 444 2858 ἀπὸ
465 2825 525 2859 τοῦ
552 2822 743 2873 ἡγουμένου
770 2823 1008 2878 ἀντιστρέψαι.
1067 2824 1239 2869 Ἐξισάζει
1267 2824 1333 2876 γὰρ

292 2879 332 2918 τὸ
352 2879 517 2931 ἀγένητον
534 2883 582 2931 τῷ
604 2881 716 2932 ἀρχὴν
739 2880 787 2931 μὴ
810 2881 940 2933 ἔχοντι,
962 2882 1076 2921 οὐκέτι
1095 2887 1154 2921 τοῦ
1170 2883 1260 2921 κατὰ
1277 2882 1333 2920 τὸν

294 2938 437 2991 οὐρανὸν
467 2938 527 2977 καὶ
557 2937 644 2981 ὅλως
675 2938 719 2975 τὰ
750 2936 844 2977 ἀίδια
875 2939 1022 2991 σώματα
1053 2942 1334 2993 παραδείγματος

294 3001 514 3050 ἐνοχλοῦντος
527 3001 631 3046 ἡμᾶς.
688 2996 855 3048 Ἀγένητα
865 2998 933 3051 γὰρ
945 3003 1055 3037 ταῦτα
1070 3002 1134 3051 οὐχ
1148 3003 1192 3043 ὡς
1206 3002 1332 3052 ἀμερῆ,

294 3057 371 3095 ἀλλ’
398 3059 443 3100 ὡς
463 3056 512 3107 μὴ
533 3055 592 3093 ἀπ’
619 3056 730 3107 ἀρχῆς
759 3055 885 3107 χρόνου
916 3058 1157 3108 γεγενημένα..
1200 3057 1332 3108 Ἐγκα-

293 3117 405 3154 λεῒται
434 3114 469 3152 δὲ
495 3117 514 3153 ὁ
543 3113 719 3156 Μέλισσος
749 3114 809 3151 καὶ
842 3117 888 3158 ὡς
917 3117 978 3161 τ’ῆς
1008 3117 1117 3168 ἀρχῆς
1146 3117 1332 3168 πολλαχῶς

294 3173 480 3227 λεγομένης
506 3172 581 3210 ἀντὶ
608 3174 669 3218 τῆς
697 3172 786 3210 κατὰ
805 3172 927 3225 χρόνον
949 3175 1059 3226 ἀρχῆς
1078 3174 1154 3221 ἥτις
1180 3174 1331 3226 ὑπάρχει

295 3236 344 3287 τῷ
363 3234 497 3286 γενητῷ
517 3231 579 3278 τὴν
598 3232 689 3269 κατὰ
708 3231 748 3270 τὸ
763 3236 909 3283 πρᾶγμα
930 3232 1047 3270 λαὸών
1061 3263 1072 3283 ,
1090 3233 1166 3280 ἥτις
1185 3233 1245 3271 καὶ
1260 3239 1332 3277 τοῖς

296 3291 427 3346 ἀθρόως
438 3290 715 3342 μεταὸάλλουσιν
734 3290 799 3342 οὐχ
811 3289 975 3342 ὑπάρχει.
1034 3291 1157 3330 Ἔοικε
1176 3291 1212 3329 δὲ
1230 3291 1331 3335 αὐτὸς

295 3350 357 3390 καὶ
373 3349 444 3404 πρὸ
467 3353 526 3388 τοῦ
545 3347 799 3401 Ἀριστοτέλους
826 3353 1006 3387 τεθεᾶσθαι
1027 3351 1158 3397 καλῶς,
1182 3350 1235 3387 ὅτι
1259 3356 1329 3389 πᾶν

298 3413 402 3461 σῶμα
416 3409 476 3449 καὶ
488 3408 528 3447 τὸ
543 3407 652 3448 ἀίδιον
666 3408 927 3461 πεπερασμένον
939 3409 1095 3461 ὑπάρχον
1108 3409 1329 3461 πεπερασμέ-

297 3483 360 3516 νην
377 3468 451 3522 ἔχει
466 3468 611 3521 δύναμιν
626 3466 686 3507 καὶ
695 3467 772 3506 ὅσον
787 3469 840 3520 ἐφ’
855 3469 968 3519 ἑαυτῷ
986 3467 1038 3505 ἀεὶ
1054 3470 1088 3506 ἐν
1101 3466 1192 3505 τέλει
1206 3466 1330 3518 χρόνου

995 271 1189 310 ΕΗΒΕΜῙ
1217 271 1392 311 RHODII
1425 273 1776 315 PERIPA'I'ETICI

1412 361 1496 409 ε’στί,
1516 361 1572 400 διὰ
1585 362 1620 400 δὲ
1633 362 1692 411 τὴν
1715 362 1907 410 ἀεικίνητον
1925 367 1986 402 τοῦ
2000 363 2213 416 παράγοντος
2234 365 2441 414 ἐπιστασίαν

1412 420 1470 456 καὶ
1485 421 1519 457 ἐν
1535 422 1626 473 ἀρχῇ
1642 420 1697 459 ἀεί
1713 422 1784 460 ε’στι
1803 421 1862 460 καὶ
1882 420 1990 460 ἀΐδιον
2007 423 2170 475 ὑπάρχει,
2185 423 2274 462 ὥστε
2290 423 2330 462 τὸ
2348 429 2442 463 κατα

1413 477 1551 528 μέγεθος
1570 479 1681 532 ἀρχὴν
1707 478 1766 518 καὶ
1794 479 1890 523 τέλος
1921 479 2001 532 ἔχον
2022 479 2081 518 καὶ
2111 480 2202 520 κατὰ
2227 481 2350 534 χρόνον
2368 481 2443 534 ἔχει

1411 539 1522 573 ταῦτα
1538 537 1597 576 καὶ
1613 538 1799 578 ἀνάπαλιν.
1857 537 1910 577 Tb
1925 537 1992 591 γὰρ
2014 539 2124 591 ἀρχὴν
2143 538 2221 592 ἔχον
2240 540 2364 592 χρόνου
2383 540 2442 579 καὶ

1410 593 1505 639 τέλος
1517 598 1583 649 οὐχ
1597 596 1671 647 ἅμα
1684 604 1753 636 πᾶν
1767 601 1850 638 ἐστι.
1882 598 1944 637 Διὸ
1958 603 2108 636 ποιεῖται
2120 598 2181 644 τὴν
2197 596 2259 648 μὲν
2270 597 2441 644 ἀπόδειξιν

1411 653 1479 691 ἀπὸ
1492 657 1552 701 τῆς
1565 655 1656 693 κατὰ
1669 655 1790 708 χρόνον
1810 658 1919 708 ἀρχῆς
1940 658 2000 694 καὶ
2019 657 2192 703 τελευτῆς.
2222 656 2392 708 Ἄναρχον
2405 655 2442 694 δὲ

1410 710 1500 750 οὕτω
1517 714 1576 752 καὶ
1596 714 1822 761 ἀτελεύτητον
1843 715 1880 753 οὔ
1910 730 2014 768 φησιν
2034 708 2121 753 εἶναι
2146 714 2164 753 ὃ
2188 713 2237 764 μὴ
2254 720 2324 753 πᾶν
2345 715 2439 764 ἔστι,

1409 770 1503 809 τοῦτ’
1522 771 1614 810 ἔστιν
1638 771 1657 811 ὃ
1677 772 1725 824 μὴ
1747 772 1822 823 ἅμα
1842 772 1920 812 ὅλον
1942 773 2033 812 ἐστίν
2046 803 2056 821 ,
2078 772 2162 825 ὅπερ
2183 775 2254 816 τοῖς
2279 767 2443 827 ἀμερέσιν

1410 828 1559 881 ὑπάρχει
1575 831 1633 868 καὶ
1647 834 1696 883 τῷ
1716 830 1789 870 ὅντι
1803 831 1971 883 ἀπείροις,
1989 834 2038 884 τῷ
2053 830 2089 869 δέ
2107 847 2146 883 γε
2162 833 2279 875 ἁπλῶς
2295 831 2368 871 ὄντι
2383 831 2443 870 καὶ

1408 888 1625 939 κυριώτατα’
1652 891 1702 941 τῷ
1722 888 1789 940 γὰρ
1816 889 1889 927 ὄντι
1907 896 1975 928 πᾶν
2003 890 2112 930 ἐκεῖνό
2137 893 2222 929 ἐστι.
2279 889 2384 942 Λέγει
2402 889 2443 930 ,δὲ

1408 948 1518 983 ταῦτα
1533 946 1639 991 οὕτως
1659 949 1676 984 ὃ
1694 947 1881 991 Μέλισσος.
1940 966 1956 982 «ι
1971 946 2023 988 e'O
2042 964 2079 986 τε
2094 948 2205 988 τοίνυν
2226 949 2288 987 οὔκ
2309 948 2443 1000 ἐγένετο

1407 1001 1482 1042 ἔστι
1500 1003 1554 1052 δέ,
1587 1006 1640 1044 ἀεὶ
1658 1000 1700 1053 ἦν
1729 1005 1790 1044 καὶ
1818 1005 1871 1043 ἀεὶ
1889 1005 2009 1055 ἔσται,
2037 1005 2097 1058 καὶ
2125 1007 2236 1060 ἀρχὴν
2258 1008 2321 1046 οὐκ
2345 1006 2439 1060 ἔχει,

1408 1062 1484 1101 οὐδὲ
1505 1064 1666 1111 τελευτήν
1682 1093 1692 1111 ,
1715 1065 1790 1102 ἀλλ’
1811 1064 1951 1116 ἄπειρόν
1981 1066 2073 1103 ἐστιν
2089 1080 2098 1090 ·
2125 1067 2155 1103 εἷ
2182 1065 2244 1116 μὲν
2272 1065 2339 1118 γὰρ
2367 1065 2445 1118 ἐγέ-

1407 1135 1508 1172 νετο,
1529 1121 1642 1174 ἀρχὴν
1664 1121 1704 1160 ἂν
1731 1116 1840 1174 εἶχεν·
1865 1122 1993 1173 ἤρξατο
2019 1123 2086 1175 γὰρ
2114 1124 2154 1162 ἄν
2181 1138 2265 1163 ποτε
2295 1123 2439 1175 γινόμε-

1409 1193 1485 1227 νον,
1505 1180 1565 1217 καὶ
1584 1181 1762 1226 τελευτήν·
1783 1178 1986 1227 ἐτελεύτησε
2001 1186 2067 1232 γὰρ
2089 1180 2130 1218 ἄν
2147 1196 2230 1219 ποτε
2243 1181 2436 1232 γινόμενον.

1408 1239 1451 1276 Εἰ
1471 1237 1507 1275 δὲ
1529 1237 1617 1287 μήτε
1635 1237 1762 1291 ἤρξατο
1792 1237 1878 1293 μήτε
1910 1238 2150 1285 ἐτελεύτησεν,
2169 1239 2223 1278 ἀεί
2240 1253 2279 1278 τι
2304 1233 2350 1287 ἦν
2378 1240 2438 1279 καὶ

1407 1295 1461 1333 ἀεὶ
1487 1294 1586 1334 ἔσται
1606 1298 1668 1335 οὐκ
1689 1297 1768 1348 ἔχον
1791 1296 1903 1348 ἀρχὴν
1922 1296 2000 1335 οὐδὲ
2033 1297 2212 1344 τελευτήν·
2235 1299 2274 1336 οὗ
2291 1296 2359 1349 γὰρ
2387 1297 2440 1336 ἀεὶ

1407 1347 1494 1391 εἶναι
1517 1354 1662 1392 ἀνυστὸν
1682 1353 1721 1401 ὅ,
1742 1369 1776 1392 τι
1804 1353 1852 1404 μὴ
1873 1360 1941 1391 πᾶν
1967 1356 2055 1393 ἐστι.
2078 1373 2093 1389 ι»
2149 1356 2222 1395 Καὶ
2247 1355 2382 1407 ὅτιμὲν
2401 1355 2440 1395 τὸ

1405 1412 1488 1450 ποτὲ
1505 1412 1662 1464 χρονικόν
1676 1413 1750 1450 ἐστι
1769 1412 1892 1461 δῆλον,
1914 1412 1966 1450 ὅτι
1989 1411 2024 1451 δὲ
2045 1413 2219 1464 γινόμενον
2238 1410 2370 1452 τὸκατ’
2383 1413 2440 1452 οὗ·

1405 1470 1482 1508 σίαν
1500 1471 1642 1521 γενητὸν
1664 1465 1775 1519 εἶπεν,
1789 1469 1808 1508 ὃ
1826 1470 1889 1514 ἕως
1905 1470 1945 1508 ἂν
1960 1466 2001 1523 ᾖ,
2018 1471 2194 1523 γινόμενόν
2214 1473 2288 1512 ἐστι
2302 1472 2363 1511 καὶ
2377 1474 2438 1511 οὔκ

1404 1528 1461 1578 ὄν,
1477 1531 1578 1576 δῆλον
1599 1532 1638 1568 ἐκ
1657 1534 1715 1569 τοῦ
1736 1530 1956 1577 ἐτελεύτησεν
1982 1530 2023 1569 ἄν
2051 1546 2135 1570 ποτε
2152 1531 2354 1584 γινόμενον,
2377 1531 2453 1570 καὶ*

1404 1589 1444 1626 ἐκ
1464 1592 1524 1626 τοῦ
1537 1603 1545 1612 ·
1562 1589 1600 1627 οὗ
1620 1587 1687 1641 γὰρ
1707 1587 1760 1626 ἀεὶ
1788 1582 1876 1627 εἶναι
1898 1588 2042 1627 ἀνυστὸν
2062 1589 2083 1626 ὅ
2094 1619 2105 1640 ,
2122 1605 2157 1629 τι
2176 1589 2225 1640 μὴ
2247 1595 2318 1628 πᾶν
2342 1591 2436 1641 ἐστι,

1403 1649 1450 1690 ὡς
1469 1651 1527 1685 τοῦ
1544 1647 1596 1684 ἀεὶ
1613 1646 1709 1691 ὄντος
1728 1646 1747 1684 ὃ
1766 1646 1825 1685 καὶ
1840 1653 1909 1685 πᾶν
1927 1649 2038 1696 ἐστιν,
2057 1648 2294 1698 ἀντικειμένου
2309 1650 2359 1701 τῷ
2377 1663 2438 1700 γε-

1401 1707 1509 1757 νητῷ.
1565 1703 1651 1744 εὈτι
1667 1705 1702 1744 δὲ
1723 1704 1841 1756 ὥσπερ
1854 1705 1892 1743 τὸ
1912 1704 1995 1744 ποτὲ
2016 1705 2197 1759 γενόμενον
2213 1707 2436 1760 πεπερασμέ-

1401 1779 1458 1802 νον
1477 1768 1518 1813 τῇ
1539 1764 1639 1817 οὐσίᾳ
1658 1763 1778 1817 φησίν,
1798 1763 1890 1802 οὕτω
1904 1763 1963 1803 καὶ
1981 1765 2019 1802 τὸ
2037 1764 2091 1803 ἀεὶ
2118 1763 2155 1803 ὃν
2177 1764 2318 1818 ἄπειρον
2339 1763 2435 1816 λέγει

1400 1825 1443 1873 τῇ
1463 1821 1562 1874 οὐσίᾳ
1574 1853 1584 1870 ,
1607 1821 1711 1875 σαφὲς
1729 1821 1918 1868 πεποίηκεν
1938 1823 2044 1862 εἰπών
2055 1838 2064 1848 ·
2080 1841 2096 1859 α
2113 1824 2190 1862 ἀλλ’
2208 1823 2325 1874 ὥσπερ
2342 1823 2435 1862 ἐστὶν

1402 1880 1477 1928 ἀεί,
1511 1881 1600 1919 οὕτω
1625 1882 1684 1919 καὶ
1713 1882 1751 1919 τὸ
1781 1881 1924 1931 μέγεθος
1951 1882 2092 1934 ἄπειρον
2122 1883 2177 1920 ἀεὶ
2201 1881 2270 1934 χρὴ
2289 1875 2396 1921 εἶναι.
2416 1899 2433 1916 w

1402 1939 1555 1991 Μέγεθος
1581 1939 1616 1989 δὲ
1637 1943 1674 1978 οὐ
1701 1941 1740 1978 τὸ
1759 1939 1942 1979 διαστατόν
1962 1956 2084 1993 φησιν·
2103 1941 2203 1984 αὐτὸς
2229 1942 2297 1994 γὰρ
2322 1941 2433 1980 ἀδιαί-

1402 2013 1496 2050 ρετον
1519 1998 1558 2036 τὸ
1581 1996 1618 2036 ὂν
1648 1998 1831 2036 δείκνυσιν.
1889 2000 1933 2037 Ei
1961 1998 2028 2050 γὰρ
2053 1997 2236 2051 διῄρηται,
2258 1998 2366 2052 φησί,
2394 1999 2433 2037 τὸ

1400 2056 1475 2104 ἐόν,
1501 2062 1666 2094 κινεῖται·
1687 2055 1886 2106 κινούμενον
1918 2055 1952 2093 δὲ
1980 2058 2042 2095 οὐκ
2064 2055 2106 2095 ἂν
2134 2055 2188 2104 εἴη
2216 2055 2307 2107 ἅμα.
2363 2056 2434 2095 Μέ-

1398 2118 1494 2165 γεθος
1508 2108 1566 2154 οὖν
1582 2115 1622 2153 τὸ
1635 2114 1767 2166 δίαρμα
1778 2113 1862 2152 αὐτὸ
1875 2115 1967 2166 λέγει
1983 2117 2044 2162 τῆς
2057 2114 2291 2158 ὑποστάσεως.
2346 2114 2432 2154 Ὅτι

1397 2172 1466 2225 γὰρ
1483 2173 1668 2222 ἀσώματον
1689 2167 1777 2212 εἷναι
1801 2173 1961 2224 βούλεται
1978 2172 2018 2211 τὸ
2035 2173 2093 2220 ὄν,
2117 2173 2290 2220 ἐδήλωσεν
2305 2173 2431 2225 εἰπών,

1398 2235 1428 2271 εἰ
1458 2233 1520 2282 μὲν
1542 2231 1578 2270 ὂν
1610 2232 1684 2279 εἴη,
1706 2233 1758 2269 δεῖ
1783 2232 1867 2270 αὐτὸ
1891 2231 1927 2270 ἓν
1948 2224 2056 2270 εἶναι·
2078 2231 2114 2276 ἓν,
2138 2231 2173 2270 δὲ
2203 2231 2240 2272 ὃν
2265 2232 2319 2270 δεῖ
2347 2233 2431 2272 αὐτὸ

1398 2295 1501 2342 σῶμα
1521 2291 1570 2340 μὴ
1593 2291 1696 2342 ἔχειν.
1753 2291 1823 2329 Καὶ
1841 2289 1959 2342 ἐφεξῆς
1977 2290 2012 2328 δὲ
2034 2293 2083 2343 τῷ
2108 2290 2208 2342 ἀϊδίῳ
2226 2290 2264 2329 τὸ
2293 2291 2431 2343 ἄπειρον

1396 2350 1489 2389 κατὰ
1507 2350 1571 2397 τὴν
1590 2350 1708 2388 οὐσίαν
1728 2348 1907 2393 συνέταξεν
1929 2348 2033 2387 εἰπών
2047 2379 2056 2396 ,
2076 2349 2187 2401 ἀρχὴν
2205 2349 2240 2387 δὲ
2261 2349 2319 2388 καὶ
2334 2349 2430 2394 τέλος

1397 2410 1475 2460 ἔχον
1496 2410 1589 2448 οὐδὲν
1609 2407 1688 2446 οὔτε
1709 2406 1816 2446 ἀίδιον
1837 2406 1914 2445 οὔτε
1934 2406 2075 2459 ἄπειρόν
2092 2408 2198 2454 ἐστιν,
2217 2406 2306 2446 ὥστε
2323 2408 2362 2446 τὸ
2378 2407 2427 2458 μὴ

1396 2467 1475 2519 ἔχον
1495 2466 1635 2517 ἄπειρόν
1654 2468 1746 2504 ἐστιν
1759 2481 1768 2490 ·
1790 2465 1858 2502 ἀπὸ
1876 2468 1935 2503 τοῦ
1957 2467 2099 2517 ἀπείρου
2122 2465 2158 2504 δὲ
2176 2465 2215 2503 τὸ
2231 2465 2268 2503 ἓν
2288 2468 2426 2504 συνελο·

1395 2526 1517 2577 γίσατο
1552 2528 1590 2564 ἐκ
1623 2528 1682 2562 τοῦ
1715 2526 1744 2562 εἰ
1779 2524 1827 2573 μὴ
1863 2523 1897 2560 ἓν
1925 2524 1978 2571 εἴη
1993 2553 2004 2575 ,
2042 2526 2185 2576 περανεῒ
2210 2524 2295 2576 πρὸς
2324 2523 2424 2565 ἄλλο.

1395 2587 1510 2625 Τοῦτο
1530 2583 1565 2622 δὲ
1593 2585 1746 2621 αἰτιᾶται
1767 2582 1930 2631 Εὔδημος
1947 2584 1994 2627 ὡς
2018 2582 2219 2635 ἀδιορίστως
2242 2581 2426 2633 λεγόμενον

1393 2644 1534 2696 γράφων
1565 2642 1691 2686 οὕτως·
1711 2660 1727 2675 κ
1754 2643 1784 2679 εἰ
1814 2641 1850 2678 δὲ
1879 2640 1920 2687 δὴ
1942 2641 2180 2693 συγχωρήσειέ
2208 2657 2258 2685 τις
2283 2643 2425 2694 ἄπειρον

1394 2697 1480 2740 εἶναι
1498 2702 1537 2741 τὸ
1551 2700 1587 2739 ὅν
1600 2730 1612 2752 ,
1629 2700 1685 2739 διὰ
1701 2699 1735 2738 τί
1749 2699 1808 2738 καὶ
1827 2699 1862 2737 ἒν
1881 2698 2001 2746 ἔσται;
2019 2700 2058 2736 οὐ
2076 2698 2142 2750 γὰρ
2162 2698 2248 2737 διότι
2265 2698 2423 2747 πλείονἀ,

1393 2760 1536 2812 περανεῖ
1552 2775 1601 2806 πη
1622 2758 1707 2810 πρὸς
1733 2758 1882 2804 ἄλληλα.
1940 2756 2044 2794 Δοκεῖ
2068 2754 2136 2807 γὰρ
2154 2754 2214 2794 καὶ
2232 2757 2251 2792 ὃ
2269 2756 2424 2807 παρελη-

1392 2817 1501 2862 λυθὼς
1519 2816 1640 2870 χρόνος
1653 2815 1826 2866 περαίνειν
1847 2813 1930 2867 πρὸς
1950 2814 2006 2852 τὸν
2026 2813 2195 2865 παρόντα.
2220 2813 2343 2860 Πάντη
2361 2812 2424 2863 μὲν

1393 2871 1451 2916 οὖν
1473 2877 1600 2928 ἄπειρα
1614 2875 1659 2914 τὰ
1684 2874 1794 2913 πλείω
1813 2873 1907 2925 τάχα
1929 2873 1992 2911 οὐκ
2012 2871 2053 2910 ἂν
2075 2872 2148 2922 εἴη,
2167 2871 2224 2910 ἐπὶ
2239 2871 2366 2923 θάτερα
2385 2871 2423 2909 δὲ

1392 2939 1550 2990 φανεῖται
1569 2935 1782 2987 ἐνδέχεσθαι.
1838 2931 1918 2984 Χρὴ
1943 2932 2039 2984 (leg.
2057 2932 2171 2984 χρῆν)
2189 2924 2247 2969 οῧν
2276 2930 2423 2982 διορίσαι

1390 2997 1465 3039 πῶς
1482 2994 1606 3045 ἄπειρα
1631 2995 1692 3031 οὐκ
1710 2993 1751 3030 ἂν
1774 2991 1826 3038 εἴη
1847 2992 1876 3028 εἰ
1895 2989 2017 3028 πλείω.
2072 2989 2225 3041 Quippe
2254 3003 2327 3040 pro
2342 2988 2411 3042 χρὴ

1391 3057 1431 3091 in
1457 3053 1584 3091 verbis
1605 3053 1783 3089 extremis
1802 3062 1886 3086 cum
1913 3047 2116 3099 Spengelio
2146 3048 2346 3097 legendum
2366 3056 2423 3086 est

1390 3117 1479 3166 χρῆν
1495 3142 1506 3160 ,
1530 3112 1719 3163 siquidem
1745 3109 1923 3147 Melissus
1952 3107 2115 3145 debebat
2142 3107 2322 3154 definire,
2353 3121 2422 3146 cut·

1390 3159 1503 3224 phu-a
1523 3171 1673 3209 infinita
1692 3181 1774 3207 esse
1793 3180 1871 3205 non
1891 3173 2058 3217 possent.
2077 3164 2116 3202 Is
2134 3173 2258 3202 autem
2276 3164 2316 3202 in
2335 3166 2432 3202 loco'

1390 3232 1597 3282 praeclaro,
1621 3240 1733 3278 quem
1762 3240 1784 3264 e
1810 3223 1997 3276 Simplicii
2024 3223 2173 3262 Comm.
2201 3223 2241 3260 in
2261 3222 2419 3260 Aristo-

1389 3289 1473 3327 telis
1503 3288 1620 3337 Phys.
1656 3286 1681 3324 f.
1709 3298 1757 3321 22
1778 3283 1821 3323 b,
1851 3282 1959 3320 attuli
1987 3281 2085 3320 Phil.
2112 3280 2237 3319 Graec.
2270 3278 2415 3329 Fragm.

1388 3349 1464 3386 vol.
1487 3347 1503 3384 Ι
1523 3359 1611 3397 pag.
1630 3346 1700 3382 261
1721 3355 1801 3392 seq.
1822 3342 1891 3379 hac
1915 3341 1983 3379 via
2002 3349 2036 3378 et
2054 3341 2200 3379 ratione
2219 3338 2419 3390 progredi-

1389 3415 1452 3444 tur
1475 3419 1484 3445 :
1504 3406 1671 3456 primum
1692 3401 1730 3440 τὸ
1748 3400 1785 3439 ὂν
1813 3401 1850 3438 οὖ
1875 3400 1993 3450 γέγονε
2011 3399 2036 3438 i.
2066 3412 2100 3436 e.
2123 3397 2176 3435 ἀεὶ
2195 3391 2258 3446 ἦν,
2281 3395 2418 3433 deinde

1389 3466 1428 3504 τὸ
1447 3464 1483 3503 ὂν
1505 3465 1543 3502 οὗ
1560 3461 1771 3514 φθαρήσεται
1789 3460 1815 3499 i.
1832 3472 1866 3498 e.
1886 3457 1939 3496 ἀεὶ
1958 3457 2076 3506 ἔσται,
2093 3465 2174 3494 tum
2191 3455 2230 3494 τὸ
2247 3455 2284 3493 ἔν
2305 3451 2417 3500 ἀογὴν
