2508 3776
64 3215 70 3236 γ’
138 3231 264 3278 “infle-
283 3230 300 3247 ''

611 190 922 233 ETHICORUM
950 189 1412 233 NlCOMACHEORUM
1443 190 1819 232 PARAPHRASIS.

2214 189 2302 231 479

137 282 198 329 ςρῦ
222 293 380 332 nov-„pou
398 278 480 333 περὶ
498 278 561 323 τὰς
583 280 790 332 σωματικὰς
818 281 946 330 ἡδονάς
958 311 970 332 ‚
997 282 1034 327 ὅς
1056 282 1152 320 ἐστιν
1172 283 1191 320 ὁ
1256 282 1351 323 parte
1364 279 1606 323 improbusest,
1617 289 1659 313 ex
1667 282 1761 323 parte
1771 288 1837 312 non
1848 277 2037 322 improbus:
2045 277 2176 312 facinus
2185 278 2309 321 quippe

138 325 344 386 ἀκόλαστος,
361 338 461 386 καὶὴ
488 338 610 392 πρᾶξις
639 341 803 395 πονηρά,
825 341 887 381 καὶ
909 345 932 390 ἡ
957 341 1083 395 κρίσις·
1107 342 1126 379 6
1153 339 1189 380 δὲ

134 397 219 451 περὶ
237 397 277 437 τὸ
297 396 414 450 ἕτερον
436 397 539 447 μόνον
559 399 773 452 ἁμαρτάνει”
790 403 809 440 6
823 401 891 453 γὰρ
911 398 1067 452 ἀκρατὴς
1085 398 1106 446 ἢ
1125 398 1190 445 τὴν

131 457 266 503 ’ἀσθενῆ
304 459 478 509 ἀκρασίαν
514 459 606 497 ἐστὶν
642 459 819 511 ἀκρατής,
854 459 878 507 ἢ
921 460 985 508 τὴν
1016 461 1189 512 προπετῆ·

39 539 94 571 ‚⁷¹
135 515 327 571 ἇμφότεροι
349 518 385 557 δὲ
407 517 500 557 κατὰ
520 517 584 566 τὴν
604 519 732 572 πρᾶξιν
756 519 860 570 μόνον
878 519 948 559 εἶσὶ
964 518 1126 572 πονηροί.
1145 518 1190 558 Ὁ

112 576 199 630 ’μὶν
234 577 304 631 ’γὰρ
335 580 514 631 προπετὴς
555 578 634 617 οὐδὲ
667 579 885 631 βουλεύεται·
919 583 937 618 ὁ
971 580 1006 619 δὲ
1044 581 1191 625 ἀσθενὴς

50 659 76 677 ι.
137 636 361 689 βουλεύεται,
388 640 434 682 ὡς
455 640 494 677 οὐ
515 638 566 677 δεῖ
590 638 666 682 ταῖς
687 640 853 690 αἰσχραῖς
884 639 1190 690 ἐπιθυμίαιςάκο-

135 697 250 738 Rosos*
238 709 283 737 ιν·
313 699 333 736 ὁ
353 697 389 737 δὲ
412 698 607 742 ἀκόλαστος
642 697 720 738 κατ’
742 698 850 751 ἄμφω
878 699 1096 752 διέφθαρται.
1121 698 1190 738 Διὰ

133 761 238 797 τοῦτο
260 758 280 797 6
299 755 363 813 μὲν
384 757 542 810 ἀκρατὴς
576 755 669 796 ἔοικε
699 756 819 804 πόλει,
847 757 870 806 ἣ
906 758 1096 812 ψηφίζεται
1124 756 1189 807 μὲν

134 814 276 856 ἅπαντα
295 816 340 856 τὰ
366 814 506 865 δέοντα,
539 815 600 856 καὶ
627 814 754 867 νόμους
776 815 850 869 ἔχει
879 816 1088 862 σπουδαίους
1102 846 1112 865 ,
1133 818 1194 857 καὶ

133 873 282 928 ὑγιαίνει
299 890 402 915 τουτο
417 874 458 915 τὸ
471 873 589 931 μέρος,
605 878 739 929 χρῆται
759 875 796 915 δὲ
811 875 937 926 οὐδενί,
951 875 1073 930 ὥσπερ
1091 876 1193 917 ’·Ανα

135 932 316 988 ξανδρίδης
329 933 504 990 ἔσκωψεν·

222 1028 266 1065 Ἢ
283 1029 376 1068 πόλις
391 1029 531 1064 ἐδούλεο’
546 1029 568 1073 ἦ
587 1029 692 1074 νόμων
710 1030 802 1064 οὐδὲν
817 1032 914 1074 μέλει·

42 1155 48 1164 f
102 1111 107 1116 ’
133 1115 153 1155 δ
173 1114 210 1154 δὲ
229 1113 422 1159 ἀκόλαστος
440 1113 530 1153 ἔοικε
546 1113 646 1154 πόλει
667 1115 834 1168 χρωμένη
864 1114 928 1167 μὲν
955 1114 1095 1166 νόμοις,
1119 1131 1186 1156 πο·

133 1175 251 1228 νηροῗς
278 1173 315 1214 δὲ
335 1173 524 1227 χρωμένῃ.
552 1176 660 1214 Πᾶσα
677 1175 714 1213 δὲ
739 1174 930 1228 ἐγκράτεια
953 1174 1014 1214 καὶ
1035 1174 1190 1228 ἀκρασία

135 1232 212 1274 led
231 1231 313 1287 περὶ
332 1231 396 1277 τὰς
411 1232 612 1286 ὓπερὸολὰς
628 1236 691 1281 τῆς
709 1232 812 1279 ἕξεως
830 1249 900 1272 των
917 1234 1076 1273 πολλῶν·
1094 1237 1112 1274 ὁ
1126 1233 1190 1286 μὲν

133 1292 204 1347 γὰρ
224 1290 496 1369 ἔγκρατὴςῒνικᾶ
509 1286 558 1332 ὧν
581 1293 614 1331 οἱ
633 1292 754 1331 πολλοὶ
778 1294 977 1343 ἡττῶνται,
992 1296 1010 1332 ὁ
1029 1293 1065 1332 δὲ
1086 1295 1195 1348 ἀκρα-

99 1403 103 1406 .
133 1353 196 1402 τῆς
213 1355 368 1400 ἡττᾶται
387 1368 436 1391 ων
453 1354 486 1391 οἱ
505 1352 628 1392 πολλοὶ
647 1357 850 1405 κρατοῦσιν.

186 1409 328 1453 ''Em-t
346 1411 416 1460 δὲὴ
434 1410 613 1465 προπετὴς
635 1411 790 1466 ἀκρασία
803 1443 812 1460 ,
829 1412 873 1460 ἣν
891 1414 923 1452 οἱ
940 1413 1192 1466 μελαγχολικοὶ

135 1471 414 1527 ἀκρατεύονται,
444 1471 704 1525 δυσχερεστέρα
737 1474 879 1517 ἰαθῆναι
910 1475 974 1521 τῆς
1004 1475 1188 1522 ἀσθενοῦς,

133 1536 214 1573 καθ’
233 1532 277 1582 ἣν
299 1531 526 1584 βουλεύονται
546 1534 578 1572 οῖ
600 1532 764 1585 ἀκρατεῖς
782 1531 844 1570 καὶ
870 1533 933 1572 οὐκ
962 1533 1189 1584 ἐμμένουσιν.

132 1590 344 1644 Ὅμοίωςδὲ
365 1591 427 1631 καὶ
445 1593 478 1631 ot
503 1594 659 1646 φυσικῶς
691 1591 969 1645 ἀκρατευόμενοι
991 1594 1194 1634 δυσιατότε-

134 1666 189 1705 pot
207 1664 223 1690 d
243 1654 312 1691 τῶν
336 1652 383 1691 δι’
414 1649 489 1696 ἔθος
521 1653 702 1706 ἀκρατῶν·
739 1654 824 1707 ῥᾷον
854 1653 924 1706 γὰρ
953 1657 1192 1705 μετακινῆσαι

132 1709 250 1760 ἔθοςῆ
270 1709 391 1765 φύσιν·
413 1711 471 1750 διὰ
491 1715 592 1751 τοῦτο
614 1709 683 1764 γὰρ
705 1709 823 1750 καὶτὸ
845 1710 920 1755 ἔθος
938 1711 1098 1765 χαλεπόν
1111 1744 1121 1762 ,
1137 1712 1191 1752 ὅτι

131 1767 225 1811 ἔοικε
242 1768 502 1824 φύσινῶσπερ
522 1769 655 1819 Εὔηνος
675 1770 782 1824 λέγει·

217 1865 308 1907 Φημὶ
324 1863 537 1908 πολυχρόνιον
555 1866 686 1907 μελέτην
709 1855 828 1908 ἔμεναι,
848 1866 935 1909 φίλε,
953 1867 1008 1900 καὶ
1028 1866 1067 1906 δὴ

162 1917 165 1921 “
216 1913 342 1954 Ταύτην
354 1914 552 1957 ἀνθρώποισι
567 1915 769 1947 τελευτῶσαν
783 1915 876 1956 φύσιν
892 1916 983 1948 εἶναι.

187 1995 237 2039 Τί
255 1997 321 2051 μὶν
342 1991 402 2039 οὗν
422 2000 519 2039 ἐστιν
542 1997 732 2051 ἐγκράτεια
746 2029 756 2046 ,
785 1998 848 2038 καὶ
863 1998 899 2038 τί
918 1997 1109 2052 καρτερία,
1131 1996 1193 2037 καὶ

133 2058 307 2111 ἀκρασία,
330 2057 394 2098 καὶ
416 2057 602 2110 μαλακία,
618 2058 680 2097 καὶ
700 2060 775 2103 πῶς
795 2057 937 2112 ἔχουσιν
959 2059 997 2097 αῖ
1017 2056 1104 2104 ἕξεις
1126 2051 1191 2096 αἷ-

132 2131 195 2158 ται
213 2117 302 2170 πρὸς
319 2118 480 2166 ἀλλήλας
491 2148 502 2167 ,
521 2116 676 2171 εἴρηται.

190 2176 390 2231 (Scripsi⁸
420 2178 558 2230 ὅμοιοι]
583 2177 674 2218 cod.
697 2177 833 2229 ὅμοιον.
864 2178 948 2209 —b
976 2175 1055 2216 καθ’
1087 2175 1168 2216 ὅσον
1193 2178 1200 2225 l

84 2240 86 2242 ’
133 2236 374 2277 membranae
393 2231 592 2278 καθόσονο
612 2237 702 2290 κᾶν]
725 2238 812 2278 cod.
843 2237 924 2292 κᾷν.
956 2259 1009 2268 -
1032 2237 1047 2261 ‘¹
1074 2236 1196 2275 δυσια-

133 2296 296 2352 τότεροι]
316 2297 405 2340 cod.
430 2296 698 2352 δυσιατώτεροι,
718 2298 791 2351 -)

571 2415 665 2467 Κεφ.
699 2412 756 2459 ιζ’.

532 2544 575 2566 4*
594 2546 673 2587 Περὶ
689 2545 813 2586 ἡδονῆς.

189 2632 280 2688 Περὶ
287 2633 325 2674 δὲ
332 2634 459 2684 ἡδονῆς
469 2635 531 2676 καὶ
541 2634 655 2683 λύπης
663 2635 688 2684 ἤ
692 2636 735 2684 δη
749 2636 953 2687 σκοπῶμεν·
963 2633 1040 2674 ἔστι
1053 2633 1123 2687 γὰρ
1135 2638 1190 2674 οἰ-

50 2700 90 2727 '2
133 2698 230 2735 καῖον
238 2694 300 2734 καὶ
301 2698 508 2768 προσῆκονω
497 2697 548 2750 τῷ
560 2711 642 2749 περι
657 2698 718 2743 τῆς
733 2697 917 2743 πολιτικῆς
930 2695 1191 2749 φιλοσοφοῦντι.

51 2750 88 2811 224-
134 2736 248 2799 Οὗτος
265 2753 334 2808 γάρ
354 2756 429 2794 ἐστι
448 2758 509 2794 τοῦ
531 2753 690 2801 τέλους’
670 2754 910 2808 αρχιτέκτων,
929 2753 1045 2796 καθὼς
1067 2756 1102 2793 ἐν
1119 2759 1193 2799 τοῖς

117 2812 403 2866 -προειρημένοις
423 2814 551 2868 ἐφάνη·
574 2830 616 2854 το
634 2814 669 2853 δὲ
686 2815 783 2859 τέλος
803 2813 876 2853 ἐστὶ
899 2814 939 2853 τὸ
962 2812 1109 2865 ἀγαθόν,
1131 2814 1192 2853 καὶ

134 2873 176 2913 τὸ
186 2872 366 2945 ”aptoton
386 2877 415 2927 ᾧ
436 2875 596 2927 καθάπερ
617 2874 736 2914 κανόνι
768 2874 993 2927 διακρίνομεν
1016 2877 1085 2913 τῶν
1103 2890 1192 2928 πρα-

63 2930 85 2977 J
136 2935 232 2974 κτῶν
252 2932 299 2972 τὰ
319 2933 435 2985 ἀγαθὰ
457 2937 525 2974 τῶν
549 2935 715 2988 φαύλων,
735 2933 758 2973 ἃ
788 2933 850 2985 μὲν
872 2933 942 2986 γὰρ
974 2934 1059 2987 πρὸς
1080 2935 1191 2974 ἐκεῖνο

84 3028 94 3051 ,Δ
136 2994 234 3048 φέρει
263 3009 304 3032 το
329 2995 450 3042 τέλος,
483 2994 600 3047 ἀγαθὰ
626 2994 834 3045 νομίζομεν,
865 2993 888 3032 ἃ
920 2993 957 3032 δὲ
989 2997 1048 3033 τοῦ
1070 2995 1190 3038 τέλους

67 3058 90 3099 ’ᾗ
137 3051 290 3105 ἀπάγει,
313 3056 447 3107 φαῦλα.
470 3052 574 3094 Ἐπεὶ
596 3056 711 3093 τοίνυν
744 3056 764 3100 ἡ
798 3052 903 3100 ἡδονὴ
927 3053 997 3098 τοῖς
1018 3052 1080 3104 μὲν
1101 3055 1189 3106 ἀγα-

67 3103 77 3172 ’Ῑ
137 3109 197 3162 θίιν
224 3112 336 3162 δοκεῖ,
358 3117 429 3157 τοῖς
450 3113 486 3152 δὲ
508 3115 652 3166 φαῦλον,
671 3113 769 3158 ἐνίοις
791 3112 827 3152 δὲ
850 3112 910 3152 καὶ
932 3113 1018 3152 αὐτὸ
1035 3113 1074 3153 τὸ
1094 3115 1191 3159 τέλος

73 3173 78 3178 “
138 3169 179 3211 τὸ
196 3172 358 3226 ἄριστον,
379 3172 567 3214 ἀκόλουθόν
589 3175 663 3213 ἐστι
685 3177 734 3227 τῷ
753 3175 923 3227 πολιτικῷ
941 3175 1092 3222 ζητῆσαι
1110 3174 1190 3226 περὶ

305 3234 369 3273 En
388 3232 425 3272 δὲ
443 3233 504 3273 καὶ
524 3233 714 3286 ἀναγκαῖόν
737 3235 831 3273 ἐστιν
849 3234 884 3272 ἐν
899 3235 942 3286 τῇ
961 3232 1042 3286 περὶ
1059 3235 1193 3286 ἀρετῶν

1251 333 1389 373 malum,
1403 332 1567 375 Judicium
1587 341 1666 365 vero
1679 334 1731 366 est
1747 334 1901 365 rectum.
1923 331 1997 374 ejus
2016 339 2097 364 vero
2109 330 2168 374 qui
2184 330 2218 363 in
2234 339 2309 363 cor-

1252 386 1341 429 poris
1356 385 1585 428 voluptatibus
1604 385 1775 427 improbus
1788 387 1850 422 est
1870 384 2123 426 intemperantis
2138 383 2308 425 nimirum,

1252 443 1286 473 et
1301 440 1387 473 actio
1406 440 1579 474 inhonesta
1592 442 1642 472 est
1662 442 1695 472 et
1707 438 1875 481 judicium
1895 438 2057 481 injustum
2075 450 2082 470 :
2098 441 2132 471 at
2149 437 2183 470 in
2204 437 2311 471 altero

1253 496 1385 526 tantum
1401 501 1519 536 genere
1536 495 1649 538 peccat
1667 492 1752 525 alter
1768 503 1774 523 :
1804 491 2012 524 incontinens
2028 500 2147 533 nempe
2166 494 2224 524 aut
2243 491 2309 524 im-

1255 546 1372 580 becilla
1403 545 1640 579 incontinentia
1670 547 1721 578 est
1752 544 1980 583 incontinens,
2009 546 2068 577 aut
2093 544 2271 577 temeraria
2297 554 2306 574 τ

1253 601 1351 634 ambo
1373 603 1485 634 autem
1515 599 1549 632 in
1571 599 1701 632 actione
1733 598 1898 632 duntaxat
1918 602 2066 641 peccant.
2097 598 2310 632 Temerarius

1254 654 1411 688 videlicet
1433 664 1474 688 ne
1495 653 1659 687 deliberat
1678 653 1811 696 quidem
1832 645 1851 686 ι’
1872 652 2061 686 imbecillus
2085 661 2165 685 vero
2184 652 2232 686 ita
2250 651 2312 686 de-

1255 707 1392 746 liberat,
1423 709 1461 739 ut
1482 708 1577 748 putet
1596 704 1751 747 turpibus
1776 703 2018 747 cupiditatibus
2044 713 2110 737 non
2138 712 2211 736 esse
2240 702 2312 736 suf-

1255 759 1452 800 fragendum
1471 771 1479 790 ε
1504 757 1683 800 utrobique
1700 766 1780 790 vero
1799 759 1978 799 corruptus
1994 759 2046 789 est
2070 756 2309 798 intemperans.

1255 811 1479 850 Quamobrem
1494 810 1701 844 incontinens
1723 809 1841 843 similis
1859 812 1911 843 est
1931 809 2083 850 civitati,
2106 819 2184 853 quae
2200 809 2312 842 omnia

1254 865 1393 908 quidem
1416 874 1494 908 quae
1515 864 1588 897 fieri
1610 863 1733 897 debent
1750 863 1927 905 decernat,
1944 863 2100 906 legesque
2120 863 2225 897 bonas
2250 863 2313 896 ha-

1255 919 1351 959 beat,
1370 917 1428 951 sed
1449 918 1541 950 nulla
1556 927 1673 950 earum
1696 919 1833 958 utatur,
1855 916 2140 960 quemadmodum
2156 919 2313 951 Anaxan-

1256 971 1370 1005 drides
1398 971 1484 1004 salse
1504 971 1614 1004 dixitz

1386 1047 1533 1084 Volebat,
1548 1055 1568 1077 a
1582 1055 1646 1085 qua
1660 1047 1824 1085 spernitur
1837 1047 1900 1084 lex,
1914 1049 2039 1079 civitas.

1256 1119 1379 1153 Contra
1390 1117 1617 1160 intemperans
1629 1116 1761 1151 civitati
1778 1118 1888 1151 utenti
1914 1118 2053 1161 quidem
2078 1118 2228 1161 legibus,
2256 1118 2314 1152 sed

1254 1177 1369 1215 malis,
1389 1177 1506 1209 similis
1526 1178 1589 1210 est.
1608 1177 1773 1210 Versatur
1789 1178 1904 1210 autem
1923 1176 2127 1210 continentia
2144 1179 2178 1209 et
2198 1177 2313 1209 incon-

1254 1233 1395 1266 tinentia
1407 1233 1442 1266 in
1463 1232 1607 1276 eoquod
1622 1232 1852 1266 multitudinis
1872 1233 2027 1267 habitum
2048 1232 2182 1266 excedit
2200 1245 2209 1266 ι
2237 1242 2315 1265 nam

1255 1290 1427 1323 continens
1452 1292 1588 1333 superat
1609 1299 1649 1323 ea
1668 1289 1793 1333 quibus
1820 1289 2006 1322 multitudo
2031 1289 2242 1329 succumbit,
2262 1289 2316 1322 in-

1255 1347 1428 1380 continens
1444 1356 1525 1380 vero
1546 1349 1724 1389 superatur
1746 1346 1804 1385 iis,
1828 1355 1906 1389 quae
1932 1346 2057 1389 vulgus
2080 1348 2228 1389 superat.

1296 1408 1372 1440 Jam
1395 1416 1476 1440 vero
1492 1406 1672 1440 temeraria
1697 1405 1959 1445 incontinentia,
1987 1415 2055 1449 qua
2080 1405 2315 1439 melancholici

1254 1460 1419 1499 laborant,
1441 1452 1610 1493 difficilior
1635 1459 1679 1492 ad
1704 1459 1890 1493 sanandum
1911 1463 1981 1499 est,
2005 1469 2108 1502 quam
2126 1459 2311 1498 imbecilla,

1255 1524 1322 1558 qua
1336 1514 1522 1548 deliberant
1539 1513 1642 1546 etiam
1655 1513 1915 1553 incontinentes,
1932 1514 1992 1546 sed
2005 1523 2070 1546 non
2083 1513 2315 1556 acquiescunt.

1256 1567 1417 1600 Similiter
1436 1570 1470 1600 et
1489 1566 1548 1610 qui
1568 1568 1688 1599 natura
1712 1569 1791 1599 sunt
1815 1566 2059 1599 incontinentes
2074 1565 2246 1599 difficilius
2262 1574 2317 1599 sa-

1255 1623 1378 1654 nantur
1403 1629 1506 1663 quam
1532 1620 1592 1663 qui
1615 1619 1856 1653 consuetudine
1880 1619 2124 1653 incontinenter
2154 1619 2276 1652 vivunt
2297 1629 2307 1652 z

1255 1673 1378 1716 quippe
1395 1671 1527 1706 facilius
1546 1670 1752 1704 consuetudo
1767 1673 1931 1709 mutatur,
1950 1680 2051 1714 quarn
2066 1672 2187 1704 natura
2213 1681 2221 1700 ι
2239 1679 2314 1713 pro-

1255 1730 1368 1769 pterea
1382 1726 1471 1760 enim
1493 1728 1528 1759 et
1547 1725 1823 1759 consuetudinem
1842 1727 1977 1758 mutare
1990 1724 2127 1758 difficile
2144 1726 2216 1764 est,
2234 1723 2316 1767 quia

1255 1781 1298 1814 ad
1315 1782 1444 1814 naturae
1463 1779 1718 1812 similitudinem
1735 1778 1882 1817 accedit,
1905 1780 1942 1812 ut
1963 1778 2010 1812 ait
2027 1780 2162 1812 Evenus
2179 1789 2187 1810 :

1328 1860 1456 1896 Multos,
1467 1860 1552 1898 quod
1564 1862 1695 1898 partum
1713 1862 1759 1889 est
1771 1859 1962 1893 meditando,
1978 1861 2146 1897 permanet
2156 1838 2263 1889 'annos

1326 1909 1421 1946 atque
1434 1907 1470 1937 in
1485 1909 1639 1936 naturam
1659 1907 1789 1937 tandem
1803 1906 2002 1936 convertitur
2010 1915 2098 1936 usus.

1297 1981 1386 2021 Quid
1399 1982 1502 2025 igitur
1516 1982 1561 2015 sit
1574 1981 1786 2021 continentia,
1802 1981 1886 2025 quid
1899 1982 2087 2020 tolerantia,
2106 1982 2187 2015 item
2202 1981 2317 2015 incon-

1254 2041 1395 2074 tinentia
1418 2044 1452 2075 et
1472 2041 1646 2080 mollities,
1663 2044 1696 2074 et
1718 2051 1823 2084 quam
1848 2041 1936 2074 inter
1961 2051 1997 2074 se
2011 2041 2046 2074 hi
2060 2042 2196 2076 habitus
2211 2041 2316 2075 ratio-

1254 2108 1332 2133 nem
1350 2100 1511 2141 habeant,
1537 2100 1701 2134 hactenus
1719 2110 1738 2134 a
1753 2099 1849 2134 nobis
1872 2100 2060 2143 expositum
2074 2103 2135 2134 est.

1681 2404 1760 2447 Gap.
1787 2405 1890 2438 XVII.

1673 2535 1718 2563 De
1736 2533 1901 2572 voluptate.

1297 2645 1372 2676 Jam
1395 2644 1508 2676 autem
1530 2642 1573 2676 de
1600 2642 1774 2686 voluptate
1798 2644 1831 2676 et
1856 2643 1971 2677 dolore
2002 2643 2177 2678 videamus
2207 2656 2217 2678 z
2240 2655 2316 2689 quae

1255 2702 1392 2746 quidem
1420 2702 1564 2746 quaestio
1581 2704 1658 2745 apta
1676 2704 1710 2735 et
1725 2703 1975 2736 accommodata
1995 2705 2047 2736 est
2069 2703 2195 2736 homini
2209 2703 2251 2738 de
2267 2705 2316 2737 ci-

1255 2763 1314 2797 vili
1330 2762 1507 2807 prudentia
1529 2762 1725 2805 disputanti.
1758 2763 1820 2796 Hic
1841 2763 1929 2796 enim
1948 2763 2023 2797 finis
2037 2763 2199 2798 bonorum
2215 2764 2316 2806 magi-

1256 2827 1324 2858 ster
1343 2831 1382 2856 ac
1394 2823 1488 2857 velut
1511 2822 1717 2856 architectus
1728 2824 1797 2862 est,
1817 2823 2101 2866 quemadmodum
2122 2833 2141 2857 e
2165 2825 2316 2867 superio-

1256 2884 1349 2917 ribus
1365 2886 1457 2926 patet
1478 2894 1486 2916 ε
1506 2882 1581 2916 linis
1601 2884 1716 2916 autem
1731 2885 1783 2916 est
1804 2882 1840 2916 id
1855 2883 1947 2926 quod
1974 2884 2099 2917 bonum
2119 2884 2264 2918 habetur
2281 2887 2315 2918 et

1253 2943 1438 2986 optimum,
1464 2951 1533 2986 quo
1558 2945 1720 2986 tanquam
1748 2950 1872 2975 canone
1889 2942 1974 2975 bona
2001 2942 2065 2975 sub
2082 2942 2244 2976 actionem
2259 2951 2315 2976 ca-

1254 3004 1367 3039 dentia
1389 3014 1409 3037 a
1433 3002 1532 3037 malis
1550 3002 1805 3045 distinguimus3
1828 3011 1906 3046 quae
1923 3003 2011 3036 enim
2034 3002 2076 3036 ad
2102 3002 2199 3036 tinem
2220 3002 2315 3035 illum

1254 3064 1446 3104 adducunt,
1474 3063 1561 3096 bona
1594 3061 1844 3101 existimamus,
1878 3071 1956 3105 quae
1976 3071 2056 3095 vero
2086 3062 2129 3095 ab
2150 3072 2189 3096 eo
2206 3061 2315 3095 abdu-

1254 3126 1350 3164 cunt,
1369 3122 1468 3156 mala.
1488 3123 1600 3161 Quum
1617 3121 1720 3165 igitur
1735 3121 1892 3164 voluptas
1909 3121 1985 3155 aliis
2002 3121 2144 3160 bonum,
2161 3121 2234 3154 aliis
2247 3129 2315 3152 ma-

1254 3184 1340 3223 lum,
1358 3181 1560 3226 quibusdam
1579 3181 1680 3216 etiam
1699 3182 1775 3215 linis
1788 3181 1859 3224 ipse
1881 3181 2037 3215 videatur
2053 3181 2215 3224 optimus.
2232 3189 2313 3213 con-

1255 3245 1448 3277 sentaneum
1483 3244 1534 3276 est
1570 3241 1682 3276 virum
1717 3241 1863 3275 civitatis
1903 3241 2056 3283 regendae
2088 3241 2233 3284 peritum
2271 3239 2314 3273 de

139 3287 202 3329 καὶ
214 3293 348 3331 κακῶν
370 3293 611 3348 πραγματείᾳ·
632 3295 694 3335 καὶ
712 3293 782 3347 γὰρ
796 3297 819 3342 ἢ
841 3293 949 3347 ἀρετὴ
964 3292 1024 3332 καὶ
1045 3296 1067 3341 ἢ
1086 3293 1193 3333 κακία
1258 3305 1430 3348 voluptate
1445 3313 1553 3348 agere.
1589 3305 1756 3337 Praeterea
1775 3304 1839 3337 hoc
1859 3303 2083 3337 necessarium
2097 3304 2148 3335 est
2166 3302 2201 3335 in
2217 3310 2313 3345 quae-

139 3348 223 3404 mpl
239 3349 304 3397 τὰς
321 3351 449 3400 ἡδονάς
465 3354 540 3394 ἔστι
560 3353 622 3394 καὶ
642 3354 706 3399 τὰς
728 3354 863 3404 λύπας,
884 3355 932 3399 ὣς
952 3352 1090 3407 εἴρηται
1106 3353 1192 3408 πρό-

1259 3371 1366 3404 stione
1381 3370 1424 3404 de
1437 3369 1623 3404 virtutibus
1646 3371 1681 3402 et
1698 3368 1790 3402 vitiis
1810 3368 1964 3402 instituta
1983 3381 1991 3401 :
2015 3367 2137 3400 etenim
2155 3366 2262 3399 virtus
2278 3368 2312 3399 et

182 3478 200 3499 ⁴¹
213 3481 419 3526 Εὗιατοτίρα
435 3484 470 3517 δὲ
485 3486 552 3518 τῶν
574 3486 761 3527 ἀκρασιῶν,
781 3485 851 3518 κτλ.
872 3503 912 3513 -
927 3484 962 3503 **
976 3485 1055 3526 Gap.
1075 3487 1123 3517 11.
1143 3484 1219 3527 περὶ
1239 3483 1274 3517 δὲ
1289 3484 1408 3524 ἡδονῆς
1422 3483 1494 3517 κτλ.
