2528 3788
0 1648 23 1855 {A

0 1855 15 1980 ἔ

0 1982 17 2162 ξ

61 1401 64 1404 ’
95 1398 291 1455 γεγράφθαι
320 1399 494 1454 λέγοντες.

294 291 967 380 ΚΡΑΝΤΟΡΟΣ

274 463 979 529 ΑΠΟΣΠΑΣΜΑΤΙΑ

160 757 192 785 ι.
223 743 295 785 'lov
324 745 405 799 περὶ
439 761 509 786 των
545 745 775 791 Ἀτλαντίνων
810 745 999 798 σύμπαντα
1031 749 1153 788 τοῦτον

99 802 202 856 λόγον
228 805 261 844 οἵ
286 803 351 857 μὲν
374 804 532 859 ἱστορίαν
565 804 673 858 ψιλὴν
705 799 796 845 εἷναί
830 822 956 860 φασιν,
989 806 1108 860 ὥσπερ
1134 811 1152 848 ὁ

98 865 238 916 πρῶτος
256 867 317 904 τοῦ
346 864 535 911 Πλάτωνος
561 864 734 917 ἐξηγητὴς
764 866 951 920 Κράντωρ·
972 864 1007 911 ὃς
1027 865 1068 914 δὴ
1093 865 1152 906 καὶ

98 921 324 964 σκώπτεσθαι
357 923 422 975 μέν
457 940 562 979 φησιν
589 924 693 964 αὐτὸν
715 924 784 965 ὑπὸ
802 926 872 964 ’τῶν
902 924 981 964 τότε
1013 927 1060 970 ὡς
1089 926 1152 965 οὔκ

97 981 203 1021 αὐτὸν
222 981 307 1023 ὄντα
327 985 390 1031 τῆς
405 983 584 1028 πολιτείας
601 983 744 1038 εὑρετὴν
765 984 857 1024 ἀλλὰ
872 985 1151 1039 μεταγράψαντα

97 1039 143 1080 τὰ
175 1042 393 1116 Αἰγυπτίων.
461 1045 534 1088 Τὸν
567 1045 604 1084 δὲ
635 1049 801 1085 τοσοῦτον
833 1043 1049 1092 ποιήσασθαι
1081 1047 1150 1084 τῶν

97 1101 332 1142 σκωπτόντων
356 1102 526 1156 λόγον,”
499 1119 592 1144 ωστε
612 1103 671 1144 ἐπὶ
689 1103 913 1157 Ἀἰγυπτίους
936 1103 1149 1158 ἀναπέμψαι

81 1159 162 1209 ’τὴν
181 1161 263 1214 περὶ
282 1161 474 1212 Ἀθηναίων
492 1179 554 1203 και
574 1162 804 1204 Ἀτλαντίνων
821 1162 954 1211 ταύτην
975 1163 1148 1217 ἱστορίαν,

96 1221 144 1266 ὥς
160 1222 230 1260 τῶν
259 1220 449 1271 Ἀθηναίων
469 1222 564 1262 κατὰ
588 1223 721 1272 ταύτην
757 1222 938 1273 ζησάντων
970 1222 1057 1263 ποτὲ
1084 1223 1149 1272 τὴν

96 1279 293 1325 πολιτείαν.
362 1283 592 1336 Μαρτυροῦσι
622 1281 658 1323 δὲ
677 1282 736 1322 καὶ
768 1284 800 1322 οἳ
822 1298 1020 1338 προφηται,
1045 1284 1148 1336 φησί,

95 1341 167 1380 τῶν
183 1339 405 1394 Αἷγυπτίων,
426 1343 461 1382 ἐν
479 1341 624 1391 στήλαις
642 1347 719 1387 ταῖς
734 1341 785 1381 ἔτι
803 1343 1017 1393 σωζομέναις
1034 1346 1149 1382 ταῦτα

565 1404 614 1442 Οἱ
645 1401 682 1443 δέ
702 1417 807 1457 φασιν
830 1402 939 1450 αὐτὴν
962 1405 1069 1454 μῦθον
1097 1397 1148 1442 εἶ’-

94 1471 168 1499 ναι.

153 1518 166 1571 (
180 1518 344 1559 Proclus
360 1519 581 1559 Comment.
597 1520 639 1558 in
659 1520 836 1560 Platonis
854 1520 1042 1560 Timaeum
1059 1535 1147 1573 pag.

95 1582 163 1624 24.
178 1577 227 1618 Α.
244 1577 306 1618 ed.
324 1579 443 1620 Basil.
474 1577 588 1633 [pag.
606 1579 654 1623 54
676 1579 737 1619 ed.
754 1579 979 1619 Schneider.
988 1582 1001 1631 ]
1025 1580 1146 1620 Perti.-

95 1645 190 1678 nent
201 1637 286 1677 haec
297 1639 420 1677 verba
446 1638 496 1678 ad
510 1646 645 1677 notum
666 1639 778 1677 illum
799 1639 978 1679 Platonis
1000 1641 1145 1690 locum,

93 1696 167 1738 ubi
184 1697 423 1738 sacerdotem
443 1698 668 1751 AEgyptium
683 1698 822 1738 Soloni
842 1709 1066 1739 narrantem
1087 1702 1147 1740 in-

92 1755 223 1807 ducit,
256 1758 494 1798 Atlantidem
526 1758 696 1798 insulam
735 1767 843 1798 trans
874 1759 1055 1799 Herculis
1089 1775 1149 1799 co-

91 1816 248 1858 lumnas
279 1818 394 1857 sitam
427 1817 546 1857 fuisse
581 1817 709 1870 Libya
745 1827 783 1857 et
820 1819 912 1858 Asia
950 1819 1142 1872 majorem

93 1877 455 1931 potentissimisque
486 1877 647 1930 regibus
677 1878 852 1931 paruisse
871 1909 881 1927 ,
920 1879 989 1931 qui
1025 1894 1147 1931 quon-

59 1974 63 1978 .
91 1935 180 1976 dam
201 1936 329 1990 Libya
341 1950 466 1990 usque
485 1937 534 1977 ad
553 1938 760 1991 AEgyptum
781 1947 819 1977 et
842 1938 1000 1991 Europa
1019 1953 1145 1991 usque

90 1997 142 2037 ad
167 1997 365 2038 Etruriam
392 1997 589 2038 subacta
578 1998 738 2051 imperii
758 1998 857 2038 fines
882 2012 931 2051 pl
934 1999 1075 2038 otule1
1066 2009 1144 2049 int,

92 2057 228 2097 donec
235 2057 306 2097 ab}
305 2056 624 2097 Atheniensibus
643 2065 681 2096 et
705 2057 855 2095 caeteiis
878 2056 1025 2095 (naecis
1047 2071 1146 2109 quos

91 2115 197 2156 bello
213 2117 435 2169 petiverant
461 2116 560 2156 victi
588 2116 689 2164 sint;
717 2124 915 2168 postremo
935 2124 1055 2154 totam
1084 2117 1145 2155 in·

92 2175 479 2227 sulamxingentibus
506 2184 621 2215 terrae
643 2174 818 2214 motibus
850 2188 1079 2214 concussam
1109 2185 1148 2215 et

91 2237 206 2288 aquis
217 2237 393 2276 haustam
402 2236 611 2289 superfuso
620 2248 704 2274 mar
707 2250 721 2274 1
709 2235 945 2274 “Atlantico
935 2245 1037 2274 mter
1039 2237 1144 2277 iisse.

91 2293 238 2336 Eadem
259 2295 340 2335 sere
358 2295 582 2335 reseruntur
612 2295 656 2334 in
682 2295 862 2334 Platonis
880 2295 1038 2346 dialogo
1059 2296 1147 2334 Cri-

91 2355 160 2396 tia.
174 2353 238 2397 Cf:
253 2354 392 2395 Strabo
410 2353 482 2396 hb
500 2352 555 2402 ll,
575 2368 616 2407 p.
640 2369 737 2404 1023
759 2355 994 2394 Plutarchus
1008 2354 1142 2395 Solon.

91 2427 181 2469 cap.
192 2415 258 2456 26.
268 2414 422 2454 Plinius
433 2413 525 2453 hist.
540 2422 620 2455 nat.
630 2413 702 2453 lib.
718 2414 862 2465 ll,9o;
879 2414 1147 2454 Tertullianus

92 2474 302 2529 Apologet.
324 2487 412 2528 cap.
434 2479 501 2520 4ο.
527 2473 600 2514 llla
621 2487 719 2513 velo
734 2474 782 2512 de
802 2487 844 2512 re
862 2474 1057 2512 Proclus'
1049 2492 1075 2514 ι.
1105 2489 1139 2516 c.

90 2549 135 2590 Ρ.
168 2535 235 2582 54.
254 2534 306 2574 F.
330 2535 450 2588 [pag.
485 2535 560 2573 126
586 2534 648 2575 ed.
674 2533 901 2574 Schneider.
910 2533 927 2586 ]
947 2533 1029 2572 haec
1047 2547 1110 2572 sci
1113 2548 1148 2572 1-

91 2595 196 2649 psit:
209 2593 265 2634 ὅτι
278 2593 342 2646 μὲν
361 2592 497 2646 ἐγένετο
509 2591 687 2642 τοιαύτη.
669 2609 721 2638 τις
740 2609 845 2641 νησος
860 2593 922 2632 καὶ
937 2593 1146 2642 τηλικαύτη,

91 2654 239 2703 δηλουσί
252 2669 344 2699 τινες
353 2655 423 2693 τῶν
432 2652 670 2728 ι’ἱστορούντων
689 2652 734 2692 τὰ
747 2652 829 2726 περὶ
849 2670 912 2701 της
930 2652 996 2699 ἔξω
1016 2653 1145 2693 θαλάτ-

89 2729 167 2764 της.
180 2705 285 2755 Εἶναι
304 2712 446 2768 γὰρκαὶ
469 2714 505 2754 ἐν
524 2717 597 2758 τοῖς
615 2715 729 2753 αὐτῶν
741 2712 875 2766 χρόνοις
890 2711 981 2753 ἑπτὰ
997 2711 1038 2764 μὲ
1035 2730 1060 2750 ,ν
1077 2712 1145 2759 νή-

91 2790 173 2820 σους
189 2776 224 2815 ἐν
245 2773 368 2828 ἐκείνῳ
380 2775 431 2828 τῷ
465 2772 612 2826 πελάγει
634 2772 888 2827 Περσεφόνης“
879 2773 987 2826 ιεράς,
1002 2778 1093 2825 τρεῖς
1108 2772 1144 2811 δὲ

2 2807 3 2810 ¹
25 2886 27 2888 q
90 2834 199 2879 ἄλλας
217 2833 407 2882 ἀπλέτους,
427 2832 490 2882 τὴν
512 2833 576 2886 μὲν
597 2832 826 2882 Πλούτωνος,
848 2832 912 2881 τὴν
935 2831 971 2872 δὲ
991 2830 1142 2884 Ἄμμω-

89 2909 167 2944 νος,
202 2893 316 2946 μέσην
349 2893 386 2934 δὲ
417 2893 550 2934 τούτων
585 2893 698 2943 ἄλλην
734 2892 981 2942 Ποσειδῶνος,
1017 2891 1140 2945 χιλίων

89 2952 243 2994 σταδίων
257 2953 299 2994 τὸ
313 2952 457 3007 μέγεθος
470 2982 481 3002 ,
505 2951 568 2993 καὶ
586 2952 666 2998 τους
684 2953 862 3025 οἰκοῦντας
881 2953 916 2990 ἐν
941 2952 1030 3005 αὐτῇ
1054 2967 1143 3002 μνη-

89 3028 162 3066 μην
179 3012 250 3054 ἄπο
265 3015 336 3053 τῶν
352 3012 533 3067 προγόνων
549 3011 708 3059 διασώζε·
746 3011 902 3065 περὶτῆς
926 3009 1145 3054 Ἀτλαντίδος

1081 202 1341 626 l

1459 293 2030 387 CRANTORIS

1509 463 1985 530 FRAGMENTA.

1625 620 1866 636 quw-u

1215 749 1322 794 ὅντως
1334 749 1558 803 γενομένης
1543 753 1615 791 ἐκεῖ
1634 752 1741 800 νήσου
1763 757 2164 809 παμμεγεθεστάτης,
2142 775 2186 807 ην
2206 760 2264 798 ἐπὶ

1214 809 1346 855 πολλὰς
1363 810 1542 864 περιοδους
1555 812 1786 852 δυναστευσαι
1797 817 1920 854 πασῶν
1929 817 1996 855 τῶν
2009 818 2044 856 ἐν
2059 820 2109 856 τῶ
2119 817 2264 858 Ἀτλαν-

1213 871 1301 908 τικῶ
1321 869 1468 922 πελάγει
1495 869 1633 918 νήσων,
1671 873 1889 918 Ποσειδῶνος
1920 875 1981 913 καὶ
2010 857 2118 925 αὗτὴΙν
2156 871 2262 917 ουσαν

1212 913 1324 982 ἱεράν.
1347 931 1474 969 Ταῦτα
1495 929 1538 981 μὲ
1524 946 1558 968 ν
1587 945 1645 969 ουν
1666 933 1684 969 ὁ
1707 931 1916 998 Μάρκελλος
1942 935 1977 972 ἐν
1997 937 2070 979 τοῖς
2093 936 2261 976 Αἰθιοπι-

1213 990 1284 1032 κοῖς
1307 988 1492 1042 γέγραφεν.
1521 988 1707 1027 Videmus
1733 990 1852 1040 igitm
1872 991 2124 1042 Cr·,ant01em
2156 993 2263 1033 Mar-

1213 1048 1354 1087 cellum
1395 1048 1572 1100 aliosque
1602 1057 1755 1087 veteres
1788 1059 1870 1088 tum
1911 1064 2041 1089 re1um
2069 1061 2264 1102 gestarum

1212 1108 1528 1159 pronuntiatores
1566 1116 1647 1146 tum
1687 1108 1946 1160 philosophos
1997 1123 2042 1147 ea
2089 1125 2174 1162 quae
2212 1112 2260 1150 de

1212 1167 1409 1207 Atlantide
1423 1176 1633 1206 narlwantul
1652 1167 1891 1214 credidisse,
1911 1168 2011 1207 alios
2023 1174 2151 1208 autem
2169 1170 2262 1208 falsa

1212 1227 1468 1267 existimasse.
1491 1226 1549 1267 Cf.
1580 1226 1775 1265 Proclus
1764 1240 1806 1264 ιιι
1835 1226 1942 1267 Ti1.n
1976 1241 2016 1279 p.
2042 1228 2087 1265 31
2126 1229 2188 1280 [p.
2213 1243 2261 1277 70

1211 1287 1272 1328 ed.
1291 1286 1516 1326 Schneider.
1534 1287 1643 1334 lSed
1664 1287 1765 1325 utris
1787 1286 2072 1325 assentiendum
2101 1288 2175 1336 sit,
2198 1288 2266 1326 ho-

1211 1347 1275 1385 die
1306 1358 1462 1398 quoque
1484 1345 1608 1396 quaeri
1628 1345 1737 1383 solet.
1775 1344 2000 1383 Cavendum
2033 1354 2185 1394 tamen,
2215 1361 2264 1386 ne

1210 1406 1407 1456 incognita
1440 1418 1514 1456 pro
1541 1405 1708 1454 cognitis
1742 1404 1971 1446 habeamus.
2009 1404 2123 1444 Multi
2156 1407 2260 1445 enim

1210 1479 1289 1504 non
1319 1465 1517 1504 intellecto
1542 1464 1676 1502 Procli
1703 1464 1789 1501 loco
1816 1464 1859 1502 in
1879 1463 1982 1503 rim.
2003 1478 2045 1516 Ρ.
2074 1466 2123 1503 26
2148 1475 2263 1517 puta-

1211 1533 1323 1573 runt,
1356 1524 1586 1562 memoriam
1605 1523 1700 1562 belli
1729 1535 1817 1562 cum
1845 1523 2058 1563 Atlantinis
2087 1527 2186 1575 gesti
2220 1528 2262 1566 in

1211 1584 1478 1623 Panathenaeis
1505 1583 1692 1622 Minervae
1722 1584 1838 1635 peplo
1867 1584 2026 1635 nopaeis
2056 1585 2262 1626 Atlanticis

1209 1652 1347 1682 ornato
1370 1650 1640 1682 conservatam
1661 1655 1758 1682 esse.
1781 1641 1929 1694 Nempe
1949 1643 2054 1694 apud
2075 1643 2259 1683 Proclum

1208 1702 1294 1754 ejus
1313 1703 1371 1741 rei
1390 1715 1462 1741 nec
1480 1702 1572 1740 vola
1591 1714 1662 1739 nec
1680 1701 1891 1751 vestigium
1920 1711 2093 1754 apparet.
2121 1703 2260 1743 Osten-

1209 1762 1268 1800 dit
1286 1761 1453 1813 hocjam
1474 1761 1626 1813 pridem
1646 1759 1733 1801 Car.
1757 1760 1823 1800 Fr.
1846 1760 2125 1799 Her'mannus
2114 1775 2156 1800 ιιι
2184 1767 2259 1801 Λιι-

1209 1820 1342 1871 tiquit.
1363 1833 1461 1859 sacr.
1490 1819 1582 1870 §54
1606 1828 1687 1858 not.
1713 1819 1758 1856 13
1780 1827 1895 1870 atque
1915 1818 1955 1856 in
1981 1819 2130 1860 Histor.
2157 1821 2259 1870 phil.

1208 1880 1306 1919 Plat.
1322 1877 1488 1926 Tom.1,
1505 1892 1543 1931 p.
1561 1883 1652 1927 704.
1675 1879 1863 1916 Caeterum
1883 1878 2129 1929 antiquitatis
2149 1879 2262 1918 inve-

1208 1939 1370 1989 stigatoi
1373 1938 1463 1977 1bus
1490 1937 1676 1988 legendus
1695 1946 1753 1976 est
1773 1937 1988 1976 Alexand1i
2011 1937 2262 1986 Humboldtii

1207 1998 1310 2037 liber
1328 1998 1397 2049 qui
1417 1996 1684 2036 inscribitur:
1703 1999 1879 2036 Examen
1902 2002 2059 2048 critique
2077 2000 2125 2036 de
2157 2002 2173 2036 l
2178 2001 2262 2037 'his-

1207 2064 1299 2097 toire
1317 2061 1368 2096 du
1387 2071 1561 2095 nouveau
1583 2062 1806 2097 continent..
1833 2056 1948 2103 Quod
1967 2057 2161 2109 reliquum
2180 2069 2259 2109 est,

1206 2117 1422 2170 probamus
1441 2115 1692 2155 Stallbaumii
1713 2116 1890 2155 sententi
1883 2129 1966 2164 .,ιιιι
1993 2117 2061 2168 qui
2081 2117 2128 2156 ad
2151 2117 2256 2159 Tin..

1208 2190 1245 2228 p.
1270 2190 1344 2215 100
1370 2175 1450 2214 haec
1470 2175 1711 2227 proposuit:
1735 2175 1963 2226 «quidquid
1979 2175 2037 2212 lei
2056 2183 2138 2225 est,
2160 2175 2261 2214 illud

1208 2235 1366 2287 quidem
1386 2235 1521 2285 negari
1554 2248 1634 2272 non
1667 2243 1818 2286 potest,
1853 2247 1940 2284 quae
1963 2233 2011 2271 de
2036 2234 2112 2271 situ
2135 2243 2173 2272 et
2192 2248 2261 2273 re-

1207 2295 1343 2346 gione,
1363 2294 1412 2332 de
1431 2294 1720 2344 magnitudine,
1737 2293 1786 2331 de
1803 2293 1981 2344 potentia
2006 2292 2177 2343 denique
2202 2303 2258 2333 at-

1207 2368 1285 2407 que
1302 2353 1442 2406 opibus
1466 2353 1583 2404 hujus
1603 2353 1742 2392 insulae
1759 2366 1782 2391 a
1797 2352 1958 2390 Platone
1973 2361 2195 2401 narr-,anun
2214 2367 2259 2393 ea

1206 2415 1404 2453 mirifice
1393 2429 1436 2454 ιιι
1456 2415 1677 2455 Americam
1702 2412 1941 2459 convenire,
1967 2420 2010 2450 ut
2031 2412 2064 2450 si
2097 2425 2176 2450 non
2204 2426 2254 2452 ex

1206 2473 1343 2512 luston
1334 2487 1380 2512 1ae
1401 2473 1575 2512 fontibus
1589 2473 1726 2520 ducta,
1755 2479 1858 2510 celte
1880 2441 2072 2521 sirigulari
2092 2471 2259 2522 quadam
2316 2496 2319 2499 ν

1207 2546 1251 2571 ac
1269 2546 1435 2585 ΡιΗοιειιε
1463 2532 1601 2571 divina
1633 2530 1756 2569 animi
1775 2530 2056 2583 praesagitione
2089 2531 2258 2570 conficta

1207 2594 1299 2633 slnt.
1319 2594 1365 2644 ιι)

1261 2665 1291 2691 2.
1320 2653 1367 2691 Οἱ
1389 2649 1424 2690 δὲ
1446 2650 1527 2703 περι
1549 2649 1738 2703 Κράντορα
1767 2651 1828 2688 του
1862 2647 2055 2693 Πλάτωνος
2088 2647 2259 2700 ἐξηγηταί

1208 2725 1293 2764 φασι
1310 2709 1452 2762 γενητὸν
1473 2707 1638 2761 λέγεσθαι
1656 2724 1714 2748 τον
1742 2706 1875 2760 κόσμον
1896 2709 1945 2751 ὥς
1964 2706 2027 2746 ἀπ’
2054 2707 2170 2752 αἰτίας
2192 2708 2258 2747 ἅλ-

1207 2772 1268 2818 λης
1288 2768 1532 2822 παραγόμενον
1557 2767 1618 2807 καὶ
1638 2768 1702 2807 οὔκ
1721 2768 1806 2808 ὄντα
1829 2767 2014 2821 αὗτόγονον
2040 2767 2116 2807 οὐδὲ
2150 2770 2258 2808 0:500-
2302 2798 2307 2804 .

1207 2828 1396 2868 πόστατον.

1265 2888 1628 2942 (I'roclusinT-im.
1643 2901 1687 2940 p.
1710 2888 1776 2929 85.
1796 2887 1846 2928 A.
1868 2888 1931 2929 ed.
1951 2886 2072 2927 Basil.
2094 2887 2157 2939 [p.
2183 2901 2258 2938 199

1207 2949 1271 2991 ed.
1292 2948 1506 2987 Schneider
1517 2946 1711 3002 ]τοιαύτης
1730 2935 1842 3009 δξῖἂιυν
1873 2950 1935 2994 τ’ἥς
1954 2946 2133 2995 ζητήσεως
2154 2946 2261 2995 οὔσης

1208 3008 1441 3061 Πλούταρχος
1462 3006 1524 3060 μὲν
1545 3007 1606 3046 καὶ
1634 3006 1788 3051 Ἀττικὸς
1817 3005 1878 3045 καὶ
1903 3005 2006 3045 ἄλλοι
2035 3005 2161 3044 πολλοὶ
2189 3009 2258 3045 τῶν

976 3090 1109 3095 ——-
1146 3085 2262 3095 ——-—-——-————-———-——

135 3127 148 3159 1
183 3126 302 3159 Totam
324 3125 410 3158 hane
434 3125 476 3159 de
495 3124 672 3158 Atlantinis
696 3123 914 3157 narrationem
935 3121 988 3155 alii
1019 3121 1143 3155 nudam

88 3181 261 3217 historiam
284 3190 356 3216 esse
372 3182 477 3223 aiunt,
497 3184 535 3216 ut
550 3182 678 3225 primus
694 3180 842 3214 Ptatonis
863 3179 1025 3221 interpres
1043 3179 1144 3212 Cran-

88 3243 159 3283 tor·
190 3242 249 3287 qui
266 3252 344 3277 eum
370 3244 470 3278 etiam
497 3243 540 3276 ab
562 3242 746 3286 aequalibus
772 3240 917 3274 derisum
948 3248 1019 3273 esse
1048 3239 1142 3280 dicit,

89 3301 178 3345 quod
197 3312 261 3336 non
272 3302 343 3346 ipse
355 3303 442 3338 esset
457 3302 648 3346 reipublicae
666 3301 826 3342 inventor,
845 3299 902 3332 sed
918 3299 1142 3342 AEgyptiorum

90 3361 184 3395 resin
198 3369 341 3404 graecam
355 3360 500 3403 linguam
511 3361 746 3394 transtulisset.
763 3360 857 3393 Illum
872 3361 982 3392 autem
990 3358 1049 3391 ad
1036 3367 1143 3391 c·onon

89 3417 268 3460 neglexisse
285 3417 458 3461 derisores,
478 3420 517 3452 ut
537 3419 699 3463 AEgyptiis
721 3419 807 3453 hanc
823 3419 865 3452 de
889 3417 1142 3452 Atheniensibus

91 3476 125 3508 et
143 3473 319 3510 Atlantinis
346 3477 569 3511 narrationem
590 3478 791 3520 remitteret,
814 3478 906 3512 ratus
929 3477 1006 3511 olim
1034 3477 1139 3512 Athe-

1204 3120 1332 3153 nienses
1348 3119 1438 3153 hunc
1451 3119 1595 3153 civitatis
1612 3120 1735 3153 statum
1747 3118 1914 3151 habuisse.
1959 3119 2007 3151 Ea
2022 3127 2118 3159 vero,
2139 3118 2257 3159 inquit,

1205 3179 1424 3213 testificantur
1444 3179 1672 3222 AEgyptiorum
1702 3187 1837 3221 quoque
1862 3179 1976 3218 vates,
2003 3177 2076 3210 haec
2098 3177 2259 3210 columnis

1204 3249 1279 3282 quae
1302 3239 1412 3273 adhue
1437 3241 1567 3273 exstant
1595 3239 1752 3281 inscripta
1779 3247 1849 3271 esse
1877 3239 2035 3271 dicentes.
2092 3238 2157 3272 Alii
2180 3246 2257 3270 vero

1202 3298 1372 3334 historiam
1387 3300 1477 3333 illam
1493 3309 1617 3333 meram
1635 3299 1778 3332 fabulam
1798 3307 1869 3332 esse
1888 3298 1992 3332 aiunt.

1245 3363 1276 3393 2.
1297 3362 1337 3393 At
1359 3360 1511 3400 Crantor,
1527 3358 1675 3392 Platonis
1696 3359 1868 3401 interpres,
1893 3358 1941 3390 ait
1959 3359 2167 3400 procreatum
2190 3342 2255 3389 dici

1202 3419 1375 3461 mundum,
1396 3430 1451 3462 qu
1442 3421 1556 3453 itenus
1576 3419 1617 3452 ab
1634 3419 1697 3452 alia
1714 3428 1813 3452 causa
1824 3418 1949 3451 oriatur
1962 3427 2000 3450 ac
2019 3426 2123 3457 neque
2139 3418 2254 3458 suapte

1203 3481 1318 3522 sponte
1339 3481 1436 3512 natus
1450 3479 1510 3515 sit.
1538 3488 1642 3521 neque
1661 3487 1719 3521 per
1732 3487 1767 3512 se
1783 3477 1951 3513 subsistat.

1148 3540 1224 3580 139
