2528 3788
44 161 57 230 Ξ

75 340 103 359 ,ῥ’

73 409 102 432 ..if

88 90 110 108 ,κ

35 469 95 516 §a

926 196 994 236 DE
1023 196 1122 237 DIIS
1153 197 1219 237 ET
1245 197 1431 238 MUNDO
1455 198 1625 239 LIBER.
2296 201 2348 242 45

173 363 261 390 ,των
278 345 396 387 ἱκανά.
450 363 452 365 “

242 409 258 428 “
288 405 561 458 Περὶ-θυσιῶν]
592 404 689 444 Vide
726 401 987 442 Iamblichum
1036 402 1087 440 de
1126 412 1238 454 myst.

171 314 181 319 ·
194 287 284 343 μετὰ
302 289 434 337 πολλῆς
455 289 516 336 τῆς
532 286 642 335 ἄλλης
659 283 858 340 θρησκείας.
882 284 955 324 Καὶ
974 284 1055 337 περὶ
1074 285 1137 336 μὲν
1155 285 1236 324 τού-
1267 294 1272 337 1
1300 285 1446 339 φθέντας
1477 286 1537 326 καὶ
1557 285 1791 337 ὁμοιωθέντας
1812 287 1908 339 αὐτῷ
1933 286 1998 334 τὴν
2026 288 2139 325 αὑτῶν
2163 287 2349 339 ἀναγωγὴν

1299 345 1420 384 θυσίαν
1456 345 1554 398 ἱερὰν
1586 345 1775 398 προσάγειν
1810 348 1860 399 τῷ
1882 348 1971 399 θεῷ,
2001 347 2064 394 τὴν
2094 346 2204 394 αὐτὴν
2233 346 2351 386 δὲκαὶ

1299 402 1407 454 ὕμνον
1423 398 1530 444 οῧσαν
1548 404 1607 442 καὶ
1621 407 1723 455 ἡμῶν
1741 406 1931 458 σωτηρίαν.
1951 405 2016 446 Ἔν
2035 406 2188 459 ἀπαθείᾳ
2207 406 2275 458 ἄρα
2289 407 2351 453 τῆς

187 477 308 516 tegm-
329 464 360 502 V
375 479 459 518 cap.
483 479 530 504 21
556 473 595 504 et
611 465 677 503 26.
700 461 784 493 ...b
802 461 936 500 δίκαιον
959 460 995 499 δὲ
1018 466 1090 505 τοῖς
1107 462 1238 500 διδοῦσι
1298 462 1431 515 ψυχῆς,
1451 466 1512 501 τοῦ
1537 461 1574 500 δὲ
1594 466 1669 502 θεοῦ
1688 464 1815 516 θεωρίᾳ
1837 467 1858 510 ἡ
1880 463 1982 502 θυσία
2005 463 2093 511 αὕτη
2113 466 2280 503 τελεῖται.
2298 486 2353 493 -

187 525 259 563 τῶν
278 523 469 575 διδομένων
497 520 742 578 ἀπάρχεσθαι]
766 520 961 560 Similiter
989 520 1238 572 Porphyrius
1307 521 1319 545 s
1336 521 1408 569 ζωὴ
1438 521 1475 560 δέ
1498 539 1550 567 τις
1569 522 1630 561 καὶ
1653 525 1673 570 ἡ
1703 523 1931 576 ἀνθρωπίνη]
1961 526 2104 564 Sensus
2129 534 2187 563 est
2211 539 2221 563 ε
2243 525 2350 574 vita,

186 582 236 622 de
254 582 400 624 abstin.
418 583 488 623 lib.
508 582 546 621 ll
565 595 650 634 cap.
667 581 716 626 34
739 578 891 634 ἀπαρχὴ
908 579 977 632 γὰρ
993 579 1131 632 ἑκάστῳ
1148 579 1236 632 (τῶν

187 642 296 696 θεῶν)
308 636 357 684 ὃν
377 641 526 682 δέδωκεν
553 644 574 690 ἡ
597 639 700 680 θυσία
719 642 800 680 κτλ.
819 663 874 671 -
886 647 902 665 ⁰
921 639 1099 692 σωμάτων
1119 640 1156 679 δὲ
1178 641 1237 679 διὰ

186 700 348 757 κόσμου]
363 715 571 755 corporum
589 708 772 740 ornatum
799 697 1060 750 intelligimus
1086 709 1237 740 comtos

187 762 351 814 capillos
368 770 407 801 et
425 761 622 814 prolixos,
645 772 743 811 quos
768 768 975 811 postquam
991 759 1062 798 diu
1083 760 1236 812 promi-

187 830 319 861 serant
344 821 611 860 adolescentes
647 819 861 872 praecidere
891 829 930 858 et
968 820 1098 871 patrio
1131 821 1236 860 amni

185 893 413 920 consecrare
431 879 624 921 solebant.
642 879 731 924 vid.
760 879 874 920 Iliad.
901 879 1048 928 XXlll,
1071 882 1144 925 146
1167 880 1237 919 ubi

183 938 413 986 Eustathius
437 940 493 979 ait
525 953 534 978 :
571 937 625 978 ὅτι
656 937 730 999 ἔθος
761 932 828 987 ἦν,
852 938 989 992 τρέφειν
1022 938 1136 990 κόμην
1158 938 1237 983 τοὺς

183 997 280 1044 νέους
299 999 406 1051 μέχρι
426 1001 488 1046 τῆς
509 999 650 1047 ἀκμῆς,
669 1000 746 1036 εἶτα
767 997 893 1050 κείρειν
909 998 1018 1044 αὐτὴν
1037 997 1238 1050 ἐπιχωρίοις

181 1064 369 1111 ποταμοῖς.
403 1058 464 1098 cf.
500 1059 665 1098 Pausan.
699 1057 738 1106 1,
763 1058 827 1106 37,
852 1071 889 1097 2.
911 1079 964 1086 —
984 1055 1001 1079 ‘¹
1022 1057 1059 1094 αἱ
1089 1055 1125 1094 δὲ
1146 1056 1235 1107 μετὰ

180 1119 311 1158 θυσιῶν
330 1117 484 1172 ἔμψυχοι
502 1117 620 1170 λ’όγοι]
641 1117 820 1168 Magnam
840 1130 923 1156 esse
943 1117 1026 1155 vim
1046 1125 1084 1154 et
1102 1116 1235 1155 effica-

182 1178 282 1218 ciam
300 1191 461 1232 precum
478 1191 566 1217 cum
588 1177 794 1216 sacrificiis
823 1176 1118 1228 conjunctarum
1142 1176 1235 1214 Pla-

183 1236 305 1276 tonici
326 1236 406 1276 sibi
427 1245 718 1289 persuaserant.
733 1235 819 1282 Qua
839 1235 887 1273 de
909 1249 950 1274 re
969 1235 1049 1285 agit
1069 1233 1234 1273 Iambli-

182 1294 279 1337 chus
296 1294 346 1336 de
366 1304 481 1347 myst.
505 1308 626 1346 segm.
649 1294 679 1332 V
694 1308 779 1347 cap.
795 1296 859 1335 25.
881 1317 935 1324 -
956 1299 971 1317 θ
988 1292 1100 1332 οἰκεία
1122 1293 1158 1332 δὲ
1177 1309 1234 1332 τε-

181 1353 319 1402 λειότης
347 1354 486 1407 ἑκάστῳ
516 1357 538 1401 ἡ
572 1353 658 1405 πρὸς
677 1353 742 1401 τὴν
770 1356 896 1393 ἑαυτοῦ
919 1353 1033 1392 αἰτίαν
1065 1352 1231 1407 συναφή]

181 1413 428 1466 Porphyrius
446 1414 495 1453 de
514 1413 753 1452 abstinentia
781 1413 852 1454 lib.
877 1414 915 1452 ll
937 1427 1023 1465 cap.
1055 1415 1103 1458 34
1125 1414 1231 1453 θύσο-

184 1487 250 1524 μεν
277 1472 392 1512 τοίνυν
412 1472 474 1512 καὶ
494 1475 616 1524 ἡμεῖς·
638 1471 729 1512 ἀλλὰ
766 1473 941 1525 θύσομεν,
968 1477 1016 1518 ὥς
1040 1474 1232 1527 προσήκει,

60 1529 69 1574 ᾗ
113 1581 117 1586 .
180 1531 364 1585 διαφόρους
382 1534 445 1576 τὰς
464 1532 584 1576 θυσίας
599 1534 646 1576 ὡς
668 1534 710 1571 ἂν
733 1532 908 1586 διαφόροις
927 1532 1098 1584 δυνάμεσι
1123 1548 1233 1586 προσ-

10 3066 45 3102 22.-

18 3101 30 3113 2-

181 1591 346 1645 άγοντες·
374 1593 443 1646 θεῷ
468 1591 532 1643 μὲν
559 1595 610 1645 τῷ
630 1591 686 1631 ἐπὶ
711 1597 819 1632 πᾶσιν
833 1622 844 1640 ,
866 1591 913 1637 ὥς
946 1608 997 1637 τις
1018 1593 1107 1646 ἀνὴρ
1130 1592 1233 1646 σοφὸς

180 1650 274 1706 (φη,
293 1650 402 1704 μηδὲν
422 1654 490 1691 τῶν
512 1653 687 1700 αἰσθητῶν
713 1652 802 1703 μήτε
823 1654 1013 1703 θυμιῶντες
1034 1652 1124 1704 μήτε
1145 1653 1232 1691 ἕπο-

178 1709 406 1760 νομάζοντες·
435 1709 533 1749 οὐδὲν
559 1709 627 1763 γὰρ
653 1709 746 1749 ἔστιν
775 1709 915 1758 ἔνυλον,
938 1710 957 1749 ὃ
979 1710 1029 1762 μὴ
1058 1713 1109 1763 τῷ
1134 1709 1231 1764 ἀῦλῳ

179 1769 280 1815 ιῦθῦς
293 1770 386 1809 ἐστιν
404 1769 612 1820 ἀκάθαρτον.
632 1771 686 1809 Δι’
707 1769 726 1809 ὃ
745 1769 823 1809 οὐδὲ
847 1769 948 1822 λόγος
969 1769 1080 1824 τούτῳ
1104 1773 1122 1809 ὁ
1139 1770 1232 1810 κατὰ

180 1827 298 1883 φωνὴν
318 1830 464 1876 οἰκεῖος,
487 1828 559 1867 οὐδ’
579 1831 598 1868 ὁ
618 1828 712 1867 ἔνδον
725 1859 735 1876 ,
756 1828 840 1868 ὅταν
860 1829 964 1869 πάθει
984 1832 1102 1884 ψυχῆς
1121 1823 1145 1882 ἦ
1167 1845 1231 1879 με-

181 1886 417 1938 μολυσμένος,
435 1887 492 1926 διὰ
512 1886 548 1926 δὲ
568 1890 668 1940 σιγῆς
686 1892 841 1941 καθαρᾶς
859 1889 918 1927 καὶ
937 1891 1008 1928 τῶν
1028 1888 1107 1942 περὶ
1123 1890 1228 1927 αὐτοῦ

178 1947 342 2000 καθαρῶν
366 1949 502 1986 ἐννοιῶν
525 1946 762 2000 θρησκεύομεν
793 1947 911 1988 αὐτόν.
935 1950 998 1987 Δεῖ
1027 1948 1097 2003 ἄρα
1122 1964 1229 1988 συνα-

177 2059 221 2091 At
234 2066 278 2092 ex
292 2057 346 2091 his
363 2057 518 2091 omnibus
533 2058 582 2091 dii
599 2059 680 2092 nihil
699 2060 864 2093 commodi
879 2059 1031 2102 capiunt3
1049 2059 1128 2102 quid
1143 2061 1230 2093 enim

177 2116 342 2150 commodi
360 2117 442 2150 deus
457 2119 702 2160 consequatur?
723 2118 782 2151 sed
801 2128 861 2152 nos
883 2129 959 2152 cum
976 2119 1041 2153 illis
1057 2121 1231 2153 consuetu-

177 2175 289 2210 dinem
302 2175 479 2220 iungimus.

605 2274 686 2315 Cap.
711 2275 801 2307 xvl.

175 2364 221 2395 De
241 2363 394 2396 sacrificus
419 2365 599 2403 caeterisque
623 2367 805 2403 honoribus,
835 2368 944 2405 quibus
965 2368 1040 2397 nihil
1066 2375 1229 2405 prosumus

335 2418 412 2454 dits,
431 2419 485 2449 sed
503 2419 682 2450 hominibus
699 2421 862 2450 utilitatem
886 2422 1065 2458 praebemus.

215 2496 359 2538 Equum
381 2498 493 2531 autem
519 2501 587 2540 est,
607 2498 734 2540 opinor,
762 2508 816 2532 me
847 2499 888 2532 de
921 2499 1092 2532 sacrificiis
1121 2508 1227 2541 pauca

174 2554 328 2597 adjicere.
371 2555 520 2589 Primum
534 2556 668 2599 quidem
689 2566 794 2600 quum
814 2558 923 2591 omnia
942 2567 961 2591 a
977 2558 1040 2590 diis
1060 2558 1223 2600 acceperi-

173 2622 268 2656 mus,
287 2613 440 2648 dantibus
467 2625 546 2649 vero
567 2625 681 2650 eorum
698 2626 775 2659 quae
793 2617 914 2651 dantur
942 2617 1102 2660 primitias
1124 2618 1227 2652 libare

173 2672 352 2708 debeamus
367 2687 374 2707 :
392 2674 608 2718 pecuniarum
622 2685 682 2719 per
698 2676 851 2719 donaria,
870 2686 1044 2720 corporum
1061 2687 1119 2720 per
1133 2687 1226 2711 orna-

170 2733 245 2766 tum
257 2757 265 2773 ,
283 2731 365 2766 vitoe
378 2741 440 2775 per
462 2732 625 2766 sacrificia
642 2734 805 2776 primitias
821 2735 950 2768 damus.
995 2734 1120 2769 Deinde
1135 2736 1226 2769 adhi-

171 2789 252 2824 hita
265 2790 336 2824 sinc
348 2791 516 2825 sacrificiis
530 2801 644 2834 preces
657 2793 757 2826 verba
769 2795 999 2827 tantummodo
1010 2819 1019 2834 ,
1033 2805 1108 2828 cum
1124 2796 1223 2828 sacri-

171 2847 258 2887 ficiis
272 2850 376 2884 verba
391 2850 535 2884 animata
553 2853 650 2892 sunt,
674 2853 775 2886 verbo
791 2853 926 2895 quidem
947 2854 1049 2887 vitam
1073 2855 1224 2889 corrobo-

169 2909 283 2949 rante,
309 2908 378 2942 vita
402 2918 482 2943 vero
507 2910 647 2944 verbum
674 2911 849 2946 animante.
893 2914 1058 2947 Praeterea
1077 2914 1221 2955 cujusvis

169 2966 219 3001 roi
235 2966 374 3002 felicitas
386 2970 518 3011 propria
533 2970 692 3012 perfectio
708 2974 776 3011 est3
794 2971 852 3004 sed
870 2972 1000 3014 propria
1018 2973 1222 3014 uniuscujus-

169 3034 235 3070 que
261 3027 422 3070 perfectio
459 3028 495 3062 in
517 3038 556 3063 eo
578 3033 742 3072 versatur,
768 3033 805 3063 ut
826 3032 902 3073 apte
933 3040 1010 3064 cum
1039 3041 1138 3066 causa
1160 3042 1219 3067 sua

169 3085 345 3121 cohmreat.
391 3089 598 3131 Quapropter
622 3099 683 3123 nos
701 3099 779 3123 cum
800 3090 864 3124 diis
889 3087 1039 3134 conjungi
1057 3092 1216 3134 cupimus.

167 3143 280 3193 Quum
294 3145 395 3189 igitur
413 3147 482 3181 vita
499 3148 605 3190 prima
620 3149 757 3183 deorum
773 3150 835 3191 sit,
852 3149 912 3183 sed
926 3149 1071 3185 humana
1089 3161 1218 3195 quoque

135 3243 137 3245 ¹
155 3203 320 3246 ⁴cltttedttm
341 3205 385 3238 sit
406 3205 476 3239 vita
494 3207 527 3240 et
555 3206 627 3241 haec
648 3217 724 3241 cum
745 3208 799 3241 illa
828 3208 947 3242 sociari
971 3209 1050 3243 velit
1072 3222 1079 3242 :
1109 3211 1218 3244 medio

165 3261 302 3306 hdiget.
345 3263 434 3298 Nihil
450 3265 537 3299 enim
562 3275 676 3300 eorum
701 3277 777 3310 quae
794 3267 983 3309 longissime
1007 3268 1094 3302 inter
1109 3279 1146 3303 se
1162 3269 1215 3304 di-

167 3321 256 3356 stant
281 3322 352 3357 sine
374 3324 484 3358 medio
510 3326 717 3360 connectitur
745 3341 752 3361 :
782 3328 927 3360 medium
951 3330 1062 3362 autem
1080 3329 1122 3362 iis
1142 3339 1217 3372 quae

167 3380 416 3424 conjunguntur,
435 3383 542 3418 simile
560 3394 634 3419 esse
650 3385 760 3420 debet.
805 3387 891 3421 Vitae
907 3397 982 3431 ergo
998 3388 1143 3423 medium
1162 3389 1214 3423 vi-

166 3439 236 3474 um
253 3449 326 3477 esse
343 3443 516 3485 oportebat
537 3458 545 3478 ε
564 3445 705 3480 ideo‹·ue
720 3446 886 3489 homines,
906 3450 972 3481 tam
992 3446 1038 3482 illi
1052 3447 1109 3491 qui
1127 3459 1214 3484 nunc

1299 594 1415 631 quam
1434 582 1476 620 in
1497 583 1613 621 terris
1629 583 1822 633 degimus,
1840 598 1918 622 non
1934 593 1993 623 est
2014 598 2106 623 vera
2121 585 2219 634 vita,
2232 597 2352 636 quum

1299 653 1405 679 mors
1420 641 1552 693 potius
1567 643 1801 694 appellanda
1814 643 2008 684 videatur.
2024 643 2286 683 Concedimus
2297 652 2352 683 ta-

1298 710 1387 736 men
1413 708 1450 737 et
1474 699 1574 738 hane
1595 701 1716 739 vitam
1738 701 2029 752 quodammodo
2059 715 2174 753 posse
2196 702 2351 749 vocari,

1298 771 1534 810 quamquam
1561 769 1642 798 tum
1664 761 1835 812 denique
1863 762 2066 810 vivemus,
2090 775 2209 812 quum
2230 762 2354 800 animi

1299 819 1422 857 nostri
1439 833 1649 871 corporum
1668 820 1838 859 vinculis
1855 822 1973 859 soluti
1995 830 2123 860 erunt.
2145 821 2244 860 Vide
2262 821 2354 859 Phi-

1298 878 1391 916 lolai
1414 879 1552 929 fragm.
1577 881 1626 918 23
1648 888 1685 918 et
1706 887 1755 926 24
1786 881 1870 920 vol.
1901 883 1938 918 II
1958 894 2046 932 pag.
2085 896 2104 929 7
2125 890 2163 919 et
2185 895 2272 932 quae
2295 881 2353 919 ibi

1298 931 1535 977 notavimus.
1563 939 1621 977 Cf.
1648 939 1759 977 Plato
1786 939 1909 990 Gorg.
1944 946 2033 990 492.
2055 940 2099 979 E.
2128 941 2261 980 Phaed.
2284 941 2349 981 62.

1298 999 1338 1036 B.
1370 998 1509 1037 Cicero
1549 998 1709 1039 Tuscul.
1745 999 1786 1047 Ι,
1821 1001 1885 1040 31.
1920 1022 1973 1030 —-
2002 1004 2019 1029 Β
2049 1000 2110 1038 καὶ
2143 1003 2257 1038 ταῦτα
2288 1000 2355 1051 οὐχ

1298 1058 1438 1107 ἁπλῶς,
1466 1058 1544 1097 ἀλλ’
1574 1058 1715 1111 ἑκάστῳ
1736 1060 1803 1111 θεῷ
1831 1059 1876 1096 τὰ
1903 1059 2107 1111 πρέποντα]
2127 1060 2230 1099 Vide
2250 1059 2353 1096 Iam-

1298 1117 1472 1156 blichum
1494 1117 1541 1155 de
1562 1126 1724 1157 mvster.
1747 1131 1866 1168 segm.
1884 1117 1915 1154 V
1937 1132 2022 1170 cap.
2048 1133 2097 1156 20
2119 1133 2157 1170 p.
2183 1120 2270 1163 134.
2287 1118 2351 1169 —)

1731 1252 1822 1303 Κεφ.
1866 1250 1921 1295 ιζ’.

1529 1364 1600 1396 Ὀτι
1621 1364 1714 1405 φύσει
1741 1364 1893 1406 ἄφθαρτος
1914 1365 1931 1396 ὁ
1951 1363 2074 1405 κόσμος
2095 1375 2121 1396 a.

1350 1468 1421 1505 Τὸν
1440 1465 1476 1504 δὲ
1496 1465 1630 1515 κόσμον
1651 1465 1704 1505 ὅτι
1728 1465 1790 1516 μὲν
1811 1468 1874 1505 οὔκ
1896 1465 1936 1505 ἂν
1956 1465 2026 1504 θεοὶ
2046 1469 2228 1519 φθεροῦσιν
2241 1467 2279 1513 ¹³,
2299 1463 2347 1504 εἴ-

1297 1543 1414 1580 ρηται.
1443 1526 1533 1567 e'Ort
1555 1526 1591 1565 δὲ
1618 1527 1678 1566 καὶ
1706 1527 1770 1574 τὴν
1798 1527 1899 1580 φύσιν
1924 1526 2216 1580 ἄφθαρτονέχει,
2239 1526 2353 1578 λέγειν

1295 1587 1493 1626 ἀκόλουθον.
1509 1589 1590 1627 Πᾶν
1606 1585 1675 1640 γὰρ
1690 1586 1731 1625 τὸ
1748 1586 1976 1640 φθειρόμενον
1990 1586 2014 1634 ἢ
2035 1589 2092 1640 ὑφ’
2109 1588 2236 1625 ἑαυτοῦ
2258 1586 2352 1640 φθεί-

1296 1663 1395 1699 ρεται
1416 1646 1438 1693 ἢ
1460 1646 1527 1685 ὕπὸ
1554 1645 1674 1686 ἄλλου.
1706 1648 1750 1685 Εἰ
1780 1645 1842 1697 μὲν
1868 1641 1927 1686 οὖν
1948 1648 2004 1700 ὕφ’
2027 1648 2151 1685 ἑαυτοῦ
2179 1649 2197 1686 ὃ
2218 1646 2350 1698 κόσμος

1295 1706 1494 1760 φθείρεται,
1513 1705 1583 1745 ἔδει
1599 1711 1615 1730 ⁰
1628 1705 1742 1745 καὶτὸ
1758 1709 1828 1758 πῦρ
1846 1706 1951 1746 ἑαυτὸ
1970 1705 2082 1745 καίειν
2094 1736 2104 1754 ,
2121 1705 2181 1744 καὶ
2199 1706 2239 1745 τὸ
2259 1705 2351 1760 ὕδωρ

1294 1767 1397 1805 ἑαυτὸ
1419 1766 1606 1818 ξηραίνειν.
1626 1767 1672 1806 Εἰ
1689 1765 1725 1804 δὲ
1742 1766 1809 1805 ὑπὸ
1829 1765 1990 1813 ἄλλου·ἢ
2013 1765 2174 1817 σώματος
2187 1797 2197 1816 ‚
2215 1763 2238 1813 ἢ
2260 1767 2351 1805 ἀσωἦ

1298 1825 1423 1876 μάτου.
1459 1824 1554 1864 Ἀλλ’
1575 1825 1643 1865 ὑπὸ
1673 1825 1736 1876 μὲν
1759 1825 1952 1877 ἀσωμάτου
1984 1825 2175 1865 ἀδύνατον·
2207 1826 2252 1865 τὰ
2283 1828 2352 1879 γὰρ

1297 1886 1474 1937 ἀσώματα
1497 1885 1600 1930 σώζει
1631 1884 1675 1923 τὰ
1700 1884 1872 1936 σώματα·
1895 1878 1966 1923 οἷον
1986 1885 2085 1938 φύσις
2110 1883 2127 1908 ‘¹
2147 1884 2208 1924 καὶ
2229 1886 2326 1939 ψυχή
2342 1902 2350 1910 ·

1295 1946 1392 1986 οὐδὲν
1414 1946 1450 1985 δὲ
1467 1945 1535 1984 ὑπὸ
1555 1948 1617 1983 τοῦ
1638 1944 1739 1998 φύσει
1757 1944 1925 1990 σώζοντος
1946 1945 2136 1999 φθείρεται.
2164 1946 2210 1984 Εἰ
2231 1944 2265 1983 δὲ
2285 1945 2351 1983 ὑπὸ

1297 2058 1457 2092 fortunati
1485 2057 1664 2098 habentur,
1694 2066 1794 2099 quam
1810 2057 1867 2099 qui
1886 2057 1964 2090 olim
1983 2058 2120 2091 suerunt
2138 2058 2271 2099 cuncti,
2295 2057 2352 2090 ho-

1294 2120 1374 2153 stias·
1403 2119 1593 2159 immolant,
1614 2126 1736 2159 easque
1754 2127 1822 2150 non
1845 2120 1971 2151 temere
1984 2143 1992 2159 ,
2020 2118 2078 2151 sed
2094 2118 2210 2160 quales
2233 2118 2352 2160 cuique

1292 2179 1355 2212 deo
1371 2179 1457 2220 aptae
1478 2179 1575 2216 sunt,
1594 2187 1670 2211 cum
1687 2176 1801 2211 multis
1819 2177 1892 2210 aliis
1913 2177 2121 2213 caerimoniis.
2166 2180 2213 2211 Ac
2232 2177 2274 2211 de
2300 2178 2351 2210 bis

1290 2238 1423 2277 quidem
1446 2237 1538 2272 satis.

1710 2333 1791 2373 Cap.
1821 2332 1924 2365 xvn.

1518 2427 1666 2457 Mundum
1681 2429 1791 2458 natura
1805 2436 1868 2459 esse
1881 2429 2115 2465 sempiternum.

1331 2502 1418 2534 Deos
1436 2509 1533 2542 porro
1551 2510 1616 2533 non
1638 2509 1711 2533 esse
1730 2501 1893 2534 mundum
1911 2501 2100 2544 perdituros
2111 2526 2120 2542 ,
2138 2501 2266 2535 dictum
2281 2503 2344 2535 est.

1288 2549 1420 2600 Restat,
1450 2562 1490 2593 ut
1518 2569 1594 2594 eum
1618 2561 1771 2594 naturam
1792 2560 2019 2603 incorruptam
2037 2561 2159 2595 habere
2180 2560 2343 2595 dicamus.

1288 2619 1457 2661 Quidquid
1485 2621 1572 2653 enim
1593 2620 1790 2662 destruitur,
1814 2623 1871 2654 aut
1898 2630 1918 2654 a
1945 2630 1981 2655 se
2011 2622 2103 2664 ipso,
2131 2623 2190 2654 aut
2214 2620 2256 2654 ab
2281 2621 2345 2655 alio

1287 2679 1485 2713 destruitur.
1530 2679 1564 2712 Si
1579 2679 1681 2722 igitur
1697 2680 1842 2713 mundus
1861 2690 1878 2713 a
1896 2690 1931 2714 se
1952 2680 2024 2723 ipso
2039 2680 2231 2722 destruitur,
2250 2690 2345 2724 opor-

1285 2740 1334 2772 tet
1362 2741 1396 2772 et
1415 2739 1525 2779 ignem
1552 2748 1587 2772 se
1618 2739 1728 2782 ipsum
1747 2739 1946 2774 comburere
1974 2743 2009 2774 et
2041 2750 2161 2783 aquam
2183 2750 2219 2774 se
2237 2741 2343 2783 ipsam

1284 2798 1460 2831 exsiccare.
1506 2799 1563 2833 Sin
1578 2799 1620 2831 ab
1639 2797 1703 2832 alio
1722 2812 1729 2832 :
1751 2801 1809 2832 aut
1828 2809 1848 2832 a
1869 2807 2024 2842 corpore,
2043 2802 2102 2833 aut
2122 2800 2163 2833 ab
2187 2800 2340 2843 incorpo-

1285 2868 1351 2892 τοο.
1396 2858 1462 2892 Sed
1477 2859 1519 2892 ab
1542 2859 1735 2903 incorporeo
1754 2859 1790 2893 id
1815 2860 1884 2893 tieri
1905 2860 2021 2903 nequit
2040 2874 2047 2893 ε
2066 2871 2143 2894 nam
2162 2870 2216 2895 res
2231 2864 2339 2895 incor—

1283 2910 1392 2959 poreae
1413 2925 1552 2960 corpora
1577 2919 1772 2951 conservant
1806 2931 1813 2950 ι
1844 2919 1936 2953 velut
1962 2921 2083 2953 natura
2117 2922 2153 2954 et
2188 2921 2337 2962 animus3

1282 2976 1363 3010 nihil
1378 2978 1493 3010 antem
1514 2977 1556 3010 ab
1571 2987 1611 3011 eo
1627 2977 1717 3020 quod
1739 2980 1854 3021 suapte
1872 2980 1992 3013 natura
2008 2982 2182 3014 conservat
2198 2980 2340 3014 destrui-

1282 3038 1348 3070 tur.
1393 3036 1427 3071 Si
1445 3045 1466 3070 a
1488 3046 1624 3080 corpore
1637 3062 1646 3079 ,
1665 3039 1721 3071 aut
1747 3038 1788 3071 ab
1807 3038 1848 3071 iis
1874 3048 1949 3081 quae
1981 3041 2081 3081 sunt,
2111 3042 2171 3073 aut
2189 3040 2231 3073 ab
2251 3040 2334 3074 aliis

1281 3097 1321 3128 Et
1337 3095 1470 3137 quidem
1481 3122 1489 3137 ,
1509 3096 1539 3130 si
1556 3096 1598 3129 ab
1614 3095 1655 3130 iis
1671 3106 1747 3138 quae
1764 3100 1859 3139 sunt,
1882 3099 1940 3131 aut
1959 3098 2002 3132 ab
2019 3098 2061 3132 iis
2079 3108 2155 3140 quae
2170 3099 2203 3132 in
2220 3100 2336 3133 orbem

1281 3155 1429 3189 feruntur
1444 3155 1628 3190 interibunt
1652 3166 1728 3199 quae
1746 3160 1834 3191 recte
1849 3160 2002 3200 currunt,
2022 3162 2083 3192 aut
2099 3168 2119 3192 a
2143 3159 2335 3202 corporibus

1278 3215 1368 3248 recte
1387 3215 1597 3250 currentibus
1613 3225 1652 3250 ea
1667 3226 1742 3258 quas
1757 3217 1791 3250 in
1812 3219 1927 3251 orbem
1950 3219 2147 3260 torquentur
2165 3220 2330 3262 peribunt.

1278 3275 1402 3306 vetum
1417 3276 1455 3307 ut
1477 3283 1517 3308 ea
1531 3284 1606 3315 quae
1633 3276 1666 3309 in
1686 3277 1801 3310 orbem
1820 3277 1971 3311 feruntur
1987 3278 2190 3320 coriuptrice
2211 3280 2330 3312 natura

1277 3341 1341 3366 non
1357 3335 1433 3367 sunt
1450 3334 1588 3376 praedita
1602 3336 1686 3377 (cur
1712 3336 1800 3370 enim
1817 3337 1898 3371 nihil
1914 3337 1991 3371 inde
2010 3339 2205 3380 corruptum
2233 3338 2324 3372 vide-

1276 3392 1464 3434 mus?)ita
1483 3394 1585 3428 etiam
1611 3404 1688 3437 quae
1722 3398 1811 3430 recte
1838 3400 1976 3430 currunt
2003 3397 2058 3430 illa
2088 3397 2249 3439 attingere
2274 3406 2328 3431 ne-

1275 3454 1402 3494 queunt
1424 3466 1430 3473 ·
1450 3463 1508 3486 cur
1524 3454 1611 3488 enim
1628 3464 1734 3497 usque
1747 3454 1790 3489 ad
1805 3456 1869 3490 hoc
1890 3459 2022 3499 tempus
2039 3466 2103 3490 non
2120 3459 2327 3501 potuerunt?
