2508 3776
72 85 133 140 κῗζί

63 295 306 347 »Μαῖα
321 295 472 348 ἀνδρεῖοί
485 297 585 347 εἰσιν,
605 299 695 339 ἀλλὰ
713 301 880 354 μάχιμοι·
900 303 939 341 οὒ
959 302 1028 356 γὰρ
1049 303 1106 341 διὰ
1125 304 1165 342 τὸ

59 351 394 414 ζξιμλρνῶρμῶσι
430 354 492 394 καὶ
520 358 739 410 ὀργίζονται,
767 361 859 400 ἀλλὰ
890 360 947 399 διὰ
977 361 1016 401 τὸ
1047 363 1167 407 πάθος

6 451 7 454 ,
59 411 263 470 &⁸¹⁰⁸oe
277 415 325 458 ὡς
339 413 415 452 δέον
441 416 535 464 ἐστί,
554 418 614 456 καὶ
633 422 651 458 ὁ
670 419 769 473 ὀρθὸς
794 421 939 459 ἀπαιτεῖ
953 418 1064 472 λόγος,
1086 421 1165 460 ἀλλ’

155 470 230 512 *lv
249 474 402 522 κινήσειε
421 474 460 513 τὸ
483 476 602 522 πάθος.

4 534 11 551 ‘
120 539 153 562 ³³
168 529 195 557 ⁴
209 533 362 572 Δοκοῦσι
376 532 412 571 δὲ
433 532 494 572 καὶ
507 536 539 573 οἱ
557 536 732 582 εὐέλπιδες
751 536 880 581 πάντες
891 539 1042 591 ἀνδρεῖοι
1059 531 1163 587 εἶναι,

64 584 183 649 su&
196 590 298 638 del⁰
317 591 354 630 δὲ
377 591 520 637 πάντες.
546 595 701 634 Δυνατὸν
721 595 788 647 γὰρ
805 595 990 641 εὐέλπιδας
1004 602 1020 626 ¹³
1049 591 1139 636 εἶναι
1152 627 1164 648 ,

4 669 6 673 ·
73 634 156 691 ¹925
172 649 231 690 &az
247 650 288 691 τὸ
308 650 358 704 μὴ
377 650 560 705 φοὸεῖσθαι
581 652 626 692 τὰ
645 654 787 706 λυπηρὰ
806 659 870 693 τοῦ
888 655 1021 707 ἀγαθοῦ
1046 655 1163 705 ἕνεκα,

4 735 6 739 v
55 708 208 749 ‘uu
230 709 288 749 διὰ
306 711 346 750 τὸ
372 711 544 756 πολλάκις
569 711 631 752 καὶ
653 713 803 758 πολλοὺς
828 715 1076 767 νενικηκέναι,
1102 717 1163 755 καὶ

3 803 6 807 .
50 777 70 814 ’ῃ
99 766 174 808 “’διᾶ
189 772 291 810 τοῦτο
310 771 452 825 θαρῤεῑν
465 799 477 819 ,
498 774 546 816 ὣς
575 773 614 811 οὗ
632 776 903 824 περιπεσοῧνται
930 777 999 818 τοῖς
1023 775 1159 819 κακοῖς·

1 875 4 879 ,
48 834 57 857 2
98 823 255 883 ’δοκῶσι
286 828 326 868 δὶ
354 828 530 883 ἀνδρεῖοι,
565 830 623 869 διὰ
641 829 681 869 τὸ
714 830 862 870 ἐοικέναι
897 837 969 876 τοῖς
998 833 1163 884 ἀνδρείοις

60 914 61 917 ¹
104 878 205 949 ’ξπᾶ
234 885 276 926 τὸ
297 885 452 942 θᾶῥρεῑν-
473 887 566 928 Ἀλλ’
586 890 619 928 οἱ
652 888 715 938 μὲν
737 890 890 943 ἀνδρεῖοι
911 891 1081 943 θαρῤοῧσι
1103 892 1160 930 διὰ

66 951 68 954 ’
100 929 157 1005 Ξτῇ,
177 942 438 1000 προειρημένα,
465 941 559 987 οὗτοι
583 948 619 986 δὲ
642 947 700 988 διὰ
727 947 768 986 τὸ
788 947 922 987 οἴεσθαι
949 948 1057 1000 μηδὲν
1077 950 1158 988 πεί-

46 1027 56 1059 ⁹..
102 1008 232 1061 Μαι
249 1006 420 1059 λυπηρόν.
442 1005 551 1046 Οὕτω
567 1005 604 1046 δὲ
622 1005 684 1046 καὶ
701 1007 732 1045 οἱ
750 1005 1003 1058 μεθυσκόμενοι
1023 1008 1162 1048 εὐέλπι-

46 1079 69 1112 κ,
110 1063 169 1123 δίς
189 1066 278 1106 ,εἰσιν
295 1096 307 1118 ,
337 1065 392 1106 ὅτι
424 1067 556 1109 οἴονται
586 1066 703 1106 πάντα
754 1068 870 1110 αὐτοῖς
907 1067 987 1106 καθ’
1028 1067 1158 1116 ἡδονὴν

11 1154 14 1155 ⁷
107 1125 343 1177 ρπαντήσειν·
365 1129 424 1168 διὰ
441 1131 545 1168 τοῦτο
562 1126 625 1166 καὶ
645 1127 784 1166 ἐπειδὰν
800 1127 968 1172 ἐναντίοις
989 1127 1162 1181 ἐντύχωσι

108 1187 180 1227 *ὧν
211 1189 514 1242 προσδοκωμένων
529 1217 540 1236 ,
576 1188 819 1236 ἀποπηδῶσιν.
858 1187 904 1227 ‘O
940 1187 975 1226 δὲ
1006 1190 1161 1241 ἀνδρεῖος

48 1246 58 1292 J
108 1245 288 1299 ἐρχόμενα
318 1247 382 1288 καὶ
412 1247 606 1303 φαινόμενα
638 1245 683 1285 τὰ
710 1247 853 1299 λυπηρὰ
883 1246 1075 1297 ὑπομένει,
1103 1247 1159 1287 ὅτι

45 1343 49 1346 .
108 1305 246 1357 ἆταθόν
261 1308 355 1346 ἐστιν
375 1307 581 1358 ὑπομένειν,
611 1306 635 1353 ἢ
656 1307 802 1358 αἰσχρὸν
827 1305 867 1345 τὸ
889 1305 937 1357 μὴ
960 1306 1158 1357 ὑπομένειν.

50 1390 54 1392 -
108 1363 179 1418 Διὰ
213 1369 315 1406 τοῦτο
342 1365 406 1406 καὶ
426 1369 461 1407 ἐν
489 1371 560 1410 τοῖς
587 1365 754 1419 ἀνδρείοις
784 1367 913 1410 ἐκεῖνος
942 1367 1076 1417 μᾶλλον
1099 1370 1161 1406 ἀν-

42 1455 43 1458 ,
107 1422 222 1477 Βρεῑός
257 1427 374 1477 ἐστιν,
401 1425 437 1469 ὃς
465 1426 500 1464 ἐν
536 1429 609 1468 τοῖς
643 1423 825 1475 αἷφνιδίοις
845 1429 861 1454 ‘¹
888 1424 1066 1479 ἀτάραχος
1098 1426 1161 1465 καὶ

27 1479 45 1483 '¹
110 1481 243 1537 ὔφὸὸός
263 1485 381 1534 ἐστιν,
413 1483 438 1533 ἢ
459 1486 494 1524 ἐν
515 1489 586 1528 τοῖς
620 1483 753 1537 σφόδρα
788 1483 978 1536 προδήλοις
1005 1483 1066 1523 καὶ
1092 1486 1161 1538 πρὸ

50 1534 57 1590 ,”-
106 1543 298 1599 leonins-h
313 1537 423 1583 οὖσιν·
442 1546 462 1583 ὁ
478 1542 541 1594 μὲν
556 1550 570 1567 “’
581 1542 649 1596 γὰρ
670 1542 921 1595 προγινώσκων
937 1541 982 1581 τὰ
1002 1544 1161 1598 λυπηρά,

38 1603 57 1638 s:
107 1604 272 1657 λόγισμῷ
305 1603 367 1643 καὶ
399 1601 514 1657 κρίσει
539 1601 994 1656 προπαρασκευασᾶμενος,
1015 1604 1161 1655 ὑπομεί-

105 1676 197 1703 νοιεν
218 1662 274 1702 ἄν·
295 1664 314 1701 ὅ
333 1661 369 1702 δὲ
391 1661 441 1714 μὴ
460 1660 733 1715 προγινώσκων,
756 1654 833 1699 εἶτα
859 1660 1004 1699 ἐπιόντα
1024 1663 1160 1714 ὗπομέ·

30 1710 47 1758 s
107 1721 311 1771 νων,’δῆλός
331 1723 426 1761 ἐστιν
441 1721 489 1766 εἷς
503 1719 570 1765 ἕξιν
593 1719 899 1773 ἀνδρείας-ἐλθόν
950 1719 953 1721 ’

159 1781 201 1804 **
214 1782 390 1834 Λέγονται
409 1780 446 1820 δὲ
459 1781 611 1834 ἀνδρεῖοι
623 1781 684 1819 καὶ
696 1781 728 1819 οἱ
743 1781 786 1818 δι’
803 1779 946 1833 ἄγνοιαν
964 1783 1033 1820 τῶν
1049 1783 1162 1821 ἀπαν-

39 1872 41 1874 -
109 1839 285 1890 τησόντων
317 1842 438 1880 κακῶν
465 1840 513 1884 εἷς
544 1838 624 1883 τοὺς
644 1838 823 1883 κινδύνους
857 1842 1049 1893 ὁρμῶντες.
1087 1840 1160 1880 Καὶ

34 1912 38 1945 ξ
107 1898 234 1954 σχεδὸν
251 1901 322 1940 τῶν
341 1899 531 1939 εὔελπίδων
553 1899 652 1938 οὐδὲν
670 1898 898 1952 διαφέρουσι,
913 1900 1006 1948 πλὴν
1026 1899 1107 1939 ὅσον
1127 1902 1159 1939 οἱ

107 1958 174 2012 μὲν
193 1959 369 2004 εὐέλπιδες
388 1957 604 2010 ὑπομένουσι
625 1955 672 1996 τὰ
695 1957 791 1997 δεινὰ
809 1956 935 2011 χρόνον
954 1957 1054 1998 τινά·
1076 1959 1108 1998 οἱ
1123 1957 1160 1997 δὲ

107 2021 332 2071 ὀγκοῦντες,
351 2017 494 2058 ἐπειδὰν
509 2020 654 2071 γνῶσιν,
677 2017 876 2071 φεύγουσιν·
894 2017 1016 2071 ὥσπερ
1036 2019 1068 2057 οἵ
1085 2017 1163 2071 Ἀρ-

104 2084 195 2133 γεῖοι
214 2078 344 2119 ἔπαθον
364 2077 612 2133 περιπεσόντες
639 2078 712 2122 τοῖς
731 2077 900 2117 Λάκωσιν
914 2108 926 2131 ,
950 2080 997 2123 ὥς
1019 2078 1160 2117 Σικυω-

160 2251 337 2306 (Scripsi
358 2266 368 2291 ι
385 2258 400 2276 “
419 2250 606 2304 ἀνδρείας]
628 2262 678 2289 ex
694 2251 924 2298 Aristotele,
946 2259 990 2290 ut
1009 2251 1162 2290 caeteris

24 2331 28 2333 >
105 2312 231 2361 lboi83
252 2311 343 2352 cod,
377 2309 536 2364 ἀνδρίας.
566 2331 621 2340 -
636 2309 654 2334 ¹³
682 2309 948 2363 Πουλυδάμας]
971 2323 1021 2348 ex
1045 2311 1162 2349 Iliad.

22 2374 39 2390 ⁸
66 2405 70 2410 .
105 2367 235 2421 nit,
255 2378 346 2411 100.
371 2369 478 2410 Idem
493 2382 632 2410 versus
652 2369 794 2420 legitur
813 2370 853 2407 in
873 2369 1002 2420 Magn.
1024 2369 1148 2409 Moral

34 2451 45 2479 1
107 2422 183 2483 libs.
202 2429 239 2484 Ι,
259 2443 347 2484 cap.
365 2443 416 2468 20
433 2438 551 2482 atque
576 2429 618 2467 in
639 2428 769 2469 Ethic.
795 2428 961 2469 Eudem.
985 2429 1057 2469 lib.
1079 2428 1159 2479 111,

38 2506 46 2539 2
107 2491 194 2546 ἀρ.
227 2505 260 2530 1.
293 2489 354 2528 Ad
383 2488 570 2528 Catonem
592 2501 689 2528 vero
717 2488 823 2527 hunc
855 2501 1012 2527 versum
1044 2489 1165 2527 trahit

32 2543 47 2590 f
93 2543 249 2601 ‘Cicero
270 2548 320 2589 ad
355 2547 471 2588 Attic.
495 2548 548 2596 ll,
583 2548 605 2586 5
632 2556 672 2587 et
689 2547 778 2595 Vll,
816 2562 851 2585 1.
874 2569 924 2578 -
953 2555 967 2572 ⁰
984 2544 1160 2595 ‘'Exrwp'l

38 2611 42 2619 ²
108 2599 229 2654 Iliad.
244 2606 352 2655 vlu,
374 2608 448 2654 148
470 2620 531 2659 sq.
554 2629 609 2637 —
629 2623 645 2647 d
666 2607 779 2657 αἰδῶ]
805 2607 892 2645 coa.
913 2605 1015 2645 αῑδὼ.
1033 2611 1048 2629 0
1067 2605 1104 2644 ὃν
1128 2605 1165 2645 δέ

37 2706 40 2711 ,
108 2664 271 2722 χζὲγὼν]
289 2666 402 2707 Iliad.
424 2665 475 2716 11,
503 2667 577 2718 391
602 2674 641 2705 et
662 2666 755 2716 393.
779 2665 912 2704 Utitur
934 2665 1164 2706 Aristoteles

105 2726 351 2774 &ampotis
363 2726 437 2774 ΙΙΙ,
452 2741 467 2764 1
477 2733 498 2772 4
510 2726 574 2765 his
585 2726 802 2773 versiculis,
817 2738 917 2777 quos
934 2726 1165 2776 pronuntiat

46 2810 53 2822 ‚
109 2788 391 2840 Agamemnon.
422 2785 575 2824 Similia
597 2785 748 2837 profert
768 2784 913 2822 Hector
942 2783 1056 2823 Iliad.
1079 2783 1161 2831 XV,

39 2848 304 2895 &sno-351.
339 2845 463 2885 Nemo
491 2853 617 2884 autem
652 2844 845 2894 Stagiritae
874 2843 916 2881 in
950 2843 1164 2882 referendis

39 2895 62 2938 ⁴-
108 2908 290 2950 versibus
305 2905 528 2944 Homericis
556 2903 837 2954 negligentiam
861 2911 1012 2954 carpet,
1042 2915 1164 2953 quum

47 2969 68 3000 f
87 2966 304 3011 *memoria
330 2979 420 3005 eum
447 2964 553 3003 haud
584 2963 706 3002 dubie
729 2962 926 3000 fefellerit.
949 2983 1005 2991 —
1020 2961 1032 2985 ¹
1048 2959 1161 3005 κάπὶ]

110 3022 201 3077 eod,
222 3023 333 3079 κᾴπὶ]
361 3046 415 3055 -
431 3029 446 3054 ⁸
465 3022 652 3076 Ἑρμαίῳ]
677 3021 894 3060 Eustratius
915 3019 963 3058 ad
986 3018 1090 3057 hunc
1105 3017 1163 3058 lo-

42 3083 60 3122 f—
82 3126 84 3128 ,
131 3072 165 3090 ‘⁰
221 3086 276 3126 ita
303 3083 471 3124 scribit:
493 3100 508 3117 «ι
530 3082 683 3120 Horum
710 3091 878 3132 utraque
910 3080 952 3117 in
986 3079 1163 3117 Hermaeo

40 3141 47 3146 ⁷
110 3098 300 3195 &meae
316 3144 475 3182 Boeotiae
491 3142 604 3181 urbis
627 3143 714 3180 loco
732 3141 827 3179 olim
850 3139 1061 3190 contigisse
1079 3140 1164 3178 visa

38 3201 45 3216 ’
114 3213 221 3247 snut.
253 3203 349 3243 Nam
374 3216 493 3254 quum
516 3215 642 3240 arcem
667 3201 782 3240 urbis
802 3213 873 3251 per
893 3199 1162 3251 proditionem

18 3262 39 3278 '³
60 3258 66 3295 .'
114 3273 264 3318 capum
284 3263 555 3304 Onomarchus
574 3262 790 3301 Phocensis
818 3268 1045 3311 occupasset
1062 3287 1073 3307 ,
1095 3259 1160 3297 ci—

119 3322 285 3376 νοιῌὰ
301 3322 492 3375 πολιτικά)
514 3322 646 3361 accitis
669 3335 691 3360 e
718 3320 871 3359 Boeotia
904 3317 1164 3358 auxiliaribus

154 3458 175 3496 3
187 3476 421 3520 Παραπλήσιον
442 3475 470 3509 δ’
496 3474 613 3515 ἔχουσί
627 3486 658 3508 τι
675 3476 738 3509 κτλ

599 208 899 254 ETHICORUM
930 213 1379 257 NICOMACHEORUM
1408 217 1786 260 PARAPHRASIS.

2199 222 2277 262 367

1230 297 1330 344 fortes
1342 313 1431 352 sunt,
1448 312 1507 346 sed
1520 322 1684 356 pugnaces
1700 326 1708 347 ε
1726 323 1834 358 neque
1855 313 1943 348 enim
1957 313 2133 349 honestate
2149 314 2279 349 inducti

1229 372 1332 403 ruunt
1345 372 1404 403 aut
1422 373 1689 413 stomachantur,
1704 374 1763 407 sed
1778 373 1880 407 animi
1901 374 2020 408 ardore
2039 375 2170 418 abrepti
2187 386 2194 408 :
2217 385 2279 409 ne-

1230 439 1296 473 que
1316 433 1354 463 ut
1376 434 1506 473 oportet
1532 435 1591 465 aut
1608 436 1699 467 recta
1714 435 1799 467 ratio
1814 437 1937 475 monet,
1954 435 2013 469 sed
2025 438 2125 478 prout
2144 438 2280 478 pertur-

1228 488 1360 523 batione
1381 490 1536 524 concitati
1558 494 1647 525 sunt.

1268 549 1433 583 Videntur
1449 551 1549 584 etiam
1569 552 1630 595 qui
1658 553 1740 586 bene
1769 555 1902 596 sperant
1927 563 2045 589 omnes
2062 564 2134 589 esse
2154 554 2277 598 fortes,

1226 617 1332 651 quum
1363 611 1474 643 tamen
1501 620 1566 643 non
1588 611 1654 644 sint
1678 621 1803 646 omnes.
1834 615 1979 646 Possunt
2012 614 2100 647 enim
2129 613 2280 647 nonnulli

1227 667 1311 701 bene
1339 677 1494 711 sperare,
1524 680 1589 703 non
1603 671 1694 713 quod
1709 671 1895 705 honestatis
1923 682 2022 706 causa
2043 682 2097 706 res
2124 674 2282 707 molestas

1225 736 1290 760 non
1307 730 1478 767 metuant,
1502 729 1562 762 sed
1584 730 1675 771 quod
1697 732 1730 763 et
1749 730 1872 773 saepius
1895 733 1929 764 et
1954 732 2080 765 multos
2109 733 2278 770 vicerunt,

1223 782 1365 826 ideoque
1387 794 1476 818 nunc
1500 794 1634 828 quoque
1654 788 1836 830 confidunt,
1857 788 1929 822 fore
1944 791 1983 822 ut
1999 799 2065 823 non
2085 790 2232 824 incidant
2246 791 2280 823 in

1224 843 1361 877 malum.
1385 844 1552 877 Caeterum
1568 845 1692 878 idcirco
1706 845 1811 881 fortes
1826 847 1994 888 videntur,
2011 849 2091 892 quia
2115 852 2282 893 quatenus

1223 900 1377 934 fiduciam
1393 903 1527 942 habent,
1542 902 1685 937 fortibus
1707 906 1832 939 similes
1851 909 1940 940 sunt.
1970 909 2097 941 Verum
2117 907 2283 951 quemad·

1223 959 1360 992 modum
1377 959 1480 993 fortes
1498 964 1633 1003 propter
1649 972 1706 995 eas
1725 972 1810 1006 quas
1837 964 1985 998 diximus
2003 975 2121 999 causas
2149 965 2278 1004 fidunt,

1223 1017 1272 1050 sic
1284 1018 1319 1051 hi
1337 1019 1430 1061 quod
1447 1029 1467 1052 a
1493 1020 1607 1053 dolore
1624 1022 1657 1053 et
1681 1021 1834 1055 molestia
1853 1024 1947 1056 tutos
1971 1033 2007 1057 se
2032 1023 2102 1058 fore
2115 1024 2283 1058 arbitran-

1223 1078 1289 1110 tur.
1308 1079 1359 1110 Ita
1378 1078 1460 1111 ebrii
1479 1088 1615 1122 quoque
1629 1079 1712 1113 bene
1735 1083 1886 1123 sperant,
1907 1082 1987 1124 quia
2002 1083 2112 1116 omnia
2125 1092 2167 1116 ex
2180 1083 2283 1116 animi

1223 1137 1388 1170 sententia
1418 1141 1580 1171 eventura
1611 1139 1675 1172 sibi
1699 1139 1871 1182 judicant;
1904 1141 2047 1184 ideoque
2082 1152 2189 1185 quum
2218 1143 2284 1176 alia

1223 1206 1326 1240 quam
1339 1201 1552 1239 speraverant
1568 1198 1616 1231 eis
1640 1199 1830 1239 evenerint,
1852 1199 2041 1243 aufugiunt.
2069 1203 2112 1234 At
2133 1211 2214 1235 vero
2231 1203 2284 1236 vir

1221 1254 1320 1288 fortis
1333 1256 1504 1291 molestias
1520 1257 1708 1298 venientes,
1729 1267 1806 1301 quae
1825 1259 1895 1301 jam
1912 1261 2089 1302 apparent,
2122 1261 2281 1300 sustinet,

1221 1308 1314 1351 quod
1330 1309 1386 1342 vel
1408 1310 1572 1343 sustinere
1591 1319 1648 1344 eas
1661 1311 1841 1345 honestum
1857 1312 1912 1352 sit,
1937 1313 1992 1346 vel
2013 1314 2105 1356 quod
2120 1324 2186 1346 non
2207 1324 2284 1348 sus-

1222 1361 1328 1394 tinere
1350 1362 1394 1394 sit
1408 1364 1516 1405 turpe.
1536 1363 1700 1401 Quocirca
1717 1364 1819 1398 etiam
1839 1364 1927 1398 inter
1956 1364 2060 1399 fortes
2084 1366 2142 1399 ille
2157 1365 2281 1400 fortior

1224 1417 1285 1453 est,
1302 1415 1362 1457 qui
1379 1415 1412 1448 in
1430 1416 1530 1449 rebus
1548 1417 1730 1459 repentinis
1749 1417 2014 1460 imperterritum
2027 1428 2062 1452 se
2076 1419 2284 1462 minimeque

1223 1468 1456 1511 perturbatum
1470 1470 1617 1512 praebet,
1639 1480 1743 1514 quam
1759 1471 1795 1505 in
1814 1472 1916 1506 rebus
1944 1473 2130 1507 manifestis
2154 1476 2188 1507 et
2205 1476 2284 1507 ante

1222 1524 1336 1557 oculos
1354 1525 1473 1567 positis
1487 1539 1495 1559 ι
1511 1535 1589 1559 nam
1600 1526 1661 1569 qui
1678 1526 1828 1569 proenovi
1862 1526 1979 1560 futura
1994 1537 2072 1570 quae
2087 1528 2280 1562 molestiam

1223 1575 1343 1610 afferre
1362 1579 1520 1619 possunt,
1535 1577 1566 1611 is
1584 1578 1714 1612 ratione
1736 1580 1771 1612 et
1782 1579 1911 1622 judicio
1923 1580 1983 1613 diu
1999 1583 2076 1613 ante
2094 1580 2282 1614 instructus

1222 1628 1321 1662 facile
1347 1638 1385 1662 ea
1416 1629 1614 1663 sustinuerit
1634 1644 1644 1663 ι
1658 1630 1815 1673 quivero
1843 1632 1932 1665 mala
1955 1632 2049 1675 prius
2074 1633 2187 1675 ignota
2209 1636 2283 1667 tum

1221 1691 1328 1725 quum
1341 1682 1500 1725 ingruunt
1517 1683 1680 1723 sustinet,
1699 1693 1777 1717 eum
1791 1683 2003 1718 fortitudinis
2026 1685 2181 1719 habitum
2207 1687 2280 1729 jam

1222 1736 1440 1768 consecutum
1452 1744 1524 1769 esse
1540 1738 1689 1778 apparet.

1263 1793 1430 1826 Dicuntur
1451 1796 1485 1827 et
1505 1794 1555 1827 illi
1573 1792 1678 1828 fortes
1689 1820 1698 1836 ,
1715 1794 1776 1837 qui
1794 1802 1854 1837 per
1870 1794 2092 1837 ignorantiam
2114 1796 2279 1831 malorum

1221 1855 1299 1890 quae
1314 1847 1463 1880 accidere
1478 1850 1637 1890 possunt,
1653 1847 1811 1890 periculis
1827 1856 1863 1881 se
1879 1848 2106 1883 committunt.
2121 1851 2232 1892 Atque
2244 1850 2282 1883 hi

1221 1900 1358 1943 quidem
1377 1900 1448 1935 fere
1463 1901 1505 1934 ab
1525 1901 1718 1935 hominibus
1734 1901 1819 1934 bene
1841 1901 2053 1944 sperantibus
2080 1902 2164 1935 nihil
2179 1903 2282 1937 diffe-

1221 1955 1322 1994 runt,
1347 1953 1412 1986 n1si
1436 1953 1526 1995 quod
1545 1954 1580 1986 hi
1599 1953 1747 1996 pericula
1784 1953 1991 1996 aliquamdiu
2027 1955 2194 1988 sustinent
2225 1966 2233 1986 ε
2258 1956 2282 1989 ii

1221 2015 1302 2040 vcro
1325 2006 1385 2049 qui
1410 2006 1574 2049 ignorant,
1591 2006 1694 2040 simul
1717 2008 1820 2049 atque
1842 2009 2086 2048 cognoverunt,
2118 2007 2252 2051 fugiunt
2272 2021 2281 2042 ι

1225 2059 1318 2102 quod
1334 2059 1465 2101 Argivis
1490 2059 1623 2100 accidit,
1650 2058 1710 2102 qui
1731 2058 1767 2092 in
1788 2059 2058 2094 Lacedaemonios
2082 2070 2143 2104 pro
2167 2061 2283 2103 Sicyo-

1222 2111 1288 2145 niis
1307 2112 1509 2146 inciderunt.

1226 2249 1435 2298 militibus,
1457 2250 1500 2289 in
1517 2250 1727 2302 campestri
1742 2249 1853 2288 urbis
1869 2250 1972 2298 loco,
1997 2251 2065 2301 qui
2085 2251 2282 2291 Hermaeus

1228 2309 1520 2362 appellabatur,-
1531 2323 1619 2349 cum
1639 2310 1876 2350 Onomarchi
1893 2310 2018 2362 copiis
2038 2311 2250 2350 conflixere
2270 2327 2279 2349 :

1241 2370 1478 2420 ›cclusisque
1497 2371 1625 2420 portis
1639 2398 1650 2417 ,
1672 2378 1717 2407 ut
1737 2369 1837 2419 fugae
1858 2383 1946 2421 spes
1966 2369 2181 2419 tolleretur,
2202 2371 2282 2409 for-

1228 2430 1317 2466 titer
1337 2441 1412 2480 pro
1431 2427 1560 2480 patria
1580 2436 1807 2479 pugnarunt
1823 2458 1834 2476 ‚
1854 2441 2072 2479 omnesque
2086 2428 2142 2466 ibi
2158 2429 2283 2467 inter-

1228 2488 1317 2527 fecti
1337 2496 1448 2536 sunt;
1467 2487 1612 2526 milites
1635 2486 1688 2540 (οἱ
1711 2488 1946 2542 στρατιῶται)
1982 2501 2080 2527 vero
2104 2490 2232 2527 statim
2261 2504 2283 2528 a

1227 2548 1442 2600 principio,
1463 2547 1534 2586 ubi
1554 2547 1773 2586 Charonem
1793 2561 1840 2587 ex
1873 2548 2041 2588 ducibus
2056 2549 2136 2587 suis
2158 2563 2280 2588 unum

1225 2608 1266 2646 in
1290 2608 1436 2660 proelio
1458 2607 1646 2646 cecidisse
1668 2607 1920 2655 audiverunt,
1951 2608 2050 2658 fugae
2067 2621 2108 2647 se
2122 2609 2283 2648 manda-

1225 2677 1332 2706 runt.
1361 2685 1377 2701 α
1399 2666 1477 2705 Ubi
1492 2666 1598 2705 cives
1611 2695 1621 2714 ,
1653 2667 1793 2719 patriae
1812 2667 2039 2705 defensores
2053 2697 2063 2715 ‚
2087 2666 2157 2719 (τὰ
2176 2669 2281 2706 πολι-

1224 2726 1335 2778 τικοί)
1372 2734 1630 2778 opponuntur
1665 2725 1858 2765 militibus
1895 2727 2150 2764 mercenariis
2183 2726 2281 2779 (τοῖς

1228 2784 1503 2837 στρατιώταις).
1535 2805 1590 2813 -
1609 2783 1625 2807 ¹¹
1657 2784 1774 2829 σθένος
1801 2784 1936 2836 ἔμὸαλε
1969 2784 2096 2839 θυμῷ]
2121 2785 2280 2825 Homeri

1225 2843 1349 2882 verba
1381 2842 1495 2882 lliad.
1518 2843 1621 2892 XVI,
1659 2843 1736 2895 529
1757 2843 1860 2895 μένος
1893 2843 1931 2882 δέ
1962 2845 1994 2882 οἳ
2025 2842 2159 2894 ἔμὸαλε
2180 2846 2280 2897 θυμῷ

1222 2902 1335 2940 robur
1352 2907 1483 2940 animo
1501 2908 1583 2952 ejus
1595 2907 1723 2952 injecit
1744 2911 1895 2942 mutare
1911 2911 2028 2954 atque
2049 2902 2092 2941 in
2113 2903 2277 2941 alienam

1224 2963 1454 3000 sententiam
1471 2963 1708 3014 detorquere
1735 2976 1852 3002 ausus
1871 2971 1930 3001 est
1956 2963 2190 3001 Aristoteles
2210 2962 2279 3001 Fe-

1225 3021 1385 3060 licianus
1403 3021 1500 3060 illud
1523 3020 1640 3066 σθένος
1658 3021 1791 3073 ἔμὸαλε
1811 3024 1913 3074 θυμῷ
1933 3022 2054 3060 vertit
2072 3027 2174 3062 vires
2187 3027 2278 3071 inji-

1223 3085 1275 3118 cit
1291 3086 1376 3132 ira,
1398 3082 1513 3132 quasi
1536 3080 1673 3132 legerit
1701 3079 1819 3131 θυμός.
1845 3080 2033 3119 Similiter
2061 3080 2278 3121 Lambinus

1224 3141 1503 3191 interpretatur
1522 3154 1531 3177 :
1551 3144 1655 3178 vires
1668 3142 1823 3177 addidit
1835 3143 1906 3177 ira.
1924 3159 1978 3168 —
1995 3139 2004 3164 ¹
2025 3137 2125 3189 μένος
2142 3138 2201 3177 καὶ
2219 3142 2277 3177 θυ-

1225 3198 1288 3250 μὸν
1310 3196 1445 3252 ἔγειρε]
1471 3198 1560 3237 Haec
1590 3198 1773 3237 videntur
1793 3198 1935 3237 referri
1956 3198 2005 3237 ad
2033 3198 2191 3237 Homeri
2209 3198 2276 3235 lo-

1224 3272 1314 3297 cum
1335 3257 1448 3298 Iliad.
1476 3257 1547 3298 lib.
1575 3257 1625 3306 V,
1656 3271 1764 3298 vers.
1797 3258 1875 3308 509
1903 3270 1985 3309 seq.
2006 3255 2042 3301 ὅς
2061 3273 2120 3308 μιν
2150 3256 2273 3308 ἀνώγει

1224 3317 1367 3370 Τρωσὶν
1389 3316 1498 3368 θυμὸν
1518 3317 1677 3370 ἐγεῖραι,
1699 3330 1816 3369 quem
1839 3330 1911 3356 suo
1931 3330 2041 3356 more
2060 3316 2273 3367 interpola-

829 3473 865 3493 **
889 3472 1046 3516 Ἆνδρεῖοι
1064 3472 1098 3506 δὲ
1116 3471 1284 3515 φαίνονται
1302 3471 1358 3505 καὶ
1375 3474 1405 3505 οἱ
1426 3474 1621 3517 ἀγνοοῦντες
1634 3473 1706 3507 κτλ.
