2508 3776
295 231 372 269 402

374 315 426 346 Ἐν
445 315 477 346 δὲ
494 313 679 353 δικαιοσύνῃ
694 313 870 350 συλλήὅδην
886 313 963 345 πᾶσ’
980 313 1075 357 ἀρετή
1099 314 1173 348 ’στι

289 392 356 430 Καὶ
387 389 502 431 τελεία
527 389 680 439 μάλιστα
711 388 839 441 ἀρετή,
864 388 917 427 ὅτι
942 392 1003 437 τῆς
1030 390 1163 434 τελείας
1193 391 1316 443 ἀρετῆς

284 448 407 501 χρῆσίς
426 450 531 486 ἐστιν.
552 446 596 486 Ὁ
618 447 684 499 γὰρ
702 445 791 499 ἔχων
812 447 918 494 αὐτὴν
938 448 998 486 καὶ
1017 448 1102 500 πρὸς
1126 450 1239 501 ἕτερον
1262 448 1318 486 δύ-

283 522 383 544 ναται
404 508 448 556 τῇ
478 507 583 556 ἀρετῇ
608 508 782 557 χρῆσθαι,
805 505 882 543 ἀλλ’
907 506 946 544 οὗ
975 506 1078 556 μόνον
1099 507 1176 544 καθ’
1196 504 1315 544 αὑτόν.

284 563 416 602 Πολλοὶ
435 563 501 614 γὰρ
526 563 664 606 ἑαυτοὺς
687 562 749 612 μὲν
765 568 840 607 ταῖς
861 564 1000 616 ἀρεταῖς
1015 565 1206 617 ὠφελοῦσιν
1219 593 1230 615 ,
1250 562 1315 600 ἄλ-

283 625 353 666 λοις
369 622 404 660 δὲ
423 623 465 660 δι’
484 623 596 660 αὐτῶν
619 623 656 659 οὗ
674 622 836 659 δύνανται
859 623 1006 674 βοηθεῖν·
1037 622 1098 660 καὶ
1129 621 1186 660 διὰ
1216 623 1317 659 τοῦτο

281 681 396 723 καλῶς
416 683 433 718 6
449 683 508 718 τοῦ
528 679 671 723 Βίαντος
701 679 775 732 ἔχει
803 680 922 730 λόγος,
956 679 1050 732 ἀρχὰ
1071 678 1174 722 δείξει
1194 678 1315 731 ἄνδρα·

281 737 456 790 οὐδὲνγὰρ
475 739 560 776 ἄλλο
587 738 678 776 ἐστὶν
701 740 722 784 ἡ
744 738 858 790 ἀρχή,
885 737 908 784 ἢ
927 740 949 785 ἡ
981 738 1067 791 πρὸς
1094 737 1219 781 ἄλλους
1247 739 1315 775 τῶν

281 799 411 847 ἀρετῶν
428 796 603 835 κοινωνία.
633 797 701 835 Καὶ
721 796 778 834 διὰ
796 800 895 836 τοῦτο
909 796 968 836 καὶ
986 796 1167 848 ἀλλότριον
1188 796 1315 847 ἀγαθὸν

281 849 367 893 εἶναι
389 856 481 893 δοκεῖ
500 858 522 901 ἡ
542 855 743 902 δικαιοσύνη
765 855 853 906 μόνη
872 858 940 893 των
963 855 1078 893 ἄλλων
1099 856 1242 906 ἀρετῶν,
1263 853 1316 891 ὅτι

280 915 345 965 οὐχ
365 916 476 952 ἑαυτῶ
493 929 532 952 το
552 917 724 967 συμφέρον
745 913 835 952 ἀλλὰ
853 914 922 958 τοῖς
943 913 1058 957 ἄλλοις
1082 915 1200 960 ζητεῖ,
1220 912 1242 958 ἢ
1264 914 1314 964 τῷ

281 986 385 1023 κοινῳ
398 1001 408 1018 ,
430 971 453 1018 ἢ
470 973 520 1009 τῶ
537 971 692 1024 ἄρχοντι.
713 971 759 1010 ‘O
778 970 840 1021 μὲν
860 975 918 1010 οὖν
946 971 1065 1010 ἑαυτόν
1091 987 1130 1010 τε
1151 970 1315 1022 βλάπτων

278 1033 321 1082 τῇ
344 1030 540 1083 μοχθηρίᾳ,
574 1030 633 1068 καὶ
667 1030 745 1074 τους
775 1030 915 1083 φίλους,
946 1030 1119 1073 κάκιστος·
1148 1033 1166 1068 6
1188 1029 1223 1068 δὲ
1243 1030 1316 1072 ταῖς

279 1090 416 1141 ἀρεταῖς
429 1091 467 1127 οὐ
485 1089 570 1141 πρὸς
589 1088 627 1127 τὸ
646 1090 769 1128 οἰκεῖον
785 1089 997 1141 κεχρημένος
1016 1087 1204 1162 συμφέρον,
1224 1088 1316 1127 ἀλλὰ

278 1147 363 1199 πρὸς
382 1146 458 1192 τους
479 1147 605 1192 ἄλλους
618 1176 629 1196 ,
650 1146 787 1199 ἄριστός
811 1150 899 1187 ἐστι·
924 1151 1024 1187 τουτο
1046 1147 1153 1200 γὰρ’
1134 1163 1231 1200 εργον
1249 1163 1316 1199 χα-

279 1203 398 1245 λεπόν.

331 1264 352 1287 *
371 1263 468 1312 Αὕτη
485 1264 547 1315 μὲν
567 1259 624 1302 ουν
641 1266 663 1311 ἡ
685 1263 884 1312 δικαιοσυνη
904 1266 942 1303 οὗ
958 1265 1059 1317 μέρος
1078 1266 1217 1318 ἀρετῆς,
1236 1263 1314 1303 ἀλλ’

278 1321 343 1369 ὅλη
366 1322 458 1361 ἐστὶν
483 1326 502 1369 ἡ
537 1322 654 1373 ἀρετή·
675 1322 734 1360 καὶ
766 1323 883 1361 ἀδικία
915 1323 1042 1374 ὁμοίως
1063 1325 1100 1362 οὗ
1121 1322 1221 1375 μέρος
1242 1323 1314 1361 ἐστὶ

278 1382 425 1432 κακίας,
447 1383 524 1420 ἀλλ’
543 1380 607 1429 ὅλη
633 1382 754 1420 κακία.

330 1439 370 1463 **
386 1441 465 1480 Τίνι
487 1440 522 1478 δὲ
542 1439 695 1493 διαφέρει
713 1443 736 1486 ἡ
756 1438 903 1478 καθόλου
929 1439 1035 1492 ἀρετὴ
1059 1443 1120 1487 τῆς
1145 1440 1316 1478 δικαιοσύ-

277 1515 336 1547 νης
356 1499 483 1546 ταύτης
496 1529 505 1546 ,
533 1498 680 1552 εἴρηται.

331 1559 343 1608 (
359 1558 528 1610 Scripsi:
545 1563 561 1580 ⁸
575 1559 604 1595 εἷ
624 1557 691 1610 γάρ
714 1573 765 1601 τις
785 1557 922 1595 δύναιτο
941 1558 1090 1608 ὑγιάζειν
1102 1587 1112 1606 ,
1133 1557 1256 1609 ἀρκοίη
1275 1557 1315 1595 ἂν

276 1619 376 1655 τοῦτο
393 1617 507 1669 αὐτῷ]
531 1616 617 1655 cod.
635 1618 664 1654 εἷ
681 1616 748 1668 γάρ
768 1631 817 1660 τις
841 1617 979 1654 δύναιτο
1004 1617 1155 1668 ὑγιάζειν
1175 1617 1316 1656 omissa

277 1676 450 1727 apodosi.
486 1696 540 1705 —
557 1676 575 1699 ¹²
604 1674 663 1714 ἐὰν
688 1675 893 1726 πλεοναχῶς
926 1674 1097 1727 λέγηται]
1133 1676 1221 1714 cod.
1253 1675 1312 1715 ε’ὰν

277 1737 482 1788 πλεοναχῶς
500 1735 650 1787 λέγεται.
668 1756 720 1764 —
740 1740 754 1758 ⁰
775 1736 843 1773 τῶν
865 1734 1081 1786 πραγμάτιον
1102 1734 1164 1780 τὴν
1186 1735 1312 1787 διαφο-

278 1795 363 1847 ράν]
378 1795 464 1833 cod.
483 1797 551 1833 τῶν
564 1794 780 1846 πραγμάτων
799 1793 979 1846 διαφορά-ν.
999 1814 1052 1821 -
1066 1796 1081 1820 d
1099 1791 1218 1830 δίκαιά
1237 1791 1312 1835 πώς

277 1854 372 1903 ἐστι]
393 1854 513 1903 vulgo
531 1852 649 1892 δίκαιά
669 1868 741 1896 πως
762 1852 850 1892 ἐστί.
869 1874 922 1881 -
939 1861 952 1877 ‘³
968 1851 1052 1903 ὅπερ
1074 1851 1175 1902 ἐστὶ]
1192 1851 1312 1900 vulgo

271 1910 361 1965 ,ὅπέρ
387 1913 474 1951 ἐστι.
495 1935 547 1943 —-
565 1911 720 1963 '‘celislc]
745 1911 829 1950 cod.
850 1909 966 1954 τιθεὶς.
982 1910 1058 1962 -)

715 2042 804 2092 Κεφ.
836 2039 883 2091 β’,

536 2152 612 2195 ssepi
629 2154 682 2190 τῆς
701 2154 827 2192 μερικῆς
841 2151 1051 2188 δικαιοςύνης.

330 2254 391 2279 ***
409 2254 513 2294 Ἔστι
543 2253 578 2290 δὲ
597 2252 687 2299 ἄλλη
709 2268 759 2295 τις
781 2249 980 2297 δικαιοσύνη
997 2279 1007 2297 ,
1030 2248 1105 2297 ἥτις
1124 2248 1235 2287 {orla
1255 2264 1316 2299 με·

278 2314 387 2368 ρικὴ’
369 2314 486 2366 αρετή·
501 2311 619 2364 ὥσπερ
633 2311 692 2350 καὶ
713 2310 848 2359 ἀδικία,
861 2309 971 2356 ἥτις’
956 2325 1030 2347 εστι
1051 2308 1175 2360 μερικὴ
1191 2308 1313 2348 κακία.

329 2373 407 2396 ****
428 2374 543 2422 Σημε
533 2386 579 2410 ιον
609 2370 644 2409 δὲ
664 2386 723 2409 του
747 2385 806 2408 και
828 2367 973 2421 μερικὴν
991 2371 1078 2405 εἰναι
1093 2366 1314 2414 δικαιοσύνην

278 2431 336 2470 καὶ
350 2430 499 2478 ἀδικίαν,
510 2429 619 2467 ἐκεῖνο
638 2444 678 2465 αν
700 2426 765 2474 εἴη·
774 2426 894 2477 ὃγὰρ’
880 2427 1025 2477 ενεργῶν
1036 2440 1127 2462 κατα
1137 2423 1197 2468 τὰς
1210 2424 1317 2469 ἄλλας

280 2488 473 2549 μοχθηρίας
490 2487 606 2531 ἄδικος
619 2485 680 2537 μὲν
701 2484 916 2536 λέγοιτοᾶν,
932 2483 1143 2530 πλεονέκτης
1157 2482 1193 2521 δὲ
1213 2485 1314 2522 ‹268oe-

280 2551 364 2598 μῶς·
385 2541 454 2590 οἰός
473 2548 564 2585 ἐστιν
594 2548 612 2582 ὁ
643 2544 744 2597 ῥίψας
762 2543 822 2591 τὴν
854 2542 985 2581 ἀσπίδα
1003 2543 1059 2581 διὰ
1081 2541 1234 2592 δειλίαν,
1254 2542 1277 2590 ἢ
1298 2545 1316 2581 6

278 2606 565 2657 λοιδορησάμενος
582 2602 640 2641 τὸν
659 2603 767 2644 πέλας
787 2602 843 2640 διὰ
881 2600 1108 2652 χαλεπότητα
1128 2600 1188 2638 καὶ
1207 2600 1246 2639 τὸ
1266 2601 1315 2652 μὴ

280 2664 446 2702 δύνασθαι
466 2665 574 2712 θυμου
598 2666 736 2713 κρατεῖν
756 2661 815 2699 καὶ
833 2662 955 2720 ὂργῆς,
984 2658 1007 2705 ἢ
1030 2661 1048 2697 ὃ
1070 2658 1118 2710 μὴ
1142 2660 1316 2711 βοηθήσας

279 2721 441 2774 χρήμασι
462 2721 504 2758 δι’
528 2722 685 2758 ἀνελευθε
671 2718 842 2771 εριότητα·
863 2722 955 2756 ουτοι
972 2716 1040 2769 γὰρ
1058 2716 1185 2761 πάντες
1204 2718 1315 2756 ἄδικοι

281 2780 345 2831 μέν
362 2781 452 2826 εἶσι,
475 2778 679 2816 πλεονέκται
698 2778 731 2815 δὲ
755 2778 926 2827 οὖδαμως
946 2775 1058 2815 ‘'sse-*ts
1077 2779 1095 2815 6
1108 2775 1316 2824 πλεονέκτης

279 2839 359 2910 περὶ
384 2837 493 2884 ἄλλην
515 2837 590 2874 τινά
613 2837 688 2874 ἐστι
716 2834 907 2887 πονηρίαν,
928 2836 980 2872 ὅτι
1009 2834 1099 2884 μήτε
1134 2834 1213 2886 περὶ
1233 2834 1315 2883 μίαν

278 2898 408 2935 τούτων
429 2895 542 2942 ἐστίν,
561 2894 638 2933 οὔτε
662 2895 741 2946 περὶ
759 2894 884 2937 πάσας·
901 2892 985 2946 ψέγε
989 2908 1045 2930 ται
1065 2892 1140 2930 δὲε
1122 2908 1186 2952 ως..ν
1189 2891 1316 2936 ἄδικος·

279 2955 371 2994 ἔστιν
387 2955 454 3006 ἄρα
476 2953 566 2999 ἄλλη
587 2968 638 2996 τις
656 2951 774 2989 ἀδικία
795 2967 837 3000 με
824 2950 940 3004 ρική,
963 2952 1009 2994 ὡς
1026 2950 1127 3002 μέρος
1145 2953 1233 2988 οὖσα
1255 2953 1317 2998 τῆς

279 3014 362 3061 ὅλης
380 3012 529 3055 ἀδικίας·
556 3027 616 3049 και
644 3010 760 3048 ἄδικόν
783 3026 815 3047 τι
840 3008 1002 3061 μερικόν,
1027 3009 1133 3062 μέρος
1151 3014 1213 3048 τοῦ
1235 3009 1315 3048 ὅλου

282 3071 402 3109 ἀδίκου
416 3074 474 3108 τοῦ
489 3067 585 3120 παρὰ
600 3067 656 3106 τὸν
669 3068 786 3118 νόμον.
802 3064 885 3105 Ἔτι
902 3068 931 3104 εἷ
950 3069 967 3104 6
980 3066 1042 3116 μὲν
1057 3067 1196 3119 κέρδους
1213 3065 1315 3105 ἕνεκα

283 3128 439 3182 μοιχεύει
458 3143 518 3166 και
540 3124 827 3179 προσλαμὸάνει,
850 3127 868 3162 6
901 3125 936 3162 δὲ
958 3125 1079 3171 ἡδονῆς
1108 3124 1231 3171 ἕνεκα,
1255 3125 1314 3164 καὶ

279 3187 336 3226 διὰ
357 3202 458 3224 τουτο
477 3187 661 3235 ζημιουται
680 3182 739 3221 και
754 3182 931 3222 ἀναλίσκει
952 3182 994 3220 τὰ
1011 3181 1102 3220 ὄντα·
1116 3186 1134 3220 6
1155 3182 1254 3233 μὲνα
1234 3183 1316 3222 ἀκό-

279 3245 442 3290 λαστος
426 3261 467 3283 αν
495 3244 631 3295 λέγοιτο
657 3258 716 3281 και
736 3243 773 3279 οὗ
802 3241 1033 3291 πλεονέκτης,
1064 3245 1082 3279 6
1103 3242 1138 3280 δὲ
1166 3242 1313 3279 πλεονέ-

280 3320 366 3351 κτης
386 3304 445 3342 καὶ
469 3302 602 3352 ἄδικος,
624 3300 814 3344 ἀκόλαστος
835 3299 870 3337 δὲ
891 3299 1105 3348 οὖδαμῶς·“’
1080 3316 1170 3338 ωστε
1195 3301 1312 3338 ἀδικία

1098 226 1374 267 ANDRONICI
1403 227 1583 267 RHODII

1447 319 1579 348 Justitia
1600 319 1635 348 in
1654 327 1715 347 sese
1732 318 1880 349 virtutem
1894 320 2093 357 amplectitur
2108 329 2240 350 omnem.

1376 402 1424 433 Eo
1437 401 1536 434 etiam
1553 400 1696 433 maxime
1713 399 1858 443 perfecta
1873 400 1991 440 virtus,
2005 403 2159 444 quoniam
2174 401 2328 444 perfectae
2339 399 2411 449 viij-¹·

1376 459 1460 492 tutis
1482 468 1565 492 usus
1587 460 1649 492 est.
1670 458 1840 501 Siquidem
1860 458 1918 501 qui
1940 468 1978 492 ea
1997 459 2156 501 praeditus
2173 461 2235 498 est,
2253 459 2352 492 etiam
2368 453 2411 491 <in
2427 452 2429 455 ’

1377 517 1478 549 alium
1494 516 1618 550 virtute
1634 517 1685 550 uti
1702 519 1811 560 potest
1822 543 1830 556 ,
1848 526 1913 549 non
1934 518 2065 556 tantum
2082 516 2154 558 ipse
2171 525 2294 551 secum.
2311 515 2410 563 liniti

1377 575 1463 607 enim
1478 575 1547 608 suis
1558 575 1621 608 sibi
1633 575 1813 608 virtutibus
1825 576 1974 618 prosunt.
1989 574 2070 607 alios
2077 583 2155 607 vero
2166 573 2208 607 iis
2216 574 2334 616 ,iuvare
2345 573 2412 607 nen

1376 635 1533 676 possunt,
1551 634 1691 676 ideoque
1708 637 1797 667 recte
1815 644 1835 667 a
1856 634 1970 666 Biante
1988 633 2116 666 dictum
2138 634 2190 666 est
2202 658 2210 672 ‚
2226 627 2412 674 mamdra'·

1377 694 1432 726 tus
1449 695 1566 726 virum
1585 693 1772 735 patefaciet
1799 704 1812 727 :
1835 692 1992 725 nimirum
2015 691 2098 724 nihil
2123 690 2214 724 aliud
2234 691 2284 724 est
2309 689 2415 733 mugi-

1377 752 1517 791 stratus,
1544 761 1645 794 quam
1656 751 1820 784 virtutum
1840 760 1915 783 cum
1934 750 2008 783 aliis
2025 747 2286 782 communicatio.
2305 748 2414 791 Atque

1376 810 1419 844 oh
1436 819 1509 844 eam
1531 810 1637 852 ipsam
1661 819 1795 843 causam
1822 810 1891 842 sola
1917 819 1958 843 ex
1981 807 2164 841 virtutibus
2184 806 2327 841 alienum
2343 799 2415 840 esso

1379 868 1503 901 honum
1528 868 1661 901 videtur
1684 868 1816 911 justitia
1828 894 1835 907 ‚
1860 867 1939 910 quia
1960 876 2025 900 non
2041 866 2131 909 quod
2149 865 2230 905 sibi,
2252 864 2311 898 sed
2323 862 2414 907 quod

1376 928 1449 961 aliis
1471 928 1644 968 conducit,
1659 930 1699 961 ut
1719 928 1909 971 reipubIIcae
1929 929 1988 960 aut
2008 926 2166 970 principi,
2191 926 2339 969 spectare
2357 934 2412 959 so-

1376 987 1432 1020 let.
1451 989 1497 1019 Ut
1510 996 1585 1028 ergo
1605 987 1664 1029 qui
1683 987 1747 1020 sibi
1771 986 1951 1029 amicisque
1975 985 2044 1019 suis
2066 984 2276 1027 improbitate
2294 985 2410 1032 nocet,

1375 1045 1538 1086 pessimus
1556 1046 1607 1077 est
1622 1055 1630 1076 ε
1648 1044 1696 1077 ita
1714 1045 1772 1087 qui
1786 1044 1928 1077 virtutes
1943 1053 2008 1076 non
2023 1043 2065 1076 ad
2080 1052 2184 1082 suam,
2203 1041 2262 1076 sed
2276 1040 2320 1075 ad
2331 1041 2414 1087 alio-

1375 1110 1450 1133 rum
1469 1101 1648 1134 utilitatem
1667 1102 1779 1142 refert,
1796 1101 1940 1143 optimus
1955 1101 2096 1135 habetur
2114 1112 2122 1134 ι
2140 1101 2205 1134 hoc
2221 1096 2409 1134 enlutdiffi-

1377 1159 1439 1192 cile
1454 1161 1514 1192 est.

1416 1273 1495 1304 Haec
1524 1270 1625 1312 igitur
1649 1270 1779 1312 Justitia
1804 1279 1869 1302 non
1895 1279 1971 1312 pars
1993 1269 2144 1309 virtutis,
2174 1269 2233 1303 sed
2253 1270 2324 1302 tota
2360 1269 2411 1302 est

1375 1329 1482 1362 virtus
1505 1343 1513 1362 ε
1531 1330 1747 1371 similiterque
1770 1329 1932 1371 injustitia
1952 1338 2016 1361 non
2034 1329 2084 1361 est
2102 1337 2179 1370 pars
2200 1327 2407 1366 vitiositatis,

1375 1388 1433 1420 sed
1449 1390 1520 1421 tota
1536 1388 1709 1421 vitiositas.

1417 1446 1504 1485 Quid
1530 1448 1641 1479 autem
1661 1446 1815 1478 universa
1841 1445 1949 1478 virtus
1975 1446 2008 1478 et
2034 1445 2106 1478 haec
2123 1443 2252 1487 justitia
2275 1443 2361 1478 inter
2377 1451 2414 1476 se

1374 1505 1549 1547 differant,
1570 1505 1695 1538 dictum
1713 1507 1773 1538 est.

1759 2037 1767 2045 ‘
1826 2036 1902 2077 Gap.
1927 2037 1970 2068 ΙΙ.

1716 2154 1756 2180 De
1775 2150 1951 2188 particulari
1966 2150 2093 2186 justitia.

1416 2259 1475 2289 Est
1495 2258 1528 2289 et
1542 2256 1608 2288 alia
1624 2255 1762 2297 justitia
1782 2264 1858 2296 quae
1879 2253 2086 2296 particularis
2103 2255 2155 2287 est
2175 2253 2308 2287 virtus.
2325 2254 2412 2289 sicut

1376 2319 1409 2348 et
1427 2315 1608 2358 injustitia,
1626 2323 1702 2356 quae
1718 2313 1915 2356 particulare
1930 2313 2063 2346 vitium.

1416 2377 1518 2407 Porro
1544 2375 1578 2406 ot
1603 2373 1767 2414 justitiam
1794 2371 2024 2413 particularem
2044 2381 2116 2404 osse
2137 2374 2170 2405 et
2193 2372 2409 2414 inJustitiam,
2433 2363 2436 2367 ⁴

1375 2422 1566 2462 argumento
1586 2419 1640 2452 vel
1655 2418 1738 2450 illud
1753 2418 1872 2456 fuerit,
1895 2418 1985 2459 quod
1995 2418 2058 2458 qui
2071 2418 2138 2459 agit
2154 2418 2280 2460 aliquid
2297 2427 2411 2452 eorum

1375 2477 1450 2509 quae
1471 2466 1513 2498 ad
1529 2468 1648 2498 coetera
1663 2465 1745 2497 vitia
1763 2464 1937 2506 pertinent,
1956 2463 2100 2505 injustus
2114 2464 2248 2507 quidem
2260 2467 2410 2504 vocatur,

1375 2513 1435 2545 sed
1454 2521 1518 2543 non
1536 2511 1611 2553 plus
1627 2520 1728 2552 quam
1750 2512 1879 2553 oportet
1901 2509 1964 2542 sibi
1978 2510 2144 2543 vindicare
2159 2510 2280 2543 dicitur
2303 2524 2312 2544 ε
2334 2520 2414 2554 qua·

1375 2560 1415 2592 lis
1434 2561 1484 2592 est
1501 2558 1559 2600 qui
1577 2558 1726 2600 clypeum
1746 2559 1879 2599 propter
1897 2557 2062 2599 ignaviam
2077 2558 2196 2599 abjecit
2212 2559 2271 2590 aut
2286 2559 2345 2600 qui
2358 2559 2411 2593 vel

1375 2606 1552 2649 asperitate
1567 2605 1689 2638 ductus
1703 2605 1798 2637 alteri
1818 2603 1993 2637 maledixit
2012 2604 2067 2637 vel
2085 2603 2176 2647 quod
2193 2604 2243 2637 ira
2261 2604 2413 2638 incensus

1375 2652 1537 2685 moderari
1553 2651 1661 2683 animo
1676 2661 1740 2683 non
1752 2652 1878 2692 posset,
1895 2652 1954 2682 aut
1971 2651 2028 2692 qui
2046 2651 2184 2692 pecunia
2203 2659 2268 2683 non
2286 2653 2336 2684 est
2351 2652 2413 2684 ali-

1375 2699 1429 2732 cui
1447 2699 1628 2740 opitulatus
1646 2698 1688 2730 ob
1706 2697 1963 2731 illiberalitatem
1987 2706 1995 2727 ι
2014 2696 2050 2729 hi
2078 2697 2166 2730 enim
2188 2706 2303 2730 omnes
2330 2700 2408 2730 sunt

1375 2746 1509 2788 injusti,
1541 2754 1751 2787 nequaquam
1774 2753 1854 2777 vero
1868 2744 1943 2786 plus
1957 2752 2058 2785 quam
2073 2745 2203 2785 oportet
2219 2743 2284 2776 sibi
2299 2744 2410 2777 vindi-

1375 2795 1461 2826 cant.
1491 2795 1600 2830 Quare
1629 2793 1687 2834 qui
1714 2793 1789 2834 plus
1807 2800 1908 2834 quam
1930 2792 2059 2833 oportet
2085 2791 2146 2823 sibi
2163 2790 2328 2831 vindicat,
2347 2792 2411 2824 alia

1375 2840 1584 2881 improbitate
1602 2838 1736 2880 insignis
1757 2840 1815 2877 est,
1831 2838 1910 2881 quia
1923 2846 2029 2880 neque
2050 2837 2084 2870 in
2095 2846 2162 2869 uno
2174 2837 2285 2880 aliquo
2297 2846 2412 2871 eorum

1375 2895 1451 2928 quaa
1474 2886 1729 2918 memoravimus
1751 2886 1883 2927 peccat,
1901 2892 2009 2926 neque
2026 2884 2061 2916 in
2077 2884 2248 2922 omnibus,
2281 2883 2339 2917 sed
2353 2885 2410 2916 ta-

1376 2942 1451 2966 men
1486 2935 1525 2965 ut
1555 2933 1699 2974 injustus
1728 2930 2007 2973 reprehenditur.
2035 2930 2122 2963 unde
2142 2931 2276 2972 apparet
2304 2930 2403 2965 aliam

1377 2979 1554 3021 quamdam
1569 2988 1640 3012 esse
1656 2977 1851 3020 injustitiam
1865 2976 2116 3019 part1cu1a1em
2136 2978 2295 3019 tanquam
2307 2977 2411 3010 totius

1380 3027 1549 3068 injustitiae
1566 3035 1624 3067 pal
1626 3027 1723 3059 tem
1738 3024 1824 3057 sicut
1839 3022 1929 3056 aliud
1950 3023 2110 3064 injustum
2123 3023 2320 3065 particulare
2335 3025 2407 3064 est,

1343 3088 1348 3116 J
1379 3076 1536 3115 tanquam
1560 3073 1663 3105 totius
1682 3071 1795 3114 injusti
1810 3079 1887 3113 pars
1906 3070 2078 3112 quaedam,
2102 3079 2169 3112 quo
2185 3070 2350 3113 quidquid
2371 3071 2410 3104 m

1377 3122 1491 3151 contra
1507 3119 1594 3161 leges
1614 3119 1809 3151 continetur.
1826 3119 1988 3150 Praeterea
2013 3117 2042 3150 si
2066 3117 2208 3150 duorum
2227 3127 2314 3151 unus
2327 3118 2407 3160 qui-

1378 3166 1455 3198 dem
1473 3166 1557 3198 lucii
1576 3175 1674 3198 causa
1692 3165 1855 3198 adulteret
1883 3165 1984 3206 atque
2013 3164 2147 3206 insuper
2160 3164 2327 3198 mercedis
2347 3165 2410 3199 ali-

1378 3213 1460 3255 quid
1480 3213 1618 3255 accipiat
1630 3239 1637 3252 ,
1660 3213 1743 3245 alter
1760 3211 1988 3244 delectationis
2007 3220 2105 3244 causa
2117 3238 2124 3250 ,
2151 3212 2291 3254 ideoque
2304 3211 2404 3244 etiam

1378 3259 1503 3301 aliquid
1518 3260 1560 3292 de
1584 3269 1644 3292 suo
1661 3259 1717 3291 (let
1730 3259 1959 3300 Jacturamque
1976 3257 2024 3290 rei
2042 3266 2111 3290 suoe
2129 3257 2239 3296 faciat,
2257 3257 2312 3289 hic
2326 3257 2405 3300 qui-

1376 3306 1451 3339 dem
1468 3306 1688 3348 intemperans
1702 3305 1811 3347 potius
1823 3314 1921 3346 quam
1941 3304 2045 3346 pluris
2060 3304 2207 3346 cupidus,
2224 3303 2280 3337 ille
2293 3305 2405 3336 autem
2448 3343 2451 3346 J

324 3445 339 3463 *
351 3444 438 3482 Αὕτη
447 3444 503 3486 μὲν
517 3442 572 3475 οὖν
586 3444 606 3481 ἡ
619 3442 803 3479 δικαιοσύνη
814 3442 883 3473 κτλ.
894 3457 936 3464 —-
948 3440 980 3456 *³*
992 3441 1028 3471 Τί
1046 3441 1079 3471 δὲ
1088 3441 1227 3482 διαφέρει
1242 3443 1309 3472 κτλ.
1320 3457 1361 3464 —-
1374 3440 1430 3459 μ’
1448 3441 1525 3480 Gap.
1540 3444 1566 3471 2Δ
1580 3442 1736 3480 ζητοῦμεν
1746 3439 1780 3471 δὲ
1794 3440 1851 3470 κτλ
1866 3438 1988 3461 —****
2000 3440 2137 3479 Σημεῖον
2149 3438 2182 3470 δὲ
2192 3438 2240 3470 ὅτι
2251 3437 2321 3471 ἔστι
2331 3438 2400 3469 κτ).

2479 780 2508 822 ξι

2496 822 2508 863 'i
