2508 3776
271 141 350 180 558

271 242 409 279 μονται,
440 225 529 265 κατὰ
561 223 692 272 ταύτην
715 224 778 272 τὴν
814 225 987 277 ἐνέργειαν
1012 224 1171 277 φαίνεται
1193 226 1306 267 ὄντα·

269 283 414 336 φανερὸν
443 299 520 328 ουν,
543 281 596 320 ὅτι
613 284 636 329 ἡ
669 282 785 321 τελεία
814 285 874 321 τοῦ
894 282 1076 335 ἀνθρώπου
1103 284 1307 335 εὐδαιμονία

269 340 355 388 αὕτη
368 341 408 379 ἂν
430 340 482 387 εἴη
503 339 633 379 τέλειον
647 357 760 392 μηκος
779 340 854 390 βίου
874 340 1058 381 λαὸοῦσα·
1077 344 1143 382 τῶν
1163 343 1232 396 γὰρ
1248 359 1309 391 της

268 399 486 450 εὐδαιμονίας
503 399 600 438 οὐδὲν
623 399 741 443 ἀτελὲς
761 403 848 438 εἶναι
873 401 1058 453 προσήκει.

322 458 520 510 (Seiipsiz
544 465 560 481 ²
580 458 667 497 ἄλλο
683 474 716 497 τι
731 460 744 510 ]
759 459 881 509 vulgo
902 459 989 498 ἄλλό
1011 475 1058 500 τι.
1086 482 1139 490 —
1155 461 1171 485 ¹²
1189 476 1306 514 παρα-

268 518 464 569 μεμῖχθαι]
499 517 583 556 cod.
618 518 904 571 παραμεμίχθαι.
936 541 989 548 -
1008 538 1025 559 c
1049 519 1196 568 οἰκείαν]
1217 521 1305 560 cod.

268 578 411 617 οἷκεῖαν.
434 598 488 606 -
507 575 521 598 ‘¹
538 576 561 624 ἢ
589 576 648 629 δὴ]
667 577 751 616 cod.
782 579 804 624 ἡ
822 577 879 625 δὴ.
896 600 950 608 --
967 580 983 630 )

702 703 790 755 Κεφ.
821 701 866 743 θ’.

266 810 338 842 Ὅτι
359 811 500 851 μείζωνῆ
523 811 593 842 κατ’
613 809 779 853 ἄνθρωπον
792 812 812 849 ἡ
831 812 1004 852 θεωρητικὴ
1025 811 1210 853 εὐδαιμονία
1225 823 1234 831 ·
1253 814 1309 846 καὶ

393 859 437 890 ἔτι
450 859 520 899 περὶ
533 861 587 896 τῆς
601 859 722 898 ἠθικῆς,
741 859 839 899 ἤγουν
850 862 905 897 τῆς
919 860 988 891 κατ’
1005 860 1185 901 ἄνθρωπον.

319 964 365 988 *’
369 967 458 1004 Εστι
473 963 508 1002 δὲ
521 966 538 1002 6
552 968 701 1009 τοιοῦτος
712 965 783 1017 βίος
799 965 997 1019 κρείττωνῆ
1009 965 1100 1005 κατὰ
1115 966 1307 1020 ἄνθρωπον.

266 1023 309 1061 Ο
330 1023 397 1077 γὰρ
420 1024 512 1062 οὕτω
532 1026 597 1069 ζῶν
618 1025 686 1077 οὐχ
718 1041 740 1077 ῃ
762 1025 940 1078 ἄνθρωπος
974 1041 1065 1063 ουτω
1100 1029 1192 1078 βιοῖ,
1217 1027 1308 1066 ἀλλὰ

264 1085 343 1121 καθ’
361 1085 481 1122 <31:62⁸
469 1098 517 1120 ιον
539 1084 634 1135 αὐτῷ
654 1083 830 1136 ὑπάρχει·
851 1082 922 1137 ὅσῳ
952 1084 993 1132 δὴ
1022 1083 1178 1139 διαφέρει
1206 1089 1308 1124 τοῦτο

265 1141 304 1180 τὸ
320 1145 407 1180 θεῖον
427 1146 487 1180 τοῦ
510 1142 587 1180 καθ’
607 1145 700 1194 ἡμᾶς
715 1142 877 1182 συνθέτου
892 1172 901 1190 ,
936 1146 1098 1182 τοσοῦτον
1120 1143 1306 1183 διοίσουσιν

265 1203 300 1239 αἱ
320 1201 440 1239 τούτου
462 1201 631 1253 ἐνέργειαι
651 1205 720 1240 τῶν
736 1201 851 1240 ἄλλων
871 1202 1093 1254 ἀνθρωπίνων
1107 1204 1306 1255 ἐνεργειῶν,

264 1259 324 1298 καὶ
344 1262 366 1306 ἡ
379 1259 500 1299 τούτου
521 1262 628 1313 ἀρετὴ
648 1263 710 1307 τῆς
733 1261 841 1308 ἄλλης
865 1263 987 1309 ἠθικῆς
1011 1262 1148 1313 ἀρετῆς.
1179 1262 1224 1300 E}
1241 1261 1308 1313 γὰρ

264 1321 352 1356 θεῖον
367 1321 385 1357 6
403 1322 478 1363 νοῦς
492 1320 578 1372 πρὸς
601 1319 660 1357 τὸν
687 1320 889 1373 ἄνθρωπον,
912 1320 970 1358 καὶ
992 1322 1010 1358 6
1026 1319 1118 1358 κατὰ
1140 1324 1216 1358 νοῦν
1237 1319 1309 1372 βίος

265 1377 351 1421 θεῖος
364 1377 450 1430 πρὸς
466 1378 524 1416 τὸν
542 1378 756 1431 ἀνθρώπινον
777 1378 864 1431 βίον.

316 1436 356 1458 **
366 1438 418 1475 Οὔ
436 1437 505 1488 χρὴ
523 1437 558 1474 δὲ
570 1438 645 1480 ταῖς
664 1437 761 1475 ἐνίων
777 1437 1024 1488 παραινέσεσιν
1041 1437 1231 1488 ἑπομένους
1247 1438 1306 1475 ἀν-

265 1493 420 1546 θρώπινα
439 1498 574 1548 φρονεῖν
590 1495 790 1548 ἀνθρώπους
808 1496 928 1545 ὄντας,
949 1495 1009 1535 καὶ
1023 1496 1134 1544 θνητὰ
1152 1496 1306 1546 θνητούς,

264 1553 343 1592 ἀλλ’
360 1554 412 1608 ἐφ’
445 1554 525 1593 ὅσον
559 1555 738 1608 ἐνδέχεται
768 1554 914 1594 ἕκαστον
947 1555 1075 1594 ἑαυτὸν
1089 1555 1306 1594 ἀπαθανατί-

263 1616 351 1665 ζειν,
367 1614 427 1652 καὶ
441 1614 557 1652 πάντα
577 1619 688 1653 ποιεῖν
712 1613 798 1666 πρὸς
814 1615 853 1652 τὸ
868 1617 930 1662 ζῆν
952 1613 1045 1653 κατὰ
1065 1613 1104 1652 τὸ
1121 1614 1306 1666 κράτιστον

263 1675 331 1711 τῶν
352 1674 386 1711 ἐν
406 1674 514 1727 αὐτῷ.
543 1673 740 1725 Κράτιστον
759 1672 796 1711 δὲ
817 1675 886 1711 τῶν
904 1674 939 1711 ἐν
953 1676 1039 1724 ἡμῖν
1061 1675 1079 1711 6
1098 1676 1176 1716 νοῦς
1191 1674 1284 1711 ἐστιν
1297 1688 1305 1698 ·

263 1733 292 1770 εἷ
308 1731 376 1784 γὰρ
409 1733 547 1784 μεγέθει
577 1732 638 1771 καὶ
664 1732 758 1785 ὄγκῳ
793 1732 930 1777 οὐδενὸς
962 1732 1129 1786 ὑπερέχει
1143 1761 1154 1781 ,
1192 1732 1247 1771 διὰ
1267 1734 1307 1772 τὸ

264 1791 488 1844 ὑπερὸαίνειν
503 1791 568 1837 τὴν
589 1791 675 1838 ὕλην
690 1821 700 1839 ,
726 1790 816 1830 ἀλλὰ
835 1794 878 1844 τῇ
893 1808 933 1844 γε
950 1792 1095 1842 δυνάμει
1113 1791 1173 1830 καὶ
1190 1792 1302 1843 τιμιό·

263 1864 340 1896 τητι
367 1849 533 1900 μέγιστόν
569 1851 662 1889 ἐστιν
692 1850 878 1889 ἁπάντων·
900 1850 975 1888 ἐπεὶ
1006 1851 1066 1889 καὶ
1086 1852 1203 1894 δεινῶς
1224 1850 1303 1890 ἔτο-

262 1923 345 1954 πον,
374 1908 404 1946 εἴ
417 1924 468 1951 τις
488 1910 602 1960 ἑαυτῷ
622 1909 711 1956 μηδὲ
731 1909 789 1947 ’τὸν
806 1910 931 1947 ἑαυτοῦ
945 1909 1018 1947 δίον
1040 1910 1191 1961 αἱροῖτο,
1213 1909 1304 1949 ἀλλὰ

262 1966 319 2004 τόν
334 1982 423 2010 τινος
444 1968 569 2005 ἄλλου·
589 1968 650 2006 καὶ
671 1969 739 2020 γὰρ
761 1967 860 2011 αὐτός
892 1970 985 2007 ἐστιν
1013 1967 1161 2012 ἕκαστος
1186 1968 1224 2006 τὸ
1243 1984 1304 2007 κυ-

263 2025 429 2077 ριώτατον
453 2027 512 2064 καὶ
539 2025 680 2077 ἄριστον
699 2029 768 2065 τῶν
793 2027 827 2065 ἐν
850 2027 969 2078 αὐτῷ,
1002 2026 1062 2065 καὶ
1085 2027 1175 2065 κατὰ
1204 2032 1321 2066 τοῦτο.

262 2086 341 2132 ζῶν,
362 2086 475 2137 ἑαυτῷ
504 2083 546 2123 ἂν
568 2083 657 2138 βιῴη
675 2091 703 2135 ⁸,
725 2085 785 2124 καὶ
814 2085 872 2123 τὸν
893 2086 1017 2123 οἰκεῖον
1035 2084 1191 2134 μάλιστα
1212 2085 1299 2138 βίον.

261 2138 395 2185 Ἄλλως
408 2158 444 2180 τε
464 2142 504 2180 τὸ
521 2142 687 2196 πρότερον
707 2143 829 2196 λεχθὲν
840 2142 995 2196 ’ἁρμόσει
1010 2144 1069 2181 καὶ
1086 2147 1162 2182 νῦν·
1183 2143 1223 2182 τὸ
1236 2142 1303 2195 γὰρ

262 2204 386 2240 οἰκεῖον
422 2205 464 2255 τῇ
485 2201 586 2254 φύσει
607 2202 777 2251 ἑκάστου,
812 2206 915 2241 τοῦτο
939 2202 1126 2254 κράτιστον
1146 2204 1206 2241 καὶ
1229 2202 1304 2250 ἥδι-

262 2259 342 2297 στόν
362 2262 452 2299 ἐστιν
474 2260 630 2313 ἑκάστῳ·
656 2263 706 2312 τῷ
729 2260 900 2313 ἀνθρώπῳ
937 2260 971 2298 δὲ
996 2262 1120 2299 οἰκεῖον
1150 2261 1303 2311 μάλιστα

261 2317 402 2357 πάντων
423 2318 462 2356 τὸ
492 2317 585 2356 κατὰ
617 2322 696 2357 νοῦν
730 2320 898 2371 gamales,
923 2318 1020 2371 εἴπερ
1048 2318 1150 2362 αὐτός
1171 2321 1264 2358 ἐστιν
1286 2323 1303 2358 6

261 2381 355 2421 νοῦς·
378 2378 503 2416 οἰκεῖον
524 2377 559 2416 δὲ
592 2377 631 2416 τὸ
650 2380 729 2416 καθ’
748 2377 903 2416 ἑαυτὸν’
888 2380 1039 2431 ενεργεῒν
1070 2378 1207 2431 ἑκάστῳ
1235 2381 1302 2417 τῶν

261 2436 514 2490 ἐνεργούντων·
534 2436 718 2489 κράτιστος
741 2437 809 2491 ἄρα
820 2437 880 2476 καί
902 2437 1043 2484 ἥδιστος
1065 2439 1083 2475 6
1110 2437 1202 2476 κατὰ
1225 2441 1303 2476 νοῦν

263 2495 335 2547 βίος
364 2494 554 2548 ἀνθρώπῳ·
578 2499 674 2540 οὗτος
695 2496 763 2548 ἄρα
790 2496 850 2534 καὶ
884 2495 1220 2547 εὐδαιμονέστατος,
1242 2497 1302 2536 καὶ

262 2553 351 2600 αὕτη
372 2570 414 2591 αν
436 2553 488 2602 εἴη
509 2554 656 2606 πρώτως
672 2557 694 2602 ἧ
710 2554 909 2608 ἀνθρωπίνη
925 2554 1144 2603 εὐδαιμονία.

314 2612 372 2633 ***
386 2612 564 2666 Δευτέρως
581 2614 617 2651 δὲ
638 2616 659 2660 ἡ
679 2614 770 2652 κατὰ
790 2614 853 2662 τὴν
874 2614 984 2660 ἄλλην
1005 2613 1146 2666 ἀρετήν.
1167 2614 1216 2653 Αἱ
1235 2613 1302 2666 γὰρ

261 2673 340 2710 κατ’
361 2672 469 2719 αὐτὴν
492 2672 656 2724 ἐνέργειαι
684 2672 902 2726 οἰνθρωπικαὶΙ
930 2674 964 2711 ἓν
984 2677 1058 2716 ταῖς
1079 2672 1164 2725 πρὸς
1192 2672 1302 2719 ἀλλή-

260 2731 340 2774 λους
370 2733 438 2768 τῶν
459 2731 650 2781 ἀνθρώπων
672 2732 867 2776 κοινωνίαις
886 2731 1149 2783 συνιστάμεναι.
1173 2731 1302 2771 Δίκαια

261 2788 329 2840 γὰρ
349 2787 418 2826 ’καὶ
439 2789 599 2840 ἀνδρεῖα,
621 2789 682 2827 καὶ
710 2790 754 2828 τὰ
771 2791 861 2829 ἄλλα
877 2789 920 2828 τὰ
942 2790 1033 2828 κατὰ
1063 2789 1124 2834 τὰς
1156 2790 1300 2842 ἀρετάς,

261 2847 346 2899 πρὸς
373 2846 545 2893 ἀλλήλους
570 2847 795 2900 πράττομεν,
823 2851 858 2888 ἐν
888 2848 1057 2902 πράξεσι,
1076 2847 1136 2887 καὶ
1156 2847 1302 2901 χρείαις,

261 2907 321 2945 καὶ
341 2907 634 2957 συναλλάγμασι,
664 2907 723 2945 καὶ
745 2907 789 2946 τὰ
808 2908 905 2956 πάθη
926 2909 1218 2959 παιδαγωγοῦμεν
1232 2937 1244 2959 ,
1264 2909 1303 2947 τὸ

261 2965 394 3018 πρέπον
414 2969 463 3018 τῷ
478 2965 624 3013 πλησίον
643 2966 901 3020 διατηροῦντες·
924 2970 1037 3006 ταῦτα
1057 2966 1093 3005 δὲ
1109 2967 1224 3005 πάντα
1239 2965 1301 3014 τὴν

262 3023 423 3064 σύνθετον
453 3023 582 3071 ταύτην
620 3030 829 3077 συντηροῦσι
859 3026 964 3074 ζωήν.
996 3026 1054 3066 Τὰ
1086 3025 1122 3065 δὲ
1158 3029 1302 3065 τοιαῦτα

263 3082 477 3136 ἀνθρωπικά.
498 3082 583 3122 Ἔτι
621 3085 656 3121 αἱ
687 3084 805 3131 ἠθικαὶ
841 3085 961 3138 ἀρεταὶ
999 3084 1131 3133 πολλὴν
1163 3085 1300 3138 ἔχουσιν

262 3141 367 3181 ἐνίοτε
389 3141 459 3180 ἀπὸ
478 3145 538 3181 τοῦ
553 3141 715 3191 σώματος
739 3143 802 3189 τὴν
824 3143 980 3190 σκοπήν·
1001 3143 1060 3182 καὶ
1077 3144 1144 3206 γὰρ
1161 3160 1300 3197 σωφρο-

261 3218 348 3241 νικοι
362 3217 450 3247 τινες
473 3203 539 3240 εἶσι
562 3217 681 3254 φυσει,
715 3201 776 3240 καὶ
798 3202 882 3255 πρὸς
909 3203 1070 3255 ἀνδρείαν
1093 3208 1130 3242 εὖ
1151 3203 1297 3256 ἔχουσι,

1108 139 1385 183 ANDRONICI
1417 141 1592 181 RHODII

2496 115 2505 205 2³22-
2494 0 2508 101 <⁴2⁴343

1370 243 1440 266 esse
1454 236 1588 276 apparet
1608 247 1614 266 ε
1634 233 1847 269 manifestum
1863 237 1932 276 est,
1950 235 2132 279 perfectam
2159 239 2244 272 hanc
2268 239 2412 274 hominis
2442 266 2445 269 «
2491 266 2495 267 ⁷

1371 292 1609 326 beatitudinem
1647 294 1733 333 sore,
1776 294 1805 326 si
1840 294 2017 336 perfectam
2057 296 2136 329 vitae
2173 297 2412 339 longitudinem

1370 352 1488 394 adepta
1507 352 1552 385 sit
1570 363 1576 383 :
1595 353 1677 386 nihil
1704 353 1792 386 enim
1818 363 1948 394 eorum,
1969 363 2046 397 quae
2069 357 2148 389 sunt
2182 357 2410 397 beatitudinis,

1370 411 1599 454 imperfectum
1619 421 1690 446 esse
1712 412 1819 446 decet.

1805 716 1895 749 ΟΑΡ.
1922 717 1978 749 ῘΧ.

1371 816 1533 851 Majorom,
1560 823 1651 852 quam
1663 816 1802 852 {hominis
1821 822 1935 860 natura
1953 818 2048 853 terat,
2067 818 2327 855 contemplativam
2347 826 2414 848 esse

1406 862 1557 891 beatitudi
1571 870 1644 892 nem:
1662 863 1738 892 item.
1744 864 1780 892 de
1797 865 1914 899 morali,
1923 865 1979 892 hoc
1986 869 2043 900 est,
2055 865 2092 894 ‹le
2104 865 2241 894 humana
2253 864 2410 897 reudme.

1411 975 1471 1007 Est
1492 977 1604 1008 autem
1629 975 1706 1008 talis
1726 975 1796 1008 vita
1814 977 2034 1018 praestantior,
2062 987 2164 1020 quam
2191 986 2270 1021 quae
2293 977 2328 1011 in
2349 977 2412 1011 ho-

1369 1026 1490 1060 minem
1508 1027 1615 1060 cadat.
1643 1027 1708 1066 Qui
1729 1029 1817 1061 enim
1841 1029 1904 1062 hoc
1920 1030 2018 1062 modo
2039 1030 2144 1063 vitam
2170 1031 2248 1072 agit,
2266 1039 2331 1064 non
2346 1040 2413 1074 qua

1370 1080 1469 1117 homo
1494 1081 1544 1112 est
1564 1079 1611 1111 ita
1636 1079 1732 1119 vivit,
1751 1078 1810 1112 Sed
1835 1083 2001 1123 quatenus
2017 1081 2169 1114 divinum
2188 1081 2351 1125 quiddam
2379 1083 2413 1115 in

1370 1142 1408 1165 eo
1432 1133 1517 1164 inest
1535 1132 1682 1172 :quanto
1699 1131 1825 1163 scilicet
1846 1132 1997 1165 divinum
2022 1133 2086 1165 hoc
2106 1133 2137 1166 ei
2153 1133 2245 1175 quod
2259 1133 2295 1166 in
2317 1133 2414 1167 nobis

1371 1184 1590 1226 compositum
1616 1185 1677 1222 est,
1693 1184 1871 1224 antecellit,
1887 1187 1980 1217 tanto
1994 1185 2094 1218 etiam
2110 1185 2212 1228 hujus
2226 1184 2414 1220 functiones

1370 1236 1507 1277 reliquis
1525 1235 1681 1267 humanis
1698 1234 1922 1269 functionibus
1947 1236 2164 1278 praestabunt,
2183 1239 2285 1280 atque
2313 1238 2414 1283 hujus

1368 1290 1478 1322 virtus
1505 1288 1641 1330 reliquae
1669 1288 1787 1320 virtuti
1814 1289 1942 1322 morali.
1971 1289 2006 1321 Si
2034 1289 2123 1322 enim
2146 1299 2241 1323 mens
2269 1289 2414 1325 hominis

1368 1344 1519 1385 respectu
1546 1341 1697 1374 divinum
1727 1342 1888 1384 quiddam
1925 1347 1986 1381 est,
2027 1342 2097 1375 vita
2133 1352 2268 1386 quoque
2307 1344 2412 1378 menti

1368 1398 1584 1429 consentanea
1600 1395 1713 1427 divina
1736 1396 1807 1434 erit,
1831 1396 1860 1427 si
1879 1405 1952 1428 cum
1979 1396 2124 1429 humana
2141 1389 2340 1431 conferatur.

1410 1452 1523 1491 Neque
1543 1451 1652 1480 tamen
1665 1458 1724 1480 nos
1737 1449 2081 1490 oportetquorundam
2091 1449 2226 1484 monitis
2237 1449 2414 1484 obsecutos

1368 1499 1512 1531 humana
1530 1507 1643 1540 sapere
1659 1500 1698 1529 ut
1721 1497 1882 1538 homines,
1900 1500 1934 1530 et
1947 1499 2100 1531 mortalia
2113 1501 2152 1532 ut
2170 1500 2338 1540 mortales,
2351 1499 2412 1534 sed
2467 1509 2470 1515 ·

1368 1558 1427 1581 nos
1470 1548 1568 1590 ipsos,
1617 1547 1726 1589 quoad
1774 1548 1846 1589 ejus
1887 1547 1956 1581 fieri
1995 1550 2116 1590 potest,
2158 1558 2177 1582 a
2210 1549 2412 1583 mortalitate

1368 1598 1546 1636 vindicare,
1576 1600 1677 1639 atque
1705 1598 1814 1630 omnia
1833 1596 1952 1638 faeere,
1972 1600 2011 1630 ut
2033 1598 2064 1631 ei
2090 1599 2195 1631 nostri
2218 1599 2316 1640 parti,
2333 1608 2412 1642 quae

1367 1647 1401 1678 in
1420 1646 1515 1678 nobis
1550 1648 1600 1678 est
1624 1646 1760 1688 optima,
1793 1646 2024 1679 convenienter
2053 1646 2218 1680 vivamus.
2246 1649 2413 1682 Praestan-

1367 1695 1532 1727 tissimum
1560 1697 1672 1726 autem
1702 1704 1817 1727 eorum
1843 1705 1919 1736 quae
1948 1695 1982 1729 in
2005 1695 2100 1728 nobis
2117 1699 2194 1730 sunt
2209 1706 2303 1731 mens
2327 1700 2378 1732 est
2399 1710 2409 1731 ι

1365 1753 1442 1787 quae
1459 1744 1536 1776 licet
1553 1743 1752 1785 proceritate
1779 1746 1813 1776 et
1828 1744 1914 1776 mole
1935 1745 2060 1777 nullam
2075 1754 2147 1778 rem
2169 1748 2314 1788 superet,
2331 1747 2411 1790 quia

1367 1792 1540 1825 materiam
1568 1792 1726 1831 excedit,
1754 1793 1901 1834 potentia
1936 1795 2046 1826 tamen
2074 1795 2108 1826 et
2136 1794 2329 1829 excellentia
2352 1794 2412 1830 *res

1365 1841 1513 1873 omnium
1523 1841 1668 1873 maxima
1685 1843 1734 1873 est
1747 1854 1754 1873 :
1768 1850 1843 1873 nam
1857 1841 1954 1874 valde
1967 1841 2151 1876 absurdum
2165 1843 2275 1883 fuerit,
2290 1843 2320 1878 si
2333 1845 2412 1888 quis
2438 1849 2442 1852 ⁴

1365 1900 1430 1923 non
1462 1899 1557 1923 suam
1585 1890 1643 1922 sed
1683 1890 1823 1923 alienam
1855 1891 1958 1923 vitam
1983 1893 2116 1933 expetat
2143 1894 2177 1925 et
2207 1895 2367 1936 sequatur
2399 1907 2407 1927 :

1364 1939 1454 1982 quod
1472 1939 1560 1971 enim
1578 1939 1611 1971 in
1628 1948 1758 1981 quoque
1776 1940 2088 1981 praestantissimum
2110 1943 2145 1974 et
2159 1942 2324 1984 optimum
2345 1942 2408 1984 est,

1367 1989 1401 2022 id
1419 1990 1487 2031 ipse
1509 1991 1571 2029 est,
1600 1991 1634 2022 et
1655 1989 1713 2031 qui
1734 1989 1813 2022 huie
1826 1990 2056 2023 convenienter
2077 1991 2172 2032 vivit,
2196 1991 2258 2026 sibi
2273 1993 2408 2035 potissi-

1365 2047 1456 2070 mum
1482 2037 1585 2078 vIvet,
1608 2036 1779 2079 vitamque
1802 2037 1944 2070 maxime
1960 2039 2127 2081 propriam
2145 2042 2230 2082 aget.
2245 2037 2411 2080 Praeterea

1364 2087 1454 2129 quod
1477 2089 1553 2119 ante
1571 2096 1590 2118 a
1616 2086 1710 2119 nobis
1732 2087 1860 2120 dictum
1886 2089 1948 2126 est,
1972 2088 2073 2121 etiam
2092 2089 2171 2122 huic
2192 2090 2265 2123 loco
2289 2100 2408 2125 eonve-

1364 2137 1456 2169 niet:
1489 2136 1580 2178 quod
1603 2136 1689 2168 enim
1707 2136 1870 2178 cujusque
1894 2138 2065 2179 proprium
2091 2140 2142 2172 est
2167 2141 2296 2180 natura,
2320 2141 2409 2176 idem

1364 2190 1397 2220 et
1431 2188 1594 2229 optimum
1625 2187 1744 2230 cuique
1779 2190 1830 2220 est
1861 2190 1895 2221 et
1920 2189 2226 2230 jucundissimum:
2265 2191 2408 2226 hominis

1364 2242 1476 2271 autem
1491 2238 1639 2271 omnium
1651 2239 1794 2271 maxime
1807 2240 1977 2282 proprium
1989 2242 2051 2280 est,
2062 2241 2166 2274 menti
2179 2242 2409 2277 convenienter

1364 2301 1470 2333 agere,
1503 2290 1668 2333 siquidem
1690 2291 1757 2332 ipsa
1784 2301 1878 2324 mens
1902 2294 1953 2324 est
1984 2292 2084 2326 homo
2113 2306 2122 2326 z
2159 2293 2218 2327 sed
2247 2294 2408 2338 mijusque

1364 2354 1475 2377 rerum
1501 2343 1622 2376 actoris
1654 2344 1825 2386 proprium
1852 2346 1902 2377 est
1934 2345 1996 2378 sibi
2029 2348 2247 2387 congruenter
2275 2355 2371 2388 agere
2397 2350 2410 2379 :'

1365 2406 1441 2438 ergo
1468 2396 1544 2434 vita,
1579 2404 1656 2438 quae
1680 2395 1723 2428 ad
1748 2398 1892 2429 mentem
1925 2397 2171 2430 accommodate
2207 2397 2404 2436 traducitur,

1363 2450 1487 2483 homini
1519 2449 1642 2491 optima
1671 2451 1704 2481 et
1724 2449 1965 2490 jucundissima
1979 2451 2032 2482 est
2054 2461 2063 2482 ι
2081 2450 2152 2483 haec
2179 2459 2258 2484 vero
2277 2453 2311 2484 et
2326 2451 2404 2484 bea-

1364 2504 1492 2536 tissima
1508 2505 1568 2541 est,
1588 2505 1687 2544 atque
1712 2502 1782 2535 haec
1804 2502 1911 2544 primo
1943 2503 2014 2536 loco
2029 2503 2174 2536 humana
2193 2503 2334 2538 felicitas
2349 2515 2406 2538 vo·

1364 2556 1467 2589 canda
1481 2555 1534 2589 sit.
2358 2571 2360 2573 >

1406 2615 1557 2648 Secundo
1590 2617 1701 2648 autem
1735 2615 1806 2648 loco
1843 2624 1881 2648 ea
1918 2623 1995 2656 quae
2029 2614 2086 2647 alii
2123 2614 2241 2649 virtuti
2268 2626 2406 2651 consen-

1365 2670 1459 2700 tanea
1499 2669 1560 2700 est.
1595 2668 1740 2700 Muneris
1763 2668 1850 2700 enim
1895 2667 2080 2701 functiones
2109 2668 2139 2701 ei
2177 2670 2406 2704 convenientes

1363 2721 1517 2753 humanae
1542 2722 1630 2758 sunt,
1655 2721 1755 2761 atque
1769 2719 1802 2751 in
1818 2719 1991 2752 hominum
2008 2719 2094 2753 inter
2109 2729 2144 2753 se
2159 2722 2406 2755 conversatione

1364 2771 1559 2804 consistunt.
1582 2771 1710 2813 Quippe
1737 2771 1878 2813 justitiae
1902 2772 1936 2803 et
1974 2770 2179 2804 fortitudinis
2204 2774 2238 2805 et
2266 2772 2406 2807 aliarum

1364 2824 1530 2856 virtutum
1548 2823 1742 2856 muneribus
1769 2823 1855 2856 inter
1873 2831 1932 2855 nos
1954 2821 2132 2864 fungimur,
2159 2823 2195 2856 in
2208 2824 2402 2866 actionibus,

1364 2875 1625 2914 necessitatibus,
1651 2875 1855 2918 negotiorum
1882 2874 2118 2915 contractibus,
2148 2877 2182 2908 et
2209 2875 2407 2919 cupiditates

1364 2934 1495 2964 nostras
1523 2941 1730 2970 coercemus,
1758 2930 1849 2974 quod
1875 2930 1970 2963 alteri
2005 2930 2162 2964 decorum
2191 2933 2243 2965 est
2274 2941 2406 2977 conser-

1366 2991 1482 3022 vantes
1511 2999 1518 3020 :
1550 2989 1622 3022 haec
1649 2990 1760 3021 autem
1787 2988 1896 3021 omnia
1927 2987 2144 3030 compositam
2170 2987 2269 3021 istam
2301 2988 2404 3022 vitam

1363 3046 1569 3078 conservant.
1586 3044 1677 3077 Talia
1694 3053 1772 3077 vero
1791 3046 1868 3077 sunt
1893 3043 2047 3076 humana.
2078 3044 2241 3084 Praeterea
2262 3043 2405 3077 virtutes

1362 3099 1504 3132 morales
1537 3099 1580 3132 ad
1615 3099 1760 3142 corporis
1802 3099 2021 3132 affectionem*
2036 3100 2234 3141 spectantes
2261 3099 2406 3132 multum

1362 3154 1529 3188 interdum
1558 3154 1588 3187 ei
1619 3154 1739 3188 debent
1765 3155 1912 3186 :natura
1939 3152 2026 3185 enim
2054 3152 2191 3194 quidam
2211 3151 2254 3185 ad
2282 3155 2404 3195 tempe-

1363 3210 1506 3242 rantiam
1533 3209 1641 3242 idonei
1671 3211 1758 3248 sunt,
1793 3210 1894 3250 atque
1921 3206 1964 3239 ad
1989 3206 2218 3240 fortitudinem
2240 3208 2274 3240 et
2304 3206 2405 3240 animi

305 3319 322 3335 '¹
344 3319 383 3352 ‘O
403 3320 436 3352 δὲ
455 3323 603 3356 τοιοῦτος
619 3320 658 3351 ἂν
675 3320 723 3359 εἴη
743 3321 903 3363 κρείσσων
928 3321 995 3363 βίος
1010 3345 1017 3360 ,
1033 3323 1100 3353 κτλ.
1116 3338 1158 3344 -
1175 3322 1214 3341 'Q‘
1232 3322 1298 3364 Χρὴ
1321 3320 1349 3353 δ’
1371 3321 1409 3353 οὐ
1430 3321 1515 3353 κατὰ
1531 3321 1604 3358 τοὺς
1624 3323 1858 3363 παραινοῦντας
1876 3320 1944 3351 κτλ.
1961 3336 2003 3342 —
2015 3319 2077 3339 *Ἠ*
2094 3320 2172 3361 Gap.
2195 3322 2224 3352 8.
2240 3320 2406 3363 Δευτέρως

262 3368 290 3398 δ’
311 3369 328 3399 ὁ
343 3368 428 3399 κατὰ
452 3369 509 3405 τὴν
531 3369 626 3406 ἄλλην
647 3368 776 3408 ἀρετήν,
796 3369 864 3400 κτλ.
