2508 3776
281 180 361 218 556

278 265 320 303 ἂν
336 266 426 304 εἴποι
441 265 499 304 καὶ
518 270 590 309 τοῖς
602 265 744 320 φαύλοις
758 268 959 319 προσεῖναι,
979 268 1040 309 καὶ
1058 270 1125 324 γὰρ
1145 272 1222 313 οὐδὲ
1240 273 1313 326 βίον

276 324 333 362 τὸν
359 324 461 363 αὐτὸν
479 325 685 377 ἀμφοτέρων
706 319 811 375 εἶναι,
832 326 885 366 ὅτι
907 327 956 378 μὴ
978 328 1071 368 κατὰ
1095 330 1158 378 τὴν
1179 332 1313 386 φαύλην

276 384 451 435 διαγωγὴν
489 385 511 429 ἡ
545 383 768 434 εὐδαιμονία,
800 386 879 423 ἀλλ’
907 387 941 424 ἐν
969 388 1044 431 ταῖς
1085 390 1165 429 κατ’
1187 390 1313 445 ἀρετὴν

274 441 475 493 ἐνεργείαις,
497 442 657 495 καθάπερ
681 441 742 481 καὶ
757 442 925 496 πρότερον
949 444 1100 498 εἴρηται.

326 500 495 552 (Scripsi
512 514 522 540 :
538 505 552 523 ⁰
569 501 852 554 εὐθυμουμένων]
868 504 954 544 cod.
978 506 1248 558 εὐθυνουμένων.
1261 532 1313 539 -

278 560 295 582 ¹³
312 559 647 613 ἀποθαυμάσουσιν]
667 561 753 599 cod.
777 563 815 599 οὐ
835 563 1090 613 θαυμάσουσιν,
1109 573 1183 596 —c
1204 568 1310 621 αἱρεῖ-

271 620 351 656 σθαι
365 618 516 671 παίζειν]
537 621 625 660 cod.
653 621 923 674 αἷρεῖσθαι.-)

707 740 797 790 Κεφ.
828 738 877 786 η’.

497 849 572 889 Περὶ
587 852 641 887 τῆς
658 850 848 889 θεωρητικῆς
867 850 1081 892 εὐδαιμονίας.

321 956 341 974 *
362 951 465 992 Ἐπεὶ
483 952 518 991 δὲ
536 957 557 1001 ἡ
582 953 784 1005 εὐδαιμονίά
807 957 841 993 ἐν
862 961 940 1000 ταῖς
957 958 1035 995 κατ’
1059 956 1185 1010 ἀρετὴν
1209 959 1308 1012 ε’νερ-

265 1011 374 1063 γείαις
395 1011 567 1051 δέδεικται
587 1006 696 1064 οὐσα,
720 1012 751 1051 εἴ
766 1029 818 1057 τις
837 1013 889 1062 εἴη
911 1015 1085 1067 κρατίστη
1105 1018 1174 1056 τῶν
1194 1018 1309 1057 τοιού-

265 1086 332 1109 των
354 1073 531 1123 ἐνεργειῶν
545 1101 555 1120 ,
575 1072 732 1123 μάλιστα
747 1073 782 1110 ἐν
801 1072 911 1126 ταύτῃ
928 1074 967 1112 ἂν
988 1074 1058 1123 εἴη.

318 1129 358 1153 **
380 1130 577 1183 Κράτιστον
601 1130 668 1182 γὰρ
682 1130 741 1168 καὶ
757 1131 898 1182 ἄριστον
918 1136 937 1179 ἡ
953 1134 1155 1184 εὐδαιμονία
1167 1151 1175 1160 ·
1191 1136 1308 1189 κρατί-

267 1205 332 1236 στη
350 1189 385 1228 δὲ
408 1189 561 1242 ἐνέργεια
581 1193 673 1237 ἠτοῦ
690 1190 875 1242 κρατίστον
892 1194 959 1230 τῶν
980 1195 1014 1231 ἐν
1030 1194 1115 1244 ἡμῖν
1131 1195 1307 1247 ἐνεργούν-

266 1265 349 1298 των,
366 1248 486 1287 ὃκατὰ
504 1249 604 1300 φύσιν
620 1249 720 1301 ἄρχει
739 1249 798 1288 καὶ
813 1253 948 1301 ἡγεῖται
960 1252 1045 1304 πρὸς
1055 1252 1118 1299 τὴν
1130 1254 1306 1304 ἀλήθειαν,

263 1305 322 1344 καὶ
343 1305 385 1344 τὸ
408 1306 561 1358 ἀγαθόν,
585 1307 653 1345 εἴτε
672 1312 747 1351 νοῦς
762 1311 861 1347 τοῦτο
884 1308 925 1347 ἂν
947 1310 1104 1357 καλοῖτο,
1131 1310 1199 1349 εἴτε
1221 1312 1307 1351 ἄλλο

262 1375 339 1416 τιὸ,
353 1365 372 1404 ὃ
400 1365 441 1413 δὴ
462 1365 594 1404 ἔννοιαν
612 1366 685 1418 ἔχει
705 1367 784 1419 περὶ
806 1368 925 1405 καλῶν
943 1384 979 1406 τε
1007 1368 1067 1407 καὶ
1093 1369 1191 1407 θείων
1209 1400 1217 1416 ,
1237 1370 1305 1409 εἴτε

262 1428 350 1463 θεῖον
368 1424 404 1463 ὂν
414 1425 473 1463 καὶ
491 1425 597 1472 αὐτό,
617 1425 685 1464 εἴτε
705 1429 773 1464 τῶν
796 1427 830 1463 ἐν
856 1427 937 1476 ἡμῖν
949 1427 988 1465 τὸ
1009 1428 1185 1466 θειότατον
1197 1444 1205 1452 ·
1222 1433 1244 1477 ἡ
1261 1429 1304 1477 δὴ

260 1483 381 1522 τούτου
400 1483 553 1536 ἐνέργεια
574 1478 612 1523 εὐ
633 1484 693 1523 καὶ
716 1485 831 1529 καλῶς
853 1485 1018 1536 γινομένη
1031 1516 1040 1532 ,
1058 1487 1118 1525 καὶ
1138 1486 1229 1525 κατὰ
1241 1488 1304 1537 τὴν

260 1542 388 1581 οἰκείαν
410 1542 536 1594 ἀρετήν
551 1573 560 1591 ,
583 1543 636 1590 εἴη
654 1542 731 1590 ἂνὴ
755 1544 875 1582 τελεία
898 1545 1115 1595 εὐδαιμονία.

312 1601 375 1624 ***
393 1601 462 1640 Καὶ
485 1600 558 1640 ἔστι
579 1602 797 1654 θεωρητική,
814 1601 927 1646 καθὼς
949 1604 1117 1656 πρότερον
1141 1604 1296 1657 εἴρηται·

258 1660 311 1700 ὅτι
325 1659 362 1698 δὲ
378 1662 413 1698 ἐν
431 1660 541 1713 ταύτῃ
562 1663 605 1713 τῇ
621 1660 779 1713 ἐνεργείᾳ
799 1661 891 1700 ἐστὶν
906 1664 927 1709 ἡ
941 1662 1056 1701 τελεία
1075 1664 1297 1714 εὐδαιμονία,

259 1719 318 1757 καὶ
332 1720 376 1758 τὰ
395 1719 631 1772 προειρημένα
648 1723 734 1769 ἡμῖν
756 1721 836 1773 περὶ
859 1723 927 1759 τῶν
953 1722 1179 1774 ἀνθρωπίνων
1201 1725 1298 1777 ε’νερ-

258 1782 378 1830 γειῶν,
394 1778 454 1816 καὶ
474 1781 495 1825 ἡ
512 1778 658 1826 ἀλήθεια
676 1785 861 1833 μαρτυρεῖ.

310 1837 390 1860 ****
406 1837 477 1877 Καὶ
497 1837 564 1890 γὰρ
581 1839 627 1881 ὡς
645 1839 679 1876 ἐν
709 1841 758 1891 τῷ
778 1839 857 1891 περὶ
888 1840 1003 1892 φιλίας
1019 1840 1171 1893 εἴρηται,
1194 1845 1212 1881 ὁ
1227 1847 1301 1888 νοῦς

258 1900 338 1943 ἡστι
364 1896 403 1934 τὸ
423 1897 593 1949 ἡμέτερον
614 1891 702 1935 εἶναι
716 1926 726 1944 ,
745 1898 803 1936 καὶ
821 1897 876 1936 διὰ
890 1902 992 1937 τοῦτο
1010 1900 1181 1951 κρατίστη
1206 1903 1298 1941 ἐστὶν

258 1957 363 1995 αὐτοῦ
396 1956 550 2009 ἐνέργεια
562 1985 572 2004 ,
612 1956 670 1994 καὶ
691 1957 713 1995 ἃ
748 1957 912 2009 γινώσκει
935 1958 1108 2011 κράτιστά
1138 1961 1204 1998 εἶσι
1230 1965 1298 2001 τῶν

258 2015 416 2063 αἰσθήσει
449 2016 737 2066 γινωσκομένων·
761 2018 792 2055 εἷ
821 2017 857 2055 δὲ
882 2017 1022 2070 ἄριστον
1050 2019 1101 2056 δεῖ
1121 2013 1208 2057 εἶναι
1236 2021 1297 2068 τὴν

257 2074 502 2124 εὐδαιμονίαν,
522 2075 556 2112 ἐν
578 2077 628 2127 τῷ
650 2074 783 2127 ἀρίστῳ
807 2069 894 2114 εἶναι
907 2081 1006 2115 πᾶσα
1028 2077 1180 2129 ἀνάγκη.

309 2133 413 2157 *****
427 2132 510 2173 Ἔτι
530 2134 570 2172 τὸ
583 2134 726 2187 συνεχὲς
735 2135 936 2174 ἀποδιδόναι
950 2137 1001 2174 δεῖ
1015 2140 1058 2189 τῇ
1074 2138 1289 2191 εὐδαιμονίᾳ.

255 2194 361 2233 Οὕτω
381 2193 447 2246 γὰρ
469 2192 511 2231 ἂν
531 2193 671 2238 τελείως
688 2193 826 2233 δύναιτό
842 2211 892 2239 τις
907 2196 1139 2245 εὐδαιμονεῖν,
1159 2196 1208 2247 μὴ
1221 2198 1295 2236 δια·

254 2267 364 2291 κοπτο
375 2251 480 2302 μένης
496 2252 600 2290 αὐτοῦ
615 2254 678 2298 τῆς
691 2254 924 2303 εὐδαιμονίας.
950 2256 1063 2293 Τοῦτο
1072 2253 1108 2292 δὲ
1130 2257 1296 2308 θεωροῦσι

255 2313 409 2361 μάλιστα
426 2311 571 2350 δυνατόν
584 2327 591 2335 ·
606 2315 745 2365 θεωρεῖν
765 2313 833 2366 γὰρ
851 2311 1024 2364 δυνάμεθα
1039 2316 1194 2366 συνεχῶς
1205 2317 1296 2366 μᾶλ-

253 2372 312 2407 λον
328 2399 339 2418 ,
361 2369 383 2414 ἢ
405 2373 518 2408 ὁτιοῦν
537 2369 652 2422 ἕτερον
674 2369 854 2421 πράττειν.

307 2427 432 2450 ******
451 2426 536 2467 Ἔτι
555 2428 614 2467 καὶ
629 2427 755 2476 ἡδονὴν
777 2428 919 2480 οἰόμεθα
939 2430 1006 2468 δεῖν
1024 2433 1068 2481 τῇ
1091 2430 1295 2485 εὐδαιμονίᾳ

253 2489 524 2539 παραμεμῖχθαι
538 2486 556 2510 ¹³
569 2486 736 2535 ,Ἡδίστη
755 2487 790 2526 δὲ
800 2491 868 2526 τῶν
878 2489 955 2526 κατ’
973 2488 1102 2540 ἀρετὴν
1117 2490 1295 2541 ἐνεργειῶν

253 2548 276 2592 ἡ
289 2544 379 2583 κατὰ
395 2545 517 2599 σοφίαν
530 2548 814 2598 ὁμολογουμένως
828 2546 902 2585 ἐστι’
919 2561 927 2569 ·
956 2547 1114 2600 φαίνεται
1137 2547 1249 2587 τοίνυν
1273 2554 1293 2598 ἠ

255 2604 438 2657 φιλοσοφία
459 2607 661 2655 θαυμαστὰς
681 2606 811 2658 ἔχουσα
827 2605 966 2653 ἡδονάς,
984 2606 1041 2645 διά
1054 2623 1091 2646 τε
1107 2607 1169 2655 τὴν
1190 2612 1296 2647 καθα-

256 2662 420 2715 ριότητα,
442 2663 501 2701 καὶ
537 2664 577 2702 τὸ
609 2663 694 2711 ὕλης
717 2664 974 2716 ἀπηλλαγμένη
1004 2664 1166 2710 καθάπαξ
1187 2659 1294 2715 εἶναι,

254 2721 315 2760 καὶ
330 2722 386 2759 διὰ
405 2722 443 2760 τὸ
461 2723 601 2774 βέὸαιην
614 2752 624 2769 ,
647 2723 701 2762 ὅτι
717 2723 796 2777 περὶ
817 2723 860 2761 τὰ
882 2722 1028 2771 ἀκίνητα
1049 2723 1108 2762 καὶ
1129 2724 1295 2770 ὡσαύτως

255 2780 380 2833 ἔχοντα
405 2782 548 2833 ἐνεργεῖ.
567 2781 613 2820 Ἡ
636 2782 703 2834 γὰρ
723 2782 902 2835 πρακτικὴ
923 2785 984 2830 τῆς
1013 2798 1051 2821 τε
1070 2782 1153 2831 ὕλης
1172 2784 1294 2833 δεῖται,

253 2840 333 2892 περί
349 2855 387 2877 τε
409 2839 453 2877 τὰ
468 2840 679 2892 ἕνδεχόμενά
700 2843 773 2880 ἐστι
790 2858 797 2867 ·
813 2846 957 2881 τοιαῦτα
980 2842 1046 2895 γὰρ
1061 2842 1105 2881 τὰ
1120 2844 1262 2896 πρακτά
1283 2857 1290 2865 ·

253 2899 327 2938 ὅθεν
347 2900 410 2938 οὐκ
428 2899 478 2936 ἔνι
507 2900 645 2943 τελείως
665 2901 756 2939 κατὰ
775 2901 905 2949 ταύτην
926 2902 1156 2949 εὐδαιμονεῖν.

306 2957 452 2981 *******
467 2956 550 2997 Ἔτι
568 2958 628 2996 καὶ
649 2959 805 3012 αὐτάρκη
828 2960 886 2998 τὸν
909 2961 1100 3011 εὐδαίμονα
1122 2954 1210 3000 εἶναι
1225 2963 1289 3000 δεῖ.

253 3020 369 3057 Τοῦτο
386 3016 422 3055 δὲ
443 3020 505 3064 τῆς
527 3021 738 3070 θεωρητικῆς
755 3020 829 3056 ἐστι
853 3020 986 3069 μᾶλλον
1007 3052 1014 3066 ,
1032 3020 1128 3067 ἢτῆς
1148 3020 1289 3072 ἑτέρας·

253 3077 324 3113 τῶν
344 3074 406 3126 μὲν
429 3075 497 3128 γὰρ
514 3074 599 3128 πρὸς
613 3074 652 3113 τὸ
672 3078 732 3121 ζῆν
749 3077 946 3127 ἀναγκαίων
967 3078 1026 3116 καὶ
1046 3081 1064 3117 ὃ
1085 3078 1292 3131 θεωρητικὸς

254 3135 362 3173 δεῖται
394 3134 455 3172 καὶ
477 3136 495 3172 ὁ
514 3134 716 3186 πρακτικός.
748 3134 840 3186 Πρὸς
859 3135 990 3179 τούτοις
1013 3136 1048 3174 δὲ
1070 3140 1088 3175 ὁ
1117 3136 1180 3187 μὲν
1201 3152 1290 3189 πρα-

253 3193 367 3236 κτικὸς
376 3192 436 3231 καὶ
454 3192 570 3231 ἄλλων
590 3192 794 3245 δεῖταιπρὸς
806 3192 846 3230 τὸ
862 3192 925 3239 τὴν
945 3193 1069 3245 ἀρετὴν
1085 3197 1268 3248 ἐνεργῆσαι
1282 3211 1291 3220 ·

1086 150 1372 226 ιΛΝΒΒιΟΝΙΟΙ
1403 188 1583 229 RHODII

1377 282 1529 321 maverit,
1548 283 1587 314 ut
1601 291 1709 325 neque
1739 284 1877 318 eandem
1894 287 2110 330 utrorumque
2136 299 2223 330 esse,
2245 292 2325 335 quia
2353 302 2418 329 non
2440 284 2443 285 ⁷

1376 341 1409 373 in
1428 350 1530 383 pravo
1555 342 1635 375 vitae
1659 352 1788 384 genere,
1811 345 1867 378 sed
1890 346 1923 378 in
1941 347 2124 381 actionibus
2146 350 2262 384 virtuti
2283 361 2416 391 consens

1376 400 1480 432 taneis
1502 400 1607 442 posita
1642 403 1693 434 est
1726 401 1909 445 beatitudo,
1947 406 2226 449 quemadmodum
2259 412 2293 443 et
2318 419 2418 454 supra

1376 458 1532 493 diximus.

1795 749 1886 782 CAP.
1911 750 2001 782 VIII.

1647 855 1689 882 De
1701 857 1938 892 contemplativa
1953 858 2151 888 beatitudine.

1413 957 1575 995 Quoniam
1603 961 1715 993 autem
1742 961 1775 993 in
1816 963 2000 996 actionibus
2035 965 2150 998 virtuti
2189 969 2418 1002 consentaneis

1371 1003 1610 1038 beatitudinem
1629 1016 1700 1040 esse
1730 1008 1871 1050 positam
1894 1011 2121 1052 ostendimus,
2145 1013 2174 1046 si
2201 1023 2278 1057 quae
2297 1015 2416 1049 talium

1371 1052 1537 1084 actionum
1569 1053 1613 1085 sit
1644 1056 1930 1097 praestantissima,
1960 1058 1995 1091 in
2023 1059 2087 1092 hac
2122 1061 2332 1101 potissimum
2358 1063 2416 1097 illa

1371 1099 1480 1132 fuerit.
2311 1128 2314 1129 ν

1411 1147 1727 1181 Praestantissimum
1748 1150 1839 1187 ‚enim
1861 1151 2018 1193 quiddam
2035 1155 2069 1186 et
2091 1155 2254 1196 optimum
2266 1158 2320 1190 est
2335 1157 2415 1191 bea-

1371 1194 1479 1226 titudo
1515 1207 1522 1226 :
1550 1196 1823 1236 praestantissima
1848 1201 1958 1230 autem
1985 1198 2111 1233 functio
2136 1203 2415 1243 praestantissimae

1370 1240 1474 1282 partis
1495 1249 1610 1272 earum
1633 1251 1709 1283 quae
1743 1243 1777 1275 in
1804 1244 1897 1277 nobis
1915 1245 2027 1287 aliquo
2054 1257 2189 1281 munere
2217 1249 2411 1292 funguntur,

1371 1288 1487 1318 natura
1519 1294 1578 1318 sua
1603 1287 1796 1330 imperantis
1819 1293 1918 1332 atque
1953 1293 1995 1326 ad
2026 1294 2199 1328 veritatem
2230 1298 2264 1329 et
2290 1297 2414 1331 bonum

1369 1342 1428 1365 nos
1452 1332 1673 1375 perducentis,
1702 1336 1770 1370 sive
1797 1347 1890 1372 mens
1915 1340 1971 1373 illa
2000 1351 2077 1383 pars
2107 1344 2245 1376 vocatur
2264 1344 2335 1378 sive
2347 1345 2412 1379 alio

1370 1379 1514 1422 quodam
1527 1380 1657 1414 nomine
1677 1383 1861 1424 appellatur
1874 1386 1956 1420 illud
1969 1388 2057 1430 quod
2078 1398 2189 1422 rerum
2200 1390 2412 1425 honestarum

1371 1429 1404 1459 et
1424 1426 1611 1459 divinarum
1638 1430 1803 1464 notionem
1830 1434 1994 1474 continet,
2022 1435 2091 1468 sive
2106 1436 2257 1470 divinum
2273 1441 2324 1471 est
2349 1439 2413 1472 hoc

1370 1474 1498 1515 ipsum,
1519 1473 1588 1506 sive
1615 1483 1729 1508 eorum
1752 1487 1828 1519 quae
1852 1479 1885 1511 in
1906 1480 1999 1513 nobis
2029 1483 2106 1514 sunt
2132 1482 2375 1517 divinissimum
2396 1499 2405 1519 ε

1369 1521 1470 1561 huJ'us
1494 1519 1596 1560 igitur
1621 1521 1755 1562 functio,
1781 1525 1808 1557 si
1826 1529 1913 1558 recte
1929 1529 1962 1559 et
1980 1529 2019 1559 ut
2038 1530 2176 1570 oportet,
2203 1530 2411 1575 maximeque

1369 1576 1409 1599 ex
1429 1566 1560 1608 propria
1579 1566 1636 1599 fiat
1653 1569 1788 1609 virtute,
1806 1571 1952 1613 perfecta
1965 1574 2028 1607 erit
2042 1574 2224 1610 beatitudo.

1409 1615 1534 1656 Estque
1551 1617 1815 1658 contemplativa,
1834 1619 1918 1652 sicut
1937 1622 2014 1654 ante
2040 1621 2208 1657 diximus:
2223 1633 2318 1667 porro
2333 1634 2410 1668 per·

1367 1674 1483 1706 sectam
1520 1673 1553 1705 in
1584 1673 1646 1706 hac
1673 1674 1839 1710 functione
1875 1678 2113 1714 beatitudinem
2147 1690 2218 1715 esse
2247 1683 2406 1726 positam,

1364 1732 1485 1775 partim
1508 1741 1545 1765 ea
1567 1741 1642 1775 quae
1663 1733 1705 1766 de
1733 1734 1958 1770 functionibus
1980 1738 2136 1773 humanis
2151 1749 2172 1786 a
2198 1736 2294 1775 nobis
2309 1750 2410 1788 supra

1364 1794 1451 1826 dicta
1477 1794 1565 1832 sunt,
1593 1794 1714 1834 partim
1730 1793 1801 1836 ipsa
1819 1795 1942 1828 veritas
1956 1797 2137 1831 confirmat.

1404 1853 1531 1886 Etenim
1553 1853 1833 1895 quemadmodum
1848 1854 1881 1887 in
1897 1855 2063 1897 superiore
2076 1857 2118 1890 de
2130 1858 2275 1892 amicitia
2290 1859 2406 1903 dispu-

1363 1902 1486 1933 tatione
1501 1900 1657 1939 diximuS,
1677 1910 1770 1932 mens
1801 1904 1913 1934 nostra
1945 1904 1994 1935 est
2010 1905 2140 1944 natura,
2158 1904 2299 1948 ideoque
2316 1914 2402 1947 prae-

1354 1952 1556 1985 stantissima
1586 1954 1637 1984 est
1667 1951 1771 1993 ipsius
1800 1950 1943 1990 functio,
1975 1952 2009 1983 et
2037 1960 2112 1992 quae
2143 1959 2249 1985 mens·
2264 1950 2406 1997 percipit

1353 1999 1499 2031 omnium
1519 2007 1593 2038 quae
1616 2006 1715 2030 sensu
1740 1997 1978 2039 percipiuntur,
2002 1999 2080 2030 sunt
2101 1997 2373 2040 praestantissima
2392 2012 2400 2032 :

1353 2044 1471 2087 quodsi
1490 2044 1654 2086 optimum
1672 2043 1833 2086 quiddam
1854 2043 2095 2077 beatitudinem
2114 2053 2187 2078 esse
2205 2046 2350 2088 oportet,
2370 2046 2403 2080 in

1354 2094 1475 2136 optimo
1492 2103 1626 2136 quoque
1646 2103 1718 2126 eam
1737 2102 1809 2126 esse
1827 2093 1961 2126 omuino
1980 2101 2114 2126 necesse
2132 2095 2193 2127 est.

1396 2145 1560 2176 Praeterea
1589 2143 1794 2185 perpetuitas
1823 2142 2019 2176 beatitudini
2054 2142 2228 2176 tribuenda
2259 2145 2320 2177 est.
2352 2144 2404 2178 Sic

1355 2202 1440 2234 enim
1459 2200 1606 2243 perfecte
1626 2201 1744 2234 beatus
1764 2201 1883 2243 aliquis
1901 2210 1974 2234 esse
1991 2202 2112 2243 queat,
2134 2201 2162 2234 si
2179 2202 2251 2244 ejus
2267 2211 2333 2246 nqp
2351 2203 2404 2236 in-

1355 2258 1579 2300 terrumpatur
1617 2257 1797 2290 beatitudo.
1841 2260 1911 2291 Hoc
1958 2261 2072 2293 autem
2107 2261 2402 2303 contemplantibus

1359 2308 1501 2342 maxime
1519 2307 1706 2348 contingere
1723 2308 1830 2348 potest
1853 2319 1861 2339 :
1882 2307 2002 2349 quippe
2026 2314 2080 2339 res
2105 2305 2238 2339 assidue
2253 2308 2398 2339 contem-

1358 2367 1441 2410 plari
1455 2366 1558 2407 magis
1575 2374 1675 2407 quam
1706 2364 1889 2406 quidquam
1904 2363 1994 2396 aliud
2012 2372 2107 2405 agere
2118 2366 2302 2406 possumus.

1402 2429 1539 2467 Insuper
1556 2425 1759 2466 voluptatem
1785 2423 1983 2457 beatitudini
1999 2422 2180 2455 admixtam
2198 2431 2270 2456 esse
2281 2422 2399 2457 debere

1359 2471 1569 2503 arbitramur.
1603 2468 1881 2502 Jucundissimam
1900 2470 2021 2511 *autem
2056 2467 2202 2500 omnium
2233 2467 2398 2500 actionum

1360 2514 1475 2546 virtuti
1499 2514 1788 2546 consentanearum
1817 2521 1888 2544 esse
1908 2511 2010 2550 iilam,
2030 2519 2107 2554 quae
2128 2510 2296 2552 sapientiae
2320 2520 2396 2544 con-

1359 2559 1467 2599 gruat,
1486 2567 1599 2589 omnes
1619 2566 1684 2589 uno
1706 2565 1762 2588 ore
1785 2555 1992 2588 consentiunt
2015 2566 2023 2586 ι
2044 2554 2175 2586 videtur
2190 2553 2304 2596 itaque
2326 2555 2396 2597 phi-

1359 2602 1504 2643 losophia
1528 2601 1697 2633 mirabiles
1727 2599 1888 2642 quasdam
1913 2598 2076 2631 continere
2105 2597 2301 2639 voluptates,
2324 2601 2397 2632 tum

1359 2646 1556 2683 sinceritate,
1579 2649 1612 2677 et
1631 2644 1720 2685 quod
1749 2653 1882 2686 prorsus
1905 2643 1946 2675 ab
1970 2643 2059 2675 omni
2080 2642 2288 2675 concretione
2307 2652 2398 2675 mor-

1359 2690 1416 2722 tali
1434 2690 1600 2731 segregata
1614 2690 1675 2726 est,
1697 2690 1767 2719 tum
1787 2687 1976 2725 stabilitate,
2002 2685 2092 2728 quod
2115 2685 2148 2717 in
2162 2685 2262 2718 rebus
2273 2685 2394 2719 immo-

1357 2734 1400 2766 tis
1428 2741 1622 2774 semperque
1655 2732 1770 2764 eodem
1801 2731 1899 2763 modo
1936 2740 1971 2763 se
2006 2729 2203 2763 habentibus
2229 2732 2394 2763 versatur.

1356 2777 1470 2808 Activa
1491 2776 1612 2818 quippe
1632 2775 1767 2807 scientia
1784 2775 1956 2807 materiam
1973 2773 2149 2812 desiderat,
2164 2774 2199 2805 et
2215 2772 2249 2806 In
2270 2773 2396 2806 contin-

1355 2820 1507 2862 gentibus
1525 2819 1675 2852 consistit
1695 2830 1702 2850 :
1732 2818 1810 2850 talia
1834 2818 1920 2851 enim
1949 2819 2025 2850 sunt
2049 2825 2125 2859 quae
2147 2816 2210 2849 sub
2234 2817 2395 2850 actionem

1356 2865 1477 2897 cadunt
1496 2877 1503 2896 :
1531 2874 1597 2906 quo
1621 2863 1667 2902 fit,
1692 2865 1730 2895 ut
1759 2872 1855 2895 nemo
1875 2864 2008 2905 propter
2026 2861 2111 2894 hanc
2127 2859 2273 2903 perfecta
2288 2859 2393 2894 felici-

1355 2911 1424 2942 tate
1442 2910 1568 2940 utatur.

1395 2964 1539 3002 Accedit,
1556 2963 1646 3006 quod
1658 2963 1793 2996 beatum
1808 2971 1867 2995 sua
1884 2963 1972 2995 sorte
1991 2963 2182 2994 contentum
2196 2969 2268 2994 esse
2286 2961 2391 2994 decet.

1353 3025 1422 3056 Hoc
1437 3024 1547 3055 autem
1567 3021 1829 3064 contemplativae
1841 3021 1945 3063 magis
1957 3030 2057 3063 quam
2070 3020 2206 3053 alterius
2220 3021 2271 3053 est
2288 3020 2394 3053 seien-

1353 3083 1408 3116 tiae
1427 3095 1434 3115 z
1450 3091 1527 3115 nam
1542 3091 1655 3114 eorum
1676 3090 1753 3114 sane
1773 3090 1849 3123 quae
1866 3080 1908 3113 ad
1921 3079 2100 3119 vivendum
2119 3078 2302 3112 necessaria
2316 3080 2393 3111 sunt

1353 3144 1421 3174 tam
1462 3150 1574 3174 rerum
1608 3139 1845 3182 contemplator
1887 3147 1989 3181 quam
2024 3139 2117 3170 actor
2147 3136 2283 3180 indiget.
2327 3137 2393 3170 Sed

1352 3202 1472 3243 praeter
1484 3200 1556 3232 haec
1575 3199 1647 3231 aliis
1668 3208 1802 3241 quoque
1819 3199 1910 3230 actor
1924 3205 2036 3230 rerum
2057 3195 2100 3229 ad
2120 3195 2279 3229 virtutem
2297 3205 2392 3229 exer-

293 3311 310 3327 *
330 3312 408 3353 Cap.
428 3314 456 3344 7.
482 3313 520 3343 Εἰ
542 3312 571 3343 δ’
586 3312 673 3343 ἐστιν
696 3314 715 3349 ἡ
730 3311 919 3352 εὐδαιμονία
938 3314 1009 3343 κατ’
1035 3313 1150 3353 ἀρετὴν
1169 3314 1315 3356 ἐνέργεια
1327 3313 1397 3344 κτλ.
1413 3333 1451 3340 -
1466 3312 1500 3328 **
1516 3313 1605 3349 Αὕτη
1627 3313 1653 3343 δ’
1672 3311 1720 3349 εἴη
1737 3314 1793 3342 τοῦ
1809 3310 2031 3353 ἀρίστουικτλ.
2049 3327 2091 3332 -—
2108 3308 2166 3328 *Ν
2184 3308 2262 3342 ’Ότι
2277 3310 2304 3342 δ’
2320 3310 2390 3342 ἐστὶ

254 3359 432 3401 θεωρητικὴ
452 3360 519 3391 κτλ.
540 3375 580 3385 -
597 3358 672 3382 *st*
689 3359 855 3401 Κρατίστη
875 3359 935 3400 γὰρ
953 3361 1034 3398 αὕτη
1054 3361 1123 3392 κτλ.
1143 3379 1177 3383 -

255 3405 392 3425 *******
407 3406 451 3439 “H
469 3418 505 3438 τε
522 3406 680 3449 λεγομένη
698 3406 874 3451 αὐτάρκεια
893 3407 961 3439 κτλ.

1196 3360 1299 3379 μην
1319 3359 1390 3392 Ἔτι
1413 3360 1446 3392 δὲ
1459 3359 1679 3402 συνεχεστάτη
1697 3359 1766 3391 κτλ.
1782 3374 1823 3382 --·
1837 3357 1956 3376 ******
1974 3357 2117 3399 Οἰόμεθά
2134 3368 2171 3390 τε
2186 3358 2253 3390 δεῖν
2265 3358 2335 3390 κτλ.
2346 3373 2389 3380 -
