2528 3788
247 234 327 277 102

245 325 461 362 confecerat
490 332 635 368 annos,
676 331 752 370 qua
783 326 1008 370 tempestate
1047 318 1284 359 Xenocrates

244 383 464 420 adolescens
484 392 571 418 eum
595 378 792 418 convenit.

295 439 534 489 Simulatque
553 449 650 475 vero
664 435 733 474 tali
752 436 914 474 doctore
932 435 1107 475 adhibito
1128 437 1176 476 ad
1195 438 1281 490 phi-

242 499 456 551 losophiam
481 495 792 548 pertractandam
818 495 1053 535 Xenocrates
1075 509 1115 536 se
1149 497 1279 546 dedit,

240 558 354 598 brevi
376 564 501 596 tantos
516 556 558 594 in
572 555 710 593 litteris
726 568 958 606 progressus
979 554 1090 604 fecit,
1108 566 1150 595 ut
1169 566 1282 609 post-

239 629 284 654 ea
323 614 539 654 Academiae
586 615 772 666 princeps
821 614 1014 655 evaderet.
1063 614 1283 654 Laborabat

240 675 395 726 quidem
414 673 559 723 ingenii
576 673 778 721 tarditate,
797 672 864 712 sed
883 685 1018 712 omnes
1037 674 1283 714 difficultates

239 733 457 772 studiorum
475 731 678 770 laboribus
693 740 731 770 et
749 731 1040 770 exercitationis
1060 733 1283 772 assiduitate

241 792 394 830 tandem
419 793 471 829 ita
493 791 715 841 superavit,
737 799 780 829 ut
806 791 992 842 praeclara
1008 791 1228 831 eruditione
1247 801 1283 831 et

241 851 431 902 sapientia
450 850 599 888 nemini
631 849 796 889 cederet.
818 849 900 895 Qua
933 849 975 887 in
1006 862 1048 888 re
1074 850 1279 890 ridiculum

240 908 313 946 fuit
330 907 629 946 laboriosissimi
644 908 818 947 hominis
833 907 978 947 dictum
991 937 1002 956 ‚
1021 913 1282 961 comparantis

239 979 279 1005 se
300 980 387 1005 cum
403 967 509 1005 vasis
530 967 680 1016 angusti
701 967 782 1004 oris
804 975 841 1005 et
860 966 1003 1005 tabulis
1022 969 1157 1017 aeneis,
1178 969 1278 1020 quod

238 1040 339 1076 aegre
358 1027 573 1066 doctrinam
597 1026 838 1078 perciperet,
858 1026 970 1064 firme
989 1035 1114 1065 autem
1136 1037 1172 1066 et
1187 1043 1280 1067 con-

242 1096 387 1125 stanter
403 1087 586 1124 retineret
602 1085 698 1137 (23).
714 1085 806 1124 Erat
818 1087 861 1124 in
879 1085 1094 1124 Xenocrate
1113 1087 1282 1137 singula-

239 1146 294 1185 ris
309 1145 507 1192 severitas,
527 1145 622 1182 adeo
639 1153 681 1182 ut
694 1153 883 1196 perpetuo
898 1145 1123 1195 gravitatem
1140 1160 1220 1197 prae
1242 1161 1282 1185 se

241 1205 355 1242 ferret
376 1213 491 1255 atque
510 1204 624 1241 etiam
652 1203 775 1242 tristis
792 1212 829 1241 et
856 1212 1032 1242 austerus
1062 1204 1278 1246 videretur.

241 1264 369 1301 Mores
387 1275 543 1313 quoque
562 1262 669 1300 nulla
683 1262 873 1300 suavitate
893 1262 1279 1304 commendabantur.

240 1321 435 1367 Quocirca
467 1322 609 1372 saepius
632 1334 654 1359 a
678 1321 860 1369 Platone,
893 1330 935 1359 ut
956 1320 1103 1359 Giatiis
1128 1322 1280 1370 litaret,

239 1378 532 1418 admonebatur.
564 1379 687 1424 Quam
710 1392 790 1417 rem
815 1392 1015 1447 nunquam
1037 1391 1135 1427 aegre
1168 1380 1278 1427 tulit,

239 1438 338 1476 bene
353 1451 394 1476 se
407 1451 429 1475 a
444 1437 606 1475 Platone
620 1438 776 1488 vituper
779 1450 821 1475 ai
824 1440 836 1474 i
853 1437 1064 1475 arbitratus
1080 1436 1177 1489 (24)
1191 1438 1279 1476 Plu·

239 1497 381 1534 rimum
399 1504 524 1534 autem
545 1495 730 1533 intererat
743 1495 843 1533 inter
859 1494 1111 1533 Xenocratem
1131 1505 1168 1533 et
1185 1497 1282 1535 alios

238 1555 412 1593 Platonis
428 1554 650 1599 auditor‚es
669 1554 915 1592 Aristotelem
930 1554 1197 1606 potissimum,
1213 1557 1282 1606 qui

239 1623 387 1653 tantum
421 1613 581 1663 ingenio
615 1613 769 1651 valebat
799 1622 980 1664 tantaque
1009 1622 1093 1651 erat
1127 1626 1279 1653 morum

238 1673 449 1719 suavitate,
479 1679 522 1709 ut
552 1670 664 1708 brevi
700 1679 874 1722 tempore
893 1679 1076 1722 percepta
1103 1672 1280 1721 magistri

240 1730 450 1782 disciplina
474 1729 579 1769 inter
602 1742 735 1767 omnes
764 1729 977 1780 discipulos
998 1731 1164 1768 maxime
1184 1732 1282 1769 emi-

241 1798 363 1827 neret
369 1788 461 1840 (25).
483 1788 637 1826 Platoni
655 1797 781 1826 tamen
803 1796 841 1826 et
859 1787 978 1826 hebes
993 1788 1231 1828 Xenocrates
1245 1800 1283 1829 et

241 1856 374 1887 acutus
410 1847 634 1885 Aristoteles
667 1860 776 1898 aeque
814 1846 1098 1898 probabantur,
1133 1849 1199 1887 sed
1233 1850 1281 1887 de

239 1915 405 1956 utroque
426 1906 488 1943 ita
500 1905 673 1954 judicare
705 1904 880 1954 solebat,
903 1913 945 1941 ut
965 1909 1126 1943 alterum
1153 1910 1281 1944 calca-

243 1967 364 2012 ribus,
383 1967 541 2002 alterum
566 1963 683 2010 freno
701 1977 810 2013 egere
837 1963 1283 2004 statueret.Celeb1at1u

238 2036 358 2076 porro
393 2022 477 2073 eJus
509 2035 618 2059 vox:
650 2031 779 2059 contra
805 2023 953 2070 qualem
976 2035 1108 2071 equum
1131 2025 1279 2071 qualem

240 2087 384 2120 asinum
407 2094 505 2130 ungo
523 2079 617 2130 (26).
641 2079 701 2117 Ad
722 2079 803 2116 haec
831 2091 963 2116 carum
984 2079 1102 2117 fuisse
1128 2079 1280 2117 Platoni

240 2140 494 2179 Xenociatem
522 2137 611 2175 satis
632 2145 802 2184 constat,
827 2150 946 2188 quum
970 2137 1206 2189 discipulum
1236 2151 1280 2176 ea

242 2198 503 2237 familiaritate
529 2198 712 2245 magister
741 2196 1077 2245 complecteretur,
1104 2205 1147 2234 ut
1177 2198 1281 2235 servi

250 2288 2384 2299 *Ἣ

281 2333 345 2373 (23)
361 2330 557 2363 Plutarchus
568 2329 610 2361 de
625 2328 791 2361 auditione
807 2337 879 2369 cap.
902 2331 950 2368 10,
967 2329 1031 2360 vol
1046 2330 1119 2368 VII,
1134 2338 1206 2370 pag.
1226 2332 1282 2361 154

241 2380 293 2413 ed.
313 2379 449 2411 Hulten.
469 2378 574 2418 ὥσπερ
591 2377 607 2407 ὁ
626 2376 780 2413 Κλεάνθης
794 2376 879 2407 xatl‘
865 2387 881 2407 ο
894 2375 1088 2416 Ξενοκράτης
1102 2376 1279 2418 βραδύτεροι

241 2430 402 2462 δοκοῦντες
415 2425 494 2457 εἶναι
508 2427 570 2456 τῶν
590 2423 838 2464 συσχολαστῶν,
853 2422 911 2454 οὒκ
934 2422 1160 2464 ἀπεδίδρασκον
1179 2423 1214 2454 ἐκ
1226 2427 1282 2455 τοῦ

242 2474 425 2514 μανθάνειν,
441 2470 505 2503 οὐδ’
519 2471 721 2511 ἀπέκαμνον,
736 2470 812 2501 ἀλλὰ
825 2469 988 2509 φθάνοντες
1002 2469 1044 2505 εἰς
1058 2469 1184 2506 ἑαυτοὺς
1198 2469 1282 2502 ἐπαι-

241 2526 309 2562 ζον,
329 2519 463 2561 ἀγγείοις
478 2529 511 2549 τε
530 2517 762 2559 βραχυστόμοις
778 2517 832 2548 καὶ
845 2516 984 2548 πινακίσι
998 2517 1128 2557 χαλκαῖς
1148 2516 1282 2548 ἀπεικά-

241 2572 364 2624 ζρντες,
383 2568 423 2601 ὡς
445 2564 532 2605 μόλις
556 2564 610 2603 μὲν
631 2561 878 2603 παραδεχόμενοι
898 2563 954 2594 τοὺ
956 2562 1113 2603 ςλόγους,
1137 2563 1282 2603 ἀσφαλῶς

242 2616 273 2646 δὲ
290 2614 343 2645 καὶ
364 2612 496 2652 βεὸαίως
518 2613 687 2650 τηροῦντες.
720 2626 760 2631 -
779 2609 843 2649 (24)
866 2608 1027 2650 Diogenes
1052 2609 1202 2641 Laertius
1221 2609 1266 2642 lib

244 2663 301 2700 IV,
319 2661 338 2690 6
352 2657 462 2698 σεμνὸς
477 2656 509 2687 δὲ
527 2655 567 2686 τά
579 2666 613 2686 τε
630 2654 744 2686 ἅλλαΞ
720 2655 913 2694 Ξενοκράτης
932 2656 985 2686 καὶ
1003 2656 1189 2713 σκυθρωπὸς
1211 2656 1282 2694 ἀεί,

244 2708 326 2739 ὥστε
350 2705 447 2745 λέγειν
473 2703 558 2743 αὐτῷ
577 2701 705 2742 συνεχὲς
729 2701 781 2732 τὸν
800 2701 978 2733 Πλάτωνα
1004 2702 1210 2743 Ξενόκρατες,
1232 2703 1289 2735 θύε

243 2751 445 2791 ταιςΧάρισι.
464 2747 659 2780 Plutarchus
676 2747 820 2778 Amator.
837 2755 910 2788 cap.
930 2750 968 2779 23
982 2747 1045 2779 vol
1064 2748 1133 2786 XII,
1153 2756 1225 2789 pag.
1244 2750 1282 2780 62

246 2803 263 2832 ὁ
291 2799 345 2838 μὲν
372 2796 424 2828 οὖν
439 2796 571 2828 Πλάτων
587 2795 640 2826 τὸν
660 2793 857 2834 Ξενοκράτη,
874 2795 969 2826 τᾶλλα
985 2798 1123 2834 γενναῖον
1139 2795 1213 2827 ὄντα
1230 2797 1283 2828 καὶ

246 2846 359 2888 μέγαν,
374 2842 607 2884 αὐστηρότατον
625 2841 657 2872 δὲ
672 2843 717 2881 τῷ
734 2840 798 2878 ἤθει
810 2841 1003 2881 ,παρεκά)ει
1026 2841 1105 2873 θύειν
1130 2844 1195 2878 ταῖς
1214 2842 1281 2874 Χά-

245 2904 320 2935 ρισι.
344 2890 488 2922 AElianus
511 2897 584 2920 var.
610 2888 688 2919 hist.
718 2886 773 2918 lib.
803 2888 885 2926 XIV,
914 2897 983 2928 cap
1012 2892 1031 2919 9
1050 2888 1240 2929 Ξενοκράτης
1266 2891 1283 2921 ὁ

201 2940 204 2943 ’
246 2937 456 2975 Χαλκηδόνιος
475 2936 536 2967 ὑπὸ
566 2938 621 2967 τοῦ
647 2934 813 2970 Πλάτωνος
832 2935 873 2970 εἰς
894 2935 929 2966 τὸ
950 2935 1042 2976 ἄχαρι
1062 2936 1283 2976 σκωπτόμενος

247 2986 368 3018 οὐδέπω
390 2982 557 3024 ἠγανάκτει
585 2980 716 3022 [φησὶν],
736 2981 814 3012 ἀλλὰ
830 2982 882 3012 καὶ
911 2983 985 3022 πρὸς
1005 2983 1058 3014 τὸν
1076 2983 1284 3024 παροξύνοντα

247 3033 361 3072 αὐτόν,
384 3031 461 3072 ὑπὲρ
486 3029 599 3061 τούτου
618 3029 668 3060 ἵνα
692 3039 721 3059 τι
743 3027 947 3069 ἀποκρίνηται
970 3032 1014 3069 τῷ
1043 3029 1205 3069 Πλάτωνι,
1234 3031 1283 3063 ὅδε

247 3080 300 3112 καὶ
327 3078 408 3110 πάνυ
437 3075 594 3117 ἐμφρόνως
618 3074 834 3115 κατασιγάζων
864 3075 915 3106 τὸν
944 3075 1039 3116 ἄνδρα
1064 3076 1181 3116 ἔφατο·
1207 3077 1283 3109 ἀλλὰ

246 3131 338 3160 τοῦτο
364 3126 433 3166 ἐμοὶ
450 3124 607 3165 συμφέρει.
628 3122 821 3154 Plutarchus
842 3122 976 3162 conjug.
1001 3125 1102 3155 Praec
1123 3124 1185 3156 vol.
1208 3126 1280 3164 VII,

247 3182 319 3216 pag.
341 3175 401 3205 419
416 3171 467 3203 ed.
491 3171 625 3203 Hutten.
648 3170 665 3201 6
683 3170 813 3202 Πλάτων
833 3172 877 3210 τῷ
903 3170 1106 3211 Ξενοκράτει,
1124 3172 1281 3212 βαρυτέρῳ

248 3222 283 3252 τὸ
300 3220 372 3259 ἦθος
393 3219 481 3258 ὄντι,
509 3217 603 3249 τᾶλλα
629 3216 660 3248 δὲ
679 3216 766 3256 καλῷ
786 3215 934 3256 κάγαθῷ,
955 3218 1178 3258 παρεκελεύετο
1204 3219 1283 3250 θύειν

247 3271 316 3303 ταῖς
337 3266 477 3307 Χάρισιν.
502 3281 541 3287 -
562 3263 627 3305 (25)
650 3263 809 3304 Diogenes
835 3263 983 3295 Laertius
999 3263 1055 3296 lib.
1086 3267 1127 3304 V,
1157 3267 1169 3296 1
1195 3266 1283 3302 οὗτος

249 3314 461 3355 γνησιώτατος
489 3314 550 3343 τῶν
580 3310 748 3345 Πλάτωνος
774 3311 933 3350 μαθητῶν.
954 3329 994 3334 ——
1024 3312 1090 3351 (26)
1123 3311 1283 3351 Diogenes

248 3358 397 3392 Laertius
415 3357 470 3390 lib.
492 3358 547 3397 lv,
569 3360 587 3388 6
608 3357 645 3396 ἦν
662 3355 694 3387 δὲ
713 3355 766 3392 τὴν
784 3355 873 3395 φύσιν
886 3357 1017 3397 νωθρός,
1035 3358 1119 3389 ὥστε
1137 3357 1211 3398 φασὶ
1230 3358 1280 3389 λέ-

1121 229 1185 271 DE
1213 230 1536 272 XENOCRATE.

1341 320 1528 372 puniendi
1551 332 1690 358 munus
1710 319 1746 358 ei
1765 317 2001 369 injungeret.
2034 318 2215 369 Ingresso
2242 317 2384 359 videli-

1344 388 1402 417 cet
1420 378 1626 417 Xenocrati
1647 376 1857 428 aliquando
1877 379 2003 423 coede,
2019 377 2148 428 inquit
2161 407 2171 423 ‚
2195 379 2293 415 hunc
2303 391 2384 415 ser-

1343 451 1422 475 vum
1435 452 1451 484 ,-
1470 450 1558 475 nam
1571 441 1663 487 ipse,
1684 440 1773 486 qm’a
1791 440 1907 473 iratus
1922 450 2018 484 sum,
2034 450 2107 474 noa
2117 450 2265 487 possum
2286 438 2380 488 (²7)-

1343 495 1486 534 Fictam
1508 496 1690 534 existimo
1710 494 2040 533 narratiunculam
2058 524 2068 542 ,
2091 508 2205 546 quam
2234 494 2383 535 Valerii

1343 554 1502 593 Maximi
1521 554 1652 593 verbis
1665 553 1760 592 libet
1776 554 1934 594 referre.
1956 553 1995 592 Is
2011 552 2117 594 enim
2134 554 2203 593 lib.
2223 552 2275 592 lV
2295 566 2380 606 cap.

1349 627 1362 650 1
1391 621 1469 652 ext.
1495 628 1514 651 2
1548 627 1557 651 z
1597 630 1613 647 α
1640 613 1853 663 Audierat,
1875 613 2035 664 inquit,
2056 610 2169 652 Plato
2189 611 2386 652 Xenocra-

1343 682 1419 710 tem
1440 672 1489 711 de
1507 686 1548 711 se
1568 672 1690 711 multa
1710 673 1829 724 impie
1849 672 2022 711 locutum
2045 685 2054 711 ε
2080 671 2163 711 sinc
2187 670 2269 711 ulla
2292 684 2385 710 cun·

1343 732 1509 770 ctatione
1538 731 1852 770 criminationem
1890 731 2051 783 respuit.
2087 729 2261 769 Instabat
2282 738 2386 770 certo

1343 789 1454 827 vultu
1470 789 1610 840 index,
1628 803 1780 828 causam
1800 803 1976 839 quaerens
1987 819 1998 838 ‚
2017 803 2086 828 cur
2100 789 2178 829 sibi
2193 789 2288 828 fides
2305 802 2385 830 non

1344 846 1565 888 haberetur.
1588 848 1742 899 Adjecit
1755 849 1865 887 Plato
1880 878 1890 898 ,
1914 862 1992 887 non
2010 860 2093 886 esse
2111 846 2324 897 credibile,
2344 855 2388 886 ut

1345 919 1458 957 quem
1480 915 1679 959 tantopere
1700 917 1847 946 amaret
1860 938 1870 958 ‚
1894 907 1943 945 ab
1964 920 2010 945 eo
2031 907 2199 950 invicem
2223 919 2303 946 non
2323 905 2386 945 di-

1344 966 1544 1014 ligeretur.
1575 966 1778 1005 Postremo
1798 980 1917 1018 quum
1948 967 1996 1004 ad
2013 965 2291 1017 jusjurandum
2310 965 2388 1006 ini-

1345 1024 1512 1063 micitias
1543 1025 1706 1064 serentis
1732 1026 1953 1076 malignitas
1985 1025 2242 1075 confugisset,
2262 1025 2312 1064 n'e
2338 1020 2387 1064 de

1344 1082 1519 1133 perjurio
1542 1084 1626 1135 ejus
1654 1084 1894 1136 disputaret,
1925 1085 2160 1134 affirmavit,
2185 1097 2384 1136 nunquam

1345 1140 1596 1181 Xenocratem
1615 1143 1684 1181 illa
1702 1143 1896 1182 dicturum
1919 1144 2037 1183 fuisse
2047 1173 2058 1192 ,
2073 1143 2150 1186 nisi
2167 1156 2213 1182 ea
2226 1143 2308 1183 (lici
2321 1157 2388 1185 ex—

1344 1201 1478 1251 pedire
1513 1202 1587 1240 sibi
1618 1201 1847 1252 judicasset.
1882 1220 1898 1238 »
1931 1202 2122 1242 Videntur
2148 1215 2244 1242 vero
2274 1202 2387 1241 inulti

1343 1260 1536 1298 exstitisse
1557 1261 1715 1298 laudum
1735 1260 1962 1300 Xenocratis
1991 1260 2290 1308 obtrectatores,
2317 1261 2386 1311 qui

1345 1317 1544 1356 hominem
1578 1319 1678 1357 nihil
1713 1322 1786 1357 tale
1823 1320 2095 1359 commeritum
2124 1319 2326 1358 edacitatis
2351 1328 2399 1358 et·

1347 1376 1598 1415 helluationis
1626 1377 1860 1418 incusarent.
1896 1379 2057 1418 Crimen
2088 1377 2164 1416 hoc
2198 1378 2389 1416 inferiore

1346 1443 1455 1473 aetate
1474 1436 1679 1474 confictum
1695 1445 1766 1476 est.
1786 1435 1919 1488 Neque
1934 1446 2062 1475 tamen
2082 1432 2271 1486 dubium,
2292 1434 2386 1487 quin

1347 1494 1593 1544 confingendi
1614 1495 1698 1546 ejus
1719 1508 1850 1534 ansam
1876 1495 2029 1535 dederit
2057 1494 2231 1535 Athenaei
2252 1494 2387 1542 locus,

1347 1552 1411 1590 cui
1432 1562 1691 1592 consentanea
1711 1553 1886 1593 AElianus
1905 1563 1946 1593 et
1965 1553 2142 1593 Laertius
2160 1547 2332 1592 tradunt.

1399 1611 1605 1650 Athenaeus
1619 1613 1655 1663 (2
1661 1613 1699 1662 8)
1717 1613 1770 1651 ita
1783 1612 1948 1652 scribit·
1971 1613 2138 1652 Timaeus
2149 1625 2221 1650 nar
2222 1620 2284 1651 rat
2295 1610 2390 1650 Din-

1346 1669 1506 1720 nysium
1528 1678 1736 1721 tyranuum
1759 1670 2000 1721 Congiorum
2030 1670 2094 1708 die
2127 1669 2224 1711 festo
2255 1668 2293 1708 ei
2320 1668 2390 1720 qui

1347 1729 1497 1780 primus
1514 1730 1696 1779 congium
1716 1729 1891 1768 ebiberet
1907 1730 2111 1781 praemium
2133 1727 2388 1781 proposuisse

1345 1801 1528 1828 emonam
1544 1801 1727 1827 auream:
1744 1790 1994 1840 primumque
2011 1788 2184 1828 ebibisse
2199 1785 2391 1827 Xenocra—

1346 1856 1421 1886 tem
1443 1847 1722 1899 philosophum
1749 1857 1788 1886 et
1806 1857 2002 1916 acceptam
2021 1860 2178 1886 auream
2203 1857 2388 1886 coronam

1345 1920 1465 1957 quum
1482 1906 1639 1945 domum
1656 1907 1825 1945 rediret
1815 1907 2055 1974 imposuisse
2070 1907 2150 1945 Her
2153 1920 2224 1945 mae
2242 1907 2286 1946 in
2301 1908 2391 1948 aula

1346 1965 1582 2011 constituto,
1610 1965 1675 2003 cui
1703 1965 1850 2003 solebat
1878 1966 2016 2004 floreas
2045 1966 2247 2017 imponere
2273 1980 2389 2005 coro-

1346 2034 1437 2070 nas,
1468 2021 1778 2072 quotiescunque
1808 2035 1971 2073 vespere
2011 2025 2170 2060 domum
2210 2025 2388 2071 redibat3

1346 2080 1532 2131 quocirca
1553 2080 1813 2118 admiratione
1835 2080 1979 2129 dignus
2000 2078 2199 2130 judicatus
2217 2088 2289 2120 est.
2322 2080 2390 2120 Si-

1346 2138 1492 2175 militer
1514 2137 1688 2175 AElianus
1711 2137 1791 2189 (29)
1815 2150 1902 2177 var.
1934 2137 2029 2178 hist.
2053 2137 2268 2186 lib.1[‚41
2303 2154 2313 2178 z

1347 2196 1485 2234 Bacchi
1508 2196 1571 2234 die
1592 2197 1709 2245 festo,
1734 2197 1802 2248 qui
1816 2192 2055 2247 Congioi·um
2078 2197 2239 2238 nomine
2257 2199 2390 2250 appel-

1344 2331 1471 2372 ἀλείφω.
1488 2331 1676 2364 Similiter*
1660 2343 1728 2369 ονος
1745 2333 1778 2364 ἐν
1793 2332 1879 2373 μύρῳ
1899 2333 2020 2364 asinus
2031 2333 2070 2364 in
2084 2333 2284 2372 unqu-ento,
2301 2331 2389 2371 quod

1344 2386 1444 2418 prov«
1447 2377 1508 2410 rbii
1523 2377 1595 2410 loco
1618 2377 1682 2410 dici
1700 2378 1802 2417 solet,
1829 2385 1933 2418 quum
1949 2376 2044 2409 nohis
2071 2375 2213 2417 aliquis
2204 2385 2239 2409 ιη
2261 2375 2390 2410 deliciis

1341 2425 1414 2464 est,
1434 2424 1493 2466 qui
1511 2432 1623 2456 amore
1642 2425 1756 2456 nostro
1777 2423 1928 2465 indignus
1946 2422 2086 2456 videtur.
2112 2422 2194 2457 Vide
2210 2423 2387 2465 DiogenIa-

1344 2479 1424 2502 num
1439 2473 1473 2503 et
1488 2474 1673 2503 Erasmum.
1697 2487 1738 2494 -
1756 2470 1824 2512 (27)
1843 2470 2004 2511 Diogenes
2022 2469 2171 2503 Laertius
2194 2469 2245 2503 lib
2272 2472 2331 2510 ΙΙΙ,
2349 2473 2389 2504 38

1343 2517 1532 2555 εἰσελθόντος
1549 2518 1667 2549 note·-
1642 2518 1878 2558 Ξενοκράτους,
1895 2518 1965 2550 εἶπε
1981 2521 2183 2559 μαστιγῶσαι
2200 2519 2255 2551 τὸν
2269 2519 2388 2551 παῖδα·

1344 2563 1437 2595 αὐτὸν
1454 2563 1511 2604 γὰρ
1526 2566 1568 2604 μὴ
1588 2564 1738 2596 δύνασθαι
1753 2564 1804 2596 διὰ
1822 2566 1859 2597 τὸ
1881 2566 2043 2606 ὠργίσθαι.
2061 2582 2102 2589 --
2122 2565 2189 2608 (28)
2210 2566 2389 2600 Athenaeus

1354 2610 1398 2641 ib.
1425 2610 1464 2649 X,
1479 2618 1551 2651 pag
1571 2612 1643 2643 437.
1662 2615 1699 2643 Β.
1721 2611 1853 2652 Τίμαιος
1873 2612 1906 2644 δέ
1925 2623 2031 2653 φησιν,
2049 2614 2092 2649 ὡς
2112 2613 2274 2651 Διονύσιος
2293 2615 2312 2646 ὁ
2332 2615 2388 2647 τύ-

1349 2667 1457 2697 ραννος
1473 2660 1512 2698 τῇ
1531 2660 1593 2689 τῶν
1617 2658 1713 2691 Χοῶν
1730 2658 1820 2700 ἑορτῇ
1848 2662 1893 2699 τῷ
1912 2659 2026 2701 πρώτῳ
2051 2659 2189 2692 ἐκπιόντι
2214 2661 2276 2703 χόα
2297 2660 2388 2695 ἆθλον

1345 2704 1435 2742 ἔθηκε
1449 2706 1597 2745 στέφανον
1613 2709 1764 2746 χρυσοῦν·
1788 2707 1838 2738 καὶ
1853 2706 1901 2738 ὅτι
1915 2710 2035 2748 πρῶτος
2049 2707 2146 2744 ἐξεπιε
2163 2706 2356 2750 Ξενοκράτης
2370 2711 2388 2742 ὁ

1345 2751 1508 2792 φιλόσοφος
1516 2775 1525 2791 ,
1541 2752 1595 2784 καὶ
1607 2753 1711 2785 λαὸὼν
1720 2753 1773 2785 τὸν
1786 2757 1924 2795 χρυσοῦν
1941 2754 2107 2796 στέφανον,
2120 2755 2176 2788 καὶ
2187 2755 2330 2789 ἀναλύων
2340 2761 2387 2799 τῷ

1346 2799 1444 2855 Ερμῇ
1457 2802 1503 2840 τῷ
1516 2799 1670 2842 ἱδρυμένῳ
1688 2800 1739 2832 ἐπὶ
1752 2804 1808 2839 τῆς
1823 2801 1917 2839 αὐλῆς
1930 2801 2076 2840 ἐπέθηκεν
2086 2825 2096 2841 ,
2111 2801 2202 2843 ᾧπερ
2215 2803 2318 2836 εἰώθει
2333 2814 2386 2837 και

1345 2845 1416 2882 τοὺς
1430 2844 1568 2881 ἀνθινοὺς
1581 2844 1733 2878 ἑκάστοτε
1749 2846 1912 2879 ἐπιτιθέναι
1926 2847 2112 2888 στεφάνους,
2134 2849 2265 2890 ἑσπέρας
2283 2849 2386 2882 ἀπαλ-

1345 2891 1538 2933 λασσόμενος
1559 2894 1601 2929 ὡς
1621 2892 1736 2932 αὐτόν,
1760 2894 1813 2926 καὶ
1840 2895 1890 2927 ἐπὶ
1913 2895 2015 2937 τούτῳ
2045 2895 2238 2937 ἐθαυμάσθη.
2257 2916 2297 2923 -
2319 2897 2384 2938 (29)

1344 2939 1491 2971 AElianus
1508 2948 1578 2971 var.
1598 2938 1674 2973 hist.
1695 2939 1751 2973 lib.
1773 2941 1817 2980 II,
1839 2943 1877 2973 41
1905 2942 1960 2974 καὶ
1980 2943 2012 2974 ἐν
2037 2943 2194 2975 Διονύσου
2217 2943 2251 2975 δὲ
2272 2947 2386 2986 τῇτῶν

1344 2988 1436 3018 Χοῶν
1455 2988 1545 3028 ἑορτῇ
1555 2986 1721 3029 προῦκειτο
1736 2987 1828 3020 ἆθλον
1843 2991 1889 3030 τῷ
1903 2989 2005 3021 πιόντι
2024 2991 2119 3023 πλέον
2136 3001 2284 3032 στεφανος
2306 3002 2383 3032 χρυ*

1345 3038 1435 3071 σοῦς·
1451 3035 1505 3067 καὶ
1527 3034 1653 3073 ἐνίκησε
1667 3034 1859 3077 Ξενοκράτης
1877 3037 1894 3068 ὁ
1910 3036 2140 3079 Χαλκηδόνιος
2160 3038 2213 3069 καὶ
2234 3037 2288 3069 τὸν
2308 3039 2382 3070 στέ-

1345 3093 1437 3123 φανον
1455 3082 1577 3122 λαὸών,
1593 3082 1644 3114 ὅτε
1662 3083 1787 3125 ἐπανῄει
1805 3083 1882 3125 μετὰ
1898 3084 1934 3117 τὸ
1950 3084 2072 3117 δεῖπνον
2089 3088 2136 3127 τῷ
2149 3085 2248 3127 Ἑρμῇ
2262 3087 2308 3126 τῷ
2322 3085 2383 3126 πρὸ

1344 3129 1443 3170 θυρῶν
1463 3130 1574 3161 ἑστῶτι
1595 3129 1744 3167 ἐπέθηκεν
1762 3130 1855 3163 αὐτὸν
1879 3130 1961 3162 κατὰ
1977 3131 2013 3163 τὸ
2033 3126 2098 3169 ἔθος
2127 3133 2190 3163 τῶν
2212 3129 2382 3174 ἔμπροσθεν

1344 3177 1478 3216 ἡμερῶν.
1501 3177 1563 3208 Καὶ
1580 3177 1640 3218 γὰρ
1654 3178 1707 3209 καὶ
1726 3177 1797 3214 τοὺς
1820 3177 1959 3214 ἀνθινοὺς
1977 3178 2030 3209 καὶ
2050 3179 2121 3215 τοὺς
2136 3179 2172 3210 ἐκ
2193 3181 2247 3218 τῆς
2270 3179 2381 3223 μυῤῥί-

1343 3233 1394 3260 νης
1407 3225 1484 3261 ,καὶ
1504 3225 1557 3256 τὸν
1576 3225 1611 3256 ἐκ
1627 3226 1684 3256 τοῦ
1708 3225 1905 3264 κιττοῦ,καὶ
1924 3225 1978 3256 τὸν
1999 3225 2035 3257 ἐκ
2053 3228 2107 3264 τῆς
2120 3226 2234 3266 δάφνης
2250 3225 2381 3259 ἐνταῦθα

1344 3247 1499 3302 ἀνέπαυσε
1525 3271 1576 3302 καὶ
1602 3271 1743 3305 ἀπέλιπε.
1770 3249 1835 3304 Pr6
1853 3272 1945 3304 πλέον
1970 3271 2124 3304 Kuhnius
2148 3280 2214 3304 non
2231 3271 2316 3304 male
2339 3281 2380 3305 ex

1343 3315 1501 3348 Athenaeo
1513 3318 1639 3359 reponit
1654 3319 1788 3361 πρώτῳ;
1807 3317 1864 3352 sed
1877 3317 2012 3361 quodni
2027 3318 2123 3352 codd.
2140 3318 2259 3360 legitur
2273 3321 2379 3361 Χοῶν,

1344 3363 1509 3395 mutavit
1499 3373 1532 3396 in
1551 3365 1645 3397 Χὸων
1667 3366 1766 3399 Henr.
1787 3365 1970 3407 Stephanus
1986 3365 2083 3400 Thes.
2104 3367 2141 3398 L.
2165 3366 2222 3399 Gr.
2240 3373 2273 3398 v.
2288 3368 2379 3407 χοεύς

249 3416 314 3445 γειν
335 3404 387 3436 τὸν
403 3403 568 3442 Πλάτωνα,
585 3402 791 3443 συγκρίνοντα
807 3403 900 3436 αὐτὸν
922 3404 1073 3445 §aptoton
1066 3405 1120 3436 ἰλε
1131 3410 1200 3445 ,τῷ
1229 3407 1282 3446 μὲν
1342 3408 1375 3441 et
1392 3413 1475 3449 χοῦς
1495 3413 1577 3443 Nam
1593 3412 1670 3452 χόας
1688 3412 1893 3454 appellabant
1903 3413 1958 3450 τὴν
1976 3413 2081 3454 ἑορτήν
2093 3437 2102 3453 ,
2119 3416 2197 3454 χοᾶς
2212 3413 2325 3445 autem
2343 3415 2379 3447 τὸ

251 3452 378 3487 μύωπος
405 3451 470 3489 δεῖ,
494 3453 538 3490 τῷ
559 3450 591 3482 δὲ
613 3450 756 3492 χαλινοῦ,
784 3449 855 3490 καί,
881 3450 924 3491 ἐφ’
941 3451 1115 3484 οἶονϊππον
1131 3452 1229 3484 οἷον
1215 3464 1283 3485 ονον

1344 3455 1467 3497 μέτρον,
1489 3457 1628 3499 denique
1652 3459 1730 3498 χοὰς
1747 3460 1801 3497 τὰς
1827 3459 1967 3501 ἐκχύσεις
1990 3460 2043 3492 καὶ
2073 3459 2207 3496 σπονδὰς
2225 3459 2364 3501 νεκρικὰ
