2528 3788
1063 163 1362 203 PRAEFATlo.
2198 167 2238 220 iij

154 260 326 317 tioneS,
363 256 575 316 libellos,
611 254 843 319 fragmina
877 251 973 298 hoc
996 252 1136 298 tertio
1160 252 1406 299 volumine
1439 254 1695 319 complecti
1723 256 2052 315 destinassem,
2088 257 2251 311 abun-,

154 342 301 392 dante
329 340 502 407 passim
536 338 728 386 materia
758 352 955 400 operam
987 335 1038 381 in
1068 335 1375 398 colligendis,
1399 337 1735 397 emendandis,
1761 339 2003 386 vertendis
2034 357 2244 404 quorun-

154 427 268 477 dam
298 427 548 490 utriusque
582 421 769 469 familiae
806 419 1080 484 principum
1108 418 1381 483 opusculis,
1412 437 1518 485 quae
1560 433 1955 485 argumentorum
2006 426 2245 488 gravitatis

155 512 410 579 politaeque
451 506 680 557 orationis
714 503 921 552 maxime
954 500 1430 549 commendationem
1463 502 1697 550 haberent
1735 507 1891 569 posui.

219 600 386 661 ltaque
416 593 477 641 ab
507 589 712 639 Eusebio
753 587 988 652 scriptore
1018 585 1184 632 lonico
1216 586 1579 633 commentandi
1616 588 1869 636 exordium
1900 594 2030 657 cepi,
2067 594 2151 658 qui
2183 593 2246 640 ab

155 681 258 729 aliis
300 677 496 744 quidem
523 675 604 722 alii
643 671 1048 739 philosophorum
1086 669 1214 733 gregi
1242 680 1607 731 annumeratur,
1645 672 1730 719 sed
1774 674 1894 720 mihi
1926 676 2117 723 videtur
2148 694 2247 724 esse

155 763 374 830 Myndius
401 761 479 809 ille
511 758 805 807 Platonicam
846 765 1023 803 sectam
1058 753 1323 819 professuS,
1361 753 1548 800 Aedesii
1582 755 1868 821 discipulus,
1890 759 1951 805 de
1978 777 2076 824 quo
2116 777 2248 807 men-

154 846 336 893 tionem
365 844 478 891 facit
513 843 756 908 Eunapius
788 859 836 907 p.
879 842 958 899 48.
998 839 1110 903 Ejus
1159 848 1320 885 autem
1360 838 1593 886 librorum
1619 841 1845 905 reliquias
1875 853 1985 909 post
2019 844 2246 892 Orellium

152 931 338 995 Opusc.
376 931 478 976 Vet.
506 929 663 975 Graec.
705 937 826 974 sent.
863 937 911 973 et
957 923 1124 972 moral.
1158 922 1262 970 Vol.
1311 925 1371 983 ΙΙ,
1406 940 1456 988 p.
1491 923 1695 989 362-391
1730 935 1776 972 et
1814 927 2007 975 Stobaci
2041 929 2248 977 editores

152 1011 404 1076 diligenter
427 1011 683 1059 recensitas
722 1021 768 1059 et
810 1010 956 1057 latine
987 1026 1146 1056 versas
1188 1007 1388 1073 subjeci.

216 1095 398 1143 Transii
430 1094 608 1143 deinde
645 1094 708 1142 ad
751 1093 1000 1152 Albinum,
1041 1092 1211 1140 Galeni
1248 1103 1626 1159 praeceptorem,
1661 1094 1859 1142 secundi
1892 1105 2002 1159 post
2039 1095 2152 1142 Chr.
2195 1114 2243 1142 n.

161 1179 321 1228 saeculi
365 1178 683 1239 Platonicum,
723 1194 868 1243 quem
907 1178 956 1225 in
1001 1193 1240 1224 summam
1286 1176 1487 1240 gloriam
1533 1179 1718 1226 venisse
1762 1188 1944 1225 veteres
1993 1179 2249 1242 scriptores

156 1273 407 1329 testantur.
430 1266 626 1311 Constat
656 1279 767 1310 eum
800 1263 851 1309 in
886 1263 1183 1328 optimorum
1219 1261 1428 1308 Platonis
1456 1262 1776 1327 interpretum
1796 1278 2001 1308 numero
2028 1261 2249 1309 habitum

155 1364 279 1408 esse,
317 1348 572 1412 magnique
608 1347 860 1394 aestimasse
893 1347 1116 1411 antiquos
1154 1347 1254 1410 ejus
1297 1345 1358 1393 de
1394 1345 1538 1393 rebus
1579 1346 1754 1395 divinis
1788 1356 1836 1393 et
1866 1345 2093 1393 humanis
2128 1347 2251 1409 judi-

154 1432 298 1481 cium.
335 1434 442 1479 Jam
486 1431 719 1496 quoniam
759 1430 890 1495 apud
926 1440 1109 1477 veteres
1144 1432 1196 1477 in
1229 1430 1417 1478 honore
1457 1441 1602 1496 atque
1627 1432 1679 1478 in
1717 1431 1876 1496 pretio
1905 1430 1996 1477 fuit
2032 1430 2245 1491 Albinus,

155 1514 382 1563 credibile
417 1525 512 1575 est,
553 1531 642 1562 nos
680 1530 875 1579 quoque
914 1513 975 1560 de
1011 1513 1112 1577 ejus
1151 1513 1372 1561 doctrina
1410 1515 1578 1562 melius
1618 1516 1968 1562 existimaturos
2009 1514 2173 1576 fuisse,
2213 1518 2251 1563 si

155 1598 291 1664 plura
332 1598 484 1664 ipsius
532 1598 711 1662 ingenii
755 1607 1071 1645 monumenta
1128 1607 1377 1645 exstarent.
1429 1601 1566 1646 Nunc
1615 1616 1767 1664 quum
1804 1615 1861 1646 ex
1912 1598 2014 1662 ejus
2061 1599 2250 1664 scriptis

155 1682 256 1732 sola
290 1681 496 1747 supersit
537 1685 733 1746 lsagoge
765 1682 815 1729 in
856 1682 1065 1728 Platonis
1107 1681 1349 1744 dialogos,
1379 1682 1429 1728 in
1475 1682 1646 1746 exiguo
1677 1682 1774 1729 hoc
1808 1681 2011 1728 fortunae
2053 1663 2251 1729 niunere

155 1765 295 1815 facile
329 1765 692 1831 acquiescimus.
732 1769 1038 1830 Quamquam
1077 1774 1238 1811 autem
1280 1765 1730 1813 commentariolum
1776 1783 1875 1814 non
1926 1767 2127 1814 sustinet
2172 1784 2250 1814 ex-

155 1851 528 1917 spectationem,
577 1866 723 1915 quam
767 1849 932 1897 titulus
970 1839 1275 1896 ambitiosior'
1319 1865 1515 1895 movere
1561 1849 1828 1914 legentibus
1872 1853 2044 1917 possit,
2091 1860 2250 1898 tamen

79 1993 84 1996 ,
156 1935 289 1984 locos
317 1935 558 2001 quosdam
588 1936 786 1983 minime
821 1935 1038 2000 vulgares
1073 1951 1130 1982 eo
1166 1933 1411 1982 contineri
1454 1949 1599 1980 nemo
1645 1934 1855 1997 negabit.
1898 1936 2083 1983 Primus
2127 1934 2252 1983 hanc

159 2022 388 2084 Isagogen
436 2019 488 2067 in
530 2019 740 2068 Platonis
785 2020 998 2084 dialogos
1040 2037 1066 2067 e
1104 2020 1274 2066 codice
1320 2018 1632 2068 Holsteniano
1680 2022 1963 2085 exscriptam
2002 2021 2052 2067 in
2093 2020 2253 2067 lucem

158 2102 361 2169 protulit
379 2106 421 2150 J.
444 2105 496 2150 A.
523 2103 769 2151 Fabricius
796 2120 840 2150 a.
882 2120 1002 2167 1707
1037 2103 1335 2166 inseruitque
1365 2103 1673 2151 Bibliothecae
1709 2107 1884 2152 Graecae
1914 2103 2150 2151 volumini
2183 2121 2251 2150 se-

160 2185 340 2244 cundo,
374 2185 551 2233 deinde
582 2186 757 2233 iterum
778 2185 930 2233 edidit
952 2189 992 2233 J.
1018 2189 1069 2232 F.
1108 2185 1359 2234 Fischerus
1380 2205 1476 2234 una
1509 2205 1621 2234 cum
1645 2187 1853 2235 Platonis
1874 2187 2249 2251 Euthyphrone,

163 2269 399 2335 Apologia
444 2270 677 2326 Socratis,
737 2269 929 2317 Critone
985 2279 1032 2315 et
1083 2268 1321 2318 Phaedone
1374 2273 1547 2337 Lipsiae
1605 2289 1734 2319 anno
1804 2272 1952 2336 1783,
2006 2281 2250 2335 postremo

157 2355 208 2402 C.
231 2356 272 2401 J.
309 2352 423 2400 Chr.
453 2352 779 2400 Schneiderus
803 2351 1067 2399 secundum
1112 2352 1330 2400 codicem
1380 2356 1786 2403 Lobcovicianum
1824 2356 2124 2403 emendatam
2160 2373 2246 2420 pu-

159 2436 358 2485 blicavit
400 2437 688 2486 Vratislaviae
733 2454 864 2484 anno
907 2436 1046 2483 1852.
1093 2437 1152 2483 Hi
1188 2453 1381 2496 omnes,
1421 2449 1658 2502 quantum
1701 2439 1752 2485 in
1790 2438 1906 2503 ipsis
1945 2438 2089 2484 situm
2127 2448 2245 2497 erat,

159 2520 421 2586 depravata
454 2521 699 2585 scriptoris
738 2520 885 2568 verba
920 2520 1233 2568 restituerunt
1272 2522 1579 2587 multumque
1609 2523 1652 2569 ei
1697 2522 2002 2587 profuerunt.
2046 2521 2140 2568 Sed
2173 2539 2248 2569 re-

159 2602 437 2668 quirebatur
474 2603 694 2651 subtilior
741 2605 982 2664 recensio,
1023 2620 1120 2669 qua
1165 2615 1213 2652 et
1244 2605 1426 2654 lacunae
1473 2606 1622 2654 libelli
1659 2606 1967 2671 explerentur
1997 2614 2044 2651 et
2078 2606 2251 2653 menda

160 2703 188 2734 a
233 2687 346 2734 viris
382 2686 538 2735 doctis
575 2704 674 2735 non
713 2688 1051 2735 animadversa
1096 2688 1398 2737 tollerentur.
1444 2693 1579 2738 Hanc
1613 2691 1758 2754 igitur
1791 2687 1975 2736 institui
2013 2689 2251 2754 simulque

162 2780 319 2820 totum
357 2771 574 2820 libellum
618 2772 824 2819 latinum
867 2773 972 2821 feci.

226 2858 337 2904 Mox
376 2854 438 2903 de
486 2855 734 2917 Sallustio,
778 2856 1028 2905 Platonico
1069 2858 1350 2923 posterioris
1389 2858 1478 2904 aevi
1522 2857 1848 2923 philosopho,
1891 2876 2038 2923 quem
2078 2857 2252 2905 Juliani

162 2939 464 3004 imperatoris
498 2940 732 3005 aequalem
789 2950 837 2988 et
885 2942 1095 2988 amicum
1145 2941 1289 2989 fuisse
1338 2941 1538 3003 scimus,
1585 2941 1801 2989 disserui.
1855 2946 1938 2990 Est
1984 2959 2099 2990 vero
2150 2942 2252 2987 sine

163 3021 314 3070 dubio
378 3040 501 3071 unus
544 3041 601 3071 ex
654 3025 949 3091 sapientibus
1008 3025 1202 3073 illorum
1262 3036 1538 3092 temporum
1587 3025 1896 3085 hominibus,
1958 3027 2036 3092 cui
2079 3025 2250 3072 merito

164 3106 348 3154 tribuas
397 3107 662 3172 elegantem
709 3109 769 3157 de
816 3110 907 3157 diis
937 3121 985 3158 et
1023 3109 1208 3158 mundo
1248 3109 1484 3157 libellum.
1523 3114 1663 3158 Hunc
1708 3127 1735 3157 a
1772 3114 1897 3158 Luca
1935 3110 2185 3158 Holstenio
2223 3126 2249 3155 e

172 3190 461 3239 membranis
512 3194 805 3258 exscriptum
856 3211 968 3241 cum
1011 3195 1112 3259 ejus
1155 3195 1552 3243 annotationibus
1595 3206 1643 3243 et
1688 3196 1858 3242 Leonis
1899 3195 2056 3241 Allatii
2099 3203 2250 3240 trans-

166 3273 344 3322 latione
374 3276 560 3340 primus
586 3281 753 3326 Romae
790 3279 946 3325 emisit
984 3278 1179 3326 Gabriel
1212 3279 1449 3329 Naudaeus
1480 3297 1610 3327 anno
1647 3279 1788 3339 1630,
1810 3279 1943 3344 quod
1976 3277 2247 3342 exemplum

165 3357 423 3420 repetitum
459 3369 528 3407 est
568 3361 788 3425 Lugduni
819 3365 1103 3408 Batavorum
1128 3378 1258 3409 anno
1302 3362 1442 3428 1639.
1480 3367 1648 3411 Postea
1677 3363 1885 3410 Thomas
1921 3362 2095 3409 Galeus
2128 3377 2245 3406 eun-

168 3437 278 3486 dem
319 3442 665 3509 philosophum
707 3445 992 3509 interposuit
1036 3446 1292 3511 Opusculis
1337 3446 1696 3511 myfflologicis,
1738 3445 1945 3510 physicis
1997 3453 2043 3490 et
2079 3442 2247 3488 ethicis

167 3522 476 3590 cantabrigiae
517 3526 632 3593 1671
674 3538 722 3577 et
752 3528 1095 3578 Amstelodami
1139 3529 1260 3578 1688
1299 3529 1584 3594 divulgatiS‚
1622 3528 1786 3593 gallice
1827 3528 1965 3575 vertit
2003 3525 2247 3588 Formejus
