2508 3776
609 154 916 196 ETHICORUM
945 155 976 195 Ν
981 154 1288 196 ICOMACHEO
1295 156 1407 198 RUM
1438 158 1610 199 PARAP
1618 158 1824 199 HRASIS.

106 244 208 296 ’μεθ’
224 243 371 296 ἡδονῆς,
403 242 466 282 καὶ
484 241 599 282 πόνων
622 243 849 290 ἀναπαύσεις.
886 244 990 284 Μετὰ
1019 245 1087 300 γὰρ
1111 245 1176 291 τὰς

127 305 203 343 τῶν
215 304 363 355 καρπῶν
383 303 601 354 συγκομιδὰς
622 303 661 343 αἵ
681 320 720 344 τε
752 305 888 345 σύνοδοι
914 305 1090 357 ἐγίνοντο,
1114 305 1176 344 καὶ

126 360 326 410 αἶ’)ωσίαι,
349 362 512 416 ἀπαρχαί
531 378 621 408 τινες
639 358 754 403 οὖσαι·
776 364 932 416 μάλιστα
953 364 1021 418 γὰρ
1048 366 1083 404 ἐν
1102 364 1178 405 τού·

124 419 409 475 τῆςὶἰσχόλαζον
442 424 516 467 τοῖς
548 429 695 477 καιροῖς·
716 423 774 462 διὰ
795 423 837 472 δὴ
864 424 995 464 τούτων
1014 427 1083 465 τῶν
1103 441 1179 465 κοι-

48 509 50 511 -
124 477 258 521 νύνιῶν
275 479 318 520 τό
346 496 384 520 τε
407 484 497 520 Θεῖον
517 480 622 521 ἵλεων
641 483 759 528 αὐτοῖς
788 482 941 535 ἐγίνετο,
964 483 983 522 ὃ
1005 483 1177 524 συνοίσειν

127 538 263 590 Mt,
281 539 342 579 καὶ
363 540 462 581 αὐτοὶ
483 541 767 594 ἀναπαυόμενοι,
786 541 902 596 νεαροὶ
922 545 990 582 τῶν
1014 541 1100 598 ὑπὲρ
1116 546 1177 582 τοῦ

125 599 364 655 συμφέροντος
382 600 500 643 πόνων
521 601 691 650 ἥπτοντο.
714 601 783 643 Διὰ
801 605 907 641 τοῦτο
922 602 1087 656 φαίνεται
1100 636 1110 656 ,
1125 603 1178 644 ὅτι

124 665 228 700 πᾶσα
261 660 448 710 κοινωνία,
473 662 533 701 καὶ
555 665 578 710 ἡ
596 661 698 710 ἡδέος
716 660 819 702 ἕνεκα
848 662 1034 715 γινομένηῗ,
1062 664 1124 703 καὶ
1154 666 1176 712 ἡ

123 722 187 759 τοῦ
207 719 470 775 συμφέροντος,
491 719 532 759 τὸ
560 720 739 775 συμφέρον
765 720 915 774 ἔσχατον
949 721 1023 775 ἔχει
1054 722 1172 773 τέλος,

123 778 186 819 καὶ
208 778 274 820 διὰ
285 782 392 820 τοῦτο
414 785 532 820 πᾶσαι
554 779 646 834 μέρη
666 780 734 822 εἰσὶ
757 784 819 830 τῆς
839 781 1036 829 πολιτικῆς.
1077 783 1177 822 Ταύ-

123 849 200 886 ταις
215 837 253 880 δῦ
271 844 350 886 ταῖς
366 839 563 885 κοινωνίαις
581 840 644 880 καὶ
673 842 709 881 αῖ
726 839 842 895 φιλίαι
862 838 1150 889 ’ἀκολουθήσουσι
1164 871 1175 890 ,

123 897 325 954 κᾱὶ·’ὧσπε’ρ
341 900 379 939 αἱ
395 898 595 948 κοινωνίαι,
616 899 708 940 οὕτω
734 900 796 940 καὶ
815 902 851 940 αἱ
872 901 986 955 φιλίαι
1004 901 1177 955 διαιρεθή-

61 963 65 967 “
123 967 264 1010 conat,
282 957 346 1000 καὶ
364 962 528 1000 τοιαῦται
543 957 684 1000 ἔσονται
701 961 736 999 αἱ
751 960 886 1016 φιλίαι,
906 954 977 1000 οἷαι
995 962 1032 1000 αἱ
1051 977 1174 1001 κοινω-

121 1014 210 1060 νίαι.

149 1080 151 1082 ’
179 1077 356 1134 (Scripsi
392 1096 403 1121 ;
430 1086 449 1106 ⁸
482 1078 749 1137 ἀποστερῆσαι]
783 1082 871 1121 cod.
911 1083 1174 1134 ἀποστηρῆσαι.

122 1162 178 1172 --
195 1137 213 1164 ⁶
233 1139 398 1180 κοινωνία
420 1140 518 1195 ἐστὶ]
546 1140 635 1181 cod.
663 1140 825 1181 κοινωνία
848 1142 936 1180 ἐστι.
962 1163 1017 1172 -
1032 1146 1048 1166 ⁰
1064 1141 1103 1181 τό
1122 1138 1175 1196 τε]

123 1197 213 1241 cod.
230 1198 294 1255 τό,
312 1200 451 1254 τεζ-)

553 1324 645 1377 Κεφ.
676 1322 735 1374 ιγ’.

322 1435 400 1478 Περὶ
414 1436 480 1468 τῶν
500 1438 595 1478 τριῶν
615 1438 672 1474 τῆς
689 1434 848 1473 πολιτείας
864 1436 969 1469 εἰδῶν.

156 1540 196 1593 μ*
221 1538 371 1590 Ῥητεόν
394 1538 432 1580 δέ
456 1541 532 1580 ἐστι
551 1540 645 1595 περὶ,Ι
658 1543 719 1589 τῆς
739 1541 936 1589 πολιτικῆς.
960 1541 1103 1590 Ταύτης
1134 1541 1176 1591 δὴ

119 1595 200 1654 τρία
210 1598 308 1642 εἰσὶν
328 1598 416 1648 εἴδη·
446 1599 632 1653 βασιλεία,
651 1599 905 1653 ἀριστοκρατία
925 1600 986 1639 καὶ
1005 1616 1175 1655 τιμοκρα·

118 1659 201 1708 τία,
229 1658 274 1708 ἣν
295 1658 358 1699 καὶ
376 1658 557 1698 πολιτείαν
601 1659 764 1699 εἰώθασιν
786 1661 818 1698 οἱ
839 1661 998 1700 πλεῖστοι
1028 1662 1150 1701 καλεῖν
1164 1693 1172 1709 ,

118 1717 195 1767 ἥτις
209 1717 304 1758 ἐστὶν
318 1718 390 1758 ἀπὸ
407 1720 478 1758 τῶν
497 1718 711 1771 τιμημάτων
722 1735 731 1743 ·
750 1718 900 1764 διδόντες
915 1719 983 1773 γὰρ
1002 1719 1175 1774 χρήματα

117 1778 162 1831 τ’ρ,
177 1778 300 1834 ἄρχειν
317 1778 554 1831 λαμὸοίνουσι·
571 1779 630 1819 διὰ
647 1785 751 1820 τοῦτο
769 1779 1027 1833 τιμοκρατικὴν
1047 1781 1174 1821 οἰκεῖόν

119 1832 353 1886 ἓᾷτιμαλεῖν.
388 1837 535 1879 Τούτων
559 1838 596 1878 δὲ
616 1841 686 1879 τῶν
714 1840 902 1880 πολιτειῶν
925 1839 1091 1893 βελτίστη
1110 1840 1174 1892 μὲν

117 1896 344 1951 ἡ,,βασιλεία,
359 1897 523 1952 χειρίστη
542 1897 578 1938 δὲ
598 1900 621 1947 ἡ
643 1898 872 1953 τιμοκρατία.
895 1893 1013 1940 Αῧται
1034 1898 1098 1952 μὲν
1115 1891 1175 1940 οὖν

118 1957 363 2012 αἱμπολιτεῖαι.
391 1959 439 1999 Αἱ
458 1957 496 1998 δὲ
522 1958 763 2012 παρεκὸάσεις
789 1959 849 1999 καὶ
870 1953 940 2000 οἶον
960 1960 1084 2014 φθοραὶ
1104 1963 1173 2000 τῶν

118 2018 328 2070 πολιτειῶν,
350 2020 414 2066 τῆς
441 2017 504 2071 μὲν
531 2019 714 2072 βασιλείας
734 2024 757 2069 ἡ
778 2020 948 2075 τυραννίς·
970 2020 1079 2075 ἄμφω
1105 2021 1174 2075 γὰρ

92 2079 95 2081 ’
120 2077 333 2135 μοναρχία),
353 2077 557 2132 διαφέρουσι
574 2077 611 2118 δὲ
631 2079 810 2120 πλεῖστον·
830 2083 848 2119 ὃ
866 2080 931 2132 μὲν
952 2080 1020 2134 γὰρ
1044 2081 1173 2134 τύραν-

115 2137 230 2192 spese
245 2138 372 2177 ἐαυτοῦ
398 2138 579 2192 συμφέρον
601 2145 742 2188 σκοπεῖ,
758 2142 776 2179 ὁ
796 2139 833 2179 δὲ
859 2139 1024 2193 βασιλεὺς
1045 2140 1085 2179 τὸ
1106 2143 1174 2180 τῶν

114 2196 337 2252 ἅρχομένων·
359 2199 399 2238 οὗ
420 2198 489 2252 γάρ
510 2200 586 2238 ἐστι
620 2198 784 2252 βασιλεὺς
809 2203 828 2240 ὃ
852 2199 902 2252 μὴ
927 2201 1031 2246 αὐτὸς
1057 2202 1172 2255 ἑαυτῷ

28 2262 32 2265 ’
47 2289 50 2291 Α
115 2257 256 2311 ἀρκῶν,
278 2256 341 2296 καὶ
357 2262 448 2297 πᾶσι
466 2262 538 2303 τοῖς
561 2259 703 2311 ἀγαθοῖς
717 2259 912 2314 ὑπερέχων·
934 2262 952 2299 ὃ
970 2259 1038 2314 γὰρ
1055 2265 1171 2300 τοιοῦ-

59 2358 62 2360 ,
116 2330 176 2370 τος
191 2317 230 2361 οὐ
242 2314 454 2365 δεηθήσεται
465 2315 510 2356 τὰ
523 2319 592 2356 τῶν
611 2317 817 2372 ἀρχομένων
836 2322 884 2365 εἷς
899 2320 1022 2359 ἑαυτὸν
1042 2319 1171 2362 ἕλκειν.

115 2374 185 2429 Διᾴ
202 2377 306 2430 ’,τοῦτο
323 2374 370 2415 τὰ
390 2374 455 2428 μὲν
477 2376 642 2431 ὠφέλιμα
659 2378 755 2432 αὐτῷ
775 2380 814 2418 οὗ
842 2379 1042 2433 πρόσκοπεῒ
1061 2381 1170 2420 πολι-

113 2433 299 2487 τευόμενος
321 2433 382 2474 καὶ
403 2433 448 2475 τὰ
469 2435 570 2475 κοινὰ
587 2435 771 2489 πράττων,
795 2437 886 2490 μόνα
908 2439 944 2478 δὲ
964 2439 1009 2479 τὰ
1023 2442 1092 2479 τῶν
1114 2443 1172 2494 ἀρ-

42 2506 60 2538 «ᾖ
114 2493 288 2548 χρμίνων·
302 2495 344 2534 οὔ
363 2493 434 2550 γὰρ
455 2492 528 2535 ἀπὸ
547 2497 617 2534 τῶν
639 2499 763 2537 κοινῶν
776 2528 788 2550 ,
809 2499 888 2537 ἀλλ’
907 2498 1039 2538 οἴκοθεν
1060 2506 1175 2554 ποριεῖ

77 2555 81 2558 ⁴
114 2569 136 2592 τ
179 2551 402 2610 συμφέροντα
423 2555 549 2609 ἑαυτῷ.
570 2554 616 2595 Ὁ
642 2555 679 2595 δὲ
701 2555 752 2608 μὴ
773 2555 883 2602 οὕτως
905 2557 996 2612 ἔχων
1025 2560 1171 2612 κληρω-

114 2628 177 2670 795
202 2611 339 2667 μᾶλλον
359 2614 400 2654 ἄν
432 2630 485 2660 ‘tte
505 2614 579 2664 ‘’fil'’
608 2614 631 2663 ἢ
662 2615 841 2669 βασιλεύς.
874 2614 980 2658 Ἔστι
1011 2618 1124 2658 τοίνυν
1148 2622 1171 2668 ἡ

114 2672 275 2732 mewa<
307 2673 448 2715 ἐναντία
481 2678 558 2728 τῇ“
582 2675 758 2729 βασιλεία·
791 2678 811 2715 ὁ
842 2676 910 2731 γὰρ
945 2677 1113 2732 τύραννος
1133 2679 1172 2719 τὸ

113 2735 240 2789 Ξαμκοῧ
259 2732 388 2784 ἀγαθὸν
409 2731 550 2783 διώκει,
570 2734 631 2773 καὶ
657 2734 748 2774 πολὺ
773 2737 907 2787 μᾶλλον
920 2767 931 2788 ,
949 2737 972 2785 ἢ
996 2740 1015 2777 ὁ
1031 2740 1171 2791 κληρω-

79 2808 81 2810 ·
111 2788 182 2848 τρς·
203 2791 264 2833 καὶ
285 2793 513 2848 φανερωτέρα
531 2796 552 2842 ἡ
573 2794 725 2848 διαφορὰ
753 2800 776 2844 ἡ
795 2794 881 2848 πρὸς
909 2795 966 2835 τὸν
997 2797 1168 2850 βασιλέα,

113 2850 168 2893 ὅτι
187 2851 248 2892 καὶ
267 2853 414 2906 χείρων.
433 2852 503 2894 Διὰ
523 2857 627 2892 τοῦτο
647 2853 707 2891 καὶ
725 2854 880 2893 ἐναντίον
900 2855 975 2895 ἐστὶ
995 2860 1038 2910 τῇ
1061 2861 1168 2910 βασι-

38 2907 49 2947 τ’
113 2910 191 2964 λεία
212 2914 235 2960 ἡ
253 2911 438 2966 τυραννίς,
469 2910 524 2950 ὅτι
551 2911 589 2951 τὸ
610 2911 673 2964 μὲν
704 2912 910 2966 βέλτιστον,
939 2915 979 2954 τὸ
999 2914 1035 2955 δὲ
1067 2917 1172 2957 κάκι-

114 2983 210 3011 στον·
230 2971 271 3010 τὸ
298 2970 368 3025 γὰρ
388 2971 556 3012 κάκιστον
579 2973 733 3012 ἐναντίον
762 2976 812 3028 τῷ
835 2975 1022 3029 βελτίστῳ.
1045 2979 1168 3017 Μετα-

51 3028 53 3033 ’
113 3022 227 3086 Seiva
245 3030 401 3081 τοίνυνὴ
425 3031 586 3072 πολιτεία
608 3035 647 3073 ἐκ
673 3033 856 3086 βασιλείας
889 3036 937 3080 εἷς
967 3037 1164 3088 τυραννίδα·

113 3083 290 3144 φαυλότης
308 3092 378 3147 γάρ
411 3093 486 3132 ἐστι
513 3093 711 3148 μοναρχίας
730 3097 753 3142 ἡ
773 3095 933 3148 τυραννίς
946 3127 957 3147 ‚
979 3096 1040 3135 καὶ
1060 3099 1078 3136 ὁ
1108 3113 1171 3146 μο-

112 3135 245 3213 idaeo:
267 3150 433 3205 βασιλεὺς
453 3151 618 3207 τύραννος
636 3153 786 3206 γίνεται.
811 3156 888 3203 Τῆς
907 3154 971 3206 μὲν
989 3148 1048 3195 οὗν
1066 3158 1168 3209 βασι-

112 3209 209 3263 λείας
221 3210 443 3266 παρέκὸασις
463 3216 487 3262 ἡ
505 3214 686 3267 τυραννίς,
710 3217 773 3262 τῆς
789 3213 826 3254 δὲ
849 3217 1122 3270 ἀριστοκρατίας
1143 3221 1165 3266 ἡ

113 3263 315 3325 ὀλιγαρχία·
347 3272 432 3312 ὅταν
453 3274 486 3313 οἱ
514 3272 648 3322 ταύτην
675 3275 943 3327 πολιτευόμενοι
970 3276 1035 3325 τὴν
1062 3274 1170 3318 πολι-

113 3329 210 3390 τείαν
228 3331 360 3391 νέμωσι
379 3332 424 3372 τὰ
444 3336 506 3381 τῆς
525 3333 660 3379 πόλεως
689 3336 826 3380 ἑαυτοῖς
847 3335 946 3389 παρὰ
967 3335 1032 3385 τὴν
1054 3336 1166 3384 ἀξίαν·

2215 160 2294 199 507

1240 251 1337 285 desse
1353 254 1496 295 poterit,
1522 256 1754 288 consectatur:
1783 254 1863 297 quia
1888 264 1954 287 uon
1973 255 2172 297 praesentem
2188 253 2296 286 solum

1240 308 1440 348 utilitatem,
1466 309 1526 342 sed
1545 311 1649 344 totius
1664 311 1743 344 vitae
1762 310 1973 344 commodum
1993 311 2121 353 expetit
2140 323 2148 343 :
2170 319 2291 353 quam-

1238 362 1353 397 obrem
1380 366 1414 397 et
1441 365 1600 398 sacrificia
1631 367 1665 399 et
1696 368 1880 399 conventus
1909 367 1944 399 et
1975 365 2149 399 convictus
2174 365 2296 408 jucun-

1239 418 1379 452 ditatem
1407 422 1441 452 et
1466 420 1618 453 laborum
1642 421 1852 454 remissiones
1884 420 2082 455 introduxit.
2111 422 2195 454 Nam
2222 420 2297 463 post

1241 474 1373 518 frugum
1392 474 1632 520 fructuumque
1654 476 1899 520 perceptionem
1921 476 2002 510 olim
2029 480 2137 510 coetus
2160 479 2193 510 et
2217 485 2298 509 con-

1238 532 1360 563 ventus
1377 530 1602 570 habebantur,
1621 533 1655 564 et
1671 531 1831 564 sacrificia
1853 539 1930 573 quae
1947 531 2171 574 primitiarum
2188 531 2294 563 instar

1240 587 1334 617 erant
1364 584 1487 618 fiebant
1512 594 1520 615 τ
1547 585 1600 618 his
1617 585 1704 618 enim
1725 585 1932 628 temporibus
1960 586 2104 620 maxime
2129 585 2170 618 ab
2198 594 2297 628 opere

1239 636 1411 671 cessabant
1440 651 1449 672 ε
1482 637 1561 681 quia
1600 638 1792 680 hujusmodi
1832 638 2063 681 congressibus
2102 640 2174 672 tum
2212 637 2296 671 deo-

1241 701 1317 724 rum
1345 700 1468 725 numen
1489 691 1670 735 propitium
1695 693 1736 725 iis
1765 692 1985 735 reddebatur,
2014 693 2106 736 quod
2127 703 2146 728 e
2173 702 2209 727 re
2236 701 2297 726 sua

1241 743 1310 778 sore
1326 745 1578 787 existimabant,
1608 748 1681 779 tum
1700 746 1763 790 ipsi
1782 747 1951 790 paulisper
1974 747 2123 780 animum
2143 748 2298 781 relaxan-

1241 801 1291 831 tes
1311 808 1389 832 mox
1408 800 1595 833 recollectis
1613 800 1742 834 viribus
1761 801 1861 834 utiles
1881 801 1943 835 sibi
1973 801 2103 835 labores
2133 801 2297 844 suscipie-
2353 795 2356 798 ’

1239 850 1329 884 bant.
1353 851 1438 885 Hinc
1459 854 1606 895 apparet,
1624 862 1757 886 omnem
1785 853 1976 886 societatem
1997 864 2063 896 qua
2077 853 2299 895 jucunditatis

1242 914 1309 947 qua
1326 905 1484 938 utilitatis
1505 915 1607 939 causa
1636 906 1813 939 conflatam
1838 907 1879 940 ad
1901 907 2115 940 commodum
2134 909 2297 950 tanquam

1243 958 1398 992 ultimum
1426 960 1525 992 tinem
1554 959 1680 998 referri,
1705 960 1846 1003 ideoque
1861 970 1976 994 omues
1991 961 2168 994 societates
2185 961 2297 995 civilis

1241 1012 1410 1045 societatis
1425 1021 1498 1045 esse
1517 1012 1675 1045 membra.
1704 1014 1773 1046 Has
1787 1022 1864 1055 ergo
1889 1013 2066 1047 societates
2087 1014 2188 1047 etiam
2208 1015 2296 1047 ami-

1239 1065 1328 1099 citiae
1344 1068 1535 1109 sequentur,
1559 1069 1662 1109 atque
1678 1066 1800 1099 idcirco
1814 1066 1901 1099 sicut
1920 1067 1997 1106 illae,
2020 1067 2067 1100 ita
2088 1070 2121 1101 et
2139 1068 2194 1101 hae
2210 1068 2294 1102 divi-

1239 1119 1372 1160 dentur,
1386 1120 1537 1163 talesque
1557 1121 1655 1154 erunt
1678 1119 1852 1159 amicitiae,
1876 1120 1994 1163 quales
2012 1123 2091 1154 suut
2113 1123 2147 1155 et
2161 1121 2298 1155 societa-

1240 1175 1302 1206 tes.

1676 1333 1756 1375 cap.
1783 1332 1872 1367 xm.

1525 1447 1567 1475 De
1586 1445 1681 1475 tribus
1697 1445 1868 1483 reipublicae
1888 1445 2003 1476 formis.

1281 1548 1357 1579 Jam
1372 1546 1414 1579 de
1425 1545 1514 1579 civili
1533 1545 1691 1580 societate
1701 1543 1879 1580 dicendum
1897 1549 1958 1580 est.
1978 1548 2088 1590 Hujus
2103 1550 2216 1582 autem
2230 1551 2299 1583 tres

1241 1608 1319 1639 sunt
1341 1605 1456 1639 formae
1481 1619 1490 1639 z
1512 1615 1667 1648 regnum,
1689 1606 1902 1648 optimatium
1928 1606 2120 1641 dominatus
2143 1609 2176 1642 et
2200 1611 2298 1651 pote-

1240 1668 1309 1699 stas
1324 1666 1497 1705 censualis
1516 1674 1618 1709 quam
1630 1665 1780 1709 plerique
1794 1667 1900 1699 solent
1914 1676 2032 1700 vocare
2048 1676 2116 1700 rem
2122 1668 2298 1710 publicam,

1239 1736 1315 1770 quae
1338 1735 1440 1759 censu
1463 1727 1689 1768 comparatur,
1723 1725 1784 1768 qui
1817 1725 1905 1758 enim
1932 1727 2090 1769 pecunias
2125 1727 2295 1768 dederint,

1242 1785 1419 1829 imperium
1445 1786 1612 1828 accipiunt
1637 1799 1646 1819 ε
1677 1795 1782 1829 quare
1800 1789 2000 1829 potestatem
2020 1788 2208 1821 censualem
2227 1796 2301 1821 eam

1239 1846 1351 1878 vocari
1368 1845 1532 1879 convenit.
1556 1847 1683 1879 Harum
1703 1848 1817 1879 autem
1836 1846 1983 1880 civitatis
2000 1846 2184 1880 formarum
2207 1849 2296 1890 opti·

1238 1915 1294 1939 ma
1317 1908 1368 1939 est
1391 1915 1550 1948 regnum,
1582 1905 1762 1939 deterrima
1797 1909 1946 1949 potestas
1977 1907 2153 1940 censualis.
2191 1909 2300 1951 Atque

1242 1966 1295 1999 11ae
1316 1966 1454 2009 quidem
1474 1966 1621 1999 civitatis
1634 1965 1750 1999 sormae
1769 1969 1859 2000 sunt.
1894 1967 2120 2010 Digressiones
2139 1977 2218 2000 vero
2236 1968 2299 2001 ha-

1240 2036 1315 2059 rum
1337 2027 1408 2059 sive
1427 2025 1663 2059 declinationes
1691 2029 1724 2059 et
1747 2027 1845 2069 quasi
1873 2030 1984 2069 pestes
2010 2030 2113 2070 atque
2141 2027 2298 2061 interitus

1239 2087 1332 2130 regni
1361 2086 1499 2130 quidem
1522 2087 1671 2128 tyrannis
1695 2099 1703 2120 z
1725 2087 1832 2120 ambae
1861 2087 1950 2120 enim
1980 2088 2080 2120 unius
2108 2088 2299 2121 dominatus

1240 2148 1335 2186 sunt,
1356 2146 1432 2180 ilcet
1449 2146 1631 2189 plurimum
1650 2146 1738 2180 inter
1755 2156 1790 2179 se
1813 2146 1973 2180 differant
1994 2158 2001 2177 ι
2021 2150 2183 2189 tyrannus
2202 2148 2297 2181 vide-

1239 2207 1315 2240 licet
1329 2215 1434 2246 suam,
1450 2215 1510 2239 rex
1522 2215 1637 2239 eorum
1647 2206 1772 2249 quibus
1784 2206 1927 2249 imperat
1943 2207 2126 2240 utilitatem
2139 2210 2267 2250 spectat
2283 2217 2291 2237 ε

1239 2275 1346 2309 neque
1364 2266 1452 2299 enim
1473 2275 1532 2299 rex
1554 2267 1606 2299 est
1630 2265 1689 2309 qui
1706 2276 1773 2299 non
1791 2266 1862 2309 ipse
1883 2266 1945 2299 sibi
1964 2266 2125 2306 sufficiat,
2146 2269 2180 2300 et
2200 2267 2295 2301 bonis

1237 2325 1393 2359 omnibus
1411 2325 1552 2358 excellat
1567 2338 1575 2358 ε
1599 2324 1723 2368 quippe
1741 2325 1818 2358 talis
1836 2336 1901 2359 non
1918 2326 2054 2360 habebit
2073 2335 2207 2360 necesse
2220 2353 2227 2366 ,
2248 2327 2297 2360 ci-

1239 2387 1331 2420 vium
1352 2387 1437 2420 bona
1458 2386 1493 2420 in
1520 2395 1620 2419 suum
1649 2386 1863 2419 commodum
1894 2389 2098 2420 convertere.
2133 2387 2295 2426 Quocirca

1237 2447 1430 2490 hujusmodi
1447 2447 1657 2490 publicorum
1677 2447 1885 2489 negotiorum
1902 2450 2035 2480 curator
2052 2451 2087 2481 et
2103 2448 2296 2491 reipublicae

1240 2510 1348 2540 rector
1367 2517 1432 2540 non
1451 2516 1533 2546 sua,
1551 2506 1609 2540 sed
1620 2507 1690 2540 sola
1704 2516 1820 2540 eorum
1838 2507 1964 2550 quibus
1979 2508 2102 2550 praeest
2123 2506 2297 2539 commoda

1237 2567 1389 2600 intuetur
1418 2576 1427 2596 ι
1447 2576 1558 2611 neque
1583 2567 1672 2601 enim
1695 2577 1714 2601 e
1736 2567 1905 2600 communi
1933 2567 2071 2606 aerario,
2102 2567 2160 2600 sed
2179 2576 2198 2600 e
2216 2567 2296 2600 fisco

1238 2637 1298 2661 sua
1325 2626 1498 2660 commoda
1525 2627 1742 2670 comparabit.
1765 2627 1832 2666 Qui
1854 2637 1934 2660 vero
1953 2627 2031 2660 talis
2062 2637 2127 2660 non
2154 2627 2236 2668 erit,
2266 2627 2296 2660 is

1238 2690 1327 2721 sorte
1342 2687 1453 2731 potius
1472 2689 1605 2721 creatus
1620 2696 1693 2721 esse
1711 2697 1814 2730 quam
1832 2689 1898 2721 'rex
1917 2686 2097 2721 videbitur.
2117 2689 2176 2720 Est
2192 2687 2295 2730 igitur

1237 2748 1387 2791 tyrannis
1416 2757 1516 2791 regno
1541 2748 1708 2782 contraria
1730 2757 1739 2777 ε
1764 2758 1841 2782 nam
1867 2750 2028 2791 tyrannus
2056 2748 2091 2781 id
2114 2748 2207 2791 quod
2231 2748 2295 2782 sibi

1236 2808 1371 2851 expedit
1388 2807 1552 2851 sequitur,
1571 2807 1747 2851 multoque
1764 2806 1870 2849 magis
1884 2816 1987 2850 quam
2005 2805 2065 2850 qui
2091 2808 2181 2840 sorte
2198 2816 2293 2840 crea-

1236 2870 1291 2902 tus
1308 2871 1357 2902 est
1374 2878 1382 2897 :
1403 2868 1486 2911 quin
1502 2868 1603 2901 etiam
1632 2866 1838 2901 manifestior
1861 2867 1963 2910 hujus
1982 2868 2014 2900 et
2032 2866 2120 2909 regis
2131 2864 2292 2899 differen-

1235 2929 1282 2962 tia
1308 2928 1462 2968 habetur‚
1481 2928 1574 2972 quod
1596 2928 1655 2962 illo
1670 2930 1721 2962 est
1743 2927 1900 2961 deterior.
1919 2927 2066 2971 Ideoque
2086 2937 2187 2970 regno
2209 2936 2291 2960 con-

1234 2988 1336 3022 traria
1360 2991 1411 3022 est
1439 2988 1609 3030 tyrannis,
1631 2987 1722 3032 quod
1751 2988 1895 3021 alterum
1921 2987 2086 3030 optimum
2110 2987 2290 3030 negotium,

1233 3049 1338 3082 altera
1355 3048 1574 3082 deterrimum
1592 3050 1644 3082 est
1663 3062 1670 3082 :
1690 3048 1873 3092 pessimum
1889 3047 1978 3082 euim
1997 3047 2123 3090 optimo
2139 3049 2190 3080 est
2213 3056 2289 3080 con-

1233 3108 1384 3142 trarium.
1406 3111 1588 3151 Degenerat
1609 3118 1708 3152 porro
1725 3108 1914 3152 respublica
1933 3118 1951 3142 e
1977 3118 2077 3151 regno
2092 3108 2127 3140 in
2141 3107 2291 3149 tyranni-

1232 3167 1309 3202 dem
1328 3177 1335 3197 :
1355 3168 1521 3212 siquidem
1540 3168 1718 3211 singularis
1740 3168 1871 3212 imperii
1887 3168 2036 3212 pravitas
2059 3169 2109 3200 est
2127 3166 2290 3208 tyrannis,

1231 3230 1264 3262 et
1285 3227 1395 3261 malus
1423 3237 1483 3262 rex
1511 3231 1672 3272 tyrannus
1698 3229 1823 3263 evadit.
1868 3228 1971 3271 Regni
2003 3227 2103 3270 igitur
2131 3226 2289 3269 digressio

1232 3289 1382 3331 tyrannis
1393 3315 1401 3329 ,
1419 3289 1632 3332 optimatium
1649 3292 1762 3324 autem
1776 3289 1923 3323 civitatis
1938 3298 2121 3331 paucorum
2139 3286 2287 3330 potentia

1230 3351 1281 3382 est
1302 3361 1309 3382 :
1326 3348 1459 3392 quando
1481 3350 1671 3393 reipublicae
1690 3351 1792 3393 hujus
1812 3352 1958 3383 rectores
1978 3359 2030 3382 res
2054 3347 2201 3381 civitatis
2221 3348 2286 3381 ali-

157 3451 176 3470 ²*
197 3452 278 3496 Gap.
295 3454 347 3487 10.
368 3453 532 3492 πολιτείας
546 3454 580 3488 δέ
598 3455 688 3489 ἐστιν
713 3456 783 3497 εἴδη
798 3455 874 3501 τρία
891 3459 960 3491 κτλ.
