2528 3788
293 252 369 292 182

291 341 388 377 inter
413 339 692 389 Pythagoreos,
716 337 779 374 alu
805 336 946 374 rectius
978 336 1076 374 inter
1097 335 1319 374 Platonicos
1346 351 1353 428 γ

291 398 540 449 philosophos
556 403 780 442 numerant,
797 408 873 446 qua
890 403 999 433 aetate
1018 394 1179 442 vixerit,
1198 394 1320 432 incer-

292 466 370 494 tum
389 464 456 494 est.
475 455 548 493 Sed
565 468 684 505 quum
707 454 873 505 primum
892 467 914 492 a
935 454 1130 492 Clemente
1156 453 1320 491 Alexan·
1349 430 1354 502 Ι

291 515 400 552 drino
422 514 653 562 nominetur,
683 525 879 564 quumque
898 513 1061 551 Proclus
1086 514 1117 562 (1
1130 511 1163 563 ι)
1193 513 1231 550 in
1256 512 1322 550 Ti·
1350 503 1354 532 ¹

290 588 425 611 maeum
439 587 478 624 p.
493 573 559 623 93.
577 572 622 609 B.
644 571 941 623 Harpocrationi
952 599 963 618 ,
980 571 1092 609 Attici
1106 571 1320 622 discipulo,

289 632 512 670 sententiam
536 631 583 669 de
616 630 759 681 triplici
794 630 867 668 deo
900 629 1065 677 tribuat,
1095 643 1211 681 quam
1239 638 1324 668 ante

290 705 376 728 eum
398 703 419 728 a
451 690 635 728 Numenio
660 689 854 726 defensam
881 701 963 727 esse
988 689 1230 739 exploratum
1257 688 1322 726 ha-

291 803 477 842 μετενέγκας
494 803 536 837 εἰς
554 801 610 838 τὴν
635 802 752 832 ἑαυτοῦ
777 799 1034 841 δογματοποιίαν.
1058 800 1234 840 Νουμήνιος
1257 800 1290 831 δὲ
1307 800 1324 831 ὁ

291 850 498 890 Πυθαγόρειος
516 849 683 891 φιλόσοφος
699 848 843 888 ἄντικρυς
858 847 987 889 γράφει·
1009 847 1048 879 Τί
1065 847 1123 889 γάρ
1146 847 1214 879 ἐστι
1234 846 1323 879 Πλά-

289 909 367 938 των,
387 899 406 935 ἢ
431 899 552 935 Μωσῆς
573 895 757 935 ἀττικίζων;
782 895 832 927 Os.
853 894 1013 927 Eusebius
1039 896 1182 936 Praepar.
1201 896 1323 935 Evang.

288 945 342 977 lib.
369 946 442 976 VIII
460 953 531 985 cap.
553 948 584 984 6,
604 951 637 984 p.
658 945 719 975 410
742 951 810 983 seq.
835 944 865 974 et
878 941 937 974 lib.
959 944 1033 974 XIII
1052 950 1123 983 cap.
1147 945 1196 981 12,
1216 950 1246 982 p.
1266 943 1326 972 663

289 1001 378 1031 seqq.
393 991 509 1023 Suidas
528 999 560 1022 v.
581 990 757 1030 Νουμήνιος
777 988 845 1021 sic:
866 989 1044 1030 Νουμήνιος
1063 987 1238 1029 Ἀπαμεύς,
1265 987 1327 1019 ἀπὸ

290 1039 397 1080 Συρίας
409 1063 419 1078 ,
434 1037 599 1079 φιλόσοφος
616 1036 839 1078 Πυθαγόρειος.
855 1036 953 1072 Οὗτός
968 1038 1051 1068 ἐστιν
1065 1037 1083 1068 6
1099 1036 1155 1074 τὴν
1170 1038 1227 1067 τοῦ
1246 1035 1328 1067 Πλά-

289 1097 384 1122 τωνος
399 1086 550 1125 ἐξελέγξας
569 1083 705 1116 διάνοιαν
717 1106 725 1122 ,
740 1085 781 1119 ὡς
795 1083 830 1114 ἐκ
844 1086 906 1115 τῶν
924 1084 1107 1115 Μωσαϊκιῦν
1114 1082 1154 1114 τὰ
1171 1082 1239 1123 περὶ
1254 1082 1325 1113 θεοῦ

290 1136 341 1166 καὶ
357 1133 481 1173 κόσμου
494 1132 746 1169 ἁποσυλήσασαν
759 1155 767 1169 ,
783 1132 835 1163 καὶ
848 1131 899 1162 διὰ
908 1130 1001 1162 τοῦτό
1020 1138 1111 1170 φησι·
1134 1129 1164 1161 τί
1187 1128 1247 1170 γάρ
1261 1129 1326 1160 ἐστι

290 1181 433 1220 Πλάτων,
448 1181 468 1218 ἢ
483 1181 618 1217 Μωϋσῆς
633 1177 814 1217 ἀττικίζων;
829 1196 869 1201 —
886 1178 952 1220 (11)
972 1177 1105 1209 Proclus
1122 1176 1154 1208 in
1168 1176 1327 1208 Timaeum

289 1236 320 1269 p.
339 1230 389 1259 93.
409 1228 446 1258 A.
465 1227 501 1258 b.
522 1225 698 1266 Νουμήνιος
715 1224 769 1265 μὲν
785 1224 845 1265 γὰρ
864 1226 945 1264 τρεῖς
963 1222 1144 1262 ἀνυμνήσας
1161 1222 1245 1258 θεοὺς
1264 1232 1325 1253 πα·

289 1275 363 1315 τέρα
391 1272 445 1313 μὲν
477 1273 567 1303 καλεῖ
595 1272 647 1302 τὸν
677 1273 819 1312 πρῶτον,
854 1270 986 1308 ποιητὴν
1016 1269 1049 1301 δὲ
1080 1269 1133 1301 τὸν
1165 1269 1325 1309 δεύτερον,

289 1321 411 1361 ποίημα
429 1320 461 1351 δὲ
484 1319 536 1350 τὀν
563 1318 681 1359 τρίτον·
709 1318 725 1349 6
752 1317 812 1358 γὰρ
832 1315 950 1356 κόσμος
967 1314 1035 1347 κατ’
1061 1316 1158 1347 αὐτὸν
1186 1317 1203 1346 ὁ
1224 1315 1326 1356 τρίτος

290 1369 354 1400 ἐστὶ
372 1366 437 1401 Θεὸς
451 1375 458 1383 ·
481 1367 562 1397 ὥστε
580 1366 596 1396 ὁ
611 1363 678 1395 κατ’
695 1364 788 1395 αὐτὸν
810 1364 996 1404 δημιουργὸς
1013 1361 1133 1402 διττός,
1150 1362 1167 1393 ὅ
1186 1373 1220 1394 τε
1235 1365 1324 1404 πρῶ-

289 1426 340 1452 τος
365 1414 431 1450 θεὸς
450 1414 503 1445 καὶ
530 1414 547 1444 ὁ
566 1411 704 1452 δεύτερος
718 1434 727 1451 ,
743 1411 777 1442 τὸ
810 1411 842 1441 δὲ
868 1409 1155 1451 δημιουργούμενον
1178 1410 1195 1440 ὁ
1212 1408 1324 1450 τρίτος.

290 1463 434 1502 Ἄμεινον
461 1461 519 1500 γὰρ
539 1462 630 1491 τοῦτο
657 1458 776 1499 λέγειν,
798 1459 817 1496 ἢ
839 1459 880 1493 ὡς
908 1456 1025 1492 ἐκεῖνός
1043 1467 1117 1496 φησι
1136 1457 1326 1497 τραγῳδῶν,

289 1508 435 1548 πάππον,
452 1507 579 1546 ἔγγονον
590 1529 598 1545 ,
619 1504 783 1544 ἀπόγονον.
799 1504 836 1535 ‘O
853 1504 886 1535 δὲ
905 1506 1005 1535 ταῦτα
1019 1503 1118 1542 λέγων
1133 1507 1256 1543 πρῶτον
1273 1503 1327 1545 μὲν

290 1557 347 1588 οὐκ
366 1556 462 1596 ὀρθῶς
478 1553 611 1593 τάγαθὸν
637 1552 820 1593 συναριθμεῖ
834 1551 942 1582 τοῖσδε
966 1552 1031 1586 τοῖς
1056 1549 1178 1586 αἰτίοις.
1203 1550 1250 1582 Οὐ
1267 1551 1328 1593 γὰρ

289 1603 420 1643 πέφυκεν
441 1602 539 1633 ἐκεῖνο
565 1598 749 1639 ζεύγνυσθαί
773 1608 854 1630 τισιν
872 1597 942 1629 οὐδὲ
960 1597 1106 1639 δευτέραν
1124 1597 1208 1639 ἔχειν
1233 1599 1327 1630 ἄλλου

290 1651 388 1687 τάξιν·
409 1651 426 1681 6
443 1649 476 1680 δὲ
494 1649 597 1687 πατὴρ
617 1646 703 1688 παρὰ
721 1648 767 1686 τῷ
783 1645 930 1678 Πλάτωνι
944 1645 1085 1685 δεύτερος
1106 1645 1254 1677 τέτακται
1272 1649 1328 1678 τοῦ

290 1699 430 1734 ποιητοῦ.
452 1695 522 1727 Ἔτι
544 1694 576 1726 δὲ
600 1694 635 1725 τὸ
663 1693 767 1731 πάσης
788 1693 973 1734 ἐξῃρημένον
994 1693 1134 1733 σχέσεως
1164 1693 1327 1726 συντάττει

290 1748 353 1780 τοῖς
375 1742 427 1775 ὑπ’
445 1742 521 1774 αὐτὸ
540 1742 592 1772 καὶ
614 1741 681 1781 μετ’
701 1740 795 1772 αὐτό·
824 1741 870 1772 δεῖ
887 1740 918 1771 δὲ
938 1742 1037 1771 ταῦτα
1064 1741 1117 1779 μὲν
1135 1739 1328 1781 ἀναπέμπειν

291 1793 340 1824 ἐπὶ
360 1792 395 1824 τὸ
412 1794 534 1833 πρῶτον
546 1814 556 1830 ,
576 1789 695 1821 ἐκείνου
718 1789 750 1820 δὲ
769 1791 874 1820 πᾶσαν
892 1788 1033 1828 ἀφαιρεῖν
1052 1788 1175 1828 σχέσιν.
1192 1789 1272 1821 Οὐδὲ
1292 1790 1328 1821 τὸ

291 1840 441 1880 πατρικὸν
460 1838 520 1878 ἄρα
541 1839 596 1868 τοῦ
613 1836 726 1871 παντὸς
745 1835 913 1877 ἐφαρμόσει
934 1838 979 1875 τῷ
995 1836 1122 1876 πρώτῳ.
1142 1834 1250 1867 Ταῦτα
1269 1836 1328 1877 γὰρ

291 1889 321 1919 ἐν
339 1890 404 1923 ταῖς
427 1885 491 1926 μετ’
512 1885 587 1916 αὐτὸ
606 1883 734 1920 τάξεσιν
752 1883 888 1924 ἀνεφάνη
905 1886 967 1914 τῶν
992 1883 1208 1923 θεῶν.”Τρίτον
1225 1883 1258 1915 δὲ
1278 1884 1327 1916 ἐπὶ

291 1935 409 1971 τούτοις
433 1934 469 1965 τὸ
487 1934 614 1973 διαιρεῖν·
632 1932 684 1963 τὸν
710 1931 832 1972 πατέρα
849 1931 903 1962 καὶ
934 1931 1065 1968 ποιητὴν
1082 1933 1138 1962 τοῦ
1162 1931 1328 1968 Πλάτωνος

292 1982 345 2013 ἕνα
357 1982 411 2012 καὶ
428 1981 480 2013 τὸν
498 1979 592 2010 αὐτὸν
608 1978 791 2020 ἀμφοτέροις
805 1981 871 2014 τοῖς
886 1977 1040 2018 ὀνόμασιν
1056 1978 1252 2019 ὑμνήσαντος
1270 1980 1328 2011 οὐκ

293 2028 390 2069 ὀρθόν.
419 2028 485 2059 Μία
504 2027 561 2067 γὰρ
579 2028 597 2064 ἡ
622 2025 689 2057 θεία
708 2025 896 2065 δημιουργία
924 2026 976 2056 καὶ
1001 2025 1044 2061 εἷς
1072 2027 1088 2057 6
1117 2028 1249 2064 ποιητὴς
1272 2029 1328 2059 καὶ

293 2076 393 2115 πατὴρ
413 2077 575 2114 πανταχοῦ
591 2074 638 2114 τῷ
656 2072 801 2104 Πλάτωνι
819 2072 1048 2113 παραδέδοται,
1070 2072 1124 2103 καὶ
1137 2073 1327 2105 τὸ·διασπᾶν

292 2124 345 2161 τὴν
363 2122 435 2163 μίαν
457 2121 558 2153 αἰτίαν
576 2125 642 2157 τοῖς
662 2119 812 2160 ὀνόμασιν
831 2119 1022 2160 ἐφεπόμενον
1046 2120 1155 2160 ὅμοιον
1176 2121 1282 2162 ὥσπερ
1300 2122 1328 2154 εἷ

294 2181 337 2206 τις
356 2163 411 2201 τοῦ
437 2168 601 2204 Πλάτωνος
619 2168 654 2199 τὸ
671 2170 732 2198 πᾶν
750 2167 879 2208 οὐρανὸν
900 2168 953 2198 καὶ
972 2167 1092 2206 κόσμον
1115 2168 1324 2207 ἐπονομάζον-

296 2229 344 2253 τος
362 2217 416 2248 δύο
440 2217 479 2248 τὰ
496 2216 756 2257 δημιουργήματα
776 2215 877 2254 ἔλεγε,
891 2214 943 2246 τὸν
970 2215 1024 2255 μὲν
1042 2214 1172 2256 οὐρανόν
1186 2239 1194 2255 ,
1217 2215 1269 2247 τὸν
1292 2216 1324 2248 δὲ

291 2264 429 2304 κόσμον,
441 2262 580 2303 καθάπερ
598 2263 730 2294 ἐνταῦθα
744 2261 844 2293 διττόν
855 2287 862 2300 ,
878 2261 953 2301 φησί
966 2286 973 2300 ,
987 2262 1023 2293 τὸ
1039 2262 1277 2303 δημιουργικόν,
1294 2263 1328 2295 τὸ

293 2312 347 2352 μὲν
360 2312 472 2350 πατήρ,
489 2311 525 2342 τὸ
542 2311 574 2342 δὲ
589 2311 731 2348 ποιητής.
747 2309 1001 2351 Ἁρποκρατίωνα
1012 2310 1044 2341 δὲ
1061 2309 1255 2350 θαυμάσαιμ’
1272 2309 1309 2342 ἄν
1318 2334 1327 2349 ,

293 2359 319 2389 εἰ
337 2359 389 2389 καὶ
404 2358 497 2394 αὐτὸς
516 2358 618 2397 ἑαυτῷ
634 2368 669 2397 γε
683 2357 809 2399 ἀρέσκοι
824 2360 953 2389 τοιαῦτα
967 2358 1036 2397 περὶ
1050 2361 1105 2389 τοῦ
1137 2357 1328 2399 δημιουργοῦ

293 2404 676 2445 διαταττόμενος.”Επεται
690 2404 748 2444 γὰρ
761 2404 842 2445 τῷδε
852 2404 897 2445 τῷ
913 2403 998 2444 ἀνδρὶ
1007 2404 1089 2435 κατὰ
1098 2404 1153 2441 τὴν
1168 2407 1228 2435 τῶν
1236 2407 1328 2445 τριῶν

294 2453 368 2484 θεῶν
378 2451 555 2493 παράδοσιν
576 2452 627 2482 καὶ
657 2451 790 2483 καθόσον
809 2452 909 2483 διττὸν
936 2454 1023 2483 ποιεῖ
1047 2451 1101 2483 τὸν
1119 2452 1306 2493 δημιουργόν
1319 2477 1326 2491 ,

294 2499 445 2530 ἀποκαλεῖ
459 2498 491 2529 δὲ
502 2498 553 2529 τὸν
561 2501 683 2539 πρῶτον
697 2499 764 2529 θεὸν
782 2498 921 2539 Οὐρανὸν
935 2499 988 2530 καὶ
1004 2498 1132 2539 Κρόνον,
1156 2500 1209 2531 τὸν
1218 2499 1250 2531 δὲ
1264 2500 1329 2532 δεύ-

293 2557 378 2587 τερον
388 2545 446 2576 Δία
462 2547 514 2577 καὶ
530 2548 626 2586 Ζῆνα,
641 2546 692 2577 τὸν
708 2546 741 2577 δὲ
754 2545 856 2587 τρίτον
871 2546 1000 2587 οὐρανὸν
1015 2547 1068 2578 καὶ
1083 2546 1215 2585 κόσμον.
1228 2547 1328 2579 Πάλιν

292 2594 324 2625 δὲ
341 2592 380 2624 αὗ
400 2594 581 2631 μεταὸαλὼν
597 2594 648 2625 τὸν
662 2596 785 2634 πρῶτον
803 2593 862 2624 Δία
882 2594 1106 2635 προσαγορεύει
1118 2594 1171 2625 καὶ
1195 2595 1328 2634 βασιλέα

292 2642 346 2671 τοῦ
366 2642 500 2678 νοητοῦ,
517 2640 569 2671 τὸν
598 2640 629 2671 δὲ
657 2640 799 2682 δεύτερον
820 2641 957 2682 ἄρχοντα
971 2666 978 2680 ,
997 2642 1050 2673 καὶ
1081 2643 1098 2673 ὁ
1125 2641 1218 2678 αὐτὸς
1239 2642 1325 2682 αὐτῷ

293 2685 428 2724 γίγνεται
442 2686 533 2724 Ζεύς,
554 2685 687 2726 Κρόνος,
706 2687 855 2728 Οὐρανός.
875 2688 986 2720 Πάντα
999 2691 1075 2728 γοῦν
1091 2688 1192 2720 ταῦτά
1207 2689 1272 2720 ἐστι
1293 2689 1327 2720 τὸ

294 2735 431 2771 πρῶτον,
460 2732 497 2763 οὗ·
520 2733 621 2764 πάντα
648 2734 664 2764 ὁ
693 2734 886 2774 Παρμενίδης
917 2734 1041 2776 ἀφεῖλε,
1068 2738 1130 2767 πᾶν
1155 2735 1256 2777 ὄνομα
1274 2737 1327 2767 καὶ

291 2779 392 2810 πάντα
408 2778 498 2818 λόγον
513 2781 566 2810 καὶ
589 2782 694 2810 πᾶσαν
716 2781 838 2819 σχέσιν.
858 2782 918 2812 Καὶ
940 2784 1027 2821 ἡμεῖς
1042 2782 1097 2822 μὲν
1124 2782 1194 2815 οὐδὲ
1210 2783 1328 2823 πατέρα

292 2830 345 2859 τόν
366 2829 491 2866 πρῶτον
511 2826 709 2867 ἠνεσχόμεθα
734 2827 859 2867 καλεῖν,
882 2829 899 2859 6
917 2828 949 2859 δὲ
967 2829 1002 2860 τὸ
1030 2829 1106 2861 αὐτὸ
1130 2831 1184 2862 καὶ
1209 2831 1328 2871 πατέρα

296 2873 348 2903 καὶ
367 2873 493 2914 ἔγγονον
512 2875 564 2905 καὶ
591 2873 745 2913 ἀπόγονον
769 2874 934 2915 ἀπέφηνεν.
951 2876 1086 2912 Ἀττικὸς
1101 2877 1133 2908 δέ
1146 2902 1153 2916 ,
1169 2879 1186 2909 6
1214 2877 1326 2909 τούτου

292 2921 475 2958 διδάσκαλος
489 2947 496 2960 ,
516 2921 644 2952 αὐτόθεν
661 2921 712 2952 τὸν
729 2921 917 2962 δημιουργὸν
933 2923 976 2958 εἰς
990 2924 1104 2956 ταύτὸν
1116 2924 1185 2964 ἄγει
1198 2925 1327 2966 τάγαθῷ

292 2968 358 2999 κτλ.
377 2985 418 2991 -
438 2968 502 3008 (12)
526 2967 725 3008 Porphyrius
742 2967 776 2999 in
794 2967 862 3000 vita
880 2968 1000 3000 Plotini
1015 2978 1086 3010 cap.
1106 2973 1142 3002 14
1162 2972 1193 3003 ἐν
1211 2972 1243 3003 δὲ
1261 2976 1326 3008 ταῖς

293 3014 472 3051 συνουσίαις
499 3015 726 3055 ἀνεγινώσκετο
753 3015 807 3055 μὲν
834 3015 921 3055 αὐτῷ
950 3015 990 3046 τὰ
1013 3017 1242 3057 ὑπομνήματα,
1267 3018 1327 3050 εἴτε

292 3063 429 3103 Σεὸήρου
447 3062 495 3099 εἴη
507 3086 514 3100 ,
536 3061 600 3093 εἴτε
625 3061 773 3102 Κρονίου,
791 3063 810 3100 ἢ
830 3062 1009 3101 Νουμηνίου
1023 3087 1030 3101 ,
1047 3063 1066 3101 ἢ
1086 3063 1201 3104 Γαΐου,
1218 3066 1237 3103 ἢ
1259 3068 1326 3097 Ἀτ-

290 3112 400 3142 τικοῦ·
419 3109 477 3141 κάν
504 3112 567 3144 τοῖς
588 3110 845 3149 Περιπατητικοῖς
864 3109 904 3140 τά
922 3119 954 3139 τε
971 3109 1140 3141 Ἀσπασίου
1166 3112 1218 3142 καὶ
1241 3111 1326 3144 ’Λλε-

290 3157 437 3198 ξάνδρου,
451 3155 620 3198 Ἀδράστου
637 3167 669 3186 τε
689 3156 742 3186 καὶ
760 3159 821 3186 τῶν
846 3156 1062 3197 ἐμπεσόντων.
1082 3175 1123 3180 -
1147 3158 1236 3190 Idem
1254 3158 1276 3191 l.
1295 3168 1323 3192 c.

289 3213 361 3246 cap.
379 3206 415 3236 17
431 3206 492 3235 τῶν
507 3203 540 3235 δὲ
557 3203 618 3234 ἀπὸ
632 3207 684 3241 τῆς
699 3203 846 3239 Ἑλλάδ·ος
861 3204 899 3235 τὰ
922 3204 1101 3243 Νουμηνίου
1127 3205 1219 3237 αὐτὸν
1240 3208 1323 3239 ὑπο--

293 3251 460 3282 ὃάλλεσθαι
481 3249 635 3288 λεγόντων
648 3273 656 3287 ‚
676 3250 728 3280 καὶ
753 3252 846 3280 τοῦτο
863 3250 940 3289 πρὸς
967 3248 996 3280 Ἀ
1004 3250 1107 3288 μέλιον
1126 3252 1324 3292 ἀγγέλλοντος

294 3299 461 3339 Τρύφωνος
487 3301 541 3328 τοῦ
574 3298 713 3329 Στωϊκοῦ
746 3308 778 3327 τε
810 3297 863 3327 καὶ
887 3298 1107 3336 Πλατωνικοῦ,
1134 3299 1281 3339 γέγραφεν
1308 3302 1324 3332 ό

293 3345 430 3383 Ἀμέλιος
446 3343 581 3384 βιὸλίον,
596 3344 613 3375 ὃ
634 3343 853 3384 ἐπεγράψαμεν
871 3344 939 3382 περὶ
959 3346 1013 3380 τῆς
1027 3344 1107 3375 κατὰ
1126 3346 1165 3375 τὰ
1182 3345 1323 3386 δόγματα

293 3394 350 3423 τοῦ
366 3390 529 3423 Πλωτίνου
546 3391 619 3432 πρὸς
641 3392 693 3422 τὸν
712 3390 887 3430 Νουμήνιον
913 3391 1071 3432 διαφορᾶς.
1094 3393 1323 3433 Προσεφώνησε

290 3438 323 3469 δὲ
343 3438 418 3470 αὐτὸ
437 3438 561 3478 βασιλεῖ
585 3438 674 3478 ἐμοί’
693 3438 841 3479 βασιλεὺς
866 3438 899 3470 δὲ
923 3438 1063 3479 τοῦνομα
1081 3440 1126 3480 τῷ
1156 3441 1322 3482 Πορφυρίῳ

291 3485 361 3525 ἐμοὶ
390 3488 526 3527 προσῆν,
552 3486 633 3518 κατὰ
658 3487 713 3526 μὲν
731 3487 859 3528 πάτριον
882 3486 1040 3518 διάλεκτον
1063 3487 1186 3527 Μάλχῳ
1205 3488 1320 3526 κεκλη-

904 248 967 286 DE
999 220 1219 295 sn'vuno‘,
1250 246 1429 287 ΑτΤιοο
1459 248 1526 287 ΕΤ
1555 245 1801 288 NUMENIO.

1381 335 1534 383 bemus,
1556 335 1658 373 huuc
1676 335 1803 386 ipsum
1819 333 1988 371 secundo
2003 342 2090 385 post
2105 333 2197 373 Chr.
2216 347 2254 374 n.
2274 333 2416 387 saeculp
2439 324 2442 325 ⁷
2479 325 2484 343 ³
2522 347 2528 357 ‘

1383 394 1557 439 floruisse
1581 393 1816 445 conjicimus.
1838 393 1980 438 Quanti
2005 401 2130 431 autem
2161 393 2319 432 fecerint
2337 389 2417 439 Να-

1383 453 1498 492 menii
1532 453 1676 504 scripta
1708 451 1886 489 homines
1924 450 2215 491 Platonicorum
2245 453 2417 506 discipli-

1384 525 1472 550 nam
1492 512 1680 559 colentes,
1708 510 1800 548 hinc
1825 510 2037 548 existimari
2059 509 2172 558 licet,
2198 512 2303 562 quod
2327 512 2421 558 Por-

1385 571 1545 622 phyrius
1566 570 1607 608 in
1638 570 1717 608 vita
1757 570 1899 607 Plotini
1935 569 2013 620 (ιο)
2040 581 2140 620 saepe
2167 570 2417 610 honorificam

1385 629 1432 667 de
1451 642 1496 668 eo
1526 629 1758 667 mentionem
1789 628 1892 668 facit.
1915 627 2119 666 Volumina
2137 627 2224 680 ejus
2249 627 2422 671 fereban-

1385 696 1450 726 tur
1465 687 1576 739 ἔποψ,
1604 687 1684 740 περὶ
1709 688 1880 740 ἀριθμῶν,
1895 686 1975 739 περὶ
1997 686 2127 733 τόπου,
2149 685 2232 739 περὶ
2256 689 2316 726 τοῦ
2339 687 2424 739 ἁγα-

1387 799 1487 840 μένῳ,
1506 799 1582 841 ὅπερ
1598 810 1649 840 μοι
1672 800 1723 830 καὶ
1741 800 1758 830 ὁ
1775 799 1844 840 περὶ
1862 798 1947 840 (leg.
1967 810 2021 830 κα.
2038 797 2159 839 πάλαι)
2177 799 2194 830 ό
2210 797 2312 840 πατὴρ
2324 796 2425 840 ὄνομα

1384 846 1537 886 κέκλητο,
1568 849 1624 878 τοῦ
1655 846 1789 887 Μάλχου
1812 846 1979 888 ἑρμηνείαν
2008 846 2135 891 ἔχοντος
2154 843 2363 887 βασιλεύς,εῐ
2378 854 2425 881 τις

1385 894 1427 930 εἰς
1448 893 1559 926 ἑλλάδα
1574 894 1734 926 διάλεκτον
1753 894 1954 934 μεταὸάλλειν
1982 893 2094 925 ἐθέλοι.
2112 892 2208 924 ’Όθεν
2229 892 2249 924 ὁ
2270 893 2425 934 Λογγῖνος

1386 942 1442 983 μὲν
1465 945 1660 984 προσφωνῶν
1683 941 1722 973 τὰ
1747 941 1817 982 περὶ
1843 942 1940 983 ὁρμῆς
1965 939 2141 981 Κλεοδάμῳ
2163 950 2197 972 τε
2215 939 2312 980 κάμοὶ
2337 940 2426 981 ῐῙορ·

1384 988 1501 1030 φυρίῳ,
1526 989 1685 1029 Κλεόδαμέ
1701 987 1744 1028 Ιτε
1762 988 1817 1019 καὶ
1838 988 1970 1029 Μάλχε,
1987 986 2200 1029 προῦγραψεν.
2226 986 2266 1018 Ὁ
2286 983 2314 1016 δ’
2333 983 2424 1026 Ἀμέ-

1384 1036 1450 1073 λιος
1472 1035 1662 1076 ἑρμηνεύσας
1681 1035 1837 1076 τοῦνομα,
1855 1037 1896 1072 ὡς
1912 1036 1930 1067 6
1949 1034 2124 1076 Νουμήνιος
2143 1034 2198 1066 τὸν
2220 1033 2365 1075 Μάξιμον
2381 1032 2425 1068 ιῖς

1386 1082 1441 1114 τὸν
1468 1081 1630 1123 Μεγάλον,
1661 1083 1761 1118 οὕτως
1782 1082 1834 1114 τὸν
1864 1083 1997 1122 Μάλχον
2021 1080 2111 1117 οὗτος
2133 1082 2177 1119 εἰς
2196 1081 2252 1114 τὸν
2284 1079 2426 1113 Βασιλέα

1385 1128 1515 1169 γράφει·
1532 1128 1667 1169 Ἁμέλιος
1694 1130 1823 1160 Βασιλεῖ
1839 1128 1873 1160 εὖ
1887 1129 2036 1170 πράττειν
2071 1129 2177 1161 Αὐτῶν
2191 1127 2247 1169 μὲν
2260 1126 2354 1160 ίνεκα
2363 1129 2426 1159 τῶν

1386 1176 1595 1217 πανευφήμων
1616 1175 1753 1217 ἀνδρῶν,
1772 1176 1826 1213 οὓς
1844 1176 2136 1217 διατεθρυλληκέναι
2159 1176 2190 1212 ἐς
2210 1175 2324 1208 ἑαυτὸν
2342 1172 2400 1216 φής
2414 1198 2424 1215 ,

1389 1224 1427 1255 τὰ
1444 1226 1499 1255 τοῦ
1522 1223 1644 1264 ἑταίρου
1669 1224 1760 1263 ἡμῶν
1778 1223 1921 1264 δόγματα
1937 1223 1981 1259 εἰς
2000 1223 2054 1255 τὸν
2077 1221 2223 1263 Ἀπαμέα
2244 1221 2426 1263 Νουμήνιον

1385 1270 1563 1308 ἀναγόντων
1578 1270 1636 1301 οὐκ
1654 1270 1692 1301 ἂν
1706 1270 1894 1311 προηκάμην
1918 1270 2022 1310 φωνὴν
2038 1272 2146 1308 σαφῶς
2167 1267 2337 1302 ἐπίστασο.
2361 1269 2426 1306 Δῆ-

1386 1318 1438 1349 λον
1457 1317 1517 1358 γὰρ
1537 1317 1583 1348 ὅτι
1602 1317 1656 1348 καὶ
1673 1319 1768 1348 τοῦτο
1787 1317 1824 1349 ἐκ
1835 1320 1889 1354 τῆς
1902 1316 1976 1359 παρ’
1989 1316 2096 1353 αὐτοῖς
2110 1316 2323 1357 ἀγαλλομένης
2338 1325 2428 1357 προε-

1386 1364 1515 1402 λήλυθεν
1535 1362 1704 1404 εὐστομίας
1720 1375 1754 1396 τε
1770 1365 1826 1396 καὶ
1853 1364 2041 1404 εὐγλωττίας
2054 1386 2064 1403 ,
2087 1366 2144 1395 νῦν
2164 1363 2219 1404 μὲν
2241 1363 2289 1395 ὅτι
2309 1362 2426 1400 πλατὺς

1390 1411 1561 1452 φλήναφος,
1576 1410 1661 1447 αὖθις
1680 1411 1730 1451 δέ,
1757 1411 1806 1443 ὅτι
1820 1411 2044 1453 ὑποὸολιμαῖος
2054 1436 2062 1451 ,
2078 1411 2115 1444 ἐκ
2129 1410 2242 1454 τρίτων
2255 1410 2289 1443 δὲ
2300 1409 2356 1447 γὅτι
2368 1411 2424 1443 καὶ

1386 1459 1425 1490 τὰ
1455 1457 1636 1498 φαυλότατα
1652 1461 1715 1489 τῶν
1746 1458 1844 1490 ὄντων
1862 1458 2114 1499 ῦποὸαλλόμενος
2138 1461 2184 1500 τῷ
2206 1456 2425 1491 διασιλλαίνειν

1389 1506 1481 1538 αὐτὸν
1501 1506 1618 1544 δηλαδὴ
1643 1505 1715 1537 κατ’
1743 1505 1840 1537 αὐτοῦ
1862 1505 2028 1546 λεγόντων.
2057 1507 2118 1537 Σοῦ
2145 1505 2179 1538 δὲ
2207 1508 2246 1547 τῇ
2271 1503 2428 1548 προφάσει

1386 1554 1486 1595 ταύτῃ
1506 1553 1652 1594 οἰομένου
1670 1553 1732 1585 δεῖν
1755 1552 1957 1594 ἀποχρῆσθαι
1971 1553 2047 1594 πρὸς
2063 1547 2108 1584 το
2123 1553 2178 1584 καὶ
2196 1553 2237 1584 τὰ
2257 1553 2338 1594 ἡμῖν
2353 1550 2427 1592 ἀρέ-

1387 1611 1507 1634 σκοντα
1526 1600 1609 1641 ἔχειν
1629 1600 1853 1641 προχειρότερα
1877 1600 1919 1636 εἰς
1937 1599 2133 1641 ἀνάμνησιν,
2158 1600 2214 1632 καὶ
2229 1599 2266 1632 τὸ
2287 1596 2340 1632 ἐπ’
2353 1597 2426 1631 ὀνό-

1389 1660 1463 1690 ματι
1482 1647 1607 1688 ἑταίρου
1624 1647 1751 1688 ἀνδρός,
1774 1647 1827 1678 οἶα
1848 1649 1901 1680 τοῦ
1919 1645 2086 1679 Πλωτίνου
2096 1669 2107 1685 ,
2132 1644 2271 1687 μεγάλου
2284 1669 2294 1685 .
2318 1645 2347 1678 εὶ
2372 1645 2428 1677 καὶ

1390 1696 1488 1728 πάλαι
1526 1694 1774 1735 διαὸεὸοημένα,
1808 1694 2067 1736 ὁλοσχερέστερον
2101 1696 2241 1735 γνῶναι,
2260 1691 2428 1731 ὑπήκουσα
2456 1735 2459 1738 y

1386 1744 1441 1776 καὶ
1472 1741 1524 1774 οὖν
1548 1743 1618 1780 ἥκω
1655 1741 1823 1778 ἀποδιδούς
1849 1752 1901 1773 σοι
1924 1741 1964 1772 τὰ
1995 1740 2232 1782 ἐπηγγελμένα,
2261 1740 2294 1772 ἐν
2325 1739 2427 1784 τρισὶν

1386 1790 1513 1831 ἡμέραις
1525 1814 1533 1828 ,
1551 1791 1593 1827 ὡς
1609 1790 1663 1828 καὶ
1687 1789 1779 1825 αὐτὸς
1797 1789 1891 1821 οἶσθα
1909 1789 2119 1829 πεπονημένα.
2138 1787 2207 1829 Χρὴ
2219 1787 2255 1819 δὲ
2269 1785 2350 1820 αὑτά
2360 1811 2370 1826 .
2385 1787 2428 1823 ὡς

1387 1839 1424 1870 ἂν
1446 1837 1488 1878 μὴ
1510 1837 1546 1869 ἐκ
1567 1840 1622 1873 τῆς
1636 1839 1697 1868 τῶν
1712 1835 1942 1876 συνταγμάτων
1958 1836 2086 1868 ἐκείνων
2104 1832 2312 1877 παραθέσεως
2323 1858 2333 1875 ,
2357 1833 2426 1868 οὔτ’

1389 1885 1444 1918 οὖν
1458 1884 1692 1926 συντεταγμένα
1704 1907 1712 1921 ,
1728 1883 1793 1916 οὔτ’
1810 1883 2024 1925 ἐξειλεγμένοι,
2045 1881 2111 1915 ἀλλ’
2131 1881 2196 1915 ἀπὸ
2214 1885 2269 1921 τῆς
2290 1882 2426 1919 παλαιᾶς

1388 1933 1552 1969 ἐντεύξεως
1574 1931 1860 1970 ἀναπεπολημένα,
1879 1931 1934 1963 καὶ
1963 1931 2006 1967 ὡς
2031 1931 2143 1972 πρῶτα
2158 1929 2334 1972 προῦπεσον
2350 1929 2426 1962 ἔκει-

1386 1990 1464 2020 στα,
1485 1979 1569 2011 οὕτω
1588 1978 1741 2020 ταχθέντα
1755 1978 1887 2009 ἐνταῦθα
1900 2002 1908 2017 ,
1922 1979 1978 2008 νῦν
1996 1976 2190 2017 συγγνώμης
2206 1975 2330 2023 δικαίας
2350 1976 2430 2023 ταρὰ

1387 2029 1446 2059 σοῦ
1477 2029 1582 2067 τυχεῖν
1595 2050 1603 2066 ,
1639 2026 1740 2061 ἄλλως
1766 2035 1800 2056 τε
1817 2025 1871 2057 καὶ
1899 2027 1956 2056 τοῦ
1983 2023 2180 2065 βουλήματος
2207 2021 2263 2056 τοῦ
2289 2024 2351 2057 ὑπὸ
2374 2035 2430 2063 την

1386 2074 1461 2115 πρὸς
1480 2075 1562 2114 ἡμᾶς
1578 2072 1746 2113 ὁμολογίαν
1760 2071 1961 2113 ὑπαγομένου
1974 2070 2050 2112 πρός
2061 2081 2154 2103 τινων
2169 2070 2277 2113 ἀνδρὸς
2291 2070 2330 2104 οὗ
2346 2071 2430 2114 μάλα

1387 2120 1551 2161 προχείρου
1571 2118 1859 2161 ἐλεῖν“ὑπάρχοντος
1871 2142 1880 2159 ,
1894 2118 1947 2151 διὰ
1963 2118 2020 2157 τὴν
2037 2118 2148 2150 ἄλλοτε
2164 2117 2267 2156 ἄλλως
2280 2119 2350 2161 περὶ
2367 2122 2432 2152 τῶν

1388 2169 1489 2200 αὐτῶν
1504 2169 1545 2204 ὡς
1566 2167 1602 2198 ἂν
1622 2167 1718 2204 δόξειε
1740 2167 1847 2208 φοράν.
1876 2167 1950 2199 ’Ότι
1968 2166 2001 2199 δὲ
2020 2166 2047 2198 εί
2076 2177 2105 2198 τι
2130 2168 2193 2198 τῶν
2217 2166 2283 2199 ἀπὸ
2306 2170 2363 2207 τῆς
2380 2168 2430 2200 οἰ-

1387 2215 1474 2251 κείας
1495 2214 1599 2250 ἑστίας
1617 2215 1896 2256 παραχαράττοιτο
1910 2240 1918 2254 ,
1943 2214 2099 2262 διορθώσῃ
2119 2214 2276 2255 εὐμενῶς,
2298 2214 2333 2248 εὖ
2345 2215 2428 2249 οἶδα.

1387 2261 1610 2304 Ἠνάγκασμαι
1630 2263 1661 2294 δ’
1686 2263 1729 2299 ὡς
1748 2261 1867 2302 ἔοικεν,
1894 2261 1939 2298 ὥς
1958 2260 2019 2293 πού
2039 2271 2130 2302 φησιν
2148 2262 2168 2299 ἡ
2190 2260 2370 2304 τραγῳδία,
2386 2262 2430 2294 ὢν

1387 2309 1626 2351 φιλοπράγμων,
1648 2312 1685 2350 τῇ
1712 2308 1775 2340 ἀπὸ
1797 2310 1858 2340 τῶν
1881 2310 1936 2340 τοῦ
1962 2307 2176 2348 καθηγεμόνος
2197 2309 2288 2349 ἡμῶν
2307 2307 2427 2350 δογμά·

1387 2367 1450 2388 των
1467 2356 1653 2394 διαστάσει,
1669 2354 1805 2387 εὐθύνειν
1821 2365 1855 2387 τε
1873 2356 1927 2387 καὶ
1946 2354 2184 2387 ἀποποιεῖσθαι.
2202 2355 2354 2401 Τοιοῦτον
2370 2354 2431 2396 ἄρα

1387 2402 1424 2443 ἦν
1446 2404 1483 2436 τὸ
1506 2404 1557 2435 σοὶ
1588 2402 1767 2444 χαρίζεσθαι
1787 2402 1818 2439 ἐξ
1838 2402 1976 2438 ἅπαντος
2003 2401 2181 2442 βούλεσθαι.
2205 2401 2364 2444 Ἐρῤωσο.
2389 2419 2430 2427 -

1387 2450 1478 2482 Idem
1494 2449 1515 2482 l.
1538 2458 1567 2483 c.
1588 2458 1658 2490 cap.
1689 2453 1742 2482 20.
1758 2448 1829 2480 Ἔτι
1846 2449 1879 2481 δὲ
1911 2451 1969 2481 τοῦ
1986 2448 2166 2489 Λογγίνου,
2186 2449 2208 2481 ἃ
2226 2449 2258 2482 ἐν
2280 2451 2328 2491 τῷ
2349 2459 2428 2490 σογ-

1386 2498 1547 2540 γράμματι
1569 2498 1701 2539 γέγραφε
1716 2497 1784 2538 περὶ
1814 2495 1980 2529 Πλωτίνου
1991 2507 2040 2533 ,τε
2063 2497 2116 2528 καὶ
2132 2495 2271 2537 Ἀμελίου
2286 2497 2340 2529 καὶ
2365 2500 2429 2530 τῶν

1386 2545 1455 2577 καθ’
1473 2545 1583 2577 ἑαυτὸν
1599 2544 1773 2585 γεγονότων
1801 2543 1977 2585 φιλοσόφων
1990 2568 1998 2583 ,
2027 2543 2200 2584 ἀναγκαῖον
2221 2545 2426 2586 παραθεῖναι,

1385 2593 1437 2625 ἵνα
1452 2593 1506 2624 καὶ
1526 2592 1641 2631 πλήρης
1665 2592 1791 2631 γένηται
1809 2593 1829 2630 ἡ
1845 2591 1914 2632 περὶ
1926 2590 2030 2622 αὐτῶν
2045 2591 2144 2631 κρίσις
2161 2615 2171 2631 ,
2186 2591 2238 2624 οἶα
2251 2591 2360 2632 γέγονε
2371 2597 2428 2626 τοῦ

1385 2639 1638 2681 ἐλλογιμωτάτου
1656 2639 1763 2680 ἀνδρὸς
1783 2640 1836 2671 καὶ
1856 2639 2137 2678 ἑλεγκτικωτάτου.
2158 2639 2381 2683 Ἐπιγράφεται
2394 2643 2427 2676 δὲ

1385 2688 1421 2719 τὸ
1441 2687 1558 2728 βιὸλίον
1577 2686 1735 2726 Λογγίνου
1756 2687 1832 2727 πρὸς
1849 2687 2012 2719 Πλωτῖνον
2037 2688 2092 2718 καὶ
2115 2687 2310 2720 Γεντιλιανὸν
2332 2688 2424 2732 Ἀμέ-

1385 2735 1451 2766 λιον
1468 2734 1537 2775 περὶ
1557 2734 1674 2770 τέλους.
1694 2733 1782 2775 Ἔχει
1810 2733 1842 2765 δὲ
1869 2732 1991 2765 τοιόνδε
2006 2732 2182 2775 προοίμιον.
2203 2733 2336 2767 Πολλῶν
2357 2736 2428 2768 καθ’

1387 2783 1491 2821 ἡμᾶς,
1512 2781 1538 2813 ὦ
1559 2780 1737 2822 Μάρκελλε,
1764 2781 1978 2821 γεγενημένων
2005 2779 2201 2822 φιλοσόφων,
2231 2780 2291 2822 οὐχ
2309 2782 2427 2820 Ιἥκιστα

1385 2829 1469 2870 παρὰ
1489 2828 1562 2865 τοὺς
1580 2828 1724 2869 πρώτους
1752 2831 1806 2866 τῆς
1823 2827 1946 2866 ἡλικίας
1962 2829 2052 2868 ἡμῶν
2078 2827 2212 2871 χρόνους
2225 2828 2266 2869 (ὁ
2290 2829 2345 2871 μὲν
2366 2830 2426 2872 γὰρ

1383 2878 1437 2908 νῦν
1454 2875 1558 2917 καιρὸς
1572 2875 1637 2907 οὐδ’
1654 2876 1751 2907 εἰπεῖν
1780 2875 1883 2915 ἔστιν,
1899 2875 1979 2912 ὅσην
1995 2874 2107 2907 σπάνιν
2123 2875 2242 2917 ἔσχηκε
2257 2880 2314 2910 τοῦ
2323 2876 2424 2919 πράγ-

1385 2922 1504 2964 ματος)
1524 2922 1570 2955 ἔτι
1599 2922 1631 2955 δὲ
1658 2922 1825 2963 μειρακίων
1845 2922 1942 2954 ὄντων
1962 2924 2073 2963 ἡμῶν,
2097 2923 2155 2955 οὐκ
2179 2923 2279 2964 ὀλίγοι
2307 2927 2372 2957 τῶν
2392 2924 2424 2958 έν

1384 2970 1551 3014 φιλοσοφίᾳ
1581 2970 1682 3010 λόγων
1709 2970 1927 3012 προέστησαν,
1957 2969 2013 3006 οὓς
2040 2969 2180 3007 ἅπαντας
2211 2971 2265 3012 μὲν
2292 2972 2424 3014 ὑπῆρξεν

1384 3019 1458 3050 ἰδεῖν
1476 3020 1549 3059 ἡμῖν
1569 3017 1621 3050 διὰ
1638 3018 1693 3055 τὴν
1713 3018 1747 3050 ἐκ
1766 3016 1886 3049 παίδων
1907 3017 1958 3049 ἐπὶ
1978 3017 2112 3054 πολλοὺς
2133 3018 2250 3055 τόπους
2274 3018 2341 3060 ἅμα
2355 3023 2423 3057 τοῖς

1384 3067 1527 3105 γονεῦσιν
1547 3064 1713 3104 ἐπιδημίαν
1724 3087 1734 3104 ,
1752 3063 1956 3104 συγγενέσθαι
1976 3063 2010 3095 δὲ
2028 3063 2134 3096 αὐτῶν
2154 3066 2219 3100 τοῖς
2232 3064 2422 3099 ἐπιθιώσασι

1385 3111 1467 3144 κατὰ
1488 3111 1583 3144 ταύτὸ
1600 3114 1729 3153 συχνοῖς
1746 3109 1845 3142 ἔθνεσι
1862 3111 1915 3142 καὶ
1932 3109 2062 3142 πόλεσιν
2075 3110 2286 3151 ἐπιμίξαντας.
2309 3112 2350 3143 Οἱ
2367 3111 2422 3153 μὲν

1383 3160 1436 3191 καὶ
1457 3159 1508 3190 διὰ
1537 3162 1652 3200 γραφῆς
1683 3158 1887 3200 ἐπεχείρησαν
1916 3157 1957 3189 τὰ
1981 3158 2136 3189 δοκοῦντά
2156 3168 2244 3198 σφισι
2271 3169 2418 3201 πραγμα-

1368 3206 1546 3247 ’τεύεσθαι,
1562 3204 1786 3240 καταλιπόντες
1804 3208 1869 3240 τοῖς
1887 3203 2132 3245 ἐπιγιγνομένοις
2151 3207 2205 3242 τῆς
2226 3204 2299 3246 παρ’
2314 3205 2420 3238 αῦτῶν

1383 3252 1530 3294 ὠφελείας
1557 3254 1747 3293 μετασχεῖν·
1770 3252 1800 3282 οἱ
1818 3250 1847 3282 δ’
1866 3251 2007 3291 ἀποχρῆν
2027 3261 2134 3292 σφισιν
2150 3251 2310 3291 ἡγήσαντο
2322 3274 2334 3292 ,
2347 3253 2418 3290 τοὺς

1383 3300 1532 3335 συνόντας
1548 3298 1743 3339 προὸιὸάζειν
1756 3299 1798 3334 εἰς
1814 3298 1870 3335 τήν
1886 3301 1949 3329 τῶν
1968 3297 2166 3339 ἀρεσκόντων
2186 3299 2309 3336 ἑαυτοῖς
2323 3300 2420 3331 κατά-

1381 3348 1484 3388 ληψιν.
1508 3346 1570 3378 Ὧν
1587 3349 1644 3378 τοῦ
1665 3346 1719 3386 μὲν
1738 3346 1889 3387 προτέρου
1912 3345 2059 3387 γεγόνασι
2080 3346 2198 3388 τρόπου
2216 3348 2414 3381 Πλατωνικοὶ

1382 3394 1436 3434 μὲν
1457 3394 1624 3431 Εὐκλείδης
1644 3393 1696 3425 καὶ
1723 3392 1917 3434 Δημόκριτος
1944 3394 1996 3425 καὶ
2025 3394 2214 3433 Προκλῖνος,
2230 3395 2248 3425 ὁ
2272 3395 2342 3436 περὶ
2361 3397 2416 3435 τὴν

1380 3441 1512 3481 Τρωάδα
1530 3440 1692 3482 διατρίψας
1704 3464 1712 3479 ,
1727 3439 1758 3472 οἶ
1773 3450 1808 3471 τε
1823 3439 1911 3481 μέχρι
1928 3442 1980 3471 νῦν
1996 3440 2026 3471 ἐν
2037 3442 2076 3480 τῇ
2092 3439 2201 3481 Ῥώμῃ
2214 3441 2414 3481 δημοσιεύον-
2463 3470 2465 3472 ,

1380 3498 1429 3524 τες
1458 3489 1620 3525 Πλωτϊνος
1650 3488 1705 3519 καὶ
1728 3487 1921 3524 Γεντιλιανὸς
1939 3487 2097 3528 Ἀμέλιος,
2124 3488 2142 3520 ὁ
2165 3489 2280 3520 τούτου
2300 3489 2412 3530 γνώρι’

2519 3558 2528 3579 ’ἐ
