2508 3776
276 190 356 230 304

1093 192 1370 237 ANDRONICI
1398 197 1577 240 RHODII

269 275 473 323 διατίθησιν.
493 273 599 314 Ἐστι
620 272 683 324 μὲν
702 267 761 312 οὖν
781 272 911 328 ἑκάστῃ
933 277 1000 316 τῶν
1018 278 1086 318 ὑπὸ
1106 279 1168 329 τὴν
1191 283 1296 337 ἀρχι-
1364 291 1449 326 alius
1467 305 1475 326 ι
1502 301 1615 326 omnes
1644 291 1786 336 denique
1811 302 1888 337 quoe
1915 296 1978 330 suh
1996 296 2234 340 imperatorum
2260 300 2395 335 „im

269 333 469 381 τεκτονικὴν
494 333 611 381 τέλος,
637 332 796 386 καθάπερ
827 336 1116 392 χαλινοποιητικῇ
1137 342 1299 393 χαλινός,

266 393 326 433 καὶ
348 394 478 443 ἱππικῇ
507 390 666 429 ἱππεύειν
679 421 690 442 ,
708 391 768 430 καὶ
789 393 865 438 ταῖς
885 394 1007 440 ἄλλαις
1029 397 1115 437 ἄλλο
1133 414 1180 439 τι.
1197 399 1301 441 Ἔστι

264 451 299 490 δὲ
325 450 385 489 καὶ
411 452 454 502 τῇ
475 450 739 503 ἀρχιτεκτονικῇ
766 451 884 502 τέλος,
903 454 1061 509 καθάπερ
1085 461 1128 510 τῇ
1150 474 1300 511 στρατη-

262 511 344 562 γικῇ
372 509 394 554 ἡ
415 506 493 554 νίκη
510 521 518 531 ·
539 506 630 545 ἀλλὰ
645 507 684 546 τὸ
702 507 801 553 τέλος
828 513 891 558 τῆς
909 514 1192 565 ἀρχιτεκτονικῆς
1218 515 1299 568 βέλ-

261 583 332 607 τιον
344 598 355 617 ,
376 567 436 606 καὶ
457 565 705 619 προτιμότερον
720 566 737 591 ¹'
757 571 824 606 τῶν
846 568 963 609 ἄλλων
983 572 1103 611 τελῶν.
1123 573 1222 612 Διότι
1241 573 1301 613 καὶ

260 625 305 665 τὰ
323 628 392 665 τῶν
414 626 529 665 ἄλλων
546 623 630 672 τέλη
647 627 715 664 τῶν
738 627 797 665 ὕπ’
815 627 942 678 αὖτήν,
963 629 1021 668 διὰ
1039 630 1079 668 τὸ
1097 630 1227 680 ταύτης
1245 632 1302 671 τέ-

258 687 316 730 λος
350 687 524 733 ζητεῖται,
550 684 709 737 καθάπερ
729 685 879 738 εἴρηται.
908 688 954 726 Εἰ
981 687 1016 727 δὲ
1043 688 1103 728 καὶ
1127 690 1175 740 μὴ
1205 691 1301 744 πρά-

260 743 326 790 ξεις
360 738 426 784 εἶεν
446 744 490 783 τὰ
521 745 605 791 τέλη
635 747 703 783 τῶν
728 744 912 798 πράξεων,
939 747 1031 787 ἀλλὰ
1068 746 1175 802 ἔργα,
1203 751 1300 790 οὐδὲν

259 804 387 845 κωλύει
423 803 559 857 βέλτιον
580 797 668 842 εἶναι
688 803 749 843 καὶ
772 804 997 860 αἱρετώτερον
1017 807 1076 847 καὶ
1098 811 1212 849 αὐτῶν
1232 813 1300 850 τῶν

259 862 368 916 ἔργων
393 862 432 902 τὸ
458 865 519 910 τῆς
543 864 831 916 ἀρχιτεκτονικῆς
853 866 971 915 τέλος,
1008 868 1068 906 καὶ
1096 868 1218 922 πρᾶξις
1245 870 1297 909 ὄν.

257 922 402 975 ”Ωσπερ
431 923 746 974 χαλινοποιητικῆς
774 924 838 975 μὲν
869 923 984 974 τέλος,
1016 925 1131 980 ἔργον·
1159 928 1301 980 χαλινὸς

257 980 346 1034 γάρ·
368 983 603 1034 στρατηγικῆς
623 981 658 1019 δὲ
679 981 775 1026 τέλος
789 982 934 1034 πρᾶξις·
948 983 1030 1032 νίκη
1050 985 1133 1038 γάρ.
1155 986 1228 1026 Καὶ
1243 988 1300 1026 οὖ-

256 1040 313 1078 δὲν
343 1040 471 1079 κωλύει
491 1039 553 1088 τὴν
585 1040 685 1088 νίκην
708 1041 837 1094 βελτίω
859 1035 947 1081 εἶναι
977 1045 1036 1084 καὶ
1067 1046 1297 1099 αἱρετωτέραν

255 1103 316 1139 τοῦ
350 1103 515 1152 χαλινοῦ·
531 1099 571 1138 τὸ
598 1099 665 1152 γὰρ
685 1099 784 1153 ἔργον
806 1100 941 1153 βέλτιον
969 1105 1031 1150 τῆς
1053 1104 1234 1158 πράξεως,
1260 1107 1298 1145 οὖ

256 1158 392 1207 πάσης,
421 1158 512 1197 ἀλλὰ
553 1159 659 1209 μόνης
692 1159 843 1209 ἐκείνης,
872 1154 913 1207 ἧς
945 1161 1168 1214 ἀποτέλεσμά
1201 1166 1295 1215 ἐστι,

255 1217 343 1257 διότι
372 1217 469 1262 τέλος
489 1217 621 1267 ἐκείνης
641 1218 738 1258 ἐστί·
765 1218 805 1257 τὸ
833 1219 869 1257 δὲ
888 1219 984 1264 τέλος
1012 1221 1067 1259 ἀεὶ
1093 1222 1297 1275 τιμιώτερον

253 1281 314 1316 τοῦ
334 1276 418 1329 πρὸς
436 1276 521 1315 αὓτὸ
536 1275 770 1327 τεταγμένου.
790 1274 898 1316 Ἔστι
918 1277 953 1316 δὲ
972 1280 1116 1323 πολλαῖς
1133 1279 1168 1318 ἓν
1189 1281 1297 1332 τέλος,

253 1333 293 1373 τὸ
317 1338 385 1374 τῶν
408 1337 701 1387 ἀρχιτεκτονικῶν
716 1351 724 1360 ·
744 1334 817 1373 ἔστι
838 1334 874 1374 δὲ
896 1335 957 1374 καὶ
978 1336 1110 1382 πάσαις
1129 1341 1216 1389 ὁμοῦ
1235 1339 1298 1377 τέ-

252 1393 310 1437 λος
327 1392 363 1432 ἒν
382 1393 559 1446 ἔσχατον,
581 1393 625 1431 δι’
647 1392 665 1431 ὃ
685 1392 729 1431 τὰ
758 1395 826 1431 τῶν
846 1393 962 1433 ἄλλων
983 1394 1067 1442 τέλη
1090 1397 1295 1446 ζητοῦνται,

252 1454 314 1490 καὶ
335 1453 398 1490 οὒκ
419 1452 510 1490 ἔστιν
532 1456 547 1475 ⁰
569 1453 680 1490 ε’κεῖνο
705 1452 749 1489 δι’
771 1451 885 1503 ἄλλο,
908 1452 998 1491 ἀλλὰ
1015 1453 1099 1492 αὐτὸ
1121 1453 1163 1492 δι’
1177 1455 1294 1495 ἑαυτό.

304 1509 321 1524 ¹
342 1510 416 1550 Καὶ
437 1511 505 1563 γὰρ
527 1511 556 1550 εἷ
577 1510 626 1562 μὴ
647 1510 682 1548 ἕν
697 1526 730 1549 τι
751 1510 804 1559 εἴη
821 1511 968 1563 ἔσχατον
987 1511 1108 1564 τέλος,
1132 1513 1223 1554 ἀλλὰ
1243 1515 1297 1554 ἀεί

251 1586 285 1610 τι
306 1570 351 1608 δι’
367 1569 484 1622 ἕτερον
510 1568 702 1621 αἱρούμεθα
716 1600 727 1619 ,
749 1568 808 1607 καὶ
828 1570 937 1608 ἐκεῖνο
957 1571 1001 1608 δι’
1023 1570 1131 1619 ἄλλο,
1154 1571 1214 1611 καὶ
1242 1573 1296 1613 ἀεὶ

252 1629 287 1666 ἐν
315 1629 366 1682 τῷ
386 1628 534 1680 παρόντι
559 1627 645 1667 ἄλλο
678 1628 896 1679 ζητήσομεν,
923 1628 1087 1668 οὐδέποτε
1113 1630 1295 1676 ἐπιτευξό-

250 1690 339 1738 μεθα
353 1716 364 1736 ,
386 1681 425 1725 οὗ
446 1686 628 1740 ἐφιέμεθα·
647 1686 708 1726 καὶΙ
732 1686 822 1726 οὕτω
845 1687 1030 1738 συμὸαίνει
1053 1689 1209 1740 ματαίαν
1234 1690 1293 1730 καὶ

250 1746 352 1794 κενὴν
370 1746 432 1795 τὴν
454 1745 562 1798 ὄρεξιν
585 1740 697 1795 εἶναι,
717 1747 780 1784 οὖκ
798 1745 895 1791 ὄντος
918 1747 972 1800 ἐφ’
990 1741 1029 1786 οὗ
1048 1746 1216 1795 στήσεται
1236 1764 1295 1802 φε-

252 1805 395 1858 ρομένη.
417 1807 531 1845 Τοῦτο
551 1804 586 1843 δὲ
613 1804 742 1844 ἄτοπον
759 1819 768 1829 ·
784 1805 931 1857 οὐδεμία
950 1805 1018 1859 γὰρ
1036 1806 1164 1860 φυσικὴ
1183 1807 1296 1861 ἔφεσις

252 1865 380 1917 μάτην.
405 1864 555 1917 Ἀνάγκη
591 1863 704 1903 τοίνυν
737 1863 772 1902 ἕν
800 1880 834 1903 τι
871 1863 1018 1916 ἔσχατον
1052 1858 1140 1914 εἶναι
1176 1866 1284 1911 τέλος·

250 1928 352 1963 τοῦτο
372 1923 401 1962 δ’
428 1923 470 1963 ἂν
491 1922 544 1971 εἴη
568 1921 607 1960 τὸ
635 1923 762 1974 ἀγαθὸν
785 1922 844 1961 καὶ
865 1922 904 1961 τὸ
925 1921 1082 1974 ἄριστον.
1098 1921 1214 1963 Ὥστε
1233 1924 1294 1963 καὶ

249 1985 271 2029 ἡ
295 1984 417 2034 γνῶσις
435 1983 540 2020 αὐτοῦ
559 1981 695 2033 μεγάλη
715 1983 800 2032 ἡμῖν
820 1980 903 2032 πρὸς
922 1980 979 2019 τὸν
1000 1981 1072 2033 βίον
1093 1981 1192 2021 ἔσται
1212 1983 1294 2036 βοή-

251 2044 347 2080 θεια·
369 2040 592 2092 συμὸήσεται
610 2039 676 2093 γὰρ
698 2042 757 2078 τοῦ
778 2039 911 2083 δέοντος
932 2041 1065 2090 μᾶλλον
1094 2041 1288 2094 ἐπιτυγχά-

250 2116 341 2150 νειν,
358 2101 518 2154 καθάπερ
538 2099 693 2146 τοξόταις
715 2101 761 2144 εἷς
778 2099 837 2138 τὸν
857 2098 987 2138 σκοπὸν
1006 2099 1211 2151 βλέπουσιν.

304 2161 472 2212 (Scripsi
492 2175 501 2198 z
521 2164 536 2183 ⁸
560 2159 720 2214 ἐφίεται]
739 2173 788 2197 ex
805 2158 1033 2208 Ar1stotele3
1052 2159 1164 2198 codd.
1180 2157 1292 2212 ἐφίεν-

250 2229 318 2253 ται.
352 2236 403 2244 —-
433 2212 450 2236 b
493 2211 769 2266 προτιμότερον]
798 2212 884 2252 cod.
914 2211 1189 2264 προτιμώτερον.
1242 2232 1295 2242 -

250 2277 265 2296 ⁰
281 2271 398 2325 ἔστιν]
415 2271 498 2311 cod.
518 2270 630 2323 ἔστι).

685 2360 776 2411 Κεφ.
811 2357 858 2410 β’.

321 2438 399 2471 Ὅτι
417 2442 472 2478 τῆς
494 2437 662 2476 πολιτικῆς
683 2436 754 2468 ἐστι
779 2435 870 2472 τέλος
893 2435 931 2468 τὸ
954 2434 1097 2478 ἔσχατον
1115 2435 1217 2472 τέλος.

302 2514 337 2531 **
352 2515 396 2553 Εἷ
414 2513 449 2552 δὲ
460 2517 559 2552 τοῦτο
575 2512 682 2557 οὕτως
699 2511 786 2565 ἔχει,
801 2510 983 2564 πειρατέον
997 2509 1181 2564 ὁρίσασθαι
1196 2511 1242 2554 ὥς
1258 2510 1293 2549 ἐν

251 2574 349 2626 τύπῳ
362 2603 372 2622 ,
395 2572 429 2611 τί
448 2572 535 2612 ποτέ
554 2574 627 2611 ἐστι
643 2575 742 2611 τοῦτο
761 2571 800 2610 τὸ
816 2571 964 2624 ἔσχατον
981 2569 1077 2614 τέλος
1092 2598 1102 2617 ,
1124 2568 1184 2608 καὶ
1202 2569 1294 2614 τίνος

251 2632 325 2671 ἐστὶ
359 2633 540 2683 προσεχῶς
570 2633 638 2668 τῶν
676 2631 879 2679 ἐπιστημῶν
915 2628 976 2667 καὶ
1009 2631 1076 2667 τῶν
1113 2627 1289 2680 πράξεων.

249 2687 358 2729 Ἔστι
379 2688 441 2739 μὲν
471 2690 537 2741 γὰρ
571 2688 709 2735 ἁπάσης
733 2687 857 2740 τέχνης
883 2686 943 2726 καὶ
974 2687 1151 2737 δυνάμεως
1181 2685 1292 2725 κοινὸν

250 2748 360 2793 τέλος.
384 2745 488 2788 Ἔστι
509 2748 545 2786 δὲ
576 2747 636 2785 καὶ
657 2749 837 2800 προσεχῶς
871 2751 954 2797 μιᾶς
979 2760 1070 2790 τινας
1092 2745 1291 2796 δυνάμεως·

250 2807 409 2860 καθάπερ
423 2807 463 2846 τὸ
476 2806 572 2850 τέλος
587 2809 648 2852 τῆς
666 2808 948 2858 ἀρχιτεκτονικῆς
967 2807 1041 2844 ἐστι
1060 2803 1122 2855 μὲν
1143 2803 1203 2842 καὶ
1223 2818 1291 2841 πα-

251 2870 322 2905 σῶν
344 2870 412 2906 τῶν
434 2865 502 2906 ὕπὸ
520 2864 584 2912 τὴν
609 2864 913 2918 ἀρχιτεκτονικήν·
935 2864 1009 2903 ἔστι
1029 2863 1065 2903 δὲ
1084 2862 1146 2902 καὶ
1165 2877 1291 2915 προσε*

250 2928 322 2979 χῶς
349 2926 455 2972 αὖτῆς
485 2926 548 2971 τῆς
584 2924 882 2976 ἀρχιτεκτονικῆς.
916 2926 1022 2963 Δοκεῖ
1057 2922 1170 2962 τοίνυν
1204 2914 1291 2959 εἶναι

251 2984 348 3028 τέλος
369 2986 432 3031 τῆς
456 2981 674 3034 κυριωτάτης
693 2984 761 3021 τῶν
783 2985 915 3035 τεχνῶν
936 2981 996 3021 καὶ
1017 2980 1169 3032 μάλιστα
1189 2983 1289 3032 ἀρχι-

252 3045 470 3089 τεκτονικῆς·
488 3040 632 3088 τοιαύτη
663 3041 700 3079 δὲ
723 3043 745 3088 ἡ
771 3040 958 3088 πολιτική·
978 3043 1055 3084 ταῖς
1073 3039 1141 3093 γὰρ
1171 3039 1293 3083 ἄλλαις

256 3102 398 3155 τέχναις
416 3099 479 3148 τὴν
505 3099 599 3145 τάξιν
620 3099 680 3138 καὶ
700 3099 755 3138 τὸν
777 3098 896 3152 καιρὸν
917 3099 1002 3146 αὖτὴ
1025 3099 1157 3137 δίδωσι.
1187 3097 1293 3141 Τίνας

253 3161 322 3213 γὰρ
345 3158 543 3210 ἐπιστήμας
572 3160 608 3197 ἐν
627 3160 704 3201 ταῖς
734 3158 875 3197 πόλεσιν
898 3151 986 3197 εἶναι
1016 3157 1207 3211 προσήκει,
1230 3155 1290 3195 καὶ

254 3220 349 3264 τίνας
367 3217 565 3273 ἀνθρώπους
579 3217 678 3261 ποίας
698 3216 895 3266 ἐπιστήμας
915 3216 989 3255 δέον
1006 3217 1188 3268 μανθάνειν
1203 3246 1212 3264 ,
1231 3214 1292 3254 καὶ

258 3277 363 3332 μέχρι
383 3277 497 3327 τίνος,
522 3277 628 3328 μόνης
650 3279 711 3323 τῆς
734 3276 915 3322 πολιτικῆς
934 3276 1007 3313 ἐστι
1021 3280 1180 3314 σκοπεῖν·
1202 3273 1290 3325 μόνη

259 3337 325 3389 γὰρ
342 3340 364 3384 ἡ
383 3334 548 3383 πολιτικὴ
569 3333 631 3379 τὰς
651 3336 713 3385 μὲν
735 3334 890 3386 πονηρὰς
907 3335 975 3372 τῶν
996 3336 1128 3385 τεχνῶν
1147 3336 1208 3380 τῆς
1227 3331 1291 3371 πό-

1363 353 1440 384 sunt
1453 377 1461 390 ‚
1490 351 1595 394 ipsius
1621 351 1841 394 imperatorias
1861 354 1942 389 artis
1956 355 2032 390 finis
2054 358 2149 400 regit.
2167 359 2298 394 Habent
2317 366 2395 402 crgo

1361 417 1439 451 quae
1458 409 1521 443 suh
1553 410 1774 444 architectura
1790 413 1868 445 sunt
1886 412 1985 446 finem
2011 423 2110 448 snum
2130 417 2283 460 singulae,
2301 417 2395 451 velut

1361 474 1437 508 quae
1456 467 1500 501 ad
1525 467 1620 502 frena
1638 468 1787 503 facienda
1805 470 1981 511 incumbit,
2002 472 2136 507 frenum
2157 475 2286 518 ipsum,
2306 475 2397 519 equi-

1362 524 1455 558 tandi
1475 524 1617 560 facultas
1638 527 1877 570 equitationem
1889 555 1897 569 ,
1918 528 1998 574 alias,
2012 532 2151 574 denique
2169 533 2273 568 alium
2284 533 2394 570 flam.

1362 583 1475 617 Habet
1492 586 1527 619 et
1543 585 1644 619 finem
1663 595 1762 621 suum
1786 588 2024 630 architectura,
2056 591 2096 623 ut
2113 592 2324 634 mpetum
2342 601 2398 628 m

1362 643 1561 677 victoriam:
1585 647 1743 680 caeterum
1762 647 1837 681 finis
1861 647 1962 692 hujus
1989 650 2023 682 et
2048 649 2164 683 melior
2181 651 2216 684 et
2235 652 2398 695 prun-

1360 701 1426 735 tior
1455 702 1593 746 reliquis
1611 705 1672 738 est.
1700 707 1809 744 Quare
1838 708 1872 740 et
1902 707 2061 747 auarum,
2081 707 2169 742 sicut
2183 708 2254 752 jam
2270 708 2398 744 dictu

1361 761 1413 793 est
1426 785 1434 799 ‚
1458 769 1535 803 quae
1550 761 1611 795 sub
1627 771 1666 796 ea
1680 765 1758 796 sunt
1769 764 1852 798 fines
1862 791 1871 804 ,
1890 765 1933 799 ob
1950 764 2050 808 hujus
2067 765 2166 800 finem
2187 769 2396 810 expetuntur.

1360 819 1463 851 Porro
1482 819 1560 854 licet
1583 830 1648 854 non
1663 822 1828 862 actiones,
1848 823 1907 857 sed
1921 833 2022 867 opera
2041 824 2108 859 sint
2123 825 2288 861 actionum
2303 826 2397 869 fluns,

1360 877 1443 910 nihil
1460 879 1571 912 tamen
1587 880 1716 921 obstat,
1737 882 1913 924 quominus
1929 883 2138 926 praestantior
2159 884 2204 918 sit
2229 884 2401 928 mamm

1360 937 1564 979 expetendus
1582 939 1811 974 architecturae
1828 941 1912 981 finis,
1928 942 2081 985 quamvis
2096 942 2140 976 sit
2156 942 2243 977 actio
2253 944 2396 978 tantum.

1361 995 1454 1029 Sicut
1475 997 1557 1031 artis
1578 1008 1653 1041 quae
1678 999 1809 1033 frenum
1828 1001 2022 1041 fabricatur,
2050 1002 2126 1036 finIs
2141 1003 2193 1036 est
2216 1011 2301 1046 opus
2316 1015 2328 1036 ι
2347 1004 2399 1041 est

1360 1054 1448 1088 enim
1462 1055 1997 1106 frenum3i1nperat0rum-autem
2021 1060 2186 1101 scientim,
2210 1061 2322 1095 actio:
2348 1063 2400 1096 est

1361 1107 1449 1140 enim
1463 1109 1602 1143 victoria
1619 1121 1627 1143 ε
1648 1120 1756 1154 neque
1771 1112 1955 1155 quidquam
1982 1113 2094 1147 obstat
2110 1107 2300 1156 propteroag
2317 1113 2400 1157 quin

1358 1162 1567 1201 praestantior
1581 1163 1674 1196 freno
1689 1164 1850 1207 longeque
1864 1165 2068 1207 praeferenda
2079 1165 2122 1199 sit
2138 1165 2278 1200 victoria
2289 1175 2302 1200 ε
2312 1175 2399 1210 opus

1360 1211 1448 1244 enim
1466 1214 1593 1247 actione
1608 1215 1744 1257 quidem
1759 1218 1810 1249 est
1826 1218 2039 1258 praestantius
2055 1231 2064 1258 ;
2082 1226 2148 1250 non
2165 1217 2256 1250 omni
2269 1217 2398 1258 tamen,

1359 1265 1418 1298 sed
1432 1274 1470 1298 ea
1489 1268 1638 1306 tantum,
1657 1277 1724 1310 qua
1750 1269 1920 1310 perficitur
1936 1270 2000 1303 hoc
2017 1279 2101 1313 opus
2122 1281 2130 1302 ε
2153 1269 2277 1313 quippe
2295 1279 2400 1314 quum

1358 1316 1434 1350 finis
1450 1318 1587 1352 actionis
1613 1319 1703 1353 illius
1722 1320 1766 1353 sit
1788 1332 1796 1352 ε
1826 1321 1900 1354 finis
1915 1323 2028 1355 autem
2052 1330 2092 1355 eo
2109 1321 2199 1364 quod
2223 1321 2267 1356 ad
2289 1320 2400 1365 ipsum

1357 1368 1511 1409 refertur,
1531 1379 1659 1413 semper
1674 1373 1725 1404 est
1741 1372 1859 1414 potior.
1881 1374 1942 1406 Est
1957 1375 2068 1407 autem
2082 1373 2158 1406 finis
2172 1381 2260 1407 unus
2273 1372 2400 1408 multa-

1356 1431 1433 1454 rum
1453 1431 1564 1455 rerum
1581 1425 1614 1456 et
1629 1424 1771 1463 artium,
1793 1425 1880 1458 sicut
1896 1425 1953 1459 ille
1967 1434 2068 1468 quem
2082 1425 2118 1459 in
2133 1424 2408 1459 architectonieis'

1358 1473 1510 1507 videmus
1527 1487 1535 1506 ι
1555 1475 1613 1508 sed
1628 1477 1663 1508 et
1689 1475 1835 1508 omnium
1856 1476 2059 1518 reliquarum
2087 1476 2163 1510 finis
2183 1485 2270 1510 unus
2286 1477 2400 1512 exue-

1356 1536 1433 1560 mus
1461 1529 1527 1567 est,
1562 1528 1656 1570 cujus
1688 1537 1787 1562 causa
1815 1529 2016 1571 reliquarum
2048 1529 2131 1563 fines
2162 1530 2361 1572 quaeruntur
2386 1539 2407 1563 ε’

1356 1588 1462 1621 quum
1476 1579 1546 1622 ipse
1562 1580 1686 1613 nullius
1701 1580 1839 1613 alterius
1856 1589 1970 1619 causa,
1996 1580 2056 1614 sed
2078 1589 2137 1623 per
2160 1589 2198 1615 se
2210 1582 2397 1624 expetatur.

1355 1631 1488 1664 Etenim
1505 1631 1568 1664 nisi
1584 1640 1671 1665 unus
1689 1631 1809 1674 aliquis
1827 1633 1996 1667 extremus
2013 1631 2089 1665 finis
2105 1633 2214 1672 esset,
2231 1631 2291 1668 sed
2308 1641 2399 1668 sem-

1355 1692 1415 1726 per
1446 1684 1573 1726 aliquid
1601 1684 1736 1718 alterius
1768 1694 1867 1718 causa
1899 1687 2101 1728 peteremus,
2127 1686 2162 1719 et
2193 1685 2258 1720 hoc
2281 1695 2399 1720 rursus

1356 1736 1511 1775 alterius,
1534 1738 1635 1779 atque
1653 1737 1702 1770 ita
1723 1736 1814 1771 aliud
1830 1737 1865 1770 in
1883 1737 2036 1780 singulis,
2060 1747 2232 1781 nunquam
2251 1737 2289 1772 ia
2307 1738 2399 1782 quod

1354 1788 1499 1830 petimus
1533 1789 1741 1823 consecuturi
1772 1798 1920 1823 essemus
1949 1803 1956 1822 :
1984 1790 2043 1823 sed
2071 1792 2185 1823 contra
2218 1799 2342 1825 vanum
2365 1792 2399 1824 et

1355 1841 1426 1875 sine
1437 1841 1506 1875 ullo
1529 1841 1653 1875 effectu
1674 1842 1762 1875 foret
1778 1842 1841 1875 hoc
1859 1840 2060 1875 desiderium
2071 1868 2079 1882 ,
2103 1851 2210 1885 quum
2235 1842 2319 1877 nihil
2334 1843 2399 1878 ha-

1354 1894 1466 1933 beret,
1489 1893 1547 1928 ubi
1562 1896 1674 1937 posset
1691 1894 1881 1927 consistere.
1901 1893 1998 1932 Quod
2015 1896 2105 1928 certe
2123 1893 2305 1930 absurdum
2324 1897 2376 1940 est
2387 1921 2395 1935 .

1354 1946 1434 1988 quia
1457 1946 1550 1979 nulla
1566 1946 1729 1980 naturalis
1744 1945 1908 1988 cupiditas
1924 1945 2031 1979 inanis
2047 1947 2108 1979 est.
2129 1947 2239 1984 Quare
2266 1955 2398 1981 necesse

1355 1998 1441 2038 erit,
1467 2009 1573 2033 unum
1599 2009 1670 2033 esse
1696 2000 1795 2032 finem
1817 1999 2005 2032 extremum
2031 2009 2040 2030 ε
2069 1998 2099 2031 is
2120 2000 2233 2032 autem
2252 1999 2336 2038 erit,
2361 1997 2398 2032 id

1355 2052 1448 2094 quod
1465 2052 1590 2086 bonum
1607 2052 1812 2095 appellamus
1823 2052 1857 2085 et
1878 2050 2052 2093 optimum.
2071 2052 2189 2094 Itaque
2213 2051 2315 2085 etiam
2338 2059 2399 2085 eo-
2424 2063 2426 2066 ’

1355 2105 1458 2148 gnitio
1478 2105 1570 2138 illius
1597 2113 1715 2147 magno
1739 2103 1836 2137 nohis
1852 2102 1888 2136 in
1913 2102 1984 2136 vita
2014 2102 2162 2136 subsidio
2178 2101 2294 2137 futura
2313 2105 2366 2139 est
2385 2115 2395 2136 ε

1355 2159 1403 2192 sic
1421 2159 1510 2192 enim
1524 2157 1691 2199 continget
1704 2182 1712 2195 ,
1730 2157 1769 2189 ut
1778 2181 1786 2194 ,
1806 2153 2087 2198 quemadmodum
2101 2154 2262 2197 sagittarii
2276 2154 2394 2194 solent,

1354 2211 1414 2254 qui
1429 2220 1565 2253 scopum
1592 2209 1655 2244 sibi
1671 2208 1877 2252 proponunt,
1895 2207 2000 2249 magis
2014 2207 2050 2240 id
2073 2206 2164 2249 quod
2187 2206 2282 2242 decet
2307 2215 2398 2240 asse-

1356 2273 1510 2307 quamur.

1816 2357 1893 2398 Gap.
1917 2356 1960 2389 11.

1480 2436 1586 2465 Finem
1599 2432 1768 2470 prudentiae
1787 2432 1886 2462 civilis
1899 2438 1961 2462 esse
1977 2432 2147 2461 extremum
2163 2431 2266 2461 tinem.

1396 2508 1522 2548 Quodsi
1536 2508 1584 2541 ita
1605 2508 1677 2546 est,
1702 2505 1811 2539 danda
1830 2506 1881 2538 est
1897 2505 2013 2547 opera,
2033 2505 2073 2536 ut
2088 2503 2184 2546 quasi
2201 2511 2312 2537 crassa
2330 2501 2396 2538 m-

1352 2578 1455 2604 nerva
1466 2594 1474 2608 ,
1489 2567 1564 2611 quis
1582 2567 1750 2599 extremus
1765 2564 1822 2598 ille
1835 2563 1920 2603 finis,
1942 2564 1976 2597 et
1991 2562 2087 2605 cujus
2105 2561 2234 2605 proprie
2250 2562 2395 2596 scientias

1354 2628 1558 2671 actionisque
1582 2626 1644 2665 sit,
1662 2624 1870 2658 definiamus.
1895 2622 2012 2656 Omnis
2030 2621 2117 2655 enim
2134 2621 2215 2654 artis
2233 2623 2267 2654 et
2287 2621 2394 2654 facul-

1352 2688 1432 2722 tatis
1449 2685 1633 2720 communis
1653 2685 1703 2717 est
1721 2682 1806 2716 finis.
1851 2680 1917 2716 Sed
1932 2682 1965 2714 et
1980 2680 2080 2713 unius
2096 2679 2235 2722 aliqu'us
2250 2678 2394 2713 faculta-

1299 2753 1316 2764 ·
1352 2747 1397 2781 tis
1411 2743 1588 2788 peculiaris
1607 2743 1658 2776 est
1677 2753 1686 2774 t
1720 2741 1807 2775 sicut
1837 2739 1912 2773 finIs
1934 2738 2184 2778 architecturoe;
2204 2737 2234 2770 is
2249 2736 2337 2771 enim
2359 2738 2393 2770 et

1353 2804 1500 2839 omnium
1517 2801 1619 2837 simul
1635 2809 1712 2844 qnae
1729 2798 1960 2833 architecturae
1976 2796 2137 2834 subsunt,
2159 2796 2193 2828 et
2210 2794 2315 2838 ipsius
2333 2802 2392 2838 pe-

1353 2863 1522 2898 culiariter
1550 2862 1601 2895 est
1632 2858 1872 2894 architecturae.
1917 2857 2027 2894 Quare
2051 2856 2086 2887 et
2112 2853 2194 2886 artis
2224 2852 2295 2895 ejus
2315 2861 2392 2896 quoe

1351 2923 1518 2968 praecipua
1531 2919 1742 2962 maximeque
1758 2918 1809 2951 est
1828 2913 2100 2952 architectonica,
2123 2913 2224 2946 finem
2243 2920 2314 2946 esse
2329 2911 2392 2946 ali-

1352 2992 1453 3026 quem
1474 2978 1653 3015 verisimile
1668 2977 1707 3010 fit
1733 2987 1742 3009 z
1761 2975 1838 3008 talis
1856 2975 1967 3007 autem
1988 2973 2038 3005 est
2062 2971 2238 3014 prudentia
2253 2969 2360 3004 civilis
2380 2981 2387 3002 :

1351 3044 1468 3087 utpote
1489 3049 1566 3084 quae
1581 3039 1655 3072 aliis
1671 3036 1798 3071 artibus
1811 3034 1960 3068 ordinem
1975 3041 2073 3066 suum
2088 3034 2284 3080 tempusque
2303 3039 2390 3073 prae-

1352 3103 1454 3136 finiat.
1497 3099 1629 3133 Etenim
1664 3098 1698 3131 et
1723 3103 1806 3138 quas
1835 3093 1870 3127 in
1902 3091 2158 3130 urbibusesse‚
2189 3092 2224 3124 et
2257 3098 2342 3132 quas
2369 3097 2389 3121 a

1351 3161 1474 3205 quibus
1499 3156 1690 3191 hominibus
1711 3151 1920 3195 disciplinas,
1950 3151 1984 3183 et
2007 3157 2181 3193 quousque
2194 3146 2277 3180 disci
2291 3154 2388 3190 opor-

1350 3222 1421 3254 teat
1439 3218 1619 3261 inspicere,
1640 3213 1741 3248 unius
1767 3210 1874 3245 civilis
1891 3210 1941 3242 est
1969 3207 2105 3241 rationis
2122 3220 2130 3240 :
2147 3206 2217 3240 sola
2233 3203 2387 3240 videlicet

1350 3280 1436 3314 ratio
1465 3277 1572 3312 civilis
1595 3273 1729 3308 inutiles
1759 3280 1800 3304 ex
1824 3269 1907 3302 urbe
1925 3267 2030 3310 ejicit,
2060 3275 2119 3300 nec
2137 3274 2194 3299 eas
2211 3273 2288 3308 quae
2310 3263 2387 3296 sunt

1352 3339 1453 3373 utiles
1471 3336 1515 3370 ab
1535 3333 1688 3369 omnihus
1712 3330 1770 3363 aut
1784 3326 1867 3362 disci
1890 3327 1949 3359 aut
1979 3333 2107 3366 semper
2131 3321 2276 3357 exerceri
2296 3320 2383 3355 sinit.

260 3385 2380 3422 —ffss-—W

299 3449 318 3468 '¹
334 3450 412 3491 Cap.
433 3453 451 3482 2
471 3450 498 3482 εῐ
519 3448 559 3487 δή
573 3458 604 3480 τι
621 3447 709 3486 τέλος
723 3448 792 3480 κτλ.
812 3465 854 3475 -—
870 3446 911 3467 ²⁵*
926 3447 966 3479 m
986 3445 1013 3478 δ’
1035 3445 1133 3483 οὕτω,
1154 3443 1324 3486 πειρατέον
1344 3441 1413 3474 κτλ.
