2528 3788
281 300 358 339 148

1201 300 1486 342 CRANTORIS

277 387 487 439 παρελέσθαι
508 386 550 422 τὰ
580 382 893 435 προπεπονημένα,
918 385 976 423 καὶ
1010 391 1223 442 μεταρρῖψαι
1242 389 1305 435 τὴν
1336 408 1340 434 ι
1367 390 1448 428 sine
1480 403 1592 428 causa
1612 390 1825 441 suspicatus
1844 398 1912 429 est.
1940 389 2016 428 Nec
2038 399 2165 429 tamen
2191 400 2402 443 propterea

277 446 442 483 δοκοῦσαν
465 442 674 494 εὐημερίαν,
711 441 832 480 οὐθένα
867 443 985 495 καιρὸν
1012 446 1142 497 ἔχουσα
1164 446 1304 486 τακτόν.

275 506 395 543 Ταῦτα
417 504 452 540 δὲ
475 501 533 539 καὶ
563 501 651 539 ἄλλα
669 504 810 538 τοιαῦτα
836 502 896 538 καὶ
917 505 992 540 καθ’
1024 505 1147 544 ἑαυτὸν
1170 506 1307 555 ἑκάστῳ

273 564 479 611 λογίσασθαι
505 559 636 613 ῥᾴδιον,
658 558 717 597 καὶ
750 558 865 598 ἄλλων
894 562 1040 600 ἀκοῦσαι
1070 565 1230 602 παλαιῶν
1251 563 1308 601 καὶ

275 623 385 673 σοφῶν
407 621 553 672 ἀνδρῶν.
577 612 648 658 ἲὨν
669 620 802 670 πρῶτος
824 618 885 668 μέν
908 621 999 658 ἐστιν
1029 623 1047 659 ὁ
1075 626 1162 666 θεῖος
1186 620 1310 671 ‘'Op-⁷]-

275 692 352 729 ρος,
375 678 493 716 εἰπών·
513 677 608 716 οὐδὲν
638 675 855 727 ἀκιδνότερον
875 682 959 728 γαῖα
979 678 1095 731 τρέφει
1116 679 1310 732 ἀνθρώποιο

276 739 350 777 κτλ.
375 737 531 790 (Odyss.
556 736 699 783 XVlll,
729 737 892 783 130-137
910 736 920 788 )
942 737 1002 774 καὶ
1023 738 1056 775 ἐν
1078 738 1211 782 ἄλλοις·
1233 741 1308 778 Τυ·

275 795 366 841 δείδη
390 795 588 845 μεγάθυμε,
623 794 678 840 τίη
708 791 827 843 γενεὴν
863 795 1041 847 ἐρεείνεις;
1062 798 1138 835 κτλ.
1170 798 1307 849 (Iliad.

275 853 346 900 VI,
373 854 570 903 145-149)
606 850 734 903 Ταύτῃ
772 852 802 889 δ’
828 851 881 890 ὅτι
904 854 1020 897 καλῶς
1055 855 1230 928 ἐξρήσατο
1264 859 1308 908 τῇ

274 910 377 949 εἰκόνι
407 915 467 949 τοῦ
501 909 712 963 ἀνθρωπείου
746 908 843 961 βίου,
878 912 1005 960 δῆλον,
1025 911 1059 957 ἐξ
1078 927 1126 950 ων
1154 914 1188 951 ἐν
1212 914 1308 966 ἄλλῳ

272 969 367 1021 τόπῳ
389 970 491 1021 φησὶν
515 970 616 1007 οὕτω·
648 971 778 1020 βροτῶν
802 969 832 1006 δ’
864 968 962 1008 ἕνεκα
993 970 1212 1020 πτολεμίζειν
1243 974 1310 1010 δει-

271 1030 362 1076 λῶν,
387 1028 420 1066 οἳ
450 1029 628 1080 φύλλοισιν
658 1026 803 1071 ἐοικότες
831 1029 908 1067 κτλ.
936 1029 1071 1080 (Iliad.
1094 1029 1197 1077 XXI,
1219 1032 1310 1076 463-

274 1087 370 1138 466>
390 1088 445 1124 De
470 1087 560 1124 vitae
578 1087 754 1129 humanae
778 1087 943 1125 miseriis
969 1089 1194 1139 exposuisse
1218 1090 1310 1126 anti·

272 1159 368 1195 quos
388 1145 640 1196 philosophos
668 1154 802 1183 auctor
825 1154 882 1184 est
898 1146 1064 1185 Crantor
1084 1147 1219 1200 (ταῦτα
1239 1148 1307 1201 γὰρ

271 1211 367 1241 πᾶσα
383 1207 405 1250 ἡ
428 1204 557 1256 ἀρχαία
580 1203 668 1250 αὕτη
692 1204 876 1256 φιλοσοφία
899 1205 993 1255 λέγει
1009 1221 1047 1244 τε
1071 1206 1130 1244 καὶ
1153 1221 1308 1258 παρακε-

270 1262 422 1311 λεύεται)
440 1263 544 1313 quod
562 1263 674 1300 etiam
691 1276 792 1300 nunc
807 1276 854 1300 ex
868 1264 1026 1302 vetustis
1048 1266 1307 1303 monumentis

271 1323 512 1372 intelligitur.
525 1323 620 1360 Vide
634 1322 750 1359 modo
765 1335 785 1359 e
799 1322 1057 1374 Pythagoreis
1074 1323 1306 1374 Hippodami

270 1390 306 1418 et
343 1382 553 1433 Hipparchi
596 1382 807 1431 fragmenta
837 1382 940 1432 apud
971 1382 1163 1420 Stobaeum
1198 1383 1302 1422 Flor.

270 1440 440 1488 XCVIII,
473 1455 516 1489 71
551 1449 587 1478 et
606 1440 739 1487 CVIII,
772 1441 817 1478 81
849 1441 891 1478 in
920 1440 1018 1478 Phil.
1048 1441 1118 1479 Gr.
1154 1442 1302 1493 Fragm.

269 1500 347 1537 vol.
368 1501 420 1546 ll,
444 1514 483 1550 p.
510 1505 555 1544 14
576 1508 613 1537 et
635 1501 679 1537 16
697 1512 815 1550 seqq3
837 1500 928 1537 item
952 1499 1198 1551 Empedoclis
1218 1514 1306 1539 ver-

268 1570 329 1596 sus
349 1559 463 1595 30-31
488 1551 515 1596 33
537 1558 663 1605 πόποι,
688 1550 716 1595 ὦ
739 1558 862 1596 δειλῶν
892 1559 1024 1603 θνητῶν
1056 1557 1168 1609 γένος,
1198 1560 1226 1596 ὠ
1247 1560 1305 1597 δυ-

268 1615 454 1664 σάνολὸον,
474 1615 553 1654 οἵων
576 1615 609 1660 ἐξ
632 1616 752 1668 ἐρίδων
775 1615 815 1654 ἔκ
829 1632 866 1654 τε
888 1618 1068 1668 στοναχῶν
1094 1618 1249 1669 ἐγένεσθε
1264 1618 1305 1655 in

269 1675 347 1714 Vol.
370 1678 396 1723 I,
410 1689 498 1727 pag.
521 1690 559 1714 2.
583 1675 692 1712 Adde
725 1675 920 1726 Euripidis
949 1675 1164 1714 versiculos
1198 1677 1302 1727 apud

266 1733 457 1772 Stobaeum
470 1735 578 1773 Flor.
595 1733 763 1782 CXXIV,
781 1748 800 1781 7
819 1733 879 1786 (cs.
889 1733 978 1771 Eur.
1001 1733 1150 1783 Fragm.
1170 1748 1210 1785 p.
1229 1737 1305 1782 718

266 1795 325 1832 ed.
350 1792 534 1845 Wagner)
561 1793 732 1845 γίγνωσκε
768 1790 1011 1843 τάνθρώπεια,
1046 1791 1128 1841 μηδ’
1154 1793 1306 1843 ὑπερμέ-

265 1868 352 1905 τρως
378 1855 487 1904 ἄλγει·
506 1857 624 1895 κακοῖς
641 1851 708 1903 γὰρ
728 1851 766 1889 οὐ
791 1850 833 1889 σὺ
852 1850 1059 1902 πρόσκεισαι
1079 1849 1190 1901 μόνη,
1213 1852 1302 1901 qui-

265 1911 338 1950 bus
370 1911 531 1949 fortasse
574 1914 811 1959 Anaxagorae
842 1910 1027 1948 sententia
1059 1909 1303 1959 exprimitur.

265 1970 375 2008 Plato
395 1970 488 2021 quid
509 1970 556 2008 de
575 1983 618 2007 ea
635 1982 676 2007 re
696 1970 904 2015 censuerit,
927 1977 964 2006 et
983 1968 1078 2018 quid
1097 1968 1200 2005 inter
1217 1981 1304 2007 eum

265 2038 303 2066 et
329 2030 553 2067 Crantorem
582 2028 826 2076 interfuerit,
854 2027 933 2077 jam
962 2040 1082 2079 supra
1115 2027 1300 2067 vidimus.

268 2089 362 2127 Nam
395 2088 506 2125 Plato
539 2100 664 2136 neque
701 2100 822 2124 unum
850 2085 1092 2136 eundemque
1111 2098 1303 2123 aerumna-

265 2160 348 2184 rum
382 2147 523 2184 fontem
559 2159 642 2184 esse
684 2145 832 2191 statuit,
867 2157 994 2194 neque
1032 2144 1190 2182 omnino
1221 2158 1303 2182 cer-

266 2214 338 2243 tam
376 2206 564 2243 malorum
600 2204 789 2253 originem
828 2203 1032 2242 indicavit.
1108 2202 1302 2246 Nimirum

264 2277 382 2314 quum
418 2265 507 2302 deos
540 2264 743 2301 inferiores
775 2262 939 2300 nliseriae
970 2261 1147 2299 humanae
1169 2270 1303 2299 aucto-

265 2336 324 2360 res
344 2323 457 2368 dicat,
492 2322 530 2359 id
565 2322 723 2370 figurate
759 2319 1091 2371 interpretandum
1121 2331 1204 2357 esse
1230 2332 1301 2370 pa-

265 2389 329 2419 tet.
360 2380 410 2418 Ut
438 2382 564 2419 locum
604 2380 651 2417 de
681 2379 843 2417 miseriis
871 2378 911 2415 in
941 2377 1083 2428 quibus
1117 2378 1299 2416 mortales

268 2447 465 2476 versantur
484 2452 527 2476 ac
558 2439 605 2476 de
633 2447 779 2485 morte,
805 2437 996 2475 malorum
1023 2436 1196 2475 omnium
1226 2445 1300 2474 ter-

265 2498 389 2547 mino,
403 2510 451 2535 ex
477 2497 644 2547 quodam
663 2496 816 2534 Prodici
835 2496 900 2534 Cei
921 2508 1038 2546 opere
1057 2496 1302 2546 depromtum

266 2556 433 2593 servavit
461 2555 719 2605 Pseudoplato
746 2556 784 2592 in
818 2555 987 2593 Axiocho
1007 2554 1080 2606 (cf.
1101 2553 1202 2593 Phil.
1226 2554 1296 2593 Gr.

267 2614 411 2662 Fragm.
435 2614 511 2651 vol.
534 2615 583 2661 ll,
608 2627 650 2663 p.
674 2612 879 2662 LXXVIII,
897 2621 934 2650 et
953 2626 993 2663 p.
1031 2612 1105 2650 138
1129 2611 1268 2663 seqq.)
1288 2626 1296 2649 ι

265 2674 318 2713 sic
336 2673 554 2715 Welckerus
580 2672 808 2710 Crantor-em
830 2685 852 2709 a
868 2672 1034 2709 Prodico
1055 2671 1176 2709 multa
1198 2683 1301 2709 acce-

265 2733 364 2783 pisse
384 2744 469 2780 quae
489 2731 535 2768 ad
566 2731 652 2767 vitae
678 2730 921 2768 incommoda
951 2730 1187 2780 pertinerent
1220 2741 1298 2766 non

1365 446 1578 485 audiendus
1603 447 1937 498 Wyttcnbachius,
1967 449 2033 497 qui
2059 448 2207 488 Comm.
2234 450 2273 487 in
2295 449 2399 488 Plut.

1366 505 1433 553 Vl,
1454 520 1494 557 p.
1518 506 1594 555 699
1614 515 1808 544 auctorem
1823 506 1985 543 Axiochi
2008 506 2243 558 praecipuam
2259 507 2401 558 dia-logi

1368 572 1538 615 partem,
1567 565 1607 603 id
1631 574 1689 603 est
1717 565 1995 616 expositionem
2027 578 2157 604 rerum
2181 565 2404 606 hominibus

1367 623 1635 668 molestarum,
1657 637 1736 662 non
1766 623 1955 674 Prodico,
1988 623 2055 661 sed
2090 623 2271 676 Crantori
2302 637 2407 664 acce-

1368 690 1471 732 ptam
1490 682 1680 721 rettulisse
1693 681 1928 734 arbitratur.)
2280 702 2282 704 ·
2370 692 2406 711 ²

1423 754 1467 778 ιο.
1495 740 1552 779 Τὰ
1570 740 1605 779 δὲ
1625 740 1707 792 περὶ
1729 741 1787 779 τὸν
1806 740 1944 780 Ἰταλόν
1967 741 2139 780 Εὐθύνοον
2155 739 2301 779 τοιαῦτά
2320 755 2407 794 φασι

1367 797 1538 847 γενέσθαι·
1553 792 1655 839 Εἶναι
1670 797 1731 848 μὲν
1753 799 1818 851 γὰρ
1838 799 1943 837 αὐτὸν
1958 798 2127 838 Ἠλυσίου
2146 798 2278 852 πατρὸς
2291 800 2405 851 ,Τερι-

1370 856 1479 905 ναίου,
1498 859 1567 894 τῶν
1582 860 1652 895 ἐκεῖ
1665 857 1803 910 πρώτου
1814 858 1872 896 καὶ
1882 859 1987 911 ἀρετῇ
2008 857 2068 897 καὶ
2081 857 2222 911 πλούτῳ
2238 857 2298 897 καὶ
2312 856 2408 911 δόξῃ,

1369 915 1574 961 τελευτῆσαι
1586 916 1613 952 δ’
1629 915 1793 963 ἐξαπίνης
1805 916 1900 970 αἰτίᾳ
1914 918 1981 956 τινὶ
1993 916 2125 970 ἀδήλῳ·
2135 916 2193 956 τὸν
2210 910 2270 955 οὖν
2291 916 2406 956 Ἠλύ-

1369 987 1442 1009 σιον
1462 974 1627 1010 εἰσελθεῖν
1649 973 1742 1025 ὅπερ·
1753 973 1836 1018 ἴσως
1855 974 1920 1013 κᾶν
1941 975 2045 1013 ἄλλον
2076 976 2234 1023 εἰσῆλθε,
2258 973 2308 1025 μή
2329 972 2406 1012 ποτ’

1367 1028 1420 1077 εἴη
1440 1031 1635 1083 φαρμάκοις
1652 1033 1854 1077 ἀπολωλώς·
1872 1037 1990 1072 τοῦτον
2003 1032 2072 1087 γὰρ
2083 1027 2171 1071 εἶναι
2191 1034 2294 1084 μόνον
2310 1034 2406 1084 αὐτῷ

1368 1087 1421 1126 ἐπ’
1442 1088 1542 1140 οὐσίᾳ
1563 1090 1674 1140 πολλῇ
1700 1090 1760 1128 καὶ
1790 1091 1985 1144 χρήμασιν.
2011 1091 2223 1144 Ἀποροῢντα
2254 1091 2306 1142 δέ,
2334 1090 2404 1144 ὅτῳ

1372 1145 1491 1199 τρόπῳ
1510 1147 1660 1201 βάσανον
1673 1147 1778 1187 λάὸοι
1798 1149 1947 1198 τούτων,
1969 1149 2154 1203 ἀφικέσθαι
2171 1150 2229 1189 ἐπί
2247 1165 2280 1188 τι
2297 1151 2406 1203 ψυχο-

1367 1211 1542 1255 μαντεῖον·
1563 1207 1829 1258 προθυσάμενον
1859 1209 1918 1259 δέ,
1949 1212 1994 1253 ὡς
2019 1209 2145 1260 νόμος,
2173 1212 2405 1260 ἐγκοιμᾶσθαι

1366 1264 1426 1302 καὶ
1446 1265 1529 1303 ἰδεῖν
1552 1264 1628 1317 ὄψιν
1658 1267 1805 1306 τοιάνδε.
1836 1267 1940 1312 Δόξαι
1970 1267 2227 1320 παραγενέσθαι
2247 1267 2304 1306 τὸν
2331 1282 2403 1305 πα-

1365 1322 1450 1373 τέρα
1471 1322 1531 1360 τὸν
1551 1325 1685 1362 ἑαυτοῦ·
1711 1326 1826 1363 ἰδόντα
1848 1325 1907 1376 δέ,
1936 1324 2178 1378 διεξέρχεσθαι·
2197 1324 2281 1378 πρὸς
2301 1324 2405 1363 αὐτὸν

1365 1383 1444 1434 περὶ
1461 1385 1522 1429 τῆς
1543 1382 1650 1434 τύχης
1666 1387 1726 1430 τῆς
1750 1383 1843 1421 κατὰ
1863 1384 1919 1422 τὸν
1938 1383 2010 1422 υἱόν
2026 1412 2037 1432 ,
2058 1384 2120 1422 καὶ
2143 1382 2344 1425 ἀντιὸολεῖν,
2370 1374 2406 1423 τε

1365 1442 1424 1479 καὶ
1446 1442 1598 1488 δεῖσθαι,
1623 1441 1832 1492 συνεξευρεῖν
1854 1441 1911 1480 τὸν
1933 1441 2043 1480 αἴτιον
2061 1447 2121 1482 τοῦ
2137 1441 2302 1481 θανάτους
2333 1440 2406 1480 Καὶ

1365 1500 1422 1538 τὸν
1452 1500 1509 1539 ἐπὶ
1533 1500 1645 1553 τούτῳ
1670 1500 1764 1549 ἥκω,
1791 1500 1908 1552 φάναι·
1941 1502 2031 1539 ἀλλὰ
2064 1501 2158 1546 δέξαι
2183 1500 2285 1554 παρὰ
2303 1500 2406 1540 τοῦδε

1366 1558 1388 1595 ἅ
1410 1572 1464 1596 σοι
1475 1557 1581 1610 φέρει·
1601 1559 1639 1596 ἐκ
1655 1559 1723 1611 γὰρ
1738 1559 1868 1597 τούτων
1884 1557 2011 1609 ἅπαντ’
2027 1559 2116 1611 εἴσῃ,
2137 1553 2183 1597 ὧν
2198 1559 2405 1611 πέρικλυπῇ.

1370 1610 1473 1654 Εἶναι
1494 1616 1537 1666 δ’,
1557 1616 1595 1654 ὃν
1621 1617 1812 1667 ἐσήμαινε,
1833 1616 2011 1656 νεανίσκον
2031 1617 2198 1669 ἑπόμενόν
2215 1619 2322 1670 αὐτῷ,
2346 1618 2406 1668 ἔμς

1365 1676 1452 1726 φερῆ
1485 1690 1523 1712 τε
1543 1678 1593 1728 τῷ
1615 1677 1700 1728 υἱῷ,
1720 1675 1781 1714 καὶ
1814 1675 1858 1714 τὰ
1883 1679 1942 1714 τοῦ
1976 1675 2102 1728 χρόνου
2123 1691 2161 1714 τε
2180 1675 2253 1714 καὶ·
2268 1674 2314 1714 τὰ
2339 1678 2401 1723 τῆς

1364 1733 1501 1780 ἡλικίας
1523 1733 1634 1786 ἐγγύς.
1653 1734 1815 1787 Ἐρέσθαι
1830 1728 1908 1782 οὖν,
1925 1733 2019 1779 ὅστις
2037 1734 2089 1782 εἴη
2102 1765 2112 1783 ,
2129 1734 2190 1774 καὶ
2206 1734 2263 1774 ’τὸν
2284 1734 2404 1787 φάναι·

1364 1790 1497 1842 δαίμων
1528 1795 1589 1830 τοῦ
1609 1792 1697 1836 υἱέος
1720 1807 1793 1831 σου·
1814 1793 1874 1831 καὶ
1904 1792 1995 1831 οὕτω
2024 1792 2066 1840 δὴ
2087 1792 2204 1847 ὀρέξαι
2233 1795 2265 1832 οἱ
2292 1807 2404 1846 γραμ-

1365 1850 1538 1901 ματίδιον.
1570 1851 1817 1898 Ἀνειλήσαντα
1835 1845 1893 1890 οὗν
1916 1851 2002 1890 αὐτὸ
2030 1852 2118 1902 ἰδεῖν,
2134 1850 2402 1904 ἐγγεγραμμένα

1364 1909 1442 1962 τρία
1463 1913 1585 1947 ταῦτα·

1415 1983 1521 2044 ἤρου,
1539 1992 1665 2040 νήπιε;
1688 1992 1822 2039 ἠλίθιαι
1838 1993 1960 2030 δειλῶν
1979 1987 2098 2045 φρένὲς
2119 1992 2267 2044 ἀνδρῶν·

1470 2050 1638 2095 Εὐθύνοος
1652 2051 1764 2089 κεῖται
1785 2051 1945 2104 μοιριδίῳ
1962 2050 2117 2103 θανάτῳ.

1416 2110 1478 2147 οὒκ
1498 2104 1539 2157 ἦν
1559 2108 1626 2162 γὰρ
1640 2109 1737 2154 ζώειν
1759 2110 1867 2148 καλὸν
1885 2109 2005 2162 αὐτῷ’,
2026 2108 2105 2148 οὔτε
2114 2111 2265 2161 γονεῦσι.

1416 2198 1671 2248 (Plutarchus
1695 2198 1850 2238 Consol.
1875 2198 1923 2236 ad
1943 2198 2073 2249 Apoll.
2096 2198 2174 2236 vol.
2196 2196 2284 2248 Vll,
2308 2209 2396 2248 pag.

1364 2258 1439 2295 336
1461 2270 1540 2308 seq.
1570 2257 1632 2295 ed.
1658 2256 1818 2296 Hutten.
1857 2256 1999 2295 omisso
2031 2255 2198 2295 auctoris
2223 2255 2398 2302 nominc,

1362 2328 1475 2365 quem
1490 2328 1539 2353 ex
1556 2314 1788 2353 Tusculanis
1805 2313 2131 2365 disputationibus
2158 2313 2191 2360 l,
2213 2313 2264 2357 48
2286 2314 2401 2350 Cran-

1362 2383 1484 2412 torem
1514 2374 1630 2412 fuisse
1658 2382 1834 2425 apparet.
1866 2372 1928 2410 lbi
1953 2373 2055 2411 enim'
2082 2371 2255 2419 Tullius,
2289 2379 2397 2422 post-

1361 2446 1476 2482 quam
1495 2432 1634 2470 similia
1661 2431 1837 2483 quaedam
1866 2431 1914 2469 de
1941 2429 2076 2468 Cleobi
2097 2438 2135 2468 et
2170 2430 2330 2480 Bitone,
2350 2429 2398 2467 de

1359 2492 1582 2543 Trophonio
1616 2500 1653 2529 et
1691 2490 1880 2541 Agamede
1910 2489 2105 2537 narravit,
2150 2489 2202 2527 ita
2236 2488 2361 2540 pergit
2386 2501 2398 2524 ε

1358 2552 1489 2588 Simile
1512 2552 1694 2600 quiddam
1724 2559 1782 2587 est
1820 2554 1858 2586 in
1894 2550 2152 2587 Consolatione
2181 2542 2395 2592 Crainorm

1358 2613 1413 2646 ait
1430 2613 1526 2647 enim
1546 2611 1752 2646 Terinoeum
1768 2609 1955 2658 quendam
1978 2609 2164 2653 Elysium,
2181 2604 2298 2656 quum¹
2312 2619 2399 2657 gra-

1357 2674 1459 2707 viter
1465 2672 1545 2719 filit
1562 2677 1715 2707 mortem
1737 2676 1919 2719 moereret,
1939 2671 2075 2704 venisse
2095 2671 2132 2703 in
2143 2666 2398 2717 psychoman-

1359 2733 1451 2766 tium
1461 2758 1474 2775 ,
1492 2738 1717 2778 qaoereutem
1745 2741 1830 2776 quoe
1850 2726 1992 2775 fuisset
2016 2735 2140 2769 tancoe.
2163 2727 2398 2764 calamitatis

278 2839 2394 2861 Μ

307 2887 356 2915 10.
376 2884 450 2915 Jam
463 2882 504 2914 de
517 2882 688 2923 Euthynoo
708 2882 790 2914 Italo
815 2882 1002 2922 hujusmodi
1019 2882 1162 2915 narratio
1181 2882 1297 2915 fertur.

262 2947 358 2978 Hunc
370 2945 455 2977 enim
471 2943 578 2984 Elysio
594 2946 702 2985 patre,
717 2943 873 2984 Terinam,
895 2942 1018 2975 virtute
1030 2968 1038 2982 ‚
1060 2944 1211 2984 fortunis,
1229 2942 1297 2984 glo-

261 3005 311 3036 ria
328 3004 449 3036 civium
469 3011 603 3035 suorum
619 3001 764 3043 principe
792 3003 927 3039 natum,
943 3002 1109 3042 repentina
1129 3003 1233 3033 morte
1254 3001 1296 3033 ob

260 3062 420 3095 incertam
438 3068 571 3093 causam
587 3059 721 3092 obiisse.
770 3059 975 3099 Quapropter
997 3059 1103 3098 Elysio
1121 3058 1206 3099 patri
1223 3057 1299 3099 (qui

260 3120 352 3153 illum
374 3119 504 3152 unicum
532 3117 699 3151 habuisset
723 3116 825 3149 filium
839 3142 847 3154 ,
870 3116 1086 3149 maximarum
1108 3116 1299 3149 divitiarum

261 3180 296 3212 et
311 3186 411 3220 opum
434 3168 609 3216 heredem)
622 3174 775 3208 incidisse
805 3174 1022 3215 suspicionem
1038 3199 1045 3213 ,
1072 3183 1146 3215 quae
1165 3174 1299 3207 forsitan

260 3239 295 3270 et
309 3237 381 3270 aliis
398 3235 577 3275 incidisset,
600 3234 706 3266 filium
727 3241 851 3265 veneno
871 3233 1021 3264 necatum
1046 3241 1127 3265 esse.
1187 3234 1298 3271 Quum

259 3298 370 3330 autem
385 3294 570 3333 dubitaret,
587 3291 752 3334 quomodo
768 3300 836 3323 rem
851 3290 1017 3332 explorare
1031 3292 1150 3332 posset,
1169 3291 1298 3323 venisse

259 3364 334 3388 eum
364 3354 397 3386 in
421 3353 729 3396 psychomanteum‚
764 3350 928 3390 sacrisque
959 3349 1099 3389 legitime
1127 3352 1298 3390 operatum

258 3414 331 3446 loco
344 3412 402 3446 isti
416 3410 661 3449 indormivisse,
682 3418 720 3441 ac
739 3408 839 3441 talem
857 3407 997 3449 speciem
1025 3415 1082 3448 per
1101 3415 1253 3439 somnum
1267 3407 1296 3439 ei

259 3481 331 3506 esse
345 3471 498 3504 oblatam.
543 3469 659 3502 Visum
683 3476 755 3501 esse
784 3468 910 3510 patrem
930 3465 973 3498 ad
997 3466 1103 3506 ipsum
1123 3464 1296 3505 accedere3

264 3539 363 3574 quem
392 3531 605 3571 posteaquam
624 3525 866 3568 conspexisset,
886 3524 1015 3556 narrato
1031 3522 1089 3554 filii
1114 3530 1203 3562 casu,
1221 3530 1291 3554 ora·

1358 2884 1441 2918 verit
1463 2885 1561 2924 atque
1577 2882 1820 2921 obsecraverit,
1847 2880 1933 2913 utin
1952 2889 2051 2912 causa
2069 2878 2185 2912 mortis
2201 2877 2393 2911 invenienda

1357 2952 1392 2976 se
1407 2942 1590 2984 adjuvaret.
1615 2939 1829 2982 Respondisse
1844 2940 1969 2981 patrem
1993 2950 2000 2970 ε
2025 2937 2177 2979 equidem
2197 2936 2318 2970 idcireo
2334 2936 2391 2969 ad-

1356 3010 1450 3040 sum;
1465 2999 1523 3033 sed
1539 2999 1579 3032 ab
1596 2999 1661 3032 isto
1672 2998 1781 3040 accipe
1796 3005 1871 3038 quae
1888 2996 1950 3029 tihi
1963 2996 2059 3029 affert
2071 3009 2079 3035 ;
2094 2995 2171 3028 inde
2184 2994 2273 3027 enim
2284 2994 2393 3028 omnia

1355 3067 1531 3100 cognosces
1544 3083 1552 3098 ‚
1572 3056 1691 3099 quibus
1703 3064 1831 3088 moeres.
1868 3054 1978 3087 Fuisse
1997 3061 2075 3086 vero
2091 3059 2168 3085 eum
2188 3060 2288 3092 quem
2299 3054 2394 3094 pater

1356 3117 1522 3150 indicabat
1542 3116 1696 3157 juvenem
1724 3122 1807 3156 pone
1835 3113 2044 3154 sequentem,
2075 3112 2173 3143 :etate
2199 3111 2234 3143 et
2266 3110 2393 3143 statura

1355 3175 1414 3208 filii
1433 3174 1663 3216 propemodum
1689 3171 1842 3211 similem;
1861 3170 2162 3210 interrogatumque
2185 3167 2261 3208 quis
2282 3169 2368 3200 esset
2382 3192 2391 3208 ,

1356 3233 1562 3275 respondisse
1581 3242 1588 3262 :
1610 3231 1724 3274 genius
1752 3238 1826 3262 sum
1843 3228 1902 3263 filii
1928 3227 1998 3268 tui,
2025 3226 2188 3268 simulque
2208 3225 2392 3276 porrexisse

1356 3293 1385 3324 ei
1409 3291 1593 3331 codicillos,
1628 3289 1745 3332 quihus
1780 3286 1920 3320 evolutis
1944 3285 2074 3327 Elysius
2105 3287 2170 3318 tres
2194 3284 2256 3318 hos
2277 3293 2393 3318 versus

1355 3351 1516 3384 invenerit
1542 3350 1631 3383 intus
1647 3349 1798 3381 exaratos
1821 3359 1829 3378 ε

1425 3432 1552 3467 Quaeris,
1571 3430 1686 3460 stulte?
1705 3427 1843 3458 homines
1857 3426 1968 3456 insanis
1982 3424 2134 3455 mentibus
2149 3424 2253 3455 errant
2272 3432 2283 3454 ε

1425 3481 1469 3507 En
1480 3479 1562 3514 iacet
1581 3477 1760 3511 Euthynous
1774 3473 1854 3512 fatali
1871 3475 1968 3501 morte
1981 3474 2142 3509 peremtus.

1426 3526 1498 3554 Nam
1514 3524 1570 3554 fuit
1590 3524 1692 3554 utilius
1705 3522 1784 3553 finiri
1797 3521 1910 3558 ipsiciue
1926 3519 2072 3556 patrique.

2511 2618 2528 2622 l
