2508 3776
271 211 350 251 296

270 307 423 337 exarata
441 308 522 335 esse
548 294 784 340 ferebantur,
799 294 842 331 in
866 293 1093 332 adulterinae
1112 293 1301 333 editionis

270 358 395 396 locum
415 355 602 394 sinceram
624 352 914 392 substituerent.
932 352 1062 398 Quid?
1082 353 1186 404 quod
1202 352 1302 391 ordi-

269 429 355 453 nem
381 413 570 450 librorum
590 411 912 450 Aristoteleorum
926 440 937 459 ,
955 412 1023 462 qui
1044 425 1147 450 nunc
1171 412 1213 450 in
1233 425 1304 450 no-

267 472 357 510 stris
385 468 671 521 exemplaribus
690 477 771 515 est,
792 467 841 506 ab
873 469 1099 508 Andronico
1123 478 1304 520 repeten-

268 531 359 567 dum
380 528 658 567 existimamus.
684 526 781 565 Nam
802 527 1044 578 Porphyrius
1067 527 1145 578 (14)
1166 528 1205 565 in
1225 528 1306 566 vita

266 586 414 624 Plotini
447 599 531 637 cap,
564 591 612 630 24
647 585 840 623 memoriae
865 585 1016 636 prodit,
1038 586 1303 624 Andronicum

266 645 485 682 Aristotelis
507 653 544 683 et
563 643 824 695 Theophrasti
843 644 1044 682 volumina
1063 644 1105 682 in
1120 653 1304 683 tractatus

264 702 505 741 distribuisse
516 732 526 750 ‚
547 703 601 740 ita
612 711 655 740 ut
674 701 805 740 affinis
821 701 1038 751 argumenti
1055 702 1199 752 scripta
1214 716 1305 740 con-

261 761 455 811 jungeret.
477 762 554 807 Qui
569 761 667 799 ordo
686 769 843 811 praestat
861 761 988 812 priori
1004 762 1304 799 commentario-

265 833 350 857 rum
397 820 704 871 perturbationi,
738 833 855 870 quam
902 821 1072 858 servavit
1113 820 1305 870 Diogenes

265 878 442 917 Laertius
468 878 538 918 lib.
567 878 613 927 V,
648 880 770 916 22-28
799 879 1131 929 scriptionumque
1161 879 1303 930 indici,

264 950 378 987 quem
407 937 565 975 exhibet
588 938 763 975 incertus
780 938 948 988 scriptor
969 938 1059 975 vitae
1090 937 1304 975 Aristotelis

263 995 367 1045 apud
385 994 606 1044 Menagium
621 994 669 1032 ad
684 995 795 1044 Diog.
818 997 945 1033 Lae'rt.
964 994 1036 1035 lib.
1052 994 1099 1042 V,
1120 995 1184 1034 35.
1201 995 1304 1033 Con-

263 1053 449 1091 fitendum
478 1062 626 1099 tamen,
658 1066 746 1091 eum
776 1054 986 1092 nonnullas
1016 1053 1304 1093 dissertationes

263 1124 337 1162 pro
352 1112 496 1163 spuriis
517 1111 700 1150 habuisse
714 1140 725 1159 ‚
745 1124 832 1162 quae
847 1111 938 1162 jure
958 1112 1046 1150 aliis
1061 1111 1304 1162 philosophis

264 1178 373 1209 aetate
405 1169 690 1221 posterioribus
723 1170 901 1220 genuinae
928 1169 1175 1208 videbantur.
1198 1169 1304 1209 Talis

263 1237 320 1268 est
338 1229 548 1280 disputatio
577 1229 625 1266 de
649 1229 989 1280 interpretatione,
1028 1228 1139 1278 cujus
1169 1237 1304 1267 aucto-

264 1287 414 1326 ritatem
447 1296 576 1325 tuetur
606 1287 825 1325 Alexander
859 1287 937 1339 (15)
967 1286 1298 1338 Aphrodisiensis.

263 1345 372 1384 Adde
398 1359 484 1395 quae
513 1345 695 1383 Boethius
714 1354 752 1383 et
781 1345 1006 1396 Simplicius
1023 1347 1065 1383 in
1085 1345 1305 1394 Categoria-

266 1417 353 1443 rum
379 1405 636 1455 explicatione
669 1411 804 1442 contra
836 1403 1058 1443 Andronici
1097 1404 1304 1452 sententias

262 1462 470 1502 disserunt.

315 1524 502 1558 Eudemus
528 1520 703 1559 Rhodius
725 1520 825 1570 (16),
853 1519 966 1570 cujus
986 1532 1105 1570 supra
1138 1520 1305 1558 mentio-

262 1593 349 1618 nem
371 1580 442 1619 fcci
455 1610 466 1629 ,
489 1581 710 1618 auditorum
731 1579 954 1617 Aristotelis
970 1587 1058 1628 post
1076 1578 1305 1630 Theophra-

263 1648 364 1678 stum
395 1639 740 1694 praestlantissimus
766 1637 854 1678 fuit.
877 1637 978 1675 Huic
1004 1637 1141 1675 Ethica
1161 1638 1208 1675 ad
1229 1637 1303 1676 Eu-

263 1698 417 1736 demum
441 1697 612 1735 creditur
634 1697 856 1743 dedicasse,
875 1709 963 1746 quae
979 1695 1046 1734 alii
1067 1696 1215 1734 malunt
1235 1696 1304 1735 Εὗ-

263 1756 391 1805 δήμεια
404 1756 547 1796 .vocari
565 1755 613 1793 ab
636 1755 832 1802 Eudemo,
855 1763 1040 1805 tanquam
1057 1754 1106 1792 ab
1128 1762 1299 1794 auctore.

263 1815 309 1852 Et
331 1814 530 1853 Aristoteli
560 1814 717 1864 quidem
737 1814 820 1851 haec
845 1814 893 1851 de
912 1812 1088 1852 moribus
1110 1826 1303 1851 commen·-

563 206 631 246 DE
659 202 977 245 ARISTOTELE
1012 203 1239 253 EJUSQUE
1270 202 1558 245 DISCIPULIS
1588 201 1653 242 ET
1682 201 2103 244 SUCGESSORIBUS.

1364 293 1456 332 tatio
1473 291 1700 332 attribuitur
1719 291 1763 330 in
1779 290 1978 331 codicibus
1994 305 2110 332 manu
2122 292 2309 340 exaratis,
2326 302 2400 337 m
2444 280 2446 282 ,

1365 365 1445 390 non
1463 365 1486 390 a
1503 349 1703 402 Simplicio
1723 350 1765 388 in
1785 349 2007 400 Categorias
2027 359 2064 389 et
2083 350 2280 390 Favorino
2295 350 2400 403 apud

1374 410 1571 448 Laertium
1593 408 1673 460 (17)
1690 408 1760 448 lib.
1779 408 1826 456 V,
1849 421 1895 446 21
1910 435 1921 456 ,
1941 409 2134 460 siquidem
2149 409 2255 459 quod
2275 408 2335 448 ibi
2352 422 2401 454 ex
2463 431 2465 434 ⁴

1366 470 1528 520 septimo
1550 467 1775 506 Ethicorum
1791 467 2002 518 profertur,
2023 467 2065 505 in
2083 468 2250 519 septimo
2268 467 2400 507 Eude-

1367 527 1534 563 miorum
1564 533 1710 572 exstat3
1734 526 1827 564 item
1855 538 1878 564 a
1910 525 2083 564 Gemisto
2104 526 2314 576 Plethone,
2329 526 2401 578 qui

1367 590 1454 633 post
1472 583 1728 622 Nicomachea
1753 584 1827 622 hoc
1859 597 1957 636 opus
1990 584 2178 636 scriptum
2199 591 2336 635 putate,
2352 593 2402 628 με

1366 641 1523 679 illorum
1547 641 1655 679 velut
1687 643 2000 693 supplementum
2031 650 2146 693 atque
2166 641 2404 690 emendatio-

1367 712 1455 738 nem
1472 700 1672 738 continere
1690 700 1918 741 arbitratur.
1939 700 2015 739 Sed
2046 700 2139 751 quia
2159 711 2293 739 rerum
2313 711 2405 746 ver-

1366 758 1582 810 borumque
1597 759 1789 809 quandam
1810 758 1858 797 ab
1880 758 2112 797 Aristoteleo
2132 765 2171 796 et
2187 756 2349 799 dicendi
2365 765 2405 799 et

1367 817 1674 870 philosophandi
1706 831 1847 868 genere
1879 817 2237 857 dissimilitudinem
2261 815 2403 869 habet,

1366 876 1439 914 hoc
1454 878 1622 927 antiquae
1637 877 1894 929 philosophiae
1913 884 2205 915 monumentum
2223 875 2288 915 alii
2301 875 2400 928 (18),

1366 935 1408 972 in
1429 934 1571 986 quibus
1591 943 1629 973 et
1647 948 1719 985 ego
1739 949 1867 974 meum
1881 948 2023 974 nomen
2037 935 2244 987 profiteor,
2262 933 2405 974 rectius

1366 993 1539 1032 Eudemo
1558 993 1775 1034 vindicant.
1794 994 1832 1033 Is
1849 1003 1975 1033 autem
1995 1007 2075 1033 non
2096 994 2223 1034 solum
2241 992 2292 1035 ad
2314 991 2406 1044 phi-

1366 1052 1587 1103 losophiam
1606 1053 1918 1104 pertractandam
1950 1066 1991 1092 se
2019 1053 2144 1101 dedit,
2164 1051 2241 1098 sed¹
2257 1050 2407 1108 methc-

1367 1110 1525 1148 inaticas
1548 1109 1626 1163 (19)
1649 1112 1761 1149 etiam
1800 1111 2030 1164 disciplinas
2058 1120 2097 1150 et
2125 1119 2320 1151 astrorum
2338 1123 2403 1148 co-

1367 1168 1581 1218 gnitionem
1596 1168 1680 1221 (20)
1701 1170 1901 1221 professus
1926 1178 1997 1208 est.
2020 1169 2133 1208 Adde
2160 1170 2269 1220 quod
2284 1169 2409 1214 multa

1373 1227 1551 1266 fabulose
1570 1227 1618 1265 de
1640 1229 1776 1267 mundi
1798 1229 1945 1278 origine
1965 1229 2006 1266 in
2026 1227 2176 1280 scriptis
2202 1226 2286 1266 suis
2310 1226 2410 1270 1050-

1367 1296 1456 1323 rens
1475 1285 1522 1322 de
1537 1284 1697 1323 deorum
1707 1314 1717 1333 ,
1735 1286 1802 1336 qui
1815 1286 1956 1336 partim
1972 1285 2075 1338 apud
2090 1284 2246 1324 Graecos
2260 1284 2404 1339 partim

1367 1343 1470 1393 apud
1490 1342 1678 1382 barbaros
1696 1345 1878 1382 coluntur
1896 1344 1988 1398 (21),
2002 1344 2044 1383 vi
2069 1357 2115 1383 ac
2126 1351 2316 1397 potestate
2332 1344 2408 1386 dis·

1368 1403 1530 1452 putavit.
1575 1402 1836 1454 Philosophiae
1867 1403 1996 1442 studio
2029 1404 2083 1442 ita
2115 1403 2335 1452 tenebatur,
2362 1413 2407 1445 ut
2499 1447 2508 1453 „

1367 1460 1483 1499 unice
1504 1460 1545 1499 in
1565 1462 1740 1512 magistri
1758 1462 1943 1515 operibus
1963 1462 2262 1516 interpretandis
2277 1456 2405 1505 vsi-ss·

1368 1527 1477 1557 retur
1505 1520 1587 1572 (22)
1622 1521 1787 1573 ejusque
1820 1523 1985 1573 vestigia
2015 1524 2159 1575 ubique
2192 1530 2407 1576 premeret,
2503 1537 2508 1546 ³

1367 1591 1438 1616 nec
1471 1578 1547 1617 nisi
1579 1593 1666 1618 raro
1693 1580 1742 1618 ab
1773 1594 1820 1619 eo
1848 1581 2086 1624 dissentiret.
2118 1581 2280 1635 Scripsit
2309 1593 2403 1623 vero

1369 1638 1470 1675 varii
1493 1640 1711 1687 argumenti
1733 1640 1934 1678 volumina
1956 1654 1965 1679 ι
1992 1641 2162 1692 Physica
2182 1642 2281 1692 (23),
2303 1641 2406 1681 Ana-

1371 1697 1488 1747 lytica
1500 1726 1511 1745 ,
1546 1697 1592 1735 de
1627 1698 1832 1748 categoriis
1853 1700 1945 1750 (24),
1981 1699 2029 1737 de
2059 1700 2402 1751 interpretatione,

1367 1755 1415 1793 de
1429 1756 1585 1805 angulo,
1596 1756 1798 1795 historiam
1812 1757 2075 1806 arithmeticae,
2092 1759 2312 1809 geometria!
2324 1759 2405 1812 (25)

1367 1822 1405 1852 et
1433 1815 1666 1864 astrologiae,
1695 1816 1743 1854 de
1770 1816 1939 1854 dictione
1970 1825 2085 1869 atque
2111 1818 2210 1866 alia,
2238 1831 2407 1870 quorum

265 1925 397 1963 σκάλοις
425 1926 657 1965 ἀνατιθέντων,
679 1927 722 1963 ὡς
751 1925 794 1957 τὰ
813 1924 1005 1967 Πυθαγόρου
1035 1925 1092 1957 καὶ
1120 1925 1309 1967 Σωκράτους

267 1972 510 2015 ἐπιγραφόμενα
538 1972 645 2014 βιὸλία
657 1996 665 2012 ,
696 1972 738 2013 μὴ
768 1972 848 2004 ὄντα
867 1971 1057 2014 Σωκράτους
1076 1973 1096 2011 ἢ
1114 1967 1307 2015 Πυθαγόρῖἷυ

266 2021 347 2053 ἀλλὰ
364 2022 577 2063 Σωκρατικῶν
597 2020 652 2052 καὶ
672 2020 922 2062 Πυθαγορικῶν·
940 2020 959 2057 ἢ
979 2018 1033 2050 διὰ
1047 2018 1227 2060 φιλοτιμίαν
1249 2020 1309 2061 βα-

265 2068 406 2106 σιλικήν·
430 2067 594 2103 Ἰοὸάτους
621 2066 686 2109 γὰρ
705 2069 764 2099 τοῦ
789 2066 917 2099 Λιὸὔων
939 2066 1096 2107 βασιλέως
1112 2066 1309 2108 συνάγοντος

265 2115 308 2147 τὰ
336 2115 528 2157 Πυθαγόρου
560 2115 615 2147 καὶ
640 2113 847 2155 Πτολεμαίου
873 2113 916 2145 τὰ
940 2111 1198 2156 Ἀριστοτέλους,
1227 2113 1309 2151 τινὲς

265 2160 439 2199 καπηλείας
470 2160 565 2203 χάριν
591 2159 633 2192 τὰ
662 2159 802 2202 τυχόντα
833 2158 1070 2202 συγγράμματα
1091 2158 1310 2200 λαμὸάνοντες

262 2207 412 2248 ἐκέδρουν
430 2207 484 2238 καὶ
501 2206 622 2244 ἔσηπον
652 2206 705 2238 διὰ
732 2205 940 2249 παραθέσεως
957 2206 1040 2238 νέων
1058 2206 1192 2248 πυῤῥῶν
1219 2206 1230 2247 (
1241 2205 1305 2249 leg.

266 2254 445 2297 μυῤῥῶν),
477 2254 532 2286 ἵνα
555 2255 666 2295 σχοῖεν
697 2254 788 2293 δῆθεν
819 2254 877 2292 τὴν
895 2253 931 2285 ἐκ
957 2256 1014 2285 τοῦ
1037 2253 1157 2295 χρόνου
1183 2253 1308 2290 ἀξιοπι-

265 2301 358 2333 στίαν
373 2313 381 2320 ·
399 2303 419 2340 ἢ
447 2301 486 2333 δι’
510 2300 695 2342 ὁμωνυμίας
715 2301 924 2343 συγγραφέων
948 2302 967 2339 ἢ
996 2299 1261 2343 συγγραμμάτων
1285 2301 1306 2340 ἢ

263 2348 512 2390 ὑπομνημάτων.
540 2347 631 2380 Idem
659 2357 691 2389 p.
721 2352 771 2380 22.
796 2357 825 2379 a.
856 2348 1007 2390 δεύτερον
1038 2347 1086 2384 τίς
1112 2349 1132 2387 ἡ
1151 2348 1307 2391 διαίρεσις

264 2399 328 2427 τῶν
350 2394 610 2438 Ἀριστοτελικῶν
632 2395 892 2438 συγγραμμάτων
912 2395 1037 2427 πολλῶν
1055 2394 1156 2427 ὄντων
1168 2420 1177 2436 ,
1194 2394 1305 2437 χιλίων

266 2442 321 2473 τὸν
347 2441 479 2483 ἀριθμόν
495 2466 502 2480 ,
521 2443 563 2478 ὥς
580 2452 656 2483 φησι
678 2443 883 2483 Πτολεμαῖος
911 2443 928 2473 ὁ
954 2441 1150 2483 Φιλάδελφος
1168 2442 1308 2484 ἀναγρα-

267 2488 325 2527 φήν
353 2488 459 2519 αὐτῶν
479 2488 699 2529 ποιησάμενος
714 2489 769 2520 καὶ
793 2489 849 2520 τὸν
870 2488 940 2530 βίον
959 2488 1060 2520 αὐτοῦ
1080 2488 1135 2520 καὶ
1158 2488 1216 2526 τήν
1239 2487 1308 2520 διά-

266 2533 366 2565 θεσιν.
384 2549 426 2555 -—
438 2533 501 2573 (14)
517 2533 718 2574 Porphyrius
730 2533 790 2566 vit.
807 2533 926 2566 Plotin.
944 2542 1014 2575 cap.
1032 2537 1070 2566 24
1085 2535 1102 2566 ὁ
1121 2534 1156 2566 δὲ
1168 2533 1308 2577 (Ἀνδρό-

266 2591 352 2615 νικος
366 2578 377 2619 )
399 2579 441 2610 τὰ
468 2578 705 2621 Ἀριστοτέλους
721 2581 775 2612 καὶ
799 2581 1010 2623 Θεοφράστου
1027 2582 1070 2618 εἷς
1084 2580 1307 2624 πραγματείας

266 2626 379 2662 διεῖλε,
401 2625 457 2662 τὰς
480 2626 599 2663 οἰκείας
625 2628 790 2663 ὑποθέσεις
816 2629 859 2664 εἷς
889 2627 1004 2660 ταύτὸν
1033 2628 1239 2669 συναγαγών.
1264 2643 1308 2651 -

266 2671 331 2712 (15)
348 2670 533 2704 Alexander
551 2672 813 2713 Aphrodisiensis
826 2673 860 2706 in
878 2673 954 2707 libr.
979 2675 994 2706 I
1010 2673 1138 2715 Analyt.
1166 2673 1224 2707 fol.
1253 2677 1303 2707 52.

266 2727 295 2750 a.
313 2717 456 2758 (Scholl.
472 2718 570 2750 Arist.
586 2727 618 2759 p.
640 2722 708 2752 161.
726 2719 758 2752 b.
784 2720 835 2753 ed.
856 2720 1020 2761 Brandis.)
1038 2721 1069 2753 ἐν
1086 2721 1147 2763 γὰρ
1166 2723 1213 2762 τῷ
1231 2721 1306 2764 περὶ

270 2763 459 2807 Ἑρμηνείας
474 2766 565 2806 (cap.
590 2769 626 2798 12
642 2765 653 2807 )
672 2767 770 2804 ἔδειξε
786 2768 842 2805 τὰς
858 2768 913 2800 τὸν
934 2767 1054 2810 τρόπον
1070 2768 1207 2810 ἐχούσας
1228 2769 1305 2800 ἄνευ

265 2814 323 2843 τοῦ
352 2812 552 2853 ἀποφατικοῦ
582 2815 951 2857 προσκατηγορούμενον
980 2814 1087 2852 πάσας
1110 2814 1305 2857 καταφάσεις

266 2857 360 2889 εἶναι.
387 2858 448 2889 Διὰ
475 2861 572 2890 τοῦτο
594 2859 773 2901 προσέθηκε
794 2860 832 2892 τὸ
857 2872 873 2888 «
901 2860 1043 2904 καθάπερ
1057 2861 1165 2903 ἐλέχθη
1188 2861 1306 2905 πρότε-

266 2914 367 2945 ρον».
391 2903 443 2941 Ἐξ
467 2901 510 2936 ὧν
542 2905 597 2937 καὶ
619 2906 726 2937 αὐτῶν
744 2906 850 2938 ἔνεστι
882 2907 1063 2948 δεικνύναι,
1092 2908 1142 2939 ὅτι
1172 2907 1209 2940 τὸ
1231 2909 1305 2951 περὶ

269 2949 456 2992 Ἕρμηνείας
479 2949 717 2993 Ἀριστοτέλους
742 2952 848 2992 ἐστίν,
874 2953 939 2985 ἀλλ’
957 2954 1017 2995 οὐχ
1034 2957 1076 2991 ὡς
1107 2953 1305 2997 Ἀνδρόνικός

265 3008 372 3037 φησιν.
397 2996 443 3029 ’Ἡ
456 2998 511 3029 καὶ
538 2998 568 3029 ἐν
587 2998 695 3039 τούτῳ
716 2999 905 3041 προείρηκεν
919 3001 979 3039 ἤδη
996 3001 1069 3043 περὶ
1085 3001 1222 3042 τούτου,
1249 3002 1305 3034 ὅτε

266 3042 354 3084 ἔλεγε
369 3044 410 3084 μὴ
427 3044 644 3086 ἀντιστρέφειν
663 3045 720 3082 τήν
734 3044 869 3077 καθόλου
885 3046 1097 3087 ἀποφατικήν.
1111 3065 1152 3070 --
1166 3048 1227 3088 (16)
1241 3047 1302 3080 Di-

265 3098 381 3121 versus
409 3090 450 3121 ab
467 3089 530 3121 hoc
550 3089 615 3122 fuit
633 3089 803 3123 Eudemus
831 3092 988 3132 Cyprius,
1006 3093 1190 3127 Aristotelis
1212 3095 1306 3128 fami-

267 3135 375 3173 liaris,
401 3138 603 3168 memoratus
630 3136 778 3168 Ciceroni
804 3136 845 3169 de
868 3137 1006 3171 divinat.
1036 3139 1095 3173 lib.
1129 3143 1144 3174 l
1164 3150 1234 3183 cap.
1266 3146 1304 3175 25

267 3191 364 3223 quem
385 3182 578 3215 defunctum
596 3182 783 3215 honestavit
799 3184 970 3225 Stagirites
989 3185 1077 3217 edito
1087 3186 1225 3228 dialogo,
1247 3188 1305 3230 qui

268 3227 506 3261 inscribebatur
533 3227 701 3261 Eudemus
726 3228 797 3261 sive
830 3229 872 3262 de
911 3230 1030 3263 anima.
1062 3232 1136 3265 VJd.
1171 3234 1290 3267 Fabric

269 3274 348 3307 Bibl.
377 3275 480 3308 Graec.
498 3275 564 3308 vol.
585 3277 631 3307 llI
654 3284 686 3317 p.
713 3278 772 3308 393
790 3275 841 3308 ed.
873 3277 998 3309 Harles.
1019 3280 1051 3310 et
1072 3280 1301 3320 wyttenbach.

268 3320 430 3353 animadv.
451 3321 486 3354 in
509 3321 676 3354 Plutarch.
707 3322 869 3354 Consolat.
888 3322 930 3354 ad
953 3323 1161 3364 Apollonium
1178 3335 1210 3367 p.
1232 3330 1300 3360 115.

267 3366 301 3398 B.
336 3366 524 3399 Eudemum
557 3369 669 3400 autem
698 3368 954 3410 Peripateticum
970 3394 977 3406 ,
1001 3369 1113 3401 Galeni
1142 3372 1303 3413 aequalem
1329 3371 1335 3390 ³

267 3412 412 3455 aliosque
427 3414 631 3457 cognomines
651 3414 739 3448 viros
761 3424 855 3448 nemo
872 3424 948 3447 cum
968 3415 1094 3449 Rhodio
1108 3417 1298 3451 confundet.
1328 3403 1335 3457 Ι

1372 1924 1420 1957 Cf.
1437 1925 1562 1958 Fabric.
1585 1925 1607 1958 l.
1626 1934 1654 1959 c.
1675 1935 1707 1968 p.
1727 1929 1798 1960 493.
1821 1943 1863 1951 —-
1878 1927 1943 1969 (17)
1957 1927 2118 1970 Diogenes
2130 1927 2346 1962 Laertiusll).
2364 1929 2405 1967 V,

1371 1975 1408 2004 21
1430 1973 1507 2014 φησὶ
1527 1973 1561 2005 δὲ
1577 1974 1768 2016 Φαὸωρῒνος
1784 1975 1817 2006 ἐν
1842 1978 1890 2016 τῷ
1913 1975 2052 2018 δευτέρῳ
2074 1978 2138 2008 τῶν
2165 1976 2410 2019 ἀπομνημονευ-

1371 2018 1481 2060 μάτων
1495 2044 1504 2060 ,
1522 2021 1576 2056 ὡς·
1588 2020 1746 2053 ἑκάστοτε
1762 2021 1867 2063 λέγει,
1881 2020 1926 2054 Ὦ
1948 2022 2051 2064 φίλοι,
2069 2022 2171 2060 οὐδεὶς
2192 2021 2296 2065 φίλος·
2327 2022 2408 2057 ἀλλὰ

1369 2066 1423 2098 καὶ
1440 2066 1474 2098 ἐν
1493 2067 1541 2108 τῷ
1563 2066 1691 2109 ἑὸδόμῳ
1723 2070 1787 2099 τῶν
1807 2067 1945 2100 Ἠθικῶν
1967 2068 2056 2100 ἐστι·
2082 2069 2138 2101 καὶ
2167 2071 2272 2102 ταῦτα
2291 2068 2348 2112 μὲν
2362 2070 2408 2108 εἰς

1370 2113 1466 2145 αὐτὸν
1481 2113 1683 2157 ἀναφέρεται.
1698 2131 1741 2138 ·-
1751 2113 1816 2156 (18)
1827 2113 2035 2148 Christianus
2050 2115 2208 2148 Dreierus
2221 2115 2406 2159 Mdhphys-

1367 2168 1400 2201 p.
1422 2162 1481 2192 347
1497 2160 1645 2202 egregius
1668 2162 1794 2200 auctor,
1822 2161 1893 2194 sive
1919 2162 2183 2204 Theophrastus,
2206 2162 2277 2195 sive
2295 2161 2409 2197 Eude-

1368 2214 1444 2238 mus
1474 2205 1576 2239 fuerit
1615 2207 1790 2240 Moralium
1817 2208 2065 2242 Eudemiorum.
2094 2210 2211 2243 Franc.
2244 2208 2432 2246 Patricius.
2490 2216 2492 2221 '

1369 2252 1507 2286 discuss.
1533 2253 1709 2295 Peripatet.
1730 2263 1763 2296 p.
1783 2258 1822 2287 25
1843 2256 1877 2287 et
1892 2258 1933 2288 40
1958 2254 2100 2288 Eudemi
2117 2255 2230 2298 potius
2254 2255 2408 2291 credemii

1369 2300 1447 2332 sunt
1464 2308 1551 2339 esse,
1571 2309 1648 2333 cum
1663 2301 1848 2343 praesertim
1866 2301 1943 2334 stilo
1959 2303 1993 2335 et
2011 2310 2124 2335 rerum
2141 2301 2252 2344 aliqua
2266 2301 2407 2338 diversi-

1367 2348 1437 2380 tate
1463 2347 1529 2380 sint
1555 2347 1596 2380 ab
1613 2347 1832 2381 Nicomachiis
1850 2347 2057 2388 differentes,
2079 2357 2099 2381 a
2113 2348 2236 2391 quibus
2251 2349 2407 2384 videntur

1366 2403 1544 2436 usurpasse
1572 2396 1750 2436 quartum,
1783 2395 1937 2437 quintum
1963 2397 1997 2428 et
2028 2397 2161 2428 sextum
2189 2395 2310 2435 libros,
2346 2397 2406 2440 qui

1366 2439 1469 2473 iidem
1486 2440 1548 2482 ipsi
1564 2442 1642 2472 sunt
1660 2442 1694 2472 et
1712 2441 1813 2474 rebus
1828 2443 1861 2474 et
1886 2441 1998 2474 verbis
2015 2450 2092 2474 cum
2105 2441 2242 2484 quinto,
2259 2443 2354 2476 sexto
2371 2445 2407 2477 et

1368 2486 1507 2528 septimo
1528 2486 1755 2520 Nicomachiis.
1775 2487 1825 2520 Cf.
1843 2487 1976 2521 Jonsius
1990 2488 2031 2522 de
2050 2489 2162 2530 script.
2179 2488 2258 2522 hist.
2274 2488 2356 2530 plut.
2371 2491 2411 2529 1‚·

1370 2536 1406 2565 15
1434 2533 1468 2565 et
1493 2534 1607 2568 Herm.
1637 2533 1839 2567 Fritzschius
1864 2533 1899 2566 in
1925 2534 2021 2576 praef.
2042 2535 2086 2568 ad
2105 2535 2235 2568 Ethica.
2252 2534 2402 2570 Eudemi.

1367 2596 1408 2602 —
1435 2579 1499 2620 (19)
1515 2578 1591 2611 Vid.
1621 2579 1738 2620 fragm.
1774 2581 1877 2612 83-93.
1897 2597 1939 2604 -
1956 2581 2024 2622 (2·0)
2041 2580 2118 2614 Vid.
2146 2579 2264 2622 fragm.
2290 2583 2403 2615 94-98.

1365 2643 1407 2649 -
1429 2628 1493 2666 (21)
1505 2625 1580 2658 Vid.
1601 2625 1718 2667 fragm.
1743 2629 1813 2659 117.
1832 2642 1875 2649 —-
1892 2627 1954 2667 (22)
1969 2627 2157 2669 Simplicius
2177 2627 2212 2659 in
2232 2626 2332 2669 Phys.
2347 2629 2399 2660 29.

1366 2681 1395 2704 a.
1427 2673 1445 2703 ὁ
1466 2672 1614 2714 Εὔδημος
1640 2674 1687 2715 τῷ
1709 2671 1924 2716 Ἀριστοτέλει
1951 2673 2059 2706 πάντα
2076 2672 2339 2706 κατακολουθῶν.
2362 2689 2405 2696 -

1366 2717 1433 2760 (23)
1463 2718 1603 2760 Physica
1635 2719 1669 2751 in
1698 2721 1766 2752 tros
1791 2719 1894 2753 libros
1926 2719 2031 2753 divisa
2059 2721 2152 2752 erant
2170 2719 2295 2761 (neque
2317 2718 2404 2752 enim

1365 2765 1477 2807 plures
1496 2775 1515 2798 a
1529 2765 1695 2808 Simplicio
1711 2766 1874 2808 citantur)
1889 2767 1924 2799 in
1943 2766 2065 2809 quihus
2085 2765 2270 2799 Aristotelis
2286 2765 2404 2809 Physi-

1365 2820 1479 2844 corum
1502 2813 1577 2844 octo
1595 2812 1699 2846 libros
1714 2814 1835 2854 praeter
1863 2813 2040 2855 septimum
2065 2813 2298 2857 explicaverat.
2315 2812 2396 2858 qvid.

1364 2858 1481 2901 fragm.
1502 2861 1552 2892 70.
1568 2859 1701 2893 Solebat
1720 2869 1760 2893 au
1766 2861 1832 2893 tem
1853 2860 2046 2902 scriptorem
2057 2860 2222 2894 duntaxat
2237 2869 2399 2900 enarrare,

1364 2915 1440 2938 raro
1472 2914 1570 2938 suum
1596 2905 1802 2948 interponere
1825 2906 1984 2948 judicium
2018 2908 2075 2940 aut
2106 2905 2232 2950 aliquid
2259 2905 2400 2947 addere,

1364 2952 1530 2985 rarissime
1565 2952 1706 2995 denique
1733 2953 1882 2995 magistri
1908 2954 2103 2987 sententiam
2136 2954 2338 2997 impugnare,
2363 2955 2404 2989 ut

1364 3008 1397 3042 p.
1419 3001 1479 3038 35.
1497 3002 1515 3032 8
1540 2999 1599 3033 ubi
1615 2999 1846 3042 Empedoclem
1867 3002 1980 3033 eontra
2003 3001 2214 3035 Aristotelem
2241 3000 2399 3036 defendit.

1362 3062 1406 3072 -
1426 3047 1496 3088 (24)
1512 3047 1703 3081 Ammonius
1724 3048 1759 3081 in
1781 3048 1917 3082 Aristot.
1942 3049 2047 3090 categ.
2067 3047 2126 3082 fol.
2147 3050 2195 3082 13.
2216 3057 2249 3081 a.
2267 3048 2402 3092 δευτέρα

1365 3095 1399 3127 δὲ
1418 3095 1430 3136 (
1444 3095 1572 3138 ἀφορμὴ
1592 3098 1650 3128 τοῦ
1669 3095 1853 3128 νοθεῦεσθαι
1870 3094 1913 3127 τὰ
1927 3095 2166 3139 συγγράμματα
2181 3097 2240 3128 τοῦ
2259 3092 2402 3137 Ἀριστο-

1364 3140 1493 3182 τέλους)
1509 3144 1529 3180 ἡ
1555 3142 1620 3174 τῶν
1640 3141 1900 3185 συγγραμμάτων
1919 3141 2106 3184 ὁμωνυμία·
2127 3143 2158 3174 οἱ
2177 3141 2239 3186 γὰρ
2261 3141 2401 3183 μαθηταὶ

1365 3188 1468 3220 αὐτοῦ
1483 3188 1628 3230 Εὔδημος
1656 3189 1712 3221 καὶ
1741 3189 1864 3226 Φανίας
1894 3189 1949 3221 καὶ
1972 3188 2176 3232 Θεόφραστος
2198 3187 2282 3221 κατὰ
2308 3189 2399 3228 ζῆλον

1364 3238 1422 3267 τοῦ
1449 3235 1648 3268 διδασκάλου
1673 3237 1894 3280 γεγραφήκασι
1914 3236 2108 3280 κατηγορίας
2133 3236 2189 3268 καὶ
2212 3235 2286 3280 περὶ
2304 3237 2401 3280 ἑρμην

1365 3282 1450 3318 νείας
1466 3282 1522 3314 καὶ
1540 3282 1748 3322 ἀναλυτικήν.
1762 3281 1882 3315 David.
1902 3282 2034 3324 praefat.
2056 3282 2099 3315 ad
2113 3284 2215 3324 categ.
2232 3292 2263 3324 p.
2291 3285 2338 3321 19,
2360 3284 2399 3316 34

1352 3327 1415 3360 etl.
1451 3327 1600 3361 Brandjs.
1630 3329 1751 3372 ἔγραψε
1772 3330 1832 3372 γὰρ
1857 3330 1912 3362 καὶ
1941 3330 2146 3372 Θεόφραστος
2176 3330 2232 3362 καὶ
2254 3330 2400 3372 Εὔδημος

1362 3375 1434 3416 περὶ
1452 3378 1655 3418 κατηγοριῶ,
1675 3375 1756 3407 κατὰ
1779 3375 1911 3419 μίμησιν
1925 3379 1983 3408 τοῦ
1997 3376 2117 3409 οἰκείου
2134 3376 2340 3410 διδασκάλου.
2358 3392 2401 3409 -ν-

1365 3421 1427 3461 (25)
1448 3421 1585 3455 Procius
1612 3420 1647 3454 in
1677 3420 1866 3460 Euclidem,
1885 3421 2015 3464 quoties
2040 3421 2081 3455 de
2102 3422 2269 3456 veteribus
2297 3422 2400 3465 pbilo-
