<?xml version="1.0" encoding="UTF-8"?>
<!DOCTYPE html PUBLIC "-//W3C//DTD XHTML 1.0 Transitional//EN"
    "http://www.w3.org/TR/xhtml1/DTD/xhtml1-transitional.dtd">
<html xmlns="http://www.w3.org/1999/xhtml" xml:lang="en" lang="en">
 <head>
  <title>
</title>
<meta http-equiv="Content-Type" content="text/html;charset=utf-8" />
  <meta name='ocr-system' content='tesseract 3.04.00' />
  <meta name='ocr-capabilities' content='ocr_page ocr_carea ocr_par ocr_line ocrx_word'/>
</head>
<body>
  <div class='ocr_page' id='page_1' title='image "./fragmentaphiloso03mulluoft/fragmentaphiloso03mulluoft_0019.png"; bbox 0 0 2528 3788; ppageno 0'>
   <div class='ocr_carea' id='block_1_1' title="bbox 1030 124 2216 171">
    <p class='ocr_par' dir='ltr' id='par_1_1' title="bbox 1030 124 2216 171">
     <span class='ocr_line' id='line_1_1' title="bbox 1030 124 2216 171; baseline 0.004 -5"><span class='ocrx_word' id='word_1_1' title='bbox 1030 124 1327 167; x_wconf 81' lang='lat' dir='ltr'><strong>PRAEFATIO.</strong></span> <span class='ocrx_word' id='word_1_2' title='bbox 2195 146 2216 171; x_wconf 92' lang='lat' dir='ltr'><strong>v</strong></span> 
     </span>
    </p>
   </div>
   <div class='ocr_carea' id='block_1_2' title="bbox 74 215 2225 1706">
    <p class='ocr_par' dir='ltr' id='par_1_2' title="bbox 74 215 2225 1456">
     <span class='ocr_line' id='line_1_2' title="bbox 137 215 2215 285; baseline 0.001 -18"><span class='ocrx_word' id='word_1_3' title='bbox 137 218 286 274; x_wconf 87' lang='lat' dir='ltr'><strong>modo</strong></span> <span class='ocrx_word' id='word_1_4' title='bbox 314 219 570 284; x_wconf 87' lang='lat' dir='ltr'><strong>primarios</strong></span> <span class='ocrx_word' id='word_1_5' title='bbox 601 217 800 267; x_wconf 87' lang='lat' dir='ltr'><strong>Eudemi</strong></span> <span class='ocrx_word' id='word_1_6' title='bbox 829 215 990 276; x_wconf 88' lang='lat' dir='ltr'><strong>locos,</strong></span> <span class='ocrx_word' id='word_1_7' title='bbox 1020 215 1106 263; x_wconf 91' lang='lat' dir='ltr'><strong>sed</strong></span> <span class='ocrx_word' id='word_1_8' title='bbox 1133 217 1279 263; x_wconf 92' lang='lat' dir='ltr'><strong>etiam</strong></span> <span class='ocrx_word' id='word_1_9' title='bbox 1311 215 1439 264; x_wconf 89' lang='lat' dir='ltr'><strong>dicta</strong></span> <span class='ocrx_word' id='word_1_10' title='bbox 1464 217 1744 266; x_wconf 83' lang='lat' dir='ltr'><strong>Aristotelea</strong></span> <span class='ocrx_word' id='word_1_11' title='bbox 1762 256 1774 280; x_wconf 96' lang='lat'><strong>,</strong></span> <span class='ocrx_word' id='word_1_12' title='bbox 1803 237 1909 284; x_wconf 85' lang='lat' dir='ltr'><strong>quae</strong></span> <span class='ocrx_word' id='word_1_13' title='bbox 1930 219 2061 285; x_wconf 85' lang='lat' dir='ltr'><strong>apud</strong></span> <span class='ocrx_word' id='word_1_14' title='bbox 2091 222 2215 269; x_wconf 88' lang='lat' dir='ltr'><strong>Sim-</strong></span> 
     </span>
     <span class='ocr_line' id='line_1_3' title="bbox 138 299 2217 368; baseline 0 -17"><span class='ocrx_word' id='word_1_15' title='bbox 138 302 333 368; x_wconf 87' lang='lat' dir='ltr'><strong>plicium</strong></span> <span class='ocrx_word' id='word_1_16' title='bbox 365 302 580 350; x_wconf 83' lang='lat' dir='ltr'><strong>Rhodius</strong></span> <span class='ocrx_word' id='word_1_17' title='bbox 612 299 930 368; x_wconf 89' lang='lat' dir='ltr'><strong>philosophus</strong></span> <span class='ocrx_word' id='word_1_18' title='bbox 961 299 1175 364; x_wconf 85' lang='lat' dir='ltr'><strong>exponit,</strong></span> <span class='ocrx_word' id='word_1_19' title='bbox 1209 316 1235 346; x_wconf 86' lang='lat' dir='ltr'><strong>e</strong></span> <span class='ocrx_word' id='word_1_20' title='bbox 1263 317 1416 362; x_wconf 83' lang='lat' dir='ltr'><strong>graeco</strong></span> <span class='ocrx_word' id='word_1_21' title='bbox 1452 301 1502 347; x_wconf 89' lang='lat' dir='ltr'><strong>in</strong></span> <span class='ocrx_word' id='word_1_22' title='bbox 1539 302 1742 350; x_wconf 89' lang='lat' dir='ltr'><strong>latinum</strong></span> <span class='ocrx_word' id='word_1_23' title='bbox 1782 321 2054 352; x_wconf 89' lang='lat' dir='ltr'><strong>sermonem</strong></span> <span class='ocrx_word' id='word_1_24' title='bbox 2077 307 2217 352; x_wconf 88' lang='lat' dir='ltr'><strong>verti.</strong></span> 
     </span>
     <span class='ocr_line' id='line_1_4' title="bbox 138 383 2223 449; baseline 0 -15"><span class='ocrx_word' id='word_1_25' title='bbox 138 389 383 434; x_wconf 86' lang='lat' dir='ltr'><strong>Postremo</strong></span> <span class='ocrx_word' id='word_1_26' title='bbox 413 387 697 434; x_wconf 89' lang='lat' dir='ltr'><strong>Ethicorum</strong></span> <span class='ocrx_word' id='word_1_27' title='bbox 731 383 1166 431; x_wconf 88' lang='lat' dir='ltr'><strong>Nicomacheorum</strong></span> <span class='ocrx_word' id='word_1_28' title='bbox 1193 383 1538 448; x_wconf 86' lang='lat' dir='ltr'><strong>paraphrasin,</strong></span> <span class='ocrx_word' id='word_1_29' title='bbox 1574 403 1679 449; x_wconf 84' lang='lat' dir='ltr'><strong>quae</strong></span> <span class='ocrx_word' id='word_1_30' title='bbox 1709 387 1989 435; x_wconf 87' lang='lat' dir='ltr'><strong>Andronico</strong></span> <span class='ocrx_word' id='word_1_31' title='bbox 2025 388 2223 435; x_wconf 89' lang='lat' dir='ltr'><strong>Rhodio</strong></span> 
     </span>
     <span class='ocr_line' id='line_1_5' title="bbox 136 466 2216 534; baseline 0.001 -18"><span class='ocrx_word' id='word_1_32' title='bbox 136 471 418 534; x_wconf 86' lang='lat' dir='ltr'><strong>assignatur,</strong></span> <span class='ocrx_word' id='word_1_33' title='bbox 460 469 725 534; x_wconf 83' lang='lat' dir='ltr'><strong>neglectam</strong></span> <span class='ocrx_word' id='word_1_34' title='bbox 753 484 780 513; x_wconf 91' lang='lat' dir='ltr'><strong>a</strong></span> <span class='ocrx_word' id='word_1_35' title='bbox 812 466 1054 532; x_wconf 89' lang='lat' dir='ltr'><strong>plerisque</strong></span> <span class='ocrx_word' id='word_1_36' title='bbox 1079 467 1164 532; x_wconf 91' lang='lat' dir='ltr'><strong>qui</strong></span> <span class='ocrx_word' id='word_1_37' title='bbox 1192 467 1452 513; x_wconf 86' lang='lat' dir='ltr'><strong>Aristotelis</strong></span> <span class='ocrx_word' id='word_1_38' title='bbox 1488 469 1665 532; x_wconf 89' lang='lat' dir='ltr'><strong>scripta</strong></span> <span class='ocrx_word' id='word_1_39' title='bbox 1702 470 1907 533; x_wconf 85' lang='lat' dir='ltr'><strong>legendo</strong></span> <span class='ocrx_word' id='word_1_40' title='bbox 1938 482 2216 532; x_wconf 89' lang='lat' dir='ltr'><strong>conterunt,</strong></span> 
     </span>
     <span class='ocr_line' id='line_1_6' title="bbox 139 549 2212 616; baseline 0 -15"><span class='ocrx_word' id='word_1_41' title='bbox 139 554 300 602; x_wconf 89' lang='lat' dir='ltr'><strong>critica</strong></span> <span class='ocrx_word' id='word_1_42' title='bbox 335 553 592 602; x_wconf 85' lang='lat' dir='ltr'><strong>subtilitate</strong></span> <span class='ocrx_word' id='word_1_43' title='bbox 626 549 954 614; x_wconf 85' lang='lat' dir='ltr'><strong>castigandam</strong></span> <span class='ocrx_word' id='word_1_44' title='bbox 989 566 1089 596; x_wconf 90' lang='lat' dir='ltr'><strong>esse</strong></span> <span class='ocrx_word' id='word_1_45' title='bbox 1123 559 1255 596; x_wconf 89' lang='lat' dir='ltr'><strong>ratus</strong></span> <span class='ocrx_word' id='word_1_46' title='bbox 1285 565 1409 597; x_wconf 90' lang='lat' dir='ltr'><strong>sum.</strong></span> <span class='ocrx_word' id='word_1_47' title='bbox 1441 554 1577 597; x_wconf 91' lang='lat' dir='ltr'><strong>Hanc</strong></span> <span class='ocrx_word' id='word_1_48' title='bbox 1616 553 1828 616; x_wconf 89' lang='lat' dir='ltr'><strong>primum</strong></span> <span class='ocrx_word' id='word_1_49' title='bbox 1874 555 1976 601; x_wconf 88' lang='lat' dir='ltr'><strong>sine</strong></span> <span class='ocrx_word' id='word_1_50' title='bbox 2002 556 2212 602; x_wconf 89' lang='lat' dir='ltr'><strong>auctoris</strong></span> 
     </span>
     <span class='ocr_line' id='line_1_7' title="bbox 139 632 2202 701; baseline -0 -15"><span class='ocrx_word' id='word_1_51' title='bbox 139 639 334 686; x_wconf 91' lang='lat' dir='ltr'><strong>nomine</strong></span> <span class='ocrx_word' id='word_1_52' title='bbox 378 635 594 701; x_wconf 86' lang='lat' dir='ltr'><strong>Lugduni</strong></span> <span class='ocrx_word' id='word_1_53' title='bbox 634 637 922 682; x_wconf 88' lang='lat' dir='ltr'><strong>Batavorum</strong></span> <span class='ocrx_word' id='word_1_54' title='bbox 960 649 1006 681; x_wconf 91' lang='lat' dir='ltr'><strong>a.</strong></span> <span class='ocrx_word' id='word_1_55' title='bbox 1060 632 1210 698; x_wconf 88' lang='lat'>1607,</span> <span class='ocrx_word' id='word_1_56' title='bbox 1259 632 1438 680; x_wconf 92' lang='lat' dir='ltr'><strong>deinde</strong></span> <span class='ocrx_word' id='word_1_57' title='bbox 1492 634 1680 697; x_wconf 89' lang='lat' dir='ltr'><strong>adjecto</strong></span> <span class='ocrx_word' id='word_1_58' title='bbox 1736 636 2000 684; x_wconf 90' lang='lat' dir='ltr'><strong>Andronici</strong></span> <span class='ocrx_word' id='word_1_59' title='bbox 2039 638 2202 685; x_wconf 88' lang='lat' dir='ltr'><strong>Rhodi</strong></span> 
     </span>
     <span class='ocr_line' id='line_1_8' title="bbox 138 716 2218 786; baseline 0 -16"><span class='ocrx_word' id='word_1_60' title='bbox 138 722 334 770; x_wconf 91' lang='lat' dir='ltr'><strong>nomine</strong></span> <span class='ocrx_word' id='word_1_61' title='bbox 358 719 616 784; x_wconf 87' lang='lat' dir='ltr'><strong>additaque</strong></span> <span class='ocrx_word' id='word_1_62' title='bbox 660 734 745 765; x_wconf 91' lang='lat' dir='ltr'><strong>sua</strong></span> <span class='ocrx_word' id='word_1_63' title='bbox 790 717 1104 764; x_wconf 86' lang='lat' dir='ltr'><strong>translatione</strong></span> <span class='ocrx_word' id='word_1_64' title='bbox 1154 716 1301 763; x_wconf 89' lang='lat' dir='ltr'><strong>latina</strong></span> <span class='ocrx_word' id='word_1_65' title='bbox 1336 716 1487 764; x_wconf 88' lang='lat' dir='ltr'><strong>edidit</strong></span> <span class='ocrx_word' id='word_1_66' title='bbox 1532 719 1698 766; x_wconf 87' lang='lat' dir='ltr'><strong>Daniel</strong></span> <span class='ocrx_word' id='word_1_67' title='bbox 1735 722 1956 768; x_wconf 89' lang='lat' dir='ltr'><strong>Heinsius</strong></span> <span class='ocrx_word' id='word_1_68' title='bbox 1995 739 2040 770; x_wconf 89' lang='lat' dir='ltr'><strong>a.</strong></span> <span class='ocrx_word' id='word_1_69' title='bbox 2079 723 2218 786; x_wconf 89' lang='lat'>1617.</span> 
     </span>
     <span class='ocr_line' id='line_1_9' title="bbox 139 799 2225 871; baseline 0 -18"><span class='ocrx_word' id='word_1_70' title='bbox 139 808 316 871; x_wconf 84' lang='lat' dir='ltr'><strong>Nempe</strong></span> <span class='ocrx_word' id='word_1_71' title='bbox 345 805 396 852; x_wconf 93' lang='lat' dir='ltr'><strong>in</strong></span> <span class='ocrx_word' id='word_1_72' title='bbox 432 803 601 851; x_wconf 90' lang='lat' dir='ltr'><strong>codice</strong></span> <span class='ocrx_word' id='word_1_73' title='bbox 640 818 787 866; x_wconf 90' lang='lat' dir='ltr'><strong>quem</strong></span> <span class='ocrx_word' id='word_1_74' title='bbox 824 801 1222 866; x_wconf 87' lang='lat' dir='ltr'><strong>pervolutaverat</strong></span> <span class='ocrx_word' id='word_1_75' title='bbox 1264 800 1458 847; x_wconf 86' lang='lat' dir='ltr'><strong>titulum</strong></span> <span class='ocrx_word' id='word_1_76' title='bbox 1488 799 1749 867; x_wconf 77' lang='grc' dir='ltr'>Ἀνδρονίκου</span> <span class='ocrx_word' id='word_1_77' title='bbox 1781 799 1939 852; x_wconf 76' lang='grc' dir='ltr'>Ῥοδίου</span> <span class='ocrx_word' id='word_1_78' title='bbox 1985 809 2225 871; x_wconf 76' lang='grc' dir='ltr'>Περιπατη-</span> 
     </span>
     <span class='ocr_line' id='line_1_10' title="bbox 134 884 2223 953; baseline 0 -17"><span class='ocrx_word' id='word_1_79' title='bbox 134 897 248 936; x_wconf 78' lang='grc' dir='ltr'>τικοῦ</span> <span class='ocrx_word' id='word_1_80' title='bbox 275 891 492 953; x_wconf 79' lang='grc' dir='ltr'>φιλοσόφου</span> <span class='ocrx_word' id='word_1_81' title='bbox 520 903 620 935; x_wconf 90' lang='lat' dir='ltr'><strong>non</strong></span> <span class='ocrx_word' id='word_1_82' title='bbox 656 885 854 949; x_wconf 88' lang='lat' dir='ltr'><strong>quidem</strong></span> <span class='ocrx_word' id='word_1_83' title='bbox 903 885 1163 946; x_wconf 89' lang='lat' dir='ltr'><strong>omissum,</strong></span> <span class='ocrx_word' id='word_1_84' title='bbox 1210 884 1296 932; x_wconf 89' lang='lat' dir='ltr'><strong>sed</strong></span> <span class='ocrx_word' id='word_1_85' title='bbox 1337 884 1523 932; x_wconf 88' lang='lat' dir='ltr'><strong>indocti</strong></span> <span class='ocrx_word' id='word_1_86' title='bbox 1551 886 1763 934; x_wconf 90' lang='lat' dir='ltr'><strong>hominis</strong></span> <span class='ocrx_word' id='word_1_87' title='bbox 1791 906 1940 936; x_wconf 86' lang='lat' dir='ltr'><strong>manu</strong></span> <span class='ocrx_word' id='word_1_88' title='bbox 1977 900 2223 936; x_wconf 86' lang='lat' dir='ltr'><strong>exaratum</strong></span> 
     </span>
     <span class='ocr_line' id='line_1_11' title="bbox 135 968 2224 1035; baseline -0 -15"><span class='ocrx_word' id='word_1_89' title='bbox 135 971 399 1020; x_wconf 84' lang='lat' dir='ltr'><strong>invenerat.</strong></span> <span class='ocrx_word' id='word_1_90' title='bbox 441 975 547 1019; x_wconf 68' lang='lat' dir='ltr'><strong>,lam</strong></span> <span class='ocrx_word' id='word_1_91' title='bbox 584 986 700 1018; x_wconf 84' lang='lat' dir='ltr'><strong>vero</strong></span> <span class='ocrx_word' id='word_1_92' title='bbox 729 986 784 1016; x_wconf 89' lang='lat' dir='ltr'><strong>ea</strong></span> <span class='ocrx_word' id='word_1_93' title='bbox 822 979 894 1016; x_wconf 89' lang='lat' dir='ltr'><strong>est</strong></span> <span class='ocrx_word' id='word_1_94' title='bbox 920 968 1068 1034; x_wconf 87' lang='lat' dir='ltr'><strong>hujus</strong></span> <span class='ocrx_word' id='word_1_95' title='bbox 1092 968 1314 1035; x_wconf 87' lang='lat' dir='ltr'><strong>opusculi</strong></span> <span class='ocrx_word' id='word_1_96' title='bbox 1342 969 1647 1030; x_wconf 83' lang='lat' dir='ltr'><strong>excellentia,</strong></span> <span class='ocrx_word' id='word_1_97' title='bbox 1674 980 1728 1018; x_wconf 91' lang='lat' dir='ltr'><strong>ut</strong></span> <span class='ocrx_word' id='word_1_98' title='bbox 1760 971 1869 1034; x_wconf 89' lang='lat' dir='ltr'><strong>jure</strong></span> <span class='ocrx_word' id='word_1_99' title='bbox 1895 973 2224 1021; x_wconf 86' lang='lat' dir='ltr'><strong>Andronicum</strong></span> 
     </span>
     <span class='ocr_line' id='line_1_12' title="bbox 138 1054 2223 1122; baseline -0.002 -16"><span class='ocrx_word' id='word_1_100' title='bbox 138 1057 241 1122; x_wconf 85' lang='lat' dir='ltr'><strong>ejus</strong></span> <span class='ocrx_word' id='word_1_101' title='bbox 260 1058 520 1122; x_wconf 57' lang='lat' dir='ltr'><strong>{auctorem</strong></span> <span class='ocrx_word' id='word_1_102' title='bbox 552 1071 806 1120; x_wconf 85' lang='lat' dir='ltr'><strong>agnoscere</strong></span> <span class='ocrx_word' id='word_1_103' title='bbox 848 1071 1103 1119; x_wconf 80' lang='lat' dir='ltr'><strong>queamus,</strong></span> <span class='ocrx_word' id='word_1_104' title='bbox 1134 1056 1301 1117; x_wconf 89' lang='lat' dir='ltr'><strong>ltaque</strong></span> <span class='ocrx_word' id='word_1_105' title='bbox 1347 1054 1492 1100; x_wconf 89' lang='lat' dir='ltr'><strong>etiam</strong></span> <span class='ocrx_word' id='word_1_106' title='bbox 1532 1054 1713 1100; x_wconf 91' lang='lat' dir='ltr'><strong>Heinsii</strong></span> <span class='ocrx_word' id='word_1_107' title='bbox 1759 1054 1996 1102; x_wconf 91' lang='lat' dir='ltr'><strong>industria</strong></span> <span class='ocrx_word' id='word_1_108' title='bbox 2032 1055 2223 1102; x_wconf 87' lang='lat' dir='ltr'><strong>laudata</strong></span> 
     </span>
     <span class='ocr_line' id='line_1_13' title="bbox 134 1134 2219 1205; baseline -0.001 -16"><span class='ocrx_word' id='word_1_109' title='bbox 134 1151 206 1189; x_wconf 87' lang='lat' dir='ltr'><strong>est</strong></span> <span class='ocrx_word' id='word_1_110' title='bbox 234 1158 263 1188; x_wconf 88' lang='lat' dir='ltr'><strong>a</strong></span> <span class='ocrx_word' id='word_1_111' title='bbox 291 1140 575 1189; x_wconf 90' lang='lat' dir='ltr'><strong>Casaubono</strong></span> <span class='ocrx_word' id='word_1_112' title='bbox 612 1140 704 1205; x_wconf 85' lang='lat'><strong>(2),</strong></span> <span class='ocrx_word' id='word_1_113' title='bbox 728 1139 861 1204; x_wconf 93' lang='lat' dir='ltr'><strong>quod</strong></span> <span class='ocrx_word' id='word_1_114' title='bbox 894 1140 1131 1202; x_wconf 87' lang='lat' dir='ltr'><strong>insignem</strong></span> <span class='ocrx_word' id='word_1_115' title='bbox 1159 1134 1500 1202; x_wconf 84' lang='lat' dir='ltr'><strong>paraphrasin,</strong></span> <span class='ocrx_word' id='word_1_116' title='bbox 1536 1153 1643 1199; x_wconf 83' lang='lat' dir='ltr'><strong>quae</strong></span> <span class='ocrx_word' id='word_1_117' title='bbox 1668 1135 1811 1199; x_wconf 86' lang='lat' dir='ltr'><strong>longe</strong></span> <span class='ocrx_word' id='word_1_118' title='bbox 1849 1149 2099 1202; x_wconf 81' lang='lat' dir='ltr'><strong>praestaret</strong></span> <span class='ocrx_word' id='word_1_119' title='bbox 2125 1143 2219 1186; x_wconf 90' lang='lat' dir='ltr'><strong>Eu-</strong></span> 
     </span>
     <span class='ocr_line' id='line_1_14' title="bbox 74 1212 2222 1288; baseline -0.001 -15"><span class='ocrx_word' id='word_1_120' title='bbox 74 1240 78 1244; x_wconf 88' lang='grc'><em>·</em></span> <span class='ocrx_word' id='word_1_121' title='bbox 135 1212 319 1286; x_wconf 86' lang='lat' dir='ltr'><strong>stratio,</strong></span> <span class='ocrx_word' id='word_1_122' title='bbox 342 1225 393 1273; x_wconf 93' lang='lat' dir='ltr'><strong>in</strong></span> <span class='ocrx_word' id='word_1_123' title='bbox 423 1224 582 1272; x_wconf 91' lang='lat' dir='ltr'><strong>lucem</strong></span> <span class='ocrx_word' id='word_1_124' title='bbox 605 1223 909 1288; x_wconf 86' lang='lat' dir='ltr'><strong>protulisset.</strong></span> <span class='ocrx_word' id='word_1_125' title='bbox 943 1221 1272 1279; x_wconf 88' lang='lat' dir='ltr'><strong>Quamobrem</strong></span> <span class='ocrx_word' id='word_1_126' title='bbox 1303 1220 1499 1284; x_wconf 88' lang='lat' dir='ltr'><strong>dignam</strong></span> <span class='ocrx_word' id='word_1_127' title='bbox 1520 1219 1663 1280; x_wconf 83' lang='lat' dir='ltr'><strong>duxi,</strong></span> <span class='ocrx_word' id='word_1_128' title='bbox 1691 1237 1839 1284; x_wconf 92' lang='lat' dir='ltr'><strong>quam</strong></span> <span class='ocrx_word' id='word_1_129' title='bbox 1871 1222 2055 1270; x_wconf 88' lang='lat' dir='ltr'><strong>collatis</strong></span> <span class='ocrx_word' id='word_1_130' title='bbox 2081 1241 2222 1288; x_wconf 90' lang='lat' dir='ltr'><strong>supe-</strong></span> 
     </span>
     <span class='ocr_line' id='line_1_15' title="bbox 134 1304 2224 1369; baseline -0.001 -13"><span class='ocrx_word' id='word_1_131' title='bbox 134 1308 343 1356; x_wconf 88' lang='lat' dir='ltr'><strong>rioribus</strong></span> <span class='ocrx_word' id='word_1_132' title='bbox 388 1306 679 1355; x_wconf 89' lang='lat' dir='ltr'><strong>editionibus</strong></span> <span class='ocrx_word' id='word_1_133' title='bbox 730 1306 1029 1369; x_wconf 85' lang='lat' dir='ltr'><strong>recognitam</strong></span> <span class='ocrx_word' id='word_1_134' title='bbox 1086 1314 1135 1352; x_wconf 89' lang='lat' dir='ltr'><strong>et</strong></span> <span class='ocrx_word' id='word_1_135' title='bbox 1183 1304 1330 1351; x_wconf 84' lang='lat' dir='ltr'><strong>latine</strong></span> <span class='ocrx_word' id='word_1_136' title='bbox 1387 1320 1576 1351; x_wconf 88' lang='lat' dir='ltr'><strong>versam</strong></span> <span class='ocrx_word' id='word_1_137' title='bbox 1637 1304 2065 1369; x_wconf 85' lang='lat' dir='ltr'><strong>Peripateticorum</strong></span> <span class='ocrx_word' id='word_1_138' title='bbox 2131 1306 2224 1352; x_wconf 87' lang='lat' dir='ltr'><strong>fra-</strong></span> 
     </span>
     <span class='ocr_line' id='line_1_16' title="bbox 139 1391 653 1456; baseline -0.002 -17"><span class='ocrx_word' id='word_1_139' title='bbox 139 1393 344 1456; x_wconf 88' lang='lat' dir='ltr'><strong>gmentis</strong></span> <span class='ocrx_word' id='word_1_140' title='bbox 376 1391 653 1456; x_wconf 88' lang='lat' dir='ltr'><strong>adjicerem.</strong></span> 
     </span>
    </p>

    <p class='ocr_par' dir='ltr' id='par_1_3' title="bbox 133 1470 2224 1706">
     <span class='ocr_line' id='line_1_17' title="bbox 200 1470 2224 1539; baseline -0 -16"><span class='ocrx_word' id='word_1_141' title='bbox 200 1475 434 1539; x_wconf 88' lang='lat' dir='ltr'><strong>Subjunxi</strong></span> <span class='ocrx_word' id='word_1_142' title='bbox 478 1475 590 1522; x_wconf 89' lang='lat' dir='ltr'><strong>huic</strong></span> <span class='ocrx_word' id='word_1_143' title='bbox 634 1474 928 1539; x_wconf 87' lang='lat' dir='ltr'><strong>antiquitatis</strong></span> <span class='ocrx_word' id='word_1_144' title='bbox 979 1482 1298 1520; x_wconf 89' lang='lat' dir='ltr'><strong>monumento</strong></span> <span class='ocrx_word' id='word_1_145' title='bbox 1342 1470 1607 1518; x_wconf 87' lang='lat' dir='ltr'><strong>Andronici</strong></span> <span class='ocrx_word' id='word_1_146' title='bbox 1658 1471 1720 1518; x_wconf 92' lang='lat' dir='ltr'><strong>de</strong></span> <span class='ocrx_word' id='word_1_147' title='bbox 1766 1473 1919 1519; x_wconf 89' lang='lat' dir='ltr'><strong>animi</strong></span> <span class='ocrx_word' id='word_1_148' title='bbox 1970 1474 2224 1522; x_wconf 87' lang='lat' dir='ltr'><strong>affectibus</strong></span> 
     </span>
     <span class='ocr_line' id='line_1_18' title="bbox 133 1555 2223 1621; baseline -0 -13"><span class='ocrx_word' id='word_1_149' title='bbox 133 1559 377 1619; x_wconf 91' lang='lat' dir='ltr'><strong>libellum,</strong></span> <span class='ocrx_word' id='word_1_150' title='bbox 407 1575 634 1606; x_wconf 89' lang='lat' dir='ltr'><strong>mancum</strong></span> <span class='ocrx_word' id='word_1_151' title='bbox 661 1558 797 1604; x_wconf 89' lang='lat' dir='ltr'><strong>illum</strong></span> <span class='ocrx_word' id='word_1_152' title='bbox 829 1557 1027 1621; x_wconf 90' lang='lat' dir='ltr'><strong>quidem</strong></span> <span class='ocrx_word' id='word_1_153' title='bbox 1059 1566 1206 1620; x_wconf 88' lang='lat' dir='ltr'><strong>atque</strong></span> <span class='ocrx_word' id='word_1_154' title='bbox 1243 1573 1271 1602; x_wconf 88' lang='lat' dir='ltr'><strong>a</strong></span> <span class='ocrx_word' id='word_1_155' title='bbox 1296 1555 1502 1603; x_wconf 89' lang='lat' dir='ltr'><strong>librariis</strong></span> <span class='ocrx_word' id='word_1_156' title='bbox 1530 1556 1654 1602; x_wconf 89' lang='lat' dir='ltr'><strong>male</strong></span> <span class='ocrx_word' id='word_1_157' title='bbox 1675 1556 1923 1618; x_wconf 91' lang='lat' dir='ltr'><strong>habitum,</strong></span> <span class='ocrx_word' id='word_1_158' title='bbox 1952 1559 2036 1606; x_wconf 93' lang='lat' dir='ltr'><strong>sed</strong></span> <span class='ocrx_word' id='word_1_159' title='bbox 2069 1577 2096 1606; x_wconf 90' lang='lat' dir='ltr'><strong>a</strong></span> <span class='ocrx_word' id='word_1_160' title='bbox 2129 1565 2223 1607; x_wconf 88' lang='lat' dir='ltr'><strong>Da-</strong></span> 
     </span>
     <span class='ocr_line' id='line_1_19' title="bbox 136 1639 2224 1706; baseline 0 -16"><span class='ocrx_word' id='word_1_161' title='bbox 136 1643 258 1691; x_wconf 89' lang='lat' dir='ltr'><strong>niele</strong></span> <span class='ocrx_word' id='word_1_162' title='bbox 290 1643 486 1690; x_wconf 90' lang='lat' dir='ltr'><strong>Heinsio</strong></span> <span class='ocrx_word' id='word_1_163' title='bbox 535 1659 591 1689; x_wconf 88' lang='lat' dir='ltr'><strong>ex</strong></span> <span class='ocrx_word' id='word_1_164' title='bbox 641 1641 814 1689; x_wconf 93' lang='lat' dir='ltr'><strong>eodem</strong></span> <span class='ocrx_word' id='word_1_165' title='bbox 841 1641 1033 1700; x_wconf 92' lang='lat' dir='ltr'><strong>codice,</strong></span> <span class='ocrx_word' id='word_1_166' title='bbox 1079 1639 1164 1704; x_wconf 92' lang='lat' dir='ltr'><strong>qui</strong></span> <span class='ocrx_word' id='word_1_167' title='bbox 1203 1640 1522 1704; x_wconf 88' lang='lat' dir='ltr'><strong>paraphrasin</strong></span> <span class='ocrx_word' id='word_1_168' title='bbox 1564 1641 1802 1701; x_wconf 88' lang='lat' dir='ltr'><strong>continet,</strong></span> <span class='ocrx_word' id='word_1_169' title='bbox 1840 1652 1985 1706; x_wconf 90' lang='lat' dir='ltr'><strong>atque</strong></span> <span class='ocrx_word' id='word_1_170' title='bbox 2027 1660 2080 1689; x_wconf 90' lang='lat' dir='ltr'><strong>ex</strong></span> <span class='ocrx_word' id='word_1_171' title='bbox 2122 1644 2224 1689; x_wconf 87' lang='lat' dir='ltr'><strong>aliis</strong></span> 
     </span>
    </p>
   </div>
   <div class='ocr_carea' id='block_1_3' title="bbox 136 1720 2225 1872">
    <p class='ocr_par' dir='ltr' id='par_1_4' title="bbox 136 1720 2225 1872">
     <span class='ocr_line' id='line_1_20' title="bbox 136 1720 1778 1791; baseline -0.002 -17"><span class='ocrx_word' id='word_1_172' title='bbox 136 1725 424 1791; x_wconf 89' lang='lat' dir='ltr'><strong>quibusdam</strong></span> <span class='ocrx_word' id='word_1_173' title='bbox 460 1725 782 1785; x_wconf 89' lang='lat' dir='ltr'><strong>membranis,</strong></span> <span class='ocrx_word' id='word_1_174' title='bbox 805 1735 860 1772; x_wconf 88' lang='lat' dir='ltr'><strong>ut</strong></span> <span class='ocrx_word' id='word_1_175' title='bbox 900 1740 1004 1771; x_wconf 88' lang='lat' dir='ltr'><strong>mea</strong></span> <span class='ocrx_word' id='word_1_176' title='bbox 1037 1723 1130 1770; x_wconf 90' lang='lat' dir='ltr'><strong>fert</strong></span> <span class='ocrx_word' id='word_1_177' title='bbox 1174 1722 1377 1787; x_wconf 84' lang='lat' dir='ltr'><strong>opiniO,</strong></span> <span class='ocrx_word' id='word_1_178' title='bbox 1414 1720 1778 1785; x_wconf 86' lang='lat' dir='ltr'><strong>depromptum.</strong></span> 
     </span>
     <span class='ocr_line' id='line_1_21' title="bbox 201 1803 2225 1872; baseline 0 -18"><span class='ocrx_word' id='word_1_179' title='bbox 201 1809 307 1872; x_wconf 89' lang='lat' dir='ltr'><strong>Ipse</strong></span> <span class='ocrx_word' id='word_1_180' title='bbox 343 1806 472 1853; x_wconf 90' lang='lat' dir='ltr'><strong>enim</strong></span> <span class='ocrx_word' id='word_1_181' title='bbox 520 1805 612 1852; x_wconf 89' lang='lat' dir='ltr'><strong>hac</strong></span> <span class='ocrx_word' id='word_1_182' title='bbox 659 1805 720 1852; x_wconf 93' lang='lat' dir='ltr'><strong>de</strong></span> <span class='ocrx_word' id='word_1_183' title='bbox 765 1822 818 1852; x_wconf 89' lang='lat' dir='ltr'><strong>re</strong></span> <span class='ocrx_word' id='word_1_184' title='bbox 857 1804 977 1851; x_wconf 91' lang='lat' dir='ltr'><strong>silet.</strong></span> <span class='ocrx_word' id='word_1_185' title='bbox 1031 1806 1129 1852; x_wconf 90' lang='lat' dir='ltr'><strong>Etsi</strong></span> <span class='ocrx_word' id='word_1_186' title='bbox 1168 1821 1283 1852; x_wconf 90' lang='lat' dir='ltr'><strong>vero</strong></span> <span class='ocrx_word' id='word_1_187' title='bbox 1331 1820 1485 1851; x_wconf 86' lang='lat' dir='ltr'><strong>novos</strong></span> <span class='ocrx_word' id='word_1_188' title='bbox 1523 1803 1791 1852; x_wconf 88' lang='lat' dir='ltr'><strong>lectionum</strong></span> <span class='ocrx_word' id='word_1_189' title='bbox 1831 1806 1990 1852; x_wconf 89' lang='lat' dir='ltr'><strong>fontes</strong></span> <span class='ocrx_word' id='word_1_190' title='bbox 2041 1809 2225 1872; x_wconf 88' lang='lat' dir='ltr'><strong>aperire</strong></span> 
     </span>
    </p>
   </div>
   <div class='ocr_carea' id='block_1_4' title="bbox 134 1885 2226 2797">
    <p class='ocr_par' dir='ltr' id='par_1_5' title="bbox 139 1885 2223 2038">
     <span class='ocr_line' id='line_1_22' title="bbox 142 1885 2223 1953; baseline 0 -16"><span class='ocrx_word' id='word_1_191' title='bbox 142 1889 261 1938; x_wconf 87' lang='lat' dir='ltr'><strong>mihi</strong></span> <span class='ocrx_word' id='word_1_192' title='bbox 301 1906 400 1937; x_wconf 91' lang='lat' dir='ltr'><strong>non</strong></span> <span class='ocrx_word' id='word_1_193' title='bbox 429 1889 648 1953; x_wconf 83' lang='lat' dir='ltr'><strong>contigit,</strong></span> <span class='ocrx_word' id='word_1_194' title='bbox 691 1888 741 1935; x_wconf 93' lang='lat' dir='ltr'><strong>id</strong></span> <span class='ocrx_word' id='word_1_195' title='bbox 781 1899 940 1935; x_wconf 89' lang='lat' dir='ltr'><strong>tamen</strong></span> <span class='ocrx_word' id='word_1_196' title='bbox 967 1888 1155 1950; x_wconf 88' lang='lat' dir='ltr'><strong>studui,</strong></span> <span class='ocrx_word' id='word_1_197' title='bbox 1183 1898 1237 1935; x_wconf 88' lang='lat' dir='ltr'><strong>ut</strong></span> <span class='ocrx_word' id='word_1_198' title='bbox 1272 1888 1400 1934; x_wconf 92' lang='lat' dir='ltr'><strong>hanc</strong></span> <span class='ocrx_word' id='word_1_199' title='bbox 1438 1885 1903 1952; x_wconf 89' lang='lat' dir='ltr'><strong>disputatiunculam</strong></span> <span class='ocrx_word' id='word_1_200' title='bbox 1937 1890 2223 1937; x_wconf 88' lang='lat' dir='ltr'><strong>inculcatam</strong></span> 
     </span>
     <span class='ocr_line' id='line_1_23' title="bbox 139 1970 1990 2038; baseline 0.001 -20"><span class='ocrx_word' id='word_1_201' title='bbox 139 1970 320 2019; x_wconf 87' lang='lat' dir='ltr'><strong>crebris</strong></span> <span class='ocrx_word' id='word_1_202' title='bbox 358 1972 476 2022; x_wconf 88' lang='lat' dir='ltr'><strong>locis</strong></span> <span class='ocrx_word' id='word_1_203' title='bbox 518 1983 566 2020; x_wconf 90' lang='lat' dir='ltr'><strong>et</strong></span> <span class='ocrx_word' id='word_1_204' title='bbox 601 1973 827 2020; x_wconf 89' lang='lat' dir='ltr'><strong>refectam</strong></span> <span class='ocrx_word' id='word_1_205' title='bbox 861 1973 1103 2038; x_wconf 89' lang='lat' dir='ltr'><strong>latineque</strong></span> <span class='ocrx_word' id='word_1_206' title='bbox 1141 1972 1381 2020; x_wconf 86' lang='lat' dir='ltr'><strong>redditam</strong></span> <span class='ocrx_word' id='word_1_207' title='bbox 1425 1971 1475 2017; x_wconf 91' lang='lat' dir='ltr'><strong>in</strong></span> <span class='ocrx_word' id='word_1_208' title='bbox 1507 1970 1667 2018; x_wconf 91' lang='lat' dir='ltr'><strong>lucem</strong></span> <span class='ocrx_word' id='word_1_209' title='bbox 1693 1988 1990 2020; x_wconf 88' lang='lat' dir='ltr'><strong>revocarem.</strong></span> 
     </span>
    </p>

    <p class='ocr_par' dir='ltr' id='par_1_6' title="bbox 136 2054 2223 2204">
     <span class='ocr_line' id='line_1_24' title="bbox 201 2054 2223 2122; baseline 0.001 -21"><span class='ocrx_word' id='word_1_210' title='bbox 201 2057 268 2101; x_wconf 89' lang='lat' dir='ltr'><strong>lta</strong></span> <span class='ocrx_word' id='word_1_211' title='bbox 300 2054 443 2119; x_wconf 76' lang='lat' dir='ltr'><strong>spe‘ro</strong></span> <span class='ocrx_word' id='word_1_212' title='bbox 474 2055 597 2116; x_wconf 89' lang='lat' dir='ltr'><strong>fore,</strong></span> <span class='ocrx_word' id='word_1_213' title='bbox 637 2066 691 2103; x_wconf 89' lang='lat' dir='ltr'><strong>ut</strong></span> <span class='ocrx_word' id='word_1_214' title='bbox 726 2057 920 2103; x_wconf 88' lang='lat' dir='ltr'><strong>tertium</strong></span> <span class='ocrx_word' id='word_1_215' title='bbox 960 2074 1156 2122; x_wconf 87' lang='lat' dir='ltr'><strong>quoque</strong></span> <span class='ocrx_word' id='word_1_216' title='bbox 1189 2057 1334 2120; x_wconf 90' lang='lat' dir='ltr'><strong>hujus</strong></span> <span class='ocrx_word' id='word_1_217' title='bbox 1368 2055 1527 2120; x_wconf 90' lang='lat' dir='ltr'><strong>operis</strong></span> <span class='ocrx_word' id='word_1_218' title='bbox 1566 2055 1791 2103; x_wconf 87' lang='lat' dir='ltr'><strong>volumen</strong></span> <span class='ocrx_word' id='word_1_219' title='bbox 1818 2057 1994 2103; x_wconf 87' lang='lat' dir='ltr'><strong>veteris</strong></span> <span class='ocrx_word' id='word_1_220' title='bbox 2033 2059 2223 2122; x_wconf 89' lang='lat' dir='ltr'><strong>sapien-</strong></span> 
     </span>
     <span class='ocr_line' id='line_1_25' title="bbox 136 2137 751 2204; baseline 0.005 -21"><span class='ocrx_word' id='word_1_221' title='bbox 136 2137 214 2184; x_wconf 84' lang='lat' dir='ltr'><strong>tiae</strong></span> <span class='ocrx_word' id='word_1_222' title='bbox 247 2137 471 2185; x_wconf 87' lang='lat' dir='ltr'><strong>studiosis</strong></span> <span class='ocrx_word' id='word_1_223' title='bbox 502 2140 751 2204; x_wconf 89' lang='lat' dir='ltr'><strong>probetur.</strong></span> 
     </span>
    </p>

    <p class='ocr_par' dir='ltr' id='par_1_7' title="bbox 134 2222 2226 2622">
     <span class='ocr_line' id='line_1_26' title="bbox 200 2222 2226 2283; baseline 0.001 -16"><span class='ocrx_word' id='word_1_224' title='bbox 200 2222 434 2268; x_wconf 86' lang='lat' dir='ltr'><strong>Caeterum</strong></span> <span class='ocrx_word' id='word_1_225' title='bbox 477 2222 696 2269; x_wconf 83' lang='lat' dir='ltr'><strong>maximis</strong></span> <span class='ocrx_word' id='word_1_226' title='bbox 734 2222 959 2270; x_wconf 89' lang='lat' dir='ltr'><strong>laudibus</strong></span> <span class='ocrx_word' id='word_1_227' title='bbox 994 2223 1268 2270; x_wconf 89' lang='lat' dir='ltr'><strong>efferendus</strong></span> <span class='ocrx_word' id='word_1_228' title='bbox 1308 2235 1379 2271; x_wconf 89' lang='lat' dir='ltr'><strong>est</strong></span> <span class='ocrx_word' id='word_1_229' title='bbox 1425 2223 1646 2270; x_wconf 89' lang='lat' dir='ltr'><strong>Alfredus</strong></span> <span class='ocrx_word' id='word_1_230' title='bbox 1667 2225 1908 2270; x_wconf 89' lang='lat' dir='ltr'><strong>Firminus</strong></span> <span class='ocrx_word' id='word_1_231' title='bbox 1942 2225 2114 2283; x_wconf 90' lang='lat' dir='ltr'><strong>Didot,</strong></span> <span class='ocrx_word' id='word_1_232' title='bbox 2153 2226 2226 2271; x_wconf 88' lang='lat' dir='ltr'><strong>vir</strong></span> 
     </span>
     <span class='ocr_line' id='line_1_27' title="bbox 135 2304 2224 2371; baseline 0.001 -21"><span class='ocrx_word' id='word_1_233' title='bbox 135 2304 365 2367; x_wconf 85' lang='lat' dir='ltr'><strong>egregius,</strong></span> <span class='ocrx_word' id='word_1_234' title='bbox 395 2304 665 2352; x_wconf 90' lang='lat' dir='ltr'><strong>studiorum</strong></span> <span class='ocrx_word' id='word_1_235' title='bbox 711 2305 1021 2353; x_wconf 87' lang='lat' dir='ltr'><strong>humanitatis</strong></span> <span class='ocrx_word' id='word_1_236' title='bbox 1056 2323 1113 2353; x_wconf 94' lang='grc'>30</span> <span class='ocrx_word' id='word_1_237' title='bbox 1145 2306 1412 2354; x_wconf 89' lang='lat' dir='ltr'><strong>litterarum</strong></span> <span class='ocrx_word' id='word_1_238' title='bbox 1441 2307 1601 2354; x_wconf 89' lang='lat' dir='ltr'><strong>fautor</strong></span> <span class='ocrx_word' id='word_1_239' title='bbox 1631 2317 1678 2353; x_wconf 92' lang='lat' dir='ltr'><strong>et</strong></span> <span class='ocrx_word' id='word_1_240' title='bbox 1709 2308 1932 2367; x_wconf 85' lang='lat' dir='ltr'><strong>antistes,</strong></span> <span class='ocrx_word' id='word_1_241' title='bbox 1962 2308 2043 2370; x_wconf 88' lang='lat' dir='ltr'><strong>qui</strong></span> <span class='ocrx_word' id='word_1_242' title='bbox 2079 2308 2224 2371; x_wconf 86' lang='lat' dir='ltr'><strong>patris</strong></span> 
     </span>
     <span class='ocr_line' id='line_1_28' title="bbox 136 2384 2224 2456; baseline 0.001 -22"><span class='ocrx_word' id='word_1_243' title='bbox 136 2384 329 2451; x_wconf 81' lang='lat' dir='ltr'><strong>vestigia</strong></span> <span class='ocrx_word' id='word_1_244' title='bbox 368 2399 650 2452; x_wconf 87' lang='lat' dir='ltr'><strong>persecutus</strong></span> <span class='ocrx_word' id='word_1_245' title='bbox 699 2389 1047 2436; x_wconf 88' lang='lat' dir='ltr'><strong>Bibliothecam</strong></span> <span class='ocrx_word' id='word_1_246' title='bbox 1099 2391 1337 2450; x_wconf 83' lang='lat' dir='ltr'><strong>Graecam,</strong></span> <span class='ocrx_word' id='word_1_247' title='bbox 1391 2391 1739 2456; x_wconf 90' lang='lat' dir='ltr'><strong>amplissimum</strong></span> <span class='ocrx_word' id='word_1_248' title='bbox 1797 2391 1958 2437; x_wconf 84' lang='lat' dir='ltr'><strong>solidae</strong></span> <span class='ocrx_word' id='word_1_249' title='bbox 2008 2408 2224 2455; x_wconf 79' lang='lat' dir='ltr'><strong>veraeque</strong></span> 
     </span>
     <span class='ocr_line' id='line_1_29' title="bbox 135 2470 2223 2538; baseline 0 -20"><span class='ocrx_word' id='word_1_250' title='bbox 135 2470 296 2535; x_wconf 85' lang='lat' dir='ltr'><strong>gloriae</strong></span> <span class='ocrx_word' id='word_1_251' title='bbox 348 2483 743 2533; x_wconf 90' lang='lat' dir='ltr'><strong>monumentum,</strong></span> <span class='ocrx_word' id='word_1_252' title='bbox 803 2475 867 2520; x_wconf 89' lang='lat' dir='ltr'><strong>ita</strong></span> <span class='ocrx_word' id='word_1_253' title='bbox 917 2474 1149 2534; x_wconf 89' lang='lat' dir='ltr'><strong>instituit,</strong></span> <span class='ocrx_word' id='word_1_254' title='bbox 1203 2484 1255 2520; x_wconf 92' lang='lat' dir='ltr'><strong>ut</strong></span> <span class='ocrx_word' id='word_1_255' title='bbox 1298 2475 1456 2521; x_wconf 89' lang='lat' dir='ltr'><strong>omnis</strong></span> <span class='ocrx_word' id='word_1_256' title='bbox 1492 2475 1680 2538; x_wconf 87' lang='lat' dir='ltr'><strong>generis</strong></span> <span class='ocrx_word' id='word_1_257' title='bbox 1723 2475 2223 2538; x_wconf 78' lang='lat' dir='ltr'><strong>praestantissimorum</strong></span> 
     </span>
     <span class='ocr_line' id='line_1_30' title="bbox 134 2555 871 2622; baseline 0.005 -20"><span class='ocrx_word' id='word_1_258' title='bbox 134 2555 425 2620; x_wconf 89' lang='lat' dir='ltr'><strong>scriptorum</strong></span> <span class='ocrx_word' id='word_1_259' title='bbox 466 2559 605 2622; x_wconf 91' lang='lat' dir='ltr'><strong>copia</strong></span> <span class='ocrx_word' id='word_1_260' title='bbox 639 2557 871 2606; x_wconf 88' lang='lat' dir='ltr'><strong>abundet.</strong></span> 
     </span>
    </p>

    <p class='ocr_par' dir='ltr' id='par_1_8' title="bbox 136 2640 2218 2797">
     <span class='ocr_line' id='line_1_31' title="bbox 192 2640 2218 2711; baseline 0.001 -26"><span class='ocrx_word' id='word_1_261' title='bbox 192 2640 427 2696; x_wconf 88' lang='lat' dir='ltr'><strong>Quartum</strong></span> <span class='ocrx_word' id='word_1_262' title='bbox 473 2650 634 2688; x_wconf 90' lang='lat' dir='ltr'><strong>autem</strong></span> <span class='ocrx_word' id='word_1_263' title='bbox 681 2643 909 2691; x_wconf 85' lang='lat' dir='ltr'><strong>volumen</strong></span> <span class='ocrx_word' id='word_1_264' title='bbox 957 2663 1069 2694; x_wconf 90' lang='lat' dir='ltr'><strong>cum</strong></span> <span class='ocrx_word' id='word_1_265' title='bbox 1120 2648 1327 2694; x_wconf 87' lang='lat' dir='ltr'><strong>aliorum</strong></span> <span class='ocrx_word' id='word_1_266' title='bbox 1380 2662 1490 2711; x_wconf 83' lang='lat' dir='ltr'><strong>quae</strong></span> <span class='ocrx_word' id='word_1_267' title='bbox 1538 2645 1759 2692; x_wconf 85' lang='lat' dir='ltr'><strong>feruntur</strong></span> <span class='ocrx_word' id='word_1_268' title='bbox 1806 2641 2218 2708; x_wconf 88' lang='lat' dir='ltr'><strong>philosophorum</strong></span> 
     </span>
     <span class='ocr_line' id='line_1_32' title="bbox 136 2721 2212 2797; baseline 0.002 -29"><span class='ocrx_word' id='word_1_269' title='bbox 136 2721 415 2786; x_wconf 85' lang='lat' dir='ltr'><strong>fragmenta,</strong></span> <span class='ocrx_word' id='word_1_270' title='bbox 442 2733 544 2771; x_wconf 89' lang='lat' dir='ltr'><strong>tum</strong></span> <span class='ocrx_word' id='word_1_271' title='bbox 562 2726 836 2774; x_wconf 90' lang='lat' dir='ltr'><strong>Stoicorum</strong></span> <span class='ocrx_word' id='word_1_272' title='bbox 862 2739 1007 2793; x_wconf 89' lang='lat' dir='ltr'><strong>atque</strong></span> <span class='ocrx_word' id='word_1_273' title='bbox 1032 2732 1379 2795; x_wconf 87' lang='lat' dir='ltr'><strong>Epicureorum</strong></span> <span class='ocrx_word' id='word_1_274' title='bbox 1409 2731 1778 2797; x_wconf 87' lang='lat' dir='ltr'><strong>disputationes,</strong></span> <span class='ocrx_word' id='word_1_275' title='bbox 1797 2747 1915 2794; x_wconf 89' lang='lat' dir='ltr'><strong>quas</strong></span> <span class='ocrx_word' id='word_1_276' title='bbox 1938 2729 2052 2775; x_wconf 89' lang='lat' dir='ltr'><strong>huic</strong></span> <span class='ocrx_word' id='word_1_277' title='bbox 2079 2738 2212 2774; x_wconf 90' lang='lat' dir='ltr'><strong>tomo</strong></span> 
     </span>
    </p>
   </div>
   <div class='ocr_carea' id='block_1_5' title="bbox 136 2805 2215 2938">
    <p class='ocr_par' dir='ltr' id='par_1_9' title="bbox 136 2805 2215 2938">
     <span class='ocr_line' id='line_1_33' title="bbox 136 2805 2215 2877; baseline 0.002 -25"><span class='ocrx_word' id='word_1_278' title='bbox 136 2805 345 2854; x_wconf 88' lang='lat' dir='ltr'><strong>inserere</strong></span> <span class='ocrx_word' id='word_1_279' title='bbox 374 2806 442 2854; x_wconf 88' lang='lat' dir='ltr'><strong>fas</strong></span> <span class='ocrx_word' id='word_1_280' title='bbox 465 2808 583 2855; x_wconf 87' lang='lat' dir='ltr'><strong>mihi</strong></span> <span class='ocrx_word' id='word_1_281' title='bbox 615 2826 716 2857; x_wconf 90' lang='lat' dir='ltr'><strong>esse</strong></span> <span class='ocrx_word' id='word_1_282' title='bbox 750 2828 849 2858; x_wconf 92' lang='lat' dir='ltr'><strong>non</strong></span> <span class='ocrx_word' id='word_1_283' title='bbox 876 2814 1058 2877; x_wconf 88' lang='lat' dir='ltr'><strong>putavi,</strong></span> <span class='ocrx_word' id='word_1_284' title='bbox 1089 2832 1200 2862; x_wconf 87' lang='lat' dir='ltr'><strong>cum</strong></span> <span class='ocrx_word' id='word_1_285' title='bbox 1231 2814 1473 2862; x_wconf 88' lang='lat' dir='ltr'><strong>indicibus</strong></span> <span class='ocrx_word' id='word_1_286' title='bbox 1505 2831 1668 2862; x_wconf 90' lang='lat' dir='ltr'><strong>rerum</strong></span> <span class='ocrx_word' id='word_1_287' title='bbox 1694 2824 1742 2862; x_wconf 93' lang='lat' dir='ltr'><strong>et</strong></span> <span class='ocrx_word' id='word_1_288' title='bbox 1774 2813 2037 2861; x_wconf 90' lang='lat' dir='ltr'><strong>verborum</strong></span> <span class='ocrx_word' id='word_1_289' title='bbox 2058 2811 2215 2859; x_wconf 90' lang='lat' dir='ltr'><strong>conti-</strong></span> 
     </span>
     <span class='ocr_line' id='line_1_34' title="bbox 136 2888 285 2938; baseline 0.013 -2"><span class='ocrx_word' id='word_1_290' title='bbox 136 2888 285 2938; x_wconf 89' lang='lat' dir='ltr'><strong>nebit.</strong></span> 
     </span>
    </p>
   </div>
   <div class='ocr_carea' id='block_1_6' title="bbox 191 2973 1674 3193">
    <p class='ocr_par' dir='ltr' id='par_1_10' title="bbox 191 2973 1674 3193">
     <span class='ocr_line' id='line_1_35' title="bbox 199 2973 1674 3039; baseline 0.005 -19"><span class='ocrx_word' id='word_1_291' title='bbox 199 2973 376 3039; x_wconf 88' lang='lat' dir='ltr'><strong>Scripsi</strong></span> <span class='ocrx_word' id='word_1_292' title='bbox 406 2975 609 3024; x_wconf 89' lang='lat' dir='ltr'><strong>Berolini</strong></span> <span class='ocrx_word' id='word_1_293' title='bbox 644 2993 686 3023; x_wconf 89' lang='lat' dir='ltr'><strong>a.</strong></span> <span class='ocrx_word' id='word_1_294' title='bbox 722 2977 771 3025; x_wconf 89' lang='lat' dir='ltr'><strong>d.</strong></span> <span class='ocrx_word' id='word_1_295' title='bbox 811 2981 914 3027; x_wconf 89' lang='lat' dir='ltr'>V111</span> <span class='ocrx_word' id='word_1_296' title='bbox 944 2979 1013 3028; x_wconf 93' lang='lat' dir='ltr'><strong>Id.</strong></span> <span class='ocrx_word' id='word_1_297' title='bbox 1046 2984 1151 3029; x_wconf 90' lang='lat' dir='ltr'><strong>Jan.</strong></span> <span class='ocrx_word' id='word_1_298' title='bbox 1187 2998 1229 3027; x_wconf 88' lang='lat' dir='ltr'><strong>a.</strong></span> <span class='ocrx_word' id='word_1_299' title='bbox 1264 2983 1674 3029; x_wconf 85' lang='lat' dir='ltr'><strong>MDCCCLXXIX.</strong></span> 
     </span>
     <span class='ocr_line' id='line_1_36' title="bbox 191 3136 1145 3193; baseline 0.007 -16"><span class='ocrx_word' id='word_1_300' title='bbox 191 3136 243 3188; x_wconf 84' lang='lat'><strong>(1)</strong></span> <span class='ocrx_word' id='word_1_301' title='bbox 265 3138 367 3178; x_wconf 85' lang='lat' dir='ltr'><strong>Vide</strong></span> <span class='ocrx_word' id='word_1_302' title='bbox 396 3139 620 3181; x_wconf 85' lang='lat' dir='ltr'><strong>Casauboni</strong></span> <span class='ocrx_word' id='word_1_303' title='bbox 660 3142 775 3193; x_wconf 84' lang='lat' dir='ltr'><strong>epist.</strong></span> <span class='ocrx_word' id='word_1_304' title='bbox 798 3142 873 3191; x_wconf 87' lang='lat'><strong>507</strong></span> <span class='ocrx_word' id='word_1_305' title='bbox 911 3143 972 3183; x_wconf 81' lang='lat' dir='ltr'><strong>ed.</strong></span> <span class='ocrx_word' id='word_1_306' title='bbox 1012 3143 1145 3184; x_wconf 82' lang='lat' dir='ltr'><strong>Graev.</strong></span> 
     </span>
    </p>
   </div>
   <div class='ocr_carea' id='block_1_7' title="bbox 1045 3319 1325 3337">
    <p class='ocr_par' dir='ltr' id='par_1_11' title="bbox 1045 3319 1325 3337">
     <span class='ocr_line' id='line_1_37' title="bbox 1045 3319 1325 3337; baseline -0.004 0"><span class='ocrx_word' id='word_1_307' title='bbox 1045 3327 1051 3328; x_wconf 31' lang='lat' dir='ltr'><em>ff</em></span> <span class='ocrx_word' id='word_1_308' title='bbox 1068 3319 1325 3337; x_wconf 55' lang='grc' dir='ltr'><strong>-Φ-</strong></span> 
     </span>
    </p>
   </div>
  </div>
 </body>
</html>
