2508 3776
600 141 907 183 ETHICORUM
935 139 1205 182 NlCOMACH
1212 140 1392 181 EORUM
1423 142 1801 185 PARAPHRASIS.

114 230 154 272 ul
168 230 213 279 δὴ
229 229 322 271 κατὰ
335 229 465 275 ταύτας
474 229 597 278 ἡδοναὶ
615 230 703 275 τίνος
723 230 791 269 εἶσὶ
805 227 814 252 ¹
837 228 1010 282 γενέσεις;
1027 228 1164 272 οὐδενὸς

45 306 60 332 τᾳ
113 291 182 346 γᾶρ
210 289 326 330 ἵνδεια
343 292 379 330 ἐν
409 290 525 334 αὐτοῖς
546 289 793 344 προηγήσατο,
812 283 851 328 οὗ
870 287 996 340 γένοιτ’
1017 287 1060 326 ἂν
1082 290 1167 327 ἀνα·
1185 294 1188 297 “

113 349 315 404 πλήρωσις·
337 349 413 389 ὅθεν
433 349 602 403 φανερόν,
635 349 690 389 ὅτι
720 351 784 389 οὒκ
809 347 905 388 ἔστιν
926 350 950 396 ἡ
971 346 1080 396 ἡδονὴ
1105 346 1168 401 γέ-

53 477 58 513 ξ
111 424 351 523 1,’.·”’”ις““;Ε-ιέροι
373 467 410 509 δὲ
427 469 562 515 ἀξιοῦσι
579 467 628 521 μὴ
661 461 750 507 εἶναι
770 466 834 516 τὴν
855 465 984 515 ἡδονὴν
1012 465 1168 519 ἀγαθόν,

22 520 68 563 .'.}
110 529 342 584 προφέροντες
363 530 424 575 τὰς
447 529 704 574 ἐπονειδίστους
732 531 802 567 τῶν
823 528 978 575 ἡδονῶν.’
997 527 1092 581 Πρὸς
1110 526 1168 572 οὒς

34 586 60 631 J
109 589 223 630 διῑῖνο
240 589 389 643 λέγομεν
403 621 412 637 ,
438 590 492 629 ὅτι
509 590 573 628 οὐκ
592 588 668 628 ἔστι
686 591 798 626 ταῦτα
820 586 906 635 ἡδέα
920 615 930 635 ,
950 585 975 624 ἃ
993 591 1065 630 τοῖς
1082 585 1169 640 φαύ-

34 647 71 692 .’
110 649 188 695 λαις
201 649 291 699 ἡδέα
322 650 439 690 δοκεῖ·
475 651 522 689 οὗ
535 648 604 702 γὰρ
639 649 670 687 εἰ
699 648 771 692 τοῖς
789 649 908 691 κακῶς
937 645 1170 697 διακειμένοις

48 710 60 734 f
106 706 198 756 ’ἡδέα
224 708 339 749 ταῦτά
363 710 477 757 ἔστιν,
503 707 639 755 οἰητέον
658 706 728 755 ἤδη
750 706 840 746 αὐτὰ
861 704 921 744 καὶ
937 704 1026 752 ἡδέα
1046 705 1168 750 ἁπλῶς

51 787 55 795 ν
109 760 222 818 εἶναι,
239 767 333 809 ἀλλὰ
347 766 483 813 τούτοις
505 767 608 820 μόνον
638 767 743 814 ἡδέα·
761 764 923 817 καθάπερ
937 763 1014 804 οὐδὲ
1031 763 1077 803 τὰ
1096 765 1168 810 τοῖς

34 827 54 867 ἶ
109 826 302 879 κῶμνουσιν
321 827 476 880 ὑγιεινά,
492 826 516 875 ἢ
532 826 666 878 γλυκέα
686 825 709 874 ἢ
733 823 842 877 πικρὰ
867 824 1018 867 ἁπλῶς’
1006 824 1160 875 υγιεινά,

34 878 58 910 '¹
109 882 309 940 ἣγλυκέα,
344 886 438 926 ἀλλὰ
465 886 601 931 αὐτοῖς·
625 884 703 924 ἔπει
726 883 805 924 οὐδὲ
835 882 945 923 λευκὰ
973 882 1094 927 ἁπλῶς
1122 882 1177 922 τὰ

91 946 304 1002 ,φαινόμενα
333 949 406 992 τοῖς
434 947 658 1002 ὀφθαλμιῶσι
686 944 817 984 λευκά·
849 941 997 997 φανερὸν
1032 941 1090 991 δή,
1112 941 1165 981 ὅτι

40 998 50 1034 'ss
86 1005 189 1047 2068!
207 1005 280 1046 ἀπὸ
297 1005 431 1047 τούτων
467 1007 536 1045 τῶν
563 1003 677 1058 λόγων
700 1004 827 1049 δόξειεν
863 1001 906 1042 αν
928 1005 950 1050 ἡ
971 1001 1080 1051 ηδονὴ
1114 1002 1164 1054 μὴ

64 1072 66 1074 ’
109 1065 243 1120 ἀγαθὸν
269 1058 372 1108 εἶναι.
394 1066 564 1108 Μάλιστα
586 1065 650 1117 μὲν
669 1066 748 1118 γάρ,
772 1063 826 1104 ὅτι
847 1064 909 1102 οὐκ
931 1061 1020 1102 εἰσιν
1039 1063 1164 1110 ἡδοναι

44 1118 50 1156 ἶ
110 1127 148 1164 αἱ
167 1124 266 1178 παρὰ
280 1131 353 1172 τοῖς
372 1127 563 1181 μοχθηροῖς
582 1125 735 1173 ἡδοναί·
765 1123 903 1171 ἔπειτα,
941 1123 971 1162 εἷ
990 1121 1051 1161 και
1079 1123 1164 1161 ταύ-

34 1194 47 1226 ,²
112 1199 174 1230 τας
210 1185 337 1236 ἡδονὰς
373 1179 463 1226 εἶναι
499 1185 677 1236 δώσομεν,
713 1183 889 1222 ἀλλὀὐκ
922 1181 1073 1234 ἀνάγκη,
1107 1181 1165 1221 διὰ

35 1252 54 1286 ς
114 1247 217 1284 τοῦτο
251 1245 318 1294 τὴν
352 1245 481 1294 ἡδονὴν
529 1245 649 1288 ἅπλῶς
689 1243 826 1297 φαύλην
875 1246 983 1282 εἶναι·
1020 1242 1060 1281 οὐ
1098 1241 1166 1296 γὰρ

109 1302 176 1355 μία
205 1305 339 1354 ἕστὶνὴ
358 1305 467 1354 ἡδονὴ
499 1307 550 1359 τῷ
568 1304 672 1352 εἴδει,
708 1302 802 1341 ἀλλὰ
837 1301 980 1342 πολλαί.
1008 1301 1079 1341 Καὶ
1098 1303 1162 1341 οὐ-

49 1353 57 1385 ⁵³
107 1360 168 1402 ὃν
199 1364 329 1404 κωλύει
353 1365 416 1408 τὰς
451 1365 514 1416 μὲν
551 1363 686 1419 φαύλας
706 1366 821 1414 εἰναι,
859 1361 921 1405 τὰς
944 1361 979 1399 δὲ
1005 1361 1162 1412 ἀγαθάς·

53 1462 56 1466 ,
110 1421 228 1478 ἕτεραι
249 1422 319 1478 γὰρ
354 1426 392 1464 αἱ
427 1424 498 1464 ἀπὸ
535 1427 606 1463 τῶν
640 1424 758 1463 καλῶν
790 1421 851 1462 καὶ
890 1423 1081 1460 ἐπαινετῶν
1119 1424 1162 1469 ἡ-

111 1482 224 1535 δοναί,
245 1483 307 1524 καὶ
343 1483 450 1524 ἄλλαι
483 1485 520 1523 αἱ
554 1485 623 1524 ἀπὸ
643 1485 711 1523 τῶν
743 1483 924 1536 αἰσχρῶν·
944 1480 1005 1519 καὶ
1045 1482 1081 1520 αἱ
1103 1480 1166 1531 μὲν

58 1541 63 1580 ἶ
111 1542 263 1594 ἀγαθαί,
279 1543 317 1583 αἱ
346 1543 383 1583 δὲ
402 1543 563 1597 φευκταί.
582 1543 725 1596 Ὥσπερ
742 1542 782 1581 τὸ
816 1543 979 1581 πλουτεῖν
1009 1539 1067 1588 ἢ“
1053 1534 1166 1592 υγιαί-

110 1615 205 1641 vav·
211 1601 300 1643 ’ἔστι
329 1601 399 1659 γὰρ
430 1605 593 1643 πλουτεῖν
629 1604 745 1646 καλῶς
775 1601 954 1652 κτώμενον
991 1599 1068 1639 ὅθεν
1090 1601 1165 1638 ἀδι-

45 1692 63 1714 r>
110 1666 272 1703 utrm*
299 1664 428 1714 οὖδείς,
455 1663 518 1703 καὶ
558 1663 652 1703 ἔστιν
681 1664 838 1715 αἰσχρῶς
872 1661 1052 1708 πλουτεῖν,
1082 1676 1168 1712 προ-

110 1721 216 1762 δόντα
227 1721 292 1772 τὴν
307 1724 430 1764 ἑαυτοῦ
450 1723 605 1776 πατρίδα
626 1723 650 1771 ἢ
672 1720 1061 1774 ἐξανδραποδισάμενον
1082 1720 1161 1765 τοὺς

57 1805 59 1810 .
110 1780 258 1827 οἰκείως
271 1795 282 1806 ·
300 1781 364 1822 καὶ
383 1781 481 1822 ἔστιν
507 1782 673 1836 ὑγιαίνειν
697 1782 814 1826 καλῶς
849 1782 1054 1834 ἀνθρωπικῇ
1074 1780 1164 1819 διαί-

50 1886 57 1891 f
91 1846 156 1894 ’τῃ
175 1840 380 1894 χρώμενον,
401 1841 462 1882 καὶ
490 1844 621 1890 κακῶς,
651 1841 734 1880 ὅταν
755 1842 821 1894 οὐχ
860 1839 936 1879 ὅθεν
956 1841 1011 1879 δεῖ
1027 1839 1168 1887 κτησώ-

113 1903 206 1950 μεθα
230 1899 296 1948 τὴν
316 1900 466 1953 ὑγίειαν·
487 1900 549 1940 καὶ
565 1899 623 1939 ἐπὶ
647 1902 717 1939 τῶν
752 1899 870 1938 ἄλλων
895 1898 1075 1943 ὡσαύτως.
1095 1898 1166 1938 Τὸν

23 1965 52 2016 ,¹
113 1959 218 1999 αὐτὸν
233 1959 277 2009 δὴ
305 1961 434 2015 τρόπον
456 1960 516 2000 ἐπὶ
547 1964 616 2001 τῶν
651 1961 798 2008 ἡδονῶν.
834 1959 906 1999 Καὶ
947 1957 1036 2003 ὅλως
1054 1959 1170 2012 ἕτεραί

113 2019 182 2059 εἰσι
197 2021 248 2073 τῷ
260 2019 360 2070 εἴδει,
375 2020 437 2060 καὶ
454 2021 519 2061 οὐκ
538 2020 632 2060 ἔστιν
654 2022 804 2068 ἡσθῆναι
829 2018 894 2067 τὴν
910 2022 971 2058 τοῦ
996 2021 1165 2070 μουσικοῦ

111 2077 262 2129 ἡδονήν,
279 2079 330 2132 μὴ
351 2079 437 2120 ὄντα
459 2080 640 2132 μουσικόν,
662 2079 685 2126 ἢ
700 2078 763 2126 τὴν
781 2083 842 2118 τοῦ
862 2077 998 2117 δικαίου
1018 2077 1107 2129 μὴ’
1086 2093 1176 2150 οντα.

38 2134 54 2182 s,
113 2137 269 2179 δίκαιον·
288 2138 364 2180 ὅθεν
385 2139 545 2194 φανερόν,
576 2139 629 2179 ὅτι
661 2138 751 2186 ἄλλη
793 2138 868 2177 ἐστὶ
888 2140 939 2190 τῷ
965 2136 1048 2176 εἴδει
1067 2140 1089 2186 ἡ
1111 2153 1170 2176 του

47 2207 57 2217 ’“
112 2201 285 2250 μουσικου
320 2199 446 2248 ἡδονή,
487 2199 549 2238 καὶ
582 2200 673 2247 ἄλλη
708 2202 731 2247 ἡ
753 2214 812 2238 του
832 2181 989 2237 δικαίου·
1019 2196 1124 2235 καὶ
1112 2197 1170 2235 επὶ

111 2257 183 2297 των
198 2257 316 2298 ἄλλων
335 2258 476 2311 ὁμοίως.
504 2259 560 2300 Οὔ
574 2258 688 2298 τοίνυν
704 2261 733 2297 εἰ
754 2261 776 2305 ἡ
804 2259 874 2296 τῶν
891 2255 1035 2310 φαύλων
1063 2254 1171 2303 ἡδονὴ

39 2306 58 2347 .ss
108 2316 244 2366 κακόν,
266 2317 336 2367 ἤδη
358 2318 478 2363 ἅπλῶς
497 2322 519 2367 ἡ
546 2318 656 2367 ἡδονὴ
679 2314 827 2372 φευκτόν
844 2319 952 2356 ἔστιν.

167 2374 203 2395 “
210 2373 338 2418 Ἐτιδὲ
351 2392 413 2419 και
427 2377 499 2417 ἀπὸ
514 2380 576 2426 τῆς
604 2378 771 2431 διαφορᾶς
783 2379 845 2415 τοῦ
866 2375 1014 2419 κόλακος
1031 2390 1092 2413 και
1109 2378 1169 2414 τοῦ

40 2459 74 2491 4
112 2433 216 2490 φίλου
243 2436 312 2486 τὴν
342 2437 471 2486 ἡδονὴν
499 2437 612 2478 ἐδόκει
646 2436 697 2488 μὴ
743 2430 832 2476 εἶναι
852 2433 994 2487 ἀγαθόν.
1030 2433 1076 2474 Ὁ
1106 2435 1169 2485 μὲν

63 2495 183 2566 γὰρ
206 2495 316 2544 κόλαξ
347 2497 516 2553 ψέγεται,
547 2497 600 2537 ὅτι
628 2497 711 2552 πρὸς
742 2494 870 2544 ἡδονὴν
913 2494 1044 2546 ὁμιλεῖ,
1075 2496 1094 2532 ὁ
1133 2493 1168 2534 δὲ

57 2539 73 2571 “
113 2554 212 2610 φίλος
247 2556 465 2609 ἔπαινεῖται,
498 2557 551 2596 ὅτι
585 2557 634 2607 μὴ
655 2555 740 2609 πρὸς
770 2552 924 2603 ἡδονήν,
959 2551 1052 2591 ἀλλὰ
1084 2552 1170 2604 πρὸς

113 2614 281 2664 ἀλήθειαν
310 2617 370 2657 καὶ
403 2617 443 2656 τὸ
481 2618 626 2670 ἀγαθόν,
658 2618 767 2659 Ὅθεν
808 2620 904 2659 δοκεῖ
933 2620 1167 2672 συνάγεσθαι,

46 2699 74 2719 ;
111 2672 178 2728 τὴν
209 2674 339 2725 ἡδονὴν
378 2676 611 2716 ἐπονείδιστον
651 2670 755 2718 εἶναι.
792 2678 849 2718 Οὐ
887 2683 992 2719 τοῦτο
1028 2678 1065 2719 δὲ
1101 2677 1172 2718 ἀπὸ

112 2732 246 2774 τούτων
281 2735 492 2788 συναγεται,
529 2737 621 2777 ἀλλὰ
656 2739 791 2788 μᾶλλον
827 2737 880 2777 ὅτι
913 2738 1072 2793 διάφοροί
1104 2740 1171 2778 εἶσι

48 2811 79 2849 [¹
112 2795 166 2848 τῷ
181 2793 266 2834 εἴδει
291 2797 328 2836 αἱ
346 2796 493 2844 ἡδοναί·
524 2812 587 2835 και
605 2800 627 2845 ἡ
655 2796 718 2848 μὲν
741 2798 960 2850 ἐπαινεῖται,
983 2803 1006 2846 ἡ
1029 2798 1065 2838 δὲ
1092 2799 1172 2837 ἐπο·

113 2832 314 2900 vitatem-65³
298 2870 406 2896 εστιν.
420 2853 506 2895 Οτι
523 2872 591 2910 γαρ
623 2871 684 2895 και
706 2858 725 2895 ὁ
745 2857 842 2911 φίλος
873 2858 993 2906 ἡδύς’
978 2874 1091 2908 εστιν,
1112 2858 1171 2897 καὶ

114 2912 242 2961 ἡδονὴν
259 2913 335 2968 ἔχει
358 2917 409 2970 τῷ
426 2914 546 2969 φίλῳ,
567 2915 660 2961 τίς’
641 2921 778 2969 αγνοεῖ;
806 2918 951 2972 φανερὸν
974 2918 1103 2966 τοίνυν,
1118 2917 1172 2957 ὅτι

48 2977 63 3018 f
114 2971 223 3020 ἡδονή
242 2974 318 3013 ἐστι
333 2979 406 3019 τοῖς
418 2979 557 3014 συνοῦσι
576 2974 661 3028 παρ’
684 2975 789 3015 ἑκατέ
774 2992 867 3030 ερου.
893 2977 999 3025 Καὶὴ
1024 2976 1086 3028 μὲν
1111 2991 1171 3016 του

66 3050 68 3054 ·
105 3030 266 3078 κόλακος
284 3032 539 3082 διαὸάλλεται,
558 3035 756 3074 ἐπαινειται
773 3035 810 3074 δὲ
829 3041 851 3085 ἡ
875 3051 938 3075 του
959 3036 1077 3090 φίλου.

64 3127 71 3144 -.
151 3089 254 3132 Ἔτι
263 3092 300 3132 δὲ
314 3093 374 3132 καὶ
387 3095 519 3134 ἐκεῖθεν
534 3094 769 3134 ἐπονείδιστον
789 3089 878 3134 εἶναι
888 3095 998 3136 ἐδόκει
1009 3101 1031 3145 ἡ
1046 3094 1167 3144 ἡδονή.

63 3155 71 3167 ⁴
119 3149 193 3192 Kal
205 3151 275 3206 γὰρ
294 3154 404 3199 οὐδεὶς
426 3152 469 3193 ἂν
492 3154 608 3194 ἕλοιτο
625 3159 704 3194 νοῦν
725 3154 816 3209 ἔχων
847 3155 994 3204 ἥδεσθαι
1014 3155 1072 3195 διὰ
1096 3155 1171 3208 βίου

117 3210 183 3258 τὴν
199 3213 271 3250 τῶν
302 3211 451 3253 παιδίων
487 3213 616 3262 ἡδονὴν
651 3214 895 3267 διανοούμενος
923 3215 985 3255 καὶ
1015 3215 1149 3269 χαίρων
1161 3245 1172 3263 ,

63 3299 81 3302 =-
104 3269 239 3336 §emp
253 3271 382 3322 ἐκεῖνα,
396 3273 468 3312 οὐδ’
479 3273 568 3312 ἄλλο
583 3280 645 3312 τι“
665 3275 813 3328 αἰσχρὸν
833 3277 962 3325 ποιεῖν,
977 3275 1034 3315 ἵνα
1053 3275 1173 3321 ἥδοιτο

2199 146 2276 184 547

1232 233 1385 275 sperandi
1401 236 1433 267 et
1448 236 1643 270 recordandi
1656 238 1846 279 voluptates
1858 238 1954 280 quus
1969 237 2103 271 taudem
2122 238 2168 271 rei
2188 241 2282 271 ortus

1231 293 1332 325 sunt?
1364 294 1489 327 nullius
1514 295 1601 328 enim
1629 296 1676 329 rei
1713 297 1850 339 penuria
1871 297 1905 330 in
1932 297 1973 330 iis
2001 299 2190 339 antegressa
2219 302 2281 337 est,

1231 351 1326 393 quus
1353 353 1498 395 expletio
1531 358 1753 398 consequatur
1782 370 1790 389 ι
1820 356 1907 389 unde
1942 359 2044 399 patet,
2078 357 2283 400 voluptatem

1232 419 1296 443 non
1310 420 1383 444 esse
1398 414 1522 445 ortum.

1276 471 1339 503 Alii
1364 482 1480 505 rursus
1508 476 1627 515 negant
1656 475 1862 518 voluptatem
1890 476 2014 510 honum
2033 486 2122 517 esse,
2152 477 2286 520 probro-

1232 532 1278 566 sis
1303 532 1533 574 voluptatibus
1561 533 1595 566 in
1627 534 1774 568 medium
1807 536 1926 570 allatis.
1960 537 2089 575 Quibus
2118 537 2201 571 illud
2232 547 2286 570 re-

1233 591 1444 634 spondemus,
1459 601 1524 625 non
1533 601 1604 626 esse
1620 593 1692 626 baec
1700 594 1858 636 jucunda,
1878 605 1955 638 quae
1966 596 2125 639 improbis
2139 597 2286 639 jucunda

1232 651 1410 685 videantur
1428 665 1435 683 ι
1455 661 1520 684 non
1542 652 1629 685 enim
1643 653 1670 685 si
1688 653 1879 688 hominibus
1897 656 1984 688 male
2002 655 2286 699 affectisjucunda

1233 719 1271 743 ea
1296 712 1391 748 sunt,
1412 710 1564 752 protinus
1584 711 1735 745 absolute
1753 713 1900 755 jucunda
1927 724 1999 748 esse
2028 715 2286 749 existimandum

1233 771 1294 808 est,
1327 769 1385 802 sed
1409 769 1462 802 his
1489 772 1621 803 tantum
1649 772 1795 812 iucunda
1818 785 1824 805 :
1858 775 2140 817 quemadmodum
2161 786 2221 809 nec
2249 786 2288 808 ea

1233 838 1309 870 quae
1321 830 1399 861 sunt
1417 829 1514 871 aegris
1525 830 1680 870 salubria,
1697 832 1875 866 autdulcia
1883 837 1943 867 aut
1956 844 2078 875 amara,
2094 836 2288 879 simpliciter

1235 889 1392 929 salubria,
1408 891 1468 921 aut
1487 889 1598 922 dulcia
1611 893 1699 930 sunt,
1719 892 1777 926 sed
1787 893 1868 936 ipsis
1879 906 1887 926 :
1899 903 2003 937 quum
2014 905 2055 929 ne
2065 896 2141 929 alba
2151 895 2289 939 quidem

1235 948 1430 991 simpliciter
1446 948 1522 988 sint,
1542 959 1619 992 quae
1629 951 1844 994 lippientibus
1859 954 1936 987 alba
1947 954 2104 988 videntur
2124 969 2132 988 ι
2149 955 2289 989 munife-

1234 1011 1324 1043 stum
1339 1008 1441 1050 igitur
1455 1012 1516 1048 est,
1527 1019 1568 1043 ne
1576 1011 1628 1044 his
1638 1011 1775 1054 quidem
1791 1013 1975 1047 rationibus
1987 1015 2119 1057 probari
2135 1015 2288 1058 volupta-

1235 1071 1305 1102 tem
1316 1078 1382 1102 non
1399 1077 1471 1102 esse
1496 1069 1630 1103 bonum.
1651 1071 1801 1104 Primum
1826 1072 1980 1115 quidem,
2003 1074 2082 1116 quia
2102 1075 2292 1117 voluptates

1236 1138 1302 1162 uon
1319 1130 1408 1167 sunt,
1428 1138 1505 1171 quae
1520 1129 1680 1172 improbis
1691 1131 1848 1165 videntur
1866 1145 1874 1165 ε
1890 1132 2019 1172 deinde,
2041 1134 2119 1176 quia
2138 1134 2216 1167 licet
2230 1134 2292 1167 has

1234 1189 1353 1222 demus
1372 1188 1563 1232 voluptates
1581 1199 1662 1229 esse,
1679 1200 1743 1223 non
1761 1192 1873 1224 tamen
1892 1195 2066 1235 propterea
2080 1202 2214 1226 necesse
2226 1196 2288 1233 est,

1236 1248 1442 1290 voluptatem
1463 1248 1614 1282 absolute
1634 1250 1756 1283 malam
1778 1260 1850 1284 esse
1876 1261 2007 1295 :neque
2027 1253 2115 1286 enim
2134 1261 2199 1285 una
2217 1262 2292 1295 spe-

1235 1307 1285 1340 cie
1313 1309 1364 1341 est
1383 1308 1547 1351 voluptas,
1576 1309 1635 1343 sed
1662 1310 1789 1343 multae.
1817 1312 1933 1354 Neque
1962 1311 2149 1355 quidquam
2166 1313 2289 1352 obstat,

1234 1366 1413 1409 quominus
1429 1367 1503 1400 aliae
1519 1368 1633 1410 malae,
1652 1368 1726 1402 aliae
1742 1369 1836 1403 bonae
1857 1371 1924 1403 sint
1937 1384 1945 1404 :
1960 1371 2119 1405 nimirum
2142 1372 2215 1405 aliae
2232 1382 2293 1404 vo-

1235 1426 1380 1468 luptates
1404 1429 1484 1460 sunt
1512 1436 1590 1470 quae
1609 1437 1650 1461 ex
1681 1428 1782 1462 rebus
1816 1430 1964 1463 honestis
1986 1433 2019 1464 et
2048 1431 2288 1470 laudabilibus,

1236 1486 1310 1518 aliae
1333 1495 1411 1529 quae
1429 1495 1471 1520 ex
1493 1487 1649 1530 turpibus
1665 1490 1699 1521 et
1717 1489 1888 1530 flagitiosis
1907 1490 2084 1532 capiuntur
2102 1504 2110 1524 ε
2128 1491 2293 1534 siquidem

1235 1545 1309 1578 aliae
1323 1545 1428 1583 bonae,
1449 1545 1523 1579 aliae
1543 1545 1708 1588 fugiendae
1729 1550 1817 1582 sunt.
1831 1549 1933 1582 Velut
1949 1548 2090 1583 divitem
2103 1553 2162 1583 aut
2175 1560 2293 1583 sanum

1237 1614 1309 1639 esse
1329 1618 1337 1638 ι
1355 1607 1467 1648 potest
1489 1606 1578 1639 enim
1599 1606 1670 1640 fieri
1689 1609 1728 1640 ut
1750 1608 1870 1651 aliquis
1890 1608 1960 1642 sine
1987 1609 2091 1643 ullius
2121 1610 2242 1652 injuria
2258 1619 2294 1644 se

1237 1665 1469 1708 collocupletet
1487 1668 1521 1700 et
1545 1666 1680 1700 divitias
1698 1670 1844 1710 quaerat,
1873 1670 1982 1711 potest
2005 1671 2040 1703 et
2061 1669 2144 1708 fieri,
2165 1671 2204 1702 ut
2220 1672 2294 1702 tur-

1238 1726 1324 1769 piter
1347 1726 1468 1769 aliquis
1494 1737 1564 1760 rem
1596 1726 1795 1761 familiarem
1818 1731 1956 1771 augeat,
1979 1729 2008 1763 si
2026 1730 2169 1772 patriam
2199 1740 2293 1763 suam

1241 1785 1361 1828 prodat
1373 1788 1433 1819 aut
1454 1787 1657 1830 propinquos
1676 1788 1711 1821 in
1727 1788 1923 1822 servitutem
1936 1788 2063 1831 redigat
2077 1802 2085 1822 :
2100 1789 2147 1822 sic
2159 1791 2193 1823 et
2206 1792 2294 1823 recte

1238 1845 1421 1878 valetudini
1448 1846 1572 1879 servire
1588 1849 1697 1889 potest
1717 1847 1885 1889 aliquis,si
1898 1848 2028 1881 victum
2045 1859 2112 1892 quo
2123 1850 2173 1882 uti
2188 1850 2294 1882 solent

1240 1902 1393 1935 homines
1411 1903 1580 1942 adhibeat,
1597 1905 1738 1945 etmale‚
1750 1905 1778 1938 si
1794 1914 1860 1938 non
1875 1905 1962 1938 unde
1970 1907 2099 1948 oportet
2110 1905 2294 1938 valetudini

1240 1971 1372 2004 operam
1386 1961 1444 1995 det
1465 1974 1471 1995 z
1497 1962 1680 2006 eodemque
1701 1965 1801 1997 modo
1826 1966 1860 1997 in
1882 1965 2021 2008 reliquis
2035 1965 2145 1998 rebus.
2169 1965 2294 1998 Eadem

1240 2030 1339 2064 porro
1354 2024 1387 2055 et
1403 2023 1613 2065 voluptatum
1631 2024 1716 2057 ratio
1735 2027 1797 2058 est.
1821 2026 1904 2058 Sunt
1923 2025 2010 2058 enim
2031 2025 2165 2058 omnino
2187 2026 2295 2068 specie

1242 2081 1393 2120 diversae‚
1404 2083 1497 2115 verbi
1512 2092 1621 2122 causa,
1635 2084 1807 2126 voluptate
1820 2085 1939 2118 musici
1951 2084 2018 2118 frui
2026 2086 2153 2128 nequit,
2165 2087 2296 2129 quinon

1241 2141 1284 2174 sit
1301 2141 1459 2188 musicus,
1484 2145 1542 2175 aut
1558 2142 1658 2184 justi,
1678 2143 1816 2186 quinon
1834 2144 1877 2177 sit
1889 2145 2002 2186 justus
2025 2145 2139 2179 :unde
2159 2148 2296 2188 apparet

1244 2201 1343 2242 aliam
1367 2202 1475 2244 specie
1493 2212 1566 2236 esse
1584 2204 1714 2242 musici,
1735 2204 1833 2237 aliam
1846 2205 1928 2246 justi
1950 2206 2156 2250 voluptatem
2175 2219 2182 2239 ε
2203 2207 2296 2240 simi-

1244 2261 1386 2303 literque
1401 2261 1435 2294 in
1452 2262 1590 2305 reliquis
1605 2263 1716 2297 rebus.
1733 2266 1842 2303 Quare
1859 2265 1887 2297 si
1897 2266 2125 2309 improborum
2141 2267 2297 2309 voluptas

1242 2323 1293 2354 est
1318 2321 1453 2359 malum,
1475 2331 1540 2355 non
1558 2322 1713 2355 continuo
1739 2324 1894 2367 voluptas
1908 2335 2044 2368 prorsus
2059 2326 2214 2368 fugienda
2231 2328 2292 2359 est.

1281 2379 1370 2418 Quin
1398 2379 1497 2412 etiam
1528 2389 1547 2413 e
1583 2380 1771 2415 differentia
1796 2383 1978 2418 adulatoris
2005 2387 2038 2418 et
2072 2386 2170 2418 amici
2199 2386 2296 2419 volu-

1239 2435 1366 2476 ptatem
1384 2443 1449 2466 non
1468 2435 1672 2468 essebonum
1690 2439 1835 2479 apparet.
1857 2438 1988 2472 Etenim
2013 2436 2168 2472 adulator
2184 2449 2296 2483 repre-

1240 2488 1406 2526 henditur,
1447 2488 1537 2531 quod
1571 2498 1703 2523 omnem
1736 2490 1908 2524 hominum
1940 2494 2222 2527 conversationem
2252 2494 2296 2527 ad

1243 2545 1448 2588 voluptatem
1480 2547 1601 2586 resen-t3
1634 2548 1669 2579 at
1696 2545 1823 2589 amicus
1859 2546 2026 2585 laudatur,
2048 2547 2139 2589 quod
2166 2557 2230 2580 non
2253 2547 2296 2579 ad

1242 2599 1459 2640 voluptatem,
1491 2598 1549 2630 sed
1577 2598 1620 2631 ad
1653 2598 1829 2631 veritatem
1857 2600 1890 2631 et
1914 2599 2038 2632 bonum
2077 2609 2148 2632 eam
2179 2600 2294 2632 trahit.

1242 2652 1333 2686 Unde
1357 2651 1453 2694 sequi
1478 2651 1622 2691 videtur,
1654 2651 1846 2694 probrosam
1871 2661 1943 2685 esse
1960 2653 2178 2695 voluptatem.
2199 2653 2297 2692 Quod

1238 2708 1351 2739 tamen
1377 2704 1514 2737 minime
1538 2714 1579 2737 ex
1606 2704 1660 2737 his
1687 2704 1866 2747 colligitur,
1890 2705 1949 2738 sed
1969 2705 2082 2748 potius
2107 2706 2296 2748 voluptates

1241 2765 1350 2808 specie
1384 2763 1471 2796 iuter
1496 2770 1531 2794 se
1562 2758 1698 2793 differre
1732 2759 1928 2802 :aliamque
1955 2758 2166 2798 laudabilem,
2198 2759 2295 2792 aliam

1239 2819 1431 2860 probrosam
1456 2823 1537 2848 esse.
1570 2812 1701 2855 Quippe
1723 2811 1869 2844 amicum
1896 2813 1930 2844 et
1950 2811 2137 2854 jucundum
2166 2822 2238 2846 esse
2262 2815 2295 2845 et

1239 2875 1385 2917 aliquam
1401 2873 1507 2907 amico
1535 2871 1654 2906 afferre
1678 2868 1895 2910 voluptatem,
1916 2867 1993 2910 quis
2011 2867 2169 2910 ignorat?
2181 2868 2289 2901 mani-

1239 2929 1361 2964 festum
1380 2930 1482 2974 igitur
1498 2931 1558 2964 est,
1580 2930 1760 2968 utrumque
1789 2923 2010 2957 familiaribus
2035 2924 2182 2967 aliquam
2203 2934 2294 2957 com-

1239 2995 1355 3029 parare
1393 2986 1609 3029 voluptatem.
1650 2984 1812 3023 Quocirca
1856 2980 2012 3023 voluptas
2054 2980 2097 3013 ab
2124 2980 2295 3013 adulatore

1239 3045 1372 3086 accepta
1401 3042 1668 3085 reprehenditur,
1693 3041 1736 3074 ab
1753 3039 1859 3073 amico
1882 3037 1981 3070 allata
1998 3036 2217 3070 collaudatur.

1282 3097 1445 3129 Praeterea
1467 3098 1501 3129 et
1532 3105 1571 3129 eo
1593 3094 1724 3128 nomine
1745 3089 2016 3136 reprehendenda
2032 3098 2102 3122 esse
2118 3089 2293 3121 videbatur

1239 3152 1402 3195 voluptas.
1438 3155 1563 3196 Nempe
1589 3162 1685 3187 nemo
1706 3151 1852 3195 prudens
1885 3151 1956 3183 tota
1981 3149 2050 3181 vita
2075 3158 2093 3180 e
2113 3147 2294 3190 puerilibus

1238 3212 1493 3254 cogitationibus
1518 3215 1552 3246 et
1576 3212 1716 3255 gaudiis,
1751 3211 1875 3255 quibus
1901 3218 2079 3252 puerorum
2105 3207 2204 3239 animi
2232 3216 2293 3240 ex-

1237 3270 1381 3313 plentur,
1417 3271 1621 3314 voluptatem
1654 3280 1770 3314 capere
1802 3266 1892 3307 velit,
1931 3269 1989 3301 aut
2018 3266 2108 3299 aliud
2133 3265 2292 3307 flagitium

162 3430 181 3450 ⁴*
201 3432 288 3476 Πρὸς
306 3433 340 3466 δὲ
358 3434 433 3471 τοὺς
449 3434 668 3478 προφέροντας
689 3435 758 3466 κτλ.
780 3449 823 3457 -·
837 3433 874 3451 **
899 3431 1103 3475 Ἐμφανίζειν
1120 3434 1154 3467 δὲ
1177 3435 1269 3468 δοκεῖ
1289 3434 1346 3467 καὶ
1363 3435 1382 3467 ὁ
1399 3433 1487 3476 φίλος
1508 3434 1578 3466 κτλ.
