2528 3788
263 264 338 303 104

262 358 379 397 runt3
401 357 484 401 post
503 349 645 388 trienni
653 361 714 384 um
736 347 893 385 Hermia
909 355 1022 399 capto
1043 355 1156 398 atque
1172 347 1299 385 inter-

265 410 365 447 fecto
398 409 621 445 Aristoteles
649 406 856 456 Mitylenas
885 406 1059 455 confugit
1076 414 1112 444 et
1129 406 1299 444 secundo

264 466 508 518 Olympiadis
536 478 607 513 109
626 477 727 501 anno
747 463 1012 502 Macedoniam
1033 464 1146 515 petiit
1163 464 1299 515 ibique

265 526 365 577 apud
380 525 604 575 Philippum
626 532 664 561 et
679 522 943 561 Alexandrum
964 535 1087 574 usque
1106 523 1301 564 adsecun-

264 586 352 622 ‹lum
361 583 603 634 Olympiadis
617 597 631 619 1
643 597 657 619 1
669 597 684 619 1
698 595 842 620 annum
855 591 1118 620 commoratus
1133 591 1190 620 cst
1203 584 1294 634 (39).

263 644 496 681 Xeuocrates
514 655 608 679 vero
623 670 633 689 ‚
653 650 696 679 ut
712 640 872 694 opinor,
891 642 1060 679 Athenas
1078 640 1212 692 rediit,
1229 640 1298 679 ubi

260 702 503 752 Speusippus
527 701 567 737 in
590 699 801 737 Academia
819 695 978 736 ‘Platoni
999 708 1246 737 successerat.

313 761 372 798 Ex
390 759 485 799 Asia
504 758 627 796 redux
644 756 878 795 Xenocrates
895 757 943 794 ad
968 757 1196 808 Philippum
1213 756 1297 794 Ma-

262 818 444 856 cedonem
468 817 615 866 legatus
631 816 679 853 de
698 815 816 854 rebus
836 815 1053 867 majoribus
1073 816 1216 854 missus
1236 828 1299 853 ne-

262 890 335 927 que
355 877 524 928 pecunia
554 877 752 926 corrumpi
773 888 898 926 neque
918 875 1159 926 voluptatum
1188 874 1298 912 blan-

261 936 368 973 ditiis
386 935 548 973 deleniri
564 947 604 972 se
622 947 759 985 passus
784 943 841 972 est
862 934 956 987 (4ο).
984 935 1147 973 Reversi
1172 934 1300 972 caeteri

262 995 374 1043 legati
391 994 575 1031 dixerunt
589 992 731 1030 frustra
747 990 1002 1031 Xenocratem
1019 1005 1147 1030 secum
1164 992 1298 1031 ivisse.

262 1051 560 1090 Atheniensibus
577 1060 702 1089 autem
718 1050 878 1102 jamjam
896 1053 1078 1089 mulctam
1097 1052 1133 1089 ei
1150 1051 1300 1101 irroga-

263 1114 358 1148 turis
382 1111 592 1148 affirmavit
617 1108 852 1148 Xenocrates
865 1138 876 1156 ‚
895 1110 1123 1161 Philippum
1142 1118 1300 1148 caeteros

262 1170 374 1208 donis
392 1170 615 1219 corrupisse
630 1198 640 1215 ‚
659 1182 699 1207 se
717 1182 811 1207 vero
831 1169 938 1207 nulla
955 1170 1105 1208 ratione
1132 1170 1215 1219 capi
1233 1183 1301 1220 po-

264 1230 395 1267 tuisse.
420 1229 612 1277 Quocirca
632 1229 782 1280 duplici
804 1229 953 1267 honore
982 1230 1144 1267 Athenis
1166 1237 1300 1266 auctus

266 1295 336 1334 est,
350 1296 387 1324 et
401 1286 605 1338 Philippus
626 1288 709 1338 ipse
729 1296 861 1339 postea
880 1301 960 1338 prae
980 1301 1020 1326 se
1040 1287 1150 1339 tulit,
1172 1288 1296 1325 solum

263 1343 515 1382 Xenocratem
535 1357 583 1381 ex
604 1343 787 1383 omnibus
808 1345 876 1395 qui
896 1345 943 1382 ad
967 1358 1007 1382 se
1028 1347 1225 1384 venissent
1248 1346 1301 1383 le-

262 1403 359 1452 gatis
373 1431 383 1450 ,
415 1414 574 1439 munera
605 1415 685 1439 non
724 1402 931 1452 accepisse.
957 1402 1046 1438 Haec
1079 1402 1255 1440 Laertius
1290 1417 1297 1439 :

262 1461 414 1512 quando
455 1473 549 1499 vero
598 1473 680 1498 eam
722 1460 952 1509 legationem
1000 1459 1165 1507 obierit,
1222 1475 1300 1498 non

262 1526 422 1556 constat.

314 1578 520 1628 Postquam
553 1576 790 1627 Speusippus
823 1585 910 1614 octo
941 1589 1063 1614 annos
1093 1577 1301 1615 continuos

263 1637 402 1674 scholae
425 1636 633 1673 Platonicae
652 1635 830 1686 praefuit,
854 1635 992 1672 morbo
1023 1635 1221 1673 articulari
1250 1636 1302 1673 ita

263 1695 428 1733 afflictus
460 1703 537 1741 est,
578 1703 620 1731 ut
653 1693 805 1731 tuendae
842 1693 1060 1731 Academiae
1098 1694 1299 1732 stationem

262 1752 521 1791 Chalcedonio
542 1752 776 1803 philosopho
798 1752 984 1789 mandare
1000 1760 1176 1802 cuperet.
1204 1754 1301 1791 Suc-

263 1813 377 1850 cessit
397 1813 432 1849 ei
453 1811 687 1850 Xenocrates
710 1811 994 1861 quinquaginta
1014 1819 1157 1861 septem
1179 1825 1302 1851 annos

263 1878 374 1907 natus
387 1868 658 1919 Lysimachide
678 1869 779 1919 apud
795 1868 1046 1906 Athenienses
1062 1878 1227 1919 praetore
1246 1883 1304 1908 se-

264 1927 389 1965 cundo
428 1926 672 1977 Olympiadis
717 1940 731 1963 1
744 1939 789 1963 10
828 1939 930 1963 anno
972 1927 1030 1962 vel
1084 1935 1170 1964 ante
1206 1927 1299 1966 Chr.

266 1986 340 2034 339
357 1988 391 2037 (4
403 1983 450 2036 i).
469 1985 559 2021 Mox
572 1983 797 2021 Aristoteles
811 1996 831 2020 e
843 1983 1066 2020 Macedonia
1083 1985 1204 2021 redux
1220 1985 1303 2034 ipse

269 2099 356 2107 —

264 2172 346 2209 γῶν,
370 2166 660 2209 προσποιησάμενος
682 2166 782 2205 φιλίαν
813 2167 906 2198 καλεῖ
927 2166 1000 2207 πρὸς
1022 2166 1132 2197 ἑαυτὸν
1152 2166 1247 2203 ξενίας
1272 2178 1306 2198 τε

265 2215 330 2254 ἅμα
347 2215 402 2245 καὶ
418 2213 608 2255 πραγμάτων
627 2216 847 2254 προσποιητῶν
870 2213 983 2254 χάριν,
1002 2213 1165 2244 συλλαὸὼν
1185 2213 1212 2244 δ’
1235 2214 1305 2245 ἀνέ-

266 2262 386 2302 πεμψεν
403 2262 444 2297 ὡς
459 2260 514 2292 τὸν
531 2260 679 2300 βασιλέα,
694 2259 786 2291 κάκεῖ
798 2260 982 2300 κρεμασθεὶς
995 2259 1156 2291 ἀπώλετο·
1173 2261 1202 2291 οἱ
1224 2259 1307 2300 φιλό-

269 2319 358 2349 σοφοι
377 2307 403 2339 δ’
417 2307 606 2347 ἐσώθησαν,
627 2306 788 2347 φεύγοντες
804 2306 843 2338 τὰ
859 2306 981 2347 χωρία,
995 2306 1016 2337 ἃ
1030 2308 1058 2338 οἱ
1077 2306 1196 2347 Πέρσαι
1221 2308 1309 2338 κατέ-

267 2367 356 2397 σχον.
377 2372 417 2379 -
445 2355 511 2396 (39)
536 2354 693 2395 Diogenes
716 2353 865 2385 Laertius
892 2352 949 2385 lib.
973 2354 1014 2394 V,
1041 2354 1061 2385 9
1081 2353 1248 2391 Πλάτωνος
1274 2355 1306 2386 δὲ

267 2403 505 2440 τελευτήσαντος
524 2400 772 2441 (Ἀπολλόδωρος
799 2401 830 2432 ἐν
849 2403 1004 2442 χρονικοῖς
1022 2412 1114 2440 φησιν
1129 2401 1224 2433 αὐτὸν
1237 2400 1248 2441 )
1261 2404 1306 2441 τῷ

266 2450 382 2491 πρώτῳ
401 2449 461 2480 ἔτει
481 2448 531 2480 ἐπὶ
548 2447 698 2487 Θεοφίλου
721 2447 795 2488 πρὸς
812 2447 958 2488 Ἑρμείαν
977 2447 1112 2487 ἀπᾶραι,
1131 2447 1185 2478 καὶ
1206 2452 1307 2488 μεῖναι

267 2498 319 2535 ἔτη
333 2497 419 2538 τρία·
439 2496 491 2528 ἐπὶ
508 2495 689 2527 Πυθοδότου
705 2495 731 2525 δ’
746 2495 840 2526 ἐλθεῖν
854 2495 929 2535 πρὸς
942 2494 1099 2526 Φίλιππον
1115 2498 1161 2536 τῷ
1175 2495 1307 2536 δευτέρῳ

267 2545 327 2576 ἔτει
354 2547 409 2581 τῆς
436 2542 540 2579 ἐνάτης
569 2542 622 2573 καὶ
661 2543 834 2581 ἑκατοστῆς
862 2541 1093 2581 Ὀλυμπιάδος,
1113 2542 1309 2583 Ἀλεξάνδρου

267 2589 487 2622 πεντεκαίδεκα
501 2589 552 2626 ἔτη
566 2589 624 2626 ἤδη
640 2587 798 2628 γεγονότος
812 2597 818 2603 ·
842 2589 883 2624 εἷς
899 2588 924 2619 δ’
943 2587 1067 2625 Ἀθήνας
1084 2588 1247 2626 ἀφικέσθαι
1265 2592 1309 2629 τῷ

268 2637 402 2678 δευτέρῳ
420 2636 481 2668 ἔτει
494 2638 546 2673 τῆς
571 2634 732 2672 ἑνδεκάτης
751 2636 805 2666 καὶ
824 2635 991 2674 ἑκατοστῆς
1010 2635 1240 2677 Ὀλυμπιάδος,
1255 2636 1309 2668 καὶ

271 2686 303 2717 ἐν
323 2683 449 2724 Λυκείῳ
468 2682 627 2722 σχολάσαι
648 2681 701 2719 ἔτη
715 2682 784 2722 τρία
809 2682 882 2722 πρὸς
905 2686 969 2718 τοῖς
988 2683 1064 2713 δέκα
1077 2707 1085 2721 ,
1106 2684 1175 2714 εἶτα
1191 2684 1310 2724 ἀπᾶραι

270 2733 311 2768 εἰς
327 2729 469 2763 Χαλκίδα
482 2731 526 2769 τῷ
541 2729 633 2769 τρίτῳ
647 2729 706 2759 ἔτει
729 2732 781 2766 τῆς
794 2729 939 2769 τετάρτης
955 2730 1008 2760 καὶ
1022 2730 1152 2766 δεκάτης
1168 2730 1222 2761 καὶ
1240 2731 1312 2761 ἑκα-

270 2781 381 2816 τοστῆς
400 2775 610 2816 Ὀλυμπιάδος
627 2787 658 2807 κ.
679 2787 707 2807 τ.
728 2776 756 2807 λ.
776 2793 817 2798 -

314 2824 380 2865 (40)
402 2823 561 2863 Diogenes
578 2821 725 2854 Laertius
740 2820 796 2853 lib.
816 2822 873 2862 IV,
892 2824 945 2853 8-9
961 2822 1051 2862 λόγος
1071 2823 1105 2854 δὲ
1119 2823 1212 2855 αὐτὸν
1234 2824 1311 2864 μετὰ

271 2873 324 2904 καὶ
341 2872 442 2903 ἄλλων
467 2871 644 2909 πεμφθῆναι
661 2869 853 2910 πρεσὸευτήν
871 2869 946 2909 πρὸς
970 2869 1144 2901 Φίλιππον·
1161 2870 1215 2902 καὶ
1241 2870 1311 2907 τοὺς

274 2920 328 2961 μὲν
346 2916 454 2956 δώροις
471 2915 746 2956 μαλθασσομένους
762 2916 815 2946 καὶ
837 2915 867 2951 ἐς
885 2916 939 2951 τὰς
958 2915 1083 2953 κλήσεις
1100 2917 1237 2948 συνιέναι
1258 2917 1311 2949 καὶ

273 2968 318 3005 τῷ
335 2963 485 3004 Φιλίππῳ
505 2963 607 2994 λαλεῖν
619 2970 627 2978 ·
648 2962 701 2993 τὸν
722 2962 754 2993 δὲ
773 2962 938 3001 μηδέτερον
963 2962 1080 2993 τούτων
1102 2966 1211 2995 ποιεῖν.
1231 2964 1313 2995 Οὔτε

273 3011 332 3051 γὰρ
349 3011 366 3040 ὁ
394 3009 549 3044 Φίλιππος
570 3007 662 3039 αὐτὸν
682 3007 827 3048 προσίετο
846 3008 897 3038 διὰ
922 3011 1024 3039 τοῦτο.
1052 3008 1145 3040 ’Ὀθεν
1170 3010 1311 3046 ἐλθόντας

274 3057 346 3093 τοὺς
363 3056 505 3096 πρέσὸεις
518 3056 560 3091 εἷς
577 3055 631 3090 τὰς
646 3053 770 3092 Ἀθήνας
789 3054 938 3095 φάσκειν,
957 3057 997 3091 ὡς
1019 3055 1117 3095 μάτην
1130 3055 1232 3094 αὐτοῖς
1251 3056 1311 3089 Ξε-

274 3103 423 3144 νοκράτης
436 3102 631 3138 συνεληλύθει
645 3109 652 3116 ·
665 3102 721 3134 καὶ
736 3100 807 3136 τοὺς
822 3101 961 3140 ἑτοίμους
976 3102 1053 3132 εἶναι
1067 3104 1195 3142 ζημιοῦν
1209 3103 1311 3134 αὐτον

276 3149 437 3187 Μαθόντας
454 3148 487 3180 δὲ
498 3148 573 3188 παρ’
583 3147 680 3178 αὐτοῦ
692 3149 733 3182 ὡς
751 3150 804 3178 νῦν
820 3148 873 3179 καὶ
889 3148 1002 3187 μᾶλλον
1019 3149 1212 3189 φροντιστέον
1233 3149 1312 3180 εἶναι

276 3201 330 3235 τῆς
349 3197 467 3232 πόλεως
489 3196 607 3234 αὐτοῖς,
630 3194 723 3234 (τοὺς
741 3194 797 3234 μὲν
815 3194 874 3236 γὰρ
893 3194 952 3232 ἤδη
973 3195 1205 3236 ἐδωροδόκησεν
1221 3197 1238 3227 ὁ
1254 3196 1316 3228 Φί-

275 3246 406 3283 λιππος,
429 3243 483 3283 ἐμὲ
500 3242 532 3274 δὲ
552 3242 656 3282 μηδενὶ
679 3241 762 3282 λόγῳ
789 3240 1019 3282 ἐπαξόμενος·)
1047 3242 1124 3283 φασὶ
1144 3243 1317 3280 διπλασίως

278 3291 371 3323 αὐτὸν
388 3293 538 3331 τιμῆσαι·
559 3289 613 3320 καὶ
632 3288 685 3320 τὸν
704 3288 861 3320 Φίλιππον
878 3288 911 3320 δὲ
924 3289 1023 3328 λέγειν
1046 3289 1193 3331 ὕστερον,
1210 3292 1250 3326 ὡς
1265 3290 1304 3329 μό

277 3350 327 3375 νος
345 3337 433 3376 εἴη’*
409 3335 601 3377 ,ιενοκράτης
614 3338 678 3367 τῶν
692 3335 768 3376 πρὸς
782 3335 902 3367 αὐτὸν’
888 3335 1062 3375 αφιγμένων
1074 3335 1315 3375 ἀδωροδόκητος.

279 3403 321 3409 -
338 3384 403 3424 (41)
423 3383 508 3416 Vide
526 3381 696 3424 Speusippi
716 3382 819 3414 vitam
835 3383 903 3415 not.
926 3384 995 3414 135.
1014 3400 1056 3406 —-
1073 3383 1137 3423 (42)
1157 3383 1317 3424 Diogenes

280 3430 428 3463 laertius
450 3430 504 3462 lib.
524 3431 564 3467 V
586 3434 616 3461 2-
619 3431 637 3461 3
658 3430 732 3470 φησὶ
751 3429 776 3460 δ’
803 3428 981 3470 Ἕρμιππος
1002 3429 1034 3461 ἐν
1059 3433 1123 3465 τοῖς
1146 3430 1246 3470 βίοις,
1272 3431 1318 3462 ὅτι

281 3477 502 3518 πρεσὸευοντος
516 3477 611 3508 αὐτοῦ
623 3476 698 3517 πρὸς
714 3475 871 3508 Φίλιππον
888 3476 963 3517 ὑπὲρ
985 3474 1170 3515 Ἀθηναίων,
1187 3475 1318 3517 σχολάρ-

1123 257 1187 297 DE
1218 258 1252 298 Χ
1256 256 1544 299 ENOCRATE.

1358 338 1402 385 in
1418 347 1545 398 Lyceo
1567 336 1734 385 scholam
1757 345 1928 397 aperuit,
1949 358 2042 384 usus
2060 345 2260 398 Euripidis
2283 358 2399 386 versu

1359 407 1399 444 in
1420 406 1523 444 hunc
1547 406 1704 444 modum
1728 414 1873 443 mutato
1896 418 1905 441 t

1466 494 1611 548 αἰσχρὸν
1629 501 1765 547 σιωπᾷν
1779 526 1789 542 ,
1809 493 2013 546 Ξενοκράτη
2030 493 2059 532 δ’
2079 495 2138 548 ἐᾷν
2153 493 2265 546 λέγειν
2299 494 2395 547 (42).

1362 583 1420 623 Ab
1448 596 1494 622 eo
1528 584 1619 622 inde
1649 594 1822 636 tempore
1850 584 2007 622 laudum
2037 592 2076 621 et
2103 583 2239 633 gloriae
2267 583 2398 622 aemuli

1360 641 1592 681 Xenocrates
1622 652 1659 681 et
1693 644 1914 681 Aristoteles
1944 643 2113 682 suerunt.
2140 641 2267 687 Quid?
2295 641 2401 692 quod

1361 701 1444 751 ipse
1462 701 1681 740 Alexander
1695 703 1933 753 aliquamdiu
1948 702 2147 740 Aristoteli
2164 701 2336 742 offensus
2352 701 2401 741 ad

1349 759 1611 797 xenocratem
1633 761 1736 799 dona
1756 761 1861 798 misit
1880 773 2045 812 euntque
2064 756 2286 799 honestavit
2303 758 2399 813 (43).

1361 819 1589 857 Aristoteles
1624 821 1738 858 etiam
1762 820 1907 858 librum
1931 820 2097 858 confecit
2125 819 2173 856 de
2191 818 2400 871 Speusippi

1360 876 1630 916 etXenocratis
1644 878 1889 933 philosophia
1905 878 2003 930 (44),
2020 879 2061 916 in
2076 891 2154 929 quo
2173 886 2400 916 controver-

1361 939 1459 984 sias,
1494 949 1580 987 quae
1624 937 1725 975 inter
1762 937 2012 975 Academicos
2050 945 2087 974 et
2120 934 2399 987 Peripateticos

1361 1004 1491 1043 erant,
1513 995 1667 1033 videtur
1688 995 1951 1046 composuisse
1972 995 2060 1046 (45).
2085 994 2256 1046 Uterque
2273 1001 2402 1033 tamen

1361 1053 1548 1092 doctrinae
1568 1054 1667 1092 sama
1688 1054 1903 1093 celebratus
1921 1064 2001 1093 tum
2024 1054 2147 1104 gratia
2171 1062 2209 1092 et
2227 1054 2400 1092 auctori-

1362 1121 1438 1150 tate
1469 1122 1547 1150 tum
1581 1113 1865 1162 discipulorum
1887 1113 2094 1151 nobilitate
2122 1111 2271 1165 floruit.¹
2289 1112 2404 1151 Nam-

1362 1185 1437 1220 que
1467 1171 1694 1210 Aristoteles
1723 1173 1906 1210 tredecim
1941 1185 2063 1210 annos
2085 1171 2218 1209 docuit
2240 1171 2403 1215 Athenis

1361 1238 1398 1267 et
1419 1230 1613 1281 plurimos
1633 1230 1768 1268 habuit
1783 1231 1998 1282 discipulos
2011 1259 2022 1277 ‚
2045 1230 2147 1268 inter
2163 1241 2262 1280 quos
2277 1228 2404 1274 Theo-

1362 1288 1562 1338 phrastum
1582 1297 1619 1325 et
1641 1289 1939 1336 Aristoxenum3
1962 1288 2199 1326 Xenocrates
2225 1300 2320 1326 vero
2340 1289 2404 1328 vi-

1362 1347 1460 1395 ginti
1489 1347 1663 1397 quinque
1685 1359 1807 1384 annos
1825 1347 2059 1384 academiam
2083 1347 2184 1385 rexit
2210 1359 2333 1398 usque
2351 1347 2399 1386 ad

1362 1404 1517 1442 tertium
1535 1404 1776 1456 Olympiadis
1796 1419 1811 1442 1
1823 1406 1868 1442 16
1889 1418 2032 1443 annum
2046 1434 2057 1452 ‚
2076 1414 2119 1443 ut
2137 1405 2191 1443 ait
2210 1405 2404 1456 Diogenes

1363 1462 1539 1502 Laertius
1562 1461 1655 1514 (46).

1414 1521 1471 1558 De
1494 1521 1618 1559 forma
1646 1521 1902 1565 institutionis
1932 1521 2178 1560 Xenocrateae
2205 1521 2404 1560 sciendum

1362 1587 1443 1626 est,
1465 1579 1617 1618 Platoni
1636 1589 1673 1617 et
1699 1579 1906 1619 Xenocrati
1924 1581 2070 1632 duplex
2098 1581 2217 1619 fuisse
2241 1580 2406 1619 docendi

1364 1651 1503 1676 munus
1517 1667 1527 1686 ‚
1546 1639 1602 1676 ita
1623 1647 1667 1676 ut
1683 1639 1799 1676 modo
1817 1639 2078 1678 adolescentes
2096 1639 2137 1677 in
2157 1639 2407 1691 philosophia

1366 1697 1565 1735 erudirent
1579 1726 1590 1745 ,
1610 1697 1725 1735 modo
1742 1698 1852 1736 viros
1869 1698 1995 1736 claros
2015 1706 2053 1736 et
2070 1697 2299 1749 reipublicae
2321 1711 2405 1737 mo-

1363 1754 1544 1792 derandae
1583 1756 1779 1794 studiosos
1824 1756 1935 1794 civili
1977 1757 2127 1795 ratione
2156 1757 2405 1799 instruerent.

1362 1812 1536 1864 Namque
1564 1815 1606 1852 in
1626 1814 1800 1852 Platonis
1820 1814 2070 1865 disciplinam
2097 1827 2137 1852 se
2160 1813 2404 1853 tradiderunt

1364 1885 1440 1922 qua
1452 1872 1676 1924 philosophi
1692 1886 1768 1924 qua
1785 1873 1878 1911 clari
1893 1873 1988 1922 viri,
2004 1873 2111 1912 velut
2123 1872 2200 1911 Dio
2212 1872 2305 1924 (47),
2319 1873 2403 1914 alii.

1364 1930 1443 1967 Hac
1467 1926 1632 1969 docendi
1652 1932 1826 1977 ratione,
1851 1945 1966 1982 quam
1997 1932 2198 1970 Platonem
2216 1944 2239 1970 a
2257 1931 2403 1982 Pytha-

1366 1987 1492 2035 goreis
1519 1990 1711 2038 accepisse
1730 1991 1990 2039 suspicamur,
2012 2003 2104 2029 usus
2121 1998 2179 2028 est
2198 1991 2313 2028 etiam
2332 1988 2407 2028 Xe-

1367 2179 1424 2209 χης
1436 2169 1555 2208 ἐγένετο
1569 2172 1621 2207 τῆς
1636 2170 1667 2201 ἐν
1679 2169 1851 2209 Ἀκαδημίᾳ
1865 2169 1982 2211 σχολῆς
1997 2168 2192 2210 Ξενοκράτης
2205 2176 2212 2184 ·
2228 2167 2358 2201 ἐλθόντα
2369 2168 2407 2206 δὴ

1367 2215 1460 2247 αὐτὸν
1477 2216 1530 2247 καὶ
1547 2215 1738 2255 θεασάμενον
1754 2217 1797 2247 ὑπ
1819 2216 1903 2256 ἄλλῳ
1917 2216 1972 2254 τὴν
1985 2215 2102 2261 σχολήν
2110 2241 2120 2256 ,
2138 2216 2262 2248 ἑλέσθαι
2281 2215 2410 2258 περίπα-

1366 2274 1419 2295 τον
1453 2263 1504 2294 τὸν
1526 2264 1558 2295 ἐν
1588 2262 1727 2304 Λυκείῳ.
1758 2263 1820 2295 Καὶ
1851 2263 1941 2304 μέχρι
1965 2262 2020 2303 μὲν
2045 2261 2234 2303 ἀλείμματος
2264 2262 2409 2305 ἀνακάμ-

1367 2320 1508 2347 πτοντα,
1532 2312 1595 2346 τοῖς
1613 2309 1765 2350 μαθηταῖς
1790 2309 2050 2350 συμφιλοσοφεῖν,
2072 2307 2141 2340 ὅθεν
2161 2309 2409 2350 Περιπατητικὸν

1367 2357 1664 2398 προσαγορευθῆναι.
1690 2358 1731 2389 Οἱ
1751 2356 1792 2396 δ,
1808 2356 1855 2388 ὅτι
1870 2356 1906 2387 ἐκ
1921 2355 2018 2387 νόσου
2032 2357 2250 2397 περιπατοῦντι
2267 2354 2407 2394 Ἀλεξάν-

1367 2404 1430 2443 δρῳ
1449 2404 1623 2444 συμπαρὼν
1648 2403 1802 2441 διελέγετο
1821 2402 1910 2433 ἅττα.
1934 2400 2060 2440 Ἐπειδὴ
2077 2397 2110 2433 δὲ
2130 2401 2255 2438 πλείους
2271 2401 2409 2445 ἐγίνοντο

1368 2450 1448 2489 ἤδη,
1469 2451 1523 2482 καὶ
1544 2450 1709 2488 ἐκάθισεν,
1732 2450 1846 2482 εἰπών·
1871 2449 2002 2490 αἰσχρὸν
2020 2451 2161 2491 σιωπᾷν,
2183 2447 2362 2491 Ξενοκράτη
2383 2453 2400 2485 δ

1370 2497 1424 2537 ἐᾷν
1451 2497 1562 2536 λέγειν.
1589 2474 1755 2537 Euripidis
1780 2504 1822 2528 ex
1843 2494 2026 2528 Philocteta
2047 2504 2163 2529 versus
2191 2496 2254 2529 suit
2279 2498 2409 2540 αἰσχρὸν

1371 2545 1512 2583 σιωπᾷν,
1534 2542 1708 2584 βαρὸάρους
1735 2543 1762 2574 δ’
1784 2543 1836 2583 ἐᾷν
1855 2543 1954 2582 λέγειν
1966 2569 1975 2582 ,
1989 2550 2090 2582 quem
2109 2541 2157 2575 sic
2170 2542 2314 2576 mutavit
2333 2544 2410 2576 Ari-

1371 2589 1516 2622 stoteles.
1535 2589 1610 2622 Vid.
1632 2588 1821 2627 Quintilian.
1843 2589 1949 2620 Instit.
1969 2592 2051 2620 orat.
2073 2588 2131 2621 lib.
2145 2589 2204 2628 111,
2222 2595 2292 2631 cap.
2315 2591 2345 2622 1.
2359 2589 2411 2622 ei-

1360 2645 1445 2668 ·cero
1467 2635 1509 2668 ad
1530 2636 1627 2668 Attio.
1648 2634 1708 2668 lib.
1726 2633 1784 2674 VI,
1805 2643 1856 2676 ep.
1879 2638 1917 2674 83
1939 2634 1980 2666 de
1998 2635 2090 2667 orat.
2112 2634 2166 2667 lib.
2189 2635 2341 2678 mscap.
2369 2639 2409 2670 35

1371 2683 1404 2715 ct
1425 2684 1521 2714 Tusc.
1544 2681 1600 2715 lib.
1620 2683 1646 2721 I,
1673 2690 1743 2723 cap.
1766 2684 1785 2713 4
1803 2680 1861 2722 qui
1880 2690 1949 2713 rem
1970 2681 2069 2722 paulo
2085 2681 2180 2715 aliter
2194 2683 2340 2716 narrant.
2358 2683 2409 2716 cf.

1372 2729 1538 2770 Menagius
1555 2728 1598 2761 ad
1612 2729 1732 2761 Laertii
1750 2728 1772 2761 1.
1791 2737 1841 2768 c.;
1860 2728 2047 2761 Valckenar.
2066 2727 2214 2762 Diatribe
2226 2737 2298 2770 cap.
2314 2729 2358 2762 x1
2378 2730 2412 2765 et

1372 2788 1430 2812 nos
1449 2788 1549 2821 supra
1566 2779 1600 2810 in
1624 2777 1795 2820 Speusippi
1815 2777 1884 2810 vita
1910 2780 1978 2810 not.
2008 2780 2060 2810 97.
2094 2795 2137 2802 —
2163 2777 2229 2819 (43)
2251 2777 2411 2820 Diogenes

1374 2828 1520 2862 Laertius
1537 2827 1592 2860 lib.
1623 2829 1665 2868 V,
1689 2830 1726 2860 10
1742 2828 1864 2869 λέγεται
1884 2827 1916 2859 δὲ
1941 2827 1993 2859 διὰ
2011 2828 2067 2865 τὴν
2087 2827 2314 2865 Καλλισθένους
2335 2828 2412 2869 πρὸς

1378 2879 1569 2920 Ἀλέξανδρον
1588 2879 1740 2910 σύστασιν
1755 2880 1970 2919 προσκροῦσαι
1989 2880 2036 2918 τῷ
2050 2878 2189 2918 βασιλεῖ,
2201 2876 2346 2910 κάκεῖνον
2360 2877 2411 2910 ἐπὶ

1373 2934 1418 2973 τῷ
1437 2933 1548 2962 τοῦτον
1568 2929 1708 2967 λυπῆσαι
1728 2927 1905 2969 Ἀναξιμένη
1926 2927 1981 2968 μὲν
2001 2927 2152 2967 αὐξῆσαι,
2167 2927 2290 2968 πέμψαι
2303 2927 2336 2960 δὲ
2356 2928 2412 2960 καὶ

1375 2979 1562 3022 Ξενοκράτει
1583 2980 1678 3019 δῶρα.
1698 2995 1740 3002 —
1757 2976 1824 3019 (44)
1850 2978 1919 3018 περὶ
1945 2980 1999 3015 τῆς
2016 2976 2221 3009 Σπευσίππου
2239 2977 2294 3009 καὶ
2311 2975 2410 3010 Ξενο-

1373 3030 1504 3071 κράτους
1517 3028 1699 3071 φιλοσοφίας
1708 3027 1758 3060 Cf.
1773 3026 1866 3069 Diog.
1882 3028 1990 3059 Laert.
2008 3025 2063 3059 lib.
2080 3027 2122 3065 V,
2137 3029 2188 3059 25.
2196 3026 2316 3068 —-(45)
2329 3026 2414 3060 vide

1374 3078 1503 3111 Luzacii
1526 3078 1695 3110 Lectiones
1712 3076 1835 3110 Atticas
1858 3076 1942 3108 sect.
1947 3067 1994 3108 11
2014 3075 2034 3117 §
2063 3077 2081 3107 3
2105 3083 2180 3116 pag.
2202 3076 2271 3108 142.
2287 3093 2328 3103 -
2346 3075 2412 3117 (46)

1376 3129 1535 3169 Diogenes
1552 3127 1700 3160 Laertius
1712 3127 1768 3160 lib.
1780 3127 1837 3166 IV,
1863 3128 1901 3158 14
1920 3125 2073 3162 διεδέξατο
2095 3125 2127 3156 δὲ
2141 3124 2345 3158 Σπεύσιππον
2357 3125 2411 3157 καὶ

1376 3179 1560 3219 ἀφηγήσατο
1575 3181 1630 3215 τῆς
1649 3177 1764 3218 σχολῆς
1785 3176 1877 3208 πέντε
1891 3175 1945 3207 καὶ
1964 3174 2066 3206 εἴκοσι
2080 3173 2136 3211 ἐτη
2153 3173 2204 3206 ἐπὶ
2226 3174 2413 3215 Λυσιμαχί-

1376 3230 1449 3268 δου,
1471 3228 1636 3271 ἀρξάμενος
1655 3227 1736 3259 κατὰ
1748 3227 1784 3258 τὸ
1799 3225 1938 3266 δεύτερον
1959 3224 2024 3260 ἔτος
2042 3227 2095 3262 τῆς
2118 3223 2247 3262 δεκάτης
2266 3225 2320 3256 καὶ
2336 3225 2414 3256 ἑκα-

1376 3282 1488 3317 τοστῆς
1512 3276 1732 3318 Ὀλυμπιάδος.
1755 3275 1804 3307 ef.
1825 3275 1890 3306 not.
1913 3275 1965 3305 41.
1994 3291 2034 3297 —
2055 3272 2121 3314 (47)
2138 3272 2297 3314 Diogenes
2313 3273 2413 3306 Laer-

1377 3325 1443 3358 tius
1468 3325 1525 3358 lib.
1546 3327 1605 3365 Ill,
1626 3327 1666 3357 46
1689 3323 1821 3365 μαθηταὶ
1846 3322 1875 3353 δ’
1898 3321 1993 3353 αὐτοῦ
2017 3322 2216 3359 Σπεύσιππος
2237 3320 2411 3363 Ἀθηναῖος,

1379 3375 1570 3417 Ξενοκράτης
1586 3373 1813 3413 Χαλκηδόνιος,
1833 3371 2045 3412 Ἀριστοτέλης
2065 3370 2263 3412 Σταγειρίτης
2275 3395 2285 3412 ,
2303 3370 2416 3404 Φίλιπ-

1383 3435 1443 3460 πος
1465 3426 1481 3455 ὁ
1505 3423 1706 3464 Ὀπούντιος,
1728 3424 1884 3464 Ἑστιαιος
1908 3421 2076 3462 Περίνθιος,
2102 3421 2186 3474 Δίων
2209 3421 2416 3486 Συρακούσιος

1379 3476 1444 3506 κτλ.
1468 3493 1505 3501 -
