2528 3788
227 230 306 269 150
1145 230 1431 275 CRANTORIS

224 323 409 370 μετασχεῖν
438 319 498 363 τῆς
525 321 582 354 τοῦ
612 314 790 367 βελτίστου
820 314 967 367 <96⁶st
995 315 1156 370 Ἄριστον
1185 320 1253 374 γὰρ
1314 337 1377 376 τῳ.
1399 323 1492 363 Ἀλλ’
1509 325 1567 363 ἐὰν
1594 324 1714 365 τούτου
1741 326 1809 374 ἤδη
1832 327 2163 381 ἀνακηρυττομένου
2183 331 2354 372 ἐπιστᾶσα

222 381 308 414 πᾶσι
342 378 401 413 καὶ
439 375 565 417 πάσαις
596 373 634 411 τὸ
660 372 709 424 μὴ
737 373 915 425 γενέσθαι·
943 374 984 414 τὸ
1013 374 1131 426 μέντοι
1164 378 1256 430 μετὰ

221 439 320 473 τοῦτο
339 434 397 472 καὶ
421 433 461 471 τὸ
477 436 615 485 πρῶτον
635 433 703 470 τῶν
723 431 916 485 ἀνθρώποις
936 435 1092 473 ἀνυστῶν
1105 466 1115 485 ,
1139 436 1254 476 δεύτε-

222 509 276 543 ρον
300 493 356 540 δέ,
375 492 415 530 τὸ
434 491 636 543 γενομένους
666 493 851 529 ἀποθανεῖν
873 494 918 536 ὡς
940 492 1105 545 τάχιστα.
1139 496 1272 542 Δῆλον,

154 598 158 602 ,
219 544 276 589 οὖν
290 579 300 597 ,
322 551 367 593 ὡς
386 549 489 596 οὔσης
515 549 710 601 κρείττονος
727 550 790 596 τῆς
817 549 851 587 ἐν
872 552 922 602 τῷ
942 550 1104 589 τεθνάναι
1126 552 1254 604 διαγω-

216 610 278 659 γῆς
294 606 314 652 ἢ
335 610 394 654 τῆς
418 609 452 645 ἐν
471 609 520 660 τῷ
537 609 597 660 ζῇν
609 637 618 655 ,
636 606 742 651 οὕτως
763 607 978 660 ἀπεφήνατο.
999 609 1176 660 Denique
1195 602 1257 650 Se·-

215 678 305 703 neca
325 666 519 705 (lonsolat.
550 666 598 703 ad
629 665 811 704 Marciam
840 667 926 718 cap.
952 680 1001 705 22
1037 682 1046 705 ε
1069 668 1201 720 itaque
1221 673 1254 710 si

215 725 473 763 felicissimum
507 734 586 773 est,
608 738 686 763 non
716 725 823 765 nasci
859 739 868 764 ι
892 728 1115 778 proximum
1132 737 1225 779 puta
1240 759 1251 777 ‚

214 784 402 822 brevitate
423 784 509 822 vitae
528 784 745 833 defunctos,
769 785 848 824 cito
870 785 913 823 in
927 786 1123 836 integrum
1143 792 1253 827 resti-

214 845 283 883 tui.
305 844 430 882 Taceo
456 853 654 895 poetarum
677 845 859 893 Hesiodi,
883 844 1145 896 Theognidis,
1166 848 1255 887 Bac-

213 903 379 957 cliylidis
394 916 528 941 versus
542 916 563 941 a
583 903 881 955 Wyttenbachio
903 904 949 942 ad
969 905 1071 944 Plut.
1092 906 1172 946 vol.
1188 907 1252 956 Vl,

212 975 249 1011 p.
274 963 349 1011 769
366 962 563 1012 allegatos.
581 961 592 1013 }

266 1033 311 1058 13.
335 1019 479 1071 Ἀγαθὸν
499 1021 527 1064 δ’
546 1014 646 1076 εἶπαν
661 1019 770 1067 αὐτὴν
792 1018 880 1072 [τὴν
900 1020 1047 1074 ὑγείαν]
1068 1021 1252 1075 ὑπάρχειν,

213 1081 250 1117 οὗ
271 1077 338 1129 μὴν
360 1077 420 1117 καὶ
449 1080 606 1131 πρῶτον,
629 1078 662 1117 οἵ
690 1094 728 1116 τε
761 1078 831 1117 ἀπὸ
859 1081 921 1126 τῆς
942 1078 1159 1131 Ἀκαδημίας
1189 1081 1250 1119 καὶ

210 1139 241 1176 οἱ
262 1137 329 1175 ἀπὸ
361 1140 422 1175 τοῦ
455 1137 662 1190 περιπάτου.
694 1137 774 1176 Δεῖν
807 1137 876 1191 γὰρ
904 1137 1079 1178 ὗπέλαὸον
1115 1138 1251 1193 ἑκάστῳ

210 1197 277 1234 τῶν
299 1198 436 1246 ἀγαθῶν
453 1195 514 1243 τὴν
536 1195 663 1234 οἰκείαν
682 1194 776 1239 τάξιν
797 1197 912 1233 τεκαὶ
933 1195 1030 1240 ἀξίαν
1048 1197 1248 1248 ἀπονέμειν.

209 1253 337 1294 ’Ἔνθεν
359 1255 418 1293 καὶ
452 1256 469 1293 ὁ
496 1255 669 1307 Κράντωρ
701 1255 747 1298 εἷς
779 1255 930 1307 ἔμφασιν
968 1259 1051 1314 τοῦὶ,
1060 1257 1249 1309 λεγομένου

212 1313 414 1364 βουλόμενος
440 1314 534 1363 ἡμᾶς
558 1313 676 1364 ἄγειν,
698 1312 791 1352 πάνυ
817 1312 975 1366 χαρίεντι
1007 1315 1250 1368 συνεχρήσατο

210 1372 480 1423 παραδείγματι.
504 1371 545 1409 Εἰ
565 1371 632 1424 γὰρ
646 1371 851 1421 νοήσαιμεν,
873 1372 979 1425 φησί,
1000 1373 1112 1412 κοινόν
1129 1388 1163 1412 τι
1182 1377 1251 1413 τῶν

213 1431 446 1478 Πανελλήνων
465 1430 606 1483 θέατρον
619 1460 628 1478 ,
659 1432 705 1475 εἷς
725 1430 826 1470 τοῦτό
847 1447 885 1469 τε
908 1429 1055 1471 ἕκαστον
1071 1434 1142 1470 τῶν
1163 1434 1250 1484 ἀγα-

209 1491 274 1526 θῶν
297 1489 421 1541 παριὸν
444 1488 503 1526 καὶ
532 1491 602 1526 τῶν
623 1488 802 1541 πρωτείων
823 1490 1111 1542 ἀντιποιούμενον
1130 1490 1249 1540 ἥκειν,

209 1547 303 1591 εὐθὺς
320 1548 378 1585 καὶ
402 1549 448 1591 εἰς
471 1546 604 1586 ἔννοιαν
629 1547 901 1601 ἀναχθησόμεθα
922 1551 984 1596 τ’ῆς
1007 1550 1041 1588 ἐν
1065 1555 1135 1595 τοῖς
1161 1552 1249 1603 ἀγα-

209 1609 276 1648 θοῖς
297 1607 477 1658 διαφορᾶς.
507 1608 656 1658 Πρῶτον
681 1606 743 1657 μὲν
765 1606 832 1659 γὰρ
854 1608 872 1644 ὃ
900 1608 1058 1652 Πλοῦτος
1078 1624 1247 1661 παραπη-

208 1665 313 1711 δήσας
341 1666 422 1716 ἐρεῖ·
454 1663 522 1715 ἐγώ
536 1693 546 1711 ,
563 1657 592 1702 ὦ
616 1663 736 1716 ἄνδρες
756 1664 1003 1712 Πανέλληνες,
1028 1666 1160 1716 κόσμον
1177 1682 1249 1704 πα-

207 1723 315 1775 ρέχων
337 1728 442 1760 πᾶσιν
461 1721 654 1775 ἀνθρώποις
669 1722 729 1760 καὶ
749 1723 814 1767 τὰς
828 1724 976 1770 ἐσθῆτας
993 1724 1054 1763 καὶ
1077 1724 1139 1768 τὰς
1159 1726 1247 1764 ὓπο-

209 1782 314 1824 δέσεις
329 1781 387 1819 καὶ
403 1780 467 1828 τὴν
488 1781 597 1828 ἄλλην
620 1781 814 1821 ἀπόλαυσιν
834 1782 1006 1835 χρειώδης
1023 1783 1095 1833 εἰμὶ
1109 1787 1250 1822 νοσοῦσι

205 1840 262 1877 καὶ
279 1839 491 1891 ὑγιαίνουσι,
511 1840 570 1878 καὶ
594 1840 627 1877 ἐν
644 1839 706 1889 μὲν
723 1840 842 1892 εἰρήνῃ
861 1839 1010 1893 παρέχω
1030 1840 1073 1879 τὰ
1091 1842 1224 1894 τερπνά
1236 1872 1247 1893 ,

205 1902 238 1937 ἐν
263 1898 297 1936 δὲ
314 1898 479 1949 πολέμοις
498 1901 603 1951 νεῦρα
616 1902 631 1921 ‘¹
648 1900 716 1936 τῶν
741 1897 900 1951 πράξεων
922 1898 1079 1952 γίνομαι.
1101 1899 1247 1939 Τούτων

205 1957 271 2009 γὰρ
292 1957 332 2006 δὴ
352 1958 420 1995 τῶν
439 1957 551 2009 λόγων
582 1956 793 2000 ἀκούσαντες
809 1958 839 1995 οἷ
863 1956 1087 2012 Πανέλληνες
1110 1960 1249 2009 ὁμοθυ-

207 2017 315 2067 μαδὸν
336 2016 555 2055 κελεύσουσιν
578 2015 596 2041 ¹’
615 2016 803 2054 ἀποδοῦναι
823 2015 867 2067 τὰ
889 2015 1044 2068 πρωτεῖα
1068 2018 1118 2069 τῷ
1133 2015 1255 2056 Πλού-

249 2166 296 2196 13.
317 2163 440 2195 Bonum
458 2162 697 2201 valetudinem,
723 2171 784 2194 nec
813 2163 925 2194 tamen
960 2161 1058 2194 finem
1083 2162 1244 2194 ‚bonorum

206 2226 274 2255 tum
295 2220 476 2254 Academici
498 2222 570 2253 tum
602 2219 810 2262 Peripatetici
839 2229 910 2253 esse
934 2220 1104 2253 dixerunt.
1163 2222 1246 2253 Nam

205 2281 337 2323 singulis
356 2280 447 2313 bonis
463 2289 561 2313 suum
573 2279 721 2313 ordinem
750 2289 907 2321 suamque
929 2280 1120 2322 dignitatem
1147 2280 1247 2312 attri-

205 2341 261 2373 bui
280 2343 428 2382 oportere
461 2340 701 2372 existimarunt.
748 2340 958 2381 Quapropter
983 2339 1083 2372 etiam
1110 2339 1248 2372 Crantor

206 2407 274 2431 rem
291 2398 332 2430 de
349 2407 412 2439 qua
425 2399 532 2438 agitur
547 2397 641 2430 nobis
659 2397 893 2439 explicaturus,
908 2397 1086 2430 admodum
1103 2398 1246 2430 venusto

206 2457 354 2498 exemplo
372 2465 454 2489 usus
469 2457 530 2489 est.
576 2456 606 2488 Si
622 2456 707 2489 enim
728 2455 903 2497 fingamus,
919 2457 1026 2499 inquit
1041 2482 1049 2497 ,
1068 2465 1242 2489 commuue

206 2515 333 2556 aliquod
357 2516 544 2547 Graecorum
574 2515 759 2556 theatrum,
789 2525 827 2548 ac
853 2515 978 2557 singula
1007 2516 1091 2548 bona
1115 2515 1152 2548 in
1170 2525 1245 2550 sce-

206 2583 280 2606 nam
294 2574 424 2616 prodire
448 2574 480 2606 et
495 2573 534 2605 ad
553 2574 727 2615 petendum
745 2574 961 2617 principatum
977 2576 1089 2608 venire
1107 2586 1115 2606 :
1134 2576 1245 2610 statim

205 2634 302 2666 etiam
338 2633 497 2665 bonorum
528 2632 718 2665 differentiae
748 2633 994 2676 intelligentiam
1030 2623 1241 2668 habebimus.

206 2692 347 2724 Primum
365 2691 449 2724 enim
461 2690 631 2733 opulentia
648 2693 865 2732 transgressa:
881 2695 959 2733 Ego,
979 2693 1115 2735 inquiet,
1134 2694 1241 2728 Graeei

205 2750 359 2788 universi,
377 2750 528 2782 omnibus
546 2749 734 2781 hominibus
752 2752 901 2782 ornatum
924 2752 1071 2793 praebens
1090 2755 1122 2785 et
1143 2754 1241 2786 vesti-

204 2811 313 2842 menta
331 2811 364 2841 et
387 2808 513 2840 calceos
540 2809 573 2840 et
596 2807 722 2848 reliqua
752 2810 922 2842 commoda
949 2810 1037 2843 utilis
1068 2821 1141 2844 sum
1174 2815 1242 2845 tam

205 2869 299 2909 aegris
322 2877 420 2908 quam
441 2867 537 2905 sanis
559 2869 657 2908 atque
670 2867 703 2899 in
722 2876 802 2909 pace
818 2868 950 2909 quidem
972 2870 1105 2910 praebeo
1123 2880 1175 2903 res
1185 2872 1240 2913 Ju-

204 2928 337 2966 cundas,
356 2926 388 2958 in
399 2926 481 2958 bello
496 2927 606 2958 autem
623 2935 695 2958 sum
715 2927 805 2959 nervi
821 2935 929 2959 rerum
946 2929 1170 2969 gerendarum.
1184 2931 1242 2963 His

203 2987 288 3019 enim
308 2985 419 3018 verbis
436 2983 539 3017 Graeci
561 2984 686 3017 univesi
726 2984 846 3017 auditis
868 2994 1029 3018 consensu
1056 2989 1239 3029 opulentiae

203 3044 369 3086 dignitatis
394 3043 610 3085 principatum
632 3042 702 3075 dari
719 3043 890 3084 jubebunt.
958 3046 1082 3078 Verum
1099 3047 1145 3086 si,
1160 3047 1239 3079 dum

204 3105 274 3136 haec
292 3103 359 3144 jam
376 3101 532 3143 praeconis
554 3109 633 3133 voce
649 3101 864 3141 renuntiatur,
883 3102 1112 3143 superveniens
1132 3106 1233 3138 Volu-

203 3164 276 3204 ptas
288 3187 297 3201 ‚

236 3239 286 3268 cul
299 3239 374 3268 inest
389 3237 509 3274 quidem
520 3244 613 3271 amor,
632 3238 708 3267 inest
723 3237 913 3273 desiderium,
931 3238 1007 3266 inest
1026 3240 1219 3275 colloquium,

237 3278 493 3317 blandiloquentia
516 3278 639 3313 scilicet,
658 3286 723 3314 quae
741 3278 855 3314 decipit
879 3281 1008 3306 mentem
1030 3279 1118 3307 etiam
1147 3280 1237 3308 valde

1009 3325 1018 3356 [
1030 3324 1236 3361 prudentium,
1289 3335 1292 3338 ⁴

201 3414 289 3447 dicat
296 3431 311 3453 ‚r
328 3413 501 3454 postquam
518 3411 550 3443 in
569 3410 713 3443 medium
733 3411 902 3452 processit,
923 3419 1053 3452 aequum
1071 3420 1156 3452 esse,
1176 3421 1234 3444 su-

202 3482 256 3506 um
276 3481 393 3505 nomen
414 3479 471 3514 per
487 3479 670 3512 praeconem
687 3468 903 3510 pronuntiare

1312 384 1334 428 ἡ
1356 381 1484 430 Ἡδονή
1491 414 1500 435 ,

1375 482 1414 521 τῇ
1435 479 1478 511 ἔνι
1493 479 1548 521 μὲν
1564 480 1687 521 φιλότης
1699 504 1709 521 ,
1729 481 1774 513 ἔνι
1794 480 1820 513 δ’
1837 482 1940 523 ἵμερος
1951 506 1959 521 ,
1981 482 2012 513 ἐν
2029 481 2057 514 δ’
2074 481 2238 527 ὀαριστύς,
2255 486 2268 502 ⁹

1374 526 1530 569 πάρφασις
1541 552 1551 570 ,
1565 529 1616 568 ἦτ’
1632 529 1743 571 ἔκλεψε
1757 530 1828 562 νόον
1844 531 1930 563 πύκα
1951 541 2009 572 περ
2023 531 2214 574 φρονεόντων
2226 558 2235 576 ,

1314 609 1398 663 λέγῃ
1430 610 1465 650 δὲ
1484 613 1530 655 εἷς
1552 611 1658 663 μέσον
1678 620 1887 653 καταστᾶσα
1909 615 1962 654 ὅτι
1984 615 2092 672 αὖτὴν
2113 615 2245 656 δίκαιόν
2264 620 2357 658 ἔστι,
2375 606 2378 610 ’

1315 668 1548 723 ἀναγορεύειν·

1376 766 1393 797 ὁ
1412 766 1470 807 γὰρ
1484 766 1574 804 ὄλὸος
1591 767 1627 799 οὐ
1647 768 1784 809 βέὸαιος,
1809 769 1876 802 ἀλλ’
1894 766 2067 811 ἐφῄμεροςά

1382 813 1518 850 ἐξίπτατ’
1532 815 1640 855 οἴκων,
1664 816 1774 858 μικρὸν
1792 817 1928 855 ἀνθήσας
1949 816 2073 858 χρόνον,

1315 901 1478 942 διώκεταί
1509 920 1546 942 τε
1574 904 1659 958 πρὸς
1678 908 1747 943 τῶν
1768 905 1960 958 ἀνθρώπων
1982 907 2020 944 οὗ
2047 905 2090 943 δι’
2111 903 2235 944 ἑαυτὸν
2264 903 2358 944 ἀλλὰ

1313 960 1375 1008 τὴν
1407 961 1441 1006 ἐξ
1470 964 1578 1002 αὐτοῦ
1600 962 1871 1016 περιγινομένην
1899 963 2094 1003 ἀπόλαυσιν
2123 962 2185 1002 καὶ
2203 962 2355 1016 ἡδονήν,

1315 1019 1455 1065 πάντως
1472 1022 1503 1059 οἳ
1520 1022 1745 1070 Πανέλληνες
1761 1051 1772 1071 ,
1793 1023 1856 1061 οὐκ
1882 1021 1999 1067 ἄλλως
2029 1021 2121 1075 ἔχειν
2143 1020 2183 1061 τὸ
2202 1026 2355 1075 πρᾶγμα

1312 1077 1334 1125 ἢ
1360 1078 1466 1123 οὕτως
1497 1080 1756 1131 ὕπολαὸόντες,
1785 1080 2011 1133 κεκράξονται
2043 1082 2112 1120 δεῖν
2133 1080 2198 1129 τὴν
2223 1081 2354 1130 ἡδονὴν

1313 1144 1516 1192 στεφανοῦν.
1542 1139 1648 1180 Ἀλλὰ
1678 1140 1738 1179 καὶ
1764 1140 1895 1188 ταύτης
1925 1142 1965 1180 τὸ
1995 1139 2158 1193 βραδεῖον
2191 1140 2357 1194 φέρεσθαι

1313 1199 1530 1249 μελλούσης,
1554 1199 1640 1247 ἐπὴν
1662 1199 1831 1250 εἷσὸάλλῃ
1852 1202 1874 1246 ἡ
1893 1198 2018 1251 “Υγεία
2040 1198 2130 1249 μετὰ
2155 1201 2225 1239 τῶν
2250 1200 2356 1239 συνέ-

1313 1257 1401 1307 δρων
1425 1259 1513 1310 αὐτῇ
1532 1261 1617 1296 θεῶν
1638 1261 1666 1306 e,
1685 1258 1747 1296 καὶ
1768 1258 1914 1310 διδάσκῃ
1939 1260 1983 1302 ὡς
2005 1258 2085 1298 οὔτε
2105 1258 2256 1306 Ἡδονῆς
2276 1257 2356 1298 οὔτε

1312 1314 1473 1354 Πλούτου
1493 1314 1616 1368 ὄφελός
1634 1331 1668 1354 τι
1689 1317 1784 1355 ἐστιν
1810 1315 1968 1365 ἀπούσης
1985 1317 2114 1366 αὖτ’-ἥς

1371 1417 1401 1448 τί
1418 1417 1476 1459 γάρ
1493 1427 1532 1458 με
1543 1418 1676 1454 πλοῦτος
1694 1417 1809 1458 ὠφελεῖ
1822 1418 1976 1450 νοσοῦντά
1992 1427 2045 1458 γε;

1365 1467 1460 1507 μίκρ’
1478 1465 1516 1497 ἂν
1530 1464 1650 1503 θέλοιμι
1669 1465 1723 1496 καὶ
1736 1465 1807 1496 καθ’
1826 1465 1944 1506 ἡμέραν
1964 1466 2046 1506 ἔχων

1373 1513 1489 1544 ἄλυπον
1509 1512 1606 1543 οἰκεῖν
1625 1511 1731 1553 βίοτον
1746 1513 1766 1551 ἢ
1785 1514 1931 1544 πλουτῶν
1947 1515 2065 1552 νοσεῖν,

1313 1599 1522 1643 ἀκούσαντες
1541 1599 1646 1637 πάλιν
1662 1601 1693 1638 οἱ
1715 1601 1939 1648 Πανέλληνες
1958 1598 2019 1638 καὶ
2036 1598 2296 1645 καταλαὸόντες
2310 1601 2360 1646 ὥς

1311 1659 1373 1696 οὐκ
1393 1656 1508 1696 ἔνεστι
1522 1658 1709 1706 κλινοπετῆ
1726 1658 1787 1698 καὶ
1808 1662 1979 1697 νοσοῦσαν
1996 1660 2189 1706 ὓποστῆναι
2208 1657 2274 1707 τὴν
2294 1660 2352 1698 αὗ-

1311 1716 1493 1768 δαιμονίαν
1511 1747 1522 1764 ,
1545 1718 1696 1770 φήσουσι
1711 1722 1808 1756 νικᾶν
1825 1718 1889 1764 τὴν
1907 1716 2065 1770 Ὑγείαν.
2079 1716 2195 1758 -Ἀλλὰ
2210 1717 2272 1758 καὶ
2287 1720 2355 1766 -τῆς

1310 1777 1453 1828 Ὑγείας
1481 1776 1549 1824 ἤδη
1586 1775 1755 1826 νικώσης,
1781 1775 1868 1815 ἐπὰν
1888 1776 2026 1829 εἰσέλθῃ
2060 1779 2082 1823 ἡ
2105 1774 2243 1829 Ἀνδρία
2264 1775 2355 1816 πολὺ

1311 1841 1430 1889 στῖφος
1451 1834 1620 1888 ἀριστέων
1642 1835 1703 1873 καὶ
1723 1835 1848 1886 ἡρώων
1865 1834 1996 1887 ἔχουσα
2023 1834 2106 1910 περὶ
2126 1827 2354 1885 ἑαυτήνζκα-

1309 1894 1469 1934 ταστᾶσά
1488 1910 1524 1933 τε
1544 1894 1642 1947 λέγῃ·
1666 1895 1748 1946 ἐμοῦ
1774 1894 1824 1946 μὴ
1843 1894 2045 1946 παρούσης,
2067 1911 2096 1933 ω
2117 1894 2240 1948 ἄνδρες
2257 1893 2352 1936 Ἕλ-

1309 1956 1430 2004 ληνες,
1456 1953 1623 2007 ἀλλοτρία
1645 1953 1776 2005 γίνεται
1791 1956 1813 2001 ἡ
1834 1956 1958 2000 κτῆσις
1973 1955 2041 1992 τῶν
2062 1952 2146 2007 παρ’
2166 1955 2353 2006 ὖμῒνᾱγα-

1311 2017 1401 2062 θῶν,
1422 2012 1577 2057 εὔξαιντό
1600 2012 1630 2051 τ’
1660 2011 1701 2051 ἂν
1722 2013 1754 2051 οἳ
1780 2011 1943 2062 πολέμιοι
1979 2011 2238 2064 περιουσιᾶζειν
2262 2013 2354 2063 ὑμᾶς

1342 2168 1413 2190 nam
1433 2161 1546 2189 divitia>
1561 2180 1570 2194 ‚
1582 2167 1650 2195 quae
1663 2166 1727 2188 non
1744 2161 1834 2189 certae
1850 2161 1920 2188 sunt
1932 2180 1940 2193 ‚
1956 2159 2006 2187 ted
2022 2158 2157 2195 incertae,

1341 2214 1376 2235 ex
1390 2206 1502 2236 aedibus
1514 2205 1651 2241 evolant,
1665 2205 1716 2234 ubi
1731 2205 1821 2234 breve
1837 2207 1957 2242 tempus
1972 2206 2148 2240 creverunt,

1306 2285 1567 2327 expetunturque
1579 2283 1620 2316 ab
1640 2284 1825 2317 hominibus
1836 2292 1902 2315 nou
1921 2260 2055 2326 propter
2070 2291 2105 2316 se
2118 2307 2127 2323 ,
2142 2282 2201 2316 sed
2215 2263 2351 2326 propter

1306 2342 1396 2374 illam
1408 2367 1416 2381 ,
1430 2349 1505 2382 quae
1523 2349 1564 2373 ex
1578 2340 1620 2373 iis
1636 2339 1775 2382 capitur,
1793 2338 2044 2372 delectationem
2070 2339 2103 2372 et
2120 2338 2344 2381 vohiptaterm

1305 2399 1435 2432 omnino
1454 2398 1559 2432 Graeci
1579 2398 1722 2431 universi
1743 2407 1808 2430 non
1827 2397 1921 2431 allter
1950 2405 2052 2439 quam
2072 2396 2121 2430 sic
2141 2405 2216 2430 rem
2235 2405 2272 2431 se
2286 2396 2346 2431 ha-

1305 2458 1382 2492 bere
1400 2458 1483 2498 rati,
1499 2457 1711 2496 Voluptatem
1726 2456 1947 2490 coronandam
1970 2465 2043 2490 esse
2064 2455 2344 2491 vociferabuntur.

1307 2517 1371 2551 Sed
1388 2518 1451 2550 hac
1470 2525 1599 2559 quoque
1617 2515 1766 2549 victoriae
1781 2515 1954 2558 praemium
1972 2515 2158 2558 acceptura,
2171 2515 2231 2549 ubi
2241 2515 2345 2549 intra-

1305 2578 1392 2611 verit
1403 2577 1566 2611 Valetudo
1590 2586 1668 2610 cum
1694 2576 1758 2610 diis
1781 2576 2030 2610 consessoribus
2042 2602 2051 2617 ‚
2071 2577 2106 2610 et
2123 2575 2290 2617 docuerit,
2311 2585 2348 2611 se

1304 2637 1438 2683 absente
1455 2644 1561 2678 neque
1573 2635 1785 2677 Voluptatem
1802 2643 1909 2677 neque
1927 2635 2133 2676 opulentiam
2158 2635 2343 2678 quidquam

1301 2695 1456 2738 prodesse
1480 2709 1488 2727 z

1356 2772 1434 2807 Quid
1450 2772 1531 2800 enim
1546 2778 1595 2800 me
1607 2770 1719 2799 divitiae
1730 2769 1839 2805 juvant
1855 2770 2075 2805 aegrotantem?

1353 2821 1449 2848 Parva
1461 2821 1491 2847 et
1505 2818 1537 2847 in
1548 2818 1629 2847 diem
1643 2815 1821 2846 sufficientia
1841 2815 1952 2845 habens

1354 2867 1467 2896 doloris
1481 2873 1585 2902 expers
1604 2865 1715 2901 vivere,
1732 2871 1821 2901 quam
1839 2863 1923 2893 dives
1938 2866 2085 2900 aegrotare
2100 2865 2201 2894 malim
2211 2887 2220 2901 ‚

1299 2953 1414 2979 rursus
1433 2945 1541 2978 Graeci
1560 2942 1705 2976 universi
1723 2941 1780 2975 tali
1791 2950 1871 2975 voce
1887 2941 1998 2974 audita
2013 2941 2242 2984 intelligentes,
2259 2945 2342 2980 bea-
2365 2979 2369 2983 ,
2429 2988 2436 2996 ¹

1298 3004 1471 3038 titudinem
1488 3002 1573 3035 lecto
1593 3000 1718 3034 affixam
1734 3000 1767 3034 et
1780 2989 1936 3041 aegrotam
1960 2999 2138 3033 subsistere
2154 3009 2219 3034 non
2229 3011 2339 3045 posse,

1297 3062 1525 3095 Valetudinem
1547 3060 1682 3093 victoria
1709 3059 1805 3101 potiri
1827 3058 2049 3091 affirmabunt.
2094 3061 2218 3092 Verum
2239 3062 2337 3095 Vale.

1297 3117 1411 3149 tudine
1429 3125 1561 3158 quoque
1580 3116 1648 3158 jam
1663 3115 1833 3155 vincente,
1850 3123 1953 3157 quum
1970 3114 2117 3156 ingressa
2138 3116 2237 3150 fuerit
2257 3119 2338 3151 For-

1297 3176 1405 3209 titudo
1427 3185 1543 3218 magno
1561 3175 1742 3217 principum
1757 3176 1792 3207 et
1808 3174 1945 3206 heroum
1975 3168 2072 3215 globo
2084 3173 2338 3211 circumdata'et

1296 3244 1473 3268 conscenso
1499 3235 1652 3276 suggestu
1682 3233 1729 3266 ita
1757 3232 1892 3275 coeperit
1913 3242 1921 3260 ε
1943 3240 1998 3266 me
2030 3232 2190 3275 ahsente,
2215 3236 2335 3277 θνατοί,

1296 3295 1387 3327 bona
1405 3303 1480 3336 quae
1498 3293 1679 3335 possidetis
1693 3291 1908 3333 alienamur,
1925 3292 2158 3334 exoptantque
2182 3293 2336 3337 forsitan

1294 3353 1418 3393 hostes,
1437 3355 1478 3386 ut
1497 3361 1554 3385 vos
1570 3353 1611 3385 in
1628 3351 1784 3384 omnium
1798 3359 1918 3383 rerum
1939 3349 2164 3385 abundantia
2194 3354 2333 3398 vivatis,

1296 3413 1467 3453 tanquam
1485 3411 1571 3444 bello
1585 3411 1782 3452 superiores
1804 3417 1913 3451 quam
1930 3417 1992 3442 vos
2007 3409 2144 3452 futuri,
2166 3411 2218 3445 his
2233 3411 2334 3455 igitur

1296 3471 1415 3502 auditis
1432 3469 1540 3503 Graeci
1565 3470 1690 3512 primas
1712 3470 1820 3511 partes
1843 3468 1968 3502 Virtuti
1986 3468 2139 3511 tribuent,
2165 3470 2329 3506 secundas
