2528 3788
260 208 339 247 200

922 209 1094 250 ATTIGI
1123 211 1391 254 PLATONICI
1421 214 1723 255 PHILOSOPHI

261 294 364 337 οὔσας
377 324 387 341 ,
409 294 544 343 δίδομεν
566 288 654 333 εἶναί
683 311 715 333 τι
736 296 872 346 ἐν,ἢμῗν
893 294 1006 349 ἕτερον
1025 297 1063 336 τὸ
1085 300 1289 350 βουλευόμε-
1350 302 1423 340 lem
1440 301 1510 343 lib.
1533 302 1566 350 1,
1581 302 1628 341 de
1644 301 1770 340 anima
1790 313 1874 352 cap.
1898 314 1920 338 α
1940 313 2048 354 seqq.
2084 321 2136 332 —-
2155 302 2173 326 ‘¹
2188 318 2376 357 πρωτουρ-

259 367 326 390 νον·
345 356 443 390 τοῦτο
462 352 498 390 δὲ
519 347 604 391 εἶναι
623 351 686 399 τὴν
701 353 830 407 ψυχήν.
856 353 958 393 Ἐπεὶ
974 355 1076 394 πόθεν
1097 358 1288 411 ἀλλαχόθεν
1348 360 1427 412 γοὺς
1450 360 1629 413 κινήσεις]
1662 361 1768 398 Plato
1802 360 1849 397 de
1882 360 1978 409 legg.
2005 360 2074 399 lib.
2112 361 2159 409 X,
2191 375 2276 414 pag.
2300 364 2375 413 897

261 411 513 461 ἐπιστεύσαμεν
534 410 618 462 ὑπὲρ
641 413 776 465 ψυχῆς;
793 410 853 452 Ἂν
873 408 930 452 οῧν
947 431 997 459 τις
1019 415 1050 460 ἐξ
1074 411 1121 455 ὧν
1136 417 1289 468 μάλιστα

258 470 353 522 ψυχὴ
374 469 542 523 φαίνεται,
560 474 670 509 ταῦτα
691 471 899 523 ἀφελόμενος
918 473 1024 527 ἑτέρῳ
1043 475 1110 514 τινὶ
1126 476 1289 530 προσάψῃ

258 528 464 580 πράγματι,
488 527 566 568 οὔτε
589 529 662 568 ὅθεν
685 523 772 569 οῧσα
794 531 999 585 ἐμφαίνεται
1020 536 1288 584 καταλέλοιπεν,

258 585 334 624 οὔτε
354 586 387 637 ὅ,
408 603 441 625 τι
469 586 643 640 χρήσιμος
664 587 704 627 ἂν
722 581 810 627 εἶναι
842 590 974 639 δοκοίη.
996 591 1059 636 Τίς
1078 587 1136 632 οῧν
1156 598 1178 643 ἡ
1203 594 1290 647 βοή-

258 648 330 683 θεια
350 647 398 697 τῷ
419 645 480 694 τὴν
501 645 615 699 ψυχὴν
637 647 809 686 ἀθάνατον
830 641 918 687 εἶναι
938 650 1090 701 θέλοντι,
1110 651 1206 705 παρὰ
1230 655 1289 691 τοῦ

257 704 318 751 τὴν
336 704 449 758 ψυχὴν
476 707 738 750 ἀποκτιννύντος
756 705 787 755 ‘3
818 706 881 751 Τίς
902 708 937 747 δὲ
960 711 981 755 ἡ
1003 709 1210 749 διδασκαλία
1232 715 1289 750 τοῦ

255 763 385 816 τρόπου
403 767 465 811 τῆς
481 763 669 815 κινήσεως,
692 766 771 803 καθ’
791 763 827 803 ὃν
849 766 1072 814 αὐτοκίνητον
1088 769 1196 818 αὐτήν
1218 785 1286 822 φα-

256 837 318 873 μεν
332 851 343 870 ,
362 821 460 876 παρὰ
476 825 542 860 τῶν
565 822 652 873 μηδὲ
668 822 707 861 τὸ
727 823 895 876 παράπαν
911 825 1001 880 αὐτῇ
1015 825 1148 874 κίνησιν
1168 828 1291 878 νεμόν-

255 897 347 931 των;
382 883 466 922 Ναί.
488 882 593 922 Ἀλλὰ
614 883 704 921 κατά
733 898 772 935 γε
808 883 869 930 τὴν
903 885 1095 923 ἀθανασίαν
1122 889 1184 924 τοῦ
1204 890 1287 938 νοῦ,

255 941 364 995 φήσαι
385 958 435 986 τις
462 942 503 980 ἂν
527 942 630 981 αὐτὸν
651 948 830 981 κοινωνεῖν
856 943 1038 984 Πλάτωνι,
1071 944 1144 983 Καὶ
1172 946 1235 997 γὰρ
1261 948 1290 985 εἰ

257 1001 306 1050 μὴ
325 1006 442 1040 πᾶσαν
465 1000 625 1053 βούλεται
643 1000 706 1048 τὴν
725 1002 839 1054 ψυχὴν
859 1001 1028 1040 ἀθάνατον
1048 996 1155 1049 εἶναι,
1176 1003 1233 1041 τόν
1250 1019 1289 1056 γε

259 1064 336 1099 νοῦν
353 1059 516 1111 ὁμολογεῖ
535 1058 623 1098 θεῖόν
647 1075 684 1097 τε
712 1059 772 1098 καὶ
802 1060 975 1112 ἄφθαρτον
1007 1056 1106 1100 εἶναι.
1134 1061 1198 1105 Τίς
1229 1063 1289 1111 μὲν

258 1112 315 1157 οὖν
336 1117 398 1165 τὴν
420 1118 538 1157 οὐσίαν
574 1117 634 1156 καὶ
664 1117 726 1165 τὴν
750 1117 850 1173 φύσιν
881 1121 898 1157 6
925 1122 1016 1168 νοῦς,
1037 1119 1111 1157 ὅθεν
1133 1119 1180 1157 ὤν
1195 1150 1205 1169 ,
1231 1121 1290 1158 καὶ

257 1177 359 1216 πόθεν
381 1175 678 1228 ἐπεισκρινόμενος
698 1180 767 1220 τοῖς
783 1176 975 1229 ἀνθρώποις
989 1207 999 1225 ,
1013 1178 1073 1215 καὶ
1095 1181 1164 1216 ποῦ
1183 1179 1290 1218 πάλιν

257 1235 582 1287 ἀπαλλαττόμενος,
606 1236 705 1280 αὐτὸς
728 1235 767 1275 ἂν
790 1236 907 1283 εἰδείη·
924 1235 995 1287 εἴγε
1013 1252 1046 1274 τι
1064 1236 1220 1284 συνίησιν
1239 1233 1288 1275 ὧν

255 1295 349 1347 λέγει
366 1295 445 1347 περὶ
465 1298 525 1333 τοῦ
543 1298 620 1342 νοῦ,
648 1295 707 1333 καὶ
729 1294 777 1345 μὴ
798 1294 836 1333 τὸ
857 1294 984 1347 ἄπορον
1004 1299 1063 1334 τοῦ
1083 1294 1292 1348 πράγματος

257 1357 305 1405 τῷ
342 1354 470 1406 ἀσαφεῗ
498 1357 557 1391 τοῦ
599 1353 700 1404 λόγου
732 1353 986 1406 περιστέλλων,
1022 1353 1200 1399 ἐξίσταται
1233 1354 1291 1393 τὸν

258 1415 424 1465 ἔλεγχον,
444 1411 562 1465 ὥσπερ
603 1413 640 1450 αἱ
672 1411 796 1459 σηπίαι
831 1411 871 1450 τὸ
900 1412 1127 1464 δυσθήρευτον
1161 1415 1200 1451 ἐκ
1232 1417 1291 1452 τοῦ

257 1474 431 1511 σκοτεινοῦ
454 1470 694 1521 ποριζόμενος..
716 1470 863 1514 Πάντως
885 1471 920 1509 δὲ
942 1471 1001 1509 καὶ
1018 1473 1052 1510 ἐν
1064 1471 1197 1515 τούτοις
1219 1473 1291 1510 δια-

257 1531 396 1584 φέρεται
427 1528 608 1568 Πλάτωνι.
628 1528 670 1567 Ὁ
693 1528 755 1580 μὲν
775 1529 844 1581 γάρ
866 1545 951 1582 φησι
972 1533 1049 1568 νοῦν
1079 1530 1160 1569 ἄνευ
1179 1532 1293 1583 ψυχῆς

257 1588 422 1626 ἀδύνατον
443 1580 530 1626 εἶναι
552 1587 791 1626 συνίστασθαι·
819 1590 837 1626 6
858 1588 894 1626 δὲ
919 1588 1060 1641 χωρίζει
1090 1590 1151 1635 τῆς
1181 1590 1294 1642 ψυχῆς

255 1646 312 1685 τὸν
335 1650 425 1685 νοῦν.
450 1645 518 1684 Καὶ
533 1646 571 1684 τὸ
588 1650 649 1693 τῆς
668 1645 855 1690 ἀθανασίας
875 1648 893 1684 6
914 1646 975 1697 μὲν
997 1645 1087 1696 μετὰ
1106 1649 1167 1692 τῆς
1181 1648 1294 1700 ψυχῆς

257 1707 350 1758 αὐτῷ
370 1705 526 1751 δίδωσιν,
555 1707 600 1749 ὥς
618 1704 733 1749 ἄλλως
750 1707 809 1744 οὐκ
826 1705 1062 1758 ἐνδεχόμενον·
1081 1707 1099 1744 6
1119 1705 1155 1744 δέ
1173 1722 1292 1760 φησιν,

257 1766 350 1817 αὐτῷ
381 1764 475 1816 μόνῳ
505 1763 732 1816 χωριζομένῳ
759 1765 819 1810 τῆς
839 1765 954 1816 ψυχῆς
987 1766 1086 1802 τοῦτο
1114 1764 1292 1817 περιγίνε-

259 1828 351 1863 σθαι.
374 1826 446 1862 Καί
465 1825 529 1869 τὴν
559 1823 619 1874 μὲν
641 1822 756 1876 ψυχὴν
778 1825 839 1861 τοῦ
872 1821 1032 1873 σώματος
1057 1823 1119 1861 οὔκ
1145 1823 1292 1871 ἠξίωσεν

256 1883 454 1930 ἐκδαίνειν,
490 1881 542 1920 ὅτι
575 1881 741 1921 Πλάτωνι
773 1885 876 1921 τοῦτο
906 1881 1022 1933 ἤρεσε·
1055 1880 1113 1920 τὸν
1148 1882 1184 1921 δὲ
1213 1887 1291 1924 νοῦν

257 1941 539 1994 ἀπορῤήγνυσθαι
568 1943 629 1988 τῆς
650 1942 766 1994 ψυχῆς
801 1940 1013 1991 ἠνάγκασεν,
1047 1939 1100 1978 ὅτι
1122 1940 1289 1981 ἀδύνατον

258 1999 344 2051 ἔγνω
360 1996 516 2038 ΠλοίτωνΥ
532 1999 571 2038 τὸ
587 2002 740 2038 τοιοῦτο.
769 2000 895 2037 Ταῦτα
928 1997 989 2048 μὲν
1011 2000 1028 2036 6
1050 1997 1218 2043 Ἀττικός.

312 2057 527 2109 (Eusebius
548 2058 715 2108 Praepar.
742 2058 889 2106 Evang.
914 2055 986 2096 lib.
1015 2055 1093 2103 XV,
1112 2071 1196 2109 cap.
1221 2059 1288 2106 IX,

257 2119 315 2155 τοῦ
339 2117 440 2154 αὐτοῦ
463 2116 547 2168 πρὸς
568 2115 624 2154 τὸν
646 2114 772 2164 αὐτόν,
792 2114 851 2152 καὶ
869 2116 903 2152 ἐν
918 2116 987 2159 τοῖς
1000 2115 1078 2166 περὶ
1102 2116 1293 2160 ἀθανασίας

256 2176 370 2227 ψυχῆς
398 2172 612 2226 διενεχθέντα
641 2175 690 2226 τῷ
719 2173 904 2220 Πλάτωνι,
926 2172 984 2211 καὶ
1017 2178 1087 2216 τοῖς
1114 2173 1293 2226 Ἑὸραίων

256 2232 382 2284 λόγοις.
408 2236 528 2271 Pauca
547 2233 611 2271 hic
629 2234 847 2271 notabimus
864 2235 878 2254 ¹¹
896 2245 904 2271 :
928 2238 1042 2271 πᾶσαι
1068 2232 1134 2285 γὰρ
1156 2234 1190 2271 αἱ
1220 2249 1293 2284 μα-

258 2292 394 2343 θήσεις,
429 2290 662 2345 ἀναμνήσεις]
685 2291 780 2329 Vide
801 2291 1000 2329 Platonem
1030 2292 1071 2330 in
1100 2292 1294 2331 Phaedone

258 2366 300 2402 p.
323 2357 385 2399 74,
411 2352 437 2389 Α
456 2359 494 2389 et
512 2364 549 2402 p.
580 2351 643 2398 75.
661 2350 714 2396 C;
735 2350 826 2388 item
845 2348 993 2388 Phaedr.
1015 2365 1054 2402 p.
1074 2356 1163 2402 249.
1188 2351 1230 2391 B.
1247 2351 1290 2389 C.

258 2419 295 2448 et
320 2409 459 2448 Menon
487 2423 527 2460 p.
553 2410 600 2446 82
621 2409 664 2447 Β.
688 2430 741 2437 -
760 2406 777 2430 ¹)
795 2407 947 2460 τοσούτῳ
970 2409 1010 2455 δὴ
1031 2406 1288 2461 ἐφιλονείκησε]

259 2469 397 2520 scripsi
427 2481 448 2506 e
478 2468 608 2517 Vigeri
639 2466 881 2517 conjectura;
920 2468 1033 2507 codd.
1057 2467 1096 2505 τὸ
1119 2469 1223 2517 σῶμα
1257 2467 1293 2505 δὲ

258 2524 507 2578 ἐφιλονείκησε.
525 2548 573 2554 --
593 2530 606 2548 ⁸
626 2523 703 2563 οὔτε
725 2525 792 2577 γὰρ
815 2526 981 2577 πνεῦμα]
1002 2526 1085 2576 lege
1102 2526 1291 2564 Aristote-

258 2669 367 2702 buerit
387 2669 436 2701 :is
461 2669 607 2711 profecto
634 2670 713 2702 nihil
740 2670 923 2711 relinquet,
941 2671 1027 2703 unde
1054 2671 1198 2704 animum
1224 2680 1296 2704 esse

261 2729 428 2770 appareat,
450 2728 503 2760 vel
524 2737 620 2769 quem
647 2729 791 2770 praebeat
822 2725 938 2770 usum,
969 2730 1178 2773 intelligatur.
1210 2731 1295 2770 Quid

259 2787 358 2828 igitur
385 2787 467 2828 opis,
494 2787 550 2828 qui
575 2787 719 2820 animum
746 2788 962 2821 immortalem
981 2798 1052 2822 esse
1077 2790 1234 2830 defendit,
1255 2790 1296 2822 ab

259 2856 297 2880 co
313 2845 369 2888 qui
396 2846 539 2878 animum
561 2846 669 2888 ipsum
692 2850 797 2880 morte
827 2848 939 2889 afficit,
965 2850 1151 2890 exspectare
1172 2851 1270 2891 queat
1284 2852 1297 2875 ὓ

259 2907 316 2939 aut
337 2905 394 2946 qui
417 2904 505 2936 modi
525 2905 611 2946 ejus,
630 2914 695 2946 quo
708 2915 764 2947 per
779 2915 850 2938 sese
869 2906 960 2939 illum
984 2907 1109 2940 moveri
1131 2907 1289 2949 dicimus,

259 2964 299 2997 ab
317 2963 357 2995 iis
373 2963 520 2995 doctrina
534 2963 598 2995 ulla
617 2966 776 3005 speretur,
797 2965 855 3005 qui
875 2966 997 2997 nullum
1016 2975 1152 3008 prorsus
1170 2966 1200 2999 ei
1223 2976 1293 3000 mo-

258 3023 327 3054 tum
352 3021 556 3053 concedant?
574 3022 655 3053 Sane
667 3046 676 3061 ‚
694 3021 819 3063 inquiet
836 3023 998 3065 quispiam
1015 3033 1022 3053 :
1046 3026 1083 3057 at
1097 3027 1186 3058 certe
1204 3025 1293 3066 quod

257 3080 300 3113 ad
318 3080 437 3113 mentis
452 3079 729 3112 immortalitatem
748 3081 865 3113 attinet
879 3106 887 3122 ,
911 3082 1104 3116 Aristoteles
1125 3092 1201 3116 cum
1218 3084 1290 3116 Pla—

256 3140 333 3172 tone
348 3138 519 3171 consentit.
539 3138 667 3170 Etenim
683 3137 711 3170 si
725 3147 789 3170 non
811 3147 940 3171 omnem
959 3140 1102 3172 animum
1123 3141 1294 3174 immorta-

256 3197 321 3230 lem
337 3206 408 3229 esse
421 3197 503 3237 vult,
521 3197 556 3229 at
572 3198 712 3230 mentem
729 3196 842 3229 saltem
862 3197 1005 3230 divinam
1024 3200 1055 3231 et
1071 3199 1293 3242 incorruptam

257 3265 330 3289 csse
359 3256 494 3288 fatetur.
515 3257 598 3297 Ergo
621 3264 696 3296 quae
722 3255 841 3287 mentis
862 3255 959 3298 hujus
981 3258 1119 3290 essentia
1145 3258 1199 3299 sit,
1217 3267 1291 3299 quae

258 3318 384 3356 natura,
407 3316 495 3349 unde
517 3316 571 3349 vel
587 3316 686 3349 ducat
712 3316 867 3358 originem
885 3317 936 3349 vel
957 3317 1143 3350 hominibus
1168 3319 1291 3352 insera-

256 3378 322 3416 tur,
341 3386 406 3417 quo
425 3375 564 3416 «lenique
582 3384 697 3408 rursus
727 3376 854 3415 avolet,
880 3375 967 3408 idem
997 3376 1066 3417 ipse
1094 3377 1241 3418 noverit,
1262 3379 1289 3409 si

257 3435 354 3467 morlo
373 3443 485 3467 corum
504 3443 582 3476 quae
596 3434 636 3468 de
661 3437 770 3467 mente
786 3434 950 3476 disputat,
968 3434 1147 3476 quidquam
1164 3435 1293 3467 omnino

1350 420 1426 470 ἄγει
1442 419 1504 471 μὲν
1528 420 1569 466 δὴ
1589 419 1684 472 ψυχὴ
1703 418 1819 456 πάντα
1836 417 1879 455 τὰ
1899 418 1977 455 κατ’
1998 419 2138 470 οὐρανὸν
2158 420 2217 459 καὶ
2234 424 2297 472 γῆν
2317 430 2378 462 καί

1350 478 1524 517 θάλατταν
1537 478 1611 522 ταῖς
1629 479 1733 524 αὑτῆς
1749 475 1942 523 κινήσεσιν,
1960 469 2014 520 αἶς
2034 477 2188 528 ὀνόματά
2206 479 2279 517 ἐστι
2297 479 2380 532 βού-

1348 538 1467 576 λεσθαι
1481 566 1492 584 ,
1515 539 1737 583 σκοπεῖσθαι,
1760 534 2018 585 ἐπιμελεῖσθαι,
2051 533 2286 586 βουλεύεσθαι,
2313 537 2378 576 δο-

1351 594 1462 640 ξάζειν
1481 596 1611 646 ὀρθῶς,
1644 591 1861 646 ἐψευσμένως
1873 621 1883 641 ,
1902 590 2094 644 χαίρουσαν
2107 621 2118 640 ,
2137 591 2375 644 λυπουμένην,

1349 655 1542 707 θαρροῦσαν
1559 683 1570 703 ,
1593 651 1831 705 φοὸουμένην,
1862 653 2054 701 μισοῦσαν,
2084 649 2296 702 στέργουσαν
2317 662 2379 690 και

1349 712 1477 755 πάσαις
1497 709 1574 749 ὅσαι
1591 710 1720 749 τούτων
1750 709 1920 762 ξυγγενεῖς
1941 706 1963 754 ἢ
1989 708 2207 760 πρωτουργοὶ
2227 707 2380 756 κινήσεις

1349 770 1410 815 τὰς
1429 769 1689 823 δευτερουργοὺς
1713 762 1756 807 αὖ
1777 766 2120 820 παραλαμὸάνουσαι
2140 765 2291 813 κινήσεις
2310 783 2381 808 σω-

1351 828 1468 880 μάτων
1489 829 1611 881 ἄγουσι
1635 827 1751 867 πάντα
1770 828 1817 871 εἷς
1833 825 1977 874 αὔξησιν
2000 824 2061 864 καὶ
2095 824 2210 878 φθίσιν
2226 825 2286 864 καὶ
2306 826 2382 866 διά-

1350 902 1462 940 κρισιν
1481 887 1540 927 καὶ
1562 887 1739 939 σύγκρισιν
1756 887 1833 925 κτλ.
1857 885 1980 923 Aliter
1994 884 2143 935 Judicat
2158 885 2383 926 Aristoteles

1349 948 1397 985 de
1415 947 1532 988 anim,
1556 946 1626 986 lib.
1645 946 1678 994 Ι,
1706 958 1789 995 cap.
1818 950 1838 989 4
1868 958 1909 996 p.
1941 945 2032 989 408.
2061 944 2105 984 Β.
2127 944 2187 984 ed.
2222 945 2381 983 Bekker.

1352 1006 1392 1045 τὸ
1411 1005 1446 1043 δὲ
1467 1004 1579 1056 λέγειν
1606 1003 1804 1056 ὀργίζεσθαι
1823 1001 1885 1050 τὴν
1914 1001 2030 1055 ψυχὴν
2052 1003 2171 1053 ὅμοιον
2193 1000 2258 1041 κᾶν
2276 1002 2309 1041 εἴ
2332 1018 2383 1048 τις

1351 1063 1445 1115 λέγοι
1468 1063 1530 1108 τὴν
1550 1062 1664 1115 ψυχὴν
1687 1059 1838 1115 ὑφαίνειν
1865 1059 1888 1107 ἢ
1908 1061 2114 1110 οἰκοδομεῖν·
2152 1059 2287 1113 βέλτιον
2315 1061 2381 1117 γὰρ

1351 1123 1434 1165 ἴσως
1455 1120 1504 1172 μὴ
1526 1121 1636 1170 λέγειν
1657 1119 1719 1166 τὴν
1739 1119 1854 1172 ψυχὴν
1877 1119 1985 1157 ἐλεεῖν
2008 1117 2031 1164 ἢ
2054 1117 2240 1169 μανθάνειν
2259 1118 2285 1167 ἢ
2303 1120 2381 1159 δια-

1350 1184 1501 1220 νοεῖσθαι
1518 1209 1529 1230 ,
1550 1179 1641 1217 ἀλλὰ
1662 1179 1719 1217 τὸν
1738 1177 1918 1230 ἄνθρωπον
1934 1180 1978 1229 τῇ
1997 1178 2111 1229 ψυχῇ.
2131 1177 2236 1216 Idem
2258 1186 2380 1218 tamen

1351 1239 1398 1276 de
1411 1238 1526 1276 anim.
1547 1236 1618 1274 lib.
1631 1236 1706 1286 111,
1721 1249 1802 1287 cap.
1824 1242 1845 1281 4
1863 1248 1952 1286 pag.
1971 1241 2059 1285 4²9·
2075 1236 2119 1274 Α.
2140 1235 2202 1274 ed.
2218 1235 2381 1276 Bekker.

1351 1296 1404 1334 ait
1426 1309 1434 1332 z
1454 1297 1471 1332 ὃ
1488 1294 1556 1346 ἄρα
1570 1293 1781 1344 καλούμενος
1801 1296 1862 1340 τῆς
1881 1294 1993 1345 ψυχῆς
2012 1297 2090 1336 νοῦς
2110 1288 2232 1346 (λέγω
2253 1291 2287 1331 δὲ
2307 1297 2385 1333 νοῦν

1354 1349 1383 1406 ᾧ
1405 1354 1593 1392 διανοεῖται
1620 1351 1680 1390 καὶ
1708 1351 1952 1401 ὑπολαμὸάνει
1985 1354 2004 1398 ἡ
2038 1351 2172 1404 ψυχή).
2203 1373 2257 1382 -
2282 1357 2296 1374 ⁶
2329 1354 2386 1392 Δι·

1352 1412 1539 1465 καίαρχος]
1560 1411 1696 1449 Cicero
1719 1410 1881 1449 Tuscul.
1912 1412 1944 1457 1,
1971 1424 2017 1448 10
2048 1410 2292 1450 Dicaearchus
2315 1424 2386 1450 au·-

1353 1480 1428 1510 tem
1462 1471 1504 1509 in
1530 1483 1576 1509 co
1606 1482 1804 1517 sermone,
1846 1481 1961 1519 quem
1998 1468 2178 1507 Corinthi
2210 1467 2384 1508 habitum

1354 1529 1478 1568 tribus
1493 1528 1605 1567 libris
1620 1528 1779 1579 exponit
1791 1557 1803 1576 ‚
1818 1527 2020 1565 doctorum
2033 1527 2235 1568 hominum
2255 1526 2386 1579 dispu-

1353 1584 1515 1627 ta‘ntium
1549 1587 1677 1639 primo
1707 1585 1810 1624 libro
1842 1585 1987 1624 multos
2024 1586 2225 1637 loquentes
2254 1585 2345 1624 facit
2375 1599 2384 1624 ε

1353 1645 1504 1684 duobus
1531 1645 1797 1683 Pherecratem
1832 1644 2046 1696 quendam,
2078 1644 2301 1683 Phthiotam
2333 1657 2389 1683 se·

1354 1718 1463 1751 nem,
1490 1716 1603 1755 quem
1623 1704 1677 1741 ait
1696 1716 1719 1741 a
1748 1704 1987 1743 Deucalione
2019 1712 2160 1750 ortum,
2192 1704 2387 1743 disseren-

1354 1772 1428 1801 tem
1452 1762 1622 1808 inducit,
1649 1762 1745 1800 nihil
1768 1775 1850 1801 esse
1875 1763 2034 1801 omnino
2056 1763 2300 1810 animum‚et
2316 1762 2389 1802 hoe

1354 1836 1436 1862 esse
1455 1834 1596 1861 nomen
1615 1830 1735 1860 totum
1750 1821 1887 1869 inane,
1908 1820 2130 1872 frustraque
2147 1829 2186 1860 et
2203 1821 2389 1862 animalia

1354 1890 1393 1920 et
1412 1882 1624 1920 animantes
1644 1880 1830 1932 appellari
1847 1894 1857 1927 ;
1879 1891 2003 1930 neque
2022 1879 2066 1917 in
2086 1879 2244 1919 homine
2261 1879 2388 1919 inesse

1356 1941 1544 1987 animum,
1575 1952 1646 1977 nec
1671 1939 1712 1977 in
1732 1938 1882 1986 bestia3
1906 1939 2067 1989 vimque
2096 1951 2249 1977 omnem
2277 1951 2387 1988 eam,

1355 2012 1431 2051 qua
1458 1998 1520 2036 vel
1543 2010 1701 2048 agamus
1723 1996 1820 2047 quid
1839 1996 1902 2035 vel
1929 1997 2163 2045 sentiamus,
2191 1997 2234 2036 in
2263 1997 2390 2036 omni-

1354 2058 1428 2097 bus
1458 2057 1689 2108 corporibus
1722 2056 1825 2094 vivis
1857 2055 2099 2107 aequabiliter
2125 2068 2206 2094 esse
2237 2055 2388 2106 fusam,

1354 2130 1425 2155 nec
1453 2115 1710 2167 separabilem
1745 2127 1768 2152 a
1797 2127 1959 2166 corpore
1985 2116 2093 2163 esse',
2131 2116 2277 2167 quippe
2303 2128 2389 2166 quae

1355 2176 1460 2214 nulla
1478 2175 1529 2213 sit
1541 2203 1552 2223 ,
1568 2187 1640 2213 nec
1660 2175 1711 2213 sit
1730 2174 1941 2225 quidquam
1956 2202 1966 2221 ,
1992 2174 2069 2212 nisi
2102 2187 2242 2226 corpus
2267 2188 2389 2214 unum

1356 2244 1393 2273 et
1409 2235 1596 2286 simplex,
1617 2235 1669 2272 ita
1693 2234 1922 2284 figuratum,
1952 2242 1994 2271 ut
2015 2234 2293 2286 temperatione
2323 2247 2390 2273 na-

1355 2301 1451 2330 turae
1473 2293 1602 2342 vigeat
1619 2300 1657 2330 et
1672 2292 1824 2330 sentiat.
1846 2291 1952 2330 Idem
1970 2290 2041 2330 lib.
2063 2291 2097 2339 1,
2122 2292 2167 2329 31
2202 2291 2390 2330 acerrime

1357 2359 1481 2389 autem
1506 2350 1655 2389 deliciae
1684 2362 1793 2397 meae,
1827 2349 2096 2398 Dicaearchus,
2125 2358 2260 2388 contra
2289 2349 2390 2390 hanc

1357 2409 1684 2447 immortalitatem
1719 2408 1916 2447 disseruit.
1948 2407 1986 2445 ls
2010 2407 2114 2446 enim
2153 2416 2232 2447 tres
2263 2407 2388 2448 libros

1357 2468 1535 2520 scripsit,
1555 2468 1623 2518 qui
1643 2467 1821 2505 Lesbiaci
1836 2475 2040 2514 vocantur,
2069 2466 2172 2517 quod
2191 2466 2389 2519 Mitylenis

1357 2540 1483 2565 sermo
1498 2527 1684 2574 habetat-3
1710 2527 1752 2564 in
1769 2525 1913 2577 quibus
1935 2525 2021 2564 vult
2038 2525 2204 2573 efficere,
2235 2526 2389 2565 animos

1363 2672 1529 2714 intelligit,
1549 2680 1588 2704 ac
1606 2680 1670 2704 non
1694 2670 1804 2713 potius
1825 2669 1980 2703 orationis
1995 2668 2194 2702 obscuritate
2212 2678 2307 2702 suam
2328 2670 2392 2704 hac

1356 2731 1390 2763 in
1412 2739 1448 2763 re
1466 2729 1702 2763 dubitationem
1733 2728 1963 2769 dissimulans,
1991 2736 2104 2760 ansam
2130 2727 2390 2770 reprehensionis

1355 2789 1461 2830 vitat,
1488 2798 1527 2821 ac
1544 2788 1709 2831 sepiarum
1730 2796 1821 2820 more
1847 2786 1990 2820 tenebris
2021 2795 2093 2820 sese
2107 2812 2116 2828 ,
2136 2795 2202 2828 quo
2222 2786 2388 2820 difficilius

1356 2847 1514 2890 capiatur,
1529 2846 1679 2880 involvit.
1698 2848 1905 2888 Quamquam
1917 2845 1959 2878 de
1974 2844 2027 2878 his
2038 2844 2136 2878 rebus
2151 2844 2390 2879 omnino-etiam

1356 2916 1374 2939 a
1391 2906 1525 2939 Platone
1543 2906 1705 2939 dissentit.
1731 2907 1764 2938 Is
1781 2904 1867 2938 enim
1893 2905 2036 2937 mentem
2053 2905 2151 2946 negat
2171 2911 2320 2936 seorsum
2347 2903 2390 2936 ab

1356 2966 1464 2999 animo
1478 2974 1574 3008 posse
1589 2964 1765 2998 consistere
1793 2977 1801 2998 ε
1830 2963 2018 2997 Aristoteles
2046 2963 2157 2996 contra
2182 2964 2326 2997 mentem
2346 2962 2388 2996 ab

1355 3024 1464 3057 animo
1482 3025 1622 3067 separat.
1658 3022 1780 3056 Deinde
1794 3020 2073 3055 immortalitatem
2095 3020 2200 3061 Plato,
2219 3020 2308 3063 quod
2331 3019 2390 3055 ali-

1356 3083 1407 3115 ter
1425 3081 1495 3116 fieri
1512 3091 1576 3114 non
1594 3081 1696 3124 possit
1708 3106 1716 3122 ,
1746 3079 1846 3113 menti
1864 3088 1940 3112 cum
1963 3078 2070 3111 animo
2092 3078 2276 3121 conjunctae
2291 3078 2388 3112 attri-

1355 3144 1443 3185 buit,
1464 3152 1563 3185 quam
1587 3143 1664 3176 huic
1686 3142 1747 3175 soli
1762 3143 1796 3175 et
1813 3141 1854 3174 ab
1876 3141 1984 3174 animo
2006 3140 2180 3182 disjunctae
2204 3139 2389 3182 contingere

1356 3202 1531 3235 arbitratur
1558 3201 1759 3234 Aristoteles,
1791 3201 1983 3239 Postremo,
2013 3198 2156 3241 migrare
2178 3197 2324 3231 animum
2346 3205 2386 3230 ex

1355 3270 1490 3303 corpore
1502 3286 1510 3301 ,
1530 3261 1618 3303 quod
1631 3261 1678 3294 ita
1693 3259 1818 3294 Platoni
1833 3259 1940 3291 visum
1958 3260 2061 3298 esset,
2083 3259 2230 3290 statuere
2248 3265 2312 3289 non
2328 3264 2388 3298 po-

1354 3320 1419 3352 tuit
1437 3333 1445 3352 ε
1463 3320 1608 3353 mentem
1622 3319 1710 3352 idem
1723 3318 1764 3351 ab
1776 3317 1894 3357 animo‚
1914 3317 2066 3359 quoniam
2080 3316 2113 3348 id
2129 3315 2223 3349 Plato
2238 3312 2311 3348 fieri
2323 3322 2389 3347 non

1355 3387 1451 3419 posse
1468 3378 1647 3417 sentiebat,
1669 3378 1722 3411 vel
1748 3376 1882 3410 invitam
1901 3376 2072 3409 abstraxit.
2095 3375 2202 3417 Atque
2227 3373 2297 3406 haec
2311 3372 2389 3415 qui·
2408 3404 2412 3408 .

1356 3436 1431 3469 dem
1451 3436 1589 3470 Atticus.
