2508 3776
335 163 416 214 ὥτε
433 163 581 219 ὀρθότης
601 165 698 205 ἔστὶν
722 168 745 218 ἢ
770 169 869 218 δόξης
893 170 918 218 ἢ
937 171 1150 223 ἐπιστήμης·
1173 168 1224 208 ἔτι

327 222 520 265 εὗὸουλία
535 225 719 273 ζήτησίς’
703 244 778 268 εστι
797 229 893 268 κατὰ
913 229 973 268 τὸν
993 229 1094 284 ὀρθὸν
1110 229 1225 282 λόγον·

244 281 344 345 &a
372 283 508 338 εύρεσίς
534 301 625 330 τινος
663 291 967 342 συμπεράσματος
997 290 1057 329 καὶ
1080 289 1160 344 περί
1193 304 1228 328 τι

209 359 305 398 ᾖς,
323 359 360 384 ον
378 344 465 385 ἔστί·
489 346 549 385 καὶ
569 348 592 392 ἡ
620 348 684 395 μὲν
701 349 868 388 εὖὸουλίοι
899 350 1050 396 ζητεῑν’
1034 365 1151 398 εστιν,
1174 351 1224 397 Βῆ

247 412 250 413 ’
272 402 311 444 δὲ
329 404 538 457 -εὖρηκὲναι-
569 410 665 450 Καθὸ
683 410 821 458 καὶτῆς
841 409 996 454 διανοίας
1015 411 1036 465 ἡ
1059 408 1224 448 εὐὸουλία

63 516 68 520 ,
141 510 152 515 ,,
167 503 186 511 ..
248 469 336 510 4²⁸2·
356 467 378 512 ἧ
397 463 461 517 μὲν
480 465 594 519 γὰρ“
575 469 710 509 οιάνοια
729 467 860 520 λόγος’
845 469 939 508 εστὶν
961 470 1222 523 ἀπηρτισμένος

127 522 206 598 ²22⁵}
227 569 230 573 ⁴
232 518 451 578 εὑρημένος
471 526 563 575 μετὰ
602 532 676 577 τῆς
697 529 947 590 προσηκούσης
981 529 1108 574 αἰτίας·
1132 532 1153 576 ἡ
1187 528 1224 568 δὲ

118 578 200 636 »154¹
192 572 332 625 inulla
347 587 384 628 ,ἐν
402 601 446 640 τῃ
467 588 626 638 ζητήσει
639 587 715 642 ἔχει
739 587 780 627 τὸ
802 591 904 626 εἶναι·
925 591 943 627 ὃ
963 588 1033 642 γὰρ
1049 589 1222 643 βουλευό-

116 674 154 693 ,4.
159 658 296 696 μῆνας,
317 644 377 686 ἷάν
394 661 434 687 τε
453 639 533 698 ευ,
539 648 600 688 ἐάν
619 663 658 688 τε
677 649 798 692 κακῶς
816 646 1054 700 βουλεύηται,
1078 651 1175 697 ζητεῖ
1189 664 1223 688 τι

93 157 288 286 aa

130 704 228 750 stul
249 699 441 759 λογίζεται·
472 706 535 749 καὶ
561 707 652 759 μετὰ
671 707 775 759 λόγου
803 706 866 758 μὲν
901 708 1020 756 ζητεῖ,
1049 707 1150 747 οὔπω
1180 708 1217 746 δὲ

99 796 102 798 v
99 755 419 820 minimum·
443 771 467 817 ἡ
503 766 539 806 δὲ
562 766 645 812 δόξα
678 768 718 807 οὗ
745 765 907 814 τοιαύτη·
928 768 966 805 οὐ
984 765 1053 820 γὰρ
1079 767 1224 816 ζήτησίς

132 825 281 875 ἔστιν,
303 817 405 864 ἀλλὰ
437 824 543 880 φάσις
579 824 847 879 ἀπηρτισμένη·
880 823 960 864 οὔτε
993 825 1110 865 τοίνυν
1145 829 1224 866 ἐπι-

233 899 285 956 μη
299 883 396 924 ἔστὶν
420 888 443 933 ἡ
471 885 666 936 εὖὸουλία,
691 884 773 924 οὔτε
794 884 983 938 εὖστοχίοι,
1014 884 1094 924 οὔτε
1124 885 1221 932 δόξα.

166 955 170 963 ²
198 948 200 950 ’
221 986 225 988 ,
243 946 245 950 ’
249 929 343 987 ἕπε
345 940 360 982 l
383 939 528 1005 ὀρθότης
546 945 622 985 ἐστὶ
652 946 802 998 βουλῆς,
834 943 1004 994 ζητητέον
1035 960 1173 997 πρωτον
1189 945 1224 985 τί

84 1037 163 1063 4
181 1046 186 1051 .
228 1002 246 1041 ι’
252 995 404 1058 βουλη,
415 1001 479 1044 καὶ
496 1003 582 1059 περὶ
595 1003 674 1044 τίνα
704 1005 875 1057 καταγίνε
879 1020 938 1043 ται
958 1007 975 1043 ὁ
1004 1005 1222 1058 βουλευόμε-

84 1070 236 1122 mm
250 1059 318 1103 καὶ
345 1062 427 1103 πεοὶ
447 1054 512 1115 μὲν
529 1065 657 1118 βουλῆς
678 1081 738 1104 και
761 1065 957 1118 βουλευτων
987 1066 1022 1104 ἐν
1042 1070 1114 1110 τοῖς
1136 1064 1224 1119 πρό-

93 1125 119 1146 ²⁴
164 1134 265 1176 τερον
287 1120 439 1176 εἴρηται·
459 1122 582 1178 ῥητέον
604 1122 641 1163 δὲ
660 1123 743 1178 περὶ
759 1140 821 1172 της
840 1123 1039 1178 ὀρθότητος.

218 1178 303 1223 “fl
315 1181 432 1222 τοίνυν
448 1182 592 1237 ὀρθότης
607 1185 798 1238 πολλαχῶς
807 1183 962 1237 λέγεται.
982 1183 1058 1225 Καὶ
1075 1183 1143 1238 γὰρ
1161 1183 1221 1224 καὶ

135 1220 374 1296 -οἱπονηρὸν
391 1242 565 1295 τιθέμενοι
585 1243 706 1301 τέλος,
738 1243 800 1284 καὶ
819 1245 864 1283 τὰ
887 1243 972 1298 πρὸς
1004 1244 1091 1284 αὐτὸ
1122 1244 1222 1284 ἄντι-

96 1306 98 1333 ἶ
140 1313 252 1352 Apu<
281 1300 432 1356 φέροντα
467 1305 654 1351 ζητοῦντες
679 1299 790 1357 ὀρθως
827 1304 1068 1357 βουλεύονται·
1103 1305 1164 1345 καὶ
1197 1310 1220 1354 ἡ

72 1368 106 1412 ῤ’
131 1379 157 1401 2
151 1359 307 1410 ’τοιαύτη
329 1361 439 1415 βουλὴ
463 1362 640 1414 ὀρθότηςΕ
628 1363 718 1404 ε”στί
742 1366 759 1389 ¹¹
781 1364 842 1403 καὶ
872 1367 905 1404 οἱ
929 1364 1060 1417 ἀγαθὸν
1083 1364 1147 1415 μὲν
1167 1382 1220 1404 τι-

86 1415 88 1417 ’
143 1416 304 1470 θέμενοι
324 1421 422 1466 τέλος
440 1421 608 1476 καὶπρὸς
637 1423 722 1463 αὐτὸ
745 1423 958 1477 φερόμενοι,
991 1423 1038 1463 τὰ
1065 1423 1102 1463 δὲ
1134 1425 1220 1478 πρὸς

163 1477 252 1519 «fieb
274 1480 426 1534 φέροντα
453 1481 612 1534 μάλιστα
642 1485 710 1522 τῶν
734 1483 853 1522 ἄλλων
881 1485 920 1522 οὗ
938 1485 1124 1531 ζητοῦντες
1143 1484 1220 1524 ἀλλ’

135 1536 291 1592 Rupta,
316 1538 439 1594 ὥσπερ
464 1543 497 1581 οἱ
524 1542 582 1582 διὰ
609 1542 818 1596 προτάσεων
850 1543 1011 1595 ψευδῶν,
1044 1543 1066 1591 ἢ
1102 1543 1163 1606 pafl-
1184 1544 1220 1590 ἐξ

132 1596 367 1650 &maim
383 1599 511 1648 ἀληθὲς
527 1600 734 1654 συνάγοντες
749 1601 1014 1654 συμπέρασμα·
1041 1603 1102 1641 καὶ
1125 1607 1219 1643 οὗτοι

99 1652 232 1711 ²22?
249 1655 333 1712 περὶ
364 1658 429 1710 μὲν
449 1659 494 1699 τὰ
514 1659 602 1714 πρὸς
632 1660 672 1699 τὸ
704 1661 803 1706 τέλος
836 1662 1120 1716 σφάλλονται,“
1099 1679 1152 1702 οτι
1182 1663 1217 1702 δὲ

82 1714 248 1789 Ηἰι“ρῖ)ς’
264 1716 306 1757 τὸ
323 1718 422 1763 τέλος
437 1719 477 1758 τὸ
493 1720 622 1772 ἀγαθὸν
643 1719 828 1774 φέρονται,
847 1723 956 1775 ὀρθως
976 1722 1214 1774 βουλεύονται·

125 1771 229 1816 *itt
242 1778 264 1824 ἡ
283 1777 429 1827 τοιαύτη
478 1779 563 1828 ουλὴ
582 1780 764 1832 ὀρθότης’
748 1779 835 1820 εστί.

199 1825 267 1853 ⁴*
251 1836 359 1893 Προς
371 1837 410 1877 δὲ
427 1780 561 1883 <girol-5
578 1839 638 1878 καὶ
651 1842 674 1887 ἡ
687 1838 851 1878 εὖὸουλία
865 1839 1009 1893 ὀρθότης
1023 1840 1116 1880 ἐστίν
1122 1840 1216 1890 ,ἥτις

150 1864 221 1937 teti
241 1895 367 1951 κυρίως
391 1896 538 1951 ὀρθότης
556 1898 699 1950 λέγεται
726 1901 876 1952 βουλῆς,
896 1902 976 1939 καθ’
997 1900 1041 1948 ἣν
1061 1901 1149 1953 πρὸς
1175 1900 1215 1940 τὸ

150 1954 292 2008 ,ἀγαθὸν
313 1955 498 2010 φερόμεθα
518 1958 639 2007 τελος,
662 1958 762 1998 καὶ’
747 1960 865 1997 εκεῖνα
886 1961 1082 2009 ζητοῦμεν,
1102 1961 1144 1998 δι’
1166 1963 1215 1998 ὡν

44 2018 93 2040 *’“””
114 2030 115 2033 ’
158 2015 379 2078 δυνησόμεθα
404 2019 541 2072 ῥᾷσται
561 2018 624 2059 καὶ
643 2019 820 2059 κάλλιστα
836 2023 895 2060 τοῦ
917 2019 1038 2065 τέλους
1055 2027 1189 2074 τυχεῖν.

211 2071 267 2094 ’ω’
285 2075 469 2119 Εὖὸουλία
488 2077 556 2132 γὰρ
571 2077 652 2118 οὔτε
667 2082 689 2128 ἡ
703 2081 829 2132 πρώτη
850 2078 1027 2132 ὀρθότης’
1012 2078 1119 2128 εστίν,
1135 2078 1214 2119 οὔτε

141 2137 193 2184 ,ἡ
201 2134 360 2190 δευτέρα·
388 2140 413 2186 ἡ
435 2137 499 2189 μὲν
517 2137 587 2192 γὰρ
607 2137 732 2192 πρώτη
752 2137 848 2187 κακή
872 2140 948 2179 ἔστι
979 2138 1103 2192 βουλή·
1125 2143 1146 2188 ὴ
1177 2140 1214 2180 δὲ

138 2194 322 2243 ἑοιίὅοιιλίιιι
333 2196 496 2248 ἀγαθόν·
511 2201 615 2238 τοῦτο
630 2199 698 2252 γὰρ
720 2198 887 2251 βούλεται
902 2199 942 2238 τὸ
961 2198 1084 2250 ὄνομα,
1100 2199 1212 2252 ἀγαθὴ

109 2306 116 2311 ,
157 2252 284 2308 βουλή·
305 2257 330 2303 ἡ
350 2253 387 2295 δὲ
414 2256 559 2310 δευτέρα
577 2258 723 2310 ὀρθότης
743 2259 844 2307 ζητεῖ
866 2259 930 2310 μὲν
952 2258 971 2298 ὃ
1000 2261 1075 2311 δεῖ,
1099 2259 1144 2298 δι’
1175 2254 1214 2299 οῧ

142 2311 198 2364 δὲ,
211 2315 335 2368 τυχεῖν
349 2314 390 2354 οὗ
411 2316 529 2364 ζητεῖ,
551 2316 613 2356 καὶ
633 2317 718 2371 περὶ
738 2318 783 2356 τὰ
798 2317 945 2371 πρὸςτὸ
962 2317 1061 2363 τέλος
1087 2319 1126 2358 οὗ
1147 2335 1212 2358 κα-

74 2365 105 2401 }-
144 2373 237 2424 λῢς
256 2373 493 2427 βουλεύεται,
532 2375 615 2429 περὶ
652 2376 676 2415 ἃ
713 2380 736 2426 ἡ
774 2378 885 2430 βουλὴ
906 2378 1059 2429 γίνεται,
1097 2379 1213 2424 καθὼς

142 2432 379 2487 προείρηται·
404 2433 499 2474 ωστε
517 2437 596 2476 καθ’
617 2435 698 2477 ὅσον
726 2436 791 2488 μὲν
817 2439 866 2482 εἷς
887 2437 928 2476 τὸ
950 2437 1081 2490 ἀγαθὸν
1102 2438 1209 2493 φέρε·

51 2494 91 2517 Ψ
144 2506 231 2543 ται,
249 2493 358 2547 ὀρθῶς
379 2493 538 2548 φέρεται·
561 2495 640 2535 καθ’
671 2495 751 2536 ὅσον
779 2497 816 2537 δὲ
838 2499 878 2536 οὐ
901 2498 959 2538 διὰ
985 2500 1056 2537 τῶν
1076 2514 1212 2552 προση-

151 2551 293 2605 θυόντων
307 2569 360 2606 τῳ
375 2553 468 2594 τέλει
482 2554 639 2610 φέρεται,
663 2559 703 2596 οὗ
724 2559 841 2603 καλῶς
857 2557 1018 2612 φέρεται·
1038 2557 1129 2597 ὥστε
1149 2560 1211 2598 οὐκ

153 2611 198 2652 ἓν
217 2613 274 2661 εἴη
293 2613 460 2654 εὖῧουλία
481 2617 504 2663 ἡ
520 2615 667 2664 τοιαύτη
686 2617 846 2670 ὀρθότης.

130 2676 153 2703 ²
207 2671 280 2691 *m
298 2669 385 2714 Ἔτι
406 2674 466 2724 δέ,
481 2674 560 2714 οὐδὲ
575 2678 597 2723 ἡ
614 2676 670 2716 διὰ
682 2678 815 2716 πολλοῦ
831 2677 959 2731 χρόνου
979 2677 1039 2717 καὶ
1053 2677 1210 2725 πλείονος

141 2735 215 2778 <10⁶6
237 2734 373 2779 δέοντος
395 2735 564 2787 γινομένη
589 2736 698 2789 βουλὴ
720 2737 883 2777 εὖὸουλία
904 2737 1014 2778 ἐστίν.

78 2794 80 2798 ’
170 2833 173 2835 ,
205 2792 294 2812 “m
315 2794 492 2836 Εὖὸουλία
512 2795 582 2848 γάρ
607 2797 683 2835 ε’στι
705 2796 809 2847 μόνον
827 2801 849 2845 ἡ
872 2797 1017 2849 ὀρθότης
1033 2815 1095 2846 της
1125 2801 1207 2852 βου-

62 1872 102 1897 1*

27 1959 76 1975 A*
98 1967 99 1970 =

149 2847 235 2903 λῆς,
254 2857 278 2904 ἡ
299 2855 393 2894 κατὰ
411 2871 452 2894 το
468 2855 658 2909 ὠφέλιμον,
674 2856 757 2896 ὅταν
779 2851 908 2909 περὶΙΞΡ
882 2873 931 2897 ων
956 2859 1009 2896 δεῖ
1029 2858 1207 2910 βουλευώ-
1214 2902 1226 2908 --

53 2915 59 2937 ἶ
78 2915 115 2965 ³²3
149 2915 257 2966 μιθα,
277 2913 378 2954 καὶε
359 2930 406 2960 ως
425 2915 498 2963 δεῖ,
516 2914 576 2953 καὶ
595 2913 676 2955 ὅσον
697 2915 822 2971 χρόνον
844 2919 906 2957 δεῖ.

143 3011 146 3013 .
203 2971 308 2992 mm
321 2973 514 3016 Ἐπεὶδὲ
481 2991 522 3015 το
531 2974 628 3021 τέλος
641 2975 664 3024 ἢ
678 2976 828 3016 καθόλου
842 2976 918 3016 ἐστὶ
928 2977 988 3016 καὶ
1006 2977 1205 3031 ἔσχατον,ἢ

147 3032 322 3086 μερικόν,
354 3033 506 3088 ἔσχατον
529 3034 615 3086 μέν,
638 3052 723 3089 προς
744 3036 762 3075 ὃ
782 3042 881 3076 πᾶσα
907 3037 1032 3090 πρᾶξις
1066 3039 1202 3091 ἀνθρω-

54 3102 81 3131 F-
147 3090 235 3141 πίνη
255 3092 422 3149 φέρεται,
445 3093 589 3148 μερικὸν
620 3094 682 3147 δέ,
713 3094 800 3148 πρὸς
820 3095 841 3134 ὅ
863 3111 952 3140 τινες
975 3097 1119 3150 πράξεις
1141 3097 1204 3151 φέ-

96 3159 98 3161 ’
150 3166 293 3206 ρουσιν,
313 3154 510 3201 ἀκολούθως
542 3155 605 3196 καὶ
636 3159 659 3203 ἡ
694 3155 860 3196 ευὸουλία
892 3156 980 3209 ἔχει·
1010 3160 1032 3205 ἡ
1052 3157 1115 3208 μὲν
1136 3157 1204 3210 γὰρ

149 3211 302 3255 καθόλου
327 3214 443 3264 ἕστίν,
470 3215 547 3264 ἥτις
567 3215 650 3269 ὀρθὴ
670 3217 731 3255 καὶ
752 3216 866 3269 ἀγαθὴ
894 3216 1004 3269 βουλή
1027 3218 1101 3257 ἐστι
1121 3216 1202 3272 περὶ

190 3330 210 3350 *
230 3329 323 3366 ’aaut
341 3333 405 3373 δὲὴ
419 3333 569 3376 ὀρθότης,
586 3338 655 3368 nt).
678 3353 720 3359 -
735 3336 773 3355 ⁴¹*
790 3339 888 3369 Δοκεῖ
900 3337 933 3369 δε
947 3336 1068 3378 ἀγαθόν
1087 3349 1136 3378 τι,
1148 3338 1285 3370 κτλ-ι.

998 3385 1099 3405 *****
1133 3385 1206 3418 Ἔτι
1227 3385 1295 3418 ἐστὶ
1314 3386 1370 3419 καὶ
1387 3384 1519 3428 ἁπλῶς,
1540 3387 1612 3420 κτλ.

149 3377 284 3422 χρόνον,
301 3381 375 3414 κτλ.
396 3381 540 3407 —*****
561 3383 643 3417 Ἀλλ’
659 3383 811 3426 ὀρθότης,
832 3385 901 3418 κτλ.
920 3400 963 3408 -

666 80 965 122 ETHICORUM
992 79 1446 123 NICOMACHEORUM
1476 81 1851 126 PARAPHRASIS.

1266 3111 1364 3135 mana
1385 3103 1472 3136 actio
1496 3103 1621 3143 tendit,

1266 3163 1413 3197 actiones
1427 3162 1561 3204 ferunt,
1581 3164 1636 3198 his
1652 3165 1888 3198 convenienter
1908 3166 1941 3198 et
1961 3164 2047 3198 bona
2065 3173 2100 3197 se
2119 3164 2220 3196 habet
2244 3171 2324 3195 con-

2257 91 2336 130 447

1289 175 1426 210 scientia
1438 201 1446 217 ,
1472 186 1580 220 neque
1606 180 1696 213 recta
1716 180 1842 222 species
1863 182 1923 214 aut
1939 181 2103 224 opinionis
2121 183 2180 216 aut
2196 183 2343 217 scientiae

1289 237 1364 268 est:
1387 235 1522 280 insuper
1539 238 1624 272 bona
1652 240 1851 274 consultatio
1869 242 2014 285 quaestio
2035 245 2086 277 est
2108 245 2208 279 rectae
2224 245 2342 278 rationi

1289 297 1506 328 consentanea
1527 309 1535 329 ε
1555 297 1665 340 opinio
1679 301 1794 332 autem
1806 300 2026 335 conclusionis
2043 302 2218 346 quusdam
2232 303 2345 338 inven-

1289 353 1336 386 tio
1359 353 1501 388 habetur
1524 358 1557 388 et
1587 357 1622 390 in
1646 368 1680 391 re
1707 359 1842 393 definita
1867 363 2022 395 versatur
2052 376 2060 395 :
2088 362 2233 407 ideoque
2259 362 2344 398 bene

1287 414 1475 449 consultare
1493 417 1545 459 est
1564 418 1658 460 quasi
1686 428 1839 461 quaerere
1852 446 1862 462 ,
1881 421 2011 464 opinari
2029 425 2142 456 autem
2167 423 2266 467 quasi
2290 423 2343 457 in-

1287 474 1428 508 venisse.
1461 476 1556 510 Sicut
1586 480 1620 511 et
1643 479 1841 521 cogitatione
1868 481 1952 514 bona
1980 483 2183 516 consultatio
2208 483 2345 531 inferior

1287 533 1365 565 est:
1392 542 1470 567 nam
1495 535 1650 577 cogitatIo
1682 536 1824 571 habetur
1854 539 1940 572 ratio
1969 539 2123 573 absoluta
2146 542 2180 573 et
2207 541 2344 574 inventa

1283 588 1353 631 iam
1378 599 1455 624 cum
1481 591 1601 626 idonea
1625 601 1727 627 causa
1745 607 1753 628 ε
1780 597 1816 627 at
1838 595 1932 629 bonae
1951 596 2206 630 consultationis
2225 599 2345 631 natura

1286 646 1321 678 in
1349 649 1534 690 quaestione
1564 651 1713 684 cernitur
1743 665 1750 684 :
1782 651 1940 685 nimirum
1969 653 2029 696 qui
2054 653 2240 693 consultat,
2272 655 2344 688 sive

1287 702 1369 737 bene
1387 705 1458 738 sive
1478 706 1564 739 male
1580 708 1764 746 consultat.
1787 709 1912 751 quaerit
1941 709 2069 752 aliquid
2091 712 2125 743 et
2143 711 2317 754 perpendit
2333 720 2343 743 .-

1286 762 1320 792 et
1345 770 1420 794 cum
1442 762 1570 796 ratione
1585 763 1723 806 quidem
1747 764 1887 808 quaerit,
1916 765 1975 799 sed
1991 766 2138 799 nondum
2154 767 2340 800 conclusit:

1285 818 1378 860 atqui
1394 829 1460 852 non
1477 820 1553 854 talis
1571 823 1623 854 est
1638 821 1750 864 opinio
1765 835 1773 855 ι
1802 831 1864 855 nec
1882 823 1971 856 enim
1985 825 2150 866 quaestio,
2167 825 2228 858 sed
2245 834 2346 858 enun-

1285 873 1381 906 tiatio
1398 874 1552 908 absoluta
1568 878 1620 909 est
1645 890 1654 910 ι
1678 886 1756 919 ergo
1780 877 1866 911 bona
1892 879 2091 912 consultatio
2107 889 2215 924 neque
2233 881 2342 913 scien-

1285 929 1351 969 tia,
1370 940 1481 979 neque·
1498 932 1583 965 bona
1600 933 1800 975 conjectura,
1826 943 1934 977 neque
1949 935 2060 977 opinio
2077 938 2138 968 est.
2161 935 2227 970 Sed
2239 945 2345 979 quum

1285 985 1414 1017 rectum
1438 985 1482 1017 sit
1501 986 1695 1026 consilium,
1718 987 1863 1029 primum
1880 988 1962 1030 quid
1988 989 2031 1021 sit
2056 989 2230 1022 consilium
2251 992 2284 1023 et
2310 990 2343 1023 in

1284 1036 1408 1079 quibus
1438 1039 1592 1071 versetur
1610 1039 1819 1078 consultans,
1849 1041 2068 1082 quaerendum
2107 1045 2158 1075 est
2199 1055 2207 1075 :
2236 1052 2275 1076 ac
2302 1042 2344 1076 de

1284 1089 1422 1122 consilio
1447 1089 1585 1132 quidem
1607 1091 1776 1134 rebusque
1800 1092 1835 1124 in
1851 1092 2123 1127 deliberationem
2148 1094 2345 1128 cadentibus

1284 1151 1386 1186 supra
1409 1142 1650 1183 disseruimus,
1678 1152 1767 1176 nunc
1781 1146 1895 1177 autem
1918 1145 1960 1178 de
1985 1148 2077 1179 recto
2099 1146 2262 1188 agendum
2279 1150 2342 1180 est.

1326 1204 1482 1237 Rectum,
1496 1211 1575 1246 ergo
1605 1202 1814 1237 multimodis
1849 1203 1984 1239 dicitur.
2024 1206 2109 1239 Nam
2147 1206 2249 1239 etiam
2284 1206 2344 1249 qui

1283 1268 1410 1302 malum
1437 1268 1537 1302 finem
1561 1268 1624 1302 sibi
1657 1271 1846 1312 proponunt
1872 1279 1993 1313 resque
2015 1272 2108 1304 recta
2131 1280 2170 1304 eo
2196 1271 2340 1305 ferentes

1282 1334 1476 1377 inquirunt,
1493 1334 1558 1368 rite
1585 1334 1771 1368 deliberant
1797 1349 1806 1369 z
1835 1337 1955 1379 estque
1978 1336 2143 1379 ejusmodi
2167 1336 2343 1370 consilium

1282 1398 1413 1429 rectum
1435 1410 1443 1430 :
1472 1396 1532 1430 sed
1553 1398 1588 1430 et
1610 1397 1670 1440 qui
1689 1397 1814 1431 bonum
1844 1397 1982 1441 quidem
2010 1399 2074 1433 sibi
2097 1399 2196 1433 finem
2222 1409 2343 1443 propo-

1282 1465 1387 1506 nunt,
1405 1464 1439 1496 et
1459 1462 1502 1495 ad
1524 1459 1602 1496 eum
1615 1463 1758 1497 tendunt
1771 1491 1778 1502 ,
1798 1474 1907 1508 neque
1932 1467 2045 1498 tamen
2065 1475 2143 1508 quac
2159 1475 2198 1498 eo
2212 1465 2339 1498 ducunt

1281 1528 1431 1562 omnium
1454 1529 1600 1562 maxime
1621 1532 1794 1572 quaerunt,
1826 1530 1885 1563 sed
1911 1530 1995 1571 alia,
2024 1534 2062 1563 ut
2088 1531 2148 1574 qui
2173 1540 2215 1565 ex
2248 1530 2342 1565 falsis

1280 1593 1559 1636 propositionibus
1582 1596 1641 1627 aut
1668 1604 1733 1627 non
1749 1595 1945 1628 necessariis
1960 1605 2074 1629 veram
2097 1597 2342 1631 conclusionem

1281 1655 1455 1689 efficiunt:
1474 1656 1576 1689 etiam
1592 1656 1647 1697 hi,
1670 1657 1829 1701 inquam,
1858 1658 1893 1691 in
1916 1658 1959 1691 iis
1983 1667 2061 1701 quae
2086 1659 2129 1692 ad
2152 1660 2251 1694 finem
2276 1660 2342 1694 du-

1279 1720 1361 1751 cunt
1374 1745 1382 1757 ,
1409 1718 1581 1761 labuntur,
1597 1729 1716 1753 verum
1737 1720 1817 1763 quia
1845 1720 1888 1754 ad
1913 1720 2039 1754 bonum
2056 1721 2211 1756 feruntur
2226 1723 2336 1762 finem,

1279 1781 1362 1815 bene
1383 1780 1571 1815 deliberant
1596 1785 1724 1825 :atque
1749 1783 1912 1829 ejusmodi
1929 1784 2104 1818 consilium
2126 1788 2256 1819 rectum
2276 1789 2338 1819 est.

1321 1846 1372 1880 Ad
1406 1847 1480 1880 haec
1512 1846 1599 1879 bona
1628 1846 1828 1880 consultatio
1855 1849 1985 1881 rectum
2017 1857 2121 1890 genus
2148 1851 2217 1888 est,
2247 1850 2339 1892 quod

1278 1905 1379 1938 etiam
1394 1905 1526 1948 proprie
1542 1907 1672 1939 rectum
1695 1905 1871 1939 consilium
1893 1909 2050 1945 vocatur,
2066 1916 2134 1949 quo
2150 1907 2192 1939 ad
2216 1907 2339 1940 bonum

1278 1965 1377 1998 linem
1394 1965 1581 2005 tendimus,
1601 1967 1634 1998 et
1655 1965 1781 2008 quibus
1803 1965 1904 1999 rebus
1918 1965 2076 2000 facillime
2101 1968 2202 2009 atque
2215 1967 2340 2010 optime

1277 2025 1348 2058 voti
1378 2016 1643 2069 compotes'fieri
1663 2035 1838 2068 queamus,
1857 2025 2065 2068 dispicimus.

1319 2083 1485 2117 Nimirum
1518 2085 1605 2119 bona
1634 2085 1837 2119 consultatio
1868 2095 1930 2118 nec
1965 2086 2112 2128 primum
2132 2088 2184 2119 est
2209 2089 2339 2120 rectum

1277 2141 1401 2174 genus,
1433 2141 1495 2165 nec
1523 2132 1707 2166 secundum
1733 2144 1740 2165 :
1765 2133 1932 2176 siquidem
1963 2134 2110 2176 primum
2138 2136 2189 2168 est
2211 2135 2338 2168 malum

1277 2180 1470 2219 consilium,
1501 2179 1589 2213 bona
1624 2189 1704 2213 vero
1730 2181 1932 2214 consultatio
1965 2181 2090 2215 bonum
2122 2194 2130 2214 z
2165 2183 2230 2215 hoc
2249 2183 2338 2216 enim

1276 2227 1386 2269 ipsum
1413 2237 1534 2261 nomen
1565 2228 1744 2270 significat,
1768 2232 1807 2261 ut
1833 2239 1893 2271 pro
1921 2229 2008 2261 bono
2033 2231 2173 2263 consilio
2200 2231 2339 2274 accipia-

1276 2277 1334 2308 tur
1356 2288 1364 2308 :
1391 2276 1577 2309 secundum
1607 2285 1688 2309 vero
1722 2279 1850 2310 rectum
1884 2286 1988 2319 genus
2019 2277 2054 2310 id
2079 2278 2219 2321 quidem
2246 2279 2337 2322 quod

1275 2325 1407 2365 oportet
1428 2323 1568 2366 quaerit‚
1590 2323 1625 2357 id
1642 2333 1722 2356 vero
1750 2334 1818 2367 quo
1838 2324 1873 2358 id
1903 2325 2061 2368 consequi
2077 2328 2250 2369 oporteat,
2270 2336 2337 2359 non

1275 2371 1375 2412 item,
1397 2381 1507 2414 neque
1522 2374 1613 2405 recte
1630 2372 1672 2405 de
1699 2372 1742 2405 iis
1761 2382 1839 2415 quae
1863 2373 1906 2406 ad
1929 2375 2029 2406 linem
2049 2374 2193 2407 tendunt
2212 2374 2339 2408 delibe-

1274 2421 1346 2458 rat,
1364 2419 1398 2452 in
1414 2419 1538 2462 quibus
1556 2422 1667 2453 tamen
1681 2446 1688 2460 ‚
1703 2420 1990 2463 quemadmodum
2009 2422 2140 2455 dictum
2157 2425 2209 2455 est
2225 2449 2231 2461 ,
2256 2432 2336 2456 con-

1274 2466 1386 2499 silium
1424 2468 1579 2499 versatur
1610 2479 1618 2498 ι
1644 2466 1759 2509 itaque
1779 2469 1948 2510 quatenus
1979 2467 2023 2501 ad
2049 2468 2174 2502 bonum
2213 2467 2331 2508 fertur,

1274 2516 1363 2547 recte
1382 2513 1491 2546 fertur
1518 2527 1527 2546 ι
1553 2515 1720 2556 quatenus
1743 2524 1823 2548 vero
1845 2525 1910 2548 non
1934 2525 1992 2558 per
2009 2525 2047 2549 ea
2069 2525 2147 2559 quae
2165 2516 2208 2550 ad
2235 2517 2334 2550 finem

1274 2562 1441 2605 pertinent
1470 2560 1588 2600 fertur,
1617 2571 1683 2594 non
1708 2564 1798 2595 recte
1839 2561 1947 2595 fertur
1971 2576 1979 2596 z
2005 2573 2110 2607 quare
2140 2564 2334 2607 hujusmodi

1272 2613 1402 2644 rectum
1419 2619 1521 2652 genus
1536 2619 1601 2643 non
1625 2610 1688 2643 erit
1708 2610 1793 2643 bona
1825 2611 2037 2645 consultatio.

1313 2660 1481 2691 Praeterea
1508 2667 1568 2691 nec
1600 2657 1685 2691 illud
1713 2658 1803 2701 quod
1836 2659 1933 2701 longo
1967 2662 2026 2692 aut
2057 2659 2203 2702 longiore
2228 2671 2333 2704 quam

1272 2706 1405 2746 oportet
1427 2705 1576 2746 tempore
1607 2703 1739 2746 capitur
1779 2703 1976 2743 consilium,
2010 2703 2098 2739 bona
2123 2708 2174 2739 est
2200 2707 2333 2762 consul·

1272 2749 1365 2782 tatio.

1312 2799 1464 2839 Namque
1485 2805 1524 2829 ea
1548 2795 1686 2829 demum
1706 2795 1834 2829 consilii
1854 2795 1984 2830 bonitas
2013 2796 2099 2830 bona
2124 2798 2329 2832 consultatio

1272 2844 1340 2880 est,
1369 2851 1447 2884 quae
1471 2841 1514 2874 ad
1541 2841 1724 2875 utilitatem
1756 2843 1903 2884 spectat.
1926 2844 1960 2875 et
1990 2843 2126 2885 quidem
2155 2852 2260 2885 quum
2289 2843 2331 2877 de

1270 2886 1393 2930 quibus
1411 2888 1566 2930 oportet,
1584 2889 1618 2920 et
1642 2886 1927 2930 quemadmodum
1948 2890 2078 2931 oportet
2092 2889 2127 2922 et
2151 2896 2255 2930 quam
2270 2885 2330 2919 diu

1268 2933 1411 2973 oportet,
1433 2931 1668 2965 deliberamus.

1310 2983 1424 3020 Quum
1451 2991 1531 3016 vero
1547 2982 1623 3016 finis
1649 2982 1704 3016 vel
1732 2982 1929 3016 universalis
1962 2983 2006 3017 sit
2033 2985 2067 3016 et
2092 2982 2249 3021 ultimus,
2274 2982 2327 3015 vel

1268 3041 1445 3084 singularIs
1457 3068 1465 3083 ‚
1484 3044 1586 3086 atque
1611 3042 1752 3077 ultimus
1777 3043 1933 3087 quidem,
1951 3043 1993 3077 ad
2010 3052 2112 3087 quem
2133 3043 2245 3083 omnis,
2262 3042 2326 3075 hu-

1650 3103 1827 3146 singularis
1855 3113 1954 3143 vero,
1977 3103 2021 3137 ad
2042 3112 2143 3147 quem
2168 3102 2323 3146 quoedam

1267 3223 1404 3257 sultatio
1434 3234 1442 3256 ε
1469 3224 1534 3258 alia
1572 3223 1661 3258 enim
1697 3224 1897 3258 universalis
1931 3226 2002 3263 est,
2036 3226 2166 3256 rectum
2198 3222 2323 3255 scilicet

1298 3337 1353 3356 ***
1381 3338 1463 3371 Ἀλλ’
1479 3338 1547 3372 ἔστι
1571 3341 1627 3372 καὶ
1642 3339 1758 3373 τούτου
1771 3362 1781 3380 ‚
1801 3339 1870 3372 κτλ.
1889 3355 1930 3362 -
1948 3337 2029 3357 *⁴⁴*
2051 3337 2125 3370 Ἔτι
2140 3337 2206 3369 ἐστὶ
2221 3336 2320 3369 πολὺν
