2508 3776
655 99 957 143 ETHlCORUM
987 101 1443 143 NlCOMACHEORUM
1471 101 1856 145 PARAPHRASIS.

169 184 255 249 δὴν
252 186 372 233 ἱκανὸν
393 187 530 239 ἡγεῖται
558 187 600 226 τὸ
628 189 869 242 ἐνδεχόμενον,
902 191 1062 244 καθάπερ
1086 206 1146 230 και
1177 191 1218 230 τὸ

168 233 371 299 wotene<
402 246 569 300 καὶπρὸς
590 254 700 300 γονεῖς
729 248 802 302 ἔχει
828 249 1050 291 δίκαιον.οἱ
1077 250 1141 302 μὲν
1161 245 1220 290 ουν

167 304 368 361 ’ωἲξῑφίλοις
396 308 623 359 χαριζόμενοι
645 310 690 348 δι’
713 307 839 354 αὐτους
859 310 951 349 οὕτω
971 315 1138 364 μετροῦσι
1158 310 1221 359 τὴν

151 355 267 412 &ev
288 366 357 404 τῶν
380 366 557 416 ἀμοιὸων.

186 434 210 452 ““·
220 422 298 464 *Οἱ
311 423 348 463 δὲ
361 424 420 464 ἐπί
434 441 518 475 τινι,
535 425 558 474 ἢ
573 427 631 466 διὰ
642 429 839 479 χρήσιμον,
856 426 879 474 ἢ
898 427 954 466 διὰ
970 428 1111 477 ἡδονήν,
1129 428 1222 468 οὕτω

165 476 315 539 ᾆῖὶβουσι
333 484 394 524 και
414 484 588 539 λήψονται
605 486 668 534 τὴν
688 487 892 537 ἀμοιὸήν,“
874 503 921 531 ως
941 488 1153 541 ἀμφοτέροις
1168 490 1220 528 δο-

165 557 220 583 κιι
203 542 328 590 “ἅξιον
341 537 446 586 εἶναι.
462 545 570 586 Οὕτω
579 545 674 599 γὰρ
657 562 700 585 αν
708 545 844 598 γένοιτο
860 546 1020 598 καθαρὰν
1037 548 1219 598 ἐγκλημά-

163 618 235 643 των
249 602 314 653 τὴν
327 606 508 645 κοινωνίαν
525 605 702 662 γενέσθαι.
720 607 764 645 Εἰ
782 605 818 644 δὲ
834 605 884 656 μὴ
899 605 1089 656 συμὸαίνει
1103 611 1218 654 τοῦτο,

165 664 257 715 μηδὲ
287 663 454 704 δύνανται
483 664 546 704 καὶ
574 665 682 719 ἄμφω
718 664 847 718 κρίνειν
875 664 938 712 τὴν
966 666 1217 718 προσήκουσαν

164 721 332 774 ἂμοιὸήν,
354 722 478 771 ἀλλὰῆ
497 727 516 764 ὁ
533 725 647 777 ἕτερος
665 724 769 776 μόνον
783 722 830 771 ,ἢ
850 723 1053 776 μηδέτερος,
1076 725 1216 776 ἀνάγκη

161 780 256 827 κατὰ
279 780 343 828 τὴν
369 782 482 836 κρίσιν
512 787 574 822 τοῦ
607 783 796 836 δεχομένου
823 781 886 826 τὰς
919 783 1118 836 εὐεργεσίας
1155 783 1219 829 τὰς

162 839 315 891 ὀμοιΰὰς
329 839 498 893 γίνεσθαι.
516 841 560 880 Εἰ
575 840 643 895 γὰρ
660 844 678 880 ὁ
693 842 757 893 μὲν
781 841 857 879 ἀντὶ
870 841 1042 881 τοσούτων
1059 847 1217 882 τοσαῦτα

125 939 137 949 ,
161 898 294 940 διδόναι
313 900 501 953 βούλεσθαι
517 900 635 954 λέγοι,
655 904 673 940 ὁ
694 902 730 941 δὲ
755 903 812 941 ἐπὶ
842 902 974 948 τούτοις
996 903 1146 957 παρέχοι
1165 918 1176 928 ·
1198 907 1217 943 ὁ

55 951 81 1010 s.
105 958 122 988 -”
160 959 245 1011 μέν,
277 958 300 999 ἃ
331 962 452 1000 δοῦναι
486 962 666 1010 συνέθετο,
700 961 826 1012 δώσει,
871 961 931 1000 καὶ
963 962 1153 1017 ἀμείψεται
1192 964 1214 1011 ἢ

159 1018 307 1068 ἡδονήν,
329 1018 353 1067 ἢ
372 1019 484 1068 ἄλλην
504 1020 582 1060 τινὰ
614 1021 786 1075 ὠφέλειαν
810 1022 1013 1069 ἀποδιδούς,
1042 1025 1061 1061 ὁ
1089 1022 1125 1062 δὲ
1153 1026 1216 1062 οὐκ

123 1078 127 1085 ’
158 1077 364 1131 ἐγκαλέσει,
382 1079 504 1119 λαὸὼν
531 1080 554 1119 ἃ
573 1081 695 1120 λαὸεῖν
716 1081 850 1134 ἔκρινεν
874 1081 967 1127 ἄξιον
988 1075 1088 1122 εἶναι·
1113 1086 1215 1123 τοῦτο

159 1137 197 1176 δὲ
213 1140 252 1178 οὗ
270 1139 376 1190 μόνον
398 1140 590 1192 ἀναγκαῖόν
607 1143 686 1182 ἐστι
700 1173 710 1189 ,
730 1141 790 1180 καὶ
807 1141 868 1189 τὴν
891 1142 1076 1182 κοινωνίαν
1100 1145 1214 1182 ἀπαλ-

157 1196 279 1236 λάττει
301 1199 523 1252 πραγμάτων
536 1229 548 1248 ,
569 1200 662 1239 ἀλλὰ
682 1202 743 1240 καὶ
764 1201 912 1242 δίκαιον.
940 1203 982 1241 Εἰ
1004 1202 1072 1255 γάρ
1090 1218 1143 1246 τις
1163 1196 1212 1242 ὧν

158 1257 323 1309 βούλεται
340 1258 441 1312 τύχοι
454 1289 465 1307 ,
486 1261 550 1298 οὒκ
569 1260 744 1299 ἀδικεῖται
762 1275 770 1284 ·
790 1259 848 1298 διὰ
878 1265 982 1300 τοῦτο
1006 1262 1065 1300 καὶ
1084 1263 1118 1301 ἐν
1142 1265 1212 1305 τοῖς

155 1315 271 1360 ὠνίοις
302 1316 396 1357 οὕτω
426 1319 586 1372 φαίνεται
621 1319 830 1372 γινόμενον·
865 1323 883 1359 ὁ
917 1321 985 1374 γὰρ
1018 1321 1213 1372 ὠνούμενος

153 1374 276 1415 τάττει
299 1376 364 1424 τὴν
383 1377 507 1450 τιμήν,
540 1378 602 1418 καὶ
636 1386 754 1432 μετρεῖ
767 1383 818 1441 τῇ
849 1382 972 1420 ἑαυτοῦ
1002 1382 1073 1435 ὠφε
1059 1381 1166 1436 .λεία,
1188 1382 1211 1431 ἢ

153 1436 212 1489 τῇ
217 1435 348 1490 ἢδονῇ,
369 1438 430 1476 καὶ
451 1436 616 1477 τοσούτου
640 1438 733 1485 ἄξιον
755 1442 844 1478 εἶναι
863 1440 957 1491 λέγει
979 1441 1017 1480 τὸ
1034 1441 1210 1489 ζητούμε-

153 1509 212 1534 νον
227 1492 344 1535 ὤνιον.
371 1497 443 1536 Καὶ
462 1496 567 1549 νόμος
595 1497 631 1536 δὲ
653 1498 751 1572 παρά
778 1514 848 1537 τισι
875 1505 989 1538 κεῖται
1022 1503 1091 1539 τῶν
1113 1503 1211 1540 ἑκου-

154 1553 239 1602 σίων
259 1554 488 1608 συμὸολαίων
511 1555 609 1602 δίκας
631 1551 736 1608 μὴ
703 1572 809 1606 ειναι,
843 1558 932 1608 μηδὲ
963 1561 1076 1607 ζητεῖν
1112 1561 1203 1598 δίκα·

153 1610 240 1662 στὴν
256 1611 372 1668 ἕτερον
388 1617 424 1654 ἐν
445 1621 520 1660 ταῖς
541 1615 719 1660 τοιαύταις
740 1616 955 1664 κοινωνίαις,
974 1617 1063 1668 μηδὲ
1086 1619 1210 1668 νόμους

151 1672 315 1728 ἑτέρους,
338 1674 418 1714 ἀλλ’
445 1669 475 1730 ῳ
494 1691 546 1721 τις
567 1676 773 1724 ἐπίστευσε,
806 1677 865 1715 καὶ
887 1678 1119 1725 κεκοινώνηκε
1140 1681 1209 1717 τῶν

153 1735 285 1784 αὒτοῧ,
303 1734 365 1774 καὶ
389 1740 467 1780 ταῖς
499 1736 686 1785 συνθηκαις
716 1736 968 1790 χρησάμενον,
993 1738 1207 1777 διαλύεσθαι.

151 1794 377 1847 Δικαιότερον
395 1794 466 1848 γὰρ
495 1794 626 1835 οἴονται
654 1796 781 1849 κρίνειν
814 1796 872 1835 τὸν
908 1797 1146 1850 ἐπιτραπέντα
1175 1798 1208 1844 ἐξ

151 1855 264 1909 ἀρχῆς
279 1853 383 1899 τάξαι
399 1853 462 1902 τὴν
483 1854 636 1905 ἀμοιὸήν
650 1886 661 1905 ,
691 1858 712 1903 ἢ
739 1856 798 1894 τὸν
817 1855 1053 1909 ἐπιτρέψαντα
1076 1871 1084 1879 ·
1106 1859 1125 1895 ὁ
1145 1857 1208 1909 μὲν

147 1910 218 1967 γὰρ
249 1913 438 1968 ἐπιτρέψας
465 1917 516 1966 τῷ
548 1914 727 1969 δεχομένῳ
767 1915 984 1969 ψηφίσεται·
1021 1916 1102 1969 περὶ
1138 1919 1207 1956 τῶν

150 1970 276 2025 ἑαυτοῦ
297 1972 334 2012 δὲ
350 1973 462 2018 οὗδεὶς
486 1973 685 2019 ἀξιόπιστός
716 1977 790 2013 ἐστι
811 1976 944 2026 κριτής.
974 1974 1037 2020 Ὡς
1060 1974 1128 2030 γὰρ
1149 1977 1207 2016 ἐπὶ

147 2032 368 2075 τὸπλεῖστον
399 2033 445 2072 τὰ
475 2034 613 2082 οἰκεῖα,
635 2036 695 2074 καὶ
715 2034 738 2072 ἃ
768 2034 908 2073 δίδωσιν
930 2035 1097 2085 ἕκαστος,
1123 2040 1207 2077 πολ-

149 2092 255 2133 λοῧ”
231 2092 311 2139 αξιοι
330 2092 492 2142 νομίζει·
515 2095 534 2131 ὁ
554 2093 590 2132 δὲ
618 2093 823 2145 ἐπιτραπεις
846 2093 947 2139 τάξαι
968 2095 1030 2141 τὴν
1050 2096 1203 2145 ἀμοιὸὴν

147 2145 236 2193 ὧν
215 2152 358 2207 οέχεται
377 2155 605 2211 εὐεργεσιῶν,
636 2151 736 2192 ἐὰν’
717 2168 860 2205 υστερον
891 2155 1089 2206 πράγματα
1108 2157 1204 2194 αὐτι)

146 2210 289 2269 παρέχῃ
309 2213 329 2252 ὅ
343 2213 558 2261 κοινωνήσας
580 2214 648 2250 τῶν
670 2214 793 2251 ἑαυτου
817 2215 862 2256 ὡς
886 2214 947 2252 οὔκ
985 2214 1086 2259 ἀξίως
1103 2217 1204 2290 ἀμειν

147 2271 316 2326 ψαμένω,
341 2271 488 2312 δύναται
513 2271 640 2335 κρίνειν
662 2274 792 2326 ὀρθῶς,
816 2273 1039 2324 χρησάμενος
1073 2280 1149 2319 ταῖς
1169 2274 1204 2320 ἐξ

147 2333 262 2387 ἀρχῆς
280 2332 488 2381 συνθήκαις,
508 2332 550 2377 ἃς
581 2326 680 2376 οὗτός
717 2348 755 2371 τε
793 2333 1056 2383 διωμολόγησε,
1086 2336 1203 2374 κάκεῖ-

145 2390 236 2438 νοςᾶ
267 2391 450 2432 συνέθετο·
472 2393 512 2431 οὔ
544 2391 613 2445 γὰρ
646 2392 730 2432 ὅσου
765 2395 825 2431 νῦν
847 2391 927 2438 ἄξια
956 2393 1086 2444 νομίζει
1114 2394 1205 2446 μετὰ

145 2451 188 2492 τὸ
215 2451 359 2501 λαθεῖν,
381 2455 539 2492 τοσαῦτα
561 2451 728 2505 παρέξει,
754 2451 834 2491 ἀλλ’
854 2452 943 2492 ὅσων
967 2453 1072 2505 ἐτίμα
1094 2453 1204 2505 μήπω

145 2511 280 2553 λαὸών.

200 2569 370 2625 (Scripsi
397 2586 406 2610 :
442 2575 459 2595 ⁸
495 2572 630 2616 Μισθὸς
664 2573 694 2610 δ’
727 2572 825 2625 ἀνδρὶ
855 2572 974 2625 ἄρκιος
1004 2573 1082 2626 εἴη]
1117 2589 1204 2613 cum

146 2631 266 2680 codd3
285 2645 425 2672 versus
448 2633 599 2683 integer
629 2632 788 2672 Hesiodi
809 2642 868 2671 est
892 2633 966 2685 Op.
991 2643 1032 2672 et
1052 2635 1100 2674 D.
1127 2636 1203 2674 368

147 2690 269 2742 μισθὸς
285 2691 314 2730 δ’
332 2691 430 2744 ἄνδρὶ
460 2691 551 2745 φίλῳ
582 2691 762 2744 εἰρημένος
796 2693 913 2743 ἄρκιος
929 2692 1034 2733 ἔστω.
1053 2717 1106 2723 -
1120 2693 1136 2717 b
1154 2693 1204 2745 οἳ]

146 2750 236 2791 cod.
255 2751 301 2790 οἱ.
323 2773 378 2780 -
396 2754 412 2774 ‘²
445 2751 631 2803 τάργύριον
652 2750 658 2804 l
695 2752 815 2802 vulgo
838 2752 874 2790 τ’
896 2752 1076 2806 ἀργύριον.
1098 2776 1152 2784 -
1186 2752 1204 2777 ‘¹

145 2804 328 2867 κάκεῖνος]
352 2811 472 2862 vulgo
491 2810 667 2864 κᾴκεῖνος.
687 2809 766 2863 -)

580 2936 668 2985 Κεφ.
703 2934 751 2986 γ’.

479 3048 561 3082 Τίνα
581 3049 662 3081 τίσιν
677 3049 863 3083 ἀποδοτέον.

198 3150 233 3167 **
254 3150 325 3191 Καὶ
344 3153 457 3190 ταῦτα
477 3149 540 3200 μὲν
555 3151 601 3195 εἷς
623 3154 801 3191 τοσοῦτον.
826 3151 1007 3200 Ζητητέον
1021 3152 1056 3190 δὲ
1078 3154 1197 3192 κάκεῖ-

145 3226 185 3252 νο
201 3215 239 3234 ·⁸
257 3211 403 3264 πότερον
424 3210 495 3255 τοῖς
527 3210 754 3262 τιμιωτάτοις
784 3210 846 3249 καὶ
868 3210 1049 3264 φιλτάτοις
1082 3212 1199 3252 πάντα

2253 107 2339 149 519

1282 189 1443 223 rationem
1461 200 1563 232 quam
1582 193 1743 233 proestare
1759 191 1905 234 quisque
1923 194 2053 235 potest,
2075 191 2230 226 sufficere
2248 194 2339 227 arbi-

1282 251 1401 287 tratur,
1417 249 1504 282 sicut
1520 250 1604 283 illud
1617 250 1710 294 quod
1730 250 1765 284 in
1783 251 1864 284 deos
1882 253 1917 285 et
1937 251 1973 284 in
1990 254 2146 295 parentes
2165 253 2260 286 nobis
2280 254 2338 295 J'us

1280 314 1341 345 est.
1367 312 1434 350 Qui
1449 322 1527 355 ergo
1542 312 1659 346 amicis
1675 315 1811 356 propter
1836 313 1925 356 ipsos
1950 313 2190 355 gratificantur,
2218 313 2264 347 ita
2289 324 2338 347 rc-

1280 371 1568 405 munerationibus
1581 372 1711 415 justum
1727 372 1872 415 pretium
1896 374 2062 405 statuunt.

1323 431 1390 471 Qui
1408 440 1489 464 vero
1505 434 1641 474 propter
1659 431 1805 474 aliquid,
1817 432 1889 465 sive
1907 434 2042 475 propter
2059 433 2334 473 emolumenturn,

1281 491 1351 524 sive
1360 490 1590 524 delectationis
1606 501 1707 525 causa
1718 492 1781 525 hoc
1788 490 1926 530 faciunt,
1940 492 1990 524 ita
1998 491 2127 526 dabunt
2139 503 2337 527 remunera-

1280 550 1404 584 tionem
1433 552 1466 583 et
1486 551 1662 594 accipient,
1678 554 1716 584 ut
1734 553 1876 592 uterque
1894 560 2030 594 aequum
2048 561 2120 585 esse
2145 553 2329 589 existimat.

1278 610 1332 645 Sic
1350 610 1437 643 enim
1459 611 1650 654 contingat,
1678 614 1717 644 ut
1740 621 1824 654 pura
1847 611 1889 644 ab
1909 611 2068 645 omnibus
2095 613 2242 655 querelis
2264 612 2338 647 esti-

1279 668 1387 702 ciatur
1411 669 1561 702 societas.
1593 669 1691 708 Quod
1713 669 1741 702 si
1771 679 1836 703 non
1864 670 2013 709 eveniat,
2041 680 2150 713 neque
2175 673 2272 705 ambo
2296 673 2338 706 de

1278 727 1392 762 debita
1404 729 1672 762 remuneratione
1685 729 1838 771 Judicare
1854 732 1997 773 queant,
2015 730 2073 764 sed
2089 733 2150 764 aut
2167 732 2250 765 alter
2263 735 2339 766 tan-

1279 790 1368 827 tum,
1391 790 1449 821 aut
1478 791 1615 827 neuter,
1639 798 1772 822 necesse
1790 792 1840 822 ost
1865 789 1907 822 de
1926 791 2089 823 sententia
2112 791 2184 834 ejus
2201 792 2260 834 qui
2278 792 2339 825 be-

1278 849 1398 882 neficia
1416 850 1552 892 accepit,
1570 851 1871 884 remunerationem
1897 852 2066 886 constitui.
2095 853 2128 887 Si
2146 853 2234 886 enim
2252 854 2337 887 alter

1277 920 1337 952 pro
1353 912 1404 943 tot
1422 911 1591 953 tantisque
1611 920 1687 953 quae
1707 911 1846 953 accipiat
1877 911 2062 951 beneficiis,
2095 915 2145 946 tot
2174 916 2334 957 tantaque

1278 971 1417 1004 reddere
1440 980 1475 1004 se
1499 971 1584 1004 velle
1607 971 1815 1013 polliceatur,
1844 972 1930 1005 alter
1949 982 2029 1006 vero
2055 974 2119 1006 hac
2147 974 2336 1008 conditione

1277 1031 1349 1063 haec
1375 1030 1406 1063 ei
1418 1029 1546 1063 tribuat
1568 1041 1575 1062 :
1604 1030 1689 1062 alter
1706 1030 1843 1073 quidem
1869 1041 1946 1074 quae
1970 1032 2130 1065 daturum
2153 1043 2190 1066 se
2209 1034 2337 1076 promi-

1277 1092 1366 1122 serat
1388 1089 1493 1127 dabit,
1519 1091 1552 1121 et
1573 1089 1733 1122 beneficia
1746 1091 1806 1122 aut
1826 1091 2015 1133 voluptate,
2037 1094 2096 1124 aut
2114 1093 2177 1126 alia
2190 1093 2336 1135 quadam

1277 1150 1421 1182 utilitate
1440 1149 1719 1188 remunerabitur,
1745 1150 1831 1183 alter
1850 1160 1930 1183 vero
1947 1161 2024 1184 cum
2041 1162 2080 1184 eo
2101 1163 2165 1185 non
2184 1156 2338 1195 expostu-

1276 1209 1377 1247 labit,
1400 1211 1516 1252 utpote
1538 1209 1598 1251 qui
1616 1210 1780 1251 acceperit
1802 1219 1878 1252 quae
1907 1210 2020 1244 deberi
2036 1221 2096 1253 pro
2114 1212 2154 1245 iis
2167 1212 2229 1245 sibi
2246 1213 2339 1255 judi-

1277 1269 1372 1302 cabat
1393 1280 1400 1301 ε
1418 1269 1482 1302 hoc
1504 1270 1616 1302 autem
1638 1279 1703 1302 non
1720 1269 1829 1302 solum
1856 1270 2078 1304 necessarium
2102 1274 2170 1312 est,
2199 1274 2231 1306 et
2248 1274 2338 1306 omni

1275 1328 1429 1361 molestia
1460 1328 1641 1361 humanam
1679 1329 1922 1362 consortionem
1962 1330 2101 1371 liberat,
2143 1331 2201 1365 sed
2238 1333 2337 1366 etiam

1271 1388 1413 1431 justum.
1433 1388 1469 1421 Si
1490 1388 1567 1431 quis
1589 1389 1677 1421 enim
1706 1398 1782 1431 quae
1812 1389 1895 1422 velit
1915 1393 2160 1433 consequatur,
2191 1392 2221 1424 is
2247 1393 2336 1427 nulla

1275 1446 1421 1480 afficitur
1454 1446 1575 1489 injuria
1608 1459 1616 1478 :
1640 1446 1783 1489 ideoque
1811 1447 1899 1480 etin
1926 1448 2154 1482 mercimoniis
2175 1449 2238 1483 hoc
2268 1451 2337 1483 fieri

1275 1506 1455 1540 videmus:
1479 1506 1647 1549 siquidem
1675 1508 1783 1539 emtor
1801 1507 1947 1549 pretium
1977 1509 2117 1549 statuit,
2146 1518 2273 1552 suaque
2307 1510 2338 1542 i-

1274 1565 1368 1608 psius
1385 1567 1444 1598 aut
1459 1565 1607 1597 utilitate
1622 1566 1681 1597 aut
1700 1564 1873 1607 voluptate
1891 1575 1965 1599 rem
1983 1566 2075 1599 illam
2091 1566 2242 1606 metitur,
2258 1569 2333 1600 tan-

1275 1625 1369 1667 tique
1388 1633 1462 1658 esse
1481 1623 1563 1657 dicit
1575 1633 1720 1657 mercem
1732 1650 1740 1665 ,
1762 1633 1865 1666 quam
1880 1624 2031 1667 requirit.
2050 1625 2116 1658 Sed
2131 1625 2219 1666 leges
2235 1626 2336 1659 etiam

1274 1684 1363 1726 apud
1382 1683 1559 1716 nonnullos
1580 1685 1679 1723 sunt,
1711 1692 1789 1726 quae
1821 1686 2052 1717 contractuum
2072 1685 2335 1718 voluntariorum

1270 1743 1396 1786 judicia
1408 1745 1468 1776 aut
1485 1743 1632 1776 actiones
1648 1742 1721 1776 dari
1739 1745 1852 1776 vetent
1876 1744 2142 1788 prohibeantque
2154 1745 2335 1788 quominus

1274 1804 1359 1836 alius
1372 1803 1406 1836 in
1418 1803 1478 1836 tali
1486 1803 1618 1845 negotio
1628 1803 1733 1845 judex
1746 1803 1863 1836 aliaeve
1872 1802 1959 1844 leges
1971 1804 2177 1845 quaerantur,
2191 1803 2250 1836 sed
2260 1813 2337 1836 cum

1273 1872 1312 1896 eo
1333 1863 1388 1895 cui
1407 1862 1484 1905 quis
1502 1861 1666 1902 credidit,
1688 1863 1723 1895 et
1741 1870 1819 1894 cum
1835 1870 1904 1904 quo
1925 1871 1986 1894 sua
2001 1862 2277 1901 communicavit,
2296 1872 2337 1895 ex

1272 1924 1369 1964 pacto
1387 1921 1496 1955 decidi
1508 1922 1658 1964 jubeant.
1685 1922 1828 1955 censent
1846 1921 1933 1954 enim
1956 1921 2087 1963 aequius
2108 1930 2193 1962 esse,
2212 1923 2250 1954 ut
2267 1921 2334 1961 ille,

1272 1981 1327 2014 cui
1344 1983 1388 2017 ab
1410 1975 1506 2014 initio
1526 1981 1703 2014 commissa
1718 1991 1772 2015 res
1794 1983 1864 2019 est,
1886 1981 1928 2014 de
1958 1981 2225 2014 remuneratione
2245 1981 2336 2024 judi-

1271 2043 1334 2081 cet,
1350 2052 1453 2085 quam
1471 2042 1531 2086 qui
1549 2042 1716 2075 commisit
1733 2055 1741 2074 :
1760 2041 1918 2074 nimirum
1941 2041 2001 2084 qui
2028 2040 2194 2074 commisit
2218 2041 2247 2074 ei
2274 2041 2333 2084 qui

1272 2102 1398 2146 accepit
1418 2100 1658 2144 suffragabitur
1688 2115 1696 2134 :
1727 2104 1763 2134 at
1787 2110 1923 2134 suarum
1947 2110 2060 2133 rerum
2081 2110 2177 2133 nemo
2193 2100 2259 2133 fide
2278 2101 2331 2133 di·-

1270 2170 1354 2203 gnus
1370 2161 1554 2194 aestimator
1572 2164 1633 2195 est.
1652 2163 1736 2194 Nam
1748 2161 1947 2203 plerumque
1967 2169 2028 2192 sua
2041 2159 2184 2203 quisque
2202 2161 2236 2192 et
2254 2169 2331 2203 quae

1269 2221 1412 2264 quisque
1430 2221 1508 2262 dat,
1545 2222 1657 2264 magni
1683 2222 1853 2254 aestimare
1873 2221 1957 2254 solet
1979 2233 1986 2253 ε
2013 2220 2067 2253 cui
2095 2229 2174 2253 vero
2193 2219 2335 2262 permis-

1269 2291 1344 2314 sum
1359 2283 1430 2320 est,
1450 2283 1490 2315 ut
1500 2291 1615 2315 eorum
1639 2290 1717 2324 quoe
1736 2280 1860 2322 accepit
1886 2279 2121 2313 beneficiorum
2138 2288 2330 2313 remunera·

1270 2341 1394 2375 tionem
1426 2341 1628 2382 constituat,
1652 2341 1681 2374 si
1709 2343 1824 2384 postea
1852 2340 2042 2373 molestiam
2063 2339 2112 2372 illi
2138 2339 2330 2372 exhibuerit

1270 2410 1406 2434 suarum
1426 2410 1539 2434 rerum
1570 2400 1707 2442 largitor
1738 2401 1854 2442 utpote
1881 2399 2001 2432 merita
2022 2408 2087 2431 non
2116 2399 2198 2431 satis
2223 2398 2333 2440 dignis

1269 2458 1434 2494 beneficiis
1462 2460 1700 2503 compensanti,
1723 2462 1814 2493 recte
1842 2459 1994 2502 judicare
2017 2457 2140 2501 poterit
2164 2467 2206 2490 ex
2232 2459 2330 2500 pacto

1273 2519 1364 2562 quod
1380 2519 1476 2552 initio
1493 2518 1621 2552 factum
1638 2521 1689 2552 est
1707 2518 1866 2562 quodque
1890 2518 1978 2551 inter
1999 2517 2110 2560 ipsum
2131 2519 2164 2550 et
2186 2517 2330 2550 alterum

1268 2580 1421 2613 convenit
1443 2588 1451 2608 τ
1474 2589 1539 2612 non
1555 2579 1643 2612 enim
1659 2578 1776 2622 quanti
1797 2587 1884 2611 nunc
1899 2578 2045 2611 aestimat
2061 2577 2221 2611 beneficia
2237 2579 2330 2620 post-

1267 2650 1370 2683 quam
1391 2639 1530 2682 accepit,
1546 2640 1604 2672 sed
1620 2639 1738 2682 quanti
1751 2649 1789 2672 ea
1806 2638 1990 2672 {estimavit
2007 2638 2209 2681 priusquam
2229 2647 2329 2670 acce-

1267 2700 1388 2743 pisset,
1408 2702 1503 2733 tanto
1519 2708 1634 2733 eorum
1651 2699 1843 2742 largitorem
1858 2707 1997 2733 munere
2011 2697 2291 2733 remunerabitur.

1714 2944 1796 2986 Gap.
1820 2944 1881 2978 111.

1567 3056 1643 3090 Quae
1661 3055 1771 3092 quibus
1790 3055 1853 3086 sint
1863 3054 2035 3085 tribuenda.

1306 3162 1348 3194 Et
1364 3161 1437 3194 haec
1448 3159 1587 3204 quidem
1603 3160 1774 3194 hactenus.
1798 3163 1858 3194 Est
1881 3164 1994 3195 autem
2010 3163 2042 3194 et
2062 3162 2145 3194 illud
2165 3171 2320 3204 quaeren-

1263 3220 1366 3260 dum,
1388 3222 1505 3254 utrum
1532 3220 1612 3254 viris
1641 3221 1908 3255 honoratissimis
1937 3223 1971 3255 et
2001 3221 2181 3254 carissimis
2209 3221 2320 3255 omnia

186 3363 206 3385 ²²
220 3365 276 3405 Μὴ
291 3364 442 3403 τοιαύτης
460 3362 488 3397 δ’
503 3364 602 3403 οὔσης
619 3367 675 3403 τῆς
695 3363 839 3405 δόσεως,
857 3365 927 3396 κτλ.
951 3381 990 3387 -
1007 3364 1045 3383 *⁴
1061 3364 1139 3406 Cap.
1159 3368 1190 3397 2.
1215 3362 1363 3408 Ἀπορίαν
1385 3365 1413 3398 δ’
1434 3364 1503 3409 ἔχει
1527 3365 1581 3397 καὶ
1598 3365 1640 3398 τὰ
1655 3365 1768 3398 τοιάδε
1784 3389 1792 3407 ‚
1809 3366 1880 3399 κτλ.
